4032 6308
507 345 615 400 707

1620 331 1933 400 assium
1961 336 2008 394 ιι
2047 336 2149 400 cp.
2187 333 2671 411 unaunam.

3757 341 3875 398 708

585 466 759 534 Quod
783 482 928 524 vero
983 460 1464 522 benedicendum
1515 464 1572 530 et
1603 458 1982 524 adorandum
2011 458 2136 515 inte

2336 459 2454 514 Ὀτι
2489 458 2548 516 6“:
2576 464 2632 516 τὸ
2655 470 2747 518 τοῦ
2776 469 3013 538 Χριστοῦ
3046 465 3208 536 ὄνομα
3263 461 3557 534 σῦλογητὸν.
3604 461 3715 522 ἐστι
3774 468 3871 526 καὶ

515 573 728 613 omnes
756 560 956 626 gentes
985 553 1058 608 sit
1092 565 1315 608 nomen
1352 549 1580 616 Christi,
1609 553 1817 604 auctor
1849 547 2022 603 nobis
2073 552 2160 608 est

511 647 799 704 altisonus
830 644 1039 706 Isaias,
1069 657 1174 698 seu
1205 639 1301 696 ille
1327 639 1550 711 potius,
1581 637 1686 709 qui
1718 637 1877 692 Isaiae
1904 636 2158 709 prophe-

511 738 627 792 tica
645 732 956 804 inspiravit
985 729 1250 793 oracula,
1281 728 1364 784 sic
1393 726 1640 784 omnino
1673 730 1874 797 aperte
1894 741 2156 797 pronun-

509 825 664 882 tians
688 841 700 874 :
739 821 1043 878 Vocabitur
1066 820 1249 875 servis
1279 818 1418 873 meis
1439 831 1654 872 nomen
1675 830 1917 877 novum,
1945 817 2049 886 qui
2068 817 2156 871 be-

509 913 813 970 nedicetur
823 910 885 964 in
901 906 1428 977 terra;laudabunt
1443 907 1598 961 enim
1613 906 1797 960 Deum
1812 902 2150 974 verum(33).

507 1000 766 1073 Populus
789 999 948 1052 enim
975 997 1075 1052 Dei
1099 1011 1220 1051 non
1253 993 1512 1065 amplius
1543 992 1726 1048 Jacob
1755 991 2151 1064 (appellatur),

505 1106 628 1146 non
650 1087 914 1160 amplius
946 1085 1174 1156 Joseph
1199 1089 1303 1140 aut
1333 1081 1633 1154 Ephraim;
1675 1085 1873 1136 vetera
1934 1079 2034 1143 illa
2098 1084 2155 1138 et

505 1178 776 1237 obsoleta
789 1182 926 1232 sunt
937 1174 1184 1230 nomina
1213 1172 1316 1227 sed
1332 1187 1490 1226 novo
1504 1175 1750 1226 vocatur
1762 1169 2004 1224 nomine
2017 1171 2152 1239 (36),

505 1268 793 1342 quoniam
827 1271 884 1320 et
941 1266 1361 1319 testamentum
1411 1275 1623 1316 novum
1686 1264 1794 1322 est,
1849 1263 1908 1313 et
1959 1273 2154 1312 novus

502 1357 787 1431 populus.
821 1353 1140 1420 Quodnam
1171 1364 1312 1404 vero
1346 1348 1502 1403 istud
1528 1347 1555 1399 ‘P
1586 1346 1975 1412 Christianus,
2007 1353 2063 1401 et
2117 1361 2154 1405 a

502 1448 733 1504 Christo
762 1446 877 1501 hoc
901 1442 1146 1498 nomine
1199 1438 1676 1507 cognominatus,
1727 1452 1864 1490 vere
1928 1451 2151 1500 nomen

502 1553 680 1594 suum
711 1533 877 1603 gerit.
910 1531 1262 1599 Quicunque
1299 1531 1499 1581 autem
1527 1523 1827 1580 benedicit
1855 1540 2013 1588 eum,
2047 1523 2151 1595 qui

501 1640 636 1680 vere
663 1622 907 1678 nomine
935 1634 1042 1674 suo
1074 1617 1156 1671 sic
1212 1613 1564 1687 appellatur,
1617 1615 1711 1683 (eo
1759 1612 1911 1684 ipso)
1962 1615 2148 1668 Deum

499 1729 709 1770 verum
732 1707 1047 1770 benedicit,
1082 1705 1304 1761 scilicet
1319 1703 1634 1766 Christum,
1669 1717 1706 1756 a
1729 1717 1852 1774 quo
1873 1701 2149 1758 Christia-

499 1817 617 1858 nus
646 1813 869 1856 nomen
881 1796 1138 1852 sortitur.
1775 1843 1778 1846 ,

569 1897 692 1959 Age
717 1891 941 1960 itaque,
971 1890 1027 1940 et
1061 1883 1274 1940 exinde
1310 1886 1400 1937 sta
1438 1897 1696 1947 mecum,
1756 1884 1935 1951 atque
1963 1879 2147 1936 ambo

499 1979 676 2036 simul
717 1978 1010 2034 Christum
1046 1989 1252 2028 verum
1307 1975 1492 2026 Deum
1549 1969 1906 2033 adoremus;
1958 1975 2016 2024 et
2054 1969 2146 2024 tac

494 2069 814 2126 nobiscum
846 2063 1098 2132 signeris
1129 2062 1244 2131 (57)
1274 2059 1500 2114 lumine
1528 2057 1902 2112 vultusillius
1921 2058 2146 2113 acnovi

493 2155 852 2216 Testamenti
877 2154 1188 2224 sanguine,
1223 2150 1427 2220 sicque
1457 2147 1668 2204 mortis
1727 2151 2029 2202 auctorem
2090 2153 2146 2202 et

493 2247 878 2306 tenebrarum
907 2242 1240 2316 principem
1271 2237 1541 2306 effugias.

564 2339 761 2392 XXVII.
791 2338 862 2388 At
897 2331 1186 2402 scriptum
1223 2332 1331 2396 est,
1366 2325 1575 2397 inquit,
1607 2323 1774 2396 quod
1817 2325 2057 2386 Orietur
2079 2323 2142 2378 in

493 2427 695 2482 diebus
711 2421 1082 2493 ejusjustitia
1095 2425 1146 2474 et
1169 2422 1221 2473 et
1240 2415 1614 2470 abundantia
1628 2415 1790 2481 pacis
1804 2415 1934 2480 (38).
1950 2413 2144 2468 Ethoc

491 2514 804 2571 oraculum
833 2508 1098 2582 profecto
1127 2505 1411 2562 Salomon
1436 2502 1718 2574 operibus
1742 2501 2029 2572 implevit,
2055 2507 2142 2557 ut-

491 2609 629 2677 pote
657 2603 762 2674 qui
789 2597 1161 2672 sapientibus
1183 2593 1477 2664 rectisque
1494 2590 1736 2662 judiciis
1768 2590 1897 2646 lites
1926 2589 2140 2648 direm-

490 2692 692 2765 pserit,
720 2695 777 2746 et
795 2689 1083 2745 irruentes
1104 2685 1308 2742 hostes
1334 2698 1442 2755 per
1471 2681 1783 2737 circuitum
1829 2680 1944 2736 sibi
1996 2680 2138 2736 sub-

485 2799 644 2926 18(ῗῖ
646 2786 820 2937 ltero,
875 2861 1208 2938 quomodo,
1251 2875 1287 2916 o
1339 2858 1623 2930 sacrilege
1688 2857 1923 2914 tacuisti
1973 2857 2139 2930 quod

489 2960 754 3032 sequitur
786 2958 813 3012 ?
845 2952 1182 3021 Quomodo,
1221 2949 1305 3004 ﬁli
1334 2947 1666 3014 ministerii,
1706 2946 1871 3018 quod
1927 2949 2137 3004 merito

487 3050 648 3106 nocti
673 3048 1073 3118 comparatur,
1107 3044 1315 3096 lunam
1346 3035 1714 3094 abscondisti
1757 3041 1822 3091 ut
1893 3036 2134 3092 thesau-

485 3155 620 3194 rum
650 3135 917 3193 veritatis
945 3130 1225 3188 sutfurari
1255 3143 1465 3200 posses
1493 3125 1848 3190 ?Quodnam
1863 3141 2005 3181 vero
2020 3124 2135 3180 hoc

2267 556 2625 623 προσκυνητόν
2703 552 2751 605 ἐν
2843 559 2978 606 πᾶσι
3057 559 3167 614 τοῖς
3247 554 3466 618 ἔθνεσιν,
3523 555 3710 624 ἔχομεν
3775 558 3868 608 τὸν⁴

2263 638 2480 691 Ἠσαίαν
2533 647 2821 714 συνήγορον
2874 641 3377 713 μεγαλοφωνότατον,
3423 640 3614 712 μᾶλλον
3662 637 3721 693 δε
3772 646 3865 694 τὸν

2263 727 2402 798 αὐτῷ
2452 731 2519 780 τά
2578 737 2672 791 τῆς
2724 735 3040 802 προφητείας
3100 727 3475 802 ἐμπνεύσαντα,
3528 735 3617 781 καὶ
3665 733 3863 782 οὑτωσὶ

2263 812 2560 892 διαρρήδην
2639 818 3029 890 ἀποφηνάμενον
3088 840 3100 852 ·
3165 825 3288 880 Τοῖς
3363 815 3673 872 δουλεύουσί
3767 839 3859 890 μοι

2259 905 2581 963 κληθήσεται
2657 912 2816 978 ὄνομα
2895 911 3092 976 καινὸν,
3177 907 3204 958 ὃ
3284 907 3689 978 εὐλογηθήσεται
3771 907 3860 962 ἐπὶ

2258 1001 2353 1056 τῆς
2401 1003 2502 1064 γῆς
2531 1017 2543 1027 ·
2611 995 2958 1066 εὐλογησονσι
3019 998 3121 1070 γὰρ
3179 999 3266 1048 τὸν
3333 999 3460 1050 Θεὸν
3524 1000 3612 1048 τὸν
3679 995 3858 1054 ἀληθι-

2259 1086 2368 1140 νόν.
2422 1084 2531 1136 Οὐκ
2583 1087 2660 1136 ἔτι
2711 1087 2810 1156 γὰρ
2864 1092 2956 1138 τοῦ
3010 1092 3142 1140 Θεοῦ
3193 1084 3311 1145 λαὸς
3372 1083 3578 1151 Ἰακὼϐ,
3635 1085 3730 1137 οὐκ
3781 1088 3860 1137 ἔτι

2259 1172 2454 1243 Ἰωσὴφ
2484 1177 2575 1225 καὶ
2597 1173 2845 1245 Ἐφραίμ,
2883 1175 2948 1226 τὰ
2973 1173 3172 1226 παλαιὰ
3219 1181 3389 1226 ταῦτα
3437 1179 3526 1226 καὶ
3585 1177 3861 1231 σεσηπότα

2259 1261 2488 1333 ὀνόματα
2525 1282 2538 1294 ο
2573 1260 2701 1313 ἀλλὰ
2733 1266 2908 1314 καινόν
2931 1266 3109 1334 ὄνομα,
3147 1261 3253 1315 ἐπεί
3288 1266 3378 1314 καὶ
3405 1267 3557 1320 καινή
3617 1265 3858 1321 Διαθήκη

2258 1355 2348 1402 καὶ
2380 1354 2558 1411 καινὸς
2595 1350 2740 1412 λαὸς.
2819 1356 2919 1404 Καὶ
2956 1357 3102 1402 ποῖον
3153 1359 3345 1417 Tauro;
3399 1355 3468 1406 Τὸ
3516 1356 3857 1424 Χριστιανός,

2258 1443 2347 1490 καὶ
2377 1440 2531 1490 ὸάπὸ
2591 1447 2829 1513 Χριστοῦ
2886 1445 3351 1512 παρωνομασμένος
3409 1439 3622 1512 ὀνόματι
3687 1444 3860 1510 τοὺτῳ

2258 1534 2648 1600 φερωνυμεῐται.
2719 1533 2820 1581 Καὶ
2871 1529 2896 1579 ὁ
2946 1531 3033 1580 τὸν
3086 1528 3219 1580 οὕτω
3277 1532 3728 1601 φερωνυμούμενον
3782 1528 3861 1581 ευ-

2253 1614 2418 1688 λογών
2477 1617 2675 1688 εὐλογεῖ
2726 1621 2814 1669 τὸν
2874 1622 3002 1671 Θεὸν
3055 1620 3142 1670 τὸν
3196 1616 3458 1686 ἀληθινὸν,
3515 1618 3655 1670 τοῦτ’
3741 1621 3861 1672 ἔστι

2255 1710 2508 1780 Χριστὸν,
2540 1705 2625 1778 ἀφ’
2661 1707 2721 1758 οὗ
2751 1709 2778 1759 ὁ
2817 1711 3130 1780 Χριστιανὸς
3162 1711 3597 1782 παρωνόμασται.

2325 1883 2469 1956 Δεῦρ’
2498 1886 2591 1950 ῖθι,
2627 1889 2718 1935 καὶ
2749 1886 2908 1944 στῆθι
2957 1884 3133 1954 λοιπὸν
3185 1884 3297 1955 μετ’
3331 1884 3479 1955 ἐμοῦ,
3544 1889 3636 1937 καὶ
3695 1904 3861 1960 ηροσ-

2253 1979 2556 2044 κυνὴσωμεν
2614 1976 2768 2045 ἄμφω
2824 1977 3054 2048 Χριστὸν
3111 1978 3196 2026 τὸν
3234 1973 3472 2032 ἀληθινὸν
3529 1978 3659 2028 Θεὸν
3691 1996 3703 2006 ·
3765 1980 3862 2028 καὶ.

2256 2064 2581 2134 σημειώθητι
2609 2062 2720 2131 μεθ’
2778 2065 2923 2135 ἡμῶν
2973 2071 3046 2133 τῷ
3101 2069 3228 2135 φωτί
3261 2071 3353 2114 τοῦ
3411 2069 3698 2136 προσώπου
3759 2065 3860 2115 αύ-

2251 2159 2363 2217 τοῦ,
2395 2157 2485 2202 καὶ
2511 2160 2581 2221 τῷ
2611 2153 2796 2224 αἵματι
2830 2159 2923 2213 τῆς
2949 2156 3065 2212 νέας
3121 2153 3401 2218 Διαθήκης,
3461 2158 3553 2206 καὶ
3589 2148 3863 2224 διαφύγῃς

2250 2243 2338 2292 τὸν
2373 2240 2706 2313 ὀλεθρεύοντα
2733 2246 2822 2292 καί
2851 2248 2940 2292 τοῦ
2971 2246 3189 2302 σκότους
3218 2245 3304 2292 τὸν
3343 2243 3598 2312 ἄρχοντα.

2325 2328 2440 2384 ΚΖ.
2497 2328 2650 2381 Ἀλλὰ
2701 2334 3010 2405 γέγραπται,
3088 2334 3268 2402 φησίν,
3357 2333 3422 2390 ὡς
3494 2327 3728 2383 ἀνατελεί
3808 2330 3858 2382 ἐν

2248 2426 2361 2480 ταῖς
2416 2421 2632 2491 ἡμέραις
2709 2419 2872 2470 αὐτοῦ
2946 2416 3256 2476 δικαιοσύνη
3311 2423 3402 2472 καὶ
3457 2417 3650 2479 πλῆθος
3714 2420 3858 2493 εἰρη-

2247 2527 2361 2568 νης.
2395 2513 2495 2559 Καί
2541 2506 2623 2559 ἐπί
2653 2515 2752 2559 τῶν
2809 2510 2965 2580 ῖργων
3022 2509 3047 2559 ὁ
3107 2507 3339 2580 Σολομὼν
3392 2511 3480 2559 τὸν
3531 2507 3683 2577 λόγὸν
3737 2507 3860 2559 ἐκύ-

2247 2615 2403 2670 ρωσε,
2442 2603 2625 2668 σοφαῖς
2679 2592 3007 2658 εὖθυὸικίαις
3087 2599 3179 2657 τὰς
3233 2592 3524 2657 ἀντιδικίας
3591 2592 3857 2658 διαλύσας

2247 2689 2337 2735 καί
2405 2692 2504 2735 τῶν
2600 2683 2772 2754 κύκλῳ
2893 2686 3348 2756 συνεπιτιθεμένων
3429 2687 3855 2760 κατακυριεύσας

2247 2771 2471 2844 ἐχθρῶν.

2318 2860 2473 2912 Ἀλλὰ
2515 2869 2645 2927 πῶς,
2684 2860 2935 2936 ἱερόσυλε,
2965 2864 3023 2913 τὸ
3068 2861 3185 2924 ἑξῆς
3237 2862 3647 2936 ὑπεκράτησαςξ
3706 2868 3850 2930 Πῶς,

2245 2945 2284 2999 ὦ
2324 2952 2402 3001 υἱὲ
2452 2957 2542 3009 τῆς
2597 2954 2746 3002 νυκτί
2805 2954 3244 3022 παρωμοιωμένης
3297 2949 3557 3021 λατρείας,
3615 2954 3712 3008 τὴν
3770 2970 3853 3004 σε-

2243 3037 2400 3096 λὴνην
2470 3037 2796 3111 ὑπ’έκρυψας³
2874 3040 2957 3090 ἱνα
3015 3037 3313 3111 suum“
3363 3042 3422 3090 τὸ
3510 3047 3706 3112 χρῆμα
3759 3048 3855 3100 τῆς

2243 3125 2524 3194 ἀληθείας
2578 3132 2679 3179 Καί
2733 3132 2786 3178 τί
2846 3131 2904 3178 τὸ
2983 3126 3185 3201 κλέμμα
3235 3131 3376 3194 ;Τὸ,
3441 3128 3534 3187 ἕως
3595 3128 3658 3178 οὗ
3725 3126 3854 3180 ἀντ-

911 3235 1156 3292 nempe:
1187 3189 1373 3273 cio-nec
1399 3189 1720 3284 auferatur
1732 3215 1900 3270 tuna.
1917 3216 2133 3270 Verum

2255 3217 2484 3289 κναιρεθῇ
2541 3217 2570 3273 ἡ
2639 3214 3060 3287 σελήνη.”ομως
3094 3215 3370 3274 ἀπανιήσω
3429 3235 3523 3268 σου
3570 3219 3702 3288 μετὰ
3756 3225 3851 3269 τοῦ

484 3335 624 3374 cum
687 3314 915 3370 lumine
981 3307 1244 3364 veritatis
1317 3303 1794 3360 dubitationibus
1848 3303 1966 3360 tuis
2039 3319 2134 3358 oc-

481 3420 720 3462 curram
729 3445 743 3459 .

555 3493 853 3563 Scriptum
875 3492 966 3543 est
989 3491 1152 3558 (nam
1202 3489 1260 3538 et
1310 3498 1421 3554 ego
1455 3480 1794 3537 consimilia
1843 3479 2128 3552 quaedam

479 3584 584 3640 tibi
611 3580 892 3648 narrabo)
912 3575 1076 3648 quod
1101 3573 1420 3629 Suscitavit
1443 3572 1731 3626 Dominus
1759 3575 1931 3625 satan
1952 3570 2128 3626 Sala-

480 3673 640 3727 moni
663 3669 829 3724 Ader
857 3667 1209 3728 Idumaeum,
1252 3666 1303 3716 et
1335 3661 1544 3714 Esrom
1575 3666 1629 3714 et
1658 3660 2040 3723 Barameeth,
2073 3665 2127 3714 et

480 3761 872 3825 Andraezer;
903 3761 954 3810 et
983 3755 1384 3809 convenerunt
1411 3749 1699 3804 adversus
1727 3763 1859 3804 eum
1880 3767 1902 3812 ;
1922 3755 1973 3803 et
1997 3755 2127 3804 erat

478 3853 606 3908 dua:
634 3847 895 3920 agminis
923 3849 975 3899 et
1004 3840 1316 3909 occupavit
1337 3840 1658 3892 Damasec:
1685 3843 1929 3907 eratque
1954 3842 2127 3892 satan

481 3941 694 3997 [sraeti
719 3936 947 3992 cunctis
977 3931 1180 3988 diebus
1209 3927 1543 3983 Salomonis
1565 3927 1697 3995 (39).
1734 3927 1913 3981 Satan
1948 3941 2127 3997 porro

476 4030 618 4085 dicit
640 4027 736 4083 hic
762 4026 996 4082 hostem
1027 4025 1082 4075 et
1109 4020 1611 4090 oppugnatorem.

549 4207 662 4262 Sed
690 4205 890 4260 dicam
921 4200 1026 4256 tibi
1047 4198 1225 4254 etiam
1257 4193 1581 4265 dejustitia
1604 4193 1964 4260 Salomonis,
2022 4210 2127 4250 seu

476 4297 675 4370 potius
706 4308 829 4348 non
851 4305 982 4359 ego,
1015 4287 1122 4342 sed
1155 4288 1493 4353 Regnorum
1520 4282 1670 4336 liber
1698 4283 1813 4337 ista
1838 4289 2077 4338 enarrat
2111 4300 2122 4336 :

474 4389 552 4443 Et
583 4386 813 4440 locutus
839 4385 921 4436 est
945 4377 1198 4448 populus
1211 4373 1293 4429 ad
1313 4387 1504 4441 regem
1521 4371 1799 4437 Roboam,
1832 4372 2122 4429 dicentes:

475 4480 654 4533 Pater
683 4479 819 4528 tuus
833 4466 1106 4523 durissim
1115 4480 1214 4518 um
1221 4465 1441 4532 jugum
1462 4463 1738 4529 imposuit
1752 4462 1919 4516 nobis
1934 4464 2126 4533 (pater

475 4569 678 4621 autem
713 4557 986 4613 Roboam
1006 4553 1116 4608 fuit
1144 4550 1470 4617 Salomon).
1502 4551 1586 4604 Tu
1619 4552 1822 4621 itaque
1841 4566 1999 4606 nunc
2017 4553 2122 4608 im-

472 4657 676 4710 minue
701 4645 1021 4719 paululum
1051 4641 1123 4697 de
1146 4640 1393 4708 imperio
1401 4638 1700 4706 patristui
1721 4638 2036 4694 durissimo
2065 4646 2120 4696 et

471 4741 822 4816 gravissimo
833 4737 1006 4805 jugo,
1047 4729 1205 4802 quod
1221 4731 1345 4796 ipse
1365 4727 1641 4816 imposuit
1657 4727 1824 4782 nobis
1837 4729 1974 4816 (40).
1998 4734 2038 4783 Α
2051 4744 2116 4783 u-

470 4815 642 4890 disne
670 4820 1460 4900 gratiarumactiones,quas
1475 4815 1756 4872 Salomon
1787 4815 1996 4888 recipit
2008 4833 2117 4889 pro

471 4939 582 4980 sua
609 4934 752 4990 erga
784 4913 1068 4988 populum
1089 4907 1314 4980 justitia
1339 4907 1366 4962 ?
1395 4906 1558 4961 Adeo
1584 4911 1649 4961 ut
1672 4905 1808 4978 ipsa
1871 4923 2118 4979 quoque

469 5011 677 5087 populi
702 5004 954 5064 defectio
975 5000 1054 5056 ad
1106 4996 1460 5063 Samariam,
1528 5001 1584 5051 et
1604 4994 1684 5050 ad
1733 4995 1950 5050 vitulos
2005 4997 2116 5068 (42)

541 5172 650 5240 (35)
682 5172 794 5240 lsa.
825 5179 951 5240 Lux.
989 5164 1050 5215 15
1069 5173 1191 5240 sec.
1225 5157 1388 5222 LXX;
1433 5170 1577 5211 nam
1605 5155 1903 5240 ‘Vulgatus
1969 5155 2116 5240 Lati-

467 5228 583 5300 nus
615 5228 798 5313 paulo
824 5236 990 5313 aliter
1006 5251 1042 5313 _:_
1058 5234 1276 5313 Servos
1289 5243 1426 5282 suos
1447 5228 1677 5313 vpcabit
1702 5228 2081 5313 agminealio
2096 5241 2118 5295 ,·

467 5298 532 5370 iu
561 5298 676 5383 quo
703 5310 806 5381 qui
835 5305 1171 5362 benedictus
1192 5298 2118 5368 estsuperterram,benedicetur

467 5403 530 5440 ιη
569 5387 708 5447 Deo,
739 5393 932 5435 amen.

536 5454 650 5525 (36)
674 5449 892 5507 Referri
921 5448 1038 5503 huc
1066 5445 1323 5516 possunt
1353 5455 1490 5514 qum
1515 5438 1796 5508 leguntur
1842 5439 1952 5494 lsa.
1983 5454 2115 5509 1.xu,

461 5531 514 5600 2,
548 5529 634 5582 l2.
1658 5555 1668 5563 -

536 5597 646 5670 (37)
678 5590 833 5670 ljsal.
853 5605 930 5654 ιν,
955 5592 1011 5641 ’7.
1043 5661 1076 5670 _

535 5661 651 5743 (38)
681 5662 834 5722 Psal.
863 5673 1012 5727 Lm,
1043 5661 1099 5711 7.

2239 3314 2301 3366 τῆ
2315 3326 2336 3366 ς
2361 3305 2603 3366 ἀληθείας
2624 3309 2788 3377 φωτὸς
2820 3312 2926 3367 τοῖς
2945 3304 3304 3379 προϐλήμασι.

2312 3489 2625 3557 Γέγραπται,
2657 3481 2804 3554 κάγὼ
2841 3485 2942 3557 γὰρ
2975 3502 3060 3534 σοι
3101 3484 3169 3534 τὰ
3197 3486 3290 3534 ῑσα
3319 3480 3438 3556 ἐρῶ,
3491 3484 3573 3534 ὅτι
3631 3481 3847 3557 Ἦγειρε

2240 3576 2430 3647 Κύριος
2482 3575 2642 3623 σατὰν
2711 3581 2784 3642 τῷ
2845 3571 3086 3644 Σαλομὼν
3145 3576 3232 3623 τὸν
3304 3568 3464 3646 ⁴ᾼὸερ
3532 3575 3619 3623 τὸν
3672 3569 3846 3625 Ἰδου-

2237 3670 2407 3734 μαῐον,
2442 3665 2532 3712 καί
2558 3664 2644 3712 τὸν
2697 3660 2927 3735 Ἑσρώμ,
2960 3666 3050 3712 καί
3107 3665 3193 3711 τὸν
3249 3663 3536 3734 Βαραμεεθ,
3597 3666 3690 3713 καί
3752 3666 3842 3714 τὸν

2239 3747 2546 3823 Ἀνδραέξερ
2617 3771 2629 3782 ·
2687 3756 2776 3801 καί
2839 3751 3295 3824 συνηθροίσθησαν
3348 3748 3425 3800 ἐπ’
3505 3749 3648 3820 αὐτῷ
3696 3771 3712 3782 ’
3751 3755 3847 3802 καί

2238 3837 2297 3910 ᾖν
2398 3842 2579 3914 ἄρχων

2235 3934 2329 3986 τὴν
2383 3933 2626 3998 Δαμασέκ
2673 3971 2688 3984 .

2233 4022 2322 4079 τὰς
2393 4021 2588 4092 ἡμέρας
2661 4019 2922 4091 Σαλομών.
2980 4021 3144 4070 Σατὰν
3210 4014 3268 4070 δὲ
3317 4022 3402 4070 τὸν
3492 4017 3847 4085 ἀντικείμενον

2700 3844 3116 3911 συστρέμματος,
3225 3843 3316 3890 καί
3427 3837 3846 3912 προκατελαϐετο

2740 3933 2829 3980 καί
2897 3924 2956 3986 ἦν
3052 3931 3211 3994 σατάν
3271 3936 3343 3998 τῷ
3395 3927 3609 4000 Ἰσραὴλ
3663 3931 3850 3990 πάσας

2236 4127 2367 4179 φησι
2391 4114 2479 4158 καί
2503 4108 2765 4180 πολέμιον.

2309 4197 2439 4270 Ἐρῶ
2476 4193 2533 4248 δὲ
2572 4215 2656 4247 σοι
2685 4201 2776 4248 καί
2817 4200 2937 4268 περί
2994 4205 3086 4256 τῆς
3143 4193 3482 4256 δικαιοσύνης
3536 4204 3628 4248 τοῦ
3687 4197 3847 4250 Σαλο-

2235 4293 2342 4358 μών
2401 4307 2412 4318 ·
2471 4285 2661 4358 μᾶλλον
2716 4282 2774 4336 δὲ
2823 4285 2918 4336 οὐκ
2981 4285 3099 4356 ἐγὼ,
3154 4283 3263 4336 ἀλλ’
3318 4287 3348 4343 ἡ
3409 4305 3508 4336 των
3553 4286 3842 4338 Βασιλειών

2237 4373 2418 4447 βίϐλος
2477 4395 2489 4407 ·
2543 4378 2643 4426 Καί
2691 4371 2933 4431 ἐλάλησεν
2991 4375 3016 4426 ὁ
3072 4373 3196 4435 λαὸς
3275 4377 3408 4446 πρὸς
3464 4377 3548 4426 τὸν
3607 4373 3844 4448 βασιλέα

2913 4462 2972 4516 Ὀ
3039 4469 3212 4535 πατὴρ
3297 4483 3391 4516 σου
3472 4462 3688 4538 ἐϐάρυνε
3749 4469 3838 4517 τόν

2562 4461 2790 4534 λέγοντες
2843 4481 2856 4494 ·

2233 4462 2478 4536 Ῥοϐοάμ,

2159 4544 2200 4597 D
2232 4553 2402 4606 κλοιὸν
2432 4555 2576 4625 ἡμῶν
2609 4567 2623 4582 ·
2657 4557 2830 4626 πατὴρ
2890 4549 2949 4604 δὲ
3007 4559 3100 4604 τοῦ
3145 4551 3366 4624 Ῥοϐοάμ.
3415 4552 3673 4625 Σολομὼν.
3734 4559 3840 4607 Καί

2233 4647 2297 4695 σὺ
2347 4650 2436 4694 νῦν
2501 4644 2748 4714 κούφισον
2807 4640 2910 4693 ἀπὸ
2972 4649 3066 4702 τῆς
3147 4638 3388 4703 δουλείας
3457 4649 3551 4692 τοῦ
3628 4648 3836 4716 πατρὸς

2232 4751 2326 4783 σου
2397 4739 2493 4793 τῆς
2543 4729 2790 4804 σκληρᾶς,
2842 4735 2932 4781 καί
2987 4728 3089 4782 ἀπὸ
3148 4737 3240 4781 τοῦ
3296 4729 3472 4782 κλοιοῦ
3525 4730 3691 4783 αὐτοῦ
3740 4739 3835 4783 τοῦ

2230 4817 2438 4891 βαρέος,
2522 4818 2581 4870 οὗ
2653 4814 2840 4870 ἔδωκεν
2919 4819 3063 4888 ἡμῖν.
3142 4817 3374 4879 Ἀκούεις
3446 4825 3543 4880 τῆς
3612 4818 3836 4894 εὐχαρι-

2228 4913 2380 4970 στίας
2405 4907 2542 4979 (41),
2587 4907 2646 4966 ἧς
2671 4907 3070 4979 εὐχαριστείται
3105 4907 3131 4956 ὁ
3184 4906 3418 4978 Σολομὼν
3469 4907 3706 4980 περὶτῆς
3761 4909 3835 4970 εἰς

2225 4999 2312 5048 τὸν
2336 4995 2456 5048 λαὸν
2487 4995 2649 5047 αὐτοῦ
2679 4991 3024 5056 δικαιοσύνης
3055 5011 3069 5061 ;
3093 5000 3116 5015 "
3143 5001 3282 5047 Ωστε
3319 4999 3410 5047 καὶ
3439 4997 3470 5052 ἡ
3523 4993 3848 5050 ἀποστασία-

2324 5161 2390 5214 39
2441 5157 2510 5211 Ill
2536 5158 2676 5226 Reg.
2708 5172 2785 5220 rx,
2822 5159 2904 5223 14,
2934 5171 3049 5211 sec.
3079 5157 3217 5212 LXX
3253 5156 3616 5224 versionem,
3640 5173 3679 5213 a
3703 5173 3834 5226 qua

2225 5227 2402 5283 valde
2416 5227 2511 5283 hic
2526 5227 2985 5300 diﬂertYulgata
3011 5228 3216 5300 Latina
3230 5227 3404 5300 ,adeo
3427 5234 3490 5284 ut
3507 5227 3827 5297 nonnulla,

2225 5315 2363 5422 quae
2390 5299 2552 5371 apud
2583 5301 2709 5353 LXX
2729 5299 2845 5354 hoc
2875 5299 2945 5353 14
2992 5299 3286 5354 versiculo
3334 5304 3738 5366 continentur,
3768 5303 3831 5358 in

2275 5368 2475 5422 uluata
2501 5369 2778 5422 legantur
2805 5385 2895 5422 vv.
2929 5373 2996 5422 23
3028 5375 3085 5422 et
3107 5375 3195 5422 25.

2275 5368 2475 5437 ulgata
2501 5369 2778 5437 legantur
2805 5385 2895 5424 vv.
2929 5373 2996 5425 23
3028 5375 3085 5426 et
3107 5375 3195 5427 25.

2298 5443 2412 5512 (40)
2438 5443 2504 5495 Ill
2529 5443 2675 5512 Reg.
2714 5457 2810 5510 xu,
2836 5441 2927 5497 3-4
2950 5455 3063 5495 sec.
3097 5442 3248 5497 LXX.

2444 5511 2589 5586 99d
2606 5511 2995 5586 εὐχαριστείας.

2294 5581 2414 5653 (42)
2443 5581 2670 5638 νὶιυὶοε
2703 5581 2919 5638 aureos
2946 5583 3154 5638 auctor
3179 5581 3376 5640 innuit
3418 5596 3456 5640 a
3499 5583 3827 5648 Jeroboam

2223 5657 2472 5710 erectos.
2501 5653 2645 5710 Vide
2671 5653 2748 5712 Ill
2771 5656 2914 5724 Reg.
2945 5669 3040 5720 xu,
3065 5656 3249 5711 28-32.
3821 5665 3831 5670 '
