4032 6308
556 350 653 419 'm
1701 345 2017 420 GERMANI
2055 347 2103 418 1t
2143 360 2168 418 ί

2296 342 2780 421 mmmam
3827 347 3942 422 ἤιε

559 485 970 561 gratissimum
997 486 1116 543 Deo
1154 482 1534 557 sacriﬁcium,
1579 484 1748 559 quod
1793 485 1856 543 in
1905 485 2168 558 unigenit

2277 493 2398 545 ινεί
2456 494 2550 540 τοῦ
2591 486 2831 562 Ἀϐραὰμ
2887 484 3212 561 ἕμιμὴσαντο
3262 487 3313 540 οἱ
3375 493 3551 551 κακῶς
3611 490 3703 542 καὶ
3745 495 3938 562 φῦντες

560 576 816 634 Abrahae
845 574 1174 649 perfectum
1201 573 1413 646 fuerat,
1441 573 1655 631 imitati
1677 577 1818 631 sunt
1844 574 1938 632 isti
2001 591 2168 649 perpt

2321 580 2412 630 καὶ
2464 575 2834 652 ἆνατραφέντες
2866 574 2920 641 ἕξ
2967 575 3157 650 ὀσφύος
3210 575 3473 650 ’Δϐραάμ.
3539 580 3935 653 Προσὼχθισεν

556 683 690 725 ram
714 682 788 723 ex
815 665 1072 722 Abrahae
1095 663 1320 721 lumbis
1349 667 1408 720 et
1429 663 1727 737 progeniti
1760 668 1819 722 et
1858 666 2160 738 progressi

2321 662 2409 719 οὖν
2438 666 2465 719 ὁ
2506 670 2632 729 Θεὸς
2682 675 2745 741 τῇ
2814 672 2961 739 γενεᾷ
3007 664 3193 741 ἕκείνῃ,
3255 671 3347 719 καὶ
3382 664 3516 720 εἶπεν
3564 689 3579 701 ο
3632 667 3741 721 Ἀεὶ
3792 666 3932 721 πλα-

554 758 835 827 In/‘ensus
852 755 1041 826 igitur
1055 754 1179 825 fuit
1203 755 1361 811 Deus
1388 755 1769 825 generationi
1794 754 1926 811 huic
1953 761 2009 812 et
2029 755 2168 813 dixi

2318 763 2506 809 νῶνται
2560 764 2623 831 τῇ
2703 753 2928 834 καρδίᾳ.
3008 762 3116 820 Τῆς
3185 752 3238 809 δ’
3289 754 3491 819 ίθνικῆς
3554 762 3930 832 πανσπερμίας

548 846 794 918 Semper
822 845 888 902 hi
911 850 1120 902 errant
1149 843 1327 901 corde
1350 842 1484 915 (47).
1518 844 1810 901 Caeterum
1835 843 2168 901 ethnicorur

2315 850 2433 900 τότε
2458 846 2610 920 λόγος
2662 844 2854 909 οὐδείς.
2909 851 3009 902 Καὶ
3036 851 3141 921 μὴν
3169 850 3336 908 κοινὸς
3363 849 3390 900 ὁ
3447 850 3579 911 Θεὸς
3629 853 3723 901 καὶ
3783 847 3927 903 ἰου-

547 934 849 1009 permistaa
877 932 1274 992 multitudinis
1302 930 1470 991 nulla
1494 937 1635 990 tunc
1659 933 1811 991 ratio
1838 932 2047 992 habita
2083 933 2168 992 {ut

2317 931 2479 989 δαίων
2535 940 2625 990 καὶ
2671 935 2849 1006 ἐθνῶν,
2907 938 2978 1000 ὡς
3016 936 3250 999 πλάστης
3277 940 3368 990 καὶ
3432 933 3787 1013 δημιουργὸς,
3825 941 3922 991 καὶ

545 1028 658 1082 rat.
688 1026 752 1081 Et
771 1038 913 1081 vero
934 1022 1248 1080 cumidem
1273 1023 1430 1080 Deus
1454 1027 1601 1080 esset
1618 1022 1967 1080 Judzorum
1991 1026 2046 1081 et
2067 1038 2168 1094 gen

2312 1027 2493 1088 πάντες
2544 1029 2668 1100 ἔργα
2735 1034 2928 1103 χειρῶν
3012 1026 3191 1094 αὑτοῦ,
3255 1030 3345 1080 καὶ
3400 1029 3516 1080 οὔτε
3575 1031 3734 1099 νόμον
3810 1034 3924 1088 τοῖς

546 1115 696 1172 tium
726 1114 863 1185 (48),
893 1116 1101 1186 utpote
1131 1111 1473 1169 communis
1526 1116 1919 1186 utrorumque
1972 1115 2168 1170 creato

2313 1115 2507 1169 ἔθνεσιν
2558 1111 2768 1186 ἔδωκεν,
2821 1117 2939 1170 οὔτε
2982 1121 3252 1190 προφήτας
3302 1114 3652 1180 ἐξαπέστειλεν
3700 1115 3772 1177 εἰς
3818 1116 3921 1170 αύ-

545 1208 603 1261 et
621 1203 916 1271 conditor,
944 1207 1001 1259 et
1020 1218 1231 1260 omnes
1250 1216 1438 1275 opera
1459 1216 1755 1259 manuum
1783 1201 1913 1273 ejus
1964 1206 2197 1268 essent;

544 1297 608 1350 at
626 1292 908 1364 gentibus
922 1308 1118 1365 neque
1136 1290 1335 1363 legem
1354 1290 1681 1363 (scriptam)
1704 1289 1971 1359 dederat,
2002 1305 2199 1365 neque

541 1381 868 1456 prophetas
898 1380 976 1438 ad
1007 1397 1110 1438 eos
1135 1380 1402 1450 miserat,
1439 1395 1636 1453 neque
1662 1380 1721 1436 vi
1766 1379 2197 1438 miraculorum

544 1470 625 1528 ad
652 1486 719 1528 se
750 1469 1046 1528 attrahere
1070 1469 1203 1526 illos
1229 1468 1438 1526 voluit.
1499 1472 1759 1543 Equum
1820 1468 2000 1540 igitur
2040 1472 2196 1528 Deus

540 1560 790 1627 censuit,
828 1559 941 1616 hos
967 1573 1212 1632 quoque
1249 1562 1430 1632 atque
1458 1572 1666 1615 eorum
1696 1573 1792 1616 res
1815 1558 2195 1632 providentia

540 1666 652 1706 sua
678 1650 934 1717 visitare,
965 1653 1023 1705 et
1044 1647 1410 1723 experientia
1438 1647 1716 1722 probare,
1741 1663 1820 1706 an
1864 1654 2071 1720 gentes
2108 1649 2192 1707 di-

537 1738 688 1795 vinis
718 1738 1022 1795 mandatis
1052 1738 1453 1811 obsequentes
1484 1754 1550 1797 se
1578 1737 1933 1811 praeberent.
1963 1741 2031 1796 Et
2062 1756 2189 1797 rur-

2308 1208 2430 1267 τοὺς
2494 1208 2611 1259 οὔτε
2682 1212 2746 1279 τῇ
2801 1213 2901 1259 τῶν
2960 1206 3237 1278 θαυμάτων
3292 1202 3488 1280 ἀνάγκη
3539 1204 3793 1265 ἠθέλησεν
3839 1205 3919 1277 ἐφ’

2310 1293 2489 1349 ἑαυτὸν
2528 1297 2946 1350 ἐπισπάσασθαι.
3000 1291 3344 1349 Ἐδικαίωσεν
3407 1291 3496 1348 οὖν
3566 1301 3737 1366 σκοπῇ
3804 1293 3921 1347 ἔπι-

2310 1384 2610 1457 σκέψασθαι
2665 1389 2754 1438 καὶ
2808 1387 2876 1438 τὰ
2945 1386 3062 1439 κατ’
3139 1384 3343 1457 αύτούς,
3429 1388 3516 1437 καὶ
3589 1393 3788 1457 γνῶναι
3846 1391 3913 1457 τῇ

2304 1479 2479 1549 πείρᾳ,
2524 1474 2568 1527 εἰ
2630 1476 2904 1536 πειθηνίως
2966 1477 3082 1547 ἔχει
3133 1477 3200 1527 τὰ
3256 1476 3374 1533 ἔθνη
3439 1477 3570 1549 πρὸς
3652 1476 3721 1527 τὰ
3796 1475 3916 1527 θεῖα

2304 1562 2649 1637 κελεύσματα.
2748 1562 2887 1623 Πλὴν
2957 1569 3049 1617 καὶ
3127 1563 3280 1617 πάλιν
3385 1566 3719 1637 μνημονεύων
3812 1571 3916 1625 τῆς

2299 1656 2430 1728 πρὸς
2478 1656 2595 1715 τούς
2644 1655 2980 1729 πατριάρχας
3044 1651 3371 1726 ἕπαγγελίας,
3448 1657 3537 1705 καὶ
3593 1661 3689 1705 τοῦ
3747 1657 3913 1727 σπίρα

2297 1761 2463 1813 ματος
2531 1740 2773 1817 ’Δϐραὰμ
2826 1741 3247 1816 ἐπιλαμϐάνεται,
3307 1746 3398 1794 καὶ
3455 1748 3567 1803 τοῖς
3615 1737 3912 1804 Ἰουδαίοις

534 1844 639 1885 sus
667 1832 869 1885 tamen
893 1842 1128 1884 memor
1154 1827 1645 1901 promissionum,
1671 1827 1896 1901 quibus
1927 1844 1989 1885 se
2044 1844 2168 1901 erg:

2296 1828 2556 1903 ἐπιφοιτᾷ,
2624 1835 2714 1883 καὶ
2773 1832 2922 1883 ταῦτ²
2971 1826 3145 1899 εἰδὼς,
3217 1830 3282 1891 ὡς
3357 1830 3417 1883 ού
3492 1827 3907 1904 παραδέξονται.

530 1917 899 1991 patriarchas
919 1916 1339 1987 obstrinxerat,
1365 1920 1424 1974 et
1449 1932 1643 1975 semen
1669 1916 1932 1975 Abrahae
1955 1925 2185 1990 (appre-

531 2008 758 2079 hendit)
789 2008 922 2079 (49),
962 2011 1020 2063 et
1058 2006 1210 2064 inter
1281 2005 1519 2064 Iudaeos
1573 2011 1846 2064 versatus
1887 2012 1994 2080 est,
2046 2007 2185 2066 licet

2294 1919 2717 1995 Ἐνηνθρὼπησεν
2782 1941 2797 1955 ο
2879 1919 3033 1993 ἐφάνη
3094 1941 3107 1954 ι
3177 1918 3470 1994 ἀνθρώποις
3547 1922 3910 1995 συνανεστρά-

2292 2029 2359 2083 φη
2389 2031 2402 2044 ·
2437 2006 2747 2083 ποταμηδόν
2776 2013 2870 2073 τὰς
2934 2010 3228 2084 εὐεργεσίας
3266 2010 3428 2063 αὐτοῦ
3482 2008 3566 2063 ἐπὶ
3612 2015 3907 2084 πρόσωπον

526 2100 754 2161 nosset,
778 2112 841 2153 se
870 2095 948 2153 ab
979 2095 1092 2153 illis
1120 2094 1288 2154 haud
1312 2099 1619 2168 receptum
1665 2095 1755 2152 iri.
1812 2097 2035 2155 Factus
2092 2103 2168 2154 est

2287 2108 2382 2163 τῆς
2412 2096 2679 2161 Ἰουδαίας
2709 2099 2929 2173 ἐξέχεεν.
2988 2102 3054 2153 Οἱ
3079 2095 3157 2168 δί,
3212 2102 3277 2162 ὡς
3317 2101 3385 2152 τὰ
3420 2102 3646 2172 μέγιστα
3704 2095 3908 2159 ἠδικηο

521 2187 708 2245 homo
733 2204 746 2243 :
771 2186 1269 2260 conspiciendum
1295 2202 1357 2242 se
1372 2185 1648 2259 praebuit:
1673 2202 1805 2244 cum
1838 2186 2168 2245 hominibus

2286 2194 2451 2263 μένοι,
2503 2199 2576 2264 τῷ
2630 2192 2798 2265 φθόνῳ
2854 2190 3213 2265 ἔνεπυρίζοντο

3260 2211 3274 2224 ο
3325 2196 3414 2244 καὶ
3465 2198 3537 2261 τῷ
3584 2186 3772 2258 ὕδατι,
3834 2193 3908 2253 ὡς

521 2283 905 2335 conversatus
934 2282 1019 2334 est
1050 2276 1167 2349 (50)
1199 2293 1213 2343 ;
1241 2274 1536 2332 beneﬁcia
1564 2291 1677 2332 sua
1722 2275 1915 2333 instar
1968 2278 2168 2335 ﬂuenti

2285 2282 2433 2354 μύρῳ
2472 2283 2520 2333 οἱ
2558 2282 2827 2355 κάνθαροι,
2887 2280 3250 2353 ἀπεπνίγοντο.
3306 2276 3649 2357 Προῦδωκαν,
3692 2279 3902 2334 ἐσταύ-

520 2365 729 2423 eﬁ'udit
755 2365 817 2422 in
852 2364 1072 2423 Judreaa
1100 2363 1283 2421 totius
1301 2368 1648 2436 conspectu.
1679 2369 1783 2421 Ast
1839 2365 1942 2435 illi,
1999 2368 2168 2440 quasi

2283 2389 2478 2443 ρωσαν,
2536 2368 2867 2424 ἕθανατώσαν
2905 2374 2992 2423 τὸν
3048 2366 3185 2423 ἴδιον
3238 2370 3524 2445 εὐεργέτην.
3576 2376 3763 2423 Ταῦτα
3832 2372 3903 2422 τὰ

518 2455 942 2527 gravissimam
965 2455 1251 2526 injuriam
1270 2452 1455 2526 passi,
1483 2452 1668 2510 livore
1693 2453 1756 2510 in
1777 2469 1917 2512 eum
1938 2471 2173 2515 exarse-

513 2550 672 2613 runt,
700 2549 756 2601 et
784 2560 909 2601 non
939 2559 1113 2600 secus
1135 2558 1206 2601 ac
1225 2541 1513 2614 fragranti
1532 2546 1837 2613 unguento
1882 2544 2170 2603 scarabaei

515 2635 727 2708 solent,
761 2633 1123 2692 salutaribus
1154 2633 1330 2707 aquis
1377 2632 1650 2690 exstincti
1698 2638 1855 2690 sunt.
1898 2635 2171 2693 Tradide-

511 2729 669 2792 runt,
693 2722 1131 2790 cruciﬁxerunt,
1154 2722 1330 2780 morti
1353 2721 1715 2779 addixerunt
1733 2722 2167 2782 benefactorem

512 2828 714 2869 suum.
764 2812 901 2869 Haec
945 2810 1418 2883 longanimitatis
1464 2810 1706 2868 fuerunt
1773 2828 1787 2867 :
1844 2828 1981 2886 qum
2023 2830 2166 2873 vero

507 2902 837 2975 potestatis,
868 2917 900 2959 e
924 2901 1176 2958 mortuis
1204 2901 1464 2972 resurgit
1495 2918 1507 2957 :
1536 2916 1642 2973 per
1671 2901 1980 2973 apostolos
2024 2920 2164 2962 suos

507 2990 585 3049 ad
614 2997 818 3063 gentes
847 2990 1278 3062 transmigrat:
1320 2988 1645 3046 effunditur
1698 2990 1762 3046 in
1812 2990 2161 3049 universam

506 3085 724 3138 terram
746 3096 908 3154 aqua
929 3081 1153 3139 saliens
1182 3096 1245 3136 ιη
1294 3081 1479 3137 vitam
1531 3085 1814 3137 aeternam
1862 3082 1974 3151 (5t)
2036 3098 2050 3150 ;
2105 3086 2162 3139 et

2281 2466 2375 2521 τῆς
2406 2461 2806 2533 μακροθυμίας·
2847 2462 2912 2513 τὰ
2941 2456 3001 2513 δὲ
3045 2468 3142 2522 τῆς
3192 2457 3451 2526 ἐξουσίας,
3512 2456 3795 2512 ἀνίσταται
3842 2459 3898 2512 ἐκ

2278 2557 2467 2622 νεκρῶν
2501 2569 2514 2582 ·
2555 2548 2853 2621 μεταϐαίνει
2885 2545 2920 2602 δ
2926 2552 2979 2602 ιὰ
3006 2558 3106 2602 τῶν
3133 2547 3434 2603 ἀποστόλων
3464 2547 3548 2602 ἐπὶ
3579 2551 3646 2601 τὰ
3711 2551 3839 2609 ἔθνη
3876 2570 3892 2584 ο

2277 2645 2511 2691 κενουται
2570 2642 2696 2715 πρὸς
2767 2645 2943 2692 πᾶσαν
2999 2643 3092 2698 τὴν
3144 2639 3446 2712 οἰκουμένην
3502 2642 3560 2692 τὸ
3621 2638 3695 2701 εἰς
3743 2639 3895 2701 ζωήν

2275 2725 2479 2779 αἰώνιον
2549 2726 2825 2801 ἁλλόμονον
2882 2724 3026 2802 ὕδωρ
3069 2749 3082 2762 ·
3137 2730 3203 2781 τὰ
3242 2724 3301 2781 δὲ
3358 2730 3413 2781 ὃν
3464 2733 3655 2800 τρόπον
3702 2728 3893 2782 imm-

2276 2817 2411 2875 θεῖή
2471 2815 2655 2889 ἔλαφος
2684 2816 2767 2871 ἐπὶ
2822 2820 2911 2880 τὰς
2949 2820 3125 2891 πηγὰς
3178 2826 3279 2870 τῶν
3336 2813 3564 2887 ὑδάτων,
3622 2821 3757 2891 πρὸς
3827 2823 3889 2872 τὸ

2273 2901 2417 2978 ὕδωρ
2463 2914 2552 2958 τοῦ
2585 2905 2790 2979 Σιλωὰμ
2819 2910 2876 2959 τό
2932 2909 3115 2980 ἡσυχῆ
3147 2906 3261 2982 ῥέον
3306 2902 3726 2982 διψητικώτεροι»
3768 2908 3887 2961 ἑπε-

2270 2994 2511 3051 πόοησαν
2545 3014 2557 3027 ·
2614 3000 2703 3048 καὶ
2752 2994 2987 3055 ἐπλήσθη
3039 3000 3069 3054 η
3125 2999 3382 3069 σύμπασα
3422 3004 3488 3067 γῆ
3530 3003 3625 3049 τοῦ
3683 3006 3883 3069 γνῶναι

2270 3084 2356 3134 τὸν
2413 3086 2622 3156 Κύριον.
2672 3091 2836 3138 Τοῦτο
2920 3087 2949 3143 ἡ
3021 3082 3331 3145 δικαιοσύνη
3393 3093 3546 3141 Θεοῦ.
3608 3085 3755 3143 Ἐπεὶ
3822 3092 3883 3141 τό

503 3171 995 3241 quemadmodum
1032 3170 1332 3227 desiderat
1378 3183 1556 3226 cerva
1604 3168 1685 3223 ad
1726 3170 1926 3238 fontes
1970 3186 2157 3241 aqua-

2277 3171 2436 3247 ἕτερον
2467 3182 2566 3225 τῶν
2604 3174 2719 3227 λίαν
2760 3172 3096 3228 ἀδικωτάτων
3150 3174 3306 3248 ἐστὶν,
3363 3179 3421 3227 τὸ
3471 3174 3672 3227 πολλῶν
3718 3181 3880 3230 ὄντων

501 3275 636 3316 rum
666 3260 800 3332 (52),
831 3258 908 3317 ad
939 3258 1136 3315 undas
1169 3258 1322 3315 Siloe
1350 3257 1558 3314 leniter
1603 3256 1857 3314 ﬂuentes
1904 3259 2155 3316 avidiori

500 3347 594 3403 siti
615 3350 864 3419 (gentes)
886 3347 1394 3404 desideraverunt:
1422 3351 1479 3403 et
1504 3347 1736 3416 repleta
1759 3352 1844 3405 est
1870 3350 2154 3407 universa

498 3442 665 3493 terra
689 3438 937 3494 scientia
965 3438 1207 3493 Domini
1231 3437 1362 3508 (53).
1393 3438 1506 3492 Hoc
1553 3436 1851 3508 disposuit
1905 3437 2008 3493 Dei
2051 3438 2151 3509 ju-

495 3524 669 3581 stitia.
698 3527 848 3583 Nam
873 3524 1052 3596 longe
1080 3524 1196 3583 alia
1217 3525 1535 3581 hominum
1559 3540 1854 3597 perquam
1899 3525 2148 3599 iniquis-

494 3613 787 3669 simorum
830 3614 1124 3671 sententia
1173 3618 1282 3670 est.
1331 3615 1666 3669 Decernunt
1710 3612 1773 3668 hi
1829 3612 2069 3679 scilicet,
2112 3630 2145 3672 e

492 3704 701 3760 multis
721 3702 1003 3760 fratribus
1032 3718 1173 3759 eum
1202 3700 1396 3758 solum
1435 3702 1690 3772 dignum
1706 3718 1858 3772 esse,
1892 3709 2015 3761 uta
2036 3703 2145 3761 Pa-

488 3798 575 3851 tre
599 3793 933 3852 honoribus
962 3791 1319 3862 cumuletur,
1344 3792 1448 3865 qui
1469 3796 1527 3849 et
1572 3798 1919 3859 contumax,
1948 3797 2007 3851 et
2035 3794 2142 3851 du-

487 3897 569 3940 rae
590 3882 855 3953 cervicis,
887 3886 945 3941 ct
971 3881 1268 3955 parricida
1300 3881 1413 3938 fuit
1441 3899 1456 3951 ;
1525 3880 1791 3955 reliquos
1830 3898 1991 3954 vero,
2036 3884 2143 3957 qui

484 3971 706 4030 nullius
747 3971 1079 4045 iniquitatis
1145 3971 1231 4029 rei
1280 3970 1831 4045 deprehenduntur,
1882 3971 2006 4029 imo
2063 3972 2142 4030 ad

483 4068 741 4120 mortem
771 4078 963 4136 usque
992 4061 1151 4121 Patri
1174 4061 1426 4134 obsequi
1445 4061 1637 4134 parati
1661 4066 1821 4131 sunt,
1844 4061 1923 4118 ab
1951 4062 2139 4119 haere-

481 4150 662 4209 ditate
686 4155 939 4224 paterna
953 4148 1360 4208 excludendos
1397 4166 1548 4207 esse.
1579 4153 1755 4207 Porro
1803 4151 1852 4206 si
1895 4150 2012 4208 hoc
2054 4158 2143 4208 est

2267 3256 2496 3333 ἁδελφῶν
2526 3266 2614 3315 τὸν
2670 3263 3135 3340 σκληροτράχηλον
3173 3269 3327 3332 μόνον
3390 3270 3480 3318 καὶ
3544 3266 3875 3341 πατραλοίαν

2262 3353 2352 3401 καὶ
2383 3348 2567 3411 ἀπειθῆ
2605 3351 2778 3416 ἀξιοῦν
2808 3356 3064 3427 τιμᾶσθαι
3121 3358 3264 3429 παρὰ
3320 3363 3410 3408 τοῦ
3436 3362 3636 3431 πατρός
3690 3376 3705 3390 ·
3754 3362 3871 3419 τοὺς

2261 3432 2321 3490 δε
2366 3436 2533 3511 μηδὲν
2586 3438 2932 3510 ἠδικηκότας,
2984 3441 3093 3496 ἀλλ’
3148 3445 3365 3517 ετοίμως
3421 3448 3645 3517 ἔχοντας
3697 3452 3869 3520 μέχρι

2260 3528 2482 3581 Θανάτου
2540 3532 2806 3584 πείθεσθαι
2853 3540 2925 3603 τῷ
2989 3538 3172 3607 πατρὶ,
3220 3541 3315 3596 τῆς
3378 3534 3727 3609 κληρονομίας
3780 3536 3865 3590 ἕκ-

2254 3614 2551 3673 ϐάλλισθαι.
2581 3620 2640 3673 Εἰ
2677 3629 2828 3673 τοῦτο
2865 3618 3070 3695 οἰδικον,
3119 3625 3289 3698 ὥσπερ
3331 3621 3419 3676 οὖν
3448 3629 3539 3677 καὶ
3597 3628 3734 3695 ἔστι,
3799 3630 3861 3680 τό

2252 3708 2418 3778 τούτῷ
2449 3706 2790 3781 ἀντικείμενον
2823 3706 3048 3779 δίκαιον,
3089 3717 3182 3765 καὶ
3234 3714 3449 3785 μείζονα
3503 3718 3701 3776 ταύτης
3762 3724 3864 3778 τῆς

2253 3791 2595 3858 δικαιοσύνης
2622 3795 2792 3860 οὐδεὶς
2819 3798 2878 3851 ἂν
2932 3801 3052 3874 εύρή
3064 3819 3142 3854 σει
3193 3806 3336 3857 noti.
3366 3805 3594 3862 Τοιαύτη
3641 3803 3691 3856 ἐν
3741 3813 3861 3868 ταῖς

2251 3885 2471 3959 ἡμέραις
2498 3894 2595 3949 τῆς
2631 3891 2767 3940 κατὰ
2802 3896 2901 3960 γῆν
2948 3886 3229 3964 διατριϐῆς
3274 3900 3365 3943 τοῦ
3416 3888 3540 3965 ἐμοῦ
3584 3892 3862 3967 Σολομῶν-

2251 3990 2338 4033 τος
2399 3970 2709 4034 δικαιοσύνη
2765 3974 3008 4032 ἀνέτειλεν
3073 3999 3085 4013 ·
3149 3980 3300 4040 οὗτος
3346 3986 3437 4035 καὶ
3505 3977 3862 4047 δικαιοσύνης

2252 4061 2391 4124 ἣλιος
2434 4063 2517 4137 ὑφ’
2571 4064 2743 4140 ἐτέρου
2794 4073 3060 4141 προφήτου
3121 4072 3481 4143 προηγορεύθη
3550 4080 3643 4133 τῆς
3692 4073 3865 4137 αὐτῆς

2250 4151 2395 4203 ἕνεκα
2422 4148 2674 4217 διανοίας.

478 4239 777 4312 iniquum,
801 4240 882 4297 uti
910 4238 1175 4311 profecto
1204 4238 1651 4312 iniquissimum
1687 4244 1795 4308 est,
1850 4240 2028 4309 igitur
2076 4239 2244 4314 quod
2273 4240 2326 4297 ei
2372 4244 2716 4315 opponitur,
2740 4244 2970 4318 justum
3002 4252 3110 4315 est,
3134 4248 3258 4306 imo
3284 4250 3433 4306 nihil
3470 4250 3587 4307 hoc
3617 4252 3863 4325 aequius

474 4326 728 4385 inveniri
782 4344 1057 4402 unquam
1097 4327 1311 4401 poterit
1365 4328 1685 4401 ejusmodi,
1739 4329 1986 4401 quidem
2038 4329 2147 4386 fuit
2180 4330 2428 4401 justitia,
2464 4349 2602 4404 quae
2645 4349 2751 4406 per
2771 4336 3014 4393 eosdies
3043 4343 3176 4396 orta
3211 4344 3302 4396 est
3330 4340 3463 4412 (54),
3495 4343 3758 4414 quando
3793 4348 3858 4405 in

474 4417 643 4509 terris
669 4417 1031 4509 versabatur
1071 4415 1362 4509 _Salomon
1402 4432 1573 4474 meus
1606 4434 1621 4487 ;
1675 4420 1858 4489 atque
1910 4418 2124 4475 eadem
2154 4418 2229 4476 de
2245 4436 2432 4479 causa
2450 4422 2580 4493 jam
2602 4429 2781 4482 antea
2809 4424 2887 4484 ab
2904 4427 3021 4483 alio
3042 4428 3338 4501 propheta
3360 4431 3471 4503 (55)
3498 4431 3597 4488 hic
3627 4436 3857 4509 appel-

473 4504 628 4563 latus
654 4511 745 4565 est
772 4506 1149 4578 soljustitiw.

544 4598 692 4654 XXX.
725 4594 879 4662 Quid
914 4594 1114 4653 adhuc
1138 4592 1453 4668 (postulas)
1484 4594 1512 4652 ?
1557 4593 1864 4653 Salomoni
1893 4595 2131 4670 (inquit)
2166 4599 2210 4655 D

472 4684 759 4744 divinitus
788 4684 1006 4743 collata
1034 4682 1333 4756 sapientia
1358 4682 1485 4741 fuit.

540 4778 675 4834 Esto
707 4793 721 4847 ;
751 4774 859 4833 sed
879 4778 935 4833 et
963 4774 1249 4833 terrestris
1276 4773 1598 4847 paradisus
1635 4791 1672 4835 a
1729 4777 1845 4832 Deo
1897 4775 2125 4849 planta-

2313 4775 2467 4833 Ἀλλὰ
2512 4785 2603 4834 καὶ
2641 4782 2666 4834 ὁ
2694 4779 3039 4858 παράδεισος,
3084 4788 3418 4861 θεοφύτευτος
3456 4797 3546 4845 καὶ
3591 4803 3686 4846 τοῦ
3741 4797 3850 4854 θεοί

469 4870 563 4923 tus
589 4865 720 4937 fuit,
764 4869 821 4923 et
872 4863 1140 4939 paradisi
1188 4863 1469 4921 divinitus
1523 4863 1775 4938 plantati
1825 4864 2126 4924 habitator

2277 4870 2488 4922 υτεύτου
2532 4873 2718 4925 τούτου
2766 4870 3097 4938 ἓνδιαιτητὴς
3143 4878 3255 4949 (56)
3279 4880 3306 4931 ό
3335 4876 3531 4952 Ἀδὰμ,
3565 4888 3657 4935 καὶ
3696 4885 3850 4948 οὗτος

463 4955 657 5014 Adam
688 4956 818 5046 ipse
842 4971 1088 5046 quoque
1120 4957 1305 5046 a‘Deo
1335 4954 1613 5046 conditus
1643 4960 1733 5046 est
1764 4955 1929 5029 :ipse
1974 4972 2123 5030 quo-

2277 4961 2573 5022 ιόκτιστος·
2612 4966 2701 5014 καὶ
2749 4957 2900 5025 οὗτος
2941 4966 3206 5038 θεόσοφος,
3254 4973 3343 5021 καὶ
3395 4981 3759 5046 μαρτυροῦσιν
3792 4979 3849 5029 αἱ

463 5061 582 5119 que
610 5045 893 5103 divinitus
914 5043 1211 5118 sapientia
1248 5042 1476 5102 ditatus
1497 5044 1623 5117 fuit,
1651 5045 1835 5119 idque
1899 5050 2121 5102 testan-

2277 5046 2545 5106 ιιτάλληλοι
2625 5056 2889 5123 σημασίαι
2940 5061 3040 5105 τῶν
3103 5054 3358 5127 κλήσεων,
3430 5042 3599 5135 οἷσπερ
3669 5063 3849 5117 ἅπασι

461 5140 555 5193 tur
584 5135 909 5210 aptissima:
931 5132 1401 5207 signiﬁcationes
1428 5136 1766 5208 nominum,
1808 5150 1945 5209 qute
1974 5150 2120 5193 sane

2277 5143 2336 5200 ιίς
2365 5136 2519 5201 ζώοις
2556 5135 2604 5191 ἓν
2651 5136 2962 5215 παραδείσῳ
3013 5150 3406 5221 προσήρμοσεν.
3448 5132 3585 5201 Ἀλλῖ
3650 5152 3697 5204 εἰ
3752 5159 3847 5208 καὶ

2349 4600 2431 4656 Λ¹.
2464 4605 2529 4655 Τί
2557 4603 2629 4656 ἔτι
2650 4618 2664 4671 ;
2688 4600 2983 4669 Θεόσδοτος
3016 4607 3044 4666 ὁ
3070 4612 3229 4681 σοφία
3263 4615 3357 4662 τοῦ
3389 4609 3740 4685 Σολομῶντος,

527 5332 817 5471 (inPsal.
850 5347 1001 5402 χειν,
1034 5335 1119 5404 19,
1150 5348 1270 5393 sec.
1299 5332 1455 5392 LXX.

588 5407 641 5471 8)
672 5406 841 5461 Rom.
876 5421 956 5469 ιιι,
989 5408 1078 5461 29.

2299 5334 2408 5406 (53)
2430 5333 2545 5392 Isa.
2576 5351 2657 5405 xi,
2680 5340 2733 5394 9.

2294 5408 2409 5471 (54)
2433 5407 2548 5462 lsa.
2573 5423 2647 5465 ιιι.
2673 5425 2723 5471 ν.

551 5407 641 5476 48)
672 5406 841 5461 Rom.
876 5421 956 5469 ιιι,
989 5408 1078 5461 29.

551 5479 635 5544 49)
658 5475 808 5534 Heb.
829 5484 888 5543 ιι,
920 5479 1005 5532 16.

2294 5408 2409 5544 ⁵54)
2433 5407 2548 5462 lsa.
2573 5423 2647 5465 ιιι.
2673 5425 2724 5480 ν,
2757 5413 2809 5466 8.

2317 5480 2403 5544 35)
2432 5478 2676 5535 Malach.
2705 5495 2780 5543 ιγ,

544 5475 635 5532 49)
658 5475 808 5534 Heb.
829 5484 888 5543 ιι,
920 5479 1005 5532 16.

520 5482 634 5620 ἔδυ)
668 5549 795 5620 Bar.
829 5562 910 5618 ιιι,
934 5550 1022 5618 38,
1052 5545 1161 5603 sed
1182 5545 1350 5620 apud
1381 5548 1531 5620 LXX,
1552 5558 1618 5607 v.
1641 5551 1729 5605 37.

2294 5475 2403 5547 (35)
2432 5478 2676 5535 Malach.
2705 5475 2780 5543 iv,
2818 5486 2838 5536 1
2878 5496 2891 5537 :
2923 5482 3001 5538 Et
3022 5484 3253 5543 orietur
3281 5488 3461 5557 vobis,
3491 5490 3838 5554 timentibus

2277 5562 2431 5605 amen
2460 5564 2697 5620 meum,
2716 5552 2807 5608 sat
2826 5553 3100 5620 justitiav.
3748 5604 3751 5605 ν

543 5540 634 5611 50)
668 5549 795 5622 βω.
829 5540 910 5618 ιιι,
934 5550 1022 5622 38,
1052 5545 1161 5603 sed
1182 5545 1350 5620 apud
1381 5548 1531 5620 LXX,
1552 5558 1618 5607 v.
1641 5551 1729 5605 37.
2220 5540 2431 5622 nomen
2450 5540 2807 5622 meum,_sot
2826 5553 3100 5622 justitia'.

546 5622 635 5685 5t)
661 5617 841 5693 goan.
868 5617 948 5690 ιν,
978 5617 1031 5675 4.
1223 5617 1244 5693 ξ
1276 5691 1309 5693 α
1514 5617 1522 5620 ⁷

2288 5620 2402 5692 (56)
2437 5620 2582 5679 Cod.
2618 5617 3020 5693 ἓνδιατηῖ-ητής.

546 5623 635 5685 5t)
668 5623 841 5675 Joan.
868 5633 948 5690 iv,
978 5623 1031 5675 4.

514 5623 631 5767 ξ52)
659 5688 815 5751 Psal.
837 5704 969 5763 xw,
1002 5694 1050 5762 1,
1079 5704 1197 5750 sec.
1225 5691 1379 5749 LXX.
