4032 6308
141 329 250 388 ’713

1261 318 1331 386 IN
1369 316 1994 389 ΑΝΝΗΝΤῘΑΤΙΟΝΕΙ
2030 326 2100 386 B.
2139 328 2401 388 ΜΛΒΙΑΕ.

3404 339 3512 395 ’714

120 457 186 507 τὰ
243 461 429 530 πρῶτα
480 456 829 527 μακαριστέα,
871 454 937 506 τοί
981 470 1043 526 γε
1100 454 1204 525 μὴν
1245 447 1465 526 δεύτερα
1515 452 1725 506 ταλανι-

1857 465 1968 524 pse
1987 450 2050 508 in
2074 451 2362 524 paradiso
2388 453 2685 511 universis
2706 452 3120 514 animantibus
3145 458 3510 517 conveniens

124 548 271 613 στέα,
295 549 405 596 καὶ
440 544 508 596 τὰ
543 550 636 604 τῆς
686 542 926 614 εὐλογίας
972 543 1408 615 μετεστράφησαν
1450 541 1524 604 εἰς
1573 543 1738 594 κατά-

118 653 215 708 ραν
257 631 354 686 διὰ
387 635 476 685 τὸν
515 636 627 705 ὅφιν
675 636 766 685 καὶ
814 636 910 691 τήν
966 639 1210 705 γυναῖκα.
1250 631 1310 684 Ὁ
1353 635 1444 704 μεν
1485 634 1587 706 γὰρ
1628 631 1736 685 εἰσ-

120 727 370 794 ηγήσατο
426 726 522 781 τὴν
579 721 856 775 πολυθιίαν
885 738 898 753 ·
968 721 1190 776 ’Ἑσεσθε
1241 723 1364 795 γὰρ,
1417 726 1598 795 φησὶν,
1665 724 1734 784 ὡς

122 814 228 865 θεοί
260 832 278 847 ο
317 814 349 871 ἡ
390 808 452 865 δὶ
479 819 580 864 τῶν
615 811 935 885 εἰσηγήσεων
985 807 1228 874 διάκονος
1265 815 1396 885 πρὸς
1444 808 1616 882 ἄνδρα
1650 831 1735 883 γε·

117 906 359 974 γένηται.
423 905 525 955 Καὶ
588 902 615 954 ὸ
683 899 935 975 βασιλεὺς
992 909 1094 954 τῶν
1169 899 1404 972 ἐπιγείων
1471 900 1730 972 ἁπάντων,

116 995 344 1064 γυμνὸς,
397 989 757 1064 αἰχμάλωτος,
795 989 995 1058 ἄθλιος,
1055 997 1150 1043 τοῦ
1199 987 1530 1064 παραδείσου
1569 991 1734 1064 ὑπερ-

118 1081 382 1156 ορίζεται.

1844 545 1934 598 ter
1965 540 2272 614 imposuit.
2304 544 2523 601 Verum
2573 543 2622 600 si
2668 544 2866 617 prima
2892 545 3023 602 haec
3076 547 3159 603 uti
3207 546 3512 606 fortunata

1842 629 2154 688 laudanda
2183 635 2341 699 sunt,
2373 633 2683 692 enimvero
2713 638 2778 690 ut
2820 634 2994 692 valde
3020 651 3369 694 aerumnosa
3406 637 3512 695 de-

1843 719 2143 793 ploranda
2187 729 2328 778 sunt
2372 722 2725 794 posteriora,
2759 739 2831 780 ac
2875 723 3313 782 benedictionis
3349 725 3512 783 illius

1843 807 2109 866 conditio
2147 809 2210 866 in
2247 810 2736 868 maledictionem
2765 818 3012 886 propter
3055 819 3395 887 serpentem
3425 821 3511 873 at-

1843 913 1963 970 que
1991 898 2305 957 mulierem
2340 917 2637 959 conversa
2665 907 2773 958 est.
2809 903 2958 958 Nam
2987 918 3234 976 serpens
3261 903 3513 976 quidem

1844 985 2100 1045 deorum
2146 989 2371 1047 invexit
2427 990 2896 1064 multitudinem,
2955 993 3247 1066 quoniam
3299 992 3507 1052 dixit:

1848 1077 2040 1134 Eritis
2059 1080 2212 1135 sicut
2244 1079 2328 1136 dii
2355 1081 2509 1152 (57);
2541 1079 2757 1137 mulier
2794 1085 2997 1140 autem
3029 1081 3330 1140 malorum
3369 1082 3513 1155 (ser-

116 1170 350 1243 pentis)
389 1169 784 1228 consiliorum
810 1168 1169 1228 administra
1196 1168 1365 1242 apud
1395 1168 1594 1227 virum
1637 1167 1797 1225 facta
1835 1169 1945 1223 est.
1992 1167 2138 1224 Hinc
2175 1184 2280 1226 rex
2327 1169 2424 1226 ille
2464 1169 2904 1243 universorum,
2946 1187 3081 1245 quae
3124 1175 3298 1229 erant
3325 1186 3510 1244 super

115 1264 367 1332 terram,
390 1259 615 1327 nudus,
640 1259 934 1333 captivus,
959 1257 1321 1316 miserabilis
1338 1275 1371 1316 e
1401 1258 1686 1332 paradiso
1714 1255 2050 1328 expellitur.

185 1354 280 1409 Μὴ
340 1352 403 1403 τὸ
439 1351 574 1403 κατὰ
610 1352 697 1402 τὸν
749 1348 1050 1423 Σολομῶντα
1104 1345 1286 1424 δρᾶμα
1342 1358 1438 1412 τῆς
1470 1352 1605 1402 κατὰ
1651 1350 1738 1401 τὸν

135 1435 305 1511 Marp
364 1437 566 1500 ἀπάτης
633 1437 886 1506 ἀπίοικε;
949 1443 1037 1498 Μὴ
1095 1441 1162 1491 τὰ
1224 1441 1361 1492 κατὰ
1420 1442 1507 1491 τὸν
1568 1433 1741 1509 Ἀδὰμ

117 1526 462 1586 ἄκατάλληλα
493 1530 625 1602 πρὸς
675 1532 763 1581 τὸν
819 1527 1168 1601 Σολομῶντα;
1221 1534 1332 1581 Τῶν
1375 1530 1520 1581 θείων
1572 1545 1740 1600 χαρι-

119 1619 338 1690 σμάτων
393 1616 610 1693 πλήρεις
661 1615 938 1691 ἀμφότεροι
969 1634 982 1647 ⁸
1033 1621 1164 1689 γυνὴ
1224 1623 1314 1670 καὶ
1345 1619 1459 1689 ὄφις
1520 1621 1606 1669 καὶ
1647 1633 1739 1668 πο-

118 1707 306 1760 λυθεία
344 1705 757 1780 ἀπαλλοτριοῦσι
809 1714 902 1760 τοῦ
953 1713 1088 1760 Θεοῦ
1144 1709 1266 1768 τοὺς
1306 1707 1421 1778 (58)
1459 1707 1742 1780 ἡμετέρους

1921 1347 2223 1422 Numquid
2244 1364 2366 1406 non
2391 1349 2534 1406 Adae
2577 1349 2764 1407 ruins.-
2791 1366 2903 1424 par
2921 1349 3222 1410 invenitur
3243 1351 3511 1410 Salomo-

1851 1435 1947 1492 nis
1980 1437 2314 1508 tragoedia?
2356 1439 2635 1511 Nunquid
2663 1455 2788 1496 non
2813 1440 3098 1498 simillimi
3133 1441 3277 1498 Ades
3307 1457 3379 1498 ac
3410 1443 3514 1500 Sa.

1849 1524 2110 1582 lomonis
2131 1529 2348 1584 casus?
2363 1527 2558 1584 Ambo
2573 1528 2792 1584 divinis
2812 1529 3166 1586 muneribus
3185 1530 3505 1600 cumulati;

1850 1615 2065 1672 mulier
2092 1622 2150 1673 et
2179 1633 2426 1690 serpens
2456 1624 2512 1675 et
2540 1618 2794 1676 deorum
2837 1619 3158 1677 multitudo
3196 1625 3437 1678 nostros
3471 1637 3510 1678 a

1852 1705 1972 1759 Deo
1992 1703 2220 1776 primos
2248 1710 2528 1777 parentes
2549 1705 2843 1763 alienant:
2872 1707 3110 1775 eadem,
3139 1724 3278 1781 quae
3300 1708 3510 1780 primis

119 1798 465 1872 προπάτορας
497 1811 511 1826 ·
580 1797 900 1849 ταυτοπαθεί
977 1804 1088 1858 τοῖς
1147 1798 1483 1870 προπάτορσι
1553 1799 1641 1847 καὶ
1712 1795 1738 1845 ὁ

1857 1792 2224 1864 parentibus,
2251 1799 2310 1850 et
2335 1795 2540 1867 nepoti
2583 1794 2911 1852 obveniunt
2956 1796 3135 1863 mala,
3159 1777 3507 1870 iisdemque

121 1882 385 1957 ἱεπὸγονος
434 1888 525 1937 καὶ
571 1885 673 1936 ὑπὸ
711 1891 811 1936 τῶν
861 1886 1051 1957 ὁμοίων
1104 1884 1396 1939 ἁλίσκεται.
1430 1884 1573 1938 Ἐπεὶ
1619 1881 1739 1934 καν-

120 1975 297 2027 ταῦθα
390 1973 658 2046 συμϐουλὴ
740 1981 1020 2044 γυναικῶν,
1087 1978 1178 2027 καὶ
1262 1977 1388 2049 πρὸς
1461 1971 1738 2025 πολυθεῖαν

121 2069 464 2138 παρατροπή
500 2079 514 2093 ·
567 2067 658 2115 καὶ
708 2059 832 2116 οὐδὲ
885 2067 996 2136 ὄφις
1046 2064 1238 2116 ἄπεστι
1289 2060 1736 2135 κακοσύμϐουλος.

119 2159 289 2207 Τοῦτο
333 2148 474 2205 οἶδεν
517 2154 544 2204 ὸ
586 2154 856 2213 πεπονθώς
889 2173 901 2185 ·
946 2151 1139 2205 ἐκείνου
1178 2155 1280 2228 γὰρ
1311 2153 1465 2225 λόγος
1503 2155 1583 2219 τὸ,
1637 2157 1741 2204 Kac-

128 2244 427 2315 θαιροῦντα
484 2245 720 2316 φραγμὸν
770 2237 990 2304 δήξεται
1047 2246 1162 2314 ὄφις
1192 2263 1205 2274 ·
1269 2261 1342 2304 εις
1393 2245 1630 2316 φραγμὸν
1679 2237 1741 2292 δέ

124 2351 214 2404 μοι
239 2333 268 2384 ὁ
309 2335 409 2394 τὰς
446 2331 553 2384 ἐπεὶ
582 2329 694 2393 ταῖς
719 2330 1019 2404 ἀλλοφύλοις
1063 2331 1331 2404 ἐπιμιξίας
1382 2330 1738 2403 ἀποτειχίζων

123 2426 282 2494 νόμος
339 2419 635 2483 ἐξείληπται
667 2438 680 2453 ’
736 2426 825 2475 καὶ
855 2425 950 2480 τὴν
992 2419 1194 2480 ἀπάτην
1246 2424 1442 2479 ταύτην
1472 2421 1498 2474 ὁ
1557 2423 1740 2483 νοητὸς

122 2515 432 2583 γεγέννηκεν
458 2514 588 2584 ὄφις.

199 2688 335 2744 AA'.
395 2690 574 2743 Ταῦτά
631 2707 716 2742 σοι
779 2697 852 2760 τῷ
926 2689 1298 2763 πεπλανημένῳ
1359 2685 1600 2761 Ἰουδαίῳ
1651 2694 1741 2742 καὶ

130 2780 568 2854 σκληρογνὼμονι
619 2779 676 2831 ἐκ
706 2787 806 2831 τῶν
835 2779 1032 2832 πολλῶν
1069 2779 1241 2852 ὀλίγα.
1285 2777 1426 2832 Οὐδὲ
1471 2783 1572 2855 γὰρ
1616 2799 1741 2853 συγ-

126 2877 299 2945 χωρεῖ
359 2876 474 2930 ταῖς
534 2866 896 2943 ἀντιρρήσεσιν
950 2871 1366 2942 ἐμπλατύνεσθαι
1405 2871 1436 2927 ἠ
1483 2868 1743 2922 ἕνεστῶσα

127 2963 445 3032 πανήγυρις.
510 2963 787 3009 Δικανικού
859 2959 960 3030 γὰρ
1026 2961 1082 3010 τὸ
1160 2954 1547 3033 σφοδρννεσθαι
1609 2959 1744 3011 κατὰ

127 3055 225 3099 τῶν
283 3044 677 3118 ἀντιλεγόντων,
746 3051 837 3098 καὶ
900 3047 1020 3108 ταῖς
1075 3045 1398 3100 ἀντιθέσεσιν
1458 3046 1739 3122 ἀντιπαρα-

1846 1880 2080 1954 laqueis
2110 1882 2206 1938 hic
2233 1883 2640 1954 prehenditur.
2671 1887 2821 1940 Nam
2850 1885 3034 1941 etiam
3063 1886 3162 1942 hic
3195 1885 3510 1942 suasiones

1850 1969 2190 2036 mulierum,
2226 1975 2283 2026 et
2307 1972 2385 2027 ad
2429 1971 2909 2043 polytheismum
2953 1974 3301 2040 conversio;
3342 1979 3402 2030 et
3427 1989 3506 2030 ne

1850 2074 2096 2131 serpens
2119 2059 2368 2132 quidem
2395 2060 2565 2116 deest
2591 2060 2734 2116 mali
2755 2067 2966 2118 auctor
2987 2062 3238 2118 consilii.
3273 2062 3341 2118 ld
3377 2077 3512 2119 sen-

1850 2146 1924 2204 sit
1951 2151 2008 2203 et
2026 2147 2143 2216 ille,
2175 2147 2280 2220 qui
2309 2149 2528 2204 horum
2560 2149 2859 2205 malorum
2900 2151 3202 2222 particeps
3231 2150 3383 2218 fuit;
3415 2150 3510 2224 ip-

1849 2235 1973 2291 sius
1998 2236 2159 2292 enim
2191 2251 2303 2292 vox
2325 2236 2426 2293 illa
2445 2243 2534 2292 est
2562 2253 2575 2292 :
2603 2237 2716 2306 Qui
2742 2239 2998 2308 dissipat
3033 2254 3249 2309 sepem,
3280 2240 3511 2296 morde-

1850 2322 1933 2380 bit
1953 2339 2086 2380 eum
2117 2325 2363 2382 coluber
2389 2326 2524 2396 (ὅθ).
2539 2327 2719 2398 Sepes
2748 2331 2950 2383 autem
2971 2325 3088 2396 hic,
3103 2342 3242 2383 mea
3261 2325 3512 2398 quidem

1850 2414 2160 2480 sententia,
2192 2429 2304 2487 pro
2355 2414 2488 2484 lege
2531 2415 2841 2487 accipitur,
2885 2431 3023 2490 quae
3062 2417 3250 2474 instar
3278 2415 3437 2472 muri
3473 2431 3514 2473 α

1851 2502 2238 2574 permistione
2269 2519 2408 2560 cum
2439 2503 2792 2560 mulieribus
2821 2505 3171 2575 alienigenis
3228 2504 3509 2570 arcebat;

1851 2596 1909 2648 et
1927 2592 2084 2649 hanc
2104 2608 2351 2666 quoque
2382 2597 2626 2648 ruinam
2656 2593 2936 2665 spiritalis
2971 2609 3218 2666 serpens
3243 2593 3503 2666 peperit.

1923 2683 2098 2737 XXXI.
2140 2687 2333 2754 Atque
2362 2681 2490 2737 haec
2521 2697 2718 2754 pauca
2757 2698 2789 2739 e
2828 2681 3032 2739 multis
3063 2683 3188 2751 tibi,
3221 2698 3257 2738 ο
3285 2681 3512 2752 Iudaee,

1853 2770 2156 2827 aberranti
2205 2778 2262 2828 et
2307 2771 2370 2827 in
2425 2787 2621 2828 errore
2669 2773 3053 2845 pervicaciter
3100 2771 3513 2844 perseveranti

1853 2859 2013 2916 dicta
2040 2859 2281 2918 fuerint.
2322 2863 2526 2932 Neque
2551 2861 2714 2916 enim
2743 2860 3118 2931 longioribus
3144 2859 3514 2918 refutationi-

1852 2948 1969 3004 bus
2008 2948 2298 3015 insistere,
2330 2965 2468 3021 quin
2497 2965 2659 3006 nunc
2693 2950 3025 3007 celebratur
3058 2950 3366 3018 festivitas,
3409 2964 3514 3021 pa-

1854 3040 2012 3096 titur.
2039 3041 2104 3095 Et
2122 3038 2410 3095 causidici
2440 3038 2686 3111 quidem
2719 3038 2911 3110 fuerit,
2945 3039 3236 3096 adversus
3269 3043 3511 3095 contra-

124 3136 439 3190 τάττεσθαι.
494 3142 899 3210 Πανηγυριστοῦ
930 3131 990 3187 δὲ
1032 3138 1089 3188 τὸ
1138 3135 1411 3211 ῥυθμίζειν
1449 3140 1505 3188 τὸ
1565 3135 1741 3189 imbu-

1857 3127 2116 3184 diccntes
2168 3128 2580 3184 vehementius
2609 3128 2994 3197 contendere,
3043 3133 3222 3201 atque
3269 3127 3512 3198 objecta

125 3233 257 3297 μοῦν
303 3231 407 3287 τῆς
452 3223 638 3297 ψυχῆς
692 3231 808 3286 ταῖς
864 3224 1153 3300 εἰρηνικαῖς
1195 3225 1582 3293 καταστάσεσι,
1615 3225 1745 3279 κάπὶ

125 3317 183 3366 τὸ
235 3312 521 3385 ἀτάραχον
549 3316 642 3366 καὶ
683 3311 943 3365 ἀθόλωτον
995 3316 1318 3386 κατάστημα
1369 3323 1464 3375 τῆς
1519 3311 1746 3388 καρδίας

127 3409 222 3464 τὴν
264 3404 471 3479 ἐόρτιον
526 3401 722 3462 ἡδονὴν
774 3403 1076 3477 θαλαμεύειν
1118 3404 1566 3480 ἀστενοχὼρητον.
1608 3404 1743 3461 Ἀλλ’

129 3494 277 3546 οὗτοι
307 3496 403 3566 μὲν
425 3496 474 3546 οἱ
513 3495 887 3568 χριστομάχοι
910 3496 1058 3571 θῆρες
1095 3495 1447 3567 οἰχέσθωσαν,
1471 3501 1560 3548 καὶ
1586 3515 1748 3554 κατη-

131 3586 400 3655 σχυμένοι
429 3586 760 3654 φευγέτωσαν
793 3599 805 3613 ·
863 3588 964 3636 Καὶ
992 3586 1263 3655 γενηθήτω
1315 3586 1345 3642 ἠ
1407 3580 1528 3645 ὁδὸς
1575 3584 1744 3637 αὐτῶν

134 3676 325 3731 σκότος
381 3676 472 3723 καὶ
525 3669 788 3744 ὀλίσθημα
821 3693 833 3705 ·
880 3677 970 3725 καὶ
1000 3673 1213 3744 ἅγγελος
1255 3679 1448 3747 Κυρίου
1479 3670 1744 3726 καταδιω-

131 3765 264 3813 κέτω
296 3759 506 3830 αὐτοὺς,
533 3761 560 3812 ὀ
587 3763 656 3812 τὰ
693 3760 968 3833 εὐαγγέλια
995 3763 1226 3834 κομίζων
1249 3771 1312 3834 τῇ
1348 3764 1694 3836 Ἀειωαρθένῳ
1729 3778 1740 3790 ·

131 3852 160 3907 ἠ
168 3858 281 3922 μῶν
310 3845 375 3902 δὲ
403 3849 551 3910 οὗτος
579 3853 1002 3926 προπορευέσθω,
1043 3857 1133 3904 καὶ
1163 3852 1235 3914 εἰς
1268 3856 1440 3905 αἴσιον
1470 3853 1610 3914 τελος
1655 3855 1744 3904 τὸν

128 3937 282 4011 λόγον
313 3938 484 4010 ἀγέτω
513 3957 528 3973 ’
561 3934 678 3992 εἷεν.

205 4201 330 4256 AB‘.
381 4199 518 4255 Ἀλλ’
575 4202 679 4275 ὁρῶ
731 4205 1048 4278 προφητικὸν
1086 4207 1250 4279 χορὸν
1288 4202 1628 4278 ὁμοθυμαδὸν
1679 4217 1739 4281 τῇ

137 4294 434 4364 πανηγύρει
496 4294 853 4364 συντρέχοντα
919 4297 1254 4365 γεγανωμένῳ
1319 4301 1582 4367 προσώπῳ
1655 4302 1744 4349 καὶ

135 4376 436 4452 μειδιῶντι,
465 4385 557 4432 καὶ
596 4378 811 4453 βίϐλους
869 4381 1198 4453 ὑπαγκάλονς
1255 4381 1612 4456 βαστάζοντα,
1653 4391 1743 4438 καὶ

1853 3215 2136 3273 refellere.
2155 3217 2509 3290 Panegyrim
2532 3233 2674 3273 vero
2695 3216 3051 3274 celebrantis
3069 3217 3266 3286 magis
3286 3232 3511 3274 munus

1855 3309 1943 3362 est
1976 3305 2161 3362 animi
2189 3310 2389 3361 motus
2414 3305 2493 3361 ad
2526 3304 2914 3377 tranquillum
2961 3305 3237 3362 ordinem
3267 3320 3514 3378 compo-

1853 3409 2016 3460 nere,
2043 3399 2099 3450 et
2122 3393 2338 3450 exinde
2360 3393 2420 3448 in
2452 3393 2658 3460 corda,
2688 3409 2825 3466 quae
2856 3408 3069 3450 serena
3089 3409 3168 3450 ac
3192 3392 3516 3465 tranquilla

1853 3497 2002 3554 pace
2032 3481 2846 3554 fruantur,jucundissimam
2868 3483 3152 3539 inducere
3179 3481 3513 3538 festivitatis

1854 3571 2246 3644 voluptatem.
2280 3571 2394 3627 Sed
2426 3570 2648 3628 abeant
2677 3587 2822 3628 sane
2853 3569 3070 3628 belluas
3112 3571 3241 3628 istae
3282 3571 3514 3628 Christo

1852 3659 2118 3730 infensas,
2155 3665 2210 3715 et
2249 3659 2479 3731 pudore
2503 3660 2716 3716 suffusi
2755 3660 3103 3729 discedant;
3134 3662 3392 3731 Fiatque
3417 3663 3516 3716 vta

1853 3750 2099 3805 illorum
2131 3749 2404 3814 tenebrae,
2439 3755 2491 3805 et
2528 3749 2826 3806 lubricum
2849 3768 2869 3804 :
2898 3756 2952 3805 et
2982 3756 3386 3820 persequatur
3420 3762 3514 3803 eos

1853 3841 2105 3909 angelus
2143 3841 2387 3895 Domini
2410 3840 2540 3911 (61),
2570 3839 2677 3911 qui
2706 3839 2845 3894 felix
2894 3839 3173 3895 nuntium
3201 3839 3282 3895 ad
3305 3853 3516 3910 perpe-

1855 3933 2021 3984 tuam
2073 3928 2234 3984 illam
2268 3927 2569 3998 Virginem
2619 3927 2851 3983 defert:
2901 3928 3031 3999 ipse
3080 3933 3283 3984 autem
3333 3925 3512 3982 nobis

1853 4021 2094 4090 praeeat,
2127 4022 2184 4072 et
2213 4017 2547 4073 orationem
2595 4021 2866 4074 nostram
2913 4016 2995 4074 ad
3022 4017 3256 4074 felicem
3285 4016 3515 4074 exitum

1851 4106 2167 4178 perducat.
2207 4111 2289 4161 Ac
2317 4104 2393 4160 de
2423 4105 2516 4160 his
2544 4105 2858 4161 hactenus.

1925 4197 2123 4250 XXXII.
2156 4200 2229 4250 At
2251 4209 2388 4250 ecce
2419 4194 2768 4250 universum
2798 4195 3053 4252 chorum
3080 4197 3516 4270 prophetarum

1854 4285 2048 4357 video,
2082 4284 2163 4342 ad
2206 4284 2366 4340 hanc
2419 4283 2824 4342 celebritatem
2871 4285 3007 4342 ιωιο
3061 4303 3130 4343 ac
3179 4290 3516 4350 subridenti

1857 4374 2023 4430 vultu
2073 4388 2193 4429 una
2239 4373 2416 4429 simul
2445 4389 2657 4429 omnes
2687 4381 3090 4442 accurrentes,
3130 4376 3316 4436 libros
3358 4382 3515 4439 ulnis

135 4469 358 4542 ετοίμως
412 4471 602 4542 ἔχοντυ
655 4477 728 4541 τῷ
785 4468 1181 4545 ἐσφραγισμένοι
1233 4480 1325 4524 τοῦ
1378 4481 1512 4526 Θεοῦ
1553 4473 1740 4548 βιϐλίῳ

1857 4466 2545 4535 gestantes,paratosque
2571 4463 2959 4533 obsignatum
2977 4465 3146 4522 illum
3171 4469 3270 4524 Dei
3289 4469 3513 4527 librum

138 4555 239 4610 ἀπὸ
286 4556 479 4630 βίϐλου
527 4558 883 4633 προσομιλειν.
941 4567 1214 4635 Χοραρχεί
1271 4557 1330 4614 δὲ
1375 4571 1470 4625 τῆς
1527 4567 1748 4636 τιόενεγύ⁴

135 4665 260 4721 ρεως
317 4648 346 4698 ὁ
396 4653 648 4720 Μωῡσῆς,
701 4648 794 4700 οὐκ
833 4652 909 4701 ἔτι
954 4649 1245 4722 μογιλαλῶν
1285 4651 1422 4724 (60),
1464 4655 1637 4726 ὥσπερ
1691 4657 1748 4707 τὸ

137 4740 414 4812 πρότερον,
444 4739 509 4798 ὡς
537 4736 586 4789 ἐν
625 4745 686 4809 τῇ
747 4737 964 4812 γλώσσῃ
1017 4738 1301 4811 βαστάζων
1343 4746 1402 4793 τὸ
1453 4740 1593 4818 βαρὺ
1633 4764 1753 4819 φορ-

135 4829 244 4878 τίον
303 4831 400 4876 τοῦ
458 4828 638 4897 νόμου,
702 4823 828 4878 ἀλλά
874 4832 1224 4902 τετρανωμένῃ
1281 4828 1480 4903 γλώττῃ
1536 4833 1753 4904 φθεγγό-

136 4931 310 4987 μενος.
376 4915 661 4987 Φθέγγεται
697 4911 756 4968 δὲ
792 4920 882 4985 τί;
918 4917 1191 4991 Παρελθὼν
1230 4918 1428 4991 ὄψομαι
1485 4925 1541 4972 τὸ
1582 4923 1754 4995 ὅραμα

136 5009 198 5059 τὸ
264 5006 410 5078 μέγα
457 5011 631 5074 τοῦτο,
690 5009 742 5058 τί
792 5007 873 5059 ὅτι
939 5007 997 5060 οὐ
1064 5013 1407 5062 κατακαίεται
1471 5013 1500 5068 ἠ
1568 5009 1753 5092 βάτος,

137 5095 232 5150 καὶ
289 5100 463 5151 ταῦτα
525 5097 586 5148 τὸ
641 5102 744 5170 πῦρ
820 5100 879 5150 τὸ
958 5098 1225 5170 ἰπτόμενον
1285 5108 1384 5151 τῶν
1451 5099 1605 5174 ὀρέων
1665 5106 1756 5154 καὶ

214 5362 334 5434 (57)
362 5361 505 5434 Gen.
533 5377 614 5432 ιιι,
640 5367 689 5420 5.

217 5433 336 5505 {58)
372 5433 519 5505 Cod.
548 5443 658 5494 τῆς.

219 5504 344 5642 ἓῦθζ
371 5504 560 5572 Eccle,
583 5521 636 5572 ιι,
667 5506 721 5561 8.

247 5579 317 5631 60
369 5575 511 5632 Cod.
549 5573 721 5642 μογγιῖ

247 5573 344 5649 60)
549 5573 870 5649 μογγιλαλῶν
881 5615 891 5630 .

216 5647 340 5720 (61)
369 5647 526 5704 Psal.
547 5647 740 5716 xxxiv,
755 5652 809 5705 6.
829 5650 1100 5710 Fortasse
1120 5652 1452 5712 Germanus
1470 5667 1595 5713 non
1616 5654 1757 5716 vitio

443 5739 694 5800 ΡΑτιιοι..
734 5739 835 5796 Gn.
881 5739 1026 5796 CXL.

1856 4556 1963 4625 (sc.
1984 4557 2258 4608 sanctam
2283 4551 2606 4621 Virginem)
2625 4567 2657 4608 e
2683 4554 2806 4608 suis
2828 4553 3236 4612 voluminibus
3260 4558 3512 4632 alloqui.

1863 4645 1926 4698 In
1940 4641 2054 4698 hac
2080 4656 2260 4714 porro
2285 4640 2622 4697 celebritate
2644 4641 2872 4713 primas
2896 4645 3235 4715 agitpartes
3261 4649 3511 4719 Moyses,

1860 4746 1986 4787 non
2014 4729 2293 4803 amplius,
2345 4734 2409 4786 ut
2437 4729 2602 4796 olim,
2649 4746 2752 4786 ore
2793 4731 3002 4799 blaeso,
3053 4734 3277 4806 quippe
3321 4737 3516 4808 quiin
3571 4803 3574 4806 ,

1858 4828 2068 4900 lingua
2088 4843 2270 4898 grave
2290 4827 2438 4898 legis
2475 4843 2632 4883 onus
2658 4827 2908 4892 ferebat,
2937 4829 3042 4884 sed
3070 4831 3516 4902 expeditissime

1859 4917 2134 4991 loquens.
2193 4916 2347 4982 Quid
2403 4932 2583 4988 porro
2622 4916 2893 4973 clamat?
2949 4919 3269 4975 Transiens
3310 4921 3515 4976 videbo

1862 5009 2146 5064 visionem
2173 5005 2331 5063 hanc
2358 5021 2662 5078 magnam,
2691 5022 2880 5078 quare
2903 5007 3090 5062 rubus
3121 5023 3242 5064 non
3285 5011 3517 5066 combu-

1863 5102 2044 5164 ναίω*
2071 5094 2206 5168 (62),
2259 5095 2462 5168 idque,
2495 5096 2630 5152 licet
2675 5095 2738 5150 in
2784 5095 3106 5167 semetipsa
3152 5095 3320 5152 illum
3351 5105 3519 5170 gerat

1865 5366 2294 5439 codicis,quem
2325 5380 2512 5422 manu
2543 5362 2788 5429 terebat,
2816 5362 2920 5439 sed
2949 5364 3180 5424 ratione
3201 5374 3518 5439 syntaxeos

1864 5439 2062 5512 posuit
2091 5431 2656 5512 riarad‘teixe'rwupt‘o
2689 5431 3074 5512 Ακαταὸιὼκων,
3128 5431 3327 5512 ρι’όυιί
3381 5458 3522 5498 con.

1867 5505 2014 5590 sone
2043 5525 2182 5565 cum
2236 5508 2443 5566 Latina
2496 5505 2744 5577 vulgata
2798 5505 2984 5567 habet
3033 5515 3091 5566 et
3130 5505 3350 5570 'Graeca
3395 5517 3523 5572 LXX

1867 5597 2081 5638 versio.

1936 5655 2051 5725 (62)
2091 5650 2276 5713 Exod.
2321 5667 2406 5722 ιιι,
2451 5653 2507 5713 3.

3170 5747 3241 5804 23
