4032 6308
560 313 664 372 7ίῦ

1673 302 2012 382 ιαειιιιΑΝι
2058 300 2105 365 ιι
2155 305 2218 364 Cl

2328 302 2801 364 PATRIARCEJE.
3810 311 3900 366 720

637 437 857 496 XXXVI.
887 439 1034 494 Cum
1055 434 1257 509 itaque
1284 425 1363 494 ad
1387 438 1716 512 Sponsum,
1744 434 1851 508 qui
1879 449 1954 491 ex
2003 437 2218 491 natura

2402 440 2491 496 Δς.
2560 431 2644 493 Ὠς
2705 434 2877 484 τοίνυν
2949 427 3295 507 ὑπερϐολικῶς
3373 421 3628 506 ἐξαίρετον
3711 436 3763 486 ὄν
3849 438 3898 486 τό

563 545 674 586 sua
704 526 1233 600 imperscrutabilis
1257 530 1346 583 est
1365 525 1698 583 sanctitatis
1717 524 2000 597 abyssus,
2030 525 2220 596 Spon-

563 635 693 674 sam
715 616 1015 683 accedere,
1044 615 1612 689 praestantissimum
1651 613 1798 687 quid
1847 613 1923 669 sit
1973 627 2219 670 omnem

562 721 914 762 mensuram
940 703 1258 774 excedens,
1289 705 1659 761 continenter
1700 701 1884 774 hujus
1939 717 2219 758 accessus

563 794 908 850 eucomium
937 794 1204 850 oratione
1234 793 1706 866 prosequitur;et
1729 791 1966 848 iterum:
1997 791 2215 862 Surge,

561 886 750 957 inqui,
773 900 1054 955 propera,
1080 886 1276 941 amica
1300 900 1453 954 mea,
1463 885 1735 955 formosa
1751 897 1906 948 mea,
1938 878 2217 937 columba

562 989 716 1030 mea:
740 990 865 1031 ecce
893 976 1048 1031 enim
1079 975 1262 1031 hiems
1285 973 1547 1040 transiit,
1575 973 1771 1029 imber
1807 971 1956 1029 abiit
1984 969 2218 1026 recessit

561 1064 693 1133 sibi,
718 1065 894 1133 ﬂores
924 1070 1344 1134 apparuerunt
1357 1065 1419 1119 in
1434 1069 1619 1128 terra,
1636 1067 1867 1130 tempus
1879 1058 2217 1130 putationis

561 1153 824 1217 advenit,
846 1169 964 1210 vos:
983 1154 1240 1208 turturis
1256 1152 1469 1209 audita
1486 1158 1569 1209 est
1586 1152 1649 1208 in
1663 1157 1827 1208 terra
1841 1154 2051 1206 nostra
2074 1146 2214 1220 (94).

565 1244 663 1298 liae
695 1242 1076 1299 Canticorum
1099 1241 1309 1311 ﬁgurae
1361 1245 1419 1298 et
1489 1239 1984 1297 adumbrationes
2035 1236 2218 1292 obvio

562 1331 811 1403 quidem
841 1347 1022 1388 sensu
1047 1331 1201 1387 veris
1237 1331 1565 1387 adventum
1591 1334 1649 1386 et
1676 1328 1854 1402 primi
1888 1325 2052 1399 apud
2106 1326 2214 1380 Ju-

562 1421 731 1477 daeos
762 1422 984 1477 mensis
1014 1421 1249 1478 initium
1278 1419 1642 1491 signiﬁcant:
1661 1433 1785 1491 quo
1798 1421 2071 1489 tempore
2088 1430 2216 1472 om-

562 1511 731 1566 nium
761 1515 950 1566 mater
973 1510 1176 1582 (terra)
1205 1509 1442 1581 frigoris
1477 1508 1674 1565 soluta
1698 1505 1977 1571 vinculis,
2008 1509 2065 1561 et
2084 1505 2220 1577 ipsa

561 1600 840 1655 {naturam
867 1598 1139 1670 absolvit,
1156 1598 1634 1669 omnigenasque
1648 1595 1865 1652 herbas
1891 1593 2214 1667 progignit.

564 1688 665 1743 Dei
686 1691 889 1742 autem
914 1689 1092 1744 Mater
1112 1693 1168 1743 et
1188 1703 1326 1743 vere
1357 1690 1568 1742 sancta
1591 1689 1768 1747 terra,
1803 1700 1875 1742 ac
1908 1683 2036 1740 sola
2091 1695 2216 1739 non

2327 522 2639 584 πλησιάζειν
2683 528 2757 591 τῷ
2831 524 3036 594 νυμφίῳ
3080 525 3176 579 τὴν
3232 517 3458 592 νύμφδν,
3560 523 3694 574 κατὰ
3765 524 3898 594 φύσιν

2328 617 2434 666 ὄντι
2488 611 2682 686 ἀπείρῳ
2741 608 2958 682 ἀϐύσσῳ
3013 617 3107 672 τῆς
3176 609 3418 682 ἆγιόττος
3505 606 3896 684 ἓνδιλεχίστερον

2326 710 2436 764 τοῖς
2475 702 2650 774 λόγοις
2715 699 3026 774 ἐπισυνείρει
3087 707 3180 753 τοῦ
3259 699 3635 772 πλησιασμτοῦ
3653 705 3712 754 τὸ
3762 699 3898 774 ivngi-

2323 809 2467 865 μιουο
2490 794 2598 856 καὶ,
2627 790 2639 811 ³
2687 792 2922 860 Δνάστα,
2983 789 3118 857 ἕλθὶ,
3183 789 3215 848 ἡ
3280 788 3506 847 πλησίον
3569 809 3692 863 μου,
3763 790 3893 843 πάλιν

2325 885 2476 955 φησί,
2508 878 2637 939 καλή
2704 881 2819 950 (92)
2869 896 2972 951 μου
3027 878 3311 953 περιστερὰ
3335 897 3436 950 μου
3493 879 3633 950 (93).
3694 875 3893 932 ὄτιὶδού

2322 971 2348 1021 ὁ
2401 975 2603 1042 χειμών
2661 966 2942 1042 παρῆλθενο
2999 967 3026 1020 ὁ
3109 968 3256 1028 ὑετὸς
3336 965 3582 1026 ἀπῆλθεν·
3669 967 3890 1044 ἐπορεύθη

2323 1058 2506 1129 ἑαυτῷ.
2560 1061 2626 1110 τὰ
2679 1058 2809 1115 ἄνθη
2891 1057 3036 1128 ὤφθη
3096 1054 3146 1108 ἐν
3203 1062 3263 1127 τῇ
3315 1065 3411 1129 γῇ.
3469 1060 3647 1130 καιρὸς
3710 1066 3893 1118 πῆςτο·

2323 1157 2425 1221 μῆς
2481 1149 2670 1220 ἔφθασε
2733 1147 2846 1218 (94)
2937 1149 3073 1217 φωνή
3137 1154 3234 1208 τῆς
3311 1151 3554 1221 τρυγόνος
3679 1147 3891 1206 ἠκούσθη

2324 1236 2373 1290 ἐν
2416 1245 2477 1310 τῇ
2528 1244 2596 1309 γῇ
2659 1238 2827 1309 ἡμῶν.
2893 1241 3074 1288 Ταῦτα
3146 1237 3211 1288 τα
3270 1235 3541 1310 ᾄσματικὰ
3583 1235 3898 1310 προϐλήματα

2863 1326 2996 1378 κατὰ
3059 1328 3148 1398 μὲν
3209 1330 3304 1385 τὴν
3364 1331 3645 1400 πρόχειρον
3708 1330 3896 1401 ἔννοιαν,

3311 1151 3554 1222 τρυγόνος

2323 1333 2413 1380 καὶ
2479 1326 2784 1399 αἰνιγματα,

2324 1423 2418 1476 τὴν
2445 1424 2538 1469 τοῦ
2568 1419 2712 1491 ἔαρος
2743 1412 2995 1473 δηλοῦσιν
3049 1411 3358 1490 ἑπιδημιαν,
3396 1421 3488 1469 καὶ
3524 1421 3618 1475 τὴν
3654 1422 3747 1469 τοῦ
3779 1421 3898 1489 πρώ-

2324 1527 2416 1561 του
2442 1509 2586 1580 παρὰ
2610 1506 2621 1527 ’
2662 1502 2928 1567 Ιουδαίοις
2963 1508 3122 1578 μηνὸς
3181 1503 3496 1580 ἐπιφάνειαν·
3565 1507 3665 1559 καθ
3691 1506 3703 1527 ’
3759 1509 3816 1565 ἑν
3871 1507 3894 1563 ἡ

2323 1603 2645 1672 παμμήτωρ,
2685 1605 2786 1648 τῶν
2822 1603 2915 1648 τοῦ
3009 1598 3198 1672 κρύους
3272 1596 3596 1650 ἀπολυθεῖσα
3689 1593 3896 1669 δεσμῶν,

2322 1688 2432 1742 λύει
2457 1692 2547 1740 καὶ
2587 1687 2717 1744 αὐτὴ
2755 1687 2850 1748 τὰς
2883 1681 3092 1748 ὠδίνας·
3135 1691 3226 1738 καὶ
3281 1686 3542 1759 ἀπογεννᾷ
3595 1690 3654 1740 τὸ
3720 1685 3902 1759 παμϐο·

562 1780 808 1848 accepto
839 1775 1064 1831 semine
1085 1775 1270 1831 fetum
1297 1773 1710 1847 progerminat
1730 1771 1896 1829 nullo
1941 1771 2214 1827 humano

2328 1797 2494 1833 τανον.
2551 1777 2608 1829 Ἡ
2651 1772 2711 1828 δε
2748 1780 3051 1849 Θεομὴτωρ,
3103 1780 3194 1828 καὶ
3235 1775 3364 1847 ἁγία
3436 1776 3590 1838 ὅντως
3662 1785 3754 1849 7i,
3827 1781 3905 1828 καὶ

561 1880 741 1938 opere
760 1864 1079 1934 excultum,
1109 1869 1288 1938 atque
1305 1863 1767 1937 implementum
1791 1861 2095 1934 accipiunt
2113 1858 2215 1917 illa

556 1954 721 2011 lsaite
749 1954 1012 2011 oracula:
1042 1954 1402 2026 Egredietur
1426 1955 1600 2024 virga
1629 1953 1704 2010 de
1732 1952 1940 2010 radice
1962 1953 2213 2020 Jesse,et

554 2046 664 2114 ﬂos
688 2044 760 2100 de
785 2043 986 2101 radice
1014 2044 1291 2102 ascendet
1323 2043 1465 2116 (95).

628 2221 1057 2280 XXXVlH’erni
1085 2223 1286 2294 itaque
1306 2220 1614 2294 temporis‘
1644 2222 2042 2287 venustatem,
2093 2217 2212 2274 velo

557 2317 624 2368 ut
648 2311 1005 2367 exsistentiae
1033 2327 1155 2366 suae
1187 2310 1673 2376 fundamentum,
1715 2308 1776 2364 in
1813 2307 1960 2380 ipsis
2011 2322 2214 2364 rerum

558 2399 740 2454 initiis
768 2398 989 2455 invenit
1013 2399 1212 2471 prima
1233 2402 1463 2455 naturae
1484 2397 1770 2454 humana:
1798 2395 2141 2470 plasmatio;
2159 2399 2216 2452 et

559 2503 815 2543 vernum
847 2487 1008 2543 hunc
1039 2492 1319 2544 ornatum
1350 2485 1780 2543 invenitmodo
1826 2489 2058 2542 naturae
2105 2499 2215 2540 no-

561 2581 697 2632 stra:
718 2576 1088 2646 regeneratio
1111 2581 1165 2632 et
1191 2575 1501 2632 renovatio
1513 2574 1744 2632 mundi.
1761 2577 1827 2630 Et
1861 2589 2006 2630 sane
2029 2573 2214 2630 alicu-

559 2666 620 2721 bi
646 2682 951 2722 sacraram
986 2666 1425 2738 Scripturarum
1451 2663 1680 2721 dictum
1731 2669 1838 2730 est,
1869 2663 2038 2737 quod
2066 2663 2217 2719 vidit

564 2757 854 2812 Dominus
883 2758 1039 2812 Deus
1053 2761 1296 2827 terram,
1319 2761 1370 2812 et
1384 2761 1515 2811 erat
1528 2760 1840 2824 corrupta;
1857 2755 2078 2826 quippe
2101 2769 2220 2809 om-

559 2845 654 2900 nis
684 2859 828 2901 caro
858 2850 1214 2914 corruperat
1245 2846 1401 2900 viam
1429 2858 1600 2900 suam
1629 2858 1811 2912 super
1845 2849 2065 2899 terram
2096 2841 2214 2914 (98)

561 2939 614 2990 et
647 2939 810 2990 terra
840 2933 1071 3002 repleta
1099 2939 1228 2988 erat
1252 2933 1574 3002 iniquitate
1594 2930 1832 3002 (99).Ad
1855 2931 2012 2986 hanc
2042 2929 2221 3000 igitur

558 3021 935 3090 iniquitalem
955 3020 1289 3076 sistendum
1305 3020 1654 3093 aperiuntur
1665 3022 1978 3077 cataractae
2003 3017 2220 3090 caelia)

2325 1869 2557 1940 ἄσπορος
2585 1869 2714 1938 μόνη
2746 1868 2842 1923 τὴν
2883 1862 3134 1937 ἀνήροτον
3183 1863 3556 1918 ἀναϐλαστάνει
3621 1870 3905 1940 κυοφορίαν.

2323 1959 2502 2010 καὶτὰ
2539 1963 2632 2017 τῆς
2668 1958 2989 2029 προφητείας
3049 1953 3269 2007 Ἡσαΐου
3332 1959 3490 2028 πέρας
3547 1953 3904 2028 ἀπολαμϐάνει,

2325 2045 2692 2109 Ἐξελεύσεται
2745 2039 2944 2118 ῥάϐδος
3005 2042 3059 2094 εκ
3118 2051 3209 2105 τῆς
3267 2043 3426 2119 ῥίζης
3522 2045 3745 2114 Ἰεσσαὶ,
3834 2049 3911 2096 καὶ

2323 2136 2477 2196 ἄνθος
2503 2134 2557 2187 ἐκ
2577 2142 2666 2195 τῆς
2693 2133 2845 2208 ῥίζης
2866 2131 3210 2191 ἀναϐήσεται.

2393 2231 2498 2280 ΔΖ.
2541 2219 2669 2296 Εὗρε
2696 2223 2788 2294 μεν
2847 2222 2936 2274 οὖν
2999 2221 3115 2274 κατ’
3179 2220 3358 2296 ἀρχὰς
3393 2224 3423 2282 ἠ
3491 2228 3675 2298 πρώτη
3741 2221 3911 2284 πλάσις

2323 2322 2420 2376 τῆς
2443 2314 2838 2387 ἀνθρωπότητος
2887 2320 2981 2375 τῆς
3039 2312 3148 2364 κατ’
3209 2311 3372 2371 αὐτὴν
3427 2313 3770 2374 ὑποστάσεως
3833 2314 3907 2364 θέ-

2325 2404 2525 2478 μεθλον,
2580 2406 2674 2461 τὴν
2733 2399 2938 2476 ἐαρινὴν
2995 2400 3299 2474 εὐκοσμίαν·
3347 2402 3576 2474 εὑρίσκει
3625 2400 3687 2455 δε
3732 2404 3907 2458 ταύτην

2325 2493 2513 2569 ἀρτίως
2538 2497 2628 2544 καὶ
2670 2493 2700 2550 η
2787 2490 3160 2564 παλιγγενεσία
3208 2499 3300 2551 τῆς
3351 2492 3498 2564 ἡμῶν
3569 2494 3786 2564 φύσεως,
3830 2495 3908 2542 καὶ

2323 2591 2416 2636 τοῦ
2435 2582 2690 2654 κόσμουή
2717 2579 3012 2641 ἀνανέωσις.
3042 2583 3262 2653 Εἴρηται
3317 2583 3409 2652 μίν
3464 2599 3565 2633 που
3627 2588 3702 2652 τῷ
3746 2580 3908 2656 γράμ-

2325 2691 2452 2747 ματι
2477 2679 2547 2742 τῷ
2579 2673 2718 2744 ἱερῷ,
2759 2671 2828 2731 ὡς
2858 2665 2980 2723 Εἶδε
3014 2672 3198 2743 Κύριος
3222 2670 3248 2721 ὁ
3308 2672 3435 2730 Θεὸς
3494 2674 3590 2728 τὴν
3655 2678 3774 2743 713v,
3833 2673 3910 2720 καὶ

2327 2759 2389 2821 ἦν
2449 2751 2864 2833 κατεφθαρμένη·
2967 2759 3048 2810 ὃτι
3143 2760 3444 2832 κατέφθειρε
3537 2763 3693 2812 πᾶσα
3793 2756 3910 2831 σὰρξ

2325 2856 2418 2911 τὴν
2439 2846 2563 2902 ὁδὸν
2584 2849 2746 2901 αὐτοῦ
2794 2851 2879 2901 επὶ
2938 2856 3034 2911 τῆς
3097 2855 3215 2920 γῆς,
3291 2853 3380 2901 καὶ
3445 2847 3684 2907 ἐπλήσθη
3756 2850 3784 2907 ἡ
3851 2855 3909 2918 γῆ

2330 2937 2564 3000 ἀδικίας,
2608 2940 2754 2991 Κατὰ
2781 2939 2978 3000 ταύτης
3032 2943 3203 2990 τοίνυν
3267 2945 3362 2998 τῆς
3421 2933 3641 2999 ἀδικίας
3702 2936 3915 3008 ἀνοίγον-

2328 3047 2417 3081 ται
2446 3030 2495 3080 οἱ
2516 3029 2843 3102 καταράκται
2890 3034 2984 3080 τοῦ
3034 3029 3254 3099 οὐρανοῦ
3301 3030 3391 3078 καὶ
3445 3033 3617 3079 πᾶσαι
3675 3030 3730 3080 αἱ
3765 3029 3916 3097 πηγαὶ

562 3115 620 3166 et
639 3125 852 3167 omnes
884 3108 1076 3165 fontes
1104 3108 1332 3182 abyssi,
1365 3113 1422 3164 et
1449 3107 1695 3165 horrida
1722 3107 1790 3164 fit
1810 3124 1842 3165 e
1873 3107 2100 3164 diluvio
2133 3107 2218 3162 fa-

2329 3125 2420 3178 τῆς
2443 3115 2702 3187 ἀϐύσσου,
2745 3120 2835 3168 καὶ
2887 3113 3198 3188 ἆχρειοῡται
3247 3123 3340 3176 τῆς
3389 3124 3490 3188 γῆς
3539 3119 3597 3168 τὸ
3653 3121 3915 3189 πρόσωπον

502 3226 516 3240 ο
561 3200 682 3255 cies
712 3204 907 3256 terrae.
939 3214 1010 3254 ac
1037 3197 1303 3271 pristinae
1322 3196 1778 3267 elegantiaeloco
1811 3195 1891 3254 ad
1919 3197 2222 3267 integrum

561 3302 793 3344 annum
823 3286 1007 3342 facies
1057 3291 1226 3342 terrae
1278 3287 1452 3360 aquis
1497 3285 1848 3353 inundatur,
1924 3285 2224 3359 simulque

563 3391 704 3431 cum
730 3375 801 3429 iis
817 3374 1120 3445 omnibus,
1141 3390 1277 3447 quia
1295 3390 1369 3430 ex
1389 3375 1522 3446 ipsa
1533 3379 1878 3447 assurgunt,
1917 3375 2222 3446 afﬂigitur,

564 3464 988 3536 insuetamque
1014 3463 1170 3519 hanc
1195 3464 1458 3520 hiemem
1489 3465 1669 3520 subit.
1701 3467 1918 3521 Verum
1962 3466 2110 3538 quid
2131 3481 2226 3523 ea-

566 3551 706 3607 dem
732 3567 940 3607 rursus
968 3551 1110 3608 dicit
1165 3553 1516 3625 Scriptura?
1551 3554 1788 3623 factum
1836 3557 1918 3610 est
1982 3569 2225 3611 sexcen-

568 3641 772 3697 tesimo
781 3641 979 3710 primo
993 3656 1153 3698 anno
1169 3643 1303 3697 vita:
1315 3642 1460 3708 Noe,
1475 3643 1673 3712 primo
1686 3658 1899 3713 mense,
1917 3645 2121 3713 prima
2132 3643 2227 3700 die

567 3732 806 3799 mensis,
832 3731 1177 3801 defecerant
1199 3745 1425 3802 aquza
1447 3731 1603 3800 facie
1644 3735 1838 3800 terra,
1887 3738 1942 3788 et
1988 3734 2224 3802 aperuit

565 3820 694 3876 Noe
712 3822 1058 3890 operculum
1074 3835 1248 3886 arcas,
1271 3819 1433 3891 quod
1442 3821 1693 3889 fecerat,
1707 3827 1760 3877 et
1780 3822 1930 3878 vidit
1942 3822 2102 3892 quod
2121 3822 2224 3879 de-

563 3910 800 3979 fecisset
823 3926 982 3982 aqua
1001 3926 1038 3967 a
1056 3910 1217 3979 facie
1237 3915 1410 3966 terrae
1429 3908 1532 3981 (2).
1548 3909 1826 3980 Videsne,
1839 3910 2151 3983 quomodo
2170 3915 2226 3969 et

568 3999 817 4055 secundi
844 3999 1057 4055 mundi
1079 3998 1395 4056 exordium
1427 4013 1466 4054 a
1504 3998 1701 4071 primo
1751 4000 1905 4055 veris
1959 4004 2226 4072 tempore

567 4086 775 4160 incipit
801 4092 826 4142 .9
848 4088 1064 4145 Omnia
1088 4104 1160 4144 ex
1193 4104 1368 4160 aequo
1400 4093 1596 4144 vetera
1622 4088 1724 4144 illa
1755 4087 1835 4144 ad
1864 4093 2224 4160 prmsentem

569 4178 1313 4246 spectantsolemnitatem,
1337 4182 1529 4250 quaet
1548 4177 1733 4233 divini
1749 4177 1946 4233 vultus
1972 4178 2221 4245 aversio,

567 4264 736 4320 etirae
753 4264 1028 4335 ejusdem
1046 4265 1348 4337 profunda
1362 4265 1559 4321 hiems
1597 4266 1778 4322 tinem
1795 4272 2072 4323 sumunt:
2093 4272 2222 4324 tum

565 4366 710 4407 vero
739 4356 960 4409 terram
983 4353 1231 4410 salutari
1261 4353 1600 4410 visitatione
1640 4357 1791 4411 Deus
1843 4354 2117 4422 lustrare,
2168 4361 2226 4413 et

564 4439 682 4496 isto
711 4456 847 4496 vere
877 4457 987 4496 ceu
1016 4441 1233 4497 ﬂorida
1261 4457 1487 4498 corona
1507 4442 1708 4514 ipsum
1756 4458 2046 4500 exornare
2073 4445 2221 4501 inci-

564 4528 672 4600 pit,
697 4533 756 4584 et
783 4529 912 4599 ejus
933 4529 1131 4585 sulcos
1177 4529 1461 4586 bonitatis
1521 4547 1644 4586 suae
1725 4532 2077 4588 muneribus
2100 4534 2221 4591 ine-

560 4616 779 4674 briare.
813 4617 927 4673 Sed
957 4623 1015 4674 et
1047 4619 1228 4675 David
1251 4623 1600 4675 vernantem
1621 4634 1810 4692 prope
1829 4620 2083 4679 dixerim
2099 4622 2222 4680 vul-

559 4708 688 4763 tum
714 4706 1044 4780 explicans,
1068 4723 1138 4763 ac
1159 4723 1368 4765 vocem
1382 4708 1623 4765 citharae
1641 4725 1790 4766 sono
1820 4711 2216 4782 conjungens,

554 4793 697 4853 huic
721 4799 890 4854 terra
918 4795 1295 4854 renovationi
1323 4811 1592 4867 congrua
1634 4797 1717 4854 sic
1771 4797 1930 4854 canit
1969 4814 1981 4853 :
2018 4799 2217 4854 Domi-

554 4887 846 4945 nusdabit
908 4887 1412 4958 benignitatem,et
1475 4893 1640 4945 terra
1737 4893 1954 4946 nostra
2047 4888 2215 4945 dabit

548 4973 823 5046 fructum
837 4992 1011 5035 suum
1041 4978 1139 5049 (3).

621 5296 736 5371 (92)
768 5299 908 5356 Cod.
938 5295 1113 5356 καλαί.

618 5367 729 5440 (93)
761 5372 981 5428 Excidit
1014 5389 1046 5427 e
1073 5367 1208 5427 cod.
1242 5385 1367 5444 μου.
1431 5441 1433 5444 ι

645 5437 732 5510 94)
761 5446 921 5498 Cant.
956 5461 1013 5512 ιι,
1048 5443 1208 5497 10-12
1235 5437 1354 5500 sec.
1379 5437 1525 5497 LXX.

645 5445 732 5510 94)
761 5446 921 5498 Cant.
956 5461 1013 5512 ιι,
1048 5445 1208 5497 10-12
1235 5459 1354 5500 sec.
1379 5445 1472 5497 LX?

615 5445 730 5584 (65)
763 5513 1079 5584 Lectcom.
1106 5515 1308 5584 ἔφθακε.
1462 5571 1472 5578 ,

615 5579 723 5654 (96)
760 5582 968 5656 isa.xu,
1000 5590 1020 5638 1
1055 5579 1173 5640 sec.
1255 5586 1404 5650 LXX,
1449 5580 1552 5656 qui
1607 5581 1814 5656 legunt
1860 5579 1935 5639 de
1989 5583 2198 5641 radice

539 5654 642 5713 ubi
674 5655 926 5728 Vulgata
951 5656 1157 5714 Latina
1180 5656 1382 5728 habet,
1414 5654 1488 5712 de
1506 5655 1713 5712 radice
1741 5658 1890 5725 ejus.

2332 3205 2386 3258 ἐκ
2415 3214 2507 3258 τοῦ
2532 3203 2926 3277 κατακλυσμοῦ,
2960 3207 3048 3255 καὶ
3076 3201 3190 3257 ἀντὶ
3243 3213 3341 3267 τῆς
3387 3207 3646 3280 προτέρας
3689 3204 3920 3278 εὖχροίας

2332 3292 2521 3369 ὑδεριᾲ
2568 3294 2634 3356 εἰς
2680 3293 2794 3347 ὅλον
2833 3291 3085 3346 ἐνιαυτόν·
3137 3296 3228 3345 καὶ
3284 3295 3604 3366 συμπάσχει
3655 3299 3808 3346 παντὶ
3857 3299 3918 3361 τῷ

2333 3383 2387 3447 ἐξ
2410 3384 2574 3445 αὐτῆς
2619 3383 2969 3455 ἀναστήματι,
3021 3386 3111 3435 καὶ
3156 3385 3242 3435 τὸν
3285 3383 3524 3441 ἀσυνήθη
3579 3391 3775 3437 τοῦτον
3819 3400 3916 3454 χει-

2333 3482 2478 3547 μῶνα
2507 3475 2814 3545 ὑφίσταται.
2844 3471 2999 3525 Ἀλλά
3023 3476 3075 3523 τί
3119 3470 3274 3524 πάλιν
3294 3475 3354 3523 τὸ
3413 3470 3539 3524 αὐτὸ
3599 3490 3737 3544 φησι
3772 3472 3920 3544 γράμ-

2332 3579 2426 3636 μα;
2481 3564 2704 3634 Ἐγένετο
2765 3560 2814 3613 ἐν
2864 3569 2938 3632 τῷ
2995 3560 3066 3613 ἐνὶ
3131 3565 3221 3612 καὶ
3287 3559 3647 3632 ἑξακοσιοστῷ
3727 3564 3825 3614 ἔτει
3877 3557 3918 3611 ἐν

2332 3660 2396 3725 τῇ
2423 3653 2529 3725 ζωῇ
2558 3658 2649 3703 τοῦ
2677 3657 2812 3721 Νῶε,
2843 3648 2890 3702 ἐν
2949 3658 3022 3721 τῷ
3070 3653 3256 3723 πρώτῳ
3322 3654 3469 3722 μηνὶ,
3531 3656 3636 3722 μιᾷ
3697 3657 3790 3702 τοῦ
3834 3667 3920 3720 μη·

2332 3745 2436 3812 νὸς,
2497 3740 2692 3795 ἐξελιπε
2762 3742 2819 3792 τό
2897 3735 3043 3814 ὕδωρ
3121 3737 3223 3792 ἀπὸ
3293 3743 3579 3814 προσώπου
3662 3746 3760 3802 τῆς
3833 3746 3920 3810 γῆς

2332 3835 2423 3883 καὶ
2473 3828 2769 3900 ἀπεκάλυψε
2820 3834 2933 3880 Νῶε
2997 3832 3092 3887 τὴν
3153 3831 3342 3900 στέγην
3391 3836 3480 3889 τῆς
3536 3826 3790 3896 κιϐωτοῦ,
3870 3830 3921 3885 ἦν

2334 3917 2566 3986 ἐποίησε,
2627 3922 2718 3969 καὶ
2770 3912 2924 3983 εἶδεν,
2981 3915 3054 3968 ὅτ’
3154 3913 3346 3978 ἐξελιπε
3417 3918 3475 3967 τὸ
3597 3913 3749 3992 ὕδωρ
3833 3913 3921 3966 ἀπὸ

2332 4013 2616 4080 προσώπου
2636 4014 2732 4068 τῆς
2781 4013 2897 4077 γῆς.
2964 4010 3124 4080 Ορᾲς,
3185 4008 3324 4067 ὅπως
3376 4009 3466 4056 καὶ
3517 4005 3548 4062 ἠ
3606 4013 3705 4057 τοῦ
3756 4001 3925 4058 δευτέ-

2331 4114 2424 4170 ρου
2450 4099 2650 4169 κόσμου
2682 4093 2825 4170 ἀρχὴ
2849 4100 2942 4147 τοῦ
2995 4098 3382 4169 πρωτοκαιρίου
3429 4095 3578 4168 ἔαρος
3629 4093 3922 4170 ἐξάρχει-αις

2329 4182 2503 4259 Ὀμῶς
2550 4187 2670 4256 (97)
2731 4184 2937 4236 ἅπαντα
2990 4181 3156 4235 ἐκεῖνα
3214 4184 3282 4235 τὰ
3352 4180 3553 4236 παλαιὰ
3633 4186 3771 4257 πρὸς
3847 4186 3926 4238 τήν

2332 4275 2618 4330 ἐνεστῶσαν
2673 4273 2956 4348 βλέπουσιν
3005 4273 3204 4349 ἑορτήν·
3263 4274 3380 4326 καθ’
3429 4274 3490 4332 ἣν
3551 4275 3622 4326 τὰ
3666 4277 3760 4346 μὲν
3841 4279 3926 4332 τῆς

2331 4363 2662 4439 ἀποστροφῆς
2681 4371 2776 4416 τοῦ
2825 4365 2961 4417 θείου
3017 4366 3322 4436 προσώπου,
3381 4365 3471 4414 καὶ
3526 4362 3553 4413 ὀ
3604 4361 3774 4437 ϐαρὺς
3817 4380 3926 4433 χει·

2329 4458 2440 4528 μὼν
2459 4463 2555 4514 τῆς
2600 4455 2786 4507 τούτου
2845 4453 3007 4528 ὀργῆς
3056 4450 3194 4512 τέλος
3251 4450 3521 4524 λαμϐάνει.
3575 4451 3815 4525 ἄρχεται
3872 4445 3924 4503 δε

2328 4548 2422 4603 τὴν
2451 4552 2551 4616 γῆν
2577 4543 2980 4596 ἐπισκέπτεσθαι
3028 4545 3284 4613 σωτήριον
3335 4538 3655 4607 ἐπισκοπὴν,
3715 4546 3807 4593 καὶ
3858 4545 3922 4608 τῷ

2329 4631 2540 4686 ἀνθεινῶ
2591 4633 2821 4705 στεφάνῳ
2872 4639 2944 4701 τῷ
2997 4631 3111 4704 ἔαρι
3156 4633 3496 4701 καταστέφειν
3569 4629 3770 4696 αὐτὴν,
3841 4631 3920 4679 καὶ

2325 4724 2530 4794 μεθύειν
2560 4723 2649 4783 τὰς
2679 4721 2908 4782 αὔλακας
2940 4726 3058 4782 ταῖς
3112 4726 3200 4780 τῆς
3245 4722 3622 4792 χρηστότητος
3683 4715 3917 4794 δωρεαῖς.

2325 4810 2628 4889 Ἐνεαριξων
2683 4807 2742 4864 δὲ
2797 4813 2888 4862 καὶ
2935 4805 3174 4862 οΔαυῑδ.
3223 4827 3312 4860 και
3365 4815 3428 4879 τῇ
3483 4805 3921 4864 ἀνακαινίσειτῆς

2322 4911 2421 4974 γῆς
2451 4905 2516 4954 τὰ
2557 4906 2835 4976 πρόσφορα
2879 4895 3190 4971 ψαλτῳδών·
3222 4905 3264 4951 0
3297 4900 3489 4970 Κύριος
3556 4893 3728 4952 δώσει
3795 4902 3924 4970 χρῆ·

2326 4997 2574 5060 στότητα,
2628 4986 2833 5062 ἐπᾴδει,
2889 4993 2979 5042 καὶ
3033 4989 3062 5047 ἠ
3117 4997 3184 5060 γῆ
3241 4988 3386 5060 ἡμῶν
3445 4983 3610 5041 δώσει
3660 4991 3753 5041 τὸν
3802 5004 3924 5060 καρ-

2321 5085 2416 5135 πὸν
2439 5080 2627 5144 αὐτῆς.

2387 5298 2504 5368 (97)
2532 5294 2676 5353 COd-
2708 5293 2860 5368 ὅμως.

2389 5368 2504 5437 (98)
2534 5368 2657 5424 Gen
2686 5382 2761 5432 γι,
2787 5371 2874 5423 12.

2382 5443 2494 5510 (99)
2527 5439 2676 5496 Ibid.
2713 5443 2801 5507 ll,

2381 5509 2642 5584 (l)'Gen.
2673 5524 2796 5579 vm,
2836 5510 2921 5584 ii.

2382 5580 2463 5652 (2)
2498 5584 2644 5638 Gen.
2674 5597 2788 5650 vm,
2818 5581 2885 5638 l3
2908 5594 3024 5636 580'
3052 5580 3201 5637 LXX.

2375 5653 2456 5728 (3)
2482 5653 2639 5712 Psal.
2666 5655 3008 5722 Lm1v,t3.
