4032 6308
167 297 273 357 ⁸121

1305 302 1375 360 ΙΝ
1404 302 2026 364 ΑΝΝΠΝΤΙΑΤῙΟΝΕΜ
2051 304 2115 360 Β.
2148 302 2385 362 MANE

3437 314 3546 370 722

243 423 371 483 ΑΠ’.
432 423 516 481 Ἐν
584 431 660 498 τῷ
715 432 883 502 καιρῷ
936 426 1106 500 τούτῳ
1164 425 1381 480 ἵσταται
1431 435 1529 490 τῆς
1578 435 1767 504 μακρᾶι

1963 430 2235 487 XXXVIII.
2268 431 2400 485 Jam
2447 427 2813 486 circumferri
2842 426 3055 487 tandiu
3099 429 3220 487 huc
3266 431 3425 504 illuc,
3475 448 3545 490 ac

163 514 588 590 «epulamur»;
634 520 726 570 καὶ
792 516 940 580 ξένης
1017 520 1356 588 κυμαγωγίας
1438 519 1469 575 ἡ
1549 524 1779 591 κοσμική

161 603 413 675 κιϐωτὸς,
452 610 541 658 καὶ
577 609 638 658 τὸ
686 601 832 681 ὕδωρ
871 609 930 660 τὸ
979 597 1351 661 ἀνυπόστατον
1397 606 1565 660 τέλεον
1609 606 1782 681 έκλιμ-

162 696 342 751 πάνει.
428 694 878 752 ’.ἀποκαλύπτεται
933 697 1002 748 τὰ
1055 695 1524 768 συγκεκαλυμμένοι
1567 703 1781 770 μυστή-

162 801 263 856 pta
292 790 391 845 τῆς
420 781 650 858 ἀρχαίας
671 783 994 858 βουλῆς’τῆς
1031 788 1184 846 ὅντως
1232 783 1482 847 ἀληθινῆς
1547 806 1562 821 °
1603 788 1630 839 ὁ
1685 795 1780 850 τῆς

161 868 519 937 δικαιοσύνης
574 873 718 936 ἣλιος
770 873 1049 947 επιλάμπει
1113 881 1188 946 τῷ
1243 878 1426 948 κόσμῳ
1466 895 1481 910 ο
1534 879 1625 929 καὶ
1675 883 1780 948 φῶς

157 961 326 1034 μέγαί
360 959 490 1016 ἰδεῖν
520 965 570 1017 οἱ
597 967 826 1038 χρονίως
885 962 937 1017 έν
977 967 1151 1017 σκότει
1187 966 1472 1038 καθήμενοι
1504 969 1597 1017 καὶ
1654 971 1782 1037 σκιᾴ

157 1059 262 1105 τοῦ
298 1053 522 1107 θανάτου
567 1053 960 1120 καταξιοῦνται,
1004 1057 1182 1107 καὶτὸ
1228 1057 1432 1128 στερεὸν
1486 1063 1583 1117 τῆς
1628 1074 1780 1108 πνευ-

152 1149 400 1214 ματικῖκ
445 1145 817 1204 καταστάσεως
887 1149 981 1197 τοῦ
1059 1142 1274 1218 ένύγρου
1348 1147 1438 1196 καὶ
1500 1141 1775 1220 πλαδαροῦ

158 1228 296 1304 βίου
344 1229 808 1305 ἀντιλαμϐάνουσι.
862 1235 1151 1308 Περιστιρὰ
1195 1235 1287 1306 μὶν
1334 1229 1424 1286 οὖν
1471 1231 1636 1286 ἐκεῖσε
1675 1235 1773 1306 ἅγ-

154 1319 312 1391 γελος
356 1328 449 1382 τῆς
521 1320 821 1394 ἀπαλλαγῆς
851 1329 973 1385 τοῦς
1029 1321 1407 1395 κατακλυσμοῦ
1456 1343 1470 1363 ν
1525 1325 1613 1381 ἧτι
1654 1341 1772 1395 χιι-

154 1418 334 1482 μῶνος
363 1413 556 1464 ἑκείνου
613 1413 689 1464 ἔτι
734 1409 1131 1484 ἐπικρατοῦντος
1167 1411 1262 1464 οῦκ
1314 1410 1729 1487 έπαρρησιάζετο
1754 1434 1766 1446 ·

156 1497 277 1552 ἐπεὶ
356 1495 416 1552 δὲ
464 1498 725 1573 παρῆλθεν
773 1500 944 1566 οὗτος,
1013 1498 1218 1566 ἐξῆλθεν
1265 1499 1454 1558 έκείνη.
1502 1505 1601 1554 Καὶ
1643 1501 1770 1577 ὑπερ

153 1591 330 1659 χιόνα
359 1583 420 1641 δί
447 1587 600 1648 λευκὴ
627 1588 681 1642 έκ
710 1597 802 1643 τοῦ
839 1591 977 1642 κατὰ
1027 1589 1214 1662 ψυχὴν
1271 1598 1544 1663 φωτισμοῦ
1583 1591 1613 1648 ἡ
1640 1591 1770 1643 πάν-

158 1695 326 1748 αγνος
381 1681 470 1730 καὶ
533 1677 718 1749 λογικὴ
789 1680 1093 1754 περιστερὰ,
1119 1684 1212 1731 τοῦ
1272 1685 1456 1738 νοητοῦ
1515 1677 1772 1732 κατακλυ-

1891 514 2129 574 funesta
2145 517 2408 590 procella
2421 517 2637 589 jactari
2659 523 2852 576 cessat
2865 535 3005 577 arca
3026 521 3262 588 mundi,
3285 527 3344 578 et
3363 523 3546 579 insta-

1891 605 2042 662 biles
2056 608 2135 678 (4)
2151 622 2346 680 aquas
2362 607 2612 664 omnino
2633 607 2871 666 deserit.
2885 609 3018 666 Jam
3039 609 3382 668 revelantur
3401 611 3544 669 abs-

1890 694 2136 754 condita
2214 696 2445 770 antiqui
2516 696 2674 753 illius
2727 703 2782 755 et
2842 715 2987 754 sane
3029 699 3154 756 veri
3197 699 3428 758 consilii
3469 704 3546 771 (ὅ)

1890 786 2223 857 mysteria:
2276 785 2508 844 mundo
2551 786 2853 844 illucescit.
2901 787 2998 844 Sol
3051 788 3292 860 justitite
3339 790 3455 860 (6):
3487 796 3543 847 et

1889 875 1995 948 qui
2023 875 2130 932 diu
2159 875 2221 932 in
2253 875 2513 932 tenebris
2542 881 2600 933 et
2628 876 2689 933 in
2719 876 2937 934 umbra
2965 878 3172 934 mortis
3227 878 3537 942 sedebant,

1889 963 2056 1035 digni
2079 964 2218 1022 facti
2245 969 2405 1036 sunt,
2429 969 2495 1022 ut
2518 979 2806 1036 magnam
2835 965 3031 1022 lucem
3080 966 3324 1024 videant
3353 969 3449 1040 (7),
3482 974 3540 1025 et

1888 1069 2000 1128 pro
2027 1053 2342 1111 ﬂuctuanti
2371 1054 2474 1111 illa
2501 1060 2559 1111 et
2588 1054 2840 1111 ﬂaccida
2868 1055 2984 1112 vita
3011 1055 3370 1114 soliditatem
3420 1058 3539 1130 spi-

1887 1143 2074 1201 ritalis
2102 1143 2436 1202 mansionis
2463 1144 2898 1217 adipiscuntur.
2932 1144 3016 1201 Ibi
3040 1146 3242 1220 itaque
3263 1146 3541 1203 receden-

1885 1234 1960 1290 tis
1985 1233 2194 1290 diluvii
2220 1234 2432 1290 nuntia
2463 1234 2763 1306 (apparet)
2787 1233 3073 1292 columba
3096 1251 3109 1302 ;
3132 1251 3267 1308 qum
3294 1237 3542 1309 quidem

1883 1323 2032 1380 dum
2071 1323 2267 1381 adhuc
2332 1323 2594 1396 procella
2649 1323 2961 1394 obtineret,
3020 1326 3260 1398 prodire
3317 1343 3544 1400 nequa-

1883 1426 2072 1485 quam
2113 1411 2414 1468 audebat:
2448 1411 2649 1484 prodit
2678 1427 2843 1478 vero,
2878 1416 3201 1486 postquam
3247 1413 3541 1472 diluvium

1883 1501 2162 1558 cessavit.
2197 1501 2312 1558 Sed
2341 1506 2399 1557 et
2427 1517 2567 1558 cum
2601 1500 2891 1558 deﬂueret
2921 1503 3184 1574 spiritale
3222 1503 3536 1576 diluvium,

1883 1589 2206 1648 candidior
2237 1590 2373 1646 nive
2399 1590 2479 1646 ob
2511 1591 2728 1647 animae
2760 1591 3160 1664 splendorem,
3219 1596 3542 1666 purissima

1883 1693 1955 1734 ac
1973 1677 2283 1735 rationalis
2302 1679 2589 1736 columba
2610 1682 2690 1750 (8)
2709 1680 2942 1736 mundo
2976 1683 3274 1754 apparuit.
3296 1686 3376 1737 Ac
3401 1699 3540 1756 pro-

160 1771 306 1837 σμοῦ
335 1764 771 1840 ὴορῥεύσαντος,
803 1775 876 1838 τῷ
917 1771 1100 1840 κόσμῳ
1155 1767 1484 1840 ένεφανίσθψ
1539 1769 1646 1820 Λεά
1691 1786 1767 1820 τοι

1882 1771 2088 1840 pterea
2109 1767 2253 1824 dicit
2275 1769 2632 1843 Sponsus(9)
2654 1787 2667 1825 :
2706 1770 2870 1838 Veni,
2900 1773 3097 1826 amica
3113 1785 3260 1841 mea,
3281 1771 3543 1840 pulchra

154 1860 344 1919 τοῦτο,
396 1853 562 1926 Ἐλοὶ,
618 1852 648 1914 ἦ
719 1854 942 1914 πλησίον
1011 1875 1133 1929 μου,
1235 1856 1369 1928 λέγει
1435 1859 1461 1909 ὁ
1531 1861 1770 1929 νυμφίος,

154 1941 295 2002 καλή
340 1962 442 2016 μου
514 1946 798 2018 περιστερά
849 1965 862 1979 ·
912 1946 992 1998 ὅτι
1049 1940 1168 1998 ἰδοῦ
1246 1947 1273 1998 ὁ
1326 1949 1524 2018 χειμὼν
1575 1944 1773 2020 παρῆλ-

159 2031 268 2098 θεν,
326 2032 353 2084 ὁ
401 2033 548 2094 ὑετὸς
612 2030 830 2091 ἀπῆλθε.
891 2035 1207 2106 ῐῐεριστερὰν
1265 2029 1325 2087 δε
1399 2038 1494 2092 τὴν
1556 2052 1772 2106 κεχαρι-

156 2125 396 2194 τωμένην
446 2123 477 2181 ἠ
541 2121 915 2195 ᾁσματίζουσα
971 2123 1234 2196 ὀνομάζει,
1283 2127 1374 2177 καὶ
1417 2120 1512 2177 διὰ
1547 2128 1607 2177 τό
1651 2123 1774 2183 ὃλην

159 2205 220 2262 δι
275 2209 398 2264 ὅλου
451 2213 585 2286 πρὸς
630 2214 690 2265 τό
772 2215 1120 2284 πνευματικὸν
1193 2212 1635 2289 μετεῤῥυθμίσθαι
1681 2218 1772 2266 καὶ

158 2301 320 2353 οἱονεὶ
395 2302 726 2354 πεποιῶσθαι
780 2322 794 2336 ο
847 2300 975 2354 ἀλλὰ
1022 2306 1113 2354 καὶ
1155 2303 1236 2355 ὅτι
1289 2306 1384 2361 τὴν
1436 2303 1638 2356 παῦλαν
1681 2309 1773 2356 τοῦ

155 2395 258 2451 τῆς
309 2387 507 2451 πλάνης
557 2397 813 2462 χειμῶνος
874 2397 985 2453 τοῖς
1025 2388 1316 2464 ἀνθρώποις
1387 2390 1625 2464 ἐμήνυσε,
1684 2397 1774 2446 καὶ

156 2480 251 2530 τὸν
316 2480 612 2553 χρισθέντα
673 2486 747 2551 τῷ
814 2477 966 2552 ἐλαίῳ
1042 2487 1139 2541 τῆς
1207 2478 1560 2552 ἀγαλλιάσεως
1632 2485 1775 2556 παρὰ

154 2570 285 2629 τοὺς
351 2571 613 2640 μετόχους
695 2568 855 2622 αὐτοῦ
939 2577 1012 2640 τῷ
1071 2573 1257 2643 κόσμῳ
1337 2566 1595 2633 ὑπέδειξε.
1673 2575 1774 2623 Καὶ

156 2657 329 2710 πάλαι
371 2660 461 2730 μεν
531 2656 728 2730 έλέγιτο
802 2661 931 2734 πρὸς
997 2666 1092 2712 τοῦ
1157 2666 1312 2726 Θεοῦ,
1380 2657 1774 2732 έξοργιζομένου

156 2750 302 2800 κατὰ
358 2754 457 2799 τῶν
501 2747 837 2823 ἁμαρτὼλῶν,
888 2749 958 2811 ὡς
996 2748 1073 2800 Οὐ
1134 2753 1206 2821 μὴ
1265 2753 1412 2822 μείνῃ
1464 2767 1522 2800 το
1568 2750 1775 2822 Πνεῦμά

154 2854 263 2908 μου
319 2834 397 2889 ἔπ’
451 2836 662 2906 αὐτοὺς,
723 2833 818 2890 διὰ
862 2840 922 2890 τὸ
977 2835 1106 2890 εἶναι
1173 2837 1364 2899 αὐτοὺς
1396 2839 1597 2913 σάρκας
1628 2854 1641 2868 ⁶
1683 2845 1774 2891 τοῦ

155 2928 464 2998 Πνεῦματος
491 2933 618 2998 γοῦν
675 2925 1044 2990 έξοικισθέντος
1099 2925 1288 2980 έκεῖθεν
1341 2934 1434 2979 τοῦ
1495 2930 1770 2990 ζωοποιοῦ,

154 3015 182 3066 ὁ
227 3017 537 3089 νεκροποιὸς
605 3015 980 3089 κατακλυσμὸς
1084 3014 1430 3074 έπενηνεκται.
1516 3016 1775 3070 Ἐνταῦθα

151 3109 206 3156 τί
255 3121 270 3159 :
327 3110 538 3177 Πνεῦμα
588 3105 737 3177 ἅγιον
794 3103 1119 3158 έπελεύσεται
1161 3103 1245 3159 έπὶ
1314 3107 1392 3174 σε,
1468 3109 1559 3157 καὶ
1617 3101 1775 3158 δύνα-

151 3213 245 3266 μις
274 3200 371 3247 τοῦ
393 3191 642 3264 Ὑψίστου
667 3193 970 3247 έπισκιάσει
1009 3213 1091 3247 σοι
1135 3201 1198 3268 τῇ
1250 3200 1778 3269 πανυπεραμωμὴτῳ,

1883 1871 2034 1923 mea,
2059 1857 2340 1913 columba
2358 1872 2524 1915 mea:
2543 1873 2674 1915 ecce
2694 1859 2848 1914 enim
2866 1859 3051 1915 hiems
3072 1861 3336 1929 transiit,
3358 1861 3546 1918 imber

1883 1945 2050 2002 abiit.
2071 1945 2313 2002 Nomine
2333 1951 2536 2003 autem
2551 1947 2848 2004 columbae
2867 1963 2986 2003 vox
3003 1948 3383 2005 Canticorum
3401 1965 3542 2020 gra-

1883 2036 1971 2094 tia
1998 2037 2239 2106 plenam
2269 2038 2378 2108 (10)
2401 2037 2684 2110 appellat,
2721 2041 2847 2093 tum
2888 2039 3033 2110 quia
3063 2042 3187 2094 tota
3216 2043 3272 2095 et
3303 2055 3543 2112 semper

1881 2124 1963 2182 ad
1990 2139 2270 2182 normam
2295 2126 2542 2199 Spiritus
2563 2126 2953 2198 semetipsam
2983 2133 3549 2199 expresserat,eam-

1881 2230 2001 2289 que
2021 2230 2302 2272 normam
2333 2215 2667 2290 quamdam
2719 2215 2902 2271 veluti
2931 2221 3212 2274 naturam
3241 2217 3544 2287 induerat;

1883 2308 2013 2360 tum
2041 2304 2222 2361 etiam
2251 2304 2397 2378 quia
2422 2304 2607 2361 ﬁnem
2636 2304 2854 2360 hiemis
2873 2320 3143 2362 errorum
3167 2307 3548 2364 annuntiavit

1883 2391 2432 2467 bominibus,atque
2442 2400 2682 2449 unctum
2693 2395 2821 2450 oleo
2833 2395 3394 2465 exsuttationispra:
3401 2411 3549 2465 par-

1887 2483 2166 2552 ticipibus
2201 2483 2998 2554 suis(tl)mundoostendit.
3049 2485 3114 2539 Et
3129 2483 3271 2540 olim
3294 2485 3542 2556 quidem

1887 2586 1925 2628 a
1952 2573 2092 2641 Deo,
2123 2572 2414 2630 adversus
2441 2576 2786 2644 peccatores
2811 2571 3238 2640 irato,dictum,
3257 2573 3368 2628 fuit
3385 2593 3397 2632 :
3414 2574 3549 2630 Non

1881 2661 2260 2731 permanebit
2279 2662 2543 2732 Spiritus
2572 2675 2736 2718 meus
2767 2662 2832 2716 in
2856 2662 3020 2732 ipsis,
3049 2667 3363 2732 propterea
3385 2663 3545 2735 quod

1885 2753 2325 2822 earosunt(12);
2347 2750 2597 2822 proinde
2611 2765 2750 2806 cum
2781 2749 3094 2806 viviﬁcans
3128 2751 3381 2823 Spiritus
3404 2751 3544 2807 inde

1883 2838 2246 2905 recessisset,
2269 2839 2639 2896 mortiferum
2660 2837 2974 2895 inductum
2988 2843 3077 2894 est
3095 2837 3389 2895 diluvium
3404 2883 3417 2896 .
3441 2840 3542 2896 Hic

1887 2931 2090 2984 autem
2102 2927 2535 3001 quid?Spiritus
2545 2925 3436 2998 sanctus,inquitarohangelus,
3449 2945 3540 2983 su-

1883 3018 2169 3088 perveniet
2181 3019 2243 3072 in
2263 3021 2334 3081 te,
2353 3017 2594 3072 etvirtus
2611 3015 3260 3071 Attissimiobumbrabt‘t
3291 3016 3394 3070 tibi
3406 3018 3540 3086 (13),

1883 3120 2020 3178 qua).
2051 3121 2175 3179 prie
2199 3104 2486 3162 omnibus
2499 3103 2712 3160 creatis
2772 3118 3020 3176 prorsus
3045 3119 3110 3159 es
3149 3103 3542 3162 immaculata

1810 3193 1973 3267 ἔλεγεν
1994 3196 2020 3246 ὁ
2053 3194 2397 3268 ἀρχάγγελος.

224 3282 363 3338 ΛΘ’.
395 3281 530 3338 Ἀλλ’
553 3283 907 3338 έπιπλεκέσθω
935 3289 1026 3337 καὶ
1075 3287 1142 3336 τὰ
1211 3282 1330 3348 ἑξῆς
1385 3292 1478 3337 τοῦ
1501 3290 1767 3356 ’ᾋσματος

1960 3286 2176 3340 XXXIX.
2232 3286 2448 3340 Verum
2473 3286 2532 3338 et
2585 3297 2723 3354 qute
2767 3285 3102 3354 sequuntur
3154 3281 3215 3336 in
3274 3282 3538 3351 Cantico,

149 3379 215 3444 τῇ
288 3379 386 3425 τοῦ
439 3371 597 3444 λόγου
663 3374 764 3446 ὑφῇ
823 3394 837 3408 ο

153 3465 298 3532 φωνὴ
355 3469 452 3524 τῆς
525 3481 775 3535 τρυγονος
854 3462 1091 3520 ἠκούσθη
1171 3461 1219 3514 έν
1299 3470 1361 3535 τῇ
1440 3470 1508 3534 γῇ
1601 3465 1772 3535 ἡμῶν,

153 3549 240 3605 Ἐν
299 3553 506 3614 τούτοις
584 3552 610 3603 ὁ
693 3547 1016 3627 προδραμὼν
1083 3558 1175 3604 τοῦ
1223 3553 1540 3628 παρθενικοῦ
1592 3557 1772 3622 τόκου,

151 3647 250 3699 τῆν
315 3644 535 3714 στσιρας
590 3639 843 3714 βλαστὸς,
896 3645 1328 3716 παρεμφαίνεται.
1381 3645 1482 3693 Καὶ
1538 3643 1637 3713 γὰρ
1679 3644 1770 3694 καὶ

152 3728 436 3802 εὐάγγελος
517 3729 733 3802 ἄγγελος
815 3728 1128 3803 έπισυνείρει
1224 3728 1515 3805 ἀμφότερα.
1598 3730 1770 3788 Εἰπὼν

151 3821 254 3892 γὰρ
316 3821 449 3893 πρὸς
495 3823 591 3878 τὴν
642 3820 901 3893 Παρθένον
969 3840 984 3853 ο
1032 3825 1242 3892 Πνεῦμα
1306 3819 1456 3891 ἅγιον
1512 3818 1770 3872 ἐπελεύσε-

150 3927 240 3960 ται
319 3906 410 3960 έπὶ
495 3912 570 3980 σε,
656 3913 746 3961 καὶ
827 3905 1052 3982 δύναμις
1127 3908 1380 3980 Ὑψίστου
1473 3907 1770 3961 έπισκιάσει

154 4015 238 4050 σοι
325 4017 339 4030 ⁸
418 3993 505 4050 διὸ
585 4001 674 4050 καὶ
751 4000 810 4051 τό
874 4003 1184 4071 γεννώμενον
1241 3997 1390 4069 ἅγιον
1445 3996 1768 4055 κληθήσεται

152 4087 269 4147 Υἱός
327 4093 456 4139 Θειῦ
510 4107 524 4120 ο
584 4085 871 4158 έπισυνῆψι
931 4090 1138 4149 τούτοις
1193 4086 1346 4148 εὐθὺς
1406 4091 1494 4145 τὴν
1539 4082 1766 4161 προδρο-

151 4181 316 4247 μικήν
346 4175 605 4248 σύλληψιν
656 4198 670 4212 ο
731 4181 833 4230 Καὶ
903 4173 1022 4230 ἰδοὺ
1082 4175 1375 4242 Ἐλισάϐετ,
1414 4179 1444 4234 ἠ
1508 4182 1765 4248 συγγενής

897 3376 1088 3446 Καιρός
1144 3381 1237 3447 τῇς
1278 3381 1444 3446 τομῆς
1501 3375 1694 3446 ἔφθασε
1751 3397 1765 3411 ·

1884 3373 2170 3429 orationis
2214 3376 2462 3429 textura:
2504 3372 2884 3439 inserantur;
2929 3373 3178 3440 Tempus
3204 3373 3538 3441 putationis

1882 3463 2168 3532 advenit;
2207 3477 2325 3519 vos:
2357 3462 2614 3517 turturis
2643 3461 2857 3517 audita
2885 3467 2970 3518 est
3013 3462 3078 3516 in
3119 3468 3283 3517 terra
3328 3466 3538 3517 nostra

1883 3553 2018 3624 (14).
2044 3555 2108 3608 In
2128 3552 2222 3608 his
2248 3566 2494 3623 germen
2541 3565 2783 3624 quoque
2824 3549 3035 3606 sterilis
3051 3565 3392 3622 praecursor
3418 3551 3534 3606 vir-

1879 3642 2036 3714 ginei
2082 3646 2310 3714 partus,
2363 3640 2545 3697 simul
2591 3639 2963 3714 exprimitur.
3013 3641 3076 3695 Et
3101 3655 3244 3695 sane
3275 3639 3530 3709 angelus

1878 3731 2111 3788 faustus
2125 3730 2220 3786 ille
2241 3729 2488 3786 nuntius
2499 3732 2822 3801 utrumque
2839 3727 3016 3782 simul
3044 3728 3358 3783 connectit.
3383 3731 3532 3784 Nam

1875 3803 2202 3894 postquam
2216 3817 2885 3888 VirginidixitzSpiiitus
2898 3821 3142 3872 sanctus
3153 3818 3528 3886 superveniet

1875 3912 1939 3967 in
1967 3916 2116 3978 te,et
2145 3909 2649 3966 virtusAltissimi
2685 3905 3062 3962 obumbrabit
3099 3905 3228 3970 tibi;
3281 3905 3529 3976 ideoque

1872 4000 2034 4073 quod
2060 4004 2344 4056 nascetur
2362 4003 2666 4053 saneetum
2698 3993 3011 4051 vocabitur
3027 3994 3218 4049 Filius
3249 3994 3361 4050 Dei
3382 3995 3520 4064 (l5);

1872 4087 2157 4144 continuo
2181 4086 2572 4158 praecursoris
2599 4082 3055 4154 conceptionem
3095 4082 3186 4138 his
3225 4081 3521 4152 adjunxit,

1869 4177 2254 4250 inquienszEt
2316 4189 2447 4231 ecce
2491 4172 2803 4229 Elisabeth
2862 4178 3122 4242 cognata
3175 4177 3278 4228 tua
3298 4177 3354 4228 et
3387 4174 3522 4241 ipsa

153 4283 271 4335 σου,
358 4265 535 4335 εἰπὼν,
593 4271 684 4319 καὶ
735 4269 869 4325 αῦτή
949 4265 1290 4339 συνειληφυῖα
1353 4267 1465 4318 υἱὸν
1521 4264 1570 4318 ἄν
1614 4271 1762 4340 γήρει

1882 4267 2136 4336 roneepit
2164 4267 2358 4334 ﬁlium
2393 4265 2453 4319 in
2474 4267 2775 4319 senectute
2809 4276 2918 4318 sua
2949 4262 3060 4331 (16)
3091 4261 3189 4316 Hic
3219 4265 3520 4317 estturtur

150 4354 336 4418 αὐτῆς.
399 4355 569 4419 Οὗτός
623 4355 765 4408 έστιν
820 4359 849 4414 ἠ
921 4361 1122 4429 τρυγών
1161 4357 1192 4414 ἡ
1249 4354 1526 4429 φιλρρημος
1561 4395 1574 4408 .
1608 4355 1758 4418 οὗτος

1882 4356 2208 4412 iolitudinis
2243 4354 2474 4412 amicus
2509 4353 2644 4408 :hic
2676 4355 2915 4423 tempus
2942 4351 3269 4424 putationis
3299 4366 3516 4424 appro.

149 4449 242 4504 τὴν
283 4449 448 4518 τομὴν
504 4444 712 4518 έγγίσαι
759 4441 1194 4520 διαμαρτύρεται,
1243 4447 1371 4498 ὅπου
1402 4450 1532 4518 φησί
1565 4467 1577 4480 ·
1611 4442 1751 4504 Ἤδη

1882 4446 2191 4519 einquasse
2217 4447 2482 4511 testatur,
2512 4440 2617 4497 ubi
2649 4440 2730 4496 ait
2763 4458 2776 4496 :
2808 4441 2947 4497 Jam
2985 4442 3141 4497 enim
3161 4441 3382 4498 securis
3434 4441 3517 4496 ad

152 4529 208 4587 δὲ
252 4538 347 4587 καὶ
397 4533 545 4599 ἀξίνη
595 4538 725 4610 πρὸς
763 4539 856 4593 τήν
911 4534 1068 4610 ῥίζαν
1122 4543 1222 4588 τῶν
1279 4531 1509 4609 δένδρων
1561 4542 1747 4590 κεῖται.

218 4713 303 4782 (4)
325 4715 404 4769 De
422 4727 571 4769 voce
593 4711 945 4766 ἀνυπόστατον
973 4710 1066 4786 ita
1086 4712 1331 4786 Ilienric.
1372 4711 1744 4786 Stephanus:

149 4785 556 4869 ῌίενοιινηιιιε
569 4799 882 4869 ennarrans,
902 4783 1066 4869 ρμοά
1082 4783 1280 4869 greci
1296 4783 1638 4869 Biblibrup:
1657 4786 1747 4841 in-

150 4851 438 4930 terpretes
475 4851 874 4930 reddiderunt
895 4851 1039 4930 ὔᾷῳρ
1073 4853 1440 4926 ἀνυπόστατον,
1471 4856 1747 4926 verbum,

147 4928 366 5000 inquit,
397 4927 561 5000 apud
583 4929 828 5000 Graecos
841 4926 1196 4998 ambiguum
1217 4931 1327 5000 est,
1346 4932 1403 5000 et
1429 4931 1627 5000 potest
1651 4943 1744 5000 so-

149 4996 495 5072 nare,quod
519 5013 644 5055 non
665 4996 973 5072 subsistat,
989 4996 1046 5055 et
1073 4996 1238 5071 quod
1254 4996 1626 5056 intolerabile
1650 4999 1742 5055 sit.

211 5072 297 5143 (5)
332 5069 444 5143 I'sa_.
478 5085 608 5143 κίεν,
647 5072 816 5128 isec.
841 5069 994 5125 LXX.

213 5141 294 5214 ie)
325 5141 568 5214 ιιδιαοιι.
599 5157 678 5210 1v,
705 5145 759 5196 2.

210 5211 293 5282 (7)
326 5213 437 5269 Isa.
467 5229 541 5277 IX,
573 5216 626 5282 2,
650 5214 706 5268 et
736 5211 935 5268 Matth.
963 5228 1038 5267 IV.
1072 5213 1160 5267 16.

211 5281 295 5356 (8)
327 5283 643 5356 Spirituale
672 5282 966 5356 diluvium
993 5287 1092 5356 _est
1108 5282 1284 5339 ruina
1305 5281 1373 5356 in
1398 5283 1746 5356 universum

149 5353 338 5424 genus
327 5353 460 5482 J30:-
485 5354 680 5411 Adam
697 5353 964 5412 inducta.
991 5354 1173 5411 Porro
1191 5369 1287 5410 res
1301 5353 1436 5481 ipsa
1458 5354 1743 5481 postulat,

149 5439 218 5482 ne
235 5441 310 5482 eo
371 5425 552 5482 iluvio
581 5425 824 5482 periisse
849 5429 1087 5482 putetur
1107 5425 1308 5482 colum
1355 5441 1394 5482 a
1420 5425 1460 5481 il
1485 5442 1522 5482 a
1548 5429 1743 5482 Duris-

147 5439 218 5506 ne
235 5441 310 5482 eo
327 5425 552 5482 diluvio
581 5425 824 5506 periisse
849 5429 1087 5506 putetur
1107 5425 1394 5506 columba
1420 5425 1522 5482 illa
1548 5429 1746 5506 puris-

151 5497 490 5572 sima,_qua3
515 5495 1099 5572 nuntiapommunis
1129 5495 1341 5572 salutis
1365 5495 1636 5570 apparet.

215 5571 296 5641 (9)
312 5567 476 5626 cant.
511 5585 570 5641 ιι,
596 5569 683 5626 10.
711 5569 834 5624 Hoc
848 5567 1028 5641 etiam
1045 5567 1179 5624 loco
1198 5567 1529 5641 German—us
1578 5570 1748 5641 omit-

151 5638 211 5700 tit
227 5638 360 5716 μου,
394 5639 562 5718 quod
590 5655 663 5699 ex
684 5639 994 5701 communi
1022 5654 1178 5698 vers.
1223 5640 1353 5699 LXX
1400 5639 1751 5714 adjungitur

1860 4534 2118 4592 radicem
2149 4533 2434 4590 arborum
2459 4531 2658 4602 posita
2706 4535 2792 4587 est
2819 4529 2950 4602 (17).
2997 4532 3320 4604 Postquam
3351 4530 3512 4586 enim

1853 4731 1983 4771 V001
2008 4733 2286 4771 πεοιστεοα
2300 4758 2312 4770 .

1923 4769 2040 4849 (10)
2073 4769 2231 4842 ’νὶὴὸ
2273 4769 2414 4856 Deip
2433 4798 2564 4840 ram
2596 4781 3504 4856 anthqmastice{igitlxetptfw-

1855 4862 2031 4930 μένης,
2062 4860 2263 4930 gratia
2286 4853 2505 4926 ptente,
2546 4855 2948 4929 appellatione
2972 4853 3381 4923 designatam'.

1923 4929 2037 5001 )11)
2067 4928 2202 4985 Psal
2228 4944 2381 4995 κων,
2414 4930 2446 4982 8

1926 4995 2038 5069 (12)
2069 5001 2314 5067 Gen.v1,
2347 5002 2376 5054 3
2436 5014 2560 5056 sec.
2628 5013 2799 5069 vers.
2853 4995 3004 5069 LXX,
3071 4995 3244 5065 cujus
3301 4996 3504 5050 tamen

1853 5065 2110 5142 Vulgata
2137 5065 2317 5126 editio
2351 5069 2534 5142 paulo
2577 5069 2744 5125 aliter
2788 5065 2989 5142 habet,
3037 5071 3107 5137 μὴ
3144 5069 3501 5142 καταμείνῃ...

1854 5136 2040 5217 έν-τᾶἰς
2069 5136 2370 5217 _a’twOpg'ciroti
2384 5145 2588 5217 τούτοις
2615 5158 2628 5196 :
2661 5154 2838 5217 voces
2895 5136 3096 5194 autem
3127 5136 3197 5198 εἰς
3226 5136 3312 5189 τὸν
3343 5136 3506 5190 αἰῶνα

1853 5213 2035 5271 etiam
2062 5214 2124 5270 in
2153 5212 2272 5270 edit
2308 5212 2501 5270 Aldin.
2551 5212 2790 5269 desunt.

1925 5286 2042 5356 (13)
2073 5287 2209 5342 Luc.
2243 5301 2281 5353 I,
2309 5287 2396 5340 35.

1924 5359 2039 5427 (14)
2069 5359 2230 5412 Cant.
2265 5371 2323 5421 ιι,
2343 5360 2426 5412 12.

1927 5429 2039 5499 (15)
2074 5430 2266 5499 Luc.i,
2300 5431 2390 5482 35.

1922 5497 2216 5569 (16)11>1(1.
2255 5500 2342 5554 se.

1927 5571 2043 5642 (l7)
2070 5571 2186 5628 Luc
2216 5585 2296 5638 ιιι,
2341 5573 2394 5624 9.
