4032 6308
171 291 277 344 72$
482 297 485 301 ’
1280 294 1350 350 IN
1388 293 1744 350 ANNUNTIA‘

1864 295 2006 350 NE]!
2041 295 2102 350 Β.
2141 292 2404 351 nam.
3436 295 3555 366 vss.

172 413 419 486 μελίωτος
468 411 607 475 οἶκος
650 417 717 466 τά
770 435 832 488 γε
893 422 963 478 είς
1037 414 1292 492 ἀνδρικὴν
1347 426 1621 494 συνεργίαν
1685 439 1744 471 κα

1883 420 2145 489 struitur,
2177 417 2568 491 eaque,quod
2585 416 2664 474 ad
2693 417 3030 476 humanam
3055 419 3544 491 cooperationem

173 505 366 575 φύσεως
423 503 754 558 ἀκολουθίαν.
840 507 1094 560 Ἐνταῦθα
1142 513 1241 582 γὰρ
1297 511 1324 561 ό
1372 513 1565 572 ἔνοικός
1660 513 1744 560 εστ

1885 513 1940 564 et
1967 508 2242 564 ordinem
2274 513 2501 564 naturas
2541 510 2788 578 spectat,
2846 522 3057 564 carens
3110 507 3540 568 fundamentis.

167 599 261 643 τοῦ
292 596 436 644 οίκου
470 593 700 665 θεμέλιος
718 601 807 648 καὶ
859 597 945 648 ἐπὶ
999 605 1073 667 τῷ
1139 595 1408 670 οίκοδὸμῳ
1462 595 1744 672 παραδόξω

1885 597 1987 652 Hic
2015 598 2177 654 enim
2201 595 2568 654 inhabitator
2596 595 2726 666 ipse
2745 598 2834 650 est
2889 595 3278 656 habitationis
3329 596 3544 660 funda:-

168 683 194 732 ό
227 678 370 744 οἶκος
399 681 727 755 ἐστήρικται.
757 684 816 737 Ἠ
858 686 988 744 αὐτὴ
1039 689 1139 762 γὰρ
1163 695 1254 740 τοῦ
1314 694 1483 758 Λόγου
1545 688 1744 740 ὑπόστα

1883 690 2152 742 mentum
2187 689 2282 750 ;et
2323 682 2507 741 modo
2553 682 2734 756 plane
2780 681 3041 739 mirabili
3087 683 3310 744 domus
3361 700 3544 758 super

168 789 250 830 σις
280 776 372 822 καὶ
405 771 636 843 θεμελιός
693 772 806 826 ἐστι
859 783 932 845 τῷ
980 779 1126 847 οἴκῳ·
1179 780 1236 828 τὸ
1289 779 1389 849 γὰρ
1447 777 1744 851 πρόσλημμι

1882 774 2082 846 ipsum
2111 774 2539 831 aadiﬁcatorem
2571 789 2750 828 suum
2789 772 3048 828 cernitur
3087 772 3359 832 fundata.
3393 776 3540 840 Qum

1879 864 2042 924 enim
2074 863 2244 920 Verbi
2273 867 2366 918 est
2393 861 2758 933 hypostasis,
2827 860 3042 918 eadem
3094 866 3152 920 et
3189 861 3401 919 domui
3446 867 3540 922 est

1879 952 2344 1010 fundamentum
2375 969 2389 1018 ;
2416 951 2708 1022 quoniam
2736 949 2902 1017 illud,
2929 950 3097 1023 quod
3148 957 3534 1024 assumptum

1877 1046 1986 1107 est,
2019 1043 2079 1100 in
2107 1044 2228 1097 Deo
2254 1040 2704 1098 subsistentiam
2733 1040 2936 1110 habet,
2971 1055 3042 1096 ac
3074 1042 3227 1096 Deus
3256 1041 3316 1097 in
3347 1057 3419 1098 eo
3448 1041 3536 1098 in-

1876 1131 2106 1188 habitat
2141 1129 2337 1198 ;adeo
2363 1133 2428 1184 ut
2482 1128 2767 1196 duarum,
2814 1144 2951 1200 quae
3003 1129 3065 1186 in
3123 1144 3242 1186 uno
3301 1128 3532 1188 Christo

1878 1226 2038 1288 sunt,
2068 1227 2424 1276 naturarum
2462 1216 2789 1274 discrimen
2826 1217 3144 1276 manifeste
3209 1223 3528 1291 appareat:

1551 869 1627 923 εἴη
1671 875 1770 918 τῶν

161 946 215 999 ἐν
241 957 318 1020 τῷ
346 949 418 1002 ἐνι
448 956 666 1023 Χριστῷ
690 947 789 1004 δύο
814 956 1014 1024 φύσεων
1065 958 1124 1006 τό
1183 951 1434 1028 διάφορον
1481 951 1766 1025 πρόδηλον·

159 1035 372 1113 ἇπείπερ
403 1037 526 1092 ἀλλο
553 1044 614 1092 τὸ
647 1040 874 1094 ἐνοικοῦν
922 1062 974 1094 τι
1024 1044 1161 1114 (ξε),
1209 1049 1301 1096 καὶ
1352 1043 1475 1096 ἄλλο
1523 1049 1582 1096 τό
1637 1048 1770 1096 ἀνοι-

147 1131 434 1200 κούμενον.
495 1131 643 1182 Kurd
689 1133 887 1189 ταύτην
936 1129 1025 1183 οὖν
1073 1138 1166 1192 τὴν
1226 1130 1462 1186 διάνοιαν
1525 1134 1768 1208 εἰρῆσθαι

152 1222 251 1269 καὶ
304 1221 365 1269 τὸ
421 1224 531 1280 τοῖς
586 1218 820 1291 Ψαλμοῖς
856 1221 1212 1294 ἐμφερόμενον.
1269 1229 1437 1282 Εσται
1499 1228 1768 1296 στήριγμα

169 860 577 931 θεοῦπόστατον,
598 867 689 913 καὶ
739 866 892 924 αὐτὸς
939 865 1080 935 αὐτῷ
1137 862 1336 934 ἐνοικεῖ,
1392 868 1436 917 ἰν
1485 867 1497 888 ’

151 1304 209 1356 ἐν
231 1313 294 1377 τῇ
419 1305 512 1358 ἐπ’
547 1308 720 1379 ἄκρων
777 1317 876 1360 τῶν
948 1311 1124 1384 ὁρίων,
1212 1311 1364 1371 αὐτὸς
1431 1310 1763 1376 εὐτθυϐολως,

149 1396 229 1455 ὡς
258 1391 430 1466 οἶμαι,
475 1400 712 1454 νενόηκα.
779 1403 1046 1472 Στήριγμα
1094 1401 1197 1471 γὰρ
1251 1404 1344 1452 καὶ
1391 1402 1683 1460 ὑπόστασις
1737 1402 1765 1453 ὅ

149 1489 457 1554 Move-fni;
487 1492 712 1556 γεγονὼς
748 1495 812 1559 τῇ
865 1491 1018 1560 γηίνη
1052 1494 1230 1563 σαρκὶ,
1286 1490 1349 1547 ἦν
1391 1487 1446 1540 ἐκ
1503 1497 1596 1550 τῆς
1625 1497 1764 1561 Παρ-

151 1574 308 1625 θένου
364 1574 726 1647 προσείληφεν,
783 1576 1095 1650 ὑπερύψωσε
1142 1580 1360 1646 ταύτην,
1418 1582 1507 1632 καὶ
1576 1597 1762 1652 σαρκο-

149 1666 318 1735 φόρος
345 1660 636 1735 ἔπ’ᾶκρων
687 1672 788 1715 τῶν
844 1663 999 1739 ὀρέων
1048 1663 1348 1735 δοξάζεται,
1401 1674 1509 1728 τοίς
1566 1686 1762 1739 χερου-

1875 1310 2166 1382 quoniam
2191 1307 2357 1363 aliud
2377 1321 2522 1362 sane
2553 1311 2658 1373 est,
2691 1306 2856 1378 quod
2889 1305 3185 1364 inhabitat
3213 1307 3273 1366 in
3299 1307 3530 1380 aliquo,

1874 1397 2044 1455 aliud
2074 1412 2232 1464 vero,
2259 1393 2425 1466 quod
2455 1393 2821 1452 inhabitatur
2841 1395 2976 1464 (27).
3019 1397 3191 1452 Recte
3219 1396 3416 1466 igitur,
3465 1402 3532 1464 ut

1877 1487 2022 1542 mihi
2053 1486 2304 1550 videtur,
2337 1484 2398 1539 in
2427 1482 2710 1540 eamdem
2743 1484 3103 1541 sententiam
3141 1485 3257 1541 dici
3287 1489 3347 1541 et
3375 1483 3524 1544 illud

1872 1575 2003 1648 ipse
2032 1575 2260 1641 censui,
2285 1571 2452 1644 quod
2481 1572 2817 1628 continetur
2839 1572 2901 1628 in
2927 1573 3179 1630 Psalmis
3213 1591 3226 1629 :
3257 1575 3393 1630 Erit
3420 1575 3524 1643 ﬂr-

1870 1669 2230 1719 mamentum
2260 1664 2324 1716 in
2385 1665 2550 1716 terra
2579 1675 2760 1728 super
2787 1661 3031 1718 summis
3050 1662 3342 1718 montium
3379 1660 3520 1734 (30).

149 1749 331 1813 ϐικοῖς
359 1750 712 1824 ἐποχούμενος
766 1760 944 1815 νώτοις
1010 1757 1320 1829 θεοπρεπῶς·
1389 1776 1457 1816 εις
1507 1757 1600 1828 ὁρη
1658 1758 1744 1828 γάε

1873 1751 2216 1820 Unigenitus
2227 1749 2388 1805 enim
2409 1747 2874 1806 fundamentum
2894 1753 2950 1805 et
2965 1749 3310 1824 hypostasis
3329 1749 3523 1808 factus

148 1839 430 1911 πολλαχοῦ
484 1842 532 1892 οἱ
578 1843 790 1913 ἄγγελοι
843 1842 1290 1916 ³ἆκλαμϐάνονται.
1360 1851 1644 1917 Τετραχῶς
1701 1841 1762 1898 δέ

141 1945 280 1980 ποτε
309 1935 403 1980 τοῦ
431 1925 800 2002 δωδααφύλου
835 1940 935 1983 τῶν
975 1933 986 1952 ’
1011 1929 1264 1985 laudatam:
1319 1933 1573 1994 εὐτάκτως
1621 1930 1760 1986 διαι-

146 2018 410 2088 μεθέντος,
442 2022 532 2070 καὶ
581 2025 980 2092 προηγουμένης
1033 2020 1152 2094 (28)
1204 2030 1299 2082 τῆς
1351 2021 1596 2086 κιϐωτοῦ,
1651 2023 1755 2074 ἔτει

145 2122 244 2176 ρον
270 2104 328 2156 ἐκ
375 2109 556 2159 τούτου
613 2115 903 2183 μυστήριον
960 2116 1396 2183 προεσημαίνετο.
1455 2112 1524 2172 ὠς
1579 2119 1641 2182 τῇ
1700 2115 1756 2164 ἐκ

145 2195 432 2264 πανάγνων
459 2198 783 2270 παρθαικών
866 2198 1097 2270 αἱμα-των
1164 2201 1532 2270 θεοῠποστάτῳ
1587 2208 1750 2271 σκηνῇ

148 2283 438 2354 κάμψουσι
457 2289 584 2355 γόνυ
613 2288 678 2336 τὰ
708 2286 946 2358 οὐράνια,
976 2293 1067 2340 καὶ
1105 2290 1152 2340 οἱ
1203 2287 1288 2341 ἐπὶ
1342 2297 1435 2360 γῆς
1493 2289 1755 2364 ἂνθρωποι

145 2371 224 2432 εἰς
276 2371 503 2434 Ελληνας
543 2393 632 2426 και
685 2373 978 2438 Ἰουδαίους
1044 2374 1353 2449 διῃρημένοι
1437 2380 1570 2448 (29),

150 2460 292 2512 αὐτὰ
318 2458 492 2519 δήπου
522 2467 588 2515 τὰ
610 2466 942 2535 καταχθόνιοι

1663 2383 1753 2432 καὶ

1869 1840 2127 1898 terrestri
2155 1837 2341 1902 carni,
2363 1851 2551 1908 quam
2577 1853 2649 1892 ex
2675 1837 2911 1907 Virgine
2965 1838 3312 1911 assumpsit,
3361 1839 3520 1898 hanc

1869 1929 2179 1992 exultavit;
2203 1932 2259 1984 et
2275 1926 2607 1982 humanam
2625 1941 2838 1996 gerens
2857 1942 3122 1994 carnem,
3155 1926 3520 1997 gloriﬁcatur

1869 2033 2052 2090 super
2075 2015 2331 2073 summis
2362 2014 2681 2083 montium,
2699 2015 3034 2072 cherubicis
3062 2015 3302 2086 scilicet,
3341 2022 3522 2089 prout

1870 2110 2055 2164 Deum
2093 2107 2283 2173 decet,
2312 2105 2580 2162 invectus
2633 2103 2925 2171 humeris,
2957 2121 3096 2161 cum
3153 2104 3352 2176 angeli
3406 2106 3519 2163 fre-

1863 2200 2116 2269 quenter
2130 2198 2426 2254 montium
2444 2194 2691 2254 nomine
2708 2192 3096 2265 accipiantur.
3119 2193 3232 2252 Sed
3255 2198 3314 2250 et
3354 2193 3520 2252 aliud

1865 2285 2218 2357 mysterium
2249 2287 2309 2344 in
2339 2303 2408 2343 eo
2437 2281 2940 2358 prmsignabatur,
2975 2280 3142 2355 quod
3189 2281 3519 2356 aliquando

1862 2374 2186 2431 duodecim
2215 2374 2563 2436 Iudaeorum
2586 2370 2776 2427 tribus
2806 2369 3061 2442 pulchro
3107 2370 3320 2428 ordine
3368 2387 3520 2446 qua.

1861 2464 2172 2522 drifariam
2236 2465 2571 2522 distributae
2617 2461 2754 2529 sint,
2808 2475 2950 2518 arca
3005 2475 3146 2517 vero
3228 2459 3524 2533 praecede-

146 2555 246 2606 ret
273 2538 930 2624 (3t);'praasignabatur
954 2570 1172 2628 nempe
1203 2555 1490 2618 futurum.
1532 2562 1598 2612 ut
1621 2554 2032 2621 tabernaculo,
2059 2570 2133 2611 ex
2160 2554 2486 2626 purissimo
2511 2549 2806 2618 sanguine
2843 2548 3094 2618 Virginis
3145 2548 3443 2608 aediﬁcato
3467 2553 3526 2616 et

143 2638 213 2693 in
249 2640 370 2693 Deo
399 2639 851 2697 subsistentiam
877 2642 1157 2710 habente,
1184 2649 1311 2698 tum
1342 2644 1671 2700 caelestium
1711 2649 1837 2699 tum
1871 2643 2257 2712 terrestrium,
2282 2642 2599 2700 hominum
2613 2637 2972 2712 nempe,qui
3003 2637 3524 2710 distinguebantur

145 2727 219 2781 in
249 2727 494 2783 .Iudaaos
533 2734 590 2785 et
629 2732 886 2796 Graecos,
926 2735 981 2786 ct
1019 2731 1292 2804 ipsorum
1323 2733 1528 2804 utique
1558 2732 1887 2788 inferorum
1933 2747 2132 2802 genua
2169 2731 2564 2788 ﬂecterentur.

225 2817 344 2872 ΜΓ.
387 2818 514 2878 Δλις
554 2817 733 2870 λοιπὸν
783 2829 883 2870 τῶν
939 2816 1180 2874 σκιωδῶν
1211 2818 1611 2893 ὑποδειγμάτων
1669 2825 1758 2874 καὶ

147 2914 409 2957 τυπικῶν·
466 2905 576 2967 α’λις
640 2916 740 2960 τῶν
809 2905 1090 2961 Δαυῖδείων
1148 2906 1582 2982 ψαλτῳδημάτων
1667 2913 1758 2962 καὶ

143 3001 253 3044 τῶν
298 2993 679 3066 Σολομωντείων
733 2995 1006 3068 ᾀσμάτων.
1059 2998 1211 3051 Ἰτίον
1277 3017 1339 3051 επ
1370 2999 1381 3017 ’
1435 2998 1602 3050 ἐκεῖνα
1653 3019 1756 3054 τοι·

137 3084 272 3155 γὰρ,
343 3081 379 3134 ἃ
449 3083 622 3140 πολλοὶ
701 3095 965 3156 προφῆται
1034 3092 1125 3138 καὶ
1209 3084 1449 3159 βασιλεῖς
1503 3086 1756 3160 ἐπεθύμη-

139 3190 247 3223 σαν
275 3169 428 3235 ἰδεῖν,
451 3173 540 3225 καὶ
569 3174 663 3226 οὐκ
694 3171 854 3228 εἶδον.

220 3437 232 3455 ’
263 3444 309 3490 Ο
362 3442 742 3512 παριστάμενος
803 3442 907 3493 ἀνω
956 3444 1087 3513 μετὰ
1143 3439 1298 3502 δέους
1344 3452 1416 3513 τῷ
1465 3448 1754 3518 παντοκρά-

142 3543 265 3599 τορι
331 3533 544 3597 γυναικὶ
625 3533 947 3602 παρίσταται
1020 3535 1245 3604 σήμερον
1325 3535 1453 3604 μετὰ
1507 3534 1752 3594 πλείστης

137 3623 236 3675 τῆς
268 3614 535 3678 εὐλαϐείας
586 3621 714 3688 πρὸς
770 3621 966 3679 ταύτης
1018 3619 1043 3670 ὁ
1092 3625 1416 3693 πυρίμορφος
1465 3620 1751 3696 ἀνταστρά-

135 3723 349 3756 πτεται·
402 3705 428 3754 ό
481 3705 637 3767 ἄυλος
689 3710 782 3763 τὴν
861 3707 1030 3758 ἔνυλον
1095 3704 1322 3760 δέδοικε·
1397 3716 1670 3782 Ζαχαρίας
1722 3714 1747 3763 ὁ

134 3790 424 3864 ἀρχιερεὺς
471 3796 547 3846 ἔτι
590 3803 682 3854 τῆς
733 3794 1045 3867 ἀμφιϐολίας
1093 3795 1331 3870 ἐπιτίμια
1371 3807 1610 3872 καρτερεί
1653 3805 1746 3858 τὴν

129 3880 388 3952 ἀφωνίαν,
468 3888 562 3940 τὴν
610 3890 889 3956 κωφευσιν.
953 3882 1082 3938 Οἱδε
1134 3895 1284 3939 τοῦτο
1333 3890 1362 3945 ἡ
1411 3891 1663 3961 Παρθένος
1710 3893 1738 3948 ἡ

129 3976 416 4042 συγγενὴς.
447 3977 531 4024 καὶ
559 3969 754 4040 εἰδυῖα,
788 3973 927 4044 ὅμως
973 3973 1222 4046 ἀντιλέγει
1275 3985 1356 4046 πῷ
1406 3976 1737 4049 ἀρχαγγίλῳ.

134 4065 252 4120 [Ιῶς
312 4063 464 4114 ἔσται
528 4081 619 4132 μοι
688 4070 861 4130 τοῦτο,
939 4062 1049 4115 ἐπει
1113 4061 1282 4138 ἄνδρα
1339 4066 1398 4116 οὐ
1474 4074 1736 4137 γινωσκω;

124 4155 169 4200 Ο
228 4145 292 4201 δὲ
356 4149 452 4200 οὐκ
503 4149 734 4222 ἐπιτιμᾷ,
797 4150 925 4204 ἀλλὰ
984 4156 1042 4204 τό
1097 4151 1563 4227 ἀμφισϐητήσιμον
1621 4154 1735 4212 δια-

123 4235 251 4303 λύει,
288 4238 402 4309 μεθ’
431 4241 545 4300 οῖας
593 4241 653 4290 ἄν
698 4259 777 4300 τις
835 4245 960 4312 φαίη
1027 4237 1273 4303 δουλικῆς
1322 4244 1601 4306 συστολῆς*
1659 4246 1734 4298 Οὐ

121 4329 222 4400 γὰρ
257 4332 420 4397 μόνου
445 4337 536 4379 του
580 4326 865 4402 ἀρχιερέως
918 4331 1130 4401 μείζονα
1187 4336 1379 4389 ταυτην
1434 4333 1729 4403 ἐγίνωσκεν,

124 4412 252 4466 ἀλλὰ
302 4421 392 4466 καὶ
449 4425 540 4467 τοῦ
607 4415 653 4467 ἐν
693 4425 797 4476 τοῖς
859 4417 1026 4490 ἁγίοις
1084 4427 1182 4469 τῶν
1227 4420 1388 4488 ἁγίων
1423 4421 1729 4496 ὶλαστηρίου

122 4505 240 4555 ἔνθα
291 4505 318 4554 ο
372 4503 648 4578 ἀρχιερεὺς
698 4508 892 4577 θυμιῶν
938 4512 1241 4580 πεπήρωται
1272 4513 1335 4561 τὰ
1385 4511 1726 4587 αἰσθητήρια,
1768 4490 1810 4541 D

124 4593 204 4644 ἱνα
248 4598 323 4664 μὴ
375 4598 623 4665 πρός,τὰ
670 4597 786 4648 κατ’
837 4597 1088 4653 αἰσθησιν
1148 4600 1284 4668 ἔχων
1337 4603 1421 4651 τόν
1459 4608 1576 4651 νουν
1620 4610 1728 4664 τοῖς

120 4680 246 4752 ὑπὲρ
306 4681 603 4752 κατάληψιν
651 4688 874 4755 απιττη.
935 4691 974 4735 ιι
1041 4681 1102 4737 δε
1164 4689 1422 4760 Παρθένος
1483 4691 1548 4740 τὰ
1627 4691 1727 4741 ὑπὸ

117 4773 208 4826 τὴν
269 4772 524 4828 αἴσθησιν
579 4767 932 4829 διαϐεϐηκότα
988 4771 1100 4846 εἶχε
1141 4778 1227 4826 τόν
1274 4784 1411 4842 νοῦν,
1445 4782 1530 4827 καὶ
1599 4781 1729 4850 μετὰ

117 4867 213 4910 τῶν
245 4858 416 4912 ἑώλων
468 4865 594 4912 νόων
648 4868 759 4931 Θεῷ
806 4865 1209 4936 παριστάμενον.
1262 4861 1391 4917 Οἵδε
1441 4862 1588 4918 τοῦτο
1638 4871 1726 4919 καὶ

180 5036 300 5097 (26)
329 5034 472 5090 Cod.
500 5039 801 5088 ὶνοικοῡντι.

180 5105 304 5176 (27)
325 5105 576 5161 adverte
597 5107 916 5162 discrimen
944 5109 1356 5164 Nestorianam
1378 5111 1530 5165 inter
1551 5117 1608 5165 et
1629 5128 1722 5167 ca-

116 5175 396 5230 tholicam
415 5181 792 5233 sententiam.
817 5178 1092 5242 Utrisque
1106 5181 1288 5242 enim,
1311 5182 1622 5237 Catholicis
1650 5199 1719 5238 ac

117 5247 499 5314 Nestorianis,
533 5249 820 5304 familiare
848 5248 958 5304 fuit
986 5247 1142 5304 hanc
1171 5250 1496 5318 imaginem
1550 5270 1717 5308 usur-

117 5331 273 5394 pa_re_
297 5318 439 5394 etin
473 5319 702 5374 Christo
732 5320 983 5394 Domino
1019 5321 1429 5394 habitaculum
1465 5324 1644 5379 simul
1665 5331 1720 5379 et

118 5388 551 5457 inhabitantem
575 5393 866 5445 contueri.
896 5397 966 5446 At
991 5392 1336 5457 Nestoriani,
1355 5393 1501 5450 dum
1532 5397 1588 5449 in
1615 5396 1717 5450 ha-

119 5456 380 5532 bitaculo
438 5461 854 5532 etrhabitante
905 5463 1091 5517 alium
1153 5469 1207 5518 et
1250 5456 1441 5520 alium
1494 5467 1715 5532 vident,

122 5528 270 5604 duas
298 5531 359 5604 in
386 5531 617 5604 Christo
645 5547 934 5603 personas
958 5532 1140 5604 impie
1162 5533 1541 5602 distinguunt
1572 5553 1585 5592 :
1620 5528 1719 5592 Ca;

122 5599 318 5656 tholici
357 5617 500 5658 vero
531 5599 676 5658 dum
718 5619 879 5658 mere
909 5599 1085 5660 aliud
1113 5611 1166 5660 et
1197 5599 1379 5663 aliud
1395 5607 1602 5668 dicunt
1630 5609 1716 5668 in:

1939 2819 2120 2875 XLIII.
2173 2823 2456 2876 Cmterum
2523 2817 2651 2888 jam
2705 2815 2853 2872 satis
2908 2814 3325 2887 symbolarum
3377 2820 3525 2890 typo

1863 2923 2120 2981 rumque
2150 2905 2720 2966 adumbrationibus
2745 2905 3182 2977 persequendis
3221 2905 3526 2968 immorati

1864 3013 2077 3054 sumus
2109 3017 2126 3062 ;
2159 2997 2301 3054 satis
2319 2993 2846 3067 ex-multiplicibus
2866 2993 3169 3066 variisque
3201 2993 3523 3068 propheta.

1864 3103 1998 3144 rum
2027 3087 2286 3144 oraculis
2321 3085 2652 3142 attulimus.
2723 3082 2873 3140 Satis
2918 3081 3339 3144 Davidicorum
3368 3082 3525 3156 psal-

1865 3192 2128 3244 morum,
2150 3181 2208 3231 et
2229 3174 2568 3232 Salomonis
2584 3173 2955 3230 canticorum
2978 3171 3398 3229 delibavimus.
3433 3173 3524 3231 Ad

1865 3265 1964 3321 illa
1993 3270 2194 3338 itaque
2225 3262 2620 3336 pergendum,
2647 3278 2784 3334 quae
2804 3261 2984 3318 multi
3010 3261 3318 3331 prophetae
3349 3267 3402 3318 et
3431 3277 3523 3320 re-

1863 3370 1962 3425 ges
1994 3355 2345 3424 cupiverunt
2376 3352 2598 3414 videre.
2629 3356 2824 3406 etnon
2858 3350 3140 3408 viderunt
3178 3351 3316 3422 (32).

1938 3443 2033 3498 Ille
2066 3442 2171 3514 qui
2212 3441 2271 3496 in
2301 3440 2465 3496 caelis
2490 3456 2629 3496 cum
2644 3439 2860 3499 timore
2899 3443 3055 3495 astat
3073 3453 3280 3495 coram
3323 3439 3522 3497 Omni.

1862 3535 2120 3602 potente,
2152 3530 2419 3585 maxima
2466 3544 2602 3583 cum
2635 3525 2966 3582 reverentia
3016 3525 3196 3582 hodie
3218 3531 3372 3586 astat
3426 3543 3522 3584 co-

1860 3634 1991 3675 ram
2022 3617 2269 3675 muliere
2299 3633 2312 3684 ;
2345 3617 2424 3675 ab
2444 3617 2626 3688 hujus
2655 3615 2994 3688 splendore,
3034 3619 3164 3674 utut
3187 3614 3365 3686 ignea
3392 3615 3518 3689 ipse

1859 3708 2092 3778 fulgens
2119 3707 2335 3774 forma,
2358 3706 2696 3780 percellitur
2718 3723 2732 3766 ;
2763 3705 3024 3767 mater-im
3037 3719 3251 3776 expers
3269 3721 3517 3778 corpore

1857 3802 2234 3854 constantem
2265 3801 2515 3852 veretur.
2551 3798 2835 3854 Summus
2865 3793 3146 3850 sacerdos
3201 3795 3515 3851 Zacharias

1855 3886 2055 3942 adhuc
2083 3886 2429 3944 diiﬁdentim
2460 3902 2582 3941 sum
2607 3899 2852 3957 poenam
2878 3889 3097 3954 mutus,
3123 3883 3378 3953 elinguis
3407 3883 3513 3941 luit

1852 3978 1978 4031 Non
2019 3975 2208 4031 nescit
2237 3975 2297 4030 id
2323 3979 2582 4043 cognata
2603 3973 2786 4041 Virgo
2822 3991 2835 4039 ;
2867 3986 3126 4043 cumque
3155 3971 3213 4026 id
3254 3973 3507 4040 noverit,

1851 4063 2213 4132 archangelo
2230 4061 2592 4118 tamenillud
2614 4060 2817 4132 objicit
2847 4079 2859 4115 :
2892 4060 3191 4127 Quomodo
3211 4061 3328 4118 erit
3358 4061 3512 4118 mihi

1846 4152 2026 4221 istud,
2053 4155 2336 4223 quoniam
2363 4151 2558 4206 virum
2590 4165 2711 4204 non
2743 4163 3030 4219 cognosco
3060 4149 3169 4218 (33)
3195 4151 3223 4205 ?
3261 4152 3370 4208 Ast
3407 4150 3503 4207 hic

1846 4256 1967 4298 non
1999 4240 2527 4313 pmnamintentat,
2558 4238 2665 4294 sed
2695 4254 2834 4294 cum
2865 4253 2936 4294 ea
2952 4237 3336 4310 demissione,
3380 4255 3504 4313 qua

1844 4331 2115 4386 servulus
2132 4335 2404 4397 uteretur,
2427 4329 2797 4401 prOpositam
2831 4327 3268 4384 dubitationem
3301 4329 3497 4387 solvit.

1845 4424 2009 4476 Hanc
2038 4420 2266 4491 quippe
2295 4423 2546 4473 noverat
2571 4434 2692 4472 non
2718 4416 2902 4472 modo
2926 4433 3169 4473 summo
3200 4419 3498 4476 sacerdoti

1841 4511 2198 4584 prmcellere,
2231 4509 2334 4565 sed
2368 4509 2460 4564 vel
2483 4507 2867 4582 ipsi,quodin
2883 4508 3116 4564 Sanctis
3147 4513 3494 4568 sanctorum

1840 4600 2081 4668 latebat,
2097 4598 2524 4670 propitiatorio,
2543 4598 2645 4653 ubi
2667 4596 2969 4662 sacerdos,
2983 4596 3132 4653 dum
3156 4596 3494 4670 thymiama

1839 4689 2121 4756 adoleret,
2136 4687 2353 4743 exstasi
2375 4703 2412 4742 a
2433 4687 2707 4744 sensibus
2732 4687 3068 4743 abstractus
3095 4691 3203 4754 est,
3227 4703 3302 4743 ne
3331 4689 3491 4746 scili-

1838 4784 1928 4832 cet
1957 4776 2340 4832 sensibilibus
2363 4782 2625 4831 mentem
2665 4776 2984 4846 adhibens,
3017 4775 3096 4832 ab
3133 4775 3205 4831 iis
3245 4778 3492 4835 creden-

1835 4867 1951 4936 dis,
1983 4881 2118 4938 quae
2150 4865 2362 4920 mentis
2393 4871 2636 4938 captum
2689 4868 3061 4936 superarent,
3110 4871 3482 4923 avocaretur.

1833 5043 2231 5099 habitatorem
2264 5045 2320 5097 et
2369 5041 2806 5107 habitaculum,
2858 5040 3011 5097 duas
3040 5044 3310 5109 naturas,
3365 5059 3483 5100 ser-

1832 5121 1971 5170 vata
2005 5129 2281 5185 personae
2312 5114 2558 5177 unitate,
2591 5111 2964 5185 proﬁtentur.

1903 5181 2021 5255 (28)
2066 5183 2208 5240 Cod.
2293 5181 2704 5257 προηγουμένου,
2791 5181 2897 5238 sed
2973 5182 3284 5252 mendose,
3336 5201 3480 5244 nam

1829 5256 2030 5323 (Num.
2064 5272 2118 5324 x,
2142 5259 2240 5328 435)
2275 5255 2578 5325 scriptura
2608 5259 2874 5315 testatur,
2935 5269 3138 5310 arcam
3177 5257 3482 5328 prmivisse

1900 5327 2016 5402 ('29)
2211 5326 2546 5402 διῃρημένον.

1902 5396 2014 5537 (3οζ
2041 5396 2191 5452 Psal.
2221 5396 2361 5460 LXXI,
2381 5396 2476 5452 l6.

1902 5472 1985 5537 (31
2041 5472 2213 5524 Num.
2248 5484 2303 5533 x,
2337 5471 2425 5524 33.

1901 5471 2014 5533 (3t)
2041 5472 2213 5524 Num.
2248 5484 2303 5533 x,
2337 5471 2425 5524 33.

1900 5535 2014 5605 (32)
2047 5542 2181 5594 Luc.
2219 5557 2269 5603 x,
2300 5541 2389 5593 24.

1907 5610 2022 5680 (33)
2056 5612 2189 5667 Luc.
2218 5628 2256 5678 ι,
2292 5611 2378 5666 34.
