  <div class='ocr_page' id='page_1' title='image "/cluster/home/n/w/nwhite01/storage/ocr_20150623/140/pst.000005714568/405.png"; bbox 0 0 4032 6308; ppageno 0'>
   <div class='ocr_carea' id='block_1_1' title="bbox 511 245 648 358">
    <p class='ocr_par' dir='ltr' id='par_1_1' title="bbox 511 245 648 358">
     <span class='ocr_line' id='line_1_1' title="bbox 511 245 648 358; baseline -0.029 -1"><span class='ocrx_word' id='word_1_1' title='bbox 511 297 619 358; x_wconf 75' lang='lat'><strong>727</strong></span> <span class='ocrx_word' id='word_1_2' title='bbox 643 245 648 250; x_wconf 31' lang='lat'><strong><em>-</em></strong></span> 
     </span>
    </p>
   </div>
   <div class='ocr_carea' id='block_1_2' title="bbox 1682 289 2752 353">
    <p class='ocr_par' dir='ltr' id='par_1_2' title="bbox 1682 289 2752 353">
     <span class='ocr_line' id='line_1_2' title="bbox 1682 289 2752 353; baseline -0.005 -1"><span class='ocrx_word' id='word_1_3' title='bbox 1682 294 1995 353; x_wconf 70' lang='lat' dir='ltr'><strong>GERMANI</strong></span> <span class='ocrx_word' id='word_1_4' title='bbox 2033 295 2080 351; x_wconf 87' lang='lat' dir='ltr'><strong>II</strong></span> <span class='ocrx_word' id='word_1_5' title='bbox 2120 295 2220 352; x_wconf 74' lang='grc' dir='ltr'>ΕΡ.</span> <span class='ocrx_word' id='word_1_6' title='bbox 2260 289 2752 352; x_wconf 71' lang='grc' dir='ltr'><strong>ΡΑΤΒΙΑΗΟΗᾹΞ.</strong></span> 
     </span>
    </p>
   </div>
   <div class='ocr_carea' id='block_1_3' title="bbox 3797 287 3900 347">
    <p class='ocr_par' dir='ltr' id='par_1_3' title="bbox 3797 287 3900 347">
     <span class='ocr_line' id='line_1_3' title="bbox 3797 287 3900 347; baseline -0.019 0"><span class='ocrx_word' id='word_1_7' title='bbox 3797 287 3900 347; x_wconf 80' lang='lat'><strong>728</strong></span> 
     </span>
    </p>
   </div>
   <div class='ocr_carea' id='block_1_4' title="bbox 513 413 2192 494">
    <p class='ocr_par' dir='ltr' id='par_1_4' title="bbox 513 418 2181 494">
     <span class='ocr_line' id='line_1_4' title="bbox 513 418 2181 494; baseline -0.001 -15"><span class='ocrx_word' id='word_1_8' title='bbox 513 423 591 479; x_wconf 70' lang='lat' dir='ltr'><strong>At</strong></span> <span class='ocrx_word' id='word_1_9' title='bbox 627 421 803 494; x_wconf 82' lang='lat' dir='ltr'><strong>Virgo</strong></span> <span class='ocrx_word' id='word_1_10' title='bbox 831 423 1098 479; x_wconf 82' lang='lat' dir='ltr'><strong>mentem</strong></span> <span class='ocrx_word' id='word_1_11' title='bbox 1129 433 1314 494; x_wconf 82' lang='lat' dir='ltr'><strong>supra</strong></span> <span class='ocrx_word' id='word_1_12' title='bbox 1337 419 1565 489; x_wconf 81' lang='lat' dir='ltr'><strong>omnia,</strong></span> <span class='ocrx_word' id='word_1_13' title='bbox 1591 433 1730 493; x_wconf 77' lang='lat' dir='ltr'><strong>quae</strong></span> <span class='ocrx_word' id='word_1_14' title='bbox 1782 434 1996 477; x_wconf 83' lang='lat' dir='ltr'><strong>sensus</strong></span> <span class='ocrx_word' id='word_1_15' title='bbox 2047 418 2181 478; x_wconf 76' lang='lat' dir='ltr'><strong>alii-</strong></span> 
     </span>
    </p>
   </div>
   <div class='ocr_carea' id='block_1_5' title="bbox 2312 413 3900 494">
    <p class='ocr_par' dir='ltr' id='par_1_5' title="bbox 2312 413 3900 493">
     <span class='ocr_line' id='line_1_5' title="bbox 2312 413 3900 493; baseline -0.001 -24"><span class='ocrx_word' id='word_1_16' title='bbox 2312 445 2316 469; x_wconf 88' lang='grc' dir='ltr'>ι</span> <span class='ocrx_word' id='word_1_17' title='bbox 2367 417 2616 493; x_wconf 66' lang='grc' dir='ltr'>Γαϐριὴλ,</span> <span class='ocrx_word' id='word_1_18' title='bbox 2682 418 2773 470; x_wconf 83' lang='grc' dir='ltr'>καὶ</span> <span class='ocrx_word' id='word_1_19' title='bbox 2802 417 2898 476; x_wconf 72' lang='grc' dir='ltr'><strong>τήν</strong></span> <span class='ocrx_word' id='word_1_20' title='bbox 2928 415 3228 490; x_wconf 64' lang='grc' dir='ltr'>ἀντιλογίαν</span> <span class='ocrx_word' id='word_1_21' title='bbox 3259 415 3354 470; x_wconf 75' lang='grc' dir='ltr'>οὐκ</span> <span class='ocrx_word' id='word_1_22' title='bbox 3405 415 3461 480; x_wconf 76' lang='grc' dir='ltr'><strong>ἐξ</strong></span> <span class='ocrx_word' id='word_1_23' title='bbox 3485 415 3766 486; x_wconf 76' lang='grc' dir='ltr'>ἀπιστίας,</span> <span class='ocrx_word' id='word_1_24' title='bbox 3798 413 3900 467; x_wconf 78' lang='grc' dir='ltr'>ἀλλ’</span> 
     </span>
    </p>
   </div>
   <div class='ocr_carea' id='block_1_6' title="bbox 514 509 2177 584">
    <p class='ocr_par' dir='ltr' id='par_1_6' title="bbox 514 509 2177 584">
     <span class='ocr_line' id='line_1_6' title="bbox 514 509 2177 584; baseline -0.001 -16"><span class='ocrx_word' id='word_1_25' title='bbox 514 512 697 576; x_wconf 86' lang='lat' dir='ltr'><strong>ciant,</strong></span> <span class='ocrx_word' id='word_1_26' title='bbox 728 512 906 583; x_wconf 89' lang='lat' dir='ltr'><strong>longe</strong></span> <span class='ocrx_word' id='word_1_27' title='bbox 944 514 1234 578; x_wconf 89' lang='lat' dir='ltr'><strong>evectam,</strong></span> <span class='ocrx_word' id='word_1_28' title='bbox 1295 514 1353 566; x_wconf 88' lang='lat' dir='ltr'><strong>et</strong></span> <span class='ocrx_word' id='word_1_29' title='bbox 1398 509 1578 570; x_wconf 80' lang='lat' dir='ltr'><strong>simul</strong></span> <span class='ocrx_word' id='word_1_30' title='bbox 1624 525 1764 568; x_wconf 88' lang='lat' dir='ltr'><strong>cum</strong></span> <span class='ocrx_word' id='word_1_31' title='bbox 1808 509 2177 584; x_wconf 89' lang='lat' dir='ltr'><strong>incorporeis</strong></span> 
     </span>
    </p>
   </div>
   <div class='ocr_carea' id='block_1_7' title="bbox 510 599 2180 674">
    <p class='ocr_par' dir='ltr' id='par_1_7' title="bbox 510 599 2180 674">
     <span class='ocr_line' id='line_1_7' title="bbox 510 599 2180 674; baseline -0.002 -14"><span class='ocrx_word' id='word_1_32' title='bbox 510 603 815 660; x_wconf 86' lang='lat' dir='ltr'><strong>mentibus</strong></span> <span class='ocrx_word' id='word_1_33' title='bbox 844 605 966 660; x_wconf 86' lang='lat' dir='ltr'><strong>Deo</strong></span> <span class='ocrx_word' id='word_1_34' title='bbox 993 605 1294 659; x_wconf 77' lang='lat' dir='ltr'><strong>astantem</strong></span> <span class='ocrx_word' id='word_1_35' title='bbox 1333 599 1599 671; x_wconf 77' lang='lat' dir='ltr'><strong>gerebat.</strong></span> <span class='ocrx_word' id='word_1_36' title='bbox 1660 600 1966 674; x_wconf 82' lang='lat' dir='ltr'><strong>Perspexit</strong></span> <span class='ocrx_word' id='word_1_37' title='bbox 2021 600 2083 657; x_wconf 93' lang='lat' dir='ltr'><strong>id</strong></span> <span class='ocrx_word' id='word_1_38' title='bbox 2121 603 2180 657; x_wconf 90' lang='lat' dir='ltr'><strong>et</strong></span> 
     </span>
    </p>
   </div>
   <div class='ocr_carea' id='block_1_8' title="bbox 515 689 2178 764">
    <p class='ocr_par' dir='ltr' id='par_1_8' title="bbox 515 689 2178 764">
     <span class='ocr_line' id='line_1_8' title="bbox 515 689 2178 764; baseline 0.001 -19"><span class='ocrx_word' id='word_1_39' title='bbox 515 690 796 756; x_wconf 78' lang='lat' dir='ltr'><strong>Gabriel;</strong></span> <span class='ocrx_word' id='word_1_40' title='bbox 836 690 1125 764; x_wconf 87' lang='lat' dir='ltr'><strong>quodque</strong></span> <span class='ocrx_word' id='word_1_41' title='bbox 1150 695 1363 748; x_wconf 88' lang='lat' dir='ltr'><strong>contra</strong></span> <span class='ocrx_word' id='word_1_42' title='bbox 1387 689 1501 746; x_wconf 82' lang='lat' dir='ltr'><strong>sibi</strong></span> <span class='ocrx_word' id='word_1_43' title='bbox 1555 705 1916 763; x_wconf 83' lang='lat' dir='ltr'><strong>responsum</strong></span> <span class='ocrx_word' id='word_1_44' title='bbox 1963 690 2178 753; x_wconf 82' lang='lat' dir='ltr'><strong>fuerat,</strong></span> 
     </span>
    </p>
   </div>
   <div class='ocr_carea' id='block_1_9' title="bbox 2291 504 3903 583">
    <p class='ocr_par' dir='ltr' id='par_1_9' title="bbox 2291 504 3903 583">
     <span class='ocr_line' id='line_1_9' title="bbox 2291 504 3903 583; baseline -0.004 -19"><span class='ocrx_word' id='word_1_45' title='bbox 2291 507 2344 572; x_wconf 77' lang='grc' dir='ltr'><strong>ἕξ</strong></span> <span class='ocrx_word' id='word_1_46' title='bbox 2395 507 2676 581; x_wconf 76' lang='grc' dir='ltr'>ἀσφαλείας</span> <span class='ocrx_word' id='word_1_47' title='bbox 2728 508 2975 579; x_wconf 71' lang='grc' dir='ltr'>πανάγνῷ</span> <span class='ocrx_word' id='word_1_48' title='bbox 3033 509 3411 583; x_wconf 68' lang='grc' dir='ltr'><strong>προηκούσης</strong></span> <span class='ocrx_word' id='word_1_49' title='bbox 3463 507 3734 580; x_wconf 73' lang='grc' dir='ltr'>Παρθένῳ,</span> <span class='ocrx_word' id='word_1_50' title='bbox 3802 504 3903 576; x_wconf 65' lang='grc' dir='ltr'><strong>ἐγί-</strong></span> 
     </span>
    </p>
   </div>
   <div class='ocr_carea' id='block_1_10' title="bbox 2289 591 3902 674">
    <p class='ocr_par' dir='ltr' id='par_1_10' title="bbox 2289 591 3902 674">
     <span class='ocr_line' id='line_1_10' title="bbox 2289 591 3902 674; baseline -0.005 -21"><span class='ocrx_word' id='word_1_51' title='bbox 2289 617 2457 653; x_wconf 88' lang='grc' dir='ltr'>νωσκε</span> <span class='ocrx_word' id='word_1_52' title='bbox 2479 596 2765 674; x_wconf 86' lang='grc' dir='ltr'>προελθεῖν.</span> <span class='ocrx_word' id='word_1_53' title='bbox 2832 599 2920 650; x_wconf 91' lang='grc' dir='ltr'><strong>Διό</strong></span> <span class='ocrx_word' id='word_1_54' title='bbox 2981 592 3094 652; x_wconf 71' lang='grc' dir='ltr'><strong>οὐδ’</strong></span> <span class='ocrx_word' id='word_1_55' title='bbox 3140 597 3404 672; x_wconf 71' lang='grc' dir='ltr'>ἕκφέρεται</span> <span class='ocrx_word' id='word_1_56' title='bbox 3457 598 3591 671; x_wconf 81' lang='grc' dir='ltr'>πρὸς</span> <span class='ocrx_word' id='word_1_57' title='bbox 3640 599 3737 655; x_wconf 78' lang='grc' dir='ltr'>τὴν</span> <span class='ocrx_word' id='word_1_58' title='bbox 3791 591 3902 648; x_wconf 74' lang='grc' dir='ltr'>ἔπι-</span> 
     </span>
    </p>
   </div>
   <div class='ocr_carea' id='block_1_11' title="bbox 2291 707 2529 763">
    <p class='ocr_par' dir='ltr' id='par_1_11' title="bbox 2291 707 2529 763">
     <span class='ocr_line' id='line_1_11' title="bbox 2291 707 2529 763; baseline 0 -20"><span class='ocrx_word' id='word_1_59' title='bbox 2291 708 2417 763; x_wconf 79' lang='grc' dir='ltr'>τιμη</span> <span class='ocrx_word' id='word_1_60' title='bbox 2427 707 2529 743; x_wconf 78' lang='grc' dir='ltr'>σιν.</span> 
     </span>
    </p>
   </div>
   <div class='ocr_carea' id='block_1_12' title="bbox 510 773 3898 852">
    <p class='ocr_par' dir='ltr' id='par_1_12' title="bbox 510 773 3898 852">
     <span class='ocr_line' id='line_1_12' title="bbox 510 773 3898 852; baseline -0.001 -16"><span class='ocrx_word' id='word_1_61' title='bbox 510 792 633 837; x_wconf 84' lang='lat' dir='ltr'><strong>non</strong></span> <span class='ocrx_word' id='word_1_62' title='bbox 661 793 816 836; x_wconf 77' lang='lat' dir='ltr'><strong>sane</strong></span> <span class='ocrx_word' id='word_1_63' title='bbox 854 795 928 836; x_wconf 80' lang='lat' dir='ltr'><strong>ex</strong></span> <span class='ocrx_word' id='word_1_64' title='bbox 976 779 1410 844; x_wconf 80' lang='lat' dir='ltr'><strong>incredulitate,</strong></span> <span class='ocrx_word' id='word_1_65' title='bbox 1451 779 1560 836; x_wconf 87' lang='lat' dir='ltr'><strong>sed</strong></span> <span class='ocrx_word' id='word_1_66' title='bbox 1611 795 1684 836; x_wconf 78' lang='lat' dir='ltr'><strong>ex</strong></span> <span class='ocrx_word' id='word_1_67' title='bbox 1726 779 1998 851; x_wconf 83' lang='lat' dir='ltr'><strong>diligenti</strong></span> <span class='ocrx_word' id='word_1_68' title='bbox 2034 775 2272 837; x_wconf 77' lang='lat' dir='ltr'><strong>cautela</strong></span> <span class='ocrx_word' id='word_1_69' title='bbox 2306 793 2446 851; x_wconf 80' lang='lat' dir='ltr'><strong>quae</strong></span> <span class='ocrx_word' id='word_1_70' title='bbox 2473 775 2863 852; x_wconf 87' lang='lat' dir='ltr'><strong>purissimam</strong></span> <span class='ocrx_word' id='word_1_71' title='bbox 2908 774 3146 834; x_wconf 84' lang='lat' dir='ltr'><strong>deceret</strong></span> <span class='ocrx_word' id='word_1_72' title='bbox 3180 774 3502 847; x_wconf 78' lang='lat' dir='ltr'><strong>Virginem,</strong></span> <span class='ocrx_word' id='word_1_73' title='bbox 3558 773 3898 848; x_wconf 82' lang='lat' dir='ltr'><strong>profectum</strong></span> 
     </span>
    </p>
   </div>
   <div class='ocr_carea' id='block_1_13' title="bbox 510 868 2505 943">
    <p class='ocr_par' dir='ltr' id='par_1_13' title="bbox 510 868 2505 943">
     <span class='ocr_line' id='line_1_13' title="bbox 510 868 2505 943; baseline -0.002 -17"><span class='ocrx_word' id='word_1_74' title='bbox 510 868 773 926; x_wconf 78' lang='lat' dir='ltr'><strong>videbat.</strong></span> <span class='ocrx_word' id='word_1_75' title='bbox 811 870 1135 943; x_wconf 85' lang='lat' dir='ltr'><strong>Propterea</strong></span> <span class='ocrx_word' id='word_1_76' title='bbox 1159 883 1356 942; x_wconf 86' lang='lat' dir='ltr'><strong>neque</strong></span> <span class='ocrx_word' id='word_1_77' title='bbox 1407 869 1487 926; x_wconf 87' lang='lat' dir='ltr'><strong>ad</strong></span> <span class='ocrx_word' id='word_1_78' title='bbox 1537 884 1748 943; x_wconf 61' lang='lat' dir='ltr'><strong>paruas</strong></span> <span class='ocrx_word' id='word_1_79' title='bbox 1796 869 2184 927; x_wconf 88' lang='lat' dir='ltr'><strong>intentandas</strong></span> <span class='ocrx_word' id='word_1_80' title='bbox 2212 871 2505 926; x_wconf 86' lang='lat' dir='ltr'><strong>movetur.</strong></span> 
     </span>
    </p>
   </div>
   <div class='ocr_carea' id='block_1_14' title="bbox 587 957 2175 1032">
    <p class='ocr_par' dir='ltr' id='par_1_14' title="bbox 587 957 2175 1032">
     <span class='ocr_line' id='line_1_14' title="bbox 587 957 2175 1032; baseline -0.001 -17"><span class='ocrx_word' id='word_1_81' title='bbox 587 959 766 1017; x_wconf 85' lang='lat' dir='ltr'><strong>XLIV.</strong></span> <span class='ocrx_word' id='word_1_82' title='bbox 794 958 1064 1029; x_wconf 83' lang='lat' dir='ltr'><strong>Agedum</strong></span> <span class='ocrx_word' id='word_1_83' title='bbox 1097 958 1291 1029; x_wconf 86' lang='lat' dir='ltr'><strong>igitur,</strong></span> <span class='ocrx_word' id='word_1_84' title='bbox 1315 975 1456 1015; x_wconf 90' lang='lat' dir='ltr'><strong>cum</strong></span> <span class='ocrx_word' id='word_1_85' title='bbox 1482 959 1749 1032; x_wconf 87' lang='lat' dir='ltr'><strong>principe</strong></span> <span class='ocrx_word' id='word_1_86' title='bbox 1805 957 1920 1016; x_wconf 90' lang='lat' dir='ltr'><strong>hoc</strong></span> <span class='ocrx_word' id='word_1_87' title='bbox 1962 958 2175 1032; x_wconf 82' lang='lat' dir='ltr'><strong>psalle,</strong></span> 
     </span>
    </p>
   </div>
   <div class='ocr_carea' id='block_1_15' title="bbox 512 1046 2181 1118">
    <p class='ocr_par' dir='ltr' id='par_1_15' title="bbox 512 1046 2181 1118">
     <span class='ocr_line' id='line_1_15' title="bbox 512 1046 2181 1118; baseline 0.001 -14"><span class='ocrx_word' id='word_1_88' title='bbox 512 1063 654 1104; x_wconf 90' lang='lat' dir='ltr'><strong>cum</strong></span> <span class='ocrx_word' id='word_1_89' title='bbox 685 1047 1071 1118; x_wconf 84' lang='lat' dir='ltr'><strong>archangelo,</strong></span> <span class='ocrx_word' id='word_1_90' title='bbox 1103 1046 1329 1104; x_wconf 84' lang='lat' dir='ltr'><strong>festivis</strong></span> <span class='ocrx_word' id='word_1_91' title='bbox 1350 1047 1598 1104; x_wconf 83' lang='lat' dir='ltr'><strong>vocibus</strong></span> <span class='ocrx_word' id='word_1_92' title='bbox 1619 1047 1700 1104; x_wconf 91' lang='lat' dir='ltr'><strong>ad</strong></span> <span class='ocrx_word' id='word_1_93' title='bbox 1720 1047 2022 1118; x_wconf 85' lang='lat' dir='ltr'><strong>Virginem</strong></span> <span class='ocrx_word' id='word_1_94' title='bbox 2062 1047 2181 1105; x_wconf 83' lang='lat' dir='ltr'><strong>cla-</strong></span> 
     </span>
    </p>
   </div>
   <div class='ocr_carea' id='block_1_16' title="bbox 513 1136 2181 1208">
    <p class='ocr_par' dir='ltr' id='par_1_16' title="bbox 513 1136 2181 1208">
     <span class='ocr_line' id='line_1_16' title="bbox 513 1136 2181 1208; baseline -0.001 -12"><span class='ocrx_word' id='word_1_95' title='bbox 513 1136 1057 1204; x_wconf 80' lang='lat' dir='ltr'><strong>memus,dicentes</strong></span> <span class='ocrx_word' id='word_1_96' title='bbox 1090 1154 1102 1192; x_wconf 90' lang='lat'>:</span> <span class='ocrx_word' id='word_1_97' title='bbox 1136 1139 1278 1203; x_wconf 79' lang='lat' dir='ltr'><strong>Ave,</strong></span> <span class='ocrx_word' id='word_1_98' title='bbox 1323 1139 1525 1208; x_wconf 83' lang='lat' dir='ltr'><strong>gratia</strong></span> <span class='ocrx_word' id='word_1_99' title='bbox 1549 1139 1759 1207; x_wconf 77' lang='lat' dir='ltr'><strong>plena,</strong></span> <span class='ocrx_word' id='word_1_100' title='bbox 1789 1139 2070 1194; x_wconf 78' lang='lat' dir='ltr'><strong>Dominus</strong></span> <span class='ocrx_word' id='word_1_101' title='bbox 2102 1143 2181 1194; x_wconf 85' lang='lat' dir='ltr'><strong>te-</strong></span> 
     </span>
    </p>
   </div>
   <div class='ocr_carea' id='block_1_17' title="bbox 514 1226 2186 1296">
    <p class='ocr_par' dir='ltr' id='par_1_17' title="bbox 514 1226 2186 1296">
     <span class='ocr_line' id='line_1_17' title="bbox 514 1226 2186 1296; baseline -0.001 -12"><span class='ocrx_word' id='word_1_102' title='bbox 514 1227 645 1284; x_wconf 83' lang='lat' dir='ltr'><strong>cum</strong></span> <span class='ocrx_word' id='word_1_103' title='bbox 673 1227 810 1296; x_wconf 69' lang='grc'><strong>(34).</strong></span> <span class='ocrx_word' id='word_1_104' title='bbox 844 1230 1012 1283; x_wconf 89' lang='lat' dir='ltr'><strong>Nunc</strong></span> <span class='ocrx_word' id='word_1_105' title='bbox 1038 1226 1198 1283; x_wconf 87' lang='lat' dir='ltr'><strong>enim</strong></span> <span class='ocrx_word' id='word_1_106' title='bbox 1225 1229 1376 1282; x_wconf 87' lang='lat' dir='ltr'><strong>Deus</strong></span> <span class='ocrx_word' id='word_1_107' title='bbox 1415 1241 1553 1283; x_wconf 89' lang='lat' dir='ltr'><strong>cum</strong></span> <span class='ocrx_word' id='word_1_108' title='bbox 1591 1226 1944 1283; x_wconf 86' lang='lat' dir='ltr'><strong>hominibus</strong></span> <span class='ocrx_word' id='word_1_109' title='bbox 1973 1241 2186 1284; x_wconf 87' lang='lat' dir='ltr'><strong>recon-</strong></span> 
     </span>
    </p>
   </div>
   <div class='ocr_carea' id='block_1_18' title="bbox 513 1315 2178 1388">
    <p class='ocr_par' dir='ltr' id='par_1_18' title="bbox 513 1315 2178 1388">
     <span class='ocr_line' id='line_1_18' title="bbox 513 1315 2178 1388; baseline -0.001 -15"><span class='ocrx_word' id='word_1_110' title='bbox 513 1317 766 1374; x_wconf 89' lang='lat' dir='ltr'><strong>ciliatur.</strong></span> <span class='ocrx_word' id='word_1_111' title='bbox 800 1316 953 1372; x_wconf 82' lang='lat' dir='ltr'><strong>Dixit</strong></span> <span class='ocrx_word' id='word_1_112' title='bbox 990 1315 1233 1384; x_wconf 90' lang='lat' dir='ltr'><strong>alicubi,</strong></span> <span class='ocrx_word' id='word_1_113' title='bbox 1260 1315 1536 1388; x_wconf 86' lang='lat' dir='ltr'><strong>quisquis</strong></span> <span class='ocrx_word' id='word_1_114' title='bbox 1566 1315 1662 1371; x_wconf 89' lang='lat' dir='ltr'><strong>ille</strong></span> <span class='ocrx_word' id='word_1_115' title='bbox 1693 1321 1800 1386; x_wconf 86' lang='lat' dir='ltr'><strong>est,</strong></span> <span class='ocrx_word' id='word_1_116' title='bbox 1854 1315 2132 1372; x_wconf 88' lang='lat' dir='ltr'><strong>lsraelitis</strong></span> <span class='ocrx_word' id='word_1_117' title='bbox 2165 1332 2178 1371; x_wconf 91' lang='lat'><strong>:</strong></span> 
     </span>
    </p>
   </div>
   <div class='ocr_carea' id='block_1_19' title="bbox 514 1405 2186 1481">
    <p class='ocr_par' dir='ltr' id='par_1_19' title="bbox 514 1405 2186 1481">
     <span class='ocr_line' id='line_1_19' title="bbox 514 1405 2186 1481; baseline -0.001 -18"><span class='ocrx_word' id='word_1_118' title='bbox 514 1405 874 1481; x_wconf 80' lang='lat' dir='ltr'><strong>Im&#39;quitates</strong></span> <span class='ocrx_word' id='word_1_119' title='bbox 888 1411 1096 1462; x_wconf 72' lang='lat' dir='ltr'><strong>vestrae</strong></span> <span class='ocrx_word' id='word_1_120' title='bbox 1109 1405 1789 1461; x_wconf 81' lang='lat' dir='ltr'><strong>diviseruntintermeet</strong></span> <span class='ocrx_word' id='word_1_121' title='bbox 1804 1421 1906 1461; x_wconf 87' lang='lat' dir='ltr'><strong>vos</strong></span> <span class='ocrx_word' id='word_1_122' title='bbox 1930 1406 2044 1479; x_wconf 79' lang='lat'><strong>(35)</strong></span> <span class='ocrx_word' id='word_1_123' title='bbox 2077 1424 2092 1473; x_wconf 89' lang='lat'><strong>;</strong></span> <span class='ocrx_word' id='word_1_124' title='bbox 2124 1408 2186 1461; x_wconf 89' lang='lat' dir='ltr'><strong>at</strong></span> 
     </span>
    </p>
   </div>
   <div class='ocr_carea' id='block_1_20' title="bbox 513 1495 2185 1574">
    <p class='ocr_par' dir='ltr' id='par_1_20' title="bbox 513 1495 2185 1574">
     <span class='ocr_line' id='line_1_20' title="bbox 513 1495 2185 1574; baseline -0.001 -22"><span class='ocrx_word' id='word_1_125' title='bbox 513 1501 838 1574; x_wconf 86' lang='lat' dir='ltr'><strong>postquam</strong></span> <span class='ocrx_word' id='word_1_126' title='bbox 852 1495 1107 1570; x_wconf 90' lang='lat' dir='ltr'><strong>dignum</strong></span> <span class='ocrx_word' id='word_1_127' title='bbox 1129 1495 1322 1564; x_wconf 87' lang='lat' dir='ltr'><strong>gloria</strong></span> <span class='ocrx_word' id='word_1_128' title='bbox 1343 1509 1454 1550; x_wconf 88' lang='lat' dir='ltr'><strong>sua</strong></span> <span class='ocrx_word' id='word_1_129' title='bbox 1479 1495 1893 1551; x_wconf 86' lang='lat' dir='ltr'><strong>habitaculum</strong></span> <span class='ocrx_word' id='word_1_130' title='bbox 1919 1500 1973 1551; x_wconf 90' lang='lat' dir='ltr'><strong>te</strong></span> <span class='ocrx_word' id='word_1_131' title='bbox 2018 1511 2185 1568; x_wconf 82' lang='lat' dir='ltr'><strong>repe—</strong></span> 
     </span>
    </p>
   </div>
   <div class='ocr_carea' id='block_1_21' title="bbox 515 1582 2182 1655">
    <p class='ocr_par' dir='ltr' id='par_1_21' title="bbox 515 1582 2182 1655">
     <span class='ocr_line' id='line_1_21' title="bbox 515 1582 2182 1655; baseline -0.001 -14"><span class='ocrx_word' id='word_1_132' title='bbox 515 1585 613 1655; x_wconf 87' lang='lat' dir='ltr'><strong>rit,</strong></span> <span class='ocrx_word' id='word_1_133' title='bbox 639 1589 946 1640; x_wconf 87' lang='lat' dir='ltr'><strong>vetustum</strong></span> <span class='ocrx_word' id='word_1_134' title='bbox 975 1583 1299 1638; x_wconf 87' lang='lat' dir='ltr'><strong>divortium</strong></span> <span class='ocrx_word' id='word_1_135' title='bbox 1330 1582 1538 1650; x_wconf 81' lang='lat' dir='ltr'><strong>aufert,</strong></span> <span class='ocrx_word' id='word_1_136' title='bbox 1570 1589 1626 1639; x_wconf 91' lang='lat' dir='ltr'><strong>et</strong></span> <span class='ocrx_word' id='word_1_137' title='bbox 1664 1589 1937 1640; x_wconf 89' lang='lat' dir='ltr'><strong>versatur</strong></span> <span class='ocrx_word' id='word_1_138' title='bbox 1965 1589 2182 1652; x_wconf 89' lang='lat' dir='ltr'><strong>tecum,</strong></span> 
     </span>
    </p>
   </div>
   <div class='ocr_carea' id='block_1_22' title="bbox 2361 951 3902 1030">
    <p class='ocr_par' dir='ltr' id='par_1_22' title="bbox 2361 951 3902 1030">
     <span class='ocr_line' id='line_1_22' title="bbox 2361 951 3902 1030; baseline -0.003 -20"><span class='ocrx_word' id='word_1_139' title='bbox 2361 963 2444 1012; x_wconf 78' lang='lat' dir='ltr'><strong>KA</strong></span> <span class='ocrx_word' id='word_1_140' title='bbox 2468 956 2584 1029; x_wconf 72' lang='grc' dir='ltr'><strong>Αγε</strong></span> <span class='ocrx_word' id='word_1_141' title='bbox 2609 951 2698 1009; x_wconf 80' lang='grc' dir='ltr'>οὖν</span> <span class='ocrx_word' id='word_1_142' title='bbox 2770 955 2871 1008; x_wconf 78' lang='grc' dir='ltr'><strong>ὑπὸ</strong></span> <span class='ocrx_word' id='word_1_143' title='bbox 2938 953 3293 1029; x_wconf 67' lang='grc' dir='ltr'>πρωτοψοὶλτῃ</span> <span class='ocrx_word' id='word_1_144' title='bbox 3351 957 3537 1028; x_wconf 80' lang='grc' dir='ltr'>τούτῳ,</span> <span class='ocrx_word' id='word_1_145' title='bbox 3592 961 3668 1025; x_wconf 77' lang='grc' dir='ltr'>τῷ</span> <span class='ocrx_word' id='word_1_146' title='bbox 3725 973 3902 1030; x_wconf 78' lang='grc' dir='ltr'>πρωτ-</span> 
     </span>
    </p>
   </div>
   <div class='ocr_carea' id='block_1_23' title="bbox 2290 1043 3897 1118">
    <p class='ocr_par' dir='ltr' id='par_1_23' title="bbox 2290 1043 3897 1118">
     <span class='ocr_line' id='line_1_23' title="bbox 2290 1043 3897 1118; baseline -0.007 -16"><span class='ocrx_word' id='word_1_147' title='bbox 2290 1046 2510 1118; x_wconf 72' lang='grc' dir='ltr'><strong>αγγέλῳ,</strong></span> <span class='ocrx_word' id='word_1_148' title='bbox 2578 1049 2674 1104; x_wconf 72' lang='grc' dir='ltr'>τὴν</span> <span class='ocrx_word' id='word_1_149' title='bbox 2735 1047 3075 1118; x_wconf 83' lang='grc' dir='ltr'>χαρμόσυνον</span> <span class='ocrx_word' id='word_1_150' title='bbox 3153 1049 3322 1117; x_wconf 73' lang='grc' dir='ltr'>φωνήν</span> <span class='ocrx_word' id='word_1_151' title='bbox 3425 1043 3762 1118; x_wconf 76' lang='grc' dir='ltr'>ἀλαλάεωμεν</span> <span class='ocrx_word' id='word_1_152' title='bbox 3844 1051 3897 1114; x_wconf 65' lang='grc' dir='ltr'><strong>τῇ</strong></span> 
     </span>
    </p>
   </div>
   <div class='ocr_carea' id='block_1_24' title="bbox 2290 1132 3907 1210">
    <p class='ocr_par' dir='ltr' id='par_1_24' title="bbox 2290 1132 3907 1210">
     <span class='ocr_line' id='line_1_24' title="bbox 2290 1132 3907 1210; baseline -0.002 -21"><span class='ocrx_word' id='word_1_153' title='bbox 2290 1137 2554 1210; x_wconf 75' lang='grc' dir='ltr'><strong>Παρθένῳ·</strong></span> <span class='ocrx_word' id='word_1_154' title='bbox 2615 1141 2799 1209; x_wconf 80' lang='grc' dir='ltr'><strong>Χαῖρε,</strong></span> <span class='ocrx_word' id='word_1_155' title='bbox 2860 1137 3281 1206; x_wconf 73' lang='grc' dir='ltr'><strong>κεχαριτωμένη,</strong></span> <span class='ocrx_word' id='word_1_156' title='bbox 3353 1135 3380 1187; x_wconf 78' lang='grc' dir='ltr'><strong><em>ὁ</em></strong></span> <span class='ocrx_word' id='word_1_157' title='bbox 3442 1137 3656 1209; x_wconf 76' lang='grc' dir='ltr'>Κύριος,</span> <span class='ocrx_word' id='word_1_158' title='bbox 3741 1132 3907 1205; x_wconf 64' lang='grc' dir='ltr'>λέγον-</span> 
     </span>
    </p>
   </div>
   <div class='ocr_carea' id='block_1_25' title="bbox 2289 1220 3906 1297">
    <p class='ocr_par' dir='ltr' id='par_1_25' title="bbox 2289 1220 3906 1297">
     <span class='ocr_line' id='line_1_25' title="bbox 2289 1220 3906 1297; baseline -0.002 -18"><span class='ocrx_word' id='word_1_159' title='bbox 2289 1244 2393 1292; x_wconf 87' lang='grc' dir='ltr'>τες,</span> <span class='ocrx_word' id='word_1_160' title='bbox 2434 1226 2567 1297; x_wconf 79' lang='grc' dir='ltr'>μετὰ</span> <span class='ocrx_word' id='word_1_161' title='bbox 2633 1231 2749 1278; x_wconf 90' lang='grc' dir='ltr'>σοῦ.</span> <span class='ocrx_word' id='word_1_162' title='bbox 2808 1229 2916 1276; x_wconf 90' lang='grc' dir='ltr'>Νῦν</span> <span class='ocrx_word' id='word_1_163' title='bbox 2969 1225 3071 1297; x_wconf 70' lang='grc' dir='ltr'>γὰρ</span> <span class='ocrx_word' id='word_1_164' title='bbox 3131 1222 3549 1278; x_wconf 78' lang='grc' dir='ltr'>καταλλὰσσεται</span> <span class='ocrx_word' id='word_1_165' title='bbox 3587 1227 3721 1285; x_wconf 85' lang='grc' dir='ltr'>Θεὸς</span> <span class='ocrx_word' id='word_1_166' title='bbox 3797 1220 3906 1296; x_wconf 81' lang='grc' dir='ltr'>μετ’</span> 
     </span>
    </p>
   </div>
   <div class='ocr_carea' id='block_1_26' title="bbox 2294 1311 3902 1387">
    <p class='ocr_par' dir='ltr' id='par_1_26' title="bbox 2294 1311 3902 1387">
     <span class='ocr_line' id='line_1_26' title="bbox 2294 1311 3902 1387; baseline 0.001 -19"><span class='ocrx_word' id='word_1_167' title='bbox 2294 1313 2595 1387; x_wconf 76' lang='grc' dir='ltr'>ἀνθρώπων.</span> <span class='ocrx_word' id='word_1_168' title='bbox 2666 1321 2832 1374; x_wconf 89' lang='grc' dir='ltr'>Οστις</span> <span class='ocrx_word' id='word_1_169' title='bbox 2893 1314 2986 1384; x_wconf 69' lang='grc' dir='ltr'><strong>ἔφη</strong></span> <span class='ocrx_word' id='word_1_170' title='bbox 3040 1331 3142 1365; x_wconf 87' lang='grc' dir='ltr'><strong>που</strong></span> <span class='ocrx_word' id='word_1_171' title='bbox 3215 1315 3348 1387; x_wconf 86' lang='grc' dir='ltr'>πρὸς</span> <span class='ocrx_word' id='word_1_172' title='bbox 3403 1316 3524 1374; x_wconf 85' lang='grc' dir='ltr'>τούς</span> <span class='ocrx_word' id='word_1_173' title='bbox 3576 1311 3630 1376; x_wconf 79' lang='grc' dir='ltr'><em>ἐξ</em></span> <span class='ocrx_word' id='word_1_174' title='bbox 3676 1311 3902 1387; x_wconf 68' lang='grc' dir='ltr'>Ἰσραὴλ.</span> 
     </span>
    </p>
   </div>
   <div class='ocr_carea' id='block_1_27' title="bbox 2294 1399 3905 1478">
    <p class='ocr_par' dir='ltr' id='par_1_27' title="bbox 2294 1399 3905 1478">
     <span class='ocr_line' id='line_1_27' title="bbox 2294 1399 3905 1478; baseline -0.002 -21"><span class='ocrx_word' id='word_1_175' title='bbox 2294 1404 2364 1458; x_wconf 73' lang='lat' dir='ltr'><strong>Ai</strong></span> <span class='ocrx_word' id='word_1_176' title='bbox 2392 1404 2646 1478; x_wconf 73' lang='grc' dir='ltr'><strong>ἁμαρτίαι</strong></span> <span class='ocrx_word' id='word_1_177' title='bbox 2720 1402 2862 1475; x_wconf 77' lang='grc' dir='ltr'>ὐμῶν</span> <span class='ocrx_word' id='word_1_178' title='bbox 2919 1399 3202 1456; x_wconf 80' lang='grc' dir='ltr'>διιστώσιν</span> <span class='ocrx_word' id='word_1_179' title='bbox 3257 1402 3355 1455; x_wconf 79' lang='grc' dir='ltr'>ἀνὰ</span> <span class='ocrx_word' id='word_1_180' title='bbox 3419 1407 3579 1476; x_wconf 78' lang='grc' dir='ltr'>μέσον</span> <span class='ocrx_word' id='word_1_181' title='bbox 3627 1401 3756 1474; x_wconf 71' lang='grc' dir='ltr'>ἐμοῦ</span> <span class='ocrx_word' id='word_1_182' title='bbox 3822 1408 3905 1455; x_wconf 72' lang='grc' dir='ltr'>καὶ</span> 
     </span>
    </p>
   </div>
   <div class='ocr_carea' id='block_1_28' title="bbox 2294 1490 3904 1567">
    <p class='ocr_par' dir='ltr' id='par_1_28' title="bbox 2294 1490 3904 1567">
     <span class='ocr_line' id='line_1_28' title="bbox 2294 1490 3904 1567; baseline -0.002 -21"><span class='ocrx_word' id='word_1_183' title='bbox 2294 1493 2455 1567; x_wconf 76' lang='grc' dir='ltr'>ὐμῶν.</span> <span class='ocrx_word' id='word_1_184' title='bbox 2490 1492 2598 1545; x_wconf 80' lang='grc' dir='ltr'>ἀλλ’</span> <span class='ocrx_word' id='word_1_185' title='bbox 2636 1491 2744 1544; x_wconf 71' lang='grc' dir='ltr'>ἐπεὶ</span> <span class='ocrx_word' id='word_1_186' title='bbox 2801 1493 2858 1544; x_wconf 69' lang='grc' dir='ltr'><strong>σε</strong></span> <span class='ocrx_word' id='word_1_187' title='bbox 2905 1496 3312 1567; x_wconf 71' lang='grc' dir='ltr'><strong>κατοικητήριον</strong></span> <span class='ocrx_word' id='word_1_188' title='bbox 3364 1490 3506 1554; x_wconf 75' lang='grc' dir='ltr'>ἄξιον</span> <span class='ocrx_word' id='word_1_189' title='bbox 3558 1499 3656 1553; x_wconf 78' lang='grc' dir='ltr'>τῆς</span> <span class='ocrx_word' id='word_1_190' title='bbox 3717 1490 3904 1544; x_wconf 77' lang='grc' dir='ltr'>ἑαυτοῦ</span> 
     </span>
    </p>
   </div>
   <div class='ocr_carea' id='block_1_29' title="bbox 2297 1577 3904 1654">
    <p class='ocr_par' dir='ltr' id='par_1_29' title="bbox 2297 1577 3904 1654">
     <span class='ocr_line' id='line_1_29' title="bbox 2297 1577 3904 1654; baseline -0.001 -19"><span class='ocrx_word' id='word_1_191' title='bbox 2297 1579 2456 1645; x_wconf 79' lang='grc' dir='ltr'>δοξης</span> <span class='ocrx_word' id='word_1_192' title='bbox 2523 1579 2791 1654; x_wconf 76' lang='grc' dir='ltr'>ἐφεύρηκι,</span> <span class='ocrx_word' id='word_1_193' title='bbox 2857 1585 2952 1638; x_wconf 75' lang='grc' dir='ltr'>τὴν</span> <span class='ocrx_word' id='word_1_194' title='bbox 3013 1580 3240 1635; x_wconf 79' lang='grc' dir='ltr'>παλαιὰν</span> <span class='ocrx_word' id='word_1_195' title='bbox 3310 1577 3595 1634; x_wconf 71' lang='grc' dir='ltr'>διάστασιν</span> <span class='ocrx_word' id='word_1_196' title='bbox 3630 1580 3904 1644; x_wconf 78' lang='grc' dir='ltr'>καταλύει,</span> 
     </span>
    </p>
   </div>
   <div class='ocr_carea' id='block_1_30' title="bbox 517 1666 2192 1754">
    <p class='ocr_par' dir='ltr' id='par_1_30' title="bbox 517 1671 2188 1746">
     <span class='ocr_line' id='line_1_30' title="bbox 517 1671 2188 1746; baseline -0.002 -17"><span class='ocrx_word' id='word_1_197' title='bbox 517 1676 575 1730; x_wconf 87' lang='lat' dir='ltr'><strong>et</strong></span> <span class='ocrx_word' id='word_1_198' title='bbox 590 1689 696 1746; x_wconf 87' lang='lat' dir='ltr'><strong>per</strong></span> <span class='ocrx_word' id='word_1_199' title='bbox 716 1677 770 1728; x_wconf 89' lang='lat' dir='ltr'><strong>te</strong></span> <span class='ocrx_word' id='word_1_200' title='bbox 805 1672 881 1728; x_wconf 91' lang='lat' dir='ltr'><strong>ad</strong></span> <span class='ocrx_word' id='word_1_201' title='bbox 907 1686 1140 1737; x_wconf 88' lang='lat' dir='ltr'><strong>omnes,</strong></span> <span class='ocrx_word' id='word_1_202' title='bbox 1163 1672 1529 1744; x_wconf 88' lang='lat' dir='ltr'><strong>quibuscum</strong></span> <span class='ocrx_word' id='word_1_203' title='bbox 1578 1687 1967 1728; x_wconf 90' lang='lat' dir='ltr'><strong>communem</strong></span> <span class='ocrx_word' id='word_1_204' title='bbox 1998 1671 2188 1728; x_wconf 86' lang='lat' dir='ltr'><strong>habes</strong></span> 
     </span>
    </p>
   </div>
   <div class='ocr_carea' id='block_1_31' title="bbox 2312 1666 3912 1754">
    <p class='ocr_par' dir='ltr' id='par_1_31' title="bbox 2312 1666 3912 1743">
     <span class='ocr_line' id='line_1_31' title="bbox 2312 1666 3912 1743; baseline -0.001 -20"><span class='ocrx_word' id='word_1_205' title='bbox 2312 1677 2385 1724; x_wconf 81' lang='grc' dir='ltr'>ιαὶ</span> <span class='ocrx_word' id='word_1_206' title='bbox 2411 1675 2610 1743; x_wconf 70' lang='grc' dir='ltr'>γίνεται</span> <span class='ocrx_word' id='word_1_207' title='bbox 2674 1672 2805 1742; x_wconf 79' lang='grc' dir='ltr'>μετὰ</span> <span class='ocrx_word' id='word_1_208' title='bbox 2863 1677 2978 1734; x_wconf 91' lang='grc' dir='ltr'>σοῦ,</span> <span class='ocrx_word' id='word_1_209' title='bbox 3035 1675 3124 1722; x_wconf 83' lang='grc' dir='ltr'>καὶ</span> <span class='ocrx_word' id='word_1_210' title='bbox 3173 1666 3268 1723; x_wconf 74' lang='grc' dir='ltr'><strong>διὰ</strong></span> <span class='ocrx_word' id='word_1_211' title='bbox 3322 1676 3416 1723; x_wconf 90' lang='grc' dir='ltr'><strong>σοῦ</strong></span> <span class='ocrx_word' id='word_1_212' title='bbox 3471 1674 3600 1742; x_wconf 82' lang='grc' dir='ltr'>πρὸς</span> <span class='ocrx_word' id='word_1_213' title='bbox 3657 1669 3798 1723; x_wconf 79' lang='grc' dir='ltr'>ἅπαν</span> <span class='ocrx_word' id='word_1_214' title='bbox 3851 1674 3912 1723; x_wconf 85' lang='grc' dir='ltr'>τὸ</span> 
     </span>
    </p>
   </div>
   <div class='ocr_carea' id='block_1_32' title="bbox 517 1761 2187 1834">
    <p class='ocr_par' dir='ltr' id='par_1_32' title="bbox 517 1761 2187 1834">
     <span class='ocr_line' id='line_1_32' title="bbox 517 1761 2187 1834; baseline -0.002 -15"><span class='ocrx_word' id='word_1_215' title='bbox 517 1767 819 1831; x_wconf 90' lang='lat' dir='ltr'><strong>naturam,</strong></span> <span class='ocrx_word' id='word_1_216' title='bbox 843 1761 1090 1818; x_wconf 87' lang='lat' dir='ltr'><strong>accedit.</strong></span> <span class='ocrx_word' id='word_1_217' title='bbox 1115 1764 1214 1824; x_wconf 89' lang='lat' dir='ltr'><strong>Ne,</strong></span> <span class='ocrx_word' id='word_1_218' title='bbox 1249 1777 1481 1834; x_wconf 73' lang='lat' dir='ltr'><strong>quaeso,</strong></span> <span class='ocrx_word' id='word_1_219' title='bbox 1507 1761 1738 1832; x_wconf 87' lang='lat' dir='ltr'><strong>dicas,o</strong></span> <span class='ocrx_word' id='word_1_220' title='bbox 1762 1776 1943 1832; x_wconf 86' lang='lat' dir='ltr'><strong>super</strong></span> <span class='ocrx_word' id='word_1_221' title='bbox 1975 1776 2187 1819; x_wconf 74' lang='lat' dir='ltr'><strong>omnes</strong></span> 
     </span>
    </p>
   </div>
   <div class='ocr_carea' id='block_1_33' title="bbox 520 1851 2183 1928">
    <p class='ocr_par' dir='ltr' id='par_1_33' title="bbox 520 1851 2183 1928">
     <span class='ocr_line' id='line_1_33' title="bbox 520 1851 2183 1928; baseline -0.001 -21"><span class='ocrx_word' id='word_1_222' title='bbox 520 1851 849 1928; x_wconf 86' lang='lat' dir='ltr'><strong>purissima</strong></span> <span class='ocrx_word' id='word_1_223' title='bbox 872 1869 884 1907; x_wconf 95' lang='lat'>:</span> <span class='ocrx_word' id='word_1_224' title='bbox 907 1851 1204 1920; x_wconf 82' lang='lat' dir='ltr'><strong>Quomodo</strong></span> <span class='ocrx_word' id='word_1_225' title='bbox 1226 1851 1336 1906; x_wconf 79' lang='lat' dir='ltr'><strong>hoc</strong></span> <span class='ocrx_word' id='word_1_226' title='bbox 1353 1854 1460 1908; x_wconf 85' lang='lat' dir='ltr'><strong>erit</strong></span> <span class='ocrx_word' id='word_1_227' title='bbox 1483 1852 1652 1923; x_wconf 81' lang='lat' dir='ltr'><strong>mihi,</strong></span> <span class='ocrx_word' id='word_1_228' title='bbox 1675 1853 1957 1923; x_wconf 84' lang='lat' dir='ltr'><strong>quoniam</strong></span> <span class='ocrx_word' id='word_1_229' title='bbox 1990 1853 2183 1907; x_wconf 80' lang='lat' dir='ltr'><strong>virum</strong></span> 
     </span>
    </p>
   </div>
   <div class='ocr_carea' id='block_1_34' title="bbox 518 1941 2189 2015">
    <p class='ocr_par' dir='ltr' id='par_1_34' title="bbox 518 1941 2189 2015">
     <span class='ocr_line' id='line_1_34' title="bbox 518 1941 2189 2015; baseline -0.004 -13"><span class='ocrx_word' id='word_1_230' title='bbox 518 1959 640 2002; x_wconf 81' lang='lat' dir='ltr'><strong>non</strong></span> <span class='ocrx_word' id='word_1_231' title='bbox 664 1957 950 2012; x_wconf 84' lang='lat' dir='ltr'><strong>cognosco</strong></span> <span class='ocrx_word' id='word_1_232' title='bbox 967 1941 996 1996; x_wconf 77' lang='lat'><strong>?</strong></span> <span class='ocrx_word' id='word_1_233' title='bbox 1016 1941 1336 2014; x_wconf 82' lang='lat' dir='ltr'><strong>PrOpterea</strong></span> <span class='ocrx_word' id='word_1_234' title='bbox 1361 1941 1519 1997; x_wconf 90' lang='lat' dir='ltr'><strong>enim</strong></span> <span class='ocrx_word' id='word_1_235' title='bbox 1546 1941 1606 1996; x_wconf 90' lang='lat' dir='ltr'><strong>id</strong></span> <span class='ocrx_word' id='word_1_236' title='bbox 1633 1942 1761 2007; x_wconf 88' lang='lat' dir='ltr'><strong>erit,</strong></span> <span class='ocrx_word' id='word_1_237' title='bbox 1789 1941 2189 2015; x_wconf 88' lang='lat' dir='ltr'><strong>quoniamvi-</strong></span> 
     </span>
    </p>
   </div>
   <div class='ocr_carea' id='block_1_35' title="bbox 519 2029 2188 2103">
    <p class='ocr_par' dir='ltr' id='par_1_35' title="bbox 519 2029 2188 2103">
     <span class='ocr_line' id='line_1_35' title="bbox 519 2029 2188 2103; baseline -0.002 -14"><span class='ocrx_word' id='word_1_238' title='bbox 519 2047 656 2090; x_wconf 89' lang='lat' dir='ltr'><strong>rum</strong></span> <span class='ocrx_word' id='word_1_239' title='bbox 705 2045 827 2087; x_wconf 88' lang='lat' dir='ltr'><strong>non</strong></span> <span class='ocrx_word' id='word_1_240' title='bbox 880 2030 1218 2101; x_wconf 87' lang='lat' dir='ltr'><strong>cognoscis.</strong></span> <span class='ocrx_word' id='word_1_241' title='bbox 1271 2031 1592 2103; x_wconf 87' lang='lat' dir='ltr'><strong>Propterea</strong></span> <span class='ocrx_word' id='word_1_242' title='bbox 1656 2030 1830 2095; x_wconf 88' lang='lat' dir='ltr'><strong>inte,</strong></span> <span class='ocrx_word' id='word_1_243' title='bbox 1881 2029 2188 2086; x_wconf 90' lang='lat' dir='ltr'><strong>volumine</strong></span> 
     </span>
    </p>
   </div>
   <div class='ocr_carea' id='block_1_36' title="bbox 519 2119 2186 2191">
    <p class='ocr_par' dir='ltr' id='par_1_36' title="bbox 519 2119 2186 2191">
     <span class='ocr_line' id='line_1_36' title="bbox 519 2119 2186 2191; baseline -0.001 -15"><span class='ocrx_word' id='word_1_244' title='bbox 519 2119 743 2176; x_wconf 84' lang='lat' dir='ltr'><strong>scilicet</strong></span> <span class='ocrx_word' id='word_1_245' title='bbox 782 2120 982 2175; x_wconf 88' lang='lat' dir='ltr'><strong>adhuc</strong></span> <span class='ocrx_word' id='word_1_246' title='bbox 1011 2119 1262 2191; x_wconf 87' lang='lat' dir='ltr'><strong>integro,</strong></span> <span class='ocrx_word' id='word_1_247' title='bbox 1302 2119 1663 2175; x_wconf 80' lang='lat' dir='ltr'><strong>inscribetur</strong></span> <span class='ocrx_word' id='word_1_248' title='bbox 1705 2119 2036 2174; x_wconf 85' lang='lat' dir='ltr'><strong>subsistens</strong></span> <span class='ocrx_word' id='word_1_249' title='bbox 2083 2122 2186 2175; x_wconf 88' lang='lat' dir='ltr'><strong>Pa-</strong></span> 
     </span>
    </p>
   </div>
   <div class='ocr_carea' id='block_1_37' title="bbox 521 2208 2189 2280">
    <p class='ocr_par' dir='ltr' id='par_1_37' title="bbox 521 2208 2189 2280">
     <span class='ocr_line' id='line_1_37' title="bbox 521 2208 2189 2280; baseline -0.002 -13"><span class='ocrx_word' id='word_1_250' title='bbox 521 2210 624 2267; x_wconf 87' lang='lat' dir='ltr'><strong>tris</strong></span> <span class='ocrx_word' id='word_1_251' title='bbox 650 2209 930 2278; x_wconf 85' lang='lat' dir='ltr'><strong>Verbum,</strong></span> <span class='ocrx_word' id='word_1_252' title='bbox 965 2209 1109 2280; x_wconf 89' lang='lat' dir='ltr'><strong>quia</strong></span> <span class='ocrx_word' id='word_1_253' title='bbox 1137 2208 1320 2264; x_wconf 87' lang='lat' dir='ltr'><strong>virilis</strong></span> <span class='ocrx_word' id='word_1_254' title='bbox 1353 2208 1804 2264; x_wconf 88' lang='lat' dir='ltr'><strong>consuetudinis</strong></span> <span class='ocrx_word' id='word_1_255' title='bbox 1855 2212 2189 2264; x_wconf 86' lang='lat' dir='ltr'><strong>atramento</strong></span> 
     </span>
    </p>
   </div>
   <div class='ocr_carea' id='block_1_38' title="bbox 525 2297 2189 2370">
    <p class='ocr_par' dir='ltr' id='par_1_38' title="bbox 525 2297 2189 2370">
     <span class='ocr_line' id='line_1_38' title="bbox 525 2297 2189 2370; baseline -0.002 -14"><span class='ocrx_word' id='word_1_256' title='bbox 525 2315 589 2356; x_wconf 86' lang='lat' dir='ltr'><strong>es</strong></span> <span class='ocrx_word' id='word_1_257' title='bbox 611 2299 942 2354; x_wconf 87' lang='lat' dir='ltr'><strong>inaccessa.</strong></span> <span class='ocrx_word' id='word_1_258' title='bbox 967 2300 1008 2352; x_wconf 86' lang='lat' dir='ltr'><strong>E</strong></span> <span class='ocrx_word' id='word_1_259' title='bbox 1035 2301 1191 2353; x_wconf 84' lang='lat' dir='ltr'><strong>terra</strong></span> <span class='ocrx_word' id='word_1_260' title='bbox 1214 2297 1446 2366; x_wconf 86' lang='lat' dir='ltr'><strong>virgine</strong></span> <span class='ocrx_word' id='word_1_261' title='bbox 1481 2298 1581 2352; x_wconf 89' lang='lat' dir='ltr'><strong>Dei</strong></span> <span class='ocrx_word' id='word_1_262' title='bbox 1616 2297 1900 2352; x_wconf 87' lang='lat' dir='ltr'><strong>manibus</strong></span> <span class='ocrx_word' id='word_1_263' title='bbox 1925 2297 2189 2370; x_wconf 86' lang='lat' dir='ltr'><strong>plasma-</strong></span> 
     </span>
    </p>
   </div>
   <div class='ocr_carea' id='block_1_39' title="bbox 525 2385 2187 2451">
    <p class='ocr_par' dir='ltr' id='par_1_39' title="bbox 525 2385 2187 2451">
     <span class='ocr_line' id='line_1_39' title="bbox 525 2385 2187 2451; baseline -0.003 -6"><span class='ocrx_word' id='word_1_264' title='bbox 525 2393 622 2445; x_wconf 90' lang='lat' dir='ltr'><strong>tus</strong></span> <span class='ocrx_word' id='word_1_265' title='bbox 646 2386 829 2443; x_wconf 90' lang='lat' dir='ltr'><strong>estab</strong></span> <span class='ocrx_word' id='word_1_266' title='bbox 870 2386 1035 2441; x_wconf 88' lang='lat' dir='ltr'><strong>initio</strong></span> <span class='ocrx_word' id='word_1_267' title='bbox 1067 2385 1299 2451; x_wconf 81' lang='lat' dir='ltr'><strong>Adam;</strong></span> <span class='ocrx_word' id='word_1_268' title='bbox 1364 2401 1527 2442; x_wconf 90' lang='lat' dir='ltr'><strong>nunc</strong></span> <span class='ocrx_word' id='word_1_269' title='bbox 1583 2391 1785 2441; x_wconf 89' lang='lat' dir='ltr'><strong>autem</strong></span> <span class='ocrx_word' id='word_1_270' title='bbox 1845 2386 1986 2440; x_wconf 68' lang='lat' dir='ltr'><strong>Adae</strong></span> <span class='ocrx_word' id='word_1_271' title='bbox 2031 2385 2187 2441; x_wconf 89' lang='lat' dir='ltr'><strong>illius</strong></span> 
     </span>
    </p>
   </div>
   <div class='ocr_carea' id='block_1_40' title="bbox 520 2474 2189 2556">
    <p class='ocr_par' dir='ltr' id='par_1_40' title="bbox 520 2474 2189 2556">
     <span class='ocr_line' id='line_1_40' title="bbox 520 2474 2189 2556; baseline -0.002 -23"><span class='ocrx_word' id='word_1_272' title='bbox 520 2477 854 2556; x_wconf 87' lang='lat' dir='ltr'><strong>plasmator</strong></span> <span class='ocrx_word' id='word_1_273' title='bbox 879 2491 951 2531; x_wconf 82' lang='lat' dir='ltr'><strong>ex</strong></span> <span class='ocrx_word' id='word_1_274' title='bbox 982 2479 1036 2530; x_wconf 92' lang='lat' dir='ltr'><strong>te</strong></span> <span class='ocrx_word' id='word_1_275' title='bbox 1063 2477 1176 2545; x_wconf 87' lang='lat'><strong>(39)</strong></span> <span class='ocrx_word' id='word_1_276' title='bbox 1206 2475 1392 2530; x_wconf 88' lang='lat' dir='ltr'><strong>oritur</strong></span> <span class='ocrx_word' id='word_1_277' title='bbox 1417 2490 1612 2530; x_wconf 90' lang='lat' dir='ltr'><strong>novus</strong></span> <span class='ocrx_word' id='word_1_278' title='bbox 1656 2474 1869 2543; x_wconf 83' lang='lat' dir='ltr'><strong>Adam,</strong></span> <span class='ocrx_word' id='word_1_279' title='bbox 1908 2480 1974 2531; x_wconf 90' lang='lat' dir='ltr'><strong>ut</strong></span> <span class='ocrx_word' id='word_1_280' title='bbox 2033 2479 2189 2530; x_wconf 84' lang='lat' dir='ltr'><strong>vete-</strong></span> 
     </span>
    </p>
   </div>
   <div class='ocr_carea' id='block_1_41' title="bbox 2299 1759 3916 1832">
    <p class='ocr_par' dir='ltr' id='par_1_41' title="bbox 2299 1759 3916 1832">
     <span class='ocr_line' id='line_1_41' title="bbox 2299 1759 3916 1832; baseline -0.001 -18"><span class='ocrx_word' id='word_1_281' title='bbox 2299 1763 2546 1832; x_wconf 75' lang='grc' dir='ltr'>συγγενές</span> <span class='ocrx_word' id='word_1_282' title='bbox 2576 1778 2680 1814; x_wconf 88' lang='grc' dir='ltr'>σοι.</span> <span class='ocrx_word' id='word_1_283' title='bbox 2753 1763 2837 1818; x_wconf 79' lang='grc' dir='ltr'><strong>Μὴ</strong></span> <span class='ocrx_word' id='word_1_284' title='bbox 2887 1759 3021 1830; x_wconf 73' lang='grc' dir='ltr'>λέγε,</span> <span class='ocrx_word' id='word_1_285' title='bbox 3071 1760 3110 1809; x_wconf 86' lang='grc' dir='ltr'>ὧ</span> <span class='ocrx_word' id='word_1_286' title='bbox 3160 1763 3543 1832; x_wconf 68' lang='grc' dir='ltr'>πανυπέφαγνε·</span> <span class='ocrx_word' id='word_1_287' title='bbox 3597 1765 3716 1820; x_wconf 81' lang='grc' dir='ltr'>Πῶς</span> <span class='ocrx_word' id='word_1_288' title='bbox 3760 1761 3916 1812; x_wconf 82' lang='grc' dir='ltr'>ἔσται</span> 
     </span>
    </p>
   </div>
   <div class='ocr_carea' id='block_1_42' title="bbox 2298 1845 3915 1924">
    <p class='ocr_par' dir='ltr' id='par_1_42' title="bbox 2298 1845 3915 1924">
     <span class='ocr_line' id='line_1_42' title="bbox 2298 1845 3915 1924; baseline -0.001 -21"><span class='ocrx_word' id='word_1_289' title='bbox 2298 1871 2387 1923; x_wconf 88' lang='grc' dir='ltr'><strong>μοι</strong></span> <span class='ocrx_word' id='word_1_290' title='bbox 2407 1858 2579 1918; x_wconf 82' lang='grc' dir='ltr'>τοῦτο,</span> <span class='ocrx_word' id='word_1_291' title='bbox 2646 1847 2755 1902; x_wconf 79' lang='grc' dir='ltr'>ἐπεὶ</span> <span class='ocrx_word' id='word_1_292' title='bbox 2814 1845 2986 1921; x_wconf 74' lang='grc' dir='ltr'>ἄνδρα</span> <span class='ocrx_word' id='word_1_293' title='bbox 3025 1849 3086 1901; x_wconf 77' lang='grc' dir='ltr'>οὐ</span> <span class='ocrx_word' id='word_1_294' title='bbox 3128 1855 3390 1920; x_wconf 70' lang='grc' dir='ltr'>’γινώσκοις</span> <span class='ocrx_word' id='word_1_295' title='bbox 3457 1851 3553 1903; x_wconf 83' lang='grc' dir='ltr'><strong>Διά</strong></span> <span class='ocrx_word' id='word_1_296' title='bbox 3603 1857 3761 1902; x_wconf 86' lang='grc' dir='ltr'>τοῦτο</span> <span class='ocrx_word' id='word_1_297' title='bbox 3806 1853 3915 1924; x_wconf 73' lang='grc' dir='ltr'><strong>γὰρ</strong></span> 
     </span>
    </p>
   </div>
   <div class='ocr_carea' id='block_1_43' title="bbox 2299 1935 3917 2014">
    <p class='ocr_par' dir='ltr' id='par_1_43' title="bbox 2299 1935 3917 2014">
     <span class='ocr_line' id='line_1_43' title="bbox 2299 1935 3917 2014; baseline -0.001 -22"><span class='ocrx_word' id='word_1_298' title='bbox 2299 1941 2467 2004; x_wconf 81' lang='grc' dir='ltr'>ἔσται,</span> <span class='ocrx_word' id='word_1_299' title='bbox 2520 1942 2601 1992; x_wconf 81' lang='grc' dir='ltr'>ὅτι</span> <span class='ocrx_word' id='word_1_300' title='bbox 2622 1935 2790 2012; x_wconf 77' lang='grc' dir='ltr'>ἀνδρα</span> <span class='ocrx_word' id='word_1_301' title='bbox 2837 1937 2897 1991; x_wconf 76' lang='grc' dir='ltr'>οὐ</span> <span class='ocrx_word' id='word_1_302' title='bbox 2949 1957 3243 2010; x_wconf 68' lang='grc' dir='ltr'>γινωσκεις.</span> <span class='ocrx_word' id='word_1_303' title='bbox 3301 1941 3395 1990; x_wconf 85' lang='grc' dir='ltr'><strong>Διά</strong></span> <span class='ocrx_word' id='word_1_304' title='bbox 3439 1946 3592 1992; x_wconf 81' lang='grc' dir='ltr'>τοῦτο</span> <span class='ocrx_word' id='word_1_305' title='bbox 3639 1937 3917 2014; x_wconf 67' lang='grc' dir='ltr'><strong>ἐγγραφὴ-</strong></span> 
     </span>
    </p>
   </div>
   <div class='ocr_carea' id='block_1_44' title="bbox 2302 2026 3919 2100">
    <p class='ocr_par' dir='ltr' id='par_1_44' title="bbox 2302 2026 3919 2100">
     <span class='ocr_line' id='line_1_44' title="bbox 2302 2026 3919 2100; baseline 0.001 -20"><span class='ocrx_word' id='word_1_306' title='bbox 2302 2034 2450 2081; x_wconf 81' lang='grc' dir='ltr'>σεταὶ</span> <span class='ocrx_word' id='word_1_307' title='bbox 2482 2046 2566 2081; x_wconf 92' lang='grc' dir='ltr'><strong>σοι</strong></span> <span class='ocrx_word' id='word_1_308' title='bbox 2591 2035 2662 2098; x_wconf 83' lang='grc' dir='ltr'>τῷ</span> <span class='ocrx_word' id='word_1_309' title='bbox 2719 2035 2880 2098; x_wconf 80' lang='grc' dir='ltr'>καινῷ</span> <span class='ocrx_word' id='word_1_310' title='bbox 2943 2031 3085 2100; x_wconf 84' lang='grc' dir='ltr'><strong>τόμω</strong></span> <span class='ocrx_word' id='word_1_311' title='bbox 3115 2035 3208 2080; x_wconf 92' lang='grc' dir='ltr'><strong>τοῦ</strong></span> <span class='ocrx_word' id='word_1_312' title='bbox 3254 2027 3479 2100; x_wconf 84' lang='grc' dir='ltr'>ΙΠατρὸς</span> <span class='ocrx_word' id='word_1_313' title='bbox 3509 2028 3535 2080; x_wconf 80' lang='grc' dir='ltr'><strong><em>ὁ</em></strong></span> <span class='ocrx_word' id='word_1_314' title='bbox 3563 2026 3919 2089; x_wconf 82' lang='grc' dir='ltr'>ἐνυπόστατος</span> 
     </span>
    </p>
   </div>
   <div class='ocr_carea' id='block_1_45' title="bbox 2299 2113 3920 2191">
    <p class='ocr_par' dir='ltr' id='par_1_45' title="bbox 2299 2113 3920 2191">
     <span class='ocr_line' id='line_1_45' title="bbox 2299 2113 3920 2191; baseline -0.001 -20"><span class='ocrx_word' id='word_1_315' title='bbox 2299 2123 2492 2190; x_wconf 70' lang='grc' dir='ltr'><strong>Λόγος,</strong></span> <span class='ocrx_word' id='word_1_316' title='bbox 2555 2119 2634 2170; x_wconf 78' lang='grc' dir='ltr'>ὅτι</span> <span class='ocrx_word' id='word_1_317' title='bbox 2685 2117 2899 2190; x_wconf 73' lang='grc' dir='ltr'>μέλανος</span> <span class='ocrx_word' id='word_1_318' title='bbox 2959 2113 3292 2178; x_wconf 77' lang='grc' dir='ltr'>ἀνεπίδεκτος</span> <span class='ocrx_word' id='word_1_319' title='bbox 3366 2115 3412 2170; x_wconf 85' lang='grc' dir='ltr'>εἶ</span> <span class='ocrx_word' id='word_1_320' title='bbox 3491 2125 3584 2180; x_wconf 81' lang='grc' dir='ltr'>τῆς</span> <span class='ocrx_word' id='word_1_321' title='bbox 3655 2115 3920 2191; x_wconf 73' lang='grc' dir='ltr'>ἀνδρικῆς</span> 
     </span>
    </p>
   </div>
   <div class='ocr_carea' id='block_1_46' title="bbox 2304 2205 3916 2280">
    <p class='ocr_par' dir='ltr' id='par_1_46' title="bbox 2304 2205 3916 2280">
     <span class='ocr_line' id='line_1_46' title="bbox 2304 2205 3916 2280; baseline -0.001 -20"><span class='ocrx_word' id='word_1_322' title='bbox 2304 2213 2600 2268; x_wconf 84' lang='grc' dir='ltr'>συνουσὶας.</span> <span class='ocrx_word' id='word_1_323' title='bbox 2656 2207 2667 2226; x_wconf 78' lang='grc'>⁸</span> <span class='ocrx_word' id='word_1_324' title='bbox 2728 2213 2800 2259; x_wconf 65' lang='lat' dir='ltr'><strong>Et</strong></span> <span class='ocrx_word' id='word_1_325' title='bbox 2855 2208 3119 2279; x_wconf 72' lang='grc' dir='ltr'>Παρθένου</span> <span class='ocrx_word' id='word_1_326' title='bbox 3185 2215 3286 2278; x_wconf 77' lang='grc' dir='ltr'><strong>γῆς</strong></span> <span class='ocrx_word' id='word_1_327' title='bbox 3348 2205 3583 2264; x_wconf 71' lang='grc' dir='ltr'>ἐπλάσθη</span> <span class='ocrx_word' id='word_1_328' title='bbox 3661 2211 3916 2280; x_wconf 82' lang='grc' dir='ltr'>πρότερον</span> 
     </span>
    </p>
   </div>
   <div class='ocr_carea' id='block_1_47' title="bbox 2301 2291 3914 2372">
    <p class='ocr_par' dir='ltr' id='par_1_47' title="bbox 2301 2291 3914 2372">
     <span class='ocr_line' id='line_1_47' title="bbox 2301 2291 3914 2372; baseline -0.002 -21"><span class='ocrx_word' id='word_1_329' title='bbox 2301 2304 2434 2351; x_wconf 81' lang='grc' dir='ltr'>Θεοῦ</span> <span class='ocrx_word' id='word_1_330' title='bbox 2463 2297 2699 2372; x_wconf 83' lang='grc' dir='ltr'>χερσὶνό</span> <span class='ocrx_word' id='word_1_331' title='bbox 2727 2291 2909 2368; x_wconf 80' lang='grc' dir='ltr'><strong>Λδάμ·</strong></span> <span class='ocrx_word' id='word_1_332' title='bbox 2956 2299 3046 2348; x_wconf 86' lang='grc' dir='ltr'>καὶ</span> <span class='ocrx_word' id='word_1_333' title='bbox 3095 2297 3229 2348; x_wconf 88' lang='grc' dir='ltr'>νῦνὸ</span> <span class='ocrx_word' id='word_1_334' title='bbox 3273 2302 3365 2348; x_wconf 89' lang='grc' dir='ltr'><strong>τοῦ</strong></span> <span class='ocrx_word' id='word_1_335' title='bbox 3422 2293 3600 2370; x_wconf 77' lang='grc' dir='ltr'><strong>’Δδὰμ</strong></span> <span class='ocrx_word' id='word_1_336' title='bbox 3645 2295 3914 2358; x_wconf 66' lang='grc' dir='ltr'>πλάστης,</span> 
     </span>
    </p>
   </div>
   <div class='ocr_carea' id='block_1_48' title="bbox 2299 2382 3916 2459">
    <p class='ocr_par' dir='ltr' id='par_1_48' title="bbox 2299 2382 3916 2459">
     <span class='ocr_line' id='line_1_48' title="bbox 2299 2382 3916 2459; baseline 0 -21"><span class='ocrx_word' id='word_1_337' title='bbox 2299 2390 2403 2447; x_wconf 80' lang='grc' dir='ltr'>νέος</span> <span class='ocrx_word' id='word_1_338' title='bbox 2462 2382 2657 2459; x_wconf 76' lang='grc' dir='ltr'><strong>Ἀδάμ,</strong></span> <span class='ocrx_word' id='word_1_339' title='bbox 2700 2383 2755 2437; x_wconf 73' lang='grc' dir='ltr'>ἐκ</span> <span class='ocrx_word' id='word_1_340' title='bbox 2827 2392 2923 2437; x_wconf 87' lang='grc' dir='ltr'><strong>σοῦ</strong></span> <span class='ocrx_word' id='word_1_341' title='bbox 2996 2388 3213 2455; x_wconf 74' lang='grc' dir='ltr'>γίνεται,</span> <span class='ocrx_word' id='word_1_342' title='bbox 3281 2388 3509 2458; x_wconf 65' lang='lat' dir='ltr'><strong>xei.va</strong></span> <span class='ocrx_word' id='word_1_343' title='bbox 3600 2387 3916 2446; x_wconf 68' lang='grc' dir='ltr'>ἀναστήσων</span> 
     </span>
    </p>
   </div>
   <div class='ocr_carea' id='block_1_49' title="bbox 2300 2469 3468 2542">
    <p class='ocr_par' dir='ltr' id='par_1_49' title="bbox 2300 2469 3468 2542">
     <span class='ocr_line' id='line_1_49' title="bbox 2300 2469 3468 2542; baseline 0.001 -15"><span class='ocrx_word' id='word_1_344' title='bbox 2300 2478 2390 2527; x_wconf 84' lang='grc' dir='ltr'>τὸν</span> <span class='ocrx_word' id='word_1_345' title='bbox 2421 2473 2662 2542; x_wconf 84' lang='grc' dir='ltr'>παλαιὸν,</span> <span class='ocrx_word' id='word_1_346' title='bbox 2685 2477 2777 2526; x_wconf 86' lang='grc' dir='ltr'>καὶ</span> <span class='ocrx_word' id='word_1_347' title='bbox 2801 2470 3112 2526; x_wconf 79' lang='grc' dir='ltr'>ἀναπλάσων</span> <span class='ocrx_word' id='word_1_348' title='bbox 3137 2469 3468 2528; x_wconf 79' lang='grc' dir='ltr'>διαλυθέντα.</span> 
     </span>
    </p>
   </div>
   <div class='ocr_carea' id='block_1_50' title="bbox 521 2563 2552 2637">
    <p class='ocr_par' dir='ltr' id='par_1_50' title="bbox 521 2563 2552 2637">
     <span class='ocr_line' id='line_1_50' title="bbox 521 2563 2552 2637; baseline -0.003 -14"><span class='ocrx_word' id='word_1_349' title='bbox 521 2581 649 2624; x_wconf 88' lang='lat' dir='ltr'><strong>rem</strong></span> <span class='ocrx_word' id='word_1_350' title='bbox 675 2564 842 2620; x_wconf 89' lang='lat' dir='ltr'><strong>illum</strong></span> <span class='ocrx_word' id='word_1_351' title='bbox 866 2565 1168 2635; x_wconf 90' lang='lat' dir='ltr'><strong>jacentem</strong></span> <span class='ocrx_word' id='word_1_352' title='bbox 1187 2564 1394 2634; x_wconf 89' lang='lat' dir='ltr'><strong>erigat,</strong></span> <span class='ocrx_word' id='word_1_353' title='bbox 1417 2567 1473 2619; x_wconf 89' lang='lat' dir='ltr'><strong>et</strong></span> <span class='ocrx_word' id='word_1_354' title='bbox 1497 2564 1877 2637; x_wconf 88' lang='lat' dir='ltr'><strong>corruptione</strong></span> <span class='ocrx_word' id='word_1_355' title='bbox 1907 2563 2236 2622; x_wconf 89' lang='lat' dir='ltr'><strong>resolutum</strong></span> <span class='ocrx_word' id='word_1_356' title='bbox 2280 2567 2552 2634; x_wconf 83' lang='lat' dir='ltr'><strong>reﬁngat.</strong></span> 
     </span>
    </p>
   </div>
   <div class='ocr_carea' id='block_1_51' title="bbox 599 2644 2200 2724">
    <p class='ocr_par' dir='ltr' id='par_1_51' title="bbox 599 2644 2200 2724">
     <span class='ocr_line' id='line_1_51' title="bbox 599 2644 2200 2724; baseline 0 -14"><span class='ocrx_word' id='word_1_357' title='bbox 599 2655 898 2724; x_wconf 80' lang='lat' dir='ltr'><strong>Quomodo</strong></span> <span class='ocrx_word' id='word_1_358' title='bbox 925 2655 1028 2722; x_wconf 80' lang='lat' dir='ltr'><strong>ﬂet</strong></span> <span class='ocrx_word' id='word_1_359' title='bbox 1058 2654 1223 2708; x_wconf 81' lang='lat' dir='ltr'><strong>istud</strong></span> <span class='ocrx_word' id='word_1_360' title='bbox 1241 2644 1697 2724; x_wconf 77' lang='lat' dir='ltr'><strong>mihi,quoniam</strong></span> <span class='ocrx_word' id='word_1_361' title='bbox 1726 2655 1917 2710; x_wconf 86' lang='lat' dir='ltr'><strong>virum</strong></span> <span class='ocrx_word' id='word_1_362' title='bbox 1943 2669 2063 2709; x_wconf 81' lang='lat' dir='ltr'><strong>non</strong></span> <span class='ocrx_word' id='word_1_363' title='bbox 2103 2670 2200 2711; x_wconf 87' lang='lat' dir='ltr'><strong>co.</strong></span> 
     </span>
    </p>
   </div>
   <div class='ocr_carea' id='block_1_52' title="bbox 521 2741 2198 2820">
    <p class='ocr_par' dir='ltr' id='par_1_52' title="bbox 521 2741 2198 2820">
     <span class='ocr_line' id='line_1_52' title="bbox 521 2741 2198 2820; baseline -0.002 -18"><span class='ocrx_word' id='word_1_364' title='bbox 521 2761 739 2820; x_wconf 85' lang='lat' dir='ltr'><strong>gnosco</strong></span> <span class='ocrx_word' id='word_1_365' title='bbox 768 2745 795 2802; x_wconf 88' lang='lat'><strong>?</strong></span> <span class='ocrx_word' id='word_1_366' title='bbox 819 2745 934 2799; x_wconf 83' lang='lat' dir='ltr'><strong>Hoc</strong></span> <span class='ocrx_word' id='word_1_367' title='bbox 959 2743 1156 2798; x_wconf 88' lang='lat' dir='ltr'><strong>solum</strong></span> <span class='ocrx_word' id='word_1_368' title='bbox 1189 2741 1338 2798; x_wconf 90' lang='lat' dir='ltr'><strong>dicis</strong></span> <span class='ocrx_word' id='word_1_369' title='bbox 1360 2746 1388 2798; x_wconf 83' lang='lat'><strong><em>?</em></strong></span> <span class='ocrx_word' id='word_1_370' title='bbox 1415 2747 1486 2799; x_wconf 80' lang='lat' dir='ltr'><strong>At</strong></span> <span class='ocrx_word' id='word_1_371' title='bbox 1506 2743 1922 2815; x_wconf 66' lang='lat' dir='ltr'><strong>praestantiora</strong></span> <span class='ocrx_word' id='word_1_372' title='bbox 1966 2742 2198 2800; x_wconf 89' lang='lat' dir='ltr'><strong>silentio</strong></span> 
     </span>
    </p>
   </div>
   <div class='ocr_carea' id='block_1_53' title="bbox 530 2831 2198 2908">
    <p class='ocr_par' dir='ltr' id='par_1_53' title="bbox 530 2831 2198 2908">
     <span class='ocr_line' id='line_1_53' title="bbox 530 2831 2198 2908; baseline -0.002 -17"><span class='ocrx_word' id='word_1_373' title='bbox 530 2833 778 2908; x_wconf 88' lang='lat' dir='ltr'><strong>premis,</strong></span> <span class='ocrx_word' id='word_1_374' title='bbox 805 2849 840 2889; x_wconf 95' lang='lat' dir='ltr'><strong>o</strong></span> <span class='ocrx_word' id='word_1_375' title='bbox 868 2849 1005 2906; x_wconf 72' lang='lat' dir='ltr'><strong>qua:</strong></span> <span class='ocrx_word' id='word_1_376' title='bbox 1036 2831 1225 2902; x_wconf 89' lang='lat' dir='ltr'><strong>gloria</strong></span> <span class='ocrx_word' id='word_1_377' title='bbox 1245 2833 1406 2888; x_wconf 69' lang='lat' dir='ltr'><strong>caelis</strong></span> <span class='ocrx_word' id='word_1_378' title='bbox 1439 2848 1502 2888; x_wconf 89' lang='lat' dir='ltr'><strong>es</strong></span> <span class='ocrx_word' id='word_1_379' title='bbox 1530 2831 1862 2903; x_wconf 86' lang='lat' dir='ltr'><strong>sublimior,</strong></span> <span class='ocrx_word' id='word_1_380' title='bbox 1911 2835 2198 2889; x_wconf 89' lang='lat' dir='ltr'><strong>terrestris</strong></span> 
     </span>
    </p>
   </div>
   <div class='ocr_carea' id='block_1_54' title="bbox 528 2921 2201 2994">
    <p class='ocr_par' dir='ltr' id='par_1_54' title="bbox 528 2921 2201 2994">
     <span class='ocr_line' id='line_1_54' title="bbox 528 2921 2201 2994; baseline -0.002 -13"><span class='ocrx_word' id='word_1_381' title='bbox 528 2939 670 2981; x_wconf 87' lang='lat' dir='ltr'><strong>vero</strong></span> <span class='ocrx_word' id='word_1_382' title='bbox 705 2922 984 2979; x_wconf 87' lang='lat' dir='ltr'><strong>modesta</strong></span> <span class='ocrx_word' id='word_1_383' title='bbox 1011 2922 1096 2978; x_wconf 88' lang='lat' dir='ltr'><strong>tui</strong></span> <span class='ocrx_word' id='word_1_384' title='bbox 1121 2922 1427 2994; x_wconf 88' lang='lat' dir='ltr'><strong>opinione.</strong></span> <span class='ocrx_word' id='word_1_385' title='bbox 1451 2921 1625 2977; x_wconf 85' lang='lat' dir='ltr'><strong>Haud</strong></span> <span class='ocrx_word' id='word_1_386' title='bbox 1649 2937 1943 2992; x_wconf 87' lang='lat' dir='ltr'><strong>magnum</strong></span> <span class='ocrx_word' id='word_1_387' title='bbox 1973 2923 2034 2978; x_wconf 91' lang='lat' dir='ltr'><strong>in</strong></span> <span class='ocrx_word' id='word_1_388' title='bbox 2057 2927 2111 2978; x_wconf 88' lang='lat' dir='ltr'><strong>te</strong></span> <span class='ocrx_word' id='word_1_389' title='bbox 2138 2921 2201 2978; x_wconf 86' lang='lat' dir='ltr'><strong>il-</strong></span> 
     </span>
    </p>
   </div>
   <div class='ocr_carea' id='block_1_55' title="bbox 527 3011 2200 3086">
    <p class='ocr_par' dir='ltr' id='par_1_55' title="bbox 527 3011 2200 3086">
     <span class='ocr_line' id='line_1_55' title="bbox 527 3011 2200 3086; baseline -0.001 -16"><span class='ocrx_word' id='word_1_390' title='bbox 527 3013 634 3071; x_wconf 91' lang='lat' dir='ltr'><strong>lud</strong></span> <span class='ocrx_word' id='word_1_391' title='bbox 663 3017 770 3080; x_wconf 89' lang='lat' dir='ltr'><strong>est,</strong></span> <span class='ocrx_word' id='word_1_392' title='bbox 805 3012 971 3086; x_wconf 89' lang='lat' dir='ltr'><strong>quod</strong></span> <span class='ocrx_word' id='word_1_393' title='bbox 1021 3012 1220 3068; x_wconf 89' lang='lat' dir='ltr'><strong>virum</strong></span> <span class='ocrx_word' id='word_1_394' title='bbox 1277 3027 1401 3068; x_wconf 88' lang='lat' dir='ltr'><strong>non</strong></span> <span class='ocrx_word' id='word_1_395' title='bbox 1439 3022 1795 3084; x_wconf 78' lang='lat' dir='ltr'><strong>cognoscas,</strong></span> <span class='ocrx_word' id='word_1_396' title='bbox 1841 3011 1946 3068; x_wconf 89' lang='lat' dir='ltr'><strong>sed</strong></span> <span class='ocrx_word' id='word_1_397' title='bbox 2001 3012 2200 3084; x_wconf 88' lang='lat' dir='ltr'><strong>potius</strong></span> 
     </span>
    </p>
   </div>
   <div class='ocr_carea' id='block_1_56' title="bbox 529 3101 2197 3177">
    <p class='ocr_par' dir='ltr' id='par_1_56' title="bbox 529 3101 2197 3177">
     <span class='ocr_line' id='line_1_56' title="bbox 529 3101 2197 3177; baseline -0.001 -18"><span class='ocrx_word' id='word_1_398' title='bbox 529 3103 698 3177; x_wconf 86' lang='lat' dir='ltr'><strong>quod</strong></span> <span class='ocrx_word' id='word_1_399' title='bbox 724 3108 1010 3170; x_wconf 90' lang='lat' dir='ltr'><strong>mentem,</strong></span> <span class='ocrx_word' id='word_1_400' title='bbox 1034 3116 1218 3174; x_wconf 88' lang='lat' dir='ltr'><strong>supra</strong></span> <span class='ocrx_word' id='word_1_401' title='bbox 1234 3101 1486 3158; x_wconf 91' lang='lat' dir='ltr'><strong>modum</strong></span> <span class='ocrx_word' id='word_1_402' title='bbox 1505 3116 1749 3157; x_wconf 91' lang='lat' dir='ltr'><strong>omnem</strong></span> <span class='ocrx_word' id='word_1_403' title='bbox 1786 3102 2197 3174; x_wconf 81' lang='lat' dir='ltr'><strong>purissimam,</strong></span> 
     </span>
    </p>
   </div>
   <div class='ocr_carea' id='block_1_57' title="bbox 530 3191 2200 3266">
    <p class='ocr_par' dir='ltr' id='par_1_57' title="bbox 530 3191 2200 3266">
     <span class='ocr_line' id='line_1_57' title="bbox 530 3191 2200 3266; baseline -0.001 -16"><span class='ocrx_word' id='word_1_404' title='bbox 530 3193 892 3266; x_wconf 87' lang='lat' dir='ltr'><strong>imperviam</strong></span> <span class='ocrx_word' id='word_1_405' title='bbox 917 3191 1149 3248; x_wconf 86' lang='lat' dir='ltr'><strong>habeas</strong></span> <span class='ocrx_word' id='word_1_406' title='bbox 1176 3191 1272 3247; x_wconf 85' lang='lat' dir='ltr'><strong>vel</strong></span> <span class='ocrx_word' id='word_1_407' title='bbox 1301 3191 1554 3247; x_wconf 91' lang='lat' dir='ltr'><strong>minimo</strong></span> <span class='ocrx_word' id='word_1_408' title='bbox 1576 3191 1858 3248; x_wconf 90' lang='lat' dir='ltr'><strong>motionis</strong></span> <span class='ocrx_word' id='word_1_409' title='bbox 1890 3191 2200 3248; x_wconf 88' lang='lat' dir='ltr'><strong>inordina-</strong></span> 
     </span>
    </p>
   </div>
   <div class='ocr_carea' id='block_1_58' title="bbox 531 3279 2202 3351">
    <p class='ocr_par' dir='ltr' id='par_1_58' title="bbox 531 3279 2202 3351">
     <span class='ocr_line' id='line_1_58' title="bbox 531 3279 2202 3351; baseline -0.002 -12"><span class='ocrx_word' id='word_1_410' title='bbox 531 3286 605 3339; x_wconf 69' lang='lat' dir='ltr'><strong>tte</strong></span> <span class='ocrx_word' id='word_1_411' title='bbox 620 3283 893 3338; x_wconf 86' lang='lat' dir='ltr'><strong>minusve</strong></span> <span class='ocrx_word' id='word_1_412' title='bbox 907 3280 1176 3336; x_wconf 89' lang='lat' dir='ltr'><strong>decentis</strong></span> <span class='ocrx_word' id='word_1_413' title='bbox 1189 3280 1437 3348; x_wconf 88' lang='lat' dir='ltr'><strong>vestigio</strong></span> <span class='ocrx_word' id='word_1_414' title='bbox 1450 3281 1582 3351; x_wconf 76' lang='grc'><strong>(40).</strong></span> <span class='ocrx_word' id='word_1_415' title='bbox 1603 3279 1923 3336; x_wconf 88' lang='lat' dir='ltr'><strong>Paradisus</strong></span> <span class='ocrx_word' id='word_1_416' title='bbox 1945 3295 2008 3336; x_wconf 87' lang='lat' dir='ltr'><strong>es</strong></span> <span class='ocrx_word' id='word_1_417' title='bbox 2033 3295 2071 3337; x_wconf 89' lang='lat' dir='ltr'><strong>a</strong></span> <span class='ocrx_word' id='word_1_418' title='bbox 2084 3283 2202 3336; x_wconf 89' lang='lat' dir='ltr'><strong>Deo</strong></span> 
     </span>
    </p>
   </div>
   <div class='ocr_carea' id='block_1_59' title="bbox 532 3368 2200 3446">
    <p class='ocr_par' dir='ltr' id='par_1_59' title="bbox 532 3368 2200 3446">
     <span class='ocr_line' id='line_1_59' title="bbox 532 3368 2200 3446; baseline 0 -20"><span class='ocrx_word' id='word_1_419' title='bbox 532 3371 857 3446; x_wconf 88' lang='lat' dir='ltr'><strong>plantatus,</strong></span> <span class='ocrx_word' id='word_1_420' title='bbox 889 3373 946 3426; x_wconf 89' lang='lat' dir='ltr'><strong>et</strong></span> <span class='ocrx_word' id='word_1_421' title='bbox 968 3385 1036 3425; x_wconf 87' lang='lat' dir='ltr'><strong>ex</strong></span> <span class='ocrx_word' id='word_1_422' title='bbox 1060 3385 1182 3442; x_wconf 87' lang='lat' dir='ltr'><strong>quo</strong></span> <span class='ocrx_word' id='word_1_423' title='bbox 1200 3373 1314 3440; x_wconf 78' lang='grc'><strong>(41)</strong></span> <span class='ocrx_word' id='word_1_424' title='bbox 1337 3368 1698 3439; x_wconf 88' lang='lat' dir='ltr'><strong>genitalibus</strong></span> <span class='ocrx_word' id='word_1_425' title='bbox 1711 3373 1942 3425; x_wconf 67' lang='lat' dir='ltr'><strong>natura:</strong></span> <span class='ocrx_word' id='word_1_426' title='bbox 1961 3369 2200 3439; x_wconf 87' lang='lat' dir='ltr'><strong>legibus</strong></span> 
     </span>
    </p>
   </div>
   <div class='ocr_carea' id='block_1_60' title="bbox 539 3459 2197 3534">
    <p class='ocr_par' dir='ltr' id='par_1_60' title="bbox 539 3459 2197 3534">
     <span class='ocr_line' id='line_1_60' title="bbox 539 3459 2197 3534; baseline -0.002 -16"><span class='ocrx_word' id='word_1_427' title='bbox 539 3461 648 3520; x_wconf 90' lang='lat' dir='ltr'><strong>tibi</strong></span> <span class='ocrx_word' id='word_1_428' title='bbox 674 3461 932 3534; x_wconf 87' lang='lat' dir='ltr'><strong>propriis</strong></span> <span class='ocrx_word' id='word_1_429' title='bbox 956 3464 1084 3515; x_wconf 86' lang='lat' dir='ltr'><strong>sata</strong></span> <span class='ocrx_word' id='word_1_430' title='bbox 1107 3460 1283 3528; x_wconf 84' lang='lat' dir='ltr'><strong>fuisti,</strong></span> <span class='ocrx_word' id='word_1_431' title='bbox 1321 3462 1474 3515; x_wconf 84' lang='lat' dir='ltr'><strong>Deus</strong></span> <span class='ocrx_word' id='word_1_432' title='bbox 1497 3461 1811 3515; x_wconf 87' lang='lat' dir='ltr'><strong>mandavit</strong></span> <span class='ocrx_word' id='word_1_433' title='bbox 1852 3459 2197 3532; x_wconf 77' lang='lat' dir='ltr'><strong>Cherubim,</strong></span> 
     </span>
    </p>
   </div>
   <div class='ocr_carea' id='block_1_61' title="bbox 536 3549 2202 3621">
    <p class='ocr_par' dir='ltr' id='par_1_61' title="bbox 536 3549 2202 3621">
     <span class='ocr_line' id='line_1_61' title="bbox 536 3549 2202 3621; baseline 0 -15"><span class='ocrx_word' id='word_1_434' title='bbox 536 3555 602 3606; x_wconf 91' lang='lat' dir='ltr'><strong>ut</strong></span> <span class='ocrx_word' id='word_1_435' title='bbox 619 3555 672 3605; x_wconf 90' lang='lat' dir='ltr'><strong>ct</strong></span> <span class='ocrx_word' id='word_1_436' title='bbox 694 3550 965 3621; x_wconf 80' lang='lat' dir='ltr'><strong>gladium</strong></span> <span class='ocrx_word' id='word_1_437' title='bbox 976 3550 1317 3619; x_wconf 83' lang='lat' dir='ltr'><strong>ﬂammeum</strong></span> <span class='ocrx_word' id='word_1_438' title='bbox 1335 3553 1516 3619; x_wconf 84' lang='lat' dir='ltr'><strong>atque</strong></span> <span class='ocrx_word' id='word_1_439' title='bbox 1537 3549 1876 3605; x_wconf 84' lang='lat' dir='ltr'><strong>versatilem</strong></span> <span class='ocrx_word' id='word_1_440' title='bbox 1898 3549 1957 3604; x_wconf 88' lang='lat' dir='ltr'><strong>in</strong></span> <span class='ocrx_word' id='word_1_441' title='bbox 1991 3549 2202 3606; x_wconf 89' lang='lat' dir='ltr'><strong>orbem</strong></span> 
     </span>
    </p>
   </div>
   <div class='ocr_carea' id='block_1_62' title="bbox 539 3637 2203 3710">
    <p class='ocr_par' dir='ltr' id='par_1_62' title="bbox 539 3637 2203 3710">
     <span class='ocr_line' id='line_1_62' title="bbox 539 3637 2203 3710; baseline 0 -15"><span class='ocrx_word' id='word_1_442' title='bbox 539 3639 764 3695; x_wconf 89' lang='lat' dir='ltr'><strong>circum</strong></span> <span class='ocrx_word' id='word_1_443' title='bbox 792 3644 846 3694; x_wconf 91' lang='lat' dir='ltr'><strong>te</strong></span> <span class='ocrx_word' id='word_1_444' title='bbox 870 3642 1155 3706; x_wconf 85' lang='lat' dir='ltr'><strong>rotarent,</strong></span> <span class='ocrx_word' id='word_1_445' title='bbox 1180 3643 1356 3710; x_wconf 89' lang='lat' dir='ltr'><strong>teque</strong></span> <span class='ocrx_word' id='word_1_446' title='bbox 1387 3637 1794 3710; x_wconf 88' lang='lat' dir='ltr'><strong>undequaque</strong></span> <span class='ocrx_word' id='word_1_447' title='bbox 1825 3637 2203 3697; x_wconf 89' lang='lat' dir='ltr'><strong>inaccessam</strong></span> 
     </span>
    </p>
   </div>
   <div class='ocr_carea' id='block_1_63' title="bbox 539 3727 1852 3801">
    <p class='ocr_par' dir='ltr' id='par_1_63' title="bbox 539 3727 1852 3801">
     <span class='ocr_line' id='line_1_63' title="bbox 539 3727 1852 3801; baseline -0.002 -14"><span class='ocrx_word' id='word_1_448' title='bbox 539 3729 905 3787; x_wconf 83' lang='lat' dir='ltr'><strong>fraudulenti</strong></span> <span class='ocrx_word' id='word_1_449' title='bbox 932 3728 1222 3801; x_wconf 79' lang='lat' dir='ltr'><strong>serpentis</strong></span> <span class='ocrx_word' id='word_1_450' title='bbox 1255 3727 1482 3783; x_wconf 91' lang='lat' dir='ltr'><strong>insidiis</strong></span> <span class='ocrx_word' id='word_1_451' title='bbox 1529 3731 1852 3784; x_wconf 87' lang='lat' dir='ltr'><strong>servarent.</strong></span> 
     </span>
    </p>
   </div>
   <div class='ocr_carea' id='block_1_64' title="bbox 613 3819 2203 3890">
    <p class='ocr_par' dir='ltr' id='par_1_64' title="bbox 613 3819 2203 3890">
     <span class='ocr_line' id='line_1_64' title="bbox 613 3819 2203 3890; baseline 0.001 -15"><span class='ocrx_word' id='word_1_452' title='bbox 613 3822 767 3876; x_wconf 85' lang='lat' dir='ltr'><strong>XLV.</strong></span> <span class='ocrx_word' id='word_1_453' title='bbox 801 3820 1066 3890; x_wconf 79' lang='lat' dir='ltr'><strong>Spiritus</strong></span> <span class='ocrx_word' id='word_1_454' title='bbox 1083 3823 1327 3874; x_wconf 82' lang='lat' dir='ltr'><strong>sanctus</strong></span> <span class='ocrx_word' id='word_1_455' title='bbox 1358 3819 1732 3886; x_wconf 77' lang='lat' dir='ltr'><strong>superveniet</strong></span> <span class='ocrx_word' id='word_1_456' title='bbox 1752 3819 1812 3872; x_wconf 87' lang='lat' dir='ltr'><strong>in</strong></span> <span class='ocrx_word' id='word_1_457' title='bbox 1833 3824 1908 3886; x_wconf 87' lang='lat' dir='ltr'><strong>te,</strong></span> <span class='ocrx_word' id='word_1_458' title='bbox 1937 3824 1993 3875; x_wconf 83' lang='lat' dir='ltr'><strong>et</strong></span> <span class='ocrx_word' id='word_1_459' title='bbox 2013 3819 2203 3879; x_wconf 81' lang='lat' dir='ltr'><strong>virtus</strong></span> 
     </span>
    </p>
   </div>
   <div class='ocr_carea' id='block_1_65' title="bbox 542 3907 2204 3979">
    <p class='ocr_par' dir='ltr' id='par_1_65' title="bbox 542 3907 2204 3979">
     <span class='ocr_line' id='line_1_65' title="bbox 542 3907 2204 3979; baseline -0.002 -13"><span class='ocrx_word' id='word_1_460' title='bbox 542 3911 591 3966; x_wconf 82' lang='grc' dir='ltr'><strong><em>Α</em></strong></span> <span class='ocrx_word' id='word_1_461' title='bbox 605 3910 843 3966; x_wconf 70' lang='lat' dir='ltr'><strong>(tissimi</strong></span> <span class='ocrx_word' id='word_1_462' title='bbox 859 3908 1239 3965; x_wconf 80' lang='lat' dir='ltr'><strong>obumbrabit</strong></span> <span class='ocrx_word' id='word_1_463' title='bbox 1255 3907 1364 3963; x_wconf 86' lang='lat' dir='ltr'><strong>tibi</strong></span> <span class='ocrx_word' id='word_1_464' title='bbox 1375 3907 1502 3978; x_wconf 78' lang='grc'><strong>(43).</strong></span> <span class='ocrx_word' id='word_1_465' title='bbox 1518 3907 1664 3962; x_wconf 88' lang='lat' dir='ltr'><strong>Cum</strong></span> <span class='ocrx_word' id='word_1_466' title='bbox 1685 3909 1826 3974; x_wconf 85' lang='lat' dir='ltr'><strong>Eva,</strong></span> <span class='ocrx_word' id='word_1_467' title='bbox 1850 3907 2204 3979; x_wconf 87' lang='lat' dir='ltr'><strong>paradisum</strong></span> 
     </span>
    </p>
   </div>
   <div class='ocr_carea' id='block_1_66' title="bbox 541 3997 2204 4070">
    <p class='ocr_par' dir='ltr' id='par_1_66' title="bbox 541 3997 2204 4070">
     <span class='ocr_line' id='line_1_66' title="bbox 541 3997 2204 4070; baseline -0.001 -15"><span class='ocrx_word' id='word_1_468' title='bbox 541 3999 908 4064; x_wconf 84' lang='lat' dir='ltr'><strong>inhabitans,</strong></span> <span class='ocrx_word' id='word_1_469' title='bbox 937 3998 1054 4054; x_wconf 87' lang='lat' dir='ltr'><strong>huc</strong></span> <span class='ocrx_word' id='word_1_470' title='bbox 1076 3997 1212 4053; x_wconf 91' lang='lat' dir='ltr'><strong>illuc</strong></span> <span class='ocrx_word' id='word_1_471' title='bbox 1232 4002 1570 4070; x_wconf 86' lang='lat' dir='ltr'><strong>vagaretur,</strong></span> <span class='ocrx_word' id='word_1_472' title='bbox 1593 4000 1898 4053; x_wconf 89' lang='lat' dir='ltr'><strong>tortuosus</strong></span> <span class='ocrx_word' id='word_1_473' title='bbox 1939 3998 2018 4053; x_wconf 89' lang='lat' dir='ltr'><strong>ad</strong></span> <span class='ocrx_word' id='word_1_474' title='bbox 2067 4013 2204 4053; x_wconf 90' lang='lat' dir='ltr'><strong>eam</strong></span> 
     </span>
    </p>
   </div>
   <div class='ocr_carea' id='block_1_67' title="bbox 545 4085 2204 4162">
    <p class='ocr_par' dir='ltr' id='par_1_67' title="bbox 545 4085 2204 4162">
     <span class='ocr_line' id='line_1_67' title="bbox 545 4085 2204 4162; baseline 0.001 -20"><span class='ocrx_word' id='word_1_475' title='bbox 545 4089 820 4162; x_wconf 86' lang='lat' dir='ltr'><strong>spiritus,</strong></span> <span class='ocrx_word' id='word_1_476' title='bbox 847 4087 1105 4143; x_wconf 88' lang='lat' dir='ltr'><strong>sinuosis</strong></span> <span class='ocrx_word' id='word_1_477' title='bbox 1129 4092 1302 4143; x_wconf 87' lang='lat' dir='ltr'><strong>utens</strong></span> <span class='ocrx_word' id='word_1_478' title='bbox 1319 4087 1610 4158; x_wconf 89' lang='lat' dir='ltr'><strong>serpentis</strong></span> <span class='ocrx_word' id='word_1_479' title='bbox 1633 4085 1909 4153; x_wconf 85' lang='lat' dir='ltr'><strong>ﬂexibus,</strong></span> <span class='ocrx_word' id='word_1_480' title='bbox 1935 4088 2204 4144; x_wconf 89' lang='lat' dir='ltr'><strong>accessit.</strong></span> 
     </span>
    </p>
   </div>
   <div class='ocr_carea' id='block_1_68' title="bbox 545 4175 2201 4248">
    <p class='ocr_par' dir='ltr' id='par_1_68' title="bbox 545 4175 2201 4248">
     <span class='ocr_line' id='line_1_68' title="bbox 545 4175 2201 4248; baseline 0.001 -14"><span class='ocrx_word' id='word_1_481' title='bbox 545 4182 607 4234; x_wconf 88' lang='lat' dir='ltr'><strong>lu</strong></span> <span class='ocrx_word' id='word_1_482' title='bbox 630 4185 685 4233; x_wconf 87' lang='lat' dir='ltr'><strong>te</strong></span> <span class='ocrx_word' id='word_1_483' title='bbox 711 4193 853 4234; x_wconf 89' lang='lat' dir='ltr'><strong>vero</strong></span> <span class='ocrx_word' id='word_1_484' title='bbox 885 4183 1078 4232; x_wconf 87' lang='lat' dir='ltr'><strong>rectus</strong></span> <span class='ocrx_word' id='word_1_485' title='bbox 1103 4183 1157 4231; x_wconf 91' lang='lat' dir='ltr'><strong>et</strong></span> <span class='ocrx_word' id='word_1_486' title='bbox 1183 4181 1430 4232; x_wconf 88' lang='lat' dir='ltr'><strong>sanctus</strong></span> <span class='ocrx_word' id='word_1_487' title='bbox 1472 4176 1857 4248; x_wconf 89' lang='lat' dir='ltr'><strong>superveniet</strong></span> <span class='ocrx_word' id='word_1_488' title='bbox 1915 4175 2201 4248; x_wconf 85' lang='lat' dir='ltr'><strong>Spiritus:</strong></span> 
     </span>
    </p>
   </div>
   <div class='ocr_carea' id='block_1_69' title="bbox 542 4264 2201 4340">
    <p class='ocr_par' dir='ltr' id='par_1_69' title="bbox 542 4264 2201 4340">
     <span class='ocr_line' id='line_1_69' title="bbox 542 4264 2201 4340; baseline 0.001 -18"><span class='ocrx_word' id='word_1_489' title='bbox 542 4267 853 4340; x_wconf 88' lang='lat' dir='ltr'><strong>quoniam,</strong></span> <span class='ocrx_word' id='word_1_490' title='bbox 871 4270 936 4320; x_wconf 90' lang='lat' dir='ltr'><strong>ut</strong></span> <span class='ocrx_word' id='word_1_491' title='bbox 958 4281 1073 4321; x_wconf 83' lang='lat' dir='ltr'><strong>vox</strong></span> <span class='ocrx_word' id='word_1_492' title='bbox 1098 4264 1199 4321; x_wconf 90' lang='lat' dir='ltr'><strong>tibi</strong></span> <span class='ocrx_word' id='word_1_493' title='bbox 1219 4265 1597 4321; x_wconf 87' lang='lat' dir='ltr'><strong>Canticorum</strong></span> <span class='ocrx_word' id='word_1_494' title='bbox 1620 4264 2201 4336; x_wconf 66' lang='lat' dir='ltr'><strong>concinit(4i),recti-</strong></span> 
     </span>
    </p>
   </div>
   <div class='ocr_carea' id='block_1_70' title="bbox 546 4355 1031 4411">
    <p class='ocr_par' dir='ltr' id='par_1_70' title="bbox 546 4355 1031 4411">
     <span class='ocr_line' id='line_1_70' title="bbox 546 4355 1031 4411; baseline -0.002 -1"><span class='ocrx_word' id='word_1_495' title='bbox 546 4357 687 4411; x_wconf 85' lang='lat' dir='ltr'><strong>tudo</strong></span> <span class='ocrx_word' id='word_1_496' title='bbox 718 4355 930 4410; x_wconf 73' lang='lat' dir='ltr'><strong>dilexit</strong></span> <span class='ocrx_word' id='word_1_497' title='bbox 961 4361 1031 4410; x_wconf 87' lang='lat' dir='ltr'><strong>te.</strong></span> 
     </span>
    </p>
   </div>
   <div class='ocr_carea' id='block_1_71' title="bbox 647 4480 1084 4549">
    <p class='ocr_par' dir='ltr' id='par_1_71' title="bbox 647 4480 1084 4549">
     <span class='ocr_line' id='line_1_71' title="bbox 647 4480 1084 4549; baseline -0.009 -15"><span class='ocrx_word' id='word_1_498' title='bbox 647 4481 735 4549; x_wconf 78' lang='grc'><strong>34)</strong></span> <span class='ocrx_word' id='word_1_499' title='bbox 765 4480 900 4534; x_wconf 92' lang='lat' dir='ltr'><strong>Luc.</strong></span> <span class='ocrx_word' id='word_1_500' title='bbox 932 4493 971 4544; x_wconf 83' lang='grc' dir='ltr'>ι,</span> <span class='ocrx_word' id='word_1_501' title='bbox 993 4480 1084 4532; x_wconf 82' lang='lat'><strong>28.</strong></span> 
     </span>
    </p>
   </div>
   <div class='ocr_carea' id='block_1_72' title="bbox 618 4481 2202 4620">
    <p class='ocr_par' dir='ltr' id='par_1_72' title="bbox 618 4481 2202 4620">
     <span class='ocr_line' id='line_1_72' title="bbox 647 4481 1084 4549; baseline -0.009 -15"><span class='ocrx_word' id='word_1_502' title='bbox 647 4481 735 4549; x_wconf 78' lang='grc'><strong>34)</strong></span> <span class='ocrx_word' id='word_1_503' title='bbox 765 4481 900 4534; x_wconf 92' lang='lat' dir='ltr'><strong>Luc.</strong></span> <span class='ocrx_word' id='word_1_504' title='bbox 932 4493 971 4544; x_wconf 83' lang='grc' dir='ltr'>ι,</span> <span class='ocrx_word' id='word_1_505' title='bbox 993 4481 1084 4532; x_wconf 83' lang='lat'><strong>28.</strong></span> 
     </span>
     <span class='ocr_line' id='line_1_73' title="bbox 618 4481 2202 4620; baseline 0.001 -14"><span class='ocrx_word' id='word_1_506' title='bbox 618 4481 731 4620; x_wconf 72' lang='grc'><strong>(35)</strong></span> <span class='ocrx_word' id='word_1_507' title='bbox 760 4551 870 4604; x_wconf 89' lang='lat' dir='ltr'><strong>lsa.</strong></span> <span class='ocrx_word' id='word_1_508' title='bbox 906 4564 1017 4614; x_wconf 64' lang='grc' dir='ltr'>ιιι,</span> <span class='ocrx_word' id='word_1_509' title='bbox 1049 4553 1100 4602; x_wconf 87' lang='lat'><strong>2.</strong></span> <span class='ocrx_word' id='word_1_510' title='bbox 1135 4548 1489 4619; x_wconf 81' lang='lat' dir='ltr'><strong>Iniquitates</strong></span> <span class='ocrx_word' id='word_1_511' title='bbox 1518 4553 1728 4604; x_wconf 70' lang='lat' dir='ltr'><strong>vestrae</strong></span> <span class='ocrx_word' id='word_1_512' title='bbox 1751 4548 2083 4606; x_wconf 83' lang='lat' dir='ltr'><strong>diviserunt</strong></span> <span class='ocrx_word' id='word_1_513' title='bbox 2109 4552 2202 4608; x_wconf 85' lang='lat' dir='ltr'><strong>in-</strong></span> 
     </span>
    </p>
   </div>
   <div class='ocr_carea' id='block_1_73' title="bbox 620 4621 1450 4678">
    <p class='ocr_par' dir='ltr' id='par_1_73' title="bbox 620 4621 1450 4678">
     <span class='ocr_line' id='line_1_74' title="bbox 620 4621 1450 4678; baseline -0.004 -2"><span class='ocrx_word' id='word_1_514' title='bbox 620 4627 712 4678; x_wconf 79' lang='lat' dir='ltr'><strong>ter</strong></span> <span class='ocrx_word' id='word_1_515' title='bbox 741 4636 840 4677; x_wconf 87' lang='lat' dir='ltr'><strong>vos</strong></span> <span class='ocrx_word' id='word_1_516' title='bbox 865 4627 919 4676; x_wconf 83' lang='lat' dir='ltr'><strong>et</strong></span> <span class='ocrx_word' id='word_1_517' title='bbox 949 4621 1133 4675; x_wconf 84' lang='lat' dir='ltr'><strong>Deum</strong></span> <span class='ocrx_word' id='word_1_518' title='bbox 1167 4627 1450 4674; x_wconf 81' lang='lat' dir='ltr'><strong>vestrum.</strong></span> 
     </span>
    </p>
   </div>
   <div class='ocr_carea' id='block_1_74' title="bbox 621 4692 1390 4762">
    <p class='ocr_par' dir='ltr' id='par_1_74' title="bbox 621 4692 1390 4762">
     <span class='ocr_line' id='line_1_75' title="bbox 621 4692 1390 4762; baseline -0.009 -13"><span class='ocrx_word' id='word_1_519' title='bbox 621 4695 731 4761; x_wconf 86' lang='lat'><strong>(36)</strong></span> <span class='ocrx_word' id='word_1_520' title='bbox 756 4692 895 4747; x_wconf 87' lang='lat' dir='ltr'><strong>Cod.</strong></span> <span class='ocrx_word' id='word_1_521' title='bbox 923 4692 1390 4762; x_wconf 71' lang='grc' dir='ltr'>ὑπερηγνύσμενος.</span> 
     </span>
    </p>
   </div>
   <div class='ocr_carea' id='block_1_75' title="bbox 621 4763 1397 4836">
    <p class='ocr_par' dir='ltr' id='par_1_75' title="bbox 621 4763 1397 4836">
     <span class='ocr_line' id='line_1_76' title="bbox 621 4763 1397 4836; baseline -0.008 -15"><span class='ocrx_word' id='word_1_522' title='bbox 621 4767 734 4836; x_wconf 80' lang='grc'><strong>(37)</strong></span> <span class='ocrx_word' id='word_1_523' title='bbox 761 4763 902 4836; x_wconf 82' lang='lat' dir='ltr'><strong>Cod.</strong></span> <span class='ocrx_word' id='word_1_524' title='bbox 936 4766 1086 4833; x_wconf 81' lang='grc' dir='ltr'>ἴχνη.</span> <span class='ocrx_word' id='word_1_525' title='bbox 1391 4774 1397 4781; x_wconf 88' lang='grc'><em>’</em></span> 
     </span>
    </p>
   </div>
   <div class='ocr_carea' id='block_1_76' title="bbox 619 4835 1260 4915">
    <p class='ocr_par' dir='ltr' id='par_1_76' title="bbox 619 4835 1260 4915">
     <span class='ocr_line' id='line_1_77' title="bbox 619 4835 1260 4915; baseline 0 0"><span class='ocrx_word' id='word_1_526' title='bbox 619 4835 1023 4915; x_wconf 54' lang='grc' dir='ltr'><strong>(εξβὶὲοάι.</strong></span> <span class='ocrx_word' id='word_1_527' title='bbox 1050 4838 1260 4915; x_wconf 41' lang='grc' dir='ltr'>μώμου</span> 
     </span>
    </p>
   </div>
   <div class='ocr_carea' id='block_1_77' title="bbox 619 4904 2200 4979">
    <p class='ocr_par' dir='ltr' id='par_1_77' title="bbox 619 4904 2200 4979">
     <span class='ocr_line' id='line_1_78' title="bbox 619 4904 2200 4979; baseline 0.001 -16"><span class='ocrx_word' id='word_1_528' title='bbox 619 4909 890 4979; x_wconf 83' lang='lat' dir='ltr'><strong>(39)Ecce</strong></span> <span class='ocrx_word' id='word_1_529' title='bbox 903 4904 1542 4979; x_wconf 76' lang='lat' dir='ltr'><strong>VirginemDeiparam</strong></span> <span class='ocrx_word' id='word_1_530' title='bbox 1565 4908 1981 4979; x_wconf 81' lang='lat' dir='ltr'><strong>comparatam</strong></span> <span class='ocrx_word' id='word_1_531' title='bbox 2011 4906 2200 4964; x_wconf 89' lang='lat' dir='ltr'><strong>habes</strong></span> 
     </span>
    </p>
   </div>
   <div class='ocr_carea' id='block_1_78' title="bbox 617 4975 1946 5049">
    <p class='ocr_par' dir='ltr' id='par_1_78' title="bbox 617 4975 1946 5049">
     <span class='ocr_line' id='line_1_79' title="bbox 617 4975 1946 5049; baseline -0.002 -15"><span class='ocrx_word' id='word_1_532' title='bbox 617 4975 786 5035; x_wconf 67' lang='lat' dir='ltr'><strong>terrae</strong></span> <span class='ocrx_word' id='word_1_533' title='bbox 815 4977 913 5043; x_wconf 91' lang='lat' dir='ltr'><strong>illi,</strong></span> <span class='ocrx_word' id='word_1_534' title='bbox 943 4993 1079 5049; x_wconf 63' lang='lat' dir='ltr'><strong>quae</strong></span> <span class='ocrx_word' id='word_1_535' title='bbox 1105 4975 1583 5049; x_wconf 80' lang='lat' dir='ltr'><strong>maledictionem</strong></span> <span class='ocrx_word' id='word_1_536' title='bbox 1624 4975 1946 5033; x_wconf 80' lang='lat' dir='ltr'><strong>nesciebat.</strong></span> 
     </span>
    </p>
   </div>
   <div class='ocr_carea' id='block_1_79' title="bbox 617 5047 2200 5123">
    <p class='ocr_par' dir='ltr' id='par_1_79' title="bbox 617 5047 2200 5123">
     <span class='ocr_line' id='line_1_80' title="bbox 617 5047 2200 5123; baseline 0.001 -19"><span class='ocrx_word' id='word_1_537' title='bbox 617 5054 732 5119; x_wconf 76' lang='grc'><strong>(40)</strong></span> <span class='ocrx_word' id='word_1_538' title='bbox 753 5047 1215 5123; x_wconf 63' lang='grc' dir='ltr'>ΩθωὶεΜδινίοιη</span> <span class='ocrx_word' id='word_1_539' title='bbox 1247 5063 1281 5102; x_wconf 92' lang='lat' dir='ltr'><strong>a</strong></span> <span class='ocrx_word' id='word_1_540' title='bbox 1304 5063 1509 5120; x_wconf 85' lang='lat' dir='ltr'><strong>pugna</strong></span> <span class='ocrx_word' id='word_1_541' title='bbox 1530 5047 2019 5123; x_wconf 80' lang='lat' dir='ltr'><strong>illaexemptam,</strong></span> <span class='ocrx_word' id='word_1_542' title='bbox 2062 5065 2200 5123; x_wconf 70' lang='lat' dir='ltr'><strong>quae</strong></span> 
     </span>
    </p>
   </div>
   <div class='ocr_carea' id='block_1_80' title="bbox 615 5120 1775 5190">
    <p class='ocr_par' dir='ltr' id='par_1_80' title="bbox 615 5120 1775 5190">
     <span class='ocr_line' id='line_1_81' title="bbox 615 5120 1775 5190; baseline -0.003 -14"><span class='ocrx_word' id='word_1_543' title='bbox 615 5121 926 5187; x_wconf 78' lang='lat' dir='ltr'><strong>originalis</strong></span> <span class='ocrx_word' id='word_1_544' title='bbox 947 5120 1172 5190; x_wconf 87' lang='lat' dir='ltr'><strong>peccati</strong></span> <span class='ocrx_word' id='word_1_545' title='bbox 1199 5125 1286 5174; x_wconf 89' lang='lat' dir='ltr'><strong>est</strong></span> <span class='ocrx_word' id='word_1_546' title='bbox 1317 5121 1775 5175; x_wconf 89' lang='lat' dir='ltr'><strong>consectarium.</strong></span> 
     </span>
    </p>
   </div>
   <div class='ocr_carea' id='block_1_81' title="bbox 615 5190 2198 5263">
    <p class='ocr_par' dir='ltr' id='par_1_81' title="bbox 615 5190 2198 5263">
     <span class='ocr_line' id='line_1_82' title="bbox 615 5190 2198 5263; baseline -0.001 -16"><span class='ocrx_word' id='word_1_547' title='bbox 615 5193 729 5262; x_wconf 65' lang='lat' dir='ltr'><strong>(il)</strong></span> <span class='ocrx_word' id='word_1_548' title='bbox 755 5193 1066 5263; x_wconf 86' lang='lat' dir='ltr'><strong>Perspicua</strong></span> <span class='ocrx_word' id='word_1_549' title='bbox 1084 5190 1451 5263; x_wconf 64' lang='lat' dir='ltr'><strong>juxlaatque</strong></span> <span class='ocrx_word' id='word_1_550' title='bbox 1481 5190 1735 5259; x_wconf 87' lang='lat' dir='ltr'><strong>eleganti</strong></span> <span class='ocrx_word' id='word_1_551' title='bbox 1761 5191 2022 5263; x_wconf 86' lang='lat' dir='ltr'><strong>imagine</strong></span> <span class='ocrx_word' id='word_1_552' title='bbox 2060 5207 2198 5247; x_wconf 91' lang='lat' dir='ltr'><strong>ocu-</strong></span> 
     </span>
    </p>
   </div>
   <div class='ocr_carea' id='block_1_82' title="bbox 541 5260 2201 5333">
    <p class='ocr_par' dir='ltr' id='par_1_82' title="bbox 541 5260 2201 5333">
     <span class='ocr_line' id='line_1_83' title="bbox 541 5260 2201 5333; baseline 0.001 -14"><span class='ocrx_word' id='word_1_553' title='bbox 541 5260 965 5332; x_wconf 40' lang='lat' dir='ltr'><strong>lis&#39;subjicit&#39;ur</strong></span> <span class='ocrx_word' id='word_1_554' title='bbox 1024 5260 1701 5328; x_wconf 81' lang='lat' dir='ltr'><strong>originalisinnoccntia</strong></span> <span class='ocrx_word' id='word_1_555' title='bbox 1736 5262 2046 5333; x_wconf 55' lang='lat' dir='ltr'><strong>Deiparau</strong></span> <span class='ocrx_word' id='word_1_556' title='bbox 2105 5265 2201 5320; x_wconf 84' lang='lat' dir='ltr'><strong>Est</strong></span> 
     </span>
    </p>
   </div>
   <div class='ocr_carea' id='block_1_83' title="bbox 541 5331 2200 5413">
    <p class='ocr_par' dir='ltr' id='par_1_83' title="bbox 541 5331 2200 5413">
     <span class='ocr_line' id='line_1_84' title="bbox 541 5331 2200 5413; baseline -0.001 -23"><span class='ocrx_word' id='word_1_557' title='bbox 541 5334 699 5413; x_wconf 80' lang='lat' dir='ltr'><strong>enim</strong></span> <span class='ocrx_word' id='word_1_558' title='bbox 733 5331 928 5413; x_wconf 68' lang='lat' dir='ltr'><strong>sermo</strong></span> <span class='ocrx_word' id='word_1_559' title='bbox 958 5333 1253 5413; x_wconf 75' lang='lat' dir='ltr'><strong>deprimo</strong></span> <span class='ocrx_word' id='word_1_560' title='bbox 1275 5333 1594 5413; x_wconf 81' lang='lat' dir='ltr'><strong>exsistendi</strong></span> <span class='ocrx_word' id='word_1_561' title='bbox 1621 5331 1980 5413; x_wconf 37' lang='lat' dir='ltr'><strong>initiae—um</strong></span> <span class='ocrx_word' id='word_1_562' title='bbox 2012 5337 2200 5389; x_wconf 88' lang='lat' dir='ltr'><strong>creari</strong></span> 
     </span>
    </p>
   </div>
   <div class='ocr_carea' id='block_1_84' title="bbox 543 5404 2197 5475">
    <p class='ocr_par' dir='ltr' id='par_1_84' title="bbox 543 5404 2197 5475">
     <span class='ocr_line' id='line_1_85' title="bbox 543 5404 2197 5475; baseline 0 -16"><span class='ocrx_word' id='word_1_563' title='bbox 543 5405 861 5460; x_wconf 87' lang='lat' dir='ltr'><strong>animailla</strong></span> <span class='ocrx_word' id='word_1_564' title='bbox 891 5404 1268 5475; x_wconf 84' lang='lat' dir='ltr'><strong>sanctissima</strong></span> <span class='ocrx_word' id='word_1_565' title='bbox 1292 5419 1409 5459; x_wconf 89' lang='lat' dir='ltr'><strong>non</strong></span> <span class='ocrx_word' id='word_1_566' title='bbox 1435 5405 1690 5474; x_wconf 89' lang='lat' dir='ltr'><strong>potuerit</strong></span> <span class='ocrx_word' id='word_1_567' title='bbox 1735 5409 2061 5475; x_wconf 86' lang='lat' dir='ltr'><strong>antequam</strong></span> <span class='ocrx_word' id='word_1_568' title='bbox 2105 5420 2197 5459; x_wconf 89' lang='lat' dir='ltr'><strong>se-</strong></span> 
     </span>
    </p>
   </div>
   <div class='ocr_carea' id='block_1_85' title="bbox 542 5474 2197 5546">
    <p class='ocr_par' dir='ltr' id='par_1_85' title="bbox 542 5474 2197 5546">
     <span class='ocr_line' id='line_1_86' title="bbox 542 5474 2197 5546; baseline 0 -14"><span class='ocrx_word' id='word_1_569' title='bbox 542 5476 810 5532; x_wconf 81' lang='lat' dir='ltr'><strong>cundum</strong></span> <span class='ocrx_word' id='word_1_570' title='bbox 836 5481 1062 5546; x_wconf 61' lang='lat' dir='ltr'><strong>naturus</strong></span> <span class='ocrx_word' id='word_1_571' title='bbox 1088 5474 1248 5545; x_wconf 85' lang='lat' dir='ltr'><strong>leges</strong></span> <span class='ocrx_word' id='word_1_572' title='bbox 1270 5481 1653 5543; x_wconf 84' lang='lat' dir='ltr'><strong>generaretur</strong></span> <span class='ocrx_word' id='word_1_573' title='bbox 1685 5493 1697 5542; x_wconf 92' lang='lat'>;</span> <span class='ocrx_word' id='word_1_574' title='bbox 1721 5489 1844 5528; x_wconf 89' lang='lat' dir='ltr'><strong>non</strong></span> <span class='ocrx_word' id='word_1_575' title='bbox 1878 5474 2042 5546; x_wconf 85' lang='lat' dir='ltr'><strong>prius</strong></span> <span class='ocrx_word' id='word_1_576' title='bbox 2063 5490 2197 5532; x_wconf 87' lang='lat' dir='ltr'><strong>vero</strong></span> 
     </span>
    </p>
   </div>
   <div class='ocr_carea' id='block_1_86' title="bbox 541 5545 2198 5618">
    <p class='ocr_par' dir='ltr' id='par_1_86' title="bbox 541 5545 2198 5618">
     <span class='ocr_line' id='line_1_87' title="bbox 541 5545 2198 5618; baseline 0.002 -18"><span class='ocrx_word' id='word_1_577' title='bbox 541 5547 740 5618; x_wconf 80' lang='lat' dir='ltr'><strong>genita</strong></span> <span class='ocrx_word' id='word_1_578' title='bbox 775 5545 1332 5618; x_wconf 13' lang='lat' dir='ltr'><strong>exhiben_i_r,iquam</strong></span> <span class='ocrx_word' id='word_1_579' title='bbox 1365 5550 1518 5618; x_wconf 81' lang='lat' dir='ltr'><strong>Deus</strong></span> <span class='ocrx_word' id='word_1_580' title='bbox 1557 5545 2064 5618; x_wconf 36' lang='lat' dir='ltr'><strong>cherubim’illam</strong></span> <span class='ocrx_word' id='word_1_581' title='bbox 2098 5562 2198 5603; x_wconf 86' lang='lat' dir='ltr'><strong>cu-</strong></span> 
     </span>
    </p>
   </div>
   <div class='ocr_carea' id='block_1_87' title="bbox 540 5615 2196 5682">
    <p class='ocr_par' dir='ltr' id='par_1_87' title="bbox 540 5615 2196 5682">
     <span class='ocr_line' id='line_1_88' title="bbox 540 5615 2196 5682; baseline 0.001 -10"><span class='ocrx_word' id='word_1_582' title='bbox 540 5615 922 5672; x_wconf 76' lang='lat' dir='ltr'><strong>stodiendam</strong></span> <span class='ocrx_word' id='word_1_583' title='bbox 944 5615 1269 5682; x_wconf 80' lang='lat' dir='ltr'><strong>tradiderit,</strong></span> <span class='ocrx_word' id='word_1_584' title='bbox 1301 5633 1375 5673; x_wconf 89' lang='lat' dir='ltr'><strong>ne</strong></span> <span class='ocrx_word' id='word_1_585' title='bbox 1403 5616 1554 5673; x_wconf 91' lang='lat' dir='ltr'><strong>ullus</strong></span> <span class='ocrx_word' id='word_1_586' title='bbox 1575 5616 1655 5674; x_wconf 89' lang='lat' dir='ltr'><strong>ad</strong></span> <span class='ocrx_word' id='word_1_587' title='bbox 1681 5633 1818 5673; x_wconf 89' lang='lat' dir='ltr'><strong>eam</strong></span> <span class='ocrx_word' id='word_1_588' title='bbox 1845 5616 2044 5674; x_wconf 90' lang='lat' dir='ltr'><strong>aditus</strong></span> <span class='ocrx_word' id='word_1_589' title='bbox 2090 5633 2196 5674; x_wconf 90' lang='lat' dir='ltr'><strong>an-</strong></span> 
     </span>
    </p>
   </div>
   <div class='ocr_carea' id='block_1_88' title="bbox 537 5687 2192 5765">
    <p class='ocr_par' dir='ltr' id='par_1_88' title="bbox 537 5687 2192 5765">
     <span class='ocr_line' id='line_1_89' title="bbox 537 5687 2192 5765; baseline -0.001 -20"><span class='ocrx_word' id='word_1_590' title='bbox 537 5689 707 5764; x_wconf 90' lang='lat' dir='ltr'><strong>tiquo</strong></span> <span class='ocrx_word' id='word_1_591' title='bbox 737 5687 998 5762; x_wconf 89' lang='lat' dir='ltr'><strong>serpenti</strong></span> <span class='ocrx_word' id='word_1_592' title='bbox 1025 5692 1273 5762; x_wconf 87' lang='lat' dir='ltr'><strong>pateret.</strong></span> <span class='ocrx_word' id='word_1_593' title='bbox 1321 5691 1521 5765; x_wconf 88' lang='lat' dir='ltr'><strong>Neque</strong></span> <span class='ocrx_word' id='word_1_594' title='bbox 1570 5688 1879 5747; x_wconf 86' lang='lat' dir='ltr'><strong>advertere</strong></span> <span class='ocrx_word' id='word_1_595' title='bbox 1929 5691 2192 5762; x_wconf 90' lang='lat' dir='ltr'><strong>omittas,</strong></span> 
     </span>
    </p>
   </div>
   <div class='ocr_carea' id='block_1_89' title="bbox 2239 4438 2282 4492">
    <p class='ocr_par' dir='ltr' id='par_1_89' title="bbox 2239 4438 2282 4492">
     <span class='ocr_line' id='line_1_90' title="bbox 2239 4438 2282 4492; baseline 0 0"><span class='ocrx_word' id='word_1_596' title='bbox 2239 4438 2282 4492; x_wconf 91' lang='lat' dir='ltr'><strong>D</strong></span> 
     </span>
    </p>
   </div>
   <div class='ocr_carea' id='block_1_90' title="bbox 2383 2648 3916 2728">
    <p class='ocr_par' dir='ltr' id='par_1_90' title="bbox 2383 2648 3916 2728">
     <span class='ocr_line' id='line_1_91' title="bbox 2383 2648 3916 2728; baseline 0.001 -22"><span class='ocrx_word' id='word_1_597' title='bbox 2383 2660 2498 2714; x_wconf 84' lang='grc' dir='ltr'><strong>Πὼς</strong></span> <span class='ocrx_word' id='word_1_598' title='bbox 2553 2656 2702 2705; x_wconf 82' lang='grc' dir='ltr'>ἔσται</span> <span class='ocrx_word' id='word_1_599' title='bbox 2758 2671 2849 2724; x_wconf 86' lang='grc' dir='ltr'><strong>μοι</strong></span> <span class='ocrx_word' id='word_1_600' title='bbox 2909 2659 3081 2718; x_wconf 78' lang='grc' dir='ltr'>τοῦτο,</span> <span class='ocrx_word' id='word_1_601' title='bbox 3160 2650 3268 2706; x_wconf 80' lang='grc' dir='ltr'>ἐπεὶ</span> <span class='ocrx_word' id='word_1_602' title='bbox 3341 2648 3514 2728; x_wconf 78' lang='grc' dir='ltr'>ἄνδρα</span> <span class='ocrx_word' id='word_1_603' title='bbox 3540 2654 3600 2706; x_wconf 76' lang='grc' dir='ltr'><strong>οῦ</strong></span> <span class='ocrx_word' id='word_1_604' title='bbox 3643 2658 3916 2723; x_wconf 55' lang='grc' dir='ltr'>γινώσκω</span> 
     </span>
    </p>
   </div>
   <div class='ocr_carea' id='block_1_91' title="bbox 2309 2737 3916 2818">
    <p class='ocr_par' dir='ltr' id='par_1_91' title="bbox 2309 2737 3916 2818">
     <span class='ocr_line' id='line_1_92' title="bbox 2309 2737 3916 2818; baseline -0.002 -19"><span class='ocrx_word' id='word_1_605' title='bbox 2309 2745 2473 2800; x_wconf 86' lang='grc' dir='ltr'>Τοῦτο</span> <span class='ocrx_word' id='word_1_606' title='bbox 2535 2745 2687 2816; x_wconf 82' lang='grc' dir='ltr'>μόνον</span> <span class='ocrx_word' id='word_1_607' title='bbox 2730 2741 2911 2814; x_wconf 66' lang='grc' dir='ltr'>λέγειςς</span> <span class='ocrx_word' id='word_1_608' title='bbox 2980 2745 3049 2794; x_wconf 87' lang='grc' dir='ltr'><strong>Τὸ</strong></span> <span class='ocrx_word' id='word_1_609' title='bbox 3119 2737 3179 2794; x_wconf 86' lang='grc' dir='ltr'>δε</span> <span class='ocrx_word' id='word_1_610' title='bbox 3245 2742 3422 2814; x_wconf 80' lang='grc' dir='ltr'>μεῖζον</span> <span class='ocrx_word' id='word_1_611' title='bbox 3467 2752 3916 2818; x_wconf 78' lang='grc' dir='ltr'>παρυποκρατείς,</span> 
     </span>
    </p>
   </div>
   <div class='ocr_carea' id='block_1_92' title="bbox 2311 2827 3923 2910">
    <p class='ocr_par' dir='ltr' id='par_1_92' title="bbox 2311 2827 3923 2910">
     <span class='ocr_line' id='line_1_93' title="bbox 2311 2827 3923 2910; baseline 0.001 -26"><span class='ocrx_word' id='word_1_612' title='bbox 2311 2830 2726 2906; x_wconf 81' lang='grc' dir='ltr'>ὧῦπερουρανία</span> <span class='ocrx_word' id='word_1_613' title='bbox 2775 2838 2838 2903; x_wconf 75' lang='grc' dir='ltr'><strong>τῇ</strong></span> <span class='ocrx_word' id='word_1_614' title='bbox 2908 2827 3062 2904; x_wconf 71' lang='grc' dir='ltr'><strong>δόξῃ,</strong></span> <span class='ocrx_word' id='word_1_615' title='bbox 3122 2835 3211 2883; x_wconf 81' lang='grc' dir='ltr'>καὶ</span> <span class='ocrx_word' id='word_1_616' title='bbox 3264 2832 3459 2903; x_wconf 85' lang='grc' dir='ltr'>χθονία</span> <span class='ocrx_word' id='word_1_617' title='bbox 3512 2839 3577 2904; x_wconf 75' lang='grc' dir='ltr'>τῇ</span> <span class='ocrx_word' id='word_1_618' title='bbox 3611 2852 3923 2910; x_wconf 68' lang='grc' dir='ltr'>μετριοφρο-</span> 
     </span>
    </p>
   </div>
   <div class='ocr_carea' id='block_1_93' title="bbox 2315 2916 3921 2996">
    <p class='ocr_par' dir='ltr' id='par_1_93' title="bbox 2315 2916 3921 2996">
     <span class='ocr_line' id='line_1_94' title="bbox 2315 2916 3921 2996; baseline 0 -22"><span class='ocrx_word' id='word_1_619' title='bbox 2315 2924 2466 2995; x_wconf 70' lang='grc' dir='ltr'>σύνη.</span> <span class='ocrx_word' id='word_1_620' title='bbox 2491 2921 2567 2973; x_wconf 66' lang='lat' dir='ltr'><strong>On’</strong></span> <span class='ocrx_word' id='word_1_621' title='bbox 2594 2925 2728 2994; x_wconf 70' lang='grc' dir='ltr'>μέγα</span> <span class='ocrx_word' id='word_1_622' title='bbox 2749 2939 2856 2987; x_wconf 86' lang='grc' dir='ltr'>σοι,</span> <span class='ocrx_word' id='word_1_623' title='bbox 2905 2921 2985 2972; x_wconf 87' lang='grc' dir='ltr'>ὅτι</span> <span class='ocrx_word' id='word_1_624' title='bbox 3037 2916 3210 2996; x_wconf 78' lang='grc' dir='ltr'>ἄνδρα</span> <span class='ocrx_word' id='word_1_625' title='bbox 3249 2921 3307 2972; x_wconf 79' lang='grc' dir='ltr'>οὐ</span> <span class='ocrx_word' id='word_1_626' title='bbox 3364 2926 3642 2993; x_wconf 70' lang='grc' dir='ltr'>γινώσκεις</span> <span class='ocrx_word' id='word_1_627' title='bbox 3690 2922 3804 2974; x_wconf 77' lang='grc' dir='ltr'>ἀλλ’</span> <span class='ocrx_word' id='word_1_628' title='bbox 3840 2943 3921 2976; x_wconf 79' lang='grc' dir='ltr'><strong>οτι</strong></span> 
     </span>
    </p>
   </div>
   <div class='ocr_carea' id='block_1_94' title="bbox 2310 3008 3921 3084">
    <p class='ocr_par' dir='ltr' id='par_1_94' title="bbox 2310 3008 3921 3084">
     <span class='ocr_line' id='line_1_95' title="bbox 2310 3008 3921 3084; baseline 0.001 -21"><span class='ocrx_word' id='word_1_629' title='bbox 2310 3016 2402 3064; x_wconf 84' lang='grc' dir='ltr'>καὶ</span> <span class='ocrx_word' id='word_1_630' title='bbox 2430 3011 2912 3084; x_wconf 75' lang='grc' dir='ltr'>ὁύπερηγνισμένος</span> <span class='ocrx_word' id='word_1_631' title='bbox 2936 3008 3052 3082; x_wconf 85' lang='grc'><strong>(36)</strong></span> <span class='ocrx_word' id='word_1_632' title='bbox 3079 3029 3176 3062; x_wconf 89' lang='grc' dir='ltr'><strong>σου</strong></span> <span class='ocrx_word' id='word_1_633' title='bbox 3217 3016 3332 3070; x_wconf 88' lang='grc' dir='ltr'>νοῦς</span> <span class='ocrx_word' id='word_1_634' title='bbox 3377 3008 3569 3073; x_wconf 82' lang='grc' dir='ltr'>ἄϐατος</span> <span class='ocrx_word' id='word_1_635' title='bbox 3627 3014 3774 3082; x_wconf 80' lang='grc' dir='ltr'>ῖχνει</span> <span class='ocrx_word' id='word_1_636' title='bbox 3805 3013 3921 3083; x_wconf 86' lang='lat'><strong>(37)</strong></span> 
     </span>
    </p>
   </div>
   <div class='ocr_carea' id='block_1_95' title="bbox 2246 3077 3922 3174">
    <p class='ocr_par' dir='ltr' id='par_1_95' title="bbox 2246 3077 3922 3174">
     <span class='ocr_line' id='line_1_96' title="bbox 2246 3077 3922 3174; baseline -0.001 -20"><span class='ocrx_word' id='word_1_637' title='bbox 2246 3077 2606 3174; x_wconf 61' lang='grc' dir='ltr'>Οπροσϐολης</span> <span class='ocrx_word' id='word_1_638' title='bbox 2638 3077 2909 3172; x_wconf 63' lang='grc' dir='ltr'>έπιμῶμου</span> <span class='ocrx_word' id='word_1_639' title='bbox 2947 3077 3086 3169; x_wconf 28' lang='grc'><strong>*(38)</strong></span> <span class='ocrx_word' id='word_1_640' title='bbox 3151 3103 3241 3152; x_wconf 78' lang='grc' dir='ltr'>καὶ</span> <span class='ocrx_word' id='word_1_641' title='bbox 3299 3097 3579 3174; x_wconf 79' lang='grc' dir='ltr'>ἀπρεποῦς.</span> <span class='ocrx_word' id='word_1_642' title='bbox 3645 3077 3922 3174; x_wconf 59' lang='grc' dir='ltr'>Παραδυ-</span> 
     </span>
    </p>
   </div>
   <div class='ocr_carea' id='block_1_96' title="bbox 2317 3188 3922 3263">
    <p class='ocr_par' dir='ltr' id='par_1_96' title="bbox 2317 3188 3922 3263">
     <span class='ocr_line' id='line_1_97' title="bbox 2317 3188 3922 3263; baseline 0 -19"><span class='ocrx_word' id='word_1_643' title='bbox 2317 3209 2408 3252; x_wconf 90' lang='grc' dir='ltr'><strong>σος</strong></span> <span class='ocrx_word' id='word_1_644' title='bbox 2439 3191 2486 3242; x_wconf 85' lang='grc' dir='ltr'>εἴ</span> <span class='ocrx_word' id='word_1_645' title='bbox 2513 3191 2860 3262; x_wconf 71' lang='grc' dir='ltr'>θεοφύτευτος·</span> <span class='ocrx_word' id='word_1_646' title='bbox 2916 3192 3006 3242; x_wconf 82' lang='grc' dir='ltr'>καὶ</span> <span class='ocrx_word' id='word_1_647' title='bbox 3063 3188 3116 3252; x_wconf 58' lang='grc' dir='ltr'>εξ</span> <span class='ocrx_word' id='word_1_648' title='bbox 3175 3190 3294 3242; x_wconf 79' lang='grc' dir='ltr'>ὅτου</span> <span class='ocrx_word' id='word_1_649' title='bbox 3322 3196 3433 3251; x_wconf 88' lang='grc' dir='ltr'>τοῖς</span> <span class='ocrx_word' id='word_1_650' title='bbox 3464 3197 3576 3252; x_wconf 86' lang='grc' dir='ltr'>σοῖς</span> <span class='ocrx_word' id='word_1_651' title='bbox 3621 3196 3922 3263; x_wconf 70' lang='grc' dir='ltr'>πεφυτοὺρ-</span> 
     </span>
    </p>
   </div>
   <div class='ocr_carea' id='block_1_97' title="bbox 2313 3279 3920 3355">
    <p class='ocr_par' dir='ltr' id='par_1_97' title="bbox 2313 3279 3920 3355">
     <span class='ocr_line' id='line_1_98' title="bbox 2313 3279 3920 3355; baseline 0.001 -23"><span class='ocrx_word' id='word_1_652' title='bbox 2313 3299 2482 3353; x_wconf 67' lang='grc' dir='ltr'>τησαι</span> <span class='ocrx_word' id='word_1_653' title='bbox 2535 3282 2885 3352; x_wconf 77' lang='grc' dir='ltr'>φυτοσπόροις</span> <span class='ocrx_word' id='word_1_654' title='bbox 2955 3282 3153 3350; x_wconf 69' lang='grc' dir='ltr'>φύσεως</span> <span class='ocrx_word' id='word_1_655' title='bbox 3227 3282 3422 3350; x_wconf 83' lang='grc' dir='ltr'>νόμοις,</span> <span class='ocrx_word' id='word_1_656' title='bbox 3504 3281 3571 3331; x_wconf 79' lang='grc' dir='ltr'><strong>τὰ</strong></span> <span class='ocrx_word' id='word_1_657' title='bbox 3646 3279 3920 3355; x_wconf 69' lang='grc' dir='ltr'>Χερουϐὶμ</span> 
     </span>
    </p>
   </div>
   <div class='ocr_carea' id='block_1_98' title="bbox 2314 3366 3910 3443">
    <p class='ocr_par' dir='ltr' id='par_1_98' title="bbox 2314 3366 3910 3443">
     <span class='ocr_line' id='line_1_99' title="bbox 2314 3366 3910 3443; baseline -0.001 -22"><span class='ocrx_word' id='word_1_658' title='bbox 2314 3369 2487 3432; x_wconf 78' lang='grc' dir='ltr'>ἔταξεν</span> <span class='ocrx_word' id='word_1_659' title='bbox 2544 3369 2568 3420; x_wconf 81' lang='grc' dir='ltr'><strong><em>ὁ</em></strong></span> <span class='ocrx_word' id='word_1_660' title='bbox 2622 3371 2770 3433; x_wconf 81' lang='grc' dir='ltr'>Θεὸς,</span> <span class='ocrx_word' id='word_1_661' title='bbox 2824 3371 2912 3419; x_wconf 82' lang='grc' dir='ltr'>καί</span> <span class='ocrx_word' id='word_1_662' title='bbox 2982 3371 3074 3426; x_wconf 77' lang='grc' dir='ltr'>τὴν</span> <span class='ocrx_word' id='word_1_663' title='bbox 3152 3366 3395 3440; x_wconf 71' lang='grc' dir='ltr'>φλογίνην</span> <span class='ocrx_word' id='word_1_664' title='bbox 3485 3367 3754 3443; x_wconf 70' lang='grc' dir='ltr'>ῥομφαίαν</span> <span class='ocrx_word' id='word_1_665' title='bbox 3817 3374 3910 3428; x_wconf 76' lang='grc' dir='ltr'>τὴν</span> 
     </span>
    </p>
   </div>
   <div class='ocr_carea' id='block_1_99' title="bbox 2316 3456 3917 3534">
    <p class='ocr_par' dir='ltr' id='par_1_99' title="bbox 2316 3456 3917 3534">
     <span class='ocr_line' id='line_1_100' title="bbox 2316 3456 3917 3534; baseline 0.001 -23"><span class='ocrx_word' id='word_1_666' title='bbox 2316 3462 2664 3534; x_wconf 72' lang='grc' dir='ltr'>στρεγομένην</span> <span class='ocrx_word' id='word_1_667' title='bbox 2715 3456 2960 3511; x_wconf 75' lang='grc' dir='ltr'>κυκλόθεν</span> <span class='ocrx_word' id='word_1_668' title='bbox 3035 3476 3130 3510; x_wconf 89' lang='grc' dir='ltr'><strong>σου</strong></span> <span class='ocrx_word' id='word_1_669' title='bbox 3175 3459 3508 3532; x_wconf 70' lang='grc' dir='ltr'>στρέφεσθαι,</span> <span class='ocrx_word' id='word_1_670' title='bbox 3585 3464 3677 3512; x_wconf 79' lang='grc' dir='ltr'>καὶ</span> <span class='ocrx_word' id='word_1_671' title='bbox 3725 3461 3917 3512; x_wconf 66' lang='grc' dir='ltr'>πάντας</span> 
     </span>
    </p>
   </div>
   <div class='ocr_carea' id='block_1_100' title="bbox 2315 3543 3909 3622">
    <p class='ocr_par' dir='ltr' id='par_1_100' title="bbox 2315 3543 3909 3622">
     <span class='ocr_line' id='line_1_101' title="bbox 2315 3543 3909 3622; baseline 0 -21"><span class='ocrx_word' id='word_1_672' title='bbox 2315 3550 2396 3602; x_wconf 86' lang='grc' dir='ltr'><strong>θεν</strong></span> <span class='ocrx_word' id='word_1_673' title='bbox 2440 3545 2861 3601; x_wconf 77' lang='grc' dir='ltr'>ἀνεπιϐούλευτον</span> <span class='ocrx_word' id='word_1_674' title='bbox 2932 3553 3204 3620; x_wconf 84' lang='grc' dir='ltr'>συντηρεῖν</span> <span class='ocrx_word' id='word_1_675' title='bbox 3271 3545 3326 3600; x_wconf 87' lang='grc' dir='ltr'>ἐκ</span> <span class='ocrx_word' id='word_1_676' title='bbox 3387 3554 3478 3601; x_wconf 87' lang='grc' dir='ltr'><strong>τοῦ</strong></span> <span class='ocrx_word' id='word_1_677' title='bbox 3568 3543 3909 3622; x_wconf 62' lang='grc' dir='ltr'>δολιόφρονος</span> 
     </span>
    </p>
   </div>
   <div class='ocr_carea' id='block_1_101' title="bbox 2315 3642 2491 3712">
    <p class='ocr_par' dir='ltr' id='par_1_101' title="bbox 2315 3642 2491 3712">
     <span class='ocr_line' id='line_1_102' title="bbox 2315 3642 2491 3712; baseline 0 -20"><span class='ocrx_word' id='word_1_678' title='bbox 2315 3642 2491 3712; x_wconf 74' lang='grc' dir='ltr'>ὄφεως.</span> 
     </span>
    </p>
   </div>
   <div class='ocr_carea' id='block_1_102' title="bbox 2385 3814 3926 3890">
    <p class='ocr_par' dir='ltr' id='par_1_102' title="bbox 2385 3814 3926 3890">
     <span class='ocr_line' id='line_1_103' title="bbox 2385 3814 3926 3890; baseline 0 -19"><span class='ocrx_word' id='word_1_679' title='bbox 2385 3816 2496 3871; x_wconf 85' lang='lat' dir='ltr'><strong>ME’</strong></span> <span class='ocrx_word' id='word_1_680' title='bbox 2552 3824 2763 3890; x_wconf 81' lang='grc' dir='ltr'>Πνεῦμα</span> <span class='ocrx_word' id='word_1_681' title='bbox 2843 3816 2997 3888; x_wconf 74' lang='grc' dir='ltr'>ἅγιον</span> <span class='ocrx_word' id='word_1_682' title='bbox 3099 3814 3424 3869; x_wconf 71' lang='grc' dir='ltr'>ἐπελεύσεται</span> <span class='ocrx_word' id='word_1_683' title='bbox 3502 3815 3586 3869; x_wconf 70' lang='grc' dir='ltr'><strong>ἐπὶ</strong></span> <span class='ocrx_word' id='word_1_684' title='bbox 3673 3818 3756 3884; x_wconf 78' lang='grc' dir='ltr'><strong>σὲ,</strong></span> <span class='ocrx_word' id='word_1_685' title='bbox 3834 3821 3926 3871; x_wconf 80' lang='grc' dir='ltr'>καὶ</span> 
     </span>
    </p>
   </div>
   <div class='ocr_carea' id='block_1_103' title="bbox 2316 3901 3920 3981">
    <p class='ocr_par' dir='ltr' id='par_1_103' title="bbox 2316 3901 3920 3981">
     <span class='ocr_line' id='line_1_104' title="bbox 2316 3901 3920 3981; baseline 0.001 -23"><span class='ocrx_word' id='word_1_686' title='bbox 2316 3901 2541 3978; x_wconf 82' lang='grc' dir='ltr'>δύναμις</span> <span class='ocrx_word' id='word_1_687' title='bbox 2615 3905 2852 3976; x_wconf 73' lang='grc' dir='ltr'>Υψίστου</span> <span class='ocrx_word' id='word_1_688' title='bbox 2920 3903 3218 3958; x_wconf 71' lang='grc' dir='ltr'>ἐπισκιάσει</span> <span class='ocrx_word' id='word_1_689' title='bbox 3285 3924 3390 3960; x_wconf 89' lang='grc' dir='ltr'>σοι.</span> <span class='ocrx_word' id='word_1_690' title='bbox 3462 3911 3561 3958; x_wconf 90' lang='grc' dir='ltr'><strong>Οτε</strong></span> <span class='ocrx_word' id='word_1_691' title='bbox 3617 3912 3691 3976; x_wconf 84' lang='grc' dir='ltr'>τῷ</span> <span class='ocrx_word' id='word_1_692' title='bbox 3738 3926 3920 3981; x_wconf 84' lang='grc' dir='ltr'>παρα-</span> 
     </span>
    </p>
   </div>
   <div class='ocr_carea' id='block_1_104' title="bbox 2315 3989 3928 4069">
    <p class='ocr_par' dir='ltr' id='par_1_104' title="bbox 2315 3989 3928 4069">
     <span class='ocr_line' id='line_1_105' title="bbox 2315 3989 3928 4069; baseline 0.002 -23"><span class='ocrx_word' id='word_1_693' title='bbox 2315 3989 2477 4066; x_wconf 82' lang='grc' dir='ltr'>δείσῳ</span> <span class='ocrx_word' id='word_1_694' title='bbox 2504 3996 2697 4057; x_wconf 84' lang='grc' dir='ltr'>ἓνοικος</span> <span class='ocrx_word' id='word_1_695' title='bbox 2726 3996 2756 4052; x_wconf 83' lang='grc' dir='ltr'><strong>ἠ</strong></span> <span class='ocrx_word' id='word_1_696' title='bbox 2792 3994 2902 4046; x_wconf 81' lang='grc' dir='ltr'><strong>Εὕα</strong></span> <span class='ocrx_word' id='word_1_697' title='bbox 2930 3992 3220 4068; x_wconf 71' lang='grc' dir='ltr'>ἐστρέφετο.</span> <span class='ocrx_word' id='word_1_698' title='bbox 3285 3997 3344 4047; x_wconf 89' lang='grc' dir='ltr'>τὸ</span> <span class='ocrx_word' id='word_1_699' title='bbox 3400 3993 3641 4069; x_wconf 72' lang='grc' dir='ltr'>στρεϐλὸν</span> <span class='ocrx_word' id='word_1_700' title='bbox 3674 3993 3782 4048; x_wconf 71' lang='grc' dir='ltr'><strong>’ἐπ’</strong></span> <span class='ocrx_word' id='word_1_701' title='bbox 3833 4000 3928 4049; x_wconf 66' lang='grc' dir='ltr'>αῦι-</span> 
     </span>
    </p>
   </div>
   <div class='ocr_carea' id='block_1_105' title="bbox 2313 4082 3925 4156">
    <p class='ocr_par' dir='ltr' id='par_1_105' title="bbox 2313 4082 3925 4156">
     <span class='ocr_line' id='line_1_106' title="bbox 2313 4082 3925 4156; baseline 0.001 -19"><span class='ocrx_word' id='word_1_702' title='bbox 2313 4086 2405 4142; x_wconf 82' lang='grc' dir='ltr'>τὴν</span> <span class='ocrx_word' id='word_1_703' title='bbox 2466 4082 2677 4142; x_wconf 73' lang='grc' dir='ltr'>ἐλήλυθε</span> <span class='ocrx_word' id='word_1_704' title='bbox 2736 4091 2935 4156; x_wconf 85' lang='grc' dir='ltr'>πνεῦμα</span> <span class='ocrx_word' id='word_1_705' title='bbox 2998 4085 3094 4144; x_wconf 78' lang='grc' dir='ltr'>τάς</span> <span class='ocrx_word' id='word_1_706' title='bbox 3153 4090 3250 4153; x_wconf 28' lang='grc' dir='ltr'>τοῦ,</span> <span class='ocrx_word' id='word_1_707' title='bbox 3322 4085 3481 4155; x_wconf 78' lang='grc' dir='ltr'>ὄφεως</span> <span class='ocrx_word' id='word_1_708' title='bbox 3564 4083 3925 4148; x_wconf 78' lang='grc' dir='ltr'>ῦπολοξώσεις</span> 
     </span>
    </p>
   </div>
   <div class='ocr_carea' id='block_1_106' title="bbox 2315 4168 3922 4245">
    <p class='ocr_par' dir='ltr' id='par_1_106' title="bbox 2315 4168 3922 4245">
     <span class='ocr_line' id='line_1_107' title="bbox 2315 4168 3922 4245; baseline 0 -19"><span class='ocrx_word' id='word_1_709' title='bbox 2315 4168 2729 4245; x_wconf 76' lang='grc' dir='ltr'>οἰκειωσάμενον.</span> <span class='ocrx_word' id='word_1_710' title='bbox 2801 4172 2917 4226; x_wconf 87' lang='grc' dir='ltr'><strong>Ἐπὶ</strong></span> <span class='ocrx_word' id='word_1_711' title='bbox 2973 4169 3033 4224; x_wconf 72' lang='grc' dir='ltr'><strong>δέ</strong></span> <span class='ocrx_word' id='word_1_712' title='bbox 3092 4191 3148 4225; x_wconf 91' lang='grc' dir='ltr'><strong>σε</strong></span> <span class='ocrx_word' id='word_1_713' title='bbox 3205 4179 3414 4245; x_wconf 84' lang='grc' dir='ltr'>Πνεῦμα</span> <span class='ocrx_word' id='word_1_714' title='bbox 3462 4171 3598 4234; x_wconf 77' lang='grc' dir='ltr'>εῦθές</span> <span class='ocrx_word' id='word_1_715' title='bbox 3653 4177 3772 4242; x_wconf 74' lang='grc'><strong>(42)</strong></span> <span class='ocrx_word' id='word_1_716' title='bbox 3830 4181 3922 4227; x_wconf 85' lang='grc' dir='ltr'>καὶ</span> 
     </span>
    </p>
   </div>
   <div class='ocr_carea' id='block_1_107' title="bbox 2313 4257 3921 4336">
    <p class='ocr_par' dir='ltr' id='par_1_107' title="bbox 2313 4257 3921 4336">
     <span class='ocr_line' id='line_1_108' title="bbox 2313 4257 3921 4336; baseline 0.002 -21"><span class='ocrx_word' id='word_1_717' title='bbox 2313 4264 2462 4334; x_wconf 70' lang='grc' dir='ltr'>ἅγιον</span> <span class='ocrx_word' id='word_1_718' title='bbox 2512 4261 2855 4315; x_wconf 71' lang='grc' dir='ltr'>ἐπελεύσεται·</span> <span class='ocrx_word' id='word_1_719' title='bbox 2917 4257 3097 4320; x_wconf 76' lang='grc' dir='ltr'>ἐπειδὴ</span> <span class='ocrx_word' id='word_1_720' title='bbox 3143 4266 3231 4314; x_wconf 84' lang='grc' dir='ltr'>καὶ</span> <span class='ocrx_word' id='word_1_721' title='bbox 3279 4261 3306 4320; x_wconf 71' lang='lat'><strong>2&#39;;</strong></span> <span class='ocrx_word' id='word_1_722' title='bbox 3370 4263 3588 4324; x_wconf 65' lang='grc' dir='ltr'>εὐθύτης</span> <span class='ocrx_word' id='word_1_723' title='bbox 3662 4265 3921 4336; x_wconf 70' lang='grc' dir='ltr'>ἠγαπησὲ</span> 
     </span>
    </p>
   </div>
   <div class='ocr_carea' id='block_1_108' title="bbox 2316 4347 3433 4425">
    <p class='ocr_par' dir='ltr' id='par_1_108' title="bbox 2316 4347 3433 4425">
     <span class='ocr_line' id='line_1_109' title="bbox 2316 4347 3433 4425; baseline 0.003 -21"><span class='ocrx_word' id='word_1_724' title='bbox 2316 4371 2374 4404; x_wconf 90' lang='grc' dir='ltr'><strong>σε</strong></span> <span class='ocrx_word' id='word_1_725' title='bbox 2399 4354 2464 4412; x_wconf 83' lang='grc' dir='ltr'>ὡς</span> <span class='ocrx_word' id='word_1_726' title='bbox 2493 4353 2522 4410; x_wconf 80' lang='grc' dir='ltr'><strong>ἡ</strong></span> <span class='ocrx_word' id='word_1_727' title='bbox 2549 4350 2813 4425; x_wconf 78' lang='grc' dir='ltr'>ἁσματική</span> <span class='ocrx_word' id='word_1_728' title='bbox 2844 4347 3072 4424; x_wconf 78' lang='grc' dir='ltr'>μελῳδεῖ</span> <span class='ocrx_word' id='word_1_729' title='bbox 3096 4369 3178 4403; x_wconf 89' lang='grc' dir='ltr'><strong>σοι</strong></span> <span class='ocrx_word' id='word_1_730' title='bbox 3207 4353 3433 4424; x_wconf 69' lang='grc' dir='ltr'>φθογγὴ.</span> 
     </span>
    </p>
   </div>
   <div class='ocr_carea' id='block_1_109' title="bbox 2312 4475 3926 4550">
    <p class='ocr_par' dir='ltr' id='par_1_109' title="bbox 2312 4475 3926 4550">
     <span class='ocr_line' id='line_1_110' title="bbox 2312 4475 3926 4550; baseline 0.004 -19"><span class='ocrx_word' id='word_1_731' title='bbox 2312 4475 2623 4550; x_wconf 88' lang='lat' dir='ltr'><strong>quomodo</strong></span> <span class='ocrx_word' id='word_1_732' title='bbox 2633 4477 2748 4550; x_wconf 82' lang='lat' dir='ltr'><strong>hoc</strong></span> <span class='ocrx_word' id='word_1_733' title='bbox 2760 4475 3010 4546; x_wconf 87' lang='lat' dir='ltr'><strong>Virginis</strong></span> <span class='ocrx_word' id='word_1_734' title='bbox 3021 4475 3400 4550; x_wconf 84' lang='lat' dir='ltr'><strong>privilegium</strong></span> <span class='ocrx_word' id='word_1_735' title='bbox 3419 4483 3926 4550; x_wconf 85' lang='lat' dir='ltr'><strong>commemoratu-</strong></span> 
     </span>
    </p>
   </div>
   <div class='ocr_carea' id='block_1_110' title="bbox 2313 4547 3925 4620">
    <p class='ocr_par' dir='ltr' id='par_1_110' title="bbox 2313 4547 3925 4620">
     <span class='ocr_line' id='line_1_111' title="bbox 2313 4547 3925 4620; baseline 0.004 -18"><span class='ocrx_word' id='word_1_736' title='bbox 2313 4547 2434 4614; x_wconf 56' lang='lat' dir='ltr'><strong>r&#39;us,</strong></span> <span class='ocrx_word' id='word_1_737' title='bbox 2464 4549 2539 4602; x_wconf 91' lang='lat' dir='ltr'><strong>de</strong></span> <span class='ocrx_word' id='word_1_738' title='bbox 2569 4547 2840 4620; x_wconf 86' lang='lat' dir='ltr'><strong>ejusdem</strong></span> <span class='ocrx_word' id='word_1_739' title='bbox 2861 4547 3249 4620; x_wconf 81' lang='lat' dir='ltr'><strong>conceptione</strong></span> <span class='ocrx_word' id='word_1_740' title='bbox 3279 4552 3487 4620; x_wconf 88' lang='lat' dir='ltr'><strong>auctor</strong></span> <span class='ocrx_word' id='word_1_741' title='bbox 3510 4547 3822 4620; x_wconf 88' lang='lat' dir='ltr'><strong>loquatur.</strong></span> <span class='ocrx_word' id='word_1_742' title='bbox 3845 4556 3925 4608; x_wconf 89' lang='lat' dir='ltr'><strong>lta</strong></span> 
     </span>
    </p>
   </div>
   <div class='ocr_carea' id='block_1_111' title="bbox 2313 4618 3921 4693">
    <p class='ocr_par' dir='ltr' id='par_1_111' title="bbox 2313 4618 3921 4693">
     <span class='ocr_line' id='line_1_112' title="bbox 2313 4618 3921 4693; baseline 0.002 -19"><span class='ocrx_word' id='word_1_743' title='bbox 2313 4620 2472 4674; x_wconf 89' lang='lat' dir='ltr'><strong>enim</strong></span> <span class='ocrx_word' id='word_1_744' title='bbox 2486 4633 2620 4675; x_wconf 88' lang='lat' dir='ltr'><strong>eam</strong></span> <span class='ocrx_word' id='word_1_745' title='bbox 2638 4618 2853 4693; x_wconf 80' lang='lat' dir='ltr'><strong>fatetur</strong></span> <span class='ocrx_word' id='word_1_746' title='bbox 2864 4618 3126 4693; x_wconf 81' lang='lat' dir='ltr'><strong>genitam</strong></span> <span class='ocrx_word' id='word_1_747' title='bbox 3139 4619 3473 4693; x_wconf 77' lang='lat' dir='ltr'><strong>secundum</strong></span> <span class='ocrx_word' id='word_1_748' title='bbox 3487 4618 3720 4676; x_wconf 58' lang='lat' dir='ltr'><strong>natura;</strong></span> <span class='ocrx_word' id='word_1_749' title='bbox 3735 4621 3921 4693; x_wconf 88' lang='lat' dir='ltr'><strong>leges,</strong></span> 
     </span>
    </p>
   </div>
   <div class='ocr_carea' id='block_1_112' title="bbox 2312 4689 3921 4764">
    <p class='ocr_par' dir='ltr' id='par_1_112' title="bbox 2312 4689 3921 4764">
     <span class='ocr_line' id='line_1_113' title="bbox 2312 4689 3921 4764; baseline 0.002 -18"><span class='ocrx_word' id='word_1_750' title='bbox 2312 4696 2375 4764; x_wconf 90' lang='lat' dir='ltr'><strong>ut</strong></span> <span class='ocrx_word' id='word_1_751' title='bbox 2407 4696 2611 4764; x_wconf 81' lang='lat' dir='ltr'><strong>tamen</strong></span> <span class='ocrx_word' id='word_1_752' title='bbox 2634 4690 2882 4764; x_wconf 79' lang='lat' dir='ltr'><strong>aliquid,</strong></span> <span class='ocrx_word' id='word_1_753' title='bbox 2913 4690 3079 4764; x_wconf 85' lang='lat' dir='ltr'><strong>quod</strong></span> <span class='ocrx_word' id='word_1_754' title='bbox 3105 4689 3185 4764; x_wconf 81' lang='lat' dir='ltr'><strong>ad</strong></span> <span class='ocrx_word' id='word_1_755' title='bbox 3207 4705 3343 4764; x_wconf 85' lang='lat' dir='ltr'><strong>eam</strong></span> <span class='ocrx_word' id='word_1_756' title='bbox 3373 4689 3568 4746; x_wconf 86' lang='lat' dir='ltr'><strong>solam</strong></span> <span class='ocrx_word' id='word_1_757' title='bbox 3598 4689 3921 4764; x_wconf 66' lang='lat' dir='ltr'><strong>pertinéat,</strong></span> 
     </span>
    </p>
   </div>
   <div class='ocr_carea' id='block_1_113' title="bbox 2311 4706 3924 4837">
    <p class='ocr_par' dir='ltr' id='par_1_113' title="bbox 2311 4706 3924 4837">
     <span class='ocr_line' id='line_1_114' title="bbox 2312 4706 3921 4818; baseline 0.002 -72"><span class='ocrx_word' id='word_1_758' title='bbox 2312 4706 2375 4746; x_wconf 78' lang='lat' dir='ltr'><strong>ut</strong></span> <span class='ocrx_word' id='word_1_759' title='bbox 2407 4706 2609 4746; x_wconf 79' lang='lat' dir='ltr'><strong>tamen</strong></span> <span class='ocrx_word' id='word_1_760' title='bbox 2634 4706 2882 4762; x_wconf 79' lang='lat' dir='ltr'><strong>anquia,</strong></span> <span class='ocrx_word' id='word_1_761' title='bbox 2913 4706 3079 4818; x_wconf 41' lang='lat' dir='ltr'><strong>quoa</strong></span> <span class='ocrx_word' id='word_1_762' title='bbox 3105 4706 3185 4746; x_wconf 86' lang='lat' dir='ltr'><strong>aa</strong></span> <span class='ocrx_word' id='word_1_763' title='bbox 3207 4706 3343 4746; x_wconf 91' lang='lat' dir='ltr'><strong>eam</strong></span> <span class='ocrx_word' id='word_1_764' title='bbox 3373 4706 3568 4746; x_wconf 67' lang='lat' dir='ltr'><strong>soram</strong></span> <span class='ocrx_word' id='word_1_765' title='bbox 3598 4706 3921 4764; x_wconf 78' lang='lat' dir='ltr'><strong>pertineat,</strong></span> 
     </span>
     <span class='ocr_line' id='line_1_115' title="bbox 2311 4761 3924 4837; baseline -0.001 -19"><span class='ocrx_word' id='word_1_766' title='bbox 2311 4762 2728 4837; x_wconf 67' lang='lat' dir='ltr'><strong>intercessisse</strong></span> <span class='ocrx_word' id='word_1_767' title='bbox 2746 4761 2920 4837; x_wconf 78' lang='lat' dir='ltr'><strong>subin</strong></span> <span class='ocrx_word' id='word_1_768' title='bbox 2973 4764 3099 4827; x_wconf 90' lang='lat' dir='ltr'><strong>icet,</strong></span> <span class='ocrx_word' id='word_1_769' title='bbox 3118 4762 3429 4837; x_wconf 49' lang='lat' dir='ltr'><strong>inquiens,</strong></span> <span class='ocrx_word' id='word_1_770' title='bbox 3449 4769 3558 4837; x_wconf 74' lang='grc' dir='ltr'>τοῖς</span> <span class='ocrx_word' id='word_1_771' title='bbox 3600 4770 3782 4837; x_wconf 78' lang='grc' dir='ltr'>σοῖς...</span> <span class='ocrx_word' id='word_1_772' title='bbox 3835 4769 3924 4837; x_wconf 65' lang='grc' dir='ltr'><strong>φύ-</strong></span> 
     </span>
    </p>
   </div>
   <div class='ocr_carea' id='block_1_114' title="bbox 2316 4832 3925 4905">
    <p class='ocr_par' dir='ltr' id='par_1_114' title="bbox 2316 4832 3925 4905">
     <span class='ocr_line' id='line_1_116' title="bbox 2316 4832 3925 4905; baseline 0.005 -19"><span class='ocrx_word' id='word_1_773' title='bbox 2316 4851 2440 4894; x_wconf 82' lang='grc' dir='ltr'>σεως</span> <span class='ocrx_word' id='word_1_774' title='bbox 2467 4837 2665 4905; x_wconf 79' lang='grc' dir='ltr'>νόμοις.</span> <span class='ocrx_word' id='word_1_775' title='bbox 2696 4835 2760 4888; x_wconf 86' lang='lat' dir='ltr'><strong>Et</strong></span> <span class='ocrx_word' id='word_1_776' title='bbox 2779 4832 2870 4905; x_wconf 80' lang='lat' dir='ltr'><strong>lex</strong></span> <span class='ocrx_word' id='word_1_777' title='bbox 2896 4848 3040 4888; x_wconf 90' lang='lat' dir='ltr'><strong>sane</strong></span> <span class='ocrx_word' id='word_1_778' title='bbox 3065 4832 3290 4888; x_wconf 77' lang='lat' dir='ltr'><strong>naturae</strong></span> <span class='ocrx_word' id='word_1_779' title='bbox 3310 4832 3583 4905; x_wconf 86' lang='lat' dir='ltr'><strong>obtinuit,</strong></span> <span class='ocrx_word' id='word_1_780' title='bbox 3607 4834 3757 4905; x_wconf 90' lang='lat' dir='ltr'><strong>quia</strong></span> <span class='ocrx_word' id='word_1_781' title='bbox 3784 4832 3925 4893; x_wconf 84' lang='lat' dir='ltr'><strong>eon-</strong></span> 
     </span>
    </p>
   </div>
   <div class='ocr_carea' id='block_1_115' title="bbox 2314 4904 3923 4976">
    <p class='ocr_par' dir='ltr' id='par_1_115' title="bbox 2314 4904 3923 4976">
     <span class='ocr_line' id='line_1_117' title="bbox 2314 4904 3923 4976; baseline 0.003 -17"><span class='ocrx_word' id='word_1_782' title='bbox 2314 4911 2484 4976; x_wconf 89' lang='lat' dir='ltr'><strong>sueto</strong></span> <span class='ocrx_word' id='word_1_783' title='bbox 2494 4904 2730 4976; x_wconf 56' lang='lat' dir='ltr'><strong>natura;</strong></span> <span class='ocrx_word' id='word_1_784' title='bbox 2746 4904 2955 4976; x_wconf 82' lang='lat' dir='ltr'><strong>ordine</strong></span> <span class='ocrx_word' id='word_1_785' title='bbox 2973 4909 3264 4976; x_wconf 87' lang='lat' dir='ltr'><strong>concepta</strong></span> <span class='ocrx_word' id='word_1_786' title='bbox 3281 4909 3369 4960; x_wconf 89' lang='lat' dir='ltr'><strong>est</strong></span> <span class='ocrx_word' id='word_1_787' title='bbox 3392 4921 3404 4959; x_wconf 91' lang='lat'>:</span> <span class='ocrx_word' id='word_1_788' title='bbox 3441 4904 3750 4974; x_wconf 86' lang='lat' dir='ltr'><strong>singulare</strong></span> <span class='ocrx_word' id='word_1_789' title='bbox 3780 4922 3923 4964; x_wconf 85' lang='lat' dir='ltr'><strong>vero</strong></span> 
     </span>
    </p>
   </div>
   <div class='ocr_carea' id='block_1_116' title="bbox 2311 4974 3924 5047">
    <p class='ocr_par' dir='ltr' id='par_1_116' title="bbox 2311 4974 3924 5047">
     <span class='ocr_line' id='line_1_118' title="bbox 2311 4974 3924 5047; baseline 0.003 -17"><span class='ocrx_word' id='word_1_790' title='bbox 2311 4974 2457 5031; x_wconf 90' lang='lat' dir='ltr'><strong>illud</strong></span> <span class='ocrx_word' id='word_1_791' title='bbox 2482 4975 2609 5041; x_wconf 86' lang='lat' dir='ltr'><strong>fuit,</strong></span> <span class='ocrx_word' id='word_1_792' title='bbox 2626 4975 2804 5047; x_wconf 86' lang='lat' dir='ltr'><strong>quod</strong></span> <span class='ocrx_word' id='word_1_793' title='bbox 2830 4990 3054 5044; x_wconf 82' lang='lat' dir='ltr'><strong>parens</strong></span> <span class='ocrx_word' id='word_1_794' title='bbox 3083 4974 3284 5044; x_wconf 70' lang='lat' dir='ltr'><strong>Anna,</strong></span> <span class='ocrx_word' id='word_1_795' title='bbox 3318 4979 3383 5031; x_wconf 91' lang='lat' dir='ltr'><strong>ut</strong></span> <span class='ocrx_word' id='word_1_796' title='bbox 3410 4992 3549 5031; x_wconf 89' lang='lat' dir='ltr'><strong>cum</strong></span> <span class='ocrx_word' id='word_1_797' title='bbox 3581 4977 3789 5034; x_wconf 85' lang='lat' dir='ltr'><strong>Niceta</strong></span> <span class='ocrx_word' id='word_1_798' title='bbox 3816 4981 3924 5035; x_wconf 85' lang='lat' dir='ltr'><strong>Pa-</strong></span> 
     </span>
    </p>
   </div>
   <div class='ocr_carea' id='block_1_117' title="bbox 2307 5045 3928 5174">
    <p class='ocr_par' dir='ltr' id='par_1_117' title="bbox 2307 5045 3928 5174">
     <span class='ocr_line' id='line_1_119' title="bbox 2307 5045 3928 5174; baseline 0.003 -72"><span class='ocrx_word' id='word_1_799' title='bbox 2307 5047 2610 5174; x_wconf 65' lang='lat' dir='ltr'><strong>Ehlagone</strong></span> <span class='ocrx_word' id='word_1_800' title='bbox 2623 5045 3042 5138; x_wconf 73' lang='lat' dir='ltr'><strong>loquarulom.</strong></span> <span class='ocrx_word' id='word_1_801' title='bbox 3091 5050 3158 5128; x_wconf 76' lang='lat' dir='ltr'><strong>in</strong></span> <span class='ocrx_word' id='word_1_802' title='bbox 3175 5047 3360 5131; x_wconf 73' lang='lat' dir='ltr'><strong>Nativ.</strong></span> <span class='ocrx_word' id='word_1_803' title='bbox 3379 5047 3928 5133; x_wconf 42' lang='grc' dir='ltr'><strong>ῡθὶρκᾼυσττςρω-</strong></span> 
     </span>
     <span class='ocr_line' id='line_1_120' title="bbox 2353 5117 3927 5174; baseline 0 0"><span class='ocrx_word' id='word_1_804' title='bbox 2353 5118 2482 5174; x_wconf 82' lang='lat' dir='ltr'><strong>etis.</strong></span> <span class='ocrx_word' id='word_1_805' title='bbox 2507 5117 2621 5173; x_wconf 87' lang='lat' dir='ltr'><strong>vol.</strong></span> <span class='ocrx_word' id='word_1_806' title='bbox 2641 5119 2730 5174; x_wconf 94' lang='lat' dir='ltr'><strong>lll.</strong></span> <span class='ocrx_word' id='word_1_807' title='bbox 2767 5133 2904 5174; x_wconf 70' lang='lat' dir='ltr'><strong>nan.</strong></span> <span class='ocrx_word' id='word_1_808' title='bbox 2929 5119 3055 5174; x_wconf 64' lang='grc' dir='ltr'>ΗΠ</span> <span class='ocrx_word' id='word_1_809' title='bbox 3078 5135 3139 5174; x_wconf 88' lang='lat' dir='ltr'><strong>m</strong></span> <span class='ocrx_word' id='word_1_810' title='bbox 3163 5132 3226 5174; x_wconf 87' lang='lat' dir='ltr'><strong>se</strong></span> <span class='ocrx_word' id='word_1_811' title='bbox 3243 5133 3375 5174; x_wconf 82' lang='lat' dir='ltr'><strong>msa</strong></span> <span class='ocrx_word' id='word_1_812' title='bbox 3402 5119 3651 5174; x_wconf 62' lang='lat' dir='ltr'><strong>malitia!</strong></span> <span class='ocrx_word' id='word_1_813' title='bbox 3677 5125 3927 5174; x_wconf 69' lang='lat' dir='ltr'><strong>vitamus</strong></span> 
     </span>
    </p>
   </div>
   <div class='ocr_carea' id='block_1_118' title="bbox 2353 5117 3927 5193">
    <p class='ocr_par' dir='ltr' id='par_1_118' title="bbox 2353 5117 3927 5193">
     <span class='ocr_line' id='line_1_121' title="bbox 2353 5117 3927 5193; baseline 0.003 -19"><span class='ocrx_word' id='word_1_814' title='bbox 2353 5118 2482 5174; x_wconf 82' lang='lat' dir='ltr'><strong>eﬁs.</strong></span> <span class='ocrx_word' id='word_1_815' title='bbox 2507 5117 2621 5173; x_wconf 87' lang='lat' dir='ltr'><strong>vol.</strong></span> <span class='ocrx_word' id='word_1_816' title='bbox 2641 5117 2730 5193; x_wconf 34' lang='lat' dir='ltr'><strong>lll’,</strong></span> <span class='ocrx_word' id='word_1_817' title='bbox 2767 5133 2904 5193; x_wconf 85' lang='lat' dir='ltr'><strong>pag.</strong></span> <span class='ocrx_word' id='word_1_818' title='bbox 2929 5119 3055 5191; x_wconf 66' lang='lat'><strong>437)</strong></span> <span class='ocrx_word' id='word_1_819' title='bbox 3078 5122 3139 5174; x_wconf 86' lang='lat' dir='ltr'><strong>in</strong></span> <span class='ocrx_word' id='word_1_820' title='bbox 3153 5132 3226 5193; x_wconf 86' lang='lat' dir='ltr'><strong>_se</strong></span> <span class='ocrx_word' id='word_1_821' title='bbox 3243 5119 3375 5193; x_wconf 74' lang='lat' dir='ltr'><strong>ipsa</strong></span> <span class='ocrx_word' id='word_1_822' title='bbox 3402 5117 3927 5193; x_wconf 46' lang='lat' dir='ltr'><strong>mdiitiqvitiique</strong></span> 
     </span>
    </p>
   </div>
   <div class='ocr_carea' id='block_1_119' title="bbox 2311 5189 3922 5262">
    <p class='ocr_par' dir='ltr' id='par_1_119' title="bbox 2311 5189 3922 5262">
     <span class='ocr_line' id='line_1_122' title="bbox 2311 5189 3922 5262; baseline 0.004 -18"><span class='ocrx_word' id='word_1_823' title='bbox 2311 5194 2630 5262; x_wconf 72' lang='lat' dir='ltr'><strong>torrentem</strong></span> <span class='ocrx_word' id='word_1_824' title='bbox 2641 5189 2860 5246; x_wconf 85' lang='lat' dir='ltr'><strong>stiterit</strong></span> <span class='ocrx_word' id='word_1_825' title='bbox 2877 5208 2888 5258; x_wconf 94' lang='lat'><strong>;</strong></span> <span class='ocrx_word' id='word_1_826' title='bbox 2905 5189 3083 5262; x_wconf 87' lang='lat' dir='ltr'><strong>atque</strong></span> <span class='ocrx_word' id='word_1_827' title='bbox 3097 5189 3268 5255; x_wconf 88' lang='lat' dir='ltr'><strong>adeo,</strong></span> <span class='ocrx_word' id='word_1_828' title='bbox 3286 5189 3609 5262; x_wconf 80' lang='lat' dir='ltr'><strong>cherubico</strong></span> <span class='ocrx_word' id='word_1_829' title='bbox 3630 5189 3922 5250; x_wconf 76' lang='lat' dir='ltr'><strong>ﬂammeo</strong></span> 
     </span>
    </p>
   </div>
   <div class='ocr_carea' id='block_1_120' title="bbox 2310 5259 3925 5333">
    <p class='ocr_par' dir='ltr' id='par_1_120' title="bbox 2310 5259 3925 5333">
     <span class='ocr_line' id='line_1_123' title="bbox 2310 5259 3925 5333; baseline 0.002 -15"><span class='ocrx_word' id='word_1_830' title='bbox 2310 5260 2511 5333; x_wconf 86' lang='lat' dir='ltr'><strong>gladio</strong></span> <span class='ocrx_word' id='word_1_831' title='bbox 2541 5266 2876 5333; x_wconf 85' lang='lat' dir='ltr'><strong>serpentem</strong></span> <span class='ocrx_word' id='word_1_832' title='bbox 2908 5259 3168 5322; x_wconf 80' lang='lat' dir='ltr'><strong>arcente,</strong></span> <span class='ocrx_word' id='word_1_833' title='bbox 3211 5275 3285 5333; x_wconf 82' lang='lat' dir='ltr'><strong>ex</strong></span> <span class='ocrx_word' id='word_1_834' title='bbox 3308 5259 3540 5333; x_wconf 83' lang='lat' dir='ltr'><strong>polluta</strong></span> <span class='ocrx_word' id='word_1_835' title='bbox 3577 5263 3787 5320; x_wconf 82' lang='lat' dir='ltr'><strong>radice</strong></span> <span class='ocrx_word' id='word_1_836' title='bbox 3815 5265 3925 5322; x_wconf 91' lang='lat' dir='ltr'><strong>im-</strong></span> 
     </span>
    </p>
   </div>
   <div class='ocr_carea' id='block_1_121' title="bbox 2423 5331 3420 5403">
    <p class='ocr_par' dir='ltr' id='par_1_121' title="bbox 2423 5331 3420 5403">
     <span class='ocr_line' id='line_1_124' title="bbox 2423 5331 3420 5403; baseline 0.002 -16"><span class='ocrx_word' id='word_1_837' title='bbox 2423 5331 2654 5388; x_wconf 31' lang='lat' dir='ltr'><strong>ollutus‘</strong></span> <span class='ocrx_word' id='word_1_838' title='bbox 2671 5331 2898 5388; x_wconf 82' lang='lat' dir='ltr'><strong>fructus</strong></span> <span class='ocrx_word' id='word_1_839' title='bbox 2929 5331 3420 5403; x_wconf 80' lang='lat' dir='ltr'><strong>progerminavit.</strong></span> 
     </span>
    </p>
   </div>
   <div class='ocr_carea' id='block_1_122' title="bbox 2401 5403 3354 5477">
    <p class='ocr_par' dir='ltr' id='par_1_122' title="bbox 2401 5403 3354 5477">
     <span class='ocr_line' id='line_1_125' title="bbox 2401 5403 3354 5477; baseline 0 -19"><span class='ocrx_word' id='word_1_840' title='bbox 2401 5404 2487 5474; x_wconf 73' lang='grc'><strong>42)</strong></span> <span class='ocrx_word' id='word_1_841' title='bbox 2519 5403 2693 5475; x_wconf 82' lang='lat' dir='ltr'><strong>Apud</strong></span> <span class='ocrx_word' id='word_1_842' title='bbox 2727 5405 2848 5477; x_wconf 76' lang='lat' dir='ltr'><strong>LXX</strong></span> <span class='ocrx_word' id='word_1_843' title='bbox 2880 5403 3030 5465; x_wconf 73' lang='grc' dir='ltr'>εῦθής</span> <span class='ocrx_word' id='word_1_844' title='bbox 3057 5419 3167 5477; x_wconf 83' lang='lat' dir='ltr'><strong>Pro</strong></span> <span class='ocrx_word' id='word_1_845' title='bbox 3195 5403 3354 5466; x_wconf 76' lang='grc' dir='ltr'>εὐθές.</span> 
     </span>
    </p>
   </div>
   <div class='ocr_carea' id='block_1_123' title="bbox 2377 5476 2864 5545">
    <p class='ocr_par' dir='ltr' id='par_1_123' title="bbox 2377 5476 2864 5545">
     <span class='ocr_line' id='line_1_126' title="bbox 2377 5476 2864 5545; baseline 0 -16"><span class='ocrx_word' id='word_1_846' title='bbox 2377 5477 2488 5545; x_wconf 70' lang='grc'><strong>(42)</strong></span> <span class='ocrx_word' id='word_1_847' title='bbox 2525 5477 2663 5532; x_wconf 89' lang='lat' dir='ltr'><strong>Luc.</strong></span> <span class='ocrx_word' id='word_1_848' title='bbox 2693 5490 2732 5541; x_wconf 83' lang='grc' dir='ltr'>ι,</span> <span class='ocrx_word' id='word_1_849' title='bbox 2774 5476 2864 5531; x_wconf 76' lang='lat'><strong>35.</strong></span> 
     </span>
    </p>
   </div>
   <div class='ocr_carea' id='block_1_124' title="bbox 2377 5545 3916 5624">
    <p class='ocr_par' dir='ltr' id='par_1_124' title="bbox 2377 5545 3916 5624">
     <span class='ocr_line' id='line_1_127' title="bbox 2377 5545 3916 5624; baseline 0.005 -23"><span class='ocrx_word' id='word_1_850' title='bbox 2377 5549 2485 5624; x_wconf 58' lang='lat' dir='ltr'><strong>(si)</strong></span> <span class='ocrx_word' id='word_1_851' title='bbox 2510 5547 2681 5624; x_wconf 65' lang='lat' dir='ltr'><strong>gant.</strong></span> <span class='ocrx_word' id='word_1_852' title='bbox 2711 5562 2750 5602; x_wconf 83' lang='lat'><strong>1.</strong></span> <span class='ocrx_word' id='word_1_853' title='bbox 2781 5550 2812 5602; x_wconf 89' lang='lat'><strong>3</strong></span> <span class='ocrx_word' id='word_1_854' title='bbox 2841 5561 2960 5604; x_wconf 85' lang='lat' dir='ltr'><strong>sec.</strong></span> <span class='ocrx_word' id='word_1_855' title='bbox 2995 5547 3125 5604; x_wconf 86' lang='lat' dir='ltr'><strong>LXX</strong></span> <span class='ocrx_word' id='word_1_856' title='bbox 3155 5564 3169 5617; x_wconf 90' lang='lat'><strong>;</strong></span> <span class='ocrx_word' id='word_1_857' title='bbox 3201 5561 3346 5605; x_wconf 89' lang='lat' dir='ltr'><strong>nam</strong></span> <span class='ocrx_word' id='word_1_858' title='bbox 3387 5545 3595 5606; x_wconf 87' lang='lat' dir='ltr'><strong>Latina</strong></span> <span class='ocrx_word' id='word_1_859' title='bbox 3638 5547 3916 5624; x_wconf 84' lang='lat' dir='ltr'><strong>Vulgata,</strong></span> 
     </span>
    </p>
   </div>
   <div class='ocr_carea' id='block_1_125' title="bbox 2305 5616 2836 5690">
    <p class='ocr_par' dir='ltr' id='par_1_125' title="bbox 2305 5616 2836 5690">
     <span class='ocr_line' id='line_1_128' title="bbox 2305 5616 2836 5690; baseline 0.006 -17"><span class='ocrx_word' id='word_1_860' title='bbox 2305 5616 2470 5675; x_wconf 80' lang='lat' dir='ltr'><strong>Recti</strong></span> <span class='ocrx_word' id='word_1_861' title='bbox 2486 5618 2754 5690; x_wconf 82' lang='lat' dir='ltr'><strong>diligunt</strong></span> <span class='ocrx_word' id='word_1_862' title='bbox 2780 5623 2836 5676; x_wconf 83' lang='lat' dir='ltr'><strong>te</strong></span> 
     </span>
    </p>
   </div>
  </div>
