4032 6308
154 317 274 374 729

1334 305 1406 362 IN
1443 299 2070 363 ANNUNTIATIONEM
2107 302 2170 364 Β.
2202 303 2466 364 ΜΑΒῙΛΕ.

3454 313 3560 368 730

237 442 343 497 Καὶ
397 434 621 511 δύναμις
656 439 751 489 τοῦ
812 433 1069 507 Ὑψίστου
1146 430 1448 486 ἂπισκιάσει
1479 449 1565 485 σοι
1596 449 1612 466 ο
1669 433 1781 492 ἣτις

1963 431 2044 488 Et
2072 431 2263 490 virtus
2287 432 2583 491 Altissimi
2608 433 2996 494 obumbrabit
3019 435 3130 494 tibi
3150 451 3174 495 .·
3202 450 3341 510 quae
3364 435 3557 494 virtus

160 515 314 584 ἃστὶν
343 529 371 582 6
393 534 489 582 τοῦ
505 526 760 598 Ὑψίστου
789 527 930 588 Υίὸςο
965 519 1136 578 Δαυὶδ
1169 544 1181 557 ο
1210 525 1303 596 μὶν
1336 518 1424 575 οὖν
1449 523 1477 574 6
1530 519 1783 595 βασιλεὺς

161 609 470 688 Ἰουδαίων,
517 623 649 683 Ποῦ,
736 620 886 689 φησὶ,
933 614 1170 690 πορευθῶ
1221 611 1324 665 ἀπὸ
1389 607 1481 665 τοῦ
1549 613 1780 684 Πνεύμα-

161 711 258 772 τός
318 727 435 774 σου,
501 711 592 760 καὶ
643 703 748 758 ὄιπό
802 711 894 757 τοῦ
950 709 1235 779 προσώπου
1287 719 1383 755 σου
1438 706 1540 754 ποῦ
1587 703 1781 774 φύγω;

167 802 305 873 πρὸς
360 800 447 851 τὸν
518 799 724 871 Πατέρα
781 797 870 848 τὸν
925 792 1078 866 λόγον
1123 793 1448 865 ποιούμενος,
1515 791 1576 844 οὗ
1620 795 1786 864 πρόσ-

171 908 320 942 ωπον
366 889 394 940 6
445 889 588 957 Υἱὸς,
630 889 720 939 καὶ
767 882 1162 960 ἀπαράλλακτος
1213 885 1495 956 χαρακτήρ
1547 901 1561 916 ο
1606 882 1634 934 6
1681 883 1782 957 γὰρ

175 976 428 1051 ἕωρακὼς
454 977 540 1029 τὸν
577 977 697 1028 Υἰόν
727 972 919 1048 ἑώρακε
962 974 1050 1025 τὸν
1101 974 1310 1046 Πατέρα
1356 992 1371 1006 ο
1431 973 1521 1024 καὶ
1584 971 1787 1033 τούτοις

171 1073 286 1128 τοῖς
356 1065 533 1137 λόγοις
581 1067 641 1117 τὸ
692 1071 788 1124 τῆς
860 1056 1085 1136 Τριάδος
1175 1058 1400 1132 ἕκφαίνει
1468 1065 1782 1136 μυστήριον.

172 1155 492 1229 ’Ἄνθρωπος
567 1150 626 1207 δε
690 1152 780 1224 ὧν,
841 1156 932 1204 καὶ
1003 1155 1248 1225 στραφεὶς
1306 1151 1376 1213 εἰς
1430 1149 1784 1225 ταλαιπωρίαν

174 1244 227 1298 ἓν
305 1253 380 1317 τῷ
439 1245 736 1317 ἐμπαγῆναι
817 1243 986 1314 τούτῳ
1041 1249 1133 1302 τῆς
1188 1240 1442 1314 ἁμαρτίας
1490 1245 1584 1299 τήν
1630 1241 1785 1292 ἄκανο

176 1337 297 1402 θαν,
358 1332 671 1406 φοϐούμενος
732 1335 827 1390 τὴν
877 1334 1194 1390 Δεσποτικὴν
1262 1329 1601 1399 ἕπεξελευσιν,
1653 1327 1784 1406 δρα-

176 1427 314 1497 σμὸν
343 1422 528 1496 μελετᾷ
559 1442 573 1458 ο
613 1427 704 1475 καὶ
731 1420 1046 1482 ὑποσκάζων
1084 1422 1159 1473 ἔτι
1187 1421 1274 1472 τὸν
1310 1416 1454 1473 πόδα
1497 1428 1560 1494 τῇ
1607 1418 1780 1494 πληγῇ

171 1521 266 1574 τῆς
321 1511 571 1582 ἀκάνθης,
636 1510 838 1586 ἀπορεῖ,
892 1517 994 1564 ποῦ
1050 1510 1166 1563 ποτ’
1229 1509 1290 1562 ἂν
1335 1513 1426 1562 καὶ
1487 1505 1785 1583 ἅποδράσοι

173 1606 268 1654 καὶ
294 1604 383 1654 τὸν
440 1600 694 1659 ἁλάθητον
754 1599 974 1659 λήσεται
1027 1598 1310 1672 ὀφθαλμόν.
1362 1598 1422 1650 Ὀ
1467 1601 1558 1670 μὶν
1619 1593 1786 1650 Δαυῖδ

177 1697 351 1744 ταῦτα
417 1711 431 1725 -
483 1692 516 1750 ἡ
578 1687 630 1743 δ’
685 1689 740 1743 ἔκ
785 1686 954 1743 Δαυῖδ
1009 1690 1269 1762 Παρθένος
1315 1694 1786 1761 μυσταγωγοῦντος

1893 519 2074 594 plane
2105 521 2284 578 Filius
2301 526 2392 580 est
2420 522 2725 584 Altissimi.
2759 528 2827 582 Et
2875 541 3020 584 sane
3067 525 3412 584 Judaeorum
3449 540 3557 582 rex

1894 609 2105 681 David,
2119 609 2268 680 Quo,
2279 610 2595 686 inquit(45)
2605 655 2620 682 ,
2643 614 2738 670 ibo
2752 629 2789 672 a
2799 616 3021 686 spiritu
3035 621 3136 673 tuo
3153 621 3208 673 et
3222 631 3338 688 quo
3351 631 3387 671 a
3397 615 3560 686 facie

1896 704 2002 756 tua
2028 701 2258 772 fugiam
2270 701 2298 756 ?
2345 704 2578 760 Patrem
2591 703 2813 762 scilicet
2825 703 3168 779 alloquitur,
3183 705 3356 776 cujus
3376 703 3559 761 facies

1894 792 1952 846 et
1971 805 2077 862 per
2103 790 2310 847 omnia
2337 790 2547 848 similis
2571 793 2775 865 imago
2802 797 2891 851 est
2918 793 3130 861 Filius;
3159 793 3264 867 qui
3291 793 3454 850 enim
3473 793 3559 849 vi-

1895 877 1958 936 di
1991 877 2378 950 Filium,vidit
2398 883 2633 938 Patrem
2659 882 2796 954 (L6);
2828 887 2884 940 et
2913 883 2996 940 sic
3022 882 3322 940 Trinitatis
3335 885 3558 955 myste-

1894 965 2052 1024 rium
2084 967 2146 1024 in
2165 967 2279 1024 illis
2307 968 2506 1025 verbis
2535 969 2811 1027 ostendit.
2845 972 2995 1029 Cum
3015 985 3198 1044 porro
3225 969 3558 1041 homo(hie)

1895 1060 2074 1126 esset,
2094 1060 2152 1113 et
2181 1072 2503 1115 conversus
2529 1060 2593 1115 in
2619 1075 2914 1132 erumna,
2929 1062 3072 1117 dum
3093 1061 3418 1131 conﬁgitur
3444 1059 3559 1132 ipsi

1894 1145 2124 1222 peccati
2144 1148 2315 1218 spina
2345 1147 2486 1219 (48),
2509 1148 2726 1206 timens
2745 1149 3033 1207 ultionem
3061 1149 3316 1216 Domini,
3347 1147 3558 1220 fugam

1895 1235 2252 1306 meditatur;
2287 1239 2344 1293 et
2365 1252 2398 1292 e
2427 1237 2617 1310 spinae
2653 1237 2898 1296 vulnere
2929 1238 3128 1297 adhuc
3156 1238 3310 1312 pede
3335 1235 3559 1295 c1audi~

1895 1340 2063 1393 cans,
2092 1326 2278 1383 haeret
2304 1326 2589 1395 incertus,
2612 1343 2736 1402 quo
2767 1329 3012 1386 tandem
3037 1333 3095 1387 et
3107 1329 3378 1402 aufugiat
3400 1332 3458 1386 et
3473 1328 3557 1386 la-
3601 1373 3610 1379 .

1893 1417 2016 1472 teat
2043 1415 2313 1486 oculum,
2344 1431 2528 1489 quem
2555 1417 2703 1473 nihil
2729 1417 2887 1475 latet.
2923 1422 3010 1476 Ita
3033 1419 3279 1492 quidem
3328 1417 3554 1474 David:

1895 1508 1958 1562 at
2014 1504 2189 1575 Virgo
2220 1520 2252 1561 e
2314 1506 2540 1562 Davide
2587 1511 2795 1566 exorta
2846 1507 3211 1579 archangelo
3278 1506 3560 1564 sublimia

1895 1594 2200 1666 edocente,
2226 1595 2646 1668 supercoaleste
2674 1598 2850 1654 unius
2880 1598 2942 1654 in
2979 1598 3258 1655 Trinitate
3316 1596 3556 1654 Deitatis

1896 1685 2249 1758 mysterium
2272 1686 2352 1752 (et
2394 1686 2557 1760 ipsa)
2611 1687 2807 1758 discit,
2830 1703 3050 1763 nempe
3094 1687 3378 1762 Spiritum
3414 1701 3559 1744 san-

174 1788 270 1833 τοῦ
320 1778 676 1855 ἀρχαγγέλου,
735 1783 794 1832 τὸ
851 1780 1217 1853 ύπερουράνιον
1259 1779 1484 1852 μάθημα
1534 1776 1786 1850 ἐκμανθάο

1897 1779 2081 1845 ctum,
2113 1779 2169 1832 et
2198 1775 2482 1833 Virtutem
2511 1776 2816 1845 Altissimi,
2846 1795 2878 1835 e
2934 1793 3058 1852 quo
3086 1777 3392 1834 Altissimo
3435 1776 3560 1832 Vir-

177 1890 254 1923 νει
283 1879 378 1932 τῆς
424 1876 548 1943 μιᾶς
587 1871 636 1923 εν
672 1865 867 1944 Τριάδι
918 1870 1177 1938 θεότητος,
1237 1874 1447 1940 Πνεῦμα
1494 1867 1641 1940 ἅγιον
1697 1871 1786 1920 καὶ

182 1956 411 2032 δύναμιν
439 1965 532 2012 τοῦ
557 1958 831 2031 Ὑψίστου,
887 1957 942 2022 ἐξ
997 1954 1195 2020 οὗτινος
1244 1956 1494 2028 Ὑψίστου
1547 1959 1578 2015 ἡ
1631 1953 1786 2009 δύνα-

180 2069 274 2122 μις
298 2053 390 2101 καὶ
418 2052 477 2101 τὸ
513 2054 721 2120 Πνεῦμα
765 2050 826 2100 τὸ
890 2046 1038 2118 ἅγιον
1089 2050 1414 2120 προαιωνίως
1457 2047 1783 2104 ὑπέστησαν.

184 2136 328 2196 Πλὴν
375 2137 504 2209 ούχὶ
555 2133 796 2211 δρασμόν
853 2132 1140 2189 διανοεῖται
1181 2139 1272 2188 καὶ
1329 2135 1456 2194 αύτη
1485 2157 1497 2170 ·
1543 2134 1671 2188 ἀλλὰ
1732 2139 1785 2188 τί

184 2248 317 2302 φησι
367 2231 500 2303 πρὸς
556 2229 643 2280 τὸν
703 2231 972 2300 ausuri)»;
1035 2223 1174 2280 Ἰδού
1235 2227 1265 2286 ἠ
1337 2223 1496 2285 δούλη
1566 2233 1782 2302 Κυριου,

179 2321 376 2390 γένοιτό
457 2336 548 2392 μοι
612 2317 835 2372 κατὰτὸ
863 2317 1008 2392 ῥῆμά
1049 2335 1164 2372 σου.
1221 2315 1333 2372 Ούκ
1391 2314 1580 2388 ἀγνοῶ,
1630 2320 1781 2388 φησὶ,

179 2412 276 2466 τὴν
349 2407 510 2459 πάλαι
567 2408 967 2480 προωρισμένην
1042 2403 1127 2457 ἐπὶ
1175 2413 1272 2477 γῆς
1343 2403 1635 2458 κατάϐασιν
1692 2411 1784 2458 τοῦ

181 2503 338 2551 Θεοῦ.
368 2498 433 2548 Οἱ
460 2498 560 2572 γὰρ
608 2503 898 2569 προφῆται,
948 2493 1126 2567 χεῖλος
1174 2497 1348 2569 ὥσπερ
1403 2495 1452 2547 ἓν
1498 2499 1782 2568 γεγονότες,

178 2590 269 2640 τὸν
319 2590 487 2658 Λόγον
524 2586 617 2638 τὸῦ
683 2591 816 2638 Θεοῦ
863 2583 1058 2658 με’λλειν
1115 2583 1170 2637 ἐκ
1219 2587 1468 2656 γυναικὸς
1515 2593 1788 2659 σεσαρκῶ-

184 2678 313 2730 σθαι
359 2675 694 2750 πολυτρόπως
722 2673 975 2750 ἐκήρυξαν
1008 2696 1022 2710 ο
1051 2680 1142 2728 καὶ
1198 2680 1375 2752 χαίρω
1428 2683 1490 2750 τῇ
1553 2680 1788 2749 σωτηρίᾳ

180 2775 284 2822 τῶν
316 2767 591 2838 ὁμογενῶν,
632 2769 721 2817 καὶ
770 2772 1050 2837 προσκυνῶ
1103 2768 1189 2817 τόν
1245 2764 1518 2836 Ὕψιστον,
1571 2769 1660 2817 τόν
1694 2761 1788 2819 διὰ

185 2863 285 2918 τῆς
336 2853 458 2928 ἐμῆς
512 2860 868 2916 ταπεινώσεως
927 2850 1292 2912 εὐδοκήσαντα
1359 2859 1453 2913 τὴν
1515 2855 1785 2928 φθονηθεῖ-

189 2965 290 3000 σαν
322 2947 474 3018 φύσιν
508 2943 730 3017 ἀφθόνου
782 2962 1006 3020 χαριτος
1054 2942 1397 3014 καταξιῶσαι,
1440 2947 1530 2996 καὶ
1581 2949 1786 3017 μεσῖτίν

190 3053 257 3110 με
287 3030 456 3098 δεῖξαι
491 3041 586 3096 τῆς
607 3039 698 3087 τοῦ
723 3037 923 3107 κόσμου
953 3037 1213 3108 σωτηρίας
1240 3035 1331 3085 καί
1362 3034 1609 3095 θεώσεως.

259 3229 396 3296 Μ’ς’.
438 3229 570 3304 Ἐγὼ
630 3226 680 3282 δ’
730 3227 836 3282 ἀλλ’
868 3228 1088 3282 ἐνταῦθα
1149 3235 1241 3282 τοῦ
1294 3228 1450 3301 λόγου
1502 3231 1787 3303 γενόμενος,

189 3326 282 3374 καὶ
340 3318 427 3373 ὑπ’
505 3317 790 3381 ἑκπλήξεως
833 3320 1009 3380 ἔνθους
1062 3322 1432 3392 γεγενημένος*
1471 3315 1787 3394 διαπρύσιον

187 3409 468 3484 ἂνακράζω
528 3429 539 3443 ·
577 3407 662 3471 Ὠς
723 3407 1037 3481 ᾶμεγαλύνθη
1104 3410 1171 3460 τὰ
1229 3411 1356 3482 ἔργα
1413 3427 1538 3475 σου,
1588 3411 1786 3481 Κύριε·

188 3497 398 3573 σφόδρα
469 3496 827 3556 ίϐαθύνθησαν
927 3498 977 3550 οἱ
1057 3492 1400 3569 διαλογισμοί
1470 3517 1585 3552 σου.
1633 3497 1788 3573 Ἀνὴρ

184 3590 383 3663 ἄφρων,
425 3584 701 3657 Ἰουδαῖος,
772 3586 831 3640 ού
891 3591 1168 3660 γνώσεται,
1223 3590 1310 3639 καὶ
1375 3585 1634 3653 ἀσύνετος,
1692 3593 1790 3640 Νε-

187 3681 414 3752 στόριος,
497 3676 556 3729 ού
634 3681 850 3735 συνήσει
940 3682 1126 3730 ταῦτα.
1200 3679 1298 3730 Καὶ
1355 3679 1510 3738 ὄντως
1584 3679 1643 3728 τὸ
1701 3683 1792 3737 τῆς

183 3765 621 3840 ἐνανθρωπήσεως
657 3773 746 3819 τοῦ
785 3771 918 3819 Θεοῦ
958 3770 1130 3838 Λόγου
1168 3770 1456 3841 μυστήριον
1521 3767 1620 3842 πρὸ
1696 3773 1790 3826 τῆς

183 3854 477 3917 καταϐολῆς
538 3863 630 3908 τοῦ
670 3859 874 3928 κόσμου
913 3860 1240 3930 προώρισται

183 3965 306 3997 νακι
345 3943 504 4016 ἀύλῳ,
544 3952 617 4015 τῷ
658 3946 780 4015 θείῳ
841 3943 1259 4020 ἀρχιστρατήγῳ
1301 3939 1395 3997 διὰ
1431 3951 1522 3996 τοῦ
1563 3946 1794 4016 Πνεύμα-

184 4053 272 4094 τος
295 4033 790 4108 προεζωγράφηται.
848 4036 918 4086 Τὸ
972 4034 1074 4108 γὰρ
1136 4031 1366 4108 Γαϐριὴλ
1417 4031 1470 4095 ἐξ
1519 4029 1792 4108 Ἐϐραῖδος

187 4122 259 4185 εἰς
343 4119 570 4176 Ἐλλάδα
650 4126 1052 4196 μεταφερόμενον
1157 4121 1390 4194 γλῶτταν
1476 4119 1793 4195 θεανδρικῶς

187 4209 599 4287 διερμηνεύεται,
697 4210 836 4264 τοῦτ’
931 4213 1070 4264 ἔστιν
1164 4210 1376 4283 ἄγγελος
1465 4208 1788 4287 θεανδρικὸς.

184 4303 294 4354 Λιά
349 4307 502 4353 τοῦτο
554 4304 643 4352 καὶ
690 4299 918 4376 πρέσϐυς
976 4300 1089 4370 (51)
1155 4308 1246 4361 τῆς
1293 4303 1424 4376 πρὸς
1489 4299 1792 4373 ἀνθρώπους

180 4389 513 4461 καταλλαγῆς
551 4396 642 4442 τοῦ
673 4396 806 4442 Θεοῦ
845 4390 870 4442 6
923 4387 1152 4464 Γαϐριὴλ
1215 4393 1645 4463 κεχενροτόνηται
1702 4388 1792 4443 ἀπ’

1298 3876 1310 3889 ·
1352 3860 1461 3925 καὶ,
1504 3857 1573 3916 ὡς
1612 3853 1660 3906 ἐν
1697 3858 1791 3907 πί-

1893 1867 1991 1920 tus
2029 1863 2232 1932 (Filius
2278 1868 2336 1921 et
2387 1865 2637 1938 Spiritus
2697 1871 2939 1924 sanctus
2993 1867 3106 1940 (48)
3159 1872 3295 1924 ante
3353 1865 3560 1924 omnia

1894 1952 2112 2009 saecula
2144 1951 2592 2010 subsistentiam
2615 1954 2977 2012 habuerunt.
3007 1956 3432 2012 Verumtamen
3458 1969 3557 2011 ne-

1894 2055 2205 2115 quaquam
2240 2045 2299 2098 et
2321 2041 2455 2115 ipsa
2503 2042 2714 2114 fugam
2760 2045 2999 2116 cogitat,
3035 2044 3141 2100 sed
3168 2043 3316 2115 quid
3345 2043 3556 2100 nuntio

1891 2129 2175 2203 reponit?
2203 2131 2359 2188 Ecce
2381 2131 2615 2188 ancilla
2645 2134 2905 2200 Domini,
2925 2133 3047 2204 fiat
3071 2132 3223 2190 mihi
3231 2133 3556 2189 secundum

1895 2219 2135 2276 verbum
2169 2225 2338 2276 tuum
2364 2220 2501 2293 (47).
2534 2222 2662 2278 Non
2682 2222 2916 2292 ignoro,
2947 2221 3159 2296 inquit,
3179 2222 3308 2293 jam
3334 2220 3558 2295 praesti-

1892 2312 2087 2366 tutum
2111 2309 2189 2366 ab
2218 2309 2469 2384 antiquo
2494 2310 2700 2377 fuisse,
2732 2315 2795 2368 ut
2817 2311 3046 2368 Deusin
3070 2315 3288 2368 terram
3308 2309 3555 2367 descen-

1894 2397 2079 2455 deret.
2106 2399 2412 2472 Prophetas
2433 2400 2594 2457 enim
2614 2399 2795 2457 veluti
2827 2415 2950 2457 uno
3001 2400 3163 2457 labio
3218 2399 3552 2472 loquentes,

1895 2489 1998 2545 Dei
2027 2488 2288 2546 Verbum
2316 2504 2560 2547 carnem
2587 2505 2619 2547 e
2645 2490 2893 2547 muliere
2919 2494 3374 2564 assumpturum
3403 2487 3558 2546 mul-

1893 2576 2154 2635 tifariam
2176 2579 2728 2651 praenuntiaverunt
2759 2596 2773 2647 ;
2805 2579 2971 2637 laetor
3003 2583 3206 2637 autem
3240 2579 3316 2636 de
3345 2594 3556 2637 eorum

1897 2665 2110 2735 salute,
2137 2666 2244 2738 qui
2268 2682 2661 2724 communem
2687 2683 2928 2724 mecum
2981 2667 3206 2724 habent
3249 2669 3552 2736 naturam,

1899 2755 2386 2829 Altissimumque
2407 2756 2615 2828 adoro,
2644 2757 2739 2813 cui
2766 2772 2875 2830 per
2915 2756 3318 2814 humilitatem
3351 2771 3554 2814 meam

1897 2844 2279 2918 complacuit,
2306 2850 2607 2911 naturam,
2637 2845 2865 2904 invidia
2900 2847 3220 2920 perditam,
3250 2845 3555 2902 uberrima

1897 2934 2090 3005 gratia
2118 2934 2369 3005 dignam
2399 2934 2652 3002 eﬂicere,
2685 2951 2901 3011 meque
2936 2935 3162 3006 salutis,
3197 2935 3320 2991 imo
3346 2939 3403 2991 et
3429 2934 3556 2993 del-

1893 3023 2193 3081 ﬁcationis
2216 3023 2449 3081 mundo
2470 3024 2861 3082 conciliandas
2895 3023 3306 3083 mediatricem
3337 3022 3554 3081 consti-

1825 3148 1867 3205 Ο
1894 3117 2087 3171 tuere.

1969 3220 2144 3277 XLVI.
2186 3223 2308 3292 Ego
2360 3235 2502 3279 vero
2556 3221 2824 3280 oratione
2876 3235 3014 3279 mea
3073 3222 3194 3279 huc
3245 3219 3552 3296 appellans

1897 3314 2076 3383 atque
2088 3311 2310 3368 exstasi
2319 3311 2586 3385 quadam
2604 3311 2808 3369 divina
2818 3327 2942 3385 prae
2955 3314 3197 3384 stupore
3222 3314 3550 3384 correptus,

1899 3400 1979 3458 ad
2007 3401 2388 3457 vehementer
2405 3401 2872 3459 exclamandum
2901 3401 3059 3459 feror
3082 3419 3095 3458 :
3117 3403 3304 3472 Quam
3318 3402 3555 3472 magni-

1896 3491 2081 3559 ﬁcata
2109 3495 2248 3546 sunt
2277 3505 2460 3560 opera
2477 3497 2603 3557 tua,
2617 3492 2894 3549 Domine!
2926 3492 3115 3548 Nimis
3127 3492 3447 3562 pro/undae
3461 3492 3554 3562 fa-

1899 3587 2010 3639 ctae
2037 3585 2180 3637 sunt
2242 3581 2630 3651 cogitationes
2661 3587 2778 3638 tua?
2813 3582 2825 3637 !
2864 3583 2959 3639 Vir
2976 3582 3288 3652 insipiens,
3311 3581 3556 3637 Iudaeus

1899 3686 2020 3727 non
2049 3675 2378 3740 cognoscet,
2407 3675 2461 3727 et
2489 3671 2733 3738 stultus,
2761 3670 3079 3738 Nestorius,
3107 3687 3229 3728 non
3260 3671 3554 3742 intelliget

1901 3760 2027 3817 hwc
2048 3760 2161 3831 (50)
2180 3800 2192 3813 .
2212 3761 2279 3815 Et
2292 3774 2422 3815 vere
2440 3759 2868 3817 incarnationis
2885 3759 3065 3817 Verbi
3077 3760 3180 3817 Dei
3199 3759 3554 3832 mysterium

1899 3852 2038 3906 ante
2071 3847 2280 3904 mundi
2334 3849 2817 3906 constitutionem
2862 3849 3356 3922 praedestinatum
3404 3847 3551 3915 fuit;

1899 3942 2078 4010 atque
2098 3937 2162 3992 in
2191 3936 2398 3994 divino
2418 3937 2520 3994 illo
2549 3937 2842 3995 exercitus
2866 3937 3040 4005 duce,
3071 3937 3234 3994 velut
3260 3937 3321 3994 in
3345 3935 3554 3994 tabula

1899 4025 2170 4102 quadam
2198 4025 2571 4100 incorporea,
2605 4030 2782 4084 antea
2797 4042 2906 4099 per
2935 4026 3216 4099 Spiritum
3237 4025 3316 4083 ad
3345 4025 3554 4083 vivum

1899 4117 2009 4174 fuit
2033 4129 2406 4188 expressum.
2439 4118 2560 4172 Vox
2585 4115 2746 4172 enim
2769 4115 3021 4186 Gabriel,
3073 4131 3146 4172 ex
3203 4115 3455 4173 Hebraea
3489 4115 3552 4172 in

1901 4208 2166 4263 Graecam
2195 4201 2466 4273 linguam
2479 4219 2770 4261 conversa
2781 4204 3200 4261 theandricum
3213 4203 3361 4277 quid
3379 4209 3554 4261 sonat

1899 4294 1962 4354 id
1990 4297 2078 4349 est
2105 4299 2354 4371 angelus
2381 4295 2790 4352 theandricus.
2818 4293 3046 4350 Idcirco
3078 4292 3310 4350 Gabriel
3355 4292 3451 4349 vel
3479 4308 3554 4350 ex

1899 4389 2032 4462 ipso
2062 4388 2306 4447 nomine
2317 4385 2665 4456 designatus
2682 4381 3441 4456 apparetreconciliationis
3453 4383 3554 4440 Dei

185 4480 349 4541 αὐτῆς
386 4488 476 4540 τῆς
536 4478 781 4542 κλήσεως,
838 4480 1010 4552 ὥσπερ
1066 4477 1166 4532 ἀπὸ
1217 4483 1444 4552 σημείων
1501 4478 1786 4553 βασιλικῶν

1901 4493 2040 4536 cum
2063 4475 2413 4535 hominibus
2436 4471 2858 4538 internuntius,
2887 4487 3013 4528 non
3039 4487 3210 4529 secus
3239 4487 3310 4529 ac
3339 4471 3389 4527 si
3417 4471 3554 4545 quis

181 4573 272 4624 τὸν
307 4573 501 4622 σκοπὸν
539 4571 874 4645 παριστάνων
918 4577 1010 4622 τοῦ
1060 4567 1462 4643 ἁμοστείλαντος
1507 4568 1787 4643 βασιλέως,

184 4661 334 4722 ὃυτις
359 4663 413 4714 τέ
438 4657 569 4732 ἐστι,
597 4679 688 4713 και
717 4661 743 4713 ὃ
781 4679 833 4713 τι
873 4657 1144 4734 βούλεται.

255 4839 502 4891 Βούλεται
532 4834 592 4891 δὲ
647 4837 903 4892 συνελθεῖν
959 4844 1065 4900 τοῖς
1122 4836 1408 4911 ἀνθρώποις
1459 4836 1531 4901 εἰς
1559 4838 1739 4891 ἕνωσιν
1772 4859 1786 4872 ·

184 4927 314 5000 οὐχ,
349 4930 419 4990 ὡς
439 4929 500 4980 ἄν
530 4947 612 4992 τες
642 4931 758 5002 εἴπῃ
792 4929 1072 5004 αἱρετικός,
1136 4928 1342 5002 φιλικην
1393 4947 1449 4982 τε
1503 4932 1593 4981 καὶ
1653 4945 1790 5000 σχε-

179 5022 336 5078 τικὴν
382 5022 472 5072 καὶ
517 5021 651 5072 κατά
695 5023 860 5092 μόνης
915 5017 1285 5073 ταυτοϐουλίαν
1353 5023 1732 5094 συνερχόμενος
1773 5039 1786 5052 ·

251 5230 368 5302 (45)
403 5229 551 5287 Psal.
579 5247 820 5287 cxxxvu.
852 5237 905 5287 7.

257 5304 374 5374 (46,)
397 5303 704 5374 Joan.xw,
738 5307 785 5358 9.
827 5303 944 5372 Qui
969 5302 1251 5374 videtme,
1277 5302 1432 5360 videt
1462 5303 1787 5374 etPatrem.

255 5373 375 5445 (47)
404 5373 560 5449 Psal.
581 5389 732 5449 ΧΧδῐ,
763 5377 797 5431 4
826 5390 944 5431 sec.
976 5373 1158 5449 LXX}
1219 5375 1514 5449 Ἐστράφην
1568 5373 1637 5437 εἰς
1694 5393 1788 5428 τα-

174 5442 470 5519 λαιπωρίαν
483 5442 632 5519 *ἓντῷ-
654 5444 950 5519 ίμπαγῆναι
969 5447 1219 5519 ἄκανθαν.

254 5515 368 5591 (48)
393 5515 603 5574 Habes
619 5515 715 5591 hic
727 5515 1162 5591 mancamtidei
1187 5516 1786 5591 confessionemque;

180 5586 438 5663 Spiritus
451 5589 674 5663 sancti,
693 5604 866 5662 aeque
876 5605 948 5646 ac
959 5587 1106 5661 Filii,
1121 5589 1415 5663 originem
1427 5605 1463 5647 a
1477 5588 1606 5648 solo
1617 5586 1786 5647 Patre

175 5659 412 5737 repetit.
443 5659 532 5720 Nil
559 5659 785 5721 mirum
807 5676 949 5721 eum
987 5659 1337 5720 noverimus
1379 5660 1495 5721 hoe
1533 5675 1784 5737 quoque

1898 4569 2076 4640 regis,
2108 4567 2214 4642 qui
2239 4581 2380 4622 eum
2409 4562 2654 4632 miserit,
2705 4560 3025 4618 consilium
3073 4561 3135 4618 in
3181 4561 3361 4632 regiis
3416 4560 3556 4618 insi-

1900 4656 2118 4728 gnibus
2143 4655 2436 4731 prteferat,
2466 4656 2523 4711 et
2548 4653 2835 4726 quisnam
2894 4666 3114 4726 nempe
3170 4651 3262 4724 sit,
3308 4654 3364 4708 et
3405 4649 3555 4724 quid

1896 4747 2107 4893 “Stin
2130 4851 2314 4910 porro
2345 4833 2732 4906 (rex)arctam
2757 4846 2898 4890 cum
2926 4829 3278 4888 hominibus
3303 4829 3437 4900 conj
3446 4808 3554 4886 un?

1897 4924 2158 4982 ctionem
2186 4924 2354 4996 inire,
2381 4937 2506 4980 non
2535 4920 2803 4997 quidem,
2825 4923 2892 4976 ut
2913 4917 3225 4975 haereticus
3246 4917 3551 4990 quispiam

1897 5015 2045 5074 forte
2072 5014 2314 5084 diceret,
2347 5017 2404 5072 et
2431 5012 2694 5072 amicitia
2721 5010 2917 5068 solum
2964 5012 3022 5066 et
3067 5006 3297 5076 habitu,
3348 5010 3406 5065 et
3450 5023 3554 5064 vo-

1896 5231 2182 5306 doctrinae
2214 5232 2397 5306 caput
2414 5228 2684 5306 in_causa
2703 5226 2908 5306 fuisse,
2937 5223 3103 5297 quod
3122 5222 3386 5306 togatisa
3418 5222 3554 5279 Gre-

1898 5304 2081 5377 goria
2098 5305 2162 5377 1x
2192 5294 2389 5377 missis
2418 5301 2497 5358 ad
2526 5304 2790 5357 extorres
2846 5294 3105 5377 Gnaeos
3131 5294 3550 5377 Ecclesias__re-

1896 5366 2305 5433 conciliandos
2331 5375 2662 5430 Germanus
2691 5385 2830 5426 cum
2873 5367 2998 5425 suis
3049 5366 3360 5426 obstiterit.
3419 5366 3551 5425 Vid.

1894 5445 2185 5520 Raynald.
2219 5444 2298 5503 ad
2327 5460 2426 5500 an.
2460 5445 2593 5500 1233
2624 5445 2722 5498 n.6
2745 5444 2801 5499 et
2827 5443 2910 5498 13.

1968 5519 2088 5588 (49)
2113 5519 2250 5588 Luc.
2279 5532 2319 5582 ι,
2348 5520 2438 5572 38.

1964 5587 2080 5662 (50)
2110 5587 2264 5662 Psal.
2292 5603 2400 5651 XCI,
2433 5589 2574 5662 βῆ.

1965 5657 2080 5736 (Si)
2109 5660 2251 5720 God.
2285 5657 2524 5734 πράσεις.
