4032 6308
493 263 590 320 734
1598 285 1601 287 ·
1621 267 1938 324 GERMANI
1970 263 2017 320 ΙΙ
2057 263 2085 319 ε

2272 261 2676 322 ΠἪῙΑΒΕΗᾹΞ
2691 308 2707 322 .
3758 265 3864 318 733

491 386 736 446 luntatis
764 392 1186 450 tantummodo
1213 393 1610 450 consensione
1640 394 1829 448 semet
1855 405 1995 446 cum
2032 387 2083 444 il]

2269 384 2387 439 me
2423 391 2549 460 πρὸς
2586 390 2766 444 ἕνωσιν
2818 390 2982 462 οἶκραν
3026 393 3116 442 καὶ
3172 393 3360 461 κρᾶσιν
3414 386 3727 458 ὰσύγχυτον
3777 391 3861 440 καί

494 478 900 548 conjungens;
928 481 1035 536 sed
1091 497 1393 540 summam
1419 483 1584 551 (inire
1606 481 1748 552 vnit)
1772 480 2080 546 unionem,

2271 481 2349 534 την
2380 478 2451 539 είς
2479 483 2603 550 μίαν
2643 480 2936 534 ὑπόστασιν
2968 473 3267 552 συνδρομήν
3303 499 3314 510 ·
3357 480 3424 539 ὡς
3489 482 3583 528 καὶ
3631 476 3709 528 ἐνὶ
3749 475 3863 534 duo:

494 567 828 638 quamdam
860 569 988 624 sine
1052 570 1400 629 confusione
1466 571 1937 644 permistionem,
1965 572 2086 638 utql

2269 585 2386 618 κατι
2425 570 2492 618 τὰ
2530 570 2766 640 ἡνωμένα
2789 567 3063 622 καλεῖσθαι
3093 564 3188 620 διὰ
3237 571 3294 619 τὸ
3325 569 3751 638 ὁμούποστατον,
3779 571 3861 616 καί

492 653 555 710 in
579 670 761 711 unam
783 655 1159 728 hypostasim
1188 675 1549 716 concursum
1580 677 1592 714 :
1631 660 1782 716 adeo
1820 662 1882 712 ut
1908 659 2084 728 propt

2268 660 2353 724 κιᾴ
2392 664 2748 728 προσκυνήσει
2784 659 3043 730 τιμᾶσθαι
3083 653 3178 710 διὰ
3213 661 3271 709 τό
3309 665 3400 708 τοῦ
3438 661 3732 728 προσώπου
3774 673 3860 725 μο-

494 759 768 816 personae
840 747 1210 806 identitatem
1241 765 1314 807 ea
1349 767 1486 822 quin
1521 750 1828 817 uniuntur,
1888 762 2010 804 uno
2053 761 2084 799 e

2269 741 2496 812 ιαὸικὸν,
2528 745 2571 798 εἰ
2600 753 2689 800 καὶ
2737 751 2802 800 τὰ
2848 750 3082 818 ἡνωμένα
3123 755 3219 809 τῆς
3264 749 3400 799 κατὰ
3456 748 3614 816 φύσιν
3684 740 3861 814 διαίρο-

493 830 752 906 demque
778 837 1022 893 nomine
1051 837 1446 910 appellentur.
1477 846 1534 898 et
1565 840 1742 896 unica
1798 834 2085 894 adoration

2255 839 2348 905 ρᾶς
2377 835 2471 888 ούκ
2501 834 2782 899 ἐξέστησαν
2808 841 2898 889 καὶ
2927 840 2984 888 τὸ
3017 831 3274 889 δυαδικὸν
3305 855 3399 888 axx
3428 834 3746 906 ἠρνήσαντο.

493 927 734 994 propter
762 940 1033 996 personae
1087 928 1371 984 unitatem
1421 930 1810 994 honorantur,
1853 925 1961 982 etsi
2006 939 2142 995 quin
2173 923 2476 990 uniuntur,
2513 926 2718 997 quoad
2741 929 3042 992 naturam,
3087 939 3284 996 neque
3318 922 3648 980 discrimen
3683 920 3864 978 amit-

494 1014 641 1077 tant,
670 1027 867 1085 neque
895 1015 1307 1088 duplicitatem
1347 1023 1657 1074 recussent

567 1102 950 1160 Consimilem
981 1105 1121 1162 huic
1151 1106 1504 1178 dignitatem
1538 1112 1599 1163 tu
1630 1121 1896 1180 quoque,
1927 1119 1964 1160 o
1996 1101 2154 1158 Chri‘

2331 1102 2432 1155 Του
2483 1103 2602 1156 ἴσου
2661 1101 2952 1174 ἀξιώματος
3007 1107 3097 1155 καὶ
3153 1105 3218 1156 σὺ
3266 1105 3518 1173 μετέχεις,
3558 1099 3864 1173 Χριστιανὶ,

496 1188 703 1257 stiane,
727 1194 1073 1267 participas,
1103 1195 1151 1250 si
1201 1201 1401 1252 tamen
1458 1197 1597 1252 huic
1659 1192 2047 1267 appellationi

2277 1188 2303 1240 :i
2338 1195 2426 1244 xui
2457 1200 2517 1264 τῇ
2560 1191 2741 1250 κλήσει
2783 1196 2941 1265 ταύτῃ
2993 1193 3314 1264 προσθήσεις
3369 1195 3458 1242 καὶ
3505 1193 3562 1240 τό
3614 1183 3716 1240 διὰ.
3771 1194 3869 1238 τῶν

494 1276 852 1350 obsequium
877 1297 982 1352 per
1007 1299 1192 1356 opera
1213 1300 1357 1354 erga
1394 1284 1787 1350 Altissimum,
1820 1288 1877 1338 et
1904 1278 2086 1335 mand

2276 1281 2421 1352 ἔργων
2473 1283 2766 1354 θεραπεύειν
2823 1281 2929 1351 τὸνξ
2955 1281 3227 1352 Ὕψιστον,
3285 1283 3517 1338 καὶτοῖς
3570 1276 3737 1330 αὑτοῦ
3786 1293 3868 1328 κε-

495 1369 691 1422 torum
722 1367 911 1440 ipsius
961 1371 1296 1428 custodiam
1331 1377 1620 1444 praeterea
1661 1371 1935 1440 adjicias.
1993 1370 2087 1423 TUI

2277 1371 2523 1440 ’.εύσμασι
2562 1372 2853 1422 πείθεσθαι.
2905 1376 3032 1424 Τότε
3089 1374 3191 1443 γὰρ
3223 1374 3311 1421 καὶ
3355 1367 3512 1429 αὐτὸς
3559 1362 3869 1440 θεανδρικὸς

495 1455 656 1510 enim
687 1461 744 1512 et
767 1459 892 1529 ipse
917 1459 1300 1516 theandricus
1326 1461 1596 1517 minister
1616 1467 1674 1515 et
1719 1454 1942 1514 astator
1997 1472 2087 1525 reg

2276 1458 2527 1528 ἆπηρίτης
2555 1464 2748 1533 κυρίως
2801 1459 3063 1530 κληθήσῃ,
3105 1463 3192 1510 καὶ
3246 1458 3590 1532 παραστάτης
3646 1463 3740 1508 τοῦ
3776 1461 3868 1506 σού

499 1542 707 1600 Christi
738 1548 977 1620 proprie
1008 1549 1344 1606 vocaberis.
1395 1553 1544 1607 Nam
1590 1550 1638 1604 si
1691 1549 1952 1604 Christus
2005 1546 2091 1602 De

2274 1552 2528 1598 Δεσποτου
2577 1550 2824 1620 Χριστοῦ,
2884 1548 2944 1602 Εἰ
3001 1551 3102 1620 γὰρ
3157 1549 3182 1600 ό
3253 1549 3480 1620 Χριστὸς
3536 1544 3866 1618 θεάνθρωπος

496 1630 682 1688 homo
721 1639 827 1700 est,
856 1652 997 1706 ergo
1030 1638 1398 1695 Christianus
1430 1640 1541 1711 ipsi
1571 1638 2002 1695 administrans
2038 1635 2088 1690 th

2275 1642 2356 1690 καὶ
2403 1638 2428 1688 ὁ
2469 1641 2781 1709 Χριστιανὸς
2813 1639 3043 1710 θεράπων
3097 1633 3416 1708 θεανδρικὸς,
3456 1637 3526 1697 ὡς
3556 1636 3581 1686 ὁ
3609 1641 3726 1689 ,τοῦ
3761 1631 3867 1705 βα-

499 1718 782 1776 andricus
804 1725 1222 1796 appellabitur,
1253 1743 1376 1784 non
1403 1743 1575 1783 secus
1599 1743 1668 1782 ac
1695 1727 1895 1796 regius
1941 1722 2091 1780 dicit:

2278 1725 2446 1786 σιλέως
2505 1727 2762 1800 ὑπηρέτης
2833 1725 3108 1799 βασιλικὸς
3174 1727 3507 1797 ονομάςεται.
3564 1723 3747 1799 Ὁρᾷς,
3798 1721 3870 1781 εἰς

496 1807 656 1876 regis
680 1811 1080 1870 administrer.
1109 1815 1378 1884 Videsne,
1401 1816 1479 1874 ad
1509 1815 1750 1889 qualem
1783 1819 1837 1869 et
1860 1829 2042 1888 quam
2069 1829 2088 1866 ε

2279 1817 2374 1868 πῖον
2401 1814 2606 1888 ἀξίωμα
2626 1821 2786 1889 φέρων
2812 1819 2840 1873 η
2848 1823 2950 1888 μᾶς
2980 1818 3005 1868 ὁ
3030 1815 3181 1886 λόγος
3237 1813 3467 1886 ἀνήγαγε
3525 1830 3540 1878 ;
3588 1816 3681 1866 καὶ
3729 1813 3871 1872 ὅπως

501 1895 746 1956 blimem
778 1902 1128 1972 dignitatem
1159 1921 1270 1962 nos
1302 1907 1558 1962 Verbum
1611 1905 1850 1960 evexit?
1897 1910 1953 1958 et
2012 1918 2092 1974 qu

2012 1917 2163 1974 quo-
2269 1913 2340 1975 τῷ
2367 1903 2682 1978 ἀρχαγγέλῳ
2710 1908 2876 1978 τούτῳ
2897 1905 3013 1960 καθ’
3039 1907 3336 1977 ὁμωνυμίαν
3361 1901 3562 1974 συνῆψε
3585 1918 3598 1969 ;

498 1985 683 2043 modo
705 1988 816 2062 ipsi
843 1992 1206 2065 archangelo
1234 2010 1348 2051 nos
1373 2011 1478 2067 per
1499 1993 1757 2050 nominis
1782 1991 2162 2050 communio'

495 2089 637 2132 nem
675 2080 986 2150 conjunxit
1032 2083 1146 2155 (5'2)
1168 2085 1195 2140 ?

566 2166 768 2223 XLVII.
798 2171 1076 2227 Immensi
1119 2173 1300 2243 hujus
1340 2173 1617 2229 beneﬁcii
1660 2170 2028 2229 conciliatrix
2054 2183 2158 2224 no-

2338 2165 2467 2220 MZ'.
2523 2172 2626 2218 Τοῦ
2715 2167 3096 2238 ὑπερμεγέθους
3198 2166 3384 2215 τούτου
3462 2161 3875 2234 εὐεργετήματος

497 2253 595 2310 bis
620 2254 721 2311 illa
745 2263 837 2313 est
865 2261 1103 2333 (Virgo),
1129 2277 1265 2333 qua:
1295 2261 1471 2317 certos
1499 2261 1861 2317 sublimitate
1889 2273 2089 2332 super:

2282 2254 2508 2330 τρόξενος
2566 2257 2690 2326 ἡμῖν
2763 2257 2791 2314 η
2864 2253 3160 2329 ὑψηλοτέρα
3213 2260 3312 2303 τῶν
3375 2250 3622 2324 οὐρανῶν.
3683 2253 3782 2302 Καὶ
3821 2254 3874 2300 τί

499 2344 566 2398 Et
589 2345 734 2415 quid
766 2346 921 2414 dico,
954 2350 1081 2420 pari
1114 2365 1252 2405 eum
1302 2350 1531 2422 angelis
1583 2350 1810 2406 honore
1865 2363 1971 2420 per
2021 2363 2091 2404 ea

2283 2348 2394 2415 ι.έγω
2453 2341 2735 2416 ἀγγελικης
2803 2344 3068 2417 ἰσοτιμίας
3150 2340 3435 2405 ἀξιωθῆναι
3504 2336 3597 2391 διὰ
3674 2340 3875 2399 ταύτης

499 2446 610 2486 nos
640 2431 856 2503 dignos
878 2435 1121 2493 effectos
1149 2438 1357 2502 fuisse,
1389 2438 1636 2510 quando
1663 2438 1998 2493 humanam
2019 2451 2088 2489 su

2281 2435 2425 2505 ᾖμᾶς,
2455 2432 2604 2496 εἰδὼς
2644 2439 2736 2490 τὴν
2777 2431 2828 2496 ἐξ
2892 2432 3051 2492 αὐτῆς
3098 2433 3402 2483 ύποστᾶσαν
3455 2436 3526 2499 τῷ
3559 2435 3676 2497 Θεῷ
3717 2431 3873 2499 Λόγῳ

500 2519 801 2591 stantiam,
837 2539 972 2596 quae
995 2541 1066 2580 ex
1091 2527 1228 2597 ipsa
1253 2532 1362 2592 est,
1414 2526 1839 2581 subsistentem
1877 2524 1982 2594 (in)
2039 2525 2092 2578 Dl

2283 2521 2591 2598 ὶνθρωπίνην
2645 2523 2847 2583 οὐσίαν,
2902 2523 3178 2594 σύνθρονον
3237 2522 3406 2591 ΙΙατρί
3460 2536 3512 2569 τε
3550 2522 3641 2568 καὶ
3711 2520 3875 2568 Πνεύ-

501 2607 718 2674 Verbo,
752 2610 812 2666 in
834 2613 1047 2670 eodem
1077 2615 1289 2671 throno
1321 2632 1458 2672 cum
1492 2618 1657 2671 Patre
1678 2619 1736 2670 et
1766 2613 1982 2685 Spiritu
2014 2627 2093 2666 sai

2286 2632 2412 2682 ιατι,
2455 2617 2544 2663 xui
2569 2612 2668 2662 ὑπὸ
2716 2613 2889 2670 πάσης
2944 2613 3344 2681 ταγματαρχίας
3408 2605 3681 2677 ἀγγελικῆς
3716 2601 3878 2668 δοξα-

502 2701 597 2753 cto
623 2697 951 2769 sedentem,
979 2708 1036 2758 et
1081 2719 1117 2758 a
1165 2705 1396 2759 cunctis
1446 2703 1795 2774 angelorum
1847 2700 2094 2757 ordinibi

2284 2705 2486 2773 ζομένην
2518 2719 2570 2752 τε
2621 2701 2712 2752 καί
2762 2703 3216 2772 προσκυνουμένην
3260 2713 3273 2764 ;
3332 2703 3415 2766 Τῷ
3469 2695 3539 2747 ἐνὶ
3587 2697 3690 2766 γὰρ
3745 2703 3876 2769 Χρι-

501 2783 896 2855 gloriﬁcatam
919 2795 1096 2863 atque
1117 2792 1427 2849 adoratam
1452 2808 1630 2848 cerno
1645 2793 1672 2848 ?
1697 2795 1963 2863 Namque
1981 2789 2093 2844 unh

2285 2799 2376 2860 ττῴ
2443 2793 2786 2862 προσφέρεται
2846 2791 2874 2847 ἡ
2929 2787 3133 2861 λατρεία
3200 2787 3332 2858 μετὰ
3404 2788 3605 2856 Ιιατρὸς
3660 2803 3716 2835 τε
3784 2788 3877 2835 καὶ

504 2873 752 2942 Christo,
780 2878 878 2950 qui
911 2881 1062 2936 Deus
1092 2886 1179 2936 est
1226 2886 1281 2936 et
1334 2881 1540 2949 homo,
1607 2880 1904 2954 perfectus
1953 2893 2096 2952 quo:

2285 2882 2587 2952 ΪΙνεύματος,
2619 2874 2708 2929 ὁδε
2755 2877 2867 2929 ἐστὶ
2907 2880 3037 2938 Θεὸς
3089 2879 3178 2926 καὶ
3223 2875 3513 2948 ἄνθρωπος,
3545 2871 3596 2924 ἐν
3648 2869 3877 2945 ἀμφοτέ-

504 2967 822 3037 utramque
873 2975 1155 3026 naturam
1209 2970 1524 3031 exsistens,
1577 2968 1754 3025 simul
1804 2983 1942 3024 cum
1994 2970 2096 3022 Pat

1614 2968 1754 3024 imul
1804 2983 1942 3024 cum
1994 2970 2159 3022 Patre
2190 2979 2230 3034 C
2269 2987 2380 3040 ροις
2411 2971 2467 3020 τὸ
2494 2969 2628 3018 κατά
2654 2969 2807 3042 φύσιν
2838 2965 3022 3018 τέλειον
3046 2964 3206 3036 ἔχων.

504 3055 560 3105 et
581 3059 790 3110 sancto
823 3057 1039 3128 Spiritu
1060 3060 1318 3114 honores
1345 3059 1528 3114 divi..i
1557 3058 1923 3114 deferuntur.

572 3141 798 3211 XLVIII,
842 3150 944 3202 Ast
990 3153 1050 3202 tu
1095 3164 1130 3203 ο
1178 3148 1383 3215 homo,
1443 3164 1579 3221 qua:
1629 3163 1736 3220 per
1775 3147 2038 3219 primum
2083 3145 2162 3200 ho

2344 3145 2474 3200 ΜΗ.
2536 3145 2690 3213 Ἀλλ’,
2745 3147 2783 3196 ὠ
2827 3146 3084 3216 ἄνθρωπε,
3119 3139 3212 3194 διὰ
3258 3145 3344 3195 τὸν
3425 3148 3626 3214 πρῶτον
3672 3140 3875 3214 ἀνθρω-

502 3228 726 3286 miuem
763 3249 823 3287 es
854 3249 884 3288 e
925 3239 1129 3305 terra;
1185 3241 1244 3292 et
1290 3236 1488 3305 simul,
1550 3236 1822 3308 Deipara,
1868 3251 2003 3306 quae
2058 3250 2094 3306 p

2275 3255 2364 3288 πον
2395 3235 2450 3287 ἐκ
2481 3243 2574 3306 γῆς
2606 3277 2642 3308 ._
2678 3239 2787 3298 xui,
2839 3233 2877 3283 ὠ
2931 3234 3148 3298 atoma,
3213 3226 3308 3282 διὰ
3351 3233 3437 3280 τὸν
3479 3224 3720 3301 δεύτερον
3776 3232 3867 3277 καὶ

503 3321 834 3376 secundum
864 3299 1172 3381 hominem
1195 3341 1258 3381 es
1283 3299 1486 3381 itidem
1515 3342 1546 3380 e
1567 3299 1718 3380 celo
1745 3325 1756 3380 !
1887 3299 2020 3380 lilia

2368 3299 2667 3396 ou'puvoﬁ'!
2720 3325 2958 3395 Θύγατερ
3017 3328 3106 3372 τού
3167 3321 3375 3386 θνητοῦ,
3429 3321 3518 3368 xui
3569 3325 3737 3388 μῆτερ
3786 3323 3878 3366 τοῦ

503 3406 609 3460 tris
638 3410 928 3479 mortalis,
984 3417 1039 3468 et
1090 3417 1268 3469 Mater
1320 3415 1439 3470 Filii
1506 3413 1899 3469 immortalis!
1945 3415 1987 3469 Ο
2029 3429 2095 3486 (ῃ

2287 3415 2532 3468 ἰιθανάτου
2569 3413 2665 3468 ΣὬ.
2695 3415 2822 3464 Θεὸν
2881 3415 3269 3482 σωματώσασα,
3330 3412 3419 3459 xui
3469 3410 3592 3466 τοὺς
3641 3405 3879 3475 ἐνσωμά-

506 3496 693 3553 Deum
735 3515 985 3573 corpore
1035 3503 1301 3569 induisti,
1360 3521 1462 3560 eos
1511 3520 1674 3569 vero,
1727 3503 1826 3576 qui
1893 3507 2098 3557 consta

2289 3524 2391 3564 ron;
2437 3505 2677 3555 θεώσασα
2705 3501 2718 3554 l
2751 3497 2820 3551 Ὠ
2853 3503 2998 3557 κοινὴ
3042 3501 3278 3571 σωτηρία
3323 3503 3414 3547 τού
3445 3503 3544 3546 τῶν
3591 3492 3881 3567 ἀνθρώπων

505 3601 774 3657 corpore,
799 3589 857 3643 in
885 3591 1034 3645 Deos
1058 3592 1304 3647 evexisti
1330 3592 1342 3646 l
1373 3594 1416 3648 Ο
1441 3591 1700 3646 universi
1733 3591 2049 3645 hominum
2073 3606 2097 3660 ε

2285 3593 2615 3666 πληρώματος
2683 3590 2694 3643 l
2776 3589 2844 3640 Ὢ
2911 3584 3168 3658 σύνδεσμε
3215 3584 3441 3660 ἄῤῥηκτε
3495 3591 3595 3634 τῶν
3644 3584 3877 3654 ὑπερκο-

503 3675 664 3729 neris
705 3676 864 3731 salus
900 3680 1277 3734 communis!
1306 3682 1347 3736 Ο
1405 3678 1816 3734 indissolubile
1840 3678 2095 3734 ccelestiu

2290 3689 2441 3755 τμίων
2496 3699 2550 3733 τε
2604 3684 2694 3730 καὶ
2753 3672 3098 3750 ἐγκοσμίωνέ
3156 3679 3283 3728 Θεὸν
3344 3675 3474 3746 μετὰ
3526 3680 3628 3724 τῶν
3684 3672 3882 3744 ὑπηρε-

505 3777 644 3820 cum
666 3767 1042 3824 terrestribus
1069 3768 1400 3840 vinculum,
1433 3785 1569 3842 qure
1635 3770 1820 3824 Deum
1879 3783 2016 3822 eum
2060 3785 2097 3822 n

2291 3774 2489 3823 ὀύντων
2545 3768 2770 3839 ἀγγέλων
2810 3767 2880 3828 εἰς
2931 3775 3030 3836 γῆν
3070 3765 3362 3835 ἀγαγοῦσα,
3424 3781 3513 3812 και
3570 3758 3883 3832 ἀνθρώπους

503 3852 894 3912 nistrantibus
933 3857 1162 3927 angelis
1223 3859 1279 3913 in
1325 3865 1541 3914 terram
1589 3857 1904 3926 attraxisti,
1953 3862 2008 3910 et
2057 3857 2095 3910 h

2287 3860 2403 3910 κετά
2442 3865 2532 3916 τῆς
2601 3858 2871 3928 συμφύτου
2929 3861 3024 3924 γῆς
3078 3851 3143 3912 εἰς
3209 3851 3454 3924 οὐρανούς
3505 3847 3879 3918 ανυψὼσασαῐ

504 3942 698 3999 mines
730 3961 869 4001 cum
898 3948 1216 4019 congenita
1245 3946 1357 4002 sibi
1391 3953 1543 4002 terra
1572 3946 1647 4002 ad
1679 3945 1853 4001 caelos
1883 3945 2096 4000 elevast

2291 3955 2342 3998 Ω
2369 3950 2498 4018 μόνη
2534 3944 2585 4007 ἐξ
2623 3944 2801 4003 αἰῶνος
2847 3950 2936 3993 xui
2988 3941 3175 4015 κυρίως
3215 3946 3483 4011 Θεομῆτορ
3529 3936 3747 4007 ῙΤαύτη
3779 3937 3883 4007 γὰρ

506 4033 713 4090 Osola
747 4052 778 4091 e
818 4038 1037 4094 saeculo
1066 4043 1122 4094 et
1177 4039 1417 4111 proprie
1489 4039 1587 4093 Dei
1648 4037 1906 4093 Genitrix
1967 4037 1979 4090 ι
2051 4043 2091 4088 H

2372 4035 2575 4101 κλήσει,
2608 4036 2676 4092 ὡς
2717 4027 2974 4104 σφραγῖδι
3006 4026 3313 4098 δεσποινικῇ
3371 4025 3735 4098 έπισφραγίζω
3794 4027 3885 4075 τὸν

505 4123 664 4178 enim
692 4125 1096 4196 appellatione
1116 4126 1274 4182 velut
1303 4125 1571 4198 quodam
1604 4127 1872 4181 Dominae
1900 4125 2090 4195 sigillo

2297 4129 2424 4193 ,ὁγον
2455 4141 2554 4194 μου
2581 4129 2641 4193 τῇ
2684 4128 2864 4194 χρυσῇ
2907 4138 2960 4170 τε
2982 4123 3070 4169 xui
3110 4119 3373 4189 ὑπερτίμῳ
3439 4136 3450 4147 ο
3507 4123 3569 4172 ἦν
3618 4118 3709 4164 καὶ
3765 4117 3889 4164 στό-

507 4225 690 4266 aureo
728 4218 781 4267 et
810 4213 1415 4270 honoriﬁcentissimo
1449 4231 1787 4269 sermonem
1824 4229 2026 4268 meum
2057 4229 2092 4268 o

2295 4231 2403 4262 ιατι
2435 4215 2522 4262 xui
2568 4207 2767 4283 καρδίᾳ
2822 4213 2912 4259 xui
2939 4207 3092 4278 ψυχῇ
3128 4205 3541 4275 κατασπάζομαι
3590 4223 3603 4234 ·
3658 4203 3730 4261 ὡς
3779 4204 3887 4253 εἴθε

509 4298 701 4366 signo.
738 4303 855 4354 Hoc
885 4317 1106 4357 nomen
1138 4309 1313 4358 etore
1346 4308 1403 4358 et
1433 4303 1610 4358 corde
1662 4309 1717 4356 et
1775 4304 1980 4357 anima
2044 4308 2101 4357 to

2295 4304 2469 4358 ἀύτην
2537 4298 2620 4351 ἐπὶ
2675 4298 2909 4369 γλώττης
2963 4305 3128 4370 φορῶν
3187 4296 3462 4368 εὑρεθείην,
3522 4296 3608 4343 xui
3655 4293 3739 4343 ὅτε
3789 4294 3887 4353 τὰς

507 4387 872 4458 amplector:
907 4395 962 4445 et
990 4391 1216 4446 utinam
1251 4392 1366 4447 hoc
1391 4391 1549 4446 idem
1580 4398 1705 4446 tum
1747 4392 1925 4446 etiam
1957 4392 2017 4446 in
2071 4407 2099 4446 ο

2292 4391 2502 4449 ὶστάτας
2530 4391 2689 4448 πνοὰς
2727 4391 2890 4439 πνέειν
2955 4406 3016 4458 με
3073 4389 3130 4436 τὸ
3182 4389 3322 4444 τέλος
3370 4391 3466 4443 τῆς
3533 4381 3668 4441 ζωῆς
3725 4379 3884 4431 ἁπαι-

503 4475 738 4531 habens
763 4477 1200 4549 deprehendar,
1235 4497 1372 4535 cum
1405 4481 1635 4536 instans
1663 4482 1795 4535 vitae
1815 4481 1950 4534 ﬁnis
1963 4480 2092 4550 adp

2292 4484 2482 4536 ’ἡσεται
2552 4482 2688 4548 (53).
2767 4480 3094 4527 Πεπίστευκα
3143 4476 3244 4546 γὰρ
3330 4475 3398 4530 ὡς
3462 4467 3884 4526 αἰδεσθήσονται

507 4567 762 4619 stremos
803 4565 1113 4622 ducendos
1163 4569 1403 4640 spiritus
1457 4585 1550 4623 me
1608 4568 1842 4636 adiget!
1899 4569 2096 4623 Fit-mit

2289 4571 2466 4624 ἀύτην
2530 4573 2624 4618 τοῦ
2689 4565 2834 4636 ἀέρος
2908 4568 2956 4616 οι
3040 4566 3327 4636 πράκτορες
3413 4563 3462 4612 οὶ
3537 4564 3718 4630 πικροὶ
3787 4564 3881 4609 xui

503 4652 664 4709 enim
691 4653 895 4718 credo,
927 4655 1198 4712 crudeles
1225 4657 1617 4729 humanoque
1643 4657 1840 4725 generi
1893 4657 2086 4711 iniens

2290 4658 2649 4727 ιισάνθρωποι,
2708 4661 2797 4706 καὶ
2849 4674 2938 4725 μοι
3010 4660 3101 4712 τῆς
3184 4648 3474 4708 διαϐάσεως
3552 4647 3882 4722 ἀφορολογή-

505 4743 659 4799 aeris
689 4748 993 4799 exactores
1014 4745 1158 4800 illud
1183 4745 1631 4815 formidaturos,
1655 4762 1724 4801 ac
1748 4746 2058 4800 transitum
2083 4763 2097 4798 τ

2293 4765 2358 4797 ὀυ
2413 4749 2924 4818 παραχωρήσουσιν.
2994 4743 3133 4798 Αὕτη
3199 4759 3288 4811 μοι
3327 4741 3460 4790 ἔστω
3499 4740 3528 4794 η
3587 4741 3653 4793 σὴ
3709 4738 3885 4787 asaro-

507 4834 814 4888 exactione
843 4833 1097 4889 liberum
1133 4835 1276 4890 mihi
1308 4835 1729 4907 permissuros.
1787 4835 1908 4890 Hoc
1957 4835 2090 4906 ipsu

2291 4854 2402 4896 ιειος
2475 4835 2658 4893 κλῆσις
2733 4832 2936 4903 ἔλλογον
3017 4831 3252 4901 γλώττης
3316 4832 3511 4898 κίνημα
3562 4824 3883 4892 τελευταῖον,

503 4925 675 4977 tuum
704 4922 801 4977 Dei
831 4923 1134 4979 Genitricis
1167 4939 1390 4978 nomen
1420 4923 1492 4977 sit
1515 4923 1657 4978 mihi
1685 4922 2095 4992 ultimuslingu

2292 4923 2332 4974 ν’
2383 4927 2452 4984 ὡς
2499 4925 2688 4994 κάρφος
2746 4921 2920 4981 ἐλαίας
2981 4923 3176 4976 ταύτην
3230 4916 3312 4968 ἐπὶ
3387 4920 3642 4986 στὸματος
3715 4918 3883 4987 φέρων

502 5010 801 5083 loquentis
832 5017 1049 5079 motus,
1081 5017 1143 5067 ut
1163 5012 1309 5067 illud
1341 5013 1499 5068 velut
1519 5011 1688 5066 olivae
1716 5028 1955 5066 ramum
1982 5012 2039 5065 in
2059 5028 2094 5066 ο

2293 5013 2692 5082 τετασθήσομαι,
2772 5015 2862 5060 καὶ
2926 5009 3250 5058 καταπαύσω
3347 5000 3499 5059 δίκην
3569 5007 3885 5074 περιστερᾶς

505 5099 719 5167 ferens,
750 5101 939 5158 instar
962 5102 1259 5157 columbae
1290 5101 1542 5168 avolem,
1575 5107 1631 5155 et
1652 5101 1710 5155 in
1764 5100 2006 5156 salutari
2060 5119 2093 5170 p

2299 5101 2338 5159 ἰς
2368 5106 2460 5157 την
2505 5107 2594 5150 τοῦ
2653 5094 2980 5170 παραδείσου
3032 5098 3296 5150 σωστικην
3362 5090 3599 5142 κιϐωτὸν.
3658 5088 3886 5140 Φιλυπο-

501 5189 686 5248 radisi
717 5204 858 5246 arca
884 5191 1254 5262 requiescam
1278 5192 1412 5259 (δι).
1447 5189 1970 5245 Vehementissime
1999 5188 2093 5243 eni

2292 5197 2478 5262 ντροφώ
2526 5190 2624 5258 γάρ
2703 5181 2911 5256 σφόδρα
2976 5180 3182 5255 σφοδρά
3235 5203 3246 5214 ο
3309 5180 3495 5232 ἐκεῖθεν
3554 5181 3656 5250 γὰρ
3715 5179 3740 5228 ὁ
3790 5187 3884 5229 τοῦ

577 5375 687 5449 (52)
715 5375 1106 5430 Communem
1130 5391 1267 5449 cum
1281 5373 1922 5449 Gabrielearuhangelo
1951 5373 2154 5449 appel:

2284 5373 2627 5449 famulantes
2659 5373 2906 5434 Christo,
2931 5371 3034 5443 qui
3063 5365 3309 5443 θέανδρος
3361 5381 3466 5420 seu
3518 5365 3876 5443 Θεάνορωπος,

505 5444 789 5506 lationem
820 5463 892 5501 ex
921 5447 1195 5502 Germani
1233 5446 1523 5500 sententia
1557 5445 1857 5508 sortimur,
1913 5448 2058 5514 quia
2099 5445 2152 5499 vi
2270 5445 2425 5500 Deus
2453 5451 2509 5500 et
2539 5445 2723 5514 homo
2748 5450 2856 5496 est.

506 5517 767 5572 nominis
797 5517 1030 5572 Gabriel
1059 5517 1232 5572 (liciti
1252 5517 1629 5573 'ieandricum
1648 5528 1669 5584 ,'
1691 5513 2017 5586 theandrici
2051 5531 2150 5570 au-
2334 5515 2450 5586 (53)
2480 5515 2601 5570 Cod
2643 5513 2976 5571 ἀπαιτήσετε.

505 5591 705 5653 temet
731 5604 843 5644 nos
869 5589 1078 5665 merito
1099 5602 1542 5659 nuncupamur,
1575 5591 1780 5660 utpote
1815 5585 2153 5641 administri
2321 5585 2438 5660 (54)
2473 5587 2622 5643 Psal.
2665 5601 2778 5652 LIV,
2848 5591 2900 5664 7τ
2948 5607 2952 5612 λ
