4032 6308
172 328 280 382 733
1321 331 1390 388 IN
1422 322 1789 387 ANNUN'I'IAf

1901 331 2037 386 ΝΕΗ
2075 329 2125 387 Β
2140 372 2152 384 .
2190 331 2426 387 MARLE
3433 331 3542 386 ’734

173 457 384 525 πρώτου
412 456 616 523 κόσμου
671 459 871 529 Πατὴρ
909 454 1206 515 ἀποστῆναί
1236 476 1298 529 με
1346 457 1630 528 ἠνάγκασε,
1693 461 1782 507 καὶ

1901 455 2025 510 illuc
2053 471 2321 511 remeare
2351 455 2528 528 cupio
2560 472 2574 521 ;
2627 455 2917 528 quoniam
2947 454 3088 510 inde
3145 454 3389 511 avolare
3446 470 3543 511 me

179 545 312 614 πρὸς
390 546 477 594 τὸν
544 546 750 617 ἕνυγρον
824 563 1004 598 τουτον
1063 544 1178 618 βίον
1236 548 1482 618 φέρεσθαι
1550 550 1784 619 προετρέ-

1901 545 2120 611 pristini
2147 545 2354 600 mundi
2375 552 2543 617 pater
2559 546 2751 614 coegit
2771 546 2904 612 (55),
2936 559 3164 616 perque
3182 543 3340 600 hanc
3361 544 3544 610 vitam

178 629 340 700 ‘it‘m-
856 663 859 665 ·
951 669 954 673 ·
1111 672 1116 678 ~
1887 631 2166 690 ﬂuctibus
2191 634 2398 688 diluvii
2418 634 2759 689 demersam
2771 633 3126 704 jactandum
3159 632 3424 688 tradidit.

1959 740 2130 796 XLIX.
2160 740 2249 794 Tu
2295 739 2516 812 itaque,
2549 758 2586 795 ο
2613 757 2752 796 arca
2807 739 3017 795 mundi
3065 738 3374 803 servatrix,
3407 752 3543 810 pre-

1891 844 1988 883 ces
2019 845 2206 894 meas,
2238 829 2508 899 obsecro,
2543 837 2700 885 ratas
2728 828 2898 893 habe,
2931 834 2989 884 et
3021 843 3223 883 meum
3252 827 3413 882 hunc
3433 826 3543 881 mi-

1892 917 2106 972 sellum
2129 935 2198 974 ac
2223 918 2442 974 nullius
2465 919 2636 990 pretii
2659 934 2998 975 sermonem
3017 917 3243 988 excipe.
3269 921 3348 970 Ac
3383 915 3546 972 velut

1887 1006 2032 1062 levis
2061 1023 2129 1062 ac
2151 1004 2350 1064 lucida
2403 1008 2594 1063 nubes
2623 1008 2760 1079 (56).
2793 1007 3079 1062 obumbra
3135 1011 3319 1073 caput
3348 1019 3542 1060 meum

1877 1097 1953 1151 in
1985 1096 2079 1151 die
2110 1095 2275 1152 belli.
2334 1097 2448 1166 (57)
2479 1097 2644 1152 Multi
2671 1097 2827 1152 enim
2865 1100 3021 1160 sunt,
3054 1095 3156 1166 qui
3190 1095 3268 1150 ab
3297 1093 3415 1149 alto
3445 1107 3542 1149 me

1891 1192 2266 1256 oppugnant,
2291 1192 2345 1240 et
2368 1186 2596 1254 sagittis
2621 1185 2817 1253 ignitis
2842 1185 3206 1255 jaeulantur.
3231 1184 3390 1239 Leva
3413 1195 3540 1236 ma-

1891 1291 2004 1329 nus
2039 1281 2173 1330 tuas
2199 1276 2261 1330 in
2295 1275 2606 1343 superbius
2638 1281 3055 1345 tumoremque
3084 1289 3284 1329 eorum
3321 1274 3455 1340 (58),
3485 1275 3544 1326 et

1890 1364 2010 1420 cito
2039 1369 2276 1418 contere
2329 1381 2431 1419 eos
2459 1366 2570 1417 sub
2604 1364 2857 1435 pedibus
2883 1363 3120 1418 nostris.
3154 1362 3325 1428 Quod
3369 1362 3417 1416 si
3450 1377 3546 1432 pe-

1892 1452 2070 1508 dibus
2103 1453 2316 1508 nostris
2349 1454 2678 1508 etiamnum
2707 1453 2902 1524 pulvis
2943 1451 3157 1523 aliquis
3177 1467 3283 1523 per
3306 1464 3544 1522 serpen-

1893 1548 1980 1599 tes
2027 1543 2311 1599 calcaneo
2343 1543 2693 1598 insidiantes
2747 1544 2859 1610 (59)
2915 1542 3188 1611 injectus,
3235 1541 3540 1596 adhaeret:

1891 1632 2054 1687 huuc
2071 1634 2186 1700 ipsi
2204 1633 2441 1702 lingant
2454 1644 2466 1696 t
2479 1633 2591 1697 60),
2616 1648 2743 1686 cum
2761 1635 3140 1686 convertetur
3159 1630 3332 1684 dolor
3344 1643 3542 1684 eorum

1891 1720 1956 1775 in
1988 1728 2165 1790 caput
2197 1721 2461 1787 illorum,
2482 1730 2532 1776 et
2561 1722 2623 1775 in
2662 1721 2938 1776 verticem
2969 1720 3232 1788 ipsarum
3263 1719 3543 1788 iniquitas

253 735 392 792 116'.
423 743 528 790 Ναὶ
555 735 644 809 δὴ,
687 747 1088 814 κοσμοσὼτειρα
1141 740 1351 805 κιϐωτε,
1403 743 1639 818 κύρωσον
1684 761 1782 812 μου

180 831 278 884 τὴν
311 823 517 896 δέησιν,
569 833 659 880 καὶ
691 834 778 881 τὸν
817 835 1066 904 πενιχρὸν
1099 851 1226 904 ⁴μου
1276 838 1456 883 τοῦτον
1497 830 1647 902 λόγον
1694 836 1784 882 καὶ

181 913 460 968 οὐτιδανὸδ
491 915 801 990 πρόσδεξαι.
856 924 957 972 καὶ
1001 923 1065 980 ὡς
1115 919 1290 992 νεφέλη
1325 922 1491 992 κούφη
1545 925 1635 972 καὶ
1676 940 1784 991 φω-

177 1011 324 1064 τεινὴ
398 1005 704 1060 ίπισκίασον
766 1007 851 1060 ἐπὶ
898 1014 992 1068 τήν
1046 1008 1275 1080 κεφαλήν
1357 1029 1456 1081 μου
1512 1009 1559 1061 ἐν
1616 1011 1787 1082 ἡμέρα

178 1094 433 1166 πολέμου.
495 1095 680 1148 ιιολλοὶ
734 1099 836 1172 γάρ
895 1097 1026 1150 εἰσιν
1092 1100 1141 1150 οἱ
1203 1097 1290 1170 ἀφ’
1333 1097 1499 1169 ὕψους
1556 1117 1618 1170 με
1670 1097 1784 1150 πλε-

177 1193 414 1256 μοῡντες,
475 1190 566 1237 καὶ
616 1191 898 1259 πυφρόροις
956 1186 1224 1259 βάλλοντες
1289 1186 1489 1260 βέλεσιν
1557 1186 1785 1260 Ἐπαρον

174 1278 272 1336 τὰς
333 1276 519 1348 χεῖράς
563 1295 658 1327 σου
697 1275 781 1328 ἐπὶ
845 1279 936 1337 τὰς
989 1279 1233 1348 ἱπάρσεις
1288 1283 1379 1330 καὶ
1440 1278 1786 1350 ὑπερηφανίας

172 1363 367 1428 αὐτῶν,
425 1367 516 1415 καὶ
577 1364 856 1439 σύντριψον
910 1364 959 1417 ἓν
1013 1369 1172 1438 τάχει
1237 1369 1452 1426 τούτους
1499 1368 1598 1418 ὑπὸ
1672 1368 1786 1426 τοὺς

174 1449 352 1514 πόδας
372 1454 540 1524 ἡμῶν.
575 1454 636 1505 Εἰ
665 1450 725 1506 δε
752 1457 844 1506 καὶ
893 1463 1024 1526 χοῦς
1069 1460 1150 1518 τίς
1178 1455 1320 1507 ἐστιν
1379 1454 1426 1506 ἂν
1486 1461 1592 1516 τοῖς
1631 1458 1786 1507 ποσὶν

173 1543 346 1607 iit-Iw,
423 1540 480 1593 ἔκ
556 1547 657 1593 τῶν
742 1541 1120 1617 ἐπιτηρούντων
1206 1547 1303 1606 τὰς
1366 1549 1578 1617 πτίρνας
1629 1544 1784 1616 ὄφεων

173 1627 326 1702 ἇπιτρ
336 1628 478 1699 ιϐεὶς,

179 1717 411 1790 στρέψαι
479 1721 568 1770 τόν
628 1724 780 1772 πόνον
862 1720 1029 1772 αὐτῶν
1115 1721 1182 1782 εἰς
1237 1725 1330 1780 τὴν
1397 1720 1618 1793 κεφαλὴν
1694 1721 1787 1772 αὐ-

554 1630 868 1692 λειξάτωσαν
951 1639 1132 1684 τοῦτον
1215 1632 1364 1684 αὐτοὶ
1434 1631 1481 1683 ἐν
1546 1641 1617 1703 τῷ
1681 1631 1784 1684 ἐπι-

178 1816 306 1876 τῶν,
372 1812 463 1862 καὶ
537 1806 621 1860 επὶ
676 1814 906 1883 κορυφὴν
973 1809 1138 1862 αὐτῶν
1192 1814 1284 1869 τὴν
1355 1807 1568 1862 ἀδικίαν
1627 1829 1788 1862 κατα-

1901 1826 2098 1866 eorum
2120 1809 2430 1866 descendet
2460 1810 2592 1879 (61),

183 1897 366 1956 ϐῆναι,

249 1982 331 2037 N’.
388 1984 620 2038 Ἰλίωσον
650 1988 775 2058 ἡμῖν
838 1990 924 2038 τὸν
969 1985 1025 2038 ἐκ
1081 1993 1177 2040 σοῦ
1227 1989 1534 2058 γεννηθέντα
1597 1991 1718 2039 Θεόν
1770 2009 1783 2020 ·

177 2073 517 2147 χρεωλυσίαν
585 2082 686 2128 τῶν
739 2075 1045 2147 ὀφλημάτων
1115 2079 1335 2134 αἶτησαι
1393 2076 1518 2149 παρ’
1602 2076 1780 2130 αὐτοῦ.

177 2161 356 2234 Ὁρᾷς,
405 2165 526 2214 ὅσον
583 2168 640 2214 τὸ
698 2166 1006 2237 κατάχρεων
1054 2167 1220 2236 ἡμῶν·
1277 2164 1635 2239 ἐγχειρίζομεν
1702 2185 1786 2217 σοι

181 2251 364 2302 λοιπόν
389 2255 447 2303 τό
512 2257 862 2325 χειρόγραφον
899 2274 912 2286 ο
941 2259 1012 2325 μὴ
1064 2257 1191 2326 πρὸς
1241 2258 1328 2305 τόν
1378 2253 1530 2326 ὂφκον
1588 2251 1787 2327 ἀπίδῃς

184 2339 367 2408 αὐτοῦ,
427 2345 515 2391 καὶ
567 2345 625 2391 τό
685 2341 881 2402 πλῆθος
933 2350 1032 2392 τῶν
1085 2341 1409 2414 ὀφλημάτων.
1462 2341 1544 2401 Ὠς
1607 2345 1707 2416 γὰρ
1760 2344 1786 2394 ὁ

179 2433 380 2501 χρόνος
416 2431 561 2500 ἡμῶν
613 2430 984 2503 εὐπερίληπτός
1021 2430 1139 2484 ἔστι
1181 2436 1272 2484 καὶ
1301 2433 1330 2489 ἠ
1362 2434 1498 2483 κατὰ
1524 2440 1621 2502 γῆν
1673 2429 1790 2484 δια-

143 2517 354 2590 τριϐὴ,
386 2517 521 2570 οὕτω
568 2521 750 2571 καὶτὰ
799 2525 937 2592 χρία
968 2519 1329 2592 ἀπεριόριστα.
1373 2519 1477 2572 Κᾶν
1531 2524 1590 2572 τὸ
1647 2517 1786 2572 δυσ-

177 2608 478 2679 αρίθμητον
525 2610 717 2676 ἔχουσι
776 2608 902 2682 παρ’
964 2610 1112 2679 ἡμῖν,
1155 2611 1186 2666 ἠ
1245 2606 1304 2661 δὲ
1355 2616 1446 2660 τοῦ
1510 2617 1605 2661 σοῦ
1661 2609 1785 2661 Υἰοῡ

171 2693 442 2764 ἆγαθότης
483 2694 594 2748 οὗθ’
641 2696 728 2747 ὑπ’
767 2694 944 2770 ἀρχὴν
973 2701 1173 2760 πίπτει,
1221 2701 1338 2749 οὔτε
1384 2697 1516 2749 τέλει
1563 2702 1788 2772 περιορί-

171 2784 330 2844 («ut
408 2803 423 2820 ο
501 2787 586 2841 Μὴ
652 2787 789 2836 κατά
859 2787 950 2845 τὰς
1008 2784 1228 2857 ἀνομίας
1290 2788 1436 2858 ἡμῶν
1511 2788 1787 2843 ποιησάτω

173 2875 328 2945 ἡμῖν,
383 2869 522 2944 undi
571 2877 708 2925 κατά
778 2878 868 2934 τὰς
936 2875 1199 2948 ἁμαρτίας
1247 2877 1393 2947 ἡμῶν
1449 2873 1788 2928 ἀνταποδότω

173 2965 332 3033 ἡμῖν.
369 2967 468 3014 Καὶ
492 2965 594 3034 γὰρ
638 2965 774 3015 κατὰ
827 2966 886 3014 τὸ
937 2963 1069 3034 ὕψος
1122 2972 1214 3016 τοῦ
1264 2965 1484 3039 οὐρανοῦ
1529 2963 1629 3016 ἀπὸ
1694 2973 1790 3026 τῆς

170 3057 280 3121 γῆς
344 3049 662 3122 ὖκραταίωσε
707 3055 765 3102 τό
837 3051 973 3114 ἕλεος
1043 3052 1205 3104 αὐτοῦ
1274 3053 1358 3105 ἕπὶ
1422 3056 1480 3107 τό
1555 3051 1791 3127 βρότειον

175 3139 463 3212 πλήρωμα,
519 3139 696 3202 κλίνας
757 3141 1023 3216 οὐρανοὺς,
1091 3147 1181 3196 καὶ
1241 3141 1478 3205 καταϐὰς
1545 3147 1629 3196 ἐπὶ
1694 3150 1793 3213 γῆν

179 3223 283 3279 διὰ
381 3227 766 3301 φιλανθρωπίας
867 3231 1211 3304 ὑπεράπειρον
1319 3230 1572 3286 ἄϐυσσον.
1667 3223 1796 3286 Καθ’

169 3317 303 3368 ὅσον
377 3315 491 3387 (62)
546 3314 842 3388 ἀπέχουσιν
899 3316 1144 3371 ἀνατολαὶ
1211 3317 1313 3371 ἀπὸ
1369 3317 1606 3391 δυσμῶν,
1667 3319 1792 3391 ἐμά-

180 3422 372 3476 κρυνεν
448 3402 532 3475 ἀφ’
600 3407 746 3476 ἡμῶν
830 3407 926 3467 τὰς
1008 3406 1270 3480 ἁμαρτίας
1337 3409 1502 3478 ἡμῶν,
1575 3407 1790 3465 ἀνατολὴ

172 3496 272 3565 μὲν
325 3491 574 3564 ἀείφωτος
628 3498 720 3546 καὶ
779 3495 846 3546 ὢν
907 3499 998 3546 καὶ
1047 3494 1419 3567 ὀνομαζόμενος
1466 3517 1479 3529 ο
1528 3492 1685 3556 δύνας
1737 3493 1796 3548 δὲ

180 3579 266 3635 δι’
297 3581 689 3654 εὐσπλαγχνίαν
720 3586 834 3653 (63)
861 3583 1160 3637 ἀνείκαστον
1190 3584 1271 3637 ἐπὶ
1302 3590 1395 3643 τὴν
1427 3590 1642 3638 σκοτίαν
1678 3586 1799 3657 (64)

185 3679 286 3723 τοῦ
324 3671 441 3723 καθ’
496 3674 635 3743 ἡμᾶς
667 3671 789 3744 βίου
844 3677 934 3724 καὶ
980 3682 1072 3724 τοῦ
1125 3678 1345 3748 σαρκίου
1425 3694 1438 3708 ο
1493 3674 1538 3726 εἰ
1588 3679 1678 3726 καὶ
1735 3675 1796 3726 οὐ

186 3759 478 3813 κατέλαϐεν
552 3761 704 3812 αὑτὸν
776 3763 806 3818 ἡ
893 3766 1080 3814 σκοτία
1154 3784 1166 3796 ο
1259 3763 1448 3834 μᾶλλον
1532 3760 1618 3814 οὖν
1708 3768 1798 3815 καὶ

188 3846 516 3903 διεσκέδασε
561 3853 620 3902 τὸ
662 3847 895 3922 ζοφῶδες
943 3857 1033 3902 καὶ
1087 3858 1522 3926 μςτεστοιχείωσε
1577 3857 1700 3926 πρὸς
1740 3856 1796 3905 τὸ

205 3935 510 4011 φωτοειδές.
560 3944 758 3992 Λοιπὸν
813 3939 964 4010 ὀλίγα
1015 3943 1083 3993 τὰ
1133 3945 1409 4014 τραύματα
1464 3945 1528 3993 τὰ
1574 3944 1798 4014 ἡμέτερα

191 4032 326 4101 πρὸς
383 4033 475 4085 τὴν
551 4021 1328 4102 ἀπεριόριστον’ἔμπλαστρον,
1397 4030 1456 4088 ἣν
1511 4040 1584 4102 τῷ
1639 4037 1795 4084 παντὶ

189 4116 550 4183 συνεξέτεινεν,
632 4119 715 4169 ἵνα
785 4119 1077 4191 θεραπεύσῃ
1139 4123 1205 4171 τὰ
1267 4121 1456 4174 πάντα.
1529 4119 1795 4190 Ἐγκειται

185 4203 248 4259 δὲ
310 4213 373 4276 τῇ
439 4205 753 4278 ἀμπλάστρῳ
827 4209 885 4258 τὸ
946 4203 1375 4279 δραστικώτατον
1414 4209 1703 4280 φάρμακον,
1737 4215 1794 4262 τὸ

181 4296 322 4367 αἷμα
390 4294 551 4348 αὐτοῦ
599 4299 659 4348 τό
700 4294 994 4369 θεόρῥυτον,
1045 4296 1423 4351 καταναλίσκον
1462 4306 1561 4349 τῶν
1613 4300 1792 4369 ἡμετέ-

175 4403 283 4458 ρων
334 4387 645 4456 τραυμάτων
693 4390 787 4442 την
838 4386 1173 4449 κακοήθειαν,
1226 4387 1295 4447 ὡς
1368 4390 1458 4438 καὶ
1504 4388 1593 4446 τὰς
1640 4386 1794 4448 οὐλὰς

177 4471 484 4543 ἐξαλείφειν,
527 4476 770 4546 καὶπρὸς
799 4477 894 4531 τὴν
952 4478 1204 4548 προτέραν
1260 4475 1438 4545 ὑγείαν
1475 4479 1611 4545 (68')
1664 4473 1791 4529 ἁπο-

176 4562 281 4614 καθ
289 4565 468 4630 ιστᾷν.

253 4767 369 4838 (55)
383 4770 843 4846 Mundipristini,
857 4770 914 4826 id
933 4777 1022 4827 est
1039 4772 1300 4846 corrupti
1318 4773 1420 4846 qui
1436 4772 1790 4844 redemptio-

179 4859 324 4899 nem
354 4843 669 4906 antecedit,
703 4851 873 4915 pater
897 4849 984 4897 est
1005 4843 1356 4915 Adam,’qui
1376 4850 1562 4900 totum
1599 4843 1790 4912 genus

178 4915 524 4985 humanum
552 4913 824 4985 quodam
856 4915 1040 4970 veluti
1069 4913 1291 4972 diluvio
1311 4915 1616 4974 demersit.
1642 4919 1788 4974 Cum

181 5000 329 5058 vero
355 4984 538 5058 paulo
561 4984 694 5056 post
710 4985 889 5058 Maria
901 4985 1249 5058 designetur
1265 5002 1372 5041 ceu
1385 5002 1525 5058 arca
1550 4988 1790 5044 Noetica

176 5057 325 5132 hinc
357 5054 536 5130 plane
563 5054 894 5132 cgncludas
919 5054 1086 5132 licet,
1125 5057 1239 5132 hpc
1266 5057 1632 5132 symbolum,
1665 5075 1788 5132 quo

177 5126 404 5198 saepius
419 5141 602 5196 penes
617 5129 814 5200 Patres
833 5126 1088 5200 Deipara
1099 5126 1450 5191 celebratur,
1467 5127 1545 5182 ad
1569 5126 1788 5199 praero-

176 5197 444 5267 gativam
465 5213 711 5269 quoque
731 5197 1009 5253 devitatae
1034 5198 1112 5254 ab
1137 5214 1208 5254 ea
1232 5197 1580 5253 communis
1599 5202 1785 5254 ruime

176 5267 596 5340 denotandam
614 5267 914 5340 spectare.

250 5340 368 5411 (56)
401 5339 667 5411 lsa.ﬁxtx,
683 5343 737 5396 1.

253 5410 364 5481 (57)
397 5410 552 5465 Psal.
582 5425 822 5480 cxxx1x,
855 5414 907 5465 8.

247 5481 365 5550 (58)
385 5498 575 5550 LXXIII,
602 5485 653 5536 3.

249 5552 368 5618 (59)
389 5553 534 5608 Gen.
555 5568 628 5615 ιιι,
659 5552 745 5609 15.

249 5621 362 5697 (60)
393 5623 548 5679 bsal.
582 5637 738 5692 LXXI,
765 5626 865 5675 Καὶ
895 5624 944 5674 οὶ
969 5621 1156 5697 ἐχθροὶ
1177 5621 1336 5675 αὐτοῦ
1354 5630 1490 5694 χοῦν
1522 5621 1781 5693 λείξουσι;

1967 1988 2024 2040 L.
2046 1984 2244 2040 Redde
2268 1984 2440 2040 nobis
2467 1984 2793 2056 propitium
2819 1982 3024 2050 Deum,
3053 1981 3158 2052 qui
3184 1995 3254 2036 ex
3286 1985 3340 2036 te
3366 1986 3544 2036 natus

1894 2080 2073 2139 est;ex
2081 2090 2185 2129 ora
2198 2073 2275 2128 ab
2288 2073 2419 2145 ipso
2431 2072 2760 2126 debitorum
2776 2076 3106 2126 nostrorum
3118 2069 3542 2124 remissionem.

1897 2163 2093 2232 Vides,
2125 2179 2309 2235 quam
2370 2162 2583 2231 ingens
2634 2162 2709 2216 sit
2761 2159 3031 2215 debitum
3079 2164 3396 2214 nostrum:
3429 2157 3545 2213 hoc

1893 2268 2082 2307 unum
2115 2251 2288 2307 nobis
2313 2256 2604 2323 superest,
2633 2256 2696 2305 ut
2719 2248 3186 2320 chirographum
3210 2247 3311 2302 tibi
3327 2247 3389 2302 in
3421 2262 3544 2302 ma-

1893 2356 2006 2395 nus
2028 2340 2342 2396 tradamus
2369 2356 2382 2393 :
2417 2355 2513 2402 ne,
2545 2354 2774 2411 quasso,
2808 2342 3050 2408 propter
3077 2337 3210 2406 ejus
3230 2336 3470 2407 pondus
3490 2339 3547 2390 et

1891 2435 2138 2501 propter
2161 2429 2501 2484 debitorum
2531 2427 2837 2482 cumulum
2861 2424 3069 2481 oculos
3097 2429 3234 2480 tuos
3262 2429 3497 2480 avertas
3529 2440 3543 2478 :

1894 2518 2046 2573 sicut
2057 2518 2217 2572 enim
2231 2518 2506 2585 exiguum
2520 2515 2695 2570 nobis
2709 2520 2952 2586 tempus,
2973 2529 3042 2569 ac
3055 2514 3236 2569 breve
3258 2513 3546 2585 reliquum

1893 2611 1983 2661 est
2016 2606 2323 2677 praesentis
2344 2605 2477 2660 vita;
2524 2605 2807 2676 spatium,
2841 2603 2927 2657 sic
2957 2603 3255 2658 immensa
3304 2616 3548 2674 quoque

1896 2702 2037 2751 sunt
2065 2695 2268 2750 debita
2288 2700 2511 2750 nostra.
2533 2695 2894 2764 Quanquam
2929 2692 3044 2747 ista
3073 2707 3110 2747 a
3127 2691 3300 2747 nobis
3324 2691 3419 2746 vix
3440 2705 3548 2746 nu-

1895 2785 2110 2840 merari
2137 2784 2384 2855 possint,
2415 2787 2477 2837 at
2507 2781 2626 2837 Filii
2658 2782 2741 2837 tui
2771 2781 3089 2836 clementia
3144 2781 3546 2853 quemadmo-

1895 2874 2043 2929 dum
2075 2888 2287 2944 expers
2306 2877 2395 2926 est
2423 2871 2715 2942 principii,
2741 2872 2823 2925 sic
2847 2869 3022 2925 nullis
3049 2869 3272 2925 ﬁnibus
3297 2871 3547 2926 circum-

1898 2961 2192 3016 scribitur.
2215 2961 2349 3016 Non
2368 2959 2690 3016 secundum
2716 2964 2965 3028 peccata
3001 2963 3211 3015 nostra
3233 2959 3412 3014 faciat
3439 2972 3546 3012 no-

1900 3051 2008 3115 bis,
2031 3064 2220 3119 neque
2243 3048 2566 3106 secundum
2608 3049 2956 3118 iniquitates
2997 3053 3233 3106 nostra:
3257 3046 3548 3102 retribuat

1899 3138 2068 3196 nobis
2095 3139 2230 3207 (65).
2275 3137 2565 3203 Quoniam
2587 3138 2910 3193 secundum
2935 3139 3317 3195 altitudinem
3347 3136 3484 3191 coeli
3508 3148 3547 3189 a

1901 3234 2070 3284 terra
2104 3225 2514 3282 corroboravit
2544 3225 3010 3282 misericordiam
3031 3240 3201 3283 suam
3217 3236 3397 3292 super
3418 3219 3548 3276 uni-

1904 3331 2137 3373 versum
2149 3313 2493 3370 mortalium
2507 3325 2714 3380 genus,
2729 3315 3341 3385 propterimmensam
3374 3323 3548 3365 amo-

1903 3406 1985 3462 ris
2011 3405 2105 3459 sui
2120 3419 2260 3472 erga
2273 3401 2550 3457 homines
2573 3399 2864 3471 abyssum
2890 3405 3064 3462 caelos
3093 3403 3393 3460 inclinans
3406 3404 3460 3455 et
3487 3397 3550 3454 in

1905 3499 2124 3550 terram
2155 3490 2525 3548 descendens
2557 3493 2647 3558 (66
2657 3508 2690 3558 ).
2719 3490 3022 3557 Quantum
3073 3494 3256 3550 distat
3283 3495 3449 3548 ortus
3475 3487 3548 3544 ab

1904 3582 2406 3649 occidente,longe
2415 3580 2552 3648 fecit
2568 3594 2604 3633 a
2618 3579 2785 3634 nobis
2799 3583 3146 3652 iniquitates
3158 3587 3395 3637 nostras
3415 3576 3548 3647 (67),

1904 3673 2102 3727 oriens
2138 3669 2382 3742 quidem
2426 3684 2663 3738 semper
2696 3667 2922 3725 lumine
2946 3671 3302 3743 splendidus
3326 3674 3381 3724 et
3403 3667 3551 3721 exsi-

1905 3767 2064 3814 stens
2094 3769 2149 3814 et
2173 3757 2510 3830 appellatus
2542 3772 2554 3819 ;
2585 3758 2858 3814 occidens
2889 3776 3022 3814 vero
3052 3764 3292 3831 propter
3335 3754 3551 3811 inaesti-

1905 3849 2142 3904 mabilis
2162 3845 2584 3902 misericordiae
2608 3861 2730 3900 suae
2758 3847 2982 3903 viscera
3003 3849 3080 3902 ad
3103 3848 3235 3901 vita
3258 3850 3474 3900 nostrae
3494 3847 3553 3896 et

1904 3937 1982 3993 ad
2008 3938 2291 3994 humanae
2341 3933 2536 3989 carnis
2585 3934 2861 3989 tenebras
2898 3953 2961 3990 se
2991 3935 3323 3990 demittens.
3357 3933 3548 3997 Quan-

1904 4042 2090 4097 quam
2121 4025 2373 4080 tenebrae
2404 4037 2534 4077 eum
2600 4036 2721 4075 non
2773 4023 3354 4092 comprehenderunt
3387 4022 3497 4089 (68)
3535 4037 3548 4084 ;

1904 4115 2176 4185 quinimo
2203 4119 2258 4167 et
2286 4108 2578 4184 quidquid
2613 4110 3053 4167 tenebricosum
3112 4116 3254 4175 erat,
3305 4108 3552 4179 dispulit

1901 4211 1959 4258 et
1988 4204 2048 4258 in
2079 4201 2344 4258 lucidum
2394 4197 2858 4258 transformavit.
2921 4199 3210 4256 Caeterum
3239 4199 3389 4256 levia
3417 4212 3552 4252 cen-

1901 4293 2016 4348 seri
2063 4299 2318 4363 possunt
2371 4291 2639 4356 vulnera,
2673 4290 3137 4355 nostra,sicum
3181 4288 3281 4346 illo
3307 4287 3550 4344 inﬁnite:

1899 4380 2131 4437 virtutis
2160 4381 2488 4452 pharmace
2518 4383 3134 4451 comparentur,quod
3164 4378 3448 4436 omnibus
3477 4391 3549 4431 ex

1899 4486 2074 4542 aequo
2104 4471 2381 4536 porrexit,
2406 4475 2470 4526 ut
2492 4469 2698 4526 omnia
2731 4473 2993 4526 sanaret.
3034 4469 3190 4525 Inest
3221 4468 3380 4523 enim
3409 4465 3548 4522 huic

1899 4560 2229 4632 pharmaco
2249 4557 2728 4616 efﬁcacicissimaa
2748 4556 2982 4614 virtutis
3014 4555 3399 4622 elementum,
3418 4553 3547 4625 ejus

1898 4772 1976 4826 Et
1989 4773 2222 4826 inimici
2231 4775 2598 4840 ejusterram
2618 4770 2870 4838 lingent.
2889 4769 3170 4823 Eamdem
3193 4767 3548 4822 sententiam

1897 4843 2090 4910 legere
2112 4850 2202 4897 est
2231 4846 2338 4897 Isa.
2362 4857 2517 4906 xux,
2542 4849 2599 4896 et
2618 4841 2794 4896 Mich.
2821 4857 2914 4906 vu,
2945 4846 3028 4896 t7.

1971 4914 2085 4985 (6|)
2125 4914 2280 4985 Psal.
2315 4914 2497 4968 “1.17

1968 4984 2086 5058 (62)
2121 4984 2239 5058 C0d_
2251 5027 2261 5038 .
2290 4986 2535 5058 καθόσον,

1970 5053 2082 5126 (63)
2123 5055 2263 5111 COd'
2291 5053 2670 5124 ἐσπλαγχνίαν.

1971 5130 2083 5188 (64)
2123 5127 2240 5180 Cod
2253 5168 2264 5180 .
2298 5130 2555 5177 σκοτείαν.

1969 5199 2082 5266 (65)
2127 5197 2275 5251 Psal.
2300 5212 2393 5260 cu,
2426 5201 2507 5259 10,
2538 5196 2621 5250 11.

1970 5271 2080 5336 (66)
2121 5267 2268 5323 Psal.
2301 5284 2439 5334 xvu,
2469 5271 2558 5322 10.

1993 5272 2059 5322 66
2121 5271 2268 5323 Psal.
2301 5284 2439 5334 xvu,
2469 5271 2517 5322 1(

1993 5271 2081 5406 67)
2126 5338 2275 5395 Psal.
2309 5355 2401 5398 «ιι,
2436 5338 2517 5391 12.

1992 5409 2080 5474 63)
2120 5411 2288 5464 Joan.
2328 5425 2366 5470 ι,
2392 5409 2448 5464 5.

1967 5473 2106 5549 (68⁵)
2148 5481 2230 5535 [ta
2256 5479 2370 5534 cod
2399 5492 2535 5532 cum
2567 5474 2826 5530 dialecto
2856 5473 3104 5546 vulgari,
3139 5479 3198 5530 ut
3230 5474 3550 5536 Hedericus

1895 5557 2119 5617 censet,
2148 5567 2262 5621 pro
2283 5553 2511 5621 ὑγίειαν.
