4032 6308
529 311 634 369 735
1706 299 2018 368 CERHANI
2049 305 2097 362 Π
2126 303 2230 362 CP.
2256 303 2685 364 PATRIACHIE
3811 309 3922 367 736

528 449 752 510 nempe
795 435 1043 509 sanguis
1105 431 1388 492 divinitus
1433 429 1650 498 fluens,
1707 430 1813 504 qui
1888 430 2561 492 vulnerumnostrorum
2610 432 2694 492 ita
2771 432 3208 507 malignitatem
3278 433 3563 508 absumit,
3631 438 3702 497 ut
3766 437 3920 512 ipsis

527 539 774 599 quoque
788 525 1088 583 cicatrices
1099 523 1508 594 abstergeatet
1531 519 1594 578 in
1621 518 1938 593 pristinam
1965 521 2282 580 sanitatem
2312 521 2611 596 integram
2639 523 2932 583 restituat.

600 613 690 671 LI.
714 614 820 672 Tui
845 613 1047 689 itaque
1071 615 1134 686 (ο
1177 611 1471 686 Deipara),
1503 625 1674 668 sume
1692 609 2187 685 chirographum,

2367 611 2500 670 NA'.
2547 611 2699 668 Ὀθεν
2761 613 3000 668 λαϐοῦσα
3054 617 3114 668 τὸ
3177 615 3505 689 πολύστιχον
3551 623 3917 698 χειρόγραγον

526 719 652 778 quo
673 707 796 762 tam
825 701 1014 761 multa
1041 702 1242 760 debita
1273 705 1481 759 nostra
1527 698 1924 767 continentur,
1955 704 2014 758 et
2040 699 2118 757 illi

2322 709 2397 754 ’ὧν
2446 705 2705 780 ἡμετέρων
2741 711 2937 780 χρεῶν,
2979 699 3267 780 διάρρηξον
3303 713 3422 770 ταῖς
3475 715 3592 770 σαῖς
3629 715 3914 786 πανάγνοις

529 792 789 853 dilacera
813 791 1219 851 immaculatis
1243 791 1359 849 illis
1380 790 1497 848 tuis
1527 788 1836 862 manibus,
1859 788 2084 863 quibus
2103 806 2121 846 ι

2325 797 2508 867 εερσὶν,
2541 793 2618 856 αἶς
2669 796 2756 848 τὸν
2842 793 2892 848 έν
2925 799 3072 869 χειρὶ
3109 794 3272 849 αὐτοῦ
3341 798 3430 849 τὸν
3456 800 3655 872 κόσμον
3695 801 3917 876 βαστσί-

528 887 720 940 mater
747 897 908 953 eum,
958 882 1063 956 qui
1094 885 1296 956 portat
1322 881 1384 938 in
1441 894 1633 937 manu
1684 894 1797 936 sua
1838 879 2120 937 universu

2320 887 2457 946 ζοντα
2485 885 2554 944 ὡς
2583 887 2756 958 μήτηρ
2799 881 3092 946 ἐϐάστασας
3149 905 3164 919 ·
3209 883 3512 952 ἐϐάστασας
3568 885 3630 944 δι
3679 887 3776 946 διὰ
3817 899 3912 954 τὴν

527 971 844 1044 mundum,
907 973 1123 1044 gestati
1168 988 1184 1040 ;
1237 971 1353 1028 hac
1445 969 1610 1027 enim
1663 967 1740 1026 de
1817 984 2005 1028 causa
2046 984 2119 1026 eu

2323 970 2472 1025 ιίτίαν
2508 974 2704 1033 ταύτην
2729 980 2825 1036 τῆς
2860 981 2959 1028 τῶν
3015 972 3295 1050 ἀνθρώπων
3344 976 3701 1051 χρεωλυσίας.

527 1061 791 1136 gestasti,
813 1077 940 1136 quo
969 1061 1170 1120 sicicet
1193 1061 1466 1119 humano
1516 1057 1722 1130 generi
1767 1057 1974 1116 debita
2001 1058 2119 1117 solv

2323 1078 2391 1113 ιόν
2422 1055 2510 1114 οὖν
2539 1066 2628 1114 καὶ
2649 1062 2775 1135 ἡμῖν
2795 1065 2883 1115 τὸν
2908 1060 2964 1114 έκ
3032 1069 3129 1116 σοῦ
3173 1065 3430 1136 τεχθέντα
3469 1069 3623 1136 Θεὸν,
3682 1075 3775 1127 καὶ
3818 1081 3915 1136 τῆς

523 1157 746 1210 rentur.
781 1152 968 1211 Etiam
996 1151 1174 1208 nobis
1201 1151 1378 1223 igitur
1426 1151 1614 1206 Deum
1647 1163 1722 1205 ex
1741 1151 1796 1204 te
1817 1151 2030 1207 natum
2053 1163 2115 1222 pr

2322 1149 2650 1225 πολυχρονίου
2721 1149 3013 1215 ἀπάλλαξον
3074 1151 3297 1226 ὀφειλῆς.
3362 1151 3600 1210 Αἰδεῖται
3670 1163 3776 1235 γὰρ
3851 1167 3914 1217 τὸ

524 1242 740 1316 pitium
765 1241 969 1308 redde,
990 1241 1315 1315 ipsumque
1345 1255 1384 1297 a
1412 1237 1594 1296 veteri
1638 1240 1784 1312 (quo
1825 1237 1932 1295 tibi
1979 1238 2114 1295 obst

2322 1243 2474 1314 ίρέος,
2515 1241 2637 1316 ὅπερ
2689 1240 2821 1300 αὑτὴ
2861 1249 2935 1313 τῷ
2985 1248 3077 1295 τοῦ
3123 1245 3319 1306 παντὸς
3357 1249 3600 1320 Agauen;
3668 1245 3914 1305 δεδάνη-

526 1336 656 1389 ctus
679 1330 930 1402 tenetur)
977 1330 1184 1388 debito
1243 1330 1451 1388 libera.
1496 1329 1740 1418 Fenoris
1788 1327 1973 1418 enim,
2021 1343 2118 1402 qui

2322 1348 2416 1399 ιας,
2447 1332 2542 1389 τὴν
2583 1331 2756 1406 σάρκα
2805 1329 2937 1404 λέγω
2987 1335 3082 1391 τήν
3138 1333 3517 1388 θεοῡπόστατον
3555 1357 3570 1371 ο
3609 1343 3699 1392 καὶ
3745 1343 3914 1418 χάριν

522 1421 660 1496 ipsa
679 1421 1096 1478 universorum
1121 1418 1374 1478 Domino
1395 1416 1804 1476 commodasti
1830 1418 1967 1488 (69),
1989 1432 2114 1475 carl

2326 1437 2386 1472 ret
2417 1419 2602 1493 ὀφείλει
2639 1427 2822 1474 πασῶν
2859 1425 3096 1495 χαρίτων
3140 1425 3235 1482 τὴν
3283 1423 3519 1494 μείζονα,
3567 1427 3649 1481 ὅτι
3687 1432 3749 1482 τὸ
3818 1416 3918 1484 δά-

528 1511 750 1568 scilicet
790 1510 1165 1584 hypostatice
1213 1526 1252 1566 a
1321 1511 1442 1566 Deo
1490 1511 1840 1581 assumpta,
1891 1507 2120 1565 ratione

2328 1526 2427 1562 ειον
2472 1515 2625 1563 τοῦτο
2693 1512 3158 1586 πανυπερκάθαρον
3199 1507 3541 1587 διετήρησας,
3605 1521 3699 1570 καὶ
3769 1539 3916 1596 χρυ-

524 1601 654 1674 ipse
670 1600 873 1668 habet,
905 1603 963 1656 et
981 1600 1238 1672 gratiam
1267 1598 1374 1656 tibi
1427 1597 1633 1667 gratiis
1676 1597 1960 1654 omnibus
1999 1598 2116 1671 poti

2322 1601 2418 1650 ι-ίου
2465 1601 2659 1660 παντὸς
2709 1596 3119 1674 ἡλιοειδέστερὸν
3175 1620 3230 1654 τε
3276 1605 3366 1656 καὶ
3413 1602 3758 1682 ὀϐρυζότερον
3817 1615 3914 1662 καὶ

526 1705 655 1748 rem
679 1689 876 1760 debet,
898 1687 1067 1762 quod
1094 1688 1210 1744 hoc
1232 1687 1394 1746 idem
1431 1687 1627 1756 fenus,
1677 1701 1900 1760 purum
1940 1702 2115 1760 prors

2325 1686 2442 1751 [ξιον
2488 1694 2582 1750 τῆς
2637 1687 2800 1742 αὐτοῦ
2853 1693 3126 1762 χρήσεως.
3208 1688 3372 1765 Ὅπερ
3435 1699 3917 1769 μεταχειρίζεσθαι

527 1795 715 1853 supra
741 1793 930 1852 quam
958 1778 1077 1835 dici
1100 1778 1310 1852 possit,
1337 1781 1395 1834 et
1421 1776 1591 1834 omni
1617 1791 1765 1834 auro
1808 1775 2119 1850 splendidi

2325 1776 2600 1845 ιξιωθέντες
2689 1779 2838 1852 ἡμεῖς
2933 1781 3287 1855 ἱερουργικῶς,
3388 1787 3917 1860 κατακερματίξομεν

526 1885 598 1926 ac
622 1867 908 1925 sincerius
928 1882 1174 1936 sonans,
1198 1872 1257 1924 et
1277 1866 1558 1938 dignum,
1589 1882 1716 1939 quo
1748 1865 1879 1938 ipse
1905 1869 2118 1923 uterett

2321 1869 2348 1921 με
2421 1868 2731 1942 τραπεζῖται
2790 1877 2890 1933 τῆς
2944 1878 3208 1944 μυστικῆς
3258 1877 3348 1926 καὶ
3407 1873 3558 1946 ἁγίας
3614 1879 3913 1953 τραπέζης,

524 1957 580 2016 ei
603 1957 952 2016 servaveris.
977 1956 1148 2023 Quod
1177 1955 1423 2030 quidem
1451 1971 1565 2013 nos
1617 1958 1985 2013 contrectare
2025 1954 2116 2028 dig

2325 1962 2390 2012 Lai
2418 1962 2535 2021 τοὺς
2578 1963 2830 2034 πτωχοὺς
2868 1968 2940 2033 τῷ
2973 1963 3230 2036 πνεύματι
3266 1961 3629 2040 πολυχρονίων
3685 1967 3917 2044 λυτρού-

522 2048 660 2107 facti
683 2064 895 2106 sumus
921 2049 1074 2106 inter
1099 2063 1274 2105 sacra
1313 2046 1626 2120 mysteria,
1671 2062 1742 2104 ac
1772 2045 1956 2104 veluti
2008 2045 2114 2103 col]

2325 2050 2434 2102 ιεθα
2483 2057 2584 2102 τῶν
2637 2049 2849 2124 ὀφειλῶν
2910 2047 3006 2106 διὰ
3045 2059 3138 2114 τῆς
3178 2053 3341 2108 αὑτοῦ
3377 2055 3622 2129 χάριτος,
3674 2059 3748 2122 ὡς
3821 2079 3917 2113 πι-

520 2139 692 2197 bistee
741 2137 1010 2211 mystica:
1039 2153 1111 2195 ac
1131 2140 1353 2195 sancite
1374 2151 1600 2194 mensa;
1625 2135 1892 2194 minutas
1916 2135 1978 2193 in
1993 2139 2194 2208 partes
2304 2139 2569 2211 στεύομεν.

520 2228 862 2298 tribuimus,
878 2232 935 2285 et
947 2242 1052 2302 per
1071 2227 1330 2298 gratiam
1351 2226 1543 2300 ipsius
1560 2241 1859 2300 pauperes
1885 2226 2096 2299 spiritu
2111 2225 2191 2282 ab

520 2319 785 2392 antiquis
813 2317 1048 2384 debitis,
1069 2318 1154 2375 uti
1181 2317 1504 2382 credimus,
1535 2316 1757 2373 liberos
1805 2314 2188 2374 dimittimus.

589 2406 890 2475 Introduc,
948 2423 986 2463 ο
1043 2406 1298 2464 Domina
1349 2406 1796 2472 universorum,
1828 2405 1890 2462 in
1952 2404 2181 2463 caeleste

2371 2407 2570 2468 Πάντας
2617 2407 2871 2480 εἰσάγαγε
2938 2408 3071 2481 πρὸς
3136 2411 3229 2468 τὴν
3302 2409 3535 2486 οὐράνιον
3611 2412 3924 2486 βασιλείαν,

520 2510 733 2567 regum
755 2511 967 2553 omnes
989 2495 1096 2568 qui
1125 2495 1231 2551 tibi
1253 2511 1319 2551 se
1379 2493 1631 2562 dedunt,
1689 2498 1864 2568 teque
1924 2509 2062 2552 vere

2353 2501 2608 2552 Δέσποινα
2629 2505 2731 2550 τῶν
2786 2497 3044 2570 ἁπάντων,
3113 2502 3233 2562 τοὺς
3276 2499 3657 2573 ὁμολογοῦντάς
3707 2523 3770 2558 σε
3830 2512 3924 2559 καὶ

520 2585 764 2660 proprie
789 2585 890 2642 Dei
919 2584 1272 2642 Genitricem
1300 2582 1570 2656 credunt,
1613 2586 1673 2641 et
1701 2583 1892 2641 corda
1921 2584 2036 2642 hac
2066 2583 2108 2639 ﬁ

2335 2593 2602 2662 ρονοῦντας
2648 2591 2842 2663 κυρίως
2895 2592 2985 2641 καὶ
3035 2586 3240 2652 ἀληθῶς
3296 2594 3568 2658 Θεοτόκον,
3627 2596 3720 2646 καὶ
3779 2615 3927 2671 καρ-

517 2674 915 2747 sanctiﬁcant,
934 2679 992 2732 et
1007 2674 1280 2748 linguam
1298 2674 1412 2732 hac
1433 2689 1580 2731 voce
1597 2672 1942 2747 puriﬁcant,
1957 2674 2105 2748 quiq

2329 2679 2416 2728 ’ίαν
2489 2675 2802 2748 ἁγιάζοντας
2847 2685 2921 2749 τῷ
2977 2681 3290 2752 φρονήματι,
3341 2682 3433 2732 καὶ
3476 2679 3726 2752 γλῶσσαν
3761 2683 3921 2757 ἁγνί-

519 2763 739 2822 auxilio
766 2767 868 2821 tuo
894 2763 1225 2834 gloriantur
1249 2779 1320 2820 ac
1349 2763 1475 2837 spei
1508 2762 1844 2821 anchoram
1892 2767 2008 2820 tuae
2059 2780 2111 2821 ω

2326 2772 2476 2827 οντας
2522 2773 2595 2838 τῷ
2663 2770 2953 2840 φωνὴματι,
3033 2765 3164 2821 κάπὶ
3203 2774 3320 2828 ταῖς
3390 2775 3511 2832 σαῖς
3595 2769 3918 2845 ἀντιλήψεσι

517 2853 789 2911 ditationi
806 2853 1134 2911 adnectunt
1182 2859 1323 2927 post
1350 2856 1558 2925 Deum,
1607 2867 1793 2927 quem
1822 2853 1886 2910 iu
1909 2855 2079 2911 Patre

2321 2858 2684 2928 «exceptum,
2711 2860 2801 2908 καὶ
2830 2860 2925 2915 τήν
2971 2855 3207 2931 ἄγκυραν
3253 2865 3346 2920 τῆς
3393 2855 3603 2921 έλπίδος
3649 2868 3751 2924 τῆς
3807 2870 3913 2927 σῆς

520 2942 662 3000 Filio
691 2947 748 3000 et
770 2947 980 3001 sancto
1012 2943 1230 3016 Spiritu
1259 2943 1592 3000 adoramus
1637 2946 1696 2999 et
1748 2942 2112 3013 gloriﬁcamu

2319 2944 2579 3016 ξάψαντας
2633 2949 2916 3018 μεσιτείας,
2962 2948 3094 3019 μετὰ
3157 2949 3287 3002 Θεὸν
3339 2953 3427 3002 τὸν
3475 2948 3523 3003 ἓν
3572 2957 3744 3026 Πατρί
3817 2959 3911 3008 καὶ

515 3032 610 3089 cui
631 3031 742 3089 soli
769 3032 956 3090 latrite
987 3031 1215 3090 cultum
1269 3031 1616 3099 deferimus,
1645 3036 1703 3088 et
1731 3047 1916 3106 quem
1975 3032 2107 3090 solu

2315 3034 2392 3106 ῗίῷ
2421 3039 2512 3088 καὶ
2559 3033 2691 3108 ἁγίῳ
2744 3038 3006 3109 Πνεύματι
3059 3039 3507 3112 προσκυνούμενον
3558 3060 3616 3095 τε
3661 3045 3752 3094 καὶ
3815 3039 3907 3097 δο-

515 3122 789 3181 omnium
816 3126 1096 3180 nostrum
1124 3122 1499 3180 conditorem
1530 3122 1832 3193 novimus,
1870 3127 1929 3181 et
1958 3138 1998 3180 a
2054 3139 2107 3197 ql

2313 3123 2567 3195 ζαζὸμενον
2613 3145 2627 3159 ·
2688 3123 2730 3196 ᾧ
2781 3129 2920 3199 μόνῳ
2964 3124 3296 3200 λατρεύομεν,
3353 3133 3443 3182 καὶ
3488 3129 3543 3182 ὃν
3587 3133 3744 3204 μόνον
3803 3128 3905 3191 δη-

516 3224 714 3277 creata
740 3220 948 3277 omnia
974 3219 1258 3293 pendent,
1292 3226 1359 3276 ut
1386 3218 1717 3276 consistant
1735 3222 1794 3276 et
1817 3234 2108 3276 conserva

2312 3217 2537 3289 ιιουργὸν
2589 3215 2735 3287 ἡμῶν
2796 3213 3140 3288 ἐπιστάμεθα,
3205 3221 3295 3270 καὶ
3379 3217 3441 3272 οὗ
3480 3221 3546 3273 τὰ
3625 3225 3904 3294 κτίσματα

515 3312 651 3375 tur;
680 3308 791 3364 soli
817 3309 1095 3366 increaue
1129 3324 1199 3365 ac
1233 3307 1613 3382 sempiternae
1671 3313 1925 3376 naturae,
1965 3308 2107 3366 cuid

2307 3305 2458 3356 πάντα
2493 3301 2728 3376 ἐξέχεται
2776 3307 2905 3380 πρὸς
2945 3311 3179 3378 συνοχὴν
3231 3326 3288 3360 τε
3337 3312 3429 3361 καὶ
3483 3311 3764 3377 σύστασιν,
3837 3320 3899 3384 τῇ

515 3399 608 3453 cet
627 3397 824 3452 omnis
856 3396 1066 3467 gloria,
1095 3398 1290 3454 honor
1349 3362 1408 3453 et
1435 3396 1730 3465 adoratio,
1763 3397 2074 3471 decusque

2529 3362 2541 3366 _
2571 3362 2615 3376 η
2815 3362 2824 3380 ,
2888 3362 2902 3368 -
3072 3362 3145 3378 η-
3567 3362 3606 3363 η
3669 3362 3678 3363 κ
3749 3362 3764 3377 ,
3848 3362 3896 3384 η.

2355 3413 2416 3467 νῃ
2449 3394 2679 3465 ἁκτίστῳ
2718 3395 2869 3467 φύσει
2897 3399 2987 3447 καὶ
3030 3399 3371 3471 προανάρχῳ,
3413 3398 3446 3471 ᾖ
3503 3402 3684 3474 πρέπει
3747 3407 3904 3454 πᾶσα
3941 3461 3945 3464 ,

513 3484 962 3556 magnificentia
975 3501 1139 3543 nunc
1153 3491 1209 3544 et
1224 3486 1286 3544 in
1305 3485 1542 3544 inﬁnita
1554 3500 1669 3543 suac
1677 3485 1776 3544 ula
1789 3486 2105 3545 saeculorui

2308 3479 2440 3549 lo’Ea,
2489 3487 2642 3556 τιμὴ,
2704 3487 2795 3536 καὶ
2863 3486 3246 3558 προσκύνησις,
3294 3486 3633 3558 μεγαλωσύνη
3695 3508 3752 3541 τε
3809 3495 3900 3543 καὶ

513 3578 724 3633 Amen.
2283 3571 2717 3648 μεγαλοπρέπεια,
2771 3579 2859 3626 νῦν
2908 3577 2999 3628 καὶ
3034 3574 3105 3637 εἰς
3169 3578 3292 3639 τοὺς
3345 3574 3723 3643 auximus;
3767 3579 3902 3633 αἰῶ-

2281 3682 2372 3727 νας
2395 3671 2493 3716 τῶν
2515 3661 2730 3719 αἰώνων.
2757 3663 2944 3736 Ἀμήν,

1265 3753 1386 3809 νη.
3061 3753 3132 3810 Ζ’.

511 3878 583 3935 In
593 3883 941 3964 sanctorum
959 3878 1374 3964 Innocentium
1389 3878 1759 3964 occisionem,
1780 3884 1832 3964 et
1846 3879 1914 3964 in_
1926 3880 2103 3964 initia

2305 3881 2373 3964 Εἰς
2416 3883 2509 3940 τήν
2559 3882 2765 3964 σφαγήν
2815 3887 2915 3964 τῶν
2966 3878 3128 3964 ἁγίων
3207 3881 3426 3964 νηπίων,
3483 3884 3614 3964 καὶ·
3646 3883 3723 3946 εἰς
3758 3956 3774 3964 _
3803 3890 3897 3945 τὴν

580 3951 1454 4029 εᾳηοιίΕυαῃσθιίίεεσατηάωη
1467 3951 1741 4009 Marcum
1751 3993 1764 4010 .
1779 3952 1957 4008 Lecta
1968 3953 2116 4010 Dom
2124 3955 2170 4010 ί-

2350 3951 2526 4029 ᾁρχὴν
2602 3951 2696 4004 τοῦ
2760 3954 2911 4029 ,κατὰ
2987 3951 3220 4029 ΜάρλιονΔ
3287 3953 3440 4026 ἁγίου
3545 3954 3895 4029 Εὐαγγελίου.

582 4024 722 4079 m’ca
750 4028 890 4080 ante
923 4024 1196 4081 Lumina.

2349 4024 2828 4097 ’Ᾱναγινωσκομένη
2863 4024 3096 4097 κυριακῇ
3129 4026 3229 4098 πρὸ
3266 4024 3367 4078 τῶν
3395 4031 3598 4082 Φὼτων.

914 4113 1094 4182 (Inter
1123 4111 1410 4170 Homilies
1440 4111 1741 4169 variorum
1769 4114 2009 4170 Patrum
2035 4113 2130 4171 ed.
2162 4113 2560 4174 Hmschelius.
2599 4115 2884 4185 Augustae
2911 4112 3204 4170 Vindelic.
3257 4115 3414 4182 i586,
3446 4115 3553 4188 4ο.)

581 4199 622 4253 1.
649 4222 676 4248 ‹‹
697 4199 838 4265 Quis
869 4202 1025 4257 Deus
1050 4207 1264 4274 praeter
1311 4204 1499 4258 Deum
1542 4205 1840 4271 nostrum,
1884 4204 2038 4260 Deus
2068 4205 2164 4262 ille

2349 4204 2423 4261 A'.
2477 4226 2508 4256 ι(
2555 4207 2642 4265 Τίς
2699 4205 2830 4267 Θεὸς
2859 4202 2991 4263 πλὴν
3018 4211 3112 4257 τοῦ
3140 4206 3306 4278 ἡμῶν,
3346 4207 3372 4258 ὁ
3400 4209 3524 4268 Θεὸς
3565 4207 3593 4259 ὁ
3635 4209 3895 4282 περιζων.

507 4287 614 4358 qui
643 4263 953 4360 praecingit
1006 4263 1101 4346 me
1131 4290 1344 4347 virtute
1371 4295 1428 4347 et
1479 4289 1719 4347 instruit
1759 4263 1944 4363 pedes
1999 4309 2096 4351 me

2298 4298 2407 4348 ιύων
2435 4313 2499 4368 με
2551 4291 2798 4367 δύναμιν,
2849 4294 2877 4346 ὁ
2919 4263 3354 4368 καταρτιζὸμενος
3408 4299 3532 4359 τοὺς
3559 4263 3740 4359 πὸδοές
3789 4318 3890 4371 μου

507 4379 803 4448 tanquam
829 4392 1164 4445 cervorum,
1198 4383 1254 4435 et
1279 4379 1340 4435 in
1369 4378 1606 4436 excelsa
1634 4382 1900 4436 statuens
1928 4386 2060 4439 me‘
2085 4387 2099 4442 Ἰ

2301 4387 2402 4436 mi
2431 4382 2641 4456 έλάφου,
2671 4387 2762 4435 καὶ
2793 4381 2876 4436 ἰπὶ
2904 4384 2970 4436 τὰ
2999 4381 3178 4454 ὑψηλὰ
3220 4385 3379 4438 ἱστῶν
3411 4403 3474 4458 με
3504 4401 3518 4454 ;
3570 4407 3593 4436 ι
3633 4387 3804 4440 Πάλιν
3868 4389 3893 4441 ὅ

507 4465 765 4520 Rursum
799 4466 986 4523 David
1010 4468 1264 4524 orationi
1305 4471 1633 4540 praecurrat
1667 4483 1807 4524 cum
1838 4469 2011 4528 solito
2067 4473 2099 4530 d

2300 4469 2457 4526 Lauld
2495 4476 2828 4548 προτρεχέτω
2883 4479 2975 4525 τοῦ
3032 4471 3185 4544 λόγου
3224 4476 3353 4546 μετὰ
3381 4483 3475 4537 τῆς
3516 4477 3782 4539 συνήθους
3809 4498 3892 4530 κι-

506 4551 877 4625 cacbordojet
887 4555 1056 4612 suavi
1073 4555 1334 4613 melodia
1346 4559 1616 4612 animam
1639 4571 1839 4613 meam
1851 4560 2098 4619 remissa

2298 4565 2430 4636 Ιύρας
2485 4566 2575 4614 καὶ
2622 4569 2722 4614 τῶν
2793 4557 3146 4634 ἠδυφθόγγων
3209 4562 3528 4638 μελουργιῶν
3599 4564 3890 4640 έπαλείφων

505 4645 562 4698 et
584 4640 983 4701 dormientem
1013 4645 1190 4718 quasi
1248 4646 1549 4716 inungens
1601 4645 1681 4703 ad
1735 4645 2020 4706 doctrinae
2053 4657 2097 4709 sl

2297 4653 2451 4726 ὅσπερ
2504 4653 2564 4703 τὸ
2620 4658 2716 4714 τῆς
2773 4649 2958 4722 ψυχῆς
3014 4648 3272 4725 ἀνειμένον
3335 4654 3698 4718 καθυπτιάζον
3763 4660 3889 4732 πρὸς

504 4729 673 4787 dium
703 4745 961 4805 eamque
990 4733 1070 4791 ad
1097 4735 1195 4790 Dei
1225 4733 1436 4792 laudes
1465 4733 1755 4804 excitans,
1786 4736 1890 4808 qui
1916 4754 2013 4797 me
2056 4757 2096 4796 v

2297 4742 2335 4792 ’ὸ
2369 4735 2587 4794 στάδιον
2615 4747 2707 4803 τῆς
2739 4735 3098 4803 διδασκαλίας
3126 4743 3362 4817 καὶπρὸς
3389 4737 3696 4814 δοξολογίαν
3722 4729 3889 4820 διερε-

502 4823 625 4877 tute
649 4821 960 4895 praecingit
987 4823 1268 4895 scientiae,
1318 4824 1700 4898 sterilemque
1757 4841 1958 4885 meam
2003 4846 2094 4890 me

2292 4828 2423 4890 λέξον
2450 4835 2606 4896 Θεοῦ,
2648 4836 2739 4882 τοῦ
2785 4829 3186 4905 περιζωννύντος
3214 4849 3279 4903 με
3329 4826 3552 4904 δύναμιν
3613 4838 3884 4904 γνώσεως,

501 4913 623 4968 tem
650 4910 986 4970 inhabitare
1015 4913 1154 4971 facit
1180 4915 1241 4971 in
1273 4930 1448 4973 sacra
1492 4915 1607 4972 hac
1663 4914 1872 4984 domo,
1911 4924 2093 4978 matre

2294 4922 2666 4983 ιατοικίζοντος
2727 4922 2822 4977 τήν
2895 4923 3101 4994 στείραν
3165 4938 3267 4993 μου
3329 4915 3564 4974 διάνοιαν
3631 4919 3680 4974 έν
3758 4927 3886 4995 οἴκῳ

499 4997 759 5057 filiorum
787 5000 1108 5075 latentem;
1141 5003 1288 5077 ipsis
1311 5003 1452 5062 inde
1478 5003 1692 5076 genitis
1723 5003 2014 5066 doctrinm
2047 5028 2091 5067 s4

2294 5010 2442 5080 τούτῳ
2483 5007 2622 5084 ἱερῷ,
2679 5011 2882 5084 μητέρα
2914 5007 2998 5062 ἐπὶ
3042 5012 3239 5072 τέκνοις
3295 5009 3718 5085 εὐφραινομένων,
3778 5020 3886 5075 τοῖς

502 5089 806 5149 monibus.
827 5092 955 5150 Non
984 5093 1147 5150 enim
1169 5110 1343 5152 meus
1363 5098 1451 5152 est
1473 5093 1568 5152 ille
1597 5093 1842 5167 fructus,
1875 5097 1984 5154 sed
2005 5102 2094 5158 tot}

2294 5096 2488 5151 ιῦτὸοεν
2539 5100 2958 5172 ἁποτικτομένοις
3007 5097 3183 5171 λόγοις
3240 5094 3594 5163 διδακτικοῖς.
3647 5100 3726 5154 Οὐ
3783 5105 3886 5177 γὰρ

501 5192 539 5233 ιι
565 5179 756 5248 gratia
787 5181 888 5237 Dei
941 5183 1212 5254 procedit
1265 5203 1277 5254 ;
1310 5199 1432 5243 non
1459 5188 1627 5260 quod
1657 5191 1772 5248 sim
1803 5202 1917 5259 ego
1950 5189 2050 5248 illa
2077 5209 2093 5248 (

2293 5188 2397 5260 ἐμὸν
2450 5193 2604 5240 τοῦτο
2661 5189 2995 5263 κατόρθωμα,
3049 5186 3156 5241 ἀλλ’
3209 5188 3322 5242 ὅλον
3373 5196 3467 5250 τῆς
3509 5190 3734 5263 χάρίτος
3794 5197 3885 5244 τοῦ

501 5279 675 5336 gnus,
709 5268 815 5324 sed
844 5271 1009 5342 quod
1039 5271 1292 5330 dilectus
1324 5279 1413 5332 est
1437 5277 1557 5335 Deo
1582 5280 1846 5352 populus
1874 5297 2046 5339 meus
2072 5298 2085 5338 :

2292 5281 2410 5330 Βεοῦ
2435 5297 2448 5310 ·
2483 5275 2588 5348 οὐχ
2616 5278 2697 5330 ὃτι
2725 5275 2868 5340 ἄξιος
2896 5279 3088 5340 ταύτης
3135 5275 3258 5350 έγὼ,
3307 5276 3416 5329 ἀλλ’
3468 5278 3549 5330 ὅτι
3606 5276 3884 5350 ἀγαπητὸς

499 5360 741 5427 propter
765 5371 877 5413 nos
899 5374 994 5416 me
1014 5360 1259 5421 roborat
1279 5367 1336 5422 et
1363 5363 1467 5424 dat
1485 5366 1738 5428 verbum
1767 5369 1830 5428 in
1859 5370 2091 5446 apertio:

2289 5364 2448 5439 ἱέμὸς
2473 5363 2596 5429 λαὸς
2621 5372 2696 5438 τῷ
2726 5374 2863 5438 Θεῷ,
2911 5369 3002 5420 καὶ
3059 5363 3137 5420 δι’
3188 5368 3330 5440 ἡμᾶς
3375 5364 3462 5441 ἔμε
3505 5361 3762 5441 δυναμοῖ,
3793 5373 3881 5421 καὶ

575 5499 589 5534 ⁸
619 5498 773 5556 Psal.
801 5515 940 5568 xvu,
991 5506 1173 5564 32-34.

569 5639 689 5715 (69)
708 5641 918 5703 Conf.l
950 5646 1091 5718 Reg.
1118 5662 1175 5721 ιι,
1199 5647 1290 5706 20.
