4032 6308
152 320 272 376 737

1331 310 1621 374 HOIILIA
1658 313 1727 372 IN
1764 313 1864 374 SS.
1900 304 2362 373 INNOCENTES.

3429 315 3543 379 738

155 436 370 494 δίδωσι
393 437 546 511 λόγον
576 436 626 490 ἐν
678 436 869 502 άνοίξει
914 443 1009 492 τοῦ
1065 441 1348 513 στόματος,
1395 443 1486 493 καὶ
1515 446 1616 513 μοῦ
1655 459 1778 494 κατ·

1897 438 2007 498 oris
2038 437 2182 510 mei,
2204 439 2262 494 et
2279 435 2451 510 erigit
2476 434 2662 510 pedes
2685 453 2856 498 meos
2881 439 2962 500 ad
3008 441 3543 515 evangelizaudum

151 530 368 603 αρτίζει
431 531 551 590 τοὺς
622 525 790 590 πόδας
865 527 1327 603 εὐαγγελιζομένου
1405 528 1613 604 εἰρήνην
1686 534 1775 584 καὶ

155 618 358 691 ἀγαθά·
396 623 486 672 καὶ
534 618 620 671 ἐπὶ
685 621 744 670 τὸ
809 617 1010 689 ὑψηλόν
1068 626 1217 673 τοῦτο
1285 620 1410 690 ἰστᾴ
1477 617 1776 693 ξυλολόφιον

156 716 379 784 κήρυκα
405 707 660 770 εὐσεϐείας
683 712 774 762 καὶ
831 704 1158 763 διδάσκαλον
1191 707 1397 784 ἀρετῆς.
1469 714 1569 763 Καὶ
1625 709 1777 764 πάλιν

155 799 327 861 αὐτὸς
355 802 426 862 ὡς
463 801 670 871 σημαία
696 795 780 852 ἐπὶ
809 795 1023 870 βουνοῦ,
1061 803 1151 852 καὶ
1180 801 1247 862 ὡς
1295 801 1438 861 ἱστός
1476 796 1553 852 ἐπ’
1603 801 1776 872 ὅρους,

154 888 525 962 συναθροίζων
551 890 613 941 τό
645 889 778 961 ἱερὸν
809 887 1200 961 στρατολόγιον.
1263 888 1340 942 Οὐ
1393 891 1496 961 γὰρ
1549 887 1610 940 ἂν
1658 887 1776 942 τολ-

154 982 325 1050 μήσω
350 976 508 1030 εἰπεὶν
532 976 611 1028 ὅτι
640 978 706 1036 ὡς
754 975 894 1037 πόλις
950 974 1120 1030 ἐπάνω
1173 977 1347 1052 ὅρους,
1404 981 1496 1030 καί
1563 979 1633 1039 ὡς
1687 975 1775 1029 λύ-

153 1085 294 1138 χνος
325 1069 412 1119 ἐπὶ
462 1065 706 1138 λυχνίας·
773 1073 942 1119 ταῦτα
997 1069 1099 1140 γὰρ
1158 1075 1258 1119 τῶν
1323 1064 1600 1129 ἀναϐάσεις
1659 1074 1774 1130 ταῖς

157 1164 310 1227 σφῶν
375 1150 620 1228 καρδίαις
682 1155 955 1227 τιθεμένων
1006 1160 1098 1209 καὶ
1153 1157 1244 1216 τάς
1303 1162 1405 1208 τῶν
1463 1153 1774 1228 ἀναϐαθμῶν

151 1242 459 1314 ψαλλόντων
489 1238 654 1314 ᾠδὰς,
694 1243 762 1294 ὧν
817 1247 909 1297 καὶ
958 1245 1017 1296 τό
1067 1251 1170 1317 φῶς
1233 1251 1332 1296 τῶν
1380 1246 1541 1317 ἔργων
1587 1246 1774 1318 ἐμπρο-

159 1334 285 1385 σθεν
351 1340 452 1384 τῶν
513 1329 792 1406 ἀνθρώπων
847 1330 1060 1405 λάμπει,
1129 1335 1264 1386 κατά
1319 1335 1380 1385 τό
1437 1332 1772 1405 [εὐαγγέλιον.

159 1425 290 1497 Φέρε
318 1425 490 1475 τοίνυν
517 1420 571 1484 ἐξ
622 1420 799 1494 ἐορτῆς
850 1420 1276 1496 μετελωσὼμεθα
1329 1421 1402 1484 εἰς
1453 1421 1634 1495 ἑορτὴν
1686 1431 1778 1483 τῆς

167 1514 571 1586 παρῳχημένης
643 1513 738 1568 τὴν
813 1509 1116 1583 με’λλουσον,
1185 1508 1240 1563 ἐκ
1301 1519 1397 1572 τῆς
1461 1518 1780 1573 Δεσποτικῆς

159 1601 305 1652 κατά
373 1601 545 1674 σάρκα
594 1604 878 1670 γεννήσεως
936 1598 1020 1654 ἐπὶ
1070 1604 1163 1659 τὴν
1218 1607 1320 1652 τῶν
1374 1597 1572 1653 δούλων
1632 1601 1778 1673 ἡμῶν

158 1687 528 1761 ἀναγέννησιν·
560 1691 616 1742 ἐκ
644 1696 738 1742 τοῦ
778 1687 989 1765 ἀστέροθ
1037 1693 1164 1763 πρὸς
1213 1693 1299 1742 τὸν
1355 1693 1517 1762 μέγαν
1562 1690 1777 1762 λύχνον,

1887 544 2104 603 pacem
2133 531 2192 585 et
2216 525 2400 593 bona;
2428 531 2486 584 et
2504 542 2602 584 me
2631 545 2811 603 super
2837 529 2997 590 hanc
3021 531 3320 590 excelsam
3349 531 3549 590 cathe-

1888 618 2064 677 dram
2095 616 2299 676 statuit
2335 615 2573 690 pietatis
2603 634 2946 692 prieconem
2979 624 3036 678 et
3073 621 3306 681 virtutis
3351 620 3546 693 magi-

1889 713 2097 766 strum.
2131 710 2196 764 Et
2221 722 2464 764 rursum
2491 705 2620 780 ipse
2652 711 2944 782 tanquam
2997 709 3280 768 vexillum
3308 709 3370 766 in
3399 709 3548 768 colle

1889 801 1947 854 et
1972 801 2266 872 tanquam
2295 794 2492 854 malus
2524 794 2588 852 in
2615 803 2839 867 monte,
2873 813 3253 871 congregans
3304 814 3548 857 sacrum

1887 886 2234 944 exercitum.
2264 887 2394 943 Non
2415 885 2579 942 enim
2611 885 2852 944 audebo
2882 887 3079 945 dicere
3110 903 3206 944 me
3230 904 3368 946 esse
3423 892 3551 945 tan-

1885 991 2074 1048 quam
2102 974 2315 1032 urbem
2343 990 2530 1048 supra
2559 979 2826 1033 montem
2853 981 2957 1034 aut
2982 981 3272 1051 tanquam
3319 976 3549 1050 lampa.

1885 1064 2026 1122 dem
2056 1080 2239 1137 supra
2265 1063 2699 1122 candelabrum
2725 1081 2738 1121 :
2766 1064 2898 1122 huic
2925 1066 3090 1123 enim
3143 1082 3352 1124 eorum
3405 1067 3550 1122 sunt

1885 1153 2068 1227 quiin
2097 1153 2314 1211 vestris
2348 1153 2634 1211 cordibus
2649 1170 3005 1228 progressus
3027 1160 3304 1229 statuere,
3335 1160 3394 1213 et
3418 1170 3550 1228 gra-

1886 1243 2078 1301 duum
2108 1242 2495 1317 psallentium
2516 1248 2728 1302 cantus
2760 1260 3040 1318 posuere,
3057 1260 3321 1319 quorum
3346 1245 3450 1301 lux
3471 1260 3545 1302 ex

1889 1333 2173 1407 operibus
2195 1349 2404 1390 coram
2429 1331 2780 1389 hominibus
2806 1332 2962 1391 lucet
3005 1334 3339 1392 secundum
3359 1337 3550 1391 Evan-

1889 1422 2137 1493 gelium.
2160 1419 2264 1479 Eia
2291 1421 2471 1493 igitur
2487 1437 2518 1478 e
2534 1422 2690 1478 festo
2721 1427 3098 1480 transeamus
3110 1423 3189 1480 ad
3207 1421 3449 1495 festum,
3477 1439 3548 1481 ex

1891 1509 2196 1568 celebrato
2225 1509 2300 1567 ad
2331 1509 2622 1580 futurum,
2645 1526 2717 1567 ex
2746 1510 2982 1568 Domini
3033 1510 3368 1568 secundum
3416 1527 3550 1569 car-

1889 1615 2032 1656 nem
2059 1599 2443 1670 generatione
2469 1598 2548 1655 ad
2571 1603 2840 1656 nostram
2872 1615 3185 1657 servorum
3240 1615 3552 1672 regenera-

1888 1687 2119 1746 tionem
2145 1707 2158 1757 ;
2190 1703 2264 1744 ex
2295 1685 2465 1744 stella
2491 1686 2570 1745 ad
2595 1703 2885 1759 magnam
2913 1688 3283 1762 lampadem,
3307 1705 3382 1746 ex
3413 1689 3552 1746 stel-

155 1787 253 1832 τοῦ
321 1775 628 1854 προρδόμου
697 1787 795 1832 τῶν
836 1776 1200 1855 ἀστρολατρῶν
1267 1783 1352 1833 ἐπὶ
1405 1783 1493 1832 τόν
1554 1775 1782 1854 πρόδροο

1897 1777 2086 1836 larum
2117 1778 2506 1835 adoratorum
2531 1775 2738 1834 itinere
2769 1777 2850 1834 ad
2879 1778 3058 1835 totius
3101 1777 3347 1849 justitias
3401 1777 3551 1835 Solis

164 1887 267 1942 μον
305 1875 397 1922 τοῦ
425 1868 600 1922 Ἠλίου
637 1875 730 1929 τῆς
786 1864 1146 1939 δικαιοσύνης,
1201 1867 1260 1922 οὐ
1313 1870 1501 1944 τριττὰ
1558 1872 1786 1944 προσφέο

163 1976 341 2032 ροντες
373 1954 541 2031 δῶρα,
570 1961 752 2010 πίστιν
779 1953 840 2010 δέ
903 1957 1094 2031 μᾶλλον
1151 1963 1245 2017 τὴν
1303 1958 1374 2020 εἰς
1426 1961 1635 2034 Πατέρα
1689 1959 1780 2011 καὶ

164 2049 292 2100 Υίόν
315 2051 407 2099 καὶ
430 2046 579 2118 ἅγιον
607 2052 818 2119 Πνεῦμα
846 2049 909 2105 ἦν
937 2045 1308 2123 ἐπισφραγίζει
1359 2050 1418 2100 τό
1468 2045 1775 2121 βάπτισμα.

172 2135 310 2189 Μετ’
383 2133 610 2208 ἀγγελων
671 2131 994 2208 ἐδοξάσαμεν
1057 2141 1317 2210 πρότριτα
1374 2141 1468 2195 τὴν
1535 2135 1783 2212 ἐνανθρὼ-

159 2243 328 2283 πησιν
357 2232 452 2277 τοῦ
481 2231 638 2292 Θεοῦ,
671 2229 766 2277 καὶ
796 2225 927 2300 ὑπερ
973 2225 1227 2297 ἀγγελους
1281 2221 1639 2299 ἐδοξάσθημεν
1691 2222 1788 2280 διὰ

161 2317 385 2371 ταὺτηνο
421 2335 449 2363 ‹‹
491 2313 566 2366 Οὐ
619 2315 724 2387 γὰρ
784 2311 1014 2386 ἀγγελων
1075 2313 1365 2383 ἐπελάϐετο,
1426 2317 1595 2376 καθὼς
1644 2317 1706 2368 οἷν
1757 2317 1786 2368 ό

167 2403 375 2465 Παῦλος
433 2401 555 2478 ἐρείο
624 2400 754 2456 ἀλλά
809 2407 1116 2478 σπέρματος
1166 2403 1425 2478 Ἀϐραὰμ,
1485 2407 1598 2458 ὅθεν
1653 2406 1789 2459 κατά

173 2495 353 2547 πάντα
377 2493 504 2565 ἡμῖν
540 2493 784 2566 ὡμοιώθη
826 2498 996 2568 χωρὶς
1036 2492 1316 2569 ἁμαρτίας.
1358 2516 1387 2543 ι»
1428 2497 1575 2548 Μετά
1609 2498 1789 2567 ποιμέ-

174 2603 278 2634 νων
345 2580 797 2654 περιελάμφθημεν
852 2589 915 2654 τῇ
979 2578 1106 2655 δόξῃ
1165 2589 1256 2635 τοῦ
1302 2585 1639 2656 γεννηθέντος,
1698 2588 1790 2637 καὶ

175 2672 306 2746 ὅπερ
379 2675 627 2743 ποιμένας
690 2673 750 2722 τὸ
816 2668 1112 2743 ἀφάταστον
1176 2680 1272 2734 τῆς
1338 2679 1643 2747 σαρκώσεως
1704 2672 1790 2726 ἐπ·-

176 2765 484 2833 εγνὼκειμεν
552 2759 648 2812 οὐκ
713 2759 994 2832 ὀφθαλμοῖς
1050 2765 1205 2834 μόνον
1255 2761 1632 2835 παραλαϐόντες
1687 2766 1792 2815 κείο

175 2869 328 2923 μενον
358 2849 408 2903 ἐν
439 2851 602 2923 φάτνῃ
634 2857 696 2922 τῇ
729 2858 988 2924 μυπικῇ,
1056 2849 1185 2904 ἀλλά
1247 2857 1335 2905 καὶ
1393 2857 1619 2924 στόματι
1673 2848 1792 2904 δια·

173 2939 587 3012 ψηλαφήσαντες
644 2942 732 2991 τὸν
789 2939 1026 3012 οὐράνιον
1089 2942 1245 3014 ἄρτον
1310 2941 1381 3003 εἰς
1449 2939 1789 3016 βεϐαιοτέραν

171 3035 270 3088 τὴν
299 3033 584 3084 πίστωσιν.
610 3028 922 3102 Ὀφθαλμῶν
1094 3033 1196 3104 γὰρ
1253 3030 1415 3084 ὠτίων
1466 3036 1788 3107 πιστότεροι,

177 3117 454 3192 ὁγθαλμῶν
481 3114 541 3171 δε
578 3117 680 3190 ἁφὴ
732 3115 1061 3192 βεϐαιότερα,
1119 3122 1293 3193 στόμα
1348 3116 1408 3174 δέ
1463 3125 1554 3174 καὶ
1624 3118 1789 3194 ἀμφο-

174 3212 340 3283 τέρων
367 3211 694 3284 πιστότερον.

250 3296 320 3353 Β’.
364 3299 576 3351 Πάντων
613 3293 702 3350 οὖν
752 3304 853 3350 τῶν
911 3295 962 3349 ἐν
1014 3297 1240 3372 Βηθλεέμ
1292 3300 1602 3373 ἱεροπρεπῶς
1656 3299 1792 3354 τελεο

179 3389 407 3441 σθέντων
465 3387 803 3460 χαρμονικῶν
867 3389 1020 3439 ὄντων
1086 3392 1174 3440 καὶ
1237 3387 1504 3462 τερπωλῆς
1559 3387 1788 3464 ἐμφορη-

177 3485 339 3530 τικῶν
379 3473 761 3537 διαϐαινούσης
791 3475 859 3537 εἰς
883 3480 978 3534 τὴν
1007 3477 1215 3549 ψυχὴν,
1257 3477 1306 3530 ἓν
1345 3474 1409 3536 ἦν
1453 3482 1512 3530 τὸ
1570 3481 1790 3532 ἀνιάσαν

179 3571 273 3618 καὶ
305 3568 541 3638 συγχέαν
570 3567 664 3628 τάς
717 3561 954 3627 διανοίας
1007 3574 1108 3618 τῶν
1176 3565 1553 3641 φιλοχρίστων,
1612 3569 1642 3626 ἠ
1699 3575 1792 3629 τῆς

181 3653 532 3730 ἀπειροκάκου
556 3653 788 3715 νεολαίας
843 3653 1127 3728 ἀναίρεσις.
1170 3657 1197 3708 ό
1247 3657 1492 3729 θερισμός
1546 3665 1637 3717 τῆς
1689 3655 1790 3710 ἀώ-

179 3762 270 3816 ρον
300 3743 471 3815 χλόης
504 3747 596 3796 καὶ
636 3740 938 3816 ἀρτιφυοῦς.
1004 3742 1144 3802 Πλὴν
1204 3749 1294 3796 καὶ
1353 3747 1644 3806 τότε-τοῖς
1699 3750 1790 3817 μὶν

183 3833 456 3908 θερίζουσι
474 3831 664 3905 μᾶλλον
724 3828 1172 3905 ἐπιδακρύσαμεν,
1233 3841 1340 3895 τοῖς
1407 3830 1467 3886 δὲ
1517 3835 1790 3910 θεριζομέ-

181 3941 286 3983 νοις
309 3917 672 3994 ἐφηδύνθημεν
703 3916 1028 3994 δράγμασινο
1077 3923 1159 3974 ὅτι
1213 3921 1264 3974 ἐν
1293 3921 1499 3995 μαλακῇ
1567 3930 1629 3996 τῇ
1684 3943 1790 3997 ποᾳ

182 4017 273 4064 καὶ
301 4009 532 4064 νεοθαλεῖ
567 4007 730 4086 ἀδρόν
781 4014 869 4063 τὸν
917 4011 1125 4083 στάχυν
1177 4007 1604 4079 ἀποδεδωκασιν,
1660 4011 1788 4066 ἀπο·-

187 4103 357 4159 θηκῶν
387 4109 487 4152 τῶν
525 4101 632 4153 οἰνω
683 4099 916 4162 ἐπάξιον.
987 4105 1088 4153 Καὶ
1140 4100 1234 4153 οὐκ
1291 4104 1516 4173 εἰπομεν,
1567 4100 1792 4173 Εὐλογία

186 4196 384 4266 Κυρίου
413 4189 499 4244 ἐπὶ
529 4195 649 4254 τοὺς
691 4191 1004 4265 θερίζοντας·
1057 4189 1184 4243 ἀλλά
1237 4196 1331 4250 τήν
1393 4191 1632 4267 εὐφορίαν
1689 4200 1789 4244 τῶν

186 4277 508 4355 δραγμάτων
572 4279 982 4355 ἐμακαρίσαμεν.
1061 4279 1121 4333 Εἰ
1191 4283 1292 4353 γάρ
1349 4285 1440 4332 καὶ
1504 4280 1790 4355 παραπλη-

187 4374 318 4432 σίως
343 4377 455 4430 τοίς
479 4367 564 4422 ἐπί
589 4377 690 4422 τῶν
722 4366 978 4442 δωμάτων
1019 4367 1291 4440 ἐσχήκασι
1341 4372 1400 4420 τό
1450 4369 1788 4446 ευμάραντον,

187 4457 235 4510 ἐν
255 4458 416 4530 ὀλίγῳ
445 4457 746 4518 ἀνθήσαντα
774 4477 830 4511 τε
893 4462 985 4511 καί
1045 4457 1246 4516 ἀπανθή
1259 4477 1442 4512 σαντα⁸
1511 4458 1642 4512 ἀλλὰ
1703 4464 1792 4514 τὸν

185 4546 379 4600 κόλπον
445 4546 750 4621 ἐπλήρωσαν
777 4555 871 4600 τοῦ
902 4546 1144 4621 Ἀϐραὰμ
1167 4555 1259 4600 τοῦ
1297 4551 1364 4600 τά
1403 4557 1624 4602 τοιαῦτα
1673 4549 1793 4602 συλ-
1824 4519 1869 4573 D

185 4635 421 4699 )έξαντος
445 4633 731 4710 δράγματα
775 4640 866 4688 καὶ
920 4635 1346 4708 συγκλείσαντος.
1409 4637 1564 4691 Ἀλλά
1617 4638 1792 4692 ἔλαθεν

190 4725 428 4780 ἐαυτὸνό
473 4730 718 4798 μεμηνὼς
781 4721 1009 4800 Ηρὼδης
1071 4731 1163 4778 καὶ
1219 4729 1411 4795 ἔκνους,
1473 4727 1499 4779 ό
1556 4736 1626 4791 τῷ
1683 4733 1792 4782 ὄντι

190 4815 522 4890 δερμάτινος.
576 4815 665 4876 Εἰς
736 4823 887 4868 τοῦτο
941 4817 1045 4887 γὰρ
1095 4817 1125 4873 ἠ
1203 4814 1390 4878 κλῆσις
1439 4816 1599 4868 αὐτοῦ
1673 4835 1792 4889 μετ-

188 4903 554 4964 ηλώττισται.
625 4902 809 4958 Ἐλαϐε
879 4908 940 4957 τό
1040 4900 1532 4978 ἠρυθροδανωμένον
1635 4903 1794 4960 ἐκεῖνο

192 4991 364 5068 δέρμα
386 4993 440 5057 ἐξ
461 4992 638 5048 ἀθὼων
685 4995 942 5066 αἱμάτων,
998 4997 1056 5046 τὸ
1108 4992 1378 5046 συντελοῡν
1428 4994 1500 5055 εἰς
1541 4996 1607 5047 τά
1667 5014 1795 5054 σκη-

187 5091 408 5158 νώματα
442 5091 532 5144 τῆς
559 5079 767 5156 Κηδάρ,
799 5085 919 5136 ἔνθα
974 5084 1000 5134 ό
1052 5091 1145 5135 τοῦ
1197 5087 1415 5145 σκότους
1464 5085 1648 5156 ἄρχων
1702 5089 1794 5137 καὶ

191 5174 280 5227 ἀπ’
312 5170 485 5248 ἀρχῆς
509 5170 928 5248 ἀνθρωποκτόνος
975 5175 1382 5230 ὶπαναπαύεται.
1436 5177 1535 5226 Καί
1577 5192 1637 5244 γε
1683 5181 1792 5236 πῶς

191 5257 403 5322 ἐλπίδος
462 5260 681 5333 ἐσφάλη,
749 5267 839 5314 καὶ
904 5263 1030 5336 ὑπερ
1082 5261 1188 5322 ἐνὸς
1263 5257 1453 5324 δεδιὼς
1514 5259 1790 5334 βασιλέως,

189 5350 407 5412 πολλοὺς
442 5349 591 5411 αὐτὸς
649 5348 964 5422 ἀπετέλεσεν,
1019 5350 1104 5412 οὓς
1153 5355 1247 5409 τὴν
1309 5349 1363 5413 ἐξ
1415 5352 1648 5424 αἱμάτων
1693 5350 1791 5423 ἡμ-

191 5447 348 5518 φίασε
368 5436 694 5513 πορφυρίδα.
723 5440 790 5494 Oi
819 5437 879 5494 δὲ
919 5439 1368 5515 σνμϐασιλεὺουσι
1422 5447 1496 5512 τῷ
1552 5438 1792 5514 ἀθανάτῳ

262 5663 288 5702 9
325 5653 501 5715 Hebr.
542 5672 583 5714 ιι
619 5660 702 5714 16.

1890 1882 2300 1941 progressum,
2335 1881 2460 1923 non
2480 1867 2591 1923 tria
2619 1864 2936 1924 afferentes
2964 1867 3145 1939 dona,
3197 1866 3304 1925 sed
3352 1868 3553 1940 potius

1891 1956 2079 2014 ﬁdem
2105 1955 2169 2012 in
2200 1959 2433 2013 Patrem
2475 1959 2533 2012 et
2576 1954 2785 2012 Filium
2833 1960 2889 2012 et
2947 1956 3232 2028 Spiritum
3275 1961 3553 2014 sanctum

1893 2061 2080 2119 quam
2111 2043 2427 2115 consignat
2448 2043 2775 2117 baptisma.
2807 2043 3022 2100 Triduo
3051 2048 3190 2101 ante
3214 2060 3353 2102 cum
3375 2060 3555 2115 ange-

1892 2131 1964 2190 lis
1990 2131 2462 2205 gloriﬁcavimus
2490 2131 2590 2188 Dei
2611 2132 3110 2200 incarnationem,
3144 2148 3216 2190 ac
3257 2148 3366 2206 per
3415 2149 3554 2190 eam

1896 2237 2082 2296 super
2107 2221 2356 2294 angelos
2387 2237 2599 2278 sumus
2625 2221 2963 2293 gloriﬁcati.
2997 2244 3017 2272 ι
3044 2224 3172 2278 Non
3193 2222 3353 2279 enim
3374 2237 3554 2295 ange-

1894 2311 1988 2370 los
2016 2311 2298 2384 suscepit,
2331 2315 2398 2368 ut
2420 2310 2615 2384 inquit
2644 2310 2890 2378 Paulus,
2921 2310 3027 2367 sed
3058 2325 3265 2368 semen
3297 2311 3552 2369 Abrahae

1897 2401 2059 2459 unde
2080 2401 2142 2458 in
2163 2400 2451 2458 omnibus
2477 2400 2654 2458 nobis
2684 2399 2893 2456 similis
2931 2399 3129 2457 factus
3178 2403 3269 2458 est
3320 2401 3554 2474 absque

1898 2496 2146 2566 peccato
2167 2493 2207 2527 ³·
2239 2514 2270 2542 ››
2302 2495 2449 2550 Cum
2474 2489 2821 2564 pastoribus
2851 2489 3042 2562 gloria
3068 2490 3195 2547 nati
3234 2489 3555 2550 Salvatoris

1902 2581 2217 2656 splendide
2229 2578 2584 2638 circumdati
2596 2595 2832 2651 sumus,
2849 2583 2908 2637 et
2926 2579 3121 2652 magis
3141 2594 3330 2653 quam
3352 2585 3554 2653 pasto-

1898 2685 1996 2729 res
2027 2670 2279 2744 quodin
2307 2670 2723 2727 incarnatione
2752 2668 3045 2727 invisibile
3092 2673 3220 2727 erat
3278 2668 3555 2739 cognovi-

1905 2776 2061 2830 mus,
2087 2775 2212 2818 non
2231 2759 2422 2817 oculis
2443 2757 2627 2816 modo
2646 2775 2787 2816 eum
2811 2759 2916 2832 qui
2941 2759 3002 2816 in
3031 2758 3290 2832 mystico
3318 2757 3555 2816 stabulo

1895 2848 2140 2922 jacebat
2168 2849 2583 2923 pereipientes,
2607 2849 2713 2906 sed
2734 2853 2790 2906 et
2822 2864 2926 2906 ore
2954 2853 3394 2907 contrectantes
3437 2865 3556 2906 ca:-

1899 2939 2113 2996 lestem
2139 2953 2362 3012 panem
2391 2939 2454 2995 in
2483 2937 2812 2995 ﬁrmiorem
2831 2937 3039 2996 ﬁdem.
3067 2937 3234 2995 Oculi
3264 2937 3428 2994 enim
3453 2953 3557 2994 au-

1899 3027 2066 3083 ribus
2086 3025 2382 3083 ﬁdeliores
2413 3029 2568 3097 sunt,
2602 3025 2790 3083 oculis
2821 3029 3025 3084 autem
3054 3029 3248 3084 tactus
3269 3023 3557 3082 sincerior

1901 3133 1972 3175 os
2003 3131 2142 3176 vero
2173 3119 2230 3173 et
2262 3115 2566 3174 ambobus
2592 3114 2853 3173 ﬁdelius.

1972 3293 2039 3350 ll.
2071 3292 2286 3350 Omnia
2314 3291 2495 3366 igitur
2521 3308 2659 3366 quas
2708 3291 3012 3351 Bethleem
3065 3292 3268 3351 divine
3309 3294 3557 3368 peracta

1903 3388 2063 3449 sunt,
2087 3382 2363 3454 jucunda
2391 3387 2531 3440 sunt
2557 3382 2860 3456 plenaque
2881 3381 3087 3440 latitia
3110 3399 3245 3457 quae
3291 3388 3558 3443 mentem

1899 3475 2427 3546 penetrat;unum
2458 3475 2659 3530 autem
2703 3471 2814 3528 fuit
2857 3471 3026 3546 quod
3084 3472 3557 3532 Christianorum

1901 3561 2137 3618 animas
2163 3571 2420 3618 maerore
2437 3560 2621 3618 atﬂcit
2637 3577 2709 3618 ac
2731 3561 2949 3634 turbat,
2978 3562 3389 3620 innocentium
3409 3579 3554 3636 par-

1898 3649 2178 3707 vulorum
2190 3649 2434 3720 ablatio,
2460 3650 2800 3707 immaturae
2825 3651 3143 3708 etrecentis
3161 3651 3366 3709 herbae
3395 3667 3554 3710 mes-

1899 3739 2003 3796 sis.
2037 3741 2400 3812 Quanquam
2421 3746 2479 3797 et
2501 3745 2644 3798 tunc
2669 3739 3031 3797 metentibus
3083 3741 3284 3814 potius
3313 3741 3555 3814 illacry-

1898 3827 2530 3897 mavimus,demessis
2542 3832 2744 3884 autem
2759 3827 2942 3886 laetati
2966 3844 3179 3886 sumus
3207 3829 3551 3902 manipulis.

1900 3923 1964 3974 ln
1993 3923 2196 3976 tenera
2223 3918 2384 3974 enim
2405 3923 2464 3975 et
2490 3917 2740 3975 ﬂorente
2789 3917 2981 3975 herba
3026 3917 3270 3991 plenam
3321 3917 3555 3992 spicam

1898 4005 2290 4072 tradiderunt,
2313 4006 2542 4062 horreis
2573 4006 2918 4063 ccelestibus
2942 4005 3212 4078 dignam.
3236 4010 3302 4064 Et
3320 4023 3445 4065 non
3465 4007 3554 4064 di-

1898 4095 2130 4151 ximus:
2163 4094 2503 4151 Benedictio
2530 4095 2766 4152 Domini
2819 4111 3001 4168 super
3046 4100 3336 4153 metentes
3379 4113 3393 4163 ;
3448 4095 3556 4154 sed

1899 4183 2354 4256 manipulorum
2366 4184 2701 4240 ubertatem
2712 4183 2952 4242 beatam
2965 4184 3238 4242 diximus.
3256 4189 3319 4242 Et
3332 4186 3380 4242 si
3400 4186 3557 4242 enim

1902 4273 2423 4347 quemadmodum
2449 4277 2506 4329 et
2531 4273 2571 4328 ii
2599 4273 2705 4346 qui
2732 4273 2796 4330 in
2825 4273 3111 4331 domibus
3136 4280 3278 4332 sunt
3323 4291 3557 4334 marce-

1901 4379 2065 4420 scere
2084 4367 2350 4436 possent,
2381 4361 2549 4418 brevi
2573 4360 2855 4420 ﬂorentes
2884 4379 2954 4420 ac
2983 4362 3340 4421 deﬂorentes
3369 4381 3382 4420 :
3446 4364 3556 4422 sed

1902 4452 2359 4510 sinumAbrahee
2378 4451 2907 4526 impleverunt,qui
2926 4451 3074 4510 tales
3094 4454 3483 4524 congregavit
3500 4457 3560 4511 et

1901 4542 2197 4600 conclusit
2219 4541 2588 4614 manipulos.
2612 4541 2732 4598 Sed
2754 4543 3022 4614 seipsum
3038 4541 3207 4598 latuit
3225 4542 3430 4600 furens
3444 4543 3557 4600 He-

1900 4632 2080 4689 rodes
2107 4637 2164 4689 et
2182 4631 2434 4688 demens
2456 4648 2524 4688 ac
2542 4647 2754 4688 revera
2781 4631 3107 4689 coriaceus.
3130 4633 3222 4689 Sic
3242 4632 3401 4690 enim
3427 4632 3558 4704 ejus

1901 4737 2126 4778 nomen
2151 4720 2517 4795 interpretati
2545 4725 2706 4777 sunt.
2735 4720 2976 4793 Accepit
3001 4720 3146 4777 illud
3172 4721 3426 4777 rubrum
3450 4737 3556 4779 co-

1900 4811 2059 4868 rium
2085 4810 2388 4867 innocenti
2420 4809 2714 4878 sanguine
2761 4809 3058 4876 effectum,
3117 4810 3420 4881 pertinens
3475 4809 3556 4866 ad

1901 4899 2295 4958 tabernacula
2316 4899 2632 4969 Cedar,ubi
2649 4899 2930 4972 princeps
2960 4897 3344 4955 tenebrarum
3375 4903 3432 4954 et
3449 4899 3556 4972 qui

1902 4990 1982 5046 ab
2010 4989 2178 5046 initio
2205 4988 2514 5046 homicida
2559 4992 2669 5056 est,
2689 4987 3025 5060 requiescit.
3089 4986 3204 5043 Sed
3252 5002 3362 5043 sua
3414 5002 3555 5046 eum

1903 5095 2042 5152 spes
2051 5078 2275 5147 fefellit,
2288 5077 2533 5134 etunius
2545 5091 2734 5133 causa
2745 5077 2963 5132 timens
2983 5074 3160 5146 regis,
3185 5074 3406 5132 multos
3426 5075 3555 5149 ipse

1898 5167 2206 5234 interfecit,
2228 5181 2384 5239 quos
2414 5166 2748 5237 sanguinea
2775 5163 2969 5220 induit
2994 5178 3283 5237 purpura.
3309 5162 3394 5220 Illi
3414 5180 3555 5223 cum

1900 5257 2225 5314 immortali
2244 5270 2382 5326 rege
2406 5257 2660 5326 regnant
2691 5258 2872 5326 atque
2901 5253 2963 5309 in
2992 5256 3283 5310 aeternum
3324 5254 3552 5312 vivunt.

1901 5350 2270 5403 lnsecutores
2285 5349 2511 5412 autem,
2528 5347 2773 5415 propter
2785 5356 2928 5403 suas
2968 5341 3259 5399 adversus
3273 5342 3558 5401 innocen-

1899 5441 1988 5496 tes
2026 5435 2298 5509 injurias,
2329 5432 2679 5492 occidentur
2711 5435 2807 5504 ;et
2843 5431 3004 5492 zelus
3045 5433 3255 5507 perdet
3310 5433 3552 5509 impios,
