4032 6308
510 339 617 398 7‘39
1617 331 1962 395 cantum
2000 329 2049 393 ιι
2089 331 2192 393 cp.
2235 317 2728 395 nummatus.
3768 337 3875 395 7m

509 489 574 541 ut
595 483 819 557 optime
851 473 993 536 dicit
1023 479 1306 536 Salomon
1337 483 1400 553 3;
1426 481 1686 538 violenta
1720 481 1936 538 etenim
1977 495 2101 536 mor

2281 461 2490 533 βασιλεῖ
2516 468 2605 516 καὶ
2638 465 2870 525 συξῶσιν
2909 463 3108 518 αἰώνια.
3145 466 3211 516 Οἱ
3242 455 3301 516 δὶ
3339 460 3583 533 διῶκται,
3641 462 3754 516 ἀνθ’
3811 463 3873 514 ὧν

511 573 813 630 crudelem
829 576 883 626 et
899 569 1266 625 homicidam
1283 572 1548 626 animam
1567 573 1760 644 erupit
1775 572 1996 644 impius
2012 587 2103 642 po:

2278 549 2496 608 ἠδίκουν
2524 558 2760 618 νηπίους,
2823 556 3246 626 φ-ονευθήσονται·
3290 559 3378 605 καὶ
3430 553 3657 626 ἐτασμός
3711 554 3870 606 ὀλέσει

509 680 599 719 ea.
632 666 693 718 Et
728 667 786 716 ut
810 659 1034 730 largius
1062 659 1120 712 in
1163 676 1342 714 scena
1389 677 1530 716 eum
1583 661 1922 728 cohibeam,
1977 658 2095 714 cori

2276 645 2390 700 τούς
2464 641 2686 706 ἀσεϐεῖς,
2765 642 3047 715 ἐπικαίρως
3122 643 3276 713 φάναι
3349 646 3406 692 τό
3485 643 3868 713 Σολομώντειον·

509 769 649 807 ceus
677 750 769 806 ille
801 756 929 804 uter
955 759 1012 802 et
1041 754 1211 802 vetus
1238 754 1503 820 tempore
1545 767 1614 806 ac
1648 750 1894 805 malitia.
1945 752 2003 802 ut
2057 765 2101 802 nl

2279 729 2550 801 βιαιῳκαὶ
2597 735 2698 804 γάρ
2757 734 2964 802 θανάτῳ
3008 735 3100 788 τὴν
3159 731 3405 806 ἀνήμερον
3457 737 3544 782 καὶ
3604 737 3871 802 μιαιφόνον

507 857 648 894 vum
677 840 901 900 vinum,
946 843 1213 891 recenter
1238 838 1496 893 effusum
1525 839 1846 894 infantium
1915 854 2099 906 saugu

2279 818 2457 889 ψυχὴν
2497 820 2755 894 ἐξέρρηξεν
2795 823 2820 872 ό
2848 820 3051 880 ἀνόσιος
3088 821 3322 894 ὕστερον.
3368 825 3486 889 Καὶ,
3544 823 3630 870 ἵνα
3686 821 3871 872 πλατύ-

507 945 644 984 nem
670 928 991 998 accipiens,
1015 925 1299 980 discissus
1322 933 1407 982 est
1435 944 1504 982 ac
1546 928 1888 986 distractus.
1919 934 1975 982 et
2005 944 2099 998 pos

2275 927 2412 978 τερον
2443 906 2756 980 κωμῳδήσω
2803 913 2889 960 τόν
2939 917 3030 969 τῆς
3058 905 3364 983 τραγῳδίας
3414 911 3611 970 ταύτης
3671 905 3867 982 δραμα·

505 1033 690 1090 quam
718 1016 828 1070 has
843 1015 1199 1069 immaturas
1216 1032 1363 1069 uvas
1379 1017 1658 1083 comedit,
1677 1017 1862 1088 ipsius
1884 1017 2097 1070 immar

2277 1002 2505 1069 rov_676v,
2577 1000 2602 1048 6
2669 995 2978 1073 ὃερμάτινος
3034 997 3217 1057 ἐκεῖνος
3276 995 3437 1058 ἀσκὸς
3500 1004 3591 1049 καὶ
3658 999 3869 1057 παλαιός

506 1084 687 1162 tatem
738 1105 974 1158 subiere
1026 1104 1246 1174 proprii
1296 1103 1414 1168 ﬁlii,
1452 1105 1529 1159 ab
1551 1084 2032 1176 ipso—interfecti,
2095 1121 2098 1149 π

2281 1095 2340 1155 τῷ
2372 1093 2546 1160 χρόνῳ
2571 1093 2660 1138 καὶ
2690 1096 2750 1159 τῇ
2807 1093 2985 1159 κακίᾳ,
3045 1090 3108 1147 ὡς
3167 1084 3299 1138 οἶνον
3350 1091 3456 1139 νίον
3507 1091 3566 1140 τό
3624 1087 3873 1150 νεοθλιϐες

506 1199 707 1250 narrat
734 1193 1048 1264 Josephus.
1080 1191 1400 1247 Videbatur
1433 1193 1592 1247 enim
1616 1194 1814 1248 furens
1837 1193 1930 1246 ille
1981 1209 2051 1247 ac
2093 1195 2098 1246 l

2277 1184 2366 1226 τῶν
2396 1185 2608 1246 νεογνῶν
2651 1173 2927 1248 δεξάμενος
2977 1178 3109 1248 αἷμα
3167 1172 3480 1246 διίσχισται
3524 1183 3612 1228 καὶ
3671 1174 3869 1252 διέῤῥη·

508 1287 692 1339 Deum
730 1298 1008 1354 pugnans
1041 1281 1420 1336 Hebrzeorum
1453 1283 1767 1337 dementiae
1803 1282 2094 1353 prteludei-

2282 1283 2408 1332 ιται,
2445 1270 2533 1315 καὶ
2565 1269 2802 1336 ὅμφακας
2829 1269 3043 1326 τούτους
3098 1270 3346 1336 φαγόντος
3400 1266 3581 1331 αὐτοῦ,
3641 1269 3707 1318 τὰ
3762 1264 3874 1318 ἴδια

504 1389 605 1426 rex
638 1371 934 1426 malorum
957 1369 1385 1439 subjectorum,
1419 1387 1488 1424 ac
1520 1369 1664 1424 illud
1697 1371 1968 1425 ommino
2003 1386 2096 1424 νο(

2285 1357 2420 1404 τέκνα
2488 1350 2749 1424 αἱμωδίαν
2817 1355 3146 1419 ὑπέστησαν,
3199 1354 3288 1404 ὑπ’
3353 1353 3510 1405 αύτού
3574 1361 3667 1405 καὶ
3716 1364 3877 1406 ταῦτα

505 1461 694 1516 ferare
724 1460 798 1514 de
827 1458 1270 1527 innocentibus,
1300 1459 1465 1530 quod
1493 1466 1702 1530 postea
1721 1459 1798 1514 ab
1851 1476 1919 1512 eo
1939 1465 2097 1513 consl

2283 1441 2618 1514 iwmpth'vra,
2689 1445 2857 1502 καθὼς
2925 1442 3220 1502 Ἰώσηππος
3276 1444 3489 1516 ἱστορεῖ.
3551 1443 3726 1496 Ἐοικε
3778 1448 3875 1518 γαρ

505 1555 664 1604 tutus
697 1547 953 1619 populus
984 1546 1057 1600 de
1085 1547 1350 1601 Christo:
1387 1570 1412 1596 ‹‹
1449 1549 1703 1616 Sanguis
1737 1565 1944 1602 eorum
1978 1565 2092 1620 sup

2286 1534 2296 1582 ὗ
2358 1533 2582 1603 ἐκμανὴς
2640 1531 2827 1592 ἐκεῖνος
2891 1537 2980 1584 καὶ
3049 1534 3312 1603 θεομάχος
3376 1532 3760 1606 προλαμϐάνειν
3790 1540 3878 1591 τὴν

506 1654 617 1693 nos
647 1642 896 1707 etsuper
925 1635 1077 1690 ﬁlios
1109 1641 1341 1690 nostros
1368 1637 1441 1702 ⁴;››
1467 1638 1548 1691 sic
1580 1637 1828 1692 rabidus
1859 1636 1950 1692 ille
1972 1653 2041 1692 ac
2075 1640 2088 1691 i

2285 1621 2652 1694 τῶνἙϐραίων
2693 1621 2956 1690 ἀπόνοιαν,
2987 1623 3012 1672 ό
3081 1620 3338 1693 βασεϐεύς
3399 1631 3498 1672 τῶν
3558 1631 3730 1683 κακῶς
3787 1622 3877 1696 βα-

505 1724 792 1780 satiabilis
817 1724 1018 1794 lupus,
1045 1732 1318 1778 assuetus
1344 1725 1404 1778 in
1438 1730 1669 1780 teneros
1698 1741 1887 1796 agnos
1911 1727 2097 1780 irruer

2285 1711 2634 1782 τιλευομένων,
2661 1709 2864 1763 κάκεῖνο
2917 1712 3232 1782 φθέγγεσθαι
3297 1711 3536 1784 ἄντικρυς
3593 1717 3713 1784 περὶ
3782 1723 3877 1765 τῶν

505 1821 560 1870 et
580 1815 639 1869 in
662 1814 934 1884 proprios
956 1812 1183 1867 catulos
1197 1815 1372 1884 quasi
1397 1814 1596 1868 furens
1622 1814 1785 1870 rabie
1808 1816 2097 1870 excandui

2284 1797 2491 1873 Βρεφῶν,
2548 1800 2669 1872 ὅπερ
2715 1799 2930 1872 ύστιρον
2986 1802 3013 1850 ό
3060 1799 3147 1850 ὑπ’
3205 1799 3363 1850 αύτὸν
3427 1800 3548 1862 λαός
3609 1806 3734 1875 περί
3789 1810 3876 1854 τού

507 1905 619 1961 Sed
638 1905 856 1973 gratias
871 1903 986 1957 Deo
1003 1903 1105 1974 qui
1119 1904 1196 1975 inj
1209 1910 1370 1958 ustos
1387 1919 1505 1959 non
1521 1903 1904 1976 sinitjustitiae
1938 1918 2099 1958 mam

2281 1894 2522 1959 Ι(ριστοῦ,
2557 1911 2584 1938 ‹‹
2617 1892 2687 1940 T6
2721 1890 2852 1960 αἷμα
2883 1889 3044 1940 αὐτοῦ
3075 1887 3131 1959 ίφ
3192 1890 3348 1959 ἡμᾶς,
3394 1908 3482 1940 και
3540 1888 3626 1941 ἐπί
3678 1894 3746 1942 τὰ
3802 1896 3873 1944 τί·

505 1993 726 2048 diutius
747 1991 1026 2062 effugere,
1061 1991 1164 2046 sed
1185 1974 1560 2061 gloriﬁcatur
1581 1993 1640 2047 in
1668 1974 2030 2058 Pharaone,

2280 1996 2359 2028 ινα
2390 1979 2555 2050 ἡμῶν·
2596 1998 2621 2025 n
2671 1978 2837 2038 οὕτως
2890 1978 2915 2029 ὁ
2973 1974 3262 2038 λυσσώδης
3312 1976 3504 2039 ἐκεῖνος
3551 1994 3644 2030 και
3703 1980 3872 2037 οἰπλη-

503 2083 562 2137 in
594 2081 665 2136 iis
696 2081 818 2153 qui.
852 2080 1370 2152 quemadmodum
1397 2080 1512 2144 ille,
1533 2086 1918 2136 contumaces
1939 2083 2079 2135 sunt

2280 2083 2387 2125 ετος
2458 2065 2612 2126 λύκος
2685 2064 2956 2126 ἓνεθισθείς
3031 2065 3247 2127 ἁπαλοῖς
3323 2065 3520 2138 ἀρνίοις
3583 2067 3872 2140 ἔπιπηδᾷν,

504 2152 1025 2226 ἀίνίῐιᾶήωᾶῐιάᾶῐᾶ
1055 2173 1450 2224 contemnunt
1479 2174 1534 2224 et
1563 2169 1853 2224 humilem
1914 2169 2096 2241 plebe,

2279 2173 2350 2206 ιαι
2380 2162 2490 2216 τοῖς
2529 2156 2735 2215 οἰκείοις
2781 2152 3050 2208 λυκιδίσιν
3103 2158 3167 2216 ὡς
3216 2162 3454 2228 μεμηνὼς
3506 2156 3871 2218 ἕπελύττησεν.

503 2259 856 2331 despiciunt.
890 2258 1002 2314 Sed
1033 2264 1089 2313 et
1117 2274 1278 2312 nunc
1310 2257 1516 2313 audire
1551 2257 1692 2312 mihi
1725 2257 1931 2313 videor
1963 2261 2095 2313 Deu1

2284 2242 2419 2296 Αλλά
2447 2247 2607 2319 χάρις
2635 2252 2707 2314 τῷ
2749 2252 2881 2315 Θεῷ,
2942 2253 3014 2315 τῷ
3083 2249 3156 2316 μὴ
3214 2254 3581 2320 συγχωροῦν-ει
3605 2252 3733 2309 τοὺς
3762 2246 3874 2300 ἀδι-

505 2347 839 2402 dicentem:
876 2347 1186 2416 «Loquere
1213 2345 1347 2400 ﬁliis
1370 2346 1510 2400 novi
1541 2343 1740 2412 lsrael,
1772 2351 1825 2400 et
1857 2351 2068 2417 parent
2094 2367 2097 2398 ε

2284 2342 2482 2394 εούντας
2548 2337 2638 2394 τὰς
2685 2342 2780 2396 τῆς
2839 2331 2996 2397 δίκης
3054 2341 3236 2409 χεῖρας
3304 2333 3731 2411 ἀποδιδράσκειν
3796 2339 3876 2392 ἐπὶ

505 2451 628 2490 non
660 2451 731 2489 ex
770 2437 1021 2505 Egypto
1052 2434 1128 2488 ad
1160 2450 1325 2488 mare
1358 2434 1644 2498 Rubrum,
1681 2433 1787 2488 sed
1816 2450 1887 2489 ex
1919 2450 2097 2502 sangt‘

2285 2421 2414 2487 τολὺ,
2449 2422 2554 2473 ἀλλ’
2596 2419 2980 2494 ἐνδοξαζομένῳ
3039 2422 3087 2473 ἐν
3139 2429 3348 2498 Φαραὼ,
3404 2443 3492 2477 και
3533 2429 3577 2478 εἷ
3615 2445 3700 2488 τις
3762 2429 3877 2481 κατ’

506 2524 600 2578 nis
634 2537 902 2594 purpura
929 2537 1065 2593 quae
1098 2537 1323 2576 novum
1355 2521 1724 2577 Pharaonem
1753 2527 1808 2577 et
1837 2537 2092 2594 pueroru

2283 2510 2452 2563 ἐκεῖνον
2486 2509 2924 2586 σκληροκαρδιος,
2990 2531 3080 2564 και
3140 2515 3288 2566 Θείων
3350 2515 3720 2590 κατολιγωρῶν
3788 2539 3875 2571 κε-

507 2615 841 2667 occisorum
909 2609 1164 2681 perdidit
1213 2612 1566 2677 (innocentis
1631 2611 1788 2666 enim
1849 2611 2099 2680 sanguin

2282 2605 2590 2672 two'paé'row,
2667 2619 2758 2653 και
2857 2608 3288 2676 κατοφρυὼμενος
3379 2601 3504 2657 λαοῦ
3604 2617 3874 2666 ταπεινοῦ,

507 2699 716 2756 eﬂ‘usio
750 2714 912 2753 mors
945 2702 1033 2752 est
1063 2697 1115 2752 ei
1145 2699 1248 2770 qui
1279 2714 1414 2753 eum
1449 2698 1700 2768 effudit),
1733 2697 1809 2754 ad
1841 2699 2094 2772 pulchru

2287 2690 2402 2743 Αλλ’
2431 2690 2623 2742 ἐπαΐειν
2653 2693 2775 2762 ἄρτι
2815 2687 2956 2743 δοκῶ
3015 2691 3254 2762 λέγοντος
3321 2702 3411 2744 τοῦ
3474 2702 3630 2748 Θεοῦ·
3706 2698 3878 2755 Λέλη-

503 2787 848 2856 Iordanem,
869 2786 1102 2842 facilem
1134 2785 1295 2842 illam
1328 2791 1381 2843 et
1415 2787 1640 2843 laboris
1673 2792 1974 2861 expertem
1996 2803 2095 2859 put

2280 2797 2358 2831 τον
2381 2788 2483 2839 τοίς
2510 2783 2643 2842 υἱοῖς
2672 2787 2764 2832 τοῦ
2808 2784 2923 2832 νέου
2975 2779 3205 2855 Ἰσραὴλ,
3265 2787 3354 2834 καὶ
3414 2782 3872 2850 ἀναζευξάτωσαν,

505 2877 866 2932 ﬁcationem.
893 2877 1043 2930 Dum
1075 2876 1233 2930 enim
1257 2876 1366 2932 tria
1387 2881 1524 2932 sunt
1543 2893 1678 2950 quae
1709 2877 2028 2950 puriﬁcant
2048 2893 2097 2932 θ(

2281 2869 2361 2920 nix
2388 2869 2442 2931 ἐξ
2473 2870 2741 2940 Αἰγύπτου
2786 2873 2912 2944 πρὸς
2939 2873 3026 2928 τὴν
3059 2869 3332 2944 Ἐρυθρὰν,
3361 2871 3465 2923 ἀλλ’
3517 2872 3570 2924 ἐκ
3621 2884 3727 2936 τῆς
3779 2885 3873 2928 τῶν

505 2966 606 3037 qui
632 2963 960 3036 procedunt
991 2963 1068 3018 ad
1099 2963 1469 3019 ablutionem
1509 2971 1564 3020 et
1598 2965 2032 3020 abstersionem
2065 2980 2097 3017 v

2283 2960 2502 3028 ιὶμάτων
2540 2958 2756 3032 ἐρυθρᾶς
2792 2961 2907 3020 ἣτις
2975 2962 3063 3011 τόν
3118 2963 3228 3011 νέον
3286 2966 3472 3033 Φαραὼ
3536 2981 3626 3014 και
3683 2962 3875 3016 παιδοι

504 3061 695 3110 terum
737 3052 1133 3123 macularum,
1180 3069 1396 3126 nempe
1430 3053 1755 3126 baptisma,
1792 3055 2076 3127 lacryma:

2279 3052 2442 3098 ιτόνον
2501 3046 2736 3110 ἑξώλεσεν
2786 3047 2988 3120 (ἀθώου
3050 3051 3152 3123 γὰρ
3218 3049 3440 3121 αἵματος
3503 3055 3667 3122 χύσις
3723 3056 3871 3106 θοίνα-

505 3160 612 3216 per
623 3143 976 3213 sanguinem
995 3143 1638 3214 martyrium,ostendit
1651 3145 1995 3200 incarnatus
2012 3148 2097 3199 De:

2280 3154 2351 3196 ro;
2399 3145 2471 3188 τῶ
2529 3136 2794 3208 ἇκχέαντι)
2857 3143 2986 3210 πρός
3058 3143 3144 3190 τόν
3195 3139 3348 3191 καλόν
3402 3138 3695 3214 Ἰορδάνην,
3781 3150 3872 3201 τὴν

505 3233 582 3288 ab
608 3233 774 3286 initio
801 3232 892 3285 sui
922 3232 1215 3286 adventus
1242 3231 1352 3285 has
1394 3248 1594 3287 sacras
1629 3232 1964 3287 oblationes
2006 3233 2095 3286 vic

2280 3228 2458 3277 ἱπονον
2488 3229 2746 3298 κάθαρσιν
2771 3236 2870 3278 τῶν
2909 3225 3190 3299 ἀνθρώπων
3223 3248 3332 3299 ,και
3379 3231 3640 3302 ἅμοχθον.
3705 3240 3872 3306 Τριῶν

507 3336 782 3391 masque,
809 3319 1109 3390 accipiens
1131 3319 1515 3375 excelsiorem
1556 3337 1684 3375 esse
1714 3337 1848 3377 eam
1887 3338 2020 3392 quae
2050 3337 2099 3393 p1

2277 3318 2371 3388 γαρ
2403 3320 2558 3367 όντων
2595 3318 2962 3390 καθαρτηρίων
3014 3325 3120 3367 τῶν
3169 3313 3584 3378 δεαϐιϐαζόντων
3639 3321 3718 3383 εἰς
3782 3329 3869 3380 τὴν

506 3409 859 3477 sanguinem
883 3413 989 3476 est,
1012 3407 1510 3479 purificationem,
1543 3425 1658 3464 non
1688 3411 1868 3464 modo
1895 3411 2038 3482 quia
2071 3427 2097 3463 s

2280 3403 2562 3470 ἓκπλευσιν,
2620 3423 2711 3454 και
2766 3407 2831 3455 τὰ
2878 3402 3234 3477 ἕπιτρίμματα
3279 3414 3379 3456 τῶν
3432 3407 3668 3460 παλαιῶν
3723 3409 3872 3482 μολυ-

506 3497 718 3552 cundis
751 3494 998 3548 maculis
1025 3510 1146 3548 non
1172 3495 1539 3567 inquinatur,
1565 3496 1670 3551 sed
1699 3499 1843 3568 quia
1864 3509 1919 3552 et
1963 3498 2098 3570 lacr;

2278 3501 2412 3563 τμῶν
2473 3493 2637 3545 τέλεον
2695 3491 3097 3559 ἀπονιπτόντων,
3155 3493 3546 3566 βαπτίσματος,
3603 3494 3870 3573 δακρύων,

506 3585 620 3639 fnis
642 3583 784 3653 ipsis
812 3583 1284 3652 perseverantior
1311 3589 1416 3639 est.
1444 3585 1778 3640 Puriﬁcatio
1837 3586 1996 3640 enim
2051 3603 2098 3658 pl

2279 3601 2353 3633 ιαι
2383 3590 2473 3633 τοῦ
2507 3579 2580 3634 δι’
2611 3584 2825 3653 αἳματος
2864 3588 3173 3656 μαρτυρίου,
3231 3580 3420 3646 ἔδειξεν
3470 3587 3494 3636 ὁ
3545 3589 3871 3662 ἕνανθρωπή-

506 3670 873 3743 baptismum
904 3668 1019 3724 alia
1040 3675 1149 3732 est,
1179 3686 1315 3725 cum
1347 3672 1552 3740 gratim
1575 3679 1629 3726 et
1662 3671 1914 3743 Spiritus
1965 3689 2098 3728 sant

2281 3690 2364 3732 τας
2395 3676 2522 3732 Θεός
2552 3670 2606 3722 ἐκ
2644 3677 2931 3744 προοιμίων
2988 3671 3154 3723 αὐτῶν
3200 3682 3296 3733 τῆς
3354 3674 3515 3726 αύτοῦ
3572 3683 3873 3748 παρουσίας

507 3759 770 3816 muneris
804 3759 897 3813 sit.
921 3757 1230 3813 Charitatis
1257 3764 1458 3814 autem
1485 3759 1544 3813 in
1601 3762 1784 3814 Deum
1841 3762 2099 3817 immens

2285 3757 2676 3834 τροσδεξοὲμενος
2702 3763 2908 3833 τὰ’ίερά
2953 3768 3118 3813 ταῦτα
3153 3764 3504 3834 προσθύματα
3555 3784 3646 3816 και
3711 3783 3877 3840 προσ-

505 3848 1058 3905 manifestissimum
1074 3847 1480 3903 testimonium
1494 3863 1614 3903 non
1629 3848 1790 3904 aliud
1817 3855 2046 3906 tantum
2068 3867 2097 3906 e

2281 3853 2428 3921 ράγια
2446 3855 2502 3903 τό
2530 3847 2606 3902 δι’
2658 3853 2875 3922 αἳματος
2938 3847 3067 3902 εἶναι
3131 3869 3192 3903 το
3265 3854 3740 3931 ύπεροχικώτερον,
3815 3857 3873 3908 ού

502 3943 798 4010 quantum
840 3952 946 4008 pro
976 3952 1046 3991 eo
1073 3937 1174 4008 qui
1206 3951 1316 3992 nos
1372 3936 1562 4006 diligit
1591 3938 1811 4008 proprii
1841 3943 2094 4009 sanguin

2279 3945 2414 3992 ιόνον
2454 3940 2534 3992 ὃτι
2594 3936 2852 4011 δευτέροις
2903 3941 3085 4014 ῥύποις
3131 3940 3191 3992 ού
3255 3941 3547 4013 μολύνεται,
3617 3943 3729 3996 ἀλ)’
3795 3948 3871 3998 ὃτι

504 4027 713 4082 etlusio
770 4050 796 4077 «
832 4028 1115 4097 Majorem
1155 4028 1315 4081 enim
1371 4027 1484 4083 hac
1537 4027 1916 4082 dilectionem
1978 4046 2096 4084 neu

2281 4039 2471 4080 ιαιτών
2504 4026 2745 4102 δακρύων
2800 4028 2968 4079 αὐτῶν
3026 4029 3236 4091 πολλοῖς
3306 4036 3411 4092 τοῖς
3465 4039 3641 4104 μετοῖς
3691 4032 3873 4106 ἐπίμο-

503 4115 683 4171 habet
711 4131 896 4187 quam
926 4121 988 4170 ut
1018 4117 1065 4169 si
1096 4115 1233 4186 quis
1273 4116 1539 4170 animam
1577 4133 1753 4171 suam
1807 4123 1990 4189 ponat
2047 4135 2095 4190 p1

2280 4125 2494 4192 νώτερον.
2594 4123 2663 4171 Τό
2723 4121 2825 4192 γὰρ
2902 4114 2994 4170 διὰ
3075 4118 3450 4192 βαπτίσματος
3510 4124 3872 4195 καθαρτήσιον

505 4205 714 4259 amicis
747 4205 867 4258 suis
889 4205 948 4271 5;
981 4223 1010 4256 ν
1044 4205 1091 4258 si
1130 4219 1239 4274 pro
1269 4205 1478 4259 amicis
1511 4221 1672 4272 vero,
1703 4213 1932 4278 quanto
1964 4223 2097 4278 mag

2279 4207 2429 4270 ἰλλως
2461 4213 2595 4282 ἔχει,
2619 4208 2732 4261 ὅλον
2755 4215 2850 4269 τῆς
2889 4211 3106 4282 χάριτος
3145 4208 3199 4259 ὃν
3237 4227 3326 4261 και
3393 4218 3484 4270 τῆς
3546 4208 3748 4283 δωρεᾶς
3779 4220 3871 4264 τού

502 4316 613 4372 pro
647 4301 897 4354 Domino
938 4315 1008 4354 ac
1031 4302 1303 4355 Creatore
1323 4302 1351 4356 ?
1380 4301 1634 4371 Sanguis
1662 4302 1822 4357 enim
1845 4303 2088 4359 ardente

2278 4302 2563 4372 Γινεύματος
2604 4309 2696 4354 τοῦ
2762 4302 2936 4374 ἁγίου.
2993 4302 3226 4373 Ἀγοὶπης
3286 4296 3346 4352 δὶ
3401 4300 3718 4374 ἀκραιφνοῦς
3775 4309 3870 4362 τῆς

503 4388 883 4443 dilectionem
915 4388 1139 4443 indicat
1167 4407 1180 4455 ;
1209 4388 1493 4460 lacrymae
1517 4391 1740 4454 autem,
1761 4397 1818 4446 ut
1838 4392 2095 4448 soletﬁei

2277 4393 2393 4462 τρός
2453 4394 2575 4444 Θεὸν
2640 4397 2918 4467 τεκμήριον
2984 4388 3352 4459 ίκδαλότατον,
3421 4389 3526 4459 ούχ
3587 4390 3762 4460 ἔτερόν
3818 4409 3869 4441 τι

503 4476 582 4531 ob
597 4491 913 4547 ptenarum
929 4477 1202 4531 timorem
1217 4477 1626 4534 effunduntur.
1645 4481 1976 4535 Paucorum
1992 4482 2095 4536 eni:

2277 4480 2422 4539 ›ύτως
2451 4483 2514 4539 ὡς
2541 4485 2600 4532 τὸ
2632 4481 2759 4554 ὑπὲρ
2789 4489 2882 4532 τοῦ
2936 4479 3235 4552 ἀγαπῶντος
3289 4485 3382 4530 τοῦ
3449 4473 3590 4528 ἰδίου
3648 4479 3869 4550 αἵματος

503 4570 560 4620 et
583 4527 796 4619 virtute
827 4564 1224 4636 perfectorum
1248 4570 1340 4620 est
1363 4582 1434 4621 ex
1481 4566 1794 4623 dilectione
1850 4568 2095 4641 lacrym:

2277 4527 2514 4539 π.
2550 4527 2596 4532 -ν
2638 4527 2754 4554 ν---Γ
2799 4527 2875 4532 --ν

2277 4566 2571 4642 ὶφειδῇσαι.
2627 4593 2650 4620 α
2720 4571 2952 4630 Μείζονα
3013 4573 3116 4641 γὰρ
3176 4570 3372 4628 ταύτης
3422 4564 3630 4637 ἀγάπην
3687 4563 3869 4630 οὐδεὶς

501 4653 807 4709 effundere
835 4672 848 4719 ;
879 4654 982 4725 qui
1014 4651 1122 4708 Dei
1144 4652 1439 4708 desiderio
1468 4653 1744 4724 ﬂagrant,
1767 4671 2093 4731 quoruqu

2273 4661 2391 4729 ἔχει,
2423 4661 2504 4711 ἵνα
2554 4679 2631 4720 τις
2659 4664 2754 4717 τὴν
2790 4658 2978 4732 ψυχὴν
3045 4658 3208 4711 αὐτοῦ
3379 4658 3507 4728 ὑπὲρ
3536 4663 3639 4706 τῶν
3707 4656 3865 4728 γίλων

499 4743 716 4799 animae
747 4757 934 4814 quam
965 4741 1246 4796 citissime
1295 4757 1431 4797 cum
1470 4741 1686 4798 dilecto
1717 4747 2055 4802 conversari

2273 4749 2437 4800 ιύτούο
2494 4749 2572 4801 »εἰ
2620 4746 2680 4801 δι
2736 4749 2912 4821 φίλων,
2973 4747 3144 4818 πολλῷ
3198 4745 3389 4819 μᾶλλον
3454 4749 3719 4796 Δεσπότου
3778 4750 3865 4796 καί

504 4831 655 4888 uniri
686 4835 1024 4904 peroptant.
1057 4830 1259 4896 Qualis
1292 4835 1418 4887 erat
1442 4831 1536 4886 ille
1559 4831 1731 4888 dulce
1755 4849 1981 4889 sonans
2012 4851 2096 4908 prd

2275 4844 2504 4896 Ιοιητοῡ.
2535 4842 2605 4890 T6
2631 4841 2722 4910 μὲν
2757 4840 2860 4911 γὰρ
2913 4839 3062 4910 αἷμα,
3121 4835 3332 4908 ἀγάπης
3383 4833 3631 4908 ὺθὲρμου
3694 4828 3867 4892 δηλω-

498 4920 802 4993 topsaltes,
831 4920 1070 4975 citharae
1098 4919 1355 4975 chordas
1377 4922 1516 4976 scite
1542 4926 1916 4978 contrectans
1941 4929 1996 4979 et
2008 4941 2090 4980 cal

2275 4932 2420 4993 ἰκόν,
2443 4932 2500 4980 τὸ
2531 4925 2590 4980 δὲ
2621 4926 2870 5002 δάκρυον,
2906 4932 2970 4988 ὡς
3000 4926 3083 4980 ἐπὶ
3104 4930 3164 4978 τό
3201 4925 3332 4978 πολύ
3391 4920 3485 4976 διὰ
3543 4926 3653 4991 τὸν,
3710 4922 3867 4995 φόϐον

498 5015 625 5065 tum
638 5009 931 5065 blandum
948 5010 1228 5065 accinens
1240 5014 1296 5064 et
1325 5025 1528 5065 amore
1549 5008 1816 5082 plenum.
1845 5034 1871 5060 ‹‹
1889 5013 2090 5077 Quand

2276 5025 2350 5078 ’ἥς
2371 5023 2644 5091 τιμωρίας·
2689 5017 2872 5089 ὀλίγων
2911 5019 3010 5090 γὰρ
3063 5018 3153 5068 xci}
3207 5018 3401 5067 τούτων
3458 5022 3559 5065 τῶν
3612 5012 3868 5065 τελειοτά-

498 5099 755 5160 veniam,
790 5100 888 5169 ait,
921 5103 978 5154 et
1007 5099 1317 5170 apparebo
1348 5104 1482 5154 ante
1511 5099 1726 5155 faciem
1755 5102 1853 5157 Dei
1879 5101 1907 5156 ?
1955 5105 2090 5159 Fact

2275 5123 2349 5164 ἠν
2390 5111 2481 5165 τήν
2507 5111 2566 5159 τὸ
2606 5106 2660 5169 ἐξ
2721 5105 2906 5181 ἀρετὴν
2959 5106 3170 5178 ἀγάπης
3227 5099 3494 5176 δακρύειν,
3548 5107 3640 5154 καὶ
3699 5103 3867 5154 πόθου

500 5193 638 5241 sunt
667 5188 813 5242 mihi
841 5187 1125 5259 lacrymae
1149 5203 1297 5243 meae
1327 5204 1518 5261 panes
1537 5189 1633 5244 die
1672 5205 1741 5245 ac
1782 5197 1972 5261 nocte,
1999 5191 2092 5247 dui

2273 5203 2347 5247 rat)
2376 5200 2507 5269 πρὸς
2537 5201 2688 5265 Θεὸν,
2739 5196 3081 5268 ὀριγνωμίνης
3136 5202 3232 5256 τῆς
3291 5193 3480 5265 ψυχῆς
3539 5199 3614 5262 τῷ
3676 5193 3865 5244 ποθου-

499 5273 712 5329 dicitur
726 5275 1176 5348 mihiquotidie:
1208 5277 1584 5333 UbiestDeus
1615 5283 1752 5333 tuus
1776 5281 1874 5335 °?«
1897 5280 2091 5336 l-‘erinc

2273 5289 2389 5357 ιένῳ
2463 5289 2653 5358 τάχιον
2728 5285 3123 5360 προσομιλῆσαι
3183 5288 3274 5336 καὶ
3337 5283 3732 5356 προσενωΘῆναι
3792 5287 3865 5349 τῷ

498 5365 568 5420 Ac
591 5365 638 5418 si
667 5365 916 5436 quidam
954 5365 1377 5422 obtrectatores
1405 5367 1765 5423 venerandae
1797 5385 1866 5424 ac
1893 5370 2090 5440 sapien

2271 5374 2509 5448 ἔρωμένῳ.
2571 5374 2694 5436 Οἶος
2760 5371 2823 5432 ἧν
2891 5373 3074 5435 ίκεῖνος
3135 5375 3161 5426 ό
3219 5367 3588 5432 καλλικέλαδος
3651 5387 3863 5445 πρωτο-

499 5453 669 5508 uxori
697 5467 833 5524 quae
853 5455 1037 5511 modo
1068 5455 1275 5527 sponsi
1316 5457 1660 5512 societatem
1721 5459 2002 5529 gustavit,
2044 5460 2091 5515 aJ

2273 5461 2455 5533 Ράλτης
2495 5465 2692 5537 εὐφυῶς
2744 5467 3074 5536 ἓπαφώμενος
3135 5471 3232 5525 τῆς
3295 5466 3478 5535 νευρᾶς
3539 5466 3634 5521 τῆς
3692 5461 3865 5512 κιννύ-

620 5659 796 5715 Prov.
825 5671 902 5711 τι.
931 5657 1027 5712 34.
1147 5658 1169 5691 ⁸
1192 5655 1391 5714 Matth.
1419 5674 1592 5731 xxvu,
1623 5663 1719 5716 25.
1835 5661 1858 5695 ⁸
1882 5662 2054 5719 Joan.
2083 5678 2178 5734 xv,
2212 5666 2304 5722 l3.
2426 5666 2448 5700 θ
2479 5662 2638 5733 Psal,
2678 5679 2796 5720 xm.
2826 5667 2883 5736 2,
2911 5667 2966 5734 3,
