4032 6308
106 318 234 412 741:

1337 348 1623 412 HOMILIA
1651 341 1721 404 ΙΝ
1755 346 1852 404 SS.
1900 337 2349 412 INNOCENTES.

3383 314 3489 414 ιιι

107 502 230 556 ρας,
287 485 379 534 καὶ
445 501 495 533 τι
561 478 908 556 προσεπάδων
968 481 1234 554 ἐπαγωγὸν
1292 485 1382 533 καὶ
1456 479 1726 553 ἐράσμιον,

1874 479 2005 532 ente
2035 478 2647 553 paululumtemporis
2682 482 2958 553 conjuge,
2993 482 3228 546 dicant;
3265 483 3373 538 Ubi
3398 487 3490 539 est

114 593 142 619 ‹‹
188 576 322 623 Πότε
349 569 479 636 ἥξω,
509 569 686 642 λέγων,
729 577 817 624 καὶ
870 571 1171 644 ὀφθήσομαι
1221 580 1291 642 τῷ
1338 575 1602 642 προσώπῳ
1641 573 1729 616 τοῦ

117 668 294 724 Θεοῦ;
331 660 580 730 Ἐγενήθη
641 664 704 711 τὰ
767 656 972 734 δάκρυά
1013 681 1111 733 μου
1170 660 1282 732 ἐμοὶ
1334 661 1487 731 οἰρτος
1544 659 1732 729 ἡμέρας

115 766 170 800 τε
226 753 320 799 καὶ
374 753 579 814 νυκτός,
636 748 683 800 ἐν
741 758 809 819 τῷ
875 750 1115 822 λέγεσθαί
1175 769 1264 822 μοι
1329 748 1443 800 καθ’
1507 747 1730 800 ἑκάστην

121 838 326 908 ἡμέραν
383 858 394 869 ο
428 843 537 889 Ποῦ
570 836 711 890 ἐστιν
743 840 768 889 6
818 845 942 898 Θεός
986 857 1112 904 σου;
1171 861 1197 886 ››
1249 837 1446 910 ⁴Ωσπερ
1498 838 1541 886 εἴ
1603 851 1734 893 τινες

125 933 228 976 τῶν
291 923 571 998 βασκάνων
605 929 890 999 σεμνοτάτῇ
950 932 1052 979 τινὶ
1111 931 1199 978 καὶ
1261 931 1485 1000 σώφρονι
1537 925 1732 993 νύμφῇ,

121 1015 248 1086 ἄρτι
286 1019 581 1088 γευσαμένη
623 1025 717 1077 τῆς
774 1024 865 1067 τού
916 1020 1137 1088 νυμφίου
1195 1015 1417 1088 όμιλίας,
1477 1010 1734 1064 διαστάν-

1631 1105 1736 1151 Ποῦ

126 1193 272 1245 ἐστιν
311 1195 338 1244 6
390 1192 614 1266 ἐραστὴς
656 1213 748 1245 σου
785 1211 797 1260 ;
831 1193 1002 1266 ᾤχετο
1061 1193 1356 1245 καταλιπων
1417 1211 1473 1243 σε
1512 1209 1737 1262 μεμονω-

122 1121 207 1164 τος
283 1104 476 1156 ἐκείνου
535 1103 618 1156 ἐπὶ
689 1110 874 1180 μικρὸν
933 1103 1314 1177 ἐπεμϐαίνοντες
1374 1103 1538 1172 ἔλεγον
1574 1122 1585 1132 ·

1841 571 2077 622 amator
2100 569 2269 623 tuus?
2299 568 2453 625 Abiit
2483 569 2826 642 relinquens
2859 576 2934 626 te.
2960 574 3256 637 Quoniam
3289 576 3490 627 autem

1840 670 1960 709 non
1977 657 2348 727 suscepimus
2365 665 2697 730 martyrum
2727 675 2952 728 agones
2970 661 3165 716 verbis
3194 661 3492 716 celebrare

1843 745 1944 798 sed
1977 743 2256 816 baptismi
2281 748 2532 816 gratiam
2561 748 2842 803 laudibus
2875 747 3102 816 efferre,
3135 751 3213 805 ad
3264 749 3492 805 ﬂumen

1842 837 2079 888 nostros
2107 843 2626 902 cursus,nostrum
2659 837 2935 891 ardorem
2968 838 3320 908 dirigamus,
3345 838 3493 893 etin-

1843 919 2097 977 fantium
2127 924 2409 993 injuriam
2448 925 2565 979 alio
2610 925 2792 979 modo
2824 925 3191 982 vindicatam
3222 927 3496 998 exquira-

1846 1027 2003 1066 mus.
2036 1012 2359 1068 Jordanica
2388 1014 2546 1068 enim
2577 1013 2803 1068 ablutio
2845 1015 2904 1070 in
2937 1015 3261 1086 mysticum
3295 1017 3496 1070 sinum

1846 1101 2166 1171 perﬁcitur,
2183 1107 2238 1157 et
2264 1105 2452 1158 sancti
2472 1103 2722 1174 Sp‘ritus
2740 1105 3082 1174 operatione
3108 1105 3496 1177 multiplicem

1844 1188 2288 1262 pulchrumque
2318 1197 2552 1263 partum
2584 1191 2832 1263 profert.

120 1287 298 1355 μένην.
365 1282 485 1334 Ὀτι
519 1297 526 1304 “
558 1287 647 1355 μὲν
692 1280 780 1335 οὖν
832 1284 890 1334 ού
952 1287 1222 1356 πρόκειται
1280 1283 1400 1353 ἄρτι
1447 1287 1515 1348 τῷ
1563 1279 1696 1349 λόγῳ
1760 1281 1818 1328 τὸ
1903 1285 2258 1353 μαρτυρικοὺς
2319 1280 2515 1351 ἀγῶνας
2601 1279 2939 1353 ἐγκωμάζειν,
3009 1281 3136 1334 ἀλλὰ
3192 1288 3285 1341 τὴν
3335 1286 3497 1356 χάριν

128 1380 220 1424 τοῦ
280 1370 649 1443 βαπτίσματος
706 1371 988 1432 ἐπιθειάζειν

1051 1394 1063 1405 .
1106 1370 1188 1422 ἐπὶ
1241 1379 1330 1422 τού
1411 1375 1648 1438 ποταμοῦ
1700 1369 1766 1416 τὰ
1822 1368 2122 1440 ὁρμήματα,
2170 1375 2260 1426 τὴν
2306 1370 2470 1442 ὁρμὴν
2535 1377 2624 1420 τοῦ
2673 1369 2826 1440 λόγου
2897 1376 3206 1443 κινήσωμεν,
3276 1378 3364 1424 καὶ
3441 1375 3498 1422 τὸ

131 1458 232 1512 τῶν
296 1464 494 1517 νηπίων
549 1457 794 1532 ἀδίκημα
843 1465 1030 1535 τρόπον
1093 1458 1259 1532 ἓτερον
1319 1453 1742 1526 διεκδικούμενον
1791 1457 2163 1526 κατοψώμεθα.
2241 1459 2297 1510 Ἠ
2378 1479 2478 1531 γαρ
2537 1455 2839 1532 Ἰορδάνειος
2893 1463 3060 1530 χύσις
3115 1461 3184 1521 εἰς
3239 1467 3501 1534 μυστικήν

130 1547 460 1602 ἀποτελεῖται
489 1553 737 1621 γαστέρα,
780 1555 870 1601 καὶ
899 1547 991 1601 διὰ
1044 1559 1138 1610 τῆς
1168 1557 1258 1600 τοῦ
1302 1548 1454 1617 ἁγίου
1489 1548 1778 1616 Πνεύματος
1827 1549 2112 1617 μαιεύσεως
2139 1547 2473 1599 πολυτεκνίαν
2496 1550 2624 1616 ὁμοῦ
2651 1553 2734 1598 καὶ
2775 1547 3122 1600 καλλιτεχνίαν
3154 1556 3407 1624 προφέρει.

205 1638 284 1692 Γ’.
345 1642 446 1691 Καὶ
485 1646 545 1710 τῇ
602 1641 690 1710 μὲν
752 1639 976 1710 Βηθλεὲμ
1052 1636 1391 1708 ἀτεκνουμένη
1471 1632 1743 1706 βαρυηχὲς

142 1732 201 1779 τὸ
283 1724 613 1802 τραοχῲδημα
669 1729 694 1779 6
767 1724 1103 1801 πολύδακρυς
1182 1727 1426 1798 Ἱερεμίας
1488 1722 1743 1784 ἓπέπλεκε,

1929 1635 2014 1688 ΙΙΙ.
2052 1637 2112 1690 Et
2137 1635 2383 1706 quidem
2418 1637 2710 1692 Bethleem
2745 1635 2880 1691 ﬁliis
2902 1637 3124 1692 orbatae
3155 1638 3504 1694 lamentabi-

1855 1721 1972 1777 lem
2015 1725 2371 1793 tragaadiam
2425 1725 2804 1797 lacrymosus
2845 1725 3128 1781 Jeremias
3158 1727 3502 1782 contexuit:

146 1839 172 1864 ‹‹
207 1822 380 1887 φωνην
447 1815 495 1866 ἐν
542 1815 705 1888 Ῥαμᾶ
747 1817 906 1887 λέγων
964 1814 1358 1879 ἀκουτισθῆναι,
1420 1815 1506 1863 καὶ
1565 1813 1748 1883 θρῆνον

1875 1813 2015 1867 (Vox
2047 1813 2106 1866 in
2131 1813 2360 1868 Rhama
2388 1814 2592 1869 audita
2617 1817 2721 1883 est,
2763 1815 2976 1886 inquit,
3031 1819 3087 1870 et
3132 1815 3402 1887 ploratus
3451 1819 3508 1871 et

140 1911 231 1956 καὶ
270 1901 504 1979 ὀδυρμόν
535 1905 708 1958 πολύν.
753 1927 769 1954 ι
811 1906 924 1958 Ἐπὶ
956 1901 1014 1957 δε
1045 1913 1137 1965 τῆς
1173 1911 1531 1975 πνευματικῆς
1560 1903 1751 1958 ταύτης

1375 1991 1598 2050 Ἠσαίας
1691 2001 1756 2050 τὰ

1500 2077 1755 2129 οαΕύ-

141 2173 424 2244 φράνθητι,
457 2179 656 2246 στεῖρα,
689 2173 718 2228 ἡ
766 2172 824 2223 οὑ
871 2177 1139 2236 τίκτουσα,
1191 2169 1348 2244 ῥῆξὸν
1412 2173 1501 2219 καὶ
1556 2165 1755 2239 βόησον

135 2263 165 2317 ἡ
220 2260 318 2311 οὐκ
355 2256 621 2312 ὠδίνουσα

134 1993 374 2045 εὑτέκνου
451 2003 606 2064 γονῆς
686 1995 711 2045 6
798 1997 1285 2066 μεγαγοφωνότατος

145 2082 377 2152 γενέθλια
414 2079 770 2154 μελῳδήματα
825 2088 1143 2157 χαρμόσυνα
1178 2081 1434 2152 ἐξυφαίνει

682 2282 694 2293 ο
738 2262 819 2312 ὃτι
877 2260 1039 2312 πο).λά
1092 2263 1156 2311 τὰ
1208 2264 1360 2310 τέκνα
1413 2265 1508 2318 τῆς
1557 2256 1752 2326 ἐρήμου

146 2348 340 2419 μᾶλλον
368 2349 398 2406 ἦ
443 2357 540 2411 τῆς
578 2348 812 2420 ἐχούσης
847 2353 932 2400 τὸν
991 2344 1179 2420 ἄνδρα.
1218 2368 1244 2395 ››
1300 2346 1367 2397 Ὦ.
1412 2354 1501 2406 τῆς
1556 2364 1754 2414 παγκο-

148 2444 308 2508 σμίου
358 2437 619 2510 χορειαςῖ
664 2437 703 2488 ὦ
758 2445 850 2498 τῆς
925 2437 1311 2509 μεγαλοφωνίας
1365 2443 1462 2486 τῶν
1513 2437 1754 2507 κηρύκων

144 2534 239 2577 τοῦ
303 2531 621 2600 μυστηρίου,
686 2528 1014 2597 πανταχόθεν
1099 2544 1188 2596 μοι
1242 2522 1621 2575 καταυλούνται
1690 2525 1753 2572 τὰ

141 2617 252 2666 ὦτα
313 2636 325 2650 ·
392 2614 445 2678 ἐξ
482 2616 720 2689 ούρανοῦ,
771 2615 825 2678 ἐξ
880 2611 1106 2687 ἀνύδρου
1165 2615 1380 2688 ἐρήμου,
1441 2611 1495 2674 ἐξ
1551 2607 1754 2662 ὑδάτων

143 2705 334 2759 αὐτῶν.
368 2705 658 2779 Ούρανόθεν
695 2707 720 2756 ό
754 2709 932 2776 Πατὴρ
965 2713 1063 2754 τῶν
1096 2709 1271 2776 φώτων
1312 2701 1415 2775 βοᾷ
1461 2723 1472 2733 ·
1519 2722 1545 2749 ‹‹
1593 2700 1756 2760 Οὗτος

143 2797 282 2845 ἔστω
318 2797 439 2854 Υἱός
465 2795 491 2844 6
522 2799 786 2865 ἀγαπητός
817 2812 938 2864 μου,
971 2791 1018 2843 ἐν
1120 2789 1400 2850 ηύδόκησα
1433 2812 1444 2823 ο
1480 2811 1508 2839 ››
1543 2788 1625 2841 ἐπι
1655 2797 1754 2859 γῆς

144 2905 172 2932 ‹‹
199 2888 345 2939 Φωνὴ
383 2880 612 2954 βοῶντος
639 2881 687 2934 ἕν
739 2890 800 2954 τῇ
849 2880 1020 2954 ἐρήμῳ
1048 2902 1059 2912 -
1096 2880 1432 2952 Ἑτοιμάσατε
1489 2883 1581 2936 τὴν
1633 2874 1756 2929 ὁδὸν

146 2977 348 3045 Κυρίου
383 2992 395 3002 ·
424 2991 453 3019 ››
490 2969 543 3034 ἐξ
567 2967 794 3031 ὑδάτων,
829 2992 858 3019 ‹‹
885 2970 1116 3044 Ἐπῆραν
1143 2971 1191 3020 οἱ
1219 2973 1444 3039 ποταμοὶ
1471 2970 1640 3038 φωνὰς
1668 2966 1756 3016 αύ-

142 3070 269 3128 τῶν,
304 3058 520 3132 ἀροῦσιν
545 3063 594 3111 οἱ
636 3065 885 3132 ποταμοὶ,
940 3058 1222 3132 ἐπιτρίψεις
1275 3058 1441 3108 αὐτῶν
1495 3055 1598 3108 ἀπὸ
1652 3077 1754 3127 φω-

144 3159 244 3201 νῶν
275 3145 486 3201 ὑδάτων
519 3148 735 3205 ιιολλῶν,
769 3171 796 3197 ι)
847 3149 966 3200 Ἐπὶ
995 3153 1142 3222 τρισὶ
1179 3151 1384 3206 τούτοις
1443 3149 1700 3220 μάρτυσιν
1731 3147 1756 3195 6

147 3239 418 3309 ἐπιφανεὶς
473 3237 523 3290 ἓν
573 3245 646 3307 τῷ
719 3233 956 3311 Ἰορδάνῃ
1021 3238 1346 3310 θεάνθρωπός
1397 3243 1489 3287 τοῦ
1555 3240 1758 3305 κόσμου

151 3333 504 3400 μαρτυρεῖται
548 3323 807 3386 δεσπότης
855 3331 944 3378 καὶ
973 3331 1186 3385 πνιητὴς
1217 3346 1228 3358 ·
1264 3326 1406 3376 καὶὸ
1465 3327 1531 3375 τὰ
1592 3330 1762 3375 πάντα

152 3417 368 3487 πληρῶν
408 3418 543 3467 κατὰ
587 3414 772 3466 κύκλον
814 3411 959 3466 δοκεῖ
996 3410 1314 3488 περιοδεύειν
1386 3416 1471 3464 τόν
1510 3418 1706 3484 κόσμον
1746 3433 1758 3444 ·

154 3507 243 3556 ἱνα
293 3508 381 3554 τόν
431 3502 482 3565 ἐξ
517 3503 736 3576 ούρανοῦ
787 3509 1012 3554 πεσόντα
1069 3501 1346 3575 ἑωσφόρον,
1384 3509 1473 3552 καὶ
1499 3511 1616 3572 γῆν,
1674 3506 1763 3553 καὶ

159 3592 421 3644 θάλατταν
473 3591 746 3663 ἐξαλείφειν
799 3597 1138 3663 καυχώμενον
1212 3593 1457 3642 πάντοθεν
1515 3587 1760 3662 ἕκδιὼξῃ,

154 3688 254 3740 τὴν
281 3682 444 3733 αὑτοῦ
491 3680 716 3732 καθελὼν
759 3676 1064 3753 τυραννίδα.
1092 3686 1228 3753 Ὅρα
1285 3682 1409 3752 γὰρ,
1447 3679 1502 3740 ἐξ
1547 3679 1766 3752 ούρανοῦ

155 3771 470 3827 κατῆλθενό
503 3773 714 3844 Κύριος,
769 3767 852 3820 ἐπὶ
886 3777 982 3840 γῆς
1054 3774 1373 3842 σαρκοφόρος
1441 3767 1656 3839 ἐτέχθη,
1719 3767 1767 3818 ἐν

154 3855 356 3910 ὕδασιν
413 3856 683 3925 ἐπιϐαίνει,
737 3857 789 3918 ἐξ
841 3853 1046 3908 ὑδάτων
1102 3856 1430 3930 ἀνερχομένῳ
1495 3859 1543 3908 οἱ
1616 3856 1767 3928 ούρα-

157 3953 241 3999 νοὶ
277 3947 432 3999 πάλιν
464 3946 599 4016 αὐτῷ
658 3947 1051 4015 ὑπανοίγονται,
1095 3942 1508 4017 ἀπεκδεχόμενοι
1543 3949 1628 3997 τὸν
1686 3944 1768 3996 ού-

157 4037 340 4110 ράνιον
392 4036 522 4106 μετὰ
572 4042 668 4095 τῆς
719 4037 908 4104 γηὶνης
948 4036 1142 4106 σαρκὸς
1204 4031 1616 4104 ἀνελευσόμενον,
1676 4037 1770 4090 τὴν

156 4127 288 4196 ὑπὲρ
319 4125 468 4194 ἡμῶν
503 4123 799 4193 οἰκονομίαν
853 4122 1224 4193 πληρώσαντα.
1279 4121 1373 4173 “Ov
1428 4125 1526 4196 γὰρ
1584 4126 1772 4195 τρόπον

161 4212 361 4284 ἁγαθός
389 4229 466 4271 τις
513 4230 708 4283 ποιμην
738 4215 829 4262 καὶ
885 4207 1223 4282 κηδεμονικός
1252 4209 1515 4285 προϐάτου
1568 4208 1772 4262 ἀπολω-

159 4303 314 4360 λότος
348 4305 443 4351 καὶ
490 4308 590 4351 τῶν
640 4304 906 4372 συννόμων
965 4303 1398 4371 μεμακρυσμὲνου
1455 4300 1571 4351 κατ’
1622 4303 1776 4371 ἴχνια

160 4394 358 4443 τούτου
388 4389 627 4460 ἑπόμενος
678 4393 906 4462 πρόεισι,
965 4387 1394 4460 φιλοπραγμονῶν
1449 4391 1538 4448 τὰς
1592 4389 1772 4455 όπλὰς,

165 4479 264 4532 κᾶν
315 4479 388 4539 εἰς
437 4479 684 4551 φάραγγα
744 4481 870 4549 φέρῃ
929 4479 994 4528 τὰ
1037 4481 1190 4548 ἴχνη,
1254 4478 1508 4539 κάτεισιν,
1563 4477 1777 4552 ἐρευνῶν

1791 3194 1832 3250 C

1862 1898 2124 1954 ululatus
2178 1902 2464 1955 multus".
2504 1925 2530 1949 ››
2578 1904 2654 1956 De
2703 1902 2990 1972 spirituali
3028 1908 3248 1973 autem,
3295 1902 3396 1958 illa
3452 1906 3509 1958 et

1863 1988 2118 2044 fecunda
2148 1990 2528 2057 generatione
2545 1990 3069 2062 eloquentissimus
3097 1992 3511 2048 lsaiasnatalia

1862 2077 2425 2150 canticalmtitiaque
2440 2079 2615 2150 plena
2631 2080 2946 2146 connectit;
2963 2101 2990 2128 »
3012 2081 3257 2147 Laetare,
3271 2079 3505 2146 sterilis,

1861 2181 1995 2237 quae
2010 2181 2129 2220 non
2147 2166 2590 2238 paris;erumpe
2605 2167 2888 2236 etclama,
2919 2185 3055 2240 quae
3078 2184 3197 2223 non
3223 2169 3506 2240 parturis;

1861 2254 2003 2325 quia
2035 2254 2200 2309 multi
2219 2254 2576 2310 filiidesertac
2592 2256 2977 2327 magisquam
3008 2258 3137 2328 ejus
3178 2273 3314 2329 quae
3330 2258 3512 2314 habet

1862 2342 2053 2396 virum
2078 2344 2119 2398 ⁸.
2152 2365 2180 2392 ››
2213 2346 2254 2399 Ο
2297 2343 2698 2399 universalem
2731 2344 3130 2400 saltationem!
3163 2346 3207 2399 Ο
3243 2345 3512 2418 mysterii

1862 2447 2212 2502 przeconum
2267 2431 2669 2502 eloquentiam
2721 2433 2734 2486 Σ
2797 2433 3066 2505 Undique
3125 2433 3272 2489 mihi
3337 2449 3514 2490 aures

1864 2519 2490 2591 personantzecoelo,
2545 2535 2616 2575 ex
2674 2521 2970 2593 inaquosa
3025 2521 3360 2591 solitudine,
3441 2538 3515 2577 ex

1864 2609 2039 2680 aquis
2070 2608 2232 2680 ipsis.
2270 2611 2309 2663 Ε
2339 2609 2487 2664 coelo
2518 2609 2832 2664 hominum
2861 2613 3026 2665 Pater
3055 2609 3277 2667 clamat
3305 2629 3316 2666 :
3351 2634 3379 2660 «
3413 2610 3514 2666 Hic

1865 2697 1937 2751 sit
1967 2697 2142 2752 Filius
2174 2714 2345 2752 meus
2377 2697 2644 2762 dilectus,
2679 2699 2737 2752 in
2769 2699 3053 2771 quobene
3068 2699 3405 2772 complacui
3432 2701 3512 2769 9;»

1865 2785 1924 2841 in
1957 2788 2117 2844 terra
2151 2805 2161 2840 :
2199 2785 2325 2841 Vox
2353 2786 2668 2842 clamantis
2691 2787 2747 2842 in
2791 2788 3061 2843 deserto:
3109 2790 3314 2845 Parate
3351 2789 3514 2844 viam

1871 2875 2103 2930 Domini
2137 2877 2184 2909 ¹⁰
2223 2893 2234 2940 ;
2265 2893 2295 2927 ν
2331 2881 2384 2930 et
2425 2877 2597 2946 aquis
2632 2893 2644 2929 :
2705 2876 3097 2931 Elevaverunt
3123 2878 3378 2932 ﬂumina
3414 2893 3515 2932 vo-

1865 2979 1996 3018 cem
2029 2980 2225 3029 suam,
2254 2963 2572 3018 elevabunt
2605 2963 2860 3019 ﬂumina
2901 2964 3115 3019 ﬂuctus
3147 2981 3291 3020 suos
3325 2965 3518 3021 avoci-

1866 3055 1980 3110 bus
2003 3069 2299 3126 aquarum
2341 3053 2663 3109 multarum
2690 3056 2758 3108 ¹¹.
2800 3076 2826 3102 ››
2859 3059 2903 3109 Α
2926 3054 3110 3108 tribus
3139 3055 3232 3109 his
3271 3054 3518 3110 testibus

1867 3149 2232 3199 monstratus
2250 3144 2309 3198 in
2321 3142 2579 3198 Jordane
2595 3145 2746 3198 Deus
2759 3143 2940 3199 homo
2956 3143 3294 3199 declaratur
3307 3145 3519 3201 mundi

1873 3233 2155 3289 Dominus
2180 3237 2234 3286 et
2257 3232 2543 3287 conditor.
2581 3233 2645 3286 Et
2673 3231 2776 3304 qui
2814 3231 3019 3287 omnia
3055 3232 3261 3304 replet,
3293 3233 3518 3306 percir-

1870 3322 2096 3376 cuitum
2125 3320 2358 3375 videtur
2379 3320 2676 3375 mundum
2705 3319 2912 3392 obirez;
2937 3325 2999 3375 ut
3029 3337 3167 3376 eum
3195 3322 3298 3394 qui
3319 3338 3350 3377 e
3371 3323 3520 3378 coelo

1872 3411 2109 3479 decidit,
2130 3409 2463 3476 luciferum,
2497 3413 2837 3482 terramque
2859 3414 2915 3464 et
2937 3426 3099 3466 mare
3112 3427 3175 3465 se
3186 3410 3522 3467 deleturum

1868 3497 2242 3570 jactitantem
2284 3498 2550 3570 undique
2591 3498 2867 3571 expellat,
2912 3499 3041 3569 ejus
3087 3499 3403 3555 destruens
3433 3505 3524 3572 ty-

1874 3588 2213 3645 rannidem.
2260 3587 2398 3641 Vide
2437 3587 2615 3652 enim,
2647 3602 2678 3642 e
2707 3587 2857 3641 caelo
2881 3587 3191 3643 descendit
3239 3589 3524 3644 Dominus

1875 3693 2053 3734 carne
2084 3676 2328 3731 indutus
2353 3680 2528 3730 natus
2546 3681 2655 3744 est,
2683 3676 2745 3730 in
2777 3677 2948 3747 aquis
2971 3677 3211 3746 incedit,
3244 3693 3317 3732 ex
3357 3678 3526 3749 aquis

1879 3781 2118 3835 egresso
2179 3764 2310 3819 coeli
2371 3780 2609 3819 rursum
2656 3764 2736 3819 illi
2803 3766 3172 3836 aperiuntur,
3227 3765 3527 3838 accepturi

1880 3854 2180 3910 cmlestem
2211 3869 2348 3908 cum
2375 3854 2630 3907 terrestri
2659 3867 2836 3908 carne
2850 3853 3530 3925 rediturum,postquam

1881 3959 1992 3998 nos
2003 3949 2101 3998 tre).
2115 3947 2342 3996 naturae
2356 3941 2583 3996 damna
2595 3940 2976 4012 reparaverit.
3002 3941 3530 4018 Quemadmodum

1882 4033 2041 4088 enim
2062 4031 2257 4086 bonus
2285 4035 2489 4101 pastor
2523 4033 2578 4083 et
2605 4028 3024 4096 misericors,si
3044 4029 3174 4084 ovis
3202 4028 3433 4100 perdita
3458 4030 3533 4086 sit

1885 4125 1940 4176 et
1969 4120 2147 4186 longe
2175 4118 2252 4172 ab
2283 4118 2413 4172 aliis
2445 4117 2744 4184 erraverit,
2783 4116 2912 4186 ejus
2967 4117 3204 4186 vestigia
3253 4133 3531 4190 sequens,

1885 4207 2153 4282 procedit
2173 4207 2430 4276 ungulas
2461 4205 2807 4266 observans,
2841 4211 2897 4260 et
2927 4205 2978 4260 si
3030 4205 3091 4260 in
3144 4206 3532 4278 pracipitium

1885 4298 2110 4354 ducant
2131 4294 2394 4363 vestigia,
2427 4293 2735 4348 descendit
2755 4293 3144 4363 investigans,
3165 4299 3222 4350 et
3251 4295 3300 4350 si
3316 4295 3378 4350 in
3400 4310 3534 4367 spe-

1880 4387 2124 4444 luncam
2155 4383 2458 4451 introierit,
2485 4382 2665 4437 intrat
2698 4387 2752 4437 et
2778 4383 2904 4454 ipse
2926 4388 2981 4437 et
3018 4383 3067 4437 si
3094 4397 3200 4454 per
3229 4399 3422 4456 aquas
3451 4383 3536 4439 in-

1886 4475 2144 4540 cesserit,
2173 4472 2383 4528 transit
2411 4476 2468 4527 et
2497 4472 2620 4542 ipse
2650 4487 2894 4544 aquam,
2922 4470 3114 4527 donec
3129 4478 3426 4529 errantem
3452 4488 3540 4529 re-

171 4568 270 4621 κᾶν
298 4567 372 4627 εἰς
400 4566 654 4623 σπήλαιον
679 4563 921 4638 εἰσδύνη,
979 4562 1324 4633 συνεισδύνει,
1383 4565 1478 4617 κᾶν
1536 4563 1608 4618 δι’
1647 4563 1760 4618 ύδα¹

1887 4563 2105 4636 ceperit
2130 4567 2554 4634 receptamque
2583 4561 2643 4615 in
2664 4542 2931 4615 humeris
2954 4565 3148 4633 portet
3190 4565 3538 4632 congreget-

173 4677 264 4719 τος
331 4656 605 4728 ἐπορεύθη,
681 4654 975 4707 ἀκολουθῶν
1017 4651 1276 4706 διαϐαίνει
1335 4660 1523 4731 μέχρις
1605 4655 1665 4707 ὄιν
1719 4659 1778 4708 τὸ

173 4747 566 4817 πεπλανημένον
654 4742 946 4816 καταλάϐῃ,
1027 4749 1116 4795 καὶ
1176 4744 1479 4795 καταλάϐὼν
1536 4743 1619 4797 ἐπὶ
1680 4754 1780 4797 τῶν

173 4837 332 4909 ὤμων
386 4833 635 4907 βαστάση
691 4838 778 4885 καὶ
838 4833 1163 4904 συναγελάση
1269 4841 1378 4893 τοῖς
1436 4833 1734 4886 εὐπλανέσιν
1765 4855 1778 4867 ·

172 4925 315 4978 οὕτω
349 4919 417 4981 δὴ
453 4927 544 4974 καὶ
591 4924 617 4973 6
650 4926 846 4994 ποιμὴν
883 4923 909 4973 6
960 4922 1137 4989 καλὸς,
1191 4923 1216 4972 6
1255 4923 1417 4983 τιθεὶς
1457 4926 1552 4980 τὴν
1601 4922 1782 4994 ψυχὰν

172 5017 304 5086 ὑπὲρ
331 5021 433 5065 τῶν
489 5009 780 5084 προϐάτων,
838 5018 929 5062 τοῦ
983 5009 1257 5083 ἀνθρώπου
1308 5015 1692 5072 καταπεσόντος
1729 5009 1784 5074 ἕξ

171 5103 346 5173 ὕψους
374 5108 471 5162 τῆς
516 5098 742 5173 ἀρχαίας
771 5099 1016 5164 εὐκλείας,
1057 5099 1130 5160 εἰς
1161 5107 1262 5170 γῆν
1316 5102 1668 5174 πορευθέντος,
1707 5096 1807 5152 διἰ

171 5189 374 5251 ὕδατος
412 5188 858 5250 κατακλυσθέντος
885 5193 972 5240 καὶ
1034 5189 1104 5250 εἰς
1172 5187 1405 5260 ἐσχάτην
1458 5193 1780 5264 παρασυρέν-

172 5286 265 5341 τός
291 5278 570 5343 ἀπώλειαν,
606 5274 699 5330 διὰ
726 5286 823 5340 τῆς
883 5278 1046 5337 αὐτῆς
1073 5285 1146 5347 τῷ
1206 5277 1576 5350 πεπλανημένῳ
1635 5280 1783 5351 ἔρχε-

174 5387 267 5422 ται
313 5367 554 5442 ἀτραποῦ
589 5366 842 5430 ἑκουσίως
901 5371 991 5419 καὶ
1036 5365 1411 5440 ἀναμαρτήτως
1442 5387 1456 5401 ο
1512 5366 1567 5430 ἐξ
1619 5365 1783 5437 ὕψους

1887 4669 2006 4726 que
2035 4652 2261 4707 caeteris
2291 4650 2533 4706 feliciter
2571 4649 2947 4718 vagantibus;
2974 4650 3054 4705 ita
3084 4665 3229 4705 sane
3252 4655 3308 4706 et
3344 4653 3542 4707 bonus

1889 4743 2094 4797 Pastor
2120 4739 2225 4812 qui
2253 4739 2518 4795 animam
2533 4754 2709 4793 suam
2730 4753 2838 4810 pro
2852 4738 3066 4793 ovibus
3077 4739 3266 4810 ponit,
3300 4740 3542 4794 homine

1889 4847 1926 4886 ιι
1950 4829 2214 4902 pristina;
2243 4827 2445 4900 gloriae
2468 4827 2808 4882 summitate
2837 4827 3066 4896 dejecto
3087 4827 3148 4882 in
3180 4832 3418 4896 terram,
3437 4841 3543 4898 per

1891 4935 2082 4992 aquas
2107 4918 2468 4988 inundantes
2493 4916 2803 4971 incedente
2825 4920 2880 4970 et
2906 4915 2983 4971 ad
3009 4920 3337 4970 extremam
3372 4915 3545 4971 mise-

1889 5011 2040 5064 riam
2067 5007 2328 5063 adducto
2350 5005 2563 5062 eadem
2595 5005 2808 5060 semita
2837 5020 2907 5059 ac
2934 5004 3116 5059 homo
3167 5003 3545 5060 errabundus

1889 5097 2140 5164 libenter
2162 5101 2218 5151 et
2239 5095 2473 5167 absque
2526 5098 2773 5166 peccato
2835 5092 3010 5147 venit.
3070 5095 3147 5147 De
3225 5093 3463 5150 excelso
3483 5095 3545 5150 in

1889 5185 2110 5242 terram
2135 5183 2311 5254 venit,
2345 5183 2695 5256 speluncam
2737 5181 3089 5252 ingreditur,
3127 5187 3424 5238 errantem
3461 5184 3549 5240 in-

1891 5275 2158 5346 quirens;
2173 5287 2446 5345 prmeepe
2458 5275 2753 5327 scrutatur
2762 5275 3007 5342 propter
3035 5285 3174 5325 eum
3186 5272 3289 5344 qui
3305 5270 3547 5344 jumen-

1891 5365 1967 5422 tis
1998 5367 2386 5435 comparatus
2417 5365 2522 5427 est;
2553 5361 2616 5415 in
2645 5375 2870 5431 aquam
2895 5359 3202 5416 descendit
3241 5359 3550 5422 ﬂuvialem

251 5619 272 5656 τ
297 5619 521 5673 Jerem.
550 5631 710 5688 xxxi,
742 5620 828 5672 15.
905 5617 926 5651 ³
950 5619 1060 5673 lsa.
1083 5630 1198 5687 LIV,
1224 5617 1274 5672 1.
1353 5617 1374 5651 θ
1399 5615 1598 5708 Matth.
1621 5630 1701 5672 ιιι.
1730 5616 1759 5671 1

1871 5628 1995 5672 Lvu.
2025 5616 2078 5696 ὅ,
2154 5612 2200 5693 Ψ
2229 5611 2349 5694 13a.
2383 5625 2476 5678 xL,
2507 5611 2538 5665 3
2568 5626 2590 5679 ;
2615 5607 2912 5695 Matth.m,
2942 5613 2995 5667 3.
3021 5685 3030 5700 Γ
3074 5612 3118 5648 ιι
3150 5612 3554 5703 Ρεειᾷαιηγδο
