4032 6308
547 306 656 372 743

1748 296 2068 363 GERMANI
2105 294 2152 362 Il
2193 297 2764 362 CP.PATRIARCHE
3811 309 3912 367 744

546 438 786 510 propter
804 450 940 495 eam
965 448 1140 493 ovem
1161 445 1299 507 quae
1311 428 1488 506 aquis
1502 427 1823 488 submersa
1836 432 1950 486 est.
1973 429 2180 488 Inveni

2309 431 2566 498 κάτεισιν,
2602 427 2685 482 ἰπὶ
2737 436 2805 501 γῆ
2819 449 2840 492 ς
2891 431 3125 502 ἔρχεται,
3186 427 3441 489 σπήλαιον
3475 427 3797 506 εἰσέρχεται,
3856 436 3910 485 τὸ

545 525 716 600 quod
743 528 1064 594 erraverat,
1086 528 1144 582 et
1171 522 1370 580 statim
1399 519 1886 592 coslestesjanuaa
1925 518 2202 593 aperiun-

547 618 663 685 tur,
697 614 820 672 imo
853 630 1010 685 vero,
1042 618 1107 670 ut
1129 612 1450 685 Scriptura;
1469 610 1656 668 verbo
1677 608 2200 682 utar",patefactae

547 706 1013 761 suntcataracta:
1043 702 1197 772 caeli,
1219 701 1380 758 unde
1401 703 1460 758 et
1482 699 1649 771 prius
1670 702 1999 772 eruperunt
2027 698 2201 756 inun-

541 791 756 850 dantes
784 791 1024 866 pluviae,
1047 796 1105 849 et
1122 790 1435 849 hominem
1460 805 1567 864 per
1621 804 1814 862 aquas
1873 787 2196 856 salvatum,

542 881 649 955 qui
677 881 842 954 prius
871 897 978 955 per
1006 896 1200 954 aquas
1229 879 1505 954 perierat,
1563 877 1921 951 suscipiunt,
1943 893 2068 935 non
2094 893 2199 935 au-

541 976 682 1045 tem,
716 987 822 1046 per
850 988 1045 1046 aquas
1071 976 1326 1039 tantum,
1369 969 1475 1027 sed
1504 972 1562 1026 et
1588 984 1696 1042 per
1714 968 1989 1025 divinum
2017 966 2196 1040 Spiri-

541 1065 694 1118 tum.
721 1065 910 1134 Atque
929 1061 993 1118 id
1014 1076 1120 1134 per
1143 1059 1522 1131 ingeniosam
1540 1057 2054 1130 consequentiam.
2075 1060 2195 1113 Au-

541 1149 670 1220 diit;
700 1151 862 1207 enim
883 1153 1020 1208 ante
1045 1148 1255 1206 diluvii
1283 1146 1728 1204 immissionem
1753 1145 2073 1203 hominum
2094 1159 2196 1216 ge-

541 1255 715 1296 nusm
747 1238 876 1298 Non
901 1237 1238 1296 remanebit
1259 1237 1508 1311 Spiritus
1537 1251 1708 1293 meus
1739 1236 1799 1292 in
1835 1235 1948 1291 illis
2003 1233 2196 1291 homi-

539 1328 740 1401 nibus,
769 1329 913 1402 quia
943 1344 1084 1386 caro
1110 1332 1252 1384 sunt
1282 1328 1384 1394 ¹³;››
1413 1325 1574 1382 unde
1600 1324 1654 1381 ei
1693 1328 2022 1398 postquam
2067 1323 2192 1396 Spi-

539 1417 687 1475 ritus
709 1417 827 1485 ille,
860 1422 1152 1492 tanquam
1190 1415 1496 1481 columba,
1545 1413 1799 1471 evolavit
1835 1415 1982 1484 (non
2033 1413 2193 1470 enim

541 1510 771 1564 tantam
801 1510 1224 1580 corruptorum
1262 1504 1580 1562 hominum
1602 1501 2002 1576 pestilentiam
2024 1501 2196 1558 susti-

540 1595 764 1668 nebat),
795 1595 1038 1670 spiritus
1065 1593 1344 1670 procellaa
1372 1593 1502 1666 ejus
1529 1593 1591 1650 in
1648 1593 1848 1649 locum
1895 1590 2193 1648 adductus

541 1689 652 1751 est,
685 1689 741 1741 et
768 1699 876 1758 per
896 1699 1089 1756 aquas
1112 1681 1458 1751 destructio;
1486 1685 1665 1754 atque
1693 1678 1777 1737 ita
1809 1682 1928 1736 Deo
1970 1677 2192 1736 odibile

2310 518 2692 592 πεπλανημένον
2754 517 3044 587 ἀναζητῶν,
3121 521 3215 581 τὰς
3273 521 3463 592 φάτνας
3515 515 3758 594 διερευνᾴ
3820 517 3909 574 δια

2309 611 2396 661 τὸν
2455 607 2852 682 παραϐληθέντα
2888 616 2998 671 τοῖς
3052 614 3296 668 κτήνεσιν
3360 630 3373 645 ο
3431 609 3505 670 εἰς
3555 605 3702 683 ὕδωρ
3756 630 3910 663 κατα‹

2308 695 2472 751 ϐαίνει
2548 701 2801 771 ποτάμιον
2863 694 2959 752 διὰ
3022 702 3079 752 τὸ
3154 697 3511 761 κατακλυσθὶν
3563 707 3673 761 τοίς
3745 696 3907 754 ύδασι

2305 787 2566 862 πρόϐατον
2599 809 2613 823 ο
2647 791 2874 861 εὑρίσκει
2901 791 2958 842 τὸ
3012 788 3286 861 πλανηθεν,
3324 794 3416 842 καὶ
3470 788 3618 849 εύθὺς
3670 791 3725 842 αἱ
3759 790 3907 865 οὑράο

2304 897 2413 930 νιαι
2448 881 2649 952 πτύχες
2699 875 3096 952 ἀναζυγοῦνται,
3147 879 3335 953 μᾶλλον
3367 875 3426 934 δε
3491 880 3650 952 φάναι
3703 882 3763 932 τό
3814 887 3904 942 τῆς

2306 971 2532 1042 Γραφῆς,
2601 967 2894 1040 ἀνοίγονται
2965 971 3014 1021 οἰ
3088 968 3446 1045 καταρῥακται
3491 975 3582 1022 τοῦ
3667 969 3904 1044 ούρανοῦ,

2305 1059 2420 1112 ὅθεν
2456 1063 2548 1112 καὶ
2602 1059 2630 1110 ό
2667 1057 3002 1120 κατακλύσας
3070 1059 3215 1123 ὑετὸς
3276 1064 3521 1135 πρότερον
3586 1059 3903 1134 κατερράγη,

2305 1152 2397 1201 καὶ
2425 1144 2497 1202 δι’
2524 1143 2721 1211 ὑδατός
2757 1147 3070 1222 σωζόμενον,
3106 1153 3193 1202 τὸν
3249 1147 3302 1212 ἐξ
3359 1145 3553 1211 ὑδατος
3609 1146 3908 1202 ἀπολωλότα

2304 1243 2484 1314 πρώην
2528 1239 2798 1310 ἄνθρωπον
2847 1231 3226 1312 ὑποδέχονται,
3278 1237 3412 1297 πλὴν
3467 1238 3527 1291 οὑ
3580 1233 3660 1291 δι’
3718 1234 3906 1298 ὑδατός

2305 1333 2480 1400 μόνον,
2536 1323 2664 1379 ἀλλὰ
2712 1332 2801 1380 καὶ
2857 1329 3148 1400 Πνεὺματος
3210 1329 3368 1381 θείου.
3433 1332 3533 1381 Καὶ
3588 1335 3746 1380 τοῦτο
3792 1324 3907 1380 κατ’

2305 1415 2612 1470 ἀκολουθίαν
2671 1417 2970 1489 εὐμήχανον
3000 1438 3012 1450 ·
3053 1421 3246 1476 ἤκουσε
3275 1420 3375 1493 γὰρ
3438 1421 3538 1492 πρὸ
3591 1425 3692 1478 τῆς
3731 1415 3905 1490 ἐπιγο-

2303 1513 2398 1580 ρᾱς
2430 1512 2522 1558 τοῦ
2573 1505 2946 1578 κατακλυσμοῦ
3015 1509 3103 1559 τόν
3162 1503 3477 1581 ἀνθρώπινον
3527 1509 3590 1566 ὡς
3646 1529 3667 1555 ι
3717 1506 3796 1558 Οὑ
3833 1512 3899 1578 μὴ

2302 1600 2581 1669 καταμείνῃ
2615 1598 2674 1647 τό
2706 1598 2914 1668 Πνεῡμά
2947 1613 3048 1668 μου
3097 1593 3146 1648 ἕν
3196 1603 3307 1658 τοίς
3364 1594 3659 1670 ἀνθρώποις
3706 1599 3904 1657 τούτοις

2305 1679 2340 1737 δ
2347 1687 2398 1737 ιὰ
2426 1689 2485 1737 τό
2512 1681 2640 1737 εἶναι
2668 1684 2858 1746 αύτούς
2898 1687 3070 1760 σάρκα
3097 1705 3109 1718 ο
3150 1707 3170 1735 ι
3211 1685 3324 1738 ὃθεν
3349 1690 3439 1738 καὶ
3466 1693 3558 1738 τοῦ
3615 1687 3906 1758 Πνεὺματος

541 1771 735 1829 scelus
753 1772 1073 1829 hominum
1096 1771 1316 1829 diluvio
1345 1769 1716 1844 perditorum
1747 1773 1893 1838 erat,
1925 1772 1990 1825 ut
2018 1783 2184 1824 rena-

2303 1777 2420 1826 τότε
2479 1770 2634 1832 δίκην
2685 1781 2996 1850 περιστερᾶς
3041 1773 3367 1837 ἀποπτάντος
3416 1780 3434 1842 (
3488 1771 3581 1827 οὑκ
3617 1777 3763 1847 ἔφερε
3808 1778 3906 1848 γὰρ

540 1866 802 1919 sceretur
828 1876 938 1936 pro
968 1877 1141 1934 aqua;
1164 1867 1400 1918 natura.
1425 1861 1556 1916 Non
1579 1859 1737 1915 enim
1759 1863 1902 1915 tunc
1942 1856 2193 1931 Spiritus

539 1951 643 2008 Dei
672 1967 853 2025 super
876 1967 1070 2024 aquas
1101 1950 1424 2008 ferebatur.
1446 1951 1600 2006 Dum
1621 1949 1783 2006 enim
1801 1947 2000 2005 adhuc
2018 1962 2194 2020 aqua;

538 2042 954 2104 tumescerent,
982 2039 1399 2112 cadaveraque
1413 2042 1480 2094 ut
1503 2036 1822 2094 verisimile
1836 2040 1942 2101 est,
1958 2035 2192 2092 innata-

537 2133 688 2199 rent,
717 2144 933 2186 corvus
962 2127 1211 2202 quidem
1241 2143 1315 2184 ex
1343 2143 1411 2184 ea
1437 2143 1572 2200 qua;
1592 2125 1798 2184 omnia
1826 2123 2189 2193 continebat,

537 2232 680 2274 arca
700 2216 1168 2286 evolans,redire
1193 2216 1403 2285 noluit,
1436 2215 1688 2273 mortuis
1717 2213 2072 2288 corporibus
2098 2214 2190 2270 in-

537 2307 764 2376 sidens,
797 2313 856 2364 et
895 2307 1190 2380 corruptis
1221 2306 1512 2376 gaudens,
1547 2303 1896 2378 symbolum
1945 2302 2190 2360 effectus

535 2395 832 2452 daemonis
859 2396 966 2468 qui
986 2395 1306 2452 hominum
1341 2395 1581 2452 casibus
1621 2393 1874 2460 laetatur,
1895 2392 2190 2466 sanguine

539 2483 764 2554 gaudet
779 2483 1072 2556 nobisque
1083 2483 1423 2555 jacentibus
1437 2483 1661 2540 irridet.
1677 2481 1972 2541 Columba
1989 2488 2189 2539 autem

543 2589 667 2630 non
695 2572 1115 2645 reperiensubi
1143 2572 1326 2645 pedes
1346 2572 1590 2640 sisteret,
1615 2571 1693 2629 ad
1743 2588 1882 2628 eum
1929 2573 2036 2644 qui
2084 2571 2190 2628 mi-

541 2665 700 2720 serat
716 2661 910 2719 rediit.
948 2662 1200 2719 Sanctus
1225 2661 1385 2718 enim
1419 2661 1670 2734 Spiritus
1719 2677 1841 2718 non
1895 2660 2192 2730 habitabit

535 2751 597 2806 in
619 2766 867 2823 corpore
897 2751 1158 2823 peccatis
1199 2749 1809 2808 serviente.Columba
1837 2765 2016 2824 porro
2042 2749 2191 2807 solet

534 2838 805 2897 adhiberi
830 2844 895 2896 ut
926 2840 1177 2912 Spiritus
1221 2840 1408 2896 sancti
1437 2839 1808 2912 symbolum.
1865 2843 1948 2896 lta
1997 2855 2094 2896 res
2126 2855 2189 2896 se

534 2927 1282 2996 tunchabebant,etvitalis
1305 2945 1470 3002 aqua
1489 2929 1835 2986 hominibus
1861 2929 2188 3002 perniciem

535 3017 750 3076 attulit.
781 3017 951 3076 Nunc
973 3024 1194 3090 autem,
1231 3017 1518 3089 secunda,
1551 3023 1616 3076 ut
1643 3019 1834 3088 aiunt,
1857 3018 2184 3089 navigatio,

533 3112 590 3165 et
618 3108 876 3182 puppim
905 3112 1124 3166 nostra;
1149 3112 1378 3164 naturae
1410 3107 1725 3181 impellens
1747 3107 2087 3165 substantia
2107 3107 2186 3165 ab

531 3213 604 3254 eo
634 3198 741 3270 qui
761 3198 938 3255 nobis
960 3197 1231 3269 invigilat
1251 3204 1578 3270 nostraque
1605 3202 1793 3270 curat,
1809 3196 2069 3254 reﬂuens
2091 3213 2186 3254 ve-

533 3289 621 3345 nit
649 3293 707 3344 et
734 3288 833 3344 via
857 3288 968 3344 via:
991 3287 1176 3360 priori
1201 3287 1498 3345 contraria
1521 3287 1756 3344 incedit.
1806 3289 1884 3343 Ex
1919 3287 2094 3360 aquis
2123 3287 2186 3344 in

537 3374 842 3447 Spiritum,
866 3392 903 3433 a
931 3377 1152 3449 Spiritu
1182 3377 1243 3432 in
1272 3376 1513 3446 coelum,
1544 3381 1600 3432 et
1636 3375 2037 3434 desideratam
2067 3376 2188 3434 dei-

533 3462 900 3522 ﬁcationem.
925 3467 1118 3531 Quam
1146 3463 1563 3538 intempestive
1592 3465 1736 3522 olim
1771 3465 2051 3522 invadere
2091 3481 2188 3523 co-

530 3557 674 3611 nata
698 3553 932 3621 mulier,
962 3554 1308 3611 extensione
1343 3555 1625 3624 dexterae,
1651 3555 1913 3627 perdidit
1963 3562 2020 3612 et
2047 3572 2184 3629 quin

529 3642 592 3700 in
622 3643 906 3701 manibus
930 3643 1216 3710 habebat,
1250 3650 1308 3700 et
1355 3660 1493 3700 cum
1551 3647 1708 3700 Deus
1738 3644 1864 3701 ﬁeri
1911 3649 2181 3704 tentaret-

530 3733 741 3805 homo,
766 3750 982 3807 parum
1014 3733 1206 3792 abfuit
1233 3734 1380 3808 quin
1402 3739 1458 3790 et
1485 3734 1670 3790 homo
1700 3751 1829 3790 esse
1885 3735 2186 3794 desineret

529 3823 722 3882 Homo
753 3823 916 3881 enim
929 3827 1160 3882 constat
1179 3824 1384 3882 anima
1404 3828 1740 3897 etcorpore;
1770 3839 1952 3896 quem
1969 3827 2182 3882 mortis

529 3911 766 3983 gladius
824 3911 1060 3982 scindit,
1130 3912 1537 3985 unionemque
1585 3911 1873 3984 dissolvit,
1915 3927 2185 3985 quacum

528 4000 775 4058 solvitur
795 4006 851 4059 et
867 4001 1210 4075 appellatio,
1231 4007 1288 4058 et
1306 4006 1462 4058 terra
1482 3999 1680 4058 solum
1703 4001 1889 4058 modo
1907 4004 2186 4062 nomina-

527 4095 640 4146 tur.
675 4091 767 4148 Ait
797 4091 958 4148 enim
989 4110 1004 4149 :
1034 4113 1062 4142 η
1103 4094 1281 4149 Terra
1332 4108 1414 4162 es,
1458 4095 1515 4148 et
1566 4091 1626 4147 in
1660 4095 1877 4148 terram
1929 4100 2185 4151 reverte-

523 4178 693 4234 ris“.
728 4202 758 4230 »
785 4182 934 4236 Cum
963 4181 1126 4237 enim
1172 4197 1294 4238 uno
1350 4181 1582 4252 impetu
1635 4185 1691 4237 et
1738 4181 2059 4238 confestim
2119 4183 2182 4240 in

525 4265 746 4324 coelum
758 4268 1081 4326 ascendere
1096 4270 1403 4340 cogitaret,
1417 4269 1629 4326 fraude
1648 4269 1932 4326 seductus
1969 4269 2181 4344 lapsus

523 4358 632 4423 est,
663 4359 721 4412 et
749 4356 989 4427 decidit,
1015 4362 1074 4414 et
1096 4362 1385 4431 tanquam
1407 4359 1585 4428 gleba
1637 4363 1852 4432 ruptus
1882 4364 1970 4416 est
1997 4375 2180 4434 super

523 4448 768 4514 terram,
803 4451 860 4502 et
887 4447 948 4502 in
975 4446 1274 4504 infernum
1288 4446 1582 4519 dissipata
1597 4463 1740 4506 ossa
1765 4449 1916 4519 ejus.
1933 4450 2178 4507 Accinat

523 4532 686 4590 enim
711 4533 901 4590 David
921 4551 1098 4591 suum
1133 4537 1176 4570 ¹⁵
1210 4536 1404 4608 primo
1424 4535 1655 4592 homini
1677 4535 1909 4608 dejeeto
1958 4553 2176 4611 oppor-

522 4624 737 4678 tunum
765 4621 1156 4696 epitaphium.
1178 4623 1503 4696 Oportebat
1523 4630 1724 4681 autem
1770 4641 1894 4682 non
1942 4626 2044 4696 ita,
2071 4627 2177 4684 sed

521 4711 794 4784 quodam
810 4695 1022 4769 Ordine
1049 4716 1108 4768 et
1133 4695 1563 4785 coriséquentia
1591 4730 1730 4770 eum
1761 4716 2176 4774 ascensionem

523 4817 702 4859 suam
745 4817 956 4860 curare
985 4801 1293 4860 excellenti
1320 4801 1653 4860 humilitate
1682 4807 1976 4878 tanquam
2022 4806 2176 4864 duce

519 4896 811 4949 utentem.

2264 4903 2632 4972 συναρπαγεὶς
2686 4897 2977 4960 ὀλισθήσας
3039 4904 3310 4972 κατέπεσε,

2303 1867 2397 1922 τήν
2456 1859 2680 1922 τοσήνδε
2735 1872 2836 1916 τῶν
2907 1863 3241 1939 ἀκαθαρσιῶν
3303 1858 3576 1918 δυσωδίαν
3636 1867 3656 1933 )
3709 1870 3910 1936 πνεῦμα

2303 1947 2614 2024 καταιγίδος
2658 1951 3041 2024 ἀντεπηνίχθή,
3095 1957 3186 2006 καὶ
3237 1954 3267 2011 ἡ
3311 1950 3364 2016 ἐξ
3429 1947 3636 2028 ὑδάτων
3685 1950 3907 2004 πανωλε-

2306 2040 2427 2112 θρία
2455 2045 2542 2092 καὶ
2569 2041 2704 2092 οὑτω
2736 2042 3010 2112 θεοστυγες
3055 2044 3112 2092 τὸ
3165 2048 3336 2112 μύσος
3379 2037 3442 2098 ἦν
3492 2047 3592 2091 τῶν
3653 2035 3909 2092 κατακλυ·

2305 2131 2524 2182 σθέντων
2562 2127 2841 2202 ἀνθρώπων
2871 2131 2955 2190 ,ὡς
3013 2127 3401 2189 ἀναϐλαστῆναι
3460 2135 3614 2181 τοῦτο
3665 2133 3760 2181 καὶ
3818 2133 3908 2186 τὴν

2303 2223 2456 2292 φύσιν
2513 2229 2605 2274 τοῦ
2662 2217 2877 2282 ὑδατος.
2905 2221 2982 2274 Οὑ
3039 2223 3141 2296 γὰρ
3209 2219 3473 2294 ἐπεφέρετο
3528 2225 3646 2273 τότε
3703 2227 3910 2292 Πνεῦμα

2302 2317 2436 2362 Θεοῦ
2467 2307 2634 2362 ἐπάνω
2661 2317 2752 2362 τοῦ
2788 2305 2984 2370 ὑδατός
3017 2331 3028 2342 ·
3064 2314 3340 2383 τεκμήριον
3395 2306 3472 2369 δε.
3528 2314 3618 2362 καὶ
3671 2311 3778 2384 γὰρ
3837 2311 3909 2360 ἔτι

2300 2401 2486 2451 τούτου
2533 2398 2958 2472 ίπικυμαίνοντος
3010 2403 3100 2451 καὶ
3153 2407 3253 2451 τῶν
3314 2399 3604 2470 πτωμάτων
3661 2400 3729 2458 ὡς
3776 2397 3907 2458 εἰκὸς

2300 2485 2711 2561 ἐπινήχομένων,
2768 2490 2794 2540 ό
2864 2492 2955 2561 μεν
3029 2487 3191 2563 κόραξ
3270 2484 3754 2563 ἀποπτερυξλμευος
3822 2496 3907 2546 τῆς

2298 2573 2718 2650 παντοδίγμονος
2763 2576 2988 2630 κιϐωτοῦ
3043 2581 3138 2637 τήν
3199 2579 3527 2653 ὑποστροφὴν
3582 2575 3902 2650 ἀπηνήνατο,

2301 2665 2550 2740 ἐφιξάνων
2585 2675 2690 2729 τοῖς
2737 2675 2933 2742 νεκροῖς
2988 2673 3200 2740 σώμασι
3251 2672 3343 2720 καὶ
3397 2675 3508 2728 τοίς
3574 2669 3907 2740 θνησιμαίοις

2299 2754 2640 2830 ἕπεντρυφῶν,
2693 2756 2950 2830 σύμϐολον
2981 2757 3048 2808 ὡν
3085 2764 3176 2810 τοῦ
3223 2761 3503 2831 χαίροντος
3542 2762 3654 2818 τοίς
3710 2755 3907 2824 ἀνθρω-

2297 2851 2464 2908 πίνοις
2504 2851 2756 2920 πτώμασι
2813 2843 3056 2920 δαίμονος
3118 2851 3208 2900 καὶ
3247 2848 3577 2922 αἰμοχαροῦς
3622 2851 3718 2898 καὶ
3767 2844 3906 2917 ἐπεγ-

2297 2935 2548 3007 γελῶντος
2573 2940 2825 3008 κειμένοις
2859 2937 2984 3008 ἡμῖν
3010 2957 3022 2969 ·
3059 2935 3088 2994 ἣ
3129 2955 3190 3008 γε
3236 2940 3341 3009 μήν
3382 2938 3665 3010 περιστερά
3713 2939 3786 3008 μή
3833 2937 3907 2987 εὑ-

2297 3031 2468 3098 ροῦσα
2492 3032 2597 3086 τοῖς
2627 3030 2780 3078 ποσὶν
2829 3025 2993 3086 αὑτῆς
3037 3024 3330 3078 ἀνάπαυσιν
3383 3025 3746 3098 παλίμπτερος
3787 3023 3904 3076 ἀνθ.

2299 3119 2612 3187 ὑποστρέφει
2657 3122 2729 3185 τῷ
2801 3112 3187 3170 ἀποστείλαντι.
3255 3120 3463 3187 Πνεῦμα
3517 3117 3616 3188 γὰρ
3653 3115 3805 3190 ἅγιον
3843 3114 3896 3166 οὑ

2297 3208 2602 3261 κατοικήσει
2632 3201 2679 3255 ἐν
2726 3209 2932 3276 σώματι
2987 3205 3270 3277 κατάχρεῳ
3325 3203 3605 3277 ἁμαρτίαις
3637 3225 3652 3237 ο
3695 3204 3896 3277 ἐπείπερ

2299 3291 2741 3368 συμϐολογραφείν
2770 3289 2883 3345 οἶδε
2940 3295 3221 3369 περιστερὰ
3271 3296 3329 3345 τὸ
3390 3299 3597 3365 Πνεύμα
3641 3297 3705 3346 τό
3738 3294 3903 3365 ἅγιον.

2295 3380 2391 3434 Ἦν
2421 3384 2510 3454 μεν
2537 3390 2702 3434 ταῦτα
2738 3386 2796 3435 τὸ
2824 3379 3096 3452 τηνικάδε,
3122 3388 3213 3435 καὶ
3243 3386 3301 3435 τό
3332 3382 3552 3444 ζωτικὸν
3588 3379 3738 3458 ὑδωρ
3803 3381 3900 3434 613'-

2297 3471 2438 3544 θριον
2463 3475 2640 3542 γέγονε
2680 3479 2789 3533 τοῖς
2842 3469 3149 3546 ἀνθρώποις.
3193 3475 3271 3524 Τὰ
3321 3479 3408 3523 νύν
3467 3468 3524 3524 δε
3575 3467 3898 3546 δεύτερος,ό

2295 3580 2446 3633 φασι,
2505 3560 2680 3632 πλοῦς,
2736 3566 2825 3614 καὶ
2883 3563 3118 3635 πρύμναν
3198 3565 3527 3636 κρουσαμένη
3605 3568 3702 3621 τῆς
3765 3563 3899 3631 ἡμῶν

2295 3652 2497 3721 φύσεως
2557 3652 2586 3708 ή
2654 3649 2947 3711 ὑπόστασις
3025 3651 3168 3724 παρά
3250 3657 3344 3702 τοῦ
3401 3653 3753 3724 συμφερόντος
3815 3653 3899 3700 καὶ

2293 3737 2635 3813 κυϐερνῶντος
2717 3741 2774 3790 τὰ
2824 3738 2942 3791 καθ’
3003 3740 3142 3810 ἡμᾶς
3203 3736 3454 3813 ἀνάρρους
3498 3742 3610 3796 ἣκει
3671 3739 3767 3792 καί
3812 3743 3898 3796 τὴν

2299 3827 2528 3881 έναντίαν
2573 3836 2635 3900 τῇ
2687 3831 2912 3903 προτέρᾳ
2967 3826 3256 3880 καταϐάσει
3313 3831 3608 3902 πορεύεται,
3667 3828 3725 3890 ἐξ
3779 3823 3899 3880 ὑδα-

2297 3937 2384 3980 τος
2414 3917 2566 3978 εἰςτό
2599 3923 2808 3988 Πνεῦμα
2844 3914 2945 3969 ἀπὸ
2995 3925 3088 3970 τοῦ
3136 3919 3435 3990 Πνεύματος
3486 3917 3558 3979 εἰς
3605 3935 3698 3969 τον
3754 3916 3901 3992 ούρα-

2297 4010 2381 4059 νὸν
2435 4011 2526 4058 καὶ
2590 4011 2684 4064 τήν
2746 4004 3160 4079 ἕπιθυμουμένῃν
3221 4007 3428 4064 θέωσιν.
3495 4006 3592 4068 Ἦς
3674 4005 3901 4079 ἀκαίρως

2296 4100 2474 4170 πρώην
2520 4090 2910 4167 ἐπιδράξασθαι
2957 4097 3267 4168 πειραθεῖσά
3311 4103 3374 4168 τῇ
3424 4093 3630 4147 ἐκτάσει
3686 4103 3784 4155 τῆς
3831 4091 3901 4146 δεο

2296 4183 2410 4246 ξιᾶς
2444 4181 2674 4236 ἀπώλεσε
2733 4188 2923 4236 καὶτὰ
2975 4181 3023 4235 έν
3078 4189 3262 4259 χερσὶ,
3329 4189 3418 4236 καὶ
3476 4188 3600 4245 Θεὸς
3656 4185 3901 4256 γενέσθαι

2291 4269 2671 4347 προσδοκήσας
2700 4274 2726 4324 ό
2775 4274 3042 4346 ἄνθρωπος
3091 4269 3450 4326 κεκινδύνευκε
3505 4269 3636 4346 μηδ’
3707 4275 3879 4345 ᾶνθρω

2289 4381 2384 4424 πος
2415 4359 2563 4418 εἶναι.
2591 4360 2895 4436 Ἀνθρωπος
2945 4365 3046 4436 γὰρ
3100 4365 3158 4414 τό
3217 4364 3460 4416 σύνθετον
3502 4361 3556 4414 ἐκ
3608 4361 3807 4436 ψυχῆς
3850 4380 3899 4418 τε

2288 4456 2377 4504 καὶ
2419 4457 2657 4524 σώματος
2685 4471 2698 4484 ·
2732 4454 2819 4503 τόν
2848 4447 2906 4504 δε
2938 4455 2996 4503 τό
3026 4459 3118 4504 τοῦ
3151 4453 3372 4504 θανάτου
3404 4452 3546 4524 ξίφος
3587 4448 3623 4504 δ
3629 4457 3893 4524 ιχοτομεῖ,

2287 4545 2378 4593 καὶ
2421 4545 2514 4599 τὴν
2565 4539 2871 4612 συμπλοκὴν
2929 4538 3157 4608 ἀναλύει,
3203 4546 3294 4594 καὶ
3344 4543 3374 4599 ἡ
3429 4541 3616 4601 κλῆσις
3671 4560 3894 4594 συνανα-

2285 4629 2480 4696 λύεται,
2511 4634 2600 4682 καὶ
2623 4637 2690 4700 γῆ
2725 4628 3031 4702 ὀνομάζεται
3060 4635 3232 4703 μόνον.
3264 4651 3293 4678 ‹‹
3344 4636 3413 4688 Γῆ
3465 4631 3564 4704 γὰρ
3611 4628 3680 4696 εἰ,
3741 4633 3888 4702 φησὶ,

2285 4724 2376 4772 καὶ
2418 4719 2485 4780 εἰς
2535 4726 2635 4791 ’γῆν
2681 4718 2962 4793 ἀπελεύσῃ.
3026 4742 3056 4772 ››
3119 4721 3259 4774 Ἐπεὶ
3316 4722 3418 4795 γὰρ
3482 4721 3553 4772 ἑνὶ
3605 4717 3890 4793 πηδήματι

2285 4814 2375 4862 καὶ
2405 4807 2589 4883 ἀθρόον
2636 4812 2768 4884 πρός
2816 4809 3030 4882 οὑρανόν
3080 4807 3337 4869 ἀναϐῆναν
3390 4813 3514 4881 ᾤετο
3547 4830 3561 4843 ·
3592 4817 3654 4883 τῇ
3719 4809 3886 4882 ἀπάτῃ

3392 4905 3483 4951 καὶ
3538 4902 3663 4951 ὡσεὶ
3719 4902 3894 4970 πάχος

517 4990 619 5052 γῆς
655 4979 846 5056 ἐρράγη
889 4981 974 5035 ini
1004 4990 1120 5050 τῆς,
1160 4989 1261 5054 γῆς
1317 4977 1701 5056 διεσκορπίσθη
1734 4985 1800 5037 τὰ
1839 4981 1971 5037 ὀστᾶ
2022 4984 2178 5040 αὑτοῦ
2259 4991 2402 5062 παρά
2447 4991 2535 5041 τὸν
2562 4983 2720 5059 ᾅδην.
2767 4987 3124 5060 Ἐπιψαλλέτω
3171 4991 3268 5064 γὰρ
3306 4989 3332 5040 ό
3371 4985 3539 5042 Δαϐίδ
3588 4996 3661 5059 τῷ
3717 4991 3894 5060 γενάρο

517 5089 592 5142 χῃ
625 5075 840 5143 κειμένῳ
889 5074 976 5124 τόν
1025 5071 1294 5144 ἐπιτάφιον
1342 5076 1635 5147 πρόσφορον
1689 5089 1702 5103 ⁸

518 5158 802 5230 μελετῆσαι
827 5157 1010 5234 ὁδηγῷ
1041 5160 1230 5237 ἀρίστῃ
1264 5166 1707 5238 ταπεινοφροσύνῃ
1749 5169 2038 5238 χρώμενον.

590 5249 679 5306 ιν.
701 5249 816 5306 Sed
845 5250 1109 5323 agedum
1129 5256 1187 5308 et
1209 5251 1566 5309 conabimur
1588 5253 2049 5326 explicationem
2071 5269 2172 5326 ag.

519 5337 687 5406 gredi
699 5338 1019 5397 verborum
1047 5339 1351 5414 Evangelii
1375 5357 1511 5414 quae
1537 5341 1717 5399 hodie
1741 5342 1994 5413 legenda
2011 5349 2169 5400 sunt.

520 5426 660 5491 Quae
677 5427 926 5500 quidem
951 5429 1398 5488 divinissimum
1412 5433 1674 5488 Marcum
1703 5430 2008 5504 extollunt,
2038 5449 2173 5506 par-

532 5653 545 5671 ο
586 5642 638 5720 ιη
668 5643 809 5706 Gen.
843 5658 945 5718 vn,
971 5643 1059 5704 ιι,
1136 5646 1182 5684 ιδ
1207 5647 1352 5706 Gen,
1378 5656 1454 5720 vi,
1483 5649 1534 5705 3.
1615 5647 1660 5685 ¹³
1691 5647 1922 5712 Gemuit,
1954 5650 2036 5706 l9.

1761 5069 1870 5127 ἔδει
1919 5069 1978 5127 δὲ
2036 5075 2141 5148 οὑχ
2191 5079 2377 5147 οὑτως,
2453 5076 2582 5130 ἀλλά
2642 5077 2786 5140 τάξει
2848 5082 2951 5131 τινὶ
2995 5083 3085 5131 καὶ
3155 5076 3441 5151 ἀκολουθίᾳ
3484 5081 3580 5137 τὴν
3638 5075 3893 5131 ἀνάϐασιν

2351 5255 2425 5312 Δ’.
2482 5255 2638 5311 Ἀλλά
2683 5259 2798 5331 φέρε
2841 5262 2932 5310 καὶ
2977 5259 3334 5331 πειρασόμεθα
3375 5265 3438 5330 τῇ
3491 5255 3745 5328 ἐξηγήσει
3787 5254 3891 5308 ἐπι·

2281 5345 2530 5400 ϐαλέσθαι
2553 5355 2650 5400 τῶν
2680 5354 2773 5400 τοῦ
2835 5347 3152 5420 Εύαγφελίου
3189 5348 3438 5423 ῥημάτων
3499 5355 3597 5399 τῶν
3664 5352 3886 5420 σήμερον

2281 5434 2849 5511 ἀναγνωσθησομένων.
2899 5440 2977 5492 Τὰ
3039 5433 3098 5491 δε
3135 5441 3444 5512 συγγραφέα
3499 5439 3586 5491 τὸν
3629 5438 3884 5491 θειότατον

2114 5647 2163 5690 *5
2193 5647 2326 5708 Psal
2350 5661 2441 5718 ιιι,
2469 5651 2523 5707 6.
