4032 6308
119 304 244 378 ἠε

1300 314 1591 376 ηοιιω
1627 316 1697 374 IN
1734 316 1834 375 SS;
1874 315 2331 382 INNOCENTES.

3395 314 3504 383 716

120 447 348 521 Μάρκον
393 445 653 519 αύχούσι,
728 446 916 520 μαρόιο
953 445 1044 518 μὶν
1118 445 1242 495 ὄντα
1277 446 1459 516 πρώην
1514 440 1564 494 έν
1630 446 1739 505 τοῖς

1855 456 1989 498 vum
2007 440 2174 514 prius
2194 441 2348 499 inter
2361 439 2903 521 fratresChristi(ex
2932 443 3313 516 septuaginta
3339 446 3504 504 enim

128 531 386 607 ἀδελφοῖς
442 539 605 589 αὑτοῦ
648 540 768 605 (τῆς
822 536 920 610 γὰρ
974 540 1072 586 τῶν
1140 527 1498 605 ἐϐδομήκοντα
1552 549 1742 585 συναυ-

127 622 301 685 λίαςό
331 623 511 700 ἀνὴρ),
542 623 651 678 ἀλλ’
693 626 774 678 ὃτι
812 626 868 678 αἱ
910 630 1087 697 χεῖρες
1140 620 1298 674 αύτοῦ
1350 618 1602 679 έποίησαν
1659 625 1742 695 ὅρ-

128 730 295 784 γανον
326 717 615 788 σωτηρίας,
642 718 733 767 καὶ
769 715 820 766 οἱ
858 709 1107 766 δάκτυλοι
1144 706 1305 763 αύτού
1341 710 1642 783 ἡρμόσαντο
1681 713 1740 763 1'6

129 812 229 866 τῆς
299 802 578 877 βασιλείας
638 804 928 880 γράψαντες
982 801 1312 874 Εύαγγέλιον·
1373 800 1446 863 εἰς
1492 805 1740 875 μέγιστον

131 893 283 955 κλέος
310 892 515 969 έπηρθη
563 899 655 947 καὶ
708 898 841 968 πρὸς
898 892 1162 966 ἰσοτιμίαν
1219 890 1371 951 ἀνέϐη
1428 901 1529 945 τῶν
1584 910 1741 967 κορυ⁶

132 988 323 1056 γαίων*
381 983 754 1057 εύηγγελίσατο
807 985 908 1058 γὰρ
960 979 1303 1041 δικαιοσύνην
1350 981 1399 1035 έν
1456 981 1744 1055 Ἐκκλησία

131 1073 338 1147 μεγάλη
371 1075 549 1137 πάσης
575 1082 671 1136 τῆς
699 1072 1023 1146 οἰκουμένης,
1050 1076 1140 1126 καὶ
1167 1072 1238 1134 εἰς
1277 1078 1449 1125 πᾶσαν
1492 1074 1594 1146 γὰρ
1646 1076 1741 1132 τὴν

130 1171 235 1235 γῆν
264 1161 475 1227 ἐξῆλθεν
505 1164 533 1216 6
563 1165 786 1236 φθόγγος
809 1162 991 1217 αύτού.
1030 1166 1131 1216 Καὶ
1186 1165 1331 1214 ἰνίων
1391 1164 1481 1235 μὲν
1538 1160 1639 1213 τῶν
1689 1161 1741 1213 ίν

134 1260 246 1314 τοῖς
275 1248 490 1306 δώδεκα
510 1252 578 1307 τὰ
601 1252 829 1326 ὀνόματα
862 1251 992 1324 τάχ’
1044 1250 1106 1303 ἂν
1159 1258 1270 1313 τοῖς
1315 1249 1524 1312 πολλοίς
1578 1251 1742 1322 οἷγνω-

137 1360 261 1394 στα·
297 1349 391 1395 τοῦ
411 1338 472 1395 δέ
502 1343 571 1404 ὡς
602 1343 903 1415 θαυμαστὸν
931 1343 991 1393 1'6
1044 1343 1206 1413 ὄνομα
1251 1337 1301 1392 έν
1353 1340 1499 1412 πάσῃ
1530 1346 1589 1412 τῇ
1644 1346 1740 1411 γῇ,

135 1435 229 1483 καὶ
298 1428 347 1482 ἰν
413 1430 598 1503 ὑψηλῷ
661 1440 734 1502 τῷ
790 1433 1094 1506 κηρύγματι
1158 1431 1186 1481 6
1243 1428 1613 1501 εύαγγελιστὴς
1677 1436 1742 1500 τῷ

134 1519 441 1593 Εύαγγελίῳ
544 1520 1084 1594 συμμεγαληγοριῖται
1187 1523 1278 1571 καὶ
1344 1524 1743 1591 συνεκφωνιίται

134 1618 335 1684 τρανῶς
364 1608 448 1662 ἐπὶ
475 1617 569 1663 τού
595 1610 732 1685 ἱεροῦ
756 1618 851 1671 τῆς
881 1608 1191 1669 Ἐκκλησίας
1248 1606 1574 1681 όκρίϐαντος.
1633 1607 1742 1662 Κάν

136 1700 205 1760 εἰς
256 1704 354 1757 τὴν
393 1696 723 1775 βαρϐαρικὴν
789 1698 1067 1756 ἐκκλησίαν
1121 1696 1376 1769 εἰσέλθῃς,
1433 1704 1741 1773 Χριστιανι-

1847 527 2156 602 discipulis
2177 530 2344 599 erat),
2377 528 2485 587 sed
2512 516 2643 602 ejus
2666 545 2887 589 manus
2917 531 3125 589 salutis
3145 532 3507 591 instrumen-

1848 623 1977 676 tum
2007 617 2317 675 confecere
2342 622 2399 676 et
2421 617 2593 690 digiti
2613 617 2743 689 ejus
2767 619 3122 678 ordinavere
3171 620 3503 680 scribentes

1849 708 2236 779 Evangelium
2252 708 2440 779 regni'
2464 707 2554 764 Ad
2573 709 2901 766 maximam
2920 708 3177 780 gloriam
3193 710 3385 768 elatus
3416 717 3506 771 est

1847 801 1906 855 et
1919 812 2112 870 usque
2128 795 2207 856 ad
2218 797 2678 870 coryphaaorum
2695 798 2985 855 honorem
2999 798 3288 855 ascendit.
3318 803 3504 857 Evan-

1849 884 2121 958 gelizavit
2146 885 2308 943 enim
2339 886 2634 956 justitiam
2663 885 2726 943 in
2748 902 2975 959 magna
3003 887 3181 945 totius
3208 885 3371 945 orbis
3402 892 3506 947 Ec-

1848 975 2030 1034 clesia
2057 974 2201 1032 etin
2230 990 2475 1033 omnem
2505 980 2724 1033 terram
2754 976 2932 1034 exivit
2983 992 3172 1035 sonus
3227 976 3384 1051 ejus.
3437 981 3506 1037 Et

1847 1063 2259 1139 quorumdam
2279 1064 2529 1137 quidem
2557 1080 2629 1121 ex
2655 1065 2976 1124 duodecim
3002 1067 3252 1124 nomina
3298 1067 3504 1125 multis

1848 1153 1997 1212 forte
2022 1154 2383 1225 suntignota
2406 1170 2419 1222 ;
2450 1152 2633 1225 hujus
2648 1159 2853 1212 autem
2873 1153 3144 1213 mirabile
3159 1161 3249 1213 est
3278 1172 3502 1214 nomen

1847 1243 1910 1301 in
1931 1244 2209 1301 universa
2237 1247 2411 1314 terra,
2439 1248 2496 1300 et
2524 1239 2755 1301 excelso
2797 1246 3099 1317 praeconio
3137 1246 3504 1317 evangelista

1850 1348 1974 1390 una
1987 1348 2127 1389 cum
2139 1331 2462 1402 Evangelia
2478 1331 2635 1390 clare
2647 1332 3071 1405 magnificatur
3083 1338 3141 1392 et
3160 1336 3428 1407 proclam
3436 1351 3500 1392 a-

1850 1420 2019 1477 turin
2040 1435 2211 1477 sacro
2230 1419 2501 1477 Ecclesia:
2524 1425 2833 1492 suggestu.
2856 1423 2925 1479 Et
2949 1421 2997 1478 si
3018 1422 3078 1479 in
3100 1421 3500 1479 barbarorum

1848 1509 2161 1566 ecclesiam
2177 1508 2387 1579 intres,
2410 1508 2808 1567 Christianam
2828 1514 3051 1575 tamen.
3074 1510 3203 1568 ﬁeri
3227 1515 3423 1584 potest
3438 1515 3503 1568 ut

1849 1597 2226 1669 evangelicas
2242 1614 2418 1656 voces
2435 1614 2557 1655 non
2575 1598 2869 1671 intelligas
2888 1605 3131 1672 propter
3145 1598 3366 1670 linguae
3404 1600 3500 1656 din-

1848 1688 2190 1744 versitatem
2224 1690 2496 1755 ;Marcus
2527 1693 2728 1744 autem
2768 1703 2893 1745 non
2950 1687 3317 1745 adulteratus
3364 1693 3501 1745 tuas

133 1785 310 1848 11526"
339 1790 495 1861 ὅμως,
548 1796 650 1840 τῶν
701 1791 791 1860 μεν
843 1787 1187 1859 εὐαγγελικῶν
1241 1788 1489 1861 ῥημάτων
1545 1785 1735 1859 ἑστήξῃ
1778 1794 1822 1849 Β
1852 1775 3503 1861 aurespenetrabi_t,etevangelicorumverborumlectim

135 1877 388 1939 ἀσύνετος
411 1874 508 1931 διὰ
531 1881 592 1930 τό
649 1876 1018 1950 ἀλλόγλωττον·
1069 1878 1095 1929 6
1151 1879 1366 1952 Μάρκος
1422 1872 1481 1929 δὴ
1534 1875 1737 1952 ἀπαρα-

132 1972 354 2029 ποίητος
410 1962 715 2020 εἰσδύσεταί
782 1985 877 2019 σου
924 1969 1016 2028 τὰς
1074 1963 1252 2033 ἀκοὰς,
1303 1970 1394 2018 καὶ
1451 1962 1741 2038 ἀνάγνωσιν

136 2055 482 2128 εύαγγελικὼν
543 2055 793 2130 ῥημάτων
855 2059 1143 2129 τεκμήραιο
1198 2059 1288 2108 καὶ
1346 2051 1591 2118 δοξάσης
1654 2058 1742 2107 τόν

139 2149 353 2218 Κύριον·
390 2145 553 2205 Οὗτος
581 2150 753 2198 τοίνυν
804 2146 831 2197 ό
895 2144 1201 2206 τηλικοῦτος
1266 2143 1662 2216 εὐαγγελιστης,
1716 2143 1743 2195 ό

135 2239 228 2293 τὸν
259 2237 451 2309 φράσιν
480 2233 744 2307 έπίτομος,
793 2238 887 2294 τὴν
944 2230 1004 2287 δε
1054 2242 1245 2306 γνῶσιν
1299 2233 1515 2299 πλατύς,
1567 2230 1744 2306 ἀρχὴν

141 2332 233 2377 τού
264 2324 381 2377 κατ’
411 2324 566 2376 αύτόν
596 2323 912 2395 Εύαγγελίου
950 2331 1173 2377 ποιεῖται
1229 2328 1322 2381 τήν
1378 2321 1426 2375 έν
1479 2331 1552 2394 τῷ
1616 2322 1747 2395 Ἰορ-

145 2410 281 2486 δάνῃ
324 2417 611 2489 φανέρωσιν
676 2420 768 2466 τοῦ
825 2415 950 2466 Υιού
1010 2421 1101 2465 τοῦ
1142 2420 1296 2467 Θεοῦ.
1352 2417 1605 2488 Πρότερον
1657 2408 1745 2465 οὖν

144 2502 245 2578 ἐρῶ
271 2506 402 2576 πρός
426 2504 582 2575 ὑμᾶς,
607 2504 729 2577 ὅπερ
759 2507 861 2555 τινὶ
886 2509 986 2555 τῶν
1046 2510 1137 2555 τού
1203 2502 1518 2575 Εύαγγελίου
1576 2521 1745 2575 σοφω-

139 2594 311 2645 τάτων
350 2590 613 2663 ἐξηγητῶν
680 2594 967 2665 χαριέντως
1017 2595 1248 2649 νενόηταί
1301 2610 1356 2643 τε
1410 2595 1501 2643 καὶ
1560 2595 1748 2666 γέγρα-

141 2700 295 2735 πται.
348 2687 457 2743 Τῆς
519 2688 621 2733 τῶν
694 2680 1071 2752 εύαγγελιστῶν
1141 2683 1287 2733 ἕνεκα
1348 2683 1660 2754 τετρακτύος
1720 2682 1746 2733 ό

142 2771 231 2823 ἐπὶ
268 2779 372 2823 τῶν
427 2768 712 2846 Χερουϐὶμ,
772 2774 925 2843 φησὶ,
982 2771 1268 2842 καθήμενος
1320 2773 1465 2837 Θεὸς,
1495 2768 1532 2822 ἂ
1572 2789 1748 2843 τετραο

138 2864 407 2934 πρόσωπα
434 2862 465 2919 ἡ
500 2864 674 2934 Γραγὴ
714 2859 872 2931 λέγει,
934 2855 1234 2933 παρέδωκεν
1291 2861 1417 2933 ἡμῖν
1468 2860 1749 2935 τετράμορ-

141 2969 235 3022 γον
294 2952 354 3001 τό
429 2948 742 3022 Εύαγγῦιον
808 2947 858 3001 ἐν
924 2948 996 3002 ἑνὶ
1060 2952 1314 3022 πνεύματι
1380 2954 1745 3022 συνεχόμενον.

136 3047 326 3111 Ωσπερ
367 3034 455 3091 οὖν
480 3046 581 3091 τῶν
644 3036 913 3113 Χερουϐὶμ
968 3039 1186 3092 ἕκαστον
1250 3037 1301 3091 ἓν
1352 3042 1442 3111 μὲν
1470 3042 1748 3111 πρόσωπον

138 3129 287 3201 εἰχεν
318 3130 493 3201 ὅμοιον
521 3127 705 3195 λέοντι,
765 3127 932 3203 ἓτερον
1000 3124 1060 3181 δι
1126 3126 1377 3202 ἀνθρώπῳ
1428 3132 1519 3181 καὶ
1580 3128 1747 3203 ἕτερον

138 3216 296 3290 ἀετῷ,
331 3224 423 3272 καὶ
457 3218 624 3293 ἕτερον
667 3222 880 3291 μόσχῳ·
943 3218 1078 3270 οὕτω
1129 3222 1218 3271 καὶ
1267 3220 1296 3276 ἡ
1348 3226 1440 3271 τού
1489 3217 1748 3290 εὐαγγελι-

135 3316 235 3359 κού
298 3310 638 3384 κηρύγματος
708 3311 1062 3382 πραγματεία.
1141 3311 1243 3360 Καὶ
1317 3310 1377 3360 τό
1449 3310 1540 3381 μὲν
1613 3310 1749 3360 κατά

139 3398 387 3455 Ἰωάννην
452 3394 764 3468 Εύαγγέλιον
841 3396 953 3469 ἔχει
1026 3395 1195 3449 λεοντο
1231 3400 1531 3472 πρόσωπον,
1589 3395 1749 3469 βασι-

132 3486 285 3539 λικὸν
323 3489 425 3560 γὰρ
464 3487 491 3538 6
540 3485 665 3538 λέων
729 3490 820 3537 καὶ
884 3486 1213 3558 ἡγεμονικόν·
1274 3486 1465 3558 ὁμοίως
1513 3480 1600 3538 οὖν
1658 3488 1749 3537 καὶ

135 3577 164 3628 6
194 3575 439 3635 Ἰωάννης
467 3572 691 3627 ἀπόστού
720 3572 1003 3646 βασιλικοῦ
1059 3579 1150 3626 καὶ
1216 3570 1530 3627 δεσποτικοῦ
1590 3572 1748 3636 ἀξιὼ-

134 3683 303 3737 ματος
330 3670 428 3725 τῆς
459 3664 696 3723 θεότητος
720 3670 812 3715 τού
866 3667 1042 3734 Λόγου
1109 3662 1324 3735 ἤρξατο,
1388 3663 1615 3716 simis-11
1669 3663 1749 3715 Ἐν

138 3752 291 3826 ἀρχῇ
326 3749 388 3811 ἦν
415 3754 441 3803 6
465 3757 656 3825 Λόγος,
689 3756 778 3805 καὶ
818 3756 937 3813 Θεὸς
958 3749 1018 3811 ἦν
1049 3754 1075 3804 6
1109 3756 1295 3825 Λόγος·
1326 3775 1354 3804 ››
1377 3756 1435 3804 τό
1501 3748 1561 3805 δι
1614 3753 1751 3805 κατά

132 3844 413 3898 Ματθαῖον
441 3840 899 3917 ἀνθρωπόμορφον
931 3840 1031 3894 ἀπὸ
1084 3844 1186 3916 γὰρ
1240 3850 1334 3905 τῆς
1385 3844 1521 3895 κατὰ
1578 3844 1751 3917 σάρκα

131 3938 426 4004 γεννήσεως
468 3935 559 3983 καὶ
632 3930 1067 4003 ἐνανθρωπήσεως
1130 3939 1223 3983 τού
1290 3936 1466 4003 Λόγου
1532 3930 1747 4006 ἣρξατο.

133 4025 207 4074 T6
234 4018 296 4074 δὲ
340 4022 478 4072 κατά
523 4021 736 4093 Μάρκον
786 4019 919 4090 ἀετῷ
971 4020 1430 4093 παρεικαζόμενονο
1491 4019 1592 4072 ἀπὸ
1647 4022 1750 4093 γὰρ

133 4118 229 4170 τῆς
269 4113 590 4182 προφητείας
618 4108 815 4181 ἤρξατο
867 4109 1104 4162 Ἰωάννου
1165 4128 1178 4142 ·
1233 4110 1263 4167 ἡ
1329 4105 1391 4160 δέ
1440 4113 1751 4184 προφητεία,

133 4202 304 4274 χάρις
354 4202 676 4273 προορατικὴ
727 4195 880 4269 οὖσα,
925 4197 1079 4261 ὀξέως
1132 4199 1200 4251 τά
1258 4196 1435 4272 πόρρω
1484 4196 1754 4271 βλέπουσα

135 4286 288 4348 ἀετός
335 4285 473 4339 ἔστιο
514 4282 953 4360 ὁξυδερκίστατος
988 4289 1088 4359 γὰρ
1155 4288 1181 4339 6
1235 4284 1401 4348 ἀετός.
1456 4290 1663 4359 Μόσχῳ
1695 4281 1755 4340 δέ

135 4378 287 4449 ὃμιον
315 4379 374 4429 1'6
405 4378 545 4428 κατά
600 4381 829 4444 Λουκάν,
896 4372 1040 4428 διότι
1069 4374 1170 4428 ἀπὸ
1224 4383 1316 4436 τῆς
1378 4373 1754 4450 ἀρχιερατικῆς

312 4472 406 4517 τοῦ
431 4470 700 4540 Ζαχαρίον
739 4464 934 4538 ἤρξατο
972 4465 1100 4538 ὑπερ
1165 4472 1266 4517 τῶν
1333 4462 1598 4537 ἁμαρτιῶν
1663 4472 1757 4518 τού
1791 4505 1833 4558 D

129 4553 261 4607 λαοῦ
288 4555 594 4627 θυμιῶντος·
624 4558 714 4606 καὶ
738 4558 951 4626 μόσχος
1005 4550 1065 4606 δε
1122 4550 1183 4610 ἦν
1232 4555 1258 4605 ό
1312 4554 1558 4626 θυόμενος
1615 4558 1751 4608 τότεο
1791 4550 1803 4615 ί

137 4649 242 4698 Καὶ
281 4649 452 4695 ταῦτα
488 4646 579 4716 μὶν
644 4642 780 4695 οὕτω
808 4643 922 4695 κατ’
960 4641 1172 4695 ἀστείαν
1198 4646 1313 4695 τινὰ
1361 4647 1456 4701 τὴν
1512 4642 1753 4701 ἐπιϐολήν

135 4731 508 4804 ύψολογεῖται.
575 4734 686 4788 Τῶν
746 4740 904 4806 τριῶν
964 4736 1136 4801 τοίνυν
1177 4733 1533 4807 παρεαθέντων
1590 4751 1751 4808 προσ-

134 4828 292 4875 ώπων
318 4823 347 4873 ό
394 4819 546 4883 ἀετός
595 4822 717 4895 ἄρτι
770 4819 1238 4896 παῤῥησιαζέσθω,
1296 4824 1355 4874 τό
1420 4821 1536 4873 κατ’
1595 4822 1751 4874 αὐτὸν

134 4911 309 4971 λύσας
348 4913 552 4984 πτερόν,
585 4914 675 4963 καὶ
705 4911 1010 4983 έφιπτάσθι-
1052 4914 1174 4983 ἡμῖν
1215 4917 1329 4973 τοίς
1370 4918 1609 4965 νεοσσοῖς
1650 4910 1751 4963 αύ-

133 5009 251 5055 τού·
307 4996 403 5054 διὰ
436 5002 536 5075 γὰρ
582 5008 675 5053 τοῦ
719 4998 1041 5072 Εὖαγγελίου
1093 5007 1204 5061 τοῖς
1246 4997 1557 5063 ἀποστόλοις
1599 5001 1753 5073 ἡμεῖς

132 5091 511 5164 γεγεννήμεθα.
588 5094 688 5143 Καὶ
769 5085 898 5151 διεὶς
963 5090 1050 5151 τὰς
1118 5092 1376 5164 πτέρυγας
1434 5092 1596 5142 αὐτοῦ
1643 5089 1750 5143 έπε-

137 5181 407 5243 σκιαζέτω
454 5174 551 5231 διὰ
597 5186 692 5231 τού
742 5181 793 5232 εν
839 5178 981 5250 αύτῷ
1021 5181 1337 5251 Πνεύματος·
1391 5183 1483 5232 καὶ
1528 5175 1750 5254 ὀξυδερ-

134 5273 280 5331 κείας
318 5263 654 5341 μεταδιδότω
684 5272 757 5331 εὶς
796 5271 857 5321 τό
894 5275 1250 5321 κατοπτεῦσαι
1295 5271 1362 5321 τὰ
1400 5266 1450 5320 έν
1491 5276 1566 5340 τῷ
1594 5267 1751 5343 βάθει

135 5366 242 5411 τῶν
301 5359 450 5412 θείων
514 5357 680 5431 λόγων
755 5355 1146 5433 έγκεκρυμμένα
1217 5362 1475 5432 νοήματα.
1527 5358 1749 5412 Ἐπαινῶ

134 5451 232 5521 μὶν
278 5450 369 5501 τὸν
409 5445 555 5501 ἀετὸν
606 5450 666 5501 τό
699 5449 837 5502 κατά
880 5449 1094 5523 Μάρκον
1144 5449 1538 5525 παρεικάσαντα
1582 5448 1750 5524 Εύαγ·

213 5626 263 5665 ¹⁶
291 5626 464 5685 Joan.
490 5639 531 5698 1,
567 5629 619 5684 l.

364 5740 619 5806 Panos.
654 5743 758 5808 Gn.
782 5741 935 5805 CXL.

1848 1872 1990 1913 nem
2012 1855 2491 1931 meditaberiset
2515 1856 2793 1913 laudabis
2819 1858 3163 1913 Dominum.
3197 1858 3295 1914 llic
3325 1855 3505 1929 igitur

1854 1951 2053 2003 tantus
2073 1945 2437 2017 evangelista
2463 1942 2721 2002 dictione
2741 1945 2964 2013 brevis,
3011 1945 3261 2002 scientia
3299 1952 3504 2006 autem

1849 2035 2270 2105 latus,initium
2292 2036 2383 2092 sui
2406 2032 2712 2106 Evangelii
2730 2035 2871 2092 facit
2892 2035 3014 2092 Filii
3040 2037 3140 2093 Dei
3161 2034 3221 2091 in
3241 2035 3504 2093 Jordanc

1851 2124 2417 2182 manifestationem.
2443 2124 2607 2180 Prius
2630 2123 2807 2194 igitur
2828 2124 2996 2180 vobis
3021 2123 3221 2180 dicam
3244 2125 3408 2197 quod
3422 2122 3502 2181 ab

1852 2231 1975 2271 uno
1996 2231 2068 2271 ex
2099 2214 2555 2287 sapientissimis
2596 2213 2900 2283 Evangelii
2937 2213 3359 2287 interpretibus
3407 2229 3504 2269 ex‘

1853 2304 2179 2374 cogitatum
2201 2308 2259 2359 et
2289 2302 2579 2375 scriptum
2608 2306 2697 2359 est
2725 2301 2801 2357 de
2822 2307 3084 2375 quatuor
3108 2302 3503 2373 evangelista-

1852 2409 1989 2450 rum
2018 2407 2271 2450 numero
2313 2410 2325 2448 :
2353 2392 2464 2458 Qui
2496 2406 2679 2464 super
2707 2389 3038 2463 cherubim,
3072 2391 3287 2464 inquit,
3342 2391 3508 2448 sedet

1856 2487 2030 2549 Deus,
2053 2481 2275 2556 quibus
2311 2486 2572 2554 quatuor
2589 2481 2788 2537 vultus
2821 2480 3125 2554 Scriptura
3141 2480 3362 2551 tribuit,
3389 2484 3507 2537 tra-

1855 2571 2005 2629 didit
2041 2571 2217 2628 nobis
2245 2568 2625 2643 quadruplici
2655 2568 2805 2627 facie
2833 2568 3243 2639 Evangelium,
3292 2568 3354 2625 in
3383 2584 3507 2626 uno

1857 2661 2067 2734 spiritu
2086 2659 2613 2734 comprehensum.
2634 2658 3161 2725 Quemadmodum
3183 2658 3345 2715 enim
3366 2658 3510 2715 che-

1854 2750 2054 2807 rubim
2068 2748 2549 2823 unumquodque
2565 2763 2747 2805 unam
2760 2747 3006 2821 quidem
3023 2748 3231 2804 faciem
3247 2746 3512 2805 habebat

1854 2840 2012 2897 leoni
2025 2838 2299 2906 similem,
2319 2837 2500 2894 aliam
2512 2853 2654 2893 vero
2670 2836 2922 2903 homini,
2937 2843 2995 2894 et
3012 2838 3246 2893 tertiam
3268 2835 3505 2911 aquilas,

1856 2935 2209 3003 etquartam
2230 2928 2416 2985 vitulo
2443 2928 2561 2999 ;ita
2589 2934 2646 2984 et
2664 2925 2995 2997 evangelici
3026 2928 3309 2999 praeconii
3332 2924 3509 2984 actio.

1857 3023 1926 3077 Et
1942 3018 2188 3093 quidem
2220 3017 2611 3089 Evangelium
2632 3016 2968 3073 secundum
2998 3012 3297 3073 Joannem
3327 3015 3511 3073 habet

1788 3149 1829 3204 Ο
1860 3108 2051 3166 Iconis
2070 3107 2314 3175 faciem;
2339 3106 2567 3163 animal
2584 3106 2745 3163 enim
2762 3106 2995 3176 regium
3008 3109 3096 3162 est
3116 3109 3173 3162 et
3190 3105 3269 3162 im
3280 3107 3509 3177 peraton

1856 3198 2013 3255 rium
2042 3196 2137 3253 leo
2171 3212 2184 3262 ;
2207 3194 2474 3251 similiter
2502 3194 2680 3264 igitur
2700 3196 2757 3251 et
2782 3196 3043 3251 Joannes
3069 3210 3105 3252 a
3131 3194 3293 3264 regia
3313 3198 3371 3250 et
3403 3197 3513 3250 Do-

1857 3287 2078 3344 minica
2107 3283 2433 3341 divinitatis
2455 3283 2749 3354 dignitate
2801 3297 3144 3340 sermonem
3201 3282 3379 3357 cepit,
3427 3282 3512 3339 di-

1857 3391 2035 3433 cens:
2069 3396 2096 3425 «
2120 3378 2182 3430 In
2204 3372 2496 3447 principio
2525 3377 2653 3429 erat
2672 3371 2951 3439 Verbum,
2974 3378 3033 3429 et
3056 3375 3208 3428 Deus
3230 3375 3359 3428 erat
3378 3372 3516 3429 Ver-

1856 3465 2007 3522 bum
2028 3466 2097 3519 ”.
2123 3487 2142 3513 ι
2175 3462 2566 3533 Evangelium
2594 3467 2796 3519 autem
2818 3461 3155 3518 secundum
3173 3461 3515 3519 Matthaaum

1856 3553 2073 3612 faciem
2092 3552 2354 3610 hominis
2375 3551 2559 3609 habet
2580 3567 2594 3607 :
2622 3567 2658 3607 a
2674 3549 2979 3608 nativitate
2996 3550 3157 3606 enim
3180 3548 3516 3632 secundum

1859 3660 2103 3702 carnem
2135 3648 2193 3700 et
2213 3642 2388 3700 Verbi
2410 3642 2821 3699 incarnatione
2856 3642 3261 3700 narrationem
3288 3641 3516 3713 incipit.

1860 3732 2245 3805 Evangelium
2289 3747 2431 3789 vero
2459 3731 2794 3788 secundum
2823 3726 3084 3787 Marcum
3123 3730 3339 3803 aquila:
3356 3746 3518 3787 com-

1859 3830 2105 3897 paratur
2127 3840 2141 3891 ;
2161 3839 2197 3878 a
2214 3822 2460 3878 Joannis
2475 3821 2635 3878 enim
2652 3820 2968 3894 prophetia
2984 3820 3204 3890 incepit
3224 3835 3239 3885 ;
3263 3818 3517 3892 prophe‘

1859 3915 1941 3970 tia
1968 3928 2170 3985 porro,
2203 3928 2342 3968 cum
2381 3926 2475 3966 res
2506 3908 3062 3983 praevideat,rapide
3084 3923 3156 3964 ea
3174 3922 3310 3980 qua:
3338 3908 3517 3979 longe

1860 4006 1999 4058 sunt
2019 4000 2413 4074 prospiciens,
2427 3998 2633 4072 aquila
2652 4003 2741 4054 est
2763 4017 2778 4061 ;
2806 3997 3153 4053 acutissime
3173 3996 3335 4053 enim
3355 3996 3519 4053 videt

1862 4089 2082 4163 aquila.
2126 4088 2320 4145 V’itulo
2359 4087 2550 4143 simile
2600 4093 2687 4143 est
2737 4085 3124 4157 Evangelium
3181 4085 3517 4142 secundum

1864 4181 2104 4244 Lucam,
2138 4192 2209 4234 eo
2238 4177 2404 4248 quod
2432 4175 2679 4250 incipiat
2725 4191 2755 4227 η
2808 4173 3163 4231 sacerdotali
3220 4173 3517 4231 Zacharim

1862 4267 2147 4340 dignitate
2169 4281 2279 4339 pro
2300 4265 2558 4338 peccatis
2580 4262 2787 4337 populi
2810 4263 3173 4320 sacrificium
3194 4263 3516 4330 offerentis,

1864 4362 1923 4414 et
1944 4362 2083 4414 tunc
2112 4354 2401 4428 temporis
2421 4353 2637 4410 vitulus
2659 4352 3109 4412 immolabatur.
3133 4356 3199 4410 Et
3221 4353 3353 4410 haec
3381 4353 3521 4427 qui-

1864 4445 2004 4502 dem
2030 4443 2289 4516 eleganti
2318 4448 2612 4516 conceptu
2639 4443 2921 4498 celebrat.
2953 4442 3164 4499 Tribus
3191 4438 3370 4514 igitur
3386 4442 3519 4499 aliis

1864 4534 2127 4591 vultibus
2146 4533 2410 4599 omissis,
2431 4532 2633 4606 aquila
2657 4532 2783 4603 jam
2799 4531 3116 4607 eloquatur
3139 4532 3268 4589 alas
3285 4532 3520 4590 solvens

1863 4630 1922 4683 et
1950 4624 2125 4682 nobis
2154 4624 2276 4679 suis
2305 4623 2482 4696 pullis
2518 4621 2923 4695 supervolitet,
2979 4637 3087 4695 per
3132 4622 3520 4694 Evangelium

1862 4715 2021 4770 enim
2051 4711 2446 4785 abapostolis
2477 4711 2661 4784 geniti
2692 4728 2908 4767 sumus
2950 4718 3044 4781 ;et
3073 4709 3202 4767 alas
3230 4727 3371 4768 suas
3423 4726 3520 4767 ex-

1861 4802 2113 4859 tendens
2134 4817 2246 4857 nos
2265 4800 2588 4857 obumbret
2608 4815 2716 4873 per
2738 4800 3017 4873 Spiritum
3036 4800 3136 4873 qui
3158 4800 3220 4854 in
3253 4802 3382 4871 ipsa
3398 4804 3515 4865 est;

1860 4890 2249 4965 etparticipes
2286 4905 2398 4946 nos
2421 4889 2601 4946 faciat
2631 4889 2725 4945 sui
2776 4889 3072 4945 acuminis
3111 4892 3177 4943 ut
3215 4885 3519 4959 possimus

1858 4979 2076 5038 intueri
2101 4995 2175 5036 ea
2197 4995 2333 5053 quas
2364 4978 2426 5035 in
2451 4978 2794 5034 divinorum
2818 4992 3167 5034 sermonum
3214 4972 3520 5048 profundi-

1861 5074 1979 5128 tate
2006 5067 2366 5126 abscondita
2392 5072 2553 5123 sunt.
2580 5065 2783 5123 Laudo
2802 5065 3050 5139 quidem
3079 5080 3215 5121 eam
3242 5065 3516 5135 Evange-

1857 5157 1922 5216 lii
1942 5157 2277 5215 secundum
2304 5158 2567 5214 Marcum
2586 5171 2725 5211 cum
2745 5153 2951 5228 aquila
2978 5152 3513 5226 comparationem.

1857 5251 2154 5305 Accurata
2184 5245 2347 5302 enim
2376 5251 2467 5302 est
2492 5243 2867 5317 comparatio
2896 5255 3020 5298 non
3057 5241 3243 5299 modo
3271 5246 3517 5315 propter

1856 5336 2105 5395 Joannis
2126 5334 2534 5411 prophetiam,
2568 5332 2673 5389 sed
2693 5331 2839 5407 quia
2864 5330 3160 5389 sermonis
3179 5330 3369 5389 facies
3400 5335 3519 5388 sta-

1857 5428 1967 5488 tim
1992 5425 2317 5485 Jordanem
2332 5423 2563 5499 aspicit,
2586 5421 2692 5480 ubi
2712 5420 3052 5493 soljustitite
3072 5436 3284 5481 recens
3305 5420 3514 5479 oritur.

2906 5701 2981 5809 ἐι
