4032 6308
539 355 645 410 747

1694 327 2008 403 cunmm
2045 346 2091 399 ιι
2127 344 2206 400 cr

2315 323 2764 401 namnam.
3815 331 3904 393 ιιι

546 475 764 550 Aquila
793 477 996 530 autem
1028 461 1158 528 sola
1186 485 1259 526 ex
1297 469 1581 526 omnibus
1611 470 1977 527 animalibus
2011 473 2206 541 potest

2315 466 2503 539 γελιον·
2536 472 2792 540 εὔστοχος
2811 469 2913 542 γὰρ
2945 468 2975 524 ἡ
3008 467 3331 538 παρεικασία
3358 462 3417 514 οῦ
3473 465 3626 534 μόνον
3679 457 3772 512 διὰ
3819 465 3901 517 τὴν

544 564 784 621 intentis
809 560 996 618 oculis
1018 565 1072 615 et
1102 558 1333 631 absque
1362 557 1568 616 dolore
1586 559 1726 616 solis
1745 559 1946 614 radios
1965 557 2199 614 intueri.

549 651 813 711 Ostendit
836 646 1178 719 evangelica
1204 648 1404 720 aquila
1428 655 1486 704 et
1533 649 1595 704 in
1649 648 1896 703 ﬂumine
1948 646 2204 702 Jordane

548 740 915 797 celebratum
944 736 1217 792 divinum
1251 737 1624 809 mysterium.
1675 735 2204 802 Quemadmodum

546 831 704 886 enim
725 828 997 884 humana
1012 824 1193 880 facies
1205 825 1505 894 Evangelii
1523 823 1857 881 secundum
1874 823 2204 879 Matthaeum

546 917 879 974 festivitatis
909 915 1263 986 mysterium
1294 914 1654 983 designavit,
1687 914 1766 970 ita
1798 920 1854 969 et
1906 911 2206 981 Evangelii

547 1005 880 1062 secundum
902 1005 1162 1060 Marcum
1184 1002 1388 1074 aquila
1400 1003 1757 1076 mysterium
1779 999 2000 1057 revelat
2020 1000 2204 1055 divini

549 1091 927 1168 baptismatis
939 1107 1061 1164 quo
1075 1096 1490 1160 renovatur,ut
1505 1092 1742 1164 aquilae,
1755 1091 1972 1146 veteris
1991 1088 2204 1144 Adami

543 1185 855 1255 juventus,
890 1180 1101 1237 abluta
1129 1179 1309 1236 hodie
1340 1179 1401 1234 in
1431 1180 1694 1236 Jordane
1719 1186 1776 1236 et
1801 1195 1935 1235 eam
1965 1194 2103 1250 qua
2131 1193 2204 1232 ex

548 1270 1020 1342 transgressione
1046 1268 1371 1342 prodierat,
1404 1269 1846 1341 corruptionem
1881 1267 2200 1323 excutiens.

552 1364 618 1418 Et
643 1360 883 1417 aliunde
909 1358 1111 1430 aquila
1132 1357 1261 1415 sola
1289 1358 1441 1412 inter
1470 1358 1741 1414 volucres
1765 1374 1837 1412 ex
1875 1357 2048 1428 aquis
2105 1370 2202 1425 ge-

550 1451 925 1505 nerationem
945 1447 1158 1503 habuit
1196 1447 1486 1503 Creatoris
1511 1446 1799 1502 mandato
1831 1464 1843 1512 ;
1877 1445 2066 1500 ethoc
2117 1460 2204 1498 se-

552 1538 819 1594 cundum
852 1539 1115 1592 Marcum
1138 1534 1530 1604 Evangelium
1561 1534 1816 1589 adivino
1845 1533 2204 1604 baptismate

550 1625 776 1697 incipit,
809 1623 946 1679 etin
969 1621 1156 1677 altum
1182 1622 1597 1678 conscendens
1627 1622 1689 1677 in
1739 1620 1889 1676 caalo
1947 1620 2204 1691 requies-

554 1713 990 1783 cit,Dominicae
1021 1711 1417 1782 asumptionis
1457 1711 1709 1766 modum
1741 1710 2020 1777 edocens,
2044 1707 2205 1764 vola-

2314 563 2630 629 προφητείαν
2699 558 2956 623 Ἰωάννου,
3025 554 3132 606 ἀλλ’
3198 555 3278 606 ὃτι
3342 555 3431 604 καὶ
3508 553 3568 603 τὸ
3640 554 3902 623 πρόσωπον

2315 645 2462 705 εὐθὺς
2485 653 2575 698 τοῦ
2597 645 2754 717 λόγου
2799 647 3023 697 κατευθὺ
3071 651 3162 695 τοῦ
3217 637 3483 715 Ἰορδάνου
3536 641 3652 713 ὁρᾷ,
3705 641 3828 691 ὅπου
3877 639 3899 688 ὁ

2314 743 2408 796 τῆς
2437 731 2781 795 δικαιοσύνης
2823 734 2967 795 ἥλιος
3016 734 3138 806 ἄρτι
3185 729 3416 802 ἀνίσχει·
3459 729 3611 781 ἀετοῦ
3668 724 3729 780 δὲ
3762 747 3898 800 μονον

2313 831 2412 873 τῶν
2451 823 2691 874 ἁπάντων
2755 824 2899 883 ζώων
2960 824 3017 873 τό
3081 819 3454 893 έπεντρανίζειν
3507 813 3898 889 ἀσκαρδαμυκτὶ

2312 916 2402 962 καὶ
2433 908 2574 983 δίχα
2601 914 2943 984 καταμύσεως
3000 918 3112 972 τοῖς
3160 908 3400 968 ἡλιηόῖς
3447 905 3896 976 ὰκτινοϐολήμασι.

2315 1001 2469 1059 Δηλοῖ
2500 998 2559 1054 δὲ
2586 1003 2611 1053 ὁ
2643 1001 2970 1073 εῦαγγελικός
3010 999 3154 1060 ἀετὸς
3191 1003 3282 1050 καὶ
3333 999 3391 1049 τὸ
3444 997 3492 1048 ἐν
3553 992 3786 1068 Ἰορδάνῃ
3836 1002 3899 1063 τῷ

2313 1098 2530 1162 ποταμῷ
2572 1093 2991 1164 ἱερουργούμενον
3021 1091 3154 1141 θεῖον
3183 1092 3491 1159 μυστήριον.
3554 1083 3638 1144 Ὠς
3697 1087 3794 1157 γὰρ
3848 1086 3899 1134 τὸ

2314 1178 2751 1253 ἀνθρωπόμορφον
2815 1186 2906 1230 τοῦ
2970 1181 3105 1229 κατὰ
3163 1177 3432 1229 Ματθαῖον
3491 1172 3801 1244 Εὗαγγελίου
3848 1176 3900 1223 τὸ

2311 1275 2408 1327 τῆς
2456 1267 2633 1340 ἑορτῆς
2698 1271 2992 1340 μυστήριον
3049 1268 3395 1336 ὑπεσήμαινε,
3453 1270 3545 1314 τοῦ
3597 1266 3727 1314 Θεοῦ
3782 1261 3901 1330 117w

2311 1362 2404 1414 τήν
2443 1355 2851 1430 ἐνανθρὼπησιν·
2912 1356 3047 1407 οὕτω
3105 1359 3194 1406 καὶ
3245 1355 3270 1404 ὁ
3326 1355 3464 1404 κατὰ
3511 1353 3728 1424 Μάρκον
3780 1347 3904 1407 ἀετός

2313 1449 2406 1501 τήν
2444 1444 2645 1502 τελετὴν
2683 1447 2990 1516 ὑπεμφαίνει
3038 1450 3130 1495 τοῦ
3197 1443 3334 1494 θείου
3394 1439 3780 1511 βαπτίσματος,
3838 1435 3901 1488 δι’

2313 1533 2374 1584 οὗ
2406 1531 2792 1593 ἁνακαινίζεται
2853 1535 2918 1592 ὡς
2981 1535 3132 1583 ἀετοῦ
3196 1532 3228 1588 ἡ
3293 1533 3475 1590 νεότης
3537 1536 3632 1579 τοῦ
3698 1526 3904 1579 παλαιοῦ

2315 1618 2510 1692 Ἀδὰμ,
2542 1620 2790 1692 λουομένη
2831 1625 3056 1694 σήμερον
3117 1618 3164 1671 ἐν
3229 1626 3303 1689 τῷ
3357 1614 3624 1690 Ἰορδάνη,
3685 1621 3771 1667 καὶ
3821 1620 3904 1671 τὴν

2315 1709 2368 1760 ἐκ
2405 1709 2746 1783 παραϐάσεως
2791 1708 3133 1781 ἁποσειομένη
3199 1709 3413 1780 φθοράν.
3480 1711 3580 1759 Καὶ
3639 1705 3802 1764 ἄλλως
3854 1700 3906 1756 δὲ

554 1808 802 1873 tumque
818 1799 1184 1856 concludens
1205 1815 1312 1870 per
1341 1799 1660 1856 Salvatoris
1684 1798 1890 1854 Christi
1920 1798 1998 1853 ad
2019 1800 2205 1853 Deum

2315 1801 2340 1850 ὁ
2367 1797 2516 1860 ἀετὸς
2552 1800 2638 1850 οἷα
2663 1795 2731 1857 δὴ
2773 1804 2964 1856 πτηνὸν
3022 1797 3074 1860 ἐξ
3127 1793 3334 1849 ὑδάτων
3388 1799 3518 1867 ἔσχε
3577 1798 3676 1853 τὴν
3723 1797 3905 1864 γένεσιν

553 1897 612 1950 et
638 1895 870 1948 Patrem
901 1890 1335 1946 ascensionem.
1366 1895 1450 1944 Ac
1480 1889 1592 1945 nisi
1620 1889 1856 1960 longior
1884 1889 2071 1945 videri
2101 1887 2205 1944 de-

553 1982 780 2046 berem,
794 1981 854 2036 in
867 1979 1136 2036 medium
1148 1995 1392 2052 quoque
1404 1978 1679 2035 aﬁerrem
1694 1978 1929 2036 aetitem
1941 1976 2207 2050 lapidem

553 2070 703 2125 mire
733 2068 943 2141 aquilae
967 2068 1102 2124 huic
1123 2068 1184 2122 in
1223 2067 1420 2139 pullos
1473 2067 1701 2123 utilem.
1757 2067 1965 2122 Petrus
2005 2071 2206 2122 autem

553 2159 710 2216 hanc
725 2158 935 2215 faciem
951 2157 1168 2230 aquilae
1179 2157 1455 2230 praebens
1469 2156 1856 2228 Evangelium
1880 2155 2207 2227 plurimum

546 2249 703 2319 juvit
712 2246 1016 2314 dictando,
1031 2245 1184 2302 bene
1197 2246 1277 2301 ad
1288 2245 1550 2301 volandu
1559 2262 1618 2300 m
1631 2261 1883 2300 movens
1898 2245 2206 2300 historiam

555 2336 634 2392 ad
649 2336 810 2390 hunc
830 2335 1155 2391 salutarem
1193 2339 1501 2390 conatum.
1537 2333 1650 2389 Sed
1669 2333 1797 2389 haec
1829 2333 2206 2389 ambitiosius

553 2424 714 2480 dicta
788 2429 946 2490 sunt,
1019 2437 1158 2477 cum
1235 2428 1466 2477 erectus
1541 2422 1688 2478 mihi
1754 2438 1950 2478 sermo
2000 2423 2071 2478 sit
2127 2423 2206 2479 ad

554 2526 843 2581 magnam
865 2511 1017 2565 hanc
1044 2509 1330 2581 aquilam.
1375 2510 1559 2581 Hujus
1598 2511 1776 2580 igitur
1827 2510 2063 2566 initium
2116 2517 2205 2567 est

551 2599 951 2656 evolvendum
963 2597 1394 2654 abundantius.
1409 2598 1535 2653 lniti
1547 2615 1647 2654 um
1661 2599 1927 2670 corporis
1960 2600 2053 2670 cuj
2065 2600 2201 2655 usli-

548 2687 912 2745 betomnino
925 2692 1014 2744 est
1042 2690 1242 2759 caput.
1279 2687 1468 2758 Caput
1481 2693 1680 2744 autem
1704 2687 2063 2758 evangelica:
2093 2688 2203 2743 hu-

544 2777 645 2848 jus
669 2774 1026 2830 narrationis
1047 2779 1136 2830 est
1166 2773 1442 2840 Christus,
1477 2775 1588 2830 etsi
1613 2781 1795 2848 caput
1836 2776 1896 2831 in
1949 2775 2200 2831 modum

549 2864 704 2919 servi
725 2868 862 2919 ante
890 2862 1215 2934 Baptistam
1243 2862 1508 2919 inclinet.

553 2951 879 3028 ἐγχείρησιν.

553 3061 707 3113 αετῳ.

547 3129 739 3202 κεφαλὴ
752 3173 764 3185 .

544 3218 691 3292 κλίνῃ
722 3225 796 3289 τῷ
833 3225 1102 3291 Βαπτιστῇ
1119 3261 1133 3274 .

617 3309 679 3360 V.
718 3328 741 3356 ι
775 3305 1013 3361 Initium
1039 3306 1340 3376 Evangelii
1363 3309 1500 3362 Jesu
1533 3306 1766 3368 Christi,
1815 3305 1937 3361 Filii
1969 3307 2089 3375 Dei,
2138 3313 2203 3362 ut
2242 3314 2282 3370 C

550 3395 841 3464 scriptum
861 3393 1028 3449 estin
1048 3395 1352 3466 prophetis
1377 3413 1389 3449 :
1414 3397 1560 3450 Ecce
1582 3410 1693 3464 ego
1716 3395 1886 3450 mitto
1916 3395 2200 3464 angelum

544 3495 751 3538 meum
765 3487 902 3536 ante
921 3481 1136 3536 faciem
1153 3486 1318 3538 tuam
1335 3483 1436 3554 qui
1459 3483 1823 3554 praeparabit
1852 3484 2011 3539 viam
2035 3489 2202 3541 tuam

547 3574 686 3626 ante
723 3575 807 3626 te:
832 3572 959 3625 Vox
989 3569 1260 3626 clamatis
1326 3571 1388 3625 in
1441 3572 1723 3627 deserto:
1789 3575 1990 3628 Parate
2039 3573 2203 3628 viam

547 3659 787 3714 Domini
814 3660 879 3730 ιτ,
902 3681 930 3709 »
953 3664 1011 3714 et
1027 3659 1278 3731 reliqua.
1313 3661 1578 3716 Granum
1603 3660 1886 3716 frumenti
1919 3661 1980 3716 in
2033 3668 2201 3718 terra:

548 3748 685 3803 sinu
709 3747 1134 3803 absconditum
1159 3753 1214 3802 et
1228 3746 1492 3803 solutum
1505 3749 1869 3820 principium
1891 3750 1959 3805 ﬁt
2013 3750 2201 3806 abun-

545 3835 745 3893 dantis
771 3836 982 3892 messis
1012 3843 1069 3892 et
1092 3837 1322 3909 spicam
1386 3837 1610 3909 profert
1667 3837 1868 3894 multis
1915 3854 2025 3910 pro
2082 3855 2203 3894 uno

545 3926 748 3996 granis
761 3925 1063 3982 refertam.
1086 3925 1275 3982 Veteri
1295 3925 1426 3996 lege
1457 3926 1711 3982 nimium
1742 3932 1908 3983 arcta
1932 3928 2057 3998 jam
2083 3944 2204 3983 ces-

545 4019 714 4070 sante
731 4020 788 4071 et
804 4013 1000 4070 soluta
1017 4015 1251 4082 (omnes
1269 4017 1429 4071 enim
1459 4016 1768 4088 propheta:
1791 4021 1844 4072 et
1894 4016 1987 4072 lex
2011 4031 2204 4088 usque

544 4103 623 4160 ad
651 4102 949 4160 Joannem
998 4103 1551 4178 prophetaverunt),
1599 4104 1838 4159 initium
1893 4104 2206 4177 quoddam

545 4190 1070 4247 alterumetaltera
1094 4191 1608 4260 germinatioinde
1647 4198 1916 4264 apparet,
1956 4193 2074 4248 vita
2122 4210 2209 4248 se-

546 4280 814 4335 cundum
845 4279 1145 4336 Christum
1185 4285 1241 4335 et
1264 4280 1651 4351 Evangelium
1704 4282 1892 4351 regni.
1914 4281 2208 4347 Quemad-

543 4367 796 4424 modum
819 4368 998 4440 igitur
1013 4368 1074 4423 in
1097 4374 1321 4426 terram
1341 4370 1632 4441 injectum
1649 4372 2018 4428 frumentum
2067 4371 2208 4427 ﬁnis

546 4457 792 4530 quidem
823 4463 912 4513 est
938 4459 1242 4530 spicarum
1271 4459 1432 4515 unde
1461 4465 1661 4516 ortum
1687 4466 1792 4525 est,
1820 4462 2055 4517 initium
2109 4479 2210 4517 au-

545 4551 667 4601 tem
698 4546 767 4601 ﬁt
793 4545 1048 4602 aliarum
1066 4563 1200 4619 qua:
1235 4547 1375 4603 inde
1405 4549 1571 4604 nasci
1600 4549 1823 4606 debent
1863 4551 2206 4622 spicarum;

787 3045 893 3099 Τὴν
971 3040 1146 3115 ἀρχὴν
1224 3046 1393 3093 τοίνυν
1471 3045 1656 3094 τούτου
1709 3045 2107 3116 περιεργαστέον
2167 3041 2628 3117 ἐξηγητικὼτερον.

851 3129 1054 3203 Κεφαλη
1110 3126 1170 3182 δὲ
1230 3137 1328 3192 τῆς
1381 3130 1725 3202 εὐαγγελικῶς
1761 3136 1988 3188 ταυτησὶ
2025 3137 2389 3202 πραγματείας
2476 3137 2730 3206 Χριστος,
2791 3130 2887 3183 κᾶν
2957 3135 3052 3189 τὴν
3135 3129 3358 3201 κεφαλὴν
3443 3124 3708 3188 δουλικῶς
3785 3135 3905 3178 ὑπο-

2315 1887 2625 1959 κελεύσματι
2681 1884 3068 1961 δημιουργικῷο
3111 1891 3200 1938 καὶ
3237 1889 3298 1938 τὸ
3336 1887 3472 1936 κατὰ
3518 1886 3733 1955 Μάρκον
3777 1884 3906 1933 τουτὶ

2315 1978 2622 2050 Εῦαγγελιον
2653 1977 2707 2030 ἐκ
2763 1986 2854 2031 τοῦ
2912 1981 3049 2031 θείου
3109 1976 3477 2050 βαπτίσματος
3522 1973 3770 2047 ἄρχεται,
3823 1977 3906 2023 καὶ

2315 2072 2494 2141 προϊὸν
2532 2067 2601 2128 εἰς
2630 2072 2689 2119 τό
2727 2067 2863 2138 ὕψος
2899 2066 3181 2136 καταλήγει
3235 2073 3326 2117 τοῦ
3382 2064 3622 2138 οὐρανοῦ,
3688 2069 3781 2122 τῆς
3835 2068 3908 2112 Δε-

2317 2165 2574 2219 σποτικῆς
2648 2155 2949 2226 ἀναλήψεως
3014 2150 3336 2206 έκδιδάσκον
3400 2157 3487 2205 τόν
3578 2157 3774 2224 τρόπον
3830 2153 3908 2200 καὶ

2317 2253 2664 2318 συμπεραῑνον
2691 2249 2786 2303 τὴν
2814 2252 3007 2302 πτῆσιν
3187 2245 3319 2314 πρὸς
3373 2245 3459 2294 τὸν
3516 2243 3650 2294 Θεὸν
3672 2245 3762 2292 καὶ
3816 2244 3905 2291 ﬂa-

2314 2338 2436 2407 τέρα
2461 2333 2710 2386 ἀναϐάσει
2744 2341 2837 2385 τοῦ
2876 2339 3112 2404 Σωτῆρος
3145 2338 3401 2406 Χριστοῦ.
3461 2330 3520 2381 Εἰ
3579 2325 3643 2381 δε
3703 2333 3776 2400 μὴ
3830 2345 3907 2378 πε-

2311 2428 2634 2496 ριεργότερος
2665 2421 2866 2494 ἔμελλον
2906 2418 3060 2484 δόξαι
3099 2419 3244 2472 πλέον
3271 2427 3364 2471 τοῦ
3395 2415 3619 2484 δέοντος,
3685 2422 3776 2469 καὶ
3832 2419 3907 2467 τὸν

2316 2510 2522 2569 ἀετίτην
2561 2511 2701 2563 λίθον
2741 2511 2810 2571 εἰς
2847 2515 3004 2582 μέσον
3042 2508 3102 2560 ἆν
3166 2526 3476 2583 παρηγαγον
3542 2505 3786 2566 έπιεικῶς
3843 2511 3906 2574 τῷ

2313 2609 2492 2670 πτηνῷ
2539 2603 2708 2670 τούτῳ
2772 2603 2901 2673 πρὸς
2957 2603 3076 2659 τοὺς
3132 2602 3315 2657 τόκους
3347 2599 3700 2668 συμφέροντα.
3729 2597 3907 2664 Πέτρος

2315 2686 2373 2742 δὲ
2437 2697 2509 2760 τῷ
2577 2687 2873 2762 ἀετομόρφῳ
2937 2690 3105 2758 τούτῳ
3167 2685 3465 2757 Εῦαγγελίῳ
3528 2688 3585 2736 τό
3681 2683 3906 2735 πλεῖστον

2316 2777 2642 2844 συνεϐάλετο,
2669 2780 3021 2850 ὑπαγορευτὴς
3059 2775 3219 2827 αὐτοῦ
3274 2777 3520 2846 γεγονὼς,
3581 2769 3636 2824 εὖ
3702 2770 3906 2823 ἀναπτε-

2312 2872 2488 2939 ρώσας
2523 2885 2610 2919 τον
2652 2870 2957 2938 συγγραφέα
3005 2869 3133 2939 πρός
3189 2867 3284 2921 τὴν
3343 2857 3663 2933 σωτηριώδη
3727 2864 3906 2916 ταύτην

963 2950 1120 3004 Ἀλλὰ
1164 2957 1333 3004 ταῦτα
1383 2955 1472 3024 μὲν
1533 2951 1919 3025 φιλοτιμότερον
1978 2955 2180 3021 εἴρηται
2239 2957 2776 3030 συμμετεωρισθέντος
2840 2973 2931 3026 μοι
2992 2961 3085 3006 τοῦ
3148 2952 3305 3024 λόγου
3365 2958 3440 3021 τῷ
3491 2949 3705 3023 μεγάλῳ
3755 2951 3906 3017 τούτῳ

2720 3044 2892 3116 Ἀρχὴ
2962 3039 3022 3095 δὲ
3085 3048 3328 3113 σώματος
3389 3041 3560 3096 πάντη
3617 3041 3830 3099 πάντως
3875 3038 3901 3093 ἡ

2385 3309 2456 3364 Ε.
2491 3332 2510 3358 ι
2553 3311 2726 3382 Ἀρχὴ
2759 3315 2850 3360 τοῦ
2889 3305 3206 3378 Εὐαγγελίου
3246 3305 3426 3363 Ἰησοῦ
3485 3312 3748 3377 Χριστοῦ,
3795 3305 3904 3354 Υἱοῦ

2311 3405 2402 3449 τοῦ
2451 3405 2605 3463 Θεοῦ,
2658 3400 2723 3456 ως
2778 3401 3073 3469 γέγραπται
3127 3393 3176 3446 ἐν
3228 3401 3336 3455 τοίς
3393 3395 3711 3466 προφὴτάις·
3781 3387 3902 3444 Ἰδοὺ

2311 3484 2412 3557 ἐγώ
2441 3485 2738 3538 ἀποστέλλω
2765 3489 2852 3537 τόν
2890 3484 3107 3556 ἄγγελόν
3136 3503 3237 3555 μου
3289 3485 3389 3557 πρὸ
3444 3487 3735 3555 προσώπου
3799 3497 3903 3544 σου,

2312 3577 2367 3636 ὃς
2405 3577 2792 3627 κατασκευάσει
2823 3579 2910 3632 τὴν
2951 3571 3073 3626 ὀδόν
3117 3591 3212 3625 σου
3265 3573 3552 3644 ἔμπροσθέν
3595 3589 3716 3624 σου.
3773 3571 3902 3623 Φωνὴ

2314 3662 2542 3737 βοῶντος
2602 3663 2649 3715 έν
2703 3671 2767 3735 τῇ
2823 3666 3016 3735 ἐρήμῳ·
3078 3661 3422 3732 Ἑτοιμάσατε
3471 3665 3566 3717 τήν
3624 3655 3751 3710 ὁδόν
3813 3664 3904 3709 Ku-

2311 3772 2448 3827 ριου,
2487 3775 2514 3801 ››
2569 3757 2659 3804 καὶ
2723 3755 2791 3804 τὰ
2837 3751 2970 3814 ἑξῆς.
3039 3757 3097 3802 Ὀ
3143 3755 3332 3811 κόκκος
3396 3757 3485 3801 τοῦ
3541 3752 3719 3815 σίτου,
3773 3745 3906 3818 ἄγκα-

2311 3841 2588 3915 τακρυϐεὶς
2627 3848 2745 3902 ταῖς
2794 3840 2984 3912 λαγόσι
3034 3848 3131 3899 τῆς
3175 3847 3273 3910 γῆς
3321 3843 3412 3890 καὶ
3455 3836 3726 3908 λυόμενός,
3775 3834 3903 3908 ἀρχή

2311 3936 2510 4002 γίνεται
2556 3929 2850 4005 πολυφόρου
2909 3925 3232 3996 σιτοδοσιας,
3289 3932 3378 3979 καὶ
3423 3928 3634 3998 στάχυν
3683 3929 3909 4000 προφέρει

2312 4019 2520 4081 πολλοῖς
2547 4018 2657 4071 ἀνθ’
2689 4019 2795 4081 ἐνος
2837 4005 3118 4092 βρίθοντά
3144 4022 3376 4082 κόκκοις,
3429 4022 3534 4068 Τοῦ
3587 4021 3764 4068 τοίνυν
3825 4032 3909 4064 πα-

2313 4108 2462 4160 λαιοῦ
2491 4113 2651 4180 νόμου
2681 4113 2771 4159 καὶ
2801 4107 2916 4159 λίαν
2955 4105 3297 4177 ἐστενωμένον
3357 4101 3466 4163 ἤδη
3534 4104 3788 4176 λήγοντος
3835 4104 3912 4153 καὶ

2315 4197 2561 4268 λυομένου
2595 4199 2804 4267 (πάντες
2833 4199 2934 4271 γαρ
2968 4199 3017 4248 οἱ
3080 4202 3347 4268 προφῆται
3401 4199 3494 4246 καὶ
3543 4195 3570 4245 ό
3622 4198 3780 4266 νόμος
3831 4193 3911 4250 ἓως

2331 4289 2549 4340 ιωάννου
2588 4284 2999 4360 προεφήτευσαν)
3028 4283 3174 4357 ἀρχή
3215 4303 3294 4344 τις
3359 4282 3506 4358 ἑτέρα
3564 4288 3658 4335 καὶ
3719 4280 3907 4354 βλάστη

2318 4373 2505 4427 ἐκεῖθεν
2534 4379 2875 4446 προφαίνεται
2899 4376 2929 4431 ἡ
2971 4375 3106 4425 κατὰ
3142 4374 3374 4445 Χριστὸν
3432 4370 3668 4423 πολιτεία
3721 4375 3811 4422 καὶ
3859 4369 3909 4419 τὸ

2319 4463 2628 4535 Εὐαγγέλιον
2684 4473 2778 4524 τῆς
2838 4461 3128 4534 βασιλείας,
3188 4460 3390 4533 Ὥσπερ
3447 4464 3622 4512 τοίνυν
3686 4461 3713 4512 ὁ
3762 4475 3910 4510 κατα·

2320 4551 2626 4622 ϐαλλόμενος
2657 4551 2708 4604 ἐν
2739 4559 2800 4623 τῇ
2841 4559 2909 4624 γῇ
2973 4558 3117 4612 σῖτος
3179 4548 3322 4610 τέλος
3536 4555 3638 4600 τῶν
3674 4548 3908 4619 σταχύων

547 4635 632 4691 sic
659 4641 716 4692 et
740 4635 839 4691 tibi
854 4636 1163 4710 baptisma
1189 4643 1245 4693 et
1269 4639 1609 4694 Praecursor
1626 4640 2206 4712 vcnitutsitquidem

2319 4641 2431 4692 ὅθεν
2462 4639 2630 4712 ἐξέφυ,
2672 4638 2816 4714 ἀρχή
2886 4635 2946 4691 δὲ
3004 4643 3196 4710 γίνεται
3263 4633 3415 4698 αὖθις
3477 4645 3575 4688 τῶν
3630 4635 3699 4698 ἐξ
3763 4636 3909 4687 αὐτοῦ

546 4723 683 4780 ﬁnis
714 4724 862 4794 legis
892 4731 949 4781 et
979 4725 1412 4797 prophetarum
1496 4727 1758 4797 sigillum
1817 4729 2207 4799 concludens,

546 4812 911 4886 principium
935 4817 1134 4869 autem
1157 4819 1212 4868 et
1231 4813 1405 4869 radix
1429 4815 1578 4871 Novi
1592 4816 1953 4872 Testamenti
1993 4823 2049 4872 et
2079 4833 2209 4887 gra-

545 4903 641 4959 tia:
668 4901 1082 4975 plenitudinis.
1122 4905 1187 4958 Et
1215 4908 1546 4976 postquam
1578 4904 1940 4976 principium
1979 4905 2127 4961 illud
2153 4911 2209 4963 et

547 5008 750 5049 semen
783 4999 1133 5064 corruptum
1165 4998 1276 5062 est,
1299 4992 1395 5048 ille
1424 4993 1526 5066 qui
1551 5009 1756 5049 semen
1782 4995 2039 5051 Abrahae
2079 5013 2208 5051 sus-

544 5081 700 5154 cepit
727 5082 1034 5151 Dominus,
1071 5081 1300 5152 spicam
1332 5082 1527 5137 emisit
1573 5082 1729 5145 vitaa,
1790 5083 2205 5153 evangelicum

545 5170 681 5225 dico
697 5169 1087 5241 praeconium,
1119 5169 1278 5225 unde
1309 5171 1620 5226 conﬁcitur
1640 5187 1829 5243 purus
1852 5173 2205 5243 angelorum

547 5259 741 5329 panis,
763 5259 940 5330 panis
959 5260 1226 5331 quidem,
1251 5260 1354 5314 sed
1369 5260 1798 5329 immaterialis,
1822 5277 1930 5333 per
1944 5278 2081 5318 eum
2101 5264 2205 5335 qui

543 5346 609 5400 'in
633 5345 790 5415 ignis
809 5345 1002 5416 figura
1015 5352 1226 5418 sponte
1241 5347 1573 5414 descendit,
1590 5350 1930 5404 sanctissim
1942 5367 2043 5404 um
2078 5351 2203 5422 Spi-

546 5432 728 5489 ritum
756 5452 774 5504 ;
803 5450 1024 5506 panem
1063 5436 1417 5507 angelorum
1448 5437 1608 5500 dico,
1637 5437 1971 5510 angelicam
2021 5438 2203 5496 vitam

622 5647 668 5682 ιτ
693 5647 868 5703 Marc.
912 5662 952 5717 ι,
988 5647 1044 5706 ι.

2320 4727 2754 4801 ἁναφυησομένων
2817 4727 3104 4800 ἀσταχύων
3166 4728 3368 4800 ἑτέρων·
3437 4726 3572 4777 οὕτω
3641 4744 3730 4777 σοι
3793 4741 3908 4776 σνν-

2316 4817 2441 4876 ῆλθε
2464 4817 2595 4870 κάπὶ
2623 4825 2714 4870 τοῦ
2745 4815 3114 4889 βαπτίσματος
3135 4821 3226 4868 καὶ
3259 4812 3596 4888 Προδρόμου,
3659 4816 3732 4873 ὡς
3791 4812 3909 4864 εἶναι

2317 4907 2472 4959 αὐτὸν
2500 4911 2661 4981 πέρας
2698 4910 2788 4978 μὲν
2825 4914 2916 4958 τοῦ
2951 4911 3111 4978 νόμου
3179 4909 3270 4957 καὶ
3335 4913 3436 4956 τῶν
3501 4911 3783 4979 προφητῶν
3812 4899 3908 4952 ἑπι-

2317 4999 2649 5072 σφράγισμα,
2685 4996 2862 5071 ἀρχὴν
2893 4993 3065 5048 δὲκαὶ
3109 4995 3262 5069 ῥίζαν
3319 5003 3412 5055 τῆς
3467 4999 3604 5054 Νέας
3661 4993 3911 5048 Διαθήκης

2314 5092 2405 5138 καὶ
2454 5094 2548 5139 τοῦ
2609 5093 2707 5147 τῆς
2738 5088 2965 5159 χάριτος
3019 5084 3367 5160 πληρώματος
3395 5105 3407 5117 ·
3440 5089 3531 5135 καὶ
3581 5083 3776 5141 ταύτης
3824 5085 3910 5138 τῆς

2315 5174 2492 5247 ἀρχῆς
2519 5179 2738 5227 καὶτοῦ
2799 5179 3094 5248 σπέρματος
3158 5176 3346 5225 τούτου
3411 5173 3694 5244 φθινόντων
3749 5169 3778 5221 ὁ
3826 5173 3909 5219 τοῦ

2316 5270 2614 5337 σπέρματος
2666 5263 2906 5339 Ἀϐραὰμ
2957 5261 3320 5334 ἐπιλαϐόμενος
3390 5263 3600 5334 Κύριος,
3657 5262 3747 5311 τὸν
3793 5255 3908 5308 cmi-

2311 5371 2418 5425 χυν
2442 5354 2694 5416 ἐξήνθησε
2715 5361 2805 5414 τῆς
2841 5354 3002 5417 ζωῆς,
3030 5355 3089 5404 τό
3145 5350 3478 5422 εῦαγγελικόν
3531 5368 3672 5422 φημι
3729 5352 3907 5418 κήρνγ·

2311 5461 2405 5514 μα,
2492 5443 2604 5496 ὅθεν
2680 5445 3038 5516 ἁρτοποιεῖται
3121 5443 3148 5493 ὁ
3224 5441 3452 5511 καθαρὸς
3508 5446 3608 5491 τῶν
