4032 6308
132 389 236 456 ’⁷49

1316 393 1615 457 HOMILIA
1652 391 1722 447 IN
1763 344 1863 446 ss.
1904 385 2360 444 INNOCENTES.

3415 391 3526 444 750

132 525 308 597 ἄρτος,
341 545 431 577 και
453 524 607 599 ἆρτος
645 546 735 578 και
787 525 943 586 ἅῦλος
1004 522 1098 578 διά
1146 532 1238 577 του
1311 528 1359 576 ἐν
1413 518 1542 575 εῖδει
1589 521 1753 593 πυρός

1879 515 1918 565 at
1940 510 2173 566 virtutis
2203 511 2464 567 amicam
2502 509 3045 577 conversationem,
3074 525 3263 582 quam
3283 515 3341 568 et
3367 513 3525 568 Deus

135 615 489 677 αὐτεξουσίως
591 615 996 677 κατεληλυθότος
1097 619 1386 687 Πνεόματος
1472 613 1752 679 παναγίου.

133 705 291 778 ἄρτον
325 700 388 755 δέ
427 704 656 776 ἀγγέλων
707 725 842 778 φημι
908 725 993 756 τον
1043 703 1314 776 ἀγγελικόν
1377 701 1493 776 βίον
1529 705 1619 753 καί
1661 703 1755 756 την

135 792 406 867 φιλάρετον
449 789 737 865 διαγωγήν,
796 795 857 852 ἦν
906 797 995 845 καί
1035 796 1088 855 ός
1139 795 1244 853 Θός
1294 797 1462 862 πεινᾷ,
1520 793 1610 842 καί
1654 785 1758 844 τοῖς

134 886 202 952 μὴ
239 887 572 955 παρέχουσιν
605 881 1076 956 ἐπεμϐριμῶμενος.
1120 905 1148 932 ‹‹
1188 886 1470 946 Επείνασα,
1528 901 1556 928 ))
1597 879 1754 955 λέγει,

135 975 263 1021 «καί
290 973 387 1022 οὐκ
437 968 664 1024 ἐδώκατέ
695 993 782 1044 μοι
829 981 1032 1044 φαγεῖν.
1068 994 1095 1021 ››
1160 977 1321 1043 Πεινᾷ
1376 972 1477 1046 γάρ
1537 973 1760 1021 πὰντοτε

135 1065 230 1117 τήν
261 1065 525 1133 σωτηρίαν
564 1062 730 1133 ἡμῶν.
775 1067 837 1133 ιΗ
866 1058 926 1113 δέ
969 1066 1209 1136 σωτηρία
1255 1060 1371 1134 βίος
1432 1064 1546 1112 ἐστί
1598 1060 1761 1110 καθα-

137 1153 228 1222 ρός
260 1155 354 1202 καί
379 1152 408 1207 ἡ
444 1153 572 1224 πρός
600 1155 691 1201 τὸυ
723 1150 944 1208 πλησίον
977 1148 1176 1222 ἁγὰπη.
1222 1157 1386 1224 Ὀπερ
1427 1145 1513 1200 οὖν
1568 1148 1759 1218 ἔλεγον,

141 1241 346 1310 σπόρου
410 1241 568 1290 τύπον
642 1238 820 1309 ἐπεῖχε
883 1248 976 1290 τοῦ
1057 1239 1293 1292 Ἰωάννου
1357 1246 1448 1289 τοῦ
1469 1242 1762 1289 Βαπτιστοῦ

137 1347 395 1401 κηρυγμα
445 1332 535 1379 καί
573 1331 632 1379 τό
689 1326 991 1400 βάπτισμα.
1048 1332 1148 1380 Καί
1195 1331 1356 1380 αὐτοῦ
1399 1327 1639 1387 λυθέντος
1673 1341 1763 1388 καί

139 1415 580 1490 ὑπορρεύσαντος,
645 1416 923 1479 ἐξήνθησεν
963 1418 988 1468 6
1046 1423 1136 1476 τῆς
1205 1418 1424 1490 χάριτος
1491 1414 1755 1485 ἄσταχυς.

143 1510 248 1559 Καί
296 1510 468 1558 τοίνυν
528 1511 622 1564 τὴν
709 1505 897 1558 ἑαυτοῦ
940 1510 1030 1579 μεν
1094 1511 1310 1578 μείωσιν
1379 1508 1405 1557 ὃ
1462 1509 1760 1562 Βαπτιστης

144 1603 400 1669 συνορῶν,
443 1599 712 1668 προκοπὴν
758 1591 818 1646 δέ
865 1615 955 1646 και
1008 1594 1230 1657 αυξησιν
1271 1602 1364 1647 τοῦ
1402 1602 1498 1656 τῆς
1546 1593 1767 1667 χάριτον

145 1682 410 1755 στάχυος,
441 1681 563 1734 ἐϐόα
598 1683 871 1758 παρῤησιᾳ
908 1687 1036 1756 πρός
1098 1687 1218 1745 τούς
1270 1687 1562 1749 συνιόντας,
1614 1685 1770 1754 «Ἑμέ

146 1770 230 1825 δεῖ
285 1772 648 1841 ἐλαττοῦσθαι,
686 1771 872 1824 ἐκεῖνον
901 1769 960 1824 δὲ
992 1772 1251 1840 αὐξάνειν,
1283 1796 1309 1822 ››
1344 1777 1462 1848 περί
1490 1780 1580 1824 τοῦ
1634 1780 1770 1844 Χρι-

1864 600 2065 666 esurit,
2105 605 2163 656 et
2208 615 2333 655 non
2383 616 2517 656 eam
2577 602 2930 671 praestantes
2989 599 3164 654 valde
3207 601 3523 674 increpat;

1869 710 1890 738 ι
1929 687 2177 755 Esurivi,
2231 690 2444 760 inquit,
2501 694 2558 744 et
2609 704 2733 744 non
2798 686 3046 742 dedistis
3076 688 3226 743 mihi
3265 690 3527 746 mandu-

1865 793 2001 834 care
2030 778 2094 831 ιθ.
2132 799 2160 826 ››
2192 780 2386 834 Esurit
2415 779 2576 835 enim
2607 778 2856 832 omnino
2905 783 3176 834 nostram
3229 779 3481 836 salutem
3511 800 3524 850 ;

1869 867 2035 922 salus
2054 872 2254 922 autem
2278 868 2396 923 vita
2426 884 2581 939 pura
2609 873 2696 922 est
2717 872 2775 922 et
2797 867 2860 921 in
2895 867 3241 938 proximum
3267 868 3526 927 dilectio.

1870 956 2397 1021 Quemadmodum
2420 955 2754 1026 igiturdixi,
2769 956 3127 1012 seminantis
3152 961 3362 1029 typum
3380 973 3530 1029 prte-

1867 1044 1999 1099 buit
2017 1045 2262 1099 Joannis
2287 1045 2560 1116 Baptistae
2581 1044 2952 1116 praeconium
2974 1050 3030 1099 et
3050 1044 3379 1116 baptisma.
3403 1047 3530 1110 Quo

1871 1132 2067 1188 soluto
2088 1138 2147 1188 et
2171 1132 2837 1204 subterlapso,eﬂloruit
2870 1133 3073 1203 gratiae
3096 1133 3282 1205 spica.
3307 1140 3370 1190 Et
3391 1150 3529 1206 pro-
3559 1157 3563 1160 -

1871 1222 2065 1294 priam
2083 1221 2329 1293 quidem
2350 1221 2812 1278 diminutionem
2842 1223 3217 1293 conspiciens
3244 1225 3525 1295 Baptista,

1871 1327 2265 1383 progressum
2297 1315 2500 1367 autem
2529 1317 2586 1367 et
2612 1312 3048 1368 incrementum
3111 1313 3319 1382 gratiae
3373 1313 3530 1368 illius

1873 1401 2073 1473 spicae,
2105 1401 2334 1456 sincere
2364 1401 2444 1457 ad
2472 1417 2576 1458 eos
2597 1401 2704 1473 qui
2743 1417 2807 1456 se
2857 1400 3108 1456 adibant
3161 1401 3463 1459 clamabat
3513 1419 3527 1458 :

1879 1511 1900 1538 ‹
1937 1491 2021 1545 Me
2049 1493 2277 1560 oportet
2299 1489 2509 1555 minui,
2541 1488 2710 1543 illum
2741 1492 2943 1544 autem
2973 1504 3236 1545 crescere
3270 1492 3338 1557 ιθ,
3385 1511 3407 1540 ι
3457 1490 3533 1546 de

1876 1577 2106 1633 Christo
2131 1577 2360 1645 dicens,
2393 1593 2516 1633 non
2545 1577 2620 1633 de
2649 1577 2764 1633 hoc
2793 1577 3192 1642 contristatus,
3241 1579 3348 1635 sed
3375 1579 3536 1635 laeta-

1875 1672 1998 1722 tus.
2039 1667 2226 1737 Hujus
2255 1667 2411 1722 enim
2440 1667 2742 1738 corruptio
2767 1670 2826 1721 et
2873 1666 3172 1735 Evangelii
3219 1667 3534 1723 seminatio

1879 1761 1937 1811 et
1962 1755 2317 1826 germinatio
2338 1757 2399 1811 in
2425 1772 2616 1812 unum
2682 1754 2924 1811 coibant
2961 1759 3018 1811 et
3074 1755 3533 1825 concurrebant,

151 1869 283 1916 στοῡ
315 1861 497 1934 λέγων,
525 1862 618 1913 οὐκ
676 1861 1016 1934 ἀλγυνόμενος
1069 1861 1153 1915 ἐπί
1203 1865 1410 1929 τούτου,
1473 1861 1579 1913 ἀλλ’
1617 1859 1770 1932 ἁγαλ‹

1880 1844 2144 1900 hominis
2169 1860 2390 1916 nempe
2417 1844 2961 1900 concinnationem.
2995 1846 3062 1900 Et
3099 1844 3342 1900 aliunde
3387 1844 3537 1914 legis

147 1952 469 2024 λιὼμενοςοῆ
502 1971 554 2003 τε
604 1952 702 2025 γάρ
754 1953 928 2024 φθὶσις
985 1955 1173 2004 τοὺτου
1231 1956 1320 2003 καί
1370 1953 1400 2009 ἡ
1454 1957 1548 2002 τοῦ
1603 1950 1774 2022 Εὐαγ-

153 2040 328 2111 γελίου
389 2041 540 2110 φύσις
615 2041 781 2090 εἶτουν
858 2037 1154 2110 βλὰστησις
1228 2044 1301 2100 εἰς
1367 2039 1416 2091 ἓν
1478 2038 1773 2091 συνέϐαινον

155 2132 249 2180 καί
279 2130 609 2202 πνέτριχόν,
657 2131 715 2180 1'6
749 2129 1011 2180 συνθεῖναι
1060 2131 1147 2180 τὸν
1199 2129 1490 2203 ἄνθρωπον.
1531 2133 1632 2180 Καί
1687 2127 1775 2179 ἅλ-

151 2208 258 2270 λως
305 2205 365 2260 δὲ
411 2211 470 2259 1'6
527 2214 620 2260 τοῦ
666 2211 825 2280 νόμου
905 2207 1238 2280 ἐστενωμένον
1317 2213 1511 2260 κόκκου
1620 2209 1774 2279 λόγον

157 2295 342 2368 ἐπεῖχε
375 2292 545 2348 διὰτὸ
584 2303 676 2348 τοῦ
714 2298 887 2358 ἔθνους
909 2296 1003 2348 τοῦ
1029 2297 1130 2349 ὑπό
1163 2301 1250 2348 τόν
1285 2301 1441 2370 νόμον
1490 2294 1770 2370 μονοειδές·

154 2388 396 2458 γνωστὸς
423 2388 525 2457 γὰρ
558 2385 606 2436 ἐν
631 2393 694 2444 τῆ
731 2382 972 2457 ,Ιουδαίᾳ
1023 2387 1050 2436 ὁ
1100 2389 1250 2455 Θεὸς,
1292 2392 1382 2438 καί
1433 2387 1492 2438 οὐ
1540 2391 1773 2460 περαιτέ-

154 2494 252 2548 ρω·
297 2476 326 2532 ἠ
363 2470 422 2526 δέ
451 2475 615 2548 χάρις
672 2476 767 2532 τήν
823 2482 924 2525 τῶν
989 2474 1144 2527 ἐθνῶν
1212 2480 1474 2547 συνήγαγε
1514 2495 1776 2547 πανσπερ-

157 2569 288 2635 μίαν
328 2568 417 2643 καί
457 2563 528 2623 εἰς
548 2563 728 2615 ἑκατόν
759 2568 849 2615 καί
880 2583 950 2624 εις
980 2563 1232 2625 ἑξήκοντα
1278 2569 1367 2616 καί
1415 2565 1487 2626 εἰς
1540 2568 1773 2632 τριακον-

157 2672 226 2704 τα
281 2653 505 2726 ἐμφορία
594 2654 850 2727 [εὑφορία]
915 2661 1016 2704 τῶν
1070 2651 1279 2724 ἀγαθῶν
1337 2654 1500 2716 αὐτῆς
1541 2653 1774 2727 πράξεων

158 2732 485 2790 ἐπληθὺνθηο
539 2736 718 2793 Οὕτως
756 2732 898 2805 ἀρχῆ
950 2740 1044 2785 τοῦ
1087 2733 1403 2805 Εὑαγγελίου
1455 2742 1688 2807 Χριστοῦ
1741 2735 1771 2792 ἠ

155 2829 256 2874 τοῦ
309 2821 550 2874 Ἰωάννου
623 2825 755 2893 πρὸς
801 2825 919 2881 τούς
968 2822 1272 2895 ἀνθρώπους
1326 2827 1632 2896 φανέρωσις.
1689 2825 1776 2875 Διό

156 2915 252 2963 καί
294 2929 447 2982 φησι,
486 2931 508 2960 ι
538 2910 627 2972 ’ος
648 2916 945 2984 γέγραπται
995 2911 1042 2963 ἐν
1099 2920 1204 2972 τοῖς
1263 2919 1572 2987 προφήταις·
1635 2909 1777 2966 Ἰδού

159 3004 262 3072 ἐγώ
297 2998 593 3052 ἀποστέλλω
622 3003 710 3050 τόν
755 2998 973 3071 ἄγγελόν
1039 3020 1140 3072 μου
1198 3005 1298 3075 πρό
1351 3008 1635 3076 προσώπου
1658 3021 1778 3068 σου,

161 3093 214 3149 ὅς
243 3089 633 3140 κατασκευάσει
673 3093 768 3146 τήν
820 3085 942 3141 ὀδόν
1001 3108 1097 3141 σου
1139 3092 1427 3163 ἔμπροσθέν
1469 3111 1583 3145 σου.
1623 3113 1644 3140 ι
1687 3095 1781 3153 Ὠς

162 3197 221 3232 εκ
288 3184 384 3228 τοῦ
463 3181 665 3252 Πατρός
710 3176 850 3228 ἐστιν
917 3178 943 3229 ὀ
999 3177 1150 3250 λόγος
1206 3183 1293 3232 τόν
1351 3178 1402 3241 ἐξ
1458 3180 1619 3232 αὐτοῦ
1671 3187 1779 3233 Μο-

158 3274 344 3337 νογενῆ
393 3264 708 3337 λελεγμένος,
745 3270 834 3317 καί
887 3266 1104 3337 ἄγγελον
1154 3267 1422 3339 ὀνομάζων
1469 3272 1556 3320 τόν
1621 3267 1779 3339 ἀγγε-

158 3354 340 3407 λόϐιον
377 3353 642 3420 ἰωὰννηη
674 3356 760 3406 ἵνα
788 3357 858 3426 μὴ
894 3360 1048 3426 μόνον
1088 3364 1184 3417 τῆς
1246 3360 1302 3408 ἐκ
1348 3359 1612 3429 Παρθένου
1668 3376 1780 3428 γεν-

155 3446 359 3503 νὶισεως
385 3443 602 3514 ἄγγελος
644 3444 908 3516 προτρέχη
974 3445 1001 3494 6
1056 3443 1304 3517 Γαϐριὴλ,
1374 3444 1500 3497 ἀλλὰ
1551 3451 1641 3498 καί
1684 3455 1780 3507 τῆς

156 3533 213 3585 ἓν
241 3529 489 3607 Ἰορδάνῃ
534 3531 940 3603 ἀναγεννήσεως,
998 3537 1061 3592 ἡν
1119 3535 1244 3606 ὑπέρ
1290 3533 1415 3606 ἐμοῦ
1472 3535 1776 3606 ἀνεγεννήθη

156 3626 283 3694 (ἐμὴ
341 3624 444 3695 γὰρ
505 3623 536 3679 ἡ
597 3629 690 3673 τοῦ
755 3629 991 3695 Χριστοῦ
1055 3621 1437 3694 ἁναγέννησις),
1484 3625 1698 3696 ἄγγελος
1751 3625 1778 3675 6

156 3712 405 3769 Ἰωάννης
465 3712 867 3784 προεισάγηται.
914 3709 1070 3763 Ἀλλὰ
1124 3713 1237 3763 τότε
1305 3714 1396 3783 μὲν
1473 3712 1623 3772 οἰϋλος
1689 3716 1778 3764 καί

158 3802 390 3874 ἀόρατος
465 3794 561 3850 διὰ
614 3801 670 3850 τό
719 3801 797 3850 ἔτί
859 3801 1144 3874 κεκρὺφθαι
1187 3802 1280 3858 τὴν
1336 3810 1430 3862 τῆς
1466 3807 1778 3874 σαρκῶσεως

158 3889 484 3959 οἰκονομίαν,
534 3891 626 3940 καί
682 3887 815 3944 πλην
870 3896 961 3947 τῆς
1005 3890 1271 3963 Παρθέοου
1338 3891 1601 3960 ἄγνωστον
1647 3887 1777 3942 εἶναι

157 3986 302 4032 πᾶσι
331 3985 426 4029 τοῦ
449 3981 747 4052 μυστηρίου
777 3982 872 4036 τὴν
900 3974 1151 4051 δύναμιυσ
1178 3981 1246 4032 τά
1287 3988 1374 4031 νῦν
1405 3976 1465 4031 δέ
1515 3982 1540 4032 6
1592 3983 1771 4054 ἕνσαρ-

159 4088 255 4129 κος
280 4067 501 4139 ἄγγελος
528 4074 620 4127 τῆς
663 4073 756 4119 τοῦ
804 4073 1068 4120 Δεσπὸτου
1127 4075 1420 4144 παρουσὶας
1468 4074 1770 4144 πρότρὲχει,

159 4162 393 4231 χάριτος
475 4160 565 4228 μέν
629 4156 911 4227 άγγελικῆς
969 4157 1217 4230 ἔμπλεως,
1276 4164 1443 4231 φωνὴν
1505 4157 1564 4213 δέ
1607 4162 1772 4231 ἀφιείς

158 4251 432 4318 γὲμουσαν
515 4244 832 4319 παρρησίας.
923 4251 1146 4320 Βροντὴν
1201 4248 1358 4307 ἄλλην
1407 4253 1532 4320 φαίη
1588 4268 1664 4309 τις
1710 4250 1772 4299 ἄν

160 4354 289 4395 τους
351 4336 726 4407 κεντροφόρους
787 4340 1074 4408 σκορπίους
1131 4341 1633 4406 καταπτήσσουσαν,
1681 4342 1770 4390 καί

161 4423 403 4483 ἱοϐόλους
433 4425 569 4493 ὄφεις
593 4421 875 4492 φοϐοῡσαν,
901 4429 992 4475 καί
1051 4428 1204 4495 μόνον
1261 4425 1391 4497 οὐχί
1440 4423 1615 4479 δύνενν
1671 4428 1771 4480 ὑπό

157 4521 262 4586 γῆν
323 4514 639 4594 εὐχόμενους
690 4521 763 4582 τῷ
807 4511 964 4585 φόϐῳ.
1022 4519 1086 4566 Ti.
1131 4517 1233 4589 γάρ
1297 4518 1463 4588 ἕτερον
1528 4514 1772 4588 βούλεται

1883 1933 2207 1990 coarctatio
2237 1948 2494 2002 granum
2524 1948 2716 1988 unum
2741 1931 3049 1989 emittebat
3076 1938 3322 2005 propter
3349 1934 3540 1990 unita-

1883 2027 2002 2078 tem
2033 2022 2225 2093 gentis
2253 2037 2392 2094 quae
2412 2021 2526 2077 sub
2554 2021 2685 2092 lege
2711 2026 2836 2077 erat
2875 2038 2940 2075 τι(
2957 2025 3140 2078 Notus
3171 2022 3332 2077 enim
3351 2022 3414 2077 in
3437 2023 3540 2078 Ju-

1882 2111 2017 2168 dasa
2043 2114 2198 2168 Deus
2218 2113 2290 2180 ²⁰,
2318 2133 2348 2161 ››
2377 2127 2574 2184 neque
2600 2110 2776 2167 ultra.
2823 2111 3021 2167 Gratia
3083 2126 3227 2167 vero
3266 2111 3537 2183 gentium

1882 2200 2309 2258 omnimodum
2335 2216 2542 2256 semen
2557 2200 2948 2270 congregavit
2975 2205 3034 2256 et
3069 2201 3134 2256 in
3183 2205 3425 2256 centum
3481 2207 3541 2258 et

1881 2291 1944 2346 in
1971 2290 2284 2360 sexaginta
2321 2294 2378 2345 et
2414 2289 2477 2344 in
2515 2289 2756 2358 triginta
2777 2288 3082 2345 bonorum
3112 2291 3243 2360 ejus
3292 2295 3540 2346 actuum

1881 2379 2198 2452 productio
2223 2377 2617 2450 multiplicata
2661 2368 2769 2434 est.
2812 2381 2898 2433 ita
2943 2377 3179 2434 initium
3236 2377 3542 2448 Evangelii

1885 2469 2093 2525 Christi
2119 2472 2206 2524 est
2233 2467 2478 2524 Joannis
2507 2467 2587 2523 ad
2614 2467 2891 2524 homines
2920 2467 3228 2524 revelatio.
3281 2467 3420 2524 Ideo
3485 2473 3544 2524 et

1883 2557 2113 2630 inquit:
2147 2580 2170 2608 ε
2205 2558 2280 2612 Ut
2304 2556 2595 2628 scriptum
2625 2560 2714 2612 est
2739 2556 3128 2629 inpropbetis
3171 2574 3184 2616 :
3235 2559 3381 2612 Ecce
3430 2571 3542 2626 ego

1884 2647 2052 2703 mitto
2074 2645 2358 2716 angelum
2379 2661 2587 2701 meum
2604 2650 2743 2701 ante
2760 2644 2975 2702 faciem
3006 2650 3173 2702 tuam
3189 2646 3293 2718 qui
3312 2660 3545 2718 praepa-

1883 2735 2040 2792 rabit
2063 2735 2221 2791 viam
2249 2739 2417 2791 tuam
2449 2739 2586 2790 ante
2604 2740 2682 2791 te.
2711 2757 2733 2783 ι
2772 2737 2841 2791 Ut
2868 2751 2942 2790 ex
2996 2738 3160 2792 Patre
3211 2735 3373 2791 venit
3425 2750 3547 2792 vox

1885 2825 1962 2881 ad
1996 2824 2374 2896 Unigenitum
2403 2823 2645 2894 directa,
2681 2824 2967 2893 angelum
3003 2825 3329 2881 nominans
3380 2824 3545 2881 hunc

1884 2915 1990 2986 qui
2010 2914 2196 2970 vitam
2227 2913 2583 2982 angelorum
2624 2913 2789 2969 ducit
2813 2916 3131 2980 Joannem,
3187 2929 3264 2970 ne
3320 2913 3546 2970 solum-

1886 3001 2072 3058 modo
2141 3001 2435 3057 nativitati
2491 3017 2565 3056 ex
2609 3001 2840 3071 Virgine
2894 3006 3221 3073 praecurrat
3284 3003 3542 3074 Gabriel,

1890 3090 1996 3146 sed
2014 3089 2197 3160 hujus
2224 3090 2286 3145 in
2329 3088 2590 3144 Iordane
2629 3089 3122 3159 regenerationis,
3149 3106 3275 3162 qua
3308 3106 3420 3163 pro
3446 3107 3546 3148 me

1887 3183 2274 3249 regeneratus
2291 3181 2382 3232 est
2408 3178 2570 3247 (mea
2589 3177 2749 3232 enim
2774 3181 2864 3233 est
2893 3177 3105 3234 Christi
3125 3180 3546 3251 regeneratio),

1889 3267 2412 3338 angelusJoannes
2429 3265 2850 3322 adduceretur.
2871 3267 2985 3323 Sed
3003 3271 3143 3323 tunc
3165 3267 3413 3340 quidem
3437 3269 3547 3325 im-

1888 3355 2214 3413 materialis
2236 3359 2294 3411 et
2304 3355 2641 3422 invisibilis,
2669 3355 2814 3427 quia
2833 3355 3034 3412 adhuc
3056 3356 3547 3417 abscondebatur

1886 3444 2314 3501 incarnationis
2325 3444 2686 3512 oeconomia,
2702 3460 2773 3500 ac
2785 3446 3011 3500 nemini
3026 3445 3144 3502 nisi
3155 3447 3377 3517 Virgini
3401 3453 3547 3506 nota

1887 3539 2014 3589 erat
2034 3533 2218 3604 hujus
2248 3531 2338 3587 vis
2354 3533 2642 3604 mysterii.
2673 3535 2841 3588 Nunc
2863 3537 3065 3589 autem
3090 3534 3340 3591 indutus
3366 3549 3546 3593 carne

1887 3622 2140 3692 angelus
2165 3621 2402 3678 Domini
2422 3623 2750 3694 praesentiae
2775 3623 3105 3694 praecurrit,
3137 3625 3330 3694 gratia
3360 3640 3545 3695 ange-

1883 3712 2000 3769 lica
2023 3711 2260 3783 plenus,
2283 3727 2495 3768 vocem
2525 3716 2730 3768 autem
2753 3712 3086 3769 sinceritate
3117 3713 3359 3785 plenam
3378 3715 3546 3771 emit-

1885 3807 2034 3856 tens.
2064 3801 2296 3858 Diceres
2318 3801 2541 3857 tonitru
2567 3801 2912 3873 scorpiones
2933 3802 3242 3858 stimulum
3269 3809 3541 3872 gerentes

1885 3895 2127 3963 stupore
2154 3891 2485 3963 percellens
2511 3895 2961 3962 venenatosquc
2995 3897 3299 3962 serpentes
3319 3896 3542 3949 terrore

1883 3979 2142 4052 implens
2167 3985 2334 4037 tanto
2355 3983 2421 4034 ut
2440 3979 2562 4035 fere
2581 3979 2694 4034 sub
2741 3983 2963 4034 terram
3017 3978 3384 4036 descendere
3438 3998 3542 4038 cu-

1881 4071 2068 4142 piant.
2100 4069 2251 4135 Quid
2275 4069 2438 4125 enim
2463 4069 2576 4124 sibi
2595 4067 2722 4124 vult
2748 4067 2918 4137 illud,
2948 4069 3113 4140 quod
3134 4070 3440 4139 genimina
3458 4073 3542 4127 vi-

1880 4174 2164 4230 perarum
2184 4158 2479 4214 nominati
2505 4157 2677 4213 silent
2699 4162 2756 4214 et
2779 4161 3018 4213 austera
3036 4157 3167 4215 haec
3193 4159 3382 4216 verba
3404 4161 3540 4217 reti-

1879 4253 2046 4318 nent,
2073 4253 2130 4304 et
2149 4245 2466 4319 stupefacti
2495 4251 2674 4318 stant,
2708 4246 2883 4318 quasi
2907 4245 3155 4303 fulmine
3185 4249 3454 4320 percussi
3504 4251 3533 4306 ‘I

1879 4337 2128 4393 lndutus
2153 4337 2334 4406 igitur
2354 4350 2534 4392 carne
2565 4335 2836 4406 angelus,
2867 4334 2992 4391 imo
3021 4351 3164 4392 vero
3211 4337 3396 4394 vitam
3438 4354 3543 4396 an-

1880 4425 2151 4498 gelorum
2188 4426 2417 4481 ducens
2456 4424 2642 4480 homo
2677 4424 2893 4482 Christi
2938 4425 3038 4481 Dei
3075 4426 3542 4486 manifestationi

1879 4515 2210 4588 praecurrit,
2241 4514 2346 4571 sed
2379 4528 2504 4569 non
2553 4512 2967 4570 immaterialis
3017 4518 3074 4570 et
3119 4514 3537 4588 incorporeus,

159 4608 221 4655 1'6
274 4606 574 4674 γεννὴματα
618 4597 846 4673 εχιδνῶν
908 4606 1122 4665 τοὺτους
1180 4603 1586 4677 ὀνομαζομενους
1617 4613 1770 4678 σιγᾷν

1879 4603 2098 4660 multas
2112 4603 2192 4659 ob
2217 4602 2503 4659 rationes.
2541 4601 2866 4674 Oportebat
2894 4603 3055 4662 enim
3077 4619 3284 4661 coram
3315 4606 3540 4662 Judaeis

160 4695 256 4744 καί
310 4688 600 4761 ἀνέχεσθαι
641 4698 745 4742 τῶν
805 4690 1082 4766 αὐστηρῶν
1128 4697 1347 4745 τουτωνί
1373 4693 1642 4766 ῥημάτων,
1681 4700 1772 4747 καί

161 4780 333 4839 ἐνεούς
396 4778 664 4835 ἑστηκὲναι
739 4779 808 4839 ὠς
852 4778 1227 4852 ἐμϐροντήτους
1281 4801 1296 4849 ;
1346 4781 1633 4856 *Ενσαρκος
1685 4785 1773 4836 οὖν

161 4868 410 4941 ἄγγελος,
438 4867 625 4937 μᾶλλον
656 4863 716 4920 δέ
761 4867 1065 4940 ἀγγελὸϐιος
1115 4869 1403 4945 ἅνθρωπος,
1451 4880 1546 4932 τῆς
1595 4874 1775 4945 θεοφα-

163 4963 308 5017 νεὶας
335 4959 617 5030 προτρὲχει
645 4964 902 5031 Χριστοῦ,
931 4956 1046 5032 ἀλλ’,
1102 4959 1231 5030 οὐχί
1284 4960 1439 5022 ἀῦλος
1493 4965 1583 5013 καί
1633 4960 1772 5014 ἀσώ-

161 5064 337 5119 ματος
401 5044 597 5097 πολλῶν
650 5047 810 5098 ἕνεκεν
865 5051 1091 5121 τρόπων.
1139 5046 1280 5101 Ἐδει
1335 5051 1436 5124 γάρ
1493 5049 1774 5123 ἀντεμὲτω-

157 5155 260 5189 πον
313 5136 586 5206 ἰστάμενον
636 5142 746 5196 τοῖς
790 5133 1074 5198 Ἰουδαὶοις
1123 5137 1285 5210 λεγειν
1314 5157 1368 5190 τε
1418 5143 1508 5191 καί
1566 5138 1770 5192 ἁκοὺειν

155 5228 256 5277 καί
299 5229 408 5275 οῖον
462 5218 1001 5277 δακτυλοδεικτοῦντα
1045 5223 1401 5278 ὑποδεικνὺειν
1462 5235 1566 5288 τοῖς
1611 5226 1770 5299 ἁγνο-

156 5321 287 5367 οῡσι
318 5316 407 5363 τόν
433 5314 648 5384 φοοδεντα
672 5317 930 5388 Χριστὸν.
969 5314 1031 5367 Εἰ
1053 5311 1113 5367 δέ
1149 5321 1301 5387 φὺσει
1354 5315 1570 5388 ἅγγελος
1625 5314 1685 5375 ἦν
1743 5319 1770 5370 ὁ

155 5404 231 5454 τὰ
253 5408 478 5454 τοιαῦτα
497 5400 734 5470 τελέσων,
774 5404 962 5456 ἔπαθον
998 5405 1060 5456 ἄν
1084 5408 1175 5456 καί
1201 5408 1316 5458 τότε
1343 5409 1402 5457 1'6
1440 5413 1532 5457 τοῦ
1584 5410 1771 5460 Μανωέ

154 5490 214 5545 οἰ
240 5495 479 5564 ὁρῶντες,
515 5510 537 5540 ι
561 5488 946 5565 ’Δπολώλαμεν,
987 5513 1018 5544 η
1060 5496 1295 5566 γεγοντες
1339 5516 1371 5546 ‹‹
1424 5499 1554 5549 Θεὸν
1601 5495 1768 5571 εωρά-

236 5713 288 5791 gf
318 5714 522 5794 μαῖαι.
558 5732 690 5791 xxv,
722 5719 818 5786 42,
899 5717 947 5756 ι’
973 5719 1146 5780 Joan.
1175 5733 1254 5786 in,
1288 5723 1376 5778 30.
1453 5720 1503 5759 ³ο
1531 5723 1694 5781 Psal.
1724 5735 1900 5794 xxxv,
1926 5723 1985 5779 2-

1881 4697 2135 4750 stantem
2165 4692 2360 4748 dicere
2379 4695 2438 4748 et
2458 4691 2666 4748 audire
2686 4697 2744 4748 et
2765 4697 3061 4764 tanquam
3107 4693 3296 4763 digito
3335 4695 3420 4750 eis
3442 4696 3528 4751 in-

1880 4783 2081 4839 dicare
2101 4797 2172 4838 ac
2197 4780 2510 4838 ostendere
2533 4781 2832 4838 Christum
2881 4781 3330 4839 manifestatum
3352 4799 3538 4854 quem

1880 4871 2264 4942 ignorabant.
2297 4871 2354 4927 Si
2376 4870 2538 4926 enim
2581 4876 2797 4927 natura
2840 4869 3050 4926 fuisset
3105 4871 3380 4942 angelus,
3424 4873 3532 4942 qui

1881 4975 2019 5015 eum
2039 4960 2348 5027 vidissent,
2375 4958 2438 5014 id
2468 4958 2631 5030 passi
2667 4962 2865 5014 essent
2883 4958 3048 5031 quod
3075 4961 3303 5025 Manue,
3339 4958 3538 5015 dicen-

1879 5054 1969 5104 tes
2004 5066 2016 5103 :
2045 5070 2068 5098 ι
2100 5049 2384 5112 Perimus,
2408 5051 2597 5103 Deum
2618 5047 2881 5104 vidimus
2903 5050 2972 5116 3‘,
3007 5070 3036 5097 »
3075 5045 3339 5103 formam
3378 5049 3541 5105 hanc

1879 5139 2207 5196 nusitatam
2224 5153 2346 5193 non
2374 5137 2651 5192 ferentes.
2677 5137 2792 5193 Sed
2811 5136 3025 5208 etquia
3051 5135 3129 5192 ad
3157 5135 3540 5208 baptismatis

1875 5227 2273 5283 ministerium
2295 5241 2542 5281 necesse
2567 5230 2695 5281 erat
2732 5230 2796 5280 ut
2824 5225 2920 5280 ille
2950 5230 3381 5292 assumeretur,
3437 5244 3542 5285 ne-

1878 5332 2043 5372 cesse
2071 5321 2198 5372 erat
2224 5319 2289 5372 ut
2311 5314 2597 5371 manibus
2624 5313 2948 5370 Dominum
2973 5319 3272 5386 tractaret,
3305 5316 3546 5375 humili-

1876 5406 2153 5479 itatisque
2182 5405 2489 5477 exemplar
2507 5420 2578 5460 eo
2603 5405 2739 5476 ipso
2766 5403 3129 5476 baptismate
3157 5406 3545 5481 praeberetur,

1878 5496 2119 5554 Domini
2145 5495 2338 5568 capite
2353 5494 2666 5564 inclinato,
2697 5498 2857 5551 tacto
2880 5499 2938 5552 et
2967 5494 3047 5552 ad
3076 5512 3271 5572 aquas
3301 5497 3549 5578 descen-

2084 5720 2135 5758 ἰ
2160 5717 2354 5777 Judio.
2377 5731 2504 5792 xm,
2530 5718 2624 5792 21.
