4032 6308
145 367 260 423 753

1324 348 1614 412 HOMILIA
1653 347 1727 408 IN
1766 346 1866 409 SS.
1907 347 2363 413 INNOCENTES.

3430 356 3538 417 754

149 491 561 565 συνειλημμένος
596 491 686 543 καὶ
739 484 926 564 μικρὸν
977 486 1146 559 φανείς
1204 479 1497 556 ἀπεκρύϐη,
1553 482 1644 533 καὶ
1690 477 1756 551 ip‘

1877 476 2075 538 fuerat
2097 482 2155 536 et
2170 478 2486 553 paululum
2515 478 2684 539 visus
2714 496 2778 540 se
2810 481 3128 544 abscondit
3154 485 3212 545 et
3239 484 3320 545 ad
3341 502 3533 561 usque

148 580 274 641 ὃλην
327 583 751 660 τριακονταετίαν
802 575 1094 651 πατρώζων
1150 570 1212 633 ἧν
1262 574 1330 625 τὰ
1384 575 1452 633 εὶς
1517 570 1765 644 ἀφωνίαν,

149 671 209 724 ού
263 657 589 745 κωλυομενης
626 677 722 731 τῆς
766 671 964 744 φύσεως
997 664 1052 718 ἑκ
1110 664 1313 725 πάθους
1345 664 1503 728 τινὸς,
1538 657 1644 713 ἀλλ’
1702 660 1768 721 ὡς

148 764 222 832 μὴ
257 764 401 822 ὄντος
448 767 541 818 τοῦ
588 758 915 838 ἀκροωμένου
967 755 1240 831 ἀνθρώπου
1288 773 1301 786 ·
1362 751 1388 803 ὃ
1447 747 1507 804 δέ
1562 748 1762 822 ὡμίλει,

147 858 224 921 τῷ
272 857 393 923 Θεῷ
472 836 670 923 ὡμίλει,
732 848 786 913 ὂς
842 850 934 900 καὶ
987 848 1298 900 σιωπώντων
1348 840 1547 897 ἀκούει.
1597 836 1766 899 Οὗτος

144 943 320 993 τοίνυν
367 938 580 1013 ἄγγελος
617 941 708 991 καὶ
767 941 904 1011 φωνὴ
960 934 1010 988 ἓν
1053 936 1325 1009 παρουσίᾳ
1380 937 1474 983 τοῦ
1524 935 1765 1004 Χριστοῦ

146 1027 488 1101 ἀναφαίνεται
529 1049 542 1062 ·
574 1026 812 1100 ἅγγελος,
856 1021 950 1079 διὰ
1011 1027 1099 1076 τὸν
1158 1025 1349 1098 Κύριον
1408 1017 1622 1073 Σαϐαὼθ
1681 1017 1765 1070 ἕλ-

144 1120 305 1171 θὸντα
349 1117 627 1192 πληρῶσαι
682 1120 779 1175 τήν
830 1121 931 1188 γῆν
995 1117 1064 1175 ὡς
1128 1116 1220 1164 καὶ
1271 1112 1358 1163 τὸν
1411 1107 1627 1183 ούρανὸν
1670 1115 1768 1169 τῆς

141 1206 331 1262 ἑαυτοῦ
364 1202 561 1273 δόξηςο
622 1208 787 1278 φωνὴ,
838 1199 933 1257 διὰ
973 1204 1061 1254 τὸν
1114 1201 1286 1273 Λόγον
1342 1205 1436 1252 τοῦ
1485 1203 1620 1253 Θεοῦ
1678 1200 1766 1250 τὸν

140 1300 277 1373 πρὸς
300 1316 390 1351 τον
419 1298 549 1350 Θεὸν
580 1296 704 1349 ὄντα
736 1298 825 1347 καὶ
853 1296 1006 1350 Θεὸν.
1047 1296 1210 1344 Τοῦτο
1269 1284 1329 1343 δὲ
1397 1284 1765 1364 παραδραμεῖν

138 1387 275 1461 ὑμᾶς
330 1385 391 1439 ού
451 1383 709 1460 βούλομαι
769 1384 851 1437 ὅτι
904 1378 1002 1436 δύο
1045 1383 1360 1454 προφητείας
1416 1380 1445 1431 6
1484 1376 1764 1450 Εύαγγελι-

144 1479 270 1547 στῆ,
303 1475 375 1537 ὡς
427 1480 574 1548 μίαν,
635 1473 919 1547 παρέθηκε.
985 1476 1152 1526 Τοῦτο
1208 1466 1269 1523 δε
1326 1467 1441 1522 ἐστι
1498 1475 1589 1529 τῆς
1639 1467 1760 1520 κατ’

143 1562 406 1639 ίξαίρετον
471 1567 755 1637 συντομίας
827 1567 919 1615 τοῦ
982 1561 1228 1635 Μάρκου.
1303 1561 1372 1611 Τὸ
1455 1560 1547 1633 μεν
1632 1559 1758 1632 γὰρ,

147 1673 171 1705 ε
214 1649 367 1708 Ἰδοὺ
588 1649 883 1707 ἀποστέλλω
942 1652 1032 1702 τὸν
1087 1646 1298 1721 ἄγγελόν
1329 1666 1431 1720 μου
1461 1650 1563 1720 πρὸ
1597 1663 1761 1719 προσ·

143 1746 312 1813 ὠπου,
376 1763 407 1793 ››
442 1751 539 1805 τῆς
602 1741 886 1814 Μαλαχίου
925 1737 1040 1794 ἕστὶ
1094 1742 1434 1813 προφητείας,
1495 1735 1546 1798 ὃς
1600 1735 1761 1810 έρμη·

1876 567 2120 637 triginta
2142 584 2335 628 annos
2374 572 2558 643 patris
2598 570 2902 630 silentium
2943 576 3209 634 imitatus
3252 580 3366 649 est;
3408 593 3533 636 non

1875 657 2045 732 quod
2075 658 2521 731 impediebatur
2550 661 2821 735 quodam
2870 665 3084 721 morbo
3132 670 3384 735 naturae,
3426 668 3534 725 sed

1874 746 2046 819 quod
2076 762 2200 804 non
2226 753 2396 806 erant
2424 750 2699 822 homines
2727 753 2831 826 qui
2862 754 3154 812 audirent.
3234 758 3382 815 Cum
3409 760 3531 815 Deo

1876 840 2079 893 autem
2109 839 2598 908 conversabatur,
2654 842 2760 916 qui
2784 847 2842 898 et
2880 848 3147 903 tacentes
3182 846 3370 904 audit.
3428 847 3528 905 llle

1874 923 2056 996 igitur
2081 926 2333 998 angelus
2353 931 2409 985 et
2435 928 2537 986 illa
2563 945 2671 986 vos
2697 930 2760 987 in
2789 932 3035 997 EChristi
3083 936 3406 1007 praesentia
3442 951 3528 995 re-

1873 1013 2127 1071 velatur.
2155 1016 2435 1087 Angelus,
2463 1019 2606 1091 quia
2638 1020 2924 1077 Dominus
2968 1022 3230 1080 Sabaoth
3285 1030 3529 1085 venerat

1876 1103 2124 1175 implere
2146 1107 2365 1162 terram
2415 1112 2471 1164 et
2489 1107 2709 1165 coelum
2735 1124 2847 1166 sua
2869 1109 3077 1183 gloria;
3107 1127 3244 1179 vox,
3286 1118 3531 1186 propter

1875 1206 2086 1249 vocem
2118 1193 2219 1250 Dei
2247 1194 2325 1251 ad
2347 1210 2485 1251 eum
2511 1197 2616 1270 qui
2649 1204 2775 1256 erat
2796 1199 3237 1259 Deusethomo.
3266 1204 3384 1260 Hoc
3424 1219 3530 1262 au-

1876 1284 1997 1338 tem
2036 1298 2145 1339 vos
2174 1284 2473 1356 praeterire
2502 1284 2663 1355 nolo,
2695 1288 2850 1346 duas
2879 1288 3224 1363 prOphetias
3244 1295 3310 1347 ut
3337 1307 3527 1352 unam

1874 1370 2191 1429 tradidisse
2216 1374 2596 1448 prophetam;
2619 1377 2787 1448 quod
2810 1393 2883 1436 ex
2912 1378 3086 1437 solita
3122 1379 3294 1438 Marci
3327 1380 3525 1439 brevi-

1871 1463 1989 1516 tate
2014 1462 2300 1534 procedit.
2331 1462 2478 1521 lllud
2509 1466 2726 1525 enimm
2757 1469 2905 1525 Ecce
2930 1483 3042 1538 ego
3092 1471 3262 1528 mitto
3336 1486 3526 1541 ange-

1871 1549 2000 1606 lum
2029 1566 2236 1610 meum
2252 1557 2389 1611 ante
2420 1552 2635 1613 faciem
2656 1558 3235 1621 tuam.»eltta1achiae
3270 1560 3524 1633 propheo

1872 1639 1955 1697 tia
1970 1640 2245 1710 sumitur,
2271 1643 2375 1717 qui
2392 1644 2643 1716 angelus
2688 1646 3128 1720 interpretatur.
3198 1649 3263 1705 ld
3292 1655 3520 1709 autem:

1876 1731 2035 1788 nVox
2063 1730 2380 1790 clamantis
2402 1732 2465 1790 in
2488 1733 2776 1803 deserto,»
2812 1738 3372 1797 convenientissima
3422 1739 3525 1797 ab-

140 1834 345 1888 νεύεται
374 1830 592 1905 ἄγγελος
631 1851 647 1868 ο
680 1833 741 1884 τὸ
769 1827 849 1900 δέ,
908 1852 930 1880 ε
976 1831 1119 1888 Φωνὴ
1171 1826 1397 1901 βοῶντος
1437 1824 1485 1879 ἓν
1528 1832 1591 1897 τῇ
1647 1823 1756 1901 ipf

1873 1817 2365 1890 eloquentissimo
2394 1821 2549 1879 Isaia
2577 1822 2805 1882 dictum
2848 1830 2975 1885 est:
3012 1829 3167 1887 ενοι
3207 1826 3525 1896 clamantis

140 1942 243 1996 μῳ,
304 1943 334 1972 ››
390 1927 482 1976 τοῦ
526 1919 1023 1995 μεγαλοφωνειτάτου
1060 1916 1280 1970 Ἠσαίου
1344 1920 1764 1990 προσφορώτανσ

139 2010 408 2087 εἶρημὲνον
456 2031 470 2043 ·
505 2031 537 2061 (ε
567 2013 709 2070 Φωνὴ
758 2007 990 2082 βοῶντος
1042 2005 1092 2060 ἂν
1139 2013 1203 2078 τῇ
1260 2003 1457 2079 ἐρήμῳ,
1515 2002 1762 2078 Ἐτοιμεί⁶

141 2119 271 2156 σατε
298 2104 395 2160 τὴν
420 2094 545 2153 ὁδὸν
587 2102 806 2175 Κυρίου.
866 2120 895 2147 ››
964 2095 1199 2172 Ἔρημος
1228 2089 1278 2148 δ’
1349 2095 1411 2148 ἄν
1462 2096 1540 2153 εἰη
1590 2098 1681 2147 καὶ
1722 2095 1754 2153 ἦ

136 2199 236 2253 τῆς
267 2185 537 2253 Ἰουδαίας
565 2188 752 2244 ἅπασα
790 2192 947 2262 χώρα
967 2191 1057 2241 καὶ
1081 2187 1112 2244 ἠ
1161 2191 1263 2238 τῶν
1316 2182 1509 2238 πόλεων
1561 2185 1759 2246 ταύτης

136 2277 466 2354 μητρόπολις
493 2276 842 2353 Ἰερουσαλὴμ
876 2276 1131 2331 καὶκατὰ
1190 2276 1249 2333 τὸ
1290 2271 1505 2334 ἐνεστώς
1561 2277 1651 2327 καὶ
1698 2275 1758 2325 τὸ

137 2366 321 2441 μέλλον
354 2383 367 2397 ·
418 2368 554 2422 κατά
590 2368 649 2419 τὸ
701 2364 918 2427 ἐνεστὼς
954 2367 1068 2439 μὲν,
1120 2363 1200 2416 ὃτι
1245 2364 1446 2434 καρπὸς
1480 2357 1759 2415 δικαιοσύ-

137 2477 234 2519 νης
273 2456 368 2509 οὐκ
401 2453 460 2515 ἦν
486 2454 535 2510 ἕν
577 2455 775 2524 αὐτοῖς,
810 2463 878 2527 γῆ
905 2451 965 2509 δε
998 2450 1135 2512 ἦσαν
1163 2449 1357 2515 άϐατος
1393 2454 1485 2504 καὶ
1513 2446 1757 2525 ἄνυδρος.

138 2546 319 2618 Ταύτῃ
358 2564 440 2599 τοι
463 2547 553 2597 καὶ
578 2545 604 2599 6
632 2544 879 2605 Ἰωάννης
921 2546 1017 2601 την
1075 2538 1337 2616 ἀκαρπίαν
1389 2538 1558 2593 αύτῶν
1614 2534 1758 2612 διορ-

140 2634 392 2706 θούμενος
434 2632 575 2706 ἔλεγε
628 2653 642 2669 ’
696 2653 726 2685 ‹‹
776 2636 1043 2692 Ποιήσατε
1125 2633 1357 2707 καρπούς
1419 2628 1590 2693 ἀξίους
1663 2636 1760 2691 τῆς

137 2727 438 2796 μετανοίας.
480 2739 511 2776 ν
543 2723 608 2777 Δί
633 2719 693 2777 δε
720 2722 902 2795 ψυχαὶ
955 2724 1126 2776 αὐτῶν
1168 2720 1417 2797 ἕρημικαὶ
1462 2718 1651 2773 οῖϐατοί
1703 2740 1760 2776 τε

135 2819 203 2886 τῇ
236 2814 528 2885 θεογνωσίᾳ
557 2816 648 2867 καὶ
699 2808 921 2885 ἄνυδροι
947 2810 1049 2866 ἀπὸ
1100 2818 1201 2863 τῶν
1251 2818 1583 2886 προφητικῶν
1620 2828 1756 2882 νεφε-

136 2901 236 2973 λῷν
267 2919 282 2933 ·
317 2900 612 2955 ἐντέταλται
654 2902 756 2975 γὰρ
802 2900 992 2964 αὐταῖς
1042 2903 1189 2976 παρά
1230 2907 1365 2955 Θεοῦ
1415 2901 1473 2952 τὸ
1512 2904 1583 2973 μή
1633 2898 1754 2974 βρί-

132 3009 254 3064 χειν
312 2989 394 3044 ἐπ’
438 2989 651 3051 αύτούς.
704 2994 805 3043 Καὶ
853 2988 1115 3052 παντελῶς
1164 2992 1224 3043 τὸ
1280 2997 1372 3052 τῆς
1438 2992 1755 3063 προφητείας

130 3084 341 3155 ἤργησε
368 3081 638 3155 χάρισμα.
670 3073 837 3134 Δαϐιδ
862 3074 943 3147 δε,
1044 3080 1109 3133 τά
1145 3075 1323 3133 ἄδηλα
1345 3082 1435 3132 καὶ
1463 3080 1531 3131 τὰ
1558 3081 1754 3154 κρύφια

1870 1907 1934 1966 in
1961 1908 2217 1981 deserto,
2246 1912 2455 1981 Parate
2484 1912 2646 1969 viam
2676 1914 2979 1974 Domini.»
3013 1918 3320 1974 Desertum
3351 1916 3526 1975 fuerit

1870 1998 2069 2056 omnis
2094 1973 2507 2071 Judare’regio
2546 2007 2602 2058 et
2639 2001 2771 2074 ejus
2792 2003 3037 2062 urbium
3065 1973 3411 2081 metropolis
3430 1973 3522 2064 te;

1869 2085 2132 2146 rusalem
2162 2093 2219 2145 et
2242 2088 2303 2146 in
2330 2090 2610 2161 praesenti
2639 2090 2782 2148 etin
2817 2091 3038 2152 futuro.
3070 2095 3347 2152 Praesenti
3385 2095 3521 2169 qui-

1868 2173 2010 2232 dem
2039 2180 2332 2251 tempore,
2360 2179 2505 2253 quia
2527 2179 2770 2251 justitiaa
2795 2180 3025 2238 fructus
3045 2183 3211 2255 apud
3231 2199 3338 2240 eos
3395 2199 3520 2242 non

1868 2269 2012 2322 erat.
2041 2268 2218 2325 Terra
2239 2269 2405 2326 enim
2423 2274 2592 2328 erant
2628 2270 2791 2327 invia
2837 2275 2896 2328 et
2951 2271 3250 2344 inaquosa
3300 2274 3517 2332 πλόου

1868 2357 2204 2412 ctJoannes
2246 2358 2610 2416 sterilitatem
2636 2375 2846 2417 eorum
2898 2361 3205 2431 corrigens
3258 2363 3515 2422 dicebat:

1870 2444 2098 2501 »Facite
2125 2444 2355 2504 fructus
2385 2447 2602 2517 dignos
2620 2448 2983 2521 paenitentiae
3001 2451 3069 2505 ³ο,
3116 2472 3143 2501 ››
3167 2452 3395 2510 Animis
3413 2468 3519 2510 au-

1871 2535 1989 2589 tem
2014 2550 2225 2592 eorum
2245 2535 2490 2594 desertae
2515 2541 2574 2594 et
2589 2538 2691 2595 Dei
2729 2539 3057 2610 cognitioni
3108 2540 3286 2597 inviae
3311 2545 3367 2598 et
3411 2557 3519 2598 nu~

1865 2621 2047 2679 bibus
2076 2624 2441 2698 propheticis
2471 2625 2803 2701 inaquosae.
2835 2628 3138 2687 Mandavit
3192 2630 3355 2687 enim
3403 2630 3520 2687 illis

1868 2716 2025 2770 Deus
2055 2730 2132 2772 ne
2162 2714 2431 2787 pluerent
2443 2732 2622 2790 super
2638 2733 2762 2774 eos.
2781 2723 2973 2791 Atque
3001 2720 3249 2776 omnino
3261 2721 3521 2794 prophe-

1869 2802 1961 2859 tiae
1991 2804 2185 2874 gratia
2212 2806 2491 2863 cessavit.
2506 2806 2694 2863 David
2709 2807 2805 2864 cui
2816 2807 3080 2865 obscura
3099 2810 3520 2869 etabscondita

1867 2893 2176 2967 sapientiae
2190 2910 2314 2951 suae
2328 2894 2797 2963 revelavitDeus,
2828 2898 3354 2955 conversionemin
3392 2915 3517 2956 me-

1863 2980 1979 3039 lius
2017 2984 2414 3053 (terrtem'otus
2469 2984 2632 3042 enim
2671 2985 2734 3041 in
2794 2985 3092 3058 Scriptura
3148 2987 3517 3056 nominatur)

1863 3075 1921 3129 et
1937 3072 2120 3143 hujus
2149 3073 2293 3130 invii
2316 3073 2533 3131 deserti
2562 3074 2988 3133 fecunditatem
3001 3080 3057 3132 et
3084 3076 3516 3134 correctionem

129 3175 232 3231 τῆς
290 3172 478 3242 σοφίας
522 3166 685 3221 αύτοῦ
736 3168 762 3220 6
792 3169 917 3230 Θεὸς
960 3165 1278 3238 ἀπεκάλυψε,
1310 3170 1405 3226 τὴν
1470 3165 1750 3239 ἐναλλαγὴν

1865 3161 2230 3235 prophetans
2272 3160 2483 3220 cecinit
2518 3180 2531 3219 :
2566 3186 2594 3214 ‹‹
2628 3162 2778 3219 Cum
2818 3165 2972 3220 Deus
3016 3164 3405 3237 pertransiret
3449 3165 3511 3223 in

128 3265 234 3312 τῶν
258 3258 585 3331 πραγμάτων
612 3255 696 3309 ἰπὶ
731 3259 789 3310 τὸ
818 3263 1051 3332 κρεῖττον
1093 3256 1142 3327 (ὃ
1195 3261 1284 3310 καὶ
1341 3259 1558 3330 σεισμὸς
1606 3258 1752 3330 παρά

129 3355 195 3419 τῇ
249 3352 430 3420 Γραφῇ
468 3345 800 3419 ὀνομάζεται)
853 3349 945 3399 καὶ
1012 3349 1107 3404 τὴν
1158 3354 1252 3407 τῆς
1298 3343 1496 3399 ἀϐάτου
1554 3348 1750 3406 ταύτης

136 3435 340 3512 ἑρήμου
370 3433 690 3509 ἐξημέρωσεν
724 3438 814 3488 καὶ
860 3430 1147 3508 διόρθωσιν
1205 3434 1535 3507 προεξυμνῶν
1591 3434 1751 3506 ἔψαλο

135 3525 222 3580 λιν
245 3546 259 3559 ο
290 3544 321 3574 «ι
350 3523 412 3576 Ὁ
450 3527 599 3592 Θεὸς,
628 3523 679 3578 ἰν
708 3531 782 3595 τῷ
819 3519 1106 3577 διαϐαίνειν
1164 3542 1223 3576 σε
1270 3522 1319 3576 ἐν
1360 3531 1424 3597 τῇ
1476 3522 1643 3598 ἕρήμῳ
1681 3531 1746 3596 γῆ

141 3614 388 3673 ὶσείσθη.
428 3617 528 3669 Καὶ
563 3614 667 3687 γὰρ
710 3615 760 3667 οἱ
787 3612 996 3687 ούρανοὶ
1048 3612 1267 3677 ἔσταξαν
1312 3612 1413 3666 ἀπὸ
1466 3618 1749 3687 προσώπου

139 3711 237 3758 τοῦ
269 3710 408 3758 Θεοῦ
434 3708 527 3757 τοῦ
547 3709 688 3759 Σινᾶ.
728 3708 939 3778 Βροχήν
977 3702 1214 3758 ἑκούσιον
1259 3701 1508 3777 ἀφοριείς,
1540 3704 1566 3756 6
1598 3706 1749 3771 Θεὸς,

140 3801 208 3867 τῇ
248 3792 574 3869 κληρονομίᾳ
605 3811 723 3862 σου,
754 3796 844 3846 καὶ
886 3793 1145 3853 ἠσθένησε
1189 3813 1204 3828 ο
1238 3797 1305 3846 σὺ
1344 3789 1406 3846 δε
1444 3798 1750 3868 κατηρτίσω

142 3883 332 3943 αὐτήν,
362 3904 393 3932 »
414 3879 777 3942 Ἐκδηλὸτατα
805 3888 894 3935 οῦν
921 3885 1017 3941 τὴν
1048 3889 1139 3936 τοῦ
1183 3884 1307 3936 Υίοῦ
1338 3886 1630 3957 παρουσίαν
1660 3886 1752 3936 καὶ

141 3978 241 4032 τήν
284 3979 379 4025 τοῦ
418 3975 577 4045 νὸμου
620 3974 746 4048 πρὸς
797 3976 892 4031 τὴν
935 3974 1097 4046 χάριν
1141 3974 1414 4045 μετάθεσιν
1465 3974 1496 4031 ἠ
1551 3991 1749 4046 προφηο

139 4065 258 4117 τεία
301 4057 480 4128 δηλοῖ,
518 4060 634 4115 κατ’
673 4057 915 4115 εὐδοκίαν
966 4067 1060 4115 τοῦ
1100 4068 1233 4115 Θεοῦ
1284 4068 1377 4116 τοῦ
1406 4060 1456 4114 ἄν
1504 4068 1575 4133 τῷ
1632 4067 1751 4115 Σινᾶ

139 4152 686 4228 τελεσιουργηθεῖσαν.
746 4153 876 4205 Θεὸν
922 4147 980 4205 δε
1029 4157 1123 4204 τοῦ
1193 4156 1314 4204 Σινᾶ
1384 4154 1471 4205 τὸν
1547 4154 1752 4224 Πατέρα

142 4240 357 4296 ἕκά).εσε
387 4236 484 4295 διὰ
509 4244 604 4300 την
661 4238 825 4294 ἇκεῖσε
871 4236 1212 4313 νομοδοσίαν.
1264 4246 1370 4300 Τήν
1406 4260 1465 4313 γε
1519 4245 1623 4313 μὴν
1663 4236 1748 4294 δε-

143 4327 457 4404 δωρημένην
476 4331 621 4404 παρά
661 4335 753 4382 τοῦ
802 4332 929 4384 Υὶού
987 4326 1260 4401 δαψίλειαν
1300 4338 1402 4383 τῶν
1450 4331 1600 4383 θείων
1649 4325 1750 4382 δω-

141 4428 274 4496 ρεῶν
316 4424 407 4472 καὶ
449 4422 508 4472 τὸ
546 4427 638 4481 τῆς
688 4421 910 4494 χάριτος
960 4419 1294 4492 Εύαγγέλιον,
1355 4417 1565 4494 βροχήν
1604 4420 1749 4472 ἑκού-

1860 3250 2117 3320 deserto,
2146 3256 2306 3308 terra
2333 3255 2499 3308 mota
2554 3256 2660 3308 est.
2714 3253 2942 3309 Etenim
3001 3252 3130 3310 cmli
3189 3253 3511 3312 distillave-

1860 3343 2002 3397 runt
2019 3356 2056 3396 a
2079 3340 2231 3397 facie
2261 3340 2365 3398 Dei
2391 3341 2575 3400 Sinai.
2597 3342 2867 3399 Pluviam
2896 3341 3296 3400 voluntariam
3321 3360 3516 3416 segre-

1862 3431 2037 3502 gabis
2053 3431 2797 3503 Deus,hmreditatitum,et
2814 3432 3237 3501 intirmataest;
3264 3439 3332 3491 tu
3369 3450 3513 3492 vero

1861 3520 2161 3594 perfecisti
2188 3536 2325 3579 eam
2359 3523 2465 3577 ²⁷.ι‹
2493 3522 2961 3579 Manifestissime
3001 3524 3181 3593 igitur
3209 3524 3336 3581 Filii
3364 3541 3513 3599 pras-

1862 3609 2118 3666 sentiam
2144 3612 2202 3665 et
2219 3609 2370 3680 legis
2395 3610 2473 3667 ad
2519 3611 2777 3681 gratiam
2826 3611 3144 3669 transitum
3196 3613 3515 3687 prophetia

1861 3698 2146 3768 ostendit,
2181 3699 2517 3757 secundum
2546 3701 2650 3757 Dei
2672 3701 2834 3758 Sinai
2860 3700 3345 3761 benevolentiam
3385 3719 3514 3776 per-

1861 3787 2104 3846 fectum.
2146 3791 2335 3846 Deum
2359 3793 2561 3847 autem
2584 3790 2743 3847 Sinai
2757 3792 2991 3848 Patrem
3018 3791 3344 3864 appellavit
3379 3808 3511 3865 pro-

1858 3882 1992 3951 pter
2005 3878 2203 3949 legem
2230 3878 2291 3935 in
2320 3878 2436 3935 hoc
2464 3883 2668 3935 monte
2693 3878 3216 3945 datam;donatain
3248 3885 3451 3937 autem
3476 3897 3514 3938 a

1858 3967 2007 4025 Filio
2027 3967 2468 4025 abundantiam
2497 3967 2840 4024 divinorum
2867 3982 3191 4025 munerum
3222 3972 3280 4025 et
3307 3970 3510 4040 gratiae

1858 4057 2264 4130 Evangelium,
2280 4057 2550 4129 pluviam
2570 4055 3367 4129 voluntariam,segregatam
3379 4058 3431 4130 ej
3442 4076 3511 4115 ns

1856 4146 2210 4207 hmreditati.
2258 4146 2527 4218 gentium
2582 4146 2865 4213 ecclesiae,
2923 4147 3134 4216 David,
3161 4152 3227 4203 ut
3271 4147 3508 4220 opinor,

1857 4236 2209 4293 nominavit.
2237 4238 2413 4292 Vetus
2437 4235 2597 4293 enim
2618 4235 2712 4293 lex
2734 4251 2857 4292 non
2880 4235 3213 4292 secundum
3238 4238 3510 4294 volunta-

1857 4330 1999 4394 tem,
2026 4339 2222 4398 neque
2247 4324 2586 4382 secundum
2622 4324 2992 4397 praecipuam
3029 4324 3511 4384 benevolentiam

1858 4413 2129 4486 exposita
2158 4417 2267 4482 est;
2317 4413 2425 4469 scd
2479 4412 2813 4470 secundum
2860 4414 3509 4483 accommodationem,

146 4528 283 4577 σιον,
339 4507 704 4582 ἀφωρισμένην
755 4515 817 4582 τῇ
862 4506 1185 4584 κληρονομίᾳ
1213 4507 1373 4561 αὐτοῦ
1409 4516 1469 4581 τῇ
1522 4506 1574 4572 ἐξ
1598 4507 1750 4562 ἐθνῶν

1865 4502 2381 4577 quemadmodum
2396 4507 2566 4575 pater
2593 4518 2731 4560 cum
2751 4502 2888 4559 ﬁliis
2903 4503 3387 4576 ludit,retrahens
3407 4521 3511 4561 eos

144 4597 427 4670 ἐκκλησίᾳ,
457 4598 484 4649 ὀ
512 4592 709 4664 Λαϐὶδ,
734 4599 801 4659 ὡς
821 4598 922 4669 ίγὼ
944 4594 1113 4671 οἶμαι,
1145 4598 1491 4670 κατονομάζει
1516 4618 1529 4631 ·
1584 4598 1614 4656 ἠ
1648 4600 1750 4671 γὰρ

145 4686 354 4741 παλαιὰ
377 4687 660 4761 νομοθεσία
705 4685 764 4739 ού
814 4686 933 4740 καθ’
985 4686 1222 4740 ἑκούσιον
1274 4683 1398 4740 ούδε
1441 4690 1578 4741 κατά
1613 4706 1753 4759 προ-

146 4781 448 4850 ηοιουμένην
519 4772 761 4831 εὐδοκίαν
829 4774 1132 4847 ἕκτέθειται,
1200 4775 1328 4830 ἀλλά
1373 4780 1509 4831 κατά
1560 4796 1757 4849 συγκα-

142 4867 396 4935 τάϐασιν,
471 4867 643 4942 ὥσπερ
693 4866 754 4920 ἄν
806 4865 850 4919 εἰ
900 4871 991 4920 καὶ
1040 4870 1215 4941 πατὴρ
1278 4867 1599 4941 προσπαίζει
1646 4875 1756 4929 τοῖς

140 4960 369 5024 τέκνοις,
428 4954 679 5010 ἀνθίλκων
732 4954 867 5009 αύτά
920 4962 1018 5009 τῶν
1101 4953 1366 5029 βλαϐερῶν
1441 4953 1752 5029 ἀθυρμάτων

112 5074 115 5077 ·
140 5052 239 5101 καὶ
266 5054 366 5109 τῆς
391 5047 526 5120 μετά
574 5054 675 5099 τῶν
726 5043 1085 5109 ἕξωλεστάτων
1118 5042 1520 5120 συνδιατριϐἥς.
1552 5050 1616 5099 Τί
1644 5048 1747 5119 γὰρ

140 5134 257 5191 ἑδει
311 5142 386 5206 τῷ
440 5141 554 5207 Θεῷ
609 5142 704 5199 τῆς
746 5133 935 5195 πολλῆς
1019 5139 1425 5211 κρεωμαγειρίας
1489 5140 1581 5189 καὶ
1655 5144 1752 5198 τῆς

136 5226 373 5281 ἐντεῦθεν
391 5228 617 5288 κνίσσης
649 5242 663 5290 ;
692 5224 752 5286 ἧς
776 5226 835 5276 τὸ
874 5219 1035 5285 ἀηδὲς
1064 5228 1155 5277 καὶ
1183 5228 1242 5277 τὸ
1274 5220 1632 5298 δυσπρόσιτον
1661 5229 1750 5277 καὶ

136 5318 413 5391 ἅνθρωποι
457 5313 894 5390 ἀποστέργουσιν.
928 5311 1051 5365 Ὀτι
1103 5309 1163 5367 δε
1219 5312 1486 5382 ἀκούσιος,
1541 5313 1693 5375 αὐτὸς
1722 5315 1750 5365 6

135 5409 271 5481 πρὸς
308 5412 461 5458 τοῦτο
501 5401 835 5476 συγκαταϐὰς
872 5402 1088 5478 ὕστερον
1136 5406 1194 5456 τό
1232 5401 1418 5457 οἰκεῖον
1461 5401 1751 5474 ἀνεκάλυψε

137 5494 416 5571 βούλημα,
466 5514 495 5545 ‹‹
515 5497 607 5555 Τίς
650 5491 932 5556 ἑξεζήτησε
959 5498 1147 5565 ταῦτα,
1201 5514 1230 5542 ››
1278 5491 1457 5565 λέγων,
1488 5511 1518 5547 ε
1558 5490 1612 5545 ἐκ
1649 5501 1750 5545 τῶν

1863 4610 1901 4653 a
1932 4593 2284 4668 periculosis
2316 4592 2476 4649 ludis
2501 4597 2559 4650 et
2589 4591 2960 4665 perditorum
3007 4594 3306 4652 societate.
3357 4593 3512 4661 Quid

1864 4684 2026 4741 enim
2058 4683 2342 4756 Deoopus
2363 4687 2491 4739 erat
2509 4682 2782 4739 carnium
2809 4684 3170 4741 mactatione
3230 4689 3287 4741 et
3332 4684 3511 4757 adipe

1863 4773 2004 4831 inde
2028 4771 2444 4846 provenienti?
2473 4787 2659 4845 quam
2697 4772 2880 4829 etiam
2930 4777 2993 4830 ut
3019 4771 3417 4845 iniucundam
3455 4776 3514 4827 et

1864 4861 2151 4920 odibilem
2171 4861 2878 4932 bominesaspernantur.
2898 4861 3070 4928 Quod
3101 4860 3377 4918 autemid
3427 4861 3513 4916 in-

1864 4952 2018 5009 vitus
2047 4951 2267 5020 fecerit,
2293 4951 2425 5022 ipse
2450 4950 2554 5024 qui
2583 4950 2662 5007 ad
2687 4950 2750 5006 id
2770 4966 2833 5006 se
2847 4949 3510 5020 accommodabat,pro-

1862 5042 2059 5115 priam
2081 5041 2300 5098 deinde
2329 5040 2725 5098 manifestavit
2766 5040 3155 5105 voluntatem,
3210 5039 3354 5105 Quis
3408 5055 3510 5096 ex-

1860 5132 2121 5205 quisivit,
2163 5130 2377 5203 inquit,
2415 5129 2542 5185 haec
2565 5129 2640 5185 de
2706 5128 2988 5185 manibus
3044 5128 3252 5185 vestris
3290 5129 3338 5165 ³⁸
3378 5131 3512 5188 ?»Et

1861 5220 2070 5279 David:
2089 5219 2393 5277 «Hostiam
2422 5221 2479 5276 et
2502 5217 2871 5274 oblationem
2901 5216 3144 5273 noluisti
3218 5219 3287 5273 ’9.
3324 5241 3353 5269 »
3380 5221 3510 5276 Non

1859 5311 2045 5369 modo
2075 5314 2276 5368 autem
2305 5312 2549 5382 propter
2571 5306 2875 5364 bonorum
2903 5312 3151 5364 actuum
3166 5306 3509 5366 absentiam

1859 5400 2094 5457 deserta
2119 5399 2327 5456 Judzea
2356 5396 2668 5454 nominata
2688 5399 2793 5461 est,
2820 5396 2929 5453 sed
2982 5400 3041 5453 et
3069 5402 3313 5471 propter
3356 5398 3514 5456 futu-

1860 5506 1996 5548 rum
2020 5488 2322 5547 excidium
2349 5490 2406 5543 et
2442 5485 2862 5542 vastationem.
2892 5484 2959 5542 Id
2989 5486 3150 5544 enim
3167 5491 3225 5545 et
3251 5486 3386 5561 ipsa
3413 5504 3515 5546 ve--

213 5709 265 5746 ²³
305 5708 447 5767 Gen.
481 5724 517 5781 ι,
548 5710 605 5766 2.
683 5708 732 5745 ³⁸
772 5707 911 5766 Luc.
939 5721 1025 5779 ιιι,
1051 5709 1105 5771 8,
1184 5706 1233 5745 I7
1259 5705 1419 5769 Psal.
1446 5721 1618 5777 mu,
1667 5705 1756 5780 8,1

1865 5702 1924 5771 ο⁸
1995 5673 2046 5782 ξε
2082 5703 2199 5764 15a.
2229 5721 2264 5776 ι,
2303 5706 2388 5760 12.
2465 5686 2691 5769 “Psal,
2719 5716 2960 5776 xxxvm,
2994 5707 3051 5760 7;
