4032 6308
494 299 600 352 755

1744 289 2054 348 GERMANI
2083 289 2130 342 II
2160 287 2272 345 GP.
2305 286 2720 350 PATRIARCIE

3761 289 3874 345 756

495 419 643 475 ritas
676 415 938 473 Christus
970 414 1281 488 praedixit:
1314 436 1342 464 «
1374 417 1521 470 Ecce
1547 413 1901 486 relinquitur
1933 413 2153 467 domus

2278 422 2460 487 (aprici:
2491 416 2631 486 ὑμῶν
2655 433 2668 482 ;
2699 437 2727 465 ›)
2762 418 2905 469 Καὶό
2939 413 3128 485 Δαϐίδ,
3151 438 3178 466 ‹‹
3213 419 3418 468 Θυσίαν
3444 420 3533 468 καὶ
3559 419 3874 490 προσφορὰν

496 512 698 565 vestra
718 507 952 560 deserta
982 505 1051 560 ³ο.
1107 527 1133 552 ››
1190 507 1252 558 Et
1281 504 1428 559 dum
1462 509 1616 558 esset
1644 504 1704 558 in
1729 517 1902 558 cruce
1933 505 1988 555 et
2019 517 2155 573 pas-

501 599 667 654 sione
695 599 750 651 et
779 593 1168 649 descenderet
1199 593 1274 649 ad
1308 593 1552 658 inferos,
1587 599 1746 649 terra
1770 596 1936 648 mota
1965 596 2071 659 est,
2099 595 2156 646 et

500 691 682 760 petrae
707 684 904 739 scissae
936 690 1097 749 sunt,
1130 687 1187 738 et
1217 683 1352 738 coeli
1390 682 1827 738 distillaverunt
1854 681 2156 752 lacrymas

498 791 611 848 pro
635 788 786 828 rore.

2265 501 2358 553 ούκ
2385 503 2670 565 ἠθέλησας.
2719 528 2746 554 ››
2780 507 2854 557 Ού
2881 511 3032 578 μόνον
3085 502 3143 558 δὲ
3184 501 3276 557 διὰ
3326 509 3419 562 τὴν
3470 505 3733 577 ἀκαρπίαν
3774 514 3875 556 τῶν

2266 589 2510 663 ἑναρέτων
2589 594 2819 668 πράξεων
2900 598 3092 668 ἔρημος
3144 597 3171 652 ἡ
3238 589 3474 645 Ἰουδαία
3562 594 3871 666 ὠνομάσθη,

2267 678 2394 732 ἀλλά
2422 687 2511 733 καὶ
2545 678 2639 734 διὰ
2669 689 2761 741 την
2793 688 3006 758 χρόνιον
3063 687 3424 756 καταστροφὴν
3455 688 3543 733 καὶ
3616 685 3874 754 ἐκπορθη-

2270 787 2373 823 σιν.
2406 777 2568 822 Τοῦτο
2608 773 2708 846 γὰρ
2743 777 2832 824 καὶ
2867 774 2892 830 ἡ
2946 773 3290 829 αύτοαληθεια
3346 779 3558 845 προεῖπε
3618 779 3869 845 Χριστος·

569 886 598 913 ‹‹
637 859 774 915 Ἰδού
809 859 1013 932 ἀφίεται
1037 861 1063 911 ὁ
1095 857 1232 922 οἶκος
1263 863 1410 932 ἡμῶν
1463 863 1667 936 ἔρημος.
1701 882 1729 908 ››
1767 863 1867 911 Καὶ
1899 858 1946 910 ἐν
1998 867 2069 928 τῷ
2111 854 2398 909 διαϐαίνειν
2429 857 2483 910 ἐκ
2512 867 2603 910 τοῦ
2656 880 2710 912 τε
2777 858 2869 912 διὰ
2929 868 3158 936 σταύρου
3220 866 3310 913 καὶ
3375 869 3466 912 τοῦ
3527 863 3736 921 πάθους
3787 854 3874 911 κοιἱ

499 950 827 1004 καταϐαίνειν
885 953 1017 1024 πρὸς
1068 946 1224 1019 ᾅδην,
1275 957 1340 1021 γῆ
1401 949 1637 1016 ἐσείσθη,
1680 953 1771 1000 καὶ
1830 951 2015 1022 πέτραι
2082 943 2459 1021 διεῤῥάγησαν,
2513 953 2603 1001 καὶ
2660 953 2709 1002 οἱ
2760 950 2967 1025 ούρανοὶ
3020 952 3237 1014 ἕσταξαν
3290 947 3514 1024 δάκρυον
3571 948 3686 1001 ἀντὶ
3745 947 3874 1022 δρό-

503 1061 620 1095 σου.

573 1132 709 1184 Vlll.
749 1151 770 1178 ι
807 1131 1018 1183 Rectas
1051 1127 1223 1184 facite
1256 1129 1499 1184 semitas
1533 1129 1685 1198 ejus.
1721 1149 1748 1176 η
1779 1126 1843 1182 Si
1880 1127 2039 1182 enim
2068 1141 2158 1180 re-

499 1218 748 1290 jecerint
779 1216 1234 1272 similitudinem
1261 1234 1400 1272 cum
1432 1217 1646 1288 genitis
1678 1215 1920 1288 viperis,
1955 1221 2011 1270 et
2057 1215 2160 1288 qui

504 1308 758 1379 decepit,
775 1307 1067 1379 serpentis
1096 1307 1222 1361 vias
1252 1307 1579 1377 omiserint,
1597 1309 1790 1362 rectas
1809 1305 2052 1360 semitas
2078 1303 2162 1359 fa-

507 1398 683 1454 cient.
713 1397 806 1452 Sic
829 1397 988 1451 enim
1013 1396 1082 1451 iis
1106 1397 1614 1466 transgressiones
1632 1395 1925 1465 corrigere
1938 1393 2158 1463 licebit,

508 1491 566 1542 et
581 1503 684 1542 eos
701 1501 836 1558 qum
853 1486 914 1539 in
935 1485 1173 1540 Cantico
1190 1485 1472 1540 laudatur
1486 1485 1716 1555 justitia
1733 1483 1981 1552 amabit,
2002 1487 2058 1537 et
2073 1499 2161 1538 re-

509 1573 958 1646 generationem
981 1589 1117 1645 quie
1133 1589 1239 1644 per
1270 1572 1641 1645 baptismum
1670 1578 1758 1627 est
1781 1571 2156 1641 obtinebunt,

2343 1127 2425 1181 Η’.
2455 1150 2484 1177 ‹‹
2531 1129 2746 1190 Εύθείας
2796 1136 2990 1180 ποιεῖτε
3043 1131 3138 1191 τὰς
3182 1127 3392 1203 τρίϐους
3429 1128 3612 1179 αύτοῦ.
3669 1151 3697 1177 ››
3762 1127 3876 1178 Ἐἰω

2268 1216 2368 1289 γὰρ
2419 1220 2511 1274 τὴν
2561 1221 2691 1292 πρὸς
2748 1220 2842 1279 τὰς
2891 1223 3254 1289 γεγεννηκυίας
3312 1213 3533 1288 ἐχίδνας
3592 1219 3880 1288 ὁμοιότητα

2271 1299 2616 1357 διαπτύσαιεν
2671 1311 2760 1358 καὶ
2819 1314 2909 1358 τοῦ
2973 1305 3338 1366 ἀπατήσαντος
3394 1310 3552 1377 ὄφεως
3603 1304 3877 1356 ἐκκλίνοιεν

2266 1395 2360 1454 τὰς
2423 1391 2598 1462 ὁδούς,
2667 1395 2861 1454 εὐθείας
2915 1397 3002 1454 τὰς
3060 1395 3267 1466 τριϐούς
3323 1400 3663 1451 ποιήσουσιν.
3730 1394 3880 1444 Οὕτω

2266 1485 2367 1555 γὰρ
2395 1483 2571 1545 αὐτοῖς
2612 1489 2701 1535 καὶ
2760 1487 2826 1536 τὰ
2883 1481 3192 1556 διαϐηματα
3247 1485 3663 1540 κατευθυνθῆναι
3721 1501 3884 1554 προσ-

2267 1576 2437 1640 έσται,
2468 1577 2557 1624 καὶ
2579 1575 2606 1630 η
2638 1573 2688 1624 ἐν
2719 1581 2790 1642 τῷ
2815 1573 2836 1586 ”
2868 1579 3076 1646 ᾼσματι
3108 1573 3323 1634 εὐθύτης
3350 1573 3538 1632 αύτούς
3760 1590 3878 1636 σειε,

509 1644 568 1718 et
598 1663 782 1718 Patris
815 1644 1068 1716 caelestis
1100 1676 1233 1716 vere
1261 1644 1368 1715 ﬁlii
1396 1665 1584 1717 erunt.
1621 1661 1676 1718 Si
1705 1676 1845 1716 vero
1875 1661 1936 1716 in
1961 1660 2158 1732 priore

2278 1665 2355 1712 ιαὶ
2386 1669 2480 1722 τῆς
2528 1658 2621 1712 διὰ
2673 1661 3043 1734 βαπτίσματος
3107 1666 3445 1722 νεοποιησεως
3505 1659 3881 1728 ἐπιτεύξονται,

509 1751 612 1806 via
639 1748 1905 1822 permanserintrursumqueinveterationis
1928 1753 1985 1803 et
1997 1746 2160 1802 clau-

513 1837 1142 1893 dicationisincessum
1166 1840 1458 1908 tanquam
1477 1837 1741 1908 perversi
1763 1841 1818 1891 et
1851 1833 2162 1908 depravati

511 1927 638 1993 ﬁlii,
674 1927 1040 1998 serpentium
1090 1942 1257 1982 more
1305 1927 1762 1994 circumvolunt,
1812 1930 2050 1998 pectore
2107 1929 2164 1979 et

511 2021 718 2072 ventre
770 2015 1134 2085 incedentes,
1205 2016 1633 2088 cupiditatibus
1699 2020 1754 2071 et
1801 2014 2162 2071 helluatione

515 2105 799 2170 fruentes,
841 2103 1106 2160 futuram
1137 2107 1287 2160 iram
1313 2121 1436 2160 non
1463 2104 1780 2174 effugient:
1812 2104 1978 2159 furor
2002 2103 2161 2158 enim

509 2193 643 2265 illis,
680 2198 744 2249 ut
790 2193 872 2248 ait
903 2193 1113 2262 David,
1148 2194 1484 2249 secundum
1542 2193 1990 2248 similitudinem
2048 2207 2164 2246 ser-

510 2283 706 2354 pentis
730 2282 837 2352 qui
867 2282 946 2337 ab
983 2282 1150 2336 initio
1175 2281 1483 2337 homicida
1521 2286 1608 2336 est
1635 2299 1650 2349 ;
1683 2282 1901 2337 ventris
1961 2285 2165 2336 autem

511 2371 835 2442 cupiditate
886 2376 942 2426 et
992 2375 1263 2426 cetaceos
1299 2376 1535 2425 ventres
1588 2371 2163 2442 supergrediuntur:

512 2460 731 2514 domos
748 2459 909 2512 enim
920 2459 1240 2514 viduarum
1258 2458 1666 2522 comederunt,
1682 2463 1739 2514 et
1753 2459 2167 2531 orphanorum

511 2546 771 2602 miseriis
805 2546 988 2604 laetati
1018 2550 1158 2603 sunt
1195 2546 1722 2602 immisericordes.

584 2816 706 2871 IX.«
724 2813 892 2870 Venit
913 2815 1172 2870 Joannes
1195 2813 1510 2886 baptizans
1530 2813 1591 2870 in
1612 2815 1846 2871 deserto
1871 2818 1928 2871 et
1953 2814 2170 2888 praedi-

513 2917 657 2958 cans
675 2903 1047 2975 baptismum
1069 2903 1432 2975 poenitentia;
1451 2905 1512 2958 in
1545 2904 1963 2960 remissionem
1988 2921 2168 2978 peca-

514 2995 734 3048 torum.
758 2995 824 3048 Et
848 2991 1218 3048 accedebant
1265 2993 1346 3048 ad
1370 3008 1510 3048 eum
1538 2994 1737 3048 omnis
1758 2993 1982 3049 Jubseaa
2003 2995 2167 3064 regio

512 3084 568 3136 et
594 3080 1099 3152 Jerosolymitani,
1131 3087 1188 3135 et
1218 3081 1683 3153 baptizabantur
1712 3097 1925 3137 omnes
1952 3081 2013 3137 in
2037 3082 2167 3138 Jor-

511 3169 690 3236 dane,
720 3169 1071 3225 conﬁtentes
1094 3175 1340 3242 peccata
1361 3186 1472 3226 sua
1492 3171 1562 3226 ³¹.
1597 3193 1623 3218 ››
1658 3173 1917 3226 Rursum
1939 3173 2167 3226 Marcus

512 3273 618 3329 per
645 3257 980 3313 breviorem
1005 3259 1170 3313 viam
1209 3258 1497 3328 procedit,
1533 3263 1590 3314 et
1619 3259 1918 3315 distantia
1947 3259 2169 3329 colligit

511 3351 570 3400 et
594 3347 654 3400 in
675 3361 859 3401 unam
881 3347 1384 3403 vallemderivare
1397 3347 1629 3403 videtur
1653 3349 1775 3403 duo
1795 3349 2167 3420 baptismate

513 3439 571 3489 et
586 3434 712 3504 pari
733 3434 1517 3491 efﬁcaciai-ntroductorium
1540 3441 1596 3491 et
1614 3435 1947 3507 perfectum
1969 3443 2168 3493 osten-

515 3522 671 3576 dere.
689 3523 896 3577 Forsan
914 3522 1123 3591 aliquis
1138 3527 1338 3579 credot
1355 3524 1774 3595 Evangelistam
1790 3525 2168 3582 dicereJoan-

515 3610 610 3664 nis
631 3610 1007 3680 baptismum
1022 3614 1409 3682 peccatorum
1426 3613 1843 3668 remissionem
1862 3620 2164 3686 praestare.

518 3698 631 3754 Sed
648 3714 770 3754 non
784 3699 861 3754 ita
883 3704 990 3766 est,
1015 3715 1137 3754 non
1162 3699 1267 3754 ita.
1289 3703 1491 3755 Tantai
1505 3702 1664 3756 enim
1688 3701 1821 3756 fons
1841 3704 2044 3772 gratiae
2069 3720 2169 3760 so-

513 3786 607 3842 lus
620 3792 707 3843 est
719 3788 948 3843 domini
960 3788 1515 3860 baptismus.Verba
1528 3795 1726 3844 autem
1746 3791 1830 3846 sic
1847 3791 2168 3848 cohaerent:

521 3877 717 3932 «Venit
738 3879 1003 3933 Joannes
1024 3877 1344 3949 baptizans
1366 3878 1426 3933 in
1452 3878 1742 3934 deserto.»
1765 3883 1829 3934 Et
1849 3880 1945 3936 hic
1965 3881 2171 3937 distin-

515 3965 776 4022 ctionem
799 3966 1086 4037 interjice,
1105 3966 1307 4034 lector,
1327 3971 1618 4040 tanquam
1634 3967 1981 4040 baptismati
1999 3973 2172 4025 Joan-

516 4055 610 4110 nis
636 4055 893 4110 solidum
933 4072 1175 4112 murum
1207 4072 1484 4128 opponas
1510 4056 1776 4129 illudque
1804 4073 1840 4113 a
1867 4058 2173 4114 dominico

515 4143 877 4215 baptismate
901 4146 1204 4215 sejungas.
1237 4147 1455 4202 deinde
1481 4147 1623 4202 dicit
1651 4165 1665 4202 :
1701 4168 1728 4195 »
1755 4150 1821 4202 Et
1834 4149 2171 4219 praedicans

517 4231 892 4302 baptismum
949 4235 1314 4304 poenitentiae
1364 4236 1425 4289 in
1457 4236 1872 4291 remissionem
1907 4243 2172 4308 peccato-

2268 1754 2356 1800 καὶ
2384 1753 2535 1802 τέκνα
2562 1755 2756 1818 γνήσια
2785 1759 2875 1802 τοῦ
2925 1750 3229 1825 ἐπουρανίου
3281 1753 3482 1817 Πατρός
3523 1751 3758 1802 ἔσονται.
3827 1748 3884 1799 Εἰ

2271 1835 2323 1889 δ’
2355 1837 2436 1889 ἐπὶ
2473 1846 2568 1899 τῆς
2623 1845 2875 1914 προτέρας
2915 1847 3150 1912 μενοῦσι,
3207 1843 3296 1890 καὶ
3349 1833 3496 1897 αὖθις
3542 1837 3888 1896 παλαιώσεως

2270 1930 2358 1976 καὶ
2383 1927 2718 1998 χωλάνσεως,
2752 1931 2818 1989 ὡς
2851 1927 3107 2001 ἀλλότριοι
3157 1929 3262 1978 υἱοὶ
3315 1930 3404 1978 καὶ
3470 1929 3538 1987 ὡς
3586 1928 3742 1996 γενεὰ
3770 1945 3893 1977 σκο-

2271 2015 2359 2067 λιὰ
2388 2021 2475 2067 καὶ
2507 2013 2916 2092 διεστραμμένη,
2971 2014 3204 2082 ὄφιωδῶς
3237 2016 3462 2078 ἑλιξουσι
3494 2020 3588 2073 τὴν
3645 2021 3890 2090 πορείαν,

2275 2104 2357 2156 ἐπὶ
2383 2113 2454 2174 τῷ
2488 2108 2669 2163 στήθει
2719 2111 2809 2158 καὶ
2857 2114 2918 2178 τῇ
2953 2105 3125 2177 κοιλίᾳ
3177 2111 3531 2179 πορευόμενοι,
3597 2106 3751 2176 θυμῷ
3803 2109 3894 2154 καὶ

2273 2213 2671 2268 γαστριμαργιᾳ
2711 2200 2982 2270 χαίροντες
3016 2217 3028 2228 ·
3091 2193 3190 2247 ἀπὸ
3261 2203 3356 2255 τῆς
3388 2193 3676 2266 μελλούσης
3731 2193 3896 2266 ὀργῆς

2275 2283 2333 2333 ού
2389 2280 2786 2355 διαφευξοῡνται
2837 2305 2852 2319 ·
2893 2287 2918 2335 ὁ
2975 2287 3064 2356 μὲν
3101 2287 3198 2356 γὰρ
3255 2287 3412 2356 Θυμός
3468 2284 3669 2343 αὐτοῖς,
3711 2285 3898 2343 καθώς

2277 2392 2434 2443 φησιν
2466 2374 2491 2423 ὁ
2519 2369 2704 2442 Δαϐὶδ,
2738 2375 2874 2425 κατὰ
2903 2378 2996 2430 τὴν
3036 2375 3284 2445 ὁμοίωσιν
3314 2381 3406 2424 τοῦ
3445 2376 3599 2444 ὄφεως
3638 2379 3735 2423 τοῦ
3802 2370 3896 2422 ἀπ’

2279 2460 2450 2534 ἀρχῆς
2499 2460 2926 2534 ἀνθρωποκτόνου
2980 2484 2991 2495 ·
3043 2470 3104 2535 τῇ
3161 2458 3221 2514 δὲ
3273 2461 3602 2534 κοιλιομανίᾳ
3641 2465 3736 2512 καὶ
3799 2480 3896 2518 κη-

2280 2556 2410 2610 τώας
2461 2553 2637 2613 πάσας
2716 2556 2978 2622 γαστέρας
3073 2553 3514 2626 ύπερπεπαίκασι,
3599 2552 3707 2610 Τὰς
3785 2551 3893 2622 γὰρ

2281 2639 2450 2700 οἰκίας
2481 2647 2580 2691 τῶν
2634 2648 2820 2712 χηρῶν
2850 2641 3207 2702 κατεσθίοντες
3256 2636 3410 2709 ἦσαν,
3469 2643 3558 2690 καὶ
3614 2645 3734 2699 ταῖς
3790 2647 3896 2688 τῶν

2281 2727 2512 2800 ὀρφανῶν
2533 2736 2828 2802 συμφοραῖς
2856 2737 3195 2802 εντρυφῶντες
3225 2731 3274 2781 οἱ
3331 2728 3676 2800 ἀνελεήμονες.

2353 2817 2436 2870 ϐ’.

2279 2911 2369 2958 καὶ
2414 2910 2698 2980 κηρύσσων
2731 2906 3012 2980 βάπτισμα
3059 2912 3325 2980 μετανοίας
3363 2906 3433 2967 εἰς
3485 2908 3669 2978 ἄφεσιν
3722 2905 3900 2977 ἁμαρ-

2493 2839 2520 2863 κ
2577 2819 2808 2890 Ἐγένετο
2870 2819 3109 2880 Ἰωάννης
3158 2816 3432 2890 βαπτίζων
3486 2816 3533 2868 ἐν
3589 2824 3655 2889 τῇ
3708 2815 3898 2890 ἐρήμῳ

2209 2991 2248 3045 C
2279 3004 2422 3052 τιῶν.
2459 3002 2558 3048 Καὶ
2598 2995 2951 3070 ἐξεπορεύοντο
2989 3000 3120 3070 πρὸς
3171 2997 3326 3048 αὐτόν
3356 3002 3504 3048 πᾶσα
3554 2997 3584 3052 ἡ
3646 2992 3900 3047 Ἰουδαία

2277 3092 2433 3156 χώρα
2457 3089 2544 3136 καὶ
2588 3088 2636 3136 οἱ
2682 3085 3111 3158 Ἱεροσολυμῖται,
3157 3089 3244 3136 καὶ
3298 3083 3640 3145 ἐϐαπτίζοντο
3697 3086 3898 3144 πάντες

2278 3173 2326 3225 ἐν
2395 3183 2466 3244 τῷ
2524 3171 2784 3247 Ἰορδάνῃ,
2841 3173 3293 3248 ἐξομολογούμενοι
3344 3177 3438 3236 τὰς
3484 3173 3740 3247 ἁμαρτίας
3801 3174 3899 3225 αύ-

2277 3271 2396 3317 τῶν.
2456 3286 2483 3313 ››
2541 3263 2704 3316 Πάλιν
2758 3265 2784 3314 ὁ
2832 3266 3047 3336 Μάρκος
3091 3268 3184 3321 τὴν
3241 3263 3621 3336 ἐπιτομωτέραν
3668 3259 3894 3334 βαδίζει

2277 3356 2460 3404 καὶτὰ
2511 3349 2830 3410 διεστηκότα
2881 3355 3148 3414 συνάπτει,
3218 3357 3308 3403 καὶ
3364 3353 3429 3412 εἰς
3469 3356 3594 3424 μίαν
3650 3354 3893 3423 μισγάγ-

2277 3460 2418 3492 κειαν
2469 3437 2615 3492 δοκεῖ
2669 3444 3026 3512 μετοχετεύειν
3070 3444 3134 3492 τὰ
3209 3437 3304 3492 δύο
3363 3439 3732 3513 βαπτίσματα,
3795 3444 3889 3490 καὶ

2281 3526 2598 3601 ἱσοδύναμον
2646 3534 2838 3600 φαίνειν
2893 3533 2952 3580 τό
3003 3529 3345 3600 εἰσαγωγικὸν
3397 3537 3470 3599 τῷ
3507 3528 3819 3597 τελειωτικῷ
3874 3549 3887 3560 ·

2276 3623 2408 3678 ἴσως
2454 3621 2555 3691 γὰρ
2607 3623 2688 3679 τίς
2755 3618 3062 3676 οἰηθήσεται
3135 3619 3298 3690 λέγειν
3349 3621 3434 3669 τόν
3511 3617 3892 3689 εύαγγελιστήν

2279 3710 2461 3778 οἶφεσιν
2514 3708 2778 3782 ἁμαρτιῶν
2837 3713 3086 3780 παρέχειν
3141 3711 3198 3759 τὸ
3241 3714 3331 3759 τοῦ
3387 3707 3625 3759 Ἰωάννου
3689 3704 3892 3777 βάπτι-

2283 3816 2410 3869 σμα.
2453 3795 2591 3848 Ἀλλ’
2622 3796 2714 3847 ούκ
2746 3799 2857 3847 ἔστι
2911 3804 3085 3865 τοῦτο,
3117 3797 3209 3847 ούκ
3266 3798 3431 3852 ἔστιν,
3479 3803 3587 3857 Τῆς
3631 3798 3732 3867 γὰρ
3785 3816 3896 3847 τοι-

2281 3889 2442 3946 αύτης
2503 3889 2832 3956 πηγαστικὸν
2922 3888 3159 3958 χάριτος,
3226 3889 3377 3954 μόνον
3434 3885 3492 3933 τὸ
3545 3889 3896 3937 Δεσποτικόν.

2280 3972 2435 4044 Ἐχει
2469 3970 2526 4024 δὲ
2571 3973 2734 4034 οὕτως
2787 3975 2816 4030 ἡ
2851 3981 2941 4024 τοῦ
2995 3973 3146 4044 λόγου
3179 3971 3459 4024 ἀκολουθία
3493 3991 3505 4003 ·
3539 3992 3568 4017 ‹‹
3600 3971 3834 4041 Ἐγένετο
3869 3974 3894 4023 ὁ

2282 4061 2523 4123 Ἰωάννης
2565 4061 2838 4134 βαπτίζων
2865 4064 2912 4113 ἐν
2939 4070 2996 4133 τῇ
3029 4061 3202 4135 ἐρήμῳ
3237 4082 3248 4094 ·
3289 4081 3315 4109 ››
3361 4065 3450 4110 καὶ
3479 4059 3652 4122 στίξον
3711 4057 3842 4127 ὧδε,
3868 4063 3894 4111 ὁ

2284 4149 2672 4221 ἀναγινώσκων,
2733 4155 2826 4208 τὴν
2914 4156 3140 4224 στιγμὴν
3193 4153 3257 4210 ὡς
3309 4152 3474 4224 ἔρυμα
3519 4152 3767 4220 κραταιὸν
3821 4159 3894 4220 τῷ

2284 4247 2374 4290 τοῦ
2409 4241 2642 4292 Ἰωάννου
2701 4237 2996 4300 ἐπιστήσας
3063 4238 3414 4312 βαπτίσματι,
3467 4242 3555 4288 καὶ
3613 4238 3896 4309 ἀποτειχί-

519 4333 686 4382 rum;
711 4341 738 4368 »
769 4320 935 4391 quod
952 4327 1039 4376 est
1062 4322 1268 4377 Christi
1291 4323 1615 4394 baptisma.
1643 4326 2165 4395 Etpatetaliunde;

2285 4348 2376 4389 σας
2406 4336 2496 4381 τοῦ
2529 4336 2846 4381 Δεσποτικού
2881 4351 2893 4362 ·
2929 4327 3038 4381 εἶτα
3067 4329 3220 4400 λέγει,
3259 4351 3285 4378 ‹‹
3310 4333 3410 4380 Καί
3457 4330 3744 4399 κηρύσσων

518 4405 635 4459 illic
657 4407 817 4461 enim
837 4407 1064 4462 dictum
1087 4415 1195 4475 est,
1218 4411 1550 4481 Baptizans,
1575 4412 1636 4465 id
1657 4420 1967 4468 estactum
1989 4415 2173 4486 bapti-

519 4493 694 4547 zandi
718 4509 976 4564 operans
1001 4512 1015 4560 ;
1043 4496 1138 4550 hic
1171 4512 1312 4551 vero
1345 4497 1448 4551 ubi
1477 4499 1748 4557 remissio
1788 4505 1875 4555 est
1904 4508 2172 4572 peccato-

517 4597 676 4649 rum,
702 4581 1055 4648 Prmdicans,
1081 4588 1144 4638 ut
1162 4584 1236 4638 de
1253 4584 1452 4639 futuro
1471 4585 1657 4642 altero
1672 4587 2053 4658 baptismate,
2072 4608 2171 4647 cu-

515 4671 616 4742 jus
645 4686 844 4742 praeco
888 4677 1034 4737 erat,
1094 4676 1216 4727 non
1255 4679 1551 4745 operator.
1598 4679 1955 4748 Praeparatio
2007 4683 2165 4736 enim

520 4765 647 4817 erat
671 4761 917 4818 Joannis
944 4761 1249 4833 baptisma
1292 4764 1574 4820 Dominici
1610 4766 1986 4837 baptismatis
2018 4777 2075 4827 et
2107 4778 2168 4827 ut

517 4851 791 4923 quaedam
846 4853 1211 4924 praecursio;
1263 4858 1328 4909 ut
1370 4869 1492 4910 non
1546 4857 1732 4912 modo
1763 4874 1879 4914 vox
1909 4876 2165 4930 praecur-

517 4944 673 4996 reret
700 4940 908 5005 Verbo,
947 4941 1052 4997 sed
1086 4946 1144 4997 et
1180 4941 1532 5014 baptismati
1565 4945 1895 5018 baptisma.

516 5033 606 5081 κόν
662 5035 751 5082 καὶ
810 5031 916 5083 οἷόν
971 5051 1051 5092 τις
1103 5028 1518 5106 προοδοποίησις
1575 5056 1587 5067 ·

520 5137 650 5189 σμα.

588 5211 644 5262 Χ.
673 5231 701 5258 ‹‹
734 5212 866 5265 Erat
897 5215 1096 5268 autem
1116 5214 1375 5268 Joannes
1424 5214 1677 5270 vestitus
1706 5215 1841 5287 pilis
1874 5219 2085 5274 cameli
2114 5222 2170 5274 et

517 5310 670 5350 zona
691 5298 936 5368 pellicea
961 5301 1117 5356 circa
1137 5300 1380 5357 lumbos
1406 5302 1535 5371 ejus
1556 5305 1627 5360 ³³.
1652 5324 1680 5352 ››
1704 5304 1995 5360 Volebam
2012 5307 2165 5362 bene

517 5383 778 5440 cinctum
815 5386 981 5442 illum
1015 5394 1072 5444 et
1110 5390 1466 5446 instructum
1505 5391 1797 5448 viatorem
1848 5395 2162 5464 paululum

587 5598 635 5688 ἕο
665 5600 804 5680 Luc.
834 5601 955 5670 x111,
983 5605 1069 5658 35.
1163 5604 1208 5640 ’ί
1242 5607 1417 5664 Marc.
1441 5615 1483 5676 ι,
1508 5608 1562 5675 4,
1595 5610 1647 5662 5.
1743 5607 1791 5642 ³²
1822 5605 1974 5679 Ibid,
2003 5612 2061 5667 6ο

2281 4438 2488 4491 πτισμα
2515 4425 2786 4491 μετανοίας
2833 4419 2906 4481 εἰς
2962 4421 3145 4490 ἄφεσιν
3197 4417 3485 4492 ἁμαρτιῶν,
3514 4435 3544 4467 ›
3577 4418 3604 4468 ὁ
3655 4415 3770 4468 ἐστι
3832 4422 3890 4468 τό

2281 4516 2372 4560 τοῦ
2397 4517 2653 4582 Χριστοῦ.
2684 4508 2841 4567 Δῆλον
2873 4505 3040 4560 δὲκαὶ
3080 4507 3266 4575 ἄλλως,
3324 4506 3407 4558 ὃτι
3452 4504 3555 4556 ἐκεῖ
3601 4507 3692 4577 μὲν
3745 4509 3890 4580 εἰρη-

2280 4614 2366 4648 ται
2422 4601 2476 4649 τό
2538 4597 2830 4669 βαπτίζων,
2879 4602 3167 4663 τουτέστιν,
3218 4598 3429 4668 ἐνεργῶν
3471 4597 3530 4645 τό
3581 4591 3889 4664 βαπτιςειν,

2278 4683 2499 4738 ἐνταῦθα
2530 4682 2588 4737 δὲ
2616 4688 2743 4737 ὅπου
2777 4688 2805 4743 ἡ
2866 4693 2966 4736 τῶν
3013 4686 3276 4758 ἁμαρτιῶν
3327 4685 3508 4755 ἄφεσις
3567 4685 3626 4732 τό
3675 4685 3890 4756 κηρύσ-

2279 4794 2380 4826 σων
2412 4778 2476 4834 ὡς
2506 4773 2589 4826 ἐπὶ
2619 4775 2888 4845 μέλλοντος
2925 4774 3101 4848 ἑτέρου
3160 4771 3552 4846 βαπτίσματος,
3608 4789 3668 4821 ου
3718 4773 3894 4845 κῆρυξ

2278 4861 2358 4930 ἦν,
2387 4864 2513 4935 ούχὶ
2543 4863 2803 4924 τελεστής.
2868 4868 3230 4937 Προτοιμασία
3261 4865 3360 4936 γὰρ
3419 4857 3480 4918 ἦν
3555 4865 3643 4911 καὶ
3681 4879 3892 4932 προπα-

2274 4958 2505 5026 ρασκευὴ
2548 4956 2604 5004 τό
2644 4960 2736 5004 τοῦ
2769 4953 3002 5005 Ἰωάννου
3053 4951 3335 5024 βάπτισμα
3365 4953 3492 5024 πρὸς
3525 4951 3581 5000 τὸ
3629 4956 3894 5001 Δεσποτι-

1646 5038 1732 5087 ἵνα
1791 5041 1862 5108 μὴ
1923 5044 2075 5110 μόνον
2115 5047 2251 5113 φωνὴ
2287 5045 2554 5116 προτρέχη
2611 5051 2702 5094 τοῦ
2734 5047 2925 5114 Λόγου,
2965 5040 3093 5093 ἀλλὰ
3137 5046 3226 5092 καὶ
3258 5039 3629 5112 βαπτίσματος
3691 5036 3895 5110 βάπτι-

2351 5222 2411 5274 Γ.
2448 5243 2468 5269 α
2499 5220 2596 5272 Ἦν
2631 5217 2689 5272 δὲ
2719 5222 2743 5272 ὁ
2776 5221 3011 5279 Ἰωάννης
3048 5215 3384 5290 ἐνδεδυμένος
3439 5221 3630 5290 τρίχας
3704 5223 3894 5288 καμη-

2275 5308 2364 5360 λου
2396 5315 2484 5362 καὶ
2517 5311 2682 5370 ζώνην
2729 5306 3041 5382 δερματίνην
3097 5313 3216 5382 περί
3263 5312 3358 5364 τὴν
3407 5305 3569 5377 ὀσφὺν
3633 5307 3826 5365 αὐτοῦ,
3867 5329 3888 5356 ι

2274 5396 2588 5471 Ἐϐουλόμην
2619 5402 2706 5450 τόν
2739 5402 2954 5461 εὔζωνον
3010 5417 3190 5450 τουτον
3235 5401 3324 5448 καί
3378 5393 3602 5451 εὐσταλῆ
3668 5389 3894 5448 ὁδοιπό-
