2016 3154
74 160 137 186 757

699 160 845 193 nouum
864 160 901 195 in
921 160 970 189 ss.
992 160 1221 198 lNNQCENTES.

1720 164 1772 199 758

72 230 128 257 ρον
143 225 194 252 τῆς
216 225 309 252 στενῆς
330 231 358 248 τε
383 223 428 248 καὶ
455 221 623 257 τεθλιμμένη
650 223 743 257 μικρὸν
769 221 890 256 ἐπίσχςῖν

947 221 978 254 in
993 221 1050 250 hac
1066 224 1148 250 arcta
1163 224 1191 251 et
1205 223 1364 256 constricta
1380 222 1430 254 via
1445 222 1565 250 tardare
1580 223 1705 260 ejusque
1724 231 1773 260 ve—

73 267 127 291 καὶ
143 266 174 291 τὸ
192 265 272 291 αὐτοῦ
287 266 512 302 περιεργάσασθαι
527 264 636 302 ἔνδυμα,
661 268 706 291 καὶ
720 267 764 291 τὸν
783 267 891 301 ἱστουρ-

74 313 207 345 γήσαντα
221 309 369 340 ἐπιζητῆσαι
385 313 430 336 καὶ
446 309 493 337 διὰ
507 313 534 336 τί
559 315 659 347 τριχῶν
687 310 806 346 καμήλου
833 310 890 341 ἔξυ-

74 354 168 389 φεένθη
188 354 258 384 ξὼου
273 353 433 392 ἀκαθάρτου,
449 357 494 380 καὶ
520 354 583 390 οὐχὶ
608 354 703 390 μᾶλλον
732 354 801 391 ἐρίου
829 364 891 391 προ-

73 396 235 432 ϐατικοῦ,ἦ
259 398 380 434 μηλωτῆς
397 399 550 436 ὁλοκλήρου,
576 398 630 436 οἷον
655 397 685 428 ἦν
714 401 758 424 καὶ
787 400 815 424 τὸ
844 402 890 424 τοῦ

74 441 220 472 Θεσϐῆθεν
236 443 334 470 Ἠλιοῦ.
362 442 429 469 Ἀλλ’
457 441 547 471 ἐπτιδή
565 441 695 479 διακορεῖς
720 443 818 480 ὁρῶμεν
843 446 890 469 τοῦ

73 486 161 522 λόγου
178 490 316 523 γεγονότας
330 488 396 523 ὑμᾶς
408 490 454 513 καὶ
468 489 532 524 πρὸς
547 489 576 513 τὸ
590 491 672 523 μῆχος
693 490 740 517 τῆς
755 485 889 512 διδασκα-

71 531 135 561 λίας
153 531 363 567 ἰλιγγιάσαντας,
378 531 489 558 ἐνταῦθα
502 532 567 558 ὃπου
586 533 616 557 τό
643 531 785 560 ἀσκητικὸν
810 529 888 557 ἔνδυ-

72 586 114 612 μα
129 580 181 602 τοῦ
196 577 325 611 Ἰωάννου,
339 579 386 606 τήν
413 577 479 612 ὑφὴν
493 575 696 613 διοπερανοῡμεν
724 580 771 601 τοῦ
795 576 885 611 λόγου.

74 623 130 647 Καὶ
146 621 202 656 οὐχ
220 621 424 657 ὑπωπτεύσαμεν
450 621 484 651 εὶς
510 624 570 646 νοῦν
593 621 659 657 ὑμᾶς
684 620 825 656 συμϐαλεῖν
852 622 887 651 ὡς

72 665 101 696 ἐξ
130 665 247 701 ἀπορίας
270 664 455 702 ὰνερμὴνιυτον
484 667 513 691 τὸ
541 668 588 691 τοῦ
613 665 732 693 Ἰωάννου
754 662 887 702 παραδρά-

71 719 160 745 μομιν
177 708 287 745 ἔνδυμα,
310 712 377 746 μόνα
391 711 423 735 τὰ
438 713 492 740 τοῖς
518 712 599 735 πᾶσιν
628 709 742 737 εὔληπτα
770 707 885 734 διαλὺιιν

72 752 265 790 ὃεδυνημὲνοι,
295 756 340 780 καὶ
373 755 618 790 χαριεντιζομένους
642 753 735 789 λέγειν,
764 754 804 779 ὃτι
832 754 884 781 Τὴν

69 798 195 833 κάμηλον
213 800 343 831 κατ-ἔπιες,
377 800 439 828 τοὺς
468 802 516 828 τῆς
542 800 680 833 ἀναγωγῆς
707 799 766 834 περὶ
802 797 884 828 αὐτῆς

70 845 110 878 μὴ
124 845 289 879 προενεγκεῖν
303 846 350 869 τοῦ
366 845 495 878 στόματος
509 842 613 878 λόγους,
643 840 766 872 διΰλισας
794 839 824 868 δὴ
851 842 886 868 τὰ

947 266 1119 294 stimentum
1134 266 1305 301 observare,
1320 269 1347 294 et
1357 275 1426 294 eum
1440 267 1492 302 qui
1500 266 1573 294 illud
1581 270 1772 296 contexuerat

945 310 1139 345 interrogare,
1153 319 1206 339 cur
1225 319 1262 339 ex
1282 311 1349 347 pilis
1371 311 1477 339 cameli
1500 314 1673 339 contextum
1696 314 1769 347 erat,

945 355 1084 382 animalis
1097 355 1256 390 immundi,
1271 364 1323 383 nec
1338 355 1439 391 potius
1455 363 1491 383 ex
1505 355 1577 383 lana
1596 356 1696 389 ovina,
1719 360 1771 385 aut

944 399 1060 434 integra
1074 400 1162 427 cviua
1171 400 1257 436 pelle,
1271 400 1532 436 quemadmodum
1547 402 1611 427 erat
1625 400 1770 428 Thesbitee

945 444 1014 472 Elite
1028 443 1132 472 vestis.
1146 445 1203 472 Sed
1217 444 1363 481 quoniam
1374 443 1509 473 videmus
1520 452 1575 472 vos
1591 444 1700 472 nostris
1717 453 1770 472 ver

943 487 991 515 bis
1002 487 1135 522 satiatOs,
1157 488 1248 523 hujus
1270 487 1493 524 prmdiontionis
1523 489 1697 516 extensione
1726 488 1768 516 ia-

944 532 1061 566 tigatos,
1078 533 1125 560 hic
1137 533 1184 560 ubi
1194 533 1231 560 de
1241 533 1371 561 ascetico
1383 533 1506 562 Joannis
1518 533 1696 561 vestimento
1705 534 1766 568 agi-

942 578 1000 611 tur,
1013 577 1170 610 sermonis,
1181 577 1277 604 ordini
1287 577 1379 605 ﬁnem
1387 577 1592 613 imponemus.
1605 579 1704 613 Neque
1714 585 1767 606 no-

941 620 988 647 bis
998 621 1128 656 suspicio
1157 623 1201 648 est
1216 629 1271 649 vos
1286 622 1316 649 in
1327 623 1459 658 mentem
1473 621 1558 649 vobis
1570 621 1690 657 injicere
1709 629 1766 649 nus

940 672 977 693 ex
985 664 1151 700 indigentia
1160 673 1221 693 non
1231 665 1412 702 explicatum
1422 665 1545 693 Joannis
1553 666 1765 695 vestimentum

940 709 1176 745 praetermisisse,
1186 712 1332 745 tanquam
1345 717 1381 737 ea
1398 711 1515 738 tantum
1533 718 1601 746 qua
1612 710 1651 738 ab
1666 711 1765 738 omni-

939 753 996 781 bus
1007 753 1093 782 facile
1104 754 1273 789 capiuntur,
1285 754 1471 790 interpretari
1483 754 1634 790 possimus
1643 764 1652 790 ς
1666 762 1765 791 neque

939 797 1096 825 irridentes
1110 797 1225 825 dicere:
1242 798 1397 826 Camelum
1411 798 1584 833 deglutiisti,
1596 798 1714 826 nullum
1728 806 1765 827 ea

938 842 977 870 de
986 850 1018 870 re
1032 841 1225 872 institutionis
1238 842 1364 874 verbum
1381 849 1432 874 ore
1460 842 1627 878 proferens,
1655 842 1764 879 despu-

71 888 146 912 κατὰ
169 889 297 918 κώνωπας
320 890 501 923 σμικροπριπῆ
531 888 576 912 καὶ
603 886 712 914 εὐνόητα
739 888 857 921 νοήματα
875 896 881 902 ·

938 886 1027 914 masti
1041 889 1142 914 autem
1153 886 1286 919 sordida,
1300 889 1333 914 ut
1346 886 1465 920 culices,
1482 889 1510 914 et
1522 886 1624 914 faciles
1634 887 1765 922 cogitatu

72 932 202 967 οὔμενουν
228 932 294 957 οὕτω
320 933 490 967 ταχὺποπτος
516 930 566 966 ἐγὼ
596 933 641 956 καὶ
665 929 884 961 εὐσκανδάλιστος

73 976 109 1006 ὡς
130 975 166 1006 εἰς
180 980 240 1001 νοῦν
267 980 343 1002 τοῦτο
360 979 540 1012 περιαγαγεῖν,
559 976 676 1002 Πέποιθα
691 973 720 1000 δὲ
734 976 766 1005 ὡς
795 975 809 1003 ἡ
836 978 882 1000 τοῦ

74 1024 147 1046 Θεοῦ
174 1021 255 1057 χάρις
280 1021 427 1058 χαρίσαιτο
466 1021 529 1059 ἡμῖν
561 1020 642 1055 ἰσχὺν
672 1022 802 1057 γνώσεως,
836 1021 882 1045 καὶ

71 1064 160 1100 λόγων
174 1066 277 1102 τῦροιαν
300 1063 337 1097 εἰς
361 1064 483 1100 ὠφέλειαν
513 1067 561 1094 τῆς
587 1063 692 1099 ἀγάπης
722 1063 806 1100 ὑμῶν,
838 1065 882 1089 καὶ

69 1110 122 1139 τὰς
152 1110 283 1145 Γραφικὰς
314 1108 427 1146 ἀπορίας
452 1109 514 1144 ὑμῖν
543 1107 700 1144 διαλύσομεν
727 1108 789 1134 ὅσαι
821 1109 882 1138 τέως

71 1151 201 1189 διέφυγον
222 1155 283 1184 τοὺς
310 1154 494 1183 θεοπνεύστους
535 1154 651 1189 Ιιατίρας
677 1154 722 1177 καὶ
749 1150 881 1178 διδασκά-

69 1198 133 1228 λους
150 1209 156 1214 -
180 1200 256 1234 μόνον
275 1199 311 1234 μή
342 1196 534 1234 διαλιμπάνητι
558 1199 656 1228 πάσαις
682 1201 740 1228 ταῖς
756 1198 881 1233 κυριωνύ-

69 1252 135 1278 μοις
174 1246 224 1268 τῶν
253 1243 354 1278 ἡμερῶν
384 1242 496 1268 ἐνταῦθα
526 1241 758 1277 ἔκκλησιαζόμενοι
782 1244 827 1267 καὶ
856 1242 880 1267 ἄν

70 1289 138 1323 οἴκῳ
164 1288 249 1322 τούτῳ
274 1291 322 1317 τῆς
358 1290 404 1313 τοῦ
446 1290 513 1313 Θεοῦ
545 1289 638 1322 σοφίας
652 1286 817 1322 αὐλιζόμενοι
835 1289 881 1312 καὶ.

72 1335 126 1356 τῶν
159 1331 279 1367 θυμάτων
308 1331 388 1361 αὐτῆς
416 1335 641 1368 κατατρυφῶντις,
667 1333 713 1356 καὶ
736 1334 781 1356 τοῦ
817 1339 881 1366 κρα-

70 1380 154 1412 τῆρος
177 1375 332 1407 ἐκπίνοντες.
348 1378 399 1402 Καὶ
426 1377 477 1412 γὰρ
503 1375 560 1411 μεθ’
588 1375 690 1410 ὑψηλοῦ
718 1378 764 1400 τοῦ
781 1376 880 1411 κηρύγ-

71 1429 158 1456 ματος
188 1429 202 1445 ο
227 1419 335 1456 ἀχρεῖος
361 1420 442 1450 αὐτῆς
482 1418 574 1450 δοῦλος
600 1419 650 1455 ὶγὼ
681 1419 740 1445 καθ’
767 1418 879 1447 ἑκάστην

74 1466 213 1501 κυριακὴν
241 1464 394 1499 συγκαλέσω
419 1465 485 1500 ὑμᾶς
515 1463 557 1490 ἐπὶ
590 1466 634 1492 τὴν
672 1463 800 1490 ἑστίασιν.
829 1465 880 1489 Καὶ

73 1507 136 1537 δοίη
162 1510 256 1546 Κύριος
289 1518 303 1534 ο
325 1510 390 1539 Θιός
405 1509 470 1544 ὑμᾶς
491 1510 538 1534 σὺν
565 1507 619 1544 ἐμοὶ
639 1506 797 1543 δαιτυμονας
814 1509 880 1543 γενέ-

938 938 1137 964 sensus;non
1152 930 1229 958 adeo
1244 930 1322 958 male
1343 931 1490 967 suspicor,
1511 938 1566 958 nec
1587 933 1650 959 tam
1676 931 1763 959 facile

938 974 1123 1002 scandalizor
1139 977 1172 1002 ut
1185 975 1216 1002 id
1226 975 1256 1002 in
1272 975 1409 1002 animum
1419 975 1574 1003 inducam.
1597 976 1690 1011 Spero
1699 976 1761 1003 imo

936 1018 999 1047 fore
1015 1022 1046 1046 ut
1057 1019 1106 1048 Dei
1119 1018 1216 1053 gratia
1229 1019 1372 1052 largiatur
1382 1019 1470 1047 nobis
1484 1020 1542 1047 vim
1558 1019 1760 1054 cognoscendi

936 1066 965 1095 et
976 1062 1137 1098 eloquendi
1147 1062 1318 1091 facultatem
1331 1063 1362 1091 in
1377 1066 1480 1091 vesll‘te
1507 1063 1659 1092 charitatis
1682 1064 1761 1092 utili-

936 1108 1038 1138 tatem,
1055 1109 1083 1135 et
1094 1106 1252 1143 Scriptura
1270 1107 1460 1135 difﬁcultates
1485 1107 1571 1135 vobis
1595 1108 1759 1143 solvemus,

935 1159 1004 1187 quae
1014 1159 1110 1187 usque
1119 1151 1211 1179 modo
1222 1159 1241 1179 a
1255 1153 1314 1179 Deo
1328 1152 1491 1187 inspiratas
1506 1152 1608 1180 Patres
1622 1154 1650 1180 et
1664 1152 1759 1187 magi-

935 1197 1012 1223 stros
1028 1195 1187 1223 latuerunt.
1204 1195 1331 1223 Tantum
1349 1203 1386 1223 ne
1402 1195 1524 1223 cessetis
1539 1195 1681 1223 omnibus
1705 1197 1758 1224 Do-

936 1239 1054 1267 minicis
1063 1239 1169 1267 diebus
1183 1239 1242 1267 huc
1254 1240 1424 1271 convenire,
1431 1240 1496 1268 etin
1502 1239 1594 1268 hacce
1604 1240 1758 1276 sapientiae

935 1284 986 1312 Dei
998 1284 1090 1312 domo
1109 1284 1301 1318 commorari,
1330 1286 1358 1312 et
1372 1284 1437 1319 ejus
1463 1284 1590 1312 victimis
1618 1284 1759 1312 delectari

935 1328 1059 1364 ejusque
1073 1328 1216 1364 poculum
1224 1328 1326 1356 bibere
1333 1350 1340 1355 .
1356 1330 1416 1363 Ego
1427 1329 1508 1356 enim
1517 1328 1635 1357 excelso
1645 1337 1758 1365 praeco-

934 1373 985 1400 nio
995 1372 1107 1400 inutilis
1116 1373 1181 1407 ejus
1188 1381 1291 1400 servus
1301 1373 1425 1407 singulis
1435 1373 1596 1401 Dominicis
1609 1373 1648 1401 ad
1660 1374 1759 1402 convi-

935 1417 1016 1445 vium
1030 1425 1083 1445 vos
1098 1417 1302 1452 congregabo.
1328 1419 1381 1445 Det
1402 1420 1503 1445 autem
1533 1418 1678 1446 Dominus
1701 1426 1757 1446 vos

934 1469 1054 1489 mecum
1064 1461 1190 1489 caelestis
1201 1463 1229 1489 et
1244 1464 1361 1489 eterna;
1376 1469 1489 1489 mensae
1500 1462 1641 1490 convivas
1652 1462 1716 1490 ﬁeri
1729 1465 1758 1490 et

934 1506 1016 1541 regni
1037 1506 1180 1533 caelorum
1197 1506 1305 1541 dignos
1321 1513 1387 1534 esse
1399 1514 1405 1539 ;
1416 1505 1500 1542 quod
1512 1506 1629 1533 utinam
1648 1513 1756 1534 omnes

74 1554 140 1579 σθαι
154 1556 201 1584 τῆς
221 1553 342 1590 οὐρανίου
356 1555 401 1579 καὶ
431 1550 584 1588 ἀδιαδόχου
603 1552 734 1589 τραπέζης
760 1554 804 1578 καὶ
832 1555 896 1588 τῆς(

938 1558 988 1578 vos
1000 1550 1207 1586 assequamini
1222 1550 1317 1585 gratia
1332 1553 1359 1578 et
1375 1550 1508 1578 bonitate
1521 1550 1613 1578 Patris
1638 1552 1666 1578 et
1694 1550 1756 1578 Filii

73 1597 211 1634 βασιλείας
235 1597 378 1629 ἀξιωθῆναι
396 1601 447 1623 τῶν
464 1597 578 1634 οὐρανῶν
603 1607 609 1614 -
639 1597 670 1627 ἧς
687 1599 786 1632 γένοιτο
814 1598 876 1622 πὰν-

72 1652 119 1672 τας
160 1643 230 1677 ὑμᾶς
259 1641 394 1677 ἐπιτυχεῖν
433 1643 528 1678 χάριτι
557 1644 601 1667 καὶ
627 1641 807 1677 φιλανθρωπίᾳ
832 1644 877 1667 τοῦ

71 1687 187 1723 Πατρός,
201 1689 247 1712 καὶ
263 1690 309 1712 τοῦ
324 1687 395 1721 Υἱοὺ,
415 1688 459 1712 καὶ
473 1689 519 1712 τοῦ
549 1685 626 1721 ἁγίου
656 1686 804 1721 Πνεύματος
830 1688 878 1716 τῆς

934 1597 962 1623 et
978 1595 1104 1631 Spiritus
1125 1594 1229 1628 sancti,
1247 1594 1356 1630 quibus
1373 1602 1434 1622 una.
1447 1594 1589 1622 Divinitas
1604 1595 1632 1622 et
1648 1601 1756 1622 unum-

932 1647 1070 1674 regnum,
1087 1639 1134 1667 cui
1148 1639 1285 1667 convenit
1298 1639 1397 1667 omnis
1413 1639 1518 1674 gloria,
1530 1639 1627 1667 honor
1639 1641 1668 1668 et
1682 1639 1755 1668 ado-

931 1684 1007 1712 ratio
1022 1691 1102 1712 nunc
1115 1684 1183 1712 etin
1193 1683 1309 1712 inﬁnita
1319 1684 1439 1713 saecula.
1454 1686 1558 1712 Amen.

67 1734 130 1767 μιᾱς
160 1733 286 1760 Θεότητός
315 1740 342 1757 τε
360 1733 405 1756 καὶ
439 1729 584 1766 βασιλείας,
601 1731 724 1766 πρέπει
757 1732 830 1755 πᾶσα
851 1727 926 1764 δόξα,
952 1731 1015 1765 τιμὴ
1046 1731 1091 1754 καὶ
1115 1730 1293 1765 προσκύνησις
1308 1732 1352 1754 νῦν
1376 1731 1422 1755 καὶ
1444 1728 1481 1760 εἰς
1515 1730 1577 1759 τοὺς
1619 1728 1755 1758 ἀτελευτή-

70 1784 132 1806 τους
147 1775 252 1806 αἰῶνας.
269 1775 362 1811 Ἀμήν.

333 1983 477 2011 Germani
489 1983 609 2012 decreta
620 1983 756 2019 quedam
770 1983 928 2018 synodalia
943 1983 1010 2011 vide
1022 1983 1054 2010 in
1070 1986 1147 2010 tomo
1161 1982 1271 2015 CXIX,
1288 1982 1345 2009 col.
1365 1983 1418 2009 795
1432 1988 1495 2016 sqq.

681 2253 780 2278 ANNO
803 2253 933 2278 DOMINI
956 2253 1140 2278 MCC-XLVIII

176 2406 617 2483 MANUEL
656 2407 731 2482 Π
772 2406 917 2485 GP.
961 2405 1645 2482 PATRIARCHA

69 2573 164 2603 Pater
192 2572 237 2602 Le
265 2573 367 2610 Quieti
395 2573 424 2602 in
460 2572 592 2603 Orientis
613 2572 782 2603 Christiani
808 2575 884 2603 tom.
913 2572 937 2603 Ι.
961 2582 992 2612 ρ.
1015 2573 1087 2608 286,
1111 2572 1183 2603 huic
1213 2572 1353 2603 Manueli
1383 2572 1512 2601 decreta
1538 2570 1649 2602 tribuit
1675 2580 1747 2611 qum

528 2621 739 2652 Leunclavius
761 2622 903 2653 Manueli
927 2621 1133 2660 Charitopulo
1156 2622 1296 2652 ascribit.
