4032 6308
179 339 294 397 761
1394 338 1486 396 DE
1515 330 1771 396 DlVINIS
1797 324 2196 397 NOIINIBUS.
2224 365 2293 380 -
2321 337 2638 398 MONITUM
3226 363 3231 369 ’
3455 346 3561 404 762

179 463 484 538 Ejusdem
503 462 804 525 οἰακιστὶκῆ
814 485 837 529 ς
855 463 1048 543 ψυχῶν
1076 462 1447 527 ὐποτυπώίιως
1486 461 1670 542 βιϐλία
1720 482 1771 539 τε

1966 462 1974 476 ’
2025 462 2315 540 ίρμηνιίας,
2345 463 2795 535 gubernatricis
2840 464 3186 526 animarum
3230 465 3558 542 hypotypo-

177 568 317 616 secs
331 553 479 611 libri
498 560 617 614 tres
628 570 762 613 cum
777 555 1164 626 expositione.
1188 556 1327 612 Puts
1339 556 1545 612 tamen
1562 552 1799 613 titulum
1828 552 2211 625 mendosum,
2226 557 2284 611 et
2300 553 2469 629 quod
2494 554 2703 615 Leonis
2724 554 3107 630 imperatoris
3118 559 3226 628 est,
3247 558 3559 619 Theodoro

178 641 377 704 tribui
396 643 684 716 Ejusdem
705 643 963 721 ἑγκῶμιον
988 646 1056 706 εἰς
1079 646 1167 698 τόν
1197 644 1347 717 ἅγιον
1392 645 1638 723 μάρτυρα
1678 648 1770 717 Τρτ

2003 643 2276 701 laudatio
2331 645 2394 700 in
2450 650 2727 702 sanctum
2772 651 3100 719 martyrem
3156 648 3557 721 Tryphonem.

178 734 255 792 ln
280 732 600 795 Vaticana.
640 732 928 807 Ejusdem
981 733 1049 796 si;
1093 736 1183 788 τὸν
1238 732 1613 808 εὐαγγελισμον
1656 740 1754 796 τῆς

1965 736 2092 799 mou,
2112 737 2202 787 καὶ
2245 737 2490 806 περὶτῆς
2534 732 2970 807 ἕνανθρωπήσεως
3030 742 3125 788 τοῦ
3174 741 3368 811 Κυρίου
3412 740 3557 812 ἡμῶν

180 821 376 881 Ἰησοῦ
403 830 640 900 Χριστοῦ
665 824 730 880 in
755 825 1279 882 annuntiationem
1297 824 1594 897 Deiparae,
1624 828 1680 880 et
1708 822 1772 880 de

1961 822 2230 880 matione
2256 821 2501 880 Domini
2524 824 2718 880 nostri
2743 825 2884 881 Jesu
2905 823 3221 885 Christt.P.
3238 831 3373 888 Νοῦς
3383 831 3553 900 μέντοι

175 930 240 985 γε
273 910 506 988 βροτῶν,
548 914 639 969 κοίὶ
662 910 873 968 διάνοια
893 921 969 986 τῷ
998 912 1116 968 καθ’
1139 916 1275 988 ἡμᾶς
1298 913 1587 988 μιγνύμενα
1615 931 1669 966 τι
1688 916 1767 966 κᾶῖ

1966 914 2157 985 τόμινα.
2204 911 2461 970 Sccriaci
2490 916 2547 969 et
2600 912 2663 969 in
2718 911 3024 976 Vaticana.
3084 912 3372 985 Ejusdem
3425 937 3558 990 χαι.

176 1004 441 1074 ρετισμός
488 1001 561 1066 εἰς
602 1008 691 1065 τήν
743 1006 1014 1074 Θιότὸκον,
1052 1008 1218 1057 κανών
1273 1001 1589 1077 ψαλλόμενος
1637 1000 1709 1064 εἰς
1755 1005 1845 1061 τὴν
1881 1003 2387 1077 θαυματουργοῦσαν
2441 1001 2612 1055 εἰκόνοὶ
2695 1010 2790 1065 τῆς
2864 1005 3119 1057 Θιοτόκου
3176 1006 3225 1057 ἓν
3274 1002 3435 1076 ᾠδαῖς
3487 1027 3554 1065 η,

174 1095 398 1166 Έτερος
445 1096 611 1147 κανών
655 1091 966 1167 ψαλλόμινος
1013 1112 1086 1154 st;
1128 1092 1237 1165 [τόν
1280 1090 1561 1147 ἁκὰθιστον
1581 1093 1738 1165 ὕμνον

1962 1095 2216 1159 )εοτόκου,
2247 1091 2535 1149 salutatio
2568 1091 2631 1148 in
2661 1092 2997 1162 Deiparam,
3057 1107 3252 1150 canon
3284 1096 3393 1167 qui
3417 1110 3554 1152 con—

178 1179 488 1237 ciniturin
510 1180 833 1253 imaginem
856 1182 1138 1253 Deiparce
1160 1182 1473 1240 miraculis
1498 1180 2037 1251 conspicuam,odis
2062 1186 2211 1237 octo.
2229 1179 2434 1237 Ganon
2456 1180 2563 1252 qui
2582 1182 2826 1265 canitur
2844 1181 2908 1237 in
2929 1180 3247 1239 acathisto.
3272 1182 3552 1259 Ejusdem

174 1270 565 1338 processione
596 1270 862 1341 Spiritus
906 1271 1108 1329 sancti
1155 1275 1369 1329 contra
1420 1271 1667 1327 Latinos
1725 1289 1765 1324 π

1960 1277 1995 1334 ig
2051 1269 2395 1346 ἕκπορεύςιως
2443 1276 2537 1323 τοῦ
2580 1269 2732 1347 ἁγίου
2787 1271 3084 1343 Πνιάματος
3122 1273 3259 1325 κατὰ
3322 1277 3552 1327 Λατίνων

180 1357 454 1415 Scoriaci
478 1359 540 1415 in
559 1359 747 1430 regia.
776 1358 995 1431 legitur
1019 1365 1310 1434 praeterea
1338 1359 1611 1432 ejusdem
1638 1359 1701 1417 in
1720 1357 1772 1416 bi

1959 1359 2099 1417 necis
2149 1358 2364 1417 Italicis
2414 1363 2766 1435 χαιρστισμός
2810 1364 2881 1423 είς
2928 1365 3024 1421 τὴν
3070 1360 3357 1435 ὑπεραγίαν
3422 1370 3551 1417 Θεο-

176 1450 364 1517 τόκον,
393 1448 681 1508 salutatio
708 1448 773 1507 in
816 1450 1245 1510 sanctissimam
1269 1450 1621 1521 Deiparam.
1675 1456 1734 1520 P,

1977 1448 2280 1526 ἱλαστήριον
2310 1457 2527 1523 χυχῶν,
2546 1450 2965 1526 παρθωομῆτορ,
3008 1451 3184 1527 χαράν
3214 1453 3244 1512 ἠ
3276 1454 3547 1511 κυήσασα.

1270 1812 1809 1907 NOTITIA
1917 1812 2484 1907 ALTERA.

1533 1994 1708 2072 (Cave
1745 1994 1846 2055 ad.
1886 2009 1985 2056 an.
2028 1996 2207 2068 1255).

255 2253 606 2313 Theodorus
632 2254 921 2324 Lascaris,
943 2253 1167 2326 junicr,
1198 2255 1394 2313 Ducas
1420 2257 1603 2312 etiam
1631 2253 1849 2324 dictus,
1880 2256 2017 2312 ortu
2047 2254 2346 2327 Niceenus,
2376 2254 2670 2315 Theodori
2699 2254 2971 2327 senioris,
2997 2255 3102 2329 qui
3131 2258 3311 2329 capta
3339 2271 3377 2314 a
3404 2258 3552 2316 Lati-

176 2344 282 2401 nis
300 2342 816 2417 Constantinopoli
845 2342 1080 2417 imperii
1112 2343 1319 2401 sedem
1343 2343 1603 2401 Nicaeam
1634 2343 2038 2413 transtulerat,
2070 2352 2157 2402 ex'
2195 2346 2363 2402 lrene
2409 2345 2534 2403 ﬁlia
2584 2360 2799 2419 nepos,
2854 2344 3104 2402 Joannis
3134 2347 3310 2403 Ducas
3358 2348 3554 2405 Irenes

182 2434 467 2503 coniugis
482 2437 539 2489 et
553 2431 849 2491 Theodori
877 2432 1242 2492 successoris
1263 2431 1424 2492 ﬁlius
1452 2437 1601 2490 natu
1631 2432 1847 2505 major,
1886 2434 2044 2508 patri
2069 2434 2129 2492 in
2163 2433 2416 2509 imperio
2437 2434 2725 2493 successit
2767 2449 2872 2493 an.
2904 2438 3058 2491 1255.
3082 2437 3229 2492 Rem
3272 2436 3554 2493 adversus

184 2521 842 2593 Bulgaros,'l‘hessalos,
872 2521 1146 2596 aliosque
1166 2521 1402 2595 imperii
1420 2522 1622 2580 hostes
1644 2522 1760 2579 fere
1786 2538 1894 2596 per
1916 2523 2210 2581 tiennium
2240 2523 2485 2582 feliciter
2515 2524 2654 2596 egit,
2681 2539 2895 2581 verum
2922 2522 3165 2581 inﬁrma
3212 2522 3554 2582 valetudine

182 2612 540 2684 morbisque
559 2610 803 2679 fractus,
822 2610 1092 2668 habitum
1118 2610 1539 2668 monachalem
1563 2610 1778 2681 induit,
1797 2616 1855 2669 et
1881 2612 1944 2669 in
1966 2612 2438 2686 Sydandronum
2467 2614 2926 2681 monasterium,
2945 2617 3013 2671 ut
3039 2628 3152 2670 nos
3180 2613 3354 2670 docet
3373 2615 3558 2669 Doro.

183 2701 363 2758 theus
392 2700 935 2758 Monembasiensis
958 2700 1046 2773 (a)
1076 2700 1160 2773 (in
1181 2700 1482 2772 Magnesia
1499 2700 1563 2758 id
1591 2700 1772 2758 situm
1819 2703 1971 2774 erat)
2036 2702 2304 2772 secessit,
2343 2702 2550 2777 ibique
2594 2703 2777 2759 breve
2822 2701 2991 2775 quod
3054 2702 3187 2759 vitae
3245 2702 3552 2769 remansit,

184 2795 430 2864 tempus
459 2790 960 2848 consummandae
992 2790 1357 2864 poenitentiae
1387 2795 1443 2847 et
1471 2790 1593 2847 otio
1611 2790 1714 2864 pio
1743 2806 1816 2847 ac
1843 2789 2128 2848 litterario
2156 2792 2545 2849 consecravit.
2579 2791 2867 2863 Regnavit
2894 2805 3089 2847 annos
3140 2794 3194 2860 3,
3234 2789 3556 2847 defunctus

185 2896 352 2938 anno
387 2884 542 2943 £259,
570 2880 760 2937 aetatis
788 2884 878 2937 36.
910 2879 1190 2953 Princeps
1218 2879 1469 2936 omnino
1516 2881 1806 2950 eruditus,
1864 2880 2095 2937 meliori
2146 2884 2304 2937 sorte
2344 2880 2687 2954 saeculoque
2733 2879 2978 2950 dignus.
3024 2881 3189 2936 Certe
3249 2894 3559 2935 summum

186 2970 320 3041 ejus
344 2973 475 3027 tum
506 2969 569 3025 in
593 2969 900 3042 pietatem,
933 2973 1061 3026 tum
1082 2969 1144 3025 in
1173 2984 1302 3025 rem
1329 2967 1679 3027 litterariam
1709 2968 1976 3027 studium
1995 2985 2072 3027 ex
2099 2969 2293 3043 ipsius
2312 2970 2581 3026 nummis
2614 2968 2975 3042 imperiique
3012 2967 3350 3039 insignibus
3392 2968 3558 3024 lucu-

183 3043 382 3118 lenter
407 3065 659 3127 constat,
687 3058 747 3116 in
775 3058 999 3133 quibus
1030 3057 1240 3116 dextra
1268 3073 1531 3119 crucem.
1553 3059 1789 3116 sinistra
1818 3058 2103 3116 volumen
2126 3062 2335 3117 tenens
2359 3057 2737 3125 describitur,
2768 3056 2896 3115 Vid.
2945 3056 3016 3113 cl.
3073 3060 3129 3113 et
3164 3055 3369 3112 litteris
3439 3071 3560 3113 non

192 3151 400 3208 minus
425 3165 610 3223 quam
643 3148 929 3220 dignitate
958 3148 1248 3205 illustrem
1272 3151 1336 3205 D.
1363 3148 1446 3204 du
1474 3150 1686 3205 Fresne
1706 3150 1926 3205 Famit.
1961 3149 2199 3220 byzant.
2241 3164 2364 3223 pag
2418 3153 2545 3205 223.
2616 3146 2862 3220 Scripsit
2910 3148 3040 3218 jam
3086 3145 3422 3203 monachus
3478 3145 3559 3202 ad

190 3239 492 3296 Joannem
513 3238 871 3313 episcopum
896 3239 1299 3296 Coronensem
1326 3236 1628 3309 prolixum
1659 3238 1803 3296 satis
1835 3244 2161 3296 tractatum
2200 3238 2481 3295 adversus
2508 3237 2755 3293 Latinos
2801 3235 2874 3292 de
2901 3235 3279 3305 processione
3304 3234 3558 3303 Spiritus

191 3332 411 3386 sancti.
444 3331 643 3384 Exstat
675 3343 789 3395 ms,
820 3325 929 3383 sed
955 3326 1245 3383 mendose
1274 3331 1576 3396 exaratns,
1604 3330 1662 3383 et
1683 3328 1746 3383 in
1765 3326 1887 3383 ﬁne
1915 3327 2185 3383 multilus
2210 3327 2274 3383 in
2316 3325 2680 3383 bibliotheca
2736 3323 2871 3382 coll.
2919 3324 3105 3380 Gonv.
3156 3326 3215 3380 et
3268 3322 3390 3380 Caii
3410 3324 3559 3379 Can-

191 3418 320 3474 tab.
361 3417 618 3474 Titulum
680 3421 737 3473 et
802 3416 1142 3489 prologum,
1203 3431 1357 3488 quos
1405 3416 1467 3471 in
1519 3431 1697 3472 usum
1757 3432 1964 3473 meum
2018 3416 2335 3489 descripsit
2375 3419 2440 3472 D.
2501 3415 2895 3484 Whartonus,
2950 3415 3147 3469 Graece
3225 3411 3323 3468 hic
3413 3411 3556 3468 sub-

187 3507 471 3582 jungam:
536 3502 815 3580 Θεοδώρου
896 3513 1135 3578 μοναχοῦ
1199 3512 1291 3557 τοῦ
1347 3506 1592 3579 Λοξσκαρι
1691 3504 1838 3577 λόγος
1908 3504 2284 3567 ἁπολολητικός
2368 3509 2496 3580 πρὸς
2586 3508 2673 3557 τὸν
2742 3502 3024 3556 ἐπίσκοπον
3106 3506 3343 3577 Κορώνης
3429 3503 3561 3554 κατὰ

191 3605 294 3648 τῶν
349 3594 575 3663 Ἰταλῶν,
624 3598 787 3667 ἤγουν
837 3598 974 3648 κατὰ
1044 3601 1146 3648 τῶν
1222 3599 1457 3647 Λατίνων
1547 3598 1668 3668 περί
1757 3601 1849 3647 τοῦ
1919 3597 2219 3667 Πνεύματος
2294 3600 2388 3647 τοῦ
2468 3592 2641 3666 ἁγίου.
2729 3586 2944 3649 Ἐπειδὴ
3036 3589 3295 3663 ἐρώτησιν
3370 3591 3557 3661 ὑπαγά-

195 3684 314 3738 ϐετο
343 3686 375 3744 ἡ
406 3684 654 3760 βασιλεία
678 3704 779 3757 μου
801 3687 929 3760 πρός
960 3687 1037 3754 σέ,
1066 3681 1369 3757 ὧὶὲρώτατε
1416 3682 1666 3735 ὶπίσκοπε
1706 3689 1969 3758 Κορώνης,
2021 3684 2459 3757 ἀπολογήσασθαι
2512 3691 2574 3756 τῇ
2628 3681 2876 3757 βασιλείᾳ
2929 3698 3053 3752 μου,
3103 3681 3242 3741 ὅπως
3298 3682 3329 3739 ἠ
3382 3679 3561 3751 ἁγιω-

196 3776 329 3833 τάτη
388 3781 480 3827 τοῦ
540 3774 674 3827 θεοῦ
731 3772 930 3846 μεγάλη
970 3773 1261 3831 Ἐκκλησία
1301 3774 1331 3831 ἡ
1382 3771 1712 3845 πρεσϐυτέρα
1766 3778 1937 3846 ιΡὼμη
1999 3770 2306 3846 ὃογματιζει
2356 3778 2475 3846 περὶ
2526 3782 2623 3835 τῆς
2669 3772 3014 3849 ἕκπορεύσεως
3059 3781 3150 3828 τοῦ
3204 3770 3355 3843 ἁγίου
3406 3770 3561 3821 Ilvst-

198 3884 359 3939 ματος
379 3884 471 3917 και
525 3862 805 3936 ἀπολογίαν
860 3865 977 3917 ἔθου
1034 3866 1179 3938 παρὰ
1217 3867 1306 3922 τὴν
1366 3861 1639 3936 βασιλιίαν
1686 3881 1807 3935 μου,
1864 3864 1948 3915 ὅτι
1998 3865 2028 3921 ἡ
2088 3860 2353 3934 ἀγὶωτάτη
2404 3869 2497 3915 τοῦ
2570 3870 2703 3915 Θεοῦ
2782 3865 2977 3935 μεγάλη
3008 3863 3021 3884 ’
3073 3861 3344 3919 Εκκλησία
3396 3856 3560 3917 οὕτως

203 3957 415 4008 σούεται
446 3951 728 4027 [συνίεται]
772 3959 891 4028 περὶ
947 3961 1044 4015 τῆς
1091 3951 1445 4025 ἐκπορνὺσεως
1493 3958 1585 4004 τοῦ
1653 3950 1806 4024 ἁγίου
1856 3955 2171 4024 Πνεύματος,
2230 3954 2299 4015 ὡς
2347 3951 2405 4004 οὐ
2459 3955 2610 4024 μόνον
2650 3949 2706 4004 ἐκ
2752 3960 2845 4004 τοῦ
2896 3955 3097 4027 Πατρός
3149 3953 3262 4021 ἔχει
3336 3951 3423 4004 τὴν
3481 3943 3559 3996 ἐκ·

199 4063 473 4118 πορευσιν,
504 4042 633 4096 ἀλλὰ
651 4047 740 4095 καί
769 4041 825 4094 ἐκ
849 4048 943 4095 τοῦ
974 4044 1119 4107 Υἰοῡ,
1152 4040 1488 4113 ἁπολογεῖταί
1514 4061 1600 4095 σοι
1629 4042 1660 4100 ἠ
1719 4033 1965 4115 βασιλιία
2001 4060 2102 4114 μου
2173 4042 2253 4093 ὅτι
2319 4043 2348 4099 ἡ
2414 4041 2532 4092 καθ’
2598 4042 2734 4113 ἡμᾶς
2796 4038 3058 4112 ἁγιωτάτη
3149 4044 3242 4091 τοῦ
3300 4034 3434 4090 Θεοῦ
3471 4052 3556 4106 με·

199 4133 334 4207 γάλη
372 4132 675 4198 Ἐκκλησία,
702 4133 875 4195 καθώς
942 4131 1138 4204 μέλλεις
1185 4136 1441 4203 γνωρίσαι
1501 4128 1556 4183 ἔκ
1621 4138 1723 4183 τῶν
1786 4135 2056 4205 κατωτέρω
2103 4130 2472 4202 ῥηθησομένων
2525 4129 2789 4203 ἐγγράφων
2860 4137 3158 4204 μαρτυριῶν
3233 4130 3323 4179 καί
3355 4126 3557 4199 ῥήσεων

202 4221 569 4295 ιῦαγγελικῶν,
659 4226 718 4274 τό
836 4227 1046 4294 Πνιῦμα
1094 4224 1152 4273 τό
1251 4219 1397 4293 ἆγιον
1487 4219 1543 4272 ἐκ
1581 4228 1672 4274 τοῦ
1712 4224 1919 4293 Πατρός
1959 4224 2049 4271 καί
2078 4224 2236 4292 μόνον
2264 4218 2634 4291 ἐκπορεύεσθαι
2666 4216 2994 4291 δογματίζει,
3029 4217 3084 4271 ἐκ
3107 4223 3199 4270 τοῦ
3228 4214 3352 4269 Υἰοῦ
3383 4210 3442 4265 δέ
3465 4211 3558 4265 οὐκ

202 4312 577 4387 ἐκπορεύεσθαι
621 4315 712 4385 μέν
761 4313 944 4385 φαμὶν,
1010 4307 1104 4363 διὰ
1140 4317 1232 4363 τοῦ
1280 4310 1403 4363 Υἱοῦ
1467 4306 1526 4363 δὲ
1574 4311 1932 4385 χορηγεῖσθαι
1982 4311 2109 4377 ἡμῖν
2173 4312 2299 4383 πρὸς
2362 4309 2621 4383 κάθαρσιν
2669 4312 2761 4360 καί
2812 4306 3093 4380 ἁγιασμόν,
3133 4310 3223 4359 καί
3250 4304 3559 4374 πιστεύομεν

199 4406 291 4455 καί
322 4398 628 4473 δοξάζομεν·
653 4400 712 4461 ἃς
759 4396 827 4458 δὴ
895 4403 1127 4473 χρήσεις
1184 4396 1526 4471 ἀναλεξαμένη
1583 4401 1613 4457 ἡ
1670 4397 1916 4471 βασιλεία
1970 4418 2069 4471 μου
2121 4402 2411 4470 συντόμως,
2469 4405 2532 4470 τῇ
2596 4405 2661 4469 σῇ
2726 4398 3080 4473 παρατιθησιν
3131 4396 3376 4471 ἰερότητι·
3434 4390 3562 4464 ’Ἃρ-

201 4510 358 4564 χεται
389 4486 522 4542 δὲέκ
552 4496 647 4551 τῆς
687 4489 1058 4549 αὖτοαληθείας
1088 4487 1270 4548 αὐτῆς
1332 4488 1486 4540 καλὸν
1546 4508 1645 4561 γαρ
1698 4490 1750 4540 ἑκ
1800 4494 1934 4541 Θεοῦ
2004 4487 2051 4539 τ’
2095 4485 2382 4561 ἄρχεσθαι,
2432 4491 2523 4538 καί
2584 4490 2653 4548 si;
2702 4489 2830 4541 Θεὸν
2884 4487 3245 4540 ἀναπαύεσθαι
3302 4482 3356 4536 ι‹”
3421 4491 3559 4536 Οταν

204 4577 263 4632 6":
284 4578 403 4637 £1912
427 4579 452 4630 ὁ
476 4578 817 4653 Harpalum;
843 4579 897 4631 ὄν
926 4580 1028 4649 ὶγὼ
1051 4576 1240 4650 πέμψω
1261 4577 1381 4650 ὑμῖν
1416 4599 1443 4627 »ι
1502 4577 1695 4647 Pergit
1753 4576 2038 4649 deinceps
2094 4574 2538 4632 illustrissimus
2595 4578 2805 4633 auctor
2855 4575 3026 4632 varia
3073 4591 3260 4632 sacras
3302 4575 3560 4648 Scriptu-

202 4684 284 4725 τω
312 4668 448 4723 loca
471 4668 852 4741 plurimaque
878 4665 979 4724 SS.
1014 4669 1253 4723 Patrum
1285 4666 1625 4722 testimonia
1654 4665 1940 4743 proferre,
1966 4680 2104 4740 quas
2132 4663 2381 4738 quidem
2410 4667 2582 4721 acute
2609 4664 2757 4722 satis
2779 4679 2991 4737 urgere
3030 4664 3195 4723 solet.
3249 4665 3360 4737 (De
3419 4665 3561 4723 aliis

204 4759 390 4815 Ducte
415 4757 656 4827 scriptis
681 4756 812 4814 vide
838 4750 1118 4813 notitiam
1138 4756 1376 4822 Allatii,
1409 4755 1638 4827 supra.)
1838 4788 1853 4799 ς
2046 4758 2047 4763 ‘

274 4882 357 4954 (α)
395 4880 563 4953 Συνοψ
592 4878 802 4958 διαφορ·
832 4880 1026 4958 Ἰστορ.
1053 4887 1108 4936 Ρ.
1144 4879 1267 4953 qui.

844 5228 990 5316 DE
1074 5225 1641 5331 SEQUENTE
1723 5222 2287 5313 OPUSCULO
2384 5221 2923 5313 MONITUM.

1272 5406 1403 5476 Mai,
1446 5405 1590 5463 Bibl.
1622 5421 1759 5463 nov.
1801 5405 2066 5479 Patrum,
2099 5406 2195 5474 Vl,
2238 5404 2307 5472 ll,
2348 5405 2495 5476 258).

277 5642 724 5737 .‘iuprascriptis
741 5645 1149 5738 episcoporum
1174 5642 1486 5725 Heraclea?
1504 5669 1558 5724 et
1578 5646 1751 5724 Tarsi
1765 5652 2407 5723 commentariis.bretie
2419 5657 2589 5720 aliud
2607 5661 2762 5733 regii
2780 5661 3044 5719 auctoris
3063 5657 3238 5731 longe
3261 5654 3562 5717 recentius

214 5752 855 5825 proa‘imuublexinius
866 5748 1336 5829 hancpraecipus
1348 5754 1420 5814 ob
1431 5744 1697 5823 causam,
1713 5750 1857 5827 quia
1885 5751 2179 5826 ejusmodi
2194 5752 2487 5824 scriptum
2508 5756 2591 5811 est
2603 5756 2668 5810 ut
2680 5751 2919 5810 nonnisi
2936 5762 3135 5824 grwce
3158 5746 3562 5807 exhibendum
