4032 6308
494 275 600 333 763

1880 275 2238 340 THEODORI
2274 277 2322 350 ιι
2357 278 2498 340 “KP.

3767 267 3893 340 765

490 398 949 470 videatur;qu_ia
959 399 1297 464 nominibus
1311 401 1541 461 scilicet
1554 401 1889 470 praesertim
1904 401 2238 470 compositis
2254 405 2442 458 totum
2463 404 2697 460 constat
2709 413 2840 476 quae
2857 397 3046 453 latine
3073 409 3345 466 expressa
3356 409 3476 464 non
3505 392 3890 466 elegantiam

499 488 930 555 tantummodo,
955 503 1158 543 verum
1171 492 1348 545 etiam
1361 491 1478 546 vim
1508 505 1660 558 stepe
1689 504 1852 545 suam
1875 490 2222 546 viderentur
2253 491 2526 548 amittere
2543 485 3109 557 autinfringere(a).
3137 486 3391 539 Locutus
3404 487 3485 538 est
3515 481 3801 536 Allatius
3821 480 3886 533 in

491 576 1286 646 prwcedentedissertatione
1304 597 1360 632 η.
1381 578 1676 636 CXXXII
1685 579 1756 634 de
1780 579 1998 636 inedita
2011 593 2176 649 Opere
2199 578 2492 634 Theodori
2490 578 2757 648 junioris
2773 577 2954 631 Duca’
2982 574 3256 630 Lascaris
3269 576 3435 641 imp.,
3458 571 3527 628 id
3537 577 3621 626 est
3641 571 3712 626 de
3741 571 3888 640 ejus

498 665 808 734 theologia?
836 665 1202 725 Christianae
1223 667 1392 724 libris
1426 674 1664 736 septem;
1688 669 1794 738 qui
1819 673 2015 723 tamen
2047 683 2254 736 reapse
2279 673 2408 723 octo
2435 673 2595 736 sunt,
2628 672 2694 720 ut
2714 665 2868 720 idem
2899 664 3154 732 Allatius
3180 664 3242 728 in
3264 677 3435 730 opere
3456 661 3530 716 de
3570 673 3885 715 consensu

497 754 612 811 col.
629 755 1068 811 722correctius
1107 756 1368 824 scripsit.
1403 757 1572 812 Dixit
1601 758 1781 812 etiam
1795 757 1868 818 de
1897 756 2095 812 codice
2126 758 2252 812 Vat.
2286 757 2441 813 lll3.
2475 771 2645 828 quem
2667 770 2768 828 ego
2798 767 2994 822 nuper
3021 750 3358 822 observans,
3390 751 3539 806 satis
3587 749 3884 804 lacerum

494 842 755 910 comperi
767 847 823 897 et
850 843 1099 899 madore
1121 851 1494 915 corruptum.
1513 847 1700 900 Porro
1726 845 1907 916 hujus
1923 848 2072 917 regii
2099 845 2360 918 theologi
2379 845 2508 917 (qui
2526 844 2839 915 imperavit
2875 842 3097 898 Niceete
3118 840 3186 894 ab
3221 854 3382 895 anno
3410 837 3541 892 1255
3579 838 3665 894 ad
3701 835 3883 908 1259)

497 945 682 984 unum
695 931 901 986 saltem
913 946 989 987 ex
1010 936 1138 988 octo
1152 934 1318 994 libris
1330 932 1496 990 edere
1507 935 1829 999 constituit,
1863 951 1898 1006 q
1910 935 1974 988 ui
1986 949 2116 1002 prm
2141 935 2371 990 caeteris
2389 934 2738 1002 conspicuus
2752 945 3050 1002 sanusque
3061 930 3124 1022 in
3155 928 3352 984 codice
3376 932 3482 1000 est;
3503 932 3561 983 et
3577 927 3690 997 qui

499 1020 990 1076 certeutilitatem
999 1021 1244 1088 praebet,
1259 1027 1327 1078 ut
1343 1023 1611 1078 Pollucis
1635 1022 2046 1079 Onomasticon
2061 1037 2132 1078 ac
2145 1022 2500 1098 Dionysium
2521 1022 2608 1076 De
2619 1020 2835 1075 divinis
2853 1017 3277 1081 nominibus,et
3301 1030 3497 1086 graeca
3531 1017 3880 1088 generatim

500 1107 1038 1178 lexica,permultis
1054 1109 1357 1166 vocabulis
1374 1111 1848 1183 locupletet,qua3
1858 1112 2242 1182 grammatici
2257 1111 2489 1166 curiose
2499 1107 2892 1166 adnotabant.
2922 1107 3154 1161 Titulus
3174 1106 3438 1160 universi
3450 1105 3646 1174 operis
3663 1107 3751 1158 est
3761 1107 3878 1152 Τοῦ

501 1199 804 1268 σογλοτάτου
864 1195 1125 1270 βασιλέως
1183 1205 1348 1273 κυροᾶ
1404 1195 1681 1273 Θεοδώρου
1739 1203 1907 1251 Δούκα
1951 1208 2043 1252 τοῦ
2098 1200 2342 1271 Λάσκαρι
2419 1205 2798 1273 Χριστιανικῆς
2860 1195 3124 1268 θεολογίας
3205 1193 3348 1274 λόγοι
3413 1191 3572 1244 ὀκτὼ.

3657 1191 3886 1250 Quarti

499 1291 698 1342 autem
732 1286 874 1342 libri
891 1288 997 1342 ille
1029 1292 1114 1343 est
1148 1289 1383 1352 titulus,
1413 1303 1584 1358 quem
1607 1290 1670 1342 in
1710 1294 1918 1344 nostra
1947 1289 2202 1346 editione
2229 1303 2366 1344 mox
2389 1288 2774 1358 proferimus.

567 1411 647 1481 (a)
677 1409 1004 1480 Prologum
1033 1415 1240 1470 tamen
1274 1411 1474 1468 Latine
1500 1413 1805 1468 vertimus.
1851 1415 2003 1469 Enn.
2046 1415 2213 1469 Pun.

1548 1731 1724 1795 ΤΟΥ
1777 1729 2319 1796 ΣΟΦΩΤΑΤΟΥ
2373 1727 2828 1818 ΒΑΣΙΛΕΩΣ

699 1910 1462 2085 ΚΥΡΟΥ
1537 1906 2778 2086 ΘΕΟΔΩΡΟΥ
2867 1905 3646 2079 ΔΟΥΚΑ

1546 2213 1897 2354 ΤΟΥ.
2031 2209 2825 2334 ΛΑΣΚΑΡΙ

1105 2457 1498 2546 ΛΟΓΟΣ
1572 2459 2151 2548 ΤΕΤΑΡΤΟΣ
2227 2460 2498 2550 ΠΕΡΙ
2575 2453 3267 2548 ΘΕΩΝΥΜΙΑΣο

1800 2748 2056 2815 REGIS
2103 2744 2584 2816 DOCTISSIMI

967 2956 1656 3099 D’OMINI
1746 2960 2716 3100 THEODORI
2813 2957 3382 3097 DUCZE

904 3238 1330 3336 SERMO
1400 3240 1998 3360 QUARTUS
2055 3239 2220 3334 DE
2287 3239 2997 3336 NOMINIBUS
3066 3233 3546 3333 DIVIle

569 3533 802 3588 Numen
829 3532 1100 3590 divinum
1130 3551 1268 3592 cum
1289 3536 1561 3607 diversis,
1592 3540 1721 3592 tum
1757 3552 1879 3593 non
1902 3535 2148 3610 explici-
2182 3536 2227 3588 Α

499 3619 572 3676 tis
589 3620 938 3678 nominibus
969 3624 1323 3696 appellatur,
1362 3625 1529 3698 quod
1561 3625 1804 3698 quidem
1835 3626 1992 3682 illius
2019 3642 2146 3681 ma-

493 3708 698 3779 jestati
728 3712 785 3765 et
809 3715 1040 3767 naturae
1081 3713 1348 3785 mysticam
1380 3729 1450 3768 ac
1473 3713 1805 3770 celsitudini
1835 3715 2146 3786 proprium

499 3801 606 3854 est.
631 3800 709 3855 Ea
741 3799 903 3855 enim
931 3816 1025 3856 res
1045 3802 1122 3857 ad
1148 3804 1355 3858 omnia
1383 3819 1520 3875 quae
1552 3810 1692 3859 sunt
1731 3808 1977 3876 spectat,
2037 3818 2148 3858 nec

497 3889 704 3942 tamen
733 3902 943 3944 eorum
963 3905 1100 3964 qua:
1140 3897 1297 3956 sunt,
1325 3892 1403 3948 ‘in
1454 3907 1707 3948 numero
1764 3897 1869 3948 est.
1908 3894 2149 3963 Oportet

496 3975 675 4046 igitur
703 3991 816 4032 nos
842 3978 916 4034 de
947 3979 1072 4051 ejus
1102 3982 1450 4038 nominibus
1479 3997 1588 4053 pro
1623 3981 1770 4037 virili
1814 3986 1980 4053 parte
2031 3981 2145 4036 dis-

499 4079 714 4135 serere,
741 4081 864 4123 non
892 4067 971 4123 ad
993 4084 1258 4138 unguem
1280 4087 1442 4140 vero,
1475 4070 1589 4126 hoc
1636 4070 1796 4125 enim
1849 4070 1976 4125 ﬁcri
2024 4085 2146 4124 non

497 4158 714 4224 potest;
778 4170 888 4211 nec
933 4157 1101 4228 prius
1148 4157 1308 4214 dicta
1372 4159 1699 4231 repetenda
1749 4166 1907 4224 sunt,
1981 4158 2146 4230 quod

498 4239 878 4298 fastidiosum
897 4244 1066 4311 foret;
1091 4261 1199 4302 nec
1225 4246 1646 4317 diversimode,
1681 4247 1785 4302 sed
1811 4246 2147 4302 secundum

502 4327 1050 4404 ejuspraescriptum
1063 4349 1132 4389 ac
1145 4333 1532 4390 voluntatem.
1551 4336 1729 4404 Igitur
1759 4350 1829 4390 ex
1860 4334 2146 4407 operibus

502 4419 634 4485 ejus
674 4416 891 4474 divinis
933 4421 1034 4476 Dei
1084 4421 1399 4492 qualitates
1444 4422 1897 4479 abstrahamus.
1959 4427 2149 4480 Omne

503 4502 663 4558 enim
679 4505 842 4576 quod
864 4507 1007 4562 ﬁtin
1040 4510 1270 4564 mundo
1300 4526 1336 4565 a
1361 4514 1476 4566 Deo
1514 4513 1692 4580 venit,
1744 4517 1800 4567 et
1854 4513 2147 4586 quidquid

501 4591 577 4648 de
607 4594 728 4648 Deo
750 4595 925 4656 venit,
960 4595 1317 4652 miraculum
1345 4605 1454 4664 est;
1483 4615 1661 4655 omne
1685 4605 1886 4656 autem
1927 4602 2148 4658 mirum

501 4679 703 4736 divino
722 4681 947 4738 honore
975 4683 1268 4740 afﬁciatur
1292 4703 1533 4742 necesse
1555 4695 1658 4742 est.
1710 4691 1992 4757 Magnum
2045 4691 2150 4759 igi-
2179 4697 2216 4748 Β

502 4773 597 4824 tur
627 4772 816 4826 Deum
847 4771 1180 4834 secundum
1231 4774 1743 4831 manifestationes
1793 4778 1922 4847 ejus
1961 4780 2148 4834 nomi-

500 4859 806 4926 nabimus,
833 4876 958 4916 non
987 4865 1193 4917 tamen
1222 4879 1252 4918 e
1277 4864 1626 4919 nominibus
1648 4871 1927 4922 naturam
1976 4885 2150 4925 mon-

501 4953 777 5015 strantes,
803 4955 906 5006 aut
933 4967 1005 5006 ex
1034 4951 1408 5008 innominato
1438 4953 1559 5008 vim
1591 4955 1998 5025 praedicando.
2044 4959 2150 5014 sed

500 5053 668 5093 mera
696 5039 946 5096 nomina
971 5046 1362 5112 exponentes,
1395 5041 1455 5096 id
1496 5047 1726 5098 tantum
1788 5051 2033 5113 agentes
2091 5053 2153 5103 ut

500 5140 641 5182 eum
668 5143 807 5182 cum
838 5128 1024 5184 Paulo
1077 5130 1350 5200 apostolo
1399 5132 1672 5187 omnium
1720 5134 2037 5190 Dominum
2081 5153 2150 5192 ac

495 5213 721 5269 nemini
745 5215 1088 5286 subjectum
1119 5216 1526 5273 declat-emus.

2325 3535 2471 3588 ’Ππεὶ
2529 3532 2588 3588 δὲ
2645 3539 2702 3588 τὸ
2756 3542 2904 3588 Θεῖον
2957 3536 3088 3607 μετὰ
3139 3543 3238 3587 τῶν
3291 3531 3452 3584 ἄλλων
3500 3529 3871 3601 πο).υωνύμως

2257 3628 2344 3675 καὶ
2409 3627 2672 3696 άνονύμως
2737 3624 3067 3697 ὀνομάζεται·
3128 3631 3278 3675 τοῦτο
3329 3622 3429 3694 γὰρ
3498 3626 3589 3679 τῆς
3665 3621 3874 3670 ἐκείνου

2258 3712 2646 3785 μεγαλειότητος
2686 3718 2774 3765 καὶ
2821 3720 2916 3775 τῆς
2972 3716 3265 3786 ὑπερφυοῦς
3315 3725 3736 3782 κρυφιομυστιας
3777 3710 3876 3756 καὶ

2256 3809 2348 3863 τῆς
2427 3805 2742 3877 ύπερφεροῦς
2803 3821 2857 3853 τε
2937 3801 3322 3873 λαμπαότητος,
3397 3792 3576 3853 ἐπειδὴ
3646 3797 3877 3867 μετέχει

2255 3891 2460 3942 πάντων
2524 3898 2623 3942 τῶν
2693 3895 2870 3958 ὄντων,
2934 3895 3024 3942 καὶ
3095 3885 3244 3942 οὐδὲν
3309 3895 3408 3939 τῶν
3467 3889 3626 3936 ὔντων
3693 3887 3871 3935 ἐστίν·

2257 3981 2457 4049 άνάγκη
2508 3985 2654 4030 πᾶσα
2701 3984 2790 4031 καὶ
2838 3984 2955 4051 περὶ
2994 3987 3093 4030 τῶν
3142 3977 3301 4029 αὐτοῦ
3350 3976 3611 4049 ὀνομάτων
3669 3968 3876 4023 διαλα-

2257 4066 2362 4119 ϐεῖν
2419 4069 2557 4139 ἡμᾶς
2605 4071 2726 4118 ὅσον
2786 4087 2842 4138 γε
2886 4064 3123 4137 δυνατὸν,
3176 4065 3234 4117 οὐ
3288 4067 3455 4121 πάντη
3523 4058 3582 4114 δὲ
3628 4062 3872 4114 πάντων.

2256 4163 2408 4207 τοῦτο
2462 4158 2563 4229 γὰρ
2603 4160 2693 4206 καὶ
2744 4151 3014 4208 ἀδύνατον·
3068 4150 3309 4226 οὐδαμῶς
3351 4149 3410 4204 δὲ
3466 4159 3564 4202 τῶν
3609 4145 3873 4222 μηδενός,

2255 4251 2409 4296 τοῦτο
2438 4247 2539 4319 γὰρ
2570 4249 2786 4316 ὀκνηρόν
2834 4243 2960 4294 ἀλλὰ
3001 4246 3060 4295 τὸ
3109 4246 3197 4315 μεν
3229 4246 3316 4307 ὥς,
3345 4245 3402 4292 τὸ
3440 4237 3490 4292 δ’
3522 4242 3586 4299 ὡς
3611 4241 3691 4290 οὗ·
3724 4242 3877 4290 κατὰ

2256 4339 2350 4391 τήν
2379 4334 2566 4385 ἐκείνου
2597 4332 2885 4406 πρόσταξιν
2912 4351 2964 4384 τε
2999 4336 3088 4384 καὶ
3126 4331 3350 4389 θέλησιν·
3385 4325 3471 4381 διὸ
3498 4333 3588 4380 καὶ
3637 4330 3732 4388 τάς
3813 4326 3874 4379 ἐκ

2257 4431 2355 4474 τῶν
2411 4421 2769 4494 ἐνεργημάτων
2819 4419 3010 4472 ἐκείνου
3067 4422 3356 4492 θεοσημιων
3432 4415 3700 4492 ἀνεργείοις
3736 4414 3873 4467 ἆνα-

2256 4508 2554 4581 λαϐομενος·
2583 4516 2683 4561 πᾶν
2709 4513 2810 4584 γὰρ
2871 4513 2930 4560 τὸ
2991 4513 3252 4581 γινόμενον
3307 4508 3443 4558 κατά
3502 4510 3701 4576 κόσμον
3756 4506 3871 4557 θεό-

2261 4601 2340 4651 θεν
2369 4599 2620 4651 ἐστί-καὶ
2649 4604 2749 4651 πᾶν
2799 4602 2857 4650 τὸ
2914 4600 3102 4667 θεόθεν⁹
3177 4598 3352 4669 θαῦμὰ
3405 4594 3536 4647 ἔστι·
3605 4599 3698 4645 καὶ
3759 4600 3866 4645 πᾶν

2262 4689 2438 4760 θαῦμα
2465 4683 2810 4749 θεοδόξαστον
2868 4687 3101 4760 ὑπάρχει
3151 4705 3204 4738 τε
3256 4689 3346 4736 καὶ
3406 4682 3717 4756 σεϐάσμιον·
3774 4686 3866 4734 τὸν

2261 4782 2420 4848 μέγαν
2452 4779 2578 4828 Θεὸν
2609 4779 2698 4827 καὶ
2757 4774 3040 4847 σεϐάσμιον
3089 4775 3143 4826 ἐκ
3210 4783 3304 4835 τῆς
3364 4781 3461 4825 τῶν
3500 4773 3866 4846 ἐνεργημάτων

2259 4868 2443 4917 τούτου
2509 4867 2794 4936 θεοσημίας
2866 4864 3186 4936 ὀνομάσομεν
3265 4865 3390 4914 ὡσεὶ
3475 4857 3725 4932 δύναμις,
3805 4861 3866 4912 οὗ

2262 4953 2550 5015 δεικνύντες
2581 4953 2634 5005 ἐκ
2663 4963 2761 5005 τῶν
2812 4953 3072 5026 ὀνομάτων
3132 4958 3226 5010 τὴν
3281 4956 3436 5024 φύσιν
3487 4951 3616 5021 οὐχὶ
3670 4954 3869 5026 κηρύτ-

2260 5063 2423 5104 τοντες
2460 5042 2512 5095 ἐκ
2543 5051 2633 5095 τοῦ
2683 5041 2948 5114 ἁνωνύμου
3001 5047 3095 5100 τὴν
3152 5039 3398 5112 δύναμιν,
3459 5038 3565 5090 ἀλλ’
3636 5039 3866 5099 εἰπόντες

2259 5135 2325 5184 τὰ
2382 5132 2630 5204 ὀνόματα,
2694 5131 2788 5193 ἔξω
2871 5139 2971 5182 τῶν
3027 5131 3288 5202 ὀνομάτων
3380 5125 3862 5200 καταλιμπάνομεν·

2260 5227 2350 5274 καὶ
2411 5220 2751 5292 πστεἊλομεν
2779 5220 2827 5272 ἐν
2882 5228 2998 5283 ταῖς
3047 5220 3244 5282 λέξεσιν
3309 5215 3466 5293 ἕδραν
3552 5223 3867 5276 συνεκτικὴν

501 5299 593 5353 τοῦ
646 5307 837 5364 παντὸς
885 5309 1061 5376 αὑτὸν,
1101 5309 1168 5367 ὡς
1220 5310 1618 5379 άποφαινόμενοι
1661 5311 1830 5362 πάντα
1868 5310 1916 5363 ἐν
1956 5320 2112 5385 πᾶσι,
2169 5310 2305 5366 κατὰ
2345 5314 2432 5362 τὸν
2463 5310 2685 5369 Παῦλον,
2727 5314 2849 5362 ὄντα
2875 5313 2960 5362 τόν
3009 5313 3217 5384 Κύριον,
3277 5313 3366 5361 καὶ
3431 5303 3717 5360 οὐδὲν-τῶν
3791 5313 3867 5360 ὅνι

502 5397 600 5440 τῶν
623 5391 884 5465 ὑπάρχον.

514 5497 516 5500 ν
575 5453 1042 5549 Ιείιιιίίᾷειιιυω,
1074 5483 1195 5540 imo
1255 5485 1415 5540 mille
1482 5490 1584 5542 aut
1639 5489 1838 5559 potius
1884 5453 2160 5546 innume-

2332 5493 2418 5543 Διὸ
2454 5485 2801 5550 ἑκατοντάδας
2827 5507 2882 5540 τε
2931 5492 3022 5539 καὶ
3049 5482 3416 5560 χιλιοντάδας,
3485 5486 3514 5544 ᾖ
3551 5490 3645 5537 καὶ
3671 5489 3867 5560 μυριά-

499 5567 716 5626 rabilia
749 5569 1002 5628 nomina
1045 5571 1443 5648 philosophiae
1494 5579 1772 5633 strenuus
1815 5577 2155 5651 discipulus

2268 5599 2352 5640 κις
2391 5574 2662 5652 μυριάδων
2716 5579 3016 5651 περιουσίας
3089 5576 3422 5648 ὀνομασμοὺς
3472 5574 3595 5650 εὕρῃ
3655 5595 3740 5639 τις
3791 5598 3868 5648 φι-
