4032 6308
164 253 284 315 705

1447 255 1538 312 DE
1560 252 1825 325 nmms
1853 257 2260 333 NOMINlBUS.

3443 266 3550 331 79.5

162 377 448 452 λομνὴμων
490 384 583 432 καὶ
630 380 1038 457 πεπαιδευμένος
1102 385 1399 460 φιλοσοφίᾳ,
1458 387 1596 458 εἴπερ
1666 380 1777 435 ἐπι-

1893 385 2297 455 enumerabit,
2348 387 2695 445 mundanas
2760 385 3094 445 activitates
3153 387 3548 447 recensendo.

170 475 439 531 στατικῶς
482 471 552 520 τὰ
588 467 638 521 ἓν
694 475 876 545 κόσμῳ
938 472 1257 547 ἐξερευνήσει
1309 473 1648 548 ἐνεργήματα⁸
1681 470 1781 542 ἐγὼ

171 551 235 608 δὲ
304 559 407 610 εἴτε
459 560 551 630 μὲν
600 557 872 635 ἐρευνήσας
928 563 1155 638 εὑρήσω,
1224 566 1324 616 ε’ίτε
1391 559 1450 615 δε
1501 564 1637 615 κατά
1687 564 1781 618 τήν

168 642 369 697 ἐκείνου
402 642 628 720 δύναμιν
676 647 724 700 ἓν
794 648 982 712 ἀνοίξει
1046 659 1137 706 τοῦ
1200 655 1459 724 στόματός
1501 670 1620 725 μου,
1651 651 1782 702 κατά

167 736 259 786 τὸν
301 733 507 788 Παῦλον
558 739 624 788 τὰ
675 740 746 799 ὡς
796 738 930 801 εἰκὸς
984 737 1257 814 ἐρεύξομαι
1295 739 1538 809 εύσεϐῶς,
1584 739 1643 792 ού
1708 745 1781 809 τῷ

170 820 385 897 ἀριθμῷ
420 825 692 898 μεγαλύνω
746 832 841 888 τήν
889 829 1112 903 εὕρεσιν,
1162 833 1278 885 οὔτε
1333 833 1424 904 μὶν
1474 838 1545 902 τῷ
1593 828 1786 884 ἐλλιπεῖ

171 907 454 980 δειλιάσω,
499 920 586 968 καὶ
650 920 739 968 τὸν
800 920 946 973 ὄκνον
1006 919 1113 982 ἄξω
1165 917 1436 991 ἐμπόδιον,
1509 917 1637 971 ἀ)λά
1686 922 1781 976 τὴν

169 999 380 1072 ἀγαθήν
407 1007 499 1055 καὶ
527 1008 848 1076 μεσαιτάτην
902 1002 1026 1058 ὁδόν
1071 1004 1325 1081 βαδίσας,
1372 1011 1439 1069 ὡς
1494 1006 1594 1075 δεῖ,
1645 1010 1781 1061 κατὰ

166 1095 263 1149 τὴν
306 1089 528 1145 ἐνοῦσάν
559 1112 650 1166 μοι
678 1097 842 1169 χάριν
871 1100 966 1155 τὴν
996 1095 1051 1160 ἐξ
1102 1095 1316 1165 ἐκείνου,
1365 1100 1490 1151 ὡσεὶ
1533 1094 1776 1172 δύναμις,

168 1177 223 1230 ἐκ
260 1181 447 1242 πάσης
485 1191 748 1257 γραφικῆς
793 1192 973 1256 πηγῆς
1021 1194 1116 1248 τῆς
1173 1185 1312 1250 ἐντός
1355 1206 1411 1239 τε
1455 1191 1545 1239 καὶ
1583 1194 1676 1245 τῆν
1703 1184 1781 1238 ἐκ-

165 1270 272 1335 τὸς,
348 1270 380 1328 ἦ
430 1274 522 1323 καὶ
578 1274 645 1323 τά
696 1271 852 1325 πλείω
913 1272 1177 1347 ἐπιστήμῃ
1233 1275 1455 1337 εὐσεϐῶς
1485 1277 1780 1349 συντιθέμε-

165 1375 271 1421 νος,
304 1360 405 1422 τάς
424 1356 648 1434 ῥανίδας
704 1364 921 1435 σπόγγῳ
975 1365 1270 1436 Πνεύματος
1317 1366 1453 1417 θείου
1511 1362 1777 1438 ἀνιμησά-

165 1462 343 1515 μενος,
411 1448 789 1511 κατασταλάξω
847 1447 942 1502 διὰ
981 1450 1216 1522 γλώττης
1264 1456 1323 1505 1'6
1363 1453 1575 1526 γλύκιον
1631 1475 1644 1487 ⁸
1689 1458 1779 1505 καὶ

166 1533 605 1605 ὀνοματοθετήσω
653 1540 741 1590 τὸν
787 1537 1103 1613 ἀθεώρητον,
1144 1536 1243 1594 -τόν
1305 1543 1474 1600 πάντη
1527 1541 1664 1605 ξένον
1695 1541 1778 1593 ἀν-

168 1623 416 1697 θρωπίνῳ
442 1632 516 1693 τῷ
537 1624 795 1699 λογισμῷ,
859 1631 946 1679 τὸν
995 1625 1197 1682 ἀνίδεον
1254 1639 1316 1706 τῇ
1370 1630 1637 1698 αἰσθήσει,
1690 1634 1779 1683 τὸν

165 1708 471 1769 ἀνεννόητον
519 1716 693 1793 φύσει,
749 1717 839 1767 τόν
899 1717 1158 1793 ὑπερφυῆ,
1215 1721 1301 1771 τὸν
1358 1719 1601 1793 ὑπέρθεον
1637 1738 1650 1751 ⁸
1687 1723 1777 1770 καὶ

162 1806 319 1851 τοῦτο
360 1802 562 1862 πάντως
594 1801 668 1863 εἰς
694 1805 781 1854 τὸν
808 1804 971 1857 αύτοῦ
1023 1801 1288 1879 δοξασμόν
1357 1827 1370 1841 ⁸
1422 1805 1647 1859 ἐντεῦθεν
1682 1812 1775 1865 τὴν

164 1890 256 1960 μεν
286 1888 485 1962 τόλμαν
544 1888 804 1964 ἀμϐλύνας
844 1889 938 1946 διὰ
973 1902 1068 1946 τοῦ
1100 1894 1338 1970 θάρρους,
1382 1899 1441 1947 τό
1490 1892 1549 1949 δὲ
1589 1896 1777 1972 θάρρος

165 1984 539 2050 παρακινήσας
594 1977 659 2038 τή
733 1985 1038 2055 προαιρέσει
1108 1988 1227 2057 περὶ
1288 1986 1565 2058 θεωνυμίας
1643 1986 1777 2037 οὕτω

166 2065 299 2138 βοῶ,
344 2070 434 2119 τὸν
487 2075 579 2130 τῆς
654 2069 910 2132 εὐσεϐείας
959 2073 1159 2147 καρπόν
1220 2079 1330 2133 τοῖς
1385 2071 1647 2127 εύσεϐέσιν
1709 2076 1778 2135 ὡς

161 2154 392 2229 ἀρίστην
446 2152 772 2210 πανδαισίαν
832 2162 1164 2235 προθέμενος.
1219 2162 1313 2212 Διά
1370 2170 1522 2215 τοῦτο
1580 2167 1652 2235 μὴ
1711 2170 1774 2237 τῇ

1890 472 2183 545 Equidem
2212 479 2315 532 aut
2339 492 2477 532 cum
2503 476 2660 532 illius
2690 475 2967 533 facultate
2996 479 3099 532 aut
3128 476 3190 532 in
3229 477 3350 533 oris
3377 491 3550 551 aper-

1889 560 2069 628 tione,
2098 562 2248 618 sicut
2269 565 2506 634 Paulus,
2529 565 2738 621 laudes
2765 565 3006 621 meritas
3037 565 3467 642 pronuntiabo,
3493 569 3552 622 et

1889 648 2333 725 impedimentis
2379 654 2608 709 evitatis
2664 653 2952 723 mediam,
3009 653 3266 726 ideoque
3317 653 3548 711 bonam

1890 738 2049 794 viam
2075 756 2311 813 sequar,
2345 742 2675 797 secundum
2708 742 3146 798 inhabitantem
3177 741 3458 811 gratiam,
3487 745 3547 808 et

1892 843 2065 885 sacra
2104 829 2406 903 Scriptura
2434 829 2587 888 duce
2616 836 2673 887 et
2714 830 2963 887 scientia
3014 832 3282 903 auspice,
3346 846 3545 888 rorem

1891 922 1947 974 et
1971 921 2168 988 guttas
2191 919 2439 990 Spiritus
2463 918 2650 975 divini
2670 935 2785 991 ope
2806 934 2912 992 per
2926 919 3197 988 linguam
3213 917 3544 986 distillabo,

1888 1010 1947 1062 et
1972 1006 2205 1062 vocabo
2230 1023 2369 1062 eum
2391 1007 2495 1080 qui
2524 1007 2835 1063 invisibilis
2861 1012 2949 1063 est
2974 1012 3030 1063 et
3075 1006 3395 1063 intellectui
3438 1007 3547 1063 hu-

1887 1111 2073 1151 mano
2097 1095 2492 1166 inaccessum,
2527 1111 2561 1151 a
2587 1095 2861 1152 sensibus
2910 1096 3194 1161 alienum,
3256 1111 3546 1168 suprana-

1887 1184 2162 1248 turalem,
2195 1201 2327 1239 vere
2360 1184 2763 1257 Deum,idque
2794 1184 3058 1241 unicead
3078 1185 3208 1255 ejus
3247 1184 3497 1256 gloriam
3527 1202 3541 1252 ;

1887 1278 1945 1330 et
1973 1273 2058 1330 sic
2086 1272 2426 1329 divinorum
2446 1274 2760 1331 nominum
2778 1273 3129 1329 celsitudine
3151 1273 3301 1330 ﬁsus
3326 1288 3537 1329 vocem

1887 1377 2088 1419 meam
2113 1362 2275 1431 tollo,
2308 1366 2364 1417 et
2390 1363 2621 1434 pietatis
2666 1361 2922 1418 fructum
2949 1362 3066 1433 piis
3109 1361 3298 1433 dapes
3339 1360 3537 1417 lautas

1888 1448 2093 1507 oﬂ’ero.
2125 1451 2287 1506 Hanc
2318 1451 2397 1506 ob
2428 1466 2675 1507 causam
2715 1451 2820 1523 qui
2860 1449 3022 1520 legit,
3081 1465 3204 1506 non
3234 1449 3431 1506 solum
3458 1449 3546 1505 in-

1888 1539 2047 1610 genii
2073 1555 2329 1595 acumen
2361 1539 2689 1609 augebit,at
2715 1539 2801 1595 rei
2822 1537 3284 1611 profunditatem
3322 1542 3542 1594 scrute-

1886 1632 1984 1685 tur
2004 1633 2060 1684 et
2080 1628 2416 1686 secundum
2446 1629 2597 1683 vires
2622 1631 2902 1700 exponat.
2928 1626 3043 1685 Sed
3068 1626 3387 1682 nominum
3415 1625 3541 1682 illo-

1818 1732 1858 1785 B
1885 1733 2021 1774 rum
2047 1716 2415 1785 signiﬁcatus
2442 1717 2624 1773 aliam
2653 1718 2833 1772 etiam
2854 1716 2980 1772 vim
2999 1715 3200 1772 habet.
3226 1717 3356 1771 Non
3381 1714 3542 1770 enim

1888 1806 2127 1864 fortuito
2152 1798 2436 1877 imposita
2460 1810 2616 1891 sunt,
2641 1804 2747 1860 sed
2776 1803 3094 1877 qualitates
3114 1802 3333 1859 divinae
3357 1804 3542 1874 maje-

1887 1894 2023 1950 stati
2056 1893 2415 1949 inhaerentes
2436 1891 2723 1948 indicant.
2750 1893 2895 1947 Hinc
2918 1907 3073 1963 opus
3099 1894 3396 1963 nostrum,
3417 1904 3543 1946 ma-

1884 1983 2050 2039 xima
2060 1998 2200 2039 cum
2212 1982 2429 2053 pietate
2443 1980 2793 2036 inchoatum
2804 2022 2817 2045 ,
2828 1977 3179 2034 hominibus
3193 1977 3308 2051 piis
3338 1993 3409 2033 ac
3424 1982 3544 2033 stu-

1884 2071 2075 2128 diosis
2106 2068 2384 2142 oblaturi,
2402 2069 2650 2142 Spiritus
2664 2067 2853 2124 sancti
2874 2066 3099 2123 auxilio
3110 2080 3182 2121 ac
3213 2064 3408 2135 gratia
3434 2065 3542 2120 rite

1886 2159 2179 2217 invocatis
2218 2174 2357 2214 cum
2384 2157 2604 2213 ﬁducia
2623 2157 2783 2212 hunc
2803 2156 2866 2211 in
2888 2154 3138 2211 modum
3168 2155 3537 2210 exordimur.

161 2243 295 2306 λέξει
330 2248 488 2315 μόνον
544 2247 570 2297 6
619 2245 989 2318 ἀναγινώσκων
1035 2257 1128 2301 τοῦ
1175 2253 1291 2312 νοός
1344 2249 1565 2325 ἀργήσει
1632 2256 1726 2310 τὴν
1781 2248 2026 2323 δύναμιν,
2094 2246 2203 2300 ἀλλ’
2250 2247 2503 2322 έρευνάτω
2542 2249 2602 2297 τὸ
2664 2244 2849 2318 βάθος,
2907 2244 2936 2303 ἦ
3002 2247 3094 2295 καὶ
3146 2242 3433 2315 ἕξηγείσθω
3482 2245 3540 2294 16

166 2334 307 2385 κατά
353 2329 577 2406 δύναμιν

166 2421 400 2494 ὀνόματα
463 2425 737 2495 ἔγκεινται,

637 2357 651 2369 ⁸
702 2338 818 2407 ἔχει
859 2332 918 2389 δὲ
970 2340 1001 2396 ή
1061 2345 1160 2390 τῶν
1218 2338 1482 2413 ὀνομάτων
1542 2345 1785 2414 σημασία
1817 2340 1990 2414 ἑτέραν
2039 2340 2157 2390 τινὰ
2202 2338 2473 2394 θειοτάτην

836 2424 946 2477 ἀλλ’
1019 2426 1276 2502 ἐνεργείας
1343 2424 1701 2485 ὑποδηλοῦσιν
1781 2425 2155 2489 ὗποδεικτικᾶς
2206 2434 2300 2486 τῆς
2370 2427 2511 2487 θείας
2562 2423 2957 2496 μεγαλειότητος
3009 2441 3023 2454 ⁸

2523 2357 2536 2368 ⁸
2577 2334 2637 2387 ού
2687 2336 2790 2407 γὰρ
2837 2332 3008 2392 ἁπλῶς
3061 2336 3153 2384 καί
3203 2334 3446 2403 τυχότως
3477 2331 3545 2382 τὰ

3084 2416 3179 2472 διὰ
3221 2426 3375 2471 τοῦτο
3424 2418 3544 2490 φιλ-

172 2509 412 2582 ευσεϐείᾳ
466 2511 626 2586 πολλῇ
686 2514 745 2565 τὸ
830 2515 1105 2591 σύνταγμα
1162 2517 1382 2588 θέμενοι,
1439 2520 1567 2591 πρὸς
1649 2520 1768 2579 τοὺς
1848 2514 2201 2590 ἐπιστήμονας
2274 2519 2363 2567 καὶ
2441 2513 2703 2587 φιλοθέους
2755 2514 2849 2569 τὴν
2901 2513 3079 2583 κρίσιν
3131 2506 3545 2568 έπανατείναντες

169 2602 264 2656 τὴν
284 2605 383 2651 τοῦ
410 2602 706 2673 Πνεύματος
727 2601 890 2676 χάριν
924 2605 1159 2665 ἱκετικῶς
1185 2603 1655 2680 προσκαλούμενοι,
1677 2606 1808 2678 μετὰ
1838 2605 2064 2681 θάρῥους
2087 2609 2177 2657 καὶ
2200 2606 2499 2679 προθυμίας
2526 2603 2723 2654 οὑτωσὶ
2754 2598 3132 2675 ἀπαρχόμεθα.

238 2775 305 2828 Ὀ
331 2780 469 2837 Θεός
513 2799 528 2811 ⁸
561 2779 588 2831 6
619 2778 901 2853 οἰκτίρμων
951 2802 964 2814 ⁸
986 2782 1012 2833 ό
1033 2784 1157 2845 τούς
1181 2780 1514 2857 οἱκτίρμονας
1544 2780 1779 2854 ἀγαπῶν.

171 2865 197 2915 6
227 2869 406 2940 πατὴρ
436 2874 538 2918 τῶν
561 2866 843 2941 οἰκτιρμῶν
872 2890 885 2902 ⁸
914 2870 941 2920 6
990 2869 1259 2942 φιλόκαλος
1289 2891 1301 2903 ⁸
1354 2872 1381 2923 6
1437 2870 1722 2943 φιλάγαθος
1766 2892 1778 2904 ⁸

172 2955 198 3004 6
219 2953 646 3027 φιλόσπλαγχνος
673 2977 687 2989 ⁸
720 2957 746 3007 6
767 2956 923 3020 καλός
949 2979 962 2991 ⁸
995 2960 1020 3010 6
1054 2956 1246 3029 ἀγαθός
1278 2980 1291 2992 ⁸
1322 2960 1349 3011 6
1376 2958 1737 3030 εὔσπλαγχνος
1766 2980 1778 2992 ⁸

170 3044 196 3120 6
240 3041 390 3095 ἐλεῶν
424 3064 437 3076 ·
468 3045 494 3095 6
525 3043 778 3106 ἐλεοποιός
807 3066 821 3079 ⁸
847 3047 873 3097 ὁ
926 3036 1236 3119 έλεοδοχεύς
1278 3064 1292 3079 ⁸
1349 3049 1375 3099 6
1413 3051 1644 3120 χορηγὸς
1690 3055 1782 3099 τοῦ

172 3113 340 3193 ἐλέους
365 3152 381 3164 ⁸
407 3132 434 3183 6
463 3130 609 3184 ἐλεῶν
651 3137 776 3196 τοὺς
801 3133 980 3197 ἀξίους
1004 3157 1017 3169 ⁸
1043 3113 1159 3188 καθ’
1201 3137 1255 3188 ὄν
1295 3137 1321 3188 6
1368 3113 1503 3198 ἔλεος
1543 3113 1577 3169 ⁸⁷
1611 3131 1687 3188 δι’
1728 3136 1781 3188 ὃν

170 3218 349 3280 ὁέλεος
380 3240 393 3253 ⁸
419 3217 493 3272 δι’
524 3221 586 3273 οὗ
611 3223 637 3273 6
666 3222 797 3284 ἵλεος
831 3244 844 3257 ⁸
885 3224 935 3276 έν
982 3222 1022 3297 ᾧ
1048 3226 1074 3276 6
1110 3223 1245 3286 ἔλεος
1277 3246 1290 3259 ⁸
1346 3227 1372 3277 6
1431 3221 1639 3287 δίκαιος
1688 3247 1702 3258 ⁸
1755 3227 1780 3277 6

174 3305 524 3375 δικαιοδότης
555 3334 568 3346 ⁸
593 3315 619 3365 6
651 3310 882 3378 δικάζων
907 3336 920 3348 ⁸
946 3316 972 3366 ό
1004 3311 1158 3377 δίκας
1190 3317 1327 3387 ἄγων
1353 3359 1365 3371 .
1417 3318 1442 3368 6
1490 3312 1781 3377 καταδίκας

171 3399 378 3473 ἐπάγων
413 3423 425 3435 ·
458 3403 484 3453 6
537 3408 772 3475 φωτεινός
796 3425 808 3437 ⁸
861 3405 887 3456 6
913 3401 1219 3478 φωτοδότης
1244 3428 1254 3438 ·
1280 3407 1307 3457 6
1359 3410 1641 3477 φωτοποιός
1693 3426 1705 3439 ⁸
1753 3407 1779 3457 6

173 3491 460 3563 φωτάρχης
487 3512 501 3523 ⁸
532 3493 560 3542 6
589 3499 969 3564 φωταυγαστής

169 3580 287 3649 γεύς
315 3621 327 3633 ,
373 3581 399 3630 6
426 3579 713 3653 τηλεφανής
755 3603 766 3615 ⁸
802 3583 827 3633 6
853 3585 1099 3656 πρύτανις

166 3671 294 3737 μίας
318 3675 422 3719 τῶν
453 3666 662 3740 ἀγαθῶν
694 3667 1021 3743 δωρημάτων
1057 3693 1068 3704 ⁸
1104 3672 1130 3723 6
1174 3670 1416 3733 ἀνίκητος
1445 3693 1458 3705 ⁸
1510 3673 1537 3722 6
1584 3691 1781 3730 νικητι-

164 3758 251 3815 κός
285 3775 298 3787 ⁸
333 3757 642 3820 όνικοποιὸς
674 3780 687 3791 ⁸
717 3761 743 3810 6
771 3762 1038 3835 νικάρχης
1068 3782 1079 3793 ⁸
1113 3762 1139 3812 6
1165 3757 1539 3821 νικοδέσποτος
1563 3782 1575 3792 ⁸
1618 3761 1644 3811 6
1688 3769 1779 3821 τῆς

167 3839 331 3905 δόξης
355 3840 618 3907 δεσπότης
647 3864 660 3876 ·
686 3848 713 3899 6
742 3850 921 3923 κύριος
947 3857 1046 3900 τῶν
1076 3853 1415 3925 κυριευόντων
1462 3871 1475 3881 ⁸
1534 3850 1560 3900 6
1617 3846 1779 3920 βασι-

163 3930 278 3993 λεὺς
330 3940 436 3983 τῶν
483 3932 864 4007 βασιλευόντων
930 3958 943 3970 ⁸
1000 3939 1026 3988 6
1073 3942 1199 3998 Θεὸς
1276 3946 1375 3989 τῶν
1428 3937 1776 4009 νομιζομένων

1026 3514 1039 3527 ⁸
1086 3496 1113 3545 6
1165 3502 1265 3545 τῶν
1314 3500 1492 3566 φώτων
1524 3513 1779 3568 παραγω-

1147 3605 1160 3616 ⁸
1203 3584 1230 3635 6
1278 3586 1559 3657 προνομεύς
1583 3604 1595 3615 ⁸
1629 3584 1655 3633 6
1691 3602 1780 3634 τα-

164 4023 289 4075 θεῶν
314 4044 329 4056 ⁸
355 4023 381 4074 6
408 4023 623 4097 ἔλεγχος
661 4034 761 4077 τῶν
807 4023 1028 4084 δοκήσει
1069 4047 1082 4059 ⁸

164 4112 304 4172 θείας
327 4132 340 4144 ⁸
372 4112 398 4163 6
419 4117 607 4185 κριτής
633 4115 659 4165 6
682 4112 1163 4188 ἀπροσωπόληπτος
1197 4138 1208 4148 ·
1241 4119 1297 4168 τὸ
1350 4113 1502 4187 βῆμα
1535 4120 1591 4167 τὸ
1660 4112 1781 4168 ἀδέ-

128 4208 360 4252 “καστον
407 4221 421 4234 ⁸
473 4203 499 4252 6
544 4201 796 4264 ἀλάθητος
837 4202 1095 4277 ὀφθαλμός
1145 4227 1158 4239 ⁸
1189 4208 1246 4257 16
1267 4200 1548 4277 navdepxé;
1582 4205 1727 4278 ὄμμα
1758 4210 1777 4231 ‘

1121 4027 1147 4078 6
1199 4031 1459 4100 συνίστωρ
1513 4035 1608 4087 τῆς
1656 4025 1778 4085 ἀλη-

161 4288 188 4338 ό
217 4292 289 4339 ὧν
322 4327 336 4339 .
373 4290 400 4340 ό
428 4291 663 4366 ἄναρχος
700 4334 712 4347 .
736 4292 762 4344 6
784 4291 1020 4354 ἀναίτιος
1051 4314 1065 4326 ⁸
1130 4295 1156 4345 6
1203 4292 1493 4366 ἀθεώρητος
1527 4314 1538 4326 ⁸
1583 4295 1608 4345 6
1652 4292 1773 4364 ῦψιο
1812 4292 1858 4344 D
1888 4288 2125 4349 ἀσώτους
2167 4286 2574 4358 ἀνακαλούμενος

165 4394 289 4437 στος
311 4398 326 4410 ⁸
357 4378 387 4429 6
416 4376 785 4441 ἀκατάληπτος
817 4401 831 4415 ⁸
864 4382 890 4433 6
917 4380 1305 4457 ἀπερίγραπτος

164 4468 190 4518 6
242 4466 456 4540 ἀσαφής
485 4489 498 4502 ⁸
528 4469 555 4521 ό
588 4474 775 4533 σκότος
803 4473 944 4544 ἔχων
974 4471 1269 4544 περικύκλῳ
1308 4473 1469 4525 αὐτοῦ
1515 4494 1527 4506 ·
1578 4476 1637 4524 τό
1680 4482 1776 4534 τῆς

166 4553 520 4628 ἀγαθωσύνης
543 4557 711 4631 βάθος
742 4581 755 4592 ⁸
788 4562 819 4619 ἡ
859 4565 1006 4632 πηγή
1038 4569 1138 4613 τῶν
1183 4559 1508 4636 δωρημάτων
1540 4578 1554 4592 ⁸
1611 4563 1641 4619 ἡ
1676 4562 1775 4614 αύ-

163 4645 340 4706 τοζωή
368 4667 380 4679 ⁸
404 4649 435 4704 ἡ
467 4647 574 4708 ζωή
609 4669 621 4680 ⁸
652 4645 726 4700 δι’
761 4648 815 4700 ὃν
847 4651 902 4701 αἱ
929 4650 1063 4711 ζωαί
1097 4671 1109 4683 ⁸
1145 4645 1220 4701 δι’
1249 4649 1311 4701 οὗ
1335 4652 1390 4702 αἱ
1416 4651 1550 4711 ζωαί
1583 4672 1597 4684 ⁸
1626 4650 1694 4711 εἰς
1722 4651 1774 4702 ὃν

161 4737 232 4787 τὰ
258 4736 432 4786 πάντα
454 4755 468 4770 ⁸
497 4737 523 4787 6
549 4734 909 4808 ἀμετάπτωτος
935 4741 1087 4811 φύσει
1110 4738 1175 4793 .’ό
1204 4740 1457 4812 ἄτρεπτος
1480 4746 1542 4812 τῇ
1572 4738 1729 4811 ούσία
1759 4782 1772 4794 .

162 4824 190 4874 6
243 4820 589 4885 ἀναλλοίωτος
640 4826 794 4897 φύσει
822 4847 836 4860 ⁸
868 4828 895 4878 6
925 4827 1191 4901 αύτάρκης
1224 4848 1237 4860 ⁸
1271 4828 1297 4878 6
1326 4827 1516 4889 τέλειος
1545 4849 1557 4860 ⁸
1591 4828 1617 4878 6
1642 4827 1776 4880 τελε-

160 4914 427 4985 ταρχικός
455 4933 468 4946 ⁸
501 4914 528 4964 6
577 4915 885 4988 ὑπερούσιος
941 4935 954 4949 ⁸
1004 4916 1030 4967 6
1077 4916 1325 4989 ύπέρθεος
1372 4937 1383 4949 ·
1436 4918 1460 4967 6
1517 4918 1776 4990 ὑπεράγα-

159 5001 253 5060 θος
288 5019 303 5032 ⁸
335 5000 361 5051 6
403 5002 694 5075 ὑπέρφωτος
726 5023 739 5037 ⁸
775 5005 801 5055 6
828 5004 1158 5079 τηλεπρεπής
1215 5025 1228 5037 ⁸
1279 5005 1304 5056 6
1364 5004 1625 5080 ξωοφόρος
1679 5026 1690 5039 ⁸
1749 5008 1774 5058 ό

154 5086 363 5148 ἐντελής
414 5109 428 5122 ⁸
498 5090 789 5153 ὁπλάστης
820 5112 834 5125 ⁸
877 5094 904 5145 6
953 5084 1281 5166 δημιούργός
1313 5115 1326 5126 ⁸
1360 5095 1385 5145 6
1444 5093 1634 5165 γλυκὺς
1691 5091 1771 5148 δε-

155 5180 359 5267 σπότης
385 5198 400 5212 ⁸
433 5179 459 5230 6
516 5177 909 5255 πωλοδομήτωρ
960 5202 973 5215 ⁸
994 5182 1038 5232 ’ὁ
1064 5178 1339 5253 ὑψιμέδων
1369 5204 1380 5217 ⁸
1414 5184 1441 5234 6
1487 5182 1643 5245 ξένιος
1674 5203 1687 5216 ⁸
1743 5184 1769 5235 6

152 5268 328 5326 ικανός
359 5286 374 5300 ⁸
399 5267 425 5318 6
454 5270 615 5340 μέγας
643 5288 656 5301 ⁸
696 5270 723 5320 ὁ
760 5268 985 5343 ἰσχυρός
1018 5286 1033 5303 ⁸
1066 5269 1093 5321 6
1122 5269 1469 5342 ἰσχυροποιός
1510 5290 1523 5304 ⁸
1576 5272 1602 5321 6
1643 5268 1773 5322 ἀθά-

149 5372 302 5417 νατος
334 5356 530 5408 ’ότῶν
560 5360 715 5409 ὄντων
742 5360 1087 5432 παραγωγεύς
1117 5380 1130 5392 ⁸
1171 5360 1197 5410 6
1226 5367 1322 5421 τῆς
1368 5359 1491 5420 ὕλης
1544 5364 1633 5411 καὶ
1678 5367 1771 5412 τοῦ

152 5437 329 5505 εἶδους
379 5442 630 5506 ἐνοποιός,
655 5486 669 5500 .
717 5449 776 5497 τό
833 5444 1123 5522 ἀρχέγονον
1160 5448 1290 5519 φάος
1338 5468 1351 5482 ⁸
1416 5450 1446 5506 ἠ
1478 5452 1621 5520 πηγή
1677 5455 1770 5509 τῆς

152 5526 507 5615 ἀγαθωσύνης
550 5553 565 5567 ⁸
614 5534 647 5591 ἡ
706 5532 996 5609 πλημμύρα
1043 5542 1144 5588 τῶν
1192 5530 1519 5611 δωρημάτων
1571 5558 1583 5570 ⁸
1616 5537 1766 5589 ὁπο-

1356 4402 1368 4415 ⁸
1412 4382 1437 4433 6
1464 4383 1729 4453 ἄγνωστος
1757 4402 1769 4414 ⁸

1892 2785 2054 2855 ταμὸς
2102 2788 2195 2842 τῆς
2239 2780 2561 2855 εὐφροσύνης
2591 2800 2606 2812 ⁸
2660 2779 2687 2829 6
2738 2775 2863 2852 ῥοῦς
2909 2777 2935 2827 ὁ
2992 2774 3198 2836 ἀένναος
3239 2779 3333 2834 τῆς
3409 2772 3546 2846 εὔερ-

1892 2877 2075 2942 γεσίας
2108 2892 2122 2904 ⁸
2155 2872 2187 2929 ἡ
2229 2869 2375 2930 ἀκτὶς
2412 2871 2442 2927 ή
2485 2868 2626 2929 ἐκτός
2685 2864 3110 2923 ἀντανακλήσεως
3158 2862 3416 2933 θέλγουσα
3450 2881 3465 2895 ⁸
3509 2863 3538 2920 ή

1897 2965 2103 3031 σταγὼν
2145 2966 2243 3020 τῆς
2289 2956 2644 3029 ἀγαλλιάσεως
2698 2975 2712 2988 ⁸
2760 2957 2818 3005 τὸ
2865 2951 3087 3022 πέλαγος
3120 2958 3213 3010 τῆς
3268 2950 3541 3022 μακροθυ-

1893 3053 2023 3120 μίας
2056 3070 2068 3083 ⁸
2103 3050 2129 3101 ό
2160 3049 2494 3121 μακρόθυμος
2545 3067 2557 3079 ⁸
2619 3046 2645 3096 6
2683 3043 2850 3117 πραΰς
2908 3062 2922 3075 ⁸
2975 3039 3277 3102 ἀνεξίκακος
3314 3059 3329 3072 ⁸
3376 3040 3401 3089 ὁ
3458 3056 3546 3109 με-

1889 3146 2083 3190 τανοῶν
2108 3140 2193 3190 ἐπὶ
2246 3140 2459 3197 κακίαις
2502 3132 2781 3210 ἀνθρώπων
2810 3153 2822 3164 ⁸
2872 3132 2898 3182 6
2924 3132 3239 3203 πρωταίτιος
3270 3148 3283 3161 ⁸
3331 3128 3363 3185 ἡ
3405 3125 3543 3198 λάμ-

1889 3226 1984 3297 ψις
2012 3228 2042 3285 ἠ
2074 3228 2261 3287 ἄσκιος
2309 3246 2322 3258 ⁸
2373 3226 2399 3276 6
2424 3227 2716 3297 προνοητής
2743 3241 2756 3254 ⁸
2791 3222 2817 3272 6
2843 3223 3022 3293 ἔφορος
3059 3261 3071 3273 .
3116 3219 3142 3269 6
3172 3215 3491 3289 κυϐερνήτης
3522 3236 3534 3248 ⁸

1889 3315 2091 3389 ὁλιμήν
2136 3323 2236 3367 τῶν
2288 3315 2681 3386 χειμαζομένων
2722 3327 2736 3341 ⁸
2794 3310 2825 3367 ἡ
2879 3306 3079 3380 γαλήνη
3132 3314 3233 3358 τῶν
3286 3300 3544 3357 κλυδωνι-

1892 3407 2116 3477 ζομένων
2147 3425 2160 3438 ⁸
2220 3405 2252 3462 ἡ
2302 3402 2555 3473 ἀναψυχὴ
2608 3407 2709 3452 τῶν
2735 3394 3057 3470 ὀδυνομένων
3110 3414 3123 3429 ⁸
3164 3397 3196 3453 ἡ
3252 3393 3541 3466 ἐπιστροφὴ

1887 3502 1988 3547 τῶν
2059 3492 2453 3568 ἁμαρτανόντων
2495 3511 2507 3523 ⁸
2558 3490 2585 3541 ό
2642 3484 2837 3549 ἄδυτος
2878 3485 3023 3547 ήλιος
3072 3498 3087 3514 ⁸
3153 3485 3185 3542 ἠ
3244 3482 3452 3555 λαμπὰς
3510 3482 3540 3539 ἦ

1888 3581 2142 3642 ἄσϐεστος
2171 3583 2233 3633 ⁸ό
2284 3577 2467 3639 διδοὺς
2521 3586 2624 3651 φῶς
2670 3583 2781 3639 τοῖς
2827 3574 2878 3627 ἐν
2928 3579 3102 3627 σκότει
3157 3593 3172 3607 ⁸
3214 3575 3273 3624 1'6
3324 3569 3543 3624 ἀνέσπε-

1886 3688 1975 3742 ρον
2009 3668 2192 3729 σέλας·
2242 3670 2268 3719 6
2296 3666 2520 3739 γαληνὸς
2554 3682 2566 3694 ·
2611 3667 2637 3716 6
2687 3663 3030 3734 γαληνοποιός
3088 3682 3102 3694 ⁸
3142 3662 3174 3718 ἡ
3227 3662 3538 3731 παγκρατὴς

1886 3756 2100 3829 παλάμη
2134 3799 2147 3812 .
2181 3758 2206 3807 6
2261 3752 2599 3826 παιδαγωγὸς
2647 3758 2746 3803 τῶν
2795 3751 3090 3808 αἰσθήσεων
3135 3769 3148 3782 ⁸
3192 3750 3224 3806 ὴ
3271 3746 3539 3821 βακτηρία

1885 3855 1983 3907 τῆς
2036 3845 2301 3906 ἀσθενείας
2349 3852 2445 3903 τῆς
2502 3845 2702 3914 φύσεως
2742 3861 2756 3874 ⁸
2815 3848 2907 3900 τῆς
2965 3837 3150 3910 ἀρετῆς
3202 3838 3228 3887 ό
3278 3832 3540 3887 διδάσκα-

1884 3932 1972 3994 λος
2003 3954 2015 3966 ⁸
2048 3941 2145 3993 τῆς
2168 3937 2352 3992 κακίας
2382 3933 2407 3982 6
2439 3929 2656 4000 ἔλεγχος
2716 3948 2729 3960 ⁸
2782 3928 2808 3977 6
2845 3926 3127 3997 νομοθέτης
3178 3944 3192 3956 ⁸
3233 3923 3259 3972 6
3312 3917 3541 3993 νομοδό-

1885 4041 1976 4083 της
2000 4043 2013 4055 ⁸
2046 4024 2073 4073 6
2102 4020 2396 4093 νομοφύλαξ
2418 4040 2431 4054 ⁸
2456 4020 2481 4071 ό
2511 4017 2763 4076 σεϐαστός
2810 4032 2823 4047 ·
2881 4017 2907 4067 6
2958 4011 3189 4075 σεϐαζων
3250 4032 3263 4046 ⁸
3319 4012 3345 4062 6
3392 4008 3543 4062 σεϐά-

1889 4130 2039 4182 σμιος
2093 4131 2106 4144 ⁸
2160 4112 2191 4168 ἡ
2257 4106 2381 4171 όδὸς
2409 4115 2507 4169 τῆς
2546 4108 2686 4167 ζωῆς
2710 4127 2723 4140 ⁸
2756 4106 2787 4162 ἡ
2836 4101 3171 4163 ἀνεκλαλητος
3204 4096 3443 4172 θυμηδία
3467 4119 3478 4131 ⁸
3508 4098 3536 4149 6

1890 4208 1986 4252 τῶν
2037 4206 2278 4274 κρυπτῶν
2329 4203 2563 4269 γνώστης
2613 4211 2627 4225 ⁸
2680 4202 2776 4256 τῆς
2821 4189 3059 4252 διανοίας
3113 4192 3140 4241 6
3188 4189 3398 4261 ἔλεγχος
3443 4208 3455 4220 ⁸
3513 4187 3540 4239 6

2620 4305 2632 4317 ⁸
2694 4284 2720 4335 ὁ
2764 4277 3026 4335 παιδεύων
3086 4283 3179 4331 καὶ
3251 4282 3313 4337 τή
3388 4278 3538 4329 θανα-

1885 4386 1985 4430 τῶν
2019 4398 2032 4410 ⁸
2065 4378 2091 4428 6
2120 4377 2362 4447 κατάγων
2391 4374 2459 4435 εἰς
2495 4369 2629 4443 ᾅδου
2674 4375 2765 4422 καὶ
2796 4369 2997 4441 ἀνάγων
3057 4388 3070 4402 ⁸
3114 4369 3141 4418 ό
3181 4363 3448 4439 δεσμεύων
3486 4363 3535 4416 ἕν

1886 4465 2125 4520 ἀσθενεία
2166 4485 2179 4498 '
2221 4465 2247 4515 6
2287 4462 2523 4516 ἀπολύων
2562 4459 2612 4512 έν
2652 4456 2939 4529 δυναστείᾳ
2981 4478 2995 4491 ⁸
3034 4457 3061 4509 ό
3099 4458 3477 4531 τροπαιοφόρος
3517 4473 3531 4487 ⁸

1885 4554 1912 4605 6
1950 4559 2306 4629 τροπαιοῦχος
2334 4573 2347 4585 ⁸
2390 4552 2417 4602 6
2467 4546 2760 4621 διοσημίας
2797 4554 2957 4599 ποιῶν
2988 4566 3001 4580 ⁸
3055 4546 3081 4597 6
3131 4546 3430 4617 θαυμαστός
3460 4562 3474 4576 ⁸
3508 4543 3535 4593 6

2600 4640 2626 4690 6
2691 4638 2864 4712 ἰατρός
2920 4644 3020 4688 τῶν
3074 4635 3267 4706 ψυχῶν
3296 4637 3385 4685 καὶ
3436 4640 3537 4685 τῶν

3182 4744 3206 4776 ο
3254 4743 3321 4775 τα
3369 4742 3538 4774 παντα

1884 4652 2047 4715 τιμῶν
2100 4646 2224 4703 τοὺς
2293 4641 2473 4705 ἀξίους
2526 4659 2541 4673 ⁸

1888 4735 2141 4805 σωμάτων
2188 4734 2334 4805 ἡμῶν
2391 4751 2404 4764 ⁸
2473 4730 2500 4780 6
2549 4734 2828 4798 πανταχοῦ
2872 4730 3051 4800 παρών
3108 4746 3120 4758 ⁸

1884 4820 2094 4895 πληρῶν
2128 4841 2140 4854 ⁸
2184 4822 2210 4872 6
2242 4821 2508 4894 θησαυρὸς
2527 4826 2627 4870 τῶν
2653 4815 2863 4889 ἀγαθῶν
2896 4837 2909 4849 ⁸
2938 4816 2964 4867 ό
3032 4814 3169 4874 ζωῆς
3218 4815 3457 4885 χορηγός
3522 4831 3535 4843 ⁸

1884 4911 1916 4969 ἡ
1948 4914 2185 4982 γέννησις
2217 4918 2319 4961 τῶν
2353 4905 2504 4961 ἰδεῶν
2536 4924 2549 4939 ⁸
2583 4908 2608 4957 6
2634 4907 2833 4966 άποσος
2870 4925 2884 4937 ⁸
2936 4905 2963 4954 6
3019 4901 3428 4973 ἀσχημάτιστος
3469 4920 3480 4931 ⁸
3514 4899 3540 4949 6

1886 4995 2089 5059 ἀνίδεος
2123 5040 2134 5052 .
2168 4999 2194 5050 ό
2246 4997 2402 5070 ἔγγὺς
2430 5004 2492 5069 τῇ
2528 4993 2746 5065 δυνάμει
2779 5013 2791 5025 ·
2857 4993 2884 5043 ὅ
2934 4989 3109 5064 πὸῤῥω
3167 4985 3262 5040 διὰ
3311 4992 3404 5045 τὴν
3451 4988 3544 5058 φύ-

1887 5107 1970 5140 σιν
1993 5110 2006 5122 ⁸
2040 5090 2066 5140 6
2092 5092 2243 5160 μόνος
2271 5088 2422 5159 ἁγνός
2450 5107 2463 5121 ⁸
2493 5088 2519 5137 6
2549 5083 2774 5156 ἁγνίζων
2823 5102 2836 5115 ⁸
2888 5082 2914 5132 6
2952 5080 3102 5151 μόνος
3153 5078 3380 5149 καθαρός
3436 5096 3449 5109 ⁸
3509 5077 3536 5126 6

1882 5183 2004 5240 τοὺς
2040 5181 2301 5253 καθαροὺς
2328 5178 2663 5251 προσιέμενος
2719 5192 2731 5204 ⁸
2792 5173 2851 5222 16
2908 5169 3225 5242 καθαρτικὸν
3272 5173 3375 5239 πῦρ
3443 5185 3456 5198 ⁸
3501 5166 3531 5223 ἢ

1883 5265 2007 5338 φλὸξ
2035 5268 2066 5325 ἡ
2114 5268 2365 5327 ἄστεκτος
2425 5286 2438 5299 ⁸
2497 5267 2556 5316 τὸ
2586 5258 2732 5334 ὕδωρ
2789 5261 2845 5312 τὸ
2898 5258 3144 5330 καθαῖρον
3204 5258 3322 5316 τούς
3360 5255 3538 5328 -μολυ-

1883 5359 2048 5428 σμούς
2079 5379 2090 5390 -
2121 5361 2180 5409 1'6
2220 5358 2505 5430 ἀκρότατον
2549 5351 2720 5424 ἄφετόν
2752 5370 2767 5385 ⁸
2809 5350 2836 5400 ὁ
2874 5350 3201 5422 παντουργός
3254 5367 3267 5380 ⁸
3327 5348 3357 5405 ἡ
3412 5345 3538 5419 ῥίζα

1880 5448 2056 5506 πάσης
2083 5445 2395 5507 ὄντότητοςο
2428 5446 2486 5495 16
2538 5440 2830 5515 ἀθεώρητον
2883 5435 3012 5508 ὕψος
3068 5457 3082 5471 ⁸
3133 5440 3194 5489 τὸ
3245 5434 3535 5511 ἀμέτρητον

1879 5534 2049 5608 βάθος
2081 5576 2097 5594 .
2127 5537 2154 5588 ό
2181 5533 2375 5607 ἀναφής
2395 5571 2409 5587 .
2438 5534 2464 5584 6
2484 5531 2825 5603 πηγαστικός
2857 5548 2870 5562 ⁸
2924 5528 2951 5579 6
2998 5525 3154 5599 λόγου
3215 5528 3497 5600 παραίτιος.
3517 5548 3533 5563 ο
