  <div class='ocr_page' id='page_1' title='image "/cluster/home/n/w/nwhite01/storage/ocr_20150623/140/pst.000005714568/425.png"; bbox 0 0 4032 6308; ppageno 0'>
   <div class='ocr_carea' id='block_1_1' title="bbox 487 281 3873 360">
    <p class='ocr_par' dir='ltr' id='par_1_1' title="bbox 487 281 3873 360">
     <span class='ocr_line' id='line_1_1' title="bbox 487 281 3873 360; baseline -0.001 -19"><span class='ocrx_word' id='word_1_1' title='bbox 487 284 592 342; x_wconf 73' lang='lat' dir='ltr'><strong><em>m</em></strong></span> <span class='ocrx_word' id='word_1_2' title='bbox 1871 285 2230 348; x_wconf 81' lang='lat' dir='ltr'><strong><em>THEODORI</em></strong></span> <span class='ocrx_word' id='word_1_3' title='bbox 2265 288 2314 360; x_wconf 73' lang='grc' dir='ltr'><strong><em>ιι</em></strong></span> <span class='ocrx_word' id='word_1_4' title='bbox 2349 289 2488 350; x_wconf 71' lang='grc' dir='ltr'><strong><em>ιω).</em></strong></span> <span class='ocrx_word' id='word_1_5' title='bbox 3753 281 3873 352; x_wconf 64' lang='grc'><strong><em>’164</em></strong></span> 
     </span>
    </p>
   </div>
   <div class='ocr_carea' id='block_1_2' title="bbox 484 405 3870 482">
    <p class='ocr_par' dir='ltr' id='par_1_2' title="bbox 484 405 3870 482">
     <span class='ocr_line' id='line_1_2' title="bbox 484 405 3870 482; baseline -0.001 -18"><span class='ocrx_word' id='word_1_6' title='bbox 484 406 941 479; x_wconf 82' lang='lat' dir='ltr'><strong><em>videatur;quia</em></strong></span> <span class='ocrx_word' id='word_1_7' title='bbox 951 408 1289 474; x_wconf 78' lang='lat' dir='ltr'><strong><em>nominibus</em></strong></span> <span class='ocrx_word' id='word_1_8' title='bbox 1303 410 1532 472; x_wconf 74' lang='lat' dir='ltr'><strong><em>scilicet</em></strong></span> <span class='ocrx_word' id='word_1_9' title='bbox 1546 411 1881 480; x_wconf 75' lang='lat' dir='ltr'><strong><em>praesertim</em></strong></span> <span class='ocrx_word' id='word_1_10' title='bbox 1895 411 2229 480; x_wconf 81' lang='lat' dir='ltr'><strong><em>compositis</em></strong></span> <span class='ocrx_word' id='word_1_11' title='bbox 2245 415 2433 468; x_wconf 90' lang='lat' dir='ltr'><strong><em>totum</em></strong></span> <span class='ocrx_word' id='word_1_12' title='bbox 2453 414 2687 468; x_wconf 79' lang='lat' dir='ltr'><strong><em>constat</em></strong></span> <span class='ocrx_word' id='word_1_13' title='bbox 2699 423 2832 482; x_wconf 71' lang='lat' dir='ltr'><strong><em>quae</em></strong></span> <span class='ocrx_word' id='word_1_14' title='bbox 2848 408 3038 465; x_wconf 87' lang='lat' dir='ltr'><strong><em>latine</em></strong></span> <span class='ocrx_word' id='word_1_15' title='bbox 3067 421 3337 476; x_wconf 69' lang='lat' dir='ltr'><strong><em>expressa</em></strong></span> <span class='ocrx_word' id='word_1_16' title='bbox 3348 421 3468 462; x_wconf 87' lang='lat' dir='ltr'><strong><em>non</em></strong></span> <span class='ocrx_word' id='word_1_17' title='bbox 3497 405 3870 478; x_wconf 82' lang='lat' dir='ltr'><strong><em>elegantiam</em></strong></span> 
     </span>
    </p>
   </div>
   <div class='ocr_carea' id='block_1_3' title="bbox 491 493 3866 568">
    <p class='ocr_par' dir='ltr' id='par_1_3' title="bbox 491 493 3866 568">
     <span class='ocr_line' id='line_1_3' title="bbox 491 493 3866 568; baseline -0.002 -16"><span class='ocrx_word' id='word_1_18' title='bbox 491 497 922 564; x_wconf 85' lang='lat' dir='ltr'><strong><em>tantummodo,</em></strong></span> <span class='ocrx_word' id='word_1_19' title='bbox 947 512 1149 553; x_wconf 86' lang='lat' dir='ltr'><strong><em>verum</em></strong></span> <span class='ocrx_word' id='word_1_20' title='bbox 1163 502 1339 554; x_wconf 89' lang='lat' dir='ltr'><strong><em>etiam</em></strong></span> <span class='ocrx_word' id='word_1_21' title='bbox 1353 501 1469 555; x_wconf 87' lang='lat' dir='ltr'><strong><em>vim</em></strong></span> <span class='ocrx_word' id='word_1_22' title='bbox 1499 514 1651 568; x_wconf 71' lang='lat' dir='ltr'><strong><em>saepe</em></strong></span> <span class='ocrx_word' id='word_1_23' title='bbox 1679 514 1843 555; x_wconf 87' lang='lat' dir='ltr'><strong><em>suam</em></strong></span> <span class='ocrx_word' id='word_1_24' title='bbox 1866 500 2212 556; x_wconf 78' lang='lat' dir='ltr'><strong><em>viderentur</em></strong></span> <span class='ocrx_word' id='word_1_25' title='bbox 2244 501 2517 556; x_wconf 87' lang='lat' dir='ltr'><strong><em>amittere</em></strong></span> <span class='ocrx_word' id='word_1_26' title='bbox 2534 506 2638 555; x_wconf 90' lang='lat' dir='ltr'><strong><em>aut</em></strong></span> <span class='ocrx_word' id='word_1_27' title='bbox 2653 499 2989 568; x_wconf 83' lang='lat' dir='ltr'><strong><em>infringere</em></strong></span> <span class='ocrx_word' id='word_1_28' title='bbox 3004 497 3101 566; x_wconf 89' lang='lat' dir='ltr'><strong><em>(a).</em></strong></span> <span class='ocrx_word' id='word_1_29' title='bbox 3129 498 3384 551; x_wconf 84' lang='lat' dir='ltr'><strong><em>Locutus</em></strong></span> <span class='ocrx_word' id='word_1_30' title='bbox 3397 500 3476 550; x_wconf 86' lang='lat' dir='ltr'><strong><em>est</em></strong></span> <span class='ocrx_word' id='word_1_31' title='bbox 3507 494 3553 548; x_wconf 80' lang='grc' dir='ltr'><em>Α</em></span> <span class='ocrx_word' id='word_1_32' title='bbox 3569 494 3785 548; x_wconf 80' lang='lat' dir='ltr'><strong><em>(latius</em></strong></span> <span class='ocrx_word' id='word_1_33' title='bbox 3804 493 3866 546; x_wconf 84' lang='lat' dir='ltr'><strong><em>in</em></strong></span> 
     </span>
    </p>
   </div>
   <div class='ocr_carea' id='block_1_4' title="bbox 484 584 3866 658">
    <p class='ocr_par' dir='ltr' id='par_1_4' title="bbox 484 584 3866 658">
     <span class='ocr_line' id='line_1_4' title="bbox 484 584 3866 658; baseline -0.001 -19"><span class='ocrx_word' id='word_1_34' title='bbox 484 585 1277 654; x_wconf 75' lang='lat' dir='ltr'><strong><em>prwcedentedissertatione</em></strong></span> <span class='ocrx_word' id='word_1_35' title='bbox 1296 605 1352 642; x_wconf 78' lang='grc' dir='ltr'><strong><em>π.</em></strong></span> <span class='ocrx_word' id='word_1_36' title='bbox 1373 587 1666 646; x_wconf 84' lang='lat' dir='ltr'><strong><em>CXXXII</em></strong></span> <span class='ocrx_word' id='word_1_37' title='bbox 1677 589 1747 643; x_wconf 90' lang='lat' dir='ltr'><strong><em>de</em></strong></span> <span class='ocrx_word' id='word_1_38' title='bbox 1771 588 1988 644; x_wconf 85' lang='lat' dir='ltr'><strong><em>inedita</em></strong></span> <span class='ocrx_word' id='word_1_39' title='bbox 2002 603 2167 658; x_wconf 81' lang='lat' dir='ltr'><strong><em>Opere</em></strong></span> <span class='ocrx_word' id='word_1_40' title='bbox 2190 589 2483 644; x_wconf 83' lang='lat' dir='ltr'><strong><em>Theodori</em></strong></span> <span class='ocrx_word' id='word_1_41' title='bbox 2481 589 2748 658; x_wconf 86' lang='lat' dir='ltr'><strong><em>junioris</em></strong></span> <span class='ocrx_word' id='word_1_42' title='bbox 2765 588 2945 642; x_wconf 74' lang='lat' dir='ltr'><strong><em>Daca:</em></strong></span> <span class='ocrx_word' id='word_1_43' title='bbox 2975 586 3248 640; x_wconf 87' lang='lat' dir='ltr'><strong><em>Lascaris</em></strong></span> <span class='ocrx_word' id='word_1_44' title='bbox 3260 587 3427 653; x_wconf 87' lang='lat' dir='ltr'><strong><em>imp.,</em></strong></span> <span class='ocrx_word' id='word_1_45' title='bbox 3451 584 3518 638; x_wconf 90' lang='lat' dir='ltr'><strong><em>id</em></strong></span> <span class='ocrx_word' id='word_1_46' title='bbox 3528 590 3611 638; x_wconf 90' lang='lat' dir='ltr'><strong><em>est</em></strong></span> <span class='ocrx_word' id='word_1_47' title='bbox 3630 584 3703 638; x_wconf 89' lang='lat' dir='ltr'><strong><em>de</em></strong></span> <span class='ocrx_word' id='word_1_48' title='bbox 3732 585 3866 653; x_wconf 83' lang='lat' dir='ltr'><strong><em>ejus</em></strong></span> 
     </span>
    </p>
   </div>
   <div class='ocr_carea' id='block_1_5' title="bbox 490 673 3864 747">
    <p class='ocr_par' dir='ltr' id='par_1_5' title="bbox 490 673 3864 747">
     <span class='ocr_line' id='line_1_5' title="bbox 490 673 3864 747; baseline -0.001 -19"><span class='ocrx_word' id='word_1_49' title='bbox 490 673 800 742; x_wconf 69' lang='lat' dir='ltr'><strong><em>theologica</em></strong></span> <span class='ocrx_word' id='word_1_50' title='bbox 827 673 1193 732; x_wconf 58' lang='lat' dir='ltr'><strong><em>Christianae</em></strong></span> <span class='ocrx_word' id='word_1_51' title='bbox 1214 675 1383 736; x_wconf 81' lang='lat' dir='ltr'><strong><em>libris</em></strong></span> <span class='ocrx_word' id='word_1_52' title='bbox 1417 683 1655 745; x_wconf 86' lang='lat' dir='ltr'><strong><em>septem;</em></strong></span> <span class='ocrx_word' id='word_1_53' title='bbox 1678 678 1785 747; x_wconf 88' lang='lat' dir='ltr'><strong><em>qui</em></strong></span> <span class='ocrx_word' id='word_1_54' title='bbox 1809 683 2005 733; x_wconf 89' lang='lat' dir='ltr'><strong><em>tamen</em></strong></span> <span class='ocrx_word' id='word_1_55' title='bbox 2038 693 2244 746; x_wconf 79' lang='lat' dir='ltr'><strong><em>reapse</em></strong></span> <span class='ocrx_word' id='word_1_56' title='bbox 2269 683 2398 733; x_wconf 91' lang='lat' dir='ltr'><strong><em>octo</em></strong></span> <span class='ocrx_word' id='word_1_57' title='bbox 2425 683 2586 746; x_wconf 90' lang='lat' dir='ltr'><strong><em>sunt,</em></strong></span> <span class='ocrx_word' id='word_1_58' title='bbox 2618 683 2683 730; x_wconf 87' lang='lat' dir='ltr'><strong><em>ut</em></strong></span> <span class='ocrx_word' id='word_1_59' title='bbox 2705 676 2858 730; x_wconf 89' lang='lat' dir='ltr'><strong><em>idem</em></strong></span> <span class='ocrx_word' id='word_1_60' title='bbox 2891 675 3146 730; x_wconf 85' lang='lat' dir='ltr'><strong><em>Altatius</em></strong></span> <span class='ocrx_word' id='word_1_61' title='bbox 3171 675 3234 728; x_wconf 88' lang='lat' dir='ltr'><strong><em>in</em></strong></span> <span class='ocrx_word' id='word_1_62' title='bbox 3256 688 3428 742; x_wconf 87' lang='lat' dir='ltr'><strong><em>opere</em></strong></span> <span class='ocrx_word' id='word_1_63' title='bbox 3449 673 3522 728; x_wconf 88' lang='lat' dir='ltr'><strong><em>de</em></strong></span> <span class='ocrx_word' id='word_1_64' title='bbox 3561 687 3864 727; x_wconf 86' lang='lat' dir='ltr'><strong><em>consensu</em></strong></span> 
     </span>
    </p>
   </div>
   <div class='ocr_carea' id='block_1_6' title="bbox 489 761 3863 838">
    <p class='ocr_par' dir='ltr' id='par_1_6' title="bbox 489 761 3863 838">
     <span class='ocr_line' id='line_1_6' title="bbox 489 761 3863 838; baseline -0.001 -20"><span class='ocrx_word' id='word_1_65' title='bbox 489 763 1060 818; x_wconf 82' lang='lat' dir='ltr'><strong><em>col.722correctius</em></strong></span> <span class='ocrx_word' id='word_1_66' title='bbox 1098 765 1359 832; x_wconf 82' lang='lat' dir='ltr'><strong><em>scripsit.</em></strong></span> <span class='ocrx_word' id='word_1_67' title='bbox 1393 766 1562 820; x_wconf 73' lang='lat' dir='ltr'><strong><em>Dixit</em></strong></span> <span class='ocrx_word' id='word_1_68' title='bbox 1592 767 1771 822; x_wconf 88' lang='lat' dir='ltr'><strong><em>etiam</em></strong></span> <span class='ocrx_word' id='word_1_69' title='bbox 1786 766 1859 824; x_wconf 89' lang='lat' dir='ltr'><strong><em>de</em></strong></span> <span class='ocrx_word' id='word_1_70' title='bbox 1887 765 2086 821; x_wconf 78' lang='lat' dir='ltr'><strong><em>codice</em></strong></span> <span class='ocrx_word' id='word_1_71' title='bbox 2117 768 2242 822; x_wconf 83' lang='lat' dir='ltr'><strong><em>Vat.</em></strong></span> <span class='ocrx_word' id='word_1_72' title='bbox 2276 767 2431 823; x_wconf 78' lang='grc'><strong>1113.</strong></span> <span class='ocrx_word' id='word_1_73' title='bbox 2465 781 2635 838; x_wconf 86' lang='lat' dir='ltr'><strong><em>quem</em></strong></span> <span class='ocrx_word' id='word_1_74' title='bbox 2658 780 2760 838; x_wconf 89' lang='lat' dir='ltr'><strong><em>ego</em></strong></span> <span class='ocrx_word' id='word_1_75' title='bbox 2790 779 2985 832; x_wconf 85' lang='lat' dir='ltr'><strong><em>nuper</em></strong></span> <span class='ocrx_word' id='word_1_76' title='bbox 3013 761 3351 832; x_wconf 85' lang='lat' dir='ltr'><strong><em>observans,</em></strong></span> <span class='ocrx_word' id='word_1_77' title='bbox 3383 763 3531 817; x_wconf 83' lang='lat' dir='ltr'><strong><em>satis</em></strong></span> <span class='ocrx_word' id='word_1_78' title='bbox 3578 761 3863 816; x_wconf 90' lang='lat' dir='ltr'><strong><em>lacerum</em></strong></span> 
     </span>
    </p>
   </div>
   <div class='ocr_carea' id='block_1_7' title="bbox 486 849 3863 927">
    <p class='ocr_par' dir='ltr' id='par_1_7' title="bbox 486 849 3863 927">
     <span class='ocr_line' id='line_1_7' title="bbox 486 849 3863 927; baseline -0.001 -22"><span class='ocrx_word' id='word_1_79' title='bbox 486 850 746 918; x_wconf 89' lang='lat' dir='ltr'><strong><em>comperi</em></strong></span> <span class='ocrx_word' id='word_1_80' title='bbox 759 855 812 906; x_wconf 91' lang='lat' dir='ltr'><strong><em>et</em></strong></span> <span class='ocrx_word' id='word_1_81' title='bbox 843 851 1090 908; x_wconf 84' lang='lat' dir='ltr'><strong><em>madore</em></strong></span> <span class='ocrx_word' id='word_1_82' title='bbox 1113 859 1486 924; x_wconf 86' lang='lat' dir='ltr'><strong><em>corruptum.</em></strong></span> <span class='ocrx_word' id='word_1_83' title='bbox 1505 855 1691 909; x_wconf 88' lang='lat' dir='ltr'><strong><em>Porro</em></strong></span> <span class='ocrx_word' id='word_1_84' title='bbox 1717 855 1897 926; x_wconf 87' lang='lat' dir='ltr'><strong><em>hujus</em></strong></span> <span class='ocrx_word' id='word_1_85' title='bbox 1914 858 2063 926; x_wconf 81' lang='lat' dir='ltr'><strong><em>regii</em></strong></span> <span class='ocrx_word' id='word_1_86' title='bbox 2089 855 2350 926; x_wconf 84' lang='lat' dir='ltr'><strong><em>theologi</em></strong></span> <span class='ocrx_word' id='word_1_87' title='bbox 2370 855 2499 927; x_wconf 89' lang='lat' dir='ltr'><strong><em>(qui</em></strong></span> <span class='ocrx_word' id='word_1_88' title='bbox 2516 855 2830 924; x_wconf 84' lang='lat' dir='ltr'><strong><em>imperavit</em></strong></span> <span class='ocrx_word' id='word_1_89' title='bbox 2865 853 3088 910; x_wconf 65' lang='lat' dir='ltr'><strong><em>Nica’te</em></strong></span> <span class='ocrx_word' id='word_1_90' title='bbox 3110 852 3178 906; x_wconf 85' lang='lat' dir='ltr'><strong><em>ab</em></strong></span> <span class='ocrx_word' id='word_1_91' title='bbox 3213 867 3374 908; x_wconf 88' lang='lat' dir='ltr'><strong><em>anno</em></strong></span> <span class='ocrx_word' id='word_1_92' title='bbox 3403 851 3532 906; x_wconf 82' lang='lat' dir='ltr'><strong><em>I255</em></strong></span> <span class='ocrx_word' id='word_1_93' title='bbox 3569 851 3654 908; x_wconf 89' lang='lat' dir='ltr'><strong><em>ad</em></strong></span> <span class='ocrx_word' id='word_1_94' title='bbox 3693 849 3863 922; x_wconf 77' lang='grc'><strong><em>1259)</em></strong></span> 
     </span>
    </p>
   </div>
   <div class='ocr_carea' id='block_1_8' title="bbox 489 936 3863 1016">
    <p class='ocr_par' dir='ltr' id='par_1_8' title="bbox 489 936 3863 1016">
     <span class='ocr_line' id='line_1_8' title="bbox 489 936 3863 1016; baseline -0 -24"><span class='ocrx_word' id='word_1_95' title='bbox 489 953 673 992; x_wconf 87' lang='lat' dir='ltr'><strong><em>unum</em></strong></span> <span class='ocrx_word' id='word_1_96' title='bbox 688 939 892 994; x_wconf 90' lang='lat' dir='ltr'><strong><em>saltem</em></strong></span> <span class='ocrx_word' id='word_1_97' title='bbox 904 955 980 996; x_wconf 73' lang='lat' dir='ltr'><strong><em>ex</em></strong></span> <span class='ocrx_word' id='word_1_98' title='bbox 1001 946 1129 996; x_wconf 91' lang='lat' dir='ltr'><strong><em>octo</em></strong></span> <span class='ocrx_word' id='word_1_99' title='bbox 1143 943 1309 1004; x_wconf 86' lang='lat' dir='ltr'><strong><em>libris</em></strong></span> <span class='ocrx_word' id='word_1_100' title='bbox 1321 941 1486 999; x_wconf 86' lang='lat' dir='ltr'><strong><em>edere</em></strong></span> <span class='ocrx_word' id='word_1_101' title='bbox 1497 945 1820 1008; x_wconf 77' lang='lat' dir='ltr'><strong><em>constituit,</em></strong></span> <span class='ocrx_word' id='word_1_102' title='bbox 1853 960 1888 1016; x_wconf 90' lang='lat' dir='ltr'><strong><em>q</em></strong></span> <span class='ocrx_word' id='word_1_103' title='bbox 1901 945 1965 998; x_wconf 89' lang='lat' dir='ltr'><strong><em>ui</em></strong></span> <span class='ocrx_word' id='word_1_104' title='bbox 1976 958 2107 1012; x_wconf 72' lang='lat' dir='ltr'><strong><em>pro?</em></strong></span> <span class='ocrx_word' id='word_1_105' title='bbox 2131 946 2361 1000; x_wconf 77' lang='lat' dir='ltr'><strong><em>cteteris</em></strong></span> <span class='ocrx_word' id='word_1_106' title='bbox 2379 945 2728 1012; x_wconf 86' lang='lat' dir='ltr'><strong><em>conspicuus</em></strong></span> <span class='ocrx_word' id='word_1_107' title='bbox 2743 955 3042 1012; x_wconf 80' lang='lat' dir='ltr'><strong><em>sanusque</em></strong></span> <span class='ocrx_word' id='word_1_108' title='bbox 3053 941 3116 994; x_wconf 91' lang='lat' dir='ltr'><strong><em>in</em></strong></span> <span class='ocrx_word' id='word_1_109' title='bbox 3147 940 3344 996; x_wconf 90' lang='lat' dir='ltr'><strong><em>codice</em></strong></span> <span class='ocrx_word' id='word_1_110' title='bbox 3369 944 3475 1016; x_wconf 85' lang='lat' dir='ltr'><strong><em>est;</em></strong></span> <span class='ocrx_word' id='word_1_111' title='bbox 3496 945 3552 995; x_wconf 91' lang='lat' dir='ltr'><strong><em>et</em></strong></span> <span class='ocrx_word' id='word_1_112' title='bbox 3567 939 3679 1009; x_wconf 88' lang='lat' dir='ltr'><strong><em>qui</em></strong></span> <span class='ocrx_word' id='word_1_113' title='bbox 3697 936 3863 1012; x_wconf 79' lang='lat' dir='ltr'><strong><em>hanc</em></strong></span> 
     </span>
    </p>
   </div>
   <div class='ocr_carea' id='block_1_9' title="bbox 491 1026 3862 1108">
    <p class='ocr_par' dir='ltr' id='par_1_9' title="bbox 491 1026 3862 1108">
     <span class='ocr_line' id='line_1_9' title="bbox 491 1026 3862 1108; baseline -0.001 -26"><span class='ocrx_word' id='word_1_114' title='bbox 491 1031 650 1082; x_wconf 90' lang='lat' dir='ltr'><strong><em>certe</em></strong></span> <span class='ocrx_word' id='word_1_115' title='bbox 659 1027 981 1086; x_wconf 88' lang='lat' dir='ltr'><strong><em>utilitatem</em></strong></span> <span class='ocrx_word' id='word_1_116' title='bbox 992 1031 1235 1096; x_wconf 62' lang='lat' dir='ltr'><strong><em>praebet,</em></strong></span> <span class='ocrx_word' id='word_1_117' title='bbox 1250 1036 1317 1088; x_wconf 91' lang='lat' dir='ltr'><strong><em>ut</em></strong></span> <span class='ocrx_word' id='word_1_118' title='bbox 1334 1032 1602 1088; x_wconf 88' lang='lat' dir='ltr'><strong><em>Pollucis</em></strong></span> <span class='ocrx_word' id='word_1_119' title='bbox 1625 1031 2036 1087; x_wconf 88' lang='lat' dir='ltr'><strong><em>Onomasticon</em></strong></span> <span class='ocrx_word' id='word_1_120' title='bbox 2051 1047 2122 1087; x_wconf 94' lang='lat' dir='ltr'><strong><em>ac</em></strong></span> <span class='ocrx_word' id='word_1_121' title='bbox 2135 1033 2490 1108; x_wconf 80' lang='lat' dir='ltr'><strong><em>Dionysium</em></strong></span> <span class='ocrx_word' id='word_1_122' title='bbox 2510 1033 2597 1086; x_wconf 89' lang='lat' dir='ltr'><strong><em>De</em></strong></span> <span class='ocrx_word' id='word_1_123' title='bbox 2609 1031 2826 1085; x_wconf 82' lang='lat' dir='ltr'><strong><em>divinis</em></strong></span> <span class='ocrx_word' id='word_1_124' title='bbox 2843 1027 3268 1092; x_wconf 83' lang='lat' dir='ltr'><strong><em>nominibus,et</em></strong></span> <span class='ocrx_word' id='word_1_125' title='bbox 3294 1042 3490 1098; x_wconf 64' lang='lat' dir='ltr'><strong><em>gra’ca</em></strong></span> <span class='ocrx_word' id='word_1_126' title='bbox 3523 1026 3862 1098; x_wconf 86' lang='lat' dir='ltr'><strong><em>generatim</em></strong></span> 
     </span>
    </p>
   </div>
   <div class='ocr_carea' id='block_1_10' title="bbox 491 1116 3862 1192">
    <p class='ocr_par' dir='ltr' id='par_1_10' title="bbox 491 1116 3862 1192">
     <span class='ocr_line' id='line_1_10' title="bbox 491 1116 3862 1192; baseline -0.002 -22"><span class='ocrx_word' id='word_1_127' title='bbox 491 1116 1028 1184; x_wconf 72' lang='lat' dir='ltr'><strong><em>lexica,permultis</em></strong></span> <span class='ocrx_word' id='word_1_128' title='bbox 1045 1118 1347 1174; x_wconf 87' lang='lat' dir='ltr'><strong><em>vocabulis</em></strong></span> <span class='ocrx_word' id='word_1_129' title='bbox 1365 1120 1838 1192; x_wconf 66' lang='lat' dir='ltr'><strong><em>locupletet,qua’</em></strong></span> <span class='ocrx_word' id='word_1_130' title='bbox 1849 1122 2232 1190; x_wconf 89' lang='lat' dir='ltr'><strong><em>grammatici</em></strong></span> <span class='ocrx_word' id='word_1_131' title='bbox 2247 1121 2478 1175; x_wconf 89' lang='lat' dir='ltr'><strong><em>curiose</em></strong></span> <span class='ocrx_word' id='word_1_132' title='bbox 2489 1118 2882 1176; x_wconf 79' lang='lat' dir='ltr'><strong><em>adnotabant.</em></strong></span> <span class='ocrx_word' id='word_1_133' title='bbox 2912 1118 3145 1172; x_wconf 88' lang='lat' dir='ltr'><strong><em>Titulus</em></strong></span> <span class='ocrx_word' id='word_1_134' title='bbox 3165 1118 3431 1171; x_wconf 85' lang='lat' dir='ltr'><strong><em>universi</em></strong></span> <span class='ocrx_word' id='word_1_135' title='bbox 3441 1116 3637 1186; x_wconf 82' lang='lat' dir='ltr'><strong><em>operis</em></strong></span> <span class='ocrx_word' id='word_1_136' title='bbox 3653 1120 3744 1170; x_wconf 86' lang='lat' dir='ltr'><strong><em>est</em></strong></span> <span class='ocrx_word' id='word_1_137' title='bbox 3757 1120 3862 1165; x_wconf 74' lang='grc' dir='ltr'><strong><em>τοῦ</em></strong></span> 
     </span>
    </p>
   </div>
   <div class='ocr_carea' id='block_1_11' title="bbox 493 1203 3868 1284">
    <p class='ocr_par' dir='ltr' id='par_1_11' title="bbox 493 1203 3867 1284">
     <span class='ocr_line' id='line_1_11' title="bbox 493 1203 3867 1284; baseline 0 -29"><span class='ocrx_word' id='word_1_138' title='bbox 493 1207 796 1275; x_wconf 59' lang='grc' dir='ltr'>σογλοτάτου</span> <span class='ocrx_word' id='word_1_139' title='bbox 856 1204 1116 1279; x_wconf 74' lang='grc' dir='ltr'><strong><em>βασιλέως</em></strong></span> <span class='ocrx_word' id='word_1_140' title='bbox 1174 1214 1338 1282; x_wconf 78' lang='grc' dir='ltr'>κυροᾶ</span> <span class='ocrx_word' id='word_1_141' title='bbox 1395 1204 1672 1280; x_wconf 72' lang='grc' dir='ltr'><strong><em>Θεοδώρου</em></strong></span> <span class='ocrx_word' id='word_1_142' title='bbox 1730 1212 1896 1260; x_wconf 78' lang='grc' dir='ltr'><strong><em>Δούκα</em></strong></span> <span class='ocrx_word' id='word_1_143' title='bbox 1941 1217 2033 1260; x_wconf 76' lang='grc' dir='ltr'><strong><em>τοῦ</em></strong></span> <span class='ocrx_word' id='word_1_144' title='bbox 2088 1210 2333 1281; x_wconf 81' lang='grc' dir='ltr'>Λάσκαρι</span> <span class='ocrx_word' id='word_1_145' title='bbox 2408 1216 2788 1283; x_wconf 79' lang='grc' dir='ltr'><strong><em>Χριστιανικῆς</em></strong></span> <span class='ocrx_word' id='word_1_146' title='bbox 2851 1206 3116 1278; x_wconf 71' lang='grc' dir='ltr'><strong><em>Θεολογίας</em></strong></span> <span class='ocrx_word' id='word_1_147' title='bbox 3197 1204 3339 1284; x_wconf 69' lang='grc' dir='ltr'>λόγοι</span> <span class='ocrx_word' id='word_1_148' title='bbox 3405 1203 3561 1255; x_wconf 69' lang='grc' dir='ltr'><strong><em>ὐκτὼ.</em></strong></span> <span class='ocrx_word' id='word_1_149' title='bbox 3648 1204 3867 1262; x_wconf 76' lang='lat' dir='ltr'><strong><em>Quarti</em></strong></span> 
     </span>
    </p>
   </div>
   <div class='ocr_carea' id='block_1_12' title="bbox 490 1294 2764 1368">
    <p class='ocr_par' dir='ltr' id='par_1_12' title="bbox 490 1294 2764 1368">
     <span class='ocr_line' id='line_1_12' title="bbox 490 1294 2764 1368; baseline 0 -20"><span class='ocrx_word' id='word_1_150' title='bbox 490 1299 689 1352; x_wconf 85' lang='lat' dir='ltr'><strong><em>autem</em></strong></span> <span class='ocrx_word' id='word_1_151' title='bbox 723 1294 866 1350; x_wconf 87' lang='lat' dir='ltr'><strong><em>libri</em></strong></span> <span class='ocrx_word' id='word_1_152' title='bbox 883 1295 988 1350; x_wconf 87' lang='lat' dir='ltr'><strong><em>ille</em></strong></span> <span class='ocrx_word' id='word_1_153' title='bbox 1019 1301 1106 1351; x_wconf 89' lang='lat' dir='ltr'><strong><em>est</em></strong></span> <span class='ocrx_word' id='word_1_154' title='bbox 1139 1297 1373 1361; x_wconf 88' lang='lat' dir='ltr'><strong><em>titulus,</em></strong></span> <span class='ocrx_word' id='word_1_155' title='bbox 1403 1312 1575 1368; x_wconf 87' lang='lat' dir='ltr'><strong><em>quem</em></strong></span> <span class='ocrx_word' id='word_1_156' title='bbox 1598 1298 1661 1351; x_wconf 87' lang='lat' dir='ltr'><strong><em>in</em></strong></span> <span class='ocrx_word' id='word_1_157' title='bbox 1701 1303 1908 1354; x_wconf 83' lang='lat' dir='ltr'><strong><em>nostra</em></strong></span> <span class='ocrx_word' id='word_1_158' title='bbox 1937 1298 2192 1354; x_wconf 88' lang='lat' dir='ltr'><strong><em>editione</em></strong></span> <span class='ocrx_word' id='word_1_159' title='bbox 2220 1313 2355 1352; x_wconf 78' lang='lat' dir='ltr'><strong><em>mox</em></strong></span> <span class='ocrx_word' id='word_1_160' title='bbox 2379 1298 2764 1368; x_wconf 85' lang='lat' dir='ltr'><strong><em>proferimus.</em></strong></span> 
     </span>
    </p>
   </div>
   <div class='ocr_carea' id='block_1_13' title="bbox 559 1417 2204 1488">
    <p class='ocr_par' dir='ltr' id='par_1_13' title="bbox 559 1417 2204 1488">
     <span class='ocr_line' id='line_1_13' title="bbox 559 1417 2204 1488; baseline 0.001 -13"><span class='ocrx_word' id='word_1_161' title='bbox 559 1418 639 1488; x_wconf 90' lang='lat' dir='ltr'><strong><em>(a)</em></strong></span> <span class='ocrx_word' id='word_1_162' title='bbox 669 1417 995 1488; x_wconf 88' lang='lat' dir='ltr'><strong><em>Prologum</em></strong></span> <span class='ocrx_word' id='word_1_163' title='bbox 1023 1423 1230 1478; x_wconf 86' lang='lat' dir='ltr'><strong><em>tamen</em></strong></span> <span class='ocrx_word' id='word_1_164' title='bbox 1265 1421 1465 1477; x_wconf 82' lang='lat' dir='ltr'><strong><em>Latine</em></strong></span> <span class='ocrx_word' id='word_1_165' title='bbox 1491 1421 1795 1478; x_wconf 73' lang='lat' dir='ltr'><strong><em>vertimus.</em></strong></span> <span class='ocrx_word' id='word_1_166' title='bbox 1841 1423 1992 1477; x_wconf 76' lang='lat' dir='ltr'><strong><em>Enn.</em></strong></span> <span class='ocrx_word' id='word_1_167' title='bbox 2035 1425 2204 1478; x_wconf 73' lang='lat' dir='ltr'><strong><em>Pun.</em></strong></span> 
     </span>
    </p>
   </div>
   <div class='ocr_carea' id='block_1_14' title="bbox 1538 1736 2817 1828">
    <p class='ocr_par' dir='ltr' id='par_1_14' title="bbox 1538 1736 2817 1828">
     <span class='ocr_line' id='line_1_14' title="bbox 1538 1736 2817 1828; baseline -0.003 -24"><span class='ocrx_word' id='word_1_168' title='bbox 1538 1739 1714 1804; x_wconf 89' lang='grc' dir='ltr'><strong><em>ΤΟΥ</em></strong></span> <span class='ocrx_word' id='word_1_169' title='bbox 1767 1738 2308 1804; x_wconf 87' lang='grc' dir='ltr'><strong><em>ΣΟΦΩΤΑΤΟΥ</em></strong></span> <span class='ocrx_word' id='word_1_170' title='bbox 2361 1736 2817 1828; x_wconf 71' lang='grc' dir='ltr'><strong><em>ΒΑΣΙΛΕΩΣ</em></strong></span> 
     </span>
    </p>
   </div>
   <div class='ocr_carea' id='block_1_15' title="bbox 690 1915 3637 2094">
    <p class='ocr_par' dir='ltr' id='par_1_15' title="bbox 690 1915 3637 2094">
     <span class='ocr_line' id='line_1_15' title="bbox 690 1915 3637 2094; baseline -0.002 -4"><span class='ocrx_word' id='word_1_171' title='bbox 690 1918 1453 2093; x_wconf 87' lang='grc' dir='ltr'>ΚΥΡΟΥ</span> <span class='ocrx_word' id='word_1_172' title='bbox 1527 1915 2768 2094; x_wconf 83' lang='grc' dir='ltr'><strong><em>ΘΕΟΔΩΡΟΥ</em></strong></span> <span class='ocrx_word' id='word_1_173' title='bbox 2856 1916 3637 2090; x_wconf 83' lang='grc' dir='ltr'>ΔΟΥΚΑ</span> 
     </span>
    </p>
   </div>
   <div class='ocr_carea' id='block_1_16' title="bbox 1536 2219 2813 2362">
    <p class='ocr_par' dir='ltr' id='par_1_16' title="bbox 1536 2219 2813 2362">
     <span class='ocr_line' id='line_1_16' title="bbox 1536 2219 2813 2362; baseline -0.003 -26"><span class='ocrx_word' id='word_1_174' title='bbox 1536 2222 1886 2362; x_wconf 82' lang='grc' dir='ltr'>ΤΟΥ.</span> <span class='ocrx_word' id='word_1_175' title='bbox 2019 2219 2813 2344; x_wconf 84' lang='grc' dir='ltr'><strong>ΛΑΣΚΑΡΙ</strong></span> 
     </span>
    </p>
   </div>
   <div class='ocr_carea' id='block_1_17' title="bbox 1095 2464 3255 2558">
    <p class='ocr_par' dir='ltr' id='par_1_17' title="bbox 1095 2464 3255 2558">
     <span class='ocr_line' id='line_1_17' title="bbox 1095 2464 3255 2558; baseline -0 -7"><span class='ocrx_word' id='word_1_176' title='bbox 1095 2465 1487 2554; x_wconf 89' lang='grc' dir='ltr'><strong><em>ΛΟΓΟΣ</em></strong></span> <span class='ocrx_word' id='word_1_177' title='bbox 1561 2468 2140 2556; x_wconf 89' lang='grc' dir='ltr'><strong><em>ΤΕΤΑΡΤΟΣ</em></strong></span> <span class='ocrx_word' id='word_1_178' title='bbox 2215 2469 2486 2558; x_wconf 92' lang='grc' dir='ltr'><strong><em>ΠΕΡΙ</em></strong></span> <span class='ocrx_word' id='word_1_179' title='bbox 2563 2464 3255 2558; x_wconf 76' lang='grc' dir='ltr'><strong><em>ΘΕΩΝΥΜΙΑΣο</em></strong></span> 
     </span>
    </p>
   </div>
   <div class='ocr_carea' id='block_1_18' title="bbox 1789 2754 2573 2825">
    <p class='ocr_par' dir='ltr' id='par_1_18' title="bbox 1789 2754 2573 2825">
     <span class='ocr_line' id='line_1_18' title="bbox 1789 2754 2573 2825; baseline 0 -2"><span class='ocrx_word' id='word_1_180' title='bbox 1789 2757 2044 2824; x_wconf 88' lang='lat' dir='ltr'><strong>REGIS</strong></span> <span class='ocrx_word' id='word_1_181' title='bbox 2091 2754 2573 2825; x_wconf 88' lang='lat' dir='ltr'><strong><em>DOCTISSIMI</em></strong></span> 
     </span>
    </p>
   </div>
   <div class='ocr_carea' id='block_1_19' title="bbox 956 2965 3370 3109">
    <p class='ocr_par' dir='ltr' id='par_1_19' title="bbox 956 2965 3370 3109">
     <span class='ocr_line' id='line_1_19' title="bbox 956 2965 3370 3109; baseline 0.002 -7"><span class='ocrx_word' id='word_1_182' title='bbox 956 2965 1644 3106; x_wconf 89' lang='lat' dir='ltr'><strong><em>DOMINI</em></strong></span> <span class='ocrx_word' id='word_1_183' title='bbox 1733 2969 2703 3109; x_wconf 82' lang='lat' dir='ltr'><strong><em>THEODORI</em></strong></span> <span class='ocrx_word' id='word_1_184' title='bbox 2801 2969 3370 3108; x_wconf 54' lang='lat' dir='ltr'><strong><em>DUCziE</em></strong></span> 
     </span>
    </p>
   </div>
   <div class='ocr_carea' id='block_1_20' title="bbox 892 3246 3533 3368">
    <p class='ocr_par' dir='ltr' id='par_1_20' title="bbox 892 3246 3533 3368">
     <span class='ocr_line' id='line_1_20' title="bbox 892 3246 3533 3368; baseline 0 -28"><span class='ocrx_word' id='word_1_185' title='bbox 892 3246 1318 3344; x_wconf 88' lang='lat' dir='ltr'><strong>SERMO</strong></span> <span class='ocrx_word' id='word_1_186' title='bbox 1388 3248 1986 3368; x_wconf 85' lang='lat' dir='ltr'><strong><em>QUARTUS</em></strong></span> <span class='ocrx_word' id='word_1_187' title='bbox 2042 3248 2207 3344; x_wconf 92' lang='lat' dir='ltr'><strong>DE</strong></span> <span class='ocrx_word' id='word_1_188' title='bbox 2275 3249 2984 3346; x_wconf 91' lang='lat' dir='ltr'><strong><em>NOMINIBUS</em></strong></span> <span class='ocrx_word' id='word_1_189' title='bbox 3053 3246 3533 3344; x_wconf 79' lang='lat' dir='ltr'><strong><em>DIVINIS</em></strong></span> 
     </span>
    </p>
   </div>
   <div class='ocr_carea' id='block_1_21' title="bbox 556 3540 2148 3619">
    <p class='ocr_par' dir='ltr' id='par_1_21' title="bbox 556 3540 2135 3619">
     <span class='ocr_line' id='line_1_21' title="bbox 556 3540 2135 3619; baseline 0.005 -25"><span class='ocrx_word' id='word_1_190' title='bbox 556 3541 788 3596; x_wconf 89' lang='lat' dir='ltr'><strong><em>Numen</em></strong></span> <span class='ocrx_word' id='word_1_191' title='bbox 816 3540 1088 3598; x_wconf 90' lang='lat' dir='ltr'><strong><em>divinum</em></strong></span> <span class='ocrx_word' id='word_1_192' title='bbox 1117 3559 1255 3600; x_wconf 87' lang='lat' dir='ltr'><strong><em>cum</em></strong></span> <span class='ocrx_word' id='word_1_193' title='bbox 1277 3544 1548 3616; x_wconf 86' lang='lat' dir='ltr'><strong><em>diversis,</em></strong></span> <span class='ocrx_word' id='word_1_194' title='bbox 1579 3548 1708 3600; x_wconf 90' lang='lat' dir='ltr'><strong><em>tum</em></strong></span> <span class='ocrx_word' id='word_1_195' title='bbox 1744 3561 1866 3602; x_wconf 92' lang='lat' dir='ltr'><strong><em>non</em></strong></span> <span class='ocrx_word' id='word_1_196' title='bbox 1889 3544 2135 3619; x_wconf 84' lang='lat' dir='ltr'><strong><em>explici-</em></strong></span> 
     </span>
    </p>
   </div>
   <div class='ocr_carea' id='block_1_22' title="bbox 2256 3540 3848 3619">
    <p class='ocr_par' dir='ltr' id='par_1_22' title="bbox 2312 3541 3848 3618">
     <span class='ocr_line' id='line_1_22' title="bbox 2312 3541 3848 3618; baseline -0.005 -20"><span class='ocrx_word' id='word_1_197' title='bbox 2312 3545 2459 3598; x_wconf 78' lang='grc' dir='ltr'><strong><em>’Ππεὶ</em></strong></span> <span class='ocrx_word' id='word_1_198' title='bbox 2516 3541 2576 3598; x_wconf 73' lang='grc' dir='ltr'><strong><em>δὲ</em></strong></span> <span class='ocrx_word' id='word_1_199' title='bbox 2633 3550 2689 3598; x_wconf 87' lang='grc' dir='ltr'><strong><em>τὸ</em></strong></span> <span class='ocrx_word' id='word_1_200' title='bbox 2743 3553 2891 3599; x_wconf 80' lang='grc' dir='ltr'><strong><em>Θεῖον</em></strong></span> <span class='ocrx_word' id='word_1_201' title='bbox 2944 3547 3074 3618; x_wconf 79' lang='grc' dir='ltr'><strong><em>μετὰ</em></strong></span> <span class='ocrx_word' id='word_1_202' title='bbox 3126 3554 3226 3597; x_wconf 85' lang='grc' dir='ltr'><strong><em>τῶν</em></strong></span> <span class='ocrx_word' id='word_1_203' title='bbox 3279 3543 3439 3595; x_wconf 76' lang='grc' dir='ltr'>ἄλλων</span> <span class='ocrx_word' id='word_1_204' title='bbox 3489 3541 3848 3614; x_wconf 80' lang='grc' dir='ltr'><strong><em>πο).υωνύμως</em></strong></span> 
     </span>
    </p>
   </div>
   <div class='ocr_carea' id='block_1_23' title="bbox 486 3627 2078 3708">
    <p class='ocr_par' dir='ltr' id='par_1_23' title="bbox 486 3627 2078 3708">
     <span class='ocr_line' id='line_1_23' title="bbox 486 3627 2078 3708; baseline 0.003 -24"><span class='ocrx_word' id='word_1_205' title='bbox 486 3627 560 3684; x_wconf 87' lang='lat' dir='ltr'><strong><em>tis</em></strong></span> <span class='ocrx_word' id='word_1_206' title='bbox 577 3629 925 3694; x_wconf 82' lang='lat' dir='ltr'><strong><em>nominibus</em></strong></span> <span class='ocrx_word' id='word_1_207' title='bbox 956 3632 1310 3704; x_wconf 82' lang='lat' dir='ltr'><strong><em>appellatur,</em></strong></span> <span class='ocrx_word' id='word_1_208' title='bbox 1349 3633 1516 3706; x_wconf 90' lang='lat' dir='ltr'><strong><em>quod</em></strong></span> <span class='ocrx_word' id='word_1_209' title='bbox 1547 3635 1791 3708; x_wconf 88' lang='lat' dir='ltr'><strong><em>quidem</em></strong></span> <span class='ocrx_word' id='word_1_210' title='bbox 1822 3635 1978 3691; x_wconf 89' lang='lat' dir='ltr'><strong><em>illius</em></strong></span> <span class='ocrx_word' id='word_1_211' title='bbox 2007 3651 2078 3690; x_wconf 72' lang='lat' dir='ltr'><strong><em>m:</em></strong></span> 
     </span>
    </p>
   </div>
   <div class='ocr_carea' id='block_1_24' title="bbox 2260 3627 3852 3708">
    <p class='ocr_par' dir='ltr' id='par_1_24' title="bbox 2260 3634 3852 3708">
     <span class='ocr_line' id='line_1_24' title="bbox 2260 3634 3852 3708; baseline -0.003 -24"><span class='ocrx_word' id='word_1_212' title='bbox 2260 3637 2332 3685; x_wconf 74' lang='lat' dir='ltr'><strong><em>cui</em></strong></span> <span class='ocrx_word' id='word_1_213' title='bbox 2396 3636 2660 3706; x_wconf 83' lang='grc' dir='ltr'><strong><em>άνονύμως</em></strong></span> <span class='ocrx_word' id='word_1_214' title='bbox 2724 3634 3053 3708; x_wconf 76' lang='grc' dir='ltr'><strong><em>ὀνομάζεται·</em></strong></span> <span class='ocrx_word' id='word_1_215' title='bbox 3114 3641 3266 3686; x_wconf 79' lang='grc' dir='ltr'>τοῦτο</span> <span class='ocrx_word' id='word_1_216' title='bbox 3315 3635 3416 3706; x_wconf 70' lang='grc' dir='ltr'><strong><em>’γὰρ</em></strong></span> <span class='ocrx_word' id='word_1_217' title='bbox 3485 3638 3577 3692; x_wconf 82' lang='grc' dir='ltr'><strong><em>τῆς</em></strong></span> <span class='ocrx_word' id='word_1_218' title='bbox 3652 3635 3852 3682; x_wconf 81' lang='grc' dir='ltr'><strong><em>ἐκείνου</em></strong></span> 
     </span>
    </p>
   </div>
   <div class='ocr_carea' id='block_1_25' title="bbox 481 3716 2073 3797">
    <p class='ocr_par' dir='ltr' id='par_1_25' title="bbox 481 3716 2069 3796">
     <span class='ocr_line' id='line_1_25' title="bbox 481 3716 2069 3796; baseline 0.005 -26"><span class='ocrx_word' id='word_1_219' title='bbox 481 3716 684 3787; x_wconf 87' lang='lat' dir='ltr'><strong><em>jestati</em></strong></span> <span class='ocrx_word' id='word_1_220' title='bbox 715 3721 772 3773; x_wconf 87' lang='lat' dir='ltr'><strong><em>et</em></strong></span> <span class='ocrx_word' id='word_1_221' title='bbox 796 3723 1028 3776; x_wconf 66' lang='lat' dir='ltr'><strong><em>naturae</em></strong></span> <span class='ocrx_word' id='word_1_222' title='bbox 1068 3721 1335 3794; x_wconf 66' lang='lat' dir='ltr'><strong><em>mysticae</em></strong></span> <span class='ocrx_word' id='word_1_223' title='bbox 1367 3738 1437 3778; x_wconf 86' lang='lat' dir='ltr'><strong><em>ac</em></strong></span> <span class='ocrx_word' id='word_1_224' title='bbox 1459 3722 1792 3779; x_wconf 89' lang='lat' dir='ltr'><strong><em>celsitudini</em></strong></span> <span class='ocrx_word' id='word_1_225' title='bbox 1823 3725 2069 3796; x_wconf 87' lang='lat' dir='ltr'><strong><em>propriu</em></strong></span> 
     </span>
    </p>
   </div>
   <div class='ocr_carea' id='block_1_26' title="bbox 2259 3716 3851 3797">
    <p class='ocr_par' dir='ltr' id='par_1_26' title="bbox 2259 3722 3851 3797">
     <span class='ocr_line' id='line_1_26' title="bbox 2259 3722 3851 3797; baseline -0.003 -24"><span class='ocrx_word' id='word_1_226' title='bbox 2259 3722 2633 3794; x_wconf 70' lang='grc' dir='ltr'><strong><em>ιεγαλειοτητος</em></strong></span> <span class='ocrx_word' id='word_1_227' title='bbox 2673 3729 2762 3776; x_wconf 79' lang='lat' dir='ltr'><strong><em>xui.</em></strong></span> <span class='ocrx_word' id='word_1_228' title='bbox 2807 3731 2903 3786; x_wconf 83' lang='grc' dir='ltr'><strong><em>τῆς</em></strong></span> <span class='ocrx_word' id='word_1_229' title='bbox 2959 3726 3252 3797; x_wconf 74' lang='grc' dir='ltr'><strong><em>ὑπερφυοῦς</em></strong></span> <span class='ocrx_word' id='word_1_230' title='bbox 3302 3738 3722 3794; x_wconf 77' lang='grc' dir='ltr'><strong><em>κρυφιομυστιας</em></strong></span> <span class='ocrx_word' id='word_1_231' title='bbox 3757 3723 3851 3769; x_wconf 79' lang='lat' dir='ltr'><strong><em>xui</em></strong></span> 
     </span>
    </p>
   </div>
   <div class='ocr_carea' id='block_1_27' title="bbox 486 3805 2078 3887">
    <p class='ocr_par' dir='ltr' id='par_1_27' title="bbox 486 3808 2078 3886">
     <span class='ocr_line' id='line_1_27' title="bbox 486 3808 2078 3886; baseline 0.003 -24"><span class='ocrx_word' id='word_1_232' title='bbox 486 3809 593 3862; x_wconf 88' lang='lat' dir='ltr'><strong><em>est.</em></strong></span> <span class='ocrx_word' id='word_1_233' title='bbox 618 3808 696 3863; x_wconf 88' lang='lat' dir='ltr'><strong><em>Ea</em></strong></span> <span class='ocrx_word' id='word_1_234' title='bbox 729 3808 891 3864; x_wconf 88' lang='lat' dir='ltr'><strong><em>enim</em></strong></span> <span class='ocrx_word' id='word_1_235' title='bbox 917 3824 1012 3865; x_wconf 85' lang='lat' dir='ltr'><strong><em>res</em></strong></span> <span class='ocrx_word' id='word_1_236' title='bbox 1032 3810 1108 3866; x_wconf 89' lang='lat' dir='ltr'><strong><em>ad</em></strong></span> <span class='ocrx_word' id='word_1_237' title='bbox 1135 3813 1342 3867; x_wconf 85' lang='lat' dir='ltr'><strong><em>omnia</em></strong></span> <span class='ocrx_word' id='word_1_238' title='bbox 1369 3828 1506 3884; x_wconf 79' lang='lat' dir='ltr'><strong><em>quae</em></strong></span> <span class='ocrx_word' id='word_1_239' title='bbox 1539 3819 1678 3868; x_wconf 90' lang='lat' dir='ltr'><strong><em>sunt</em></strong></span> <span class='ocrx_word' id='word_1_240' title='bbox 1717 3817 1963 3886; x_wconf 83' lang='lat' dir='ltr'><strong><em>spectat,</em></strong></span> <span class='ocrx_word' id='word_1_241' title='bbox 2024 3829 2078 3868; x_wconf 66' lang='lat' dir='ltr'><strong><em>n1</em></strong></span> 
     </span>
    </p>
   </div>
   <div class='ocr_carea' id='block_1_28' title="bbox 2259 3805 3851 3887">
    <p class='ocr_par' dir='ltr' id='par_1_28' title="bbox 2259 3805 3851 3887">
     <span class='ocr_line' id='line_1_28' title="bbox 2259 3805 3851 3887; baseline -0.006 -20"><span class='ocrx_word' id='word_1_242' title='bbox 2259 3818 2336 3872; x_wconf 61' lang='grc' dir='ltr'><strong><em>πῆς</em></strong></span> <span class='ocrx_word' id='word_1_243' title='bbox 2413 3815 2729 3887; x_wconf 78' lang='grc' dir='ltr'><strong><em>ύπερφεροῦς</em></strong></span> <span class='ocrx_word' id='word_1_244' title='bbox 2790 3831 2844 3864; x_wconf 81' lang='grc' dir='ltr'><strong><em>τε</em></strong></span> <span class='ocrx_word' id='word_1_245' title='bbox 2924 3812 3309 3884; x_wconf 70' lang='grc' dir='ltr'><strong><em>λαμπαότητος,</em></strong></span> <span class='ocrx_word' id='word_1_246' title='bbox 3384 3805 3563 3866; x_wconf 76' lang='grc' dir='ltr'><strong><em>ἐπειδὴ</em></strong></span> <span class='ocrx_word' id='word_1_247' title='bbox 3632 3810 3851 3880; x_wconf 78' lang='grc' dir='ltr'><strong><em>μετὲχει</em></strong></span> 
     </span>
    </p>
   </div>
   <div class='ocr_carea' id='block_1_29' title="bbox 484 3896 2076 3973">
    <p class='ocr_par' dir='ltr' id='par_1_29' title="bbox 484 3897 2076 3973">
     <span class='ocr_line' id='line_1_29' title="bbox 484 3897 2076 3973; baseline 0.004 -24"><span class='ocrx_word' id='word_1_248' title='bbox 484 3897 691 3951; x_wconf 86' lang='lat' dir='ltr'><strong><em>tamen</em></strong></span> <span class='ocrx_word' id='word_1_249' title='bbox 720 3910 931 3952; x_wconf 90' lang='lat' dir='ltr'><strong><em>eorum</em></strong></span> <span class='ocrx_word' id='word_1_250' title='bbox 950 3914 1086 3972; x_wconf 73' lang='lat' dir='ltr'><strong><em>quae</em></strong></span> <span class='ocrx_word' id='word_1_251' title='bbox 1126 3906 1284 3965; x_wconf 88' lang='lat' dir='ltr'><strong><em>sunt,</em></strong></span> <span class='ocrx_word' id='word_1_252' title='bbox 1312 3901 1390 3956; x_wconf 83' lang='lat' dir='ltr'><strong><em>‘in</em></strong></span> <span class='ocrx_word' id='word_1_253' title='bbox 1441 3916 1694 3957; x_wconf 87' lang='lat' dir='ltr'><strong><em>numero</em></strong></span> <span class='ocrx_word' id='word_1_254' title='bbox 1750 3905 1856 3957; x_wconf 91' lang='lat' dir='ltr'><strong><em>est.</em></strong></span> <span class='ocrx_word' id='word_1_255' title='bbox 1894 3903 2076 3973; x_wconf 89' lang='lat' dir='ltr'><strong><em>Oport</em></strong></span> 
     </span>
    </p>
   </div>
   <div class='ocr_carea' id='block_1_30' title="bbox 2255 3896 3847 3973">
    <p class='ocr_par' dir='ltr' id='par_1_30' title="bbox 2255 3896 3847 3969">
     <span class='ocr_line' id='line_1_30' title="bbox 2255 3896 3847 3969; baseline -0.003 -18"><span class='ocrx_word' id='word_1_256' title='bbox 2255 3902 2448 3952; x_wconf 73' lang='grc' dir='ltr'><strong><em>πάντων</em></strong></span> <span class='ocrx_word' id='word_1_257' title='bbox 2511 3909 2611 3952; x_wconf 87' lang='grc' dir='ltr'><strong><em>τῶν</em></strong></span> <span class='ocrx_word' id='word_1_258' title='bbox 2681 3905 2858 3969; x_wconf 79' lang='grc' dir='ltr'><strong><em>ὄντων,</em></strong></span> <span class='ocrx_word' id='word_1_259' title='bbox 2921 3906 3011 3953; x_wconf 83' lang='grc' dir='ltr'><strong><em>καὶ</em></strong></span> <span class='ocrx_word' id='word_1_260' title='bbox 3081 3896 3232 3952; x_wconf 73' lang='grc' dir='ltr'><strong><em>οὐδὲν</em></strong></span> <span class='ocrx_word' id='word_1_261' title='bbox 3297 3907 3395 3951; x_wconf 78' lang='grc' dir='ltr'><strong><em>τῶν</em></strong></span> <span class='ocrx_word' id='word_1_262' title='bbox 3453 3901 3613 3949; x_wconf 70' lang='grc' dir='ltr'><strong><em>ὅντων</em></strong></span> <span class='ocrx_word' id='word_1_263' title='bbox 3681 3901 3847 3948; x_wconf 77' lang='grc' dir='ltr'>ἐστίν·</span> 
     </span>
    </p>
   </div>
   <div class='ocr_carea' id='block_1_31' title="bbox 484 3982 2076 4062">
    <p class='ocr_par' dir='ltr' id='par_1_31' title="bbox 484 3983 2076 4062">
     <span class='ocr_line' id='line_1_31' title="bbox 484 3983 2076 4062; baseline 0.004 -23"><span class='ocrx_word' id='word_1_264' title='bbox 484 3983 662 4055; x_wconf 92' lang='lat' dir='ltr'><strong><em>igitur</em></strong></span> <span class='ocrx_word' id='word_1_265' title='bbox 690 4000 802 4041; x_wconf 91' lang='lat' dir='ltr'><strong><em>nos</em></strong></span> <span class='ocrx_word' id='word_1_266' title='bbox 829 3986 903 4042; x_wconf 91' lang='lat' dir='ltr'><strong><em>de</em></strong></span> <span class='ocrx_word' id='word_1_267' title='bbox 934 3987 1059 4060; x_wconf 88' lang='lat' dir='ltr'><strong><em>ejus</em></strong></span> <span class='ocrx_word' id='word_1_268' title='bbox 1089 3990 1437 4046; x_wconf 88' lang='lat' dir='ltr'><strong><em>nominibus</em></strong></span> <span class='ocrx_word' id='word_1_269' title='bbox 1465 4007 1574 4062; x_wconf 84' lang='lat' dir='ltr'><strong><em>pro</em></strong></span> <span class='ocrx_word' id='word_1_270' title='bbox 1609 3991 1756 4046; x_wconf 85' lang='lat' dir='ltr'><strong><em>virili</em></strong></span> <span class='ocrx_word' id='word_1_271' title='bbox 1800 3996 1966 4062; x_wconf 88' lang='lat' dir='ltr'><strong><em>parte</em></strong></span> <span class='ocrx_word' id='word_1_272' title='bbox 2017 3990 2076 4046; x_wconf 94' lang='lat' dir='ltr'><strong><em>di</em></strong></span> 
     </span>
    </p>
   </div>
   <div class='ocr_carea' id='block_1_32' title="bbox 2258 3982 3850 4062">
    <p class='ocr_par' dir='ltr' id='par_1_32' title="bbox 2258 3982 3850 4062">
     <span class='ocr_line' id='line_1_32' title="bbox 2258 3982 3850 4062; baseline -0.003 -22"><span class='ocrx_word' id='word_1_273' title='bbox 2258 3991 2444 4060; x_wconf 75' lang='grc' dir='ltr'><strong><em>ένάγκη</em></strong></span> <span class='ocrx_word' id='word_1_274' title='bbox 2495 3995 2641 4041; x_wconf 84' lang='grc' dir='ltr'><strong><em>πᾶσα</em></strong></span> <span class='ocrx_word' id='word_1_275' title='bbox 2688 3995 2776 4041; x_wconf 81' lang='grc' dir='ltr'><strong><em>καὶ</em></strong></span> <span class='ocrx_word' id='word_1_276' title='bbox 2825 3995 2942 4062; x_wconf 82' lang='grc' dir='ltr'><strong><em>περὶ</em></strong></span> <span class='ocrx_word' id='word_1_277' title='bbox 2981 3998 3078 4041; x_wconf 84' lang='grc' dir='ltr'><strong><em>τῶν</em></strong></span> <span class='ocrx_word' id='word_1_278' title='bbox 3128 3989 3288 4041; x_wconf 75' lang='grc' dir='ltr'><strong><em>αὐτοῦ</em></strong></span> <span class='ocrx_word' id='word_1_279' title='bbox 3337 3988 3598 4060; x_wconf 79' lang='grc' dir='ltr'><strong><em>ὀνομάτων</em></strong></span> <span class='ocrx_word' id='word_1_280' title='bbox 3656 3982 3850 4036; x_wconf 80' lang='grc' dir='ltr'><strong><em>διαλα-</em></strong></span> 
     </span>
    </p>
   </div>
   <div class='ocr_carea' id='block_1_33' title="bbox 487 4071 2079 4149">
    <p class='ocr_par' dir='ltr' id='par_1_33' title="bbox 487 4075 2079 4148">
     <span class='ocr_line' id='line_1_33' title="bbox 487 4075 2079 4148; baseline 0.004 -21"><span class='ocrx_word' id='word_1_281' title='bbox 487 4087 700 4144; x_wconf 85' lang='lat' dir='ltr'><strong><em>serere,</em></strong></span> <span class='ocrx_word' id='word_1_282' title='bbox 728 4090 850 4131; x_wconf 92' lang='lat' dir='ltr'><strong><em>non</em></strong></span> <span class='ocrx_word' id='word_1_283' title='bbox 879 4075 958 4132; x_wconf 89' lang='lat' dir='ltr'><strong><em>ad</em></strong></span> <span class='ocrx_word' id='word_1_284' title='bbox 979 4092 1245 4147; x_wconf 88' lang='lat' dir='ltr'><strong><em>unguem</em></strong></span> <span class='ocrx_word' id='word_1_285' title='bbox 1267 4095 1429 4148; x_wconf 89' lang='lat' dir='ltr'><strong><em>vero,</em></strong></span> <span class='ocrx_word' id='word_1_286' title='bbox 1461 4079 1575 4136; x_wconf 90' lang='lat' dir='ltr'><strong><em>hoc</em></strong></span> <span class='ocrx_word' id='word_1_287' title='bbox 1622 4080 1783 4134; x_wconf 92' lang='lat' dir='ltr'><strong><em>enim</em></strong></span> <span class='ocrx_word' id='word_1_288' title='bbox 1835 4079 1963 4134; x_wconf 82' lang='lat' dir='ltr'><strong><em>ﬁcri</em></strong></span> <span class='ocrx_word' id='word_1_289' title='bbox 2010 4094 2079 4134; x_wconf 84' lang='lat' dir='ltr'><strong><em>nc</em></strong></span> 
     </span>
    </p>
   </div>
   <div class='ocr_carea' id='block_1_34' title="bbox 2257 4071 3849 4149">
    <p class='ocr_par' dir='ltr' id='par_1_34' title="bbox 2257 4071 3849 4149">
     <span class='ocr_line' id='line_1_34' title="bbox 2257 4071 3849 4149; baseline -0.001 -21"><span class='ocrx_word' id='word_1_290' title='bbox 2257 4077 2348 4130; x_wconf 68' lang='grc' dir='ltr'><strong><em>ξεῖν</em></strong></span> <span class='ocrx_word' id='word_1_291' title='bbox 2406 4079 2544 4149; x_wconf 80' lang='grc' dir='ltr'><strong><em>ἡμᾶς</em></strong></span> <span class='ocrx_word' id='word_1_292' title='bbox 2592 4081 2712 4130; x_wconf 81' lang='grc' dir='ltr'>ὅσον</span> <span class='ocrx_word' id='word_1_293' title='bbox 2772 4098 2829 4149; x_wconf 70' lang='grc' dir='ltr'><strong><em>γε</em></strong></span> <span class='ocrx_word' id='word_1_294' title='bbox 2873 4075 3110 4148; x_wconf 80' lang='grc' dir='ltr'><strong><em>δυνατὸν,</em></strong></span> <span class='ocrx_word' id='word_1_295' title='bbox 3163 4077 3220 4129; x_wconf 70' lang='grc' dir='ltr'><strong><em>οὐ</em></strong></span> <span class='ocrx_word' id='word_1_296' title='bbox 3275 4079 3442 4133; x_wconf 80' lang='grc' dir='ltr'><strong><em>πάντη</em></strong></span> <span class='ocrx_word' id='word_1_297' title='bbox 3509 4071 3568 4126; x_wconf 73' lang='grc' dir='ltr'><strong><em>δὲ</em></strong></span> <span class='ocrx_word' id='word_1_298' title='bbox 3614 4076 3849 4126; x_wconf 81' lang='grc' dir='ltr'><strong><em>πάντων.</em></strong></span> 
     </span>
    </p>
   </div>
   <div class='ocr_carea' id='block_1_35' title="bbox 484 4158 2076 4240">
    <p class='ocr_par' dir='ltr' id='par_1_35' title="bbox 484 4165 2076 4240">
     <span class='ocr_line' id='line_1_35' title="bbox 484 4165 2076 4240; baseline 0.003 -22"><span class='ocrx_word' id='word_1_299' title='bbox 484 4167 700 4233; x_wconf 83' lang='lat' dir='ltr'><strong><em>potest;</em></strong></span> <span class='ocrx_word' id='word_1_300' title='bbox 764 4179 876 4220; x_wconf 87' lang='lat' dir='ltr'><strong><em>nec</em></strong></span> <span class='ocrx_word' id='word_1_301' title='bbox 920 4165 1088 4237; x_wconf 88' lang='lat' dir='ltr'><strong><em>prius</em></strong></span> <span class='ocrx_word' id='word_1_302' title='bbox 1135 4167 1294 4222; x_wconf 88' lang='lat' dir='ltr'><strong><em>dicta</em></strong></span> <span class='ocrx_word' id='word_1_303' title='bbox 1360 4168 1686 4240; x_wconf 87' lang='lat' dir='ltr'><strong><em>repetenda</em></strong></span> <span class='ocrx_word' id='word_1_304' title='bbox 1735 4175 1893 4233; x_wconf 88' lang='lat' dir='ltr'><strong><em>sunt,</em></strong></span> <span class='ocrx_word' id='word_1_305' title='bbox 1967 4183 2076 4240; x_wconf 84' lang='lat' dir='ltr'><strong><em>quc</em></strong></span> 
     </span>
    </p>
   </div>
   <div class='ocr_carea' id='block_1_36' title="bbox 2257 4158 3849 4240">
    <p class='ocr_par' dir='ltr' id='par_1_36' title="bbox 2257 4158 3849 4240">
     <span class='ocr_line' id='line_1_36' title="bbox 2257 4158 3849 4240; baseline -0.003 -23"><span class='ocrx_word' id='word_1_306' title='bbox 2257 4174 2395 4217; x_wconf 68' lang='grc' dir='ltr'>τοῦτο</span> <span class='ocrx_word' id='word_1_307' title='bbox 2449 4169 2550 4240; x_wconf 73' lang='grc' dir='ltr'><strong><em>γὰρ</em></strong></span> <span class='ocrx_word' id='word_1_308' title='bbox 2589 4171 2680 4217; x_wconf 80' lang='lat' dir='ltr'><strong><em>xui.</em></strong></span> <span class='ocrx_word' id='word_1_309' title='bbox 2730 4162 3001 4218; x_wconf 76' lang='grc' dir='ltr'><strong><em>ἀδύνατον·</em></strong></span> <span class='ocrx_word' id='word_1_310' title='bbox 3054 4162 3295 4237; x_wconf 68' lang='grc' dir='ltr'><strong><em>οὐδαμῶς</em></strong></span> <span class='ocrx_word' id='word_1_311' title='bbox 3338 4161 3396 4216; x_wconf 72' lang='grc' dir='ltr'><strong><em>δὲ</em></strong></span> <span class='ocrx_word' id='word_1_312' title='bbox 3452 4171 3550 4214; x_wconf 83' lang='grc' dir='ltr'><strong><em>τῶν</em></strong></span> <span class='ocrx_word' id='word_1_313' title='bbox 3596 4158 3849 4234; x_wconf 78' lang='grc' dir='ltr'><strong><em>μηδενός,</em></strong></span> 
     </span>
    </p>
   </div>
   <div class='ocr_carea' id='block_1_37' title="bbox 484 4248 2076 4330">
    <p class='ocr_par' dir='ltr' id='par_1_37' title="bbox 484 4248 2076 4325">
     <span class='ocr_line' id='line_1_37' title="bbox 484 4248 2076 4325; baseline 0.005 -21"><span class='ocrx_word' id='word_1_314' title='bbox 484 4248 865 4306; x_wconf 85' lang='lat' dir='ltr'><strong><em>fastidiosum</em></strong></span> <span class='ocrx_word' id='word_1_315' title='bbox 885 4252 1053 4318; x_wconf 87' lang='lat' dir='ltr'><strong><em>foret;</em></strong></span> <span class='ocrx_word' id='word_1_316' title='bbox 1079 4270 1186 4311; x_wconf 88' lang='lat' dir='ltr'><strong><em>nec</em></strong></span> <span class='ocrx_word' id='word_1_317' title='bbox 1211 4255 1632 4325; x_wconf 86' lang='lat' dir='ltr'><strong><em>diversimode,</em></strong></span> <span class='ocrx_word' id='word_1_318' title='bbox 1667 4257 1772 4311; x_wconf 90' lang='lat' dir='ltr'><strong><em>sed</em></strong></span> <span class='ocrx_word' id='word_1_319' title='bbox 1797 4255 2076 4312; x_wconf 73' lang='lat' dir='ltr'><strong><em>secundu;</em></strong></span> 
     </span>
    </p>
   </div>
   <div class='ocr_carea' id='block_1_38' title="bbox 2261 4248 3853 4330">
    <p class='ocr_par' dir='ltr' id='par_1_38' title="bbox 2261 4249 3853 4330">
     <span class='ocr_line' id='line_1_38' title="bbox 2261 4249 3853 4330; baseline -0.001 -24"><span class='ocrx_word' id='word_1_320' title='bbox 2261 4262 2395 4306; x_wconf 69' lang='grc' dir='ltr'><strong><em>τοῦτο</em></strong></span> <span class='ocrx_word' id='word_1_321' title='bbox 2424 4257 2526 4330; x_wconf 75' lang='grc' dir='ltr'><strong><em>γὰρ</em></strong></span> <span class='ocrx_word' id='word_1_322' title='bbox 2557 4259 2772 4327; x_wconf 76' lang='grc' dir='ltr'><strong><em>ὀκνηρόν</em></strong></span> <span class='ocrx_word' id='word_1_323' title='bbox 2820 4253 2947 4305; x_wconf 69' lang='grc' dir='ltr'>ἀλλὰ</span> <span class='ocrx_word' id='word_1_324' title='bbox 2988 4258 3046 4306; x_wconf 76' lang='grc' dir='ltr'><strong><em>τὸ</em></strong></span> <span class='ocrx_word' id='word_1_325' title='bbox 3095 4258 3183 4327; x_wconf 66' lang='grc' dir='ltr'><strong><em>μὲν</em></strong></span> <span class='ocrx_word' id='word_1_326' title='bbox 3216 4258 3303 4319; x_wconf 79' lang='grc' dir='ltr'><strong><em>ὥς,</em></strong></span> <span class='ocrx_word' id='word_1_327' title='bbox 3332 4257 3389 4305; x_wconf 85' lang='grc' dir='ltr'><strong><em>τὸ</em></strong></span> <span class='ocrx_word' id='word_1_328' title='bbox 3427 4249 3476 4304; x_wconf 76' lang='grc' dir='ltr'><strong><em>δ’</em></strong></span> <span class='ocrx_word' id='word_1_329' title='bbox 3508 4255 3572 4312; x_wconf 83' lang='grc' dir='ltr'>ὡς</span> <span class='ocrx_word' id='word_1_330' title='bbox 3597 4255 3676 4303; x_wconf 67' lang='grc' dir='ltr'><strong><em>οὔθ</em></strong></span> <span class='ocrx_word' id='word_1_331' title='bbox 3710 4255 3853 4304; x_wconf 77' lang='grc' dir='ltr'><strong><em>κατὰ</em></strong></span> 
     </span>
    </p>
   </div>
   <div class='ocr_carea' id='block_1_39' title="bbox 487 4337 2079 4417">
    <p class='ocr_par' dir='ltr' id='par_1_39' title="bbox 487 4337 2079 4417">
     <span class='ocr_line' id='line_1_39' title="bbox 487 4337 2079 4417; baseline 0.004 -25"><span class='ocrx_word' id='word_1_332' title='bbox 487 4337 1036 4411; x_wconf 71' lang='lat' dir='ltr'><strong><em>ejusprasscriptum</em></strong></span> <span class='ocrx_word' id='word_1_333' title='bbox 1049 4357 1118 4397; x_wconf 89' lang='lat' dir='ltr'><strong><em>ac</em></strong></span> <span class='ocrx_word' id='word_1_334' title='bbox 1131 4341 1518 4400; x_wconf 85' lang='lat' dir='ltr'><strong><em>voluntatem.</em></strong></span> <span class='ocrx_word' id='word_1_335' title='bbox 1537 4345 1716 4413; x_wconf 82' lang='lat' dir='ltr'><strong><em>Igitur</em></strong></span> <span class='ocrx_word' id='word_1_336' title='bbox 1745 4360 1816 4400; x_wconf 83' lang='lat' dir='ltr'><strong><em>ex</em></strong></span> <span class='ocrx_word' id='word_1_337' title='bbox 1846 4344 2079 4417; x_wconf 80' lang='lat' dir='ltr'><strong><em>operibi</em></strong></span> 
     </span>
    </p>
   </div>
   <div class='ocr_carea' id='block_1_40' title="bbox 2259 4337 3851 4417">
    <p class='ocr_par' dir='ltr' id='par_1_40' title="bbox 2259 4337 3851 4417">
     <span class='ocr_line' id='line_1_40' title="bbox 2259 4337 3851 4417; baseline -0.003 -21"><span class='ocrx_word' id='word_1_338' title='bbox 2259 4349 2337 4402; x_wconf 70' lang='grc' dir='ltr'><strong><em>τήν</em></strong></span> <span class='ocrx_word' id='word_1_339' title='bbox 2366 4345 2553 4395; x_wconf 78' lang='grc' dir='ltr'><strong><em>ἐκείνου</em></strong></span> <span class='ocrx_word' id='word_1_340' title='bbox 2584 4343 2871 4417; x_wconf 71' lang='grc' dir='ltr'><strong><em>πρόσταξιν</em></strong></span> <span class='ocrx_word' id='word_1_341' title='bbox 2899 4363 2950 4395; x_wconf 83' lang='grc' dir='ltr'><strong><em>τε</em></strong></span> <span class='ocrx_word' id='word_1_342' title='bbox 2985 4347 3074 4395; x_wconf 85' lang='grc' dir='ltr'><strong><em>καὶ</em></strong></span> <span class='ocrx_word' id='word_1_343' title='bbox 3112 4343 3337 4400; x_wconf 58' lang='grc' dir='ltr'><strong><em>θῦροσιν·</em></strong></span> <span class='ocrx_word' id='word_1_344' title='bbox 3372 4337 3457 4394; x_wconf 83' lang='grc' dir='ltr'><strong><em>διὸ</em></strong></span> <span class='ocrx_word' id='word_1_345' title='bbox 3484 4345 3574 4392; x_wconf 83' lang='grc' dir='ltr'><strong><em>καὶ</em></strong></span> <span class='ocrx_word' id='word_1_346' title='bbox 3623 4342 3717 4400; x_wconf 88' lang='grc' dir='ltr'><strong><em>τάς</em></strong></span> <span class='ocrx_word' id='word_1_347' title='bbox 3792 4338 3851 4391; x_wconf 75' lang='grc' dir='ltr'><strong><em>ἐκ</em></strong></span> 
     </span>
    </p>
   </div>
   <div class='ocr_carea' id='block_1_41' title="bbox 487 4425 2079 4504">
    <p class='ocr_par' dir='ltr' id='par_1_41' title="bbox 487 4425 2079 4501">
     <span class='ocr_line' id='line_1_41' title="bbox 487 4425 2079 4501; baseline 0.007 -23"><span class='ocrx_word' id='word_1_348' title='bbox 487 4427 620 4494; x_wconf 86' lang='lat' dir='ltr'><strong><em>ejus</em></strong></span> <span class='ocrx_word' id='word_1_349' title='bbox 660 4425 877 4482; x_wconf 87' lang='lat' dir='ltr'><strong><em>divinis</em></strong></span> <span class='ocrx_word' id='word_1_350' title='bbox 920 4429 1019 4485; x_wconf 88' lang='lat' dir='ltr'><strong><em>Dei</em></strong></span> <span class='ocrx_word' id='word_1_351' title='bbox 1071 4430 1386 4501; x_wconf 87' lang='lat' dir='ltr'><strong><em>qualitates</em></strong></span> <span class='ocrx_word' id='word_1_352' title='bbox 1431 4431 1884 4488; x_wconf 85' lang='lat' dir='ltr'><strong><em>abstrahamus.</em></strong></span> <span class='ocrx_word' id='word_1_353' title='bbox 1945 4436 2079 4490; x_wconf 73' lang='lat' dir='ltr'><strong><em>Om!</em></strong></span> 
     </span>
    </p>
   </div>
   <div class='ocr_carea' id='block_1_42' title="bbox 2258 4425 3850 4504">
    <p class='ocr_par' dir='ltr' id='par_1_42' title="bbox 2258 4427 3850 4504">
     <span class='ocr_line' id='line_1_42' title="bbox 2258 4427 3850 4504; baseline -0.004 -20"><span class='ocrx_word' id='word_1_354' title='bbox 2258 4442 2342 4484; x_wconf 70' lang='grc' dir='ltr'><strong><em>τῶν</em></strong></span> <span class='ocrx_word' id='word_1_355' title='bbox 2397 4432 2755 4504; x_wconf 70' lang='grc' dir='ltr'><strong><em>ἐνεργημάτων</em></strong></span> <span class='ocrx_word' id='word_1_356' title='bbox 2805 4430 2996 4484; x_wconf 78' lang='grc' dir='ltr'><strong><em>ἐκείνου</em></strong></span> <span class='ocrx_word' id='word_1_357' title='bbox 3053 4433 3342 4504; x_wconf 80' lang='grc' dir='ltr'><strong><em>θεοσημιων</em></strong></span> <span class='ocrx_word' id='word_1_358' title='bbox 3418 4427 3683 4504; x_wconf 69' lang='grc' dir='ltr'><strong><em>ἁνεργείας</em></strong></span> <span class='ocrx_word' id='word_1_359' title='bbox 3720 4427 3850 4479; x_wconf 79' lang='grc' dir='ltr'><strong><em>ἀνα-</em></strong></span> 
     </span>
    </p>
   </div>
   <div class='ocr_carea' id='block_1_43' title="bbox 489 4511 2081 4595">
    <p class='ocr_par' dir='ltr' id='par_1_43' title="bbox 489 4511 2081 4595">
     <span class='ocr_line' id='line_1_43' title="bbox 489 4511 2081 4595; baseline 0.008 -29"><span class='ocrx_word' id='word_1_360' title='bbox 489 4511 648 4568; x_wconf 90' lang='lat' dir='ltr'><strong><em>enim</em></strong></span> <span class='ocrx_word' id='word_1_361' title='bbox 665 4513 828 4585; x_wconf 90' lang='lat' dir='ltr'><strong><em>quod</em></strong></span> <span class='ocrx_word' id='word_1_362' title='bbox 850 4515 993 4570; x_wconf 87' lang='lat' dir='ltr'><strong><em>ﬁtin</em></strong></span> <span class='ocrx_word' id='word_1_363' title='bbox 1025 4519 1256 4574; x_wconf 90' lang='lat' dir='ltr'><strong><em>mundo</em></strong></span> <span class='ocrx_word' id='word_1_364' title='bbox 1286 4534 1322 4574; x_wconf 89' lang='lat' dir='ltr'><strong><em>a</em></strong></span> <span class='ocrx_word' id='word_1_365' title='bbox 1347 4523 1462 4574; x_wconf 88' lang='lat' dir='ltr'><strong><em>Deo</em></strong></span> <span class='ocrx_word' id='word_1_366' title='bbox 1499 4521 1678 4589; x_wconf 87' lang='lat' dir='ltr'><strong><em>venit,</em></strong></span> <span class='ocrx_word' id='word_1_367' title='bbox 1729 4527 1786 4576; x_wconf 91' lang='lat' dir='ltr'><strong><em>et</em></strong></span> <span class='ocrx_word' id='word_1_368' title='bbox 1839 4523 2081 4595; x_wconf 81' lang='lat' dir='ltr'><strong><em>quidqui</em></strong></span> 
     </span>
    </p>
   </div>
   <div class='ocr_carea' id='block_1_44' title="bbox 2259 4511 3851 4595">
    <p class='ocr_par' dir='ltr' id='par_1_44' title="bbox 2259 4518 3851 4594">
     <span class='ocr_line' id='line_1_44' title="bbox 2259 4518 3851 4594; baseline -0.001 -24"><span class='ocrx_word' id='word_1_369' title='bbox 2259 4519 2539 4592; x_wconf 56' lang='lat' dir='ltr'><strong><em>tuGOtuvog&#39;</em></strong></span> <span class='ocrx_word' id='word_1_370' title='bbox 2569 4527 2670 4572; x_wconf 84' lang='grc' dir='ltr'><strong><em>πᾶν</em></strong></span> <span class='ocrx_word' id='word_1_371' title='bbox 2694 4523 2796 4594; x_wconf 78' lang='grc' dir='ltr'><strong><em>γὰρ</em></strong></span> <span class='ocrx_word' id='word_1_372' title='bbox 2857 4524 2916 4571; x_wconf 81' lang='grc' dir='ltr'><strong><em>τὸ</em></strong></span> <span class='ocrx_word' id='word_1_373' title='bbox 2977 4525 3239 4592; x_wconf 72' lang='grc' dir='ltr'><strong><em>γινόμενον</em></strong></span> <span class='ocrx_word' id='word_1_374' title='bbox 3293 4521 3428 4571; x_wconf 79' lang='grc' dir='ltr'><strong><em>κατά</em></strong></span> <span class='ocrx_word' id='word_1_375' title='bbox 3488 4523 3684 4590; x_wconf 79' lang='grc' dir='ltr'><strong><em>κόσμον</em></strong></span> <span class='ocrx_word' id='word_1_376' title='bbox 3739 4518 3851 4569; x_wconf 73' lang='grc' dir='ltr'><strong><em>θεό-</em></strong></span> 
     </span>
    </p>
   </div>
   <div class='ocr_carea' id='block_1_45' title="bbox 487 4599 2079 4681">
    <p class='ocr_par' dir='ltr' id='par_1_45' title="bbox 487 4599 2079 4674">
     <span class='ocr_line' id='line_1_45' title="bbox 487 4599 2079 4674; baseline 0.008 -19"><span class='ocrx_word' id='word_1_377' title='bbox 487 4599 562 4656; x_wconf 94' lang='lat' dir='ltr'><strong><em>de</em></strong></span> <span class='ocrx_word' id='word_1_378' title='bbox 593 4602 714 4656; x_wconf 89' lang='lat' dir='ltr'><strong><em>Deo</em></strong></span> <span class='ocrx_word' id='word_1_379' title='bbox 736 4603 911 4665; x_wconf 87' lang='lat' dir='ltr'><strong><em>venit,</em></strong></span> <span class='ocrx_word' id='word_1_380' title='bbox 946 4604 1302 4662; x_wconf 85' lang='lat' dir='ltr'><strong><em>miraculum</em></strong></span> <span class='ocrx_word' id='word_1_381' title='bbox 1331 4613 1440 4674; x_wconf 86' lang='lat' dir='ltr'><strong><em>est;</em></strong></span> <span class='ocrx_word' id='word_1_382' title='bbox 1468 4624 1647 4665; x_wconf 89' lang='lat' dir='ltr'><strong><em>omne</em></strong></span> <span class='ocrx_word' id='word_1_383' title='bbox 1671 4615 1871 4666; x_wconf 88' lang='lat' dir='ltr'><strong><em>autem</em></strong></span> <span class='ocrx_word' id='word_1_384' title='bbox 1913 4611 2079 4667; x_wconf 68' lang='lat' dir='ltr'><strong><em>mirui</em></strong></span> 
     </span>
    </p>
   </div>
   <div class='ocr_carea' id='block_1_46' title="bbox 2255 4599 3847 4681">
    <p class='ocr_par' dir='ltr' id='par_1_46' title="bbox 2255 4607 3847 4681">
     <span class='ocr_line' id='line_1_46' title="bbox 2255 4607 3847 4681; baseline -0.003 -20"><span class='ocrx_word' id='word_1_385' title='bbox 2255 4612 2326 4661; x_wconf 79' lang='grc' dir='ltr'><strong><em>9εν</em></strong></span> <span class='ocrx_word' id='word_1_386' title='bbox 2356 4609 2486 4661; x_wconf 76' lang='grc' dir='ltr'>ἐστὶ·</span> <span class='ocrx_word' id='word_1_387' title='bbox 2517 4614 2606 4661; x_wconf 83' lang='grc' dir='ltr'><strong><em>καὶ</em></strong></span> <span class='ocrx_word' id='word_1_388' title='bbox 2635 4615 2735 4662; x_wconf 84' lang='grc' dir='ltr'><strong><em>πᾶν</em></strong></span> <span class='ocrx_word' id='word_1_389' title='bbox 2785 4613 2842 4661; x_wconf 85' lang='grc' dir='ltr'><strong><em>τὸ</em></strong></span> <span class='ocrx_word' id='word_1_390' title='bbox 2900 4611 3088 4678; x_wconf 75' lang='grc' dir='ltr'><strong><em>θεόθεν,</em></strong></span> <span class='ocrx_word' id='word_1_391' title='bbox 3163 4611 3339 4681; x_wconf 82' lang='grc' dir='ltr'><strong><em>θαῦμὰ</em></strong></span> <span class='ocrx_word' id='word_1_392' title='bbox 3391 4607 3523 4659; x_wconf 80' lang='grc' dir='ltr'>ἐστι·</span> <span class='ocrx_word' id='word_1_393' title='bbox 3589 4610 3679 4658; x_wconf 82' lang='grc' dir='ltr'><strong><em>καὶ</em></strong></span> <span class='ocrx_word' id='word_1_394' title='bbox 3740 4612 3847 4658; x_wconf 84' lang='grc' dir='ltr'><strong><em>πᾶν</em></strong></span> 
     </span>
    </p>
   </div>
   <div class='ocr_carea' id='block_1_47' title="bbox 487 4688 2079 4771">
    <p class='ocr_par' dir='ltr' id='par_1_47' title="bbox 487 4688 2079 4769">
     <span class='ocr_line' id='line_1_47' title="bbox 487 4688 2079 4769; baseline 0.007 -25"><span class='ocrx_word' id='word_1_395' title='bbox 487 4688 689 4745; x_wconf 89' lang='lat' dir='ltr'><strong><em>divino</em></strong></span> <span class='ocrx_word' id='word_1_396' title='bbox 707 4690 932 4747; x_wconf 87' lang='lat' dir='ltr'><strong><em>honore</em></strong></span> <span class='ocrx_word' id='word_1_397' title='bbox 960 4692 1254 4750; x_wconf 76' lang='lat' dir='ltr'><strong><em>afﬁciatur</em></strong></span> <span class='ocrx_word' id='word_1_398' title='bbox 1278 4712 1518 4752; x_wconf 85' lang='lat' dir='ltr'><strong><em>necesse</em></strong></span> <span class='ocrx_word' id='word_1_399' title='bbox 1540 4703 1644 4752; x_wconf 89' lang='lat' dir='ltr'><strong><em>est.</em></strong></span> <span class='ocrx_word' id='word_1_400' title='bbox 1695 4701 1978 4767; x_wconf 86' lang='lat' dir='ltr'><strong><em>Magnum</em></strong></span> <span class='ocrx_word' id='word_1_401' title='bbox 2029 4701 2079 4769; x_wconf 73' lang='lat' dir='ltr'><strong><em>ig</em></strong></span> 
     </span>
    </p>
   </div>
   <div class='ocr_carea' id='block_1_48' title="bbox 2255 4688 3847 4771">
    <p class='ocr_par' dir='ltr' id='par_1_48' title="bbox 2255 4693 3847 4771">
     <span class='ocr_line' id='line_1_48' title="bbox 2255 4693 3847 4771; baseline -0.002 -21"><span class='ocrx_word' id='word_1_402' title='bbox 2255 4700 2424 4770; x_wconf 74' lang='grc' dir='ltr'><strong><em>θαῦμα</em></strong></span> <span class='ocrx_word' id='word_1_403' title='bbox 2451 4694 2795 4760; x_wconf 77' lang='grc' dir='ltr'><strong><em>θεοδὸξοιστον</em></strong></span> <span class='ocrx_word' id='word_1_404' title='bbox 2854 4699 3086 4771; x_wconf 72' lang='grc' dir='ltr'><strong><em>ὑπάρχει</em></strong></span> <span class='ocrx_word' id='word_1_405' title='bbox 3137 4717 3190 4750; x_wconf 80' lang='grc' dir='ltr'><strong><em>τε</em></strong></span> <span class='ocrx_word' id='word_1_406' title='bbox 3243 4701 3332 4749; x_wconf 84' lang='grc' dir='ltr'><strong><em>καὶ</em></strong></span> <span class='ocrx_word' id='word_1_407' title='bbox 3391 4693 3698 4768; x_wconf 69' lang='grc' dir='ltr'>σεϐάσμιον·</span> <span class='ocrx_word' id='word_1_408' title='bbox 3754 4699 3847 4747; x_wconf 79' lang='grc' dir='ltr'><strong><em>τὸν</em></strong></span> 
     </span>
    </p>
   </div>
   <div class='ocr_carea' id='block_1_49' title="bbox 489 4780 2081 4859">
    <p class='ocr_par' dir='ltr' id='par_1_49' title="bbox 489 4780 2081 4857">
     <span class='ocr_line' id='line_1_49' title="bbox 489 4780 2081 4857; baseline 0.008 -25"><span class='ocrx_word' id='word_1_409' title='bbox 489 4781 583 4833; x_wconf 88' lang='lat' dir='ltr'><strong><em>tur</em></strong></span> <span class='ocrx_word' id='word_1_410' title='bbox 614 4780 802 4836; x_wconf 90' lang='lat' dir='ltr'><strong><em>Deum</em></strong></span> <span class='ocrx_word' id='word_1_411' title='bbox 833 4781 1166 4843; x_wconf 75' lang='lat' dir='ltr'><strong><em>secundum</em></strong></span> <span class='ocrx_word' id='word_1_412' title='bbox 1217 4783 1728 4841; x_wconf 87' lang='lat' dir='ltr'><strong><em>manifestationes</em></strong></span> <span class='ocrx_word' id='word_1_413' title='bbox 1779 4788 1906 4857; x_wconf 90' lang='lat' dir='ltr'><strong><em>ejus</em></strong></span> <span class='ocrx_word' id='word_1_414' title='bbox 1945 4804 2081 4844; x_wconf 86' lang='lat' dir='ltr'><strong><em>nom</em></strong></span> 
     </span>
    </p>
   </div>
   <div class='ocr_carea' id='block_1_50' title="bbox 2255 4780 3847 4859">
    <p class='ocr_par' dir='ltr' id='par_1_50' title="bbox 2255 4786 3847 4859">
     <span class='ocr_line' id='line_1_50' title="bbox 2255 4786 3847 4859; baseline -0.001 -22"><span class='ocrx_word' id='word_1_415' title='bbox 2255 4792 2406 4858; x_wconf 59' lang='grc' dir='ltr'><strong><em>μέγαν</em></strong></span> <span class='ocrx_word' id='word_1_416' title='bbox 2438 4791 2564 4840; x_wconf 75' lang='grc' dir='ltr'><strong><em>Θεὸν</em></strong></span> <span class='ocrx_word' id='word_1_417' title='bbox 2595 4791 2683 4838; x_wconf 79' lang='grc' dir='ltr'><strong><em>καὶ</em></strong></span> <span class='ocrx_word' id='word_1_418' title='bbox 2742 4786 3026 4859; x_wconf 78' lang='grc' dir='ltr'>σεϐάσμιον</span> <span class='ocrx_word' id='word_1_419' title='bbox 3074 4786 3129 4838; x_wconf 77' lang='grc' dir='ltr'><em>ἐκ</em></span> <span class='ocrx_word' id='word_1_420' title='bbox 3196 4795 3290 4847; x_wconf 82' lang='grc' dir='ltr'><strong><em>τῆς</em></strong></span> <span class='ocrx_word' id='word_1_421' title='bbox 3350 4794 3446 4837; x_wconf 76' lang='grc' dir='ltr'><strong><em>τῶν</em></strong></span> <span class='ocrx_word' id='word_1_422' title='bbox 3485 4786 3847 4858; x_wconf 72' lang='grc' dir='ltr'><strong><em>ἐνεργημάτων</em></strong></span> 
     </span>
    </p>
   </div>
   <div class='ocr_carea' id='block_1_51' title="bbox 486 4868 2078 4948">
    <p class='ocr_par' dir='ltr' id='par_1_51' title="bbox 486 4868 2078 4936">
     <span class='ocr_line' id='line_1_51' title="bbox 486 4868 2078 4936; baseline 0.008 -13"><span class='ocrx_word' id='word_1_423' title='bbox 486 4868 792 4936; x_wconf 82' lang='lat' dir='ltr'><strong><em>nabimus,</em></strong></span> <span class='ocrx_word' id='word_1_424' title='bbox 819 4885 943 4926; x_wconf 91' lang='lat' dir='ltr'><strong><em>non</em></strong></span> <span class='ocrx_word' id='word_1_425' title='bbox 973 4874 1177 4927; x_wconf 89' lang='lat' dir='ltr'><strong><em>tamen</em></strong></span> <span class='ocrx_word' id='word_1_426' title='bbox 1207 4889 1238 4928; x_wconf 92' lang='lat' dir='ltr'><strong><em>e</em></strong></span> <span class='ocrx_word' id='word_1_427' title='bbox 1261 4874 1611 4930; x_wconf 87' lang='lat' dir='ltr'><strong><em>nominibus</em></strong></span> <span class='ocrx_word' id='word_1_428' title='bbox 1632 4882 1912 4932; x_wconf 85' lang='lat' dir='ltr'><strong><em>naturam</em></strong></span> <span class='ocrx_word' id='word_1_429' title='bbox 1962 4895 2078 4935; x_wconf 72' lang='lat' dir='ltr'><strong><em>mo:</em></strong></span> 
     </span>
    </p>
   </div>
   <div class='ocr_carea' id='block_1_52' title="bbox 2256 4868 3848 4948">
    <p class='ocr_par' dir='ltr' id='par_1_52' title="bbox 2256 4870 3848 4948">
     <span class='ocr_line' id='line_1_52' title="bbox 2256 4870 3848 4948; baseline -0.003 -21"><span class='ocrx_word' id='word_1_430' title='bbox 2256 4879 2429 4928; x_wconf 70' lang='grc' dir='ltr'><strong><em>τούτου</em></strong></span> <span class='ocrx_word' id='word_1_431' title='bbox 2495 4878 2779 4948; x_wconf 81' lang='grc' dir='ltr'><strong><em>θεοσημίας</em></strong></span> <span class='ocrx_word' id='word_1_432' title='bbox 2852 4875 3171 4948; x_wconf 77' lang='grc' dir='ltr'><strong><em>ὀνομάσομεν</em></strong></span> <span class='ocrx_word' id='word_1_433' title='bbox 3250 4877 3374 4926; x_wconf 79' lang='grc' dir='ltr'><strong><em>ὡσεὶ</em></strong></span> <span class='ocrx_word' id='word_1_434' title='bbox 3459 4870 3707 4945; x_wconf 76' lang='grc' dir='ltr'><strong><em>δύναμις,</em></strong></span> <span class='ocrx_word' id='word_1_435' title='bbox 3784 4873 3848 4924; x_wconf 72' lang='grc' dir='ltr'><strong><em>οὗ</em></strong></span> 
     </span>
    </p>
   </div>
   <div class='ocr_carea' id='block_1_53' title="bbox 488 4960 2080 5039">
    <p class='ocr_par' dir='ltr' id='par_1_53' title="bbox 488 4960 2080 5036">
     <span class='ocr_line' id='line_1_53' title="bbox 488 4960 2080 5036; baseline 0.008 -24"><span class='ocrx_word' id='word_1_436' title='bbox 488 4962 762 5024; x_wconf 86' lang='lat' dir='ltr'><strong><em>strantes,</em></strong></span> <span class='ocrx_word' id='word_1_437' title='bbox 788 4965 892 5015; x_wconf 90' lang='lat' dir='ltr'><strong><em>aut</em></strong></span> <span class='ocrx_word' id='word_1_438' title='bbox 918 4976 991 5015; x_wconf 84' lang='lat' dir='ltr'><strong><em>ex</em></strong></span> <span class='ocrx_word' id='word_1_439' title='bbox 1019 4960 1393 5018; x_wconf 89' lang='lat' dir='ltr'><strong><em>innominato</em></strong></span> <span class='ocrx_word' id='word_1_440' title='bbox 1423 4963 1544 5018; x_wconf 90' lang='lat' dir='ltr'><strong><em>vim</em></strong></span> <span class='ocrx_word' id='word_1_441' title='bbox 1575 4965 1983 5036; x_wconf 73' lang='lat' dir='ltr'><strong><em>praedicando.</em></strong></span> <span class='ocrx_word' id='word_1_442' title='bbox 2029 4985 2080 5024; x_wconf 74' lang='lat' dir='ltr'><strong><em>se</em></strong></span> 
     </span>
    </p>
   </div>
   <div class='ocr_carea' id='block_1_54' title="bbox 2260 4960 3852 5039">
    <p class='ocr_par' dir='ltr' id='par_1_54' title="bbox 2260 4963 3852 5039">
     <span class='ocr_line' id='line_1_54' title="bbox 2260 4963 3852 5039; baseline -0.003 -22"><span class='ocrx_word' id='word_1_443' title='bbox 2260 4963 2536 5026; x_wconf 63' lang='grc' dir='ltr'><strong><em>ἳεικνύντες</em></strong></span> <span class='ocrx_word' id='word_1_444' title='bbox 2566 4965 2620 5016; x_wconf 82' lang='grc' dir='ltr'><strong><em>ἐκ</em></strong></span> <span class='ocrx_word' id='word_1_445' title='bbox 2648 4975 2746 5017; x_wconf 81' lang='grc' dir='ltr'><strong><em>τῶν</em></strong></span> <span class='ocrx_word' id='word_1_446' title='bbox 2797 4965 3058 5038; x_wconf 79' lang='grc' dir='ltr'><strong><em>ὀνομάτων</em></strong></span> <span class='ocrx_word' id='word_1_447' title='bbox 3118 4970 3212 5022; x_wconf 79' lang='grc' dir='ltr'><strong><em>τὴν</em></strong></span> <span class='ocrx_word' id='word_1_448' title='bbox 3267 4968 3420 5036; x_wconf 72' lang='grc' dir='ltr'>φύσιν</span> <span class='ocrx_word' id='word_1_449' title='bbox 3471 4963 3599 5034; x_wconf 74' lang='grc' dir='ltr'><strong><em>οὐχὶ</em></strong></span> <span class='ocrx_word' id='word_1_450' title='bbox 3653 4965 3852 5039; x_wconf 63' lang='grc' dir='ltr'><strong><em>κηρὺῖ-</em></strong></span> 
     </span>
    </p>
   </div>
   <div class='ocr_carea' id='block_1_55' title="bbox 486 5048 2078 5126">
    <p class='ocr_par' dir='ltr' id='par_1_55' title="bbox 486 5048 2078 5124">
     <span class='ocr_line' id='line_1_55' title="bbox 486 5048 2078 5124; baseline 0.007 -23"><span class='ocrx_word' id='word_1_451' title='bbox 486 5062 654 5102; x_wconf 89' lang='lat' dir='ltr'><strong><em>mera</em></strong></span> <span class='ocrx_word' id='word_1_452' title='bbox 683 5048 931 5105; x_wconf 88' lang='lat' dir='ltr'><strong><em>nomina</em></strong></span> <span class='ocrx_word' id='word_1_453' title='bbox 957 5057 1347 5121; x_wconf 83' lang='lat' dir='ltr'><strong><em>exponentes.</em></strong></span> <span class='ocrx_word' id='word_1_454' title='bbox 1380 5052 1440 5107; x_wconf 91' lang='lat' dir='ltr'><strong><em>id</em></strong></span> <span class='ocrx_word' id='word_1_455' title='bbox 1481 5058 1710 5109; x_wconf 89' lang='lat' dir='ltr'><strong><em>tantum</em></strong></span> <span class='ocrx_word' id='word_1_456' title='bbox 1773 5061 2018 5124; x_wconf 82' lang='lat' dir='ltr'><strong><em>agentes</em></strong></span> <span class='ocrx_word' id='word_1_457' title='bbox 2075 5075 2078 5105; x_wconf 58' lang='grc' dir='ltr'><strong><em>ι</em></strong></span> 
     </span>
    </p>
   </div>
   <div class='ocr_carea' id='block_1_56' title="bbox 2257 5048 3849 5126">
    <p class='ocr_par' dir='ltr' id='par_1_56' title="bbox 2257 5051 3849 5126">
     <span class='ocr_line' id='line_1_56' title="bbox 2257 5051 3849 5126; baseline -0.001 -20"><span class='ocrx_word' id='word_1_458' title='bbox 2257 5075 2408 5115; x_wconf 72' lang='grc' dir='ltr'><strong><em>τοντες</em></strong></span> <span class='ocrx_word' id='word_1_459' title='bbox 2445 5054 2498 5106; x_wconf 83' lang='grc' dir='ltr'><strong><em>ἐκ</em></strong></span> <span class='ocrx_word' id='word_1_460' title='bbox 2529 5063 2619 5106; x_wconf 77' lang='grc' dir='ltr'><strong><em>τοῦ</em></strong></span> <span class='ocrx_word' id='word_1_461' title='bbox 2669 5053 2933 5126; x_wconf 77' lang='grc' dir='ltr'><strong><em>ἀνωνύμου</em></strong></span> <span class='ocrx_word' id='word_1_462' title='bbox 2987 5058 3080 5112; x_wconf 78' lang='grc' dir='ltr'><strong><em>τὴν</em></strong></span> <span class='ocrx_word' id='word_1_463' title='bbox 3137 5051 3383 5125; x_wconf 80' lang='grc' dir='ltr'><strong><em>δύναμιν,</em></strong></span> <span class='ocrx_word' id='word_1_464' title='bbox 3443 5051 3549 5103; x_wconf 73' lang='grc' dir='ltr'>ἀλλ’</span> <span class='ocrx_word' id='word_1_465' title='bbox 3620 5052 3849 5113; x_wconf 72' lang='grc' dir='ltr'><strong><em>εἰπόντες</em></strong></span> 
     </span>
    </p>
   </div>
   <div class='ocr_carea' id='block_1_57' title="bbox 486 5137 2078 5216">
    <p class='ocr_par' dir='ltr' id='par_1_57' title="bbox 486 5137 2078 5210">
     <span class='ocr_line' id='line_1_57' title="bbox 486 5137 2078 5210; baseline 0.007 -20"><span class='ocrx_word' id='word_1_466' title='bbox 486 5149 626 5191; x_wconf 88' lang='lat' dir='ltr'><strong><em>eum</em></strong></span> <span class='ocrx_word' id='word_1_467' title='bbox 654 5153 793 5192; x_wconf 90' lang='lat' dir='ltr'><strong><em>cum</em></strong></span> <span class='ocrx_word' id='word_1_468' title='bbox 824 5137 1010 5193; x_wconf 87' lang='lat' dir='ltr'><strong><em>Paulo</em></strong></span> <span class='ocrx_word' id='word_1_469' title='bbox 1061 5140 1335 5210; x_wconf 87' lang='lat' dir='ltr'><strong><em>apostolo</em></strong></span> <span class='ocrx_word' id='word_1_470' title='bbox 1384 5143 1656 5198; x_wconf 86' lang='lat' dir='ltr'><strong><em>omnium</em></strong></span> <span class='ocrx_word' id='word_1_471' title='bbox 1705 5146 2022 5200; x_wconf 85' lang='lat' dir='ltr'><strong><em>Dominum</em></strong></span> <span class='ocrx_word' id='word_1_472' title='bbox 2067 5165 2078 5201; x_wconf 78' lang='grc' dir='ltr'><em>ε</em></span> 
     </span>
    </p>
   </div>
   <div class='ocr_carea' id='block_1_58' title="bbox 2253 5137 3845 5216">
    <p class='ocr_par' dir='ltr' id='par_1_58' title="bbox 2253 5140 3845 5216">
     <span class='ocr_line' id='line_1_58' title="bbox 2253 5140 3845 5216; baseline -0.002 -21"><span class='ocrx_word' id='word_1_473' title='bbox 2253 5147 2311 5195; x_wconf 72' lang='grc' dir='ltr'><strong><em>τὰ</em></strong></span> <span class='ocrx_word' id='word_1_474' title='bbox 2368 5143 2616 5216; x_wconf 75' lang='grc' dir='ltr'><strong><em>ὀνόματα,</em></strong></span> <span class='ocrx_word' id='word_1_475' title='bbox 2680 5143 2774 5205; x_wconf 82' lang='grc' dir='ltr'><strong><em>ἔξω</em></strong></span> <span class='ocrx_word' id='word_1_476' title='bbox 2857 5152 2956 5194; x_wconf 80' lang='grc' dir='ltr'><strong><em>τῶν</em></strong></span> <span class='ocrx_word' id='word_1_477' title='bbox 3013 5143 3273 5214; x_wconf 79' lang='grc' dir='ltr'><strong><em>ὀνομάτων</em></strong></span> <span class='ocrx_word' id='word_1_478' title='bbox 3365 5140 3845 5213; x_wconf 79' lang='grc' dir='ltr'><strong><em>καταλιμπάνομεν·</em></strong></span> 
     </span>
    </p>
   </div>
   <div class='ocr_carea' id='block_1_59' title="bbox 481 5223 2073 5306">
    <p class='ocr_par' dir='ltr' id='par_1_59' title="bbox 481 5223 1510 5295">
     <span class='ocr_line' id='line_1_59' title="bbox 481 5223 1510 5295; baseline 0.005 -18"><span class='ocrx_word' id='word_1_479' title='bbox 481 5223 707 5279; x_wconf 89' lang='lat' dir='ltr'><strong><em>nemini</em></strong></span> <span class='ocrx_word' id='word_1_480' title='bbox 731 5224 1074 5295; x_wconf 89' lang='lat' dir='ltr'><strong><em>subjectum</em></strong></span> <span class='ocrx_word' id='word_1_481' title='bbox 1104 5227 1510 5283; x_wconf 69' lang='lat' dir='ltr'><strong><em>declat-emus.</em></strong></span> 
     </span>
    </p>
   </div>
   <div class='ocr_carea' id='block_1_60' title="bbox 2259 5223 3851 5306">
    <p class='ocr_par' dir='ltr' id='par_1_60' title="bbox 2259 5227 3851 5306">
     <span class='ocr_line' id='line_1_60' title="bbox 2259 5227 3851 5306; baseline -0.003 -20"><span class='ocrx_word' id='word_1_482' title='bbox 2259 5239 2334 5286; x_wconf 80' lang='grc' dir='ltr'><strong><em>ιαὶ</em></strong></span> <span class='ocrx_word' id='word_1_483' title='bbox 2395 5231 2812 5304; x_wconf 66' lang='grc' dir='ltr'><strong><em>συστέλλομενὲν</em></strong></span> <span class='ocrx_word' id='word_1_484' title='bbox 2867 5240 2982 5294; x_wconf 86' lang='grc' dir='ltr'><strong><em>ταῖς</em></strong></span> <span class='ocrx_word' id='word_1_485' title='bbox 3033 5232 3229 5294; x_wconf 70' lang='grc' dir='ltr'>λέξεσιν</span> <span class='ocrx_word' id='word_1_486' title='bbox 3293 5227 3450 5306; x_wconf 71' lang='grc' dir='ltr'><strong><em>ἕδραν</em></strong></span> <span class='ocrx_word' id='word_1_487' title='bbox 3537 5236 3851 5289; x_wconf 68' lang='grc' dir='ltr'><strong><em>συνεκτικὴν</em></strong></span> 
     </span>
    </p>
   </div>
   <div class='ocr_carea' id='block_1_61' title="bbox 487 5309 3851 5396">
    <p class='ocr_par' dir='ltr' id='par_1_61' title="bbox 487 5309 3851 5396">
     <span class='ocr_line' id='line_1_61' title="bbox 487 5309 3851 5396; baseline 0.002 -32"><span class='ocrx_word' id='word_1_488' title='bbox 487 5309 578 5364; x_wconf 80' lang='grc' dir='ltr'>τοῦ</span> <span class='ocrx_word' id='word_1_489' title='bbox 631 5317 822 5373; x_wconf 85' lang='grc' dir='ltr'><strong><em>παντὸς</em></strong></span> <span class='ocrx_word' id='word_1_490' title='bbox 871 5319 1046 5386; x_wconf 72' lang='grc' dir='ltr'><strong><em>αὐτόν,</em></strong></span> <span class='ocrx_word' id='word_1_491' title='bbox 1086 5319 1153 5378; x_wconf 84' lang='grc' dir='ltr'><strong><em>ὡς</em></strong></span> <span class='ocrx_word' id='word_1_492' title='bbox 1205 5319 1602 5389; x_wconf 75' lang='grc' dir='ltr'><strong><em>άποφαινόμενοι</em></strong></span> <span class='ocrx_word' id='word_1_493' title='bbox 1646 5322 1815 5372; x_wconf 81' lang='grc' dir='ltr'><strong><em>πάντα</em></strong></span> <span class='ocrx_word' id='word_1_494' title='bbox 1853 5320 1900 5373; x_wconf 83' lang='grc' dir='ltr'><strong><em>ἐν</em></strong></span> <span class='ocrx_word' id='word_1_495' title='bbox 1941 5330 2097 5396; x_wconf 75' lang='grc' dir='ltr'>πᾶσι,</span> <span class='ocrx_word' id='word_1_496' title='bbox 2154 5322 2290 5377; x_wconf 77' lang='grc' dir='ltr'><strong><em>κατᾶ</em></strong></span> <span class='ocrx_word' id='word_1_497' title='bbox 2330 5326 2416 5374; x_wconf 88' lang='grc' dir='ltr'><strong><em>τὸν</em></strong></span> <span class='ocrx_word' id='word_1_498' title='bbox 2449 5322 2670 5380; x_wconf 83' lang='grc' dir='ltr'><strong><em>Παῦλον,</em></strong></span> <span class='ocrx_word' id='word_1_499' title='bbox 2713 5326 2834 5374; x_wconf 57' lang='grc' dir='ltr'>οντα</span> <span class='ocrx_word' id='word_1_500' title='bbox 2860 5325 2946 5374; x_wconf 80' lang='grc' dir='ltr'><strong><em>τὸν</em></strong></span> <span class='ocrx_word' id='word_1_501' title='bbox 2993 5325 3202 5396; x_wconf 77' lang='grc' dir='ltr'><strong><em>Κύριον,</em></strong></span> <span class='ocrx_word' id='word_1_502' title='bbox 3262 5325 3351 5374; x_wconf 77' lang='lat' dir='ltr'><strong><em>xui.</em></strong></span> <span class='ocrx_word' id='word_1_503' title='bbox 3415 5316 3699 5372; x_wconf 70' lang='grc' dir='ltr'><strong><em>οὐδὲν.τῶν</em></strong></span> <span class='ocrx_word' id='word_1_504' title='bbox 3772 5325 3851 5372; x_wconf 66' lang='grc' dir='ltr'><strong><em>ὅνι</em></strong></span> 
     </span>
    </p>
   </div>
   <div class='ocr_carea' id='block_1_62' title="bbox 487 5401 2079 5475">
    <p class='ocr_par' dir='ltr' id='par_1_62' title="bbox 487 5401 870 5475">
     <span class='ocr_line' id='line_1_62' title="bbox 487 5401 870 5475; baseline 0.013 -25"><span class='ocrx_word' id='word_1_505' title='bbox 487 5407 585 5451; x_wconf 85' lang='grc' dir='ltr'>τῶν</span> <span class='ocrx_word' id='word_1_506' title='bbox 608 5401 870 5475; x_wconf 72' lang='grc' dir='ltr'><strong><em>ὑπάρχον.</em></strong></span> 
     </span>
    </p>
   </div>
   <div class='ocr_carea' id='block_1_63' title="bbox 547 5490 2139 5572">
    <p class='ocr_par' dir='ltr' id='par_1_63' title="bbox 547 5490 2139 5569">
     <span class='ocr_line' id='line_1_63' title="bbox 547 5490 2139 5569; baseline 0.008 -25"><span class='ocrx_word' id='word_1_507' title='bbox 547 5490 742 5559; x_wconf 75' lang='lat' dir='ltr'><strong><em>Igitur</em></strong></span> <span class='ocrx_word' id='word_1_508' title='bbox 766 5495 1026 5559; x_wconf 89' lang='lat' dir='ltr'><strong><em>centum,</em></strong></span> <span class='ocrx_word' id='word_1_509' title='bbox 1057 5493 1180 5550; x_wconf 90' lang='lat' dir='ltr'><strong><em>imo</em></strong></span> <span class='ocrx_word' id='word_1_510' title='bbox 1239 5495 1400 5550; x_wconf 90' lang='lat' dir='ltr'><strong><em>mille</em></strong></span> <span class='ocrx_word' id='word_1_511' title='bbox 1467 5500 1568 5552; x_wconf 81' lang='lat' dir='ltr'><strong><em>aut</em></strong></span> <span class='ocrx_word' id='word_1_512' title='bbox 1623 5498 1823 5569; x_wconf 89' lang='lat' dir='ltr'><strong><em>potius</em></strong></span> <span class='ocrx_word' id='word_1_513' title='bbox 1869 5500 2139 5557; x_wconf 87' lang='lat' dir='ltr'><strong><em>innume-</em></strong></span> 
     </span>
    </p>
   </div>
   <div class='ocr_carea' id='block_1_64' title="bbox 2259 5490 3851 5572">
    <p class='ocr_par' dir='ltr' id='par_1_64' title="bbox 2316 5495 3851 5572">
     <span class='ocr_line' id='line_1_64' title="bbox 2316 5495 3851 5572; baseline -0.001 -19"><span class='ocrx_word' id='word_1_514' title='bbox 2316 5504 2403 5554; x_wconf 67' lang='grc' dir='ltr'><strong><em>Διὸ</em></strong></span> <span class='ocrx_word' id='word_1_515' title='bbox 2438 5497 2786 5562; x_wconf 76' lang='grc' dir='ltr'><strong><em>ἑκατοντάδας</em></strong></span> <span class='ocrx_word' id='word_1_516' title='bbox 2813 5519 2867 5552; x_wconf 78' lang='grc' dir='ltr'><strong><em>τε</em></strong></span> <span class='ocrx_word' id='word_1_517' title='bbox 2915 5504 3006 5552; x_wconf 83' lang='grc' dir='ltr'><strong><em>καὶ</em></strong></span> <span class='ocrx_word' id='word_1_518' title='bbox 3033 5495 3400 5572; x_wconf 77' lang='grc' dir='ltr'><strong><em>χιλιοντάδας,</em></strong></span> <span class='ocrx_word' id='word_1_519' title='bbox 3469 5499 3497 5556; x_wconf 75' lang='grc' dir='ltr'>ἦ</span> <span class='ocrx_word' id='word_1_520' title='bbox 3535 5502 3626 5550; x_wconf 77' lang='grc' dir='ltr'><strong><em>καὶ</em></strong></span> <span class='ocrx_word' id='word_1_521' title='bbox 3654 5503 3851 5572; x_wconf 79' lang='grc' dir='ltr'><strong><em>μυριά-</em></strong></span> 
     </span>
    </p>
   </div>
   <div class='ocr_carea' id='block_1_65' title="bbox 483 5577 2075 5665">
    <p class='ocr_par' dir='ltr' id='par_1_65' title="bbox 483 5577 2075 5664">
     <span class='ocr_line' id='line_1_65' title="bbox 483 5577 2075 5664; baseline 0.008 -31"><span class='ocrx_word' id='word_1_522' title='bbox 483 5577 701 5664; x_wconf 72' lang='lat' dir='ltr'><strong><em>rabilia</em></strong></span> <span class='ocrx_word' id='word_1_523' title='bbox 734 5579 986 5638; x_wconf 85' lang='lat' dir='ltr'><strong><em>nomina</em></strong></span> <span class='ocrx_word' id='word_1_524' title='bbox 1028 5582 1428 5658; x_wconf 77' lang='lat' dir='ltr'><strong><em>philosophiae</em></strong></span> <span class='ocrx_word' id='word_1_525' title='bbox 1479 5589 1757 5644; x_wconf 86' lang='lat' dir='ltr'><strong><em>strenuus</em></strong></span> <span class='ocrx_word' id='word_1_526' title='bbox 1799 5587 2075 5663; x_wconf 73' lang='lat' dir='ltr'><strong><em>discipuli</em></strong></span> 
     </span>
    </p>
   </div>
   <div class='ocr_carea' id='block_1_66' title="bbox 2259 5577 3851 5665">
    <p class='ocr_par' dir='ltr' id='par_1_66' title="bbox 2259 5586 3851 5665">
     <span class='ocr_line' id='line_1_66' title="bbox 2259 5586 3851 5665; baseline -0.002 -23"><span class='ocrx_word' id='word_1_527' title='bbox 2259 5610 2335 5652; x_wconf 75' lang='grc' dir='ltr'>ιιις-</span> <span class='ocrx_word' id='word_1_528' title='bbox 2375 5586 2647 5665; x_wconf 81' lang='grc' dir='ltr'><strong><em>μυριάδων</em></strong></span> <span class='ocrx_word' id='word_1_529' title='bbox 2693 5594 3000 5663; x_wconf 75' lang='grc' dir='ltr'><strong><em>περιουσίας</em></strong></span> <span class='ocrx_word' id='word_1_530' title='bbox 3073 5588 3404 5662; x_wconf 81' lang='grc' dir='ltr'><strong><em>ὀνομασμοὺς</em></strong></span> <span class='ocrx_word' id='word_1_531' title='bbox 3455 5587 3577 5664; x_wconf 73' lang='grc' dir='ltr'><strong><em>εὕρῃ</em></strong></span> <span class='ocrx_word' id='word_1_532' title='bbox 3637 5608 3719 5651; x_wconf 88' lang='grc' dir='ltr'>τις</span> <span class='ocrx_word' id='word_1_533' title='bbox 3770 5611 3851 5661; x_wconf 76' lang='grc' dir='ltr'><strong><em>φι-</em></strong></span> 
     </span>
    </p>
   </div>
  </div>
