4032 6308
172 269 282 341 Ἷαῦ

1445 266 1536 322 DE
1558 262 1823 339 DIVIle
1851 264 2258 343 ΝοωΝιοῠε.

3441 268 3548 337 Ἶββ

170 393 447 471 λομνήμων
490 398 582 447 καὶ
628 393 1036 475 πεπαιδευμένος
1101 396 1398 471 φιλοσοφίᾳ,
1456 397 1595 468 εἴπερ
1665 389 1781 445 ἔπι-

1896 392 2295 462 enumerabit,
2347 393 2693 449 mundanas
2759 390 3092 451 activitates
3152 389 3547 449 recensendo.

177 490 439 545 στατικῶς
482 486 551 535 τά
588 482 636 536 ἓν
692 489 875 558 κόσμῳ
936 484 1256 560 ἑξερευνήσει
1308 483 1646 560 ἐνεργήματα·
1680 480 1780 553 ἐγὼ

175 567 236 625 δὲ
304 575 408 626 εἴτε
459 576 550 645 μὲν
599 571 871 649 ἐρευνήσας
928 577 1154 650 εὑρήσω,
1224 577 1325 627 εἴτε
1390 571 1449 626 δὲ
1501 574 1637 626 κατά
1686 574 1780 628 τὴν

174 658 368 713 ἐκείνου
404 657 627 734 δύναμιν
674 661 723 714 ἓν
793 661 981 726 ἀνοίξει
1044 670 1137 719 τοῦ
1201 666 1460 736 στόματός
1501 681 1619 736 μουη
1651 661 1781 712 κατά

171 752 260 802 τόν
301 749 508 803 Παῦλον
557 754 624 803 τὰ
675 754 746 813 ὡς
796 751 930 814 εἰκός
984 750 1257 826 ἐρεύξομαι
1296 750 1538 820 εὐσεϐῶς,
1584 750 1643 802 ού
1707 754 1781 819 τῷ

173 837 385 913 ἀριθμῷ
422 839 692 912 μεγαλύνω
746 845 841 902 τὴν
890 842 1112 916 εὕρεσιν,
1162 845 1279 896 οῦτε
1334 844 1425 916 μεν
1474 849 1545 913 τῷ
1594 838 1786 894 ἔλλιπεῖ

173 924 454 995 δειλιάσω,
500 934 587 982 καὶ
651 933 740 982 τὸν
801 934 947 985 ὄκνον
1007 930 1113 994 ἄξω
1166 929 1437 1003 ἐμπόδιον,
1510 928 1638 981 ἀλλὰ
1688 930 1782 985 τὴν

171 1016 382 1088 ἀγαθὴν
410 1022 501 1070 καὶ
528 1021 850 1091 μεσαιτάτην
904 1015 1027 1072 ὁδὸν
1072 1016 1327 1093 βαδίσας,
1374 1022 1439 1080 ὡς
1495 1016 1595 1085 δεῖ,
1647 1020 1782 1070 κατά

168 1111 269 1165 τὴν
311 1105 529 1159 ἐνοῦσάν
561 1127 652 1181 μοι
680 1111 844 1182 χάριν
873 1113 967 1168 τὴν
997 1107 1053 1172 ἐξ
1103 1107 1318 1177 εκείνου,
1367 1111 1491 1161 ὡσεὶ
1534 1104 1777 1181 δύναμις,

169 1193 226 1246 ἐκ
264 1196 450 1258 πάσης
486 1205 750 1273 γραφικῆς
795 1205 974 1269 πηγῆς
1022 1207 1118 1261 τῆς
1174 1197 1315 1262 ἐντός
1358 1217 1412 1250 τε
1457 1202 1546 1249 καὶ
1584 1204 1678 1255 τῆν
1704 1194 1783 1248 ἐκ·

166 1286 276 1350 τός,
352 1286 382 1343 ἦ
433 1289 525 1338 καὶ
580 1290 647 1339 τὰ
699 1286 854 1339 πλείω
915 1286 1180 1360 ἐπιστήμῃ
1236 1287 1458 1348 εὐσεϐῶς
1487 1287 1782 1359 συντιθέμε-

167 1391 276 1438 νος,
310 1375 408 1437 τὰς
428 1370 650 1448 ῥανίδας
706 1379 924 1449 σπόγγῳ
978 1378 1274 1448 Πνεύματος
1321 1378 1456 1428 θείου
1513 1374 1780 1448 ἀνιμησά-

168 1478 349 1531 μενος,
415 1462 792 1525 κατασταλάξω
849 1460 945 1515 διὰ
984 1464 1219 1536 γλώττης
1267 1467 1325 1516 τὸ
1366 1464 1577 1536 γλύκιον
1634 1485 1647 1497 ·
1692 1468 1783 1515 καὶ

170 1549 609 1621 ὁνοματοθετὴσω
656 1554 745 1604 τὸν
791 1550 1107 1626 ἀθεώρητον,
1148 1547 1246 1605 τὸν
1308 1554 1478 1610 πάντη
1530 1552 1667 1616 ξένον
1699 1550 1782 1603 ἀν-

173 1640 420 1713 θρωπίνῳ
446 1647 520 1708 τῷ
541 1638 800 1713 λογισμῷ,
862 1644 949 1693 τόν
999 1637 1201 1694 ἀνίδεον
1257 1650 1320 1717 τῇ
1373 1641 1641 1708 αἰσθήσει,
1694 1644 1783 1693 τόν

170 1725 475 1785 ἀνεννόητον
523 1730 697 1807 φύσει,
754 1731 843 1781 τὸν
903 1730 1162 1806 ὑπερφυῆ,
1218 1732 1304 1781 τόν
1361 1730 1605 1804 ύπέρθεον
1642 1749 1655 1761 '
1692 1733 1781 1780 καὶ

167 1822 325 1867 τοῦτο
365 1817 567 1877 πάντως
598 1816 672 1878 εἰς
699 1820 786 1869 τὸν
812 1817 975 1870 αὐτοῦ
1028 1813 1292 1890 δοξασμόν
1361 1838 1375 1852 ·
1426 1816 1651 1869 ἐντεῦθεν
1687 1822 1781 1875 τὴν

169 1908 263 1977 μεν
292 1903 490 1977 τόλμαν
549 1902 809 1978 ἀμϐλύνας
849 1903 942 1960 διὰ
978 1914 1073 1959 τοῦ
1105 1906 1342 1983 θάρρους,
1387 1910 1445 1958 16
1494 1902 1554 1958 δὲ
1593 1907 1782 1981 θάρρος

170 2000 545 2067 παρακινήσας
600 1991 664 2053 τῆ
739 1999 1042 2069 προαιρέσει
1112 2000 1231 2069 περὶ
1292 1998 1571 2069 θεωνυμίας
1648 1995 1783 2047 οὕτω

172 2081 306 2154 βοῶ,
350 2085 439 2135 τὸν
492 2090 584 2145 τῆς
660 2083 915 2146 εὐσεϐείας
964 2086 1164 2160 καρπὸν
1225 2092 1335 2145 τοῖς
1390 2082 1653 2137 εύσεϐέσιν
1715 2086 1784 2144 ὡς

168 2170 397 2245 ἀρίστην
452 2168 779 2224 πανδαισίαν
838 2175 1170 2248 προθέμενος.
1225 2173 1319 2224 Διά
1375 2180 1528 2226 τοῦτο
1586 2176 1658 2246 μὴ
1718 2179 1780 2246 τῇ

1889 481 2182 554 Equidem
2211 486 2314 538 aut
2338 498 2476 539 cum
2502 482 2658 538 illius
2688 481 2966 538 facultate
2995 472 3098 537 aut
3127 480 3190 536 in
3228 480 3349 536 oris
3376 494 3550 553 aper-

1888 569 2069 637 tione,
2097 571 2247 626 sicut
2268 571 2506 640 Paulus,
2528 571 2737 627 laudes
2764 570 3005 627 meritas
3037 567 3467 647 pronuntiabo,
3493 571 3551 624 et

1888 658 2332 733 impedimentis
2379 660 2609 716 evitatis
2664 658 2951 727 mediam,
3008 657 3267 730 ideoque
3317 656 3547 715 bonam

1889 747 2048 802 viam
2075 763 2312 821 sequar,
2345 748 2676 803 secundum
2708 747 3146 803 inhabitantem
3177 744 3459 815 gratiam,
3487 747 3548 809 et

1892 851 2065 894 sacra
2104 836 2407 910 Scriptura
2435 836 2588 895 duce
2616 842 2673 893 et
2715 835 2963 892 scientia
3015 835 3282 907 auspice,
3348 848 3545 891 rorem

1890 931 1948 982 et
1972 929 2169 997 guttas
2192 926 2440 998 Spiritus
2465 924 2651 983 divini
2671 940 2786 997 ope
2807 940 2913 998 per
2927 923 3197 993 linguam
3213 920 3545 987 distillabo,

1889 1019 1948 1071 et
1973 1015 2206 1071 vocabo
2232 1031 2370 1069 eum
2392 1015 2495 1087 qui
2525 1013 2836 1070 invisibilis
2863 1017 2950 1068 est
2975 1016 3031 1067 et
3076 1008 3397 1067 intellectui
3440 1009 3548 1069 hu-

1888 1120 2074 1161 mano
2100 1104 2494 1173 inaccessum,
2528 1118 2563 1158 a
2589 1101 2862 1159 sensibus
2911 1101 3195 1166 alienum,
3258 1113 3548 1171 suprana-

1888 1192 2165 1256 turalem,
2197 1208 2330 1247 vere
2362 1191 2765 1263 Deum,idque
2795 1190 2967 1245 unice
2980 1189 3060 1245 ad
3080 1189 3209 1260 ejus
3248 1187 3500 1259 gloriam
3529 1204 3543 1254 ;

1889 1287 1948 1339 et
1976 1283 2061 1338 sic
2089 1281 2429 1337 divinorum
2448 1281 2762 1339 nominum
2780 1278 3131 1335 celsitudine
3153 1277 3303 1333 ﬁsus
3328 1290 3539 1331 vocem

1891 1386 2091 1427 meam
2115 1370 2278 1439 tollo,
2311 1373 2367 1425 et
2393 1369 2623 1441 pietatis
2668 1368 2926 1423 fructum
2951 1365 3068 1438 piis
3111 1365 3300 1438 dapes
3342 1363 3539 1419 lautas

1891 1458 2096 1515 offero.
2128 1459 2291 1514 Hanc
2320 1458 2399 1514 ob
2431 1472 2677 1513 causam
2717 1456 2821 1528 qui
2863 1454 3024 1523 legit,
3083 1469 3206 1509 non
3237 1452 3433 1509 solum
3461 1452 3549 1506 in-

1892 1548 2051 1619 genii
2077 1563 2333 1603 acumen
2365 1545 2692 1617 augebit,at
2718 1544 2804 1600 rei
2825 1542 3287 1616 profunditatem
3325 1544 3546 1597 scrute-

1890 1642 1988 1694 tur
2008 1642 2065 1693 et
2084 1635 2419 1694 secundum
2449 1635 2601 1690 vires
2625 1636 2906 1706 exponat.
2931 1631 3045 1688 Sed
3072 1630 3391 1686 nominum
3419 1628 3545 1684 illo-

1823 1742 1863 1795 B
1889 1742 2026 1784 rum
2051 1724 2420 1794 signiﬁcatus
2446 1723 2627 1779 aliam
2656 1723 2837 1778 etiam
2858 1720 2984 1776 vim
3003 1718 3204 1776 habet.
3230 1720 3359 1774 Non
3384 1717 3547 1773 enim

1893 1815 2132 1874 fortuito
2156 1806 2440 1885 imposita
2464 1816 2620 1877 sunt,
2645 1810 2753 1865 sed
2781 1808 3098 1882 qualitates
3118 1806 3337 1865 divinae
3362 1806 3546 1877 maje-

1892 1903 2028 1959 stati
2062 1901 2420 1957 inhaerentes
2440 1890 2728 1955 indicant.
2755 1897 2899 1953 Hinc
2923 1912 3077 1968 opus
3104 1898 3400 1965 nostrum,
3422 1907 3548 1948 ma-

1890 1992 2055 2048 xima
2065 2005 2205 2047 cum
2218 1989 2434 2061 pietate
2449 1987 2821 2049 inchoatum,
2832 1981 3184 2039 hominibus
3198 1980 3314 2055 piis
3343 1996 3414 2036 ac
3430 1985 3549 2036 stu-

1892 2079 2081 2137 diosis
2111 2077 2389 2148 oblaturi,
2407 2075 2656 2148 Spiritus
2669 2072 2858 2129 sancti
2879 2071 3105 2127 auxilio
3116 2084 3188 2125 ac
3219 2068 3414 2139 gratia
3439 2067 3548 2124 rite

1891 2168 2185 2225 invocatis
2223 2180 2363 2221 cum
2389 2163 2610 2219 ﬁducia
2628 2163 2789 2218 hunc
2809 2162 2871 2217 in
2894 2159 3145 2216 modum
3174 2158 3542 2213 exordimur.

169 2259 303 2322 λέξει
338 2264 494 2331 μόνον
550 2262 576 2312 6
625 2245 1009 2332 ἀναγινώσκων
1041 2270 1134 2313 τοῦ
1181 2265 1297 2323 νοὸς
1350 2245 1593 2336 ἀργήσει
1638 2245 2032 2332 τηννδύναμιν,
2100 2254 2209 2307 ἀλλ’
2257 2253 2509 2329 ἐρευνάτω
2548 2255 2608 2304 τὸ
2670 2249 2855 2323 βάθος,
2914 2249 2942 2307 ἦ
3008 2251 3100 2299 καὶ
3152 2245 3439 2318 ἕξηγείσθω
3488 2247 3547 2296 τό

172 2350 315 2401 κατά
359 2345 585 2421 δύναμιν

170 2437 407 2510 ὀνόματα
471 2440 744 2509 ἕγκεινται,

644 2371 658 2383 ·
709 2352 825 2421 ἔχει
866 2346 925 2402 δε
977 2352 1007 2408 1';
1067 2358 1167 2402 τῶν
1224 2350 1488 2424 ὀνομάτων
1548 2354 1793 2424 σημασία
1824 2349 1998 2423 ἑτέραν
2046 2347 2163 2398 τινὰ
2209 2345 2479 2401 θειοτάτην

843 2438 953 2490 ἀλλ’
1027 2438 1283 2515 ἐνεργείας
1350 2434 1709 2495 ὑποδηλοῦσιν
1789 2434 2162 2496 ύποδεικτικὰς
2213 2441 2305 2494 τῆς
2377 2434 2517 2493 θείας
2569 2428 2964 2503 μεγαλειότητος
3015 2445 3030 2458 '

2529 2363 2543 2375 '
2583 2340 2643 2392 ού
2694 2342 2796 2412 γὰρ
2844 2337 3014 2396 ἁπλῶς
3067 2339 3160 2387 καί
3211 2337 3452 2406 τυχότως
3484 2334 3551 2384 τὰ

3091 2420 3186 2477 διὰ
3227 2429 3383 2474 τοῦτο
3432 2420 3551 2492 φιλ-

176 2509 419 2597 ευσεϐείᾳ
474 2526 633 2600 πολλῇ
693 2529 753 2579 1'6
837 2509 1114 2602 σύνταγμά
1146 2509 1390 2599 θέμενοι,
1446 2530 1574 2601 πρὸς
1656 2529 1777 2589 τοὺς
1856 2523 2209 2598 ἐπιστήμονας
2279 2526 2371 2574 καὶ
2448 2520 2710 2592 φιλοθέους
2763 2520 2857 2574 τὴν
2908 2517 3085 2588 κρίσιν
3138 2509 3553 2569 ἐπανατείναντες

172 2618 272 2674 τὴν
294 2620 391 2666 τοῦ
417 2617 714 2687 Πνεύματος
735 2614 898 2689 χάριν
932 2618 1166 2678 ἱκετικῶς
1194 2615 1663 2692 προσκαλούμενοι,
1685 2616 1816 2689 μετὰ
1847 2614 2071 2689 θάρρους
2094 2616 2184 2665 καὶ
2208 2613 2506 2686 προθυμίας
2534 2608 2731 2661 οὑτωσὶ
2762 2602 3139 2679 ἀπαρχόμεθα.

246 2791 315 2844 Ὀ
340 2795 477 2853 Θεός
522 2814 536 2826 ·
570 2794 597 2845 6
627 2793 908 2867 οἰκτίρμων
960 2815 973 2828 '
994 2794 1021 2847 6
1041 2796 1165 2857 τούς
1189 2793 1523 2868 οἰκτίρμονας
1553 2792 1788 2865 ἀγαπῶν.

175 2881 202 2932 6
234 2884 415 2955 πατὴρ
445 2889 546 2933 τῶν
571 2881 851 2955 οἰκτιρμῶν
880 2904 893 2915 ·
923 2883 949 2934 6
998 2881 1267 2955 φιλόκαλος
1297 2902 1310 2915 '
1363 2884 1390 2934 6
1446 2881 1731 2954 φιλάγαθος
1774 2901 1787 2913 ·

177 2970 205 3020 6
226 2969 654 3042 φιλόσπλαγχνος
683 2992 696 3004 '
729 2972 756 3022 6
776 2970 932 3033 καλός
958 2992 972 3004 '
1004 2973 1029 3023 6
1063 2968 1255 3041 ἀγαθός
1287 2990 1301 3003 ο
1331 2972 1357 3021 6
1385 2969 1746 3040 εῦσπλαγχνος
1776 2989 1788 3001 '

175 3060 203 3143 ό
250 3056 400 3110 ἐλεῶν
433 3080 447 3092 ο
477 3060 504 3109 6
534 3058 787 3119 ἑλεοποιός
817 3081 830 3092 ·
857 3060 882 3111 6
936 3054 1245 3131 ἐλεοδοχεύς
1288 3076 1301 3091 '
1359 3060 1385 3111 6
1423 3062 1654 3131 χορηγός
1700 3064 1791 3109 τοῦ

177 3141 351 3208 Ιῗλέους
376 3167 390 3179 ·
417 3147 444 3199 6
473 3145 619 3198 ἐλεῶν
661 3151 785 3209 τοὺς
811 3146 990 3211 ἀξίους
1014 3169 1026 3181 ·
1052 3147 1169 3200 καθ’
1211 3149 1265 3200 ὃν
1304 3148 1331 3199 6
1377 3146 1513 3207 ἔλεος
1553 3168 1565 3179 ·
1620 3141 1697 3199 δι’
1738 3145 1791 3198 ὃν

177 3234 361 3295 ὀέλεος
390 3256 404 3268 ·
429 3231 503 3287 δι’
534 3235 595 3287 οὗ
621 3237 647 3287 6
677 3236 808 3297 ἔλεος
842 3257 854 3270 '
894 3238 946 3289 ἐν
1058 3239 1084 3289 6
1119 3236 1255 3298 ἕλεος
1287 3257 1300 3270 ·
1356 3238 1382 3288 6
1441 3232 1649 3297 δίκαιος
1699 3256 1712 3268 ·
1765 3237 1791 3286 6

182 3321 535 3388 δικαιοδότης
567 3348 579 3360 ·
603 3329 630 3378 6
661 3324 892 3391 δικάζων
918 3350 931 3361 ·
957 3329 983 3380 6
1014 3324 1169 3389 δίκας
1200 3329 1337 3399 ἄγων
1363 3370 1376 3382 .
1427 3328 1453 3378 6
1501 3321 1792 3387 καταδίκας

180 3414 390 3488 ἐπάγων
424 3437 438 3449 ·
470 3418 496 3468 6
548 3421 783 3489 φωτεινός
807 3438 819 3450 '
873 3418 898 3469 6
924 3413 1229 3491 φωτοδότης
1254 3439 1265 3450 ·
1290 3418 1317 3469 6
1370 3420 1652 3489 φωτοποιός
1704 3437 1716 3449 ·
1764 3416 1790 3467 6

182 3507 470 3578 φωτάρχης
498 3526 512 3539 '
544 3506 572 3557 6
600 3511 981 3578 φωταυγαστής

177 3596 302 3665 γεύς
329 3636 341 3648 .
385 3595 411 3645 6
438 3594 724 3667 τηλεφανὴς
766 3617 779 3628 ·
814 3597 840 3647 6
865 3598 1111 3669 πρύτανις
1159 3617 1171 3628 '
1214 3597 1241 3646 6
1290 3596 1570 3669 προνομεύς
1595 3614 1606 3625 ·
1640 3595 1667 3644 6
1703 3612 1792 3643 τα-

177 3686 308 3754 μίας
331 3690 434 3735 τῶν
465 3681 675 3754 ἀγαθῶν
706 3681 1034 3757 δωρημάτων
1069 3706 1081 3718 ·
1116 3684 1142 3736 6
1186 3683 1427 3744 ἀνίκητος
1456 3704 1470 3716 ι
1522 3683 1548 3733 6
1596 3701 1793 3739 νικητι-

175 3774 264 3831 κός
299 3792 313 3803 '
346 3772 655 3834 ὁνικοποιός
687 3794 699 3805 ·
730 3774 756 3824 6
783 3774 1050 3848 νικάρχης
1080 3794 1092 3806 ·
1126 3775 1152 3824 6
1177 3768 1551 3832 νικοδέσποτος
1575 3792 1588 3804 '
1631 3771 1656 3821 6
1700 3778 1792 3831 τῆς

178 3855 343 3921 δόξης
368 3856 631 3921 δεσπότης
660 3877 673 3890 ·
698 3862 726 3913 6
755 3863 934 3936 κύριος
960 3869 1059 3913 τῶν
1089 3865 1428 3937 κυριευόντων
1475 3881 1488 3893 ·
1547 3860 1572 3911 6
1629 3856 1791 3931 βασι-

174 3947 292 4009 λεὺς
344 3955 449 3999 τῶν
495 3947 878 4021 βασιλευόντων
944 3970 957 3983 ·
1014 3951 1039 4001 6
1086 3953 1212 4009 Θεός
1289 3957 1388 4000 τῶν
1441 3948 1789 4020 νομιζομένων

1135 4040 1161 4090 6
1212 4043 1472 4111 συνίστωρ
1527 4045 1621 4097 τῆς
1669 4035 1792 4094 ἀλη-

1037 3527 1050 3540 ·
1098 3509 1123 3558 6
1176 3514 1276 3558 τῶν
1325 3511 1503 3578 φώτων
1536 3523 1790 3578 παραγω-

177 4040 302 4091 θεῶν
328 4059 342 4072 '
368 4039 394 4090 6
421 4039 637 4111 ἔλεγχος
675 4048 775 4091 τῶν
821 4036 1042 4097 δοκήσει
1083 4059 1096 4072 ·

178 4128 317 4187 θείας
341 4148 355 4160 '
386 4128 411 4178 6
433 4132 621 4200 κριτὴς
647 4129 673 4179 6
696 4126 1177 4202 ἀπροσωπόληπτος
1210 4149 1222 4160 ·
1254 4131 1311 4178 τό
1363 4125 1515 4199 βῆμα
1548 4130 1605 4177 1'6
1674 4122 1795 4177 6165'-

1773 4219 1793 4243 ο,

140 4226 374 4268 ’καστον
421 4237 435 4249 '
486 4218 513 4268 6
558 4215 811 4277 ἀλάθητος
852 4214 1110 4289 ὀφθαλμός
1160 4238 1173 4250 ·
1204 4219 1261 4268 16
1282 4211 1562 4287 πανδερκές
1596 4215 1741 4287 ὄμμα

176 4303 202 4355 6
232 4307 304 4354 ῶν
337 4343 351 4355 .
388 4305 414 4356 6
442 4305 677 4381 ἄναρχος
716 4348 727 4360 .
750 4306 777 4358 6
800 4304 1035 4366 ἀναίτιος
1066 4325 1080 4338 '
1145 4306 1171 4357 6
1218 4303 1508 4376 ἀθεώρητος
1541 4324 1554 4336 ·
1597 4305 1623 4355 6
1667 4301 1788 4373 ύψι-
1827 4301 1872 4353 D
1903 4297 2141 4358 ἀσώτους
2181 4293 2589 4364 ἀνακαλούμενος

178 4410 303 4452 στος
326 4413 340 4426 '
373 4393 401 4444 6
431 4391 800 4455 ἀκατάληπτος
832 4414 844 4427 ·
879 4395 905 4445 6
932 4392 1321 4468 ἀπερίγραπτος
1371 4412 1384 4425 ·
1427 4393 1453 4444 6
1480 4393 1744 4462 ἄγνωστος
1772 4411 1785 4424 ο

178 4484 205 4534 6
257 4481 471 4555 ἀσαφής
500 4503 513 4516 ·
542 4484 569 4535 6
603 4487 790 4546 σκότος
818 4486 960 4557 ἔχων
989 4482 1284 4557 περικύκλῳ
1324 4483 1485 4535 αὐτοῦ
1530 4505 1542 4517 ·

181 4570 535 4643 ἀγαθωσύνης
558 4571 727 4646 βάθος
757 4595 771 4606 '
804 4576 835 4632 ἡ
875 4578 1021 4644 πηγὴ
1054 4582 1154 4626 τῶν
1199 4571 1524 4647 δωρημάτων
1556 4588 1569 4602 ⁸

178 4661 354 4722 τοζωή
383 4682 396 4694 ·
420 4664 451 4719 ἡ
482 4661 589 4722 ζωή
624 4683 637 4695 '
668 4659 742 4714 δι’
777 4661 831 4714 ὃν
863 4664 918 4714 αἱ
945 4663 1080 4723 ζωαί
1113 4683 1126 4695 '
1162 4657 1236 4713 δι’
1266 4660 1327 4714 οὗ
1352 4664 1406 4713 αἱ
1433 4662 1566 4722 ζωαί
1600 4682 1613 4694 ·
1642 4660 1710 4721 εἰς
1738 4660 1791 4712 ὃν

177 4752 249 4803 τά
276 4752 448 4802 πάντα
470 4769 484 4785 ο
513 4752 539 4803 6
565 4748 926 4823 ἀμετάπτωτος
951 4754 1104 4823 φύσει
1127 4750 1193 4806 .’ὁ
1221 4751 1474 4823 ἄτρεπτος
1496 4757 1558 4823 τῇ
1589 4749 1745 4822 οὐσίᾳ
1776 4792 1789 4804 .

180 4839 207 4890 6
260 4836 605 4900 ἀναλλοίωτος
657 4840 810 4911 φύσει
839 4860 852 4874 ·
886 4841 913 4891 6
942 4839 1209 4914 αὐτάρκης
1242 4860 1254 4872 ·
1288 4840 1314 4890 6
1343 4838 1533 4900 τελειος
1562 4859 1575 4870 ·
1608 4839 1634 4889 6
1659 4837 1793 4890 τελε-

178 4930 485 5000 ταρχικόςο
518 4929 544 4980 6
594 4929 903 5002 ὑπερούσιος
958 4948 972 4962 '
1021 4929 1047 4980 6
1095 4929 1342 5001 ύπέρθεος
1389 4948 1401 4961 '
1454 4928 1479 4978 6
1535 4928 1794 5000 ὑπεράγα-

177 5017 271 5076 θος
306 5035 320 5048 '
353 5015 380 5067 6
420 5017 711 5090 ύπέρφωτος
743 5038 757 5051 ο
793 5019 819 5069 6
846 5017 1175 5092 τηλεπρεπης
1232 5037 1246 5050 ο
1296 5017 1322 5067 6
1381 5016 1643 5090 ζωοφόρος
1696 5036 1708 5048 ·
1766 5017 1793 5068 ὁ

174 5102 382 5164 ἐντελής
432 5126 445 5138 ·
516 5105 808 5168 ὁπλάστης
837 5126 853 5139 ο
896 5107 923 5158 6
972 5098 1299 5178 δημιουργός
1332 5126 1344 5137 ·
1378 5106 1403 5156 6
1463 5104 1653 5176 γλυκὺς
1708 5100 1790 5157 δε-

176 5197 377 5283 σπότης
403 5214 417 5227 '
450 5195 477 5246 6
534 5190 928 5269 πωλοδομήτωρ
979 5196 1056 5246 ·’ὁ
1083 5190 1357 5266 ὑψιμέδων
1386 5215 1399 5227 ·
1433 5194 1459 5245 6
1505 5193 1661 5256 ξένιος
1693 5213 1706 5225 '
1761 5194 1787 5244 6

173 5279 347 5342 ἱκανός
379 5302 393 5315 ο
417 5283 443 5333 6
473 5285 634 5355 μέγας
662 5303 675 5316 ·
715 5283 742 5334 6
778 5282 1005 5356 ἰσχυρός
1037 5301 1052 5316 ο
1086 5282 1111 5333 6
1140 5282 1489 5354 ἰσχυροποιός
1529 5301 1542 5314 '
1595 5282 1621 5331 6
1662 5279 1791 5333 ἀθά-

170 5388 321 5433 νατος
354 5371 549 5423 ’ὁτῶν
579 5375 735 5424 ὄντων
761 5373 1106 5447 παραγωγεύς
1137 5392 1148 5404 ·
1190 5371 1216 5422 6
1244 5378 1342 5433 τῆς
1387 5371 1510 5430 ὕλης
1562 5373 1654 5421 καὶ
1697 5376 1790 5422 τοῦ

174 5453 350 5520 εἶδους
398 5458 688 5521 ένοποιός,.
737 5463 796 5512 τὸ
850 5458 1142 5535 ἀρχέγονον
1180 5460 1310 5531 φάος
1357 5479 1371 5493 ο
1436 5460 1465 5517 ἡ
1498 5462 1641 5529 πηγὴ
1697 5464 1790 5518 τῆς

173 5542 526 5619 ἀγαθωσύνης
570 5569 585 5582 ο
634 5549 667 5606 ἠ
726 5547 1017 5622 πλημμύρα
1063 5554 1164 5600 τῶν
1212 5543 1539 5623 δωρημάτων
1591 5568 1602 5581 ·
1636 5547 1785 5599 ὁπο-

1593 4487 1652 4535 τό
1696 4491 1792 4543 τῆς

1626 4573 1657 4629 ἠ
1691 4571 1791 4623 αύ-

1833 2953 1874 3009 C
1906 2973 2112 3039 σταγὼν
2154 2973 2251 3028 τῆς
2298 2963 2654 3037 ἀγαλλιάσεως

1900 2793 2064 2864 ταμός
2110 2796 2204 2850 τῆς
2248 2787 2569 2862 εὐφροσύνης
2600 2805 2614 2818 '
2669 2784 2696 2834 6
2746 2780 2871 2857 ῥοῦς
2916 2781 2944 2832 6
3000 2778 3207 2840 ἀένναος
3247 2783 3341 2837 τῆς
3417 2775 3555 2849 εὔερ-

1902 2884 2085 2950 γεσίας
2118 2900 2130 2912 ·
2164 2881 2195 2937 ἡ
2238 2876 2383 2937 ἀκτὶς
2420 2878 2451 2933 ἡ
2494 2873 2635 2934 ἐκτὸς
2694 2868 3119 2926 ἀντωακλήσεως
3166 2865 3425 2936 θέλγουσα
3459 2883 3474 2897 -
3516 2865 3547 2922 ἠ

2707 2980 2721 2993 ·
2770 2961 2827 3010 16
2875 2955 3096 3026 πέλαγος
3129 2961 3222 3014 τῆς
3277 2953 3549 3025 μακροθυ-

1904 3061 2033 3129 μίας
2066 3079 2078 3090 ·
2112 3057 2139 3109 6
2170 3055 2504 3128 μακρόθυμος
2554 3073 2567 3084 ·
2629 3052 2655 3102 6
2694 3048 2859 3122 πραΰς
2918 3067 2931 3079 ·
2985 3043 3286 3106 ἀνεξίκακος
3324 3062 3338 3075 ·
3385 3042 3411 3091 6
3469 3058 3556 3112 με·

1898 3153 2093 3198 τανοῶν
2118 3147 2203 3198 ἓπὶ
2255 3148 2470 3202 κακίαις
2512 3138 2790 3215 ἀνθρώπων
2820 3157 2833 3169 ·
2882 3136 2908 3186 6
2934 3135 3248 3207 πρωταίτιος
3280 3151 3292 3164 '
3343 3131 3374 3188 ἠ
3416 3128 3553 3200 λάμ-

1899 3234 1994 3305 ψις
2022 3236 2053 3293 ἠ
2085 3235 2271 3294 ἄσκιος
2320 3253 2333 3265 '
2383 3233 2409 3283 6
2434 3232 2727 3303 προνοητής
2754 3246 2767 3259 ο
2802 3227 2828 3277 6
2854 3227 3031 3297 ἔφορος
3069 3264 3081 3277 .
3126 3222 3152 3272 6
3182 3218 3502 3293 κυϐερνήτης
3532 3239 3545 3249 ·

1900 3304 2101 3397 όλιμὴν
2146 3330 2247 3375 τῶν
2298 3322 2691 3393 χειμαζομένων
2733 3332 2747 3345 ·
2804 3315 2836 3372 ἡ
2890 3311 3090 3384 γαλήνη
3142 3316 3244 3361 τῶν
3297 3304 3555 3359 κλυδωνι-

1904 3396 2128 3486 ζομένων
2159 3433 2172 3445 ·
2232 3412 2263 3469 ἡ
2313 3408 2565 3480 ἀναψυχὴ
2619 3413 2720 3457 τῶν
2746 3399 3069 3474 όδυνομένων
3121 3418 3135 3433 ’
3176 3400 3208 3456 ἡ
3258 3396 3552 3486 έπιστροφη

1899 3510 2000 3555 τῶν
2070 3500 2465 3575 ἁμαρτανόντων
2506 3517 2519 3529 ο
2570 3497 2596 3547 6
2653 3489 2849 3553 άδυτος
2889 3489 3034 3550 ἣλιος
3083 3501 3099 3518 ⁸
3164 3489 3197 3545 ἡ
3255 3485 3464 3558 λαμπὰς
3521 3485 3552 3541 ἡ

1900 3589 2246 3650 ἄσϐεστοςοό
2296 3584 2478 3646 διδούς
2533 3592 2635 3657 φῶς
2682 3588 2792 3644 τοῖς
2839 3579 2889 3632 ἐν
2940 3582 3114 3632 σκότει
3169 3596 3182 3609 ·
3226 3578 3285 3628 τὸ
3336 3572 3556 3626 ἀνέσπε-

1899 3697 1987 3751 ρον
2021 3676 2203 3737 σέλας·
2255 3677 2280 3726 6
2309 3673 2532 3746 γαληνός
2566 3688 2578 3700 ·
2623 3672 2648 3721 6
2698 3669 3042 3740 γαληνοποιός
3101 3686 3113 3697 ·
3154 3665 3187 3720 ἡ
3240 3664 3550 3734 παγκρατὴς

1898 3748 2113 3837 παλάμη
2147 3806 2159 3819 .
2193 3765 2219 3815 6
2273 3758 2612 3832 παιδαγωγός
2660 3764 2758 3808 τῶν
2807 3756 3103 3812 αἰσθήσεων
3147 3772 3160 3784 ·
3205 3752 3236 3808 ἡ
3284 3748 3552 3837 βακτηρία

1898 3863 1995 3916 τῆς
2041 3834 2315 3914 ἀσθενείας
2362 3858 2458 3909 τῆς
2516 3851 2714 3920 φύσεως
2755 3865 2769 3878 ·
2828 3852 2920 3904 τῆς
2978 3840 3163 3914 ἀρετῆς
3215 3840 3241 3890 6
3291 3834 3553 3920 διδάσκα-

1898 3940 1985 4003 λος
2016 3963 2029 3974 ·
2062 3950 2158 4000 τῆς
2181 3944 2367 3999 κακίας
2395 3939 2421 3988 6
2452 3919 2669 4006 ἔλεγχος
2730 3954 2742 3966 '
2795 3934 2821 3982 6
2858 3930 3140 4002 νομοθέτης
3191 3947 3204 3959 ·
3247 3927 3273 3976 6
3327 3919 3555 3996 νομοδό-

1899 4050 1989 4092 της
2013 4052 2026 4064 '
2060 4032 2086 4082 6
2115 4027 2445 4101 νομοφύλαξ·
2470 4026 2495 4077 6
2525 4022 2777 4081 σεϐαστός
2823 4037 2836 4052 ·
2895 4021 2921 4072 6
2972 4016 3202 4078 σεϐαζων
3264 4035 3278 4049 '
3333 4015 3359 4064 6
3406 4010 3558 4064 σεϐά-

1903 4139 2053 4191 σμιος
2107 4139 2120 4152 ·
2254 4099 2395 4178 γόδὸς
2423 4121 2521 4176 τῆς
2560 4114 2700 4173 ζωῆς
2723 4132 2736 4144 ·
2770 4111 2801 4167 ἠ
2850 4105 3187 4166 ἀνεκλάλητος
3218 4099 3458 4176 θυμηδία
3480 4120 3493 4134 '
3523 4100 3550 4151 6

1905 4190 2000 4261 τῶν
2051 4214 2292 4282 κρυπτῶν
2343 4210 2577 4276 γνώστης
2627 4217 2641 4231 ’
2695 4207 2790 4261 τῆς
2835 4194 3073 4257 διανοίας
3128 4195 3154 4246 6
3202 4192 3413 4264 ἔλεγχος
3457 4210 3470 4223 '
3528 4190 3555 4241 6

2635 4310 2647 4322 '
2709 4289 2735 4340 6
2779 4281 3042 4340 παιδεύων
3101 4286 3193 4335 καὶ
3266 4286 3327 4340 τη
3403 4280 3554 4332 θανα-

3072 4393 3085 4406 -
3129 4373 3157 4422 6
3196 4367 3463 4443 δεσμεύων
3501 4365 3551 4418 ἄν

3050 4461 3076 4512 6
3114 4461 3493 4535 τροπαιοφόρος
3532 4476 3547 4488 ο

3071 4550 3097 4601 6
3147 4550 3446 4620 θαυμαστός
3476 4565 3490 4579 ·
3524 4545 3551 4595 6

1900 4395 2001 4439 τῶν
2035 4406 2047 4418 ·
2080 4386 2106 4436 6
2135 4385 2376 4454 κατάγων
2406 4380 2474 4441 εἰς
2510 4375 2644 4450 ᾅδου
2689 4380 2781 4428 καὶ
2811 4374 3011 4446 ἀνάγων

1902 4473 2141 4527 ἀσθενεία
2181 4493 2195 4506 ·
2237 4473 2263 4523 6
2303 4469 2538 4523 ἀπολύων
2578 4465 2628 4518 ἑν
2668 4462 2955 4534 δυναστείᾳ
2997 4482 3010 4495 ·

1901 4563 1928 4614 6
1966 4567 2322 4636 τροπαιοῦχος
2351 4580 2364 4592 ·
2406 4559 2433 4610 6
2482 4552 2775 4627 διοσημίας
2813 4559 2972 4604 ποιῶν
3004 4571 3017 4584 ·

2616 4646 2642 4696 6
2708 4644 2880 4717 ἰατρός
2936 4649 3037 4694 τῶν
3090 4639 3284 4711 ψυχῶν
3312 4639 3402 4689 καὶ
3453 4642 3555 4687 τῶν

3198 4747 3223 4780 ο
3270 4746 3338 4778 τοι
3387 4744 3555 4777 παντα

1900 4661 2064 4724 τιμῶν
2117 4654 2240 4711 τοὺς
2309 4649 2489 4712 ἀξίους
2543 4666 2556 4680 ·

1905 4743 2158 4814 σωμάτων
2204 4741 2351 4812 ἡμῶν
2408 4758 2421 4770 ·
2490 4736 2516 4786 6
2566 4739 2844 4803 πανταχοῦ
2889 4735 3067 4805 παρών
3124 4750 3137 4762 ο

1900 4830 2111 4903 πληρῶν
2144 4850 2158 4862 ·
2201 4830 2227 4880 6
2259 4827 2525 4900 θησαυρός
2544 4831 2644 4876 τῶν
2670 4821 2880 4895 ἀγαθῶν
2913 4841 2925 4853 '
2955 4820 2982 4871 6
3049 4819 3186 4878 ζωῆς
3235 4818 3474 4887 χορηγός
3539 4833 3552 4845 ·

1902 4921 1933 4977 ἠ
1965 4922 2203 4991 γέννησις
2234 4925 2337 4969 τῶν
2370 4911 2521 4968 ἰδεῶν
2554 4930 2566 4944 ·
2600 4914 2627 4964 6
2651 4913 2850 4971 ἄποσος
2888 4930 2901 4942 ·
2954 4910 2980 4959 6
3036 4905 3445 4977 ἀσχημάτιστος
3486 4921 3498 4934 ·
3533 4902 3558 4951 6

1903 4989 2107 5067 ἀνίδεος
2141 5048 2151 5060 .
2187 5007 2212 5057 6
2264 5004 2419 5076 ἔγγὺς
2545 4999 2765 5072 δυνάμει
2797 5019 2809 5030 ·
2875 4998 2901 5048 6
2951 4994 3127 5069 πὸῤῥω
3185 4989 3280 5044 διὰ
3329 4994 3422 5048 τὴν
3469 4990 3561 5060 φύ-

1905 5115 1988 5149 σιν
2012 5119 2023 5129 ·
2058 5098 2084 5148 6
2110 5100 2261 5168 μόνος
2289 5094 2440 5166 ἁγνός
2468 5113 2481 5126 '
2511 5094 2537 5143 6
2567 5089 2793 5161 ἁγνίζων
2841 5107 2854 5119 '
2905 5086 2931 5137 6
2971 5088 3120 5155 μόνος
3171 5081 3398 5152 καθαρός
3454 5099 3468 5112 ·
3517 5079 3555 5129 ‘6

1900 5190 2022 5249 τοὺς
2059 5188 2319 5261 καθαρούς
2347 5185 2682 5258 προσιέμενος
2738 5197 2750 5210 ·
2811 5178 2870 5227 1'6
2926 5173 3243 5245 καθαρτικὸν
3290 5172 3394 5242 πῦρ
3462 5189 3474 5200 ·
3519 5168 3550 5225 ἡ

1902 5274 2026 5347 φλὸξ
2054 5276 2085 5333 ἠ
2133 5257 2395 5334 ἄστεκτος
2443 5292 2457 5306 ·
2517 5273 2574 5322 16
2605 5264 2751 5339 ὕδωρ
2808 5266 2864 5316 16
2917 5262 3164 5334 καθαῖρον
3224 5260 3340 5319 τούς
3377 5257 3557 5331 ημολυ-

1902 5368 2068 5437 σμούς
2098 5386 2111 5399 ο
2140 5367 2199 5416 16
2238 5365 2524 5436 ἀκρότατον
2568 5356 2739 5429 ἕφετόν
2773 5375 2786 5387 -
2828 5354 2856 5404 6
2894 5354 3220 5426 παντουργός
3272 5370 3287 5383 ·
3345 5351 3376 5409 ἠ
3431 5348 3558 5422 ῥίζα

1899 5457 2076 5514 πάσης
2103 5453 2380 5513 ὀντότητος
2403 5471 2415 5485 '
2448 5452 2506 5501 16
2558 5444 2849 5519 ἀθεώρητον
2902 5440 3033 5513 ύψος
3089 5461 3102 5474 ·
3152 5442 3213 5492 τὸ
3266 5437 3554 5513 ἀμέτρητον

1899 5543 2070 5617 βάθος
2101 5584 2115 5602 .
2146 5544 2173 5596 6
2201 5541 2395 5614 ἀναφής
2415 5578 2429 5594 .
2459 5540 2485 5590 ό
2504 5536 2845 5609 πηγαστικός
2878 5552 2891 5566 ·
2945 5532 2972 5583 6
3018 5529 3175 5602 λόγου
3235 5530 3519 5604 παραίτιος
3538 5549 3553 5566 ο
