4032 6308
178 332 289 407 ἢθο

178 581 283 612 νων
319 566 397 631 τῷ
559 575 574 590 ⁸
608 560 643 612 6
664 564 884 631 γνώμων
910 563 1003 616 τῆς
1057 552 1297 614 ἀληθείας
1329 568 1342 582 '
1402 554 1428 605 6
1469 557 1636 605 κανὼν
1699 562 1794 617 τῆς

181 649 474 712 εὐθύτητος
516 664 533 680 ⁸
591 649 622 708 ἡ
697 648 904 721 στάθμη
941 647 972 704 ἡ
1011 642 1388 718 ἀπαρέγκλίτος
1448 658 1463 672 ⁸
1526 645 1588 696 τό
1647 638 1791 716 ὕδωρ

180 746 275 792 τοῦ
305 738 525 811 ἐλεγμοῦ
557 755 571 769 ⁸
605 738 632 790 6
660 744 823 791 ποιῶν
847 738 970 796 τοὺς
1042 731 1290 807 ἀγγέλους
1333 730 1494 785 αὑτοῦ
1560 734 1792 805 πνεῦμα.

179 847 248 882 τα
280 844 307 863 ⁸’
328 829 356 880 6
384 830 506 888 τούς
528 826 861 901 λειτουργούς
896 824 1068 906 αὑτοῦ⁵
1104 826 1269 899 πυρός
1307 821 1469 895 φλόγα
1501 843 1513 855 ·
1571 823 1597 874 6
1651 823 1792 895 θεμε-

176 916 304 969 λιῶν
331 919 430 975 τήν
489 924 589 988 γῆν
641 913 726 969 ἰπὶ
756 919 854 974 τήν
903 910 1185 986 ἀσφάλειαν
1236 911 1401 973 αὐτῆς
1455 932 1468 945 ⁸
1531 912 1558 964 6
1614 910 1792 974 ἐξανα-

175 1004 370 1058 τελλων
394 994 592 1080 χόρτον
616 1011 727 1065 τοῖς
784 1007 1024 1062 κτήνεσιν
1078 1017 1093 1033 ⁸
1145 1003 1172 1053 6
1229 999 1400 1074 χλόην
1461 1006 1523 1073 τῇ
1582 996 1793 1073 δουλείᾳ

175 1102 284 1147 τῶν
315 1092 599 1169 ἀνθρώπων
640 1108 655 1124 ⁸
687 1094 715 1145 6
770 1091 1055 1166 ἁπτόμενος
1110 1097 1212 1143 τῶν
1266 1088 1422 1163 ὀρέων
1476 1093 1566 1141 καὶ
1614 1094 1792 1143 καπνί-

180 1183 374 1245 ζοντας
405 1199 419 1214 ⁸
449 1184 475 1234 6
506 1177 695 1243 διδοὺς
720 1183 866 1255 πάσῃ
903 1184 1062 1255 σαρκὶ
1089 1182 1282 1253 τροφήν
1335 1192 1352 1208 ⁸
1381 1179 1408 1230 6
1467 1173 1744 1240 σιτοδότης
1771 1194 1786 1209 ⁸

178 1290 206 1325 ο
237 1267 610 1344 νομοδοτήσας
644 1273 733 1324 τόν
782 1269 996 1347 Ἰσραήλ
1023 1283 1038 1299 ⁸
1098 1270 1127 1320 6
1162 1268 1407 1343 ὑπέρθεος
1466 1269 1540 1319 "6
1604 1265 1791 1343 κλῆρος

176 1370 282 1414 τῶν
340 1359 671 1434 φοϐουμένων
726 1358 877 1413 αὐτόν
928 1373 944 1390 ⁸
1000 1359 1031 1417 ἡ
1099 1357 1283 1410 αἰωνία
1325 1361 1429 1421 ζωή
1475 1376 1489 1390 ⁸
1523 1358 1549 1408 6
1593 1354 1788 1420 ἄσυλος

178 1451 449 1525 θησαυρός
488 1466 500 1480 ⁸
556 1450 582 1501 6
616 1447 917 1523 ἕπιστήμων
971 1463 985 1478 ⁸
1040 1449 1067 1499 6
1112 1449 1414 1521 προτρέπων
1463 1452 1733 1521 προφήτας
1770 1461 1784 1476 ⁸

174 1539 202 1590 6
238 1536 445 1592 τελειῶν
486 1539 635 1610 ἱερεῖς
664 1554 676 1568 ⁸
707 1555 734 1591 ο
802 1538 1087 1611 ἱερωσύνην
1148 1536 1505 1609 νομοθετήσας
1556 1550 1569 1564 ⁸
1622 1554 1649 1588 ο
1703 1536 1789 1587 θυο

177 1633 304 1691 σίας
365 1626 735 1701 ἀναλαμϐάνων
770 1643 785 1659 ⁸
823 1628 849 1681 6
873 1632 1142 1698 γινώσκων
1179 1628 1245 1679 τά
1296 1628 1465 1679 πάντα
1495 1627 1565 1689 ὡς
1616 1621 1790 1686 οὐδεὶς

178 1718 230 1770 ἓν
261 1732 277 1748 ⁸
317 1718 344 1769 6
372 1718 575 1788 ἀνάγων
633 1712 779 1790 ὕδωρ
831 1714 880 1769 ἓν
917 1723 1036 1777 ταῖς
1090 1714 1312 1788 νςςηλαίς
1348 1733 1363 1749 ⁸
1418 1717 1445 1767 6
1497 1717 1591 1777 τάς
1630 1712 1788 1791 617669-

175 1824 285 1867 σεις
317 1814 412 1868 τῆς
447 1804 832 1878 πολυφλοίσϐου
903 1802 1190 1880 συντρίϐων
1251 1802 1299 1857 ἓν
1328 1803 1492 1876 ἐαυτῷ

172 1899 433 1967 τειχίζων
460 1898 556 1953 τὴν
588 1893 856 1948 θάλασσαν
886 1892 1092 1967 ψάμμῳ
1128 1910 1146 1929 ⁸
1181 1895 1208 1945 6
1245 1891 1534 1966 θυμόδοξος
1564 1910 1578 1925 ⁸
1611 1895 1637 1947 6
1696 1896 1788 1947 θυ-

174 1981 506 2058 μοδόξαστος
529 2001 544 2015 ⁸
580 2003 607 2038 ο
631 1980 926 2060 κυδοφόρος
958 2005 971 2018 ⁸
1016 2003 1044 2037 ο
1110 1981 1367 2060 ἀκέστωρ⁸
1398 2002 1426 2036 ο
1487 1988 1657 2058 σωτήρ
1699 1991 1791 2038 τοῦ

174 2080 384 2148 κόσμου
417 2091 432 2105 ⁸
468 2075 494 2126 6
524 2081 628 2146 φῶς
659 2074 812 2127 οἰκῶν
859 2089 872 2102 ⁸
907 2074 934 2126 6
962 2072 1248 2149 ἀπρόσιτος
1278 2091 1289 2102 ⁸
1346 2074 1372 2126 6
1409 2076 1639 2148 γεωργός
1690 2083 1792 2141 τῶν

175 2173 370 2241 φρενῶν
397 2180 410 2194 ⁸
443 2164 470 2215 6
520 2159 696 2226 ἀίδιος
725 2180 739 2194 ⁸
786 2165 812 2216 6
844 2160 1126 2237 ἀνώλεθρος
1179 2179 1192 2192 ⁸
1248 2164 1274 2215 6
1337 2161 1669 2240 ἀπροσκορής
1710 2179 1722 2191 ⁸
1763 2166 1789 2216 6

172 2250 419 2314 ἀνενδεής
455 2270 467 2283 ⁸
517 2254 544 2305 6
574 2250 951 2327 ἀνυπέρϐλητος
1008 2268 1022 2282 ⁸
1094 2254 1120 2304 6
1179 2251 1498 2326 ἀσύγκριτος
1527 2269 1541 2284 ⁸
1575 2254 1601 2305 6
1633 2251 1790 2318 ἀσὺν,

173 2361 426 2405 απτος⁸ο
480 2340 893 2415 ἀκαταμάχητος
957 2361 972 2376 ⁸
1022 2360 1048 2393 ο
1100 2344 1382 2415 προνομεύς
1440 2362 1453 2376 ⁸
1513 2362 1540 2395 ο
1591 2344 1656 2395 τά
1687 2342 1786 2396 λει.

169 2432 426 2508 τουργικά
475 2431 692 2493 κτίζων
742 2433 1012 2504 πνεύματα
1065 2449 1079 2463 ⁸
1146 2432 1172 2483 ό
1222 2427 1627 2504 ἀδωροδόκητος
1685 2447 1699 2461 ⁸
1755 2432 1782 2483 6

172 2519 653 2598 ἀπροσωπόληπτος
682 2535 696 2551 ⁸
738 2522 763 2572 6
815 2519 1079 2597 λυτρωτής
1130 2528 1224 2573 τοῦ
1260 2523 1461 2594 κόσμου
1495 2535 1508 2549 ⁸
1550 2521 1577 2572 6
1617 2519 1782 2593 βυθός

169 2620 264 2672 τῆς
295 2615 486 2684 σοφίας
517 2626 531 2641 ⁸
570 2611 596 2662 6
644 2610 815 2663 πάντα
869 2612 1000 2685 πρὸς
1048 2613 1108 2662 76
1149 2613 1408 2684 συμφέρον
1458 2608 1736 2683 οἰκονομῶν
1763 2623 1779 2640 ⁸

171 2704 203 2759 ή
260 2697 403 2762 ἱλπὶς
471 2702 675 2754 πάντων
709 2708 808 2752 τῶν
865 2700 1101 2775 περάτων
1153 2707 1244 2760 τῆς
1308 2705 1404 2771 γῆς
1462 2714 1476 2730 ⁸
1509 2700 1535 2751 6
1586 2708 1784 2774 μετρῶν

172 2792 262 2843 τὸν
291 2790 510 2865 οὐρανόν
568 2790 807 2863 σπιθαμῇ
850 2805 863 2818 ⁸
895 2789 921 2840 6
954 2783 1114 2863 δρακὶ
1151 2792 1391 2860 κατέχων
1436 2791 1529 2846 τήν
1578 2796 1677 2860 γῆν
1709 2805 1719 2817 ⁸
1759 2789 1785 2840 6

176 2881 334 2953 ἄρτος
376 2884 468 2941 τῆς
504 2879 644 2941 ζωῆς
671 2894 685 2909 ⁸
716 2878 742 2931 6
770 2880 929 2951 αἴρων
963 2880 1056 2937 τήν
1101 2878 1360 2951 ἁμαρτίαν
1398 2885 1490 2930 τοῦ
1524 2881 1726 2950 κόσμου
1763 2893 1777 2907 ⁸

178 2970 205 3021 6
240 2970 544 3044 προμηθεύς
582 2985 594 2997 ⁸
633 2970 659 3020 6
686 2966 1159 3041 καταλαμπτίφρων
1208 2983 1222 2996 ⁸
1270 2968 1296 3018 6
1344 2964 1630 3039 ἀμόλυντος
1678 2983 1692 2996 ⁸
1761 2968 1787 3019 6

178 3057 400 3120 ἄσπιλος
436 3076 448 3088 ⁸
484 3059 510 3110 6
540 3055 749 3119 ἀπαθής
792 3070 807 3087 ⁸
840 3058 866 3108 ό
930 3061 1234 3118 σκεπαστής
1264 3070 1278 3087 ⁸
1314 3057 1340 3108 6
1371 3054 1564 3128 βοηθός
1585 3071 1598 3086 ⁸
1632 3057 1657 3107 6
1687 3054 1783 3108 ἐνο-

370 3161 386 3176 ⁸
422 3148 449 3199 6
496 3151 650 3220 μόνος
675 3146 939 3222 λυτρωτής

176 3252 267 3300 τος
295 3240 428 3311 πρός
453 3239 641 3289 κακίαν
695 3250 708 3266 ⁸
766 3236 792 3287 6
845 3234 1042 3297 αἰνετός
1095 3250 1108 3264 ⁸
1146 3233 1172 3286 6
1224 3232 1640 3309 ὑπερυψοὺμενος
1693 3250 1705 3263 ⁸

174 3323 373 3400 λὺχνος
405 3332 497 3379 τοῦ
536 3328 703 3398 φωτός
757 3339 770 3353 ⁸
828 3325 855 3376 6
889 3323 1296 3398 πλαστουργός·
1338 3324 1363 3375 6
1419 3327 1636 3398 φρουρός
1690 3339 1705 3355 ⁸
1760 3323 1786 3374 6

174 3418 481 3492 προστάτης
520 3431 533 3444 ⁸
564 3415 590 3466 6
617 3413 782 3487 φύλαξ
809 3429 822 3443 ⁸
857 3413 883 3465 6
929 3415 1442 3473 συνουσιοουσιωτής
1475 3427 1488 3442 ⁸
1520 3412 1545 3464 6
1572 3411 1733 3484 φίλιος
1764 3427 1777 3441 ⁸

173 3507 201 3559 6
229 3507 553 3578 νικαγωγεύς
577 3520 592 3536 ⁸
628 3506 654 3555 6
682 3499 1165 3576 λαμπαδιανάπτης
1216 3519 1232 3534 ⁸
1266 3503 1292 3554 6
1357 3496 1716 3563 τεινοδοκίδας
1769 3517 1783 3533 ⁸

172 3597 199 3648 6
236 3593 579 3667 βοθυνοποιός
608 3608 624 3624 ⁸
686 3593 713 3644 ό
747 3588 1112 3654 πιθιοδείκτης
1145 3607 1158 3620 ⁸
1193 3593 1220 3644 6
1270 3595 1653 3665 κεντροπήκτης
1686 3608 1698 3621 ⁸
1758 3592 1784 3644 6

176 3686 564 3757 σφαιρεργατής
592 3702 605 3715 ⁸
649 3682 675 3733 6
713 3678 1055 3755 ἡλιοκινήτωρ
1090 3695 1105 3710 ⁸
1165 3678 1192 3732 6
1244 3685 1616 3752 μὴναυγαστὴς
1678 3694 1690 3710 ·
1757 3682 1783 3732 ὁ

173 3771 446 3832 πλανήτων
473 3767 719 3833 ὁδοποιός
746 3786 759 3802 ⁸
791 3771 817 3822 6
870 3768 974 3831 ζῶν
1011 3785 1024 3796 ⁸
1063 3770 1089 3820 6
1141 3766 1222 3822 ἀεὶ
1278 3769 1379 3830 ζῶν
1411 3787 1424 3800 ⁸
1482 3770 1508 3821 6
1564 3772 1784 3830 ποιητής

175 3870 276 3916 τῶν
320 3860 548 3934 ἀγγέλων
579 3876 593 3890 ⁸
634 3861 660 3911 6
710 3857 1357 3931 ζωνοαφανοληγοτροπεὺς
1409 3874 1423 3889 ⁸
1480 3859 1506 3909 6
1553 3853 1786 3917 ἠλδανο-

174 3952 307 4023 χεύς
335 3953 461 4022 (ita
495 3948 667 4020 cod.)
699 3965 710 3977 '
742 3949 769 4000 6
793 3948 1478 4023 χθονερπιτονεμετεργάτης
1516 3963 1529 3977 ⁸

172 4059 334 4113 νυμος
365 4054 378 4069 ⁸
408 4040 434 4091 6
462 4037 798 4111 πολυώνυμος
840 4054 853 4067 ⁸
888 4038 914 4090 6
952 4043 1289 4109 παντωνυμος
1323 4052 1335 4065 ⁸
1371 4036 1396 4087 6
1427 4038 1619 4107 ἑποχος
1649 4037 1670 4106 (
1697 4036 1787 4092 ita

173 4129 303 4187 ead‘
328 4128 348 4200 )
378 4130 719 4202 σώφροσὺνης
750 4143 763 4156 ’
806 4128 832 4178 ὁ
864 4124 1102 4200 ἀνόμθιος
1145 4145 1159 4159 ⁸
1187 4127 1214 4177 ὁ
1262 4125 1496 4186 ζωννύων
1546 4131 1657 4187 τοῖς
1688 4123 1787 4197 βα-

176 4215 412 4271 σιλεϋσιν
441 4216 603 4290 ἰσχύν
635 4231 648 4244 ⁸
691 4217 718 4268 6
746 4217 1122 4291 ὑπερκέραυνος
1152 4231 1164 4243 ⁸
1216 4215 1243 4266 6
1275 4216 1408 4267 θέτιν
1464 4218 1650 4289 κρίνων
1702 4226 1716 4243 ⁸
1759 4211 1785 4263 6

174 4302 512 4380 ἀνδρομέδων
545 4322 558 4336 ⁸
598 4306 624 4358 6
654 4306 799 4367 ὅσιος
832 4320 845 4335 ⁸
878 4306 906 4356 6
938 4303 1174 4365 ζηλωτής
1203 4320 1214 4332 ⁸
1245 4305 1271 4354 6
1302 4301 1517 4355 Σαϐαὼθ
1551 4318 1564 4332 ⁸
1600 4303 1625 4353 6
1657 4300 1791 4354 6:176:-

171 4395 479 4468 ραλόγιστος
512 4415 525 4429 ⁸
576 4396 603 4447 6
631 4398 704 4468 μή
766 4395 902 4465 ἔχων
972 4391 1251 4464 ἀναλογίαν
1310 4407 1324 4422 ⁸
1387 4392 1413 4443 6
1464 4391 1787 4465 ἐτεροιότησι

170 4488 449 4547 ποιητικός
479 4501 492 4514 ⁸
522 4485 548 4536 6
578 4484 651 4545 εἷς
682 4481 729 4535 ἓν
758 4490 820 4555 τῇ
852 4482 1004 4554 φύσει
1037 4499 1049 4511 ⁸
1083 4484 1109 4533 6
1164 4481 1238 4544 εἵς
1289 4479 1338 4532 ἐν
1369 4487 1431 4553 τῇ
1489 4479 1735 4553 βασιλείᾳ
1767 4495 1781 4509 ⁸

171 4575 198 4627 ὁ
225 4576 295 4636 εἷς
325 4573 375 4627 ἐν
409 4581 471 4646 τῇ
506 4568 791 4644 δεσποτεία
830 4589 844 4604 ⁸
900 4572 927 4624 6
961 4572 1028 4633 εἷς
1057 4569 1105 4623 ἐν
1135 4577 1197 4643 τῇ
1238 4573 1512 4642 κυριότητι
1563 4585 1576 4600 ⁸
1636 4570 1663 4620 6
1717 4569 1784 4630 εἷς

171 4662 220 4717 ἰν
250 4670 314 4734 τῇ
350 4658 571 4736 δυνάμει
600 4680 614 4695 ⁸
642 4662 670 4714 6
724 4666 876 4734 μόνος
917 4659 1168 4721 πλούσιος
1225 4675 1240 4689 ⁸
1302 4677 1328 4711 ο
1384 4661 1535 4731 μόνος
1590 4655 1781 4731 ἀγαθο-

172 4748 335 4815 δότης
367 4770 377 4781 ⁸
407 4753 434 4805 6
463 4751 749 4825 Ὀλύμπιος
776 4768 790 4782 ⁸
822 4749 850 4803 6
868 4750 1085 4822 χθόνιος
1117 4765 1130 4778 ⁸
1152 4736 1188 4800 ¹ὁ
1218 4749 1494 4821 ὑφηγητής
1514 4754 1615 4799 τῶν
1642 4742 1677 4799 δ
1682 4749 1784 4799 εόν-

168 4862 271 4896 των
332 4858 347 4873 ⁸
403 4842 430 4894 6
485 4844 733 4915 κραταιός
792 4854 807 4870 ⁸
849 4840 876 4891 6
921 4839 1318 4914 τερπικέραυνος
1349 4853 1363 4866 ⁸
1398 4838 1424 4888 6
1454 4834 1782 4911 νεφεληγερέ-

165 4951 260 4993 της
288 4945 307 4964 ⁸
338 4932 366 4983 ὁ
392 4928 744 5007 ὑψιϐρεμέτης
781 4945 795 4958 ⁸
827 4927 854 4980 6
884 4927 1149 5001 ὑπέρτατα
1194 4921 1419 4998 δώματα
1467 4928 1622 4977 ναίων
1675 4937 1692 4955 ⁸
1753 4924 1780 4976 6

169 5022 464 5096 πισίχθων
505 5036 518 5052 ⁸
585 5021 613 5075 6
661 5016 1101 5092 ἀσκληπιαρωγός
1153 5029 1170 5047 ⁸
1221 5016 1246 5068 6
1306 5016 1622 5090 θαρσοποιός
1675 5025 1699 5048 ⁸
1753 5012 1782 5066 6

176 3152 327 3211 ποιός

1585 3946 1611 3999 6
1652 3945 1785 3998 ἀνώ-

1444 332 1536 395 DE
1572 332 1823 397 DIVINIS
1862 330 2266 401 NOMINIBUS.

180 470 368 546 χάραξ
394 476 497 524 τῶν
532 469 677 545 ποιρά
701 458 861 543 φύσιν
884 480 902 499 ⁸
958 462 990 525 ή
1025 450 1273 524 διάϐασις
1318 469 1417 516 τῶν
1464 464 1799 536 μετατιθεμέ-
1827 469 1874 523 Α
1902 483 1928 517 ο
1967 463 2292 540 εἰρηνάρχης

1532 1820 1545 1835 ⁸
1587 1823 1614 1857 ο
1647 1824 1791 1880 περι-
1828 1825 1871 1879 Β
1898 1804 2052 1873 ρανόν
2075 1816 2088 1830 ⁸
2123 1801 2148 1852 6
2179 1797 2469 1854 ὑποπόδιον
2503 1802 2687 1874 αὐχῶν
2713 1800 2805 1862 τήν
2828 1812 2929 1875 γῆν
2972 1818 2984 1834 ⁸

2359 479 2373 496 ⁸
2429 466 2457 518 6
2510 464 2856 542 εἰρηνὼνυμος
2925 487 2938 502 ⁸
2991 473 3022 531 ἡ
3092 470 3365 548 αὑτοπάγη
3408 492 3423 507 ⁸
3474 480 3501 530 6

1902 550 2323 627 άμϐροσιοδότης
2354 570 2369 585 ⁸
2403 555 2430 608 6
2460 563 2551 610 τοῦ
2577 561 2821 634 νέκταρος
2860 565 3131 636 παροχεύς
3182 581 3195 594 ⁸
3229 566 3256 617 ὁ
3300 571 3505 639 κοσμὴ.

1903 661 1997 705 σας
2024 645 2112 696 τόν
2151 642 2365 716 οὐρανόν
2415 662 2431 677 ⁸
2487 646 2514 697 6
2567 666 2808 720 καταγων
2859 651 3041 713 ὑετούς
3093 668 3107 683 ⁸
3161 653 3186 704 ό
3229 659 3503 719 ταπεινοὺς

1901 730 2045 803 ὑψῶν
2083 746 2097 763 ⁸
2130 734 2156 785 6
2187 732 2475 808 συντρίϐων
2502 738 2625 800 τούς
2671 734 2984 814 ἕπηρμένους
3038 760 3052 774 ⁸
3104 741 3131 792 6
3179 740 3385 814 ἀνυψῶν
3423 748 3501 798 κέι

1899 840 1995 894 ρας
2020 828 2121 873 τῶν
2149 830 2404 897 χρηστῶν
2434 823 2595 877 αὑτοῦ
2638 841 2652 855 ⁸
2712 827 2739 879 6
2776 824 3011 899 βασιλεῖς
3056 833 3320 906 κρατύνων
3369 847 3384 863 ⁸
3441 836 3501 885 τό

1900 910 2278 964 καταναλίσκον
2309 919 2414 985 πῦρ
2454 912 2714 988 ἁμαρτίας
2772 931 2785 945 ⁸
2828 919 2887 970 τό
2936 915 3260 972 ἀνύστεικτον
3298 923 3443 994 ὄμμα
3481 938 3495 952 ⁸

1900 1002 1927 1052 6
1976 1003 2070 1058 τήν
2100 1004 2410 1054 ταπείνωσιν
2469 1008 2801 1077 προσιέμενος
2858 1021 2871 1037 ⁸
2926 1005 2953 1058 6
3010 1004 3336 1062 ἀντιτάσσων
3391 1018 3503 1072 τοίς

1901 1088 2243 1163 ὑπερηφάνοις
2272 1104 2286 1119 ⁸
2318 1090 2345 1142 6
2374 1089 2758 1165 καταῤῥάσσων
2784 1095 2899 1155 τούς
2938 1093 3189 1160 ἀλαζόνας
3235 1114 3249 1129 ⁸
3307 1099 3333 1150 6
3367 1105 3501 1153 πᾶσι

1899 1182 2038 1251 χέων
2068 1181 2154 1231 τόν
2179 1178 2312 1232 ἔλεον
2343 1195 2356 1210 ⁸
2390 1180 2416 1232 6
2448 1179 2526 1233 ἐπὶ
2555 1186 2810 1257 πονηροὺς
2838 1189 2927 1237 καί
2976 1183 3202 1258 ἀγαθοὺς
3237 1185 3448 1261 βρέχων
3479 1203 3495 1220 ⁸

1901 1268 1928 1319 6
1962 1264 2238 1320 ἀνατέλλων
2276 1270 2363 1321 τὸν
2390 1268 2533 1327 ἣλιον
2576 1270 2662 1323 ἐπὶ
2714 1268 2951 1335 δικαίους
2988 1280 3078 1328 καὶ
3132 1273 3348 1338 ἀδίκους
3396 1291 3409 1305 ⁸
3473 1279 3501 1330 6

1898 1358 2068 1411 πάντα
2090 1360 2245 1410 ποιὰν
2281 1363 2370 1412 καὶ
2406 1361 2809 1431 μετάσκευάζων
2879 1380 2892 1393 ⁸

1898 1445 2049 1498 λοιῶν
2083 1463 2094 1477 ⁸

2953 1365 2979 1416 6
3032 1373 3133 1427 τῶς
3185 1370 3363 1439 φύσεις
3416 1366 3500 1420 ἀλ-

2139 1445 2167 1499 ὁ
2196 1442 2348 1509 εἰδὼς
2374 1449 2440 1500 τά
2469 1450 2639 1503 πάντα
2688 1454 2770 1504 καὶ
2804 1455 2905 1526 πρὸ
2956 1458 3197 1525 γενέσεως
3252 1471 3265 1485 ⁸
3297 1459 3356 1509 τό
3407 1464 3503 1519 τῆς

1900 1534 2294 1608 εὐσπλαγχνίας
2345 1535 2743 1610 ἀτεξιχνίαστον
2824 1540 3044 1614 πέλαγος
3102 1560 3116 1575 ⁸
3172 1546 3202 1603 ή
3260 1544 3504 1599 θάλασσα

1897 1628 1995 1673 τῶν
2025 1618 2230 1693 ἀγαθῶν
2261 1636 2276 1653 ⁸
2307 1622 2335 1679 ἡ
2368 1621 2660 1698 πλημμὺρα
2684 1632 2784 1676 τῶν
2832 1625 2999 1679 καλῶν
3031 1641 3044 1657 ⁸
3101 1629 3127 1679 6
3155 1636 3256 1681 τῶν
3309 1627 3502 1683 έσθλῶν

1899 1711 2145 1785 πρύτανις
2176 1726 2190 1740 ⁸
2220 1710 2247 1763 6
2275 1712 2429 1783 μόνος
2460 1711 2673 1786 φοϐερός
2718 1728 2734 1746 ⁸
2776 1714 2802 1766 6
2868 1716 3005 1787 ἔχων
3056 1717 3232 1789 θρόνον
3286 1720 3374 1770 τόν
3407 1719 3502 1772 οὑ-

3036 1806 3062 1856 6
3098 1805 3329 1878 χαλινῶν
3357 1807 3504 1882 φάμα

1901 1908 1982 1961 μῳ
2011 1892 2106 1948 τήν
2136 1888 2405 1942 θάλασσαν
2438 1905 2450 1918 ⁸
2498 1891 2524 1942 6
2553 1896 2648 1950 τήν
2688 1890 2973 1967 ἀγριότητα
3024 1902 3115 1947 τοῦ
3153 1900 3343 1949 πόντου
3382 1896 3502 1950 ἀνα-

1899 1977 2162 2050 χαιτίξων
2204 1994 2217 2008 ⁸
2269 1980 2296 2030 6
2344 1978 2650 2053 λειοκύμονα
2713 1984 2911 2040 ταύτην
2960 1983 3379 2059 ἀπεργαζόμενος
3425 2005 3437 2017 ⁸
3475 1989 3500 2040 6

1899 2070 1959 2120 76
1990 2067 2217 2121 εὑπλοείν
2246 2074 2359 2129 ταῖς
2385 2074 2540 2123 ναυσί
2595 2076 2953 2146 παρεχόμενος
2993 2088 3006 2101 ⁸
3066 2074 3094 2125 6
3149 2076 3319 2128 πάντα
3371 2080 3500 2151 πρός

1900 2160 1959 2209 τὸ
1997 2162 2255 2233 συμφέρον
2281 2157 2562 2231 οἰκονομῶν
2594 2179 2606 2193 ⁸
2635 2161 2665 2218 ή
2720 2162 2968 2236 μάχαιρα
3019 2171 3112 2225 τῆς
3157 2170 3340 2226 κακίας
3394 2179 3410 2195 ⁸
3464 2167 3495 2223 ἠ

1899 2242 2047 2309 ἀξίνη
2080 2255 2175 2308 τῆς
2206 2243 2422 2310 ἀδικίας
2456 2265 2466 2276 ⁸
2510 2249 2539 2305 ή
2568 2247 2802 2322 ῥομφαία
2829 2257 2922 2302 τοῦ
2982 2253 3145 2303 σατάν
3177 2268 3189 2282 ⁸
3223 2255 3253 2312 ἡ
3321 2256 3497 2313 σπάθη

1895 2342 1992 2397 τῆς
2020 2339 2277 2411 πονηρίας
2307 2351 2325 2368 ⁸
2367 2337 2397 2395 ἠ
2425 2345 2520 2398 τῆς
2551 2333 2854 2397 δολιότητος
2883 2340 3105 2412 θραῦσις
3138 2356 3151 2371 ⁸
3190 2343 3216 2394 ὁ
3241 2346 3335 2401 τήν
3367 2339 3497 2396 δια-

1895 2422 2049 2483 ϐολήν
2087 2432 2256 2496 μισῶν
2294 2439 2308 2454 ⁸
2367 2425 2394 2478 6
2442 2430 2664 2487 ποιητής
2715 2435 2816 2479 τῶν
2870 2428 3069 2501 ὁρατῶν
3115 2446 3128 2461 ⁸
3181 2432 3207 2482 6
3265 2431 3501 2491 πλάστης

1889 2521 1990 2570 τῶν
2024 2521 2221 2571 νοητῶν
2252 2527 2267 2544 ⁸
2344 2515 2371 2567 6
2401 2518 2739 2586 παμπγωγεὺς
2785 2524 2886 2569 τῶν
2932 2517 3198 2575 αἰσθητῶν
3249 2536 3262 2550 ⁸
3323 2522 3349 2573 6
3407 2518 3504 2582 δη-

1891 2607 2147 2679 μιουργός
2180 2610 2282 2655 τῶν
2321 2608 2393 2676 μή
2433 2608 2747 2677 φαινομένων
2778 2619 2794 2636 ⁸
2826 2607 2854 2658 6
2883 2610 3107 2669 κτίστης
3136 2616 3236 2660 τῶν
3289 2607 3454 2664 ἀὺλων
3481 2625 3498 2643 ⁸

1893 2696 1920 2747 6
1950 2697 2204 2766 συνοχεὺς
2230 2701 2331 2745 τῶν
2361 2691 2545 2745 ένὺλων
2572 2708 2586 2722 ⁸
2616 2695 2644 2746 6
2690 2693 2874 2757 ἐσθλὸς
2929 2712 2943 2726 ⁸
2975 2698 3007 2755 ἡ
3065 2697 3451 2771 οὑτοαγαθότης
3483 2720 3495 2732 -

1895 2785 1921 2837 6
1953 2782 2176 2855 ἐλεήμων
2234 2800 2248 2814 ⁸
2281 2801 2307 2834 ο
2338 2780 2602 2857 ἐλεουργός
2660 2799 2677 2817 ⁸
2714 2802 2741 2835 ο
2788 2783 3102 2849 αὑτόνυκτος
3165 2804 3178 2818 ⁸
3230 2806 3257 2840 ο
3310 2790 3499 2842 οἰκτεί-

1895 2892 1995 2948 ρων
2030 2887 2041 2901 ⁸
2073 2873 2098 2923 6
2127 2871 2241 2943 μεθ⁹
2279 2867 2478 2933 ἡδονῆς
2511 2871 2629 2944 ἐλέῳ
2677 2881 2825 2945 χρῶν
2866 2894 2880 2906 ⁸
2935 2875 2962 2926 6
3015 2879 3137 2937 τοὺς
3189 2872 3499 2940 δικάζοντας

1897 2959 2130 3022 δικάζων
2160 2977 2175 2992 ⁸
2213 2962 2238 3014 6
2264 2964 2382 3021 τόὺς
2419 2959 2682 3023 ἐλεοῦντας
2705 2960 2849 3014 έλεῶν
2878 2977 2892 2992 ⁸
2931 2964 2957 3014 6
3011 2967 3132 3027 τοὺς
3190 2964 3498 3038 ἀγαπῶντας

1896 3050 2111 3124 ἀγαπῶν
2151 3067 2164 3081 ⁸
2204 3051 2229 3102 6
2277 3058 2377 3101 τῶν
2409 3049 2690 3121 μελλόντων
2741 3055 2980 3121 γνώστης
3032 3068 3048 3083 ⁸
3105 3055 3131 3105 6
3188 3056 3497 3127 ἑφαπλώσας

1001 3161 1016 3177 ⁸
1054 3146 1081 3197 6
1132 3146 1454 3219 ὑπεράρχιος
1491 3160 1503 3175 ⁸
1537 3146 1562 3197 6
1616 3143 1789 3203 ἀκίνη-
1816 3183 1857 3240 C
1898 3141 2082 3214 αἰθέρα
2109 3157 2119 3168 ⁸
2150 3140 2177 3191 6
2207 3141 2266 3191 76
2326 3136 2607 3212 ἀρχὲγονον
2667 3132 2955 3213 διατμήξας
3008 3150 3113 3214 φῶς
3155 3160 3167 3173 ⁸
3209 3145 3235 3195 ὁ
3290 3163 3497 3216 φωτοει.

1761 3224 1998 3292 όυδής

2038 3244 2051 3259 ⁸
2085 3229 2111 3280 6
2136 3230 2235 3280 τῶν
2264 3233 2438 3300 φώτων
2478 3224 2642 3301 δοτήρ
2704 3242 2716 3258 ⁸
2780 3230 2807 3282 ό
2857 3235 3005 3304 χειρὶ
3054 3235 3292 3306 κατέχων
3323 3240 3497 3288 πᾶσαν

1900 3320 2038 3380 ζωήν
2073 3334 2085 3347 ⁸
2120 3319 2145 3370 6
2177 3320 2236 3370 76
2286 3319 2374 3391 ἔαρ
2413 3322 2687 3390 κοσμήσας
2720 3334 2732 3347 ⁸
2774 3326 2801 3370 ο
2865 3327 2959 3372 τοῦ
3011 3322 3189 3395 θέρους
3253 3342 3498 3398 παραγωο

1894 3410 2017 3480 γεὺς
2046 3423 2058 3437 ⁸
2100 3408 2126 3459 6
2152 3410 2210 3459 76
2243 3406 2562 3482 φθινόπωρον
2619 3409 2993 3481 τεκτηνάμενος
3053 3426 3064 3440 ⁸
3117 3412 3143 3463 ὃ
3168 3418 3242 3483 τῷ
3277 3422 3499 3486 χειμῶνι

1895 3498 2234 3570 ἀφορίσαςτό
2254 3494 2430 3567 ψῦχος
2462 3510 2475 3526 ⁸
2504 3497 2529 3548 6
2575 3496 2900 3573 χειμάρρους
2955 3497 3236 3553 ἀνατέλλων
3306 3518 3319 3533 ⁸
3354 3504 3379 3555 6
3408 3521 3501 3557 ποι

1893 3590 2089 3660 ταμοὺς
2121 3585 2377 3659 ξηραίνων
2414 3602 2428 3617 ⁸
2468 3586 2495 3637 6
2561 3582 2893 3662 κυκλοφορῶν
2954 3592 3073 3651 τούς
3125 3588 3344 3665 ἀστέρας
3401 3608 3415 3623 ⁸
3472 3595 3499 3646 6

1894 3674 2142 3736 ἀήττητος
2170 3691 2183 3705 ⁸
2217 3676 2243 3728 6
2295 3672 2613 3749 ἀπολέμητος
2643 3688 2659 3706 ⁸
2720 3678 2747 3730 6
2801 3676 3073 3748 ἄψαυστος
3122 3695 3134 3710 ⁸
3187 3682 3213 3733 ό
3247 3679 3443 3758 ἀμερής
3483 3696 3498 3714 ⁸

1893 3766 1919 3824 6
1952 3762 2245 3839 ἀμερίστως
2272 3764 2443 3818 πάντα
2471 3766 2602 3839 ὁρῶν
2644 3780 2657 3795 ⁸
2692 3767 2718 3818 6
2766 3772 3056 3839 χαροποιός
3087 3784 3100 3798 ⁸
3161 3770 3187 3821 6
3245 3767 3501 3842 θυμηδιο·

1895 3849 2057 3916 δότης
2085 3873 2098 3886 ⁸
2126 3855 2153 3905 6
2187 3850 2533 3927 σοφριοδότης
2578 3868 2590 3883 ⁸
2621 3856 2647 3906 6
2706 3861 2967 3930 νημερτής
3028 3872 3041 3886 ⁸
3084 3858 3110 3909 6
3157 3857 3353 3921 ὕπατος
3400 3873 3417 3889 ⁸
3472 3862 3498 3912 6

1893 3941 2224 4015 παντόφυλαξ
2262 3959 2280 3975 ⁸
2312 3944 2338 3993 6
2367 3944 2773 4015 παντοθρέμμων
2801 3957 2816 3973 ⁸
2871 3945 2897 3995 6
2929 3946 3100 3998 πάντα
3155 3948 3219 4006 ὡς
3274 3947 3324 3998 ἓν
3377 3944 3498 4019 βλέ-

1895 4050 2003 4085 πων
2034 4049 2046 4062 ⁸
2083 4033 2108 4083 6
2137 4028 2432 4092 ἀδέκαστος
2459 4047 2471 4059 ⁸
2505 4032 2532 4083 6
2572 4033 2904 4107 πνοοκράτωρ
2958 4049 2972 4063 ⁸
3007 4036 3033 4085 6
3090 4031 3395 4105 ὑγειοδότης
3423 4051 3435 4064 ⁸
3471 4037 3498 4088 6

1898 4116 2213 4180 ἀδιάϐλητος
2255 4136 2268 4150 ⁸
2302 4121 2328 4171 6
2355 4120 2564 4182 ἀπαθής
2596 4135 2609 4147 ·
2634 4121 2661 4171 6
2693 4119 2999 4183 ἀνείκαστος
3055 4120 3105 4174 ἓν
3157 4122 3449 4194 ἀγαθότητι
3480 4140 3495 4155 ⁸

1896 4210 1923 4263 6
1951 4209 2197 4271 αὑτονοῦς
2238 4225 2251 4238 ⁸
2282 4210 2313 4268 ἡ
2361 4208 2683 4281 αὐτογνῶσις
2713 4226 2726 4241 ⁸
2760 4210 2790 4268 ἠ
2845 4209 3158 4274 αὖτονόησις
3217 4227 3231 4241 ⁸
3286 4217 3317 4271 ὴ
3350 4213 3500 4267 αὐτο·

1895 4298 2151 4361 τιλειότης
2189 4311 2205 4328 ⁸
2236 4299 2263 4350 6
2301 4300 2369 4350 τά
2413 4296 2603 4358 ἀσθενῆ
2660 4295 2960 4372 ένδυναμῶν
3013 4316 3026 4332 ⁸
3083 4302 3115 4360 ἡ
3177 4300 3500 4376 μεγαλόϐρυ⁴

1894 4406 1978 4449 τος
2008 4385 2231 4460 δύναμις
2273 4405 2287 4419 ⁸
2320 4389 2346 4440 6
2374 4384 2700 4462 βροτουργός
2728 4403 2742 4418 ⁸
2781 4391 2842 4441 τό
2887 4386 3043 4462 βῆμα
3069 4393 3127 4443 τό
3180 4389 3438 4449 ἀλάθητον
3477 4406 3490 4422 ⁸

1895 4475 2202 4550 ὃάμιγέθης
2252 4496 2265 4511 ⁸
2299 4479 2357 4529 τό
2408 4480 2481 4549 μὴ
2536 4474 2811 4551 ἰσόρροπον
2864 4478 3081 4550 μέγεθος
3134 4494 3149 4510 ⁸
3204 4480 3234 4539 ή
3290 4478 3405 4543 ἐνεὶς
3464 4480 3496 4539 ἡ

1894 4565 2121 4629 ένοποιὸς
2150 4574 2250 4619 τῶν
2281 4562 2476 4618 ένάδὼν
2540 4585 2553 4598 ⁸
2586 4567 2613 4618 6
2655 4567 2860 4619 πάντων
2911 4565 3047 4628 ἐντός
3102 4584 3116 4598 ⁸
3175 4569 3201 4621 6
3252 4570 3499 4643 νοσοφθό-

1890 4675 1988 4730 ρας
2024 4671 2038 4685 ⁸
2073 4657 2104 4714 ή
2136 4656 2359 4729 τρυτάνη
2388 4662 2480 4715 τῆς
2507 4652 2715 4724 θέμιδος
2744 4671 2758 4686 ⁸
2814 4658 2841 4708 6
2867 4655 3220 4729 χιονοϐλήτης
3279 4675 3293 4689 ⁸
3345 4660 3371 4711 6
3419 4678 3501 4731 7:-

1889 4743 2345 4819 γαντοῤῥαίστης⁸
2406 4744 2432 4795 6
2481 4745 2682 4807 ἄαπτος
2741 4760 2755 4774 ⁸
2813 4746 2840 4796 6
2897 4744 3329 4821 ἀπροσπέλαστος
3394 4763 3408 4778 ⁸
3470 4748 3497 4798 6

1891 4831 2149 4909 ἀκήρατος
2189 4848 2203 4865 ⁸
2238 4831 2286 4885 ἐν
2384 4833 2514 4894 ζωαί
2542 4846 2558 4863 ⁸
2595 4834 2626 4891 ἡ
2655 4833 2913 4893 αὑτοπνοή
2953 4849 2966 4865 ⁸
2997 4831 3071 4886 δι’
3103 4834 3157 4886 ὃν
3213 4836 3267 4887 αἱ
3318 4839 3493 4887 πνοαί⁸

1890 4917 1966 4974 δι’
1991 4918 2050 4974 οὗ
2078 4923 2132 4974 αἱ
2158 4921 2312 4975 πνοαὶ
2341 4939 2353 4951 ⁸
2387 4920 2442 4984 ἔξ
2473 4920 2536 4973 οὗ
2569 4922 2624 4975 αἱ
2661 4927 2814 4977 πνοαί
2846 4938 2859 4954 ⁸
2892 4924 2919 4975 ό
2957 4921 3185 4985 ἄπλητος
3218 4939 3232 4955 ⁸
3266 4923 3293 4975 ὁ
3322 4922 3389 4974 ὢν
3421 4922 3494 4988 εἰς

1888 5014 2009 5076 τοὺς
2039 5008 2228 5075 αἰῶνας
2251 5018 2351 5065 τῶν
2374 5010 2591 5067 αἰώνων.
