4032 6308
516 355 620 420 7‘71

1889 347 2253 417 THEODORI
2291 361 2338 416 II
2375 363 2514 419 IMP.

3790 369 3900 424 772

1497 627 1890 717 ΚΑΝΩΝ
1974 621 2888 718 ΠΑΡΑΚΛΗΤΙΚΟΣ

907 851 1169 964 ΕΙΣ
1254 849 1580 963 ΤΗΝ
1676 845 2554 961 ΥΠΕΡΑΓΙΑΝ
2643 845 3467 965 ΘΕΟΤΟΚΟΝ

1775 1085 2041 1133 ΠΟΙΗΜΔ
2107 1086 2236 1132 ΤΟΥ
2305 1085 2630 1135 ΒΑΣΙΛΕΩΣ

956 1267 1333 1359 ΚΥΡΟΥ
1388 1265 1999 1358 ΘΕΟΔΩΡΟΥ
2073 1264 2451 1352 ΔΟΥΚΑ
2520 1265 2744 1374 ΤΟΥ
2807 1266 3457 1356 ΛΑΣΚΑΡΕΩΣ

1498 1680 1850 1768 (ΙΑΝΟΝ
1977 1680 2926 1770 EXHURTATORIUS

1086 1920 1284 2037 AD
1363 1914 2430 2038 SANCTISSIMAM
2517 1875 3328 2062 DEIPARAM,

2111 2181 2289 2236 OPUS

511 2384 1127 2525 DOMIN
1139 2384 1198 2520 Ι
1361 2377 2042 2517 THEOD.

2266 2376 2754 2514 )UCzE
2911 2378 3880 2522 LASCARIS

595 2649 673 2702 Ex
703 2645 1062 2704 Paracletice
1094 2647 1436 2705 Graecorum
1466 2649 1607 2698 cum
1635 2638 2122 2712 interpretatione
2153 2643 2378 2694 nostra.
2410 2637 2601 2694 Aliam
2631 2640 2973 2696 versionem
3002 2639 3272 2699 ediderat
3294 2645 3356 2698 P.
3392 2644 3778 2715 Raynaudus

507 2740 571 2794 S.
631 2739 678 2792 J.
721 2738 878 2809 Opp.
936 2739 1082 2791 tom.
1124 2735 1234 2802 Vll,
1268 2732 1346 2788 ab
1390 2730 1708 2803 Hippolyto
1739 2728 2026 2786 Maraccio
2059 2732 2394 2798 acceptam,
2427 2727 2532 2800 qui
2575 2744 2712 2784 eam
2741 2745 2773 2784 e
2807 2729 3013 2786 Graeco
3045 2729 3251 2786 codice
3281 2731 3498 2788 Leonis
3529 2732 3730 2789 Allatii
3771 2750 3886 2806 per

541 2826 785 2884 fratrem
817 2839 998 2880 suum
1029 2821 1397 2879 Ludovicum
1421 2819 1779 2877 Maraccium
1807 2817 1937 2874 ﬁeri
1966 2821 2300 2874 curaverat.
2321 2820 2394 2872 At
2416 2817 2668 2874 omnino
2695 2817 2929 2875 abludit
2948 2835 2985 2875 a
3006 2824 3170 2876 textu
3196 2822 3399 2878 Graeco
3420 2822 3842 2880 Paracletices.

1180 3071 1229 3125 1.
1257 3071 1526 3125 Hirmus.

502 3182 880 3239 Pharaonem
933 3179 1208 3248 aurigam
1268 3177 1438 3246 virga
1461 3173 1633 3231 Mosis
1678 3173 1739 3229 vi
1789 3171 2153 3229 miraculosa

501 3271 715 3327 diebus
741 3269 858 3324 illis
901 3267 1241 3324 submersit.
1295 3253 1625 3336 Postquam
1684 3261 1846 3318 enim
1895 3278 2062 3317 mare
2090 3262 2150 3316 in

501 3358 693 3414 crucis
731 3357 992 3412 formam
1045 3353 1360 3422 divisisset,
1412 3351 1710 3407 Israelitas
1767 3366 1841 3404 ex
1886 3351 2150 3421 Egypto

501 3433 1232 3506 migrantes,pedibusque
1262 3434 1370 3488 iter
1397 3430 1684 3487 facientes
1718 3428 2010 3495 salvavit;
2047 3429 2151 3501 qui

499 3527 620 3581 Deo
643 3525 943 3595 hymnum
964 3521 1322 3578 cecinerunt.

572 3610 1011 3667 Adversitatum
1037 3609 1296 3681 impetus
1327 3607 1596 3664 animam
1626 3622 1825 3662 meam
1856 3605 2148 3661 humilem

502 3706 716 3758 vexant
743 3699 1186 3766 ;calamitatum
1214 3697 1407 3753 nubes
1434 3713 1536 3752 cor
1566 3712 1769 3751 meum
1792 3694 2144 3750 obscurant.

497 3795 580 3848 Tu
607 3797 830 3858 autem,
855 3793 1036 3847 Mater
1065 3789 1186 3858 Dei,
1217 3803 1354 3860 quea
1403 3787 1602 3842 lucem
1653 3785 1920 3840 divinam
1969 3790 2148 3857 atque

495 3888 780 3939 aeternam
805 3879 1084 3952 genuisti,
1114 3879 1326 3935 ilustra
1340 3893 1437 3933 me
1451 3876 1678 3932 lumine
1702 3875 1931 3932 salutis.

566 3972 653 4027 Ex
685 3971 980 4042 angustiis
1011 3969 1145 4024 vitae
1180 3974 1238 4025 et
1271 3965 1750 4024 tribulationibus
1783 3963 1861 4021 ab
1891 3964 2146 4020 inimicis

491 4059 669 4116 illatis
698 4060 832 4116 forti
866 4064 965 4114 tuo
998 4058 1265 4127 brachio,
1292 4072 1328 4111 o
1363 4054 1777 4119 immaculata,
1831 4053 2143 4123 liberatus,

493 4147 967 4204 misericordiam
994 4152 1162 4203 tuam
1190 4145 1483 4202 inﬁnitam
1511 4149 1567 4200 et
1597 4159 1742 4213 erga
1771 4159 1866 4199 me
1893 4142 2146 4199 charita-

495 4241 614 4293 tem
640 4238 905 4293 carmine
937 4236 1195 4292 celebro.

2187 3071 2234 3121 A

2878 3067 2946 3122 α’.
2974 3067 3034 3120 Ὁ
3060 3070 3250 3142 εἱρμός.

2328 3169 2728 3247 Ἀρματήλάτην
2822 3179 3007 3247 Φαραὼ

2258 3280 2381 3312 ποτε
2448 3266 2700 3320 Μωσαῑκὴ
2749 3260 2963 3336 ῥάϐδος,
3033 3267 3406 3339 σταυροτὺπως
3453 3267 3726 3336 πλήξασα,
3788 3276 3877 3322 καὶ

2261 3345 2511 3401 διελοῦσα
2537 3349 2828 3420 θάλασσαν,
2871 3351 3083 3425 Ἰσραὴλ
3111 3350 3171 3404 δὲ
3201 3351 3435 3425 φυγάδα,
3470 3357 3625 3417 πεζὸν
3685 3355 3875 3416 ὁδίτπν

2259 3434 2532 3509 διέσωσεν,
2566 3433 2713 3512 ᾆσμα
2735 3449 2808 3511 τῷ
2836 3448 2950 3512 Θεῷ
2981 3439 3356 3514 ἀναμέλποντα.

3136 3175 3344 3229 ἐϐύθισε
3447 3182 3879 3253 τερατουργοῡσοὶ

2327 3623 2436 3670 Τῶν
2478 3617 2720 3692 λυπηρῶν
2773 3617 3040 3692 ἐπαγωγαὶ
3093 3621 3420 3693 χειμάζουσι
3470 3628 3560 3682 τὴν
3619 3633 3872 3685 ταπεινήν

2255 3723 2354 3776 μου
2385 3704 2591 3776 ψυχὴν,
2625 3711 2715 3758 καὶ
2741 3717 3018 3780 συμφορῶν
3057 3711 3176 3780 νέφη
3209 3717 3302 3768 τήν
3355 3709 3482 3783 ἐμὴν
3534 3713 3874 3767 καλύπτουσι

2254 3791 2496 3868 καρδίαν,
2533 3797 2886 3868 θεονύμφευτε,
2921 3795 3028 3848 ἀλλ’
3085 3799 3115 3855 ἡ
3151 3806 3251 3869 φῶς
3300 3808 3559 3868 τετοκυῖα,
3616 3807 3676 3853 τὸ
3735 3805 3871 3855 θεῖον

2254 3888 2342 3935 καὶ
2373 3889 2704 3955 προαιώνιον,
2743 3884 2946 3957 λάμψον
3013 3906 3102 3958 μοι
3132 3890 3186 3938 τὸ
3220 3896 3324 3959 φῶς
3378 3893 3437 3940 τό
3495 3895 3868 3965 χαρμόσυνον.

2330 3971 2415 4034 Ἐξ
2474 3971 2772 4046 ἀμετρήτων
2857 3973 3092 4046 ἀναγκῶν
3172 3981 3261 4028 καὶ
3317 3977 3560 4048 θλίψεων,
3645 3984 3739 4032 καὶ
3815 3981 3872 4044 ἐξ

2253 4057 2456 4132 ἐχθρῶν
2508 4056 2798 4133 δυσμενῶν,
2865 4066 2952 4114 καὶ
3029 4072 3305 4137 συμφορῶν
3362 4063 3506 4138 βίου,
3557 4067 3866 4142 λυτρωθεὶς,

2252 4152 2608 4222 πανάχραντε,
2650 4157 2713 4221 τῇ
2769 4157 2997 4224 κραταιᾴ
3041 4146 3261 4224 δυνάμει
3311 4173 3426 4225 σου,
3492 4153 3720 4229 ἀνυμνῶ,
3777 4179 3871 4231 με-

2250 4235 2453 4308 γαλύνω
2506 4243 2600 4296 τὴν
2661 4240 2872 4314 οἰκετρόν
2942 4259 3036 4292 σου
3103 4243 3451 4312 συμπάθειαν,
3505 4249 3595 4298 καὶ
3651 4250 3750 4303 τὴν
3801 4248 3869 4308 εἰς

2250 4323 2340 4395 ἐμέ
2372 4344 2466 4376 σου
2496 4325 2736 4398 παράκλη
2747 4347 2848 4382 σιν.

563 4412 744 4482 Igitur
763 4412 984 4468 ﬁducia
998 4411 1212 4485 plenus
1235 4411 1296 4467 in
1316 4410 1614 4482 gremium
1637 4413 1812 4466 tuum
1836 4408 2140 4478 confugio,

2319 4419 2426 4465 Νῦν
2467 4417 2745 4483 πεποιθὼς,
2812 4414 2895 4469 ἐπὶ
2942 4423 3035 4477 τὴν
3100 4424 3196 4478 σὴν
3249 4426 3532 4494 κατέφυγον
3581 4421 3864 4497 ἀντίληψιν

491 4506 548 4558 et
576 4501 740 4571 apud
767 4506 822 4557 te
853 4500 1325 4556 consolationem
1343 4515 1620 4571 quaerens
1653 4499 1870 4555 adsum
1897 4501 1953 4553 et
1972 4497 2143 4552 humi

2247 4505 2500 4577 κραταιὰν
2531 4510 2620 4556 καὶ
2676 4508 2806 4578 πρὸς
2861 4510 2955 4564 τὴν
3017 4512 3211 4568 σκέπην
3263 4509 3544 4583 ὀλοψύχως
3603 4509 3859 4588 ἔδραμον,

489 4592 839 4662 prostratus,
855 4605 891 4645 o
913 4589 1185 4655 Domina,
1215 4587 1711 4644 lacrimabundus
1723 4603 1792 4642 ac
1805 4585 2139 4658 gemebun-

2266 4596 2336 4643 ιαὶ
2373 4597 2498 4662 γόνυ
2543 4593 2719 4662 κλίνω,
2753 4598 3029 4665 Δέσποινα,
3088 4604 3178 4650 καὶ
3227 4601 3396 4672 θρηνῶ
3449 4606 3539 4652 καὶ
3597 4603 3859 4668 στενάζω,

488 4679 603 4735 dus
636 4693 850 4750 precor
870 4693 947 4734 ne
975 4693 1072 4733 me
1101 4678 1393 4732 miserum
1423 4691 1697 4747 spernas,
1751 4680 1813 4731 tu
1842 4674 1946 4747 qui
1976 4676 2136 4732 Chri-

489 4768 822 4824 stianorum
845 4783 908 4822 es
935 4765 1260 4836 refugium.

557 4856 724 4913 Absit
748 4860 813 4913 ut
839 4854 1146 4926 magnalia
1193 4859 1296 4910 tua
1343 4852 1572 4910 silentio
1618 4857 1986 4926 praeteream.
2016 4853 2136 4910 Nisi

485 4946 646 5002 enim
677 4951 760 5014 tu,
784 4945 986 5015 Virgo,
1011 4945 1176 5016 apud
1225 4943 1437 4998 Filium
1480 4946 1652 4998 tuum
1693 4941 1958 4998 divinum
1993 4959 2132 4999 cau-

482 5049 616 5090 sam
667 5050 868 5090 meam
889 5035 1138 5104 egisses,
1179 5033 1316 5105 quis
1339 5048 1436 5088 me
1466 5047 1498 5087 e
1526 5036 1689 5088 tanta
1708 5032 2008 5088 malorum
2026 5048 2133 5088 vo-

479 5123 687 5192 ragine
706 5122 1018 5179 liberasset
1034 5128 1062 5179 ?

551 5212 720 5282 Eripe
749 5228 886 5278 nos,
919 5227 1126 5268 servos
1169 5215 1328 5280 tuos,
1355 5226 1392 5265 o
1447 5210 1717 5282 Deipara,
1753 5227 1785 5266 e
1813 5209 2120 5282 periculis.

482 5300 825 5356 Secundum
866 5304 1051 5357 Deum
1089 5301 1249 5356 enim
1298 5299 1376 5356 ad
1408 5303 1461 5356 te
1500 5306 1566 5356 ut
1609 5315 1853 5355 murum
1881 5299 2128 5371 inexpu-

478 5386 784 5456 gnabilem
814 5389 1216 5459 confugimus.

550 5476 815 5547 Respice,
839 5475 1246 5534 illustrissima
1267 5478 1543 5549 Deipara,
1567 5491 1676 5548 pro
1705 5475 2126 5533 misericordia

2244 4686 2315 4751 μή
2348 4699 2410 4753 με
2449 4677 2683 4756 παρίδῃς
2712 4686 2798 4734 τὸν
2875 4684 3072 4752 ἄθλιον,
3143 4696 3242 4738 τῶν
3310 4695 3643 4762 Χριστιανῶν
3694 4711 3860 4745 κατα·

2243 4771 2344 4840 φύγ
2353 4789 2446 4825 ιον.

2304 4859 2379 4910 Ou’
2414 4865 2671 4918 σιωπήσω
2695 4870 2792 4913 τοῦ
2840 4859 2969 4934 βοᾷν
3017 4871 3324 4937 τρανώτατα
3374 4869 3441 4918 τὰ
3492 4869 3744 4941 μεγαλεῖα
3789 4877 3861 4925 τὰ

2243 4949 2356 5014 σάς
2399 4948 2533 5019 εἰμὴ
2561 4951 2660 5024 γὰρ
2715 4955 2804 5020 σὺ,
2841 4955 3004 5025 Κόρη,
3062 4955 3280 5006 πάντοτε
3341 4958 3661 5029 προῖστασο,
3719 4959 3857 5034 ὑπὲρ

2237 5032 2361 5106 ἐμοῦ
2392 5035 2758 5108 πρεσϐεύουσα
2794 5047 2867 5109 τῷ
2895 5043 2998 5110 Υἰῷ
3028 5046 3117 5093 καὶ
3149 5049 3262 5112 Θεῷ
3291 5062 3405 5110 σου,
3448 5049 3528 5106 τίς
3563 5043 3618 5096 ἐκ
3664 5032 3861 5100 τοσού-

2235 5141 2325 5174 του
2351 5143 2413 5195 με
2442 5121 2707 5188 κλύδωνος
2731 5132 2819 5178 καὶ
2860 5124 3040 5179 δεινῶν
3071 5127 3326 5183 κινδύνων
3366 5131 3622 5207 ἐρρύσατο
3649 5153 3664 5202 ;

2304 5214 2572 5265 Διάσωσον
2602 5217 2702 5267 ἀπὸ
2734 5213 2986 5268 κινδυνων
3025 5222 3144 5280 τοὺς
3180 5217 3401 5283 δούλους
3430 5241 3547 5293 σου,
3598 5229 3857 5284 Θεοτὸκε,

2232 5300 2313 5352 ὅτι
2340 5303 2541 5362 πάντως
2568 5306 2699 5374 μετὰ
2729 5309 2880 5374 Θεὸν,
2929 5305 2996 5366 εἰς
3055 5310 3113 5359 σε
3169 5312 3558 5383 καταφεύγομεν
3613 5315 3683 5375 ὡς
3740 5315 3853 5388 ἆρ-

2229 5388 2418 5461 ῥηκτον
2448 5397 2627 5460 τεῖχος
2657 5395 2746 5443 καὶ
2774 5398 3124 5467 προστασίαν.

2300 5476 2603 5549 Ἐπίϐλεψον
2685 5478 2735 5531 ἐν
2782 5481 3035 5555 εὐμενείᾳ,
3093 5487 3394 5558 πανύμνητε
3453 5493 3694 5562 Θεοτόκε,
3754 5489 3848 5545 ἐπὶ

475 5567 604 5619 tua.
641 5565 724 5620 ad
745 5563 1019 5620 miserias
1049 5565 1272 5638 quibus
1291 5581 1513 5637 corpus
1538 5580 1746 5621 meum
1765 5569 2035 5636 vexatur,
2065 5569 2124 5624 et

2266 5571 2321 5625 ὴν
2348 5565 2475 5639 ἐμὴν
2504 5567 2742 5640 χαλεπὴν
2781 5578 2874 5622 τοῦ
2931 5578 3172 5646 σώματος
3221 5576 3476 5649 κάκωσιν,
3533 5583 3627 5633 καὶ
3682 5582 3848 5637 ἴασαι

471 5649 694 5715 animm
729 5650 1042 5715 doloribus
1073 5652 1339 5713 medere.

2225 5663 2322 5720 τῆς
2345 5653 2535 5731 ψυχῆς
2559 5673 2662 5736 μου
2689 5660 2752 5737 τὸ
2779 5657 2954 5736 ἄλγος.
