4032 6308
167 372 278 434 173
745 388 754 403 τ
1355 378 1637 441 amns
1660 385 1756 440 AD
1784 376 1885 441 sS.
1912 336 2294 446 natum.
3431 393 3539 458 ττι

802 525 835 576 γ
855 546 868 558 .
892 502 952 556 Ὀ
982 505 1174 578 εἱρμός.
1807 519 1857 573 Α

247 591 511 666 οὐρανίας
543 589 734 663 ἀψίδος
763 595 1052 668 ὁροφουργέ
1081 597 1281 668 Χριστε
1329 601 1418 648 καὶ
1470 596 1782 658 Ἐκκλησίας

173 677 437 757 δομῆτορ,
474 684 541 733 σύ
579 701 642 754 με
674 688 980 756 στερέωσον,
1014 684 1062 735 ἐν
1092 692 1154 756 τῇ
1204 682 1383 758 ἀγάπῃ
1432 694 1494 758 τῇ
1559 695 1647 759 σῇ,
1683 696 1782 738 τῶν

169 767 362 841 ἐφετῶν
413 770 445 828 ἠ
508 767 754 844 ἀκρότης,
807 780 906 822 τῶν
961 780 1162 824 πιστῶν
1211 776 1269 824 τό
1326 779 1616 848 στήριγμα,
1660 779 1783 848 μόνε

173 856 524 932 φιλάνθρωπε.

2487 517 2541 572 3.
2567 515 2841 575 Ηίνηιιιε.

1955 599 2193 672 Apsidis
2221 601 2476 659 caelestis
2507 609 2900 675 constructor,
2927 610 2983 663 et
3013 607 3286 665 Ecclesiae
3332 610 3539 668 mode-

1886 695 2068 757 rator,
2093 690 2334 752 Christe.
2360 696 2424 746 tu
2443 708 2541 749 me
2565 691 2742 750 ﬁrma
2765 695 2827 750 in
2849 711 3055 752 amore
3071 701 3195 768 tuo,
3230 715 3540 758 summum

1887 778 2104 834 animae
2131 777 2516 848 desiderium,
2545 781 2816 839 ﬁdelium
2844 783 3101 842 fulcrum
3127 791 3183 844 et
3202 787 3537 847 adminicu-

1886 866 2033 933 lum,
2060 869 2214 923 Deus
2239 869 2600 925 misericors.

2460 960 2840 1030 Troparium.

1957 1044 2047 1100 Ab
2076 1046 2242 1101 omni
2293 1046 2476 1114 malo,
2494 1049 2773 1119 praesidio
2795 1055 2897 1106 tuo
2923 1051 3208 1124 benigno,
3239 1070 3336 1112 me
3353 1055 3535 1129 eripe,

1888 1137 1945 1188 et
1989 1134 2277 1190 auxilium
2327 1135 2415 1191 fer
2445 1152 2618 1192 servo
2648 1142 2753 1194 tuo
2804 1138 3016 1198 humili
3062 1146 3120 1199 et
3145 1144 3532 1214 infortunato,

1886 1221 1991 1293 qui
2021 1222 2230 1278 salutis
2261 1239 2432 1296 spem
2463 1226 2525 1281 in
2554 1231 2609 1281 te
2641 1243 2761 1283 uno
2782 1229 2968 1300 ponit,

846 953 1056 1025 Τροπάρ
1067 971 1160 1004 ιον.

249 1036 578 1111 Ἀπορρἡξας
626 1036 680 1089 ἑκ
718 1040 940 1104 πάντων,
978 1036 1241 1114 ὀδυνηρῶς
1293 1041 1471 1111 κράζω
1530 1061 1615 1093 σοι
1651 1046 1782 1114 πρό-

172 1126 399 1195 φθασον,
437 1127 596 1199 θερμή
652 1131 974 1199 προστασία,
1005 1132 1095 1180 καὶ
1127 1134 1225 1186 σὴν
1283 1128 1533 1201 βοήθειαν
1563 1127 1657 1192 δός
1693 1151 1784 1203 μοι

170 1221 247 1283 τῷ
279 1210 455 1285 δούλῳ
489 1233 606 1281 σο,υ
631 1223 705 1286 τῷ
743 1224 965 1286 ταπεινῷ
1012 1222 1102 1269 καὶ
1169 1217 1349 1290 ἀθλίῳ,
1405 1227 1477 1289 τῷ
1530 1223 1625 1276 τὴν
1685 1225 1783 1278 σὴν

172 1299 457 1374 ἀντίληψιν
487 1302 822 1364 ἑπιζητοῦντι
864 1306 1088 1380 θερμῶς.

246 1392 697 1465 Ἐθαυμάστωσας
767 1395 925 1456 ὅντως
1004 1403 1092 1446 νῦν
1159 1395 1236 1447 ἐπ’
1307 1395 1439 1468 ἐμοὶ,
1507 1401 1780 1463 Δέσποινα,

173 1484 271 1541 τὰς
347 1482 645 1557 εὐεργεσίας
695 1501 809 1549 σου,
873 1488 1034 1556 Κόρη,
1086 1489 1176 1536 καὶ
1223 1487 1289 1536 τὰ
1332 1483 1441 1541 ἔλέη
1506 1505 1624 1555 σου,
1669 1487 1781 1538 ὅθεν

174 1565 391 1632 δοξάζω
417 1590 493 1636 σε,
523 1575 612 1623 καὶ
640 1569 846 1644 ἀνυμνῶ
887 1576 977 1624 καὶ
1025 1577 1252 1647 γεραίρω
1307 1579 1402 1632 τὴν
1448 1573 1640 1632 πολλὴν
1693 1579 1782 1627 καὶ
1886 1577 2032 1633 tiam
2064 1583 2224 1660 tuia.m_

176 1659 402 1730 ἄμετρον
424 1656 740 1731 κηδεμονίαν
776 1679 893 1718 σου,
1884 1664 2074 1721 quam
2098 1650 2324 1706 desisto
2348 1693 2360 1705 .
2651 1650 2672 1656 -
2811 1650 2830 1656 ⁷

250 1753 508 1819 Καταιγίς
553 1767 616 1820 με
667 1748 914 1820 χειμάζει
968 1758 1067 1801 τῶν
1149 1759 1446 1824 συμφορῶν,
1506 1757 1774 1820 Δέσποινα,

1956 1740 2380 1810 Tempestates,
2411 1742 2682 1813 Domina,
2715 1743 2778 1798 in
2805 1759 2902 1800 me
2940 1745 3174 1804 irruunt
3215 1754 3274 1804 et
3318 1765 3538 1808 terum-

171 1839 394 1886 καὶτῶν
447 1834 690 1910 λυπηρῶν
736 1841 1009 1909 τρικυμίαι
1065 1843 1533 1902 καταποντίζουσιν
1584 1861 1596 1872 ·
1655 1839 1774 1893 ἀλλὰ

1908 1841 2103 1882 larum
2125 1842 2342 1897 gurges
2372 1845 2471 1885 me
2521 1830 2803 1900 devorat;
2861 1834 2969 1890 sed
2997 1838 3064 1890 tu
3105 1851 3359 1894 manum
3387 1841 3537 1898 mihi

171 1925 534 1996 προφθάσασα
560 1925 720 1996 χεῖρά
748 1944 839 1997 μοι
871 1922 959 1987 δός
1014 1925 1283 1998 βοηθείας,
1352 1927 1381 1982 ἡ
1441 1929 1599 2001 θερμή
1643 1927 1774 1980 ἀντί-

1908 1915 2317 1972 tuxiliatricem
2345 1919 2602 1989 porrige,
2627 1921 2979 1992 praesidium
3003 1928 3063 1981 et
3085 1925 3348 1996 adjutrix
3374 1943 3533 1987 mea.

169 2011 331 2084 ληψις
360 2018 450 2065 καὶ
478 2017 782 2087 προστασία
800 2033 922 2086 μου.
1321 2004 1332 2014 ἢ

252 2099 432 2159 Λληθῆ
493 2107 747 2175 Θεοτόκον
792 2102 1048 2175 ὁμολογῶ,
1101 2108 1379 2165 Δέσποινα,
1437 2109 1495 2157 σε
1540 2105 1633 2163 rimi
1681 2113 1774 2158 τοῦ

175 2191 406 2242 θανάτου
453 2194 513 2243 τό
569 2193 762 2264 κράτος
812 2191 1218 2264 ἑξαφανίσασαν,
1265 2196 1330 2254 ὡς
1377 2199 1466 2245 καὶ
1512 2193 1776 2266 φυσίζωος

169 2279 231 2331 ἐκ
287 2287 389 2331 τῶν
443 2276 650 2351 δεσμῶν
714 2288 811 2332 τῶν
889 2277 1024 2350 ᾁδου
1092 2285 1217 2354 πρός
1302 2283 1440 2343 ζωὴν
1519 2281 1774 2355 ἀνήγαγες

169 2367 243 2429 εἰς
277 2373 378 2439 γῆν
399 2387 462 2440 με
493 2369 773 2442 ῥεύσοωτα.

243 2459 516 2509 Διάσωσον
555 2455 656 2509 ἀπὸ
699 2453 952 2509 κινδύνων
1008 2463 1126 2518 τοὺς
1181 2455 1404 2520 δούλους
1461 2478 1577 2531 σου,
1637 2468 1772 2513 Θεο-

1957 1401 2162 1458 Miram
2205 1407 2259 1457 te
2314 1403 2460 1458 mihi
2504 1405 2840 1475 praestitisti,
2893 1408 3164 1475 Domina,
3217 1411 3419 1481 Virgo,
3473 1412 3535 1469 in

1887 1488 2192 1544 beneﬁciis
2213 1505 2349 1562 quae
2375 1491 2435 1546 in
2457 1507 2553 1548 me
2578 1494 2908 1561 contulisti;
2942 1512 3129 1568 quare
3149 1499 3536 1567 magniﬁcen-

1886 1577 2032 1633 tiam
2064 1583 2230 1656 tu_am
2255 1578 2538 1637 laudibus
2570 1587 2749 1656 atque
2768 1583 3014 1656 hymnis
3037 1585 3336 1646 celebrare
3379 1605 3535 1649 nun-

1955 2085 2168 2140 Veram
2196 2089 2252 2140 te
2277 2084 2596 2158 Deiparam
2624 2089 3078 2163 conﬁteorque:
3103 2095 3314 2151 mortis
3342 2095 3535 2170 impe-

1883 2172 2040 2228 rium
2069 2174 2401 2242 abolevisti,
2433 2182 2492 2233 et
2546 2193 2683 2249 quae
2715 2179 2769 2235 vi
2814 2183 2919 2236 tua
2945 2181 3188 2240 viviﬂca
3214 2200 3287 2240 ex
3318 2185 3536 2244 inferni

1881 2260 2137 2318 vinculis
2169 2262 2249 2319 ad
2277 2265 2460 2321 vitam
2484 2265 2602 2323 hac
2629 2267 2692 2323 in
2716 2273 2872 2325 terra
2901 2285 2998 2325 me
3025 2273 3339 2329 revocasti.

1951 2439 2120 2511 Eripe
2149 2456 2263 2496 nos
2292 2457 2495 2498 servos
2524 2448 2680 2511 tuos,
2746 2462 2782 2502 ο
2840 2447 3110 2519 Deipara,
3139 2465 3172 2506 e
3218 2451 3521 2522 periculis.

1883 2528 2226 2585 Secundum
2259 2533 2444 2587 Deum
2472 2533 2633 2590 enim
2685 2534 2763 2590 ad
2791 2541 2848 2590 te
2877 2540 2940 2592 ut
2986 2553 3231 2594 murum
3285 2539 3533 2614 inexpu-

1880 2616 2188 2686 gnabilem
2219 2623 2277 2674 et
2296 2621 2650 2691 adjutricem
2683 2624 3090 2696 confugimus.

1950 2706 2224 2778 Respice,
2252 2708 2655 2768 illustrissima
2681 2713 2957 2786 Deipara,
2987 2731 3098 2788 pro
3121 2717 3536 2778 misericordia

1877 2800 1979 2852 tua
2008 2795 2088 2854 ad
2119 2797 2374 2871 miseria,
2403 2799 2626 2872 quibus
2681 2817 2900 2875 corpus
2936 2820 3140 2862 meum
3193 2808 3528 2881 tribulatur,

1877 2891 1935 2944 et
1956 2889 2174 2945 animus
2183 2889 2498 2949 doloribus
2513 2890 2750 2948 medica
2771 2892 2962 2962 adsis,

171 2551 312 2615 τόκε,
349 2548 432 2598 ὅτι
458 2548 638 2607 πάντες
681 2549 808 2619 μετὰ
863 2551 992 2600 Θεὸν
1024 2548 1092 2608 εἰς
1150 2553 1207 2601 σε
1257 2552 1641 2622 καταφεύγομεν
1704 2553 1773 2612 ὡς

170 2636 434 2711 ἄρρηκτον
453 2646 630 2709 τεῖχος
661 2641 752 2689 καὶ
781 2642 1128 2708 προστασίαν.

249 2725 555 2798 Ἐπίϐλεψον
612 2726 660 2777 ἐν
728 2726 979 2798 εὐμενείᾳ,
1026 2730 1325 2799 πανύμνητε
1377 2733 1616 2792 Θεοτὸκε,
1685 2727 1769 2782 ἐπὶ

169 2819 265 2872 τὴν
287 2817 414 2888 ἐμὴν
461 2814 701 2886 χαλεπὴν
751 2822 844 2866 τοῦ
889 2820 1130 2887 σώματος
1191 2819 1422 2869 κάκωσιν
1479 2821 1568 2869 καὶ
1617 2820 1768 2870 ’ίασον

173 2911 270 2964 τῆς
299 2903 484 2974 ψυχῆς
513 2922 613 2975 μου
648 2907 708 2955 τὸ
729 2903 880 2974 αλγος

765 2988 835 3046 δ’.
867 2991 926 3044 Ὀ
957 2994 1144 3065 εἰρμὸς.

241 3083 310 3132 Σύ
341 3099 464 3152 μου,
495 3083 712 3154 Χριστὶ,
741 3083 931 3154 Κύριός
978 3100 1077 3152 μου
1133 3085 1224 3133 καὶ
1271 3077 1516 3153 δύναμις,
1553 3085 1618 3134 σὺ
1649 3085 1768 3152 ea,

172 3172 238 3222 σύ
269 3189 372 3242 μου
397 3168 713 3241 ἀγαλλίαμα,
746 3170 772 3221 6
815 3175 934 3242 περὶ
981 3174 1193 3244 κυρίους
1221 3169 1442 3231 κόλπους
1478 3176 1550 3243 μη
1608 3171 1768 3224 λιπὼν

167 3264 260 3311 καὶ
282 3263 378 3317 τὴν
428 3261 673 3334 ἡμετέραν
727 3263 992 3330 πτωχείαν
1046 3257 1507 3330 ἐπιστκεψάμενος,
1565 3255 1650 3311 διό
1677 3263 1770 3312 σύν

167 3357 242 3419 τῷ
296 3353 539 3421 προφήτῃ
593 3346 910 3419 ’Δϐϐακωύμ
969 3366 1052 3400 σοι
1098 3351 1403 3420 κραυγαζω,
1443 3355 1517 3420 Τῇ
1553 3344 1772 3421 δυνάμει

172 3456 268 3489 σου
297 3433 451 3505 δόξα,
481 3436 825 3510 φιλάνθρωπε.

810 3523 1122 3598 Τροπάριον.

243 3620 345 3669 Καὶ
416 3621 517 3666 ποῦ
571 3613 748 3666 λοιπόν
807 3613 964 3672 ἄλλην
1019 3614 1227 3685 εὑρήσω
1295 3613 1539 3686 ἀτίληψιν
1600 3631 1614 3681 ;
1670 3623 1772 3668 ποῦ

168 3707 462 3779 προσφύγω
521 3712 668 3767 ςπού
729 3699 787 3755 δὲ
835 3707 924 3754 καὶ
982 3705 1294 3774 σωθήσομαι
1345 3722 1358 3770 ;
1408 3709 1526 3756 τίνα
1580 3706 1771 3777 θερμήν

168 3794 266 3856 ἔξω
291 3792 490 3867 βοηθόν
523 3792 730 3863 θλίψεσι
769 3799 860 3843 τού
919 3789 1041 3863 βίου
1072 3797 1162 3844 καὶ
1215 3792 1416 3857 ζάλαις,
1442 3795 1584 3865 οἶμοι
1612 3793 1624 3847 l
1651 3793 1771 3846 κλο-

167 3884 461 3955 μούμενος;
493 3881 575 3942 Εἰς
603 3883 660 3933 σε
689 3885 851 3952 μόνην
881 3879 1094 3949 ἐλπίζω,
1135 3885 1222 3932 καὶ
1256 3880 1449 3954 θαρρῶ,
1496 3887 1586 3932 καὶ
1637 3901 1771 3933 καυ-

166 3981 374 4044 χῶμαι,
396 3975 487 4023 καὶ
513 3974 830 4044 προσ-τρέχω
854 3977 916 4042 τῇ
949 3973 1112 4040 σκέπη
1135 3987 1251 4037 σου,
1279 3973 1452 4021 σῶσόν
1480 3989 1562 4042 με.

237 4064 337 4114 Τόν
410 4063 645 4132 ποταμόν
719 4063 806 4110 τόν
861 4058 1107 4129 γλυκερόν
1159 4065 1250 4110 τοῦ
1300 4057 1436 4110 ἐλέου
1498 4061 1615 4126 σὸυ,
1682 4063 1768 4110 τόν

2514 2980 2569 3034 4.
2592 2981 2864 3037 Hirmus.

1949 3067 2192 3137 Christe,
2227 3067 2476 3124 Domine
2506 3072 2564 3124 et
2612 3068 2790 3136 Deus,
2849 3072 3164 3130 exsultatio
3217 3090 3376 3142 mea,
3425 3078 3532 3150 qui

1853 3171 1990 3227 pro
2010 3155 2213 3211 divina
2247 3160 2354 3212 tua
2393 3156 2806 3216 misericordia
2855 3166 3273 3233 paupertatem
3329 3180 3533 3223 meam

1879 3259 1974 3300 res
2002 3243 2173 3300 existi
2198 3261 2211 3295 :
2246 3259 2390 3314 ergo
2420 3261 2558 3301 cum
2613 3247 2955 3305 Ambacum
2985 3249 3296 3311 exclamo:
3326 3253 3532 3311 Virtuti

1882 3341 2000 3389 tuae
2031 3332 2238 3403 gloria,
2263 3335 2632 3392 misericors!
3199 3363 3202 3366 ~

2563 3513 2947 3582 Troparium.

1954 3601 2064 3657 Ubi
2092 3599 2336 3656 tandem
2367 3599 2532 3658 aliud
2560 3601 2864 3659 inveniam
2880 3601 3182 3675 refugium
3201 3606 3230 3661 ‘2
3247 3621 3371 3679 quo
3391 3623 3532 3666 con-

1882 3689 2110 3761 fugiam
2132 3687 2160 3743 ?
2187 3689 2436 3746 ubinam
2469 3689 2674 3746 salvus
2701 3707 2802 3747 ero
2823 3692 2851 3745 ?
2879 3693 3195 3766 quodnam
3233 3695 3531 3754 auxilium

1883 3779 1941 3834 in
1967 3778 2104 3834 vitae
2153 3779 2434 3834 wrumnis
2464 3784 2521 3834 et
2575 3779 3060 3837 tribulationibus
3089 3783 3330 3841 habebo
3354 3786 3382 3841 ?
3404 3785 3531 3841 Tibi

1883 3867 1994 3924 soli
2032 3866 2308 3935 conﬁdo;
2343 3867 2406 3922 in
2420 3873 2478 3923 te
2489 3867 2736 3937 glorior;
2758 3868 2872 3923 sub
2899 3869 3028 3926 alas
3058 3876 3194 3927 tuas
3222 3871 3528 3944 confugio.

1883 3959 2060 4012 Serva
2084 3971 2180 4011 me
2200 3956 2214 4010 ε

1953 4043 2130 4100 Dulce
2186 4043 2416 4099 flumen
2466 4043 2889 4101 misericordias
2933 4049 3072 4112 tuas,
3103 4062 3228 4119 quo
3256 4048 3528 4106 animam

1876 4149 2076 4190 meam
2107 4148 2516 4189 aerumnosam
2545 4149 2614 4190 ac
2643 4133 2935 4190 humilem
2957 4134 3262 4194 beneﬁciis
3291 4152 3530 4196 recrea-

1877 4223 1993 4288 vit;
2025 4222 2292 4279 animam
2324 4221 2459 4278 dico
2488 4222 2550 4278 in
2611 4221 2912 4278 malorum
2943 4240 3013 4280 ac
3067 4225 3528 4284 tribulationum

1877 4311 2115 4369 camino
2135 4310 2559 4384 puriﬁcatam;
2604 4316 2662 4368 te
2688 4311 3032 4384 magniﬁco,
3079 4318 3136 4371 te
3155 4315 3526 4372 carminibus

166 4151 446 4210 πλουσίαις
474 4144 691 4220 δωρεαῖς
721 4143 1050 4222 δροσίσαντα
1076 4150 1167 4204 τὴν
1215 4147 1501 4200 παναθλίαν
1539 4151 1631 4200 καὶ
1679 4167 1770 4201 τα-

165 4243 364 4306 πεινὴν,
393 4239 640 4309 πάναγνε,
696 4235 882 4307 ψυχήν
916 4255 1036 4306 μου,
1091 4244 1191 4286 τῶν
1245 4244 1522 4309 συμφορῶν
1548 4241 1638 4288 καὶ
1666 4244 1768 4289 τῶν

167 4328 386 4399 θλίψεων
460 4330 660 4398 καμίνῳ
710 4324 1103 4397 φλογισθεῐσαν,
1179 4323 1471 4395 μεγαλύνω,
1525 4327 1767 4398 κηρύττω

164 4422 252 4470 καὶ
281 4419 598 4492 προσ-τρέχω
622 4422 684 4487 τῇ
721 4417 885 4484 σκέπῃ
908 4431 1025 4476 σου,
1056 4416 1226 4464 σῶσόν
1256 4432 1340 4483 με.

1911 4401 2133 4457 elebro.
2165 4399 2344 4457 Salva
2392 4415 2490 4456 me
2525 4400 2538 4454 ι

239 4469 291 4470 ,,
455 4469 464 4488 ι
511 4469 555 4487 η
659 4469 680 4487 ι,
864 4469 881 4484 ,ν
1015 4469 1023 4476 ,
1256 4469 1265 4483 ι
1330 4469 1335 4470 γ

234 4510 294 4560 Σὲ
318 4469 414 4564 τὴν
435 4505 617 4575 ἁγνὴν,
671 4505 728 4556 σε
757 4505 851 4560 τὴν
913 4503 1170 4574 Παρθένον
1221 4506 1314 4553 καὶ
1353 4501 1597 4571 ἄσπιλον,
1667 4506 1764 4574 μό-

1947 4493 2022 4547 Τθ
2053 4489 2350 4560 Virginem
2385 4494 2684 4560 sanctam,
2715 4490 3168 4549 immaculatum
3198 4493 3392 4552 solam
3417 4494 3528 4554 ha-

234 4556 290 4560 _-
476 4556 490 4575 ,
551 4556 561 4562 ,
604 4556 617 4571 ,
807 4556 817 4560 _
997 4556 1006 4574 ,
1583 4556 1597 4571 ,
1667 4556 1676 4574 ι

165 4616 253 4654 νην
285 4598 440 4668 φέρω,
484 4600 661 4664 τεῖχος
697 4590 1137 4666 ἀπροσμάχητον,
1185 4595 1506 4662 καταφυγὴν,
1567 4596 1766 4649 σκέπην

1908 4595 2008 4651 μεθ,
2034 4556 2278 4636 murum
2291 4580 2843 4653 inexpugnabilem,
2867 4581 3166 4652 refugium
3183 4583 3428 4654 salutis;
3450 4598 3527 4642 ne

168 4686 443 4758 κραταιὰν,
501 4681 736 4753 ὅπλισμα
804 4683 1083 4753 σωτηρίας,
1131 4683 1202 4750 μή
1279 4699 1342 4750 με
1394 4675 1624 4752 παρίδῃς
1677 4684 1764 4732 τόν

1908 4687 1928 4726 3
1959 4675 2195 4726 avertas
2225 4686 2262 4726 a
2288 4686 2386 4725 me
2436 4669 2681 4737 misero,
2715 4670 3034 4727 hominum
3074 4671 3527 4744 desperantium

168 4776 394 4840 ἄσωτον,
445 4771 589 4830 ἐλπὶς
651 4767 1064 4840 ἀπελπισμίνων,
1158 4765 1384 4820 ἀσθενῶν
1451 4773 1761 4840 συμμαχία,

1909 4775 2018 4830 pes
2041 4764 2098 4815 et
2112 4758 2659 4831 propugnaculum,
2679 4773 2977 4830 agrorum
2997 4759 3290 4831 gaudium
3304 4766 3363 4818 et
3380 4776 3525 4818 con-

170 4859 474 4934 θλιϐομένων
505 4860 652 4933 χαρά
666 4861 757 4910 καὶ
787 4854 1077 4926 ἀντίληψις.
1133 4939 1155 4948 Δ
1643 4942 1655 4948 ³

1908 4847 2102 4905 elatio.
3068 4937 3106 4948 ν

235 4957 354 5012 Πῶς
393 4947 613 5010 ἐξειπεῖν
645 4965 740 4998 σου
788 4944 901 4998 κατ’
942 4942 1091 5007 ἀξίαν
1122 4939 1424 5016 δυνήσομαι
1472 4947 1597 5006 τοὺς
1633 4942 1765 5016 ἀμέ-

1943 4936 2283 5008 Quomodo,
2316 4953 2353 4992 ο
2409 4936 2686 5004 Domina,
2740 4937 3180 4994 misericordias
3226 4940 3362 4993 tuas
3412 4953 3523 5010 pro

164 5041 288 5102 λους
317 5039 640 5111 οἰκτιρμούς,
667 5044 708 5087 ῶ
738 5039 1009 5100 Δέσποινα,
1063 5037 1182 5094 τούς
1225 5038 1322 5092 τήν
1364 5033 1491 5106 ἄμην
1547 5037 1766 5086 πάντοτε

1908 5027 2162 5096 .ignitate
2190 5025 2553 5099 praedicabo,
2582 5042 2716 5098 quae
2737 5027 3004 5082 animam
3025 5041 3226 5082 meam
3256 5024 3525 5098 undique

164 5131 350 5201 ψυχὴν
426 5124 607 5188 δεινῶς
659 5123 962 5196 θλιϐομένην
1021 5125 1089 5183 ως
1141 5119 1286 5195 ὕδωρ
1346 5122 1765 5195 περικυκλώσανο

1912 5120 2172 5184 exatam,
2224 5120 2291 5171 ut
2341 5130 2516 5187 aquae
2569 5115 2853 5179 insulam,
2881 5113 3461 5172 circumdederunt?
3485 5131 3523 5172 ο

165 5235 293 5284 ms;
331 5215 469 5270 Ἀλλ’
514 5215 552 5266 ὦ
578 5220 671 5275 τῆς
705 5220 804 5274 σῆς
858 5216 1100 5286 προνοίας
1155 5215 1246 5263 καὶ
1301 5218 1396 5272 τῆς
1443 5211 1760 5285 εὐεργεσίας,

1908 5204 2330 5274 ollicitudines,
2350 5220 2389 5260 ο
2403 5203 2716 5273 beneﬁcia,
2734 5217 2996 5274 quorum
3016 5216 3129 5272 ego
3141 5203 3322 5260 miser
3331 5203 3524 5274 jactu-

165 5303 223 5368 ἧς
252 5305 483 5378 ἀφρόνως
510 5305 537 5355 ό
561 5302 719 5364 τάλας
748 5300 1014 5356 ἀπώλεσα.

1908 5310 2008 5350 am
2030 5293 2142 5350 feci
2166 5294 2180 5349 ι

235 5397 504 5450 Διάσωσον
536 5391 636 5445 ἀπὸ
657 5387 911 5443 κινδύνοιν
940 5393 1065 5450 τούς
1094 5385 1314 5449 δούλους
1354 5406 1473 5457 σου,
1517 5390 1762 5452 Θεοτὸκε,

1946 5383 2115 5456 Eripe
2145 5398 2257 5438 nos
2283 5397 2486 5438 servos
2513 5385 2671 5451 tuos,
2705 5395 2743 5436 ο
2776 5380 3049 5452 Deipara,
3095 5395 3129 5436 e
3208 5380 3514 5453 periculis.

168 5489 246 5540 ὃτι
271 5485 475 5544 πάντως
512 5483 644 5555 μετὰ
692 5483 823 5534 Θεὸν
878 5481 953 5540 εἰς
1009 5481 1068 5530 σε
1117 5481 1508 5550 καταφεύγομεν
1558 5478 1631 5537 ὡς
1668 5475 1764 5551 ἄῤ-

1908 5471 2220 5530 ιθειιῑιάιιω
2265 5471 2452 5528 Deum
2480 5468 2643 5526 enim
2679 5468 2759 5526 ad
2787 5472 2843 5526 te
2870 5471 2936 5525 ut
2963 5485 3211 5527 murum
3263 5471 3523 5545 inexpu-

166 5577 353 5652 ῥηκτον
381 5579 557 5644 τεῖχος
578 5574 669 5622 καὶ
695 5571 1048 5644 προστασίαν·
1689 5651 1700 5661 ‘

1908 5562 2178 5622 υαδίιθω
2203 5559 2609 5661 arma;
2676 5645 2774 5661 ,μ
3185 5648 3197 5659 .
3302 5649 3313 5661 .
3441 5647 3479 5661 ,.

238 5659 545 5734 ἐπίϐλεψον
597 5657 646 5712 ἄν
699 5657 952 5731 εὐμενείᾳ,
1005 5657 1305 5729 πανύρωπ
1359 5656 1605 5724 Θεοτὸκε,
1677 5651 1766 5712 ἀπὶ

1943 5650 2210 5724 Respice,
2248 5647 2649 5706 illustrissima
2673 5647 2952 5724 Deipara,
2978 5663 3092 5724 pro
3113 5647 3526 5720 misericordia
