4032 6308
519 312 626 378 775
1896 314 2252 386 7112011011!
2270 318 2317 384 ιι
2346 312 2492 386 IuP‘.
3462 351 3473 357 -
3777 325 3893 397 77s

519 446 647 515 tua,
678 445 760 503 ad
785 445 1057 504 miserias
1084 443 1306 520 quibus
1335 457 1556 521 corpus
1582 458 1787 507 meum
1814 453 2086 523 vexatur,
2112 467 2129 510 ι

2277 456 2373 512 τὴν
2400 450 2527 524 ἐμὴν
2555 449 2791 520 χαλεπὴν
2827 454 2921 504 τοῦ
2973 450 3216 526 σώματος
3267 448 3520 528 κάκωσιν,
3577 459 3671 509 καί
3727 458 3889 511 ἴασαι

520 535 741 594 animm
765 535 1070 595 doloribus
1094 534 1358 595 medere.

2275 549 2366 603 τῆς
2391 539 2575 612 ψυχῆς
2602 556 2704 612 μου
2731 542 2791 592 τό
2811 539 2982 612 ἄλγος.

1226 630 1278 682 5.
1309 627 1580 685 Hirmus.

2844 629 2901 689 ε’.
2940 629 3000 684 Ὀ
3037 633 3234 707 είρμος.

591 713 707 774 Cur
725 730 822 773 me
838 731 876 774 a
891 713 1063 772 Vultu
1085 717 1189 773 tuo
1203 715 1478 788 rejecisti,
1503 718 1728 776 Lumen
1745 716 2119 777 inaccessum

2344 717 2456 774 Ἵνα
2480 724 2532 773 τί
2558 739 2623 793 με
2648 718 2844 774 ἀπώσω
2874 719 3083 774 ἀπὸτοῦ
3131 728 3417 799 προσώπου
3467 743 3586 788 σου,
3633 728 3696 777 τό
3753 733 3878 797 φῶς,

516 800 795 863 Tenebrae
815 802 956 862 dirae
974 820 1073 862 me
1092 804 1473 864 circumdant
1491 806 1806 868 miserum.
1831 809 1947 867 Sed
1964 810 2045 867 ad
2068 827 2129 867 m

2276 811 2335 862 τὸ
2365 806 2595 877 ἄδυτον;
2623 813 2709 862 καὶ
2741 807 2966 882 ἓκάλυψί
3005 829 3070 883 με
3120 814 3179 865 τὸ
3235 811 3498 887 ἀλλότριον
3548 817 3735 875 σκότος
3790 818 3880 866 τὸν

516 898 879 967 convertere,
913 909 1138 966 quaeso,
1163 900 1221 953 et
1236 895 1368 953 vias
1385 912 1557 955 meas
1581 898 1941 957 secumdum
1958 898 2129 957 lume:

2277 895 2526 970 δείλαιον,
2549 898 2657 952 ἀλλ’
2678 898 2990 972 ἔπίστρεψόν
3018 919 3105 974 με,
3170 906 3261 955 καὶ
3315 905 3445 978 πρὸς
3494 905 3553 955 τὸ
3611 912 3722 975 φῶς
3776 911 3881 955 τῶν

513 983 942 1043 mandatorum
970 987 1213 1044 tuorum
1241 984 1451 1059 dirige.

2276 987 2486 1044 ἕντολῶν
2514 1007 2611 1043 σου
2630 990 2726 1052 τὰς
2750 986 2904 1051 ὁδούς
2918 1008 3022 1063 μου
3048 992 3381 1060 κατεύθυνον,
3409 987 3621 1064 δέομαι.

1182 1075 1557 1147 Troparium.

2879 1081 3089 1153 Τροπάρ
3097 1098 3193 1136 ιον.

584 1165 763 1224 Grato
790 1179 865 1224 ex
893 1163 1097 1223 animo
1126 1166 1205 1224 ad
1234 1170 1290 1222 te
1319 1164 1555 1224 clamo:
1586 1169 1730 1235 Ave,
1755 1166 1933 1239 Virgo
1964 1169 2129 1227 Mater

2347 1166 2698 1244 Εὐχαρίστως
2726 1163 2838 1243 βοῶ
2865 1185 2969 1237 σοι,
3000 1175 3179 1243 χαῖρε,
3211 1170 3636 1246 Μητροπάρθενε,
3694 1177 3879 1245 χαῖρε,

514 1255 699 1325 salve,
722 1270 948 1330 sponsa
969 1255 1068 1313 Dei
1090 1272 1105 1324 ;
1130 1254 1307 1329 salve.
1327 1255 1626 1327 refugium
1638 1256 1909 1314 divinum
1936 1273 1950 1325 ;
1973 1261 2129 1317 salve

2279 1257 2545 1331 θεόνυμφε,
2572 1264 2752 1333 χαῖρε,
2803 1259 2916 1311 θεία
2964 1262 3154 1327 σκέπη,
3207 1267 3389 1334 χαῖρε,
3435 1259 3589 1314 ὅπλον
3638 1264 3733 1312 καὶ
3780 1266 3883 1313 τεί-

511 1346 713 1403 velum
734 1352 792 1403 et
816 1361 1028 1402 murus
1049 1344 1387 1403 inaccessus
1419 1361 1585 1415 ;ave,
1606 1362 1853 1420 praeses,
1884 1347 2129 1406 salvatri:

2274 1366 2377 1420 χος
2402 1345 2719 1423 ἀπόρθητον,
2740 1354 2919 1421 χαερε,
2951 1353 3256 1423 προστασία
3281 1354 3372 1402 καὶ
3394 1346 3569 1423 βοηθὴ
3614 1353 3709 1401 καί
3768 1367 3881 1402 σωο

511 1452 721 1498 eorum
737 1435 844 1508 qui
872 1450 1012 1491 cum
1040 1434 1161 1491 ﬁde
1186 1433 1267 1491 ad
1286 1438 1342 1491 te
1362 1433 1733 1507 confugiunt.

2275 1440 2433 1509 τηρία
2457 1445 2557 1489 τῶν
2578 1435 2651 1497 εἰς
2682 1439 2738 1489 σε
2763 1440 3198 1512 προπριχόντων
3220 1436 3275 1490 ἐκ
3293 1441 3541 1501 πίστεως.

582 1527 714 1599 Qui,
745 1543 840 1585 me
867 1524 1008 1582 odio
1058 1523 1306 1591 habent,
1362 1523 1497 1592 tela,
1552 1539 1729 1582 enses
1776 1530 1833 1582 et
1860 1524 2053 1584 fossas
2101 1528 2129 1586 ἱ]

2347 1528 2413 1578 Οἱ
2445 1534 2722 1599 μισοῦντες
2748 1543 2812 1598 με
2832 1527 3007 1598 μάτην
3029 1524 3250 1599 βέλεμνα
3298 1532 3390 1580 καὶ
3440 1526 3561 1600 ξίφη
3617 1532 3711 1580 καί
3755 1526 3885 1579 λάκ-

504 1634 735 1676 vanum
762 1617 1081 1690 apparent,
1112 1617 1178 1669 ut
1204 1613 1488 1670 miserum
1517 1629 1721 1671 meum
1751 1630 1972 1688 corpus
2010 1617 2129 1675 dita

2273 1632 2362 1668 κον
2413 1615 2759 1691 ηὐτρεπισαν,
2798 1619 2888 1667 καὶ
2923 1614 3239 1676 ἐπιζητοῦσι
3278 1619 3336 1669 τὸ
3392 1615 3675 1669 πανάθλιον
3725 1625 3887 1689 σῶμα

509 1711 712 1765 carent
758 1710 817 1761 et
864 1705 927 1760 in
972 1703 1098 1760 ima
1137 1707 1302 1759 terrae
1353 1702 1715 1776 deprimant.
1743 1706 1828 1762 'l‘u
1856 1709 2059 1763 autem
2089 1722 2129 1765 e:

2275 1704 2543 1779 σπαράξαι
2601 1723 2725 1777 μου,
2783 1708 2872 1756 καὶ
2919 1703 3278 1758 καταϐιϐάσαι
3342 1710 3473 1780 πρὸς
3536 1715 3660 1777 γῆν,
3720 1705 3883 1777 ἁγνή,

507 1811 718 1855 eorum
745 1793 976 1851 insidiis
1014 1807 1113 1849 me
1139 1791 1348 1862 libera,

2273 1792 2633 1861 ἐπιζητοῦσιν,
2678 1792 2786 1846 ἀλλ’
2837 1792 2892 1846 ἐκ
2933 1797 3128 1846 τούτων
3160 1796 3518 1871 προφθάσασα
3573 1797 3749 1847 σῶσόν
3795 1813 3886 1867 με.

580 1885 901 1953 Quodnam
948 1882 1100 1954 grati
1128 1883 1316 1941 animi
1338 1882 1570 1941 donum
1612 1884 1726 1961 tibi
1754 1884 2007 1943 offeram
2049 1902 2129 1960 prt

2342 1888 2406 1937 Τί
2438 1902 2523 1937 σοι
2553 1880 2721 1959 δῶρον
2746 1883 2993 1958 προσάξω
3016 1891 3109 1944 τῆς
3140 1884 3488 1960 εὐχαριστίας
3543 1882 3657 1937 ἀνθ’
3710 1879 3887 1957 ὧνπερ

505 1975 682 2033 donis
697 1990 832 2049 quae
854 1972 1087 2030 inﬁnita
1101 1977 1204 2031 tua
1217 1972 1662 2044 magniﬁcentia
1681 1974 1742 2031 in
1756 1991 1853 2033 me
1875 1976 2122 2033 contulit

2270 1969 2542 2026 ἀπέλαυσα
2594 1980 2694 2025 τῶν
2745 1980 2848 2025 σῶν
2888 1968 3236 2046 δωρημάτων,
3289 1978 3380 2026 καὶ
3424 1982 3520 2035 τῆς
3568 1980 3669 2034 σῆς
3752 1970 3890 2045 διμε-

501 2062 1147 2136 Age,misericordiam
1175 2067 1345 2120 tuam
1374 2062 1437 2119 in
1480 2079 1576 2120 me
1624 2063 1991 2123 ineffabilem
2032 2064 2129 2121 sint

2270 2068 2463 2137 τρητου
2507 2066 2917 2137 χρηστότητος;
2968 2068 3255 2139 Τοιγαροῦν
3312 2059 3540 2130 δοξάζω,
3606 2060 3888 2134 ύμνολογῶ

500 2169 600 2212 me
628 2154 954 2227 praedicare
977 2158 1036 2211 et
1058 2152 1325 2211 carmine
1349 2152 1671 2210 celebrare-

2270 2161 2358 2208 και
2383 2153 2653 2226 μεγαλυνω
2686 2171 2781 2205 σου
2823 2156 2919 2208 τὴν
2965 2153 3161 2224 ἄφατον
3212 2156 3345 2226 πρὸς
3393 2170 3458 2224 με
3521 2153 3887 2223 συμπάθειαν.

573 2242 782 2299 Libera
809 2256 924 2298 nos
952 2256 1153 2299 servos
1208 2248 1364 2312 tuos,
1418 2243 1691 2315 Deipara,
1746 2256 1779 2297 e
1854 2241 2129 2316 periculis

2338 2245 2608 2296 Διάσωσον
2640 2239 2740 2295 ἀπὸ
2766 2237 3017 2294 κινδύνων
3041 2246 3160 2302 τοῦς
3202 2236 3423 2302 δούλους
3478 2258 3598 2307 σου,
3627 2245 3888 2307 Θεοτὸκε,

499 2335 581 2389 Tu
597 2332 780 2401 enim,
799 2331 1134 2388 secundum
1154 2334 1363 2400 Deum,
1397 2347 1607 2388 murus
1628 2334 1831 2387 noster
1851 2346 2055 2387 aeneus
2098 2347 2128 2387 e

2270 2334 2346 2386 ὅτι
2404 2334 2601 2393 πάντως
2639 2332 2773 2404 μετὰ
2818 2334 2947 2385 Θεὸν
3003 2330 3075 2392 εἰς
3122 2334 3180 2384 σε
3229 2332 3617 2403 καταφεύγομεν
3683 2332 3753 2390 ὡς
3786 2327 3889 2403 ἄῤ-

497 2419 798 2491 refugium
827 2420 1080 2478 exsistis.

2270 2418 2455 2491 ῥηκτον
2488 2426 2663 2491 τεῖχος
2690 2424 2782 2472 καὶ
2809 2424 3162 2496 προστασίαν.

570 2509 838 2583 Respice,
865 2509 1202 2567 clarissima
1238 2509 1510 2583 Deipara,
1564 2525 1677 2583 pro
1705 2508 2023 2566 clementia
2046 2512 2129 2565 tu:

2338 2507 2642 2581 Ἐπίϐλεψον
2705 2507 2754 2560 ἔν
2809 2510 3061 2582 εὐμενείᾳ,
3116 2510 3416 2583 πανύμνητε
3465 2512 3712 2575 Θεοτόκε,
3794 2504 3885 2558 ἐπὶ

497 2598 577 2655 ad
614 2614 919 2655 aerumnas
972 2599 1197 2672 quibus
1225 2614 1445 2673 corpus
1495 2614 1701 2656 meum
1728 2596 2065 2668 tribulatur,
2093 2613 2129 2654 e‘

2270 2600 2356 2656 τὴν
2384 2596 2509 2667 ἐμὴν
2543 2597 2781 2669 χαλεπὴν
2827 2606 2919 2651 τοῦ
2984 2604 3222 2671 σώματος
3275 2600 3506 2651 κάκωσιν
3571 2600 3662 2649 καὶ
3722 2596 3885 2648 ἴασαι

496 2687 717 2744 animae
744 2686 1055 2746 doloribus
1081 2688 1420 2746 remedium
1444 2688 1611 2746 after.

2270 2693 2356 2748 τῆς
2380 2686 2567 2760 ψυχῆς
2594 2707 2695 2761 μου
2735 2691 2793 2740 τὸ
2832 2687 3009 2760 ἄλγος.

1207 2784 1261 2836 6.
1299 2781 1564 2836 Hz'rmus.

2869 2778 2940 2843 ς’.
2964 2777 3022 2831 Ὀ
3062 2779 3258 2853 είρμός.

567 2867 949 2926 Precationes
977 2868 1226 2925 effando
1254 2883 1398 2938 erga
1420 2868 1742 2925 Dominum
1767 2866 1942 2939 eique
1962 2864 2129 2923 tribui

2332 2869 2437 2924 Τὴν
2486 2862 2670 2925 δεησιν
2723 2865 2892 2939 ἐκχεω
2940 2871 3073 2943 πρὸς
3126 2870 3317 2942 Κύριον
3374 2871 3465 2919 καὶ
3517 2862 3664 2937 αύτῷ
3706 2862 3883 2938 ἀπαγ-

490 2956 747 3015 lationes
778 2974 947 3017 meas
975 2958 1214 3032 aperio;
1242 2958 1527 3015 aerumnis
1573 2956 1736 3014 enim
1792 2956 2010 3013 satiata
2060 2970 2124 3011 es

2270 2952 2391 3027 γελῶ
2456 2975 2556 3028 μου
2600 2959 2694 3018 τὰς
2737 2956 2937 3028 θλίψεις
2975 2959 3057 3010 ὅτι
3101 2965 3273 3009 κακῶν
3323 2956 3353 3013 ἡ
3403 2955 3558 3027 ψυχή
3585 2973 3692 3027 μου
3726 2953 3881 3013 ἐπλή-

491 3048 698 3107 anima
717 3065 874 3119 mea,
929 3054 990 3107 et
1017 3050 1140 3107 vita
1168 3065 1307 3107 mea
1334 3050 1515 3107 morti
1573 3047 2041 3121 appropinquat,
2090 3060 2123 3101 e

2270 3045 2390 3114 σθη,
2420 3050 2510 3097 καὶ
2535 3047 2564 3104 ἠ
2599 3046 2705 3107 ζωή
2731 3066 2831 3119 μου
2852 3054 2924 3119 τῷ
2975 3042 3081 3119 ᾅδῃ
3134 3050 3489 3122 προσήγγισε,
3532 3049 3625 3097 καὶ
3680 3040 3877 3117 δέομαι

484 3138 613 3209 jam
644 3154 877 3212 precor,
930 3139 1081 3197 sicut
1133 3141 1347 3197 Jonas:
1380 3144 1427 3196 A
1456 3137 1641 3205 malo,
1722 3136 1994 3204 Domine,
2046 3149 2129 3191 me

493 3227 639 3248 4-...
661 3243 746 3248 ,μ
784 3230 795 3248 .

2270 3136 2325 3196 ὡς
2359 3133 2553 3202 Ἰωνᾶς,
2586 3135 2670 3189 Ἐκ
2696 3137 2912 3211 φθορᾶς,
2941 3133 2981 3188 ὦ
3003 3137 3118 3207 Θεὶ,
3149 3136 3214 3207 με
3244 3133 3493 3207 ἀνάγαγε.

487 3227 754 3286 delibera
784 3230 796 3285 l

1135 3319 1513 3388 Troparz'um,

2934 3298 3249 3378 Τροπάριὸν.

561 3406 982 3465 Calamitatum
1010 3405 1206 3463 nubes
1244 3386 1512 3463 animam
1541 3421 1742 3463 meam
1768 3405 2057 3462 miseram
2087 3410 2129 3460 e1

2326 3393 2405 3447 Τὰ
2456 3393 2576 3466 νέφη
2623 3400 2723 3446 τῶν
2761 3391 3005 3468 λυπηρῶν
3048 3390 3307 3462 ἐκάλυψαν
3355 3394 3449 3448 τὴν
3506 3386 3693 3441 ἀθλίαν
3767 3407 3874 3462 μου

488 3510 593 3551 cor
648 3495 1147 3563 obscuraverunt,
1213 3501 1270 3552 et
1310 3494 1569 3553 tenebris
1599 3494 1848 3567 replent.
1894 3492 2009 3549 Sed
2057 3496 2129 3559 tu,

2270 3483 2444 3557 Ρυχὴν
2517 3488 2608 3536 καὶ
2704 3478 2951 3559 καρδίαν,
3036 3482 3334 3554 σκοτασμὸν
3410 3477 3695 3551 ἐμποιοῦσί
3779 3496 3873 3551 μοι

485 3584 681 3656 Virgo,
708 3600 844 3657 quae
868 3584 1076 3641 lumen
1106 3584 1482 3642 inaccessum
1513 3566 1787 3655 genuisti,
1809 3581 2129 3639 vocationis

2270 3582 2400 3651 Κόρη
2432 3594 2445 3609 ο
2479 3571 2585 3626 ἀλλ’
2618 3576 2646 3631 ἠ
2680 3577 2981 3645 γεννήσασα
3005 3579 3112 3643 φῶς
3156 3573 3214 3623 τὸ
3264 3568 3571 3641 ἀπρόσιτον,
3603 3566 3874 3620 ἀπελασον

480 3655 603 3730 tum
618 3655 835 3730 divinae
863 3673 1249 3745 instigatione
1277 3674 1407 3730 haec
1426 3672 1606 3743 longe
1634 3672 1797 3743 fuga.

2270 3673 2422 3719 ταῦτα
2495 3664 2701 3737 μακρὰν
2744 3670 2806 3734 τῇ
2886 3659 3161 3734 ἐμπνεύσει
3215 3667 3310 3722 τῆς
3386 3660 3529 3719 θείας
3584 3655 3874 3731 πρεσϐείας

2255 3773 2371 3809 σου.

550 3856 625 3911 Te
649 3853 712 3911 in
738 3853 982 3911 miseriis
1011 3852 1468 3912 consolatricem
1499 3858 1556 3909 et
1606 3851 1962 3909 morborum
2016 3866 2129 3906 me-

2326 3840 2666 3918 Παρείκλησιν
2697 3838 2745 3892 ἐν
2774 3846 2886 3902 ταῖς
2937 3838 3173 3909 θλίψεσιν
3233 3831 3357 3890 οἶδα
3402 3840 3492 3888 καὶ
3542 3843 3646 3887 τῶν
3694 3839 3870 3889 νόσων

476 3943 678 4002 dicam
719 3943 1014 4015 cognovi;
1059 3946 1115 4001 te
1146 3942 1355 4001 mortis
1398 3941 1847 3999 destructricem
1897 3944 1954 3996 et
1997 3939 2129 3995 vita:

2273 3936 2428 4007 ατρόν
2503 3950 2560 3983 σε
2630 3935 2890 4002 γινώσκω,
2942 3933 3033 3981 καὶ
3087 3926 3308 3986 παντελῆ
3380 3927 3731 4000 συντριμμόν,
3774 3929 3870 3977 καὶ

475 4034 723 4091 ﬂuvium
772 4013 1217 4105 inexhaustum,
1287 4038 1344 4089 et
1407 4032 1470 4089 in
1524 4032 1693 4088 omni
1746 4029 2129 4087 tribulatione

2270 4023 2474 4075 ῡανοίτου
2529 4023 2616 4071 καὶ
2664 4022 2898 4092 ποταμὸν
2946 4026 3044 4079 τῆς
3100 4018 3237 4078 ζωῆς
3303 4013 3691 4085 ἁνεξάντλητὸν,
3777 4018 3871 4066 καὶ

472 4128 824 4197 promptam
850 4127 908 4181 et
933 4124 1240 4181 efﬁcacem
1265 4123 1405 4179 novi
1430 4120 1914 4179 consolatricem.

2270 4115 2450 4163 ταντων
2477 4117 2575 4162 τῶν
2607 4106 2654 4160 ἐν
2710 4114 3003 4181 συμφοραῖς
3071 4110 3296 4179 ταχινὴν
3358 4107 3446 4155 καὶ
3493 4101 3664 4165 ὀξεῖαν
3718 4100 3868 4153 ἀντε-

2245 4198 2427 4271 ληψιν.
3701 4241 3705 4246 .

2320 4288 2396 4340 Ού
2426 4289 2641 4362 κρύπτω
2674 4305 2768 4338 σου
2790 4289 2876 4338 τὸν
2902 4284 3065 4358 βυθὸν
3117 4292 3209 4337 τοῦ
3264 4282 3430 4345 ἐλέους
3475 4285 3567 4333 καί
3594 4285 3685 4340 τὴν
3716 4277 3868 4354 βρύ-

2247 4398 2332 4431 σιν
2352 4386 2452 4431 τῶν
2480 4376 2701 4452 ἀπείρων
2744 4377 3020 4448 θαυμάτων
3054 4379 3143 4427 καὶ
3194 4375 3294 4433 τὴύ
3349 4377 3527 4444 πηγὴν
3591 4374 3687 4429 τήν
3739 4368 3864 4423 ἀέν-

2243 4487 2363 4520 ναον
2390 4470 2548 4528 ὅντως
2577 4474 2667 4526 τῆς
2711 4468 2843 4538 πρὸς
2905 4463 2993 4536 ἔμε
3043 4463 3370 4536 συμπαθείας
3421 4479 3540 4529 σου,
3595 4463 3865 4511 Δέσποινα

542 4303 953 4360 Misericordiae
980 4307 1097 4361 tuae
1129 4304 1423 4376 abyssum
1452 4301 1975 4369 etmiraculorum,
1994 4316 2131 4374 quae

471 4393 795 4448 innumera
812 4397 1141 4465 perpetras,
1170 4393 1593 4465 cbaritatisque
1615 4392 1676 4448 in
1705 4407 1803 4447 me
1846 4390 2134 4447 inexhau-

469 4485 573 4536 stae
602 4480 830 4536 fontem
857 4495 982 4537 non
998 4482 1445 4549 sileo,Domina,
1467 4481 1589 4538 imo
1614 4490 1740 4537 una
1772 4489 1912 4537 cum
1934 4478 2124 4537 omni-

467 4568 588 4626 bus
616 4568 879 4642 praadico
899 4574 957 4627 et
982 4569 1101 4628 alta
1123 4586 1269 4627 voce
1295 4570 1615 4627 annuntio.

2270 4556 2348 4609 ιλλ’
2380 4556 2576 4609 ἅπασιν
2607 4554 2842 4627 ὁμολογῶ
2864 4553 2954 4605 καί
2984 4551 3094 4627 βοῶ
3123 4556 3213 4605 καὶ
3240 4552 3483 4626 κηρύττω
3543 4552 3637 4600 καὶ
3693 4549 3859 4620 φθέγ-

2235 4665 2424 4719 γομαι.

537 4753 682 4811 Vitaa
714 4767 1000 4810 (erumnas
1041 4766 1141 4809 me
1181 4751 1453 4826 undique
1478 4749 2022 4822 circumdederunt,
2053 4755 2121 4808 ut

2307 4733 2641 4790 Ἐκύκλωσαν
2671 4733 2857 4785 αἰτοῦ
2905 4730 3028 4804 βίου
3075 4750 3138 4804 με
3189 4729 3365 4800 ζάλαι,
3434 4728 3607 4791 ὥσπερ
3666 4723 3856 4798 μέλισ-

465 4858 612 4917 npes
638 4841 896 4911 alveare,
919 4858 955 4899 o
985 4842 1182 4915 Virgo,
1216 4847 1273 4899 et
1298 4818 1555 4898 miseriae
1603 4839 1721 4898 tela
1772 4855 1879 4895 cor
1911 4856 2116 4897 meum

2272 4843 2329 4877 αι
2370 4828 2570 4899 κηρίον,
2628 4824 2875 4897 Παρθένε,
2945 4826 3035 4874 καὶ
3103 4825 3199 4880 τὴν
3276 4818 3405 4893 ίμήν
3467 4823 3859 4888 κατασχοῦσαι

461 4903 782 4992 νῖιιῑιθταηι
827 4903 963 4990 Sed.
1010 4936 1067 4990 te
1086 4903 1551 4990 "auxiliatricem
1606 4935 1664 4988 et
1716 4929 2115 4988 liberatricem

2270 4911 2479 4992 αρδίαν,
2528 4918 3017 4986 κατατιτρώσκουσι
3072 4909 3198 4984 βέλη
3252 4918 3353 4963 τῶν
3411 4906 3631 4979 θλίψεων
3686 4924 3700 4939 ·
3741 4903 3856 4957 ἀλλ’

463 5021 711 5082 obviam
738 5021 956 5080 habeo.
1665 5016 1677 5031 ‘

2270 5006 2438 5081 Ξροιμί
2498 5022 2556 5057 σε
2612 5001 2809 5077 βοηθὸν
2865 5006 2956 5055 καὶ
3008 4996 3235 5062 διώκτην
3286 5001 3379 5052 καὶ
3420 4999 3641 5074 ρύστην,
3686 4998 3859 5048 πανα-

2227 5114 2449 5170 χραντε.

534 5190 745 5249 Libera
766 5204 882 5249 nos
927 5206 1131 5250 servos
1154 5194 1313 5262 tuos,
1345 5205 1383 5248 o
1427 5189 1703 5264 Deipara,
1734 5205 1767 5247 e
1807 5187 2109 5263 periculis.

2301 5186 2574 5238 Διὰσωσον
2596 5180 2698 5237 ἀπὸ
2728 5176 2983 5235 κινδύνων
3013 5183 3138 5244 τούς
3185 5175 3408 5239 δούλους
3448 5194 3568 5243 σου,
3601 5176 3852 5238 Θωτόκε,

462 5279 807 5337 Secundum
846 5283 1034 5339 Deum
1049 5281 1212 5339 enim
1227 5280 1308 5338 ad
1323 5283 1379 5338 te
1394 5284 1461 5338 ut
1484 5295 1727 5338 murum
1741 5279 2113 5353 inexpugna-

2270 5294 2309 5329 τι
2360 5277 2542 5336 πάντες
2587 5290 2720 5347 μετα
2782 5274 2913 5327 Θεὸν
2962 5272 3030 5334 εἰς
3079 5272 3138 5325 σε
3193 5270 3583 5342 καταφεύγομεν
3629 5265 3702 5328 ὡς
3758 5265 3855 5340 ἆῤ-

455 5364 641 5423 bilem
660 5371 718 5425 et
735 5369 1055 5441 praesidem
1076 5368 1485 5443 confugimus.

2270 5382 2418 5425 ηκτον
2444 5371 2625 5438 τεῖχος
2653 5367 2745 5416 καὶ
2782 5366 3133 5437 προστασίαν.

526 5438 791 5529 Respice,
841 5458 1237 5532 inclytissima
1265 5438 1574 5535 'Deipara,
1621 5472 1734 5533 pro
1798 5455 2118 5515 clementia

2305 5452 2609 5527 Ἐπίϐλεψον
2665 5451 2714 5506 ἕν
2794 5452 3047 5527 εὐμενείᾳ,
3104 5449 3404 5525 πανύμνητε
3462 5448 3705 5514 Θεοτόκε,
3764 5438 3855 5497 ἰπὶ

452 5548 580 5615 tua,
611 5547 692 5606 ad
712 5547 988 5608 miserias
1017 5550 1242 5625 quibus
1279 5567 1500 5627 corpus
1528 5564 1735 5609 meum
1762 5551 2035 5625 vexamr,
2060 5552 2120 5611 et

2270 5550 2325 5606 ἠν
2356 5543 2483 5619 ἐμὴν
2524 5541 2763 5619 χαλεπὴν
2809 5548 2901 5596 τοῦ
2961 5547 3204 5616 σώματος
3249 5540 3510 5611 κάκωσιν,
3560 5538 3654 5591 καὶ
3692 5536 3853 5590 ἶασον

452 5634 673 5698 auium
702 5635 927 5699 dolenti
951 5639 1219 5701 medere.

2270 5643 2335 5702 ῆς
2366 5633 2666 5709 liv/im”
2688 5635 2749 5687 τὸ
2772 5629 2956 5707 517°4-
