4032 6308
558 366 677 425 7.79

1940 334 2279 396 llETHODIl
2310 335 2663 393 ’M’ONACHI.

3840 328 3944 385 780

562 486 785 543 factus.
809 483 976 537 Hanc
999 473 1078 533 ob
1110 486 1361 529 causam
1392 468 1748 540 angelorum
1795 470 1853 521 et
1901 463 2218 521 hominum

2358 467 2427 511 ὠν
2452 460 2680 536 οὐρανῶν
2712 482 2725 494 ·
2760 456 2847 511 διὸ
2876 479 2952 525 σε,
3022 461 3263 522 Θωτρκε,
3307 454 3533 526 ἀγγέλων
3585 458 3682 506 καὶ
3738 452 3945 525 ἀνθρω-

563 573 735 633 chori
765 576 820 628 te
845 562 1255 639 magniﬁcam.

1086 696 1091 700 θ
1182 668 1565 737 Troparium.

635 767 730 824 Ad
754 779 963 838 quam,
994 774 1228 832 quasso,
1260 756 1441 813 aliam
1476 769 1571 809 me
1599 746 2221 814 convertam,sanctis-

568 833 917 925 sima‘fquo
939 847 1289 917 confugiam
1307 849 1371 900 ut
1393 843 1599 898 salvus
1622 841 1767 895 ﬁam
1783 839 1810 893 ‘I
1831 854 1955 911 quo
1984 833 2221 908 proﬁci-

565 946 735 1004 scar!
795 945 991 1009 Quam
1046 934 1542 997 consolationem,
1590 946 1777 1002 quam
1837 927 2225 984 auxiliarcem

548 1035 868 1110 .reperiam
897 1031 926 1087 ?
958 1034 1021 1085 In
1050 1032 1107 1083 te
1136 1040 1327 1082 unam
1355 1037 1557 1094 spero,
1581 1020 1657 1076 de
1686 1024 1744 1074 te
1800 1017 1933 1073 sola
1981 1014 2223 1085 glorior,

567 1132 628 1182 et
649 1124 728 1182 ad
747 1127 803 1181 te
833 1135 972 1176 cum
994 1115 1219 1172 ﬁducia
1238 1110 1545 1181 confugio.

644 1216 829 1270 Nemo
897 1222 1064 1272 sane,
1123 1220 1160 1259 ο
1216 1204 1453 1274 Sponsa
1504 1197 1624 1262 Dei,
1663 1193 1968 1265 magnalia
2014 1197 2118 1247 tua
2173 1195 2230 1245 et

574 1305 872 1376 abyssum
903 1290 1488 1368 imperscrutabilem
1518 1286 1949 1342 miraculorum
1988 1288 2228 1337 tuorum

550 1390 957 1455 ,enarraverit,
988 1386 1068 1441 ob
1094 1399 1231 1457 quae
1253 1380 1531 1436 ardenter
1560 1382 1614 1432 te
1634 1378 1997 1430 venerantur
2016 1377 2075 1426 et
2097 1386 2228 1425 om-

568 1499 681 1540 nes
709 1486 775 1537 ut
804 1492 1011 1536 veram
1039 1473 1143 1529 Dei
1172 1468 1529 1528 Genitricem
1561 1465 1838 1520 adorant.
1889 1463 1954 1519 In
1984 1459 2229 1531 hymnis

575 1570 906 1644 gratiarum
916 1561 1368 1623 referendarum
1380 1555 1645 1612 ofﬁcium
1658 1550 2048 1624 implentibus
2061 1548 2231 1605 mise-

572 1637 896 1717 ricordiam
915 1653 1210 1709 inﬁnitam
1242 1646 1498 1710 celebro,
1528 1650 1585 1699 et
1605 1657 1896 1711 magnam
1926 1645 2093 1694 tuam
2120 1637 2231 1691 vir-

572 1753 767 1807 tutem
796 1750 853 1801 et
874 1738 1172 1800 beneﬁcia
1194 1738 1257 1794 in
1286 1751 1384 1791 me
1416 1740 1517 1789 tua
1538 1730 1823 1787 omnibus
1869 1727 2128 1800 praedico
2177 1725 2234 1780 et

555 1852 653 1900 Δοι
670 1839 890 1904 mente,
922 1830 1123 1895 corde,
1150 1826 1355 1884 animo
1386 1829 1444 1879 et
1468 1837 1616 1877 voce
1632 1818 1944 1876 annuntio.

2259 1910 2299 1963 Β

644 2104 890 2177 Suscipe
917 2114 1124 2174 preces
1144 2111 1312 2153 meas
1334 2091 1724 2156 humillimas,
1747 2093 1805 2145 et
1825 2085 2073 2143 clamori
2093 2098 2229 2139 meo

575 2209 753 2253 aures
782 2190 1007 2266 praebe,
1037 2192 1093 2243 et
1122 2184 1446 2256 lacrymas,
1479 2178 1613 2235 vide
1645 2182 1701 2233 et
1728 2192 1865 2266 quae
1922 2178 1977 2229 te
2004 2186 2231 2266 precor

578 2261 817 2346 annue}
836 2277 1216 2349 omnipotens
1235 2270 1399 2327 enim
1418 2284 1481 2325 es
1498 2274 1562 2323 ut
1583 2264 1817 2322 Domini
1851 2261 2230 2333 omnipoten-

578 2371 654 2427 tis
693 2371 892 2433 Mater,
945 2360 1282 2420 dummodo
1333 2356 1730 2413 humilitatem
1780 2366 1980 2407 meam
2037 2363 2231 2420 respe-

549 2522 556 2529 ,
578 2459 755 2515 xeris.

648 2545 864 2601 Libera
881 2557 1017 2608 nos,
1046 2553 1250 2595 servos
1272 2540 1426 2601 tuos,
1456 2549 1492 2589 ο
1533 2531 1806 2603 Deipara,
1838 2545 1871 2584 e
1928 2526 2227 2600 periculis.

580 2632 928 2693 Secundum
958 2629 1150 2684 Deum
1175 2626 1335 2681 enim
1363 2622 1440 2679 ad
1461 2625 1518 2677 te
1556 2624 1619 2674 ut
1682 2633 1923 2674 murum
1978 2617 2229 2687 inexpu-

577 2720 885 2795 gnabilem
901 2721 959 2773 et
978 2714 1304 2773 antistitam
1325 2708 1729 2780 confugimus.

646 2811 918 2883 Respice,
948 2802 1357 2862 illustrissima
1386 2800 1487 2855 Dei
1517 2797 1796 2863 Genitrix,
1827 2812 1938 2869 pro
1967 2793 2227 2850 clemen-

579 2902 664 2959 tia
691 2906 797 2957 tua
828 2897 908 2955 ad
937 2893 1227 2959 miserias,
1260 2889 1483 2963 quibus
1526 2902 1744 2960 corpus
1777 2900 1983 2942 meum
2046 2898 2226 2939 vexa-

576 2996 695 3058 tur,
722 2994 780 3045 et
806 2985 1027 3043 animae
1047 2978 1343 3038 tribulataa
1364 2975 1673 3034 doloribus
1698 2973 2029 3029 remedium
2058 2970 2227 3027 aﬂ‘er.

2326 569 2433 602 πων
2451 549 2764 625 ταξιαρχίαι
2775 548 3173 622 μεγαλύνουσιν.

2936 654 3147 728 Τροπὰρ
3155 671 3249 706 ιον.

2402 749 2535 817 Πρὸς
2569 749 2688 796 τίνα
2755 746 3037 816 καταφύγω
3101 741 3277 809 ἄλλην,
3347 739 3549 810 (Arni;
3594 747 3697 791 ποῦ
3763 757 3948 812 προσ-

2333 829 2519 905 δράμω
2540 832 2719 884 λοιπὸν
2738 838 2828 885 καὶ
2850 834 3163 903 σωθήσομαι
3189 847 3201 896 ;
3239 836 3340 881 ποῦ
3359 829 3600 901 παρευθῶ
3624 844 3639 893 ;
3675 832 3839 879 ποίαν
3890 823 3949 879 δέ

2328 919 2525 995 ’ἐφεύρω
2577 927 2905 994 καταφυγὴν,
2963 926 3116 973 ποίαν
3183 922 3375 991 θερμὴν
3428 916 3728 987 ἀντίληψιν,
3784 922 3948 967 ποίαν

2333 1008 2381 1061 ἓν
2409 1019 2525 1071 ταῖς
2553 1010 2764 1081 etiam
2794 1009 2989 1083 βοηθὸν
3025 1027 3040 1073 ;
3071 1010 3143 1070 εἰς
3171 1012 3229 1061 σε
3262 1011 3426 1079 μόνην
3476 1005 3693 1069 ἐλπίζω,
3744 1012 3823 1067 εὶς
3890 1008 3949 1056 σε

2334 1104 2495 1171 μόνην
2554 1109 2862 1172 καυχῶμαι,
2917 1104 3006 1151 καὶ
3056 1098 3141 1152 ἐπὶ
3208 1101 3265 1150 σὲ
3328 1096 3528 1170 θαρρῶν
3622 1099 3946 1166 κατέφυγον.

2407 1189 2520 1240 Ούκ
2545 1192 2684 1240 ἔστιν
2711 1188 3115 1263 ἀριθμήσασθαι
3151 1183 3395 1251 δυνατὸν,
3449 1184 3699 1256 μεγαλεῖα
3753 1187 3825 1235 τὰ
3881 1188 3954 1234 erit

2339 1281 2713 1350 Θεονύμᾳευτε,
2801 1284 2890 1330 καὶ
2984 1282 3070 1329 τὸν
3156 1275 3319 1348 βυθὸν
3411 1278 3499 1326 τὸν
3551 1272 3953 1347 ἀνεξερεύνητον

2339 1365 2550 1429 ἐξειπεῖν
2586 1376 2685 1418 τῶν
2725 1369 2851 1441 ὺπέρ
2910 1374 3029 1419 νοῦν
3091 1367 3368 1437 θαυμάτων
3434 1381 3554 1430 σου,
3609 1370 3715 1413 τῶν
3751 1360 3954 1413 τετελε-

2342 1460 2536 1526 σμένων
2570 1452 2824 1516 διηνεκῶς
2860 1463 2971 1516 τοῖς
3019 1457 3164 1525 πόθῳ
3224 1473 3281 1505 σε
3339 1460 3558 1524 τιμῶσι,
3616 1456 3707 1503 καὶ
3768 1454 3957 1502 πίστει

2338 1555 2724 1620 προσκυνοῦσιν
2750 1549 2819 1607 ὡς
2855 1544 3019 1603 ἀληθῆ
3053 1552 3186 1598 Θεοῦ
3211 1543 3542 1613 λοχεύτρίαν.

2411 1636 2498 1689 Ἑν
2527 1635 2709 1707 ύμνοις
2736 1635 3076 1706 εὐχαρίστως
3125 1629 3410 1701 δοξολογῶ,
3463 1634 3552 1680 καὶ⁹
3600 1633 3840 1702 γεραίρω
3866 1632 3959 1678 τὸν

2338 1726 2559 1797 ἄμετρον
2584 1722 2739 1786 ἕλεος,
2798 1727 2888 1774 καὶ
2946 1726 3041 1779 τὴν
3102 1720 3291 1778 πολλὴν
3352 1715 3574 1788 δύναμιν
3628 1735 3730 1768 σου
3780 1722 3961 1767 πᾶσιν

2339 1812 2591 1885 ὁμολογῶ,
2641 1832 2731 1863 και
2784 1814 2881 1871 τὰς
2933 1810 3235 1883 εὐεργεσίας
3289 1827 3385 1859 σου
3439 1806 3504 1867 ἃς
3553 1808 3962 1878 ὑπερεκὶνωσας

2338 1901 2411 1963 εἰς
2438 1900 2526 1972 ἐμὲ
2578 1904 2842 1973 κηρύττω,
2875 1899 3141 1971 μεγαλύνω
3174 1898 3328 1970 ψυχῇ
3370 1915 3423 1948 τε
3469 1901 3563 1947 καὶ
3611 1891 3827 1967 καρδίᾳ
3866 1902 3961 1945 καὶ

2336 1991 2573 2063 λογισμῷ
2609 1995 2700 2042 καὶ
2724 1990 2942 2062 γλώσσῃ
2979 1992 3219 2042 πάντοτε.

2406 2086 2512 2139 Τὴν
2540 2078 2724 2139 δέησίν
2746 2099 2846 2152 μου
2875 2076 3023 2142 δέξαι
3042 2083 3137 2137 τὴν
3162 2080 3441 2149 πενιχρὰν,
3462 2081 3553 2128 καὶ
3572 2075 3858 2147 κλαυθμόν
3880 2079 3954 2145 μὴ

2336 2166 2503 2241 παρῖδ
2507 2190 2537 2238 ῃ
2548 2190 2592 2235 ς,
2618 2174 2708 2221 καί
2740 2165 2950 2243 δάκρυα
2976 2173 3065 2219 καὶ
3132 2170 3438 2237 στεναγμὸν,
3492 2164 3604 2216 ἀλλ’
3661 2162 3957 2215 ἀντιλαϐοὐ

2337 2278 2439 2331 μου
2467 2261 2534 2320 ὡς
2556 2257 2726 2329 ἀγαθὴ
2764 2262 2853 2309 καὶ
2902 2260 2994 2318 τὰς
3058 2256 3296 2315 αἰτήσεις
3345 2254 3661 2328 πλήρωσον·
3712 2249 3957 2304 δύνασαι

2335 2350 2436 2418 γὰρ
2460 2349 2627 2398 πάντα
2646 2349 2710 2405 ὡς
2769 2347 3088 2406 πανσθενοῦς
3138 2347 3401 2396 Δεσπότου
3456 2349 3592 2394 Θεοῦ
3647 2347 3865 2414 μήτηρ,
3916 2339 3958 2391 si

2336 2439 2534 2496 νεύσεις
2562 2436 2639 2487 ἔτι
2670 2439 2823 2507 μόνον
2854 2437 2981 2507 πρὸς
3010 2438 3104 2492 τὴν
3155 2431 3284 2504 ἐμὴν
3338 2431 3548 2506 οἰκτρὰν
3600 2434 3955 2482 ταπείνωσιν.

2409 2527 2676 2577 Διάσωσον
2713 2523 2815 2576 ἀπὸ
2849 2519 3104 2575 κινδύνων
3130 2525 3253 2582 τοὺς
3283 2517 3505 2580 δούλους
3536 2539 3656 2585 σου,
3697 2524 3953 2581 Θεοτοκε,

2337 2616 2416 2666 ὅτι
2445 2617 2651 2674 παντως
2675 2615 2805 2685 μετὰ
2841 2620 2970 2665 Θεον
3031 2611 3101 2673 εἰς
3157 2613 3215 2664 σε
3280 2611 3671 2681 καταφεύγομεν
3726 2611 3800 2668 ὡς
3858 2606 3948 2680 ἆῤ-

2334 2703 2525 2776 ῥηκτον
2554 2709 2730 2773 τεῖχος
2758 2706 2848 2753 καὶ
2872 2703 3221 2773 προστασίαν.

2426 2789 2715 2860 Επίϐλεψον
2778 2788 2826 2840 ἐν
2883 2788 3138 2861 εὐμενείᾳ,
3199 2791 3498 2859 πανὺμνητε
3552 2790 3801 2851 Θεοτόκε,
3873 2783 3957 2836 ἐπὶ

2336 2885 2431 2938 τὴν
2465 2881 2594 2952 ἐμήν
2622 2877 2860 2950 χαλεπὴν
2913 2885 3006 2929 τοῦ
3060 2882 3300 2948 σώματος
3357 2878 3613 2942 κάκωσιν,
3654 2879 3751 2926 καὶ
3793 2877 3955 2926 ἴασαι

2335 2968 2635 3038 τῆςψυχῆς
2657 2987 2757 3038 μου
2782 2970 2839 3018 τὸ
2867 2965 3042 3038 ἄλγος.

894 3129 1186 3221 Theodori
1223 3160 1441 3215 librum
1482 3156 1554 3212 de
1582 3152 2111 3212 communicatione
2146 3148 2426 3207 naturali
2459 3162 2535 3203 ex
2571 3162 2709 3202 mss.
2746 3144 3134 3214 producimus
3172 3143 3237 3198 in
3274 3140 3606 3198 Addendis.

571 3350 3945 3409 βω

1844 3544 1941 3593 ΔΝ
1945 3543 2040 3591 ΝΟ
2087 3540 2349 3589 DOMINI
2394 3537 2659 3590 MCCLXI

893 3741 2227 3921 METHODIUS

2351 3736 3609 3904 MONACHUS

1991 4185 2513 4282 NOTITIA

1565 4405 1816 4481 (Angelo
1844 4403 1972 4476 Mai,
2008 4402 2219 4475 Script.
2250 4405 2368 4458 vet.
2396 4405 2541 4457 tom.
2570 4402 2663 4467 IlI,
2694 4415 2757 4472 p.
2787 4398 2938 4471 246.)

574 4610 583 4613 ”
634 4623 794 4677 Dum
806 4613 1142 4687 Ephrtemii
1153 4612 1512 4680 Catalogum
1518 4609 2015 4678 patriarcharum
2026 4605 2498 4675 Byzantinorum
2510 4604 2790 4659 Latinum
2802 4602 3063 4671 facerem
3075 4600 3947 4671 typisqueexcuderem,multa

571 4710 721 4767 mihi
730 4707 1100 4764 inVaticanis
1111 4700 1410 4757 codicibus
1420 4699 1648 4767 scripta
1659 4696 2083 4765 praedictorum
2098 4692 2592 4764 patriarcharum
2606 4690 2993 4746 occurrebant
3008 4690 3140 4745 luce
3149 4703 3301 4758 szpe
3310 4688 3579 4759 digna,et
3590 4706 3723 4762 quae
3731 4693 3946 4762 singu-

572 4801 768 4856 lorum
778 4793 1106 4867 praesulum
1122 4795 1566 4858 temporumque
1578 4786 1891 4842 historiam
1904 4785 2439 4855 augebant,resque
2451 4782 2718 4850 apprime
2730 4781 3154 4835 ecclesiasticas
3166 4779 3636 4835 illustrabant.A
3647 4796 3678 4835 c
3690 4787 3942 4839 tantum

566 4904 713 4948 sane
721 4898 1037 4943 numerum
1050 4881 1112 4936 in
1127 4878 1400 4934 manibus
1415 4876 1601 4933 habeo
1614 4876 2000 4943 epistolarum
2014 4889 2352 4930 sermonum
2363 4872 2734 4927 decretorum
2750 4874 3122 4925 tractatuum
3132 4868 3514 4939 synodorum,
3531 4876 3601 4923 ut
3606 4872 3940 4940 peculiaris

569 4994 645 5037 ea:
656 4980 747 5034 his
759 4974 1001 5044 scriptis
1016 4977 1207 5027 tomus
1221 4984 1285 5023 ιη
1300 4968 1413 5024 hac
1424 4981 1554 5022 mea
1567 4966 1910 5020 collectione
1921 4961 2323 5031 conﬁciendas
2331 4967 2536 5030 postea
2551 4960 2850 5017 videatur.
2865 4959 3060 5028 Nunc,
3083 4958 3174 5014 his
3186 4958 3458 5014 omnibus
3475 4963 3934 5032 pratici-missis,

764 5028 962 5133 delegi
984 5057 1273 5116 Methodii
1291 5055 1571 5112 monachi
1590 5055 1857 5110 libellum
1888 5028 2196 5117 ineditum,
2211 5028 2587 5120 quoinullum
2602 5050 2731 5118 fere
2748 5048 2869 5103 vidi
2895 5049 3095 5116 aptius
3107 5048 3187 5103 ad
3210 5048 3569 5117 Byzantina
3588 5049 3742 5105 sedis
3774 5028 3939 5110 vices

568 5159 770 5214 varias
782 5153 970 5211 oculis
980 5144 1725 5218 subjiciendas.Scribendz
1738 5149 1936 5199 autem
1947 5141 2223 5211 opusculi
2234 5139 2358 5195 hate
2378 5153 2562 5196 causa
2569 5138 2720 5208 fuit;
2745 5136 3007 5194 Michael
3033 5137 3176 5192 VIII
3191 5139 3521 5205 imperator
3544 5139 3937 5212 Palzologus

566 5261 728 5302 anno
741 5242 973 5301 Christi
984 5239 1127 5298 I264
1141 5277 1154 5297 ,
1168 5240 1301 5306 post
1313 5240 1731 5303 recuperatam
1754 5233 1976 5288 Latinis
1988 5231 2188 5300 ejectis
2202 5229 2799 5298 Constantinopolim,
2813 5229 3107 5285 Joannem
3123 5228 3224 5283 III
3237 5229 3564 5284 Ducaenum
3590 5230 3934 5307 Lascarim,

568 5332 673 5405 qui
681 5332 856 5400 pupil
862 5333 954 5385 lus
969 5342 1008 5383 a
1020 5330 1198 5396 patre
1208 5323 1453 5379 relictus
1465 5322 1527 5375 in
1540 5321 1851 5376 Michaelis
1866 5317 2247 5375 velutitutela
2260 5318 2373 5373 adn
2382 5318 2908 5387 lescebat,cumque
2924 5318 3263 5385 ipsopostea
3274 5323 3635 5387 regnaturus
3652 5325 3787 5375 erat
3799 5364 3814 5388 ,
3830 5323 3935 5376 im-

566 5421 732 5476 mani
745 5412 1507 5483 scelereexcazcavit,atque
1518 5411 1605 5465 ita
1617 5410 1779 5463 omni
1791 5423 1893 5476 spe
1910 5407 2083 5476 regni
2090 5407 2608 5474 proturbavit.Rei
2630 5408 3007 5462 atrocitatem
3030 5406 3167 5460 tulit
3194 5407 3501 5474 agerrime
3523 5409 3800 5465 Arsenius
3823 5426 3934 5480 pa.

566 5509 838 5564 triarcha
851 5505 1223 5576 Byzantinus
1238 5519 1251 5567 ;
1271 5515 1451 5570 eoque
1457 5498 1734 5568 processit
1746 5538 1758 5559 ,
1771 5502 1837 5552 ut
1855 5497 2272 5564 imperatorem
2284 5496 2635 5553 Michaelem
2650 5495 2723 5551 ab
2736 5496 3137 5551 ecclesiastica
3151 5497 3559 5553 communione
3578 5507 3928 5557 removeret:

562 5598 669 5670 qui
686 5611 828 5653 mox
846 5596 1086 5663 culpam
1097 5606 1290 5658 suam,
1306 5595 1374 5644 ut
1388 5603 1504 5659 par
1518 5592 1672 5657 erat,
1682 5586 1987 5659 proﬁtens,
2010 5585 2356 5641 canonicam
2379 5586 2810 5641 absolutionem
2826 5583 3213 5654 implorabat.
3243 5583 3432 5652 Quam
3446 5585 3549 5641 ubi
3562 5600 3788 5654 parum
3806 5594 3934 5646 cre-

561 5681 1114 5767 duluspalriarcha
1126 5675 2005 5748 indignabunduswenegavit,
2024 5679 2231 5733 coacta
2242 5676 2653 5746 episcoporum
2675 5673 2901 5747 synodo
2912 5672 3077 5731 dedit
3097 5687 3341 5744 operam
3358 5674 3647 5744 Michael,
3669 5678 3931 5736 utArse-
