4032 6308
57 316 163 372 γει
1312 284 1404 369 DE
1440 270 1827 372 Suntsunt-3
1864 312 2191 377 VITANDO.
3334 276 3441 392 me

59 441 195 495 nius
221 434 361 495 sede
369 437 794 506 depelleretur,
807 432 976 507 eique
1000 429 1337 491 Germanus
1354 438 1392 491 Ι
1392 438 1425 492 1
1425 438 1461 492 Ι
1468 439 1946 494 substitueretur.
1974 441 2116 498 Rem
2130 442 2368 511 plenius
2388 457 2728 516 cognoscere
2754 445 2895 505 licet
2912 451 3245 512 ezArsenii
3257 462 3439 516 testa-

59 533 260 584 mento
287 526 453 599 quod
471 526 800 582 Cotelerius
818 525 1081 615 Monum.
1114 523 1260 615 eccl.
1283 526 1379 581 Gr.
1407 526 1521 581 t.II
1533 542 1596 595 p.
1624 531 1743 595 168,
1768 529 2061 598 vulgavit.
2111 531 2409 589 Germano
2457 536 2594 591 item
2622 537 2864 608 Josephi
2896 541 3129 599 abbatis
3163 548 3440 615 artiﬁciis

61 618 337 686 expulso,
364 614 660 685 Josephus
687 615 815 683 ipse
840 612 1316 682 patriarchalem
1341 616 1557 686 sedem,
1580 616 1888 673 adnitente
1911 620 2167 686 Caesare,
2199 622 2473 679 obtinuit.
2502 625 2754 681 Interim
2788 628 3135 698 Byzantina
3163 612 3439 694 Ecclesia

63 708 238 775 gravi
260 706 587 761 schismate
608 703 926 767 laboravit,
958 702 1103 756 dum
1132 703 1246 757 alii
1263 706 1518 793 Arsenio
1551 712 1616 759 ut
1649 706 1861 777 inique
1907 715 2297 767 exauctorato
2333 714 2660 769 studerent:
2695 716 2825 782 alii,
2868 724 2933 771 ut
2985 721 3076 788 ﬁt,
3115 724 3438 793 Josephum

61 793 483 862 patriarcham
512 792 814 847 novellum
835 796 1230 846 scctarentur.
1261 792 1394 848 Hoc
1422 794 1760 849 animorum
1777 794 2052 861 fervente
2076 804 2246 865 cestu,
2282 804 2464 871 atque
2508 802 2572 856 in
2604 801 2697 857 his
2720 807 3130 866 ecclesiasticis
3157 792 3435 879 motibus,

60 882 404 938 Methodi-us
430 881 778 945 monachus,
803 887 870 935 ut
898 879 1207 935 schismati
1228 881 1411 952 (quod
1438 896 1584 937 sane
1600 885 1941 951 pessimum,
1970 887 2254 944 Ecclesiae
2280 891 2510 945 malum
2541 897 2627 947 est
2648 891 2667 961 )
2688 892 2917 951 obviam
2968 899 3101 965 iret,
3167 901 3437 959 libellum

64 970 451 1026 scribendum
503 973 755 1033 censuit,
813 983 929 1039 quo
977 967 1417 1026 demonstraret
1468 971 1869 1040 Byzantinam
1901 974 2245 1045 Ecclesiam,
2305 993 2651 1049 quanquam
2715 997 2868 1051 saepe
2920 1001 2957 1041 a
3027 993 3434 1057 prmpotentia

65 1060 381 1115 Caesarum
409 1059 503 1119 (de
527 1074 646 1130 qua
676 1058 956 1127 legendus
975 1062 1060 1112 est
1096 1058 1423 1129 Lequinius
1454 1059 1559 1116 0r.
1592 1060 1704 1118 Ch.
1735 1067 1777 1115 t.
1813 1063 1865 1129 Ι,
1910 1062 2144 1119 dissert.
2162 1081 2356 1133 prcev.
2415 1083 2550 1137 cap.
2589 1070 2674 1139 17)
2703 1078 2914 1128 contra
2960 1078 3329 1147 aequissimas
3381 1087 3439 1137 et

60 1150 475 1239 sanctissimM
496 1162 798 1239 canonum
823 1161 1088 1239 normas,
1114 1153 1386 1239 pastores
1414 1149 1611 1239 invita
1630 1151 1966 1219 accepisset,
2000 1152 2195 1208 nihilo
2227 1161 2427 1211 tamen
2471 1159 2668 1214 minus
2724 1169 3013 1231 perpetuo
3068 1168 3311 1239 cavisse,
3361 1186 3437 1226 ne

61 1237 322 1293 schisma
340 1238 406 1291 in
433 1237 657 1305 papula
688 1238 878 1305 ﬁeret;
898 1235 1218 1291 dummodo
1240 1235 1305 1291 hi
1338 1238 1630 1306 praesules
1661 1239 2056 1296 orthodoxam
2087 1242 2263 1309 fidem
2290 1246 2634 1302 retinerent.
2668 1251 2738 1304 In
2772 1250 2883 1307 hoc
2905 1254 3133 1310 scilicet
3177 1235 3438 1313 vertitur

65 1328 244 1381 totius
266 1340 502 1381 summa
527 1326 818 1415 opusculi;
848 1326 1022 1415 cujus
1049 1326 1331 1415 notitiam
1354 1341 1457 1415 seu
1480 1328 1723 1383 titulum
1756 1329 2011 1384 tradidit
2037 1330 2465 1388 olimAllatius
2490 1336 2554 1390 in
2583 1338 2854 1395 Diatribe
2880 1341 2953 1396 de
2998 1343 3335 1414 Methodiis,
3370 1361 3436 1415 ρ,

64 1416 192 1482 383,
224 1430 420 1486 neque
440 1420 637 1471 tamen
668 1414 916 1469 ubinam
945 1414 1011 1469 id
1037 1414 1311 1470 latitaret
1333 1414 1501 1469 nobis
1534 1416 1838 1471 indicavit:
1874 1418 2027 1473 mihi
2047 1433 2185 1475 vero
2211 1422 2274 1475 in
2306 1422 2611 1481 Vaticanis
2656 1428 2956 1484 codicibus
3001 1414 3433 1501 deprehensum

64 1510 168 1571 est,
191 1510 249 1561 et
270 1508 432 1574 typis
459 1504 711 1573 dignum
734 1507 916 1575 atque
934 1504 1085 1558 utile
1114 1504 1329 1559 visum.
1352 1505 1492 1561 Etsi
1506 1506 1662 1561 enim
1693 1506 1848 1561 idem
1874 1513 2297 1577 argumentum
2351 1526 2649 1582 anoymus
2706 1517 2865 1572 alius
2905 1525 3120 1575 auctor
3155 1526 3435 1589 versavit,

64 1608 237 1664 quem
258 1608 291 1649 e
312 1592 517 1649 codice
545 1592 921 1647 Barocciano
951 1606 1112 1647 anno
1138 1592 1286 1650 1691
1312 1594 1588 1663 vulgavit
1620 1594 1834 1650 Oxonii
1860 1596 2289 1665 Humphredus
2318 1601 2550 1656 Hodius
2599 1603 2701 1674 (a),
2746 1604 3192 1666 Baroccianum
3239 1616 3439 1668 tamen

65 1682 421 1750 opusculum
441 1681 747 1736 θεὸν-θυέτω
774 1685 879 1747 est,
903 1685 958 1735 et
985 1680 1061 1735 ab
1093 1680 1203 1736 hoc
1236 1680 1526 1737 Vaticano
1546 1682 1696 1738 satis
1722 1683 2043 1749 diversum,
2068 1691 2134 1740 ut
2170 1687 2361 1756 legens
2390 1693 2668 1760 comperi.

136 1822 222 1893 (a)
263 1820 552 1894 Opusculi
574 1820 652 1877 ab
683 1818 1008 1877 Humfredo
1037 1820 1180 1876 editi
1217 1820 1423 1877 titulus
1458 1821 1557 1878 hic
1596 1827 1685 1881 est
1711 1840 1725 1878 :
1758 1826 2082 1897 Anglicani
2106 1829 2249 1883 novi
2272 1830 2608 1889 schismatis
2637 1835 2989 1909 redargutio
3020 1855 3118 1898 seu
3145 1844 3442 1901 tractatus

68 1926 144 1967 ea:
190 1909 455 1966 historiis
493 1909 929 1978 ecclesiasticis,
970 1924 1082 1981 quo
1130 1910 1485 1978 ostenditur,
1534 1913 1858 1985 episcopos,
1905 1915 2126 1984 injuste
2164 1918 2302 1973 licet
2348 1919 2663 1992 depositas,
2713 1926 3040 1986 orthodoxi
3086 1937 3440 1990 successoris

67 2000 540 2055 communionem
568 2012 880 2069 nunquam
906 1998 1217 2067 refugisse.
1256 1998 1412 2054 EDIT.

77 2180 3054 2217 ______.________________________________

3061 2202 3430 2227 *

552 2332 800 2469 DE
907 2314 1988 2477 SGHISMATE
2092 2342 2963 2490 VITANDO

1503 2600 2077 2707 LIBELLUS.

148 2950 507 3007 ΜΕΘΟΔῙΟΥ
575 2955 913 3004 ΜΟΝΔΧΟΥ
980 2948 1206 3022 Συλλογή
1279 2952 1336 3002 ἐκ
1414 2946 1678 3027 διαφόρων

1798 2952 2424 3019 ΜΕΤΗΟΠΙΙΜΟΝΑ
2434 2962 2584 3020 CH1
2587 2979 2658 3021 ea:
2668 2966 2918 3021 diversis
2932 2965 3100 3022 libris
3115 2967 3445 3037 synopticis

152 3048 478 3093 πνοπτικῶν
535 3036 772 3111 βιϐλίων,
836 3038 917 3091 ὅτι
947 3038 1006 3090 οὗ
1065 3035 1149 3092 δεῖ
1206 3039 1498 3111 σχίζεσθαι
1559 3044 1687 3104 τοὺς

1847 3047 2103 3120 Sylloge,
2118 3066 2239 3122 qua
2255 3051 2706 3110 demonstratur
2728 3055 2896 3110 haud
2909 3035 3444 3126 oporterepopulos

150 3130 303 3190 λαοὺς
362 3130 464 3181 ἀπὸ
539 3135 641 3180 τῶν
725 3126 1010 3203 ἀρχιερέων
1111 3124 1406 3201 ὀρθοδόξων
1500 3128 1680 3202 ὄντων,

1864 3135 1938 3192 ab
1973 3140 2324 3198 orthodoxis
2358 3143 2646 3213 episcopis
2675 3151 2854 3201 semet
2903 3124 3239 3217 sejungere,
3264 3124 3444 3219 quan

101 3220 116 3236 ⁸
150 3218 193 3271 si
214 3221 356 3271 κατά
405 3237 526 3269 τινα
589 3215 978 3288 ἐγκληματικὴν
1054 3221 1365 3291 περίστασιν
1454 3220 1484 3276 ἠ
1569 3237 1684 3290 χειο

1864 3241 2045 3297 quam
2070 3231 2371 3302 exaliqua
2400 3233 2722 3289 criminosa
2748 3215 2983 3292 ratione
3011 3215 3444 3292 electioreo—rum

150 3311 364 3381 ροτονία
392 3305 560 3358 αὐτῶν
585 3303 756 3379 προϐῇ
767 3347 780 3360 .

1859 3321 2233 3384 processerit.
2669 3311 2679 3321 ’

155 3414 224 3470 α’.
254 3417 430 3467 Ιστέον
474 3415 543 3473 ὡς
590 3416 1054 3485 παραιτησαμένου
1102 3411 1330 3486 μεγάλου
1392 3417 1684 3488 Γρηγορίου

1868 3408 1918 3458 1.
1942 3403 2226 3479 Postqam
2256 3424 2516 3479 magnus
2549 3411 2867 3483 Gregorius
2897 3412 3236 3484 Theologus
3298 3413 3447 3471 Con-

77 3510 174 3556 τοῡ
230 3502 488 3575 Θεολόγου
540 3504 627 3554 τὸν
681 3502 860 3575 θρόνον
954 3502 1540 3563 Κωνσταντινουπόλεως
1595 3508 1685 3556 καὶ

81 3592 549 3667 ἀναχωρήσαντος,
615 3592 895 3666 Νικτάριος
967 3594 1312 3665 πατριάρχης
1390 3597 1686 3668 κεχειροτό-

78 3702 260 3752 νηται,
291 3686 383 3733 καὶ
428 3680 535 3754 μετ’
590 3680 745 3731 αὐτὸν
771 3681 796 3731 6
849 3682 1012 3753 μέγας
1067 3680 1450 3755 Χρυσόστόμος
1499 3685 1685 3734 τούτου

81 3770 419 3832 ἐκϐληθέντος
463 3766 680 3833 ἀδίκως,
732 3768 1015 3844 Ἀρσάκιος
1062 3770 1087 3821 6
1131 3778 1222 3821 τοῦ
1277 3771 1545 3846 εἰρημένου
1588 3777 1687 3823 Νε-

76 3860 299 3935 κταρίου
327 3854 546 3931 ἀδελφὸς
576 3861 651 3921 εἰς
676 3860 763 3909 τὸν
812 3859 987 3931 θρόνον
1043 3860 1254 3930 ἀνήχθη
1312 3862 1454 3933 παρά
1509 3866 1684 3912 πᾶσαν

76 3954 358 4007 κανονικὴν
392 3952 763 4024 παρατήρησιν
810 3947 869 3999 οὗ
916 3952 1070 4021 μόνον
1128 3945 1221 4001 διά
1248 3950 1342 4009 τὴν
1398 3958 1488 4002 τοῦ
1548 3953 1684 4023 ἱεροῦ

76 4043 466 4115 Χρυσοστόμου
518 4035 705 4090 ἄδικον
747 4036 969 4113 ἓξορίαν,
1024 4036 1130 4089 ἀλλ’
1193 4036 1294 4102 ὃτι,
1344 4041 1413 4100 ὡς
1459 4038 1681 4111 λέγεται,

11 4143 32 4156 ’
76 4133 168 4181 καὶ
193 4124 647 4200 ζηλοτυπούμενος
674 4129 808 4201 πρὸς
846 4134 938 4178 τοῦ
999 4123 1139 4179 ἰδίου
1207 4125 1431 4201 ἀδελφοῦ
1488 4135 1687 4182 Νεκτα-

78 4224 217 4291 ρίου,
250 4202 450 4290 ὤμοσεν
478 4216 618 4288 αὐτῷ
646 4219 734 4268 τόν
778 4222 875 4278 τῆς
926 4212 1220 4290 βασιλίδος
1289 4219 1464 4293 θρόνον
1520 4213 1688 4292 μηδέ·-

1796 3494 2390 3567 stantinopolitanam
2404 3499 2612 3556 sedem
2626 3499 2736 3556 abs
2766 3517 2830 3556 se
2850 3500 3189 3558 abdicatam
3223 3501 3451 3558 dimisit

1796 3588 2029 3639 creatus
2087 3590 2175 3641 est
2218 3588 2562 3659 patriarcha
2608 3588 2952 3659 Nectarius;
3008 3596 3063 3647 et
3109 3595 3248 3664 post
3286 3592 3449 3648 hunc

1797 3670 2294 3747 Chrysostomus;
2319 3693 2441 3750 quo
2471 3677 2674 3751 inique
2704 3678 2973 3752 expulso,
2998 3681 3275 3736 Arsacius
3296 3696 3456 3753 prius

1794 3760 1935 3817 dicti
1959 3766 2188 3822 Nectari
2208 3764 2388 3821 frater
2440 3767 2519 3822 ad
2570 3768 2775 3823 sedem
2833 3776 3074 3825 evectus
3127 3774 3234 3839 est,
3300 3776 3446 3826 sane

1795 3854 2002 3907 contra
2021 3867 2266 3909 omnem
2305 3856 2964 3927 canonicamregulam:
2983 3873 3106 3913 non
3140 3858 3336 3913 solum
3366 3859 3447 3913 ob

1793 3939 1874 4011 inj
1888 3945 2085 3997 ustum
2108 3943 2520 4015 Chrysostomi
2545 3945 2842 4014 exsilium,
2858 3961 3068 4001 verum
3098 3946 3279 4002 etiam
3302 3945 3450 4019 quia

1796 4036 1858 4086 ut
1911 4032 2195 4088 traditum
2247 4037 2351 4102 est,
2394 4032 2645 4090 sollicito
2684 4034 2763 4089 ob
2802 4034 3249 4091 aemulationem
3281 4034 3449 4090 fratri

1794 4121 2067 4177 Nectario
2081 4121 2386 4191 juraverat
2406 4122 2688 4178 Arsacius
2709 4137 3027 4195 nunquam
3050 4139 3113 4179 se
3138 4124 3317 4195 regiae
3351 4139 3447 4180 ur-

1794 4210 1888 4267 bis
1909 4210 2129 4266 infulas
2152 4210 2279 4268 fore
2299 4214 2699 4284 recepturum.
2735 4213 2979 4269 Arsacio
3001 4212 3309 4283 successit,
3353 4229 3449 4269 su-

79 4327 203 4360 ποτε
246 4302 665 4369 καταδέξασθαι.
719 4305 866 4358 Merci
912 4312 1093 4357 τοῦτον
1151 4303 1399 4378 ἀνάγεται
1458 4306 1687 4368 Ἀττικός

1798 4300 2037 4373 perstite
2059 4297 2258 4355 adhuc
2288 4300 2736 4373 Chrysostomo,
2775 4304 3018 4369 Atticus,
3060 4298 3164 4374 qui
3209 4300 3452 4358 nonnisi

82 4398 151 4460 εἰς
180 4401 270 4449 τόν
299 4397 494 4470 θρόνον,
546 4393 622 4446 ἔτι
663 4401 757 4446 τοῦ
812 4398 1199 4467 Χρυσοστόμου
1256 4397 1461 4458 ζῶντος·
1518 4399 1688 4449 εἴκοσι

79 4488 181 4559 γάρ
235 4483 390 4546 οὗτος
434 4481 693 4547 ἐπιζήσας
744 4485 971 4556 χρόνους
1017 4490 1090 4553 τῷ
1171 4486 1352 4558 θρόνῳ,
1445 4486 1686 4543 θνήσκει.

82 4574 274 4632 Ἐλύθη
320 4570 381 4626 δὲ
428 4574 498 4625 τὰ
547 4575 823 4645 σχίσματα
861 4581 954 4632 τῆς
1018 4571 1337 4634 Ἐκκλησίας
1374 4574 1451 4626 ἔτι
1505 4577 1691 4637 ζῶντος

82 4664 328 4718 Ἀττικοῦ
385 4670 457 4734 τῷ
533 4659 781 4723 συντάξαι
853 4661 1009 4713 αὐτόν
1054 4664 1336 4715 16-week»
1389 4666 1693 4736 Χρυσόστο-

81 4774 178 4821 μον
203 4754 338 4828 μετὰ
367 4759 466 4804 τῶν
485 4745 776 4824 ὀρθοδοξων
822 4758 1166 4824 πατριαρχῶν
1241 4770 1290 4803 εν
1360 4759 1464 4812 τοίς
1539 4754 1694 4827 ἱεροῖς

85 4839 397 4915 διπτύχοις.
422 4841 570 4893 Μετά
616 4838 852 4892 ’Δττικόν
894 4843 1138 4899 Σισίνιος·
1177 4841 1310 4913 μετά
1350 4848 1532 4893 τοῦτον
1595 4846 1691 4894 Νε-

84 4938 305 5009 στόριος.
358 4931 556 4982 Τούτου
608 4930 969 5001 καθαιρεθένος
1011 4928 1062 4980 ἐν
1115 4936 1179 5003 τῇ
1234 4934 1387 5004 τρίτῃ
1451 4926 1687 5003 συνόδῳ,

80 5020 411 5094 Μαξιμιανὸς
470 5027 561 5079 τῆς
631 5016 1221 5081 Κωνσταντινονπόλεως
1309 5026 1692 5093 χειροτονεῖται

81 5110 389 5169 ἑπισκοπος.
416 5110 614 5161 Τούτου
660 5106 1083 5177 τελευτήσαντος,
1148 5108 1175 5158 6
1240 5106 1374 5182 ἱερός
1417 5106 1472 5159 ἐκ
1531 5108 1692 5167 Κυζί·

79 5220 177 5253 κου
256 5199 594 5272 μιτατιθετὰι
664 5195 896 5270 Πρόκλος
1003 5196 1074 5257 εἰς
1154 5196 1693 5249 Κωνσταντινοὺπολιν

11 5346 17 5367 ρ
80 5286 291 5348 εἰδήσει
325 5291 417 5340 καὶ
462 5288 752 5339 συναινέσαι
798 5291 891 5336 τοῦ
940 5292 1234 5343 τηνικαῦτα
1278 5291 1481 5358 Ῥώμης
1507 5288 1692 5360 ἀρχιδ·

78 5382 235 5455 ρέως,
292 5379 356 5440 ὡς
411 5376 438 5429 ό
497 5380 738 5451 Ζωναρᾶς
797 5375 994 5450 ἱστορεῖ
1058 5373 1107 5426 ἓν
1170 5383 1243 5436 τῷ
1314 5379 1551 5450 Χρονικῷ
1605 5374 1695 5428 αὐ-

79 5466 309 5539 τοῦ
356 5467 449 5518 καῖ
495 5461 730 5536 ἀλλαχοῦ
797 5457 856 5515 δὲ
902 5464 1131 5537 piparas.
1187 5471 1231 5517 Ο
1299 5458 1359 5516 δὲ
1401 5465 1533 5526 θεῖος
1561 5470 1692 5538 Προ-

1795 4395 1933 4464 post
1958 4389 2312 4446 vicesimum
2342 4390 2726 4462 episcopatus
2762 4405 2991 4446 annum
3038 4396 3314 4447 mortuus
3341 4396 3446 4447 est.

1798 4479 2076 4537 Ecclesiae
2099 4495 2239 4536 vero
2256 4479 2521 4535 schisma
2550 4479 2854 4535 sublatum
2876 4484 2982 4550 est,
3010 4497 3149 4537 cum
3174 4481 3451 4537 nondum

1800 4570 2089 4626 exstincto
2113 4569 2298 4623 Attico
2323 4567 2446 4623 divi
2470 4568 2883 4640 Chrysostomi
2917 4585 3140 4626 nomen
3168 4570 3230 4625 in
3278 4586 3455 4626 sacra

1802 4657 2363 4729 Diptycharelatum
2408 4655 2533 4711 fuit.
2590 4657 2780 4713 Attico
2833 4660 3123 4714 successit
3175 4658 3449 4726 Sisinius,

1799 4747 1939 4802 huic
1964 4745 2289 4802 Nestorius:
2317 4760 2439 4817 quo
2463 4745 2713 4800 decretis
2769 4746 2953 4801 tertiae
3006 4746 3220 4819 synodi
3262 4745 3455 4818 depo-

1802 4838 1932 4905 sito,
1956 4835 2353 4892 Maximianus
2381 4835 2979 4908 Constantinopoleos
2998 4836 3066 4892 ﬁt
3112 4836 3452 4908 episcopus.

1800 4932 1990 4999 Atque
2018 4925 2133 4981 hoc
2156 4927 2413 4991 mortuo,
2430 4924 2777 4981 transfertur
2808 4925 3019 4997 Cyzico
3041 4925 3454 4980 Constantino-

1800 5016 1987 5089 polim
2009 5019 2254 5071 sanctus
2284 5013 2543 5083 Proclus,
2581 5014 2801 5069 sciente
2839 5010 3453 5085 etcomprobantequi

1802 5121 1909 5179 per
1931 5102 2080 5160 illud
2115 5108 2353 5173 tempus
2398 5106 2527 5157 erat
2554 5105 2757 5157 Romae
2786 5101 3120 5172 hierarcha,
3152 5105 3219 5158 ut
3255 5106 3313 5157 et
3355 5104 3455 5156 Zo-

1801 5209 1982 5251 naras
2000 5193 2062 5247 in
2089 5190 2382 5248 Chronico
2411 5196 2635 5260 narrat,
2661 5196 2716 5245 et
2746 5189 2990 5245 aliunde
3039 5190 3221 5245 etiam
3289 5205 3455 5245 com-

1804 5268 2039 5355 pertum
2062 5283 2356 5337 est.Porro
2386 5279 2563 5334 divus
2584 5279 2824 5334 Proclus
2855 5295 2994 5334 cum
3012 5285 3221 5336 sancto
3251 5278 3456 5335 Proclo

1804 5370 2206 5430 Alexandrino
2236 5368 2949 5441 communicabat;neque
2966 5369 3015 5424 is
3032 5369 3456 5426 tantummodo
3564 5360 3567 5363 ’

1804 5477 2014 5519 verum
2043 5459 2225 5518 etiam
2252 5473 2586 5532 prmoessor
2608 5458 2741 5528 ejus
2753 5457 3168 5524 Maximianus,
3201 5475 3312 5515 nec
3332 5474 3459 5515 non

155 5593 239 5665 (l)
279 5589 405 5647 Lib.
436 5604 558 5658 xm,
589 5593 678 5645 22.
719 5586 951 5645 Notitiaa
979 5591 1183 5646 tamen
1228 5588 1412 5662 hujus
1448 5592 1684 5662 partem
1714 5586 1957 5644 aliunde
2001 5587 2183 5643 sumit
2226 5582 2577 5654 Methodius,
2625 5588 2692 5640 ut
2728 5582 2987 5658 ipsemet
3015 5583 3252 5655 innuit;
3313 5599 3459 5641 nam

83 5685 351 5741 Zonaras
367 5678 446 5736 de
473 5678 729 5737 Romani
749 5674 1049 5750 pontiﬁcis
1078 5674 1372 5750 suffragio
1398 5675 1549 5735 nihil
1575 5676 1742 5736 dicit.
