4032 6308
600 308 708 369 783

1862 366 1871 373 ,
1928 305 2266 365 ΜΕΤΒΟΒΠ
2302 305 2634 365 ΜΟΝᾹΟΗΙ.

3876 317 3970 371 ’786

605 436 858 495 Sisinius
888 442 946 496 et
985 435 1228 494 Atticus.
1285 429 1518 489 Nemini
1573 429 1736 487 enim
1775 418 2240 490 adversabantur

2370 430 2487 493 κλος
2537 428 2833 491 κοινωνικὸς
2885 430 2947 490 ἦν
2997 438 3070 503 τῷ
3328 432 3543 509 Πρόκλῳ
3626 444 3704 508 τῷ
3739 436 3976 502 Ἀλεξιν-

604 527 730 584 sive
767 527 1019 599 Cyrillus
1047 523 1170 580 sive
1233 519 1446 594 reliqui
1494 518 1853 593 patriarcha;
1872 525 2117 593 propter
2159 520 2256 578 vel

604 615 766 671 sedis
794 613 1266 681 translationem,
1291 609 1385 666 vel
1412 609 1675 666 alienam
1730 625 1769 666 a
1824 625 2069 667 summo
2120 611 2257 682 jure

605 704 896 760 canonico
918 701 1289 759 electionem.
1317 701 1523 771 Neque
1541 713 1684 755 vero
1707 699 2132 773 episcoporum
2151 699 2257 757 ho-

602 808 740 849 rum
766 791 1174 848 ordinationes
1207 805 1244 845 a
1265 789 1558 862 quopiam
1588 787 2088 859 repudiabantur.
2143 789 2257 854 Qui

604 881 846 938 enimid
874 880 1004 936 ﬁeri
1040 882 1291 952 poterat,
1322 876 1623 951 praedictis
1669 877 2070 935 summatibus
2117 893 2260 936 con-

607 969 1032 1027 sentientibus?

676 1152 731 1204 2.
760 1147 933 1214 Quod
960 1162 1103 1204 vero
1139 1162 1236 1203 res
1260 1146 1342 1202 ita
1365 1161 1428 1201 se
1453 1143 1750 1214 habuerit,
1809 1160 1949 1204 cum
2014 1144 2257 1203 aliunde

608 1242 866 1303 constat,
888 1241 1017 1292 tum
1046 1236 1225 1292 etiam
1241 1250 1315 1291 ex
1330 1233 1582 1307 epistola
1598 1232 1677 1291 ad
1694 1234 2026 1291 Nestorium
2067 1234 2260 1292 sancti

608 1325 892 1383 Caelestini
915 1341 1092 1398 papae
1121 1325 1374 1380 Romani
1428 1322 1634 1396 palam
1688 1322 1776 1393 ﬁt,
1847 1339 1984 1396 qua
2028 1322 2257 1398 incipit:

608 1434 641 1469 ι
666 1414 999 1487 Aliquantis
1019 1412 1234 1469 diebus
1260 1412 1393 1468 vitae
1419 1415 1665 1469 nostrae.
1694 1432 1724 1461 »
1763 1414 1831 1468 Et
1867 1411 2050 1484 paulo
2098 1417 2255 1485 post:

610 1527 639 1553 ‹‹
674 1505 905 1560 Sancta:
934 1500 1365 1557 recordationis
1394 1498 1618 1557 Atticus
1647 1499 1953 1557 catholicae
1973 1501 2260 1573 magister

605 1592 685 1664 (2)
716 1591 875 1658 ﬁdei,
917 1596 975 1646 et
994 1604 1127 1645 vere
1146 1588 1326 1645 beato
1346 1589 1563 1645 Joanni
1583 1588 1762 1645 etiam
1782 1589 1862 1647 ad
1881 1589 1997 1647 ista
2026 1606 2260 1648 succes-

610 1696 730 1737 sor.
758 1703 785 1730 »
816 1682 885 1735 Et
910 1678 1114 1735 multis
1149 1677 1489 1749 interjectis:
1518 1700 1545 1730 α
1571 1676 1689 1735 Cur
1745 1683 1951 1736 tamen
2001 1696 2074 1735 ea
2119 1696 2256 1753 quae

2369 518 2659 597 δρείας·οὗ
2707 522 2861 592 μόνον
2923 516 2976 573 δ’
3024 521 3198 591 οὗτος,
3247 521 3377 578 ἀλλά
3419 530 3509 579 καὶ
3567 527 3595 578 6
3648 531 3751 600 πρὸ
3816 527 3972 581 αὐτοῦ

2365 609 2708 683 Μαξιμιανός,
2736 613 2827 660 καί
2870 605 2939 669 δή
2962 615 3053 663 καὶ
3106 615 3353 683 Σισίνιος,
3396 619 3487 667 καὶ
3536 619 3781 678 Αττικός.
3836 621 3973 691 Πρός

2365 694 2556 752 οὐδένα
2606 702 2697 751 καὶ
2746 699 2849 773 γὰρ
2899 693 3200 776 διεφέροντο
3266 706 3386 756 οὔτε
3465 703 3716 777 Κύριλλος
3796 707 3974 758 οὗτεοί

2365 788 2539 841 λοιποὶ
2581 787 2918 861 πατριάρχαι
2969 789 3113 842 ἕνεκα
3157 799 3249 852 τῆς
3313 794 3641 865 μεταθέσεως
3708 799 3802 847 καὶ
3872 804 3971 847 τῶν

2366 878 2513 951 παρὰ
2539 881 2635 936 τὴν
2652 896 2878 929 κανόνων
2932 875 3201 953 ἁκριϐιιαν
3266 890 3623 956 χειροτονιῶν·
3683 882 3804 936 AD’
3849 881 3971 938 ουδὶ

2368 969 2424 1018 αἱ
2496 968 2692 1019 τούτων
2766 969 3086 1042 χειροτονίαι
3160 964 3380 1022 ἆδεκτοί
3456 990 3560 1023 τινι
3634 970 3969 1045 ἕγεγόνεισαν

2367 1063 2478 1116 πῶς
2503 1058 2627 1129 γὰρ,
2650 1057 2820 1107 αὐτῶν
2851 1054 3242 1130 ἕπαινουμίνωη

2441 1142 2518 1216 β’,
2546 1147 2748 1197 Καὶὸτι
2788 1141 2983 1205 ἆλὴθὴς
3025 1146 3052 1197 ὁ
3099 1144 3271 1218 λόγος,
3324 1144 3483 1207 δῆλον
3538 1152 3629 1223 μὶν
3676 1149 3731 1213 ἐξ
3776 1150 3971 1219 ἄλλων,

2371 1229 2530 1292 δῆλον
2560 1229 2621 1286 δὲ
2648 1232 2707 1285 ἐκ
2732 1241 2829 1296 τῆς
2868 1237 3001 1306 πρός
3036 1240 3315 1311 Νεστόριον
3364 1236 3638 1300 ἐπιστολῆς
3688 1247 3786 1292 τοῦ
3819 1239 3973 1311 ἁγίου

2371 1322 2695 1391 Κελεστίνου,
2783 1324 2975 1375 πάππα
3033 1322 3254 1396 Ῥώμης,
3324 1326 3355 1385 ἧ
3367 1345 3389 1387 ς
3461 1328 3493 1386 ἡ
3572 1326 3745 1403 ἀρχή.
3820 1328 3974 1401 «Ἐγ,

2368 1412 2561 1484 ἡμέρας
2598 1412 2743 1472 τινάς
2808 1419 2903 1474 τῆς
2964 1412 3102 1475 ζωῆς
3173 1415 3339 1486 ἡμῶν.
3413 1436 3442 1466 η
3504 1421 3594 1469 καὶ
3675 1416 3970 1490 μετ’ὢιὶγα·

2370 1521 2399 1549 ι(
2423 1500 2623 1553 Αὐτίκα
2650 1501 2677 1551 ό
2706 1508 2803 1562 τῆς
2838 1499 2988 1567 ἁγίας
3011 1506 3221 1575 μνήμης
3239 1503 3253 1525 ’
3296 1508 3537 1573 Αττικός,
3565 1507 3592 1557 6
3640 1502 3975 1569 διδάσκαλος

2366 1598 2462 1652 τῆς
2514 1589 2792 1650 καθολικῆς
2841 1594 3087 1657 πίστεως,
3144 1596 3233 1644 καὶ
3291 1591 3498 1656 ἀληθῶς
3549 1602 3644 1647 τοῦ
3702 1602 3973 1671 μακαρίου

2370 1678 2604 1731 Ἰωάννου
2633 1684 2722 1732 καὶ
2753 1678 2825 1739 εἰς
2851 1685 3020 1732 ταῦτα
3045 1676 3329 1753 διάδοχος.
3382 1702 3415 1735 io
3461 1688 3552 1736 καὶ
3602 1686 3735 1756 μετὰ
3779 1684 3973 1738 πολλά·

604 1768 902 1827 adversus
931 1767 1044 1824 hos
1075 1770 1217 1823 tunc
1246 1770 1554 1837 suntacta,
1574 1771 1949 1839 quaeruntur,
1973 1776 2112 1825 cum
2134 1784 2240 1826 cer

2365 1789 2393 1818 «
2422 1766 2445 1781 ”
2484 1775 2640 1840 Ομως
2670 1765 2764 1821 διὰ
2794 1772 2852 1821 τί
2893 1771 2959 1821 τὰ
2995 1769 3107 1822 κατ’
3160 1768 3360 1823 ἐκείνων
3403 1778 3744 1847 πεπραγμένα
3791 1773 3976 1836 ζητεῖ-

606 1864 737 1915 tum
766 1858 839 1914 sit
857 1856 1017 1912 illinc
1039 1855 1119 1912 ad
1149 1870 1261 1913 nos
1307 1871 1345 1913 a
1382 1855 1675 1912 catholico
1730 1856 2016 1930 episcopo
2066 1859 2254 1917 Attico

604 1953 749 2004 tunc
768 1945 1231 2003 commentarios
1262 1960 1391 2001 esse
1418 1945 1676 2001 directos
1707 1949 1736 2001 ?
1755 1963 1786 2000 ›
1831 1944 1994 2003 ldem
2025 1947 2106 2004 ad
2142 1948 2254 2006 cle-

602 2053 740 2094 rum
767 2033 1386 2107 Constantinopoleos,
1419 2038 1598 2107 atque
1627 2033 1707 2090 ad
1754 2038 1896 2091 tunc
1943 2043 2253 2095 versantes

601 2126 848 2189 ibidem,
927 2122 1267 2198 episcopos,
1366 2122 1756 2196 presbyteros
1838 2124 2250 2200 diaconosque

602 2214 869 2272 scribens
890 2217 1097 2271 contra
1128 2211 1487 2279 Nestorium,
1518 2213 1602 2270 sic
1630 2212 1913 2286 loquitur:
1944 2236 1972 2267 ‹‹
1988 2219 2138 2273 Nam
2184 2220 2251 2275 ut

600 2301 1623 2375 arecentioribusinchoemus,quid
1634 2318 1759 2360 non
1771 2305 2007 2363 animos
2018 2311 2246 2365 vestros

602 2393 1019 2465 magisterium
1121 2391 1360 2450 edocuit
1474 2396 1696 2450 sancta
1813 2394 2247 2454 recordationis

595 2484 841 2541 Joannis
871 2481 1160 2556 episcopi,
1188 2483 1362 2554 cujus
1393 2481 1587 2539 oratio
1598 2481 1950 2542 catholicam
1972 2490 2248 2544 astruens

593 2575 779 2632 ﬁdem
817 2578 940 2632 toto
987 2572 1135 2631 orbe
1172 2572 1395 2629 diﬂusa
1450 2575 1577 2630 est?
1619 2573 1723 2647 qui
1791 2589 2095 2648 nusquam
2142 2592 2249 2649 per

592 2665 932 2723 doctrinam
960 2679 1135 2721 suam
1154 2662 1362 2730 defuit,
1391 2662 1535 2736 quia
1558 2662 1904 2738 ubicunque
1924 2664 2113 2722 lectus
2133 2671 2243 2735 est,

598 2755 963 2828 praedicavit.
993 2752 1154 2810 lllius
1210 2752 1480 2824 diligenti
1525 2753 1860 2826 prudentiae
1907 2757 2247 2815 constantia

592 2844 890 2901 celebrata
903 2842 1212 2900 successit.
1226 2841 1391 2898 Rexit
1401 2841 1561 2898 enim
1576 2846 1797 2900 sancte
1811 2844 2243 2903 recordationis

590 2934 910 3006 episcopus
930 2932 1154 2989 Atticus
1176 2931 1575 2989 Christianum
1588 2932 1886 3007 populum
1906 2933 2245 2991 decessoris

589 3022 888 3096 exemplo,
908 3028 967 3079 et
988 3021 1315 3093 sacrilegos
1342 3026 1688 3094 persecutus
1710 3026 1799 3079 est
1824 3022 2243 3081 haereticorum

2363 1877 2473 1928 ται,
2501 1860 2655 1911 ὁπότε
2686 1853 2844 1917 δῆλόν
2874 1856 3016 1911 ἐστιν
3050 1860 3129 1912 ὅτι
3180 1857 3367 1914 ἐκεῖθεν
3428 1866 3557 1937 πρός
3614 1864 3759 1936 ἡμᾶς
3825 1868 3977 1940 παρὰ

2363 1955 2455 2000 τοῦ
2486 1952 2599 2001 τότε
2624 1946 2913 2000 ἐπισκόπου
2955 1956 3048 2001 τοῦ
3105 1949 3383 2004 καθολικοῦ
3417 1950 3656 2005 Ἀττικοῦ
3714 1955 3783 2006 τὰ
3840 1956 3977 2007 ὑπο-

2360 2041 2608 2110 μνήματα
2637 2034 2952 2103 ἀπεστνάλη;
2994 2059 3023 2089 ››
3062 2037 3121 2090 '0
3168 2038 3320 2101 αὐτὸς
3376 2042 3467 2092 καὶ
3531 2040 3601 2103 ii;
3646 2044 3737 2095 τόν
3774 2040 3975 2118 κλῆρον

2363 2125 2949 2189 Κωνσταντινουπόλεως
3006 2129 3218 2200 γράφων
3279 2132 3370 2182 καὶ
3431 2128 3506 2192 εἰς
3572 2134 3697 2193 τοὺς
3781 2131 3976 2186 αὐτόθι

2357 2219 2470 2267 τότε
2542 2211 2819 2286 διάγοντας
2866 2214 3204 2288 ἐπισκόπους,
3259 2217 3642 2292 πρεσϐυτέρους
3694 2225 3786 2273 καὶ
3856 2216 3975 2275 δια-

2357 2308 2542 2366 κόνους
2565 2306 2703 2358 διπὰ
2732 2309 3040 2378 Νεστορίου,
3070 2303 3201 2359 τάδε
3246 2326 3427 2380 φησιν*
3477 2329 3506 2359 ‹‹
3554 2307 3666 2362 Ἵνα
3713 2313 3819 2386 γάρ
3870 2310 3972 2364 ἀπὸ

2357 2402 2457 2445 τῶν
2502 2400 2710 2467 Νεαρῶν
2758 2392 3053 2467 ἀρξώμεθα,
3103 2400 3155 2447 τί
3210 2395 3304 2449 οὐκ
3365 2394 3587 2450 ἐνέϐαλεν
3649 2400 3798 2471 ἡμῶν
3852 2409 3968 2462 ταῖς

2355 2480 2564 2554 ψυχαῖς
2587 2484 2617 2542 ἠ
2651 2477 2930 2544 παίδευσις
2966 2491 3059 2536 τοῦ
3092 2491 3189 2545 τῆς
3240 2484 3391 2557 ἁγίας
3444 2492 3655 2560 μνήμης
3723 2488 3967 2542 Ἰωάννου

2356 2568 2667 2647 ἐπισκόπους
2692 2568 2752 2625 οὗ
2796 2571 2942 2644 λόγος
2992 2572 3059 2634 εἰς
3107 2574 3280 2627 πάντα
3329 2577 3414 2627 τόν
3461 2594 3659 2648 κόσμον
3710 2574 3963 2650 ἐξεχύθη’

2355 2657 2646 2733 οἰκοδομῶν
2686 2665 2781 2720 τὴν
2833 2660 3116 2721 καθολικὴν
3170 2667 3370 2716 πίστιν·
3422 2663 3479 2726 ὃς
3533 2660 3780 2738 οὐδαμοῦ
3829 2671 3970 2720 κατὰ

2352 2754 2446 2809 τὴν
2478 2746 2832 2804 διδασκαλίαν
2864 2748 3023 2812 ἀπῆνο
3049 2753 3176 2805 ὃπόυ
3226 2754 3327 2829 γὰρ
3372 2749 3567 2813 δήποτε
3629 2753 3965 2828 ἀνεγνώσθη,
4028 2794 4029 2809 ς

2354 2837 2590 2913 ἐκήρυξε.
2622 2846 2726 2899 Τήν
2784 2836 2844 2894 δε
2874 2839 3068 2894 ἐκείνου
3123 2840 3339 2914 ἐπιμελῆ
3417 2846 3625 2897 σύνεσιν
3675 2845 3966 2921 στερρός-ης

2355 2923 2734 3003 διαϐεϐοημένη
2804 2925 3099 2992 διεδίξατό’
3202 2929 3513 3006 ἐκυϐέρνησε
3594 2934 3694 3009 γὰρ
3778 2935 3805 2986 6
3870 2944 3963 2997 τῆς

2353 3015 2505 3089 ἁγίας
2550 3022 2763 3091 μνήμης
2808 3016 3088 3080 ἐπίσκοπος
3140 3019 3380 3083 Ἀττικός
3431 3024 3519 3073 τόν
3571 3029 3963 3097 Χριστιανικόν

588 3109 846 3170 furores.
906 3111 1210 3184 »Cyrillus
1263 3111 1407 3168 item
1458 3111 1521 3168 in
1572 3128 1685 3169 sua
1732 3112 1813 3169 ad
1907 3113 2240 3170 Nestorium

2355 3105 2472 3160 λαόν
2501 3115 2574 3179 τῷ
2603 3114 2693 3161 τοῦ
2721 3113 3163 3182 προηγησαμένου
3216 3107 3593 3184 ὑποδείγματι,
3625 3118 3719 3166 καὶ
3769 3110 3962 3177 ἐδίωξε

589 3201 842 3275 epistola
907 3201 1025 3257 ait:
1095 3222 1124 3251 ‹‹
1164 3203 1388 3269 Testor,
1453 3200 1690 3258 vivente
1755 3201 1955 3259 adhuc
2047 3201 2241 3260 beata

591 3288 1019 3347 recordationis
1048 3284 1260 3360 Attico',
1289 3288 1598 3361 scripsisse
1638 3305 1735 3347 me
1773 3289 1849 3346 de
1910 3296 2118 3348 sancta
2182 3295 2240 3349 et

590 3376 1086 3436 consubstantiali
1105 3376 1386 3434 Trinitate
1411 3377 1700 3436 libellum.
1735 3401 1764 3430 »
1813 3379 1905 3435 Sic
1958 3395 2102 3452 ergo
2142 3380 2238 3438 isti

589 3482 653 3524 se
674 3471 985 3539 gesserunt
1007 3465 1309 3540 locutique
1332 3471 1491 3524 sunt.

659 3648 713 3703 3.
740 3644 881 3712 Quis
902 3659 1045 3703 vero
1067 3644 1324 3717 ignorat,
1340 3643 1507 3718 quod
1517 3643 1648 3719 jam
1668 3660 1781 3718 ego
1796 3644 2062 3705 dicturus
2074 3665 2232 3719 sum,

584 3750 806 3808 nempe
817 3734 1056 3792 illorum
1068 3734 1174 3807 qui
1182 3733 1647 3804 iniustissimam
1663 3734 2235 3812 sclestissimamque

585 3824 794 3896 magni
809 3824 1220 3897 Chrysostomi
1230 3823 1670 3897 depositionem
1683 3827 2234 3900 curaverunt,prin-

585 3913 780 3987 cipem
797 3913 983 3970 fuisse
1005 3912 1476 3970 Alexandrinum
1488 3913 1904 3987 Theophilum,
1919 3915 2228 3988 proximos

586 4010 789 4061 autem
806 4003 947 4061 huic
963 4003 1377 4073 Severianum,
1396 4003 1906 4075 Gabalitanum,et
1920 4005 2236 4063 Berrhoen-

584 4109 711 4151 sem
734 4089 1069 4150 Acacium?
1099 4096 1372 4149 Attamen
1407 4092 1469 4149 hi
1485 4096 1620 4165 post
1649 4091 2061 4166 Chrysostomi
2099 4094 2235 4151 obi-

581 4187 1096 4254 tum,quanquam
1110 4182 1276 4255 apud
1288 4182 1703 4239 Innocentium
1720 4197 1938 4255 papam
1953 4184 2237 4256 postulati

582 4268 844 4340 fuerunt,
871 4275 1077 4328 tamen
1102 4285 1300 4343 neque
1325 4271 1582 4344 depositi
1624 4276 1764 4329 sunt
1806 4287 2005 4345 neque
2046 4272 2234 4330 incre-

582 4359 709 4431 piti;
741 4360 886 4427 quia
909 4375 1121 4432 poenas
1151 4363 1395 4432 propter
1435 4360 1932 4431 Chrysostomum
1979 4362 2054 4418 de
2084 4362 2231 4435 ipsis

2352 3200 2441 3259 τάς
2481 3198 2777 3270 ἱεροσύλους
2834 3207 2932 3251 τῶν
2986 3204 3257 3276 «ἐρετικῶν
3306 3206 3515 3273 μανίας.
3574 3222 3604 3252 ››
3633 3207 3740 3256 Καὶ
3773 3204 3965 3277 Κύριλο

2348 3285 2430 3349 λος
2489 3287 2541 3340 ἐν
2583 3296 2646 3362 τῇ
2698 3292 2829 3364 πρός
2896 3295 3178 3364 Νεστόριον
3237 3289 3388 3363 λέγει·
3455 3291 3500 3342 ι’
3568 3293 3671 3346 Επ⁸
3736 3292 3963 3353 ἀληθεία

2350 3374 2409 3430 δὲ
2455 3377 2585 3450 λέγω
2630 3379 2711 3431 ὅτι
2757 3383 2844 3431 καὶ
2898 3383 3164 3453 περιόντος
3228 3382 3306 3432 ἔτι
3380 3387 3479 3441 τῆῦ
3529 3380 3624 3443 τῆς
3689 3389 3960 3458 μακαρίας

2347 3470 2558 3541 μνήμης
2606 3466 2849 3521 ’Δττικοῡ
2897 3470 3217 3522 συντέθειταί
3269 3488 3360 3541 μοι
3418 3466 3603 3542 βίϐλος
3654 3477 3780 3544 περὶ
3860 3480 3960 3535 τῆς

2348 3555 2501 3629 ἁγίας
2524 3561 2615 3610 καὶ
2645 3558 2927 3630 όμοουσίου
2959 3554 3204 3631 Τριάδος.
3234 3578 3264 3608 ››
3294 3562 3396 3611 Καὶ
3425 3553 3567 3612 οὗτοι
3612 3563 3707 3631 μέν
3759 3569 3960 3616 ταῦτα.

2415 3641 2462 3716 γ’
2485 3687 2501 3701 .
2531 3643 2725 3699 Ἐκεῖνο
2757 3642 2817 3699 δὲ
2843 3651 2923 3708 τίς
2945 3645 3039 3698 οὐκ
3064 3642 3204 3699 οἶδεν
3254 3646 3281 3698 ὃ
3329 3666 3383 3701 τι
3457 3651 3612 3720 putri;
3695 3658 3803 3701 τῶν
3859 3656 3955 3708 τήν

2348 3730 2677 3793 ἁδικωτάτην
2741 3739 2832 3788 καὶ
2884 3739 3331 3811 παρανομωτόπην
3375 3744 3467 3790 τοῦ
3521 3736 3757 3810 μεγάλου
3807 3747 3957 3814 Χρυ-

2349 3829 2611 3897 σοστόμου
2650 3826 2955 3898 καθαίρεσιν
3020 3824 3384 3901 ἓργασαμὶνων
3467 3835 3674 3901 πρῶτος
3744 3833 3838 3901 μὶν
3888 3830 3954 3887 ἦν

2346 3915 2560 3976 αἵτιοςό
2615 3910 3005 3989 Ἀλεξανδρείας
3066 3913 3334 3987 Θεόφιλος·
3409 3913 3518 3988 μετ’
3585 3915 3747 3969 αὐτόν
3805 3913 3869 3971 δέ
3926 3920 3952 3969 6

2348 4000 2589 4055 Γαϐάλων
2655 4006 2980 4079 Σευηριανὸς,
3067 4008 3161 4056 καὶ
3241 4006 3268 4056 ό
3362 4004 3601 4080 Βερῥοίας
3678 4004 3954 4070 ’Δκάκεος.

2346 4090 2462 4144 Αλλ’
2491 4096 2627 4166 ὅμως
2656 4088 2801 4147 οὗτοι
2852 4095 2981 4165 μετὰ
3025 4097 3120 4152 τὴν
3166 4100 3258 4146 τοῦ
3312 4100 3697 4168 Χρυσοστόριου
3762 4102 3959 4170 κοίμη-
4026 4150 4030 4159 ,

2347 4199 2430 4232 σιν
2479 4179 2903 4254 ἐμφανισθεντες’
2953 4186 3217 4254 Ινοκπτίῳ
3267 4190 3340 4254 τῷ
3407 4183 3617 4256 πάππα,
3670 4183 3797 4238 οὗτε
3826 4190 3958 4239 καθ-

2344 4272 2628 4343 ῃρέθησαν,
2687 4270 2793 4324 οὔτ’
2854 4273 3257 4345 ἑπετιμὴθησαν,
3306 4275 3402 4331 τὴν
3456 4271 3542 4325 ἀπ’
3580 4272 3755 4326 αὐτῶν
3857 4284 3953 4329 τοῦ

2342 4363 2725 4433 Χρυσοστόμου
2764 4357 3039 4418 ἐκδίκησιν
3085 4369 3158 4432 τῷ
3207 4367 3323 4431 Θεῷ
3379 4368 3473 4413 τοῦ
3519 4362 3712 4413 πάππα
3767 4363 3955 4418 ἀναθε-

581 4447 908 4505 sumendas
936 4449 1034 4504 Dei
1057 4448 1285 4519 judicio
1309 4463 1482 4521 papa
1519 4448 1807 4521 permisit.
1840 4453 2042 4522 Ipsum
2085 4469 2230 4509 vero

2355 4450 2491 4500 ιίνου
2661 4449 2825 4502 Αὐτόν
2858 4445 2917 4502 δὲ
2945 4453 3033 4501 τόν
3083 4448 3329 4522 Θεόφιλον
3379 4454 3455 4511 τίς
3498 4448 3808 4519 ἆπεϐαλιτο;
3860 4457 3952 4506 τόν

579 4535 972 4609 Theophilum
997 4535 1133 4608 quis
1153 4552 1190 4591 a
1209 4536 1457 4609 propria
1493 4537 1919 4595 communione
1952 4542 2224 4609 removit,

577 4625 686 4699 qui
712 4623 984 4681 omnium
998 4624 1409 4698 Chrysostomi
1433 4624 1844 4682 calamitatum
1867 4627 2052 4684 verbo
2089 4644 2227 4702 ope-

575 4731 766 4790 raque
787 4719 994 4773 auctor
1007 4714 1119 4771 fuit
1138 4720 1381 4791 propter
1404 4714 1694 4773 invidiam
1728 4717 2024 4775 adversus
2060 4718 2225 4777 hunc

574 4808 925 4879 susceptum
945 4805 973 4862 ‘I
996 4807 1151 4863 Sane
1170 4810 1228 4861 et
1254 4804 1316 4861 in
1351 4807 1593 4862 Patrum
1640 4806 1785 4863 Vitis
1815 4806 1898 4864 sic
1948 4807 2222 4880 legimus:

573 4895 772 4954 «Dixit
791 4899 1033 4953 sanctus
1061 4895 1422 4969 Theophilus
1441 4895 1763 4970 episcopus
1786 4897 2224 4956 Alexandriae.»

571 4987 745 5053 Quod
775 4991 978 5043 autem
997 4986 1111 5043 hos
1134 4985 1392 5043 Ecclesia
1414 4985 1478 5042 in
1523 4985 1952 5044 venerabilium
2000 4988 2225 5048 habeat

567 5075 1049 5149 patriarcharum
1070 5079 1251 5149 atque
1280 5080 1587 5148 pastorum
1632 5092 1906 5141 numero,
1964 5078 2223 5138 testimo-

604 5296 609 5301 ν
636 5272 714 5344 (2)
741 5272 805 5346 In
825 5272 1173 5346 Appendice
1187 5271 1385 5346 prima
1403 5271 1483 5329 ad
1506 5273 1638 5346 jur._
1679 5272 1790 5327 civ.
1862 5272 2097 5346 γαίης).
2110 5275 2220 5346 Δ144

561 5342 703 5414 ,ῇιιῐηξ
739 5342 1165 5410 demonstravi,
1188 5342 1418 5401 textum
1463 5342 1789 5414 genuinum
1818 5342 2081 5414 epistolae
2108 5342 2217 5402 hu-

558 5413 661 5484 jus
692 5413 753 5487 in
778 5415 983 5487 codice
1013 5415 1258 5487 antiquo
1279 5411 1561 5487 Bobiensi
1597 5411 1819 5487 habere
1840 5411 2079 5487 ἁιῃᾳιρν
2105 5430 2215 5487 pro

565 5482 1220 5558 1nagis_ter,Hictamen
1267 5485 1436 5558 sequi
1460 5484 1652 5558 debeo
1696 5483 1970 5558 Methodii
2009 5482 2214 5558 lectio-

562 5552 705 5633 nem
738 5552 1047 5633 digium)”,
1071 5552 1414 5631 cujusmodi
1445 5561 1534 5615 est
1578 5556 1641 5616 in
1690 5555 1950 5633 vulgatis
1990 5557 2211 5618 Graecis

562 5624 945 5686 editionibus.

2336 4538 2539 4589 πάντων
2595 4546 2695 4590 τῶν
2745 4541 2882 4591 κατά
2933 4540 3318 4611 Χρυσοστόμου
3382 4557 3554 4590 κακων
3629 4540 3803 4592 αἴτιον
3864 4543 3952 4615 (4)

2335 4629 2427 4677 καὶ
2455 4625 2591 4699 λόγῳ
2640 4630 2731 4679 καὶ
2769 4625 2899 4700 ἔργῳ
2939 4629 3269 4700 γεγενημὲνόν
3314 4623 3410 4680 δια
3455 4630 3545 4681 τόν
3590 4632 3725 4702 πρός
3785 4630 3949 4687 αὐτὸν

2336 4715 2544 4787 φθόνον·
2600 4717 2755 4770 ὁπότε
2823 4721 2914 4769 καὶ
2970 4716 3037 4777 είς
3093 4718 3159 4769 τὰ
3208 4719 3469 4791 Πατερικὰ
3515 4715 3949 4792 ἀναγινώσκομεν

2334 4804 2514 4867 οὕτως·
2548 4828 2569 4855 ι
2612 4813 2743 4859 Επεν
2792 4806 2819 4857 ό
2871 4804 3016 4878 ἅγιος
3077 4805 3326 4878 Θεόφιλος
3372 4804 3654 4868 ἐπίσκοπος
3695 4806 3953 4872 Ἀλεξα»-

2334 4888 2534 4967 δρείας.
2564 4914 2593 4943 ››
2618 4892 2742 4946 Ὀτι
2769 4889 2828 4946 δε
2853 4893 2997 4966 ἅγιοι
3023 4900 3085 4967 τῇ
3138 4892 3424 4967 Ἐκκλησία
3480 4893 3612 4947 εἰσὶν
3661 4896 3711 4948 οἱ
3761 4915 3951 4970 προεεο

2330 4986 2546 5057 ρημένοι
2586 4985 2679 5035 καὶ
2728 4979 2995 5059 ἀρχιερεῖς
3048 4986 3141 5035 καὶ
3195 4986 3448 5056 ποιμένες,
3508 4981 3955 5059 ἀναγινώσκομεν

2330 5075 2421 5124 καὶ
2452 5071 2616 5135 εἰςτὰ
2643 5071 2931 5147 συναξάρια
2971 5069 3257 5132 ἐκκλησιῶν
3315 5070 3498 5135 οὓτως*
3564 5094 3595 5123 ‹‹
3652 5079 3729 5145 Τῇ
3792 5072 3953 5133 ἐνδυ

2396 5270 2475 5344 (3)
2493 5273 2646 5341 Ergo
2670 5269 2827 5327 falsa
2852 5284 3098 5344 narrare
3107 5268 3340 5327 videtur
3358 5269 3727 5344 Nicephorus
3747 5270 3907 5330 Cati
3920 5303 3948 5319 «-

2326 5340 2618 5416 stus'Hist.
2634 5357 2751 5416 1cm,
2767 5344 2854 5405 34,
2869 5340 3035 5414 apud
3047 5357 3232 5416 quem
3243 5340 3622 5416 Innocentius
3634 5341 3876 5416 Theopl:
3896 5346 3950 5400 i-

2321 5413 2451 5471 lum
2489 5412 2873 5486 anathemate
2906 5411 3179 5486 percutit.
3210 5413 3443 5486 Reapse
3466 5411 3570 5486 illa
3598 5411 3944 5486 Innocenti.

2322 5485 2578 5559 epistola
2605 5500 2642 5542 a
2671 5483 3118 5543 Callisto—relata
3139 5483 3294 5541 inter
3313 5483 3553 5557 spurias
3579 5485 3855 5559 ponitur.

2393 5630 2473 5706 (4)
2502 5632 2633 5693 Non
2660 5627 2877 5705 legitur
2895 5627 2976 5689 ob
2994 5642 3273 5693 rasuram
3300 5628 3486 5690 αἱτιον.
