4032 6308
563 345 678 409 τετ
1909 344 2251 405 ΠΕΤΗοοΠ

2286 346 2628 406 nomen].
2690 337 2703 343 ’
3858 351 3948 404 vss

577 478 818 535 futurus
841 479 948 533 est:
963 475 1158 548 deque
1180 474 1451 531 Ecclesiae
1475 491 1624 547 pace
1645 474 1960 541 sollicitus,
1984 488 2234 529 cavens—

2375 482 2500 545 ’ὢμα
2541 478 2794 547 Χριστοῦ,
2843 477 2951 530 τοῖς
3011 468 3122 542 μετ’
3173 471 3333 522 αὐτοῦ
3382 471 3508 523 οὖσί
3561 475 3950 546 τεσσαράκοντα

583 585 702 641 que
731 583 804 622 ne
829 566 1046 622 Christi
1076 580 1294 636 corpus
1333 564 1716 632 laceraretur,
1739 565 2140 632 interrogatus
2201 577 2238 616 a

583 656 986 728 quadraginta
1016 668 1261 708 suarum
1285 654 1547 724 partium
1579 653 1904 726 episcopis,
1940 651 2236 722 quidnam

584 746 671 800 eis
701 745 761 798 in
793 749 956 798 tanta
985 742 1343 812 injuriarum
1377 744 2126 815 nequitiacontemptuque
2143 755 2239 795 ca-

583 849 816 889 nonum
839 831 1143 900 agendum
1175 832 1471 900 suaderet,
1499 831 1812 904 respondit
1841 846 2022 886 orans
2061 829 2239 884 simul

586 928 764 994 atque
795 921 1144 988 adhortans,
1172 922 1688 978 communicarent
1722 937 1862 976 cum
1885 918 2239 975 adversariis

587 1012 734 1076 suis,
758 1027 832 1066 ne
863 1010 1217 1074 schismatis,
1250 1012 1336 1066 rei
1361 1011 1840 1066 ﬁerent.Reatum
1865 1025 2044 1081 porro
2073 1007 2240 1064 haud

585 1102 650 1158 in
674 1117 777 1156 eos
801 1099 1045 1155 contulit
1073 1099 1179 1170 qui
1209 1116 1271 1154 se
1307 1101 1512 1172 inique
1529 1106 1812 1172 etprteter
1824 1114 2085 1154 canones
2103 1113 2243 1152 con-

588 1191 1042 1252 demnaverant,
1070 1205 1280 1244 verum
1309 1189 1402 1244 his
1448 1189 1628 1244 veluti
1652 1188 1946 1260 ascripsit,
1982 1187 2086 1258 qui
2127 1185 2241 1240 sibi

589 1278 894 1345 favebant,
927 1277 1145 1333 sanctis
1169 1278 1487 1350 episcopis,
1520 1278 1632 1334 nisi
1664 1294 1802 1332 cum
1821 1276 2047 1332 caeteris
2081 1291 2240 1330 com-

590 1369 972 1424 municarent
1023 1367 1541 1439 concordiamque
1585 1371 1914 1434 servarent,
1953 1364 2242 1428 videlicet,

591 1458 1080 1532 quiaadversarii
1147 1458 1365 1528 pariter
1428 1459 1829 1513 orhodoxiam
1888 1455 2244 1511 retinebant.

593 1548 758 1603 idem
790 1552 1014 1602 sanctae
1045 1562 1290 1618 quoque
1357 1546 1700 1618 Olympiadi
1755 1550 1817 1602 in
1870 1544 2244 1608 allocutione,

595 1653 783 1710 quam
805 1635 1030 1706 templo
1061 1651 1418 1705 egressurus
1446 1640 1623 1708 atque
1652 1637 1713 1690 in
1740 1635 2020 1690 exsilium
2050 1633 2249 1705 profe-

598 1728 800 1777 cturus
821 1720 1048 1786 habuit,
1072 1722 1202 1776 haec
1253 1722 1385 1776 aitu
1447 1721 1589 1777 Fieri
1647 1737 1770 1776 non
1820 1724 2035 1792 potest,
2061 1722 2124 1774 ut
2152 1720 2252 1773 Ec-

2347 561 2661 624 ἐπισκόποις
2688 561 3014 635 ἐρωτήσασι,
3050 565 3170 634 περὶ
3202 557 3293 611 τοῦ
3343 565 3396 611 τί
3447 566 3560 632 χρὴ
3615 569 3845 620 ποιῆσαι
3874 565 3952 612 αξι-

2347 656 2468 713 τοὺς
2500 651 2549 704 ἐν
2600 659 2705 711 τοῖς
2758 652 2892 701 οὕτω
2936 648 3048 700 κατ’
3111 649 3274 701 αὑτοῦ
3320 652 3646 723 πραχθεῖσιν
3697 648 3949 722 ἆθέσμως,

2347 745 2436 792 καὶ
2483 743 2627 815 παρὰ
2683 746 2858 792 πᾶσαν
2921 743 3198 796 κανονικὴν
3274 735 3539 805 διάταξιν,
3624 737 3949 813 ἁπεκρίνατο,

2346 830 2658 904 παρακαλων
2712 827 2822 900 ἅμα
2887 833 2978 879 καὶ
3060 831 3494 902 προτρεπόμενος,
3573 834 3952 892 Κοινωνὴσατε,

2349 924 2529 990 φησὶν,
2561 919 2758 988 αὐτοῖς,
2799 915 2975 988 ἵναμὴ
3021 919 3182 968 αἴτιοι
3245 919 3564 988 σχισμάτων
3611 920 3816 970 ἔσεσθε·
3872 920 3955 970 καὶ

2346 1013 2439 1066 τήν
2463 1010 2633 1060 αἰτὶαν
2665 1008 2723 1060 οὐ
2764 1015 2876 1067 τοῖς
2930 1002 3131 1067 ἀδίκως
3189 1012 3277 1058 καὶ
3325 1009 3470 1080 παρά
3533 1010 3756 1068 κανόνας
3805 1008 3955 1058 αὐτόν

2350 1103 2722 1171 κατακρίνασιν
2756 1095 3062 1167 ἐπέγραψεν,
3091 1093 3217 1146 ἀλλὰ
3250 1103 3357 1154 τοῖς
3413 1096 3533 1147 οὖσι
3609 1096 3721 1168 μετ’
3805 1097 3952 1148 αὐτόν

2349 1192 2438 1238 καὶ
2470 1187 2594 1258 ὑπέρ
2646 1187 2803 1237 αὐτοῦ
2843 1185 3012 1255 ἁγίοις
3064 1187 3422 1256 ἀρχιερεῦσιν,
3481 1185 3540 1235 ἀν
3604 1191 3678 1256 μὴ
3754 1186 3954 1246 ἐκείνοις

2355 1276 2641 1328 συνέλθωσι
2667 1279 2756 1326 καὶ
2812 1278 3300 1343 συγκοινωνὴσωσι.
3359 1279 3458 1325 Καὶ
3505 1270 3778 1345 πρόδηλον
3832 1277 3955 1326 πάν-

2354 1385 2451 1425 τως
2482 1361 2576 1416 διὰ
2603 1367 2662 1416 τὸ
2691 1362 2961 1424 κάκείνους
3012 1369 3105 1423 τῆς
3173 1359 3489 1434 ὁρθοδοξίας
3553 1361 3959 1419 ἀντιποιεῖσθαι,

2425 1454 2484 1504 Ὀ
2506 1454 2662 1515 αὐτός
2691 1455 2933 1526 καὶπρὸς
2968 1454 3061 1513 τὰς
3111 1456 3230 1522 περὶ
3289 1458 3383 1508 τὴν
3433 1452 3589 1523 ἁγίαν
3625 1450 3962 1524 Ὀλυμπίάδα

2358 1541 2466 1603 ἤδη
2496 1552 2586 1594 τοῦ
2618 1546 2710 1594 νεὼ
2750 1541 3088 1616 ἐξερχόμενος
3145 1545 3234 1591 καὶ
3284 1544 3415 1614 πρὸς
3469 1540 3673 1615 ἐξορίαν
3735 1541 3964 1614 ἀποπεμι

2359 1638 2571 1704 πόμενος
2646 1631 2776 1683 οὕτω
2833 1635 3012 1702 φησίν.
3070 1625 3424 1683 «Ἀδύνατον
3469 1631 3626 1690 οὕτως
3682 1628 3817 1683 εἶναι
3876 1639 3965 1688 τήν

2451 1720 2762 1778 Ἐκκλησίαν
2793 1727 2885 1771 τοῦ
2908 1726 3064 1775 Θεοῦ.
3095 1721 3154 1771 Εἴ
3183 1737 3263 1779 τις
3289 1714 3377 1769 οὖν
3420 1717 3612 1791 προϐῇ,
3677 1722 3750 1780 ὡς
3813 1726 3965 1794 πατρὶ

600 1811 782 1867 clesia
802 1811 904 1866 Dei
923 1810 1005 1865 sic
1046 1810 1292 1866 viduata
1316 1815 1688 1884 permaneat.
1725 1812 1781 1867 Si
1819 1811 1957 1882 quis
1991 1824 2134 1877 ergo
2161 1822 2253 1862 or-

2375 1811 2502 1880 ιιῦτῷ
2533 1811 2851 1880 ὑποτάγητε,
2874 1813 2964 1860 καὶ
3015 1810 3083 1866 ὡς
3149 1805 3264 1879 ἐμοὶ
3327 1811 3422 1865 τὴν
3469 1807 3697 1878 κεφαλὴν
3756 1809 3966 1861 ὐποκλὶ-

601 1901 844 1956 dinatus
871 1899 1062 1968 fuerit,
1086 1905 1144 1955 et
1171 1905 1462 1974 tanquam
1517 1902 1671 1974 patri
1741 1901 2000 1955 subeste.
2054 1912 2252 1968 neque

601 2008 774 2046 secus
794 2008 864 2048 ac
890 1991 1036 2047 mihi
1064 1997 1247 2064 caput
1267 1992 1456 2047 docile
1482 1992 1778 2047 inclinate.
1813 2013 1840 2039 ››
1874 1993 2007 2045 Haec
2054 1988 2254 2057 legen-

601 2081 760 2136 tibus
782 2082 1188 2152 Chrysostomi
1220 2082 1410 2138 Vitam
1441 2081 1751 2154 explorata
1764 2083 1921 2137 sunt.
1951 2078 2065 2138 Sed
2086 2077 2162 2137 de
2184 2093 2254 2138 ea

602 2187 666 2226 re
688 2171 997 2228 hactenus.

675 2265 729 2317 6.
761 2261 1089 2332 lmperator
1126 2262 1500 2327 Anastasius,
1523 2269 1701 2334 prout
1728 2263 1788 2317 in
1821 2262 1994 2318 Sabae
2047 2263 2255 2332 magni

603 2350 735 2403 Vita
770 2349 1139 2419 descriptum
1161 2355 1267 2415 est,
1299 2351 1617 2422 Euthymio
1647 2351 1787 2406 sede
1826 2351 2058 2421 dejecto
2089 2369 2102 2416 ;
2151 2353 2256 2425 qui

607 2437 1046 2508 Acephalorum
1076 2438 1375 2504 haeresim,
1407 2439 1580 2509 cujus
1603 2440 1729 2511 ipse
1763 2439 2074 2495 studiosus
2106 2445 2254 2508 erat,

605 2542 729 2582 non
757 2526 1102 2598 recipiebat,
1137 2527 1558 2583 Macedoniam
1575 2529 1713 2584 huic
1731 2530 2054 2597 substituit,
2070 2546 2256 2602 quem

608 2620 1059 2671 consectaneum
1074 2631 1240 2670 suum
1251 2616 1580 2687 judicabat.
1597 2618 1716 2673 Sed
1727 2619 1870 2690 quia
1885 2619 2257 2674 orthodoxus

608 2705 700 2760 vir
727 2704 1026 2776 apparuit,
1073 2705 1202 2776 ipse
1244 2705 1492 2776 quidem
1542 2707 1853 2762 confestim
1887 2707 2028 2762 sede
2077 2715 2259 2780 atque

608 2794 756 2849 urbe
786 2794 1059 2866 pellitur;
1115 2794 1429 2851 ordinatur
1492 2802 1694 2852 autem
1724 2797 2066 2854 Timotheus
2101 2818 2112 2854 :
2156 2800 2259 2870 qui

608 2885 830 2956 pariter
852 2884 1018 2962 brevi
1049 2885 1362 2955 expellitur
1393 2886 1471 2942 ab
1502 2887 1686 2959 impio
1719 2889 1970 2956 Caesare,
1997 2889 2144 2960 quia
2167 2905 2260 2944 or-

609 2974 909 3029 thodoxus
942 2973 1351 3046 deprehensus
1377 2981 1483 3031 est.
1505 2981 1692 3048 Atque
1711 2977 1770 3032 hi
1800 2977 2100 3034 fortunam
2132 2979 2261 3049 ejus

609 3065 775 3120 modi
802 3065 1023 3136 experti
1056 3069 1213 3122 sunt.
1252 3067 1486 3122 Interim
1510 3083 1653 3124 vero
1682 3072 1903 3123 sancta;
1954 3068 2118 3123 urbis
2152 3084 2261 3140 pa-

609 3154 871 3210 triarcha
926 3160 1170 3209 sanctus
1224 3155 1439 3224 Helias,
1472 3157 1564 3212 his
1635 3157 1874 3222 auditis,
1929 3157 2262 3227 angebatur

610 3244 856 3316 quidem
885 3245 1088 3299 animo
1109 3250 1352 3316 propter
1375 3247 1658 3314 injustam
1690 3247 2113 3317 praedictorum
2161 3262 2261 3318 pa-

613 3333 1006 3388 triarcharum
1036 3333 1508 3405 depositionem:
1560 3335 1744 3390 nihilo
1806 3341 2011 3390 tamen
2064 3337 2264 3390 minus

615 3421 1107 3476 communicabat
1133 3439 1270 3477 cum
1300 3439 1494 3494 nuper
1520 3423 1703 3478 electo
1729 3428 1864 3495 post
1883 3425 2263 3496 praecessoris

616 3509 1053 3580 expulsionem,
1082 3511 1374 3582 quoniam
1401 3518 1646 3584 uterque
1689 3513 2062 3568 orthodoxus
2119 3519 2261 3569 erat.

620 3597 774 3662 Quin
813 3598 965 3653 adeo
982 3598 1060 3654 ab
1081 3599 1331 3670 hujusce
1357 3601 1651 3656 haereseos
1679 3601 1907 3656 viribus
1922 3602 2100 3656 divus
2121 3619 2265 3674 quo-

617 3702 735 3758 que
766 3687 861 3741 hic
887 3687 1078 3742 Helias
1132 3689 1378 3760 propria
1441 3689 1581 3744 sede
1602 3689 1977 3746 detractusin
2030 3691 2268 3747 vincula

619 3776 925 3847 conjectus
959 3783 1062 3832 est:
1094 3777 1213 3848 ipsi
1233 3783 1435 3833 autem
1466 3778 1820 3834 substitutus
1849 3782 2109 3836 Joannes
2169 3782 2268 3852 qui

615 3865 827 3922 haeresi
859 3867 1291 3936 consentiebat,
1343 3867 1498 3924 etab
1540 3868 1919 3940 imperatoris
1978 3871 2270 3925 sententia

620 3969 742 4009 non
754 3955 787 4008 d
798 3955 1118 4011 iscededat.
1139 3958 1561 4012 Verumtamen
1575 3957 1671 4011 hic
1683 3957 1948 4013 Joannes
1967 3958 2088 4013 div1
2100 3959 2270 4014 Sabae

619 4042 928 4099 familiaris
958 4046 1306 4118 amicusque
1328 4052 1472 4111 erat;
1499 4047 1670 4117 cujus
1714 4046 2138 4120 obtemperans
2169 4049 2271 4103 ad-

619 4133 1049 4188 monitionibus
1071 4134 1149 4188 ab
1169 4135 1442 4189 haeretica
1465 4135 1760 4191 sententia
1776 4141 2058 4207 sectaque
2072 4137 2273 4192 statim

621 4223 886 4286 recessit,
913 4224 1216 4294 ﬁdemque
1277 4224 1448 4279 Heliae
1509 4231 1976 4298 sanctorumque
2035 4229 2274 4283 Patrum

629 4309 800 4364 Saba:
831 4327 902 4366 ac
922 4312 1236 4392 Theodosii
1254 4318 1375 4368 toto
1404 4313 1607 4370 animo
1633 4314 1950 4387 amplexus
1999 4322 2103 4372 est.

700 4490 752 4538 7.
796 4485 1025 4540 Etenim
1072 4502 1212 4542 cum
1250 4488 1579 4560 aliquando
1642 4490 1938 4562 imperiali
1989 4493 2279 4550 mandato

629 4578 880 4628 cunctus
908 4573 981 4628 de
1013 4572 1178 4629 mere
1211 4576 1493 4647 populus,
1524 4579 2083 4651 monachorumque
2112 4582 2282 4638 innu-

627 4677 796 4716 mera
823 4661 1140 4717 multitudo
1172 4663 1236 4718 in
1299 4665 1490 4720 sancti
1545 4669 2000 4739 protomartyris
2059 4672 2281 4742 templo

631 4750 930 4818 coivisset;
960 4755 1251 4830 tanquam
1265 4752 1312 4807 si
1327 4753 1664 4823 patriarcha
1687 4758 1944 4811 Joannes
1957 4759 2285 4815 anathema

627 4840 700 4896 iis
725 4839 990 4896 dicturus
1023 4846 1181 4897 esset
1206 4843 1310 4914 qui
1335 4844 1634 4914 synodum
1665 4850 1943 4916 quartam
2008 4847 2282 4905 admitte-

630 4934 785 4997 rent,
827 4931 1113 4986 Severum
1141 4931 1512 5003 Acephalum
1538 4933 1941 5005 repudiarent;
1959 4934 2020 4989 id
2035 4937 2192 4992 enim
2225 4955 2282 4992 se

632 5019 930 5076 facturum
961 5021 1316 5094 promiserat
1339 5021 1625 5078 ministris
1646 5021 1824 5092 regiis
1852 5025 2131 5092 Joannes;
2160 5042 2284 5082 am-

706 5196 1063 5268 (7)1ntellige
1093 5197 1338 5253 Palladii
1365 5197 1678 5268 Dialogum
1701 5199 1776 5254 de
1806 5201 1932 5256 Vita
1955 5203 2010 5258 S.
2037 5202 2284 5259 Joannis

636 5267 1041 5338 Chrysostomi
1080 5269 1172 5339 ed,
1205 5269 1400 5325 Montf.
1451 5267 1594 5341 tom.
1649 5274 1783 5340 Xlll,
1835 5273 2008 5341 cujus
2071 5275 2283 5329 videsis

635 5353 772 5407 pag.
798 5340 1652 5414 28et36.7Caeterumql’alladius
1667 5343 1768 5402 ait.
1785 5340 2281 5414 Chrysostomum

632 5409 992 5487 prtecepisse
1020 5410 1453 5487 Olympiadiut
1493 5413 1770 5470 subesset
1818 5409 2016 5487 futuro
2056 5424 2184 5487 post
2222 5434 2282 5471 se

634 5481 941 5548 episcopo,
961 5481 1042 5534 ita
1065 5481 1263 5537 tamen
1279 5483 1432 5538 siille
1455 5501 1751 5540 consensu
1773 5485 2045 5539 omnium
2058 5481 2283 5541 electus

635 5554 807 5618 esset,
842 5557 898 5604 et
926 5550 1220 5607 reluctans
1247 5555 1471 5610 nedum
1511 5555 1805 5618 ambiens,
1841 5561 1940 5606 Καὶ
1971 5555 2025 5614 ὃς
2056 5556 2114 5606 ἂν
2147 5560 2282 5608 οἴκων

633 5617 778 5691 ἀχθῇ
810 5618 892 5670 ἐπὶ
931 5625 1020 5674 τὴν
1077 5632 1422 5694 χειροτονίαν,
1479 5631 1550 5696 μὴ
1621 5625 1940 5698 ἀμϐιτεύσας
1985 5629 2061 5676 ’τὸ
2119 5636 2282 5702 πρᾶγ-

631 5710 726 5763 μα,
777 5693 910 5742 κατὰ
958 5693 1252 5744 συναίνεσιν
1303 5704 1401 5748 τῶν
1453 5693 1680 5753 πάντων.
1739 5698 1903 5772 Quas
1951 5693 2281 5770 recipiendi

2359 1918 2494 1953 νατε.
2555 1905 2768 1954 »Τηῡτα
2833 1899 2880 1949 οἱ
2962 1895 3400 1966 ἀναγινώσκοντες
3484 1897 3569 1958 τόν
3631 1897 3699 1960 αὖ
3713 1904 3802 1948 τοῦ
3859 1896 3965 1970 βίον

2363 1992 2516 2050 ἴσασι
2539 1990 2640 2062 (7),
2671 1990 2771 2049 καὶ
2795 1990 2914 2062 περὶ
2945 1989 3034 2064 μὲν
3073 1988 3265 2049 τούτων
3292 1984 3423 2060 ον’ίλιςῼ

2435 2263 2530 2328 ς.’
2562 2261 2686 2317 Οδὲ
2735 2264 2983 2338 βασιλεὺς
3031 2266 3394 2335 Ἀναστάσιος,
3443 2268 3512 2327 ὡς
3543 2265 3592 2318 ἐν
3621 2275 3697 2337 τῷ
3744 2274 3841 2318 τοῦ
3889 2285 3964 2338 με·

2362 2354 2525 2424 γαλου
2574 2355 2713 2406 Σάϐα
2775 2353 3163 2430 ἀναγέγραπται
3219 2354 3342 2427 βίῳ,
3397 2359 3485 2407 τόν
3564 2357 3839 2428 Εὑθὺμιον

2365 2451 2454 2494 τοῦ
2480 2445 2658 2517 θρόνου
2698 2450 3034 2515 καταγαγὼν,
3094 2450 3188 2502 τὴν
3240 2453 3339 2496 τῶν
3369 2443 3679 2515 ’Δκεφάλων
3747 2451 3820 2518 μὴ
3875 2463 3965 2496 πα-

2365 2529 2720 2605 ραδεχόμενον
2761 2535 2979 2605 αἰρεσιν,
3011 2539 3095 2586 τὸν
3127 2530 3448 2587 Μακεδόνων
3481 2532 3588 2584 ἀντ’
3645 2534 3817 2585 αὐτοῦ
3869 2551 3967 2603 χιι.

2365 2624 2708 2696 ροτονηθῆναι
2758 2626 3164 2697 παρεσκεύασεν,
3221 2624 3483 2697 ὁμόφρονα
3557 2622 3724 2674 αὐτοῦ

2368 2707 2496 2762 εἶναι
2522 2711 2768 2782 οἰόμενος.
2799 2709 2959 2763 Ἐπεὶ
3000 2708 3059 2762 δέ
3103 2707 3383 2784 ὀρθόδοξος
3428 2707 3489 2769 ἦν
3537 2712 3563 2762 6
3613 2714 3774 2783 ἀνὴρ,
3828 2710 3970 2768 αὐτος

3801 2629 3966 2673 τοῦτον

2368 2803 2458 2871 μὲν
2484 2800 2675 2851 αὐτίκα
2709 2807 2800 2851 τοῦ
2853 2805 3050 2874 χρόνου
3118 2805 3205 2852 καὶ
3253 2810 3353 2861 τῆς
3406 2800 3604 2860 πόλεως
3664 2799 3968 2872 ἕξορίζεται.

2367 2891 2616 2960 Τιμόθεος
2679 2885 2738 2942 δε
2782 2888 3090 2941 ἆντάὐτοῦ
3152 2889 3517 2961 προϐάλλεται·
3585 2888 3717 2940 ἀλλὰ
3793 2892 3972 2959 τάχιον

2370 2984 2458 3029 καὶ
2497 2975 2647 3040 οὗτος
2674 2978 3103 3051 ἐξοστρακίζῖεται
3132 2982 3277 3052 παρὰ
3314 2986 3404 3031 τοῦ
3452 2976 3757 3040 δυσσεϐοῦς
3814 2977 3969 3052 βασι-

2370 3067 2509 3127 λέως·
2549 3065 2828 3141 ὁρθόδοξος
2875 3071 2974 3142 γὰρ
3039 3064 3165 3120 εἶναι
3216 3068 3454 3140 εὕρηται·
3525 3072 3625 3120 Καὶ
3679 3068 3832 3119 οὗτοι
3893 3070 3971 3138 μὲν

2296 3187 2336 3242 C
2375 3158 2550 3217 οὕτως·
2608 3159 2632 3208 6
2674 3154 2732 3210 δὲ
2793 3165 2889 3218 τῆς
2941 3158 3100 3229 ἁγίας
3141 3157 3334 3218 πόλεως
3398 3155 3699 3230 ἀρχιερεὺς,
3755 3159 3781 3208 6
3835 3155 3972 3227 tit-7:0;

2372 3245 2385 3263 ’
2414 3248 2592 3315 Ηλίας,
2623 3255 2789 3298 ταῦτα
2827 3245 3025 3298 ἁκούων
3064 3248 3262 3318 ἤχθετο
3311 3249 3423 3317 μὲν,
3450 3250 3603 3316 φησὶ,
3651 3250 3748 3302 τήν
3776 3245 3971 3316 ψυχὴν,

2374 3341 2467 3394 τὴν
2504 3333 2692 3387 ἄδικον
2751 3332 3139 3407 ἀποδεχόμενος
3194 3344 3294 3388 τῶν
3354 3335 3634 3408 εἰρημένων
3697 3333 3974 3407 ἀρχιερέων

2376 3424 2606 3482 ἐκϐολήν·
2655 3421 2869 3496 ἐδέχετο
2919 3429 3093 3497 μέντοι
3170 3428 3256 3476 τόν
3347 3426 3816 3496 χειροτονούμενον
3859 3425 3977 3495 μετὰ

2375 3520 2461 3567 τόν
2494 3518 2594 3588 πρὸ
2652 3514 2812 3566 αὐτοῦ
2863 3513 3194 3577 ἐκϐληθέντα,
3244 3521 3316 3584 τῷ
3362 3517 3452 3566 καὶ
3497 3513 3654 3564 αὐτόν
3705 3509 3975 3584 ὀρθόδοξον

2377 3600 2524 3670 εἶναι,
2581 3607 2644 3663 ὡς
2689 3608 2778 3654 καὶ
2846 3606 2932 3656 τὸν
2977 3608 3245 3676 πρότερον.
3316 3605 3520 3662 Ταύτης
3575 3609 3672 3663 τῇς
3745 3604 3975 3675 αἱρέσεως

2378 3693 2522 3744 ἓνεκα
2562 3697 2651 3744 καὶ
2697 3694 2722 3743 6
2783 3694 2914 3753 θεῖος
2970 3691 3120 3752 οὗτος
3164 3690 3339 3751 Ἠλίας
3380 3699 3471 3743 τοῦ
3525 3690 3712 3742 οἰκείου
3775 3688 3976 3741 καταϐιο

2379 3781 2588 3841 ϐασθεὶς
2638 3783 2840 3853 θρόνου,
2900 3781 2972 3842 εἰς
3014 3780 3244 3852 φυλακην
3295 3779 3657 3835 κατεκλείσθη·
3706 3777 3820 3830 ἀντ’
3903 3777 3976 3828 αὐ·

2380 3880 2470 3922 τοῦ
2506 3867 2564 3922 δὲ
2592 3869 2886 3944 προεϐλήθη
2953 3869 3212 3937 Ἰωάννης,
3265 3871 3572 3941 συνθέμενος
3623 3876 3688 3940 τῇ
3758 3870 3972 3940 αἱράσει.

2380 3965 2470 4012 καὶ
2504 3963 2750 4033 σύμφρων
2799 3964 3065 4031 γενόμενος
3117 3968 3188 4030 τῷ
3244 3957 3475 4031 βασιλεῖ.
3531 3953 3699 4019 Οὗτος
3748 3959 3776 4008 6
3827 3956 3975 4012 Ἰωάι-

2381 4052 2468 4110 νης
2497 4051 2728 4109 συνήθης
2755 4045 2815 4107 ἧν
2837 4053 2926 4100 καὶ
2956 4049 3094 4120 φίλος
3125 4047 3265 4119 Σάϐᾳ
3297 4057 3368 4116 τῷ
3426 4049 3564 4118 θείῳ⁶
3636 4046 3698 4097 οὖ
3749 4051 3844 4098 και
3901 4049 3977 4100 τὰς

2384 4139 2654 4198 ὑποθήκας
2687 4134 2982 4210 δεξάμενος,
3041 4145 3130 4188 τοῦ
3189 4136 3451 4210 αἱρετικοῡ
3517 4140 3606 4208 μὲν
3672 4140 4019 4208 plac-uitiato?

3925 4241 3974 4291 7F

2383 4315 2558 4368 Ἡλίου
2587 4311 2645 4367 δέ
2674 4319 2851 4366 πίστει
2889 4319 2978 4366 καὶ
3031 4323 3130 4366 τῶν
3181 4315 3327 4366 θείων
3395 4317 3635 4386 Πατέρων
3691 4312 3840 4364 mea
3907 4314 3978 4362 καὶ

2385 4232 2475 4279 καὶ
2539 4226 2863 4298 σεϐάσματος
2938 4224 3116 4279 ἐὰυτὸν
3187 4230 3459 4298 συντόμως
3537 4223 3832 4281 ἀπέστησεο

2389 4402 2678 4458 Θεοδοσίοῡ
2701 4403 2812 4457 ὅλον
2835 4404 3015 4456 ἑαυτὸν
3045 4402 3134 4477 ὂλῇ
3167 4403 3320 4474 ψυχῇ
3357 4399 3628 4456 ἐδεδώκει.

2464 4493 2504 4554 ξ
2540 4498 2682 4546 ,Καὶ
2731 4489 2797 4551 δη
2849 4491 2896 4544 ἐν
2956 4499 3057 4565 μιᾷ
3113 4500 3388 4566 προσταγῇ
3451 4489 3707 4564 βασιλικῇ
3763 4492 3980 4548 συνήθως

2471 4541 2492 4554 δ
2540 4541 2548 4546 ’
2584 4541 2682 4546 ’-⁷-⁷
2735 4541 2797 4551 ’Ἰ
2852 4541 2888 4544 —V
2956 4541 3055 4565 F'T
3118 4541 3344 4566 'T'""l
3364 4541 3386 4563 λ’
3451 4541 3507 4564 r’
3538 4541 3598 4543 ⁷η
3627 4541 3705 4564 Ἷ“ἓ”
3769 4541 3850 4544 v'V
3877 4541 3889 4548 '
3969 4541 3979 4548 ”

2314 4541 2357 4594 D
2389 4589 2486 4643 πᾶς
2517 4583 2541 4633 ό
2567 4583 2690 4644 λαὸς
2715 4586 2802 4634 καὶ
2829 4590 2927 4633 τῶν
2957 4589 3204 4654 μοναχὼν
3245 4580 3420 4639 πληθη
3461 4579 3654 4652 ἄπειρα
3689 4579 3736 4632 ἐν
3791 4590 3864 4652 τῷ
3907 4585 3980 4629 τοῦ

2391 4673 2544 4744 ἁγίου
2595 4679 2844 4743 Στεφάνου
2901 4678 2992 4722 τοῦ
3041 4676 3249 4742 πρώτου
3305 4669 3352 4720 ἐν
3381 4671 3643 4742 μάρτυσιν
3693 4669 3816 4744 ἱερῷ
3856 4675 3983 4734 σηκῷ

2391 4764 2662 4834 ἤθροιστο,
2693 4764 2756 4820 ὡς
2781 4760 3044 4832 μελλοντος
3097 4755 3253 4816 δῆθεν
3313 4757 3697 4830 ἁναθεματίσαι
3762 4766 3857 4810 τοῦ
3899 4774 3983 4808 πα-

2390 4854 2651 4926 τριάρχου
2675 4849 2908 4902 Ἰωάννου
2953 4853 3073 4910 τοὺς
3111 4853 3205 4905 τήν
3257 4851 3498 4921 τετάρτην
3555 4844 3780 4900 σύνοδον
3847 4844 3985 4916 6310-

2393 4942 2594 5010 μένους,
2649 4945 2867 5010 Σευῆρον
2917 4933 2975 4990 δὲ
3022 4940 3108 4988 τόν
3160 4935 3434 5008 Ἀκέφαλον
3483 4939 3554 5008 μὴ
3625 4931 3986 5007 παραδεχομέ-

2392 5047 2525 5086 νους·
2554 5034 2706 5078 τοῦτο
2733 5029 2834 5100 γὰρ
2863 5023 2922 5084 ἧν
2951 5022 3055 5084 ἠδη
3085 5033 3308 5084 ποιῆσαι
3377 5032 3483 5085 τοῖς
3538 5031 3628 5075 τοῦ
3661 5021 3926 5096 βασιλέως
3965 5019 3984 5071 ὀ

2394 5204 2657 5328 episcopi
2679 5203 3050 5283 conditiones
3062 5202 3262 5284 nescio
3284 5218 3391 5282 cur
3404 5201 3736 5281 Methodius
3748 5202 3985 5284 retinue-

2394 5281 2486 5328 rit.
2514 5277 2590 5328 Pa
2617 5275 2757 5328 ladil
2780 5274 2978 5328 locum
3003 5279 3208 5328 recitat
3236 5280 3415 5328 etiam
3433 5271 3728 5327 Baronius
3749 5273 3935 5328 tom.V
3953 5272 3984 5328 Ι.

2393 5271 2486 5332 rit.
2514 5271 2757 5330 Palladii
2780 5274 2978 5329 locum
3003 5275 3208 5330 recitat
3236 5274 3415 5329 etiam
3433 5271 3728 5327 Baronius
3749 5272 3984 5336 tom.V'I,

2394 5346 2468 5400 ad
2507 5363 2607 5400 an.
2649 5349 2753 5399 404
2788 5362 2865 5398 .n.
2903 5348 3029 5400 XLI.

2466 5417 2540 5487 (8)
2557 5419 2698 5471 Cum
2718 5418 3009 5471 Methodio
3022 5416 3222 5472 scribit
3237 5415 3623 5484 Euthymz‘um
3637 5413 3826 5470 etiam
3853 5428 3985 5487 ano—

2393 5486 2608 5565 nymus
2639 5487 3166 5551 Baroccianus;sed
3215 5487 3532 5565 dicendum
3582 5501 3716 5565 esse
3755 5486 3984 5565 Euphe-

2393 5557 2597 5630 mium,
2637 5575 2886 5630 prorsus
2918 5565 3155 5613 constat
3191 5574 3262 5612 ex
3290 5557 3534 5612 historia
3570 5575 3582 5620 ;
3633 5562 3690 5611 et
3721 5557 3808 5611 sic
3849 5563 3982 5612 recte

2391 5629 2574 5686 habet
2598 5629 3153 5701 e’tamEphraemius
3181 5647 3234 5684 v.
3263 5631 3401 5684 1060
3433 5634 3488 5684 et
3511 5631 3673 5682 9756.
