4032 6308
152 312 274 368 789

1415 308 1507 365 DE
1538 306 1929 364 'SCHISHATE
1967 306 2290 366 VITANDO.

3426 315 3541 372 790

157 438 413 496 Ἰωάννης
459 436 779 506 ὑποσχεθείς
808 451 823 465 ο
859 434 1072 507 ἀνήχθη
1130 432 1219 487 οὖν
1255 437 1281 487 6
1338 433 1496 493 αὐτὸς
1548 431 1633 483 ἐπὶ
1681 438 1769 484 τοῦ

1880 431 2104 489 bouem
2127 433 2472 505 patriarcha
2485 431 2857 499 conscendit,
2878 445 3019 489 cam
3034 428 3230 508 eoque
3257 436 3449 494 Sabas
3467 454 3542 495 ac

155 523 403 597 ἅμϐωνος
434 542 447 555 ·
482 528 575 576 σὺν
604 523 742 594 αὐτῷ
773 520 833 577 δε
880 529 970 576 καὶ
1028 526 1196 585 Σάϐας
1253 528 1344 575 καὶ
1396 518 1681 580 Θεοδόσιος
1727 522 1775 571 οἱ

156 624 260 666 τῶν
313 623 568 687 μοναχῶν
621 613 857 687 ἔξαρχοι,
912 620 1003 666 καὶ
1055 623 1152 675 τῆς
1209 610 1495 686 ὁρθοδόξου
1548 615 1776 670 πίστεως

157 710 444 778 πρόμαχοι
470 721 482 733 ·
538 702 764 760 ιο-νητην
807 700 896 755 οὖν
925 705 1082 776 οἰμγω
1126 710 1220 755 τοῦ
1266 703 1604 777 πατριάρχου
1650 695 1773 770 παρ’

158 795 404 866 ἑκά-τερα·
440 800 619 868 Παρῆν
651 789 711 845 δε
740 800 811 862 τῷ
839 798 933 864 νεῲ
980 799 1071 845 καὶ
1111 800 1205 845 τοῦ
1263 791 1521 864 βασιλέως
1568 788 1780 859 ἀνεψιὸς

157 883 447 945 ’Υπατικὸς
553 890 650 944 τῆς
741 882 1113 953 αἰχμαλωσίας
1192 881 1299 934 τὸτ’
1404 880 1774 939 έπανασωθείς.

159 971 463 1041 Ἐψεύσατο
512 973 603 1030 τὰς
657 971 978 1041 ὑποσχέσεις
1011 972 1040 1021 ό
1077 971 1317 1031 Ἰωάννης
1372 968 1430 1028 ἆς
1462 970 1593 1042 πρὸς
1626 967 1779 1019 Ἀνα-

162 1061 387 1111 στάσιον
449 1057 728 1115 ἐποιήσατο
791 1065 904 1117 ταῖς
964 1060 1394 1129 ὑποθημοσύναις
1481 1051 1781 1108 Θεοδοσίου

156 1153 247 1201 καὶ
274 1147 424 1201 Σάϐα
450 1164 464 1177 '
498 1146 780 1220 έξεφώνησε
814 1147 984 1207 καλῶς
1042 1156 1203 1200 ποιῶν
1265 1151 1325 1200 τὸ
1355 1146 1586 1217 ἀνάθεμα
1643 1147 1780 1197 κατὰ

157 1245 257 1288 τῶν
292 1241 370 1308 μὴ
427 1233 724 1308 δεχομένων
758 1240 852 1294 τὴν
905 1238 1155 1310 τετάρτην
1220 1236 1582 1306 οἱκουμενικὴν
1652 1235 1776 1284 σύν-

158 1322 283 1378 οδον
312 1328 450 1399 μετὰ
485 1334 585 1377 τῶν
634 1328 735 1398 1:96
773 1324 940 1386 αὐτῆς
990 1333 1146 1398 τριῶν
1209 1341 1223 1354 ·
1283 1322 1566 1375 ἀπεϐάλετο
1624 1328 1774 1379 Σευῆ-

158 1434 268 1488 ρον,
301 1413 589 1466 ἀπεϐάλετο
638 1412 970 1485 Ἀκεφάλονς,
1032 1418 1121 1465 καὶ
1189 1414 1390 1472 πάντας
1445 1408 1621 1471 ἁπλῶς
1659 1413 1777 1469 τοὺς

160 1506 226 1555 τὰ
275 1511 383 1555 τῶν
434 1505 705 1576 αἰρετικῶν
763 1509 1106 1575 φρονοῦντας,
1178 1502 1558 1574 ᾚσχύνθησαν
1608 1500 1658 1549 οὶ
1711 1500 1778 1549 τὰ

158 1600 250 1644 τοῦ
281 1590 541 1663 ﬂuuium;
593 1598 893 1665 φρονοῦντες
930 1596 1021 1642 καὶ
1088 1598 1162 1660 τῷ
1204 1592 1322 1661 θείῳ
1358 1592 1609 1661 παρόντες
1646 1592 1765 1656 νεῴ·

162 1678 532 1754 ἡνδρίσθησαν
566 1682 618 1732 οἱ
650 1676 950 1754 ὀρθόδοξοι,
981 1687 1071 1731 καὶ
1100 1687 1174 1749 τῷ
1235 1679 1545 1752 πατριάρχη
1589 1676 1777 1728 αὐτίκα

1880 522 2247 578 Theodosius
2277 522 2717 578 monachorum
2749 526 3081 578 summates
3120 524 3392 599 ﬁdeique
3442 543 3543 584 or-

1882 610 2165 666 thodoxae
2187 615 2692 683 propugnatores,
2720 610 2824 682 qui
2845 626 2919 665 ex
2945 615 3201 683 utroque
3222 613 3407 671 latere
3438 632 3544 688 pa-

1882 699 2152 755 triarchas
2172 700 2502 755 astiterunt.
2526 698 2745 779 Aderat
2768 699 2831 755 in
2843 699 3068 771 templo
3086 716 3277 773 nepos
3297 719 3555 776 quoque

1884 788 2261 859 imperatoris
2324 788 2647 862 Hypaticus
2688 788 3029 859 captivitate
3071 805 3268 861 nuper
3330 793 3540 849 redux.

1884 879 2032 931 Tum
2056 892 2199 932 vero
2222 876 2422 932 fefellit
2446 892 2695 949 prorsus
2723 877 2989 932 Joannes
3004 879 3366 948 promissam
3392 886 3547 938 Ana-

1887 966 2073 1021 stasio
2099 966 2303 1031 ﬁdem,
2334 965 2597 1021 consiliis
2617 965 2936 1021 Theodosii
2972 966 3404 1040 obtemperans
3459 976 3546 1027 at-

1887 1071 2005 1126 que
2028 1056 2218 1110 Sabie.
2246 1055 2471 1111 Etenim
2496 1054 2733 1110 sublata
2752 1070 2899 1110 voce
2926 1056 3256 1113 anathema
3307 1060 3546 1130 egregie

1887 1142 2036 1199 dixit
2062 1143 2133 1198 iis
2157 1144 2261 1215 qui
2292 1145 2731 1199 aecumenicam
2749 1147 3032 1214 quartam
3063 1146 3369 1216 synodum
3402 1163 3543 1205 cum

1884 1232 2186 1304 prioribus
2210 1232 2395 1287 tribus
2412 1247 2535 1288 non
2546 1231 2878 1304 reciperent
2899 1248 2913 1298 ;
2939 1234 3245 1301 Severum,
3275 1237 3545 1308 Aeepha-

1881 1320 2116 1392 losque,
2141 1325 2321 1393 atque
2343 1336 2556 1377 omnes
2568 1320 2820 1377 omnino
2849 1321 3161 1378 haereticos
3197 1328 3542 1381 exsecratus

1883 1416 1990 1465 est.
2013 1412 2160 1465 Tum
2192 1411 2499 1466 enimvero
2528 1408 2760 1481 pudore
2798 1407 3012 1465 suﬁ‘usi
3063 1416 3203 1467 sunt
3247 1417 3548 1486 quotquot

1881 1499 2184 1567 regiarum
2206 1498 2471 1570 partium
2504 1498 2761 1554 studiosi
2783 1497 2846 1553 in
2876 1498 3102 1570 templo
3121 1499 3369 1557 aderant
3396 1519 3411 1569 ;
3449 1518 3543 1558 or-

1881 1588 2130 1644 thodoxi
2155 1592 2357 1644 autem
2380 1587 2669 1643 ﬁduciam
2701 1592 3073 1659 receperunt,
3098 1593 3157 1644 et
3180 1591 3539 1660 patriarcha;

1882 1691 2095 1732 omnes
2110 1676 2516 1743 adha-serunt,
2536 1676 2786 1747 insuper
2805 1675 3098 1732 habentes
3118 1678 3288 1748 quod
3324 1682 3543 1750 praeter

164 1766 436 1840 πανδημεὶ
490 1770 905 1844 προσετέθησαν,
962 1777 1053 1829 τῆς
1112 1772 1184 1840 μὴ
1234 1769 1372 1820 κατὰ
1433 1770 1555 1827 τοὺς
1614 1767 1769 1838 ἱεροὺς

1883 1780 2144 1821 canones
2173 1780 2380 1821 sacros
2400 1764 2717 1821 ordinatus
2736 1763 2967 1822 fuisset.
2994 1768 3077 1821 Ex
3100 1781 3173 1822 eo
3197 1767 3378 1837 igitur
3396 1774 3543 1824 tem-

163 1864 382 1920 κανόνας
448 1863 772 1930 χειροτονίας
837 1858 1001 1910 αὐτοῦ
1082 1862 1151 1929 μή
1241 1861 1622 1929 φροντίσαντες.
1677 1853 1774 1905 Ἦν

164 1945 273 2015 οὖν,
307 1953 490 2020 φησιν,
517 1950 690 2000 ἔκτοτέ
716 1945 884 2009 Σάϐας
929 1949 956 1998 6
997 1951 1292 2020 μακαρίτης
1340 1949 1431 1996 xui
1483 1940 1781 2003 Θεοδόσιος

165 2042 222 2090 τό
252 2036 412 2098 σέϐας
447 2038 783 2108 ἀπονέμοντες
844 2041 934 2088 καὶ
974 2040 1070 2093 τὴν
1125 2039 1282 2107 τιμήν
1338 2042 1410 2104 τῷ
1462 2036 1766 2105 πατριάρχη

166 2127 376 2198 Ἰωάννη
425 2128 516 2197 μεν
567 2124 616 2176 έν
650 2133 723 2195 τῷ
780 2126 943 2199 θρόνῳ
995 2125 1321 2196 καθεζομένῳ
1374 2126 1438 2183 ὡς
1504 2118 1770 2194 ὀρθοδόξῳ

162 2218 420 2287 γεγονότι,
483 2214 631 2285 Ἠλίᾳ
688 2210 749 2266 δέ
780 2213 933 2265 πάλιν
963 2217 1213 2273 ὡσαύτως
1262 2212 1620 2280 κατακλείστῳ
1659 2214 1770 2262 ὄντι

162 2304 209 2357 ἐν
267 2304 472 2376 φυλακῇ
509 2313 605 2364 τῆς
643 2304 804 2377 ὀρθῆς
852 2304 996 2355 ἓνεκα
1052 2307 1297 2365 πίστεως,
1350 2305 1437 2353 τόν
1470 2301 1603 2374 ἱερὸν
1640 2301 1771 2351 πάν‹

160 2414 258 2456 τως
309 2393 489 2446 Ἠλίαν
544 2391 959 2465 έκμιμησάμενοι
988 2412 1001 2425 ο
1030 2392 1166 2444 οὕτω
1221 2394 1324 2462 γὰρ
1378 2390 1531 2449 αὐτὸς
1584 2407 1767 2463 προτε-

158 2504 247 2558 ρον
292 2489 427 2555 πρὸς
484 2481 1067 2542 Κωνσταντινουπόλεως
1120 2481 1380 2553 Εὐθύμιὸν
1438 2480 1516 2549 (9)
1580 2498 1635 2530 τε
1677 2482 1767 2529 καὶ

160 2570 508 2637 Μακεδόνων,
570 2576 661 2623 καὶ
719 2575 806 2623 τόν
861 2570 961 2623 ἀπὸ
1016 2569 1383 2641 σχολαπικών
1442 2568 1783 2637 Ἀντιοχείας;

162 2666 285 2713 ὄντα
310 2661 713 2734 ἁποκρισιάριον
769 2664 859 2712 καὶ
908 2663 1040 2733 πρὸς
1091 2661 1295 2719 τούτοις
1347 2654 1554 2713 διετέθη
1610 2659 1768 2727 Τιμό-

167 2752 275 2802 θεον
310 2752 451 2821 (ιο).

236 2841 307 2897 η’.
342 2840 498 2892 Ἀλλὰ
536 2844 625 2891 καὶ
688 2839 1055 2898 ’1ουστινιανός
1094 2838 1120 2888 6
1173 2834 1418 2909 βασιλεὺς
1474 2836 1575 2886 τόν
1619 2832 1768 2903 ἅγιον

169 2930 432 3000 Εὐτύχιον
493 2936 585 2981 τοῦ
627 2930 809 3002 θρόνου
863 2931 1197 2997 καταγαγὼν,
1265 2923 1531 2996 ἐξόριστον
1596 2920 1771 2978 ἐποιή-

171 3037 300 3070 σατο
335 3016 473 3089 ἐντῇ
531 3017 600 3078 εἰς
634 3022 728 3074 τὴν
792 3016 1074 3088 Ἀμάσειαν
1134 3014 1292 3065 αὐτοὺ
1349 3020 1476 3085 μονῇ
1514 3033 1526 3045 ·
1582 3014 1668 3062 καὶ
1698 3010 1771 3071 εἰς

164 3112 251 3159 τόν
275 3107 436 3159 αὐτοῦ
468 3103 527 3159 δὲ
556 3107 734 3178 θρόνον
766 3104 1028 3175 ἀνήγαγεν
1090 3103 1329 3160 Ἰωάννην
1386 3123 1399 3134 ο
1432 3101 1488 3162 ὃς
1536 3105 1625 3151 καὶ
1681 3099 1771 3150 αὐ-

163 3198 250 3255 τὸς
286 3192 467 3255 δεκτός
594 3194 885 3265 Ἐκκλησία
915 3192 1099 3259 ἐστινν
1134 3188 1415 3264 ὀρθόὸοξος
1471 3194 1558 3242 ὧν.
1614 3187 1770 3240 Ἀλλὰ

162 3289 253 3336 καὶ
282 3286 531 3355 Ἀνθίμον
576 3291 668 3335 τοῦ
724 3283 781 3335 ix
834 3282 1224 3356 Τραπεζοῦντος
1288 3280 1644 3352 μετατεθέντος
1701 3275 1768 3334 εἰς

160 3392 249 3424 τον
288 3381 385 3434 τῆς
427 3368 711 3444 βασιλίδος
763 3373 938 3443 θρόνον
994 3371 1137 3441 παρὰ
1196 3376 1290 3419 τοῦ
1342 3366 1622 3439 βασιλέως,
1660 3361 1769 3416 εἶτα

159 3463 554 3536 καθαιρεθέντος
607 3464 737 3534 πρὸς
792 3467 883 3511 τοῦ
939 3461 1131 3511 πάππα
1185 3457 1487 3527 Ἀγαπητού
1536 3450 1631 3505 διὰ
1706 3456 1765 3505 τὸ

158 3556 230 3622 μη
275 3550 436 3602 θελειν
492 3550 647 3601 αὑτὸν
700 3547 1005 3621 μεταϐαλεῖν
1069 3551 1162 3603 τὴν
1215 3548 1444 3611 αἰρεσιν,
1504 3548 1682 3602 Μηνᾶς
1739 3544 1765 3593 6

160 3643 297 3701 θεῖος
347 3643 815 3710 κεχειροτόνηταιε
876 3640 926 3690 οἱ
977 3633 1035 3688 δὲ
1064 3634 1187 3709 παρ’
1244 3635 1404 3686 αὐτοῦ
1458 3651 1763 3706 χειροτονη-

158 3731 329 3790 θέντες
358 3724 679 3799 ἐδεχθησαν,
733 3732 826 3785 την
857 3727 1059 3800 αἰρεσιν
1110 3724 1414 3796 ἀποθέμενοι
1448 3742 1459 3753 ·
1492 3725 1559 3773 τὰ
1611 3726 1764 3778 Σευη-

156 3838 255 3890 ρον
279 3821 385 3891 γὰρ
413 3814 475 3874 ἦν
512 3825 704 3890 φρονῶν
743 3815 1068 3887 ὀ”Δνθιμος.
1126 3814 1263 3865 Ἐπεὶ
1318 3809 1377 3863 δὲ
1432 3816 1522 3863 xui
1576 3812 1606 3866 ἡ
1661 3818 1761 3860 τῶν

159 3906 527 3964 Μονοθελητών
578 3910 804 3962 κακίστη
861 3905 1061 3977 αἰρεσις
1109 3900 1443 3975 ἐπεκράτησε,
1496 3903 1579 3957 τίς
1632 3900 1762 3977 μετα

157 4004 328 4051 ταῦτα
399 4005 496 4049 τῶν
554 3994 607 4057 ἐξ
659 3994 826 4046 αὐτῶν
908 3995 1235 4064 χειροτονίαν
1321 3987 1607 4060 δεξαμένων
1669 3986 1761 4039 οὐκ

159 4083 359 4158 ἐδέχθη
419 4084 467 4136 ἐν
521 4092 583 4155 τῇ
652 4086 772 4156 ἕκτη
845 4078 1071 4151 συνόδῳ,
1128 4082 1187 4141 ἧς
1259 4081 1481 4150 ἡγοῦντο
1526 4076 1762 4147 Ἀγάθων

157 4177 376 4236 πάππας
464 4172 661 4244 Ῥώμης
692 4217 708 4241 ,
798 4178 1046 4245 Γεώργιος
1154 4165 1759 4227 Κωνσταντινουπόλεως,

156 4269 247 4316 xui
325 4264 590 4334 Θεοφάνης
660 4262 1006 4331 Ἀντιοχείας,
1090 4263 1242 4329 μόνον
1300 4257 1344 4308 εἰ
1413 4261 1505 4313 τὴν
1563 4257 1762 4325 αἰρεσιν

159 4353 518 4424 ἀνεθεμάτισε,
600 4356 694 4403 καὶ
766 4358 825 4407 τῆ
883 4344 1149 4421 όρθοδόξῳ
1199 4347 1483 4421 προσετέθη
1538 4349 1762 4407 uictu;

159 4442 318 4493 Ἀλλὰ
348 4445 442 4492 καὶ
489 4441 863 4498 Ἰουστινιανός
893 4439 919 4489 6
952 4437 1283 4509 Ῥινότμητος
1337 4434 1622 4487 Κάλλιστον
1655 4431 1762 4503 (Η)

1880 1870 2027 1926 pore
2049 1853 2266 1909 beatus
2284 1852 2474 1910 Sabas
2494 1869 2565 1909 ac
2584 1852 2953 1909 Theodosius
2967 1854 3265 1912 honorem
3289 1870 3541 1913 venere.

1880 1945 2226 2013 tionemque
2253 1941 2615 2013 patriarchae
2654 1941 2874 1997 Joanni
2916 1942 3285 2000 exhibebant
3330 1944 3539 2000 sedem

1878 2030 2220 2103 occupanti,
2250 2031 2397 2102 quia
2418 2030 2548 2100 jam
2595 2029 2970 2088 orthodoxus
3019 2036 3181 2087 erat:
3232 2032 3539 2105 simulque

1878 2120 2050 2177 Heliaa
2062 2120 2167 2191 qui
2187 2125 2362 2176 rectae
2380 2119 2520 2174 ﬁdei
2538 2120 2731 2189 gratia
2744 2134 2983 2175 carcere
3005 2120 3346 2179 tenebatur.
3402 2123 3535 2187 Qua

1873 2213 1938 2267 in
1953 2226 2016 2266 re
2037 2210 2236 2280 ipsum
2261 2224 2509 2280 prorsus
2530 2212 2807 2264 sanctum
2827 2207 3055 2266 Heliam
3087 2196 3492 2270 imitabantur
3514 2200 3535 2266 ἐ

1875 2299 1961 2354 sic
1985 2296 2147 2353 enim
2178 2304 2235 2353 et
2262 2297 2388 2369 ipse
2415 2297 2721 2369 superiore
2746 2301 3016 2369 tempore
3044 2313 3186 2353 cum
3235 2297 3533 2354 Constan-

1875 2386 2281 2459 tinopolitanis
2310 2386 2626 2457 Euthymio
2654 2385 3121 2457 Macedonioque
3140 2403 3209 2442 se
3223 2392 3491 2456 gesserat
3514 2404 3532 2455 ;

1876 2482 2086 2549 postea
2108 2492 2248 2532 vero
2269 2491 2411 2531 cum
2428 2474 3133 2542 Timotheo,scholastico
3161 2475 3306 2531 olim
3335 2476 3534 2532 Antio~

1831 2618 1841 2625 ,
1878 2568 2071 2625 aheno
2100 2572 2159 2622 et
2184 2565 2599 2639 apocrisiario,
2627 2579 2800 2636 usque
2820 2564 3393 2622 communicaverat.

1800 3157 1841 3211 C

1948 2839 1999 2890 8.
2022 2833 2315 2890 Justinian
2326 2849 2392 2887 us
2415 2847 2661 2905 quoque
2697 2831 3025 2904 imperator
3052 2837 3329 2889 sanetum
3358 2835 3533 2906 Euty-

1877 2925 2081 2980 chium
2129 2922 2269 2978 sede
2320 2922 2618 2992 dejectum
2661 2920 2741 2977 ad
2782 2928 3051 2977 Amaseae
3096 2922 3530 2979 monasterium

1877 3010 2180 3080 relegavit,
2204 3009 2379 3081 eique
2406 3011 2699 3065 Joannem
2731 3008 3077 3078 subrogavit
3107 3026 3121 3076 ;
3162 3022 3346 3081 quem
3388 3009 3530 3065 item

1879 3099 2160 3167 Ecclesia,
2190 3097 2335 3169 quia
2350 3096 2721 3153 orthodoxus
2748 3101 2895 3163 erat,
2919 3094 3195 3165 admisit;
3219 3100 3529 3169 praterea-

1876 3204 1995 3259 que
2019 3186 2368 3242 Anthimum
2412 3201 2442 3240 e
2490 3184 2871 3257 Trapezuntis
2915 3183 3178 3241 Ecclesia
3228 3184 3309 3241 ad
3347 3186 3528 3255 regias

1878 3275 2042 3331 urbis
2062 3274 2281 3331 infulas
2303 3273 2659 3330 translatum
2691 3272 2769 3329 ab
2793 3272 3012 3330 eodem
3043 3274 3427 3345 imperatore.
3464 3278 3531 3331 Et

1876 3380 2231 3437 quanquam
2259 3362 2478 3419 deinde
2505 3361 2824 3418 Anthimus
2853 3362 2933 3418 ab
2952 3367 3221 3434 Agapeto
3246 3363 3530 3436 papade—

1875 3454 2106 3526 positus
2144 3452 2272 3518 fuit,
2319 3456 2638 3523 propterea
2693 3451 2859 3524 quod
2905 3451 3187 3507 haeresim
3232 3451 3528 3515 retineret,

1874 3543 2175 3615 divusque
2205 3544 2448 3598 Mennas
2470 3541 2833 3610 subrogatus
2860 3560 2874 3608 ;
2899 3540 3160 3599 ordinati
3194 3545 3397 3601 tamen
3448 3540 3528 3598 ab

1872 3632 2152 3689 Anthimo
2176 3632 2325 3687 sacri
2341 3630 2470 3695 viri,
2505 3630 2584 3685 ad
2605 3629 3107 3687 communionem
3118 3630 3369 3687 admissi
3386 3635 3528 3687 sunt

1872 3726 2059 3793 quotq
2070 3725 2170 3775 uot
2182 3720 2459 3775 haeretico
2480 3719 2665 3775 errori
2680 3718 3122 3777 valedixerunt:
3150 3719 3348 3775 Severi
3364 3718 3526 3775 enim

1870 3810 2146 3865 haeresim
2174 3808 2418 3863 fovebat
2437 3808 2774 3864 Anthimus.
2803 3809 3126 3879 Postquam
3157 3824 3295 3863 vero
3321 3809 3527 3863 Mono-

1870 3898 2208 3954 thelitarum
2244 3897 2509 3969 pessima
2538 3896 2776 3951 haeresis
2806 3901 3012 3951 exorta
3041 3900 3148 3961 est,
3195 3910 3526 3967 quemnam

1870 3987 1949 4042 ab
1974 3987 2065 4042 his
2091 3985 2435 4041 ordinatum
2467 3990 2627 4043 sexta
2658 3983 2933 4055 synodus
2961 3999 3086 4040 non
3111 3983 3357 4040 admisit
3405 3983 3527 4055 (cui

1870 4074 2189 4144 caeteroqui
2221 4077 2518 4144 praeerant
2537 4072 2769 4141 Agatho
2799 4073 3103 4128 Romanus
3129 4087 3312 4144 papa,
3355 4073 3528 4128 Geor-

1872 4164 2005 4234 gius
2028 4160 2745 4232 Constantinopolitanus,
2776 4176 2848 4216 ac
2887 4160 3281 4232 Theophanes
3327 4159 3527 4217 Antio-

1872 4254 2019 4311 chen
2029 4264 2118 4322 us)
2131 4252 2179 4306 si
2192 4251 2374 4307 modo
2409 4251 2687 4307 haeresim
2702 4250 2753 4321 ej
2763 4250 2978 4318 uravit,
3003 4249 3527 4323 orthodoxamque

1871 4340 2054 4395 ﬁdem
2087 4339 2395 4412 professus
2425 4343 2516 4394 est
2546 4339 2573 4393 ?
2599 4342 2744 4395 item
2790 4338 3202 4396 Rhinotmetus
3248 4337 3529 4395 Justinia-

1874 4446 1987 4485 nus
2003 4428 2312 4486 Callistum
2325 4427 2770 4487 sanctissimum
2782 4427 3382 4500 Constantinopoleos
3401 4428 3527 4501 epi-

158 4534 249 4603 μεν
305 4534 394 4582 τὸν
448 4528 736 4602 ἁγιώτατον
819 4524 1405 4584 Κωνσταντινουπολεως
1482 4521 1765 4574 ἐπίσκοπον

1878 4533 2127 4590 scopum
2149 4517 2366 4587 injuste
2389 4515 2619 4589 depulit
2640 4516 2802 4588 sede,
2846 4516 3130 4589 regiaque
3172 4516 3325 4573 urbe
3359 4517 3530 4586 fuga-3

159 4616 359 4679 ἀδίκως
385 4617 588 4670 καθεῖλε
616 4624 705 4669 τοῦ
741 4618 947 4688 θρόνου,
982 4620 1071 4665 καὶ
1100 4622 1191 4674 τῆς
1248 4612 1438 4673 πόλεως
1502 4611 1765 4683 ἐξόριστον

161 4709 232 4769 εἰς
281 4712 379 4765 τὴν
467 4704 823 4779 πρεσϐυτέραν
900 4704 1101 4775 Ῥώμην
1160 4707 1408 4776 πρότερον
1465 4698 1766 4771 ἀποτυφλώ-

162 4816 260 4857 σας
296 4797 492 4847 τέθεικε
522 4815 536 4827 ·
564 4798 652 4845 τόν
684 4790 743 4845 δε
772 4792 1065 4863 ἔγκλιιστον
1120 4798 1287 4864 Κῦρον
1341 4788 1394 4841 ἐκ
1446 4796 1541 4849 τῆς
1576 4787 1766 4847 πόλεως

158 4876 525 4957 ’Δμάστριδος
554 4880 785 4953 ἐνεγκὼν,
840 4880 907 4940 εἰς
958 4883 1045 4931 τὸν
1096 4878 1287 4931 ἐκείνου
1342 4880 1518 4951 θρόνον
1565 4875 1766 4939 ἀνῆξεν.

157 4968 340 5030 ἐπειδὴ
424 4978 661 5044 προεῖπεν
744 4968 886 5039 αὐτῷ
967 4974 1055 5025 τὴν
1109 4967 1178 5028 εἰς
1237 4971 1330 5025 τὴν
1388 4965 1534 5018 πόλιν
1613 4962 1766 5016 πάλιν

156 5057 430 5125 ἐπάνοδον,
488 5064 579 5111 xui
653 5064 746 5116 την
799 5065 890 5117 τῆς
950 5055 1219 5129 βασιλείας
1283 5052 1434 5117 αὖθις
1483 5052 1761 5123 ἀνάληψιν.

156 5149 471 5209 Φιλιππικὸς
497 5144 555 5200 δε
604 5149 633 5204 η
668 5151 759 5198 καὶ
813 5142 1088 5220 Βαρδάνης
1144 5152 1235 5205 τῆς
1290 5142 1560 5215 βασιλείας
1613 5160 1764 5193 τετυ·-

154 5243 364 5310 χηκὼς,
396 5242 486 5289 καὶ
524 5241 618 5294 τὴν
665 5238 817 5292 ἕκτην
867 5235 1227 5306 οἰκουμενικήν
1285 5228 1506 5286 σύνοδον
1564 5228 1766 5303 ἀκνρὼ-

158 5345 277 5391 σας,
305 5328 375 5386 ὡς
404 5322 569 5391 ἔδοξε,
610 5319 829 5375 σύνοδον
861 5320 1114 5396 ἀθροίσας
1160 5322 1187 5372 6
1237 5322 1457 5392 μάταιος
1507 5319 1621 5370 κατ’
1674 5319 1765 5370 αὑ-

230 5470 307 5537 (9)
338 5471 562 5543 Nempe
591 5466 1012 5543 Εἰιρζιβγηίιιηι,
1044 5469 1107 5519 ut
1140 5464 1269 5543 jam

158 5612 197 5671 ὓ
230 5532 342 5611 (l0)
373 5540 473 5596 Hic
490 5532 705 5595 tamen
725 5536 1068 5599 Timotheus
1090 5532 1349 5597 creditur
1376 5534 1557 5593 fuisse
1576 5532 1765 5597 haere-

200 5627 328 5667 cus.

1876 4615 2003 4665 tum
2033 4613 2088 4664 et
2118 4612 2485 4664 excaecatum
2507 4607 2586 4663 ad
2612 4612 2872 4664 veterem
2902 4609 3157 4665 Romam
3182 4606 3524 4678 ablegavit:

1878 4698 2097 4770 Cyrum
2126 4703 2328 4754 autem
2343 4697 2712 4753 monachum
2731 4696 3053 4764 inclusum,
3081 4712 3155 4754 ex
3189 4697 3526 4755 Amasti-ide

1876 4787 2023 4842 urbe
2052 4788 2333 4850 accitum,
2359 4787 2421 4841 in
2449 4786 2710 4857 praedicti
2741 4786 2999 4843 statione
3021 4786 3353 4854 collocavit,
3378 4787 3528 4858 quia

1874 4876 2232 4948 praedixerat
2255 4876 2369 4947 ipsi
2388 4876 2646 4932 reditum
2685 4877 2746 4932 in
2786 4876 3016 4946 regiam
3061 4875 3296 4941 urbem,
3344 4880 3526 4947 atque

1874 4963 2107 5036 imperii
2121 4964 2657 5041 recuperationem.
2670 4961 3032 5035 Philippicus
3050 4977 3193 5018 vero
3222 4962 3527 5020 Bardanes

1873 5054 2196 5124 imperium
2221 5054 2495 5124 adeptus,
2524 5059 2581 5108 et
2600 5057 2829 5108 sextam
2851 5050 3150 5125 synodum
3170 5050 3526 5123 antiquavit,

1873 5148 1940 5198 ut
1959 5143 2087 5215 ipse
2106 5142 2380 5215 putabat,
2409 5140 2705 5197 celebrato
2727 5139 2904 5197 stulte
2918 5139 3209 5196 adversus
3228 5155 3362 5195 eam
3384 5156 3525 5196 con-

1874 5231 2009 5287 cilio
2037 5231 2121 5300 (id
2141 5230 2302 5296 enim
2335 5246 2399 5286 se
2420 5230 2717 5286 facturum
2752 5228 3113 5301 promiserat
3156 5228 3524 5286 Callistratici

1874 5319 2131 5376 ccenobii
2155 5320 2459 5376 monacho
2485 5318 2592 5390 qui
2621 5318 2675 5373 ei
2699 5317 3019 5389 imperium
3057 5317 3365 5376 ominatus
3402 5317 3527 5374 fue-

1942 5461 2057 5534 (lt)
2089 5464 2213 5517 lmo
2242 5461 2340 5517 hic
2392 5460 2606 5535 dicitur
2646 5459 2985 5535 ᾂᾳιιίηίοθιε
3027 5459 3106 5517 ab
3163 5461 3522 5535 Ephraamio,

1870 5529 2181 5606 anonymo
2212 5531 2595 5600 Barocciano,
2626 5529 2899 5605 aliisque.
