4032 6308
513 289 613 344 ’791

1835 281 2171 343 IETHODII
2205 281 2538 342 HONACBI.

3774 284 3885 338 792

513 413 665 485 rat);
693 414 751 470 et
764 411 1107 486 patriarcha
1125 414 1535 470 exauctorato.
1553 413 1849 470 Joannem
1876 411 2180 467 consecta-

2293 415 2377 470 τῆς
2403 408 2588 480 (τοῦτο
2615 408 2715 483 γὰρ
2747 405 2808 468 ἦν
2839 408 3154 481 ὑποσχεθεὶς
3210 412 3282 478 τῷ
3313 405 3361 460 έν
3424 413 3484 480 τῇ
3553 412 3647 460 τοῦ
3700 406 3890 461 Καλλι-

514 517 701 560 neum
724 518 903 558 suum
933 500 1126 572 elegit,
1149 501 1252 575 qui
1277 500 1542 558 fervidus
1586 499 1828 558 nefariae
1873 497 2176 557 Monothe-

513 591 756 650 litarum
786 590 1078 647 haereseos
1123 594 1361 649 amator
1402 595 1548 648 erat.
1602 589 1901 650 Artemius
1950 591 2176 658 autem,

517 680 617 752 qui
633 683 689 736 et
704 679 1051 736 Anastasius
1074 678 1412 742 dicebatur,
1434 695 1576 736 cum
1597 677 1830 748 regium
1871 681 2174 750 sceptrum

514 768 928 834 aﬂ‘ectavisset,
963 769 1171 841 Cyzico
1201 768 1500 826 transtulit
1519 768 1599 826 ad
1641 769 1819 839 regiae
1868 765 2038 822 urbis
2087 781 2175 822 se-

513 858 655 916 dem
682 863 960 916 sanctum
991 860 1376 927 Germanum,
1408 859 1638 916 Joanne
1669 858 1880 930 ejecto,
1917 857 2024 930 qui
2060 855 2173 912 ad-

511 965 725 1007 versus
767 965 1000 1006 sacram
1060 953 1292 1008 sextam
1348 948 1674 1020 synodum,
1719 953 1786 1007 ut
1825 948 1968 1016 dixi,
2009 945 2171 1004 fure-

511 1039 639 1096 hat.

512 1128 658 1201 ἅγιον
697 1131 967 1204 Γιρμαμόν
1004 1131 1274 1202 μετέθηκε,
1313 1131 1662 1191 κατασπάσας
1705 1132 1792 1183 τόν
1849 1128 2113 1196 Ἰωάννην,
2170 1126 2257 1179 τὸν

511 1239 572 1279 τη
583 1238 769 1276 σαντα.

584 1312 644 1363 9.
676 1310 759 1364 Ex
782 1323 906 1381 quo
923 1311 1126 1365 autem
1158 1308 1398 1365 arcanis
1427 1310 1525 1365 Dei
1551 1307 1794 1381 jndiciis
1850 1309 1964 1364 Leo
2015 1306 2172 1362 lsau-

511 1397 672 1455 ricus
699 1397 1224 1470 imperiihabenas
1272 1398 1575 1471 corripuit,
1631 1401 1893 1471 postque
1940 1411 2172 1454 nonum

512 1486 679 1557 regni
711 1489 803 1542 sui
834 1502 1064 1544 annum
1082 1487 1565 1545 iconomachiam
1597 1489 1942 1552 commovit,
1967 1488 2017 1543 is
2039 1500 2174 1542 san-

513 1581 679 1633 etum
699 1575 943 1647 quidem
965 1578 1349 1647 Germanum,
1374 1576 1476 1648 obj
1488 1576 1868 1648 urgationum
1888 1577 2019 1648 ejus
2067 1575 2174 1631 im-

513 1666 770 1738 patiens,
823 1668 1115 1721 extorrem
1171 1665 1328 1729 t'ecit,
1388 1665 1714 1740 sedemque
1772 1664 2172 1738 metropoleos

513 1753 832 1811 Anastasio
851 1755 1162 1812 concessit.
1193 1757 1324 1812 Jam
1346 1755 1790 1829 quinquaginta
1835 1760 1893 1812 et
1943 1759 2173 1829 septem

517 1858 817 1900 annorum
845 1843 1178 1911 intervallo,
1212 1860 1336 1917 quo
1357 1845 1774 1902 iconomachia
1802 1844 2175 1902 debacchata

516 1931 1123 2005 est,complnrium,ut
1143 1948 1390 1990 necesse
1407 1939 1554 2003 erat,
1572 1933 1754 2004 hujus
1768 1933 2172 2007 metropoleos

515 2020 995 2093 patriarcharum
1017 2022 1316 2080 successio
1346 2023 1486 2080 fuit:
1511 2022 1705 2080 donec
1725 2027 1896 2081 aetate
1925 2023 2174 2095 patriar-

512 2110 641 2166 chae
672 2109 918 2180 Tarasii,
954 2111 1349 2182 regnantibus
1382 2114 1546 2168 lrene
1588 2127 1816 2182 magna
1862 2128 2002 2169 cum
2050 2111 2172 2168 tilio

511 2198 921 2265 Constantino,
937 2201 1192 2273 septima
1205 2201 1478 2273 synodus
1502 2200 1724 2258 coaluit
1747 2203 1870 2273 ;cuj
1880 2217 1951 2257 us
1970 2207 2170 2257 tamen

503 2289 678 2358 jussu
700 2303 880 2344 nemo
902 2287 1211 2361 depositus
1242 2294 1348 2356 est,
1381 2291 1486 2363 qui
1507 2291 1586 2347 ab
1626 2289 2044 2348 lconomachis
2081 2306 2172 2346 or-

509 2375 881 2433 dinationem
907 2379 1258 2452 accepisset,
1285 2379 1336 2435 si
1366 2380 1550 2436 modo
1606 2384 1831 2436 sectam
1871 2379 2126 2451 ejuravit
2154 2397 2168 2446 ;

514 2466 782 2538 exceptis
801 2466 1097 2524 haereseos
1111 2468 1456 2524 auctoribus
1473 2474 1530 2526 et
1545 2470 1974 2540 antesignanis,
1994 2469 2088 2525 vel
2121 2469 2172 2526 si

514 2554 649 2627 quis
670 2553 749 2612 ad
769 2554 951 2612 ﬁnem
983 2571 1174 2630 usque
1205 2558 1597 2631 pertinaciam
1618 2558 1998 2615 retinuit.Sed
2011 2573 2169 2632 ecce,

510 2646 651 2715 post
678 2642 1196 2714 religiosissimum
1249 2644 1674 2719 Curopalatam
1722 2646 2168 2720 imperatorem,

520 2733 633 2788 Leo
655 2733 972 2789 Armenius
984 2740 1278 2807 occupata
1292 2735 2020 2810 tyrannide.consopitam
2050 2736 2170 2793 ico-

511 2821 900 2878 nomachiam
948 2822 1276 2895 suscitavit,
1327 2830 1724 2900 sanctumque
1772 2827 2172 2898 Nicephorum

513 2915 718 2984 erepto
748 2912 905 2984 pedo
937 2912 997 2968 in
1028 2914 1308 2971 exsilium
1346 2915 1595 2990 pepulit.
1656 2917 1831 2973 Leoni
1889 2915 2176 2974 successit

517 3000 762 3056 Michael
797 3000 1033 3065 Balbus,
1057 3002 1194 3060 huic
1218 3004 1375 3061 ﬁlius
1395 3005 1782 3078 Theophilus.
1811 3006 2044 3062 Cunctis
2066 3021 2172 3062 au-

524 3095 643 3145 tem
676 3106 782 3146 sex
809 3096 864 3147 et
885 3091 1088 3161 viginti
1149 3095 1347 3163 annis,
1405 3095 1628 3167 quibus
1675 3095 1735 3151 hi
1788 3095 2048 3151 haeretici
2087 3101 2177 3167 ty-

516 3179 833 3236 rannidem
856 3187 1267 3250 exercuerunt,
1291 3199 1470 3239 nemo
1489 3184 1608 3240 fere
1621 3183 1991 3240 orthodoxus
2005 3184 2180 3240 exsti-

518 3266 586 3323 tit
606 3268 965 3339 patriarcha.
999 3273 1418 3328 Verumtamen
1442 3277 1577 3344 post
1605 3273 1910 3345 Theophili
1944 3273 2177 3330 obitum

524 3357 1067 3425 magna'l‘heodora
1079 3360 1486 3430 patriarcham
1505 3360 1639 3416 fecit
1653 3361 2014 3418 Methodium
2039 3378 2178 3419 san-

521 3444 888 3513 ctissimum;
921 3447 1027 3518 qui
1047 3448 1316 3520 quidem,
1351 3449 1744 3520 suffragatore
1763 3451 1916 3508 inter
1935 3455 2184 3508 caeteros

523 3532 874 3606 consiliique
897 3540 1138 3602 auctore
1157 3553 1381 3608 magno
1403 3539 2006 3618 asceticoloannicio,
2041 3541 2183 3597 utin

524 3620 705 3691 hujus
748 3623 873 3678 Vita
903 3624 1097 3695 legere
1127 3633 1234 3695 est,
1285 3632 1531 3684 cunctos
1580 3629 1659 3686 ab
1708 3629 1923 3686 haeresi
1972 3629 2183 3704 resipi-

527 3716 758 3767 scentes
786 3712 846 3767 iu
869 3715 1362 3774 communionem
1387 3718 1626 3791 recepit.

606 3984 690 4037 10.
723 3983 888 4038 Nunc
918 3982 1191 4039 animum
1222 3985 1460 4041 attende
1489 3985 1565 4042 ad
1598 4002 1669 4042 ea
1719 4001 1964 4060 quoque
2012 4001 2186 4043 scan-

527 4069 668 4126 dala
692 4085 828 4141 quin
856 4071 1128 4127 Ecclesiae
1158 4078 1404 4144 propter
1433 4074 1957 4147 improbissimum
1979 4081 2190 4131 contu-

530 4175 886 4230 macemque
907 4161 1256 4233 Josephum,
1280 4163 1469 4234 ipsius
1491 4163 1761 4220 Ecclesiae
1781 4180 2188 4230 (economum,

530 4246 894 4313 acciderunt,
950 4250 1176 4305 'l‘arasii
1234 4255 1291 4305 et
1339 4253 1659 4323 Nicephori
1711 4253 2193 4324 patriarcharum

2289 499 2515 572 στράτου
2558 507 2686 572 μονῇ
2742 502 2851 552 ὄντι
2903 496 3199 570 ἐγκλείστῳ,
3247 499 3331 550 ὅτε
3383 496 3524 568 αὐτῷ
3580 501 3670 556 τὴν
3714 495 3887 571 βασι-

2285 587 2424 641 λείαν
2457 584 2901 664 έχρησμοδότησι
2929 590 2970 660 ),
3005 606 3091 640 τον
3115 590 3204 661 μὲν
3234 589 3573 663 πατριάρχην
3605 587 3884 652 έξώθησεν,

2285 676 2524 736 Ἰωάννην
2583 675 2642 732 δε
2700 674 2953 752 ὁμόδοξον
3044 677 3185 748 αὐτῷ
3236 675 3568 752 προεϐάλετο,
3621 672 3883 749 διάπυρον

2283 769 2406 818 ὄντα
2433 772 2527 826 τῆς
2554 773 2652 819 τῶν
2709 764 3070 823 Μονοθελητῶν
3108 760 3284 826 δεινῆς
3348 766 3586 837 αἱρέσεως
3633 763 3879 838 έραστὴν.

2284 854 2548 930 Ἀρτέμιος
2619 851 2678 910 δί
2763 855 2790 907 ό
2847 857 2936 907 καὶ
3015 854 3362 916 Ἀναστάσιος
3431 852 3719 928 λεγόμενος,
3782 862 3887 908 τῶν

2283 949 2556 1017 σκήπτρων
2614 951 2705 1005 τῆς
2797 942 3069 1017 βασιλείας
3147 941 3370 1018 ἐραστής
3427 947 3708 1016 γενόμενος,
3779 942 3886 998 ἀπό

2282 1033 2514 1094 Κυζίκου
2589 1037 2718 1108 πρός
2780 1036 2868 1086 τόν
2925 1041 3019 1094 τῆς
3075 1030 3461 1105 βασιλευούσης
3540 1034 3713 1108 θρόνον
3796 1036 3890 1085 τόν

2306 1125 2441 1178 κατὰ
2504 1130 2599 1184 τῆς
2659 1125 2798 1196 ἱερᾶς
2859 1124 3012 1184 ἕκτης
3070 1118 3319 1191 συνόδου,
3372 1125 3443 1184 ὡς
3497 1126 3721 1198 εἴρηται,
3790 1121 3891 1178 λυτ-

2357 1301 2422 1358 θ’.
2457 1306 2580 1354 Επεὶ
2611 1297 2670 1354 δὲ
2695 1305 2946 1376 κρίμασιν
2975 1302 3052 1364 οἷς
3091 1297 3204 1355 οἶδε
3243 1304 3393 1370 Θεὸς,
3447 1305 3588 1356 Λέων
3617 1320 3644 1356 ο
3703 1301 3895 1356 Ἰσαυο

2281 1409 2366 1464 ρος
2390 1398 2478 1452 τῆς
2524 1388 2799 1463 βασιλείας
2854 1393 3140 1462 ἓγκατέστη
3174 1393 3372 1463 κύριος,
3423 1397 3512 1444 καὶ
3565 1394 3696 1464 μετὰ
3750 1397 3895 1465 χρό-

2282 1499 2364 1533 νον
2390 1482 2590 1532 ἔννατον
2622 1487 2717 1542 τῆς
2756 1479 3036 1554 βασιλείας
3088 1485 3183 1538 την
3248 1480 3617 1553 εἰκονομαχίαν
3657 1479 3893 1549 ἐκίνησε,

2283 1572 2370 1622 τόν
2430 1572 2521 1642 μὲν
2572 1569 2719 1640 οῐγιον
2788 1573 3043 1644 Γερμανόν
3121 1568 3382 1643 ἐξόριστον
3450 1569 3757 1634 ἐποιήσατο,
3815 1576 3892 1644 μὴ

2285 1662 2445 1732 φέρων
2477 1661 2596 1718 τοὺς
2627 1658 2750 1732 παρ’
2781 1657 2940 1711 αὐτοῦ
2971 1657 3241 1731 ἐλέγχους,
3304 1660 3633 1731 Ἀναστασίῳ
3672 1656 3733 1714 δί
3803 1665 3897 1715 τόν

2282 1755 2375 1807 τῆς
2404 1746 2597 1809 πόλεως
2637 1745 2921 1822 ἐνεχείρισε
2952 1749 3130 1822 θρόνον
3164 1770 3176 1782 ·
3225 1754 3316 1802 καὶ
3369 1757 3460 1811 τῆς
3512 1750 3900 1822 εἰκονομαχίας

2284 1838 2478 1898 ταύτης
2527 1841 2845 1894 πεντήκοντα
2891 1841 2981 1889 καὶ
3035 1836 3163 1890 έπτὰ
3207 1833 3552 1910 διαμεινάσης
3601 1837 3898 1906 ἐνιαυτοὺς,

2283 1924 2512 1992 πλείους,
2539 1927 2608 1987 ὠς
2646 1924 2796 1996 εἰκὸς,
2839 1927 2974 1978 κατὰ
3029 1922 3299 1999 διαδοχὴν
3346 1926 3573 1998 ἐγίνοντο
3630 1931 3903 2003 πατριάρ-

2283 2033 2385 2087 χαι
2414 2023 2510 2074 ri:
2539 2013 2732 2077 πόλεως
2769 2035 2965 2076 ταυτης
2997 2032 3010 2045 ⁸
3045 2016 3258 2091 ὓστερον
3310 2013 3369 2071 δὲ
3414 2015 3499 2069 ἐπὶ
3543 2019 3748 2092 ἡμερῶν
3801 2022 3900 2092 μὲν

2282 2109 2550 2179 Ταρασίου
2589 2105 2948 2178 πατριάρχου,
2984 2102 3243 2177 βασιλέων
3275 2102 3335 2158 δὲ
3387 2105 3607 2180 Εἰρήνης
3648 2116 3748 2168 τῆς
3805 2127 3903 2180 με·

2281 2195 2446 2266 γάλης
2475 2199 2564 2246 καὶ
2594 2198 2982 2247 Κωνσταντίνου
3020 2202 3111 2246 τοῦ
3154 2197 3350 2258 ταύτης
3406 2197 3543 2260 υἱοῦ,
3599 2199 3627 2254 ἡ
3687 2194 3896 2271 ἑϐδόμη

2286 2283 2641 2356 συνεκροτηθη
2679 2279 2902 2345 σύνοδος
2940 2300 2952 2314 ’
3001 2288 3091 2336 καὶ
3121 2281 3291 2346 οὐδεὶς
3343 2282 3634 2348 ἀπόϐλητος
3681 2291 3898 2358 γέγονεν

2281 2375 2351 2435 ὡς
2393 2374 2537 2447 παρὰ
2565 2380 2666 2424 τῶν
2725 2373 3097 2445 Εἱκονομάχων
3147 2378 3242 2431 τὴν
3288 2380 3616 2446 χειροτονίαν
3666 2371 3898 2449 δεξάμε-

2279 2481 2385 2530 νος,
2445 2466 2596 2535 μόνον
2651 2462 2694 2515 εἰ
2745 2466 2838 2520 τήν
2892 2463 3092 2536 αἰρεσιν
3161 2465 3357 2520 ταύτην
3398 2461 3722 2517 ἀπεϐάλετοο
3753 2465 3898 2524 πλὴν

2279 2557 2378 2604 τῶν
2417 2555 2742 2625 πρωταιτίων
2787 2555 2877 2604 καὶ
2925 2549 3180 2626 ἀρχηγῶν
3235 2560 3297 2611 τῆ
3312 2572 3332 2613 ς
3375 2554 3642 2626 αἱρέσεως,
3701 2558 3793 2605 καὶ
3857 2553 3902 2606 εἴ

2280 2645 2356 2702 τίς
2424 2660 2524 2693 που
2600 2636 2849 2712 διέμεινεν
2915 2639 2984 2703 εἰς
3060 2639 3201 2703 τέλος
3270 2637 3556 2702 ἀνένδοτος.
3601 2641 3764 2694 Πάλιν
3839 2641 3902 2698 δὲ

2281 2731 2496 2803 ὕστερον
2525 2732 2657 2803 μετὰ
2707 2733 2794 2782 τόν
2850 2729 3256 2804 Κουροπαλάτην
3306 2730 3676 2784 εὐσεϐέστατον
3732 2730 3903 2805 βασις

2280 2819 2371 2874 λέα
2432 2823 2572 2872 Λέων
2629 2839 2655 2872 ο
2715 2819 3001 2892 Ἀρμένιος,
3071 2825 3164 2878 τήν
3244 2819 3520 2893 βασιλείαν
3576 2832 3903 2895 τυραννικῶς

2287 2905 2584 2982 δεξάμενος,
2613 2913 2707 2967 τὴν
2739 2908 3109 2981 εἰκονομαχίαν
3165 2910 3455 2962 παυθεῖσαν
3507 2907 3614 2969 ἤδη
3681 2909 3902 2983 ἀνήγει-

2286 3017 2341 3072 ρε
2372 3003 2500 3050 ’καὶ
2545 3001 2631 3049 τόν
2688 2997 2836 3069 ἅγιον
2896 3002 3192 3072 Νικηφόρον
3266 3006 3358 3051 τοῦ
3418 3001 3598 3072 θρόνου
3653 3020 3903 3073 καταγα-

2285 3093 2410 3160 γὼν,
2459 3087 2694 3163 ἐξώρισε.
2727 3095 2916 3142 Τοῦτον
2976 3083 3245 3152 διεδέξατο
3292 3089 3514 3161 Μιχαὴλ
3557 3108 3584 3141 ο
3635 3090 3900 3164 Τραυλός,

2287 3182 2377 3229 καὶ
2407 3197 2432 3230 ο
2462 3180 2647 3230 τούτου
2692 3179 2800 3238 υἱὸς
2856 3177 3123 3249 Θεόφιλος.
3160 3178 3238 3231 Ἐν
3295 3176 3429 3239 ὅλοις
3483 3174 3541 3231 δε
3585 3181 3754 3232 εἴκοσι
3806 3187 3900 3232 καὶ

2289 3267 2343 3329 ἔξ
2367 3269 2550 3332 ἔτεσιν,
2586 3268 2661 3328 οἱς
2699 3268 2748 3318 οἱ
2793 3267 3032 3340 ῥηθέντες
3079 3263 3184 3325 ἤδη
3233 3269 3484 3342 αἱρετικοὶ
3540 3275 3903 3343 τυραννήσαν-

2289 3375 2366 3417 τες
2411 3354 2812 3429 ἁναγράφονται,
2871 3352 3044 3418 οὐδεὶς
3103 3352 3301 3428 σχεδόν
3355 3353 3729 3430 διαμεμένηκεν
3797 3357 3900 3434 ἀρ-

2289 3449 2500 3518 χιερεὺς
2551 3441 2850 3519 ὀρθόδοξος.
2912 3447 3056 3499 Μετὰ
3106 3442 3164 3498 δὲ
3221 3448 3306 3498 τόν
3364 3447 3578 3499 θάνατον
3638 3447 3897 3518 Θεοφίλου

2291 3538 2378 3587 τόν
2425 3535 2712 3606 ἁγιώτατον
2756 3531 3013 3588 Μεθόδιον
3057 3538 3396 3610 πατριάρχην
3426 3538 3455 3594 ἠ
3498 3536 3696 3608 μεγάλη
3759 3546 3901 3591 Θεο-

2293 3619 2442 3696 δὼρα
2466 3621 2888 3681 ἀποκατέστησεν
2918 3624 3033 3694 (12)
3064 3640 3075 3653 ·
3111 3623 3164 3684 ός
3195 3626 3388 3684 πάντας
3441 3621 3654 3687 ἐδέξατο
3715 3645 3903 3678 συναι-

2292 3716 2428 3786 νέσει
2473 3717 2562 3764 καὶ
2622 3710 2898 3784 συμϐουλῇ
2953 3732 3043 3764 και
3095 3720 3184 3765 τοῦ
3240 3715 3467 3785 μεγάλου
3530 3712 3577 3765 ἐν
3633 3715 3904 3776 durarat;

2296 3800 2634 3870 Ἰωαννικίου,
2667 3805 2735 3864 ὡς
2764 3804 2913 3855 ἴσμεν
2967 3804 3022 3854 ἐκ
3073 3799 3248 3853 τῶνέν
3298 3811 3367 3873 τῷ
3419 3801 3522 3874 βίῳ
3579 3803 3741 3855 αὐτοῦ
3781 3810 3908 3878 περὶ

2294 3894 2490 3944 τούτων
2522 3895 2826 3966 φερομένων,
2855 3893 2971 3943 όσοι
3025 3887 3234 3950 δηλαδὴ
3292 3894 3491 3964 αἰρεσιν
3548 3889 3906 3965 ἐξωμόσαντο.

2372 3981 2427 4034 ι’.
2485 3985 2724 4038 Ζητησον
2753 3985 2842 4032 καὶ
2889 3982 2955 4032 τὰ
3021 3985 3139 4053 περὶ
3189 3983 3277 4032 τόν
3333 3987 3772 4054 παρανομώτατον
3817 3987 3913 4034 καὶ

2299 4067 2624 4140 ἀφηνιαστὴν
2687 4069 2900 4141 Ἰωσὴφ,
2941 4074 3026 4121 τόν
3082 4077 3176 4131 τῆς
3233 4068 3548 4132 Ἐκκλησίας
3604 4074 3718 4123 τότε
3772 4071 3915 4124 οἱκο·

2301 4163 2474 4230 νόμον,
2537 4163 2851 4230 γεγενημένα
2921 4155 3195 4211 σκάνδαλα
3269 4157 3318 4210 ἐν
3373 4167 3436 4230 τῇ
3505 4159 3760 4234 ἐφημερία
3811 4161 3920 4214 Τα-

2303 4251 2491 4321 ρασίου
2531 4251 2621 4298 καὶ
2672 4250 2974 4319 Νικηφόρου
3037 4255 3134 4298 τῶν
3191 4246 3494 4318 ἁγιωτάτων
3539 4258 3916 4322 πατριαρχών,

532 4335 1067 4402 sanctissimorum,
1099 4353 1210 4392 nec
1241 4353 1362 4394 non
1403 4340 1703 4396 Theodori
1737 4342 2001 4408 Studitas,
2047 4347 2180 4398 tem‘

2304 4341 2394 4389 καὶ
2420 4333 2696 4411 Θεοδώρου
2729 4345 2819 4388 τοῦ
2850 4333 3134 4389 Στουδίτου
3177 4342 3266 4388 καὶ
3319 4335 3639 4408 όμολογητου
3677 4358 3690 4370 ·
3724 4336 3915 4398 ἐπειδὴ

533 4423 799 4495 poribus.
823 4423 922 4478 Hic
943 4425 1432 4498 enimlosephus,
1457 4443 1596 4484 cum
1621 4430 2044 4486 Constantinus
2065 4445 2194 4486 ma-

536 4526 668 4582 gnae
719 4514 912 4566 lrones
961 4511 1120 4568 ﬁlius
1162 4515 1475 4585 repudiata
1545 4532 1727 4573 uxore
1798 4517 2197 4574 adulterinam

535 4599 718 4656 aliam
735 4615 842 4672 per
870 4600 1040 4657 nefas
1069 4605 1197 4658 toro
1227 4603 1533 4676 reciperet,
1567 4606 1894 4678 Josephus,
1917 4605 2193 4678 inquam,

534 4688 760 4760 nuptiis
799 4688 1102 4745 benedixit
1141 4696 1348 4748 contra
1397 4695 1584 4749 sancti
1629 4695 1851 4751 Tarasii
1890 4695 2146 4752 vetitum
2179 4713 2193 4752 :

537 4794 706 4850 aquo
720 4779 1343 4852 Josephusimprobus
1363 4784 1918 4841 excommunicatus
1946 4789 2055 4852 est,
2075 4801 2198 4842 non

537 4875 738 4925 tamen
767 4870 826 4925 in
857 4874 1250 4942 perpetuum:
1288 4873 1506 4929 etenim
1545 4874 1767 4929 invitus
1796 4874 1932 4932 licet
1981 4874 2194 4948 plane-

536 4973 654 5030 que
680 4958 890 5014 nolens
919 4957 1192 5015 Ta'rasius
1217 4966 1462 5026 coactus
1523 4968 1609 5019 est
1665 4963 1832 5020 illum
1877 4981 2086 5020 rursus
2137 4965 2198 5021 in

541 5049 1032 5104 communionem
1063 5048 1323 5122 recipere
1342 5067 1376 5106 a
1398 5053 1784 5108 Constantino
1805 5053 2194 5126 imperatore;

539 5135 644 5207 qui
671 5136 920 5208 impiam
951 5137 1431 5196 iconomachiam
1475 5140 1718 5197 feliciter
1761 5156 2192 5213 compressam,

541 5225 966 5282 suscitaturum
988 5241 1051 5281 se
1082 5227 1327 5284 sceleste
1361 5229 1722 5296 minabatur,
1753 5229 1996 5300 nisiqui
2043 5228 2196 5286 bene

541 5311 772 5368 dixerat
807 5315 1032 5386 nuptiis
1061 5316 1183 5371 suis
1212 5316 1548 5389 Josephum
1587 5316 1929 5388 patriarcha
1976 5317 2197 5390 recipe-

2307 4425 2492 4488 έκεῖνος
2539 4430 2625 4478 τόν
2690 4434 2786 4488 τῆς
2849 4425 3078 4498 μεγάλης
3133 4425 3358 4498 Εἰρήνης
3410 4428 3521 4478 υἱόν
3579 4433 3917 4481 Κωνσταντί-

2305 4535 2387 4568 νον
2427 4513 2703 4568 έκϐαλόντα
2752 4519 2846 4573 την
2885 4515 3076 4568 οἰκείαν
3132 4519 3380 4587 γαμετὴν,
3436 4519 3523 4567 καὶ
3569 4513 3726 4574 ἄλλην
3799 4537 3918 4588 μοιο

2306 4613 2477 4678 χικῶς
2516 4603 2931 4676 ἐπεισαγαγόντα
2975 4612 3037 4676 τῇ
3120 4607 3342 4679 σφετέρα
3396 4610 3544 4677 κοίτη
3599 4612 3918 4679 παρανόμως

2308 4694 2606 4765 εὐλόγησεν,
2649 4692 2998 4766 ἀπειπαμένου
3057 4696 3242 4746 τούτου
3280 4698 3546 4768 Ταρασίου
3599 4701 3690 4746 τοῦ
3751 4697 3915 4764 ἱεροῦο

2308 4784 2382 4851 ὃς,
2432 4787 2522 4835 καί
2574 4784 2875 4857 καθαιρέσει
2927 4786 3013 4834 τόν
3061 4784 3289 4855 ἄθεσμον
3363 4782 3634 4835 ὑποϐαλὼν
3691 4783 3918 4857 Ἰωσὴφ,

2308 4872 2366 4925 οὗ
2397 4876 2549 4945 μόνον
2581 4871 2652 4934 εἰς
2678 4871 2814 4933 τέλος
2846 4871 2940 4923 οὐκ
2989 4875 3233 4942 ἴσχυσεν,
3290 4871 3416 4924 ἀλλὰ
3472 4877 3561 4924 καὶ
3617 4872 3686 4933 εἰς
3727 4892 3919 4925 κοινω-

2307 4967 2418 5014 νίαν
2448 4957 2596 5021 αὖθις
2626 4969 2854 5013 τοιοῦτον
2909 4957 3120 5023 ἐδέξατο
3184 4982 3195 4994 ·
3245 4962 3383 5012 ἄκων
3426 4965 3515 5033 μεν
3570 4963 3775 5022 πάντως
3825 4968 3921 5015 καὶ

2307 5055 2378 5122 μὴ
2415 5049 2721 5124 βουλόμενος
2748 5067 2760 5079 ’
2788 5048 2920 5107 πλὴν
2951 5046 3158 5112 ἐδέξατο
3214 5048 3456 5122 βιασθεὶς
3497 5053 3621 5122 πρός
3672 5059 3766 5102 τοῦ
3818 5050 3921 5123 βα-

2311 5139 2485 5200 σιλέως
2563 5143 2972 5205 Κωνσταντίνου,
3033 5142 3293 5212 όινεγεῐραι
3363 5138 3731 5211 ἀπειλουμένου
3825 5161 3920 5193 κα-

2306 5237 2410 5290 κῶς
2450 5229 2540 5288 τὴν
2607 5225 2712 5286 ἤδη
2771 5226 2936 5287 καλῶς
2991 5229 3280 5280 παυθεῖσαν
3348 5225 3580 5286 δυσσεϐῆ
3644 5228 3918 5300 εἰκονομοι-

2305 5323 2452 5390 χίαν,
2489 5317 2630 5380 eisi;
2658 5316 2794 5378 τέλος
2857 5313 3077 5379 ἄδεκτος
3149 5321 3296 5390 μείνῃ
3367 5317 3439 5388 τῷ
3503 5320 3815 5391 πατριάρχη
3890 5320 3915 5371 ὁ

617 5550 729 5621 (12)
762 5553 933 5627 ltunc
986 5551 1186 5627 locum
1230 5553 1306 5612 de
1355 5555 1650 5626 Michaele,
1689 5553 2016 5627 Theophilo
2067 5559 2126 5614 et
2174 5551 2507 5626 Thedddra,
2549 5555 2690 5614 citat
2735 5566 2808 5613 ex
2860 5555 3153 5614 Methodlo'
3193 5563 3305 5614 ms:
3355 5553 3622 5615 Alla‘tids.
3676 5549 3909 5616 Contra

547 5620 808 5693 Ereygh.
841 5638 902 5695 p.
935 5626 1058 5682 344.
