4032 6308
495 332 602 391 795
1820 321 2164 382 ΠΕΤΗοοΠ
2198 319 2541 378 MONACHI.
3759 322 3875 375 796

499 472 620 530 sar,
634 471 857 513 nurum
869 469 1042 511 suam
1051 450 1345 523 ﬂagitiose
1358 449 1875 524 deperiens,uxori
1889 447 2091 523 propri

2281 465 2357 519 mp
2380 447 2469 516 ὧν,
2525 450 2617 499 καὶ
2675 452 2739 518 τῇ
2805 449 3023 519 σφετέρᾳ
3092 441 3429 513 πανασελγῶς
3485 444 3873 515 σνμφθειρόμε-

498 549 689 603 misso
701 544 971 617 repudio,
994 558 1132 597 cum
1146 540 1446 597 incestum
1466 556 1737 598 amorem
1759 540 1928 596 illum
1944 555 1974 594 θ
2011 554 2090 594 εει]

2278 554 2341 596 ιος
2368 538 2564 608 νύμφη,
2596 540 2691 593 τὴν
2760 532 2901 587 ἰδίαν
2955 532 3196 592 ἀναιτίως
3252 530 3699 605 ἀποπεμψάμενος
3763 552 3870 603 γα-

500 641 595 693 cto
623 634 850 706 lgnatio
878 632 1146 689 omittere
1170 630 1499 701 juberetur,
1533 629 1612 686 ob
1636 629 1916 685 vitandas
1947 628 2092 699 obju

2276 630 2437 692 ιετήν,
2465 623 2573 677 ἐπεὶ
2617 623 2920 682 ἀποστῆσαι
2972 622 3152 674 ἑαυτὸν
3193 629 3289 683 τῆς
3337 628 3584 696 μυσαροῖς
3636 626 3868 678 ταυτησὶ

499 724 769 796 gationes
786 726 963 795 atque
977 736 1050 776 ex
1059 720 1153 775 his
1168 724 1637 792 consequentem
1651 717 1964 774 infamiam
1982 721 2091 788 (na;

2270 713 2445 776 ιιίξεως
2494 718 2626 788 πρός
2682 720 2774 765 τοῦ
2854 712 3007 783 ἁγίου
3093 711 3345 782 Ἰγνατιου
3409 711 3862 781 κατηναγκάζετο,

498 812 679 869 etiam
716 810 965 868 ecclesia
1011 808 1338 865 secluserat
1389 825 1529 864 eum
1586 807 1950 881 patriarcha)
2009 821 2090 861 set

2300 803 2413 855 ἢων
2444 803 2679 874 ἐκφυγεῖν
2700 804 2817 862 τοὺς
2871 800 3119 873 ἐλέγχους
3179 804 3268 851 καὶ
3334 803 3430 857 τὴν
3478 798 3706 851 ἐντεῦθεν
3756 798 3892 861 iam,

497 901 793 973 lgnatium
812 898 1171 969 deturbavit,
1203 898 1457 954 abutens
1487 897 1706 953 scilicet
1726 895 2019 954 Michaelis
2062 893 2089 949 1‹

2274 891 2563 967 τριϐομένην
2644 892 2784 962 αὐτῷ
2861 890 3127 962 αἰσχύνην
3201 886 3556 941 ἀποϐαλέσθαι
3628 886 3866 962 (ἀπεῖρξε

497 988 697 1056 vitate,
727 987 805 1043 ad
834 985 1198 1058 explendam
1239 1001 1414 1041 suam
1448 983 1861 1057 cupiditatem.
1897 984 2025 1049 Quo
2054 997 2085 1037 e

2270 983 2355 1055 γὰρ
2388 982 2543 1033 αὐτόν
2590 985 2679 1032 καὶ
2730 990 2822 1040 τῆς
2878 979 3195 1039 Ἐκκλησίας
3253 978 3280 1028 6
3325 978 3713 1050 πατριόφχης),
3768 983 3862 1028 τοῦ

496 1081 700 1151 pulso,
725 1075 923 1132 studio
940 1075 1186 1147 quidem
1208 1074 1577 1145 consilioque
1597 1073 1819 1137 Bardze,
1853 1070 2088 1129 Michacl

2270 1071 2442 1143 9ρόνου
2468 1072 2685 1141 κατάγει
2713 1069 2889 1137 αὐτόν,
2918 1075 3009 1121 καὶ
3048 1076 3111 1140 τῇ
3161 1066 3334 1140 ἐξορίᾳ
3380 1062 3599 1131 δίδωσι,
3656 1074 3722 1138 τῇ
3770 1072 3862 1118 τοῦ

497 1171 699 1224 autem
745 1165 1125 1227 auctoritate,
1184 1162 1510 1219 collocatur
1563 1162 1624 1217 in
1694 1160 1836 1217 sede
1882 1159 2089 1215 Photiu

2269 1159 2482 1231 Μιχαὴλ
2541 1163 2826 1231 κουφότητι
2887 1158 3221 1231 χρησάμενος
3276 1176 3350 1218 εις
3380 1153 3497 1214 ’τὴν
3556 1162 3652 1207 τοῦ
3720 1152 3861 1207 ἰδίου

497 1258 920 1311 Verumtamen
948 1253 1186 1311 Macedo
1209 1250 1457 1307 Basilius
1495 1249 1771 1307 Michaele
1795 1250 2087 1320 interemp

2267 1248 2547 1320 θελήματος
2646 1246 3038 1321 ἀποπλήρωσιν.
3116 1248 3312 1298 Τούτου
3370 1242 3431 1297 δέ
3507 1243 3859 1315 ἐκϐληθέντος,

500 1345 580 1403 ad
603 1358 859 1415 regnum
888 1342 1195 1399 connisus.
1228 1341 1500 1398 Photium
1525 1340 1952 1406 exauctoravit,
1981 1342 2092 1408 ign.

2275 1334 2472 1409 τπουδῇ
2494 1340 2585 1409 μεν
2606 1342 2695 1388 καὶ
2722 1340 3014 1389 συναινέσει
3052 1343 3145 1388 τοῦ
3199 1331 3397 1410 Βάρδα,
3459 1332 3747 1406 προϐλήσει
3805 1328 3867 1384 δε

497 1434 770 1505 tiumque
802 1431 1074 1489 restituit.
1106 1430 1304 1486 Causa
1330 1445 1473 1485 vero
1510 1430 1594 1484 rei
1644 1428 1823 1484 fuisse
1879 1428 2089 1483 traditu

2275 1433 2353 1478 τοῦ
2380 1425 2596 1497 Μιχαὴλ
2636 1426 2701 1486 εἰς
2768 1429 2856 1477 τὸν
2904 1426 3082 1497 θρόνον
3142 1422 3389 1495 ἀνάγεται
3430 1428 3644 1481 Φωτιος.
3678 1422 3695 1442 ⁸
3740 1426 3867 1474 Επεὶ

498 1522 667 1595 quod
682 1520 949 1588 Photius,
967 1520 1152 1575 misso
1167 1519 1400 1588 nuntio,
1429 1534 1616 1573 sacrm
1632 1533 1858 1573 mensae
1888 1532 2088 1572 comm

2272 1512 2324 1567 δε
2382 1515 2645 1576 Βασιλειος
2700 1516 2726 1565 ὀ
2790 1510 3068 1580 Μακεδὼν,
3115 1517 3203 1565 τόν
3259 1510 3485 1584 Μιχαὴλ
3533 1510 3864 1573 ἀποκτείνας,

499 1611 679 1668 nione
696 1608 911 1665 Basilio
930 1607 1334 1676 interdixerat,
1356 1622 1606 1663 manum
1626 1606 1824 1663 adhuc
1844 1611 2091 1662 cruenta

2275 1608 2495 1675 ιατέσχε
2518 1608 2607 1661 τὴν
2640 1602 2933 1676 βασιλειαν,
2989 1606 3075 1654 τόν
3133 1608 3327 1655 Φώτιον
3383 1604 3474 1672 μὲν
3530 1606 3625 1652 τοὺ
3677 1601 3867 1672 θρόνου

502 1697 726 1770 gerenti
756 1697 1053 1754 Michaelis
1078 1696 1258 1752 caede.
1292 1696 1405 1753 Sed
1436 1697 1596 1752 enim
1618 1696 1848 1765 Ignatio
1895 1699 2092 1751 mortu

2280 1694 2503 1764 ιατάγει,
2528 1696 2615 1744 τόν
2656 1688 2716 1744 δέ
2754 1691 2902 1763 ἅγιον
2939 1690 3187 1762 Ἰγνάτιον
3219 1690 3371 1751 αὖθις
3417 1688 3617 1760 ἀνάγει.
3683 1687 3744 1740 Ἠ
3808 1685 3872 1740 δέ

501 1801 713 1843 rursus
734 1786 815 1842 ad
842 1786 1115 1842 Photium
1144 1785 1403 1857 dignitas
1433 1785 1511 1842 ab
1540 1785 1754 1841 eodem
1796 1785 2090 1857 imperato

2282 1781 2432 1847 εἰτὶα,
2465 1787 2643 1852 φασιν,
2683 1782 2764 1833 ὁτι
2804 1780 3015 1853 πέμψας
3076 1780 3232 1831 αὐτόν
3297 1784 3512 1839 Φώτιος,
3579 1785 3671 1837 τῆς
3739 1778 3874 1838 ζωο-

503 1873 768 1931 dei'ertur
794 1892 811 1928 :
837 1875 1008 1945 cujus
1035 1873 1193 1928 ﬁlius
1217 1876 1328 1929 Leo
1357 1872 1696 1946 philosophi
1741 1873 1988 1930 nomine
2040 1873 2093 1928 cl

2281 1875 2703 1931 τοιούκοινωνίας
2753 1870 2812 1921 οὐ
2862 1864 3144 1941 μετεδίδου
3210 1868 3372 1938 αὐτῷ,
3438 1869 3747 1939 ᾑμαγμένην
3793 1869 3873 1918 ἔτι

503 1977 610 2019 rus
635 1963 910 2020 Photium
932 1962 1133 2019 denuo
1156 1962 1298 2018 sede
1312 1963 1567 2019 removit
1582 1982 1594 2027 ;
1609 1965 1846 2025 timens,
1890 1962 2095 2017 ut'aiur

2279 1962 2557 2030 ἕχοντιτὴν
2582 1967 2743 2031 χεῖρα
2760 1967 2833 2029 τῷ
2884 1966 2975 2010 τοῦ
3040 1956 3264 2029 Μιχαὴλ
3316 1962 3469 2028 φόνῳ.
3546 1957 3704 2011 Ἀλλὰ
3775 1962 3871 2008 τοῦ

502 2070 579 2112 ne
590 2053 985 2111 Santarenum
998 2052 1342 2109 defenderet
1357 2053 1417 2108 in
1436 2068 1621 2109 causa
1631 2053 1947 2109 calumniae
1967 2068 2091 2125 qua

2281 2053 2524 2119 Ἰγνατίου
2551 2054 2635 2100 τόν
2662 2046 2780 2120 βίον
2818 2046 3178 2111 ἀπολιπόντος,
3229 2046 3381 2107 αὖθις
3433 2046 3506 2108 εἰς
3542 2050 3630 2098 τόν
3689 2048 3873 2119 θρόνον

500 2142 599 2201 iile
628 2142 771 2199 olim
792 2146 1001 2199 contra
1026 2156 1088 2198 se
1110 2140 1273 2214 apud
1295 2146 1532 2213 patrem
1555 2142 1978 2215 imperatorem
2002 2147 2092 2197 stri

2283 2137 2471 2209 ὶνήχθη
2501 2143 2695 2197 Φώτιος
2731 2139 2876 2209 παρά
2894 2144 2985 2188 τοῦ
3033 2135 3190 2187 αὐτοῦ
3241 2132 3519 2207 βασιλέως·
3579 2132 3638 2187 οὖ
3681 2137 3708 2186 6
3759 2137 3875 2194 υἱός

498 2236 686 2288 xerat.
716 2234 834 2287 Hoc
864 2231 1025 2287 enim
1054 2229 1480 2286 obvertebatur
1506 2230 1714 2286 Leonis
1754 2230 1937 2286 menti
1965 2246 2090 2303 nup

2281 2229 2430 2295 How,
2471 2229 2497 2278 6
2526 2226 2686 2288 πολὺς
2712 2230 2805 2284 τὴν
2844 2225 3168 2297 φιλοσοφίαν.
3200 2228 3287 2276 τόν
3318 2230 3511 2277 Φὼτιον
3569 2225 3718 2285 αὖθις
3776 2230 3873 2275 τοῦ

498 2335 756 2390 regnum
786 2319 1009 2391 adepti.
1036 2322 1187 2388 Ergo
1211 2319 1585 2390 Stephanum
1603 2319 1845 2376 fratrem
1897 2335 2076 2376 suum

2280 2317 2451 2390 θρόνου
2490 2321 2931 2393 παρακεκινηκὼς
2983 2312 3208 2380 (δείσας,
3257 2315 3328 2375 ὧς
3395 2333 3544 2386 φασι,
3622 2318 3695 2385 μὴ
3775 2313 3872 2365 οὐκ

498 2409 668 2478 regia
686 2407 1093 2479 patriarcham
1121 2408 1365 2463 creavit.
1394 2408 1570 2479 Atqui
1596 2423 1776 2464 nemo
1814 2424 1888 2464 ex
1914 2408 2007 2464 his
2053 2426 2090 2482 p

2278 2404 2394 2478 ἱάση
2429 2407 2715 2457 ἁνύνασθαι
2759 2403 3147 2477 Σανταϐαρηνόν
3222 2411 3318 2463 τῆς
3376 2403 3449 2463 εἰς
3516 2408 3606 2454 τὸν
3663 2406 3870 2475 πατέρα

502 2497 773 2555 triarchis
793 2497 1145 2569 repudiatus
1166 2497 1276 2552 fuit
1309 2515 1323 2565 ;
1348 2496 1453 2552 sed
1474 2497 1722 2553 admissi
1749 2512 1962 2553 omnes
1979 2505 2094 2572 ath

2276 2500 2355 2548 ιιαὶ
2411 2493 2634 2567 βασιλέα
2683 2491 2931 2553 διαϐολῆς
2985 2492 3266 2544 και-ἀὗτού
3325 2494 3488 2545 ἕνεκα·
3546 2500 3704 2543 τοῦτο
3762 2494 3868 2563 γὰρ

499 2584 564 2642 in
584 2586 809 2643 honore
829 2584 1019 2641 habiti
1044 2585 1209 2656 apud
1237 2584 1508 2641 ﬁdelium
1552 2585 1876 2641 Ecclesiam
1919 2585 2091 2643 fueru

2282 2585 2459 2636 iAa’wv
2482 2586 2755 2658 αὑτάρχης
2785 2579 2891 2642 ἤδη
2949 2578 3280 2653 ἀναδειχθεὶς
3335 2584 3471 2633 κατά
3520 2588 3639 2632 νοῦν
3696 2579 3874 2653 ἱστρε-

502 2678 560 2730 et
583 2673 782 2729 adhuc
816 2679 956 2729 sunt
982 2679 1162 2746 atque
1192 2674 1628 2731 existimantur.
1651 2673 1834 2747 quue
1854 2674 1923 2731 ﬁt
1955 2675 2091 2749 pala

2280 2673 2363 2745 ρε),
2392 2677 2639 2742 Στέφανον
2681 2677 2766 2724 τόν
2804 2668 2943 2724 ἴδιον
2990 2668 3210 2743 ἀδελφόν
3248 2672 3475 2740 καθιστᾷ
3526 2671 3872 2744 πατριάρχην

503 2768 577 2809 ex
604 2753 756 2810 libro
786 2754 1100 2826 synodico,
1123 2754 1227 2810 ubi
1256 2755 1384 2811 hinc
1416 2754 1714 2811 habentur
1771 2772 1783 2810 :
1847 2780 1868 2806 ι
1923 2759 2095 2827 lgnat

2280 2760 2688 2824 ἑξουσιαστικώς.
2726 2765 2825 2814 Καὶ
2891 2764 3081 2812 τούτων
3134 2762 3339 2811 πάντων
3395 2755 3571 2820 οὐδεὶς
3628 2757 3872 2815 ἀπόϐλη-

503 2842 707 2909 Photii,
759 2843 1061 2915 Stephani,
1105 2847 1286 2916 atque
1329 2844 1568 2899 Antonii
1635 2844 2089 2901 sanctissimam

2277 2871 2349 2913 ro;
2374 2856 2597 2922 γέγονεν.
2632 2850 2738 2902 ἀλλ’
2785 2849 2891 2901 ὃλοι
2935 2846 3112 2902 δέκτοι
3154 2854 3244 2900 καὶ
3304 2847 3584 2921 σεϐάσμιοι
3644 2856 3707 2920 τῇ
3762 2856 3869 2898 τῶν

499 2930 982 3004 patriarcharum
1012 2936 1237 2989 aeterna
1265 2934 1558 2989 memoria
1587 2934 1681 2990 sit.
1712 2956 1742 2985 »
1766 2937 1833 2990 Et
1876 2950 2085 2991 rursus

2278 2949 2460 2993 τιστῶν
2518 2939 2802 3011 Ἐκκλησία
2862 2943 2952 2991 καὶ
3001 2938 3102 2990 εἰσὶ
3154 2942 3245 2989 καὶ
3316 2938 3683 3011 γνωριζονται.
3763 2941 3870 2988 Καὶ

503 3042 533 3070 «ι
561 3021 899 3078 Anathema
925 3021 1016 3088 iis,
1046 3036 1183 3095 quae
1209 3021 1369 3079 dicta
1402 3023 1702 3095 scriptave
1755 3022 1995 3079 fuerunt
2050 3040 2095 3081 at

2275 3037 2410 3081 τοῦτο
2440 3026 2599 3087 δῆλον
2629 3027 2684 3080 ἑκ
2716 3036 2810 3080 τοῦ
2896 3024 3177 3079 συνοδικοῦ
3228 3029 3355 3096 (14)’
3411 3031 3703 3098 γέγραπται
3757 3027 3867 3095 γάρ

497 3124 704 3213 versus
744 3109 1155 3168 sanctissimos
1199 3111 1573 3184 patriarchas
1627 3111 1924 3182 lgnatium
1970 3118 2150 3186 atque
2178 3160 2221 3213 Ο

500 3200 796 3257 Photium.
824 3218 855 3252 »
2182 3200 2218 3213 ν
2256 3226 2365 3271 νου,
2428 3212 2517 3259 καὶ
2579 3209 2853 3258 Ἀντωνίου
2926 3213 3025 3257 τῶν
3120 3206 3421 3274 ἁγιωτάτων
3512 3210 3870 3277 πατριαρχῶν

501 3294 686 3341 αἰωνία
733 3291 764 3347 ἡ
817 3294 995 3361 μνήμη
1030 3311 1044 3323 ⁸
1100 3311 1123 3338 ι
1168 3294 1260 3343 καὶ
1291 3289 1444 3342 πάλιν
1478 3308 1490 3320 ⁸
1527 3312 1554 3341 ι(
1606 3294 1685 3345 Τά
1736 3290 2021 3350 λαληθέντα
2070 3298 2162 3346 καί
2215 3300 2472 3369 γραφέντα
2523 3298 2659 3347 κατά
2715 3295 2972 3366 ’ἰγνατίου
3024 3298 3115 3345 καὶ
3167 3297 3351 3345 Φοτίου
3408 3301 3507 3344 τῶν
3556 3290 3871 3363 ἁγιωτάτων

499 3397 636 3451 πατρ
644 3397 727 3451 ιαρ
732 3385 848 3448 χῶν
877 3377 1126 3449 ἀνάθεμα.
1169 3401 1198 3428 ››

576 3470 660 3521 13.
684 3467 807 3534 Ego
836 3480 978 3521 vero
999 3482 1138 3521 cum
1178 3465 1453 3537 synodici
1477 3468 1843 3524 mentionem
1887 3468 2148 3537 fecerim,

2328 3471 2413 3544 ιγ’.
2468 3474 2599 3543 Ἐγώ
2651 3468 2710 3523 δε
2765 3490 2858 3523 του
2913 3466 3197 3523 συνοδικοῡ
3244 3468 3437 3544 ἀρτιως
3504 3468 3872 3540 ἐπιμνησθεὶς,

501 3553 727 3610 addam
756 3558 813 3609 et
845 3554 964 3610 alia
990 3555 1197 3621 verba,
1224 3571 1483 3627 quorum
1513 3571 1665 3628 pene
1695 3557 1914 3613 oblitus
1961 3575 2093 3615 eran

2284 3566 2345 3613 ,αἱ
2383 3559 2449 3612 ὦν
2506 3557 2614 3619 ἠδη
2670 3559 3011 3632 ἐπιλελησμαι
3067 3557 3444 3631 ἐμνημόνευσα·
3508 3561 3713 3629 φέρεται
3763 3560 3876 3631 γὰρ

504 3643 597 3699 Sic
623 3641 782 3698 enim
807 3641 1032 3699 ibidem
1060 3648 1345 3714 praeterea
1364 3643 1616 3713 legitur:
1646 3666 1673 3694 «
1707 3645 1933 3701 Tarasii
1956 3653 2014 3702 et
2062 3650 2096 3703 Ν

2284 3669 2305 3699 ν
2345 3648 2484 3718 αὐτῷ
2514 3644 2660 3700 τάδε’
2696 3651 3011 3719 (Ταρασίου
3053 3651 3143 3698 καὶ
3188 3649 3491 3717 Νικηφόρον
3544 3652 3646 3695 τῶν
3706 3644 3876 3715 ἁγιω-

501 3731 747 3803 cephori
776 3732 1298 3788 sanctissimorum
1331 3739 1574 3806 patrum
1604 3738 1828 3791 aeterna
1860 3752 2093 3792 memor

2279 3740 2423 3791 ’άτων
2492 3745 2833 3809 πατριαρχῶν
2886 3736 3071 3788 αἰωνία
3138 3739 3341 3807 μνὴμη·
3426 3756 3456 3783 ››
3508 3737 3601 3789 καὶ
3687 3735 3871 3793 αὖθις.

503 3822 596 3879 sit.
623 3843 644 3870 ι
665 3824 1013 3894 Rursusque
1046 3840 1060 3876 :
1088 3845 1109 3871 ι
1146 3822 1220 3878 Iis
1246 3838 1382 3894 quae
1414 3822 1575 3879 dicta
1593 3824 1887 3895 scriptave
1916 3824 2095 3880 fueru:

2281 3827 2406 3879 ιΤά
2456 3825 2741 3883 λαληθέντα
2796 3830 2889 3876 καὶ
2944 3828 3206 3897 γραφέντα
3264 3824 3400 3875 κατά
3456 3830 3554 3874 τῶν
3605 3818 3873 3893 ἀοιδίμων

500 3909 791 3967 adversus
817 3910 1154 3967 laudabiles
1202 3912 1574 3984 patriarchas
1622 3914 1929 3969 Tarasium
1973 3920 2092 3986 atq:

2279 3924 2602 3989 πατριαρχών
2658 3918 2926 3987 Ταρασίου
2977 3918 3069 3964 καὶ
3145 3916 3447 3987 Νικηφόρου
3524 3910 3775 3983 ἀνάθεμα.
3838 3932 3871 3960 ››

502 3998 925 4072 Nicephorum,
957 4001 1301 4057 anathema.
1336 4024 1364 4051 ››
1402 4000 1601 4057 Videte
1647 4008 1876 4058 rectum
1917 4005 2094 4076 Deoql

2284 4010 2441 4077 Ορᾶτε
2479 4008 2573 4061 τὴν
2644 4002 2805 4076 ὀρθὴν
2857 4008 2947 4054 καὶ
3001 4010 3073 4072 τῷ
3128 4009 3243 4054 Θεῶ
3300 3997 3644 4053 εὐαπόδεκτόν
3691 4005 3876 4076 κρίσιν

502 4092 740 4156 gratum
763 4093 981 4145 sanctae
998 4094 1055 4145 et
1072 4089 1378 4145 catholicae
1394 4089 1693 4162 Ecclesiaaj
1706 4090 1992 4161 udicium,
2021 4108 2094 4148 sa:

2281 4100 2349 4151 ’ῆς
2380 4090 2535 4163 ἁγίας
2576 4096 2667 4143 καὶ
2726 4090 3009 4152 καθολικῆς
3066 4088 3393 4156 Ἐκκλησίας,
3448 4092 3537 4140 καὶ
3581 4095 3680 4139 τῶν
3741 4090 3873 4161 ἱερο-

502 4180 737 4233 ctorum
766 4177 1064 4247 Evangelii
1083 4194 1431 4250 praeconum
1449 4178 1884 4250 apostolorum,
1918 4186 2094 4236 sancti

2277 4184 2497 4255 ιηρύκων
2529 4180 2688 4252 ἁγίων
2736 4178 3055 4249 ἀποστόλων,
3110 4183 3198 4231 καὶ
3259 4186 3358 4229 τῶν
3408 4178 3565 4249 ἁγίων
3622 4180 3869 4251 Πατέρων

501 4281 758 4337 rumque
783 4267 1020 4321 Patrum
1046 4272 1412 4332 nostrorum,
1440 4283 1571 4333 vos,
1603 4268 1876 4340 inquam,
1908 4270 2012 4340 qui
2054 4284 2093 4338 g

2275 4273 2425 4343 ὴμῶν,
2467 4270 2515 4323 οἰ
2552 4280 2639 4321 νυν
2696 4269 3040 4339 ἀντιλέγοντες
3093 4276 3165 4337 τῷ
3218 4276 3374 4338 κοινῷ
3411 4275 3512 4319 τῶν
3568 4263 3867 4340 ὀρθοδόξων

501 4354 691 4411 nerali
708 4354 1183 4410 orthodoxorum
1209 4356 1382 4411 coetui
1405 4357 1695 4413 resistitis.
1731 4360 1804 4413 Ex
1816 4359 2093 4414 horrescit

2272 4359 2587 4433 πληρώματι.
2691 4358 2929 4430 ψρίξατε,
3028 4356 3332 4429 παρακαλῶ,
3427 4354 3762 4417 ἐννοήσαντες
3834 4356 3864 4413 ἧ

504 4457 633 4510 oro,
665 4442 727 4497 in
748 4447 1044 4513 quantum
1073 4443 1369 4499 malorum
1400 4443 1753 4499 barathrum
1785 4462 1892 4517 per
1929 4447 2096 4503 disco

2273 4455 2421 4498 ιακοῡ
2453 4448 2682 4521 φέρεσθε,
2729 4466 2817 4497 και
2865 4448 2991 4519 πρός
3040 4442 3323 4517 διόρθωσιν
3372 4444 3564 4496 ἑαυτῶν
3615 4443 3865 4516 ἐπάχθη-

505 4531 944 4589 diamvestram
957 4532 1694 4606 ruatis,emendationique
1706 4552 1912 4591 curam
1926 4536 2097 4608 impe:

2272 4556 2313 4589 re
2346 4557 2358 4569 ·
2393 4539 2442 4588 οἱ
2465 4538 2566 4608 γάρ
2620 4536 2878 4609 εἰρημένοι
2929 4533 3113 4608 μικρόν
3173 4533 3408 4606 ἀνωτέρω
3460 4537 3648 4595 πάντες
3697 4533 3864 4604 ἅγιοι,

507 4619 648 4675 dite.
670 4622 819 4675 Nam
849 4620 1118 4691 praedicti
1137 4637 1351 4677 omnes
1382 4621 1603 4693 quibus
1635 4638 1805 4678 sacer
1827 4624 2023 4680 honor
2050 4626 2099 4681 h.

2281 4627 2405 4678 ιῦτοι
2433 4629 2615 4685 πάντες
2646 4627 2909 4698 ἄνθρωποι
2961 4629 3099 4686 ὄντες
3151 4626 3339 4676 ἔπαθόν
3391 4644 3445 4676 τι
3496 4622 3818 4696 ἀνθρώπινον
3853 4643 3873 4675 ι

506 4707 701 4779 betur,
726 4711 1016 4781 quoniam
1053 4711 1329 4767 homines
1376 4718 1562 4781 erant,
1618 4711 1870 4767 humani
1927 4712 2098 4785 aliqui

2276 4720 2347 4766 ιαὶ
2375 4711 2553 4766 οἴδατε
2582 4716 2767 4775 πάντες
2808 4715 2907 4767 ὅσα
2957 4718 3046 4765 καὶ
3096 4712 3233 4766 εἷπον
3285 4718 3375 4764 καὶ
3430 4713 3662 4785 ἔγραψαν
3719 4712 3868 4764 ἄλλοι

504 4799 675 4870 passi
700 4803 838 4854 sunt
870 4816 882 4854 :
916 4799 1106 4855 nostis
1131 4799 1293 4855 enim
1312 4800 1533 4873 quibus
1564 4799 1821 4856 invicem
1843 4800 2039 4856 verbis
2068 4817 2096 4856 a

2278 4804 2374 4855 ιατ⁹
2406 4804 2567 4855 ἄλλων
2602 4825 2612 4836 ·
2681 4799 2860 4860 ἐπειδὴ
2922 4801 3153 4873 εὐλόγοις
3207 4798 3364 4860 δῆθεν
3419 4799 3648 4853 ἐνέπεσον
3710 4798 3870 4874 ἀφορ-

505 4903 623 4961 que
652 4887 883 4960 scriptis
915 4888 1212 4944 adversati
1243 4889 1398 4944 sint:
1432 4888 1580 4962 quia
1625 4888 1900 4945 videlicet
1943 4890 2094 4963 prob

2272 4900 2406 4959 ιιαίς,
2464 4897 2552 4943 καὶ
2624 4899 2716 4953 τῆς
2798 4888 3065 4965 ἀκριϐείας
3137 4887 3518 4941 ἀντιποιεῖσθαι
3570 4887 3818 4961 ἐνόμισαν
3852 4910 3864 4922 ·

505 4975 729 5033 bilesin
743 4976 1004 5047 speciem
1020 4991 1236 5031 causas
1249 4977 1791 5033 controversiarum
1814 4979 1970 5033 nacti
1987 4993 2097 5034 era:

2278 4983 2384 5053 Ξπερ
2442 4993 2531 5032 και
2583 4999 2715 5039 τινες
2762 4977 2814 5040 ἐξ
2871 4980 3012 5051 ὑμῶν
3100 4980 3235 5029 κατά
3287 4982 3406 5038 τοὺς
3464 4979 3585 5052 ἄρτι
3639 4982 3870 5050 χρόνους

506 5070 564 5122 et
593 5082 771 5122 suum
792 5066 1049 5139 quisque
1091 5067 1373 5139 persequi
1412 5067 1514 5136 jus
1562 5067 1887 5123 credebant
1927 5084 1939 5121 :
1991 5083 2098 5138 quc

2275 5072 2443 5122 νταθείν
2474 5066 2675 5132 ἔδοξαν.
2712 5071 2788 5120 Τὰ
2815 5070 2916 5140 γὰρ
2956 5076 3055 5118 τῶν
3110 5066 3308 5119 πολλῶν
3352 5066 3388 5117 ἃ
3429 5072 3519 5118 καὶ
3570 5068 3867 5140 πράττουσι

505 5155 710 5229 ipsum
739 5156 913 5211 vestri
976 5171 1218 5230 quoque
1268 5155 1536 5211 nonnulli
1592 5157 1867 5211 homines
1915 5172 2097 5228 nuper

2279 5163 2352 5210 ιαὶ
2435 5154 2788 5210 διδάσκουσιν
2851 5158 2899 5207 οἱ
2954 5160 3048 5213 τὴν
3099 5157 3346 5230 ὑμετέραν
3399 5151 3556 5212 δῆθεν
3600 5155 3729 5228 ὕπερ
3777 5163 3871 5216 τῆς

506 5244 879 5316 temporibus
896 5245 1090 5313 egisse
1124 5244 1421 5300 videntur.
1466 5245 1692 5300 Etenim
1714 5260 1849 5316 quae
1880 5244 2044 5300 multi
2074 5245 2098 5301 f

2278 5247 2532 5323 ἱκριϐείας
2593 5244 2854 5299 εὐλάϐειαν
2924 5247 3337 5317 ὑποκρινόμενοι,
3420 5252 3589 5316 σιωπῇ
3677 5243 3870 5315 μᾶλλον

506 5335 688 5403 ciunt,
718 5349 790 5388 ex
814 5333 885 5389 iis
905 5334 1009 5405 qui
1032 5340 1293 5422 vestrum
1327 5350 1584 5389 summae
1626 5334 1991 5389 rectitudinis
2042 5341 2094 5391 st

2279 5341 2521 5409 τροσὴκει
2551 5333 2737 5388 δουναι
2790 5335 2818 5392 ἦ
2869 5341 3041 5405 γραφῇ
3081 5354 3093 5366 ·
3162 5336 3229 5384 τά
3257 5336 3357 5407 γάρ
3419 5341 3616 5406 κρυφῆ,
3654 5338 3817 5403 φησὶν
3844 5334 3871 5384 6

506 5423 670 5480 dium
696 5424 998 5491 simulant,
1017 5424 1247 5480 silentio
1268 5419 1462 5495 magis
1485 5424 1911 5479 commendare
1926 5431 2098 5498 oport

2280 5424 2758 5490 9εἰοςἈπόστολος,
2798 5426 3041 5494 γινόμενα
3099 5424 3198 5474 ὑπὸ
3254 5440 3405 5473 τινων
3467 5422 3694 5494 αἰσχρόν
3752 5419 3872 5472 ἐστι

2259 3116 2308 3168 ἓν
2369 3117 2508 3189 αὐτῷ
2568 3117 2703 3169 οὕτω
2766 3122 2947 3168 ταῦτα·
3005 3116 3319 3185 «Ἰγνατίου,
3380 3118 3597 3177 Φωτίου,
3667 3115 3866 3185 Στεφάι

509 5576 1279 5720 σνῗέᾂοιὲοἳέἓςὶ
1304 5577 1473 5634 solito
1497 5546 1825 5651 quotannis
1852 5577 2367 5657 Constantinopoli
2395 5582 2452 5633 et
2475 5578 2537 5641 in
2564 5580 2779 5639 cuncta
2809 5574 3033 5633 Graecia
3067 5572 3333 5657 loquitur
3359 5573 3607 5631 Allatius
3637 5572 3870 5633 Contra

964 5690 982 5717 ,
1059 5688 1074 5703 .
1218 5689 1233 5704 .

964 5690 982 5717 ,
1010 5688 1074 5717 ιθ.
1104 5688 1233 5704 υνυο
