4032 6308
259 352 372 406 797

1507 353 1600 416 DE
1642 356 2027 416 SCHISMATE
2062 359 2395 419 VITANDO.

3520 366 3633 423 3798

260 477 360 526 καὶ
380 475 560 547 λέγειν.
620 477 775 531 ’Δλλά
828 481 896 531 τὰ
935 486 1037 530 τῶν
1063 483 1310 533 τοιούτων
1357 484 1528 536 οἱκαὶ
1575 485 1700 556 ἡμῖν
1742 485 1870 536 ὑπο-

1984 500 2165 558 quam
2193 487 2450 560 scriptis.
2485 491 2631 544 Nam
2662 503 2800 559 qua:
2829 487 2892 543 in
2920 487 3174 556 occulto,
3205 487 3401 560 inquit
3453 487 3631 545 divus

269 564 582 636 στρέψαντες
644 565 744 618 ἀπό
794 575 885 628 τῆς
931 567 1050 620 καθ’
1107 571 1244 641 ὑμᾶς
1302 570 1497 633 πλάνης
1555 569 1868 643 ἐκδιηγουν-

265 672 378 720 ται,
439 655 712 718 κατανόξει
761 657 954 729 ποαλλῇ
985 663 1074 710 καὶ
1123 655 1356 732 δάκρυσι
1418 664 1715 733 ποιούμενοι
1777 666 1869 719 τὴν

264 741 640 814 ἐξομολόγησιν
670 767 681 777 ·
739 745 838 817 ἐγὼ
888 743 948 798 δέ
997 748 1118 822 ὅπερ
1182 749 1376 820 ἔλεγον,
1451 749 1769 823 ἀνθρώπινόν
1820 770 1869 802 τι

264 833 517 892 παθόντες
566 834 615 885 οἱ
671 834 928 907 εἰρημενοι
979 835 1144 906 ἅγιοι,
1208 835 1346 890 εἶπον
1383 842 1469 890 καὶ
1530 839 1762 910 ἔγραψαν
1835 839 1871 890 ἅ

267 921 528 994 ἔγραψαν.
557 922 616 975 Ἡ
644 919 704 975 δε
737 933 832 986 τῆς
867 924 1175 1000 Ἐκκλησίας
1220 927 1382 990 ἔνθεος
1433 934 1608 1002 κρίσις
1656 931 1722 982 τά
1779 933 1868 1000 μὲν

270 1009 521 1082 εἰρημένα
589 1017 678 1064 καί
752 1018 1084 1086 γεγραμμένα
1157 1014 1205 1066 ἕν
1275 1025 1347 1086 τῷ
1395 1026 1488 1076 τῆν
1558 1017 1870 1089 φιλονεικίας

267 1106 442 1170 καιρῷ
490 1104 579 1151 καί
622 1103 778 1155 πάθει
825 1110 898 1172 τῷ
959 1101 1242 1176 ἀναθέματι
1300 1102 1586 1165 συνοδικῶς
1638 1109 1866 1160 καθυπέ-

268 1184 398 1239 ϐαλε
423 1208 438 1220 ο
471 1192 590 1250 τοὺς
617 1185 666 1241 δ’
693 1190 924 1251 εἰπόντας
971 1195 1057 1244 καὶ
1100 1193 1403 1266 γράψαντας
1445 1183 1642 1256 πάντας
1698 1195 1865 1248 ἀσπα-

269 1279 399 1337 σίως
424 1274 634 1341 ἐδέξατο
661 1299 672 1311 ·
701 1283 790 1332 καὶ
819 1284 900 1351 τό,
928 1281 1122 1336 Δίωνία
1158 1285 1188 1341 η
1249 1288 1449 1354 μνήμη,
1500 1290 1617 1358 περὶ
1662 1287 1866 1337 πάντων

264 1363 456 1427 ἐπίσης
495 1365 762 1442 ἀναφωνεῐ.

346 1634 435 1693 ιδ’.
467 1642 530 1690 Τί
559 1637 784 1692 ἐντεῦθεν
812 1642 947 1712 ἡμᾶς
967 1638 1358 1694 ἕκπαιδεύουσα
1380 1660 1394 1709 ;
1414 1643 1534 1695 Ὃτι
1562 1663 1643 1695 τοι
1686 1645 1867 1717 κρεῖσ-

269 1730 367 1777 σόν
400 1725 590 1786 ἐστινή
640 1729 825 1800 ὁμόνια
879 1734 967 1782 καὶ
1006 1730 1175 1803 εἰρηνη
1233 1741 1333 1782 τῶν
1381 1728 1676 1806 όρθοδόξων
1733 1741 1867 1806 Χρι-

1979 576 2305 646 apostolus,
2331 593 2368 633 a
2396 577 2700 634 nonnullis
2731 577 2901 645 ﬁunt,
2924 593 2997 634 ea.
3029 576 3192 633 dictu
3223 593 3468 650 quoque
3498 582 3625 633 tur-

1979 664 2074 735 pia
2101 671 2258 721 sunt.
2296 667 2409 723 Sed
2439 668 2598 722 enim
2624 668 2752 722 haec
2783 671 3121 722 vestrarum
3150 667 3414 737 partium
3440 665 3630 722 homi-

1975 768 2086 808 nes
2115 756 2377 812 maxime
2403 762 2643 823 norunt,
2674 756 2779 828 qui
2807 755 3027 811 deinde
3080 771 3116 810 a
3169 761 3366 811 vestro
3429 771 3630 812 errore

1975 844 2410 917 resipiscentes,
2460 846 2636 902 nobis
2667 845 3092 917 patefecerunt,
3127 860 3250 900 non
3277 844 3404 900 sine
3435 845 3628 900 multo

1975 930 2184 989 dolore
2209 951 2279 989 ac
2298 934 2581 1006 lacrymis
2601 951 2729 990 rem
2753 933 3122 989 conﬁtentes.
3151 935 3275 1002 Age
3297 948 3440 988 vero
3461 933 3628 1005 quod

1969 1019 2100 1089 jam
2129 1021 2270 1088 dixi,
2296 1023 2663 1079 venerabiles
2693 1023 2776 1078 illi
2806 1023 2914 1077 viri
2939 1022 3150 1091 lingua
3182 1027 3237 1077 et
3271 1021 3505 1092 scriptis
3542 1021 3627 1076 in-

1975 1115 2375 1181 temperanter
2405 1128 2549 1168 sane
2577 1112 2666 1167 usi
2697 1116 2835 1166 sunt
2862 1129 2874 1165 :
2904 1111 3177 1165 divinum
3205 1115 3406 1165 autem
3435 1110 3625 1165 Eccle-

1977 1198 2079 1252 siae
2101 1199 2419 1268 judicium,
2461 1199 2754 1272 quidquid
2789 1199 3234 1256 inimicitiarum
3273 1204 3540 1270 tempore
3573 1204 3630 1254 et

1975 1292 2124 1342 aestu
2153 1287 2381 1344 dictum
2405 1289 2765 1360 scriptumve
2790 1287 2918 1353 fuit,
2938 1287 3320 1342 anathemate
3344 1286 3622 1357 synodali

1975 1375 2227 1447 perculit
2266 1395 2278 1432 :
2325 1378 2647 1433 verborum
2673 1393 2814 1431 vero
2846 1377 3326 1447 scriptorumque
3353 1380 3626 1430 auctores

1977 1471 2359 1536 peramanter
2380 1482 2591 1522 omnes
2644 1466 2867 1536 recipit,
2919 1471 3277 1536 aeternaeque
3320 1465 3627 1519 memoria;

1976 1553 2268 1610 honorem
2286 1557 2514 1612 cunctis
2534 1572 2706 1628 teque
2723 1571 2828 1626 per
2849 1570 3088 1609 sacrum
3109 1554 3286 1608 ritum
3309 1557 3625 1608 acclamat.

2052 1647 2137 1701 14.
2165 1645 2319 1710 Quid
2347 1652 2547 1702 autem
2577 1645 2716 1700 hinc
2754 1644 3043 1700 docemur
3070 1644 3096 1698 ‘2
3127 1647 3351 1714 Nempe
3411 1643 3629 1697 rectius

1976 1735 2104 1790 ﬁeri
2130 1736 2178 1790 si
2204 1737 2518 1792 consensio
2547 1741 2603 1791 et
2633 1752 2751 1807 pax
2780 1735 2931 1790 inter
2954 1733 3324 1789 orthodoxos
3354 1732 3628 1788 Christia-

270 1824 520 1882 στιανῶν,
577 1818 954 1881 ἀστασιάστοις
1007 1824 1097 1872 καὶ
1149 1822 1501 1893 ὁμονοητικῶς
1575 1826 1864 1894 τηρουμένη

1984 1839 2088 1880 nos
2108 1823 2356 1880 ﬁrmiter
2383 1824 2876 1895 concorditer-que
2898 1839 3038 1878 cum
3062 1822 3161 1878 Dei
3176 1821 3386 1878 timore
3411 1827 3469 1876 et
3488 1821 3626 1878 cha-

268 1906 407 1975 μετά
443 1903 602 1976 φόϐου
642 1914 778 1959 Θεοῦ
822 1912 913 1959 καὶ
961 1907 1192 1979 ἀγάπης,
1254 1914 1285 1968 ἧ
1340 1920 1410 1980 τῷ
1457 1915 1550 1969 τὴν
1604 1910 1868 1986 ἀκρίϐειαν

271 1989 450 2046 δοκεῖν
477 1990 706 2064 διώκειν,
727 2002 817 2049 καὶ
846 2000 904 2049 τό
934 1997 1089 2050 καλόν
1134 2003 1342 2069 σχίζειν
1389 2009 1542 2071 σῶμα
1600 2009 1694 2058 τῆν
1749 1999 1868 2052 Ἐκ-

266 2081 494 2143 κλησίας
532 2092 768 2158 Χριστοῦ
797 2106 809 2118 ·
861 2107 890 2135 ‹‹
927 2085 1010 2140 Ἐν
1054 2092 1222 2159 τοὺτῳ
1267 2091 1392 2161 γάρ,
1446 2111 1474 2139 »
1526 2109 1656 2162 φησι
1711 2093 1801 2141 καὶ
1843 2091 1868 2140 ό

271 2174 488 2246 Κύριος,
513 2195 541 2224 ιι
567 2180 877 2243 γνώσονται,
931 2177 1010 2228 ὅτι
1058 2179 1292 2249 μαθηταί
1340 2181 1440 2250 μου
1498 2177 1630 2247 ἐστε,
1662 2201 1690 2228 ››
1742 2178 1868 2249 οὐχὶ

267 2269 347 2332 τῷ
377 2270 472 2324 τῆς
502 2261 765 2338 ἀκριϐείας
807 2261 980 2318 δοκεῖν
1037 2265 1334 2337 ἐξέχεσθαι,
1387 2268 1493 2320 ἀλλ’
1520 2291 1540 2317 ι
1599 2267 1683 2320 ἐὰν
1739 2267 1867 2339 ἀγα-

265 2357 404 2404 πᾶτε
434 2350 699 2413 ἀλληλους.
731 2373 760 2403 »
781 2353 838 2406 Ὀ
868 2362 990 2425 γοῦν
1023 2352 1098 2407 δί’
1119 2355 1383 2429 ἀκρίϐειαν
1444 2354 1601 2416 δῆθεν
1660 2362 1870 2417 κανόνος

268 2443 408 2500 τινός
445 2441 688 2516 ταραχὰς
733 2453 912 2509 ποιῶν,
975 2446 1189 2507 στάσεις
1235 2455 1410 2514 κινῶν,
1459 2453 1549 2498 καὶ
1597 2451 1654 2498 τό
1719 2456 1872 2518 σῶμα

270 2530 483 2599 σχίζων
534 2539 632 2593 τῆς
702 2531 1034 2600 Ἐκκλησίας,
1091 2531 1372 2608 ὀρθοδοξὶᾳ
1435 2545 1532 2597 τῆς
1609 2535 1872 2598 εὐσεϐείας

269 2625 716 2693 συντηρουμένης,
745 2623 771 2674 ὁ
800 2627 1052 2692 τοιοῦτος,
1085 2623 1127 2675 εἰ
1173 2629 1263 2676 καὶ
1318 2623 1419 2677 ἀπό
1468 2625 1735 2688 εὐλαϐείας
1787 2647 1870 2678 κι-

268 2710 479 2760 νεῖσθαι
556 2713 743 2779 οἴεται,
806 2711 1010 2770 λέληθεν
1079 2712 1260 2765 ἑαυτὸν
1307 2719 1596 2787 (εἰρήσεται
1641 2718 1766 2790 γάρ,
1829 2717 1874 2768 εἰ

267 2801 366 2849 καὶ
394 2796 646 2870 ἐπαχθὲς)
682 2799 837 2862 λύκος
893 2802 960 2852 ὧν
1013 2801 1196 2863 ἔξωθεν
1249 2805 1338 2874 μεν
1396 2802 1444 2854 ἐν
1499 2800 1632 2876 δορᾷ
1677 2804 1874 2877 προϐά-

267 2906 376 2938 των
423 2885 722 2960 ἕρχόμενος,
782 2892 970 2943 ἔσωθεν
1031 2887 1091 2943 δε
1120 2895 1290 2963 γέμων
1350 2889 1506 2944 δόλου
1550 2899 1639 2946 καὶ
1711 2894 1876 2969 ἁρπα-

270 2982 346 3044 γῆ
357 2995 403 3034 ς.
428 2981 529 3028 Καὶ
552 2982 623 3048 μη
657 2979 773 3030 ταθ⁹
820 2980 965 3050 ἡμῶν
1019 2977 1282 3050 ἀγανακτὴ
1293 3000 1394 3052 σης
1455 2981 1654 3033 ἀκούων
1686 3005 1698 3015 ·
1750 2981 1874 3035 οὐδε

272 3067 380 3137 γὰρ
412 3067 661 3140 ἡμέτερος
718 3063 870 3129 οὗτος
909 3069 934 3119 6
987 3067 1158 3138 λόγος,
1221 3069 1349 3120 ἀλλά
1408 3078 1500 3132 τῆς
1553 3077 1729 3123 πᾶσαν
1780 3076 1874 3130 τὴν

1975 1914 2146 1969 ritate
2177 1921 2464 1981 servetur,
2492 1930 2677 1986 quam
2705 1915 2772 1978 si,
2805 1913 2952 1968 dum
2997 1917 3101 1982 jus
3125 1928 3436 1967 summum
3466 1910 3631 1965 vide-

1976 2003 2424 2074 murpersequi,
2446 2003 2784 2059 formosum
2813 2001 3080 2057 Ecclesiae
3122 2000 3465 2055 Christianae
3503 2013 3628 2054 cor-

1977 2107 2092 2163 pus
2113 2091 2551 2163 discerpamus.
2577 2115 2603 2140 «
2629 2093 2694 2146 In
2710 2091 2824 2146 hoc
2849 2089 3032 2157 enim,
3057 2111 3083 2139 »
3101 2089 3294 2160 inquit
3316 2087 3624 2158 Dominus,

1981 2201 2009 2229 ι(
2041 2185 2363 2249 cognoscet
2381 2179 2820 2251 mundusquod
2832 2177 3106 2250 discipuli
3119 2177 3234 2232 mei
3248 2177 3561 2244 estis,(non
3579 2175 3629 2230 si

1979 2285 2220 2324 summo
2236 2270 2354 2340 juri
2383 2269 2687 2325 mordicus
2716 2267 3126 2333 adhaeseritus,
3154 2270 3387 2336 verum)
3415 2265 3464 2321 si
3484 2265 3630 2320 invi-

1979 2375 2110 2415 cem
2142 2359 2480 2415 dilexeritis.
2517 2380 2545 2407 »
2573 2358 2685 2423 Qui
2707 2358 2887 2427 igitur
2936 2356 3016 2411 ob
3072 2355 3327 2425 alicujus
3382 2353 3630 2409 tutelam

1979 2449 2225 2504 canonis
2247 2449 2453 2504 turbas
2473 2449 2584 2504 ciet
2605 2447 2730 2503 sedi
2740 2447 3046 2518 tionesque
3068 2448 3428 2509 commovet,
3452 2447 3631 2513 atque

1979 2537 2250 2594 Ecclesiae
2276 2553 2495 2608 corpus
2524 2536 2825 2600 discindit,
2857 2535 2929 2606 (si
2951 2533 3138 2589 modo
3163 2549 3236 2588 ea
3256 2532 3395 2587 ﬁdei
3419 2532 3630 2602 purita-

1977 2631 2098 2682 tem
2111 2626 2402 2696 retineat),
2424 2626 2542 2690 hic,
2566 2625 2836 2696 inquam,
2855 2622 3248 2694 quantumvis
3269 2637 3330 2676 se
3348 2619 3632 2689 religione

1977 2720 2320 2787 permotum
2351 2719 2638 2784 autumet,
2674 2712 2857 2768 nescit
2879 2717 3080 2767 tamen
3115 2710 3353 2780 (fremat
3371 2709 3633 2781 quisque

1978 2803 2133 2869 licet,
2160 2803 2360 2858 dicam
2391 2802 2558 2874 quod
2570 2801 3024 2870 sentio),nescit,
3041 2800 3312 2871 inquam,
3337 2815 3400 2854 se
3421 2798 3634 2870 lupum

1981 2909 2111 2950 esse
2136 2894 2263 2948 ovis
2294 2893 2446 2964 pelle
2475 2891 2836 2952 confectum,
2864 2890 3198 2961 rapinaque
3237 2893 3294 2945 et
3331 2887 3472 2943 dolo
3498 2903 3635 2942 con-

1983 2988 2230 3038 cretum.
2266 2985 2465 3053 Neque
2497 2995 2636 3035 vero
2666 2979 2810 3034 mihi
2849 2978 3175 3050 quisquam
3231 2980 3579 3032 succenseat
3617 2993 3633 3041 ;

1983 3087 2107 3126 non
2135 3071 2293 3126 enim
2317 3085 2487 3126 meus
2507 3069 2604 3124 hic
2626 3082 2822 3122 sermo
2882 3071 2990 3134 est,
3067 3067 3170 3120 sed
3217 3065 3480 3121 duorum
3527 3063 3633 3135 qui

272 3154 492 3225 ὑφήλιον
532 3155 874 3226 αὐγαζούσης
903 3161 993 3208 καὶ
1015 3156 1154 3226 λόγῳ
1199 3163 1286 3209 καὶ
1318 3157 1422 3230 βίῳ
1474 3168 1661 3219 σεπτῆς
1719 3160 1873 3222 ξυνω-

1984 3166 2202 3215 terram
2223 3159 2569 3215 universum
2587 3157 2763 3212 verbo
2775 3172 2845 3212 ac
2856 3155 3128 3210 moribus
3158 3154 3524 3210 illustravere
3553 3151 3633 3206 vi-

269 3241 451 3321 ρίδος,
493 3246 749 3316 Ἰγνατίου
789 3255 881 3297 τοῦ
945 3249 1209 3320 θεόφόρου,
1264 3254 1419 3319 φημὶ,
1463 3254 1552 3300 καὶ
1635 3251 1874 3302 Ἰωάννου

270 3342 368 3385 τοῦ
398 3335 834 3409 χρυσορρὴμονος
865 3357 876 3367 ·
903 3337 928 3386 6
959 3341 1048 3408 μέν
1069 3339 1191 3411 γὰρ,
1222 3358 1249 3384 ι(
1274 3336 1332 3388 Ὀ
1363 3346 1618 3404 τοιοῦτος,
1652 3360 1678 3386 ››
1721 3345 1872 3410 φησι,

272 3445 302 3471 (ς
329 3422 482 3485 λύκος
506 3443 590 3475 σοι
619 3425 794 3496 ἅρπαξ
821 3426 976 3494 ἔστω,
1017 3424 1282 3498 προϐάτου
1341 3427 1534 3498 φθορὰν
1585 3426 1632 3478 ἐν
1672 3427 1874 3499 προϐά-

269 3532 366 3564 του
405 3509 541 3586 δορᾲ
580 3514 1063 3586 κατεργαζόμενος·
1101 3516 1153 3565 όν
1202 3511 1340 3586 μηδὲ
1381 3516 1673 3588 μαρτυρίου
1745 3519 1877 3588 αἷμα

268 3603 461 3655 πλῦναι
540 3602 784 3673 ἰσχύσειν
847 3611 1039 3675 τρανῶς
1115 3601 1497 3675 ἀποφαίνεται·
1535 3601 1700 3656 »ὁδε
1780 3611 1874 3663 τὴν

269 3692 506 3764 γλῶτταν
599 3700 842 3764 χρυσοῦς
925 3697 1014 3743 καὶ
1092 3701 1189 3743 τῶν
1249 3694 1484 3766 αἱρετικά
1559 3697 1874 3766 φρονούντων

274 3777 525 3852 δόγματα
543 3785 761 3854 χείρονα
789 3785 876 3832 τόν
922 3787 1015 3838 τὴν
1063 3780 1376 3838 Ἐκκλησίαν
1424 3783 1686 3854 σχίζοντα
1747 3780 1874 3835 εἶναι

275 3865 696 3941 διαμαρτύρεται
726 3889 737 3900 ·
793 3873 882 3920 καὶ
930 3869 1036 3940 οὐχ
1081 3867 1252 3930 ἁπλῶς
1296 3874 1534 3942 χείρονα,
1586 3870 1712 3922 ἀλλά
1785 3876 1874 3921 καί

274 3960 408 4030 μετά
450 3957 699 4019 πλείστης
753 3959 880 4019 ὅσης
939 3965 1028 4017 τῆς
1083 3957 1367 4019 ἐπιτάσεως
1436 3958 1606 4030 πολλῷ
1686 3959 1874 4031 μᾶλλον

273 4049 457 4118 χεῖρόν
490 4045 802 4119 φησινῌὸ).
847 4046 1029 4107 ’Ἀλλος
1072 4043 1132 4098 δέ
1161 4067 1240 4109 τις
1291 4056 1390 4098 τῶν
1443 4047 1624 4118 ἁγίων,
1664 4049 1722 4098 Ὀ
1756 4052 1876 4117 σχί-

275 4136 380 4197 ζων
433 4141 518 4194 τὴν
569 4134 948 4206 Ἐκκληοίαν,»
1002 4142 1152 4208 φησὶ,
1188 4159 1215 4187 κ
1269 4133 1511 4194 δηλονότι
1571 4134 1875 4210 ὀρθοδοξίας

273 4227 464 4290 οὔσης,
493 4227 683 4275 ταυτὸν
739 4231 878 4277 ποιεῖ
925 4233 1034 4286 τοῖς
1069 4225 1240 4298 λόγχη
1294 4223 1649 4299 διατρήσασιν
1706 4225 1754 4278 ἐν
1803 4235 1874 4296 τῷ

277 4313 434 4364 πάθει
465 4314 522 4363 τό
551 4319 644 4362 τοῦ
677 4318 871 4384 Κυρίου
924 4322 1093 4384 σῶμα,
1128 4335 1157 4362 ››
1209 4313 1468 4371 Ὀπηνίκα
1526 4312 1585 4366 δέ
1636 4334 1716 4376 τις
1762 4314 1876 4366 ἐπι-

276 4408 461 4474 κρατεῖ
512 4402 735 4474 αἰρεσις,
780 4408 1071 4458 τηνικαῦτα
1121 4403 1146 4452 6
1201 4399 1475 4473 ἀντιλεγων
1520 4403 1578 4454 οὗ
1664 4407 1878 4476 σχίσμα

277 4491 592 4563 παρεισάγει
640 4497 700 4562 τῇ
767 4488 1055 4561 Ἐκκλησία
1105 4488 1214 4541 ἀλλ’
1263 4489 1362 4542 ἀπό
1415 4495 1728 4563 σχισμάτων
1783 4493 1876 4543 αυ-

278 4582 376 4636 τὴν
401 4577 685 4651 λυτροῡται
719 4600 730 4610 ·
764 4581 828 4638 ὡς
853 4597 952 4630 που
1015 4585 1123 4638 τοῖς
1178 4581 1327 4651 ἱεροῖς
1375 4583 1463 4629 καὶ
1518 4580 1671 4640 θείοις
1719 4584 1878 4630 κανό-

279 4687 364 4718 σιν
425 4667 694 4739 εὐστόχως
749 4671 970 4741 εἴρηται.
1027 4665 1164 4718 Ἀλλ’
1209 4665 1467 4718 ἐπανιτέον
1521 4669 1632 4718 ὅθεν
1706 4667 1879 4730 ἐξέϐη-

273 4776 390 4831 μεν,
420 4762 511 4808 καὶ
541 4759 607 4808 τά
656 4759 812 4829 ὅμοια
864 4763 970 4816 τοῖς
1019 4751 1127 4813 ἤδη
1183 4753 1394 4829 ῥηθεῖσι
1441 4758 1751 4830 προσθετὲον
1806 4765 1878 4826 τῷ

278 4845 441 4918 λόγῳ.

357 4933 430 4990 ιε’.
467 4938 607 4988 Λέων
639 4936 664 4986 6
702 4937 876 5006 Σοφὸς,
912 4934 973 4985 οὔ
1009 4938 1100 4985 καὶ
1151 4938 1396 5009 πρότερον
1442 4933 1726 5006 ἐμνήσθην,
1784 4941 1881 4986 Νι-

278 5025 466 5077 κόλαον
487 5029 572 5076 τόν
601 5026 873 5076 Μυστικὸν
904 5031 995 5075 τοῦ
1047 5016 1226 5096 θρόνου
1285 5020 1478 5082 ἀδίκως
1532 5023 1747 5092 ἐξὼσας,
1797 5026 1878 5074 ὅτι

277 5120 353 5189 μή
413 5121 747 5186 παραχωρῶν
795 5109 856 5170 ἧν
906 5112 1045 5182 αὐτῷ
1109 5117 1200 5170 τὴν
1262 5118 1639 5186 τετραγαμίαν,
1715 5113 1877 5165 Εὐθύ-

278 5223 398 5278 μιον
437 5206 523 5254 τόν
576 5200 852 5274 σύγκελλον
900 5203 1239 5272 πατριάρχην
1292 5198 1565 5262 ἀνέδειξεν,
1612 5201 1748 5253 Ἀλλ’
1797 5204 1879 5255 ὅτε

278 5298 370 5367 μὲν
401 5295 426 5344 6
459 5297 601 5346 Λέων
641 5291 791 5352 οὗτος
837 5289 1052 5357 ἀπεϐίω,
1103 5287 1437 5363 Ἀλέξανδρος
1487 5288 1544 5342 δὲ
1588 5294 1613 5342 6
1665 5288 1879 5364 ἀδελφός

282 5384 447 5434 αὐτοῦ
490 5386 584 5439 τὴν
637 5379 904 5452 βασίλειον
953 5377 1127 5451 ἀρχὴν
1182 5379 1479 5450 ᾠκειώσατο
1540 5380 1727 5450 ἐαυτῷ,
1793 5385 1878 5433 τόν

351 5560 466 5641 (ίὸ)
497 5562 828 5641 Utrumque
849 5557 1078 5641 dictum
1103 5562 1226 5641 tam
1251 5558 1457 5641 lgn_a_tii
1483 5574 1670 5641 quam
1693 5559 1880 5641 ριγγ-

279 5629 529 5687 sostomi
555 5629 754 5685 exstat
781 5629 843 5685 in
868 5629 1049 5699 hujus
1079 5630 1363 5700 postremi
1392 5629 1640 5685 homilia
1691 5631 1754 5685 XI
1811 5629 1873 5685 in

281 5703 454 5788 epist.
478 5701 558 5780 ad
577 5701 792 5780 Ephes.
823 5703 1004 5757 Porro
1026 5700 1238 5770 lgnatii
1266 5700 1496 5772 dictum
1523 5702 1665 5758 citat
1694 5702 1874 5758 etiam

1984 3265 2210 3314 rorum,
2235 3247 2464 3316 lgnatii,
2477 3247 2748 3319 inquam,
2767 3244 3082 3316 theophori
3101 3249 3158 3300 et
3175 3244 3422 3299 Joannis
3455 3241 3635 3311 Chry-

1987 3338 2256 3393 sostomi.
2289 3336 2384 3390 Ait
2411 3336 2571 3390 enim
2601 3335 2839 3389 disertis
2865 3333 3062 3388 verbis
3091 3332 3358 3402 Ignatius
3421 3350 3433 3386 :
3469 3334 3496 3379 ἁ
3530 3329 3632 3384 Hic

1985 3428 2090 3483 tibi
2118 3427 2241 3498 lupi
2272 3427 2458 3480 instar
2485 3424 2722 3496 rapacis
2751 3424 2842 3490 sit,
2874 3423 2976 3495 qui
3008 3423 3171 3494 gregi
3220 3421 3463 3476 exitium
3519 3420 3632 3475 sub

1938 3516 1960 3539 ⁸
1984 3517 2109 3572 ovis
2140 3515 2290 3588 pelle
2319 3514 2576 3569 molitur.
2602 3516 2766 3568 Hunc
2796 3529 2870 3567 ne
2901 3511 3172 3584 martyrii
3202 3510 3442 3582 quidem
3499 3524 3634 3564 san-

1983 3605 2114 3674 guis
2147 3603 2483 3658 mundabit.
2519 3627 2546 3652 »
2569 3603 3035 3673 Chrysostomus
3067 3605 3268 3656 autem
3323 3599 3631 3654 hominem

1984 3694 2086 3766 qui
2119 3693 2378 3748 schisma
2404 3693 2464 3747 in
2505 3691 2763 3746 Ecclesia
2821 3689 2976 3755 facit,
3034 3690 3301 3762 pejorem
3357 3687 3633 3743 hmretico

1983 3798 2112 3836 esse
2143 3786 2387 3836 testatur
2411 3794 2432 3849 ,'
2463 3796 2657 3851 neque
2689 3777 3110 3833 tantummodo
3155 3777 3420 3848 pejorem
3470 3775 3633 3842 dicit,

1982 3887 2190 3924 verum
2222 3886 2359 3924 cum
2392 3885 2633 3922 summa
2671 3868 2942 3938 emphasi
2970 3865 3158 3920 multo
3181 3866 3446 3935 pejorem
3505 3879 3634 3919 esse

1982 3959 2350 4030 pronuntiat.
2382 3957 2542 4012 Alius
2564 3973 2704 4011 vero
2731 3960 2972 4009 sanctus
3000 3953 3090 4007 vir
3119 3951 3372 4026 quidam
3396 3971 3406 4006 :
3446 3975 3466 4000 ‹
3526 3951 3634 4016 Qui

1985 4045 2326 4110 Ecclesiam,
2341 4044 2604 4116 inquit(d
2615 4061 2712 4098 um
2722 4043 2901 4098 modo
2916 4043 2988 4097 sit
2999 4041 3382 4109 orthodoxa),
3396 4039 3632 4107 scindit,

1984 4135 2197 4189 eodem
2257 4150 2317 4188 se
2383 4132 2697 4202 obstringit
2750 4131 2988 4192 scelere,
3049 4135 3228 4202 atque
3251 4129 3332 4184 illi
3359 4128 3500 4184 olim
3532 4127 3635 4200 qui

1988 4223 2352 4279 Dominicum
2369 4237 2586 4292 corpus
2598 4218 3266 4276 lanceatranst‘oderunt
3285 4241 3312 4267 »
3329 4217 3635 4272 Verumta—

1987 4329 2126 4368 men
2154 4312 2199 4366 si
2226 4327 2349 4383 qua
2379 4311 2624 4365 haeresis
2658 4311 2806 4364 forte
2837 4309 3128 4374 inciderit,
3157 4314 3299 4362 tunc
3315 4307 3561 4363 demum
3589 4306 3636 4360 is

1986 4402 2089 4475 qui
2111 4401 2477 4467 adversatur,
2501 4398 2661 4453 haud
2681 4398 2946 4454 schisma
2972 4399 3032 4454 in
3058 4397 3377 4453 Ecclesiam
3395 4395 3635 4463 invehit,

1989 4491 2097 4546 sed
2149 4490 2306 4546 hanc
2336 4505 2372 4544 a
2405 4487 2727 4543 schismate
2757 4487 3032 4558 prohibet
3065 4506 3078 4553 ;
3134 4486 3309 4541 veluti
3360 4485 3419 4540 in
3455 4482 3640 4538 sacris

1987 4579 2325 4651 divinisque
2347 4577 2681 4633 canonibus
2706 4577 3004 4648 sapienter
3017 4574 3508 4631 animadversum
3526 4578 3636 4629 est.

1990 4671 2103 4725 Sed
2128 4668 2286 4730 illuc,
2320 4667 2479 4721 unde
2535 4665 2942 4731 discessimus,
2996 4665 3373 4720 redeundum
3431 4668 3542 4729 est,
3585 4667 3642 4716 et

1989 4767 2278 4829 susceptae
2307 4755 2570 4810 materiae
2610 4760 2778 4810 tenor
2816 4753 3281 4810 continuandus.

2064 4941 2146 4990 15.
2173 4937 2284 4990 Leo
2307 4933 2776 5006 Sapiens,quem
2797 4933 2926 5004 jam
2939 4937 3115 4989 antea
3146 4927 3640 4994 commemoravi,

1987 5024 2226 5080 Nicolao
2257 5024 2498 5095 Mystico
2528 5038 2634 5093 per
2674 5023 2793 5077 vim
2835 5022 3120 5092 injustam
3165 5015 3440 5089 depulso,
3495 5015 3642 5087 quia

1987 5115 2229 5186 nuptias
2257 5113 2307 5167 ei
2339 5117 2585 5184 quartas
2615 5128 2735 5167 non
2755 5107 3474 5176 annuebat,Euthymium
3501 5120 3642 5175 syn-

1989 5204 2204 5259 cellum
2236 5202 2634 5272 patriarcham
2668 5200 2819 5254 fecit.
2843 5198 2960 5253 Sed
2981 5198 3141 5252 enim
3168 5200 3402 5250 mortuo
3429 5197 3639 5264 Leone,

1989 5291 2322 5348 Alexander
2352 5291 2530 5345 frater
2556 5290 2707 5359 ejus,
2728 5287 2980 5358 imperio
3011 5286 3087 5341 ad
3118 5300 3180 5338 se
3207 5283 3515 5339 translato.
3538 5285 3645 5337 Eu-

1989 5379 2288 5451 thymium
2319 5377 2614 5449 deposuit,
2647 5375 3022 5448 propriaeque
3053 5372 3447 5428 sedirestituit
3476 5371 3644 5427 Nico-

1988 5560 2248 5612 Joannes
2303 5553 2705 5609 Antiochenus
2751 5552 2917 5624 apud
2974 5550 3323 5624 Cotelerium
3379 5551 3640 5624 Monum.

1990 5628 2142 5706 i3ch
2175 5629 2268 5706 Gr.
2302 5632 2341 5681 t.
2371 5625 2412 5694 Ι,
2445 5640 2584 5698 pag.
2623 5619 2881 5693 176.,'ut
2923 5626 3052 5694 jam
3108 5619 3450 5677 observavit
3505 5622 3644 5688 Gra-

1989 5699 2152 5755 hius.
