4032 6308
208 347 326 402 801

1425 337 1516 396 DE
1556 337 1938 399 SCHISMATE
1973 333 2298 396 νιΤΑΝῡο.

3487 350 3592 403 802

205 465 446 528 ᾶδεκτος
474 473 536 539 τῇ
591 465 877 539 Ἐκκλησιᾳ
915 469 1208 538 γεγένηται.
1242 462 1324 519 T6
1378 461 1436 517 δε
1468 461 1536 524 δὴ
1570 463 1826 518 ἀστειότε-

1944 467 2173 538 propter
2195 464 2442 521 brevem
2474 463 2706 538 imperii
2722 462 2852 536 ejus
2879 462 3219 537 periodum.
3255 465 3370 525 Sed
3389 468 3464 527 de
3492 471 3588 527 his

201 576 334 631 ρον,
383 555 574 628 μᾶλλον
620 552 678 608 δε
721 554 1045 630 ἀτιμότερον,
1086 557 1164 607 ὅτι
1212 556 1393 615 πάντες
1441 555 1568 616 ἔζων
1615 557 1665 607 ἓν
1714 561 1826 614 ταῖς

199 648 444 719 ἡμέραις
491 645 782 712 Ἰσαακίου,

200 741 492 788 τοσοῦτον.
526 730 658 787 Ὧδε
689 729 748 786 δε
773 738 862 786 καὶ
887 741 1053 786 ταῦτα
1079 734 1427 807 προστίθημι.

293 823 382 884 ιζ.
443 822 682 895 Μάξιμος
740 825 766 875 6
822 832 920 875 τῶν
970 822 1335 898 Ἱεροσολύμων
1386 825 1520 896 ἱερός
1570 819 1825 896 πρόεδρος

205 916 318 963 καὶ
348 911 696 984 ὁμολογητης,
744 909 923 972 ἐπειδή
972 909 1192 965 σύνοδον
1237 914 1544 988 συνήθροισε
1585 917 1823 976 τοπικὴν,

203 1004 314 1052 καὶ
369 1003 458 1052 τόν
513 1005 676 1073 μέγαν
731 1000 1067 1054 Ἀθανάσνιον
1126 1002 1195 1063 εὶς
1243 1005 1482 1054 κοινωίαν
1536 998 1747 1064 ἐδέξατο
1776 999 1829 1062 ἐξ

204 1085 546 1161 Ἀντιοχείας
590 1089 892 1165 ἐρχόμενον,
943 1096 1034 1144 καὶ
1083 1095 1178 1150 τὴν
1235 1091 1416 1144 ἑαυτοῦ
1467 1091 1614 1144 πόλιν
1671 1109 1827 1143 κατα·

197 1175 390 1230 λαϐεῖν
439 1176 751 1252 σπεύδοντα,
799 1176 1072 1253 δεξάμενον
1097 1176 1204 1238 ἤδη
1251 1179 1299 1232 ἐν
1354 1180 1652 1253 Ἀντιοχείᾳ
1699 1181 1828 1253 πρὸς

204 1275 310 1319 τοῦ
365 1267 620 1340 βασιλέως
686 1275 1048 1323 Κωνσταντίου
1106 1275 1198 1329 τὴν
1245 1278 1338 1323 τοῦ
1393 1270 1583 1323 οἰκείου
1648 1271 1828 1343 θρόνον

202 1353 542 1430 ἐκχώρησιν,
602 1354 872 1422 διαϐολαῖς
941 1368 1033 1412 τοῦ
1090 1364 1401 1434 Καισαρείας
1481 1358 1830 1418 Παλαιστίνης

205 1444 474 1498 Εὑσεϐίον
545 1448 679 1519 (18),

205 1531 469 1606 ἀνάγεται
518 1536 585 1597 εἰς
644 1537 800 1589 αὐτὸν
853 1534 1061 1610 σπουδῇ
1123 1546 1214 1590 τοῦ
1268 1538 1428 1590 αὑτοῦ
1486 1541 1826 1612 Καισαρείας,

212 1623 470 1695 Κύριλλος
515 1627 541 1676 6
580 1627 890 1698 θαυμάσιος,
938 1627 991 1688 ὃς
1038 1631 1126 1679 καὶ
1173 1636 1269 1689 τῆς
1322 1627 1524 1702 Ἀρείου
1584 1630 1832 1701 αἱρέσεως

207 1715 274 1764 τὸ
313 1718 560 1788 πρότερον
601 1711 857 1789 διάπυρος
893 1714 1117 1790 ἐραστὴς
1312 1721 1412 1769 Καὶ
1459 1724 1610 1768 τοῦτο
1673 1713 1830 1776 δῆλον

206 1807 308 1854 καὶ
339 1801 392 1865 ἐξ
420 1803 582 1856 ἄλλων
612 1807 702 1876 μὲν
760 1805 982 1876 πόλλών,
1017 1805 1122 1876 οὐχ
1154 1803 1307 1862 ἦττον
1345 1802 1404 1858 δὲ
1457 1811 1546 1858 καὶ
1589 1813 1681 1858 τοῦ
1719 1809 1832 1860 Μά-

211 1889 370 1963 ξιμον
401 1895 492 1965 μεν
531 1897 589 1946 τό
628 1895 904 1965 όμοούσιον
961 1893 1312 1968 πρεσϐεύοντα
1368 1902 1460 1946 τοῦ
1515 1897 1698 1968 θρόνου
1751 1894 1833 1951 ἐκ..

207 1988 417 2050 πεσεῖν,
479 1981 726 2057 Κύριλλον
787 1980 845 2036 δε
902 1987 1032 2058 πρὸς
1081 1984 1357 2057 Ἀρειανῶν
1411 1989 1522 2036 αντὶ
1585 1985 1830 2058 Μαξίμου

208 2079 549 2129 καταστῆναι
610 2067 865 2146 πρόεδρον
908 2082 1005 2134 τῆς
1059 2073 1210 2144 ἀγίας
1269 2079 1415 2128 Σιὼν.
1476 2078 1630 2146 Λέγει
1692 2071 1751 2128 δε
1806 2076 1832 2126 6

212 2163 447 2222 Νύσσης
489 2163 617 2222 θεῖος
663 2165 948 2235 Γρηγόριος
999 2160 1046 2213 ἐν
1098 2170 1171 2232 τῷ
1230 2162 1300 2224 εἰς
1351 2167 1446 2222 τηε
1505 2160 1831 2236 ἀνακομιδήν

210 2251 473 2322 Στεφάνου
555 2258 648 2302 τοῦ
715 2253 1160 2325 πρωτομάρτυρος
1212 2251 1349 2323 λόγῳ
1434 2255 1548 2324 (19)
1604 2255 1760 2314 οὕτως
1815 2274 1828 2286 ·

215 2361 243 2388 ι(
288 2338 388 2391 Ἦν
445 2335 503 2391 δὲ
576 2341 601 2392 6
634 2339 879 2416 Κύριλλος
926 2341 982 2392 ἐκ
1041 2341 1379 2413 μεταμελείας
1429 2351 1502 2412 τῷ
1562 2343 1830 2415 όμοουσίῳ

210 2431 582 2503 προσθέμενος.
645 2451 667 2479 ν
721 2426 888 2490 Οὗτος
967 2434 1056 2482 καὶ
1110 2429 1158 2481 ἐν
1217 2438 1279 2502 τῇ
1342 2427 1562 2503 δευτέρα
1625 2428 1830 2502 συνόδῳ

215 2526 396 2592 παρῆν
446 2519 572 2594 ὑπερ
626 2527 719 2571 τοῦ
769 2519 925 2591 ὀρθοῦ
981 2517 1355 2593 ἀγωνιζόμενος
1409 2517 1711 2594 δόγματος-
1741 2526 1830 2574 καὶ

221 2609 624 2681 συγγράμματα
699 2604 758 2662 δε
799 2607 1019 2661 πλεῖστα
1078 2614 1168 2662 καὶ
1228 2611 1406 2671 πάσης
1453 2609 1694 2683 ὡφελείας
1749 2615 1826 2681 γέ-

213 2704 458 2770 μονταῇ
540 2705 641 2749 τῶν
714 2694 1006 2772 ὀρθοδόξων
1086 2696 1448 2751 καταλελοιπεν
1519 2698 1825 2757 Ἐκκλησία.

215 2785 391 2848 Οὗτος
433 2786 492 2838 οὐ
537 2791 690 2859 μόνον
741 2787 835 2839 οὐκ
902 2785 1194 2850 ἀπόϐλητος
1255 2791 1432 2860 γέγονε
1469 2796 1541 2859 τῷ
1589 2787 1830 2846 ἐπιϐῆναι

213 2883 314 2928 τοῦ
396 2877 600 2949 θρόνου,
659 2879 734 2928 ἔτι
798 2877 1082 2938 ζῶντόςτοῦ
1144 2879 1279 2952 ἱεροῦ
1350 2877 1592 2950 Μαξίμου
1638 2884 1727 2932 καὶ
1779 2878 1830 2931 ἕν

216 2965 396 3039 ἑξορίᾳ
451 2966 578 3039 ὑπερ
647 2973 738 3019 τοῦ
807 2966 964 3041 ὀρθοῦ
1014 2965 1292 3038 διάγοντος
1337 2967 1518 3039 λόγου,
1569 2966 1694 3020 ἀλλὰ
1741 2973 1830 3021 καὶ

757 1456 851 1500 τοῦ
935 1448 1126 1501 οἰκείου
1209 1451 1390 1522 θρόνου
1466 1447 1824 1512 ἐκπεπτωκὼς,

1932 554 2243 610 hactenus.
2276 556 2445 609 Nunc
2477 552 2594 610 alia
2625 551 2937 609 subtexere
2968 554 3181 626 placet.

860 642 954 698 διὰ
997 648 1054 697 τό
1111 643 1470 717 ὀλιγοχρόνιον
1551 645 1698 716 τάχα
1750 642 1797 696 ἓν
1853 651 1916 716 τῇ
1977 641 2121 717 ἀρχῇ
2195 643 2350 695 αὐτὸν
2421 644 2758 714 γεγενῆσθαι.
2821 647 2921 695 Καὶ
2956 649 3074 718 περὶ
3115 647 3206 716 μεν
3259 649 3453 700 τούτων
3504 647 3588 702 ἐπὶ

2016 825 2098 876 l7.
2154 819 2716 893 Hierosolymorum
2772 821 3116 894 patriarcha
3166 827 3224 878 et
3280 825 3593 883 confessor

1937 908 2248 974 Maximus,
2263 913 2606 981 postquam,
2620 913 2984 981 congregata
2995 909 3306 968 Palaestina
3326 914 3561 983 synodo
3573 957 3587 980 ,

1935 1011 2231 1068 magnum
2252 997 2651 1054 Athanasium
2678 998 2994 1056 Antiochia
3022 999 3355 1071 profectum
3408 1007 3591 1074 atque

1937 1085 2017 1143 ad
2049 1101 2224 1142 suam
2252 1086 2465 1143 urbem
2487 1086 2873 1144 accedentem
2899 1089 2959 1143 in
2989 1089 3480 1147 communionem
3495 1108 3591 1147 ac-

1938 1175 2113 1245 cepit,
2145 1175 2250 1246 qui
2271 1173 2399 1246 jam
2454 1175 2762 1232 decretum
2830 1178 3155 1234 Constantii
3213 1178 3590 1251 imperatoris

1938 1268 2152 1320 nactus
2174 1270 2301 1320 erat
2327 1264 2675 1331 Antiochiae,
2704 1281 2826 1338 quo
2849 1266 2989 1322 sede
3023 1283 3134 1323 sua
3154 1267 3588 1340 deponebatur,

1938 1357 2181 1426 propter
2207 1353 2445 1411 Eusebii
2482 1355 2858 1411 Cmsariensis
2884 1355 2946 1410 in
2976 1355 3288 1413 Palaestina
3315 1357 3588 1431 episcopi

1939 1440 2294 1510 calumnias,
2319 1442 2447 1516 ipse
2473 1459 2717 1516 quoque
2737 1443 3024 1500 Maximus
3073 1446 3212 1501 sede
3235 1463 3345 1502 sua
3398 1447 3593 1504 detra-

1938 1529 2118 1602 hitur;
2180 1530 2482 1604 habetque
2514 1548 2948 1598 successorem,
3011 1533 3313 1590 adnitente
3374 1537 3589 1593 eodem

1941 1620 2308 1686 Caesariensi,
2339 1621 2619 1694 Cyrillum
2665 1621 2834 1677 illum
2865 1621 3205 1688 mirificum,
3270 1625 3376 1696 qui
3413 1631 3593 1682 antea

1940 1709 2207 1765 fervidus
2235 1709 2354 1766 Arii
2384 1710 2613 1766 assecla
2641 1710 2851 1768 fuerat:
2880 1727 3016 1783 quae
3040 1727 3136 1766 res
3165 1728 3305 1768 cum
3352 1714 3593 1772 aliunde

1941 1804 2194 1867 constat,
2220 1804 2346 1856 tum
2379 1799 2518 1857 inde
2545 1801 2743 1870 etiam,
2788 1801 2957 1874 quod
3005 1801 3292 1858 Maximus
3341 1804 3571 1862 homou

1941 1888 2150 1944 sianus
2182 1888 2411 1945 honore
2441 1889 2658 1945 excidit
2688 1888 2944 1961 Cyrillus
2975 1895 3178 1947 autem
3229 1892 3307 1948 ab
3363 1893 3594 1950 Arianis

1943 1977 2024 2034 ad
2049 1983 2268 2034 sanctae
2292 1976 2457 2033 urbis
2496 1978 2912 2049 pontiﬁcatum
2965 1984 3282 2051 promotus
3327 1987 3419 2040 est
3483 1999 3593 2055 pro

1943 2067 2214 2124 Maximo.
2248 2069 2426 2124 Porro
2465 2066 2640 2122 divus
2663 2068 2978 2138 Gregorius
3007 2072 3312 2139 lNyssenus
3354 2071 3415 2126 in
3465 2088 3595 2130 ora-

1943 2157 2102 2213 tione
2128 2155 2202 2213 de
2216 2156 2603 2229 reliquiarum
2623 2157 2906 2229 Stephani
2926 2163 3275 2231 protomary
3284 2160 3382 2216 tris
3404 2166 3590 2218 trans-

1942 2242 2180 2316 latione,
2245 2246 2330 2301 sic
2387 2247 2512 2302 ait:
2557 2268 2577 2294 ι
2624 2244 2872 2317 Cyrillus
2927 2252 3070 2319 post
3119 2248 3591 2320 resipiscentiam

1940 2333 2309 2391 vocabulum
2332 2335 2678 2392 homoun’on
2704 2335 3080 2392 admittebat.
3107 2360 3127 2385 ι
3155 2337 3259 2392 Hic
3312 2339 3591 2396 secunda:

1941 2421 2123 2478 etiam
2145 2439 2413 2496 praesens
2445 2423 2681 2495 synodo
2721 2428 2884 2480 recto
2945 2423 3228 2494 dogmate
3277 2428 3587 2498 pugnavit:

1941 2515 1997 2566 et
2019 2509 2279 2582 plurima
2307 2517 2487 2586 atque
2516 2513 2830 2569 utilissima
2851 2513 3074 2585 scripta
3098 2513 3448 2571 orthodoxae
3489 2519 3590 2573 Ec-

1941 2598 2134 2655 clesiae
2166 2600 2419 2674 reliquit.
2447 2603 2578 2658 Jam
2609 2617 2752 2658 vero
2771 2600 2868 2657 hic
2923 2601 3174 2674 Cyrillus
3227 2618 3350 2660 non
3398 2605 3593 2662 solum

1939 2687 2204 2745 Ecclesia
2229 2691 2454 2760 ejectus
2493 2706 2618 2748 non
2647 2695 2759 2756 est,
2793 2697 3112 2763 propterea
3161 2692 3325 2764 quod
3383 2694 3592 2750 sedem

1939 2779 2374 2850 occupavisset,
2402 2781 2635 2836 vivente
2665 2779 2864 2837 adhuc
2908 2781 3164 2838 Maximo
3212 2786 3269 2838 et
3289 2784 3431 2839 recti
3491 2784 3596 2840 do-

1940 2867 2159 2937 gmatis
2188 2883 2373 2924 causa
2386 2867 3116 2934 exsulante,verumetiam
3144 2868 3594 2929 laudatissimus

1940 2953 2245 3028 fuitatque
2275 2962 2610 3028 pergratus:
2645 2971 2908 3029 namque
2921 2957 3225 3014 ethuncin
3246 2964 3591 3018 sanctorum

216 3053 491 3116 ἐπαινετὸς
546 3057 680 3107 πάνυ
739 3061 829 3108 καὶ
867 3051 1174 3118 ἀπόδεκτος·
1238 3057 1323 3108 ἕνα
1371 3059 1473 3131 γὰρ
1514 3065 1612 3108 τῶν
1670 3057 1830 3129 ἁγίων

1944 3059 2196 3102 numero
2227 3046 2486 3104 Ecclesia
2508 3060 2818 3103 recensere
2857 3045 3163 3115 gloriatur.

224 3145 257 3202 ἠ
296 3143 586 3202 Ἐκκλησία
614 3149 704 3197 καὶ
725 3153 906 3198 τοῦτον
935 3144 1235 3198 πλουτοῦσα
1262 3148 1581 3218 σεμνύνεται.

296 3231 390 3291 ιη’.
439 3237 503 3286 Τί
549 3229 608 3286 δε
658 3239 748 3286 καὶ
781 3234 1020 3296 Μελέτιος
1057 3235 1083 3286 6
1126 3238 1286 3307 μέγας
1315 3233 1364 3286 ἐν
1413 3234 1765 3308 ὁμολιογηταίς
1813 3257 1828 3307 ;

223 3322 286 3374 οὐ
333 3320 640 3384 Σεϐαστείας
696 3328 787 3377 καὶ
834 3322 1074 3398 Βεῤῥοίας
1131 3333 1227 3385 τῆς
1286 3326 1421 3376 κατά
1479 3330 1684 3399 Συρίαν,
1743 3330 1834 3379 καὶ

224 3409 518 3463 τελευταῖον
565 3412 886 3484 Ἀντιοχείας
943 3421 1033 3474 τῆς
1097 3413 1328 3485 μεγάλης
1376 3417 1463 3466 τὸν
1523 3416 1698 3486 θρόνον
1749 3434 1831 3467 πι-

229 3502 466 3553 στεύεται
540 3505 670 3576 πρὸς
741 3501 1013 3576 Ἀρειανὼν
1063 3519 1078 3569 ;
1122 3502 1180 3554 οὗ
1240 3505 1595 3579 συμπράκτωρ
1656 3505 1835 3566 αὐτοῖς

224 3591 320 3639 καὶ
360 3592 751 3658 συναγωνιστὴς
790 3585 872 3656 ἧν,
912 3594 1001 3642 καὶ
1055 3592 1120 3642 τά
1178 3586 1435 3644 δοκοῦντα
1486 3591 1664 3655 αὐτοῖς
1706 3611 1834 3667 κρα-

226 3678 398 3728 τύνειν
435 3677 710 3748 Δἠπείγετο,
766 3679 838 3738 οἷς
894 3683 984 3731 καὶ
1033 3681 1120 3731 τὸν
1175 3678 1374 3750 ὑψηλόν
1422 3687 1602 3733 τοῦτον
1659 3683 1833 3755 θρόνον

233 3762 440 3828 δίκαιος
502 3765 678 3841 ίκριθη
733 3767 948 3836 λαϐεῖνς
988 3773 1086 3823 Καὶ
1137 3773 1239 3845 γάρ
1274 3790 1406 3832 τινες
1456 3780 1548 3824 τοῦ
1587 3774 1832 3846 ὑμετέρου

228 3860 553 3928 φρονήματός
590 3876 715 3910 ποτε
785 3858 854 3920 εἰς
918 3857 1102 3930 λόγους
1173 3859 1396 3922 ἐλθόντες
1432 3859 1579 3933 ἐμοὶ,
1649 3858 1833 3914 διαϐε-

229 3945 528 4017 ϐαιούμενοι
559 3948 781 4018 ἔφασκον
819 3947 932 4019 μεθ’
958 3949 1084 4008 ὅσης
1121 3949 1182 4000 οἷν
1236 3969 1312 4010 τις
1368 3953 1501 4002 εἴποι
1559 3958 1654 4012 τῆς
1709 3950 1835 4003 ἀπο-

226 4039 390 4100 νοίας,
457 4037 538 4087 ὄτι
608 4034 847 4088 Μελέτιον
899 4039 986 4088 τόν
1039 4036 1386 4110 Ἀντιοχείας,
1445 4043 1698 4112 Ιέρμανόν
1747 4043 1833 4091 τόν

229 4122 577 4196 ὁμολογητὴν,
622 4129 712 4176 καὶ
763 4123 992 4198 Πρόκλον
1046 4129 1132 4178 τόν
1214 4125 1268 4178 ἐκ
1336 4130 1566 4190 Κυζίκου
1617 4147 1834 4200 μετατε-

230 4214 382 4265 θέντα
429 4213 496 4273 εἰς
535 4212 682 4266 πόλιν
728 4218 824 4272 την
874 4212 1282 4286 βασιλεύουσαν,
1349 4221 1438 4268 καὶ
1489 4219 1583 4268 σὺν
1636 4219 1836 4277 τούτοις

229 4304 518 4375 Γρηγόρίον
588 4306 675 4354 τόν
753 4302 998 4374 Θεολόγον
1055 4309 1243 4374 φωνην,
1313 4307 1444 4376 μετά
1521 4301 1834 4380 διακρίσεως

2018 3224 2099 3278 18.
2134 3222 2288 3288 Quid
2309 3238 2488 3297 porro
2519 3236 2779 3294 magnus
2809 3220 2962 3278 inter
3013 3227 3384 3286 confessores
3427 3229 3591 3286 Mele-

1942 3318 2089 3374 tius?
2115 3318 2320 3372 Nonne
2372 3314 2677 3381 Sebastiae,
2727 3321 2784 3373 et
2830 3335 2973 3376 mox
3057 3321 3348 3378 Berrhoeaa
3405 3321 3587 3392 Syrte,

1941 3413 2246 3483 postremo
2277 3405 2602 3462 Antiochiae
2616 3421 2857 3477 magnae
2870 3425 3074 3468 sacras
3101 3410 3322 3468 infulas
3335 3408 3413 3466 ab
3428 3409 3592 3466 Aria-

1940 3500 2034 3556 nis
2047 3497 2314 3570 accepit?
2328 3511 2530 3552 nonne
2542 3496 2632 3552 his
2645 3496 2773 3568 ipse
2794 3499 3032 3558 favebat
3049 3500 3438 3572 navabatque
3453 3515 3594 3571 ope-

1941 3605 2075 3647 ram
2093 3590 2123 3646 ?
2135 3601 2336 3644 nonne
2360 3585 2580 3642 horum
2610 3585 2828 3658 placita
2837 3589 3080 3647 ﬁrmare
3094 3589 3426 3661 satagebat,
3446 3603 3592 3662 quo-

1942 3695 2080 3736 rum
2106 3677 2314 3735 favore
2364 3675 2750 3747 pontiﬁcatus
2805 3679 3038 3750 apicem
3111 3679 3364 3752 adeptus
3411 3679 3594 3734 erat?

1943 3770 2360 3824 Verumtamen
2386 3763 2639 3836 quidam
2660 3770 2870 3823 vestrm
2883 3775 3057 3824 sectae
3069 3768 3342 3824 homines
3353 3780 3593 3822 mecum

1945 3855 2354 3928 colloquentes
2385 3870 2626 3910 summa
2651 3869 2791 3910 eum
2813 3856 3057 3912 stultitia
3099 3855 3505 3923 afﬁrmabant,
3529 3868 3594 3909 se

1944 3945 2192 4018 quidem
2213 3943 2504 4001 Meletium
2535 3943 2863 3999 Antiochia:
2919 3945 3297 4016 episcopum,
3357 3945 3594 4000 Germa-

1944 4050 2094 4090 num
2170 4033 2596 4100 confessorem,
2668 4031 2945 4088 Proclum
3003 4033 3200 4104 Cyzico
3240 4030 3594 4088 translatum

1945 4118 2544 4191 Constantinopolim,
2559 4117 2857 4191 simulque
2871 4121 3218 4190 Gregorium
3228 4119 3596 4189 Theologum

1945 4209 2298 4281 exceptione
2347 4208 2618 4280 quadam
2637 4213 2694 4264 et
2743 4210 2918 4281 quasi
2967 4210 3225 4279 gratiose
3281 4210 3596 4282 episcopos

1947 4313 2294 4370 agnoscere,
2325 4312 2450 4353 non
2476 4304 2679 4354 tamen
2708 4303 2772 4353 ut
2798 4298 3089 4369 genuinos
3101 4299 3409 4370 praesules.
3435 4300 3596 4355 Itane

229 4393 366 4442 κατὰ
407 4394 570 4466 χάριν
615 4387 904 4464 δεχόμεθα,
956 4390 1064 4444 ἀλλ’
1094 4392 1197 4465 οὐχ
1228 4395 1296 4454 ὡς
1325 4399 1553 4464 γνησίως
1584 4393 1831 4468 ἀρχιερα-

1946 4403 2055 4445 vos
2081 4387 2278 4444 cuncti
2302 4402 2516 4459 reapse
2530 4387 2836 4458 judicatis,
2859 4404 2938 4444 an
2969 4387 3167 4460 potius
3205 4403 3308 4445 eos
3365 4387 3471 4461 qui
3510 4389 3597 4444 sic

231 4481 534 4542 τεύσαντας.
566 4480 683 4553 Ἆρ’
719 4478 805 4532 οὖν
844 4488 998 4534 τοῦτο
1029 4477 1175 4533 δοκεί
1215 4486 1306 4534 καὶ
1359 4487 1518 4534 πᾶσιν
1572 4485 1693 4554 ὑμῖν
1724 4501 1737 4550 ;
1770 4483 1835 4537 Ἢ

233 4571 352 4629 τοὺς
393 4568 624 4630 εἰπόντας
663 4565 935 4630 δυσσεϐῶς
986 4576 1152 4621 ταῦτα
1206 4575 1296 4621 καὶ
1341 4571 1482 4642 ὑμῶν
1539 4572 1725 4623 ὀπόσοι
1774 4575 1839 4624 τὰ

237 4657 348 4708 θεῖά
400 4655 515 4708 ἐστε
598 4655 976 4730 εὐλαϐέστεροι,
1029 4660 1366 4724 καταπτύετε,
1425 4660 1494 4719 ὡς
1549 4660 1718 4730 ἡμεῖς,
1779 4662 1836 4711 τό

239 4744 393 4806 σέϐας
434 4753 540 4807 τοῖς
565 4746 731 4817 ἁγίοις
763 4750 1098 4821 προνέμοντες
1146 4746 1204 4798 οὗ
1251 4747 1364 4798 κατ’
1423 4751 1619 4799 οἰκείαν
1673 4749 1836 4822 χάριν

236 4831 358 4886 οὐδε
398 4831 687 4908 διάκρισιν,
733 4835 841 4887 ἀλλ’
875 4838 942 4897 ὡς
994 4839 1232 4908 γνησίοις
1289 4843 1380 4896 τῆς
1436 4833 1678 4899 ἀληθείας
1707 4857 1836 4910 προ-

237 4923 470 4986 στάταις,
521 4929 610 4976 καὶ
655 4928 888 4997 νομίμως
913 4927 1008 4983 τήν
1069 4922 1374 4981 Ἐκκλησίαν
1434 4925 1830 4998 ἱερατεύσασιν;

238 5010 374 5070 Ἀλλ’
430 5014 550 5086 ὅπερ
634 5016 723 5086 μεν
787 5017 913 5086 πρὸς
964 5012 1108 5066 τοῦθ’
1163 5014 1309 5085 ὑμεῖς
1365 5015 1505 5085 ἔχειν
1561 5012 1829 5086 βούλεσθε,

237 5100 386 5154 αὐτοὶ
443 5100 504 5156 διν
559 5098 735 5161 εἰδῆτε
775 5122 789 5136 °
848 5103 878 5160 ἡ
911 5103 1013 5175 γὰρ
1071 5109 1163 5155 τοῦ
1221 5109 1354 5155 Θεοῦ
1407 5100 1694 5159 Ἐκκλησία
1715 5104 1832 5175 (20)

232 5194 484 5264 γνησίους
522 5193 819 5266 προστάτας
855 5196 946 5242 καὶ
995 5185 1320 5254 διδασκαλος
1377 5195 1467 5243 καὶ
1518 5194 1832 5265 προμάχους

304 5387 416 5468 (18)
447 5390 573 5472 Imo
627 5389 1414 5472 AcqciinAnonymus‘vero
1434 5387 1831 5445 Baroccianus

237 5461 500 5585 episcopi
529 5461 905 5516 Caesariensis
933 5475 1154 5516 nomen
1179 5461 1400 5515 reticet.

241 5602 274 5613 ﬂ
306 5531 416 5602 (19)
447 5547 506 5613 ⁸τι
538 5537 814 5613 sanctum
828 5530 1198 5613 Stephanum
1212 5531 1596 5613 duafiexstant
1624 5531 1832 5613 lauda-

237 5601 732 5677 tionesNysseni:
765 5619 888 5660 una
914 5601 982 5677 in
1003 5602 1214 5676 priscis
1243 5601 1622 5677 editionibus,
1648 5603 1832 5661 altera

240 5691 310 5737 ex
331 5673 536 5735 codice
565 5676 846 5736 Vaticano
876 5690 914 5734 a
934 5673 1328 5750 cl.’Zacagnio
1378 5673 1555 5736 edita.
1606 5673 1831 5758 Neutra

1945 4477 2276 4548 irreligiose
2305 4476 2652 4548 loquuntur,
2700 4492 2804 4532 vos
2865 4493 3109 4550 quoque
3174 4481 3471 4550 quotquot
3513 4477 3597 4550 pii

1947 4567 2108 4637 estis,
2130 4566 2261 4638 pari
2289 4565 2608 4622 nobiscum
2636 4570 2984 4638 contemptu
3008 4567 3370 4624 aversamini
3402 4584 3416 4634 ;
3459 4581 3596 4622 san-

1948 4661 2073 4713 ctos
2104 4662 2305 4712 autem
2325 4656 2436 4712 hos
2447 4654 2724 4712 homines
2734 4656 3117 4712 veneratione
3138 4655 3590 4729 prosequimini,

1946 4762 2072 4803 non
2093 4745 2438 4817 exceptione
2462 4743 2733 4816 quadam
2765 4749 2824 4800 et
2841 4745 3017 4818 quasi
3047 4746 3324 4816 gratiose,
3375 4744 3484 4801 sed
3531 4749 3596 4801 ut

1945 4850 2118 4891 veros
2146 4849 2357 4906 reapse
2395 4833 2656 4888 veritatis
2681 4837 2992 4906 patronos,
3026 4834 3442 4904 legitimosque
3490 4835 3592 4888 Ec-

1945 4923 2137 4980 clesia:
2164 4921 2471 4978 ministros
2495 4921 2524 4976 ?
2548 4923 2972 4979 Verumtamen
2983 4921 3400 4994 quidhacinre
3417 4935 3594 4989 agerc

1942 5011 2154 5082 velitis,
2183 5009 2298 5084 ipsi
2320 5009 2569 5066 demum
2613 5010 2968 5068 constituite.
2999 5009 3098 5065 Dei
3127 5009 3375 5081 quidem
3405 5007 3595 5066 Eccle-

1943 5102 2035 5159 sia
2052 5099 2368 5174 prasdictos
2400 5099 2557 5156 viros
2583 5115 2692 5156 ceu
2721 5099 3014 5170 genuinos
3047 5096 3356 5165 antistites,
3414 5102 3591 5154 rectae

1941 5195 2159 5247 nostrae
2181 5188 2320 5245 ﬁdei
2349 5188 2668 5260 magistros
2703 5203 2775 5244 ac
2807 5187 3156 5243 defensores
3191 5185 3414 5258 ubique
3436 5202 3590 5260 prae-

1942 5391 2143 5444 tamen
2172 5384 2436 5465 loquitur
2454 5384 2528 5442 de
2557 5381 2955 5465 translatione
2992 5380 3384 5465 reliquiarum
3422 5383 3590 5465 ejus:

1939 5475 2126 5531 quare
2143 5454 2272 5514 nec'
2286 5458 2467 5514 verba
2499 5473 2535 5513 a
2557 5454 2849 5531 methodio
2875 5455 3057 5531 citata
3081 5454 3159 5531 iri
3181 5455 3252 5512 iis
3281 5454 3586 5531 leguntur.

1939 5526 2217 5604 Superest
2247 5545 2387 5599 ergo
2418 5534 2482 5584 ut
2510 5527 2678 5585 tertia
2707 5528 2961 5599 Nysseni
3014 5526 3206 5586 oratio
3261 5527 3336 5584 de
3360 5531 3414 5586 S.
3471 5532 3587 5588 Ste-

1939 5601 2506 5682 Ρὶιὲεδιὲρηάθιθββὲωῐο
2592 5676 2600 5682 ,
2667 5670 2679 5682 .
2857 5669 2896 5682 ..

2012 5675 2126 5748 (20)
2152 5670 2638 5738 ΗΕΘΜ-Ἐκκλησία
2664 5670 2728 5735 in
2765 5670 2988 5753 codice.
