4032 6308
471 330 574 402 303
1324 325 1656 395 METEODII
1695 325 2013 393 MONACHI
2052 323 2143 389 DE
2182 327 2564 393 SCHISMATE
2603 320 2946 399 VITANDO:
3735 331 3846 402 sos

470 469 648 533 dicat,
663 469 870 540 eisque
909 465 1210 535 gloriatur;
1233 467 1409 536 atque
1427 461 1702 519 itavincit
1740 474 1973 516 omnem
2005 459 2062 513 δι

2250 469 2323 513 τοῦ
2369 462 2524 535 ὀρθοῦ
2574 472 2667 524 τῆς
2717 465 2834 517 καθ’
2885 468 3028 539 ἡμᾶς
3072 471 3299 529 πίστεως
3351 467 3508 540 λόγου
3561 478 3842 542 πανταχοῦ

469 560 669 628 resim,
710 563 766 612 et
793 557 1009 611 horum
1039 554 1187 608 freta
1215 551 1557 622 magisterio
1606 555 1785 620 atque
1831 547 2061 618 exempl

2245 555 2448 614 τούτους
2505 553 2892 628 προϐαλλομένη
2946 560 3268 628 σεμνύνεται,
3328 562 3420 610 καὶ
3489 565 3610 628 νικᾷ
3661 567 3837 612 πᾶσαν

470 647 759 702 malitiam
799 645 1036 699 illorum
1067 647 1376 698 aversatur
1402 657 1472 696 ac
1510 639 1722 711 procul
1759 637 1982 708 abjicit,
2014 653 2062 707 q*

2243 643 2429 714 κίρεσιν
2493 649 2583 694 καὶ
2653 650 2827 696 πᾶσαν
2885 650 3158 698 κακόνοιαν
3220 656 3320 698 τῶν
3371 648 3423 698 ἐν
3478 653 3835 722 προσχήματι

471 738 583 792 sub
622 735 920 805 religionis
958 734 1206 789 obtentu
1244 731 1514 787 ﬁdelium
1571 745 1790 801 corpus
1850 728 2063 783 nituntl

2241 729 2488 790 εὐλαϐείας
2541 739 2869 805 κατατέμνειν
2931 739 2988 787 τὸ
3043 745 3142 787 τῶν
3192 745 3388 789 πιστῶν
3454 745 3610 810 σῶμα
3665 758 3833 790 σπου-

467 824 818 880 discindere.
2229 813 2327 875 δήν
2352 821 2646 891 τιθεμένων,
2679 829 2794 884 ταῖς
2833 827 3027 876 τούτων
3078 821 3344 897 διδαχαῖς
3370 845 3425 878 τε
3465 831 3554 878 καὶ
3579 828 3830 902 πράξεσιν

2228 905 2615 981 ἁποτρεπομένη
2645 917 2736 963 καί
2756 912 2929 987 πόρρω
2961 912 3258 986 βάλλουσα.

542 1007 623 1057 19.
660 1001 838 1056 Divus
860 1004 1015 1056 certe
1050 999 1512 1070 Chrysostomus
1534 996 1608 1052 de
1653 995 1862 1051 Meletii
1920 994 2116 1050 Antio-

2303 996 2386 1054 ιθ’,
2417 998 2475 1050 Ὀ
2505 1004 2678 1071 μέντοι
2722 1021 2778 1072 γε
2827 1005 2960 1064 θεῖος
3015 1007 3398 1076 Χρυσὸστομος
3439 1013 3554 1067 ταῖς
3579 1006 3826 1058 Μελετίου

467 1090 638 1145 cheni
668 1089 932 1160 episcopi
963 1089 1145 1143 sacris
1178 1087 1458 1142 manibus
1487 1086 1683 1157 primo
1731 1084 1976 1156 quidem
2033 1100 2059 1138 r

2236 1094 2318 1136 τοῦ
2372 1087 2701 1159 Ἀντιοχείας
2763 1097 2950 1163 χερσὶν
3006 1095 3164 1165 ἱεραῖς
3223 1099 3471 1168 πρότερον
3509 1098 3599 1168 μὲν
3640 1099 3699 1158 τὸ
3739 1105 3828 1156 τῆς

467 1178 864 1248 generationis
895 1193 1134 1232 sacrum
1162 1177 1494 1240 lavacrum,
1527 1180 1735 1245 postea
1764 1174 2059 1229 diaconatl

2239 1175 2627 1247 παλιγγενεσίας
2688 1182 2818 1232 θεῖον
2875 1181 3110 1256 λουτρὸν,
3197 1181 3411 1256 ὕστερον
3479 1181 3538 1236 δὲ
3590 1190 3686 1241 τὴν
3742 1193 3831 1244 τῆς

464 1265 1232 1339 quoqueaccepitordinem
1245 1279 1620 1335 quanquam,
1651 1261 1837 1334 probe
1869 1261 2056 1315 scieba

2240 1259 2500 1326 ἳιακονίας
2577 1275 2902 1341 χειροτονίαν
2958 1273 3104 1342 ἱερῶς
3183 1267 3399 1343 δέχεται
3451 1293 3464 1306 ·
3518 1277 3606 1325 καὶ
3667 1282 3832 1324 ταῦτα

463 1371 754 1424 magnum
783 1353 1152 1409 Eustathium
1174 1354 1234 1407 in
1274 1353 1478 1406 exsilio
1499 1352 1651 1406 inter
1694 1350 1983 1422 plurimas
2009 1366 2055 1403 ir

2238 1352 2376 1415 εἰδὼς
2435 1361 2522 1408 τὸν
2569 1363 2730 1430 μέγαν
2779 1361 3067 1414 Εὐστάθιον
3123 1361 3172 1412 ἐν
3229 1361 3401 1436 ἐξορίᾳ
3431 1363 3702 1425 πλείσταις
3753 1367 3830 1416 ὅτι

465 1443 645 1499 serias
665 1444 913 1505 versari,
945 1447 1119 1497 rectae
1151 1440 1290 1494 ﬁdei
1321 1456 1528 1494 causa.
1579 1444 1632 1494 ls
1664 1439 1842 1494 etiam
1887 1444 2057 1492 utrun

2235 1451 2493 1497 κακώσεσι
2549 1449 2978 1520 προσπαλαίοντα
3025 1458 3117 1511 τῆς
3175 1451 3332 1522 ὀρθῆς
3380 1455 3524 1504 ἕνεκα
3579 1459 3827 1522 πίστεως,

464 1549 582 1604 que
625 1531 1082 1587 laudationibus
1127 1530 1456 1594 exornavit,
1486 1528 1799 1592 Meletium,
1845 1528 2056 1598 inqua:

2235 1532 2281 1592 ὃς
2347 1540 2435 1586 καὶ
2519 1535 2832 1612 ἀμφοτέρους
2907 1539 3183 1612 ὶγκωμίοις
3264 1541 3497 1612 ἕτίμησε,
3585 1542 3827 1596 Μελέτιον

465 1625 642 1690 atque
673 1620 1043 1674 Eustathium
1056 1619 1336 1678 .rixarum
1350 1617 1754 1672 indecentium
1776 1615 2057 1671 stultarun

2238 1617 2438 1680 ἓηλαὸή
2490 1630 2578 1676 καὶ
2631 1627 2942 1698 Εὐστάθιον,
3017 1629 3133 1689 τοῦς
3189 1629 3509 1702 ἔρεσχελίαις
3582 1630 3830 1703 ἀσέμνοις

465 1726 581 1780 que
599 1711 1051 1764 contentionum
1070 1713 1368 1762 amatores
1396 1707 1679 1778 prteclare
1701 1712 2057 1761 contemnen

2238 1716 2314 1762 ιαὶ
2347 1718 2597 1783 ματαίαις
2622 1715 2930 1769 ἐνστάσεσιν
2983 1724 3192 1792 χαίρειν
3232 1718 3495 1782 ἐθέλοντας
3543 1723 3830 1796 θεοφρόνως

465 1813 574 1852 nec
595 1813 717 1852 non
747 1797 1106 1866 excogitatas
1146 1795 1223 1851 ab
1273 1795 1621 1851 hominibus
1681 1795 2057 1866 appellationi

2230 1797 2640 1874 ἀπορριψάμενος
2691 1808 2784 1856 σὺν
2846 1814 2962 1866 ταῖς
3037 1806 3089 1868 ἐξ
3141 1806 3421 1882 ἀνθρώπων
3481 1807 3822 1882 ἐπωνυμίαις,

463 1891 670 1940 contra
699 1886 986 1940 decorum
1018 1890 1196 1956 atque
1219 1884 1513 1939 ofﬁcium.
1561 1884 1790 1955 Quippe
1830 1883 1912 1938 illi
1944 1883 2055 1939 Meli

2233 1887 2284 1948 ig
2322 1895 2502 1960 σφίσιν
2534 1894 2722 1957 ἔθεντο,
2765 1898 2830 1954 ὡς
2866 1899 2937 1966 μὴ
2979 1895 3167 1967 ὤφελον
3202 1917 3216 1929 ·
3266 1899 3315 1948 οἱ
3363 1901 3453 1969 μὲν
3504 1901 3605 1972 γὰρ
3659 1899 3825 1951 Μελε-

464 1975 657 2030 tianos
673 1973 1059 2045 appellabant
1081 1973 1456 2029 adversarios
1487 1989 1651 2040 suos;
1683 1973 1742 2028 hi
1768 1989 1975 2028 rursus
2003 1975 2056 2026 Ει

2237 1983 2420 2038 τιανοὺς
2483 1985 2602 2041 τοὺς
2666 1981 3174 2058 ἀντιδιατιθεμένους
3228 1987 3497 2060 ὠνόμαζον
3547 2008 3560 2021 '
3608 1991 3829 2050 τούτούς

463 2063 791 2118 stathianos
804 2062 933 2117 illos
953 2061 1367 2127 vocitabant.Q
1379 2079 1465 2117 uae
1491 2061 1716 2126 ﬂagitia
1729 2061 2055 2118 doctissimi

2234 2061 2432 2128 θάὖθις
2459 2069 2640 2122 ἐκεῖνοι
2670 2073 3063 2136 Εὐσταθιανούς
3106 2074 3316 2128 ἐκάλουν
3369 2098 3382 2109 ο
3427 2085 3593 2128 ταῦτα
3631 2074 3692 2130 δὲ
3734 2084 3826 2131 καὶ

461 2168 703 2224 quoque
721 2167 904 2240 saciaa
934 2151 1017 2206 rei
1033 2151 1276 2206 Basilius
1285 2151 1651 2223 jampridem
1664 2151 1989 2214 detestans,
2005 2150 2053 2205 ﬂ.

2229 2158 2249 2206 ό
2299 2157 2458 2219 πολὺς
2510 2163 2574 2212 τὰ
2619 2164 2732 2214 θεῖα
2791 2165 3056 2225 Βασίλειος
3110 2170 3354 2240 πρότερον
3411 2171 3821 2240 μυσαττόμενος,

461 2241 703 2312 gitiosos
729 2240 1145 2297 miserabatur.
1175 2242 1366 2304 Quare
1383 2246 1438 2294 et
1453 2241 1529 2296 ad
1543 2255 1836 2308 magnum
1850 2240 2053 2295 Athan;

2232 2249 2339 2306 τοὺς
2402 2251 2704 2320 πάσχοντας
2757 2253 2993 2311 κατηλέει
3049 2276 3063 2288 ·
3111 2252 3197 2308 διὸ
3227 2261 3318 2308 καὶ
3362 2260 3493 2330 πρὸς
3539 2261 3628 2309 τὸν
3657 2261 3824 2329 μεγαν

461 2331 620 2384 sium
651 2329 735 2384 sic
769 2329 1068 2384 scribebat
1107 2347 1118 2382 :
1152 2351 1171 2377 α
1219 2329 1543 2383 Antiochiae
1576 2329 1826 2383 morbus
1885 2345 2053 2398 mag:

2231 2336 2444 2409 ἔγραψεν
2495 2341 2805 2395 Ἀθανάσιον
2858 2344 3058 2405 οὕτως⁸
3114 2367 3135 2396 ι
3196 2349 3275 2398 Τὰ
3325 2329 3426 2422 γὰρ
3480 2356 3576 2408 τῆς
3627 2349 3823 2400 Ἀντιο-

461 2419 686 2474 medico
714 2417 960 2487 indiget:
994 2423 1123 2488 ejus
1152 2418 1311 2472 enim
1343 2417 1614 2472 Ecclesiae
1629 2417 1950 2473 etsivitalia
1963 2433 2053 2472 sat

2227 2430 2375 2494 χείας
2427 2427 2816 2503 ἀρρωστήματα
2879 2433 3102 2506 μεγάλου
3159 2438 3299 2496 τινὸς
3354 2435 3534 2511 ἰατροῦ
3587 2431 3819 2489 δέονται·

461 2511 618 2576 sunt,
632 2505 834 2561 vultus
857 2511 1062 2562 tamen
1089 2505 1408 2562 laceratur.
1428 2525 1457 2555 »
1475 2505 1712 2561 ldemin
1731 2506 1847 2562 alia
1860 2507 2053 2578 epistol

2230 2515 2336 2576 ἣτις
2384 2523 2600 2590 περὶτὰ
2653 2526 2836 2596 καίρια
2889 2525 3218 2594 ὑγιαίνουσα,
3269 2529 3387 2602 περὶ
3440 2529 3507 2577 τὰ
3558 2531 3822 2598 πρόσωπα

460 2595 582 2651 ait:
617 2617 646 2643 ‹‹
691 2597 811 2664 Ego
862 2594 1153 2650 Meletium
1193 2608 1317 2650 non
1349 2596 1605 2665 ignoro:
1647 2611 1757 2650 usa
1812 2601 1903 2650 est
1946 2595 2052 2651 enii

2228 2605 2488 2674 σχίζεται.
2523 2629 2551 2657 ››
2579 2607 2639 2661 εΟ
2678 2594 2830 2671 αὐτὸς
2857 2615 2947 2663 καὶ
3001 2611 3050 2664 ἓν
3095 2612 3223 2687 ἄλλῃ
3276 2594 3407 2686 una“:
3460 2622 3561 2666 τῶν
3599 2594 3820 2668 ’ἐπιστο-

460 2685 884 2739 communione
911 2684 1039 2754 ejus
1068 2683 1327 2739 Ecclesia
1349 2700 1502 2751 mea,
1536 2685 1804 2740 etadhuc
1830 2685 2052 2755 utitur,

2225 2691 2312 2742 λῶν
2383 2715 2396 2726 ·
2452 2717 2481 2745 ‹‹
2527 2697 2661 2768 Ἐγὼ
2711 2695 2771 2750 δὲ
2812 2699 3051 2752 Μελέτιον
3108 2683 3210 2753 οὐκ⁷
3259 2683 3446 2774 ἇγνοῶ,
3496 2701 3605 2755 ἀλλ’
3658 2705 3817 2777 ἴσχεν

458 2789 597 2828 cum
625 2772 858 2828 Domini
888 2771 1078 2842 gratia
1102 2772 1384 2844 deinceps
1423 2777 1637 2829 utetur.
1671 2795 1700 2824 »
1759 2777 1825 2829 Et
1865 2774 1924 2830 in
1965 2774 2050 2830 ali;

2227 2779 2368 2832 ιιῦτόν
2415 2785 2446 2840 ἠ
2513 2783 2606 2856 ἐμὴ
2649 2786 2955 2856 Ἐκκλησία,
3009 2795 3100 2841 καὶ
3147 2793 3262 2863 ἔχει
3311 2795 3629 2860 κοινωνικὸν,
3687 2791 3819 2846 ἀλλὰ

482 2883 510 2911 ‹‹
541 2860 598 2916 Si
625 2876 856 2925 omnes,
889 2859 1132 2915 omissis
1162 2861 1663 2930 contentionibus,
1713 2862 1944 2918 homini
2001 2865 2074 2918 De

2225 2876 2299 2922 ιαὶ
2339 2872 2412 2934 εἰς
2447 2877 2505 2925 τὸ
2572 2875 2685 2938 ἑξῆς
2718 2878 2816 2940 ἕξει
2867 2883 3057 2953 χάριτι
3106 2859 3210 2933 τοῦ*
3242 2887 3437 2956 Κυρίου
3467 2903 3480 2916 ·
3533 2905 3560 2933 ››
3617 2859 3713 2936 καὶ
3766 2883 3817 2936 ἕν

457 2949 680 3005 Meletio
711 2949 1098 3005 adhaererent.
1143 2971 1170 2999 ››
1194 2949 1402 3005 Adhuc
1426 2951 1488 3005 in
1539 2951 1674 3008 alia:
1710 2974 1730 3002 α
1762 2951 1864 3007 Illa
1912 2953 2049 3007 Eccli

2224 2959 2335 3034 ἱλλῃ
2367 2983 2380 2995 ο
2410 2985 2438 3012 »
2488 2965 2550 3016 Εἰ
2605 2970 2663 3018 τὸ
2729 2949 3008 3040 φιλόνεικον
3063 2949 3530 3044 ἀφέμενοίπάντις
3587 2993 3816 3044 προστε-

455 3038 556 3094 siaa
569 3039 842 3095 membra
867 3055 999 3094 esse
1033 3039 1399 3108 judicamus,
1412 3056 1548 3112 quae
1566 3058 1726 3110 cum,
1741 3042 1983 3097 homine
1997 3045 2047 3097 Di

2223 3050 2334 3102 lein
2362 3061 2435 3121 τῷ
2466 3051 2714 3128 ἀνθρώπῳ
2741 3066 2832 3109 τοῦ
2863 3065 2997 3112 Θεοῦ
3026 3059 3249 3132 Μελετίῳ
3284 3079 3298 3095 ο
3319 3082 3348 3111 ν
3393 3067 3482 3113 καὶ
3530 3060 3579 3112 ἐν
3634 3061 3762 3137 ἄλλῃ
3801 3082 3815 3095 ·

454 3127 679 3184 Meletio
711 3128 1029 3183 cohaerent.
1063 3151 1092 3177 »
1118 3130 1181 3183 Et
1224 3144 1454 3184 rursus:
1503 3152 1530 3178 «
1590 3133 1831 3202 Oportet
1885 3147 2046 3186 omne

2225 3160 2234 3189 ι
2289 3146 2450 3215 Μέρος
2501 3144 2810 3208 Ἐκκληοίας
2860 3147 3020 3202 ἇκεῖνο
3081 3155 3337 3226 κρίνομεν,
3394 3155 3450 3204 τὸ
3497 3161 3817 3228 προσκείμε-

451 3216 530 3271 ad
560 3217 868 3272 hominem
910 3216 1010 3270 Dei
1041 3216 1330 3272 Meletium
1361 3235 1425 3273 se
1456 3218 1551 3288 adj
1564 3235 1802 3291 ungere.
1821 3242 1848 3269 ‹‹
1879 3223 2043 3292 Βθρινι

2225 3248 2286 3280 ιον
2332 3240 2404 3301 τῷ
2462 3233 2713 3306 ἀνθρώπῳ
2765 3244 2857 3289 τοῦ
2907 3246 3041 3291 Θεοῦ
3093 3239 3341 3313 Μελιτὶῳ,
3392 3263 3420 3291 ››
3467 3241 3817 3317 Ἐγκαλοῦμε-

449 3305 673 3359 hensus
697 3309 899 3359 autem
926 3320 963 3358 ιι
982 3305 1184 3360 nescio
1213 3322 1356 3377 quo,
1388 3307 1470 3362 ita
1499 3323 1561 3362 se
1595 3307 1878 3364 defendit:
1918 3331 1938 3358 ι
1975 3312 2041 3379 EE

2219 3337 2287 3380 ρος
2318 3315 2378 3371 δὲ
2431 3327 2562 3396 πρός
2605 3343 2759 3396 τινος,
2807 3325 3137 3400 ἀπολογεῖται
3198 3335 3288 3381 καί
3345 3350 3504 3402 φησιν
3550 3350 3564 3360 ·
3615 3355 3646 3381 ‹‹
3697 3335 3811 3386 Οὔκ

448 3392 775 3448 Antiochiae
800 3391 1150 3463 episcopum
1176 3393 1629 3450 novineminem
1649 3396 1762 3451 nisi
1779 3398 2040 3454 Meletiun

2216 3405 2328 3459 ›ἶδα
2401 3409 2681 3464 ἐπίσκοπον
2745 3415 3072 3488 Ἀντιοχείάς
3145 3419 3307 3492 ἕτερον
3377 3420 3421 3472 εἰ
3507 3425 3579 3493 μὴ
3640 3423 3808 3475 Μελέ-

448 3484 649 3553 Neque
690 3481 938 3535 omnino
965 3479 1050 3534 sic
1079 3481 1245 3541 dixit.
1268 3483 1432 3554 quod
1450 3485 1797 3540 Eustahium
1809 3486 2040 3557 rejicere

2219 3515 2310 3548 nov
2328 3497 2465 3573 (21).
2495 3523 2522 3550 ))
2579 3507 2679 3555 Καὶ
2721 3506 2922 3566 πάντως
2973 3507 3067 3558 οὐκ
3119 3479 3528 3582 ἀποϐαλλόμενος
3575 3514 3662 3562 τὸν
3709 3512 3811 3564 Εὖ-

449 3569 556 3625 sed
573 3574 636 3625 ut
665 3584 768 3624 eos
796 3568 1086 3623 refelleret
1122 3571 1631 3646 confunderetque
1669 3574 1774 3645 qui
1804 3575 2041 3632 Meletiui

2214 3588 2412 3639 πάθιον
2468 3597 2620 3643 τοῦτο
2668 3595 2885 3667 εἴρηκεν,
2941 3594 3068 3648 ἀλλὰ
3123 3603 3524 3672 προτρεπόμενος
3561 3605 3653 3652 καὶ
3719 3605 3806 3653 ἐν-

445 3675 569 3714 non
600 3658 983 3730 recipiebant:
1019 3658 1196 3714 simul
1220 3660 1421 3731 etiam,
1455 3663 1599 3733 quia
1628 3662 1676 3717 is
1724 3663 1957 3719 interim
1991 3669 2037 3720 Et

2212 3679 2394 3748 τρέπων
2427 3683 2544 3739 τους
2580 3686 2652 3752 μὴ
2707 3681 3171 3758 παραδέχομένους
3221 3687 3463 3740 Μελέτιον
3518 3710 3532 3722 ·
3578 3690 3689 3762 ἅμα
3742 3687 3804 3744 δὲ

447 3747 692 3803 clesiam
718 3746 959 3803 tenebat
982 3747 1368 3821 regebatque,
1384 3749 1530 3805 dum
1548 3753 1886 3808 Eustathins
1911 3755 1972 3808 in
1993 3771 2039 3810 e:

2208 3770 2288 3816 καὶ
2327 3768 2396 3826 ὡς
2427 3772 2612 3820 τοὺτου
2651 3777 2746 3828 τήν
2796 3773 3110 3832 Ἐκκλησίαν
3170 3781 3296 3837 τέως
3347 3782 3656 3850 κατέχοντος
3708 3784 3800 3832 καὶ

447 3836 574 3893 silio
597 3836 769 3893 otiari
795 3836 1144 3907 cogebatur.
1182 3839 1456 3895 Fortasse
1504 3841 1684 3897 etiam
1741 3841 1834 3897 his
1891 3844 2035 3900 verb

2209 3852 2475 3926 ἱθύνοντος,
2533 3859 2829 3912 Εῦτσαθίου
2879 3861 3155 3936 ἀργοῦντος
3213 3864 3261 3916 ἐν
3318 3864 3490 3940 ἓξορίᾳ
3545 3889 3558 3902 ·
3624 3871 3697 3920 ἔτι
3739 3865 3801 3921 δὲ

444 3926 710 3982 dolorem
741 3927 972 3982 Arianis
997 3927 1232 3982 inurere
1253 3928 1464 3987 voluit.

1841 4027 1845 4028 γ
2195 3944 2381 4015 ἄγχων
2419 3951 2539 4009 τοὺς
2577 3948 2630 4011 ἐξ
2659 3949 2859 4024 Ἀρείου
2987 3955 3207 4028 ῥήματι.

512 4018 598 4076 20.
623 4019 763 4084 Hoc,
787 4016 1057 4089 inquam.
1087 4017 1300 4073 saltem
1323 4020 1667 4091 exemplum
1689 4027 1953 4094 spectare
1978 4040 2088 4080 vos

2264 4031 2331 4093 κ’,
2363 4033 2428 4087 ⁸0
2452 4033 2542 4105 δή,
2569 4043 2659 4090 καὶ
2689 4040 2732 4092 εἰ
2779 4047 2850 4114 μή
2888 4063 2935 4095 τι
2978 4042 3121 4110 ἄλλο,
3169 4043 3296 4097 ἀλλὰ
3347 4043 3442 4098 κᾶν
3498 4055 3651 4100 τοῦτο
3691 4046 3798 4100 ἔδει

440 4111 758 4180 oporteret,
785 4122 982 4180 neque
1002 4111 1167 4163 tanta
1199 4107 1710 4167 inconsiderantia
1774 4114 2032 4184 repudia]

2202 4131 2407 4176 σκοπεῖν
2477 4131 2566 4179 καὶ
2637 4131 2771 4199 ὑμᾶς
2833 4152 2845 4163 ·
2910 4137 3000 4185 καὶ
3065 4135 3134 4206 μὴ
3186 4132 3585 4208 ἀποπέμπεσθαι
3639 4138 3794 4199 οὕτως

439 4198 882 4252 sanctissimum
933 4197 1280 4267 Josephum,
1366 4199 1714 4271 praeclarum
1785 4202 2031 4272 religion

2200 4209 2417 4286 ἀκρίτως
2461 4219 2548 4267 τὸν
2604 4225 2695 4278 τῆς
2750 4222 3002 4295 ἡμετέρας
3053 4223 3223 4286 καλῶς
3278 4229 3654 4299 προϊστάμενον
3711 4228 3792 4279 εῦ-

438 4291 655 4340 Ποειτω
686 4285 922 4352 ducem,
954 4301 1315 4358 sacrumque
1346 4294 1618 4344 nostrum
1657 4291 2030 4364 patriarchan

440 4372 676 4392 ημιεηνκν
712 4389 813 4392 μη,
890 4373 948 4392 ,-
1228 4374 1382 4392 ε
1533 4377 1547 4392 ι

2198 4300 2392 4364 σεϐείας
2423 4303 2709 4376 ἁγιώτατον
2762 4308 2971 4384 Ἰωσὴφ,
3015 4316 3102 4365 τὸν
3156 4316 3286 4387 ἱερὸν
3344 4317 3489 4388 ἡμῶν
3538 4319 3790 4392 πατριάρ-

437 4375 505 4427 Et
517 4372 688 4427 alium
704 4373 1016 4444 quemdam
1029 4389 1136 4444 per
1146 4374 1461 4446 epistolam
1475 4377 1811 4434 admonens
1825 4397 2029 4451 magni

2464 4372 2472 4376 ,
2927 4372 2970 4384 ιι
3198 4372 3206 4387 Ι
3362 4372 3392 4388 ‘0
3646 4372 3655 4392 Ι
3738 4372 3747 4392 Ι

2200 4411 2317 4463 xm.
2380 4399 2480 4448 Καὶ
2537 4395 2672 4468 οὒςλῳ
2731 4395 2793 4452 δέ
2842 4421 2945 4453 τινι
2999 4411 3255 4476 παραινῆν
3314 4401 3390 4456 δι’
3446 4403 3732 4468 ἐπιπολώς
3767 4409 3792 4459 ὁ

440 4461 706 4528 Basilius,
733 4461 1004 4516 hortatur
1029 4463 1737 4522 utomissaschismatum
1761 4469 2032 4526 discordi:

440 4548 720 4572 ιι-1-ιζ--..,
750 4556 1036 4572 --___-L-__.
1095 4551 1204 4572 n__1
1243 4568 1336 4572 ---μ
1364 4553 1524 4572 _'I,_-_-
1585 4554 1622 4572 19
1815 4558 1842 4572 τι
1875 4562 1917 4572 ι.-

2199 4483 2346 4550 υιέγας
2394 4483 2670 4553 Βασίλειος,
2727 4485 2968 4561 ἀφέμενον
3029 4497 3122 4549 τὴν
3181 4501 3278 4544 τῶν
3313 4495 3629 4566 σχισμοὶτων
3686 4497 3791 4569 ἔριν

435 4548 726 4604 Meletium
749 4556 1060 4622 sequatur.
1095 4551 1208 4608 Sed
1234 4568 1338 4607 cur
1364 4553 1537 4624 plura
1564 4554 1765 4611 dicam
1815 4558 1842 4612 ?
1873 4562 2027 4616 Non:

2260 4548 2267 4550 _
2659 4548 2667 4553 ι
2768 4548 2777 4559 ι
2822 4548 2831 4561 ι
3081 4548 3086 4549 ⁷
3347 4548 3390 4566 ιν
3453 4548 3463 4566 ι
3708 4548 3718 4569 Ι

2200 4573 2534 4643 τροστεθῆναι
2605 4575 2832 4649 Μελετίῳ
2903 4580 3326 4652 παρακελεύεται.
3408 4587 3507 4636 Καὶ
3585 4589 3636 4637 τὶ
3707 4581 3792 4637 δεῖ

433 4636 530 4692 hic
558 4653 816 4708 magnus
839 4638 1086 4694 Basilius
1115 4641 1559 4714 presbyteratus
1594 4644 1863 4702 ordinem
1900 4664 1935 4705 a
1966 4653 2025 4706 M1

2194 4657 2424 4713 πλειόνων
2455 4664 2578 4736 ἡμῖν
2613 4665 2795 4737 ;Οὐχὶ
2835 4667 2992 4731 αὐτὸς
3036 4670 3186 4732 οὗτος
3231 4674 3256 4722 ό
3312 4676 3469 4744 μέγας
3518 4673 3786 4736 Βασίλειος

432 4726 573 4781 Ietio
599 4727 908 4799 suscepit?
941 4728 1132 4797 Legite
1168 4729 1423 4786 Socratis
1473 4731 1937 4793 ecclesiasticam
1986 4742 2024 4794 Η

2492 4726 2500 4736 Ι
2613 4726 2621 4731 _
2730 4726 2772 4737 η
2977 4726 2990 4731 _
3171 4726 3183 4732 _
3312 4726 3321 4744 ι
3384 4726 3397 4744 ,
3457 4726 3468 4733 ,
3749 4726 3785 4736 ν.

2193 4751 2325 4822 παρὰ
2366 4757 2458 4801 τοῦ
2506 4752 2746 4806 Μελετίου
2795 4761 2888 4813 τήν
2951 4766 3049 4809 τῶν
3095 4747 3454 4833 πρεσϐυτέρων
3504 4765 3614 4831 (22)
3668 4783 3785 4834 χει-

432 4816 698 4885 storiam,
721 4817 983 4891 itemque
1004 4819 1210 4889 magni
1243 4819 1438 4876 Basilii
1464 4820 1651 4878 Vitam
1670 4825 1747 4880 ab
1770 4827 2024 4899 Amphilc

2257 4816 2264 4822 .
3135 4816 3142 4832 ,
3352 4816 3360 4833 ,
3507 4816 3517 4831 κ
3598 4816 3608 4828 ,
3668 4816 3713 4834 η

2193 4842 2412 4890 οοτονίαν
2462 4837 2673 4904 ἐδέξατο
2723 4860 2736 4910 ;
2805 4845 3089 4917 Ἀνάγνωτε
3157 4855 3250 4906 τήν
3334 4857 3425 4901 τοῦ
3483 4854 3785 4926 Σωκράτους

428 4906 561 4962 chio
606 4908 894 4963 lconiensi
917 4908 1217 4981 scriptam,
1264 4915 1329 4966 ut
1379 4926 1506 4966 rem
1565 4918 1962 4985 cognoscatis.
2009 4923 2020 4974 l

2723 4906 2732 4910 -
2937 4906 2950 4917 ι
3595 4906 3603 4926 Ι
3770 4906 3784 4913 ”

2192 4925 2624 4988 ξκκλησιαστικήν
2665 4939 2942 5008 Ἱστορίαν,
2995 4941 3083 4988 καὶ
3118 4937 3464 5010 Ἀμφιλοχίου
3522 4947 3612 4992 τοῦ
3656 4941 3784 4993 Ἰκο-

427 4994 551 5050 Vita
577 5011 820 5069 quoque
847 4997 1034 5052 sancti
1065 4999 1303 5054 Antonii
1334 5001 1608 5059 scribitur
1635 5023 1648 5060 :
1682 5005 1820 5062 Fide
1871 5014 2019 5064 aute]

2803 4994 2811 5008 .
2931 4994 2939 5002 ι
3176 4994 3186 5010 .
3226 4994 3234 5010 .
3336 4994 3378 5010 η

2189 5033 2290 5065 νιου
2317 5015 2388 5077 εἰς
2417 5021 2503 5069 τὸν
2542 5023 2656 5071 Βίον
2695 5029 2787 5072 τοῦ
2849 5023 3073 5095 μέγάλου
3104 5026 3396 5093 Βασιλείου,
3446 5032 3536 5079 καὶ
3573 5037 3736 5100 γνῶτε
3767 5051 3781 5064 ·

428 5083 796 5142 admirabilis
822 5090 946 5142 erat
970 5088 1260 5144 Antonius
1282 5093 1338 5144 et
1365 5105 1610 5162 prorsus
1654 5095 2020 5154 orthodoxus

2849 5083 2859 5095 I
2921 5083 2934 5095 1
3385 5083 3396 5093 ¹
3581 5083 3595 5100 Ι

2186 5105 2364 5180 γράφει
2392 5111 2481 5159 καὶ
2507 5107 2574 5170 εἰς
2601 5112 2686 5161 τὸν
2719 5115 2833 5163 Βίον
2862 5120 2954 5164 τοῦ
2996 5114 3148 5189 ἁγίου
3210 5115 3484 5170 ’Δντωνίου
3547 5137 3563 5154 ο
3620 5141 3648 5169 ι(
3702 5126 3778 5188 Τῇ

493 5303 622 5414 £32)“
635 5304 1523 5414 flggiﬁeityfu‘snﬁntgnius.
1539 5316 2072 5414 cuiHieronymus
2179 5344 2297 5414 que
2325 5326 2424 5407 jus
2454 5351 2610 5409 aegre
2643 5329 3049 5414 dignascatur,
3079 5353 3188 5400 nec
3218 5334 3482 5414 nisifere
3507 5340 3780 5414 tempore

421 5381 1278 5484 393301253333ganges}?
1291 5385 1727 5484 reptasse;
1770 5381 2072 5484 Νονςρουί
2177 5381 3780 5484 sesegcza'guz‘aesseessetvastasset

420 5450 1282 5548 Xifglmlﬂe‘l-eguﬂfes‘puo,
1312 5463 1889 5548 ignoi'o‘l’aqlz'num.
1921 5473 2066 5548 Con—
2176 5493 2310 5532 rum
2341 5450 2863 5548 δαρίεᾶιῗεέἴᾶἇῖί

1040 5527 1048 5535 .
1139 5519 1151 5527 -
1267 5519 1279 5528 ι
1331 5519 1354 5532 ν
1553 5536 1562 5546 ,
1601 5519 1625 5521 η
1928 5519 2042 5529 νυ..
2177 5519 2310 5532 ιον...
2341 5519 2408 5535 υι.
2455 5519 2863 5542 ιονηωσυηαηι.

422 5519 926 5621 ξξξξοςιδξξξνεξιαβ
959 5541 1390 5621 ξξιξρεξροξωῆ
1432 5539 1939 5621 antioche‘nornm
2003 5546 2064 5600 in
2192 5619 2206 5621 _
2247 5549 2358 5621 (22)
2389 5519 2515 5608 1’an
2544 5554 2872 5614 diaconum
2900 5555 3127 5614 factum
3153 5574 3189 5614 a
3218 5557 3442 5614 Meletio
3490 5556 3777 5614 Basilium

421 5587 648 5646 collect.
666 5587 864 5649 Vatit.
896 5596 936 5659 ι,
965 5587 1116 5676 p‘art.
1143 5587 1197 5666 ιῐ,
1231 5617 1290 5674 p.
1331 5608 1409 5660 15.
1432 5587 1759 5666 Ἡ-εὲῖἓὲἴ
1770 5587 2064 5672 ᾙίῖιῖῖτυὶἑῖ
2172 5587 2872 5684 άίὲῖῖὲὀέἷᾍιέἓαιῖῗῗῗ
2877 5587 3127 5684 213mm
3153 5587 3189 5614 α
3218 5587 3442 5639 mw”
3490 5587 3777 5640 P313113“

424 5660 1744 5698 micmmlhmunhmmﬂ_‘__d____“‘me
1915 5689 1925 5698 ι
2170 5691 2186 5698 _
2272 5692 2302 5698 _7
2727 5669 2740 5682 .
2835 5671 2849 5698 ,
2953 5669 2970 5696 ,
3022 5633 3089 5686 ut
3116 5634 3360 5686 certem
3411 5627 3777 5686 edltlombus

424 5661 860 5734 episcopalium
872 5661 1264 5728 schismatum
1275 5678 1491 5733 natura
1501 5661 2062 5744 discissa—£53113.
