4032 6308
147 363 265 415 805

1290 351 1734 412 NICEPHORUS
1774 353 1877 409 GP.
1917 351 2385 412 PATRIABCHA.

3417 361 3525 417 806

139 490 333 536 πίστει
382 479 440 534 δὲ
495 483 797 553 Θαυμαστὸς
847 476 909 537 ἦν
961 481 987 531 ὁ
1044 480 1322 542 Ἀντώνιος
1371 486 1460 532 καὶ
1513 477 1754 538 εὐσεϐής·

1885 493 2018 533 nam
2041 493 2238 550 neque
2259 493 2400 533 cum
2425 477 2744 536 Meletianis
2764 477 3164 538 schismaticis
3193 486 3524 541 communi-

141 578 276 625 οὔτε
339 575 440 644 γὰρ
507 578 618 632 τοῖς
675 569 997 629 Μελετιανοίς
1043 578 1154 630 τοίς
1203 567 1586 641 σχισματικοῖς
1637 585 1760 620 ποτε

141 661 520 728 ἐκοινώνησεν,
553 656 704 720 εἰδὼς
737 659 906 710 αὐτῶν
928 663 1022 716 τὴν
1051 666 1304 732 πονηρίαν
1335 665 1423 710 καὶ
1484 663 1578 716 τὴν
1630 656 1756 708 απο-

146 755 410 814 στασίαν,
441 752 556 800 οὔτε
589 747 931 818 Μανιχαὼίς,
969 750 997 803 ἤ
1061 746 1230 807 ἄλλοις
1290 752 1427 798 τισὶν
1480 748 1762 816 αἱρετικοίς

145 838 345 910 ὡμΰ.ει
398 837 705 909 φιλονείκως,
760 837 788 893 ᾖ
835 841 988 906 μόνον
1049 837 1183 906 ἄχρι
1240 837 1528 896 νουθεσίας.
1584 856 1612 883 »
1663 839 1761 886 Καὶ

146 931 299 1000 μετὰ
318 946 437 978 τινα
473 929 725 986 νουθετώς
745 933 854 985 τοῖς
903 926 1188 996 μαθηταῐνς
1235 927 1301 975 τὰ
1321 923 1584 975 τελευταῖα
1629 919 1759 990 ἠδη,

145 1015 446 1069 ἐνετέλλετο
477 1015 651 1075 αὐτοῖς
687 1019 758 1085 μὴ
812 1014 1036 1084 ἐγγίζειν
1091 1013 1416 1073 Μελετιανοίς
1465 1031 1762 1084 σχισματι-

143 1113 273 1168 κοῖς
311 1127 325 1139 ο
356 1128 385 1154 ε(
427 1101 621 1156 Οἴδατε
649 1107 774 1178 γὰρ,
804 1124 833 1151 )›
865 1109 1046 1174 φησὶν,
1076 1125 1102 1152 ‹‹
1154 1103 1320 1153 αὐτῶν
1381 1107 1474 1158 τὴν
1512 1105 1762 1174 πονηρίαν

142 1201 252 1246 καὶ
316 1193 535 1266 βέϐηλον
571 1195 769 1266 αἰρεσιν
828 1213 840 1224 θ
892 1197 1023 1262 μήτε
1075 1197 1340 1242 κοινωνίαν
1413 1194 1553 1261 ἔχειν
1635 1193 1765 1262 πρὸς

147 1289 278 1343 τοὺς
308 1284 695 1356 Ἀρειανούςον
749 1286 839 1331 καὶ
889 1283 1019 1352 μετα
1063 1300 1198 1342 τινα,
1251 1303 1278 1328 ‹‹
1343 1282 1763 1350 Μνημονεύετε,››

144 1377 345 1444 φησιν,
396 1395 423 1420 ι(
466 1372 532 1420 ὧν
578 1371 840 1428 ἠκούσατε
901 1369 1022 1442 παρ’
1073 1368 1196 1440 ἐμοῦ
1237 1373 1624 1441 παραινέσεωνο
1676 1371 1764 1418 καί

143 1457 401 1533 μηδεμία
421 1464 661 1511 κοινωνία
682 1462 815 1509 ἔστω
854 1459 975 1529 ὑμῖν
1021 1463 1146 1530 πρὸς
1195 1461 1314 1518 τοὺς
1374 1461 1762 1528 σχισματικοὺς

143 1551 520 1610 Μελετιανοὺς,
552 1547 674 1619 μηθ’
709 1548 835 1606 ὅλως
862 1551 990 1621 πρὸς
1042 1551 1164 1606 τοὺς
1211 1547 1500 1617 αἰρετιχούς
1559 1545 1766 1616 Ἀρεια-

145 1642 281 1699 νούς
305 1641 457 1710 (23)°
489 1634 667 1688 οἴδατε
704 1639 825 1710 γὰρ,
858 1659 886 1684 ››
929 1641 1080 1707 φησὶ,
1110 1657 1138 1683 «
1197 1644 1306 1695 πῶς
1352 1637 1494 1704 κανγὼ
1551 1637 1764 1694 τούτους

145 1726 531 1797 ἐξετρεπὸμην.
569 1749 596 1774 ››
632 1722 937 1795 Διδάχθητε
988 1729 1077 1775 καὶ
1133 1726 1277 1796 παρὰ
1326 1732 1416 1774 τοῦ
1464 1728 1618 1793 αγίου
1656 1722 1767 1775 Ἀν-

1871 567 2027 622 cavit
2059 582 2347 638 unquam,
2397 583 2657 638 quorum
2708 573 2957 623 noverat
2984 569 3431 641 improbitatem
3469 577 3528 630 et

1871 656 2260 726 apostasiam,
2281 671 2477 728 neque
2494 672 2631 711 cum
2651 656 3007 726 Manichaais,
3025 673 3220 730 neque
3237 676 3377 716 cum
3393 661 3524 718 aliis

1871 744 2188 816 quibusvis
2234 745 2525 800 haereticis
2574 745 2834 816 partium
2885 762 3090 803 amore
3145 750 3523 817 versabatur,

1873 832 1985 886 nisi
2001 832 2149 888 forte
2167 833 2496 904 aliquando
2517 836 2943 890 commonendi
2969 851 3172 891 causa.
3197 859 3224 887 ››
3250 841 3315 893 Et
3342 840 3524 910 paulo

1873 920 2027 976 infra
2056 923 2137 977 ait
2161 922 2572 993 biographus;
2607 944 2635 972 ‹‹
2669 923 2814 978 Cum
2845 939 3128 994 suprema
3172 929 3402 983 monita
3430 927 3526 984 di-

1878 1010 2121 1081 scipulis
2150 1010 2338 1076 daret,
2372 1010 2874 1084 mandabatipsis
2904 1029 2979 1067 ne
3009 1029 3148 1069 cum
3196 1015 3526 1073 Meletianis

1878 1100 2279 1154 schismaticis
2312 1106 2722 1156 versarentur:
2756 1102 2950 1157 Nostis
2979 1103 3162 1172 enim,
3196 1104 3406 1177 inquit,
3461 1105 3525 1161 il-

1876 1188 2070 1243 lorum
2100 1187 2546 1259 improbitatem
2574 1189 3013 1262 profanamque
3040 1192 3341 1248 haeresim.
3380 1197 3525 1250 Item

1877 1293 1951 1332 ne
1998 1293 2138 1332 cum
2192 1277 2425 1332 Arianis
2497 1279 3096 1335 communicarent.»
3149 1284 3525 1354 Rursumque

1875 1365 2057 1437 paulo
2089 1370 2259 1437 post:
2299 1389 2320 1414 ι
2352 1368 2721 1434 Mementote,
2765 1368 2979 1438 inquit,
3029 1384 3184 1440 quas
3209 1369 3458 1426 audistis
3489 1387 3526 1426 a

1878 1471 1991 1525 me,
2010 1454 2493 1510 admonitionum
2512 1473 2524 1508 :
2545 1455 2829 1528 nullaque
2851 1457 3024 1512 vobis
3042 1474 3182 1514 cum
3207 1459 3526 1515 Meletianis

1877 1543 2274 1598 schismaticis
2324 1543 2672 1598 communio
2728 1545 2820 1609 sit,
2853 1561 3051 1616 neque
3107 1547 3356 1601 omnino
3386 1563 3526 1602 cum

1878 1632 2110 1686 Arianis
2167 1631 2464 1688 haereticis
2501 1649 2513 1686 :
2548 1632 2710 1687 scitis
2741 1633 2902 1688 enim
2958 1635 3270 1704 quomodo
3322 1639 3379 1690 et
3414 1651 3527 1705 ego

1877 1719 2178 1790 ejusmodi
2200 1720 2501 1775 consortia
2521 1720 2854 1775 vitaverim.
2884 1744 2912 1770 »
2940 1728 2985 1776 A
3007 1726 3216 1778 sancto
3244 1739 3387 1792 ergo
3409 1727 3527 1778 An-

145 1822 353 1868 τωνίου
413 1818 494 1867 ὅτι
543 1815 636 1876 ἔξω
689 1824 780 1873 τῆς
825 1813 1132 1872 Ἐκκλησίας
1181 1813 1296 1864 ἐστε
1354 1814 1501 1884 ὑμεῖς
1565 1815 1766 1882 οὶσχι-

1885 1810 2043 1864 tonio
2071 1809 2415 1878 cognoscite
2441 1815 2607 1866 extra
2629 1810 2984 1866 Eecclesiam
3015 1827 3124 1867 vos
3143 1828 3296 1881 esse,
3317 1828 3354 1867 ο
3375 1811 3530 1868 schi-

154 1909 422 1978 σματικοί
447 1925 460 1938 ο
500 1909 588 1955 καὶ
618 1903 714 1955 οὐχ
738 1907 850 1956 ἐστι
881 1899 1087 1954 δίκαιον
1133 1899 1392 1972 δέχεσθαι
1449 1901 1570 1974 παρ’
1623 1904 1768 1972 ἡμῶν

154 1997 230 2056 εἰς
287 1999 558 2046 κοινωνίαν
598 1995 754 2064 ὑμᾶς,
803 1994 863 2043 οἶν
955 1997 1025 2064 μὴ
1103 1995 1330 2061 γνησίως
1394 1995 1767 2062 μετανοήσητε,

154 2090 256 2136 καὶ
314 2088 466 2135 τέκνα
525 2091 617 2143 τῆς
687 2081 1001 2140 Ἐκκλησίας
1064 2081 1284 2150 γένησθε
1333 2075 1426 2130 διὰ
1474 2084 1767 2149 μετανοίας,

152 2175 340 2232 καθὼς
371 2177 461 2223 καὶ
499 2178 602 2230 τοῖς
635 2173 786 2242 ἱεροῖς
815 2174 999 2221 κανόσι
1022 2165 1191 2222 δοκεῖ.
1238 2166 1381 2239 Ἅμα
1420 2164 1479 2219 δὲ
1542 2174 1769 2238 σημειω-

158 2264 340 2314 σασθε
361 2266 450 2312 καὶ
478 2265 556 2312 ὅτι
583 2264 699 2318 τοὺς
733 2258 1094 2325 Μελετιανούς,
1146 2261 1540 2330 σχισματικούς
1598 2262 1766 2322 ὄντας,

154 2353 465 2424 αἱρετικοὺς
501 2347 736 2400 ἐκάλεσεν
772 2369 784 2380 ·
810 2370 836 2394 ‹‹
895 2344 1091 2398 Οἴδατε
1141 2350 1265 2418 γὰρ,
1306 2369 1331 2394 ››
1379 2352 1558 2417 φησὶν,
1593 2368 1620 2395 ››
1680 2345 1770 2396 αὑ-

157 2437 401 2496 τώντὴν
437 2440 665 2512 πονηρὰν
715 2442 804 2488 καὶ
851 2435 1069 2507 βέϐηλον
1132 2437 1349 2510 αἰρεσιν.
1383 2458 1408 2483 ››
1470 2437 1623 2490 Οὕτω
1679 2439 1769 2485 καὶ

159 2532 187 2580 ὁ
217 2526 545 2587 Ἀπόστολος
566 2527 791 2598 αἱρέσεις
816 2528 886 2576 τὰ
936 2531 1218 2596 σχίσματα
1279 2526 1328 2576 ὲν
1382 2533 1442 2595 τῇ
1494 2528 1624 2596 πρὸς
1666 2529 1770 2575 Κο-

151 2620 397 2691 ρινθίους
423 2615 586 2685 καλεῖ,
605 2635 655 2670 κ.
676 2635 725 2670 τ,
749 2614 799 2668 λ.
820 2617 949 2684 (24).

231 2797 355 2866 (23)
385 2793 609 2866 Idcirco
636 2808 774 2848 cum
804 2792 1036 2866 Arianis
1069 2791 1357 2848 Meletiani
1394 2793 1772 2866 conjungun-

159 2863 286 2930 tur,
318 2865 463 2937 quia
489 2865 747 2937 Meletius
774 2863 852 2937 ab
880 2865 1111 2937 Arianis
1136 2869 1446 2937 promotus
1476 2864 1684 2927 fuerat,
1711 2870 1774 2918 ut

161 2939 271 3007 ait,
333 2933 548 3008 praeter
594 2935 972 3008 Methodium.
1025 2933 1204 2989 etiam
1263 2935 1657 3008 Hieronymus
1713 2939 1774 2988 in

166 3005 491 3066 Chronico.
523 3007 891 3078 Creteroquin
903 3005 952 3078 si
969 3020 1228 3072 magnus
1240 3006 1595 3078 Athanasius
1608 3008 1778 3078 (pras-

170 3088 266 3136 ter
287 3079 591 3139 Basilium)
604 3093 743 3132 cum
757 3077 978 3132 Meletio
991 3080 1418 3131 communicare
1439 3077 1775 3146 optabat,ut

168 3167 247 3208 ex
274 3149 470 3205 Basilii
489 3147 753 3220 epistolis
784 3149 1110 3220 noscimus,
1131 3147 1190 3201 id
1215 3164 1455 3220 prorsus
1485 3148 1772 3220 Meletium
1803 3151 1845 3207 C

171 3223 259 3282 ab
288 3218 628 3276 Arianismo
646 3218 899 3274 liberare
913 3218 1164 3274 videtur.
1190 3218 1253 3274 Et
1270 3219 1517 3291 quidem
1533 3219 1773 3274 delusos

1881 1897 2153 1964 smatici;
2185 1913 2382 1969 neque
2411 1913 2520 1952 vos
2566 1904 2840 1969 oportere
2866 1915 2903 1954 a
2932 1900 3108 1955 nobis
3159 1901 3361 1972 recipi,
3414 1901 3529 1959 nisi

1883 1986 2117 2042 sincera
2146 1986 2497 2058 poenitentia
2539 1987 2894 2056 tangamini,
2927 1988 3204 2060 ﬁatisque
3256 1989 3527 2044 Ecclesiae

1880 2074 1978 2130 ﬁlii
2027 2090 2132 2146 per
2161 2075 2635 2138 conversionem,
2668 2075 2831 2132 velut
2859 2077 3012 2132 sacri
3040 2093 3284 2150 quoque
3327 2077 3528 2134 decer-

1880 2170 2032 2219 nunt
2076 2180 2358 2220 canones.
2417 2164 2569 2219 Illud
2616 2166 2796 2220 etiam
2835 2165 3312 2233 animadvertite,
3361 2166 3528 2239 quod

1879 2268 2098 2324 nempe
2147 2253 2482 2309 Meletianos
2513 2255 2803 2309 Antonius
2848 2255 3158 2310 haereticos
3205 2255 3530 2327 appellavit

1879 2342 2082 2397 dicens
2101 2360 2112 2395 :
2139 2365 2165 2391 n
2178 2343 2370 2398 Nostis
2388 2343 2548 2398 enim
2564 2342 2800 2398 illorum
2819 2343 3162 2414 improbam
3183 2345 3530 2416 profanam-

1879 2447 1998 2502 que
2014 2431 2291 2486 haeresim
2301 2473 2315 2488 .
2327 2431 2450 2487 nSic
2463 2432 2642 2486 etiam
2656 2431 2977 2502 Apostolus
2989 2433 3275 2489 hmreseos
3286 2432 3530 2488 nomine

1882 2521 2209 2576 schismata
2237 2521 2514 2592 indigitat
2542 2521 2603 2574 in
2634 2520 2896 2591 Epistola
2924 2520 3001 2576 ad
3031 2520 3388 2592 Corinthios,
3416 2525 3528 2577 etc.

1883 2793 2064 2848 fuisse
2094 2789 2368 2854 Arianos,
2431 2789 2535 2862 qui
2593 2789 2885 2862 Meletium
2941 2789 3272 2848 consentire
3326 2807 3531 2848 secum

1884 2862 2198 2936 putabant,
2257 2861 2338 2917 ait
2367 2861 2576 2916 auCtor
2607 2861 2870 2932 Calalogi
2898 2864 3320 2935 episcoporum
3352 2871 3533 2920 retro-

1882 2936 2116 2989 citatus.

1953 3007 2065 3071 ('24)
2115 3006 2408 3058 Hactenus
2464 3002 2792 3058 Methodius
2841 3004 3006 3058 visus
3055 3004 3201 3060 mihi
3231 3009 3322 3060 est
3375 3005 3533 3061 utilis

1927 3081 2126 3146 ropter
2147 3090 2220 3146 ea
2234 3090 2370 3146 quae
2390 3090 2460 3146 ex
2480 3073 2877 3146 ecclesiastica
2898 3075 3132 3130 sedium
3153 3075 3532 3132 orientalium

1927 3093 2126 3146 ropter
2147 3093 2220 3128 ea
2281 3093 2370 3128 UEB
2390 3093 2460 3128 ex
2480 3093 2877 3129 eccxemasuca
2898 3093 3132 3130 880111!!!
3153 3093 3532 3132 orientalium

1883 3093 2134 3219 Plistoria
2162 3093 2493 3219 deao‘ravit.
2521 3145 2768 3216 Reliqua
2797 3152 2966 3201 erant
2988 3146 3050 3202 in
3081 3147 3284 3202 codice
3342 3163 3533 3219 usque

1884 3217 1964 3274 ad
1992 3215 2265 3289 opusculi
2295 3215 2479 3270 tinem
2506 3215 2832 3287 perpauca.

1553 3599 1699 3638 ANNO
1738 3597 1928 3638 DOMINI
1966 3596 2187 3638 MCCLIII

1420 3772 2295 3888 ΝΙΚΗΦΟΡΟΥ

803 4012 1490 4104 ΠΑΤΡΙΑΧΟΥ
1564 4011 2915 4103 ΚΩΝΣΤΑΝΤΙΝΟΥΠΟΛΕΩΣ

1515 4226 1663 4274 ΠΕΡΙ
1693 4226 1829 4273 ΤΩΝ
1857 4224 2220 4273 ΛΕΓΟΝΤΘΝ

729 4349 838 4396 ΟΤΙ
878 4350 1013 4397 ΧΡΗ
1055 4349 1169 4396 ΚΑΙ
1209 4350 1385 4396 ΜΕΤΑ
1425 4351 1562 4396 TON
1597 4349 1923 4397 ΘΑΝΛΤΟΝ
1962 4348 2350 4396 ΕΥΧΕΛΑΙΟΝ
2389 4347 2623 4394 ΠΟΙΕΙΝ
2660 4347 2746 4395 ΕΝ
2777 4349 2999 4415 ΝΕΚΡῼ

1124 4501 2322 4749 ΝΙΟΕΡΙΞΟΒΙ
2438 4606 2591 4746 11

1577 4861 1676 4910 ΟΡ.
1720 4860 2152 4910 ΡΑΤΒΙΑΒΟΗᾸΞ

662 4978 933 5033 CONTRA
977 4979 1108 5033 EOS
1147 4977 1267 5042 QUI
1309 4978 1562 5032 DICUNT
1601 4977 1933 5032 MORTUOS
1974 4977 2197 5031 SACRO
2237 4978 2420 5031 OLEO
2463 4977 2833 5032 UNGENDOS
2872 4977 3060 5032 ESSE.

1165 5100 1317 5171 (Mai,
1351 5103 1516 5156 Nova
1535 5098 1682 5155 Bibl.
1722 5099 1827 5156 PP.
1860 5101 2005 5156 tom.
2037 5101 2125 5166 IV,
2159 5115 2218 5171 p.
2244 5103 2332 5167 6t,
2357 5099 2420 5155 in
2445 5100 2596 5169 not.)

253 5352 365 5403 Οὐκ
423 5347 546 5401 οἶδα
597 5349 748 5400 ποίαν
825 5348 1129 5423 ἀϐελτηρίαν
1190 5353 1280 5400 καὶ
1320 5348 1640 5400 ἀτασθαλίαν
1687 5367 1780 5419 με-

187 5445 313 5497 στὴν
364 5442 763 5511 πειριπίπτουσί
812 5458 944 5499 τινες
1002 5441 1152 5512 ἱερεῖς
1201 5437 1247 5489 ἐν
1315 5437 1528 5497 παλλοίς
1576 5442 1779 5502 τόποις,

187 5529 249 5589 ὡς
279 5530 468 5602 ἔμαθον
499 5529 644 5601 παρὰ
669 5535 766 5578 τῶν
799 5524 1029 5582 εἰδότων,
1072 5530 1314 5598 Λὰγουσι
1359 5530 1482 5599 γὰρ,
1530 5528 1610 5577 ὅτι
1651 5529 1782 5598 μετὰ

185 5621 240 5669 τὸ
285 5619 451 5669 θανεῖν
503 5615 720 5675 πολλοὺς
780 5619 976 5676 Tauron;
1019 5624 1279 5677 ποιοῦτοις
1347 5615 1638 5686 εὗχελαιον,
1691 5621 1780 5668 καὶ

267 5816 281 5849 '
304 5813 390 5870 De
416 5828 490 5869 eo
515 5813 684 5871 Mieh.
709 5813 991 5888 Lequien,
1021 5812 1240 5872 Orient.
1264 5811 1488 5873 Christ.
1521 5813 1568 5884 Ι,
1606 5812 1734 5876 281.

1961 5347 2168 5403 Pravae
2199 5349 2398 5404 nescio
2419 5348 2513 5403 cui
2540 5345 2957 5403 consuetudini
2987 5349 3044 5401 et
3073 5345 3392 5404 stoliditate
3416 5348 3535 5422 ple~

1891 5452 1985 5492 nae
2014 5437 2075 5491 in
2106 5437 2307 5491 multis
2327 5435 2470 5491 locis
2491 5435 2799 5491 adhaerent
2819 5435 3157 5490 sacerdotes
3177 5437 3449 5509 quidam,
3472 5443 3539 5495 ut

1891 5526 1968 5582 ab
1998 5526 2248 5582 oculatis
2274 5525 2520 5582 testibus
2549 5523 2771 5580 audivi.
2789 5523 2982 5580 'Aiunt
3009 5525 3170 5581 enim
3199 5543 3302 5583 eos
3330 5527 3536 5584 defun-

1890 5615 1998 5670 ctis
2027 5615 2228 5671 oleum
2258 5619 2532 5671 sanctum
2557 5611 2878 5669 admovere
2908 5619 2965 5669 et
2993 5630 3212 5688 corpus
3230 5621 3537 5676 mortuum
