4032 6308
530 337 637 396 807
1707 328 2139 397 CONSTANTIN
2147 331 2231 388 US
2269 327 2704 388 ACROPOLITA
3804 332 3912 386 808

531 462 844 535 inungere.
876 467 920 521 Ο
946 477 1229 538 perversa
1257 460 1564 522 doctrina!
1598 463 1753 521 oculi
1781 460 2030 521 omnino
2055 473 2123 514 nc

2315 454 2664 528 ιὐναλείφουσι
2699 459 2756 508 τὸ
2814 456 3059 517 τεθνηκὸς
3110 451 3377 526 σῶμα.”Ω
3431 462 3624 526 γνῶσις
3666 457 3907 509 νενοθευ-

531 551 824 609 videntes!
841 555 1056 611 Sancta
1067 555 1227 611 enim
1241 555 1680 612 etcecumenica
1690 551 1958 627 synodus
1989 547 2123 621 prin

2315 549 2440 611 ιένη,
2473 549 2563 596 καὶ
2582 543 2837 616 ὀφθαλμοὶ
2867 543 3126 605 παντελῶς
3181 544 3285 616 οὐχ
3343 544 3595 617 ὁρῶντεςῐ
3651 550 3759 598 Καὶ
3805 547 3907 616 γὰρ

533 642 649 698 hoc
673 642 799 698 fieri
824 641 1005 699 edixit
1032 659 1176 715 erga
1206 660 1308 700 eos
1349 645 1454 717 qui
1485 643 1694 700 anima
1724 646 1781 698 et
1813 653 2064 712 corpore
2092 636 2125 691 i1

2317 641 2444 686 ὀῦτο
2475 636 2503 691 ἡ
2547 633 2675 706 ἁγία
2730 638 2820 686 καὶ
2863 634 3140 706 οἰκουμεκὴ
3192 630 3408 694 σύνοδος
3469 636 3498 691 ἡ
3562 639 3748 710 πρώτη
3805 633 3909 684 ἐνοο

531 729 870 798 ﬁrmantur,
897 731 1233 788 secundum
1253 731 1519 804 Apostoli
1539 735 1939 804 praeceptum:
1976 750 1996 775 ι
2021 725 2123 781 lnﬁ

2311 724 2594 790 ιοθίτησεν,
2628 721 2715 775 ἐπί
2743 723 2939 784 ζῶντας
2995 730 3248 784 νοσῡντας
3303 721 3458 795 ψυχῇ
3510 728 3604 775 καὶ
3664 729 3903 795 σώματι,

532 821 733 872 matur
746 817 881 889 quis
900 819 961 873 in
977 818 1150 875 vobis
1169 821 1196 875 ?
1214 820 1462 877 lnducat
1487 819 1874 893 presbyteros
1887 813 2124 872 Ecclesit

2311 818 2384 871 -ἡν
2436 811 2667 887 ἀφορμὴν
2708 811 2956 873 λαϐόντας
3021 815 3078 865 τὸ
3138 820 3230 864 τοῦ
3294 812 3620 865 Ἀποστὸλου
3699 814 3903 886 ῥητόν·

532 909 592 961 et
610 909 781 962 orent
799 921 978 979 super
1001 923 1166 978 eum,
1197 913 1490 980 ungentes
1516 925 1656 966 eum
1675 907 1804 965 oleo
1829 907 1890 962 in
1938 902 2124 960 nomil

2311 907 2422 974 λέγει
2453 899 2512 954 δὲ
2539 923 2552 935 ·
2580 923 2608 952 ι(
2634 903 2862 956 Ἀσθινιί
2893 922 2973 964 τις
3002 906 3051 956 ἐν
3080 905 3201 975 ὑμῖν
3237 918 3251 969 ;
3280 902 3748 975 Προσκαλεσάσθω
3779 906 3903 965 τούς

531 995 788 1053 Domini.
827 998 892 1052 Et
905 997 1095 1054 oratio
1110 997 1250 1054 ﬁdei
1267 998 1526 1056 salvabit
1550 997 1858 1055 inﬁrmum
1877 999 1934 1051 et
1948 991 2118 1050 allevi

2308 991 2672 1065 τρεσϐυτέρους
2731 1000 2824 1054 τῆς
2881 991 3212 1059 Ἐκκλησίας,
3272 996 3362 1044 καὶ
3407 991 3900 1065 προσευξάσθωσαν

529 1081 618 1139 bit
645 1099 785 1140 eum
815 1084 1138 1155 Dominus;
1171 1091 1227 1143 et
1255 1087 1302 1142 si
1328 1088 1390 1144 in
1420 1087 1680 1160 peccatis
1713 1083 2121 1149 sit,remittent1

2306 1081 2550 1134 ἐπάὖτόν
2582 1080 2870 1154 ἁλειφοντες
2905 1082 3060 1135 αὐτὸν
3112 1081 3262 1154 ἕλαίῳ
3293 1080 3342 1134 ἐν
3400 1091 3470 1153 τῷ
3525 1084 3747 1154 ὀνόματι
3805 1088 3898 1133 τοῦ

531 1172 584 1228 ei
613 1175 628 1208 ί
671 1197 728 1231 .››
759 1173 936 1232 Vides
961 1176 1320 1234 mandatum
1339 1179 1367 1234 ‘I
1395 1178 1559 1233 Disce
1589 1175 1842 1233 modum
1868 1178 1924 1230 et
1953 1171 2123 1228 irratil

2305 1175 2487 1245 Κυρίου
2509 1191 2521 1203 ·
2554 1177 2644 1224 καὶ
2668 1173 2698 1229 ἠ
2740 1171 2873 1244 εὐχὴ
2897 1180 2985 1232 τῆς
3023 1176 3248 1232 πίστεως
3280 1176 3438 1224 σώσει
3460 1175 3546 1223 τὸν
3603 1176 3897 1242 κάμνοντα,

530 1262 806 1320 nabiliter
835 1279 1012 1334 agere
1037 1264 1182 1322 noli.
1227 1265 1505 1323 Similiter
1530 1271 1586 1323 et
1637 1268 1807 1322 Pater
1830 1265 2050 1331 noster,
2082 1264 2122 1316 A

2305 1264 2382 1311 ιαὶ
2412 1258 2576 1334 ἐγιρεί
2603 1263 2758 1313 αῡτόν
2779 1262 2805 1312 ὁ
2838 1264 3028 1333 Κύριος
3051 1281 3063 1294 ο
3091 1262 3186 1314 κάν
3218 1260 3471 1335 ἁμαρτίας
3571 1265 3897 1324 πεποιηκὼς,

532 1353 766 1408 senium
795 1353 931 1410 dico
961 1355 1332 1412 Constantini
1396 1355 1650 1427 egregiae
1702 1353 1868 1410 urbis
1935 1351 2124 1424 patria

2310 1347 2608 1420 ὶφεθήσιται
2638 1349 2800 1419 αὐτῷ.
2831 1370 2858 1400 ››
2881 1349 3032 1423 Ὁρᾷς
3069 1353 3127 1401 τὸ
3155 1351 3301 1424 ῥῆμα
3329 1365 3342 1416 ;
3395 1351 3557 1422 γνῶθι
3621 1352 3712 1401 τὸν
3772 1355 3902 1422 τρο-

531 1441 1162 1507 eham,caeremoniam
1192 1445 1348 1501 hanc
1361 1460 1468 1516 per
1481 1450 1708 1518 septem
1730 1443 2036 1499 ministros
2057 1440 2123 1496 {ie

2315 1459 2406 1511 τον,
2442 1446 2529 1492 καὶ
2573 1445 2642 1512 μὴ
2711 1439 2936 1502 ἀνοήτως
2985 1443 3044 1492 τὸ
3094 1445 3312 1515 πρᾶγμα
3359 1449 3538 1492 ποιῶν.
3563 1439 3796 1511 Ὁμοίως
3846 1435 3907 1492 δε

528 1531 706 1600 jussit
747 1532 982 1587 etiamsi
1012 1534 1276 1606 episcopi
1309 1534 1428 1589 sint
1455 1534 1549 1589 vel
1579 1532 1969 1604 metropolitte
2008 1547 2020 1597 ;
2049 1529 2120 1585 idc

2311 1531 2683 1604 ιαὶ,ὀΠατὴρ,
2742 1532 2886 1602 ἡμῶν
2941 1528 3202 1603 Ἀρσένιον
3257 1529 3386 1601 λέγω
3433 1534 3518 1581 τὸν
3580 1530 3903 1604 πατριάχην

531 1635 739 1690 preces
757 1621 886 1692 ipse
904 1620 1232 1694 aliquando
1256 1623 1541 1694 praestitit.
1572 1623 1713 1678 Vide
1748 1637 1996 1692 precum
2019 1618 2123 1674 adt

2316 1626 2386 1678 ’ἧς
2459 1617 2803 1680 καλλιπολεως
2895 1623 3305 1686 Κωνσταντίνου,
3401 1623 3493 1677 τὴν
3581 1617 3908 1670 ἀκολουθίαν

534 1709 793 1765 bitarum
824 1715 1062 1778 metem,
1094 1716 1150 1768 et
1179 1711 1343 1768 disce
1380 1713 1546 1785 quod
1574 1712 1921 1783 ignorabas.
1957 1713 2126 1766 Rlll‘SI

2319 1710 2489 1766 ἀὐτην
2552 1707 2891 1780 ἐνομοθέτησε
2945 1709 3183 1780 γίνεσθαι
3232 1705 3306 1760 δι’
3361 1705 3493 1760 ἐπτά
3542 1710 3738 1780 ἱερέων,
3813 1706 3911 1758 κᾶν

535 1798 619 1852 eis
639 1797 810 1854 dico:
845 1798 939 1854 Ait
969 1799 1258 1856 Dominus
1285 1806 1486 1858 noster
1517 1820 1528 1858 :
1559 1824 1586 1850 «
1619 1801 1726 1857 Ubi
1778 1805 1916 1856 sunt
1943 1799 2065 1854 duo
2094 1815 2127 1853 τ

2324 1803 2576 1850 πίσκοποι
2617 1795 2738 1865 ὦσι,
2789 1799 2884 1848 κᾶν
2934 1796 3314 1872 μητροπολίται
3344 1817 3356 1830 ·
3415 1793 3499 1848 διὸ
3558 1802 3649 1848 καὶ
3695 1816 3748 1849 εν
3809 1800 3913 1866 ἴσῳ

537 1891 653 1942 tres
681 1889 1027 1957 congregati
1075 1889 1136 1944 in
1167 1891 1411 1947 nomine
1437 1907 1594 1959 meo,
1625 1891 1706 1946 ibi
1737 1905 1871 1946 sum
1905 1889 1962 1944 in
1990 1887 2124 1943 med

2319 1891 2386 1948 ’ὰς
2419 1886 2579 1958 εὐχὰς
2623 1886 2781 1948 αὐτὸς
2828 1887 2852 1938 ὁ
2895 1888 3072 1961 ῥηθείς
3127 1892 3437 1947 πεποιηκώς.
3499 1892 3599 1939 Καί
3672 1889 3774 1959 ὅρα
3822 1889 3911 1937 τὸν

536 1991 744 2032 eorum
777 1979 818 2032 ’.
855 1999 882 2026 ››
911 1979 976 2033 Et
1005 1978 1219 2035 iterum
1251 1980 1376 2052 ipse
1402 1981 1691 2036 Dominus
1716 1984 1919 2036 noster
1940 1983 1995 2034 et
2035 1977 2128 2032 De:

2318 1983 2414 2028 ὀὖν
2463 1985 2562 2027 τῶν
2614 1980 2969 2048 πεποιημένων
3013 1975 3205 2048 εὐχῶν,
3261 1977 3424 2048 γνῶθι
3471 1995 3496 2027 ο
3552 1981 3621 2047 μή
3701 1971 3867 2036 εἰδώς
3897 2013 3910 2024 .

534 2064 595 2119 in
618 2065 934 2135 Evangelio
959 2067 1299 2123 secundum
1324 2070 1541 2124 Lucam
1567 2085 1704 2124 cum
1735 2069 1808 2123 de
1835 2083 1904 2123 eo
1930 2067 2126 2138 loquit

2319 2069 2402 2117 (αἱ
2434 2064 2586 2118 πάλιν
2635 2069 2764 2138 πρὸς
2812 2069 3014 2127 τούτοις
3069 2064 3202 2140 ἐρῶ·
3252 2070 3382 2137 φησί
3438 2068 3539 2138 γὰρ
3573 2067 3598 2116 ὁ
3654 2066 3911 2138 ἡμέτερος

531 2153 635 2226 qui
665 2153 726 2210 in
755 2154 1018 2212 latrones
1047 2157 1359 2226 inciderat,
1388 2159 1517 2230 ejus
1541 2157 1786 2214 vulnera
1808 2157 1940 2215 oleo
1971 2161 2028 2212 et
2055 2155 2123 2211 vi:

2319 2157 2494 2230 (ύριος
2526 2153 2781 2207 ο(‹”Οπου
2837 2155 2939 2207 εἰσί
2988 2151 3084 2207 δύο
3143 2156 3171 2213 ἦ
3234 2163 3371 2229 τρεῖς
3416 2153 3463 2206 ἐν
3511 2163 3582 2226 τῷ
3630 2153 3738 2226 ἐμῷ
3797 2153 3911 2205 ὀνο·

532 2241 656 2299 fota
684 2242 864 2299 fuisse
896 2244 996 2300 ait.
1032 2249 1163 2302 Haec
1187 2262 1328 2316 ergo
1355 2247 1432 2302 ad
1454 2248 1624 2302 vivos
1654 2251 1945 2318 spectant,
1969 2260 2091 2301 non
2115 2261 2124 2299 ε

2311 2263 2447 2310 κατι,
2482 2243 2691 2296 ἐκιίκαὶ
2721 2251 2816 2315 εγὼ
2850 2244 2973 2317 εἰμι.
3005 2267 3032 2295 »
3077 2248 3176 2297 Καί
3227 2243 3379 2296 πάλιν
3427 2244 3576 2304 αὐτὸς
3631 2262 3657 2295 ο
3703 2245 3903 2317 Κύριος

533 2336 822 2387 mortuos.
854 2335 937 2388 Tu
957 2351 1096 2390 vero
1119 2336 1222 2406 qui
1245 2336 1359 2390 hoc
1389 2335 1582 2392 facere
1629 2335 1970 2407 praesumis,
2006 2333 2125 2390 ani:

2312 2336 2448 2406 ἡμῶν
2474 2338 2562 2386 καὶ
2588 2337 2718 2396 Θεὸς
2743 2353 2790 2386 εν
2839 2342 2908 2403 τῷ
2965 2336 3099 2386 κατὰ
3147 2339 3353 2386 Λουκᾱν
3402 2333 3536 2404 ἁγίῳ
3594 2331 3904 2403 Etim-{7:109

533 2419 736 2475 nescio
758 2437 882 2492 qua
911 2424 1356 2480 insatiabilitate
1385 2424 1648 2480 laboras.
1689 2425 1829 2481 Dico
1850 2425 2028 2494 igitur
2051 2440 2063 2478 :
2089 2425 2125 2475 Ν

2312 2426 2436 2496 λέγει
2486 2429 2605 2496 περί
2661 2431 2753 2475 τοῦ
2825 2441 3131 2496 εμπεσοντος
3206 2423 3276 2485 εἰς
3355 2426 3476 2484 τοὺς
3543 2422 3744 2495 λῃστὰς
3812 2426 3904 2472 καὶ

534 2523 637 2564 mo
657 2508 771 2564 hoc
792 2507 986 2566 facere
1011 2512 1289 2583 audebit;
1321 2513 1435 2584 sin,
1464 2518 1524 2570 ut
1551 2518 1956 2584 transgressor
1975 2513 2126 2585 praed

2311 2514 2796 2585 τραυματισθέντος,
2875 2517 3096 2584 επιχέων
3160 2511 3324 2564 ἔλαιον
3404 2516 3495 2563 και
3566 2509 3720 2565 οἶνον.
3799 2514 3903 2563 Καί

536 2601 766 2654 ctorum
786 2597 1128 2656 habebitur.
1152 2602 1322 2664 Quod
1345 2603 1394 2657 si
1419 2602 1565 2658 mihi
1587 2602 1773 2673 dicas,
1807 2603 1922 2659 hoc
1954 2608 2018 2658 ut
2038 2617 2128 2674 opl

2313 2611 2468 2654 ταῦτα
2489 2608 2572 2655 επὶ
2600 2603 2802 2664 ζώντων
2856 2605 3294 2675 νενομοθέτηνται,
3361 2602 3489 2674 οὐχί
3543 2607 3626 2655 mi
3682 2603 3905 2654 τεθνεώ-

534 2687 706 2759 pium
736 2701 873 2758 erga
903 2693 1172 2746 mortuos
1199 2690 1385 2758 fierit;
1422 2707 1615 2764 apage
1643 2691 1653 2744 !
1691 2695 1770 2747 Ex
1791 2691 2126 2763 eleemosyn

2317 2711 2421 2747 rm.
2453 2696 2516 2744 Σὺ
2550 2688 2609 2744 δέ
2637 2712 2662 2743 ο
2705 2700 2857 2744 τοῦτο
2909 2691 3178 2764 τολμήσας
3224 2693 3325 2752 οἷος
3379 2698 3564 2758 ποιεῖν,
3623 2691 3716 2744 οὐκ
3777 2687 3909 2743 οἰδα

535 2777 699 2834 enim
728 2779 784 2831 et
809 2794 943 2852 quae
975 2794 1011 2835 a
1043 2779 1390 2836 Christianis
1429 2780 1582 2836 ﬁunt
1624 2787 2000 2838 mortuorum
2031 2795 2127 2836 cor

2314 2786 2451 2841 ’τοίας
2527 2780 2810 2856 ἀκορέστου
2866 2787 3072 2853 γνώκης
3147 2787 3457 2844 unoque);
3542 2783 3630 2834 Διὸ
3712 2779 3855 2852 λέγω
3895 2800 3906 2813 .

536 2866 1074 2926 memorationibus
1104 2870 1364 2925 fructum
1395 2871 1764 2943 spiritualem
1795 2871 1958 2944 apud
2002 2873 2124 2927 Dcu

2315 2867 2498 2934 undat;
2537 2871 2783 2944 τολμήσει
2810 2880 2962 2924 τοῦτο
3009 2877 3194 2940 ποιεῖν,
3245 2876 3382 2922 καὶο
3441 2872 3746 2944 παραϐάτης
3801 2878 3907 2921 τῶν

535 2959 752 3016 animae
773 2960 1142 3033 percipiunt;
1178 2965 1242 3016 tu
1269 2965 1471 3017 autem
1499 2977 1717 3034 corpus
1761 2967 2070 3018 mortuum
2100 2961 2127 3016 i1

2309 2960 2612 3018 λαληθέντων
2663 2963 2993 3035 κριθήσεται.
3027 2960 3086 3014 Εἰ
3124 2957 3183 3013 δέ
3233 2980 3292 3032 γε
3336 2969 3490 3014 τοῦτο
3545 2966 3724 3028 φήσεις
3785 2981 3901 3031 μοι,

534 3063 767 3118 ungens
791 3055 847 3106 et
889 3049 1132 3106 dicens:
1168 3052 1581 3107 Commoretur
1631 3051 1881 3123 Spiritus
1932 3056 2069 3108 tuus
2125 3100 2126 3105 η

2312 3051 2374 3101 ἷτι
2406 3050 2753 3122 ελεημοσύνης
2782 3054 2926 3126 ἔργον
2956 3059 3029 3122 τῷ
3068 3052 3337 3109 τεθνηκότι
3393 3056 3614 3122 γίνεται,
3663 3050 3704 3102 εἰ
3744 3058 3904 3102 τοῦτο

532 3153 703 3196 servo
735 3144 836 3195 tuo
865 3144 930 3196 ut
971 3139 1264 3212 reliquum
1327 3145 1564 3214 tempus
1613 3141 1674 3196 in
1705 3141 2007 3197 mandatis
2068 3144 2124 3196 tu

2311 3145 2554 3202 τοιήσεις.
2586 3145 2654 3199 μὴ
2687 3146 2905 3213 γένοιτο.
2943 3143 3044 3194 Καί
3066 3144 3167 3216 γὰρ
3194 3142 3222 3198 ἡ
3285 3139 3626 3212 ελεημοσῦνη,
3681 3144 3772 3192 καὶ
3849 3143 3903 3190 αἱ

530 3233 868 3301 perseveret
899 3245 913 3295 ;
961 3234 1018 3285 et
1041 3245 1250 3284 rursus
1274 3247 1286 3284 :
1313 3232 1468 3286 Leva
1495 3246 1633 3286 eum
1673 3245 1745 3286 ex
1776 3231 1997 3286 doloris
2034 3230 2119 3286 lec

2308 3237 2496 3302 ινῆμαι
2527 3239 2624 3281 τῶν
2649 3238 2994 3304 Χριστιανῶν,
3048 3231 3103 3282 αἱ
3150 3234 3378 3301 γίνονται
3425 3228 3502 3282 ἀεὶ
3549 3228 3670 3302 παρ’
3722 3231 3900 3301 ἡμῶν,

529 3322 588 3374 et
607 3335 643 3374 a
672 3323 997 3375 stramento
1027 3320 1362 3376 alﬂictionis
1389 3336 1401 3387 ;
1431 3337 1570 3376 cum
1597 3321 1726 3376 haec
1757 3321 2121 3394 profers,qu<

2310 3322 2640 3391 τνευματικόν
2661 3323 2749 3371 κὸν
2771 3323 2966 3394 καρπὸν
3017 3315 3354 3391 επιδέχονται
3419 3321 3472 3370 αἱ
3525 3318 3705 3390 ψυχαί
3749 3323 3902 3391 παρὰ

529 3407 659 3476 agis
676 3422 797 3462 non
813 3406 1114 3476 intelligis.
1137 3409 1248 3464 Sed
1267 3408 1450 3464 ﬁnem
1469 3409 1709 3466 dicendi
1726 3409 1980 3466 facimus
2001 3411 2117 3466 alla

2311 3417 2364 3479 ’ᾤ
2391 3417 2504 3479 Θεῷ
2531 3431 2542 3442 ·
2577 3412 2641 3461 σύ
2675 3405 2733 3461 δέ
2766 3414 2824 3461 το
2862 3411 3108 3472 τεθνηκὸς
3157 3418 3310 3482 σῶμα
3361 3410 3755 3482 επισφραγὶζων
3808 3414 3903 3461 καὶ

530 3510 603 3550 ex
631 3494 949 3551 Salomone
971 3497 1313 3554 testimonio
1337 3515 1349 3552 :
1386 3519 1413 3548 «
1440 3503 1501 3553 ln
1525 3499 1648 3554 viro
1679 3498 2039 3568 intelligente
2063 3516 2122 3554 se

2308 3503 2450 3570 λέγων
2480 3520 2490 3531 ·
2525 3506 2608 3569 Τῷ
2641 3503 2903 3572 Πνεύματί
2935 3519 3029 3552 σου
3079 3505 3348 3558 σκήνωσον
3408 3505 3490 3552 επὶ
3558 3503 3644 3551 τὸν
3705 3495 3900 3552 δοῦλον

529 3599 632 3640 mo
675 3583 929 3657 simplex
971 3589 1029 3641 et
1072 3585 1268 3642 brevis
1313 3586 1511 3643 solerti
1543 3593 1597 3643 et
1625 3593 1906 3660 prompto
1950 3589 2116 3645 audit

2306 3607 2412 3657 του,
2453 3591 2584 3650 ὁπως
2608 3593 2694 3640 τὸν
2725 3589 3003 3642 ὑπόλοιπον
3059 3594 3248 3663 χρόνον
3299 3609 3344 3642 ςν
3401 3598 3506 3650 τοῖς
3557 3586 3898 3661 δικαιώμασί

531 3673 830 3755 89Π101ῐερι
1226 3744 1237 3755 ⁸
2295 3699 2389 3731 σου
2433 3681 2715 3752 πορεύηται
2747 3695 2760 3710 ⁸
2819 3685 2908 3731 καὶ
2962 3679 3148 3732 πάλιν·
3211 3679 3486 3755 Ἐξέγίιρον
3557 3679 3716 3731 αὐτὸν
3793 3678 3902 3731 ἀπὸ

530 3743 708 3807 κλίνης
735 3742 1012 3821 ὀδυνηρᾶς,
1060 3751 1147 3799 καὶ
1180 3744 1316 3824 ’ἀπὸ
1377 3755 2021 3824 στρωμνῆς-κακώσεως·
2078 3752 2196 3804 ὅταν
2253 3759 2421 3805 ταῦτα
2479 3742 2763 3822 επιφωνεῖς,
2823 3751 2882 3804 οὐ
2928 3759 3205 3822 γινώσκεις
3261 3742 3348 3803 τὸν
3400 3742 3521 3803 ’νοῦν
3581 3759 3673 3803 τοῦ
3729 3753 3902 3824 πράγο

529 3836 706 3890 ματος.
772 3817 952 3896 Τοίνυν
1023 3827 1096 3890 τῷ
1180 3817 1316 3896 λόγῳ
1362 3817 1622 3896 τίλλε-ἕλος-
1663 3818 1852 3893 δῶμεν,
1914 3827 2003 3874 καὶ
2062 3831 2150 3875 τοῦ
2206 3824 2527 3894 Σολομῶντος
2571 3817 2740 3896 ρητοῦ
2787 3817 2996 3896 μνήμῇν
3052 3829 3376 3896 ποιήσωμεν,
3433 3825 3511 3875 ὅτι
3560 3829 3644 3892 Τῷ
3713 3817 3902 3893 ἔχοντι

531 3889 738 3944 σύνεσιν
766 3889 1028 3965 αὐτάρκης
1048 3889 1137 3943 καὶ
1170 3889 1420 3963 ιῖςλὸγος
1449 3896 1579 3968 πρὸς
1602 3889 1760 3952 ἀκοὴν
1785 3894 1982 3946 εὐθεῖαν
2009 3899 2098 3946 καὶ
2118 3889 2468 3952 συνετωτάτην
2496 3889 2747 3968 ὑπᾶρχει.

599 4070 616 4106 ¹
647 4071 766 4126 Jac.
807 4085 862 4139 ν,
900 4072 976 4125 14.
1003 4072 1024 4105 ²
1053 4070 1255 4127 Matth.
1285 4086 1448 4140 xvm,
1484 4075 1569 4127 20.

2073 4245 3889 4288 Μ

1877 4457 2024 4497 ANNO
2064 4456 2253 4497 DOMINI
2293 4457 2528 4500 MCCI.XX.

528 4642 2265 4811 CONSTANTINUS
2393 4646 3877 4829 ACROPOLITA.

1936 5081 2024 5177 Ν
2032 5081 2456 5178 ΟΤΙΤΙΑ

1538 5300 1716 5362 (Cave
1755 5296 1832 5354 ad
1873 5312 1971 5355 an.
2004 5297 2176 5370 1270;
2212 5297 2435 5358 Fabric.
2475 5298 2629 5356 Harl.
2655 5301 2695 5358 t.
2725 5299 2866 5371 VIl,)

590 5543 1010 5600 Constantinus
1052 5545 1412 5619 Acropolita,
1469 5561 1726 5618 magnus
1756 5545 2076 5619 logotheta,
2106 5551 2212 5612 νέος
2239 5549 2640 5625 Μεταφρὰστης,
2669 5550 2793 5608 sive
2822 5551 3260 5624 Metaphrastes
3306 5554 3524 5624 ,ἱαηίον
3556 5552 3773 5622 dictus,
3817 5548 3876 5612 in

518 5639 657 5700 aula
688 5642 1139 5718 Constantinop.
1171 5645 1262 5703 vir
1301 5661 1596 5711 summus,
1623 5643 1854 5717 claruit,
1887 5645 2220 5722 imperante
2247 5647 2526 5709 Michaele
2556 5649 2913 5723 Palaaologo,
2947 5650 3106 5711 circa
3121 5667 3220 5710 an.
3248 5655 3406 5712 1270.
3424 5653 3682 5713 Causam
3721 5656 3876 5713 Grie-
