4032 6308
97 332 217 392 809

1891 329 2154 389 [ΟΤΙΤΙΑ.
3377 347 3483 402 810

102 474 327 516 corum
358 460 651 517 adversus
684 460 922 519 Latinos
953 459 1197 518 fovebat
1216 457 1500 526 maxime,
1531 459 1741 514 contra
1761 472 1920 530 quos
1949 456 2148 530 plures
2171 455 2248 514 de
2280 458 2666 530 processione
2697 459 2948 534 Spiritus
2981 465 3170 522 sancti
3198 467 3482 527 tractatus

106 548 376 622 reliquit.
396 551 556 607 Duos
573 551 633 606 in
656 550 890 625 scriptis
918 553 1260 607 Graecorum
1287 547 1564 604 laudatos
1587 561 1649 602 se
1666 546 1885 603 vidisse
1905 546 2081 602 refert
2099 548 2156 602 L.
2177 547 2422 603 Allatius
2444 549 2532 606 De
2549 549 2830 606 Consens.
2850 552 3076 610 Orient.
3095 561 3149 610 et
3177 557 3480 626 Occident,

106 636 213 693 lib.
250 655 308 705 ll,
368 653 500 710 cap.
553 645 636 704 15,
668 656 838 697 num.
867 641 1003 711 XIV,
1035 639 1128 696 col
1153 642 1276 694 780.
1313 639 1531 702 Unum,
1563 635 1698 706 cuju

1893 634 1933 690 d
1971 635 2356 708 principium,
2402 634 2620 712 *Ανδρες
2670 637 2916 710 Ῥωμαῖοι
2967 641 3241 709 alterum,
3307 646 3481 718 cujus

107 725 288 795 illud,
339 729 634 800 Ἐμνήσθην
663 735 754 782 καὶ
792 729 948 783 ἄλλον
995 728 1149 799 λόγου
1180 736 1278 780 τῶν
1311 725 1667 797 ἀντιλεγόντων
1697 745 1699 752 ·

1887 725 2174 792 Quorum,
2223 725 2434 798 inquit,
2486 729 2695 797 frusta,
2757 744 2950 801 eaque
3007 732 3150 787 satis
3179 733 3379 806 polita,
3417 735 3479 792 in

106 815 426 872 codicibus
465 833 587 882 mss
620 821 1016 892 reperiuntur.
1059 819 1188 884 Qua
1240 815 1580 883 occasione,
1635 828 1754 887 quo
1793 813 1999 870 animo
2035 813 2353 884 logothetae
2407 815 2594 871 nostri
2633 820 3136 876 commentarium
3175 837 3299 878 una
3337 839 3479 880 cum

103 905 369 976 propriis
394 906 878 965 comburendum
898 908 1023 974 igni
1053 905 1267 963 obtulit
1287 903 1639 960 Theodorus
1661 901 1902 970 Muzalo,
1925 902 1986 958 in
2012 902 2226 959 eadem
2249 901 2537 973 dignitate
2565 921 2879 962 successor
2901 912 2957 964 et
2985 911 3478 980 protovestiarius

103 992 286 1065 plene
315 998 374 1050 te
395 995 632 1052 docebit
662 997 1062 1070 Pachymeres
1087 997 1192 1052 lib.
1217 1011 1315 1058 vn,
1350 1008 1484 1066 cap.
1513 994 1570 1051 8.
1596 991 1841 1064 Scripsit
1877 992 2061 1049 etiam
2106 992 2529 1049 Constantinus
2552 995 2893 1052 Orationem
2928 997 2988 1052 in
3020 1004 3294 1056 sanctam
3321 1016 3480 1058 mar-

104 1087 305 1152 tyrem
320 1083 741 1154 Theodosiam,
760 1087 984 1159 partria
1002 1081 1744 1155 Constantinopolitanam,
1765 1097 1901 1154 quae
1925 1080 2037 1137 sub
2057 1083 2246 1138 Leone
2271 1085 2474 1139 Isauro
2492 1098 2602 1155 pro
2623 1084 2784 1140 cultu
2808 1101 3117 1142 sacrarum
3140 1087 3476 1160 imaginum

104 1173 625 1245 Constantinopoli
647 1190 832 1247 passa
855 1181 963 1232 est.
994 1173 1174 1245 Cujus
1197 1173 1313 1228 hoc
1342 1171 1598 1239 initium,
1625 1174 1695 1223 ιύ

1894 1172 1982 1242 μὶν
2033 1167 2273 1243 ἀνδρείαν
2325 1179 2424 1224 ποῦ
2452 1191 2531 1234 τις
2563 1173 2624 1224 ἄν
2694 1178 2783 1226 καὶ
2839 1174 2979 1236 ὁπως
3035 1176 3176 1251 εὖροι
3226 1178 3252 1229 ὁ
3317 1182 3476 1251 σοφὸς

104 1259 348 1334 ἠπόρησε
389 1260 642 1336 Σολομὼν,
679 1269 769 1316 καὶ
814 1264 954 1337 μάλα
985 1282 1040 1336 γε
1083 1263 1292 1324 εἰκότως
1347 1262 1602 1334 ἠπόρησε.
1655 1266 1696 1311 Il

1880 1278 1920 1331 ῑρ
1974 1267 2065 1319 τῆς
2127 1262 2368 1333 χάριτος,
2420 1265 2528 1317 etc.
2581 1263 2746 1318 Hanc
2797 1263 3130 1321 orationem
3178 1266 3360 1323 etiam
3411 1268 3472 1324 in

104 1363 288 1404 suum
316 1349 573 1407 indicem
602 1353 797 1410 retulit
822 1356 877 1410 L.
903 1353 1151 1410 Allatius
1177 1354 1261 1408 De
1285 1351 1491 1420 script.
1511 1350 1768 1404 Simeon.
1793 1364 1933 1421 pag.
1951 1351 2047 1417 84,
2078 1349 2182 1421 qui
2204 1354 2261 1404 et
2289 1349 2428 1405 alibi
2455 1351 2740 1422 quaedam
2773 1367 2845 1407 ex
2882 1368 2953 1408 ea
2973 1353 3214 1424 profert.
3235 1355 3468 1412 advers.

101 1437 390 1508 IIotting,
421 1455 483 1511 p.
507 1445 628 1497 200.
661 1443 864 1500 Exstat
891 1459 1005 1498 ms.
1033 1443 1093 1498 in
1122 1440 1397 1497 biblioth.
1425 1437 1678 1494 Vindob.
1703 1437 1818 1492 cod
1845 1436 2021 1493 theol.
2053 1436 2329 1493 Lambec.
2373 1441 2500 1506 CXI,
2532 1440 2733 1495 Nessel
2763 1443 3077 1511 CCLXXIX,
3109 1458 3277 1500 num.
3314 1446 3471 1514 XVII,

99 1524 140 1580 f.
171 1529 301 1592 217,
334 1527 666 1603 iterumque
693 1532 820 1588 cod.
845 1533 1037 1588 histor
1065 1573 1077 1586 .
1112 1532 1259 1594 CXV,
1277 1545 1444 1584 num.
1467 1525 1629 1594 ll,t'ol
1658 1530 1746 1592 73,
1777 1540 1914 1598 pag.
1948 1525 2250 1583 2.Coni‘er.
2291 1528 2568 1585 Lambec.
2603 1529 3048 1596 Connnent,lib.
3083 1531 3176 1596 IV,
3207 1548 3345 1604 pag.
3379 1537 3470 1590 63.

98 1615 346 1672 Exstant
375 1623 432 1673 et
470 1619 599 1674 alite
629 1623 760 1691 ejus
788 1620 1050 1677 historici
1065 1618 1399 1689 argumenti
1415 1615 1690 1672 oratione:

1877 1631 1991 1687 npe
2020 1615 2081 1670 in
2095 1617 2150 1671 S.
2166 1622 2492 1686 martyrem
2508 1618 2908 1688 Neophytum.
2925 1618 3135 1676 Princ.:
3152 1617 3469 1694 Παραδόξων

98 1708 426 1777 πραγμάτων
485 1704 921 1786 δυσπαράδεκτος
975 1713 1005 1768 ἡ
1063 1707 1333 1780 διήγησις,
1382 1705 1489 1758 ἀλλ’
1551 1705 1608 1757 ou'
1635 1712 1741 1766 τοῖς
1779 1711 1871 1756 τοῦ
1929 1706 2176 1778 ἡμετέρου
2225 1711 2310 1757 χοὶ
2357 1708 2494 1758 ϐείου
2548 1706 2912 1780 πληρώματος,
2967 1708 3134 1780 apud
3181 1711 3238 1764 L.
3297 1709 3470 1766 Allat.

93 1793 188 1849 De
237 1797 447 1865 script.
473 1798 752 1866 Simeon.,
787 1815 927 1872 pag.
962 1802 1078 1856 I05.
1102 1800 1174 1854 In
1202 1798 1266 1854 S.
1298 1796 1667 1852 Theodorum

1879 1809 2018 1851 nem.
2067 1793 2254 1850 Princ.
2289 1799 2353 1847 Σὺ
2385 1798 2497 1866 μὲν,
2538 1805 2576 1847 ὤ
2623 1795 2786 1868 ἀγαθὲ
2823 1805 2915 1850 τοῦ
2946 1798 3279 1871 iamper/(29w
3319 1794 3471 1852 δοῦλε

97 1889 258 1937 Θεοῦ.
291 1885 519 1943 Ibidem
560 1903 698 1960 pag.
758 1893 880 1946 109.
910 1891 985 1945 In
1011 1890 1055 1946 S
1102 1890 1387 1944 Joannem
1414 1889 1689 1941 Damasce

1901 1882 2088 1939 Princ.
2117 1901 2129 1938 :
2157 1890 2242 1954 Τῷ
2301 1884 2507 1958 Ἰωάννῃ
2561 1889 2647 1937 τὸν
2694 1885 2846 1957 λόγον
2893 1896 2963 1957 τῷ
2993 1886 3048 1938 ἐκ
3092 1894 3375 1960 Δαμασκοῦ
3403 1890 3473 1941 τὰ

91 1969 354 2045 ἐγκώμια,
398 1976 612 2032 ibidem
645 1993 785 2049 pag.
822 1982 942 2036 112.
999 1984 1161 2034 Hunc
1206 1990 1548 2032 sermonem
1579 1990 1618 2030 a
1645 1989 1708 2029 se
1735 1972 2124 2046 descriptum,
2182 1975 2468 2031 Lutetiam
2499 1974 2578 2030 ad
2635 1977 2686 2033 J.
2726 1975 3074 2046 Aubertum,
3109 1977 3170 2032 in
3199 1976 3469 2034 futurum

90 2077 273 2118 novae
302 2063 580 2121 editionis
615 2069 968 2124 Damasceni
997 2071 1420 2124 ornamentum
1450 2067 1551 2137 (a),
1605 2079 1667 2118 se
1694 2078 1806 2118 ms.
1849 2062 2085 2119 misisse
2116 2063 2276 2120 testis
2323 2070 2413 2119 est
2456 2064 2617 2120 ibem
2673 2064 2920 2122 Allatius
2949 2068 3012 2121 in
3044 2066 3223 2123 catal.
3277 2066 3456 2136 Oper.

86 2151 154 2209 S.
185 2154 463 2210 Damasc.
497 2155 578 2212 ad
605 2155 752 2214 cale.
778 2159 1090 2229 Symmiet.
1119 2173 1286 2214 num.
1321 2159 1409 2225 28,
1441 2169 1500 2227 p.
1534 2156 1658 2208 450.
1691 2154 1770 2208 Ex
1799 2167 1871 2208 eo
1900 2151 2182 2224 quaedam
2220 2152 2443 2226 profert
2471 2152 2534 2210 in
2564 2154 2843 2212 Consens.
2875 2156 2949 2212 de
2966 2160 3218 2226 purgat.
3245 2170 3306 2228 p.
3334 2159 3463 2215 76t.

88 2243 268 2297 (Ἆγις.

169 2332 253 2386 Ex
305 2332 678 2389 orationibus
735 2334 1110 2391 Constantini
1166 2331 1520 2406 Acropolitze
1557 2331 1619 2386 in
1655 2336 1914 2396 sanctos,
1965 2345 2118 2404 quas
2157 2347 2308 2386 mss.
2359 2336 2700 2388 memorant
2732 2332 2979 2389 Allatius
3005 2335 3084 2390 De
3111 2332 3460 2390 Simeonum

85 2418 354 2491 scriptis,
385 2437 446 2491 p.
473 2425 538 2477 84
569 2427 625 2477 et
659 2424 886 2479 Caveus
916 2427 1082 2495 parte
1113 2423 1298 2479 altera
1327 2421 1473 2478 Hist.
1501 2420 1798 2477 litterariae
1827 2419 2187 2492 scriptorum
2217 2419 2426 2477 eccles.
2459 2421 2534 2478 ad
2559 2438 2614 2478 a.
2649 2424 2707 2479 C.
2729 2425 2883 2490 I270,
2909 2421 3010 2478 illa
3038 2421 3098 2478 in
3125 2427 3458 2493 martyrem

87 2505 512 2576 Theodosium,
542 2510 737 2567 Craece
766 2526 839 2566 ex
887 2527 1003 2566 ms.
1043 2511 1322 2568 Vaticano
1365 2526 1504 2567 cum
1555 2511 1699 2566 Dan.
1759 2508 2018 2565 Cardoni
2049 2511 2107 2577 S,
2145 2510 2196 2564 ιι.
2239 2510 2509 2566 versione
2559 2517 2752 2567 exstat
2795 2511 2856 2566 in
2904 2509 3063 2568 Actis
3101 2509 3457 2567 Sanctorum

82 2599 241 2650 tom.
277 2597 368 2652 VII
403 2598 554 2668 Maii,
587 2615 645 2671 p.
690 2604 755 2656 69
785 2631 855 2640 ——
895 2603 960 2655 86
998 2617 1012 2654 :
1041 2607 1100 2655 et
1127 2599 1312 2656 altera
1341 2602 1405 2655 in
1451 2599 1496 2655 S
1519 2599 1806 2655 Joannem
1846 2598 2304 2661 Damascenum.
2338 2599 2542 2655 itidem
2576 2591 2623 2655 e'
2647 2616 2740 2655 ms
2772 2598 3060 2656 Vaticano
3092 2603 3288 2656 Graece
3317 2615 3459 2656 cum

82 2683 386 2740 versione.
423 2687 474 2741 J.
521 2686 810 2744 Francisci
834 2687 909 2743 de
940 2688 1180 2744 Rubeis.
1216 2687 1323 2744 ICti
1352 2687 1625 2751 Romani,
1654 2693 1800 2742 tom.
1833 2687 1878 2741 II
1906 2687 2055 2755 Maii,
2086 2702 2226 2760 pag,
2255 2691 2352 2744 731
2386 2720 2457 2728 -
2485 2692 2594 2744 700
2615 2691 2788 2745 [τἈθιι.
2823 2688 3194 2745 Vindobonae
3218 2688 3281 2744 in
3319 2686 3455 2744 cod.

84 2774 223 2839 CXI,
287 2788 348 2828 n.
409 2779 490 2845 I7,
523 2781 580 2832 et
639 2776 776 2832 cod.
824 2779 1024 2844 XXXV,
1098 2793 1158 2832 n.
1230 2781 1284 2844 2,
1339 2781 1426 2833 est
1479 2783 1583 2829 Τοῦ
1656 2793 1676 2827 a

1866 2795 1954 2828 του
2028 2776 2254 2849 μεγάλου
2313 2776 2589 2849 λογοθέτου
2673 2785 2834 2852 κυροῡ
2929 2782 3317 2832 Κωνσταντὶνου
3367 2783 3458 2829 τοῦ

83 2859 468 2934 Ἀκροπολίτου
499 2866 692 2922 oratio
719 2866 782 2920 in
809 2865 868 2922 S.
897 2869 1221 2936 martyrem
1256 2865 1660 2930 Theodosium,
1694 2880 1828 2938 quae
1857 2864 1970 2920 sub
1998 2863 2146 2937 imp.
2183 2867 2372 2922 Leone
2399 2866 2606 2923 Isauro
2638 2882 2750 2940 pro
2779 2867 2941 2923 cultu
2972 2882 3281 2924 sacrarum
3307 2865 3458 2924 ima-

82 2950 301 3018 ginum
333 2968 514 3025 passa
539 2959 644 3010 est.
681 2957 759 3010 De
807 2955 1002 3027 priore
1043 2955 1184 3011 cod.
1245 2953 1524 3010 Lambec.
1582 2969 1810 3010 comm.
1867 2957 1951 3017 IV,
2010 2969 2074 3026 p.
2125 2957 2248 3024 140,
2296 2955 2400 3011 ubi
2455 2956 2750 3012 Kollarius
2799 2955 2983 3012 verba
3031 2955 3328 3012 Lambecii
3385 2970 3459 3010 ex

78 3039 288 3096 indice
332 3057 474 3113 pag.
515 3047 619 3099 5'26
657 3045 888 3117 repetit.
925 3043 1199 3101 Lambec.
1242 3059 1404 3111 vero,
1441 3043 1717 3110 Meminit,
1771 3042 1871 3111 ait,
1918 3043 2098 3114 hujus
2144 3044 2512 3101 Constantini
2542 3044 2895 3118 Acropolitte
2939 3047 3200 3101 Joannes
3239 3043 3457 3098 Canta-

79 3143 373 3198 cuzenus,
404 3131 667 3188 Historia:
698 3133 1036 3205 Byzantina:
1064 3133 1167 3189 lib.
1203 3149 1242 3202 1,
1273 3148 1407 3206 cap.
1445 3135 1526 3202 14,
1550 3131 1655 3188 ubi
1692 3131 1888 3204 refert,
1930 3147 2068 3189 eum
2109 3129 2296 3188 fuisse
2336 3149 2527 3189 unum
2561 3150 2632 3190 ex
2663 3134 2809 3206 imp.
2834 3131 3175 3190 'Andronici
3207 3131 3456 3188 senioris

75 3217 503 3275 assessoribus
525 3221 588 3276 in
612 3221 843 3293 judicio
868 3226 1074 3280 contra
1103 3227 1384 3294 nepotem
1408 3221 1614 3294 ipsius,
1649 3220 2058 3278 Andronicum
2093 3220 2428 3278 secundum
2459 3239 2504 3278 s.
2536 3223 2863 3294 juniorem.
2895 3221 3029 3294 lpsa
3059 3218 3453 3278 Cantacuzeni

76 3305 280 3362 verba
332 3313 472 3364 sunt
498 3308 663 3366 hinc:
699 3315 832 3384 Πρὸς
869 3315 1072 3373 τούτοις
1104 3308 1162 3363 δὲ
1193 3315 1282 3364 καὶ
1308 3313 1334 3363 ὁ
1377 3309 1668 3386 ’Λκροπολίτ

1887 3317 2290 3377 Κωνσταντίνος,
2349 3315 2508 3384 μέγας
2551 3311 2825 3383 lor/0951's;
2877 3312 2944 3362 ὡν
2985 3315 3077 3362 καὶ
3128 3309 3300 3370 αὐτὸς.
3373 3307 3453 3362 De

76 3393 420 3465 posteriore
441 3397 574 3452 cod.
598 3398 730 3454 vide
757 3397 1031 3456 Lambec.
1060 3397 1198 3465 VIII,
1231 3414 1373 3471 pag.
1401 3401 1524 3465 789,
1553 3398 1754 3472 ibique
1798 3398 2015 3455 Kollar.
2038 3399 2303 3470 ——Paris,
2351 3401 2409 3456 in
2434 3400 2587 3457 bibl.
2624 3400 2791 3474 publ.
2820 3405 2908 3457 est
2945 3400 3006 3456 in
3053 3399 3187 3455 cod.
3222 3399 3454 3454 MCGXII

79 3483 292 3538 Const.
334 3489 547 3558 Acrop.
607 3487 856 3544 homilia
885 3487 946 3544 in
971 3485 1370 3543 Theodosiam
1411 3494 1740 3560 martyrem
1765 3521 1834 3529 ——
1865 3490 1928 3544 ln
1960 3487 2095 3544 cod.
2124 3490 2441 3561 CMI.XXVI,
2485 3506 2547 3546 n.
2584 3495 2667 3557 14,
2717 3489 2778 3546 in
2807 3489 3052 3546 laudem
3082 3485 3455 3544 Constantini

74 3573 148 3628 Μ.
211 3576 269 3628 et
319 3572 545 3630 Helenae
576 3575 706 3648 ejus
739 3577 965 3633 matris.
998 3607 1068 3616 ——
1099 3578 1160 3630 In
1191 3575 1325 3632 cod.
1359 3575 1492 3632 eod.
1521 3578 1583 3633 in
1608 3593 1672 3634 n.
1706 3583 1791 3642 13,
1824 3579 1884 3633 in
1913 3577 2158 3634 luadem
2191 3579 2419 3649 Georgii
2450 3579 2749 3651 martyris.
2778 3610 2848 3618 —
2877 3576 3189 3637 Mediolani
3215 3576 3276 3631 in
3306 3573 3451 3630 bibl.

75 3660 368 3717 Ambros.
404 3666 604 3722 Const.
637 3666 935 3738 Acropol.,
963 3680 1271 3722 sermones
1297 3670 1356 3722 et
1391 3667 1678 3740 epistolae,
1710 3672 1854 3724 teste
1889 3666 2208 3723 Montfauc.
2239 3667 2297 3722 in
2319 3668 2398 3724 Β.
2435 3669 2706 3726 biblioth.
2738 3684 2873 3726 mss.
2903 3671 2944 3728 Ι,
2969 3683 3026 3739 p.
3053 3670 3178 3734 403,
3202 3667 3271 3721 Α.
3301 3663 3455 3720 inter

75 3749 373 3822 epistolas
399 3753 630 3824 Georgii
661 3755 857 3828 Cyprii
903 3759 1043 3810 sunt
1070 3753 1354 3827 quaedam
1410 3755 1489 3812 ad
1539 3757 2002 3813 Constantinum
2029 3759 2086 3810 et
2133 3756 2450 3826 Georgium
2498 3757 2890 3830 Acropolitas,
2926 3756 2982 3812 in
3018 3753 3157 3812 cod.
3196 3750 3450 3819 Vindob,

76 3840 360 3896 Caesareo
393 3841 636 3898 LXXVII.
667 3845 728 3899 V.
763 3843 1041 3900 Lambec.
1065 3844 1293 3898 Comm.
1330 3844 1467 3912 VIII,
1489 3859 1550 3917 p.
1579 3848 1712 3902 1068
1739 3861 1812 3919 sq
1846 3887 1882 3914 .,
1906 3845 2042 3901 1077
2072 3860 2204 3916 sqq.
2231 3843 2384 3900 ΠΑιιι.

151 3929 239 3999 (a)
270 3929 545 3987 Omissus
577 3933 743 3990 estin
769 3933 1024 3991 editione
1050 3932 1216 3990 Mich.
1247 3933 1527 4006 Lequien.

309 5750 564 5814 PAIROL.
596 5749 700 5810 GR.
721 5752 870 5819 CXL.
3113 5749 3187 5808 26
