4032 6308
575 312 677 370 811

1795 303 2259 362 CONSTANTINI
2301 302 2759 361 ACROPOLITAS

1711 597 1888 662 ΤΟΥ
1942 595 2484 662 ΣΟΦΩΤΑΤΟΥ
2535 595 2836 661 ΚΥΡΟΥ

1122 780 2340 897 ΚΩΝΣΤΑΝΤΙΝΟΥ
2442 775 3399 902 ΛΟΓΟΘΕΤΟΥ

1862 998 2693 1088 ΑΚΡΟΠΟΛΙΤΟΥ

1009 1187 1485 1308 ΛΟΓΟΣ
1574 1190 1818 1303 ΕΙΣ
1901 1191 2196 1303 ΤΟΝ

2332 1191 2732 1304 ΚΓΙΟΝ
2809 1192 3521 1310 ΙΩΑΝΝΗΝ

1702 1408 1942 1494 ΤΟΝ
2009 1406 2824 1496 ΔΑΜΑΣΚΗΝΟΝ.

1799 1743 2432 1808 SAPIENTISSIMI
2475 1744 2754 1808 DOMNI

596 2169 606 2180 _
736 1929 2272 2096 CONSTANTINI

2390 1930 3804 2098 LOGOTHET/E

1841 2238 2684 2335 ACROPOLIT/E

935 2447 1410 2554 SERMO
1470 2446 1623 2552 IN
1687 2445 1796 2550 S.
1872 2444 2514 2556 JOANNEM
2571 2447 3577 2557 DAMASCENUM

651 2653 757 2723 (Ex
791 2667 906 2707 ms.
947 2649 1325 2707 bibliotheca
1366 2649 1662 2705 Vaticana;
1702 2650 2084 2719 lnterpretate
2119 2648 2351 2706 Joanne
2390 2650 2702 2707 Francisco
2738 2651 2814 2707 de
2853 2651 3070 2709 Rubeis
3101 2653 3533 2712 Jurisconsulto
3571 2657 3872 2712 Romano.

1665 2742 1812 2793 Acta
1851 2738 1948 2794 SS.
1996 2736 2258 2794 Bolland.
2301 2738 2381 2795 ad
2417 2739 2578 2796 diem
2617 2745 2648 2796 6
2685 2741 2862 2812 Maii.)

1081 3051 1363 3114 Benedic,
1397 3051 1662 3106 Domine.
2264 3055 2305 3104 Α

654 3147 702 3197 1.
727 3140 943 3198 Joanni
970 3140 1334 3197 orationem!
1375 3142 1744 3194 Damasceno
1767 3138 2068 3193 encomia!
2103 3140 2230 3204 Quo

576 3231 736 3301 igtur
762 3235 936 3303 pacto
970 3230 1031 3284 in
1063 3229 1195 3300 ipso
1223 3228 1427 3283 limine
1468 3243 1589 3283 non
1621 3227 1895 3299 torpebo,
1940 3232 1996 3281 et
2039 3228 2230 3298 prius-

577 3335 764 3390 quam
779 3319 855 3374 ad
868 3324 1171 3373 certamen
1185 3333 1370 3371 exuar
1387 3332 1509 3371 non
1529 3316 1838 3385 aufugiam
1858 3317 1885 3371 ?
1901 3315 1987 3369 Ad
2011 3317 2226 3372 immit-

579 3406 821 3461 tendam
835 3407 894 3460 in
908 3405 1265 3478 inexpletum
1279 3405 1584 3476 sapientiae
1598 3404 1956 3475 profundum
1975 3410 2225 3460 vastum-

575 3509 694 3565 que
718 3509 1066 3549 sermonum
1089 3492 1339 3564 pelagus
1367 3493 1653 3547 oratic-nis
1673 3493 2014 3548 naviculam
2039 3493 2226 3566 impe-

578 3587 708 3637 tum
739 3582 998 3652 arripui;
1025 3586 1082 3636 et
1101 3581 1407 3652 quomodo
1448 3596 1568 3635 non
1615 3597 1753 3635 cum
1784 3581 2028 3635 horrore
2058 3583 2226 3638 navi-

579 3673 881 3744 gationem
901 3671 1568 3743 aggrediar?ingressus
1589 3687 1750 3733 vero,
1769 3671 2081 3742 quomodo
2104 3689 2226 3728 non

578 3761 774 3817 subito
795 3760 1054 3833 repletus
1076 3765 1316 3828 terrore,
1345 3759 1628 3828 neglectis
1663 3759 2086 3828 gubernaculis
2129 3761 2227 3817 de-

575 3851 891 3924 positoque
909 3850 1155 3906 ulterius
1179 3847 1600 3921 progrediendi
1627 3854 1868 3916 conatu,
1892 3865 2016 3904 non
2045 3850 2226 3921 proti-

574 3955 688 3996 nus
718 3941 796 3996 ad
826 3939 1264 4011 regressionem
1292 3943 1603 3994 convertar
1622 3938 1650 3993 ?
1690 3937 1899 3992 Fateor
1945 3938 2225 4009 equidem

573 4031 738 4103 quod
764 4045 887 4086 non
910 4030 1051 4086 satis
1073 4033 1304 4084 mature
1333 4026 1708 4083 consideravi
1749 4027 2224 4096 magnitudinem

573 4119 921 4189 argumenti,
936 4134 1132 4190 neque
1145 4122 1208 4172 ut
1220 4117 1301 4171 sic
1315 4116 1557 4171 dixerim
1572 4115 1832 4180 substiti,
1853 4115 2224 4187 speculando

573 4223 694 4278 quo
726 4223 822 4262 me
850 4189 1226 4278 propositum
1253 4222 1455 4260 meum
1487 4205 1854 4276 proveheret.
1886 4205 2222 4262 Circumde-
2259 4189 2296 4241 Β

572 4295 660 4350 dit
687 4312 784 4349 me
813 4294 1105 4350 ﬂuctuum
1133 4295 1286 4349 inter
1317 4311 1380 4347 se
1411 4293 1752 4348 collisorum
1785 4299 1984 4362 asstus,
2014 4300 2071 4350 et
2101 4299 2222 4350 tan-

571 4398 760 4454 quam
789 4383 850 4438 in
881 4387 1233 4454 tempestate
1282 4382 1651 4437 conturbatis
1689 4384 1873 4438 menti
1901 4381 2094 4439 effusa
2133 4389 2224 4439 est

573 4470 802 4540 caligo;
830 4470 1085 4540 ideoque
1116 4470 1194 4525 ab
1240 4469 1386 4541 ipsis
1413 4470 1780 4539 carceribus,
1814 4475 1879 4525 ut
1901 4472 2220 4542 proverbio

570 4558 804 4626 dicitur,
836 4573 932 4612 me
980 4557 1161 4612 subiit
1189 4558 1557 4629 paenitentia,
1615 4573 1720 4612 seu
1772 4559 1968 4629 potius
1997 4559 2057 4614 in
2087 4560 2221 4631 ipsa

569 4646 744 4702 navis
771 4645 1061 4701 solutione
1089 4646 1417 4700 anchoram
1445 4645 1707 4700 tollendo
1732 4645 2028 4712 fatiscens,
2057 4649 2220 4719 peni-

567 4742 664 4791 tus
697 4734 885 4790 defeci
915 4739 1095 4806 atque
1133 4733 1455 4804 ambiguus
1495 4733 1749 4796 substiti,
1779 4734 2038 4790 incertus
2069 4753 2216 4808 quo-

565 4825 747 4881 modo
779 4823 1179 4894 gubernarem
1212 4830 1313 4878 aut
1351 4839 1474 4895 quo
1524 4823 1739 4877 mentis
1786 4823 2106 4892 dirigerem
2132 4825 2216 4892 in-

563 4915 912 4971 tentionem.
933 4916 1212 4982 Magnum
1238 4918 1327 4968 est
1363 4912 1647 4982 profecto,
1677 4912 1840 4984 quod
1873 4912 2213 4970 faciendum

561 5002 831 5075 suscepi:
857 5017 1090 5068 verum,
1114 5001 1269 5057 sicut
1292 5001 1352 5056 in
1376 5000 1656 5056 maximis
1679 5001 2050 5073 quandoque
2073 5008 2217 5058 tem-

561 5091 912 5163 pestatibus,
931 5090 1033 5146 fax
1053 5094 1391 5162 opportune
1413 5089 1569 5144 elata
1589 5089 1888 5160 apparuit,
1911 5096 1967 5144 et
1982 5090 2213 5147 fausius

558 5179 806 5250 quidam
846 5178 1128 5251 splendor
1165 5178 1522 5250 pertransiit,
1551 5176 1654 5248 qui
1688 5176 2023 5234 illuminato
2053 5196 2214 5235 men-

555 5266 630 5322 tis
673 5267 848 5322 oculo
884 5272 942 5322 et
977 5271 1240 5322 mentem
1290 5265 1555 5338 implevit
1595 5264 1837 5335 ﬁducia,
1881 5271 1937 5321 et
1979 5268 2211 5323 univer-

557 5371 692 5410 sum
713 5355 1092 5425 gubernandi
1115 5355 1367 5410 modum
1392 5353 1697 5421 indicavit,
1725 5370 1794 5410 ac
1816 5355 2040 5410 bonam
2062 5373 2209 5429 quo-

554 5443 886 5500 dammodo
918 5461 1086 5517 spem
1114 5444 1299 5501 felicis
1322 5446 1382 5499 in
1413 5449 1656 5516 portum
1677 5445 1971 5516 appulsus
2004 5454 2202 5503 osten-

550 5532 656 5588 dit.
689 5531 890 5596 Qualis
914 5549 1054 5588 vero
1080 5533 1367 5605 splendor
1384 5534 1412 5588 ?
1443 5538 1548 5589 aut
1571 5549 1708 5604 quae
1731 5533 1830 5589 fax
1851 5533 1879 5587 ‘I
1906 5532 2070 5590 Beati
2091 5536 2210 5591 hu-

541 5619 647 5693 jus
667 5619 971 5692 divinique
994 5625 1054 5677 et
1068 5622 1370 5678 mundum
1393 5619 1742 5678 illustrantis
1768 5620 2082 5680 luminaris
2109 5639 2203 5682 ra-

2803 3056 3057 3117 Δέσποτα,
3095 3053 3280 3124 εὐλόγη
3290 3073 3400 3110 σον.

2409 3139 2473 3193 α’.
2535 3147 2617 3210 Τῷ
2665 3141 2872 3214 Ἰωάννῃ
2919 3145 3005 3193 τὸν
3059 3141 3244 3196 λόθονὲ
3303 3152 3374 3214 τῷ
3431 3141 3485 3194 ἐκ
3547 3149 3839 3215 Δαμασκοῦ
3883 3150 3941 3197 τὰ

2339 3230 2607 3301 εγκὼμιαῑ
2645 3237 2756 3290 Πῶς
2788 3227 2847 3283 δέ
2874 3230 2976 3304 ἆρα
3004 3236 3075 3303 μὴ
3124 3231 3275 3292 εὐθὺς
3317 3231 3613 3290 ἀποκνήσω,
3668 3239 3760 3285 καὶ
3824 3240 3937 3307 πρίν

2339 3321 2367 3375 ἡ
2403 3322 2529 3390 πρὸς
2561 3322 2644 3370 τὸν
2667 3313 2819 3370 ἆθλον
2877 3317 3254 3373 ἀποδύσασθαι
3314 3317 3592 3394 διαδράσω
3637 3326 3650 3376 ξ
3702 3328 3791 3391 Τῷ
3849 3333 3937 3382 τῆς

2341 3412 2526 3478 σοφίας
2555 3406 2753 3478 ἀπλέτῳ
2787 3407 2952 3480 βυθῷ,
2979 3417 3047 3478 τῷ
3069 3417 3166 3460 τῶν
3205 3409 3370 3480 λόγων
3438 3409 3629 3480 ἀχανεῖ
3699 3410 3934 3482 πελὰγει.

2336 3499 2393 3546 τὸ
2458 3504 2546 3547 τοῦ
2590 3495 2742 3567 λόγου
2796 3505 3058 3569 επαφείναι
3110 3500 3466 3572 παρωρμήθην
3528 3497 3735 3550 ἀκάτιον
3769 3521 3781 3532 ·
3851 3509 3937 3552 καὶ

2336 3583 2603 3646 πῶςᾶνοὺ
2627 3590 2814 3657 φρίκης
2858 3589 2944 3636 τὸν
2994 3587 3152 3638 πλοῦν
3198 3587 3387 3653 claim;
3436 3592 3525 3638 καὶ
3578 3588 3779 3655 εἰσιὼν,
3833 3600 3936 3650 πῶς

2336 3674 2462 3746 οὐχί
2517 3672 2709 3735 δειλίας
2769 3678 3010 3750 παραυτὰ
3059 3677 3371 3749 πληρωθείς,
3428 3682 3516 3728 καὶ
3565 3686 3664 3728 τῶν
3740 3680 3933 3732 οἰάκων

2336 3765 2468 3815 ἔνθεν
2505 3764 2851 3835 ὀλιγωρήσας,
2897 3770 2986 3817 καὶ
3034 3773 3132 3816 τῶν
3178 3770 3360 3838 πρόσω
3413 3767 3704 3837 μεθέμενος,
3763 3771 3932 3821 καθά-

2334 3871 2426 3926 περ
2475 3856 2598 3926 πρὸς
2649 3858 2742 3910 τὴν
2793 3851 3069 3923 ἀναγωγὴν
3114 3853 3460 3925 ἁναπέσοιμις
3513 3854 3623 3906 Οὐκ
3667 3857 3831 3927 ἔφθην
3880 3862 3932 3909 τὸ

2333 3950 2427 4002 τῆς
2478 3942 2769 4003 ὑποθέσεως
2826 3946 3236 4015 συννοησὰμινος
3283 3944 3520 4014 μέγεθος,
3575 3940 3690 3996 οὐδ’
3753 3949 3933 4015 ἔστην,

2337 4030 2399 4080 ἵν’
2431 4030 2564 4080 οὕτω
2604 4035 2779 4101 φαίην,
2833 4029 3264 4098 ἁποσκοπεύσων,
3320 4033 3420 4090 ὅπη
3472 4051 3535 4103 με
3589 4036 3811 4105 προάγει
3875 4039 3932 4087 τὰ

2332 4126 2423 4177 τῆς
2488 4120 2928 4192 προθέσεωςσκαὶ
2985 4122 3136 4172 οίονιῖ
3194 4139 3256 4192 με
3306 4123 3551 4192 κυμάτων
3602 4120 3791 4193 ιμϐολή
3846 4143 3928 4175 πε-

2331 4210 2638 4280 ριεκύκησεν
2699 4207 3090 4278 ἀλλεπάλληλος,
3143 4213 3232 4260 καὶ
3290 4208 3355 4268 ὠς
3403 4207 3452 4259 ἓν
3509 4209 3636 4282 ζάλῃ
3685 4207 3929 4263 διατετά-

2329 4316 2551 4369 ραγμαι,
2583 4301 2672 4346 καὶ
2726 4301 2815 4356 τὰς
2863 4301 3046 4371 φρένας
3097 4294 3403 4368 σκοτοὸῚνίᾳ
3451 4303 3813 4370 συγκέχυμαι.
3849 4302 3930 4362 Ἐξ

2331 4382 2418 4436 οὖν
2475 4383 2750 4458 ἀφετηρίας
2826 4385 3008 4455 αὐτῆς,
3071 4390 3128 4436 τὸ
3203 4394 3293 4437 τοῦ
3344 4385 3521 4456 λόγου,
3589 4392 3922 4458 μετ-ἔγνωκα·

2329 4473 2518 4546 μᾶλλον
2541 4469 2600 4525 δέ
2634 4471 2744 4546 ἃμα
2803 4483 2875 4545 τῷ
2929 4473 3198 4526 ἀνελέσθαι
3259 4479 3387 4548 πρὸς
3439 4474 3702 4527 ἀπόπλουν
3759 4479 3919 4548 ἄγκυ-

2327 4583 2443 4638 ραν,
2512 4561 2768 4635 ἀπείρηκα
2824 4582 2899 4632 τε,
2960 4569 3049 4615 καὶ
3101 4563 3355 4624 παντελῶς
3407 4566 3767 4636 ἁπηγορευκα,
3835 4572 3918 4618 καὶ

2326 4656 2511 4722 γέγονα
2586 4671 2631 4704 εν
2709 4650 2925 4726 ἀπόρῳ,
3003 4653 3138 4714 ὅπως
3228 4671 3280 4704 τε
3370 4651 3755 4726 κυϐφνὴσαιμι
3836 4662 3920 4706 καὶ

2327 4742 2460 4791 κατὰ
2489 4745 2540 4791 τί
2572 4747 2662 4800 τῆς
2690 4739 2878 4811 ψυχῆς
2910 4737 3224 4812 διιθύναιμι,
3263 4739 3527 4812 βούλημα,
3556 4747 3613 4792 τό
3643 4748 3782 4814 μέγα
3824 4739 3915 4800 δη-

2325 4824 2460 4886 λαδή
2493 4829 2634 4880 τοῦθ’
2685 4831 2900 4902 ὅρμημα
2950 4834 3039 4881 καὶ
3087 4834 3406 4904 εγχείρημα,
3455 4829 3611 4882 Ἀλλὰ
3660 4835 3922 4903 παρευθύς

2324 4919 2388 4976 ὡς
2440 4915 2500 4967 ἂν
2547 4921 2630 4968 επί
2673 4926 2771 4968 τῶν
2829 4923 3090 4990 μεγίστων
3142 4914 3419 4970 κλυδὼνων
3477 4923 3675 4992 πυρσὸς
3748 4923 3915 4991 ἔφανε,

2324 5010 2412 5057 καὶ
2441 5006 2592 5057 αἰσία
2611 5025 2686 5066 τις
2717 5009 2871 5077 αἰγλη
2906 5003 3082 5078 διῇξεν
3107 5029 3118 5039 -
3157 5007 3184 5064 ἦ
3237 5012 3326 5060 καὶ
3369 5010 3781 5082 περιαυγάσασά
3837 5029 3922 5082 μοι

2323 5098 2380 5144 τὸ
2410 5102 2505 5153 τῆς
2542 5093 2726 5165 ψυχῆς
2761 5098 2924 5166 ὄμμα,
2970 5099 3054 5146 τόν
3103 5103 3220 5147 νοῦν
3282 5097 3504 5168 θάρσους
3556 5116 3607 5148 τε
3659 5096 3919 5164 ενέπλησε,

2324 5187 2411 5233 καὶ
2441 5187 2534 5240 τήν
2585 5179 2762 5234 διόλου
2817 5183 3125 5256 κυϐέρνησιν
3187 5185 3507 5255 ὑπεσήμηνε,
3565 5190 3653 5237 καὶ
3685 5205 3796 5249 πως
3857 5184 3919 5243 δὴ

2321 5276 2570 5344 χρηστήν
2621 5267 2809 5322 ελπίδα
2843 5267 3019 5332 δεξιᾶς
3060 5271 3286 5323 ὑπὲτεινε
3362 5275 3764 5346 χαθορμήσεως.
3842 5280 3925 5335 Ti;

2324 5355 2382 5410 δὲ
2413 5361 2442 5416 ἡ
2473 5359 2627 5430 αῖγλη
2662 5365 2751 5411 καὶ
2800 5362 2824 5410 ὁ
2871 5364 3106 5434 πυρσὸς;
3175 5360 3232 5412 Ἠ
3293 5369 3386 5412 τοῦ
3437 5367 3702 5435 μακαρίου
3755 5360 3924 5424 τοῦδε,

2319 5456 2412 5499 τοῦ
2481 5449 2616 5499 θείου
2683 5453 2773 5500 καὶ
2839 5449 3248 5522 κοσμολαμποῡς
3302 5458 3602 5525 φωστῆρος,
3650 5451 3916 5524 προσϐολή

2319 5541 2408 5587 καὶ
2463 5542 2755 5609 επίφαυσις.
2823 5537 2908 5599 Ὠς
2959 5541 3061 5611 γὰρ
3115 5535 3182 5596 δή
3239 5547 3339 5590 τῶν
3414 5549 3747 5612 μνημονικῶν
3834 5561 3915 5613 μοι

2318 5625 2622 5698 εξανασχὼν
2661 5633 2770 5688 τοῖς
2812 5626 3132 5698 λογιστικοῖς
3201 5627 3622 5705 εναπήστραψεν,
3699 5632 3801 5688 ὅση
3867 5647 3916 5684 τε
