4032 6308
92 341 212 396 817

1327 335 1397 393 ΙΝ
1435 335 1496 394 S.
1537 335 1732 396 ῘΟΑΝ.
1777 337 2274 397 DAMASCENUM.

3381 343 3484 403 8l8

75 464 373 519 λαλεῖσθαι
409 464 751 540 προύξένησε,
792 469 881 519 καὶ
937 464 1068 540 πρὸς
1116 467 1298 516 τοῦτον
1352 460 1459 515 οἷον
1517 461 1701 518 ἀντονο·

1827 462 2008 521 etiam
2030 464 2158 536 ejus
2180 463 2373 539 patria
2395 463 2762 532 laudaretur,
2797 468 2854 523 et
2882 466 3057 541 quasi
3085 481 3195 540 pro
3225 467 3359 542 ipso
3381 485 3483 528 no-

84 555 401 628 μοίζεσθαι,
463 555 490 613 ἑ
546 553 648 608 κάκ
696 557 884 608 τούτου
938 553 1374 626 ἐπονομάζεσθαι.
1421 550 1565 626 Ἀμα
1618 556 1716 629 γὰρ

83 662 166 704 τις
197 647 296 695 καὶ
351 641 638 711 ἀκούσειεν,
694 642 833 707 ἐξότε
883 644 909 695 ὁ
971 642 1124 704 οὗτος
1180 645 1378 713 γέγόνε,
1440 645 1716 714 Δαμασκὸν

79 736 179 783 τόν
216 730 384 784 πολύν
434 735 524 784 καὶ
589 733 654 785 τὰ
705 733 816 784 θεῖα
868 736 958 784 καὶ
1004 735 1072 783 τα
1127 728 1426 804 ἀνθρώπινα
1475 730 1714 788 Ἰωάννην

87 824 274 896 ὥσπερ
307 819 600 879 συνήκουσέ
631 842 645 856 ο
702 824 954 894 μέγιστὸν
1001 839 1057 874 τε
1107 819 1256 882 εὐθὺς
1311 817 1363 882 ἐξ
1415 817 1714 894 ἀμφοτέρων

87 912 410 985 αἰσθόμενος
476 912 788 986 φαντάζεται
867 912 978 986 μετ’
1061 911 1373 977 ἐκπλήξεως,
1441 909 1712 964 κάντεῦθεν

87 1000 485 1075 ἀναπεμπάζων
542 1009 614 1074 τῷ
650 1000 888 1075 λοθισμῷ
945 1001 1005 1054 οὐ
1067 1005 1282 1078 μετρίου
1332 1006 1424 1053 τοῦ
1484 999 1712 1072 θάμϐους

87 1089 440 1164 ἐμπίπλαται.

1061 911 1219 970 ἐκπλή
1231 911 1325 974 ξεω
1334 932 1373 977 ς,

160 1269 224 1325 ε’.
297 1268 432 1324 Ἀλλ’
503 1269 578 1333 εἰς
660 1269 873 1332 ἑαυτοὺς
961 1267 1188 1321 ἐντεῦθεν
1247 1268 1295 1321 οἰ
1347 1270 1708 1340 γεγεννηκότας

75 1358 444 1432 μεθελκονται,
474 1364 564 1412 καὶ
593 1379 700 1421 πως
734 1357 801 1418 δή
845 1361 917 1430 μὴ
951 1354 1194 1431 παριδεῖν
1248 1356 1597 1430 ἀνιστορήσαι
1641 1359 1707 1410 τὰ

75 1448 416 1509 κη’ωᾶτούς
461 1447 789 1509 ἐκϐιάζονται
833 1469 845 1482 ο
879 1443 1002 1500 οὐδὲ
1048 1449 1150 1521 γὰρ
1204 1447 1309 1518 οὐχ
1356 1447 1491 1500 οὕτω
1538 1453 1706 1499 ταῦτα

74 1540 276 1611 μικρὰ,
320 1540 390 1600 ὡς
437 1533 787 1612 παραδρομῆς
845 1535 1132 1599 ἀξιωθῆναι
1172 1541 1262 1588 καὶ
1319 1535 1700 1610 παραλήψεως,

75 1625 220 1678 ἀλλά
244 1632 337 1679 καὶ
359 1626 475 1678 λίαν
499 1633 748 1700 περιῳανῆ
795 1645 849 1678 τε
899 1631 989 1678 καὶ
1034 1624 1360 1697 ἀξιάσγαστα,
1417 1629 1508 1678 καὶ
1574 1643 1702 1696 συγ-

73 1723 296 1789 γραφῆς
392 1713 634 1788 ἀκριϐοῦς
736 1720 824 1767 καὶ
927 1719 1134 1787 μνήμης
1239 1710 1701 1786 ἀλληλοδιαδὸχου

79 1801 315 1876 δεόμενα
355 1825 368 1838 ο
404 1807 467 1857 τά
494 1823 548 1857 τε
575 1807 677 1879 γὰρ
708 1806 844 1856 κατά
889 1807 1104 1876 κόσμον,
1161 1808 1251 1856 καὶ
1289 1804 1367 1866 οἷς
1427 1802 1702 1875 ἐπεικεχή-

75 1912 239 1945 νασιν
288 1894 572 1966 ἄνθρωποι,
624 1898 710 1946 καὶ
768 1889 1027 1964 διάσημοι
1078 1896 1164 1944 καὶ
1204 1891 1558 1967 περίϐλεπτοι,
1612 1898 1701 1945 καὶ

75 1985 226 2035 κατά
315 1986 443 2036 Θεὸν
501 1983 606 2055 οὐχ
664 1984 818 2041 ἧττον
873 1989 1168 2057 περιφανεῖς
1231 1987 1321 2035 καὶ
1383 1983 1697 2056 θαυμάσιοι·

79 2071 318 2124 ’Δνωθεν
363 2073 465 2146 γὰρ
506 2078 594 2125 καὶ
645 2070 700 2124 ἐκ
750 2076 1014 2146 προγόνων
1065 2075 1160 2130 τήν
1200 2071 1272 2132 εἰς
1328 2075 1560 2145 Χριστὸν
1617 2075 1701 2130 πί,

80 2179 207 2212 στιν
235 2162 393 2213 οἱονεί
421 2179 536 2213 τινα
565 2160 753 2236 κλῆρον
777 2160 831 2212 ἐκ
862 2157 1136 2232 διαδοχῆς
1163 2160 1407 2227 ἕλκοντες,
1460 2169 1532 2232 τῷ
1570 2167 1700 2237 πρὸς

73 2249 253 2308 αὐτὴν
310 2248 451 2320 ζήλῳ
506 2257 690 2324 μακρῷ
748 2256 856 2311 τοῖς
909 2252 1010 2324 πρὸ
1077 2249 1244 2302 αὐτῶν
1301 2249 1688 2324 ὑπερήρλασαν⁹

927 1719 1134 1787 μνήμης

69 2343 173 2391 καὶ
202 2342 309 2412 γὰρ
339 2346 440 2399 τοῖς
468 2342 664 2414 μέχρις
714 2338 905 2407 αὐτῶν,
936 2340 1072 2392 καθά
1113 2359 1192 2401 τις
1245 2341 1274 2398 ή
1329 2344 1509 2403 πίστις
1569 2360 1698 2413 συγ-

70 2431 417 2501 κρυπτομένη
503 2429 752 2502 σπινθὴρ,
788 2432 991 2503 πυρσὸς
1049 2428 1096 2480 ἐν
1154 2428 1327 2490 αὐτοῖς
1390 2448 1445 2482 τε
1501 2435 1590 2482 καὶ
1647 2429 1699 2493 ἐξ

73 2517 260 2569 αὐτῶν
289 2515 515 2590 ἀνήφθη,
569 2517 794 2589 ἐμφανής
850 2522 941 2569 καὶ
999 2514 1275 2580 διάδηλος.
1315 2517 1402 2580 Ὠς
1466 2521 1567 2594 γὰρ
1626 2515 1694 2576 δή

69 2612 338 2680 κρίμασιν
388 2605 772 2667 ἀκαταλήπτοις
830 2614 964 2660 Θεοῦ
1012 2610 1079 2659 τὰ
1133 2607 1234 2678 ἑῷα
1287 2615 1479 2680 μικροῦ
1530 2611 1700 2661 πάντα

75 2705 185 2757 τῆς
223 2704 328 2748 τῶν
382 2695 646 2768 Ῥωμαίων
687 2695 865 2772 ἀρχῆς
928 2692 1260 2768 κατέδραμον
1315 2715 1370 2749 τε
1411 2702 1501 2749 καὶ
1559 2697 1698 2755 ﬂui-

82 2805 273 2853 σαντο,
303 2789 393 2837 καὶ
420 2787 516 2846 τὰς
545 2784 709 2839 ἐκεῖσε
765 2785 938 2849 πόλεις
1003 2789 1054 2840 οἱ
1117 2794 1214 2848 τῆς
1267 2783 1462 2849 δούλης
1527 2786 1698 2864 Ἅγαρ

80 2875 342 2947 ἀπόγονοι
369 2881 789 2950 παρεστήσαντο,
819 2881 908 2928 καὶ
962 2877 993 2933 ἠ
1054 2873 1249 2950 ῥάϐδος
1303 2884 1402 2928 τῶν
1454 2876 1701 2951 ἀμαρτω-

76 2964 191 3015 λῶυ
229 2966 366 3016 κατά
403 2971 494 3017 τοῦ
550 2964 744 3038 κλήρου
781 2972 882 3017 τῶν
937 2961 1156 3018 δικαίῶν
1217 2964 1466 3038 ἀφεθεῖσα
1503 2963 1532 3024 ἦ
1574 2968 1703 3018 πάν-

77 3073 195 3114 τως
230 3071 292 3125 ’γε
321 3059 422 3105 τῶν
473 3053 642 3114 καλῶς
704 3053 998 3126 ἐγνωκότων
1058 3057 1185 3138 9.369
1259 3059 1350 3106 καὶ
1417 3057 1555 3126 μόνῳ
1614 3054 1706 3108 λα-

1825 555 2157 611 minaretur
2193 559 2298 611 aut
2336 555 2866 626 cognominaretur
2905 572 2978 612 ex
3030 556 3187 630 ipso.
3256 559 3333 614 Ex
3384 559 3483 616 illo

1825 659 1972 701 sane
1993 649 2262 718 tempore
2291 660 2416 718 quo
2445 650 2622 704 natus
2652 646 2732 702 ibi
2763 649 3022 704 Joannes
3051 651 3158 710 est,
3194 647 3372 705 simul
3411 666 3482 710 ac

1821 733 2123 790 nominari
2136 733 2352 806 aliquis
2367 733 2535 790 audit
2549 734 2930 804 Damascum,
2944 735 3162 790 divinis
3173 735 3481 797 humanis-

1819 837 1938 896 que
1961 822 2142 878 rebus
2170 823 2490 895 insignem,
2515 823 2696 880 etiam
2733 824 2918 897 ipsius
2947 839 3170 880 nomen
3201 825 3386 897 audit,
3421 832 3478 886 et

1817 913 2099 986 utrinque
2127 912 2354 983 grande
2390 913 2704 987 quidpiam
2736 919 2915 987 atque
2959 914 3313 972 admirabile
3359 917 3474 974 sibi

1816 1007 2278 1075 repraesentans,
2310 1019 2611 1077 suamque
2641 1004 3064 1074 cogitationem
3083 1020 3268 1080 supra
3299 1022 3359 1063 se
3386 1023 3473 1066 re-

1815 1091 2061 1148 ﬂectens
2097 1092 2536 1161 ratiocinando,
2590 1097 2834 1166 stupore
2879 1109 3127 1166 prorsus
3178 1095 3466 1156 ineffabili

1815 1180 2174 1254 completur.

1888 1275 1939 1326 5.
1967 1272 2185 1326 Verum
2224 1285 2335 1326 nos
2365 1269 2501 1327 hinc
2533 1269 2612 1327 ad
2629 1286 2688 1327 se
2711 1272 3006 1341 genitores
3034 1273 3369 1332 trahunt.et
3390 1292 3466 1334 ne

1811 1373 1906 1415 res
1927 1375 2067 1415 suas
2098 1359 2257 1415 taciti
2290 1363 2718 1430 prmtereamus
2747 1365 2990 1430 cogunt:
3025 1378 3146 1418 non
3201 1364 3361 1421 enim
3382 1366 3463 1424 ita

1811 1463 2014 1520 parvae
2036 1448 2129 1504 hie
2155 1454 2314 1519 sunt,
2329 1454 2393 1504 ut
2422 1454 2772 1505 transcursu
2789 1454 2968 1524 atque
2983 1452 3306 1510 omissione
3331 1471 3464 1510 cen-

1811 1537 1924 1591 seri
1958 1538 2189 1609 possint
2212 1538 2434 1607 dignae;
2467 1537 2572 1594 sed
2594 1538 2770 1595 valde
2801 1540 3142 1614 conspicuae
3194 1557 3262 1598 ac
3285 1543 3462 1603 mira-

1809 1624 1958 1682 biles
1989 1630 2334 1684 accuratam
2361 1627 2745 1698 scriptionem
2777 1629 3256 1704 memoriamque
3300 1632 3457 1690 ordi-

1809 1720 2016 1772 natam
2046 1721 2353 1772 merentur
2385 1716 2673 1773 :fortunee
2715 1717 3016 1791 siquidem
3039 1720 3233 1787 bonis,
3284 1727 3341 1778 et
3369 1721 3460 1778 his

1742 1820 1782 1875 Β
1809 1805 2032 1876 quibus
2055 1806 2330 1862 homines
2363 1805 2598 1863 inhiant
2635 1807 2974 1862 commodis
2997 1809 3280 1881 praeclare
3307 1810 3458 1881 fulti,

1811 1895 1990 1951 nihilo
2020 1895 2222 1953 minus
2251 1897 2520 1966 insignes
2547 1895 3024 1953 fueruntdivinis
3063 1899 3249 1956 animi
3292 1901 3450 1958 doti-

1809 1984 1953 2041 bus.
1992 1985 2124 2042 Jam
2155 1985 2386 2056 pridem
2418 1985 2578 2042 enim
2608 1985 2788 2042 tidem
2820 1987 2880 2042 in
2929 1988 3246 2061 Christum,
3295 1991 3458 2047 velut

1808 2074 2210 2131 haereditatem
2231 2075 2566 2148 quamdam
2603 2091 2640 2132 a
2687 2075 3017 2148 majoribus
3074 2093 3180 2150 per
3238 2095 3455 2136 manus

1806 2163 2087 2220 traditam
2125 2168 2413 2230 tenentes,
2459 2163 2638 2236 longe
2690 2165 3064 2223 auteiverunt
3111 2167 3455 2224 decessores

1806 2268 1968 2319 suos,
1995 2253 2262 2328 quodam
2287 2253 2634 2328 zeliimpetu
2661 2253 2906 2309 ulterius
2937 2254 3092 2310 elati.
3121 2256 3350 2313 Scilicet
3376 2257 3455 2313 ad

1805 2341 2075 2415 ipsorum
2107 2358 2301 2415 usque
2325 2345 2562 2399 aetatem
2589 2342 2760 2409 fides,
2785 2343 2845 2399 in
2875 2343 3225 2401 hominibus
3250 2361 3455 2420 parvae

1806 2431 2074 2488 adinstar
2100 2431 2368 2487 scintillae
2407 2431 2776 2495 delitescens,
2840 2433 2901 2488 in
2964 2433 3108 2507 ipsis
3160 2438 3340 2508 atque
3385 2450 3457 2490 ex

1805 2520 1954 2592 ipsis
1976 2535 2232 2576 accensa
2262 2527 2351 2576 est
2381 2521 2458 2577 ad
2488 2519 2738 2577 modum
2771 2521 2915 2578 facis
2944 2521 3279 2580 luculentis.
3310 2525 3457 2580 Cum

1807 2609 1968 2664 enim
1998 2609 2246 2666 occultis
2281 2609 2381 2665 Dei
2407 2608 2650 2681 judiciis
2669 2625 2882 2666 omnes
2903 2611 3022 2668 fere
3049 2613 3299 2668 Orientis
3325 2628 3452 2686 paro

1808 2702 1912 2766 tes,
1961 2700 2232 2756 Romano
2276 2699 2529 2772 imperio
2597 2698 2888 2771 subditas,
2947 2702 3170 2773 posteri
3229 2701 3458 2758 ancillae

1808 2791 1967 2856 Agar
1987 2787 2109 2842 suis
2135 2786 2989 2844 excnrsionibusvastarentac
3013 2789 3460 2863 depopularen-

1813 2880 1924 2942 tur,
1992 2875 2172 2932 etiam
2230 2877 2625 2947 subjugarent
2685 2877 2950 2933 civitates
3005 2878 3348 2952 plerasque,
3406 2883 3463 2938 et

1811 2964 1983 3036 virga
2008 2968 2391 3037 peccatorum
2419 2969 2624 3021 contra
2633 2966 2932 3035 justorum
2947 2974 3166 3023 sortem
3188 2968 3463 3023 immissa

1814 3069 2024 3110 eorum
2049 3054 2152 3128 qui
2187 3059 2342 3110 recte
2379 3058 2563 3110 Deum
2593 3059 2882 3111 noverant
2908 3056 3080 3129 eique
3112 3056 3222 3112 soli
3255 3055 3463 3112 servie-

75 3145 372 3217 τρευόντων
437 3142 578 3214 αὐτῷ
633 3144 700 3196 τά
767 3146 938 3197 πάντα
1001 3140 1199 3215 σχεδὸν
1275 3143 1621 3214 κατηλόησεν,
1673 3145 1701 3204 ἢ

1818 3143 1964 3200 bant
1993 3144 2198 3200 omnia
2221 3143 2525 3217 diriperet,
2551 3143 2645 3200 vel
2702 3145 2902 3217 potius
2947 3149 3246 3202 excuteret
3299 3145 3464 3203 velut

76 3231 283 3304 μᾶλλον
318 3234 442 3284 ὡσεὶ
493 3238 656 3305 χνοῦν
723 3230 1073 3306 ἀπελίκμησεν
1105 3255 1118 3267 ο
1172 3233 1272 3285 ὑπὸ
1321 3240 1430 3294 τοῖς
1471 3231 1705 3299 ἀσεϐέσι,

77 3328 183 3393 φεῦ
219 3321 638 3395 συμφορᾶςῑκαὶ
702 3323 732 3381 ή
787 3321 917 3381 καλή
989 3327 1169 3395 γέγονε
1236 3326 1537 3396 Δαμασκὸς.
1594 3329 1707 3376 Τῶν

75 3411 176 3462 οὖν
231 3408 280 3462 ἐν
314 3409 446 3483 αὐτῇ
505 3413 728 3478 πάντων,
785 3419 880 3470 τῆν
935 3413 1025 3484 μεν
1075 3415 1263 3487 μικρὸν
1320 3411 1704 3496 ἀντισχόντων,

73 3508 190 3552 τῶν
248 3495 310 3551 δε
362 3497 417 3550 ἐκ
490 3504 703 3574 πρώτης
759 3505 856 3559 τήν
921 3499 1180 3554 εὐσέϐειαν
1260 3495 1702 3574 ἀπομοσαμένων,

78 3591 233 3640 ἐνίων
261 3584 323 3640 δε
349 3593 440 3640 καὶ
467 3591 808 3662 τηρησάντων
837 3589 855 3661 (
885 3591 1019 3642 πάνυ
1047 3586 1107 3643 δε
1142 3591 1334 3642 τούτων
1388 3587 1636 3663 βραχέων
1679 3592 1700 3653 )

75 3681 144 3730 τὸ
191 3675 342 3738 σέϐας
373 3673 466 3729 διὰ
512 3677 687 3740 τέλους
740 3676 1042 3751 ἀμόλυντον,
1103 3683 1194 3731 καὶ
1254 3681 1304 3731 οἱ
1341 3686 1433 3731 τοῦ
1471 3679 1704 3752 μεγάλου

74 3769 276 3819 τούτου
316 3773 411 3826 τῆς
451 3766 709 3828 εὐσεϐείας
757 3763 1090 3820 διδασκάλου
1149 3771 1238 3820 καὶ
1288 3771 1518 3842 κήρυκος
1573 3772 1704 3840 πρό-

75 3874 256 3928 γονοι,
327 3854 548 3929 στερρῶς
603 3875 655 3909 τε
710 3857 837 3932 ὑπερ
894 3865 984 3917 τῆς
1042 3855 1304 3919 εὐσεϐείας
1357 3855 1702 3926 ἀντέστησαν,

78 3941 306 3997 καὶδιὰ
337 3942 460 4016 βίου
489 3949 584 4004 τήν
635 3949 816 3998 πίστιν
869 3944 1142 4018 ἐφύλαξαν,
1191 3951 1281 3999 καὶ
1330 3947 1552 4020 καθαροὶ
1610 3967 1702 3998 κα-

85 4036 255 4106 θαρὰν
281 4040 385 4094 τοῖς
423 4032 477 4097 ἐξ
502 4033 670 4086 αὐτῶν
719 4032 1104 4099 ἐνεπίστευσαν,
1160 4040 1250 4087 καὶ
1303 4037 1353 4087 οἰ
1409 4035 1497 4088 απ⁹
1537 4036 1704 4088 αὐτῶν

84 4125 340 4184 ὡσαύτως
388 4127 480 4174 καὶ
530 4123 639 4196 μετ’
706 4123 893 4185 αὐτοὺς
941 4127 1076 4176 κατά
1129 4120 1404 4196 διαδοχήν
1442 4133 1703 4186 ποιοῦντες

85 4212 408 4283 ἐτύγχανον,
439 4217 530 4264 καὶ
568 4208 673 4264 οἷον
741 4213 924 4284 ὀχετὸς
983 4210 1117 4270 ἦσαν
1173 4214 1432 4288 ῥεύματος
1469 4215 1702 4288 καθαροῦ

86 4298 188 4354 διὰ
219 4299 481 4376 βορϐόρου
509 4309 609 4353 τῶν
640 4300 836 4354 ἀσεϐῶν
864 4303 1085 4376 ῥέοντες,
1145 4307 1235 4354 καὶ
1297 4299 1370 4356 δι’
1432 4303 1568 4366 ἰλύος
1633 4306 1702 4366 ὡς

82 4395 210 4464 περὶ
261 4398 362 4442 τῶν
404 4389 450 4442 ἐν
511 4397 621 4452 τοῖς
695 4389 986 4466 βαρϐάροις
1042 4390 1400 4465 ἐναγισμάτων
1459 4388 1697 4465 διῄεσαν,

84 4488 150 4552 τῇ
198 4486 298 4532 τῶν
321 4477 514 4552 ἀρετῶν
545 4480 740 4532 οὑτωσί
768 4500 878 4542 πως
932 4481 1088 4534 εἰπεῖν
1145 4483 1430 4538 πυκνότητι
1483 4477 1700 4540 διηθού-
1727 4527 1770 4582 D

85 4589 237 4642 μενοι
249 4611 262 4625 α

163 4658 243 4723 ς’.
274 4659 426 4710 Οὕτω
453 4661 545 4731 μεν
575 4655 662 4711 οὖν
684 4656 738 4711 ἐκ
775 4656 1047 4732 διαδοχῆς
1076 4661 1125 4712 οἰ
1172 4667 1265 4713 τοῦ
1318 4660 1471 4732 ἁγίου
1520 4666 1700 4732 γεννή-

86 4767 230 4821 τορες
275 4746 500 4810 εὐσεϐεῖς
556 4754 646 4800 καὶ
702 4752 788 4801 τὸν
843 4750 956 4801 κατ’
1015 4747 1200 4824 ἀρετήν
1255 4747 1372 4822 βίον
1418 4748 1695 4822 ἐπιφανεῖς.

88 4843 178 4895 Μή
239 4839 340 4910 γὰρ
397 4833 464 4894 δή
522 4832 791 4910 δεξώμεθά
874 4857 1034 4904 τινας,
1104 4838 1299 4912 ἑτεροῖα
1368 4842 1484 4912 περὶ
1530 4839 1697 4892 αὐτῶν

91 4930 465 4998 ἱστορηκοτας,
524 4924 932 5000 ἀπερισκέπτως,
1011 4924 1179 5000 οἶμαι,
1245 4929 1312 4979 τὰ
1349 4927 1465 4979 κατ’
1512 4928 1698 4990 αὐτοὺς

87 5013 407 5084 ἀκηκοότας,
474 5019 565 5068 καὶ
630 5019 694 5068 τὰ
757 5025 848 5077 τῆς
897 5015 1142 5078 ἀληθείας
1215 5022 1300 5069 καὶ
1363 5026 1463 5069 τῶν
1536 5017 1696 5090 ἁγίων

86 5106 359 5178 προγόνων
388 5107 459 5176 μή
518 5098 938 5171 διηκριϐωκότας
967 5105 983 5174 (
1012 5111 1102 5156 καὶ
1129 5106 1230 5177 ’γὰρ
1286 5103 1491 5167 ἀληθῶς
1530 5107 1695 5178 οἰγιοι,

87 5196 251 5263 μέσον
337 5187 534 5243 ἀσεϐῶν
600 5191 845 5265 εἰλικρινῆ
917 5197 1010 5252 τήν
1078 5209 1266 5246 ’πιστιν
1352 5199 1696 5268 τηρήσαντες,

87 5291 194 5332 τῶν
223 5279 384 5351 ἁγίων
437 5299 490 5332 τε
546 5282 952 5358 φυτοσπόρων),
1017 5289 1106 5334 τοῦ
1173 5282 1372 5354 ἀγιωτά
1426 5303 1484 5336 ου
1540 5281 1697 5337 τοῦδε

87 5375 181 5422 καὶ
249 5370 516 5422 θειοτάτου
594 5366 1083 5444 καταψευδομένους
1167 5368 1372 5446 ἀνδρὸς,
1449 5378 1538 5426 καὶ
1592 5375 1695 5426 οἷον

87 5459 218 5532 ὑπὲρ
260 5456 421 5509 αὐτοῦ
449 5461 571 5521 τοὺς
597 5458 649 5521 ἐξ
677 5459 745 5509 ὧν
799 5461 847 5510 οἱ
884 5458 1196 5535 προελήλυθε
1255 5459 1650 5525 στηλιτεύοντας
1680 5478 1692 5492 ·

89 5544 200 5598 ἀλλ’
240 5544 466 5608 εὐσεϐεῖς
528 5551 620 5619 μὲν
679 5549 728 5599 οἱ
779 5549 1066 5622 γεννάρχαι
1122 5556 1196 5617 τῷ
1255 5551 1475 5622 μάκαρι,
1535 5552 1600 5612 ὡς
1664 5554 1691 5609 η

90 5632 324 5695 ἀλληθής
353 5633 590 5688 ἀνέκαθεν
624 5637 831 5708 ἱστόρία
860 5633 1158 5711 παρέδωκεν
1215 5655 1226 5667 ·
1289 5621 1509 5699 εὐσεϐεῖς
1540 5635 1592 5691 δ’
1649 5643 1697 5693 οἱ

1816 3232 2146 3305 pulverem;
2177 3232 2431 3305 pulchra
2458 3248 2704 3306 quoque
2720 3234 3458 3302 Damascus(heucalami-

1816 3321 1950 3391 tas!)
1982 3321 2096 3377 sub
2125 3321 2452 3395 impiorum
2505 3320 2740 3378 illorum
2794 3327 3148 3394 potestatem
3197 3323 3458 3381 devenit.

1817 3413 1908 3472 Ex
1933 3411 2218 3468 omnibus
2249 3412 2449 3484 itaque
2480 3411 2635 3468 illius
2680 3412 2911 3480 incolis,
2975 3413 3277 3487 aliquibus
3319 3430 3468 3471 non-

1814 3501 1961 3557 nihil
1978 3499 2426 3572 reluctantibus,
2456 3500 2826 3578 quibusdam
2861 3501 2959 3559 Dei
2997 3503 3224 3560 cultum
3251 3503 3330 3560 ab
3358 3503 3465 3560 lni‘

1813 3591 1894 3646 tio
1915 3590 2308 3662 ejurantibus,
2345 3590 2648 3648 nonnullis
2674 3608 2816 3649 vero
2873 3593 3000 3666 (qui
3055 3594 3222 3650 valde
3288 3593 3464 3668 pauci

1813 3671 2401 3754 erant)impollutam
2465 3697 2662 3754 usque
2706 3681 2784 3738 ad
2832 3682 3017 3739 tinem
3080 3684 3464 3741 servantibus

1811 3769 2182 3841 religionem,
2213 3771 2476 3840 majores
2510 3771 2715 3841 magni
2735 3771 2918 3840 hujus
2957 3773 3228 3842 magistri
3282 3776 3462 3845 atque

1810 3859 2106 3932 praeconis
2129 3858 2267 3914 ﬁdei
2295 3859 2588 3931 intrepide
2621 3864 3083 3932 constanterque
3105 3875 3214 3933 pro
3241 3859 3458 3917 eadem

1811 3954 2370 4022 seseopposuerunt
2416 3955 2473 4005 et
2521 3955 2644 4006 tota
2704 3951 2824 4007 vita
2851 3966 2960 4007 sua
3008 3950 3462 4008 custddiverunt

1809 4039 1996 4105 illam,
2028 4039 2165 4112 puri
2200 4054 2414 4112 puram
2443 4039 2564 4094 suis
2605 4039 2906 4095 tradentes
2948 4039 3242 4110 posteris;
3291 4039 3460 4112 quod

1809 4143 2018 4183 eorum
2048 4141 2292 4200 quoque
2349 4125 2778 4182 descendentes
2823 4127 3089 4183 successi
3146 4127 3441 4185 faciendo.

1811 4222 1982 4274 erant
2009 4216 2188 4272 veluti
2214 4218 2372 4272 rivus
2411 4216 2794 4272 mundissimi
2854 4217 3082 4282 ﬂuenti;
3149 4223 3206 4274 et
3259 4217 3455 4274 lutum

1807 4290 2546 4378 impietatis'permeantes
2592 4306 3043 4378 profanationes
3102 4305 3456 4362 barbaricas

1807 4395 1988 4452 veluti
2015 4395 2227 4451 limum
2251 4394 2602 4463 transibant;
2625 4395 2934 4465 virtutum,
2965 4400 3029 4450 ut
3055 4396 3141 4452 sic
3199 4396 3454 4453 dixerim

1806 4485 2096 4542 densitate
2127 4501 2228 4541 eos
2258 4484 2664 4557 impermistos
2694 4485 3149 4542 transmittente.

1877 4667 1933 4718 6.
1973 4663 2092 4717 Hoc
2153 4658 2331 4731 igitur
2383 4662 2580 4732 pacto,
2635 4659 2817 4716 veluti
2863 4676 2970 4733 per
3005 4662 3451 4718 successionem

1803 4751 1986 4823 hujus
2015 4749 2174 4806 beati
2201 4747 2310 4804 viri
2336 4752 2616 4820 parentes
2658 4751 2777 4806 vita
2813 4751 3062 4807 omnino
3091 4751 3368 4821 religiosa
3395 4754 3453 4804 et

1805 4839 2110 4913 praestanti
2134 4838 2347 4892 virtute
2378 4837 2767 4894 emicuerunt.
2811 4841 2926 4895 Nec
2968 4839 3119 4894 enim
3162 4837 3448 4909 recipien-

1804 4929 1914 4985 dos
1948 4932 2233 5001 putamus
2255 4941 2357 4983 eos
2377 4927 2480 4998 qui
2498 4925 2732 4982 diversa
2751 4927 3031 4999 quaedam
3048 4927 3121 4982 de
3143 4926 3292 4998 ipsis
3310 4940 3448 4980 nar-

1802 5021 2030 5084 rarunt,
2056 5031 2126 5071 eo
2148 5014 2313 5087 quod
2346 5030 2440 5069 res
2484 5029 2693 5070 eorum
2727 5015 3251 5071 indiscriminatim
3283 5010 3450 5068 audi-

1803 5104 2014 5170 verint,
2047 5110 2110 5160 ut
2139 5104 2432 5172 existimo,
2465 5119 2662 5177 neque
2692 5105 2765 5159 de
2797 5102 3165 5176 exquirenda
3204 5117 3448 5158 accura-

1803 5195 1919 5250 tius
1984 5194 2224 5249 veritate
2275 5193 2617 5248 auditorum
2676 5192 2902 5248 solliciti
2952 5191 3191 5248 fuerint.
3249 5191 3448 5248 Sancti

1803 5298 2066 5356 namque
2092 5287 2271 5355 atque
2296 5298 2367 5337 ex
2400 5282 2620 5337 sanctis
2651 5281 2926 5354 prognati
2954 5280 3137 5336 fuisse
3168 5280 3328 5336 credi
3349 5280 3451 5336 de-

1803 5373 1964 5438 bent,
1997 5372 2102 5445 qui
2142 5372 2204 5426 in
2235 5371 2434 5426 medio
2467 5369 2792 5442 impiorum
2819 5369 3117 5426 constituti
3148 5370 3330 5426 ﬁdem
3361 5370 3450 5426 in-

1803 5465 2152 5518 temeratam
2192 5475 2423 5516 servare
2471 5463 2811 5530 potuerunt.
2849 5459 3234 5516 Sanctissimo
3274 5459 3450 5531 igitur

1803 5567 1872 5608 ac
1910 5549 2285 5607 divinissimo
2351 5549 2478 5604 viro
2525 5545 2895 5606 calumniam
2973 5549 3334 5622 impingunt,
3395 5555 3452 5605 et

1803 5639 1982 5698 veluti
2011 5656 2084 5697 ex
2114 5637 2304 5712 ipsius
2328 5636 2469 5695 odio
2498 5636 2651 5702 illos,
2690 5653 2727 5693 a
2751 5638 2973 5709 quibus
2995 5640 3303 5711 processit,
3355 5655 3452 5694 su-
