4032 6308
556 291 663 345 819
1751 289 2210 346 CONSTANTIN]
2249 287 2738 350 ACROPOLITE.
3844 297 3946 350 suo
3992 279 3993 318 ι

558 413 769 484 gillant
799 429 811 468 :
840 411 1340 486 quandoquidem
1359 412 1452 466 vir
1473 412 1689 468 beatus
1716 418 1774 470 et
1809 412 2071 482 majores
2101 413 2213 468 ha-

2338 419 2559 488 τατέρες,
2600 420 2689 467 καὶ
2717 413 2904 488 ἀρετῆς
2963 413 3058 469 διὰ
3120 417 3296 477 πάσης
3347 415 3766 490 ἁννιποιούμενοι
3831 415 3950 489 βιο-

557 501 758 558 buerit
795 505 1056 568 sanctos,
1089 505 1144 555 et
1166 505 1442 572 parentes
1483 501 1688 573 quoad
1723 501 1997 556 vixerunt
2025 506 2214 557 secta-

559 597 720 648 tores
743 591 980 664 pietatis
1018 590 1234 662 ;idque
1257 608 1395 646 cum
1427 591 1704 663 publicas
1736 597 1934 647 essent
1961 591 2217 661 dignita-

561 687 652 736 tes
683 680 862 745 nacti,
906 685 961 736 et
1007 679 1196 735 multa
1227 680 1391 753 apud
1418 683 1624 736 Persas
1669 681 1934 753 potentia
1961 681 2216 754 praediti,

561 771 766 840 utpote
796 783 933 822 cum
956 767 1248 839 praefectis
1279 784 1488 824 eorum
1518 769 1899 824 dominantes
1926 775 1982 824 et
2011 785 2219 824 curam

562 856 728 912 urbis
751 857 1077 928 partientes
1094 857 1371 912 universa
1385 858 1568 913 ferme
1590 858 1882 914 Damasco
1904 859 2016 912 sub
2030 857 2218 930 patris

565 946 858 1001 Mansuris
873 945 1095 1000 ditione
1113 947 1433 1002 constituta
1447 990 1460 1003 .
1495 946 1614 1003 Sub
1635 945 1909 1003 barbaris
1931 963 2218 1019 namque,

568 1035 720 1090 sicut
769 1035 896 1104 jam
937 1035 1080 1103 dixi,
1134 1036 1313 1104 geniti
1381 1037 1642 1107 majores
1695 1053 1822 1092 sese
1869 1040 2222 1109 aptaverant

565 1124 824 1196 tempori
852 1142 864 1178 :
899 1129 956 1180 et
982 1124 1117 1180 licet
1149 1141 1185 1180 a
1213 1141 1356 1181 vera
1383 1125 1667 1196 religione
1704 1142 1828 1182 non
1856 1126 2220 1190 recederent,

571 1213 1075 1286 appellationibus
1114 1219 1317 1270 tamen
1380 1215 1698 1271 nominum
1777 1221 1834 1271 et
1893 1215 2222 1272 amictuum

571 1301 904 1374 speciebus,
935 1301 1178 1358 barbari
1205 1302 1294 1375 (ut
1321 1303 1404 1358 sic
1442 1301 1719 1372 dixerim)
1758 1307 1814 1358 et
1859 1303 2050 1358 Persae
2102 1302 2224 1358 fue-

568 1396 705 1448 rant
732 1391 888 1447 facti.

643 1483 698 1537 7.
726 1480 1064 1536 Vocabatur
1081 1480 1286 1553 itaque
1306 1485 1476 1553 pater
1503 1483 1633 1553 ejus
1683 1485 1939 1548 Mansur,
1997 1481 2228 1538 Persico

573 1569 893 1636 vocabulo,
921 1573 975 1624 et
1004 1569 1064 1624 in
1091 1571 1358 1626 maximo
1390 1571 1554 1644 apud
1583 1575 1792 1628 Persas
1844 1572 2072 1628 honore
2118 1587 2227 1644 po-

2338 1595 2442 1648 ρον,
2471 1580 2560 1628 xui
2587 1574 2805 1628 πλεῖστα
2830 1577 2976 1649 παρὰ
3009 1579 3238 1649 Πέρσαις
3285 1574 3365 1647 (4)
3419 1573 3631 1645 ἐτιμᾶτο
3689 1595 3705 1606 ·
3739 1572 3959 1642 πλούτῳ

575 1658 720 1713 situs
758 1657 1214 1713 circumﬂuebat
1255 1659 1474 1715 divitiis
1500 1705 1514 1727 ,
1549 1666 1728 1733 atque
1769 1661 2018 1716 indutus
2042 1659 2227 1731 gloria

2338 1683 2390 1715 τε
2467 1662 2802 1738 περιερρεῖτο,
2867 1667 2956 1714 xui
3037 1659 3195 1725 δόξαν
3248 1659 3632 1728 ἐνεδιδύσκετο,
3685 1665 3786 1712 καὶ
3850 1662 3958 1711 ὑπὸ

573 1747 954 1805 ambiebatur
986 1763 1023 1803 a
1051 1747 1344 1820 frequenti
1374 1751 1680 1807 comitatu.
1706 1750 2118 1821 lndigentibus
2145 1750 2227 1806 in-

2341 1762 2552 1824 συχνών
2578 1755 2713 1804 πάνυ
2765 1751 3146 1827 περιεϐέϐλητο,
3207 1748 3463 1824 δεομένοις
3514 1749 3775 1824 ἐπαρκων,
3829 1745 3958 1800 cidi-

573 1838 747 1894 terim
780 1835 1204 1908 suppeditabat
1225 1839 1530 1909 pecunias,
1561 1839 1790 1896 ferebat
1821 1841 1902 1912 inj
1915 1841 2106 1896 uriam
2127 1858 2227 1913 pa-

2338 1847 2606 1914 κουμένοις
2637 1840 2866 1914 βοηθῶν,
2925 1840 3291 1913 αἰχμαλώτους
3344 1841 3638 1912 ὠνούμενος,
3693 1843 3792 1890 xui
3859 1845 3956 1896 τῆς

571 1926 855 1984 tientibus
882 1941 1059 1996 opem
1091 1930 1147 1981 et
1182 1926 1517 1983 redimebat
1546 1930 1814 2001 captivos
1854 1929 1932 1985 ab
1958 1945 2227 1987 exsecra-

2339 1929 2560 2002 ἇναγοῦς
2621 1933 2901 2002 θρησκείας
2977 1937 3190 2002 Περσῶν
3245 1935 3335 1982 καὶ
3388 1936 3596 2000 συναμα
3644 1936 3740 1987 τῆς
3799 1947 3954 2000 περι-

571 2015 676 2071 bili
701 2016 1019 2070 Persarum
1054 2017 1473 2088 superstitione
1502 2017 1681 2074 simul
1733 2023 1790 2074 et
1842 2035 1878 2074 a
1929 2019 2226 2091 gehenna,

2338 2024 2590 2092 μενούσης
2657 2023 2776 2072 ἔνθα
2855 2024 3058 2091 γεέννης
3139 2021 3405 2093 ῥυόμενος.
3491 2018 3604 2072 Οὐκ
3654 2017 3828 2077 ἄλλως
3895 2013 3954 2068 δὲ

569 2105 733 2177 ipsos
773 2103 996 2176 alioqui
1024 2110 1323 2167 manente.
1351 2106 1668 2163 vindicans
1695 2108 1756 2163 in
1787 2109 2077 2166 futurum.
2099 2111 2227 2164 Non

2339 2108 2589 2175 ἐξωνείτο,
2653 2114 2742 2162 καὶ
2800 2111 2868 2170 ὡς
2931 2111 3116 2180 ἔτυχεν
3169 2107 3389 2161 ἐποιεῖτο
3440 2111 3506 2160 τὰ
3555 2107 3669 2159 κατ’
3729 2105 3954 2166 αὐτούς,

570 2201 770 2251 autem
818 2193 933 2249 hoc
980 2193 1236 2250 faciebat
1280 2197 1699 2268 perfunctorie,
1753 2197 1848 2253 vel
1897 2199 2048 2253 sicut
2095 2215 2226 2254 sors

568 2285 800 2353 tulerat,
837 2299 1042 2338 eorum
1072 2285 1399 2356 peragebat
1442 2288 1776 2357 negotium,
1823 2287 1968 2342 satis
1993 2287 2227 2344 habens

568 2373 898 2429 redemisse
934 2389 1037 2427 eos
1086 2378 1266 2446 atque
1306 2375 1382 2429 de
1423 2381 1636 2431 caetero
1694 2376 1996 2445 neglectos
2026 2377 2225 2433 dimit-

568 2468 701 2518 tens
733 2480 746 2516 :
781 2461 885 2516 sed
917 2462 1182 2517 maxima
1211 2463 1369 2518 circa
1412 2480 1515 2519 eos
1545 2464 1824 2520 utebatur
1853 2465 2228 2537 providentia

567 2553 904 2622 iterumque
933 2554 990 2606 et
1013 2551 1229 2606 iterum
1258 2552 1328 2607 iis
1357 2553 1665 2620 assistens,
1723 2569 1934 2610 omnes
1985 2553 2228 2610 insimul

569 2658 639 2698 ac
679 2641 928 2696 seorsim
968 2639 1235 2712 singulos
1288 2641 1555 2698 curabat.
1602 2642 1903 2716 Imprimis
1960 2659 2226 2716 namque

569 2746 779 2786 eorum
842 2730 1192 2799 contegebat
1241 2731 1600 2800 nuditatem,
1647 2737 1704 2787 et
1760 2731 2225 2788 imbecillitatem

569 2835 894 2890 corporum
940 2818 1206 2890 diligenti
1235 2821 1630 2893 competentis
1661 2821 1849 2878 victus
1873 2821 2102 2878 ratione
2139 2821 2226 2878 fo-

568 2909 748 2965 vebat
773 2924 1039 2978 congruo
1067 2908 1285 2964 deinde
1310 2925 1564 2966 numero
1605 2911 1838 2967 dierum
1873 2911 2024 2983 ipsis
2066 2909 2228 2966 velut

570 2999 835 3055 dominis
865 2998 988 3052 suis
1035 2998 1374 3066 intendens,
1424 3005 1481 3055 et
1530 2999 1829 3072 quidquid
1881 3000 1961 3055 ad
2017 3016 2226 3056 eorum

571 3089 936 3145 commodum
953 3089 1543 3160 pertineretstudiose
1559 3090 1880 3162 complens:
1905 3094 2227 3163 postquam

2339 3088 2720 3160 ἀπαλλαγέντας
2779 3091 2870 3139 xui
2916 3090 3102 3148 ἱκανῶς
3173 3085 3616 3161 ἀναῤῥωσθέντας,

2324 511 2439 569 τῆς,
2493 509 2582 556 καὶ
2634 513 2802 557 ταῦτα
2853 501 3123 576 δημοσίων
3171 504 3352 579 ἀρχῶν
3389 505 3785 580 ἐπειλημμένοι,
3859 513 3947 558 xui

2325 596 2391 645 τὰ
2418 595 2616 666 μεγάλα
2645 598 2789 670 παρὰ
2846 600 3073 668 Πέρσαις
3130 591 3434 668 δυνάμενοι,
3483 597 3572 648 ἅτε
3622 602 3717 648 καὶ
3765 616 3942 668 πειρα-

2329 680 2730 746 δυναστεύοντες
2753 693 2825 755 τῷ
2859 687 3146 758 Περσάρχη
3179 689 3269 738 xui
3297 688 3392 747 τὰς
3446 687 3572 758 ὑπέρ
3611 693 3707 738 τοῦ
3759 694 3944 738 κοινοῦ

2328 769 2609 844 φροντίδας
2666 773 3145 847 συμμεριζόμενοι,
3209 776 3384 826 πᾶσάν
3453 794 3507 827 τε
3563 771 3773 846 σχεδὸν
3825 770 3950 844 εἶχε

2326 866 2420 920 τὴν
2475 866 2751 934 Δαμασκόν
2801 883 2826 914 ο
2886 867 3060 934 πατήρ
3125 866 3374 936 Μανσοὺρ
3437 864 3526 916 ὑπ’
3579 863 3763 918 αὐτόν.
3815 864 3948 915 ’Υπό

2326 954 2427 1024 γὰρ
2468 959 2572 1012 τοῖς
2626 950 2938 1025 βαρϐάροις,
3004 955 3074 1014 ὡς
3134 954 3287 1024 ἔφθην
3347 952 3517 1019 εἰπὼν,
3573 957 3848 1023 γεγονότες
3903 955 3952 1004 οἱ

2328 1045 2589 1113 πρόγονοι,
2621 1046 2710 1092 καὶ
2761 1046 2981 1112 χρόνους
3035 1041 3211 1102 αὐτοῖς
3269 1041 3699 1112 συναμείψαντες,
3755 1042 3799 1094 εἰ
3850 1048 3946 1092 καὶ

3592 1129 3705 1181 ἀλλ’
3757 1127 3845 1182 οὖν
3898 1129 3947 1180 ἐν

2329 1221 2577 1278 κλήσεσιν
2609 1220 2892 1292 ὀνομάτων,
2933 1218 2982 1271 ἐν
3051 1218 3309 1272 ἀναϐολῶν
3367 1225 3644 1291 σχήμασιν
3711 1217 3945 1291 ἐϐαρϐά-

2329 1134 2400 1204 μή
2455 1135 2549 1188 τήν
2630 1133 2907 1205 θρησκείαν
3001 1136 3468 1202 μεταπεπτώκεσαν
3520 1147 3531 1158 ·

2329 1329 2507 1384 ρισαν,
2537 1309 2599 1360 ἵν’
2631 1310 2798 1370 οὕτως
2837 1313 3054 1381 εἴποιμι,
3088 1312 3176 1361 καὶ
3204 1308 3504 1382 ἐπέρσισαν.

2407 1486 2476 1546 ζ’.
2510 1485 2783 1542 ,Ἐκαλεῖτο
2837 1493 2961 1558 γοῦν
3012 1489 3261 1559 Μανσοὺρ
3296 1488 3324 1537 ό
3381 1489 3550 1558 πατὴρ
3615 1488 3956 1558 Περσίκώτε-

2338 2196 2697 2270 ἀπαμελήτούς
2746 2200 2923 2250 ἔπειτα
2960 2201 3162 2272 παριείς
3190 2202 3280 2249 xui
3307 2201 3424 2269 περὶ
3475 2195 3764 2266 ἐλαχίστου
3814 2197 3951 2247 τιθέ-

2335 2306 2504 2359 μενος,
2539 2286 2666 2338 ma
2697 2290 2791 2338 σὺν
2823 2289 2955 2339 πάνυ
3008 2306 3068 2358 γε
3109 2285 3266 2359 πολλῇ
3325 2294 3388 2358 τῇ
3439 2290 3658 2360 προνοίᾳ
3709 2285 3953 2343 εἰσαῦθίς

2334 2395 2389 2427 τε
2476 2375 2654 2437 αὐτοῖς
2739 2373 3091 2447 ἐφιστάμενος,
3146 2380 3236 2427 καὶ
3289 2373 3510 2447 ἀθρόους
3564 2376 3693 2446 ὁμοῦ
3745 2375 3949 2433 πάντας

2335 2470 2426 2517 καὶ
2467 2461 2583 2538 ἰδίᾳ
2605 2470 2695 2516 καὶ
2729 2464 2846 2517 καθ’
2892 2465 2979 2516 ἐνα
3015 2462 3463 2536 ἐπισκεπτόμενος.
3492 2467 3570 2515 Τὰ
3616 2470 3811 2536 πρῶτα
3859 2465 3948 2513 xui

2334 2558 2435 2630 γὰρ
2476 2560 2569 2612 τὴν
2626 2564 2722 2616 τῆς
2783 2553 3158 2626 αἰχμαλωσίας
3213 2553 3408 2615 ἐκείνης
3469 2551 3796 2625 περιέστιλλε
3851 2555 3949 2622 γύ-

2336 2664 2553 2716 μνωσιν,
2590 2648 2679 2696 καὶ
2738 2651 2810 2714 τῷ
2867 2652 2961 2705 τῆς
3015 2638 3223 2703 διαίτης
3275 2640 3502 2714 ἐπιμελεῖ
3548 2639 3903 2712 ἀνελάμϐανεν
3935 2660 3945 2670 ·

2340 2735 2535 2793 ἱκαναῖς
2563 2729 2612 2785 δ’
2639 2735 2856 2806 ἡμέραις
2881 2734 3034 2784 οἱονεί
3089 2751 3200 2785 τισι
3253 2727 3534 2792 δεσπόταις
3596 2733 3947 2803 προσανέχειν

2337 2823 2532 2889 αὐτοῖς,
2568 2826 2658 2874 καὶ
2724 2828 2824 2874 πᾶν
2879 2823 3001 2895 ὅπερ
3058 2821 3131 2881 εἰς
3186 2823 3458 2894 θεραπείαν
3511 2826 3773 2872 συντεῖνον
3828 2814 3949 2889 ᾔδει

2338 2909 2432 2964 διὰ
2516 2908 2756 2972 σπουδῆς
2811 2913 3120 2983 ποιούμενος
3186 2908 3495 2983 ἐκπληροῦν,
3554 2904 3768 2960 ἐπειδὰν
3829 2903 3948 2978 ᾔδει

2336 3007 2426 3052 καὶ
2455 2999 2628 3053 ἓϐλεπε
2663 3043 2676 3066 ,
2740 3008 2834 3060 τῆς
2864 2999 2921 3052 ἐκ
2974 3007 3070 3059 τῆς
3100 2998 3382 3058 λεηλασίας
3422 2997 3586 3049 τέλεον
3623 2996 3947 3055 τληπαθείας

3693 3088 3836 3158 πρὸς
3898 3102 3947 3134 τε

574 3178 652 3234 ab
679 3177 964 3232 aerumnis
979 3194 1102 3232 suae
1115 3179 1478 3249 captivitatis
1500 3185 1812 3252 exemptos
1845 3179 2228 3235 sufﬁcienter-

574 3283 691 3339 que
731 3272 1025 3322 recreatos
1046 3267 1289 3322 videbat
1321 3268 1399 3322 ad
1448 3269 1765 3340 pristinam
1796 3269 2040 3324 rediisse
2062 3268 2229 3324 vale-

575 3355 869 3421 tudinem,
907 3354 1163 3425 jubebat
1205 3357 1518 3425 benevole,
1560 3363 1762 3413 utrum
1803 3357 2066 3425 mallent,
2105 3357 2230 3412 edi-

578 3459 731 3511 cere,
778 3460 1020 3500 manere
1047 3461 1186 3500 cum
1216 3445 1343 3516 ipso
1371 3445 1462 3500 vel
1491 3447 1653 3502 edire
1693 3447 1770 3503 ad
1800 3447 2064 3520 propria.
2097 3446 2232 3513 Qui-

579 3549 819 3604 cunque
873 3533 1050 3601 igitur
1099 3532 1174 3588 ad
1207 3533 1463 3589 reditum
1511 3535 1573 3590 in
1606 3536 1862 3607 patriam
1900 3535 2233 3608 propende-

577 3623 703 3688 bat,
738 3621 1094 3677 sufﬁcientia
1136 3622 1248 3677 sibi
1277 3623 1555 3679 sumebat
1587 3625 1803 3681 viatica
1832 3629 1887 3681 et
1934 3624 2085 3702 inter
2112 3624 2234 3680 feli-

578 3713 662 3769 cis
713 3712 936 3767 itineris
975 3718 1111 3767 vota
1149 3711 1558 3768 dimittebatur
1585 3734 1597 3772 :
1626 3714 1850 3787 quibus
1902 3731 2044 3770 vero
2088 3713 2236 3770 nihil

579 3806 704 3859 erat
732 3801 931 3874 potius
958 3818 1145 3875 quam
1201 3818 1338 3857 cum
1369 3818 1440 3858 eo
1490 3803 1718 3859 versari
1771 3803 1830 3858 in
1871 3802 2235 3859 suburbanis

578 3892 738 3962 agris
788 3907 942 3964 quos
980 3891 1329 3964 possidebat
1365 3891 1677 3963 plurimos,
1726 3892 1800 3947 iis
1841 3891 2234 3947 sufﬁcientem

576 3982 862 4053 largeque
892 3980 1306 4036 abundantem
1336 3980 1561 4036 ibidem
1594 3979 2096 4036 subministrabat
2152 3980 2233 4035 vi-

579 4076 761 4136 ctum,
812 4069 1052 4125 delicias
1105 4069 1335 4124 eisdem
1397 4069 1691 4125 exhibens
1746 4069 1911 4125 nullo
1958 4069 2232 4141 ipsorum

577 4159 784 4214 labore
814 4159 1115 4229 quaesitas.
1163 4159 1314 4215 Talis
1353 4166 1478 4215 erat
1512 4163 1634 4215 vita
1681 4160 2020 4228 genitorum
2058 4160 2235 4214 Joan-

578 4248 690 4314 nis,
725 4247 860 4301 talis
889 4248 1073 4302 virtus
1109 4263 1317 4303 eorum
1350 4266 1362 4301 :
1395 4248 1476 4302 sic
1507 4253 1794 4304 vacantes
1831 4252 1946 4303 Deo
1973 4264 2043 4304 ac
2082 4263 2234 4320 puro

581 4335 710 4402 ejus
755 4335 1091 4401 famulatui,
1125 4353 1317 4391 annos
1359 4353 1499 4391 suos
1540 4354 1677 4392 cum
1709 4337 2233 4405 omni,honestate

581 4422 1035 4490 emetiebantur,
1067 4440 1307 4496 semper
1333 4423 1499 4479 illum
1548 4425 1841 4482 habentes
1870 4442 1992 4497 prie
2023 4425 2232 4496 oculis,

2337 3184 2432 3238 τήν
2477 3179 2660 3232 ἑαυτοῦ
2691 3180 2908 3232 ἕκαστον
2965 3176 3401 3238 ἐπανεληλυθότας
3435 3178 3660 3247 ὑγίειαν,
3700 3178 3761 3226 τὸ

2339 3268 2596 3342 βούλησιν
2649 3267 2966 3340 ἐξαγορεύειν
3039 3262 3236 3328 δεξιαῖς
3295 3264 3550 3317 ἀνέπειθεν
3604 3263 3947 3337 ἐρωτήσεσιν.

2337 3358 2433 3418 Ὀς
2464 3353 2550 3409 οὖν
2580 3359 2754 3429 ᾑρεῖτο
2793 3361 3021 3407 συνεῖναι
3075 3362 3236 3412 συνῆν
3262 3375 3273 3387 ·
3309 3353 3358 3414 ὃς
3407 3350 3466 3406 δε
3504 3358 3598 3410 τήν
3645 3356 3784 3424 πρὸς
3840 3355 3950 3409 τοὺς

2341 3447 2562 3508 οἰκείους
2612 3445 2959 3518 προύθυμεῖτο
3052 3440 3313 3501 δήπουθεν
3397 3441 3725 3508 στείλασθαι,
3768 3437 3951 3512 ἐφόδιό

2341 3556 2394 3589 τε
2425 3534 2701 3608 ἐλάμϐανεν
2743 3534 3035 3606 αὐτάρκως,
3091 3537 3180 3585 καὶ
3213 3532 3396 3605 εὐχαῖς
3457 3527 3690 3592 εύοδίαις
3747 3530 3951 3591 συνεξε-

2342 3629 2569 3698 πέμπετο
2603 3645 2614 3657 ·
2646 3626 2760 3676 ἔστι
2790 3620 2968 3674 δὲκαὶ
3018 3623 3091 3682 οἷς
3151 3625 3252 3696 πρὸ
3317 3624 3512 3682 παντὸς
3561 3618 3717 3672 ἄλλον
3773 3623 3950 3670 τουτοϊ

2348 3713 2622 3780 στέρξασιν
2679 3711 2727 3763 ἐν
2782 3716 3132 3787 προαστείοις,
3187 3710 3236 3762 ἐν
3290 3709 3472 3783 ἀγροῖς
3526 3709 3811 3777 (πλεῖστοι
3855 3710 3947 3780 γὰρ

2345 3803 2483 3874 αύτῷ
2535 3806 2811 3875 προσόντες
2863 3799 3185 3874 ἐτύγχανον)
3231 3801 3402 3852 ἄνετον
3440 3802 3535 3855 τὴν
3594 3793 3806 3848 δίαιταν
3850 3793 3947 3848 ἐδί-

2344 3887 2441 3942 δου
2469 3895 2558 3942 καὶ
2610 3891 2846 3962 ἄφθονον,
2924 3893 3013 3940 xui
3073 3892 3266 3962 τρυφήν
3302 3887 3466 3940 ἐκεῖσε
3512 3893 3764 3959 παρεῖχεν
3818 3886 3948 3956 ἄμο-

2340 3983 2474 4053 χθον
2525 3985 2615 4030 xui
2695 3978 2962 4052 ἀνήροτον.
3030 3984 3271 4037 Τοιοῦτος
3335 3984 3434 4028 τῶν
3485 3978 3871 4047 γεγεννηκότων
3925 3974 3948 4024 ὁ

2343 4068 2480 4142 βίος,
2536 4071 2753 4125 ταιαύτη
2810 4067 3012 4120 ἐκείνων
3069 4068 3098 4124 ή
3160 4065 3312 4138 ἀρετή
3355 4086 3368 4097 ο
3425 4065 3561 4116 οὕτω
3617 4081 3669 4115 τε
3707 4070 3782 4132 τῷ
3837 4070 3946 4131 Θεῷ

2342 4161 2664 4230 λατρεύοντες
2724 4159 2967 4228 καθαρῶς
3017 4161 3111 4214 τὴν
3161 4155 3301 4214 ζωήν
3349 4152 3514 4213 καλῶς
3572 4150 3941 4226 ἐξεμέτρησαν,

2343 4251 2470 4301 Θεὸν
2501 4245 2578 4298 ἀεὶ
2615 4249 2715 4319 πρὸ
2774 4245 3048 4317 ὀφθαλμῶν
3097 4247 3324 4316 ἔχοντες,
3399 4246 3490 4293 καὶ
3544 4249 3657 4311 Θεῷ
3707 4242 3773 4292 τὰ
3831 4239 3940 4291 κατ’

2341 4336 2525 4396 αύτούς
2574 4333 2908 4408 ἀναρτῶντες,
2961 4338 3049 4386 καὶ
3091 4335 3255 4406 τούτῳ
3303 4337 3402 4384 πᾶν
3461 4329 3795 4395 ἀνατιθέντες,
3859 4336 3942 4379 xui

2342 4421 2414 4476 δι’
2451 4425 2606 4476 αὐτὸν
2626 4428 2924 4498 προχείρως
2953 4423 3086 4494 ἄγαν
3115 4425 3182 4473 τὰ
3212 4424 3476 4494 προσόντα
3528 4426 3636 4481 τοῖς
3689 4416 3937 4492 βουλομέ-

582 4515 640 4566 et
678 4527 785 4566 sua
815 4511 1021 4566 omnia
1071 4512 1185 4583 ipsi
1230 4518 1668 4576 consecrantes,
1711 4515 1806 4569 cui
1848 4518 2040 4569 totum
2081 4514 2234 4569 fere-

580 4598 730 4655 bant
758 4604 1093 4670 acceptum,
1136 4605 1191 4655 et
1220 4604 1462 4672 prOpter
1493 4616 1675 4673 quem
1715 4601 1988 4658 fortunas
2031 4618 2238 4658 omnes

581 4687 1029 4761 promptissime
1060 4689 1592 4745 communicabant
1622 4690 2034 4763 poscentibus.

652 4781 701 4832 8.
735 4777 885 4842 Quid
917 4782 1118 4833 autem
1166 4777 1366 4833 bonus
1421 4785 1836 4835 remunerator
1879 4780 2033 4836 Deus
2063 4782 2091 4838 ?
2119 4785 2227 4839 Ma-

2415 4777 2486 4836 η’.
2520 4781 2582 4830 Τί
2610 4784 2732 4848 γοῦν
2764 4778 2789 4828 ό
2816 4775 3012 4847 ἀγαθὸς
3058 4770 3466 4849 μισθαποδότης
3503 4776 3630 4836 Θεός
3656 4790 3670 4840 ;
3732 4771 3944 4843 Μεγάλαι

583 4882 704 4938 gna
717 4867 995 4921 extremis
1007 4882 1339 4933 reservans,
1365 4868 1757 4939 temporibus,
1778 4885 2070 4939 magnum
2091 4871 2227 4944 quid

2344 4865 2422 4919 ἐπ’
2478 4865 2718 4938 ἐσχάτων
2781 4868 3062 4936 ταμιεύων,
3139 4863 3344 4936 μεγάλῳ
3403 4860 3669 4916 κάνταῦθα
3734 4863 3945 4920 τούτους

581 4957 830 5028 largitus
869 4956 951 5011 eis
975 4956 1104 5014 fuit.
1138 4956 1364 5012 Etenim
1413 4957 1695 5016 diuturna
1735 4958 2082 5015 laborantes
2131 4967 2227 5016 ste-

2346 4951 2664 5028 δεδώρηται.
2709 4959 2810 5007 Καὶ
2861 4957 2959 5028 γὰρ
3013 4955 3208 5006 τέθεικε
3259 4957 3508 5025 πατέρας,
3569 4953 3805 5025 μακρούς
3839 4946 3939 5008 ἤδη

581 5047 792 5102 rilitate
824 5050 880 5102 et
907 5045 1176 5101 sobolem
1208 5047 1338 5116 jam
1369 5046 1470 5101 diu
1514 5046 1925 5120 desperantes,
1957 5056 2227 5122 parentes

2343 5048 2569 5119 χρόνους
2593 5049 2686 5102 τὴν
2713 5039 2966 5096 ἀπαιδίαν
2995 5039 3423 5113 δυστυχοῦντας,
3454 5045 3544 5092 xui
3607 5045 3700 5097 τήν
3759 5049 3943 5093 τέκνω-

584 5137 796 5206 effecit,
836 5143 893 5192 et
925 5136 1171 5209 quidem
1215 5135 1498 5192 mascula?
1553 5137 1738 5210 prolis
1788 5144 2085 5210 parentes,
2155 5145 2227 5196 ta-

2346 5152 2427 5185 σιν
2452 5137 2508 5185 τὸ
2558 5133 2789 5194 παντελὲς
2837 5131 3223 5192 ἀπελπίσαντας
3273 5147 3285 5158 ·
3339 5133 3428 5181 καὶ
3478 5133 3678 5201 πατέρα
3739 5127 3941 5203 ἄρρενός

581 5224 772 5298 lisque
791 5225 896 5280 ﬁlii
919 5241 1102 5298 quem
1143 5225 1324 5280 simul
1349 5241 1486 5281 cum
1520 5226 1729 5283 Gratiis
1752 5233 1961 5282 natum
1988 5229 2122 5300 quis
2150 5228 2235 5284 di-

581 5314 748 5381 xerit,
773 5329 844 5368 eo
873 5313 1040 5386 quod
1064 5330 1186 5370 non
1209 5313 1403 5370 solum
1433 5313 1566 5370 illos
1583 5330 1619 5370 a
1636 5316 1947 5388 praeteritae
1970 5315 2234 5372 infecun-

2339 4534 2442 4575 νοις
2467 4517 2805 4588 παρέχοντες.

2346 5152 2427 5185 σιν
2452 5137 2508 5185 τὸ
2558 5133 2789 5194 παντελὲς
2837 5131 3223 5192 ἀπελπίσαντας
3273 5147 3285 5158 ·

2342 5242 2396 5274 τε
2419 5219 2633 5286 παιδὸς,
2692 5227 2782 5274 xui
2841 5222 3049 5274 αύτοθεν
3104 5220 3257 5281 εὐθὺς
3319 5221 3748 5292 συγγπνηθέντος
3786 5215 3942 5288 (εἶπεν

2341 5312 2400 5363 οἶν
2429 5313 2526 5381 τις)
2589 5319 2704 5372 ταῖς
2754 5313 2979 5386 Χάρισιν
3039 5325 3053 5340 ο
3107 5308 3212 5381 οὐχ
3259 5309 3339 5360 ὅτι
3383 5315 3508 5380 γοῦν
3562 5315 3653 5366 τῆς
3702 5311 3945 5382 προτέρας

2339 5483 2598 5539 Chosroe
2616 5485 2672 5536 et
2699 5479 2831 5535 ﬁliis
2865 5480 3016 5550 ejus,
3059 5477 3380 5550 imperium
3398 5475 3651 5535 Orientis
3673 5479 3936 5552 ereptum

653 5482 1255 5562 (4)Videtur_anctor,
1295 5448 1695 5562 veluti_ex__sui
1759 5483 2047 5562 temporis
2093 5501 2227 5562 usu,
2336 5483 2490 5562 ghos

2336 5556 2526 5610 Persis
2551 5556 2888 5610 tenuerunt.

576 5554 947 5627 honoratiori
995 5557 1306 5627 Persarum
1322 5554 1732 5627 appellatione
1783 5554 2114 5610 Saracenos
2144 5557 2229 5611 di-

575 5625 768 5699 gnari,
810 5630 874 5681 ut
907 5626 1012 5696 qui
1054 5627 1186 5706 jam
1235 5625 1386 5680 inde
1418 5625 1504 5682 ab
1555 5640 1719 5707 anno
1759 5628 1885 5695 628,
1927 5627 2222 5688 exstincto
