4032 6308
121 329 238 381 821
1345 323 1417 377 IN
1451 319 1513 378 's.
1552 315 1713 379 IOAF

1917 321 2284 380 lASCENUM.
3401 315 3509 370 822

123 452 220 505 ἐπὶ
259 461 328 525 τῇ
371 458 644 524 πειρώσει
694 450 862 511 λύπης
922 449 1238 524 ἀφαιρεῖται,
1298 447 1425 500 ἀλλά
1479 454 1568 501 καὶ
1599 450 1714 502 πλεί

1932 451 2059 506 tatis
2092 449 2372 505 maestitia
2408 447 2702 517 liberavit,
2750 461 2963 502 verum
3005 444 3185 500 etiam
3233 442 3524 515 jucundi.

125 562 264 602 στης
304 539 414 600 ἤδη
469 549 567 602 τῆς
603 541 854 612 εὐθυμίας
907 538 1218 611 ἐμπίπλησι,
1284 546 1346 610 τῇ
1406 546 1498 590 τοῦ
1536 559 1717 610 γεγενη

1924 545 1972 594 te
1999 555 2185 612 quam
2216 539 2484 593 maxima
2513 535 2799 609 implevit,
2848 535 3148 602 insignem
3199 531 3278 587 ab
3325 531 3516 603 ipsius

123 636 290 703 μένου
320 630 372 694 ἐξ
413 631 573 693 αὐτῆς
622 627 854 705 προόδου
921 627 1136 700 καλλονῇ
1180 647 1234 679 τε
1285 633 1373 679 καὶ
1435 632 1715 702 ὡραιότητι

1922 630 2000 685 eri
2041 646 2288 700 egressu
2349 629 2602 683 formam
2637 626 2836 681 vultus
2903 630 3082 696 atque
3153 621 3514 691 elegantiam

120 725 188 772 τὸ
217 729 319 772 τοῦ
345 722 501 780 ἤθους
554 719 604 781 ἐς
655 724 816 771 νέωτα
856 723 1077 790 κόσμιόν
1119 736 1173 769 τε
1230 722 1317 769 xui
1374 723 1559 790 χαρίεν
1619 715 1712 770 δοὺ

1924 718 2193 782 inferens,
2227 718 2388 773 unde
2420 717 2505 772 eis
2542 716 2802 771 dabatur
2851 713 3116 780 occasio,
3172 709 3514 780 augurandi

121 809 317 871 αὐτοῖς
353 807 826 883 προφοιϐάζεσθαι.
879 808 966 860 Ἐκ
1011 808 1260 858 τοιούτων
1310 810 1335 857 ό
1383 811 1544 877 μέγας
1592 808 1713 861 οὗτο

1916 823 2004 863 ene
2031 808 2106 862 de
2133 823 2200 862 ea
2219 823 2341 879 qua
2369 806 2629 862 adultior
2645 802 3042 876 complendus
3072 805 3250 868 esset,
3272 815 3508 858 morum

118 902 456 968 γεγέννηται,
512 896 566 948 ἐκ
619 899 866 956 τοιαύτης
931 897 957 947 6
998 897 1130 956 θεῖος
1185 897 1386 968 καρπὸς
1433 905 1524 956 τῆς
1587 897 1710 970 ῥίζη

1920 897 2039 952 atia
2063 912 2134 952 ac
2159 901 2483 952 venustate.
2528 898 2612 949 lta
2661 894 2921 963 genitus,
2977 889 3330 946 lustralibus
3366 903 3510 944 mox

116 986 582 1061 τετελεσφόρηται,
644 985 699 1037 ἐκ
771 988 1035 1037 τοσούτων
1071 989 1166 1042 τὴν
1224 983 1408 1057 ἀρετὴν
1461 987 1487 1036 6
1544 989 1706 1045 ταύτη

1916 986 2026 1040 ldis
2054 1001 2160 1058 per
2197 985 2574 1057 baptismum
2605 987 2918 1054 purgatur.
2976 982 3021 1037 0
3068 978 3222 1034 ﬁdes
3285 977 3508 1049 genito-

115 1074 486 1150 ἀπαράμιλλος
549 1075 911 1149 προελήλυθεν.
974 1069 1190 1130 Ἐπειδὴ
1254 1070 1312 1125 δὲ
1367 1079 1454 1125 καὶ
1518 1075 1706 1147 προελὴ

1919 1073 2011 1128 ml
2043 1089 2082 1128 o
2111 1073 2379 1128 sincerus
2411 1071 2570 1126 zelus
2597 1071 2608 1125 !
2643 1086 2679 1125 ο
2710 1085 2882 1126 amor
2915 1068 3152 1124 fervens
3194 1080 3337 1134 erga
3395 1065 3506 1119 Do.

112 1164 268 1228 λυθε,
337 1168 583 1240 παραυτά
653 1172 727 1234 τῷ
803 1163 1138 1236 βαπτίσματι
1212 1164 1602 1233 καθαγνίζεται.
1664 1164 1704 1216 "S

1909 1159 2112 1217 inum!
2149 1165 2274 1217 Non
2308 1161 2629 1216 timuerunt
2666 1159 2924 1230 impium
2962 1154 3306 1228 praesidem,
3375 1169 3501 1212 non

116 1254 291 1313 ζήλου
322 1258 510 1326 γονέων
541 1254 552 1308 Ῐ
579 1255 626 1304 ’ὦ
655 1259 875 1314 πίστεως
908 1251 1222 1324 ἀκραιφνοῦς
1278 1251 1289 1304 l
1359 1253 1400 1302 ὧ
1468 1249 1708 1326 διαπύροι

1911 1251 2226 1320 agistratus
2252 1255 2354 1306 aut
2373 1265 2586 1305 eorum
2607 1248 2912 1304 ministros
2933 1244 3351 1310 formidarunt,
3376 1258 3503 1298 non

115 1344 344 1419 φίλτρου
365 1347 490 1418 πρὸς
519 1347 707 1414 Κύριον
741 1341 753 1396 Ξ
783 1342 894 1394 Ούκ
923 1345 1133 1416 ἔτρεσαν
1162 1344 1249 1392 τόν
1303 1340 1462 1399 ἀσεϐῆ
1535 1338 1700 1395 δεσπό

1904 1339 2309 1396 rationabilem
2329 1339 2492 1408 vulgi
2514 1336 2902 1403 dementiam,
2927 1350 3052 1391 non
3073 1334 3266 1405 gentis
3303 1347 3496 1389 vecor-

111 1451 238 1499 την,
292 1433 352 1484 οὐ
425 1436 542 1492 τοὺς
598 1431 646 1483 ἐν
696 1431 825 1484 τελει
861 1436 950 1482 καὶ
1001 1433 1304 1502 συνάρχους
1363 1431 1607 1499 ἔπτηξαν,
1667 1451 1703 1483 o:

1901 1444 2001 1484 am
2027 1429 2461 1484 exhorruerunt
2493 1446 2505 1482 :
2538 1442 2660 1482 non
2679 1426 2905 1496 glorias,
2937 1422 3489 1495 nonpecuniarum,

113 1519 154 1574 δ
157 1527 305 1593 ἡμου
332 1521 562 1592 ἀλογίαν,
605 1521 697 1573 οὐκ
727 1523 897 1581 ἔθνους
955 1518 1200 1571 ἀπόνοιαν
1257 1514 1550 1571 ἐδειλίασαν
1611 1541 1622 1552 ·
1665 1540 1705 1572 οι

1898 1535 1956 1574 ω
1995 1517 2336 1590 multiplicis
2367 1518 2427 1572 in
2476 1516 2738 1589 speciem
2775 1513 3161 1570 beatitudinis
3191 1513 3490 1569 rationem

111 1606 287 1672 δόξης
333 1613 654 1682 ἐφρόντισαν,
709 1609 768 1661 οὐ
798 1611 1111 1684 χρημάτων,
1163 1607 1258 1659 οὐκ
1310 1605 1459 1658 όλϐου
1523 1607 1700 1660 πολυει

1895 1608 2192 1676 ibuerunt,
2230 1607 2462 1664 nullum
2500 1607 2764 1678 denique
2801 1621 3010 1660 earum
3047 1620 3248 1659 rerum
3284 1617 3487 1674 respe—

110 1695 268 1763 δούς,
321 1695 532 1760 οὐδενός
571 1699 746 1760 ἁπλῶς
801 1707 898 1749 τῶν
947 1704 1052 1757 τοῖς
1097 1696 1299 1755 πολλοῖς
1352 1701 1469 1768 περὶ
1533 1696 1702 1748 πολλοι

1889 1714 2014 1766 um,
2041 1713 2176 1769 quae
2207 1696 2370 1768 apud
2399 1695 2720 1767 plerosque
2748 1694 2811 1750 in
2841 1707 3068 1762 magno
3098 1696 3240 1746 sunt
3257 1691 3481 1760 pretio:

103 1792 487 1859 τυγχανόντων
537 1790 738 1847 τούτοις
816 1785 1138 1858 ἀμωσγέπως
1217 1783 1459 1856 ἐμέλησεν
1519 1806 1531 1817 ·
1594 1784 1695 1837 ἀλλι

1894 1786 1935 1841 d
1955 1788 2256 1843 honorum
2283 1786 2559 1842 omnium
2589 1784 2840 1857 privatio
2868 1780 3385 1845 contemnebatur,
3420 1784 3485 1835 ut

101 1885 212 1927 τῶν
253 1878 462 1928 πάντων
501 1879 530 1933 ἡ
593 1881 841 1948 στέρησις
894 1877 963 1935 ως
1014 1870 1166 1926 οὐδὲν
1225 1875 1570 1947 ὑπερεωράτο,
1628 1894 1693 1925 κα

1886 1875 1994 1930 .hili
2023 1876 2354 1930 damnum:
2375 1879 2431 1929 et
2451 1872 2647 1929 solum
2666 1870 2942 1944 placendi
2970 1873 3088 1926 Deo
3114 1868 3478 1924 desiderium

99 1971 264 2037 μόνος
325 1967 351 2017 6
390 1973 482 2017 τοῦ
536 1973 672 2018 Θεοῦ
715 1966 876 2025 πόθος
931 1969 1262 2038 προετιμᾶτο,
1329 1967 1420 2014 καὶ
1473 1962 1691 2038 λαμπρὼ

1882 1964 2056 2019 mctis
2088 1964 2267 2019 rebus
2292 1961 2737 2034 prmferebatur.
2767 1959 3002 2016 Nullam
3053 1957 3232 2028 igitur
3280 1957 3474 2012 consi-

97 2056 440 2128 προετίθετο..
520 2051 688 2106 Οὐδὲν
774 2049 862 2105 οὖν
915 2054 1038 2124 ὅπερ
1113 2051 1406 2125 ὑπεθραξαν
1462 2051 1684 2109 ἀναϐολή

1880 2055 1916 2107 is
1945 2053 2069 2108 suis
2103 2067 2338 2108 moram
2369 2051 2794 2108 dilationemve
2821 2050 3288 2120 interponentes,
3341 2062 3472 2106 san-

96 2161 223 2195 τινα
290 2148 381 2195 καὶ
451 2145 726 2214 ὑπέρθεσιν
809 2141 1148 2213 ἐμπεποίηκεν
1201 2162 1213 2173 ·
1271 2139 1376 2192 ἀλλ’
1433 2139 1487 2203 ἐξ
1553 2141 1683 2199 αύτῆ

1886 2141 2235 2199 iticaverunt
2270 2156 2524 2213 puerum
2553 2139 2753 2195 statim
2810 2154 2882 2194 ac
2928 2142 3108 2194 natus
3151 2136 3298 2205 fuit;
3354 2151 3478 2192 non

99 2232 266 2284 αὐτόν
296 2234 526 2302 ἡγίασαν
570 2241 665 2291 τῆς
714 2235 960 2302 γενέσεως
1017 2226 1331 2301 ἀναφανδὸν,
1385 2230 1491 2301 οὐχ
1547 2232 1617 2291 ὡς
1667 2250 1691 2282 ο

1884 2231 2001 2287 cuti
2020 2231 2119 2287 alii
2148 2237 2286 2287 ante
2314 2231 2480 2303 ipsos
2503 2229 2847 2285 clanculum
2888 2227 2950 2283 id
3005 2226 3312 2296 facientes,
3369 2225 3476 2282 sed

97 2324 208 2392 πρὸ
238 2320 412 2372 αὐτῶν
468 2320 637 2391 λάθρα
683 2315 836 2371 τοῦτο
895 2315 1318 2393 διεργασάμενοι,
1383 2320 1558 2389 ἔμοιγε
1623 2314 1688 2370 δο

1882 2320 2162 2391 rOpalam,
2188 2321 2368 2392 idque
2399 2333 2658 2390 superno
2683 2319 2772 2387 (ut
2815 2317 2964 2372 mihi
3013 2317 3284 2388 quidem,
3313 2315 3474 2370 vide-

98 2417 234 2474 κεῖν,
289 2414 381 2460 καὶ
424 2409 615 2461 ἀνωθεν
659 2409 730 2470 εἰς
777 2415 929 2460 τοῦτο
986 2412 1424 2479 κατεπειγόμενοι.
1463 2408 1556 2459 “Ov
1611 2410 1690 2481 γαί

1885 2409 1943 2477 .r)
1966 2409 2249 2465 instinctu
2277 2409 2444 2464 moti.
2477 2409 2662 2472 Quem
2702 2406 2862 2462 enim
2920 2408 3074 2461 Deus
3103 2409 3477 2476 praenoverat

97 2503 430 2572 προέγνωκεν
460 2499 486 2548 6
525 2501 674 2567 Θεός,
729 2503 820 2549 καὶ
881 2500 1013 2570 πρὸς
1066 2501 1151 2548 τόν
1207 2505 1303 2559 τῆς
1358 2496 1543 2549 ἑαυτοῦ
1589 2496 1689 2570 πόῤ

1880 2513 2001 2570 :que
2027 2514 2064 2554 a
2085 2498 2268 2567 longo
2298 2503 2638 2568 temporum
2682 2493 2991 2551 intervallo
3019 2493 3099 2550 ad
3128 2509 3250 2549 suae
3281 2492 3472 2549 Eccle-

98 2588 272 2660 ῥωθεν
365 2588 624 2658 ἀφώρισεν
740 2585 1053 2647 Ἐκκλησίας
1145 2589 1522 2660 καταρτισμὸν,
1619 2588 1690 2637 ούπ

1882 2602 1926 2641 ne
1946 2587 2386 2658 reparationem
2420 2585 2847 2650 destinaverat,
2869 2598 2992 2639 non
3022 2583 3332 2639 tolerasset
3349 2597 3474 2638 non

101 2675 354 2745 ἠνέσχετ’
399 2673 459 2726 ἂν
508 2671 576 2732 δὴ
633 2675 824 2727 αὐτίκα
859 2682 932 2744 τῷ
969 2676 1233 2746 προελθεῖν
1271 2676 1688 2744 καθαγνισθῆναι

1881 2676 2025 2731 atim
2056 2682 2120 2730 ut
2145 2675 2362 2748 prodiit
2391 2673 2769 2742 sanctiﬁcari,
2795 2678 2854 2729 et
2882 2672 3062 2729 simul
3109 2677 3288 2744 atque
3353 2671 3473 2743 spi-

99 2769 196 2814 xui
242 2764 360 2834 οἶμα
408 2771 478 2834 τῷ
518 2761 835 2816 ἀναπνεῦσαι
899 2761 1306 2833 ἀναγεννηθῆναί
1335 2782 1389 2814 τε
1441 2769 1531 2814 καὶ
1587 2763 1691 2815 ἀνα·

1880 2781 1951 2820 σε
1982 2765 2162 2837 coepit
2195 2780 2319 2820 non
2364 2763 2703 2834 regenerari
2753 2761 3150 2834 praestantiori
3201 2760 3472 2834 quodam

99 2853 407 2911 πλασθῆναι
440 2858 534 2912 τὴν
583 2859 801 2927 κρείττω
850 2873 904 2906 τε
936 2858 1026 2904 καὶ
1079 2855 1338 2926 θειοτέραν
1371 2852 1691 2924 ἀναγέννησιτ

936 2858 1026 2904 καὶ
1079 2855 1338 2926 θειοτέραν
1371 2852 1708 2924 ἀναγέννησιν
1820 2853 2222 2922 generationis
2251 2853 2456 2909 modo.
2493 2878 2499 2885 -

91 2948 189 2995 xui.
220 2941 532 2996 ἀνάπλασιν.

170 3115 240 3206 θῗ,
271 3114 408 3206 ᾊλλ’
434 3111 614 3172 ἐπειδὴ
664 3120 756 3206 τὴν
790 3114 1041 3190 βρεφικὴν
1098 3115 1460 3206 παραμείψας.
1519 3119 1708 3188 ὡραῖος
1738 3151 1762 3206 ί

1889 3123 1940 3174 9.
1973 3120 2306 3200 Postquam
2329 3119 2663 3174 infantilem
2718 3123 3178 3190 praetergressus
3234 3119 3471 3172 aetatem

91 3203 164 3252 ὧν
198 3201 458 3274 ἐτύγχανε
485 3208 574 3255 καὶ
617 3201 960 3268 παιδεύσεως,
1018 3205 1112 3256 οὐκ
1166 3201 1378 3257 ἀπείδον
1441 3206 1489 3256 οἱ
1530 3225 1683 3277 σεμνο

1887 3225 2093 3275 armes,
2133 3196 2483 3264 institutioni
2540 3208 2720 3279 coepit
2779 3210 3048 3262 maturus
3104 3205 3310 3274 videri,
3370 3206 3474 3262 ho-

91 3296 405 3365 γεννήτορες
458 3297 549 3344 καὶ
618 3295 885 3346 θεσπέσιοι
950 3300 1017 3354 εἰς
1068 3291 1411 3364 παιδοτρίϐας
1480 3313 1682 3367 σωματι

1881 3298 1965 3352 :sti
1987 3299 2116 3369 ejus
2147 3297 2222 3352 ad
2233 3297 2610 3369 mirandique
2632 3300 2906 3369 parentes
2928 3310 3052 3351 non
3073 3300 3473 3367 rexpexerunt

95 3384 248 3448 κους,
309 3383 378 3441 ὡς
434 3379 494 3432 ἂν
535 3382 560 3432 ό
617 3390 736 3441 παῖς
774 3382 948 3442 αὐτοῖς
1001 3383 1196 3455 εὐφυῶς
1258 3381 1508 3440 ἀσκήσειε
1559 3383 1687 3445 τόξοτ

1874 3387 1892 3442 l
1911 3387 2311 3460 corporalium
2329 3387 2822 3442 exercitationum
2843 3386 3182 3456 magistros,
3203 3400 3466 3457 quorum

96 3469 594 3540 μεταχειρίζεσθαι,
625 3474 714 3521 καὶ
752 3471 998 3532 καθάπαξ
1056 3475 1174 3543 περὶ
1231 3473 1409 3542 μάχας
1459 3476 1548 3523 καὶ
1607 3491 1688 3524 πο-

1875 3493 1960 3532 ira
1995 3477 2153 3532 ﬁlius
2214 3492 2358 3531 suus
2404 3476 2546 3532 scite
2587 3479 2860 3531 tractaret
2891 3490 3097 3531 arcum
3131 3478 3187 3529 et
3240 3473 3467 3530 bellica:

93 3555 288 3627 λέμους
313 3552 607 3628 εὐδοκιμεῖν
650 3579 662 3590 ο
715 3557 820 3609 ἀλλ’
859 3556 984 3611 οὐδὲ
1033 3563 1156 3619 τοὺς
1221 3559 1306 3611 ἐπὶ
1367 3567 1474 3622 τοίς
1525 3581 1683 3632 γυμνι

1877 3566 2014 3620 oriae
2046 3564 2470 3637 conquirenda:
2502 3569 2824 3634 aptaretur,
2849 3562 3151 3619 decertare
3181 3562 3334 3619 inter
3354 3579 3469 3636 pu-

95 3652 210 3704 κοῖς
253 3648 610 3716 γυμνάσοντας
650 3644 848 3718 ἀγῶσιν
905 3648 1187 3718 ἐζήτησαν,
1247 3651 1316 3710 ὡς
1367 3649 1426 3699 ἂν
1467 3645 1533 3707 δὴ
1575 3670 1681 3722 πυγ

1876 3654 1960 3710 les
1982 3654 2234 3724 discens,
2269 3659 2372 3708 aut
2400 3653 2662 3708 stadium
2710 3651 2824 3708 levi
2879 3651 3033 3724 pede
3097 3667 3468 3724 percurrere,

96 3738 205 3805 μὴν
245 3731 684 3809 παιδοτριϐηθείη
742 3733 1173 3808 διαγωνίζεσθαι,
1228 3741 1429 3810 κούφως
1475 3757 1528 3790 τε
1579 3740 1688 3790 essu

1881 3759 1983 3798 sco
2021 3742 2246 3805 ludere,
2302 3742 2517 3797 saltare
2562 3742 2810 3810 agiliter,
2865 3756 3179 3796 conserere
3222 3756 3465 3808 manus,

94 3828 188 3875 τόν
221 3819 454 3888 δίαυλον,
493 3830 581 3876 καὶ
613 3821 872 3878 δισκεύειν
903 3827 1146 3899 εὐχερῶς,
1206 3833 1295 3879 καὶ
1353 3825 1569 3900 δόλιχον
1617 3830 1686 3880 οἷλ·

1875 3831 2225 3886 [versarium
2253 3830 2642 3902 supplantare
2681 3835 2860 3900 atque
2914 3833 3324 3900 prosternere:
3361 3829 3467 3884 sed

90 3911 302 3976 λεσθαι,
350 3913 380 3970 ἡ
413 3918 502 3965 καὶ
564 3913 701 3987 ωάλη
763 3919 884 3977 τοὺς
943 3917 1008 3976 είς
1054 3925 1243 3988 χεῖρας
1298 3917 1461 3977 ἰόντας
1520 3913 1674 3980 δεξιὼ

1872 3919 2189 3976 uerebatur
2202 3918 2570 3990 paedagogus
2587 3918 2862 3983 idoneus,
2879 3917 2983 3990 qui
2997 3918 3170 3972 sciret
3192 3917 3464 3973 animum

89 4000 435 4052 καταϐάλλειν
466 4007 554 4054 καὶ
603 4009 880 4078 νικηφόρος
928 4003 1245 4057 ἀνίστασθαι
1275 4022 1287 4034 ·
1319 4004 1424 4056 ἀλλ’
1470 4005 1681 4066 ἐζητεῖτε

1873 4009 2091 4078 colere,
2123 4024 2334 4063 ornare
2365 4023 2605 4079 corpus,
2662 4013 2718 4061 et
2772 4011 3095 4078 utrumque
3141 4006 3465 4062 admovere

87 4085 383 4150 παιδευτὴς
421 4088 726 4164 ἀξιόχρεως,
759 4094 814 4155 ὃς
853 4092 911 4143 ἀν
952 4090 1113 4152 εἰδείη
1175 4095 1542 4167 ῥυθμίσασθαι
1592 4094 1679 4165 ψυ-

1871 4115 1950 4163 εο,
1981 4103 2160 4170 atque
2187 4114 2258 4153 ex
2280 4103 2511 4153 terreno
2542 4097 2784 4152 homine
2813 4095 3147 4166 angelicum
3168 4096 3463 4170 quiddam

89 4183 225 4248 χὴν,
285 4188 557 4250 κοσμῆσαι
616 4189 786 4253 σῶμα,
855 4187 944 4233 καὶ
1003 4190 1116 4253 Θεῷ
1189 4193 1555 4257 παραστῆσαι,
1609 4205 1676 4235 κα

1918 4188 2155 4243 cmleste
2214 4188 2496 4243 formare.
2567 4187 2839 4255 Magister
2893 4186 3275 4257 quaerebatur
3329 4202 3463 4242 vere

90 4265 273 4326 ἁπλῶς
304 4265 414 4318 ἀντὶ
450 4271 672 4339 χθονίου
731 4280 1070 4329 καταστῆσαι
1124 4269 1394 4342 ἀγγελικόν
1448 4293 1565 4324 τινα
1610 4293 1678 4325 κα

1871 4276 2172 4331 -ofuturus.
2211 4276 2315 4331 sed
2346 4275 2590 4347 qualem
2620 4275 2965 4330 inveniendi
2996 4290 3136 4347 spes
3164 4275 3331 4331 nulla
3359 4292 3463 4347 ap-

89 4355 356 4428 οὖρὼδιον.
395 4356 659 4418 Ἐζητεῖτο
689 4361 777 4429 μὲν
835 4358 974 4420 ἄξιος
1021 4356 1311 4421 παιδευτὴς
1353 4383 1364 4394 ·
1435 4359 1542 4412 ἀλλ’
1610 4365 1681 4413 οὗ·

1868 4366 2061 4422 irebat
2089 4383 2100 4420 :
2136 4381 2381 4437 prorsus
2412 4366 2570 4420 enim
2603 4363 2840 4419 diﬂicile
2870 4369 2996 4420 erat
3041 4365 3298 4437 reperire
3351 4364 3460 4420 ali-

90 4463 280 4515 μενουν
319 4444 425 4515 οὐχ
464 4447 730 4520 εὑρίσκετο
761 4464 772 4476 ·
826 4444 886 4505 ἦν
916 4451 1017 4522 γὰρ
1075 4455 1163 4502 καὶ
1211 4449 1467 4512 παντελῶς
1506 4452 1682 4523 ἀποροῖ

96 4532 123 4554 1,
216 4530 413 4554 0-4,91,
434 4552 444 4554 μ
515 4525 518 4528 ’
609 4538 617 4547 ·
708 4534 817 4554 "n‘.\
998 4533 1020 4554 ﬂ
1175 4536 1203 4554 Δ
1294 4542 1301 4551 ι
1412 4538 1429 4554 κ
1455 4543 1462 4551 υ
1648 4541 1660 4549 -

1871 4471 1992 4511 lem
2021 4455 2172 4510 inter
2198 4455 2491 4511 barbaros
2547 4453 2730 4510 Graeci
2769 4454 3029 4525 peritum
3059 4455 3373 4521 sermonis,
3406 4459 3463 4510 et

91 4532 142 4584 ἐν
210 4530 499 4605 βαρϐάροις
568 4538 654 4585 τόν
708 4534 929 4593 Ἕλληνα
985 4533 1376 4610 διηκριϐωκότα
1412 4538 1560 4610 λόγον
1614 4541 1683 4590 εύ-

1891 4543 2091 4599 medio
2120 4544 2442 4616 impiorum
2463 4543 2731 4598 nancisci
2757 4543 2970 4613 virum,
3001 4544 3104 4616 qui
3126 4543 3461 4600 secundum

92 4627 225 4694 ρείν,
268 4626 358 4673 καὶ
395 4626 552 4693 μέσον
601 4621 798 4676 ἀσεϐῶν
852 4623 1005 4699 ἀνδρὶ
1053 4631 1186 4678 κατά
1224 4631 1350 4680 Θεὸν
1401 4628 1555 4688 ζῶντι
1611 4649 1684 4681 πε·

1868 4650 1995 4689 eum
2029 4633 2231 4688 vivens
2261 4633 2556 4687 sutﬁceret
2583 4633 2814 4688 homini
2845 4633 2925 4689 ad
2952 4633 3203 4689 meliora
3247 4633 3460 4706 perdu-

90 4716 358 4780 ριτυχεῖν,
390 4715 479 4762 καὶ
539 4714 695 4782 ἱκανῷ
723 4732 783 4782 γε
818 4717 948 4788 πρὸς
977 4713 1060 4766 ἐπὶ
1083 4718 1280 4775 τούτοις
1319 4712 1438 4776 ἦθος
1495 4719 1682 4789 ἀνθρω-

1871 4721 2214 4777 ιηάοῬᾶῐθτ
2241 4721 2420 4791 igitur
2448 4723 2653 4793 (quem
2712 4721 2909 4777 acrius
2965 4722 3092 4778 haec
3147 4722 3463 4795 torquebat

93 4817 200 4850 πον
239 4802 371 4870 πρὸς
400 4803 456 4851 τό
495 4809 727 4873 κρεῖττον
769 4809 858 4854 καὶ
899 4805 1147 4877 θειότερον
1194 4803 1425 4876 ἀγαγεῖν.
1459 4806 1554 4858 Ἦν
1611 4803 1685 4858 οὗ]

1862 4811 1977 4881 ira)
2006 4810 2272 4866 haerebat
2291 4810 2635 4880 ambiguus,
2653 4815 2708 4865 et
2728 4825 2940 4865 omnes
2953 4810 3187 4882 imperii
3217 4811 3454 4878 Persici,

91 4888 118 4938 6
150 4891 329 4960 πατὴρ
357 4885 404 4937 ἐν
444 4887 683 4964 ἀπορίᾳ(
714 4894 876 4962 τούτῳ
905 4895 1022 4966 -γάρ
1083 4893 1272 4964 μᾶλλον
1321 4896 1350 4951 ἡ
1385 4900 1500 4966 περι
1543 4892 1683 4947 τοῦδε

1862 4931 1863 4952 ξ
1898 4915 2019 4970 quo
2039 4903 2271 4970 poterat
2298 4898 2850 4970 plurimum,partes
2891 4898 3176 4968 lustrans,
3209 4898 3454 4969 indaga-

91 4980 308 5047 φροντὶς
374 4974 654 5046 ἐνέκειτο),
727 4985 816 5031 καὶ
897 4984 1030 5032 οὕτω
1109 4985 1356 5035 πάντοθεν
1439 4982 1683 5051 ἀνεζήτει1

1858 4993 1910 5043 at
1937 5003 2084 5043 num
2115 4986 2332 5042 alicubi
2349 4987 2646 5057 ejusmodi
2669 4987 2979 5042 hominem
2999 4987 3207 5043 venari
3228 4993 3450 5058 posset.

89 5064 187 5115 οἶτε
218 5064 303 5116 ἐπὶ
332 5067 508 5127 πάσης
570 5067 772 5139 ἰσχύων
828 5078 924 5130 τῆς
983 5069 1154 5144 ἀρχῆς
1209 5072 1406 5143 μεγάλα
1463 5079 1681 5145 Περσῶν1

1864 5093 1961 5131 eus
1990 5075 2246 5143 interim,
2294 5077 2396 5146 qui
2459 5091 2620 5147 saepe
2678 5092 2748 5131 ex
2796 5075 3106 5130 contrariis
3160 5077 3456 5132 contraria

85 5155 180 5203 καὶ
213 5155 516 5224 πανταχόθι
553 5159 747 5218 ταύτης
799 5167 1126 5232 περιφοιτών,
1183 5165 1274 5210 καὶ
1323 5163 1408 5211 τὸν
1464 5169 1677 5213 τοιοῦτοτ

1864 5170 2086 5220 rocurat
2115 5169 2171 5220 et
2219 5181 2313 5219 res
2369 5165 2668 5219 humanas
2707 5163 3038 5220 rationibus
3087 5163 3330 5220 occultis
3379 5165 3456 5223 ab

88 5241 382 5312 ἀνιχνεύων
407 5244 518 5295 ὅθεν
550 5243 608 5294 ἆν
647 5250 737 5296 xui
781 5247 1089 5315 θηράσαιτο.
1141 5256 1270 5310 Θεος
1301 5244 1360 5300 δὲ
1395 5251 1518 5322 ἄρα,
1550 5252 1574 5301 6
1604 5247 1680 5301 διέ

1868 5259 1925 5309 to
1965 5259 2271 5326 temperat,
2314 5255 2493 5309 etiam
2529 5253 2834 5320 negotium
2882 5251 3036 5307 istud
3098 5253 3458 5326 disponebat

88 5340 193 5383 τῶν
224 5329 461 5382 ἐναντίων
487 5335 551 5384 τά
591 5331 794 5386 ἐναντία
834 5336 1115 5408 οἰκονομῶν
1179 5342 1267 5389 καὶ
1311 5337 1484 5408 λόγοις
1541 5337 1680 5413 ἀπορη

1868 5340 2120 5411 .pienter,
2155 5346 2333 5413 atque
2349 5341 2477 5412 jam
2506 5341 2738 5412 pridem
2765 5357 2795 5396 e
2843 5340 3190 5414 longinquis
3243 5344 3460 5400 mundi

89 5423 268 5495 ῥήτοις
309 5415 560 5491 διεξάγων
590 5425 654 5474 τά
705 5423 821 5476 καθ’
867 5426 1003 5496 ἡμᾶς
1069 5426 1280 5495 ἄνωθεν,
1335 5432 1424 5477 καὶ
1471 5431 1533 5478 τά
1580 5433 1681 5500 περὶ

1866 5428 2076 5484 irtibus
2086 5430 2434 5503 accersebat
2455 5430 2660 5496 virum,
2683 5431 2854 5499 juxta
2869 5430 3259 5487 intentionem
3287 5449 3458 5489 men-

92 5511 286 5561 τούτου
342 5518 511 5581 σοφῶς
551 5506 783 5576 διετίθει,
839 5519 928 5566 καὶ
979 5513 1238 5589 πόρρωθεν
1280 5517 1563 5573 συνήλαυνε
1609 5521 1684 5569 τόν

1867 5519 2031 5588 sejus
2059 5536 2071 5573 :
2098 5523 2219 5574 arte
2246 5519 2405 5574 enim
2449 5517 2717 5590 quadam
2754 5534 3047 5593 recessus
3097 5521 3158 5576 in
3203 5524 3459 5594 speciem

95 5600 236 5650 κατά
267 5599 536 5670 πρόθεσιν,
559 5605 648 5652 καὶ
675 5605 943 5684 μαχρόθεν
991 5613 1227 5682 προσῆγε
1264 5609 1351 5657 τόν
1393 5625 1528 5658 κατα
1567 5604 1687 5681 1302’)-

1867 5606 2090 5663 intrarii
2120 5623 2285 5673 usus,
2321 5605 2664 5678 providerat
2708 5622 2832 5679 quo
2879 5607 3064 5666 modo
3113 5609 3168 5665 ei
3215 5609 3459 5682 largire-
