4032 6308
1730 286 2189 361 CONSTANTINI
2221 285 2708 373 ACBOPOLI'I‘E.

3808 302 3919 361 8,,
3986 320 3987 323 γ

535 435 636 492 tur
660 426 901 503 idquod
914 428 1223 501 tantopere
1233 421 1624 485 desiderabat
1650 440 1664 479 :
1687 420 1976 499 quisnam
1989 419 2193 479 autem

2314 421 2473 503 tuo-tv,
2505 419 2596 473 καὶ
2637 418 2851 491 τρόποις
2905 414 3214 497 διῳκονόμιι
3260 427 3700 501 παραχωρήσεως
3756 427 3915 481 ἐπεν-

538 519 717 583 fuerit
731 518 830 577 hic
841 515 1083 585 modus,
1112 513 1334 575 audite.

620 721 702 775 t0.
742 713 964 773 Posteri
992 712 1222 773 ancillas
1258 714 1436 784 Agar,
1482 710 1588 785 qui
1630 709 1831 768 liberas
1885 711 2041 767 Sara
2084 722 2194 766 no-

540 821 680 866 men
703 805 815 863 sibi
856 804 1064 862 nescio
1111 817 1237 878 quo
1274 802 1408 875 jure
1452 803 1916 874 usurpaverunt,
1969 798 2195 873 quique

539 895 695 954 servi
713 894 1088 966 exsistentes,
1116 897 1411 967 tanquam
1460 905 1643 948 servae
1691 888 1798 947 ﬁlii
1850 893 1911 946 et
1963 886 2197 945 servilia

539 987 801 1060 cogitare
822 984 996 1058 soliti,
1030 998 1268 1058 semper
1290 982 1449 1040 circa
1476 980 1760 1038 dominos
1783 994 1988 1053 pravas
2028 992 2196 1036 men-

540 1080 638 1146 tis,
671 1081 729 1134 et
778 1075 967 1134 animi
1019 1089 1163 1146 erga
1208 1073 1388 1131 heros
1441 1070 1705 1146 improbi
1759 1071 2190 1144 apparuerunt,

539 1182 665 1228 nou
687 1166 834 1225 satis
861 1161 1277 1223 babueruntin
1300 1164 1570 1219 Romano
1587 1159 1842 1233 imperio
1860 1172 2195 1231 occupasse

538 1259 829 1336 pleraque
857 1253 1110 1314 Orientis
1136 1252 1289 1320 loca,
1323 1256 1382 1308 et
1408 1251 1797 1307 dominorum
1833 1252 2069 1323 sceptra
2091 1264 2195 1305 ve-

540 1352 852 1409 hementer
868 1342 1267 1412 imminuisse,
1298 1340 1408 1399 sed
1435 1339 1679 1414 reliquis
1702 1339 1885 1397 etiam
1921 1337 2198 1414 partibus

542 1438 864 1502 inhiantes,
925 1432 1244 1491 consilium
1307 1430 1609 1488 iniverunt
1671 1428 1966 1486 insulares
2017 1431 2198 1502 atque

542 1526 877 1586 maritimas
939 1520 1122 1579 urbes
1180 1524 1240 1577 et
1293 1520 1572 1591 regiones
1638 1516 1943 1576 invadere.
2000 1516 2202 1576 Classe

541 1615 724 1688 igitur
751 1611 934 1671 delati
960 1608 1392 1684 percurrebant
1416 1607 1682 1665 littoreas
1711 1607 1997 1677 civitates,
2027 1611 2087 1664 et
2113 1606 2201 1663 in-

545 1705 817 1763 colarum
842 1700 1306 1772 accolarumque
1370 1697 1593 1755 multos
1645 1696 1819 1754 vivos
1857 1696 2198 1770 capiebant,

2302 500 2534 566 δοκῆσαι
2559 509 2751 580 τουτῳί
2802 509 2868 564 τὰ
2896 513 3027 587 πρὸς
3083 514 3253 587 ἔφεσιν
3287 530 3299 544 ·
3330 518 3422 570 καὶ
3471 516 3581 578 οἶος
3608 517 3637 570 ό
3692 520 3909 594 τρόπος,

2301 613 2429 650 ακου
2437 614 2561 650 σατε
2567 633 2582 650 ο

2373 703 2430 760 ι’.
2463 705 2530 758 Οἱ
2559 713 2656 768 τῆς
2685 703 2875 771 δούλης
2903 708 3073 787 Ἀγαρ
3132 709 3399 785 ἀπόγονοι,
3430 719 3520 769 καὶ
3565 718 3665 775 τὴν
3726 714 3784 769 ἐκ
3819 724 3911 776 τῆς

2301 791 2571 867 ἐλευθέρας
2846 798 2944 852 οὐκ
2996 795 3101 855 οἷδ’
3157 803 3291 865 ὅπως
3346 801 3735 879 (ἐπωνυμίαν)
3792 824 3915 879 σφε-

2299 884 2651 958 τερισάμενοι,
2681 881 2863 941 δοῦλοί
2890 906 2944 943 τε
2993 892 3129 952 ὄντες
3174 893 3246 954 ὡς
3266 889 3322 944 ἐκ
3384 888 3581 957 δούλης
3610 896 3913 966 τυγχάνον-

2300 990 2384 1035 τες
2436 976 2527 1027 καὶ
2571 976 2638 1027 τὰ
2686 983 2786 1030 τῶν
2852 972 3052 1032 δούλων
3113 987 3311 1056 φρονεῖν
3362 983 3598 1055 ἔχοντες,
3653 988 3752 1045 καὶ
3808 983 3912 1037 αἰεί

2300 1080 2407 1123 πως
2455 1067 2574 1137 περὶ
2628 1066 2746 1126 τούς
2793 1071 3008 1141 κυρίους
3058 1065 3246 1124 δύσνοι
3296 1076 3570 1144 πεφηνότες
3625 1077 3725 1126 καὶ
3778 1077 3908 1149 πρός

2302 1154 2420 1213 τοὺς
2481 1148 2746 1218 δεσπότας
2825 1162 2999 1227 κακοὶ,
3060 1158 3157 1213 οὐκ
3230 1158 3442 1235 ἀρκετόν
3488 1159 3741 1235 ἐνόμισαν

2304 1242 2555 1317 ἡμετέρας
2626 1251 2727 1296 τῶν
2802 1244 3066 1320 Ῥωμαίων
3140 1247 3313 1323 ἀρχῆς
3370 1257 3473 1303 τῶν
3511 1253 3644 1326 πρός
3718 1252 3787 1305 ἔω
3842 1254 3911 1305 τὰ

2303 1330 2526 1387 πλεῖστοι
2572 1339 2948 1407 κατασχόντες,
2996 1342 3085 1392 καὶ
3152 1340 3220 1393 τὰ
3246 1347 3349 1392 τῶν
3400 1337 3672 1395 δεσποτῶν
3731 1342 3795 1394 οὗ
3824 1362 3914 1415 με.

2305 1425 2459 1494 τρίως
2487 1430 2735 1499 σκῆπτρα
2760 1426 3072 1498 μειώσαντες
3103 1448 3117 1464 ·
3176 1426 3285 1481 ἀλλ’
3323 1426 3432 1489 ἤδη
3491 1435 3583 1484 καὶ
3630 1433 3769 1484 κατὰ
3809 1438 3915 1484 τῶν

2305 1511 2495 1565 λοιπῶν
2575 1521 2744 1589 μερῶν

2307 1600 2576 1676 παραλίων

2845 1514 3176 1589 ἐμελέτησαν,
3285 1528 3385 1573 τῶν
3509 1519 3722 1574 ἐναλίων
3818 1527 3915 1575 καὶ

2676 1606 3117 1683 κατεπιχέιρῆσαι
3233 1608 3427 1664 πόλεων
3533 1615 3624 1664 καὶ
3723 1620 3917 1684 κωμῶν

2309 1688 2700 1746 ἐϐουλεύσαντο.
2752 1696 3237 1760 Νεναυστοληκότες
3311 1693 3399 1752 οὖν
3454 1704 3775 1775 κατέτρεχον
3847 1704 3919 1753 τα

542 1807 805 1869 quorum
827 1787 1231 1862 aliosquidem
1242 1784 1854 1861 perimebautgladio,
1870 1801 2057 1860 quam
2070 1785 2202 1859 plu-

2314 1779 2559 1869 παράλια,
2615 1788 2707 1835 καὶ
2770 1783 2991 1848 πολλοὺς
3052 1788 3143 1860 μὶν
3213 1786 3496 1861 ἐζώγρουν,
3557 1792 3797 1862 συχνοὺς
3855 1785 3919 1842 δι

542 1882 731 1941 rimas
754 1894 899 1938 vero
927 1875 1336 1950 subjiciendus
1373 1875 1564 1949 pretio
1623 1873 2036 1933 crudelissime
2083 1874 2203 1931 dis-

541 1969 882 2040 trahebant,
922 1970 1244 2041 Postquam
1271 1968 1474 2023 autem
1519 1964 1663 2033 (heu
1706 1964 2198 2036 calamitatem!)

542 2058 720 2119 malis
739 2059 920 2117 tantis
940 2071 1015 2114 ex
1038 2055 1227 2114 animi
1250 2054 1548 2112 sententia
1582 2053 1852 2127 patratis,
1893 2052 2201 2111 redierunt

539 2149 621 2208 ad
646 2164 779 2214 sua,
809 2162 951 2205 cum
979 2145 1280 2203 immensa
1333 2158 1524 2218 quam
1567 2143 1946 2201 adduxerant
1998 2143 2199 2213 turba,

540 2238 686 2313 quia
710 2235 972 2294 vendere
998 2249 1215 2291 omnes
1243 2247 1369 2290 non
1411 2235 1691 2306 poterant
1727 2233 1901 2303 (nam
1956 2230 2202 2305 plurimi

539 2341 679 2384 cum
700 2328 921 2394 essent,
944 2337 1172 2394 magno
1183 2325 1387 2379 tamen
1397 2321 1591 2394 pretio
1605 2320 2006 2393 taxabantur),
2019 2319 2202 2377 simul

540 2414 852 2472 universos
869 2411 1262 2468 decreverunt
1273 2407 1663 2481 jugulandos.
1687 2409 1978 2467 Fortassis
1997 2413 2199 2468 autem

538 2504 656 2561 hoc
683 2500 917 2559 consilii
937 2499 1278 2566 sumebant,
1309 2497 1454 2571 quia
1470 2513 1574 2555 eos
1596 2498 1888 2569 magistro
1909 2514 2020 2555 suo
2040 2513 2205 2555 exse-

540 2588 939 2649 crabilissimo
954 2586 1293 2644 lahometh
1306 2584 1615 2643 malebant
1629 2585 2203 2653 saeritlcare,coutra

539 2681 635 2739 fas
662 2677 909 2752 quidem
934 2678 1168 2733 naturm
1196 2674 1406 2741 acturi,
1456 2674 1726 2749 aliquam
1766 2681 1968 2733 tamen
2019 2677 2200 2734 etiam

539 2770 603 2828 in
631 2768 748 2826 hoc
769 2766 1064 2827 rationem
1096 2768 1417 2840 sequentes
1445 2782 1460 2821 :
1494 2763 1793 2839 siquidem
1822 2765 1921 2823 ille
1975 2765 2201 2824 diaboli

540 2859 622 2918 ab
650 2858 820 2919 initio
855 2855 1174 2914 homicida
1228 2854 1562 2929 discipulus
1617 2855 2003 2930 imitatorque
2050 2856 2200 2913 dum

541 2949 786 3015 viveret,
818 2945 1138 3004 lmtabatur
1168 2944 1440 3003 cmdibus
1479 2946 1868 3020 permisitque
1907 2945 2200 3016 occidere,

542 3044 649 3098 aut
674 3037 875 3113 potius
913 3039 1212 3110 praecepto
1246 3036 1399 3095 inter
1442 3040 1715 3110 posteros
1743 3035 2073 3094 inviolabili
2102 3034 2201 3093 de-

2309 1868 2486 1942 ξίφους
2509 1872 2658 1945 ἔργον
2715 1870 2936 1941 ἐτίθουν,
2984 1874 3262 1940 πλείστους
3315 1872 3377 1930 δε
3434 1881 3527 1930 καὶ
3578 1876 3917 1951 ἀπεμπόλουν

2308 1957 2727 2031 τιμιουλκοῡντες
2783 1960 3254 2036 ἀσυμπαθέστατα.
3306 1965 3444 2020 Ἐπεὶ
3493 1963 3554 2020 δε
3599 1986 3749 2036 ποτε,
3809 1967 3918 2041 βα-

2307 2047 2397 2101 ϐαὶ
2443 2056 2710 2124 συμφορᾶς
2761 2049 2958 2117 ἐκείνης
2987 2052 3092 2108 ῑτὰ
3150 2050 3296 2109 δεινὰ
3330 2063 3502 2110 ταῦτα
3549 2059 3686 2110 κατά
3746 2059 3916 2131 θυμόν

2306 2135 2675 2209 ἐκτελέσαντες,
2708 2146 2799 2195 καὶ
2853 2145 3043 2197 νόστου
3097 2146 3440 2218 μνησάμενοι,
3498 2145 3781 2209 πλείστους
3832 2148 3918 2200 ὅτι

2306 2231 2425 2289 τοὺς
2464 2227 2836 2302 ξυλληφθέντας
2896 2230 3179 2305 ἀνήγαγον,
3237 2236 3433 2296 πάντας
3479 2231 3787 2290 ἀποδόσθαι
3838 2240 3913 2310 μὴ

2308 2320 2535 2391 ἔχοντες,
2589 2319 2787 2374 πολλῶν
2854 2341 2911 2375 τε
2975 2327 3130 2377 ὄντων
3205 2343 3295 2378 και
3340 2323 3535 2378 πολλοῦ
3584 2330 3914 2401 τιμωμένων,

2309 2416 2481 2481 σφαγῇ
2538 2406 2839 2470 συλλήϐδην
2888 2409 3222 2489 παραδοῦναι
3290 2412 3660 2487 βεϐούλευνται
3715 2432 3730 2448 ’
3766 2419 3915 2490 τὰχα

2305 2515 2366 2569 γε
2408 2505 2484 2569 τῷ
2550 2502 2775 2574 σφετέρῳ
2849 2499 3018 2554 αὐτῶν
3068 2498 3380 2575 διδασκάλῳ
3458 2512 3532 2575 τῷ

2308 2588 2556 2659 Μωοίμεθ,
2614 2593 3048 2662 προσαγηοχέναι
3110 2590 3442 2665 προελόμενοι
3482 2594 3691 2667 θύματα
3756 2615 3771 2629 ·
3826 2600 3916 2646 καὶ

2310 2674 2520 2738 εἰκότως
2549 2676 2669 2750 ἄρα,
2698 2677 2742 2731 εἰ
2787 2682 2879 2732 καὶ
2920 2681 3069 2755 παρὰ
3106 2683 3165 2733 τό
3204 2679 3338 2743 εἰκός
3368 2689 3461 2742 τῆς
3520 2683 3721 2755 φύσεως
3760 2681 3917 2737 ἐϐου-

2306 2762 2560 2818 λεύσαντο
2606 2782 2620 2797 ·
2673 2774 2767 2820 τοῦ
2820 2770 2923 2843 γὰρ
3013 2767 3439 2845 ἀνθρωποκτόνου
3495 2775 3659 2825 Σατάν
3707 2775 3917 2846 μύστης

2309 2853 2378 2904 ὧν
2426 2852 2613 2917 ἐκεῖνος
2664 2860 2752 2910 καὶ
2809 2862 3067 2931 μιμητὴς,
3125 2863 3297 2933 φόνοις
3349 2879 3405 2914 τε
3455 2865 3644 2934 περιὼν
3698 2859 3917 2934 ἐγαννύ-

2313 2960 2485 3011 σκετο,
2526 2948 2712 2997 καὶτὸ
2770 2949 2992 3019 φονεύειν
3054 2943 3358 3017 ἐνδέδωκεν,
3399 2948 3429 3008 ἣ
3483 2948 3696 3023 μᾶλλον,
3736 2952 3812 3013 ὧς
3868 2970 3920 3003 τι

2310 3038 2411 3083 τῶν
2462 3030 2785 3105 ἀμεταθέτων
2840 3034 3145 3097 ἐντέταλται,
3178 3038 3352 3114 ὥσπερ
3395 3034 3463 3098 δὴ
3511 3043 3601 3092 καὶ
3665 3045 3771 3093 πᾶν
3817 3042 3918 3093 ἓτε-

541 3126 854 3186 mandavit
881 3125 1439 3201 ;quemadmodum
1495 3125 1661 3182 aliud
1716 3140 1962 3201 quoque
2009 3125 2202 3183 scelus

2314 3139 2402 3197 ρον
2429 3118 2600 3194 ἐναγες
2635 3120 2984 3198 ἀπαραϐάτως
3014 3122 3309 3200 δεδίδαχεν
3336 3124 3572 3186 ἐκτελεῖν.

540 3231 723 3275 omne
750 3215 1166 3274 incunctanter
1190 3214 1396 3271 docuit
1423 3218 1790 3288 perpetrare.

618 3328 702 3381 tt.
734 3323 919 3395 Igitur
937 3322 1019 3379 ad
1066 3321 1293 3379 easdem
1317 3324 1372 3377 et
1409 3321 1769 3378 sacrificium
1819 3322 2206 3381 adduceban-

543 3418 643 3472 tur
668 3412 971 3484 myriades
991 3410 1259 3480 integr-te,
1280 3410 1551 3484 interque
1573 3427 1676 3468 eos
1701 3411 1864 3469 velut
1922 3428 2079 3470 unus
2132 3413 2207 3470 de

543 3501 729 3572 vulgo
758 3498 1172 3557 aestimabatur
1190 3499 1463 3573 quidam,
1489 3501 1564 3557 ad
1591 3500 1806 3559 eadem
1828 3518 1965 3558 cum
1981 3503 2208 3560 castoris

544 3587 797 3648 ferenda
816 3587 1160 3656 damnatus,
1193 3588 1297 3662 qui
1318 3604 1476 3644 unus
1509 3587 1629 3646 dici
1659 3594 1889 3662 poterat
1910 3593 2209 3663 pretiosus

547 3677 763 3736 mundi
798 3678 1114 3734 thesaurus
1135 3681 1193 3734 et
1216 3676 1469 3748 dignum
1494 3682 1785 3736 terrarum
1831 3679 1993 3736 orbis
2033 3697 2209 3739 orna-

546 3770 839 3839 mentum,
870 3765 987 3831 ille,
1018 3766 1291 3839 inquam.
1318 3766 1422 3840 qui
1444 3767 1784 3825 secundum
1816 3770 2002 3825 Deum
2030 3784 2091 3826 se
2112 3785 2203 3826 or-

549 3860 805 3915 naverat
831 3857 1099 3921 Cosmas,
1120 3856 1212 3912 vir
1240 3861 1297 3913 et
1326 3861 1570 3913 externa
1615 3858 1909 3931 sapientia
1938 3858 2208 3929 insignis,

552 3951 611 4005 et
632 3961 705 4004 ea
735 3960 872 4022 quas
919 3944 1252 4003 domestica
1306 3952 1393 4003 est
1443 3945 1620 4004 nobis
1669 3947 2209 4021 incomparabilis:

551 4034 659 4110 qui
688 4050 828 4092 cum
854 4050 890 4091 a
911 4034 1142 4091 mundo
1162 4035 1521 4103 recessisset,
1552 4035 1703 4093 inter
1718 4035 1992 4093 homines
2019 4052 2090 4094 ex
2113 4037 2215 4093 Dei

552 4122 803 4182 oonsilio
820 4123 1089 4181 viventes
1118 4124 1648 4197 conscriptus,non
1666 4123 1863 4182 solum
1894 4141 2032 4181 cum
2067 4124 2214 4198 ipsis

555 4211 671 4269 cito
694 4212 854 4268 venit
875 4211 934 4268 in
958 4214 1089 4268 vitae
1116 4228 1477 4286 morumque
1495 4214 1859 4283 societatem,
1882 4229 2214 4288 eorumque

555 4301 801 4357 virtutes
827 4300 1082 4372 perfecte
1118 4302 1415 4373 aequavit;
1447 4317 1654 4358 verum
1698 4302 1879 4359 etiam
1906 4302 2091 4373 longo
2130 4304 2214 4376 ip-

558 4402 658 4445 sos
686 4388 1012 4461 prmcelluit
1072 4388 1404 4452 intervallo,
1471 4390 1816 4465 propositus
1869 4392 2098 4448 cunctis
2151 4395 2215 4447 ut

2389 3318 2480 3370 ια’.
2509 3318 2740 3392 ’Λπῆγον
2770 3317 2857 3374 οὖν
2898 3326 3189 3398 μυριοστάς
3245 3322 3382 3396 ὅλας,
3441 3323 3519 3399 ἐφ’
3557 3322 3597 3399 ᾧ
3663 3344 3721 3399 γε
3793 3346 3922 3400 σφα·

2315 3408 2504 3479 γιάσαι
2540 3413 2630 3462 καὶ
2688 3411 2875 3464 θυσίαν
2938 3413 3098 3466 θεῖναι
3154 3421 3227 3486 τῷ
3284 3420 3484 3484 Σατανᾷ
3516 3436 3529 3449 ·
3584 3413 3713 3467 ἀλλὰ
3760 3427 3923 3476 συνῆν

2318 3494 2548 3564 ἐκείνοις,
2580 3503 2670 3552 καὶ
2707 3508 2807 3553 τῶν
2854 3500 3050 3555 πολλῶν
3090 3503 3160 3566 εἷς
3220 3501 3513 3575 ἐνενόμιστο
3555 3508 3645 3556 καὶ
3674 3506 3741 3557 τὰ
3792 3505 3926 3557 αὐτὰ

2322 3584 2874 3661 συγκαταδεδίκαστο,
2930 3595 3133 3665 κόσμου
3201 3594 3463 3668 θησαυρός
3510 3590 3806 3670 ἀξιόχρεως
3838 3598 3925 3647 καὶ

2320 3674 2624 3749 οἰκουμένης
2699 3676 2841 3742 ἀξιον
2953 3678 3155 3744 ἀληθῶς
3232 3680 3653 3755 ὴκαλλὼπισμα,
3739 3681 3928 3743 ἐκεῖνος

2320 3765 2472 3828 οὗτος
2501 3768 2526 3818 ὁ
2577 3769 2713 3820 κατά
2773 3773 2901 3822 Θεόν
2958 3769 3139 3822 ἑαυτὸν
3176 3776 3454 3843 κοσμήσας
3500 3777 3747 3844 Κωσμᾶς,
3797 3770 3924 3845 ἀνὴρ

2321 3859 2415 3914 τὴν
2437 3853 2576 3918 ἐκτός
2609 3861 2792 3930 σοφίαν
2840 3858 2999 3921 πολὺς
3055 3863 3144 3912 καὶ
3208 3865 3302 3919 τὴν
3350 3859 3488 3921 ἐντός
3535 3866 3625 3913 καὶ
3671 3862 3925 3936 ἠμετεραν

2323 3942 2650 4016 ἀξύμϐλητος
2688 3968 2700 3980 ·
2757 3947 2811 4011 ὃς
2849 3946 3269 4025 ἀποκεχωρηκὼς
3322 3954 3525 4023 κόσμου
3575 3954 3665 4002 καὶ
3723 3969 3927 4023 συγκα-

2320 4033 2551 4106 ταλεγεὶς
2591 4032 2821 4112 ἀνδράσι
2874 4037 3009 4098 ζώσι
3061 4041 3198 4092 κατά
3251 4042 3379 4091 Θεὸν
3445 4037 3493 4090 ἐν
3552 4043 3745 4112 μετρίῳ
3788 4042 3923 4093 πάνυ

2322 4131 2394 4196 τῷ
2417 4128 2595 4199 χρόνῳ
2624 4125 2730 4197 οὐχ
2776 4126 2859 4179 ὅτε
2905 4146 2966 4199 γε
2997 4131 3150 4201 σφίσι
3210 4125 3569 4200 συνημιλλὴθη
3620 4133 3711 4181 καὶ
3766 4127 3923 4205 ἀκρι-

2323 4212 2427 4275 ϐὡς
2452 4218 2545 4272 τὴν
2574 4212 2756 4288 ἀρετὴν
2782 4213 3026 4289 ἐξισὼθη,
3070 4215 3197 4269 ἀλλά
3253 4216 3421 4288 πολλῷ
3459 4236 3561 4269 τινι
3617 4224 3690 4289 τῷ
3748 4223 3921 4294 μέτρῳ

2320 4307 2410 4355 καὶ
2448 4301 2813 4378 ὑπερϐέϐληκε,
2872 4310 2962 4359 καὶ
3024 4308 3187 4369 τύπος
3247 4306 3351 4358 οἷον
3406 4313 3498 4358 τοῦ
3554 4306 3668 4359 κατ’
3735 4314 3920 4382 ἀρετὴν

2322 4389 2609 4461 ίγκατίστη
2670 4389 2793 4464 βίον
2849 4398 2939 4445 καὶ
2975 4397 3141 4445 κανὼν
3177 4392 3583 4469 ἀπαρίγκλητος.
3645 4392 3778 4447 Ἀλλ’
3831 4395 3918 4447 οὐκ

558 4477 1032 4534 conversationis
1052 4476 1418 4550 perfectioris
1447 4478 1584 4535 idea
1627 4483 1807 4551 atque
1843 4481 2203 4553 irreprehen-

2321 4480 2567 4550 ἠγάπησε
2595 4484 2782 4553 τούτῳ,
2815 4476 2932 4534 οὐδ’
2984 4480 3194 4556 ἀρκετόν
3242 4481 3445 4555 ἐνόμισε
3479 4486 3538 4535 τό
3605 4487 3758 4555 μόνον
3810 4484 3920 4537 ism-

559 4564 750 4624 sibilis
771 4565 997 4639 regula.
1020 4570 1092 4624 At
1109 4581 1233 4624 non
1252 4567 1369 4625 hoc
1384 4584 1507 4625 uno
1527 4568 1635 4625 fuit
1651 4573 1984 4639 contentus,
2015 4587 2212 4647 neque

557 4655 702 4715 satis
729 4655 942 4714 habuit
976 4659 1207 4713 tantum
1234 4656 1497 4729 seipsum
1518 4656 1772 4728 dirigere
1805 4673 1875 4716 ac
1905 4661 2210 4734 propriam

554 4747 742 4807 vitam
767 4747 940 4819 juxta
968 4748 1067 4803 Dei
1095 4745 1467 4803 voluntatem
1495 4761 1896 4821 componere;
1922 4750 2031 4807 sed
2074 4751 2210 4808 vitae

554 4837 898 4896 communis
922 4835 1200 4893 homines
1220 4834 1575 4893 circumiens
1618 4837 1862 4895 eosdem
1907 4855 2116 4897 curare
2154 4846 2211 4898 et

554 4927 634 4985 ad
663 4930 849 4985 Deum
869 4926 1095 4983 studuit
1121 4939 1477 4998 promovere
1511 4943 1523 4981 :
1554 4930 1635 4993 ut,
1696 4927 1743 4983 si
1801 4928 1927 4984 fieri
1984 4935 2206 5001 posset,

554 5015 879 5073 abduceret
898 5031 1001 5072 eos
1027 5013 1106 5071 ab
1139 5013 1562 5086 indulgentiori
1593 5021 1651 5073 et
1677 5016 1992 5073 affectibus
2039 5033 2208 5074 man-

551 5105 750 5178 cipata
770 5120 840 5161 ac
870 5102 1087 5160 brutnli
1103 5105 1579 5167 conversatione.
1594 5110 1771 5179 atque
1786 5105 1864 5162 ad
1886 5106 2204 5163 honestum

550 5197 609 5252 et
636 5200 918 5254 ornatum
945 5192 1181 5251 vivendi
1211 5209 1401 5266 genus
1427 5193 1783 5263 traduceret,
1805 5195 1983 5268 quale
1999 5210 2206 5252 revera

546 5283 856 5341 hominem
888 5283 1194 5342 condecet.
1228 5284 1490 5358 Denique
1511 5299 1621 5340 suo
1641 5284 1951 5351 egrediens
2002 5299 2205 5341 mona-

550 5373 750 5443 sterio,
778 5378 837 5429 et
860 5371 938 5428 ab
960 5371 1124 5429 Italia
1159 5372 1344 5443 (unde
1395 5376 1520 5428 crat
1569 5371 1881 5442 oriundus)
1915 5372 2199 5429 recedens

549 5463 729 5532 atque
757 5458 1064 5516 ulteriores
1095 5459 1369 5530 regiones
1397 5475 1467 5516 ex
1519 5459 1726 5516 ordine
1772 5461 2198 5532 pertransiens,

546 5552 606 5604 et
634 5563 740 5622 per
764 5550 923 5604 viam
951 5553 1199 5605 cunctos
1243 5547 1543 5606 instruens
1581 5549 1655 5605 ad
1716 5549 2018 5606 saniorem
2067 5550 2200 5607 vitas

545 5640 805 5699 ferulam
824 5648 965 5696 cum
991 5637 1358 5713 pervenisset
1384 5637 1489 5695 ubi
1518 5638 1724 5712 piratas
1770 5637 1982 5697 facturi
2024 5645 2198 5699 erant

2320 4572 2407 4621 τόν
2461 4570 2721 4643 ῥυθμίσαι
2772 4576 2862 4622 καὶ
2911 4571 3006 4644 ζῇν
3063 4569 3348 4624 ἀπευθῦναι
3398 4574 3532 4623 κατά
3588 4576 3755 4625 Θεὸν·
3813 4572 3916 4624 ἀλλ’

2320 4654 2426 4718 ἤδη
2467 4664 2557 4711 καὶ
2585 4660 2706 4723 τούς
2744 4658 2792 4711 ἐν
2846 4657 2949 4733 βίῳ
3000 4669 3315 4736 περινοστῶν
3346 4659 3755 4714 ἐπισκέπτεσθαι
3802 4665 3917 4721 ἤθε-

2316 4746 2416 4820 λεν,
2477 4749 2547 4811 ὡς
2610 4747 2692 4820 ἂν,
2733 4753 2777 4801 εἱ
2837 4750 2944 4801 οἷον
3008 4768 3080 4815 τε,
3136 4758 3232 4812 τῆς
3288 4748 3673 4825 ἐμπαθεστέρας
3726 4752 3919 4812 πάντας

2315 4843 2403 4891 καὶ
2470 4834 2773 4901 κτηνὼδους
2833 4842 2972 4904 ζωῆς
3038 4838 3365 4905 ἀπαλλάξειε,
3403 4844 3493 4893 καὶ
3549 4843 3676 4913 πρὸς
3736 4841 3914 4916 εὐπρέ-

2314 4946 2463 4981 πειαν
2487 4929 2795 5000 μεταγάγοι,
2835 4932 2929 4985 τὴν
2960 4931 3026 4991 ὡς
3060 4925 3264 4990 ἀληθῶς
3321 4927 3573 5002 ἀνθρώπῳ
3648 4931 3913 4989 καθήκον-

2318 5035 2432 5071 σαν.
2465 5015 2668 5088 ’Λμέ)ει
2692 5035 2775 5069 τοι
2803 5021 2893 5068 καὶ
2918 5025 3013 5078 τῆς
3054 5024 3213 5089 μονῆς
3268 5015 3493 5092 ἀπάρας,
3549 5021 3639 5069 καὶ
3686 5025 3780 5078 τῆς
3819 5027 3914 5071 τῶν

2316 5104 2521 5159 Ἰταλῶν
2579 5104 2891 5180 ἐξορμήσας,
2957 5106 3069 5158 ὅθεν
3141 5107 3294 5158 ποθὲν
3351 5112 3442 5158 καὶ
3498 5110 3770 5177 γεγένητο,
3828 5112 3913 5159 καὶ

2313 5197 2379 5247 τὰ
2456 5194 2636 5267 ἑφεξῆς

2311 5290 2541 5360 κρεῖττον
2592 5289 2921 5357 μεταγαγὼν,
2975 5286 3173 5360 ὅπῃπερ
3231 5285 3280 5337 οἱ
3335 5288 3578 5358 πειραταὶ
3626 5282 3913 5360 ἐπεισφρῆ-

2314 5393 2406 5427 σαι
2464 5373 2680 5447 ἤμελλον
2737 5376 3039 5449 (χριμάτων
3104 5371 3467 5444 ἀκαταληψίας
3514 5375 3699 5444 Θεοῦ)
3756 5376 3909 5449 προῦ-

2308 5459 2431 5515 λαϐε
2477 5466 2700 5535 γεγονὼς
2782 5468 2872 5516 καὶ
2938 5461 3290 5525 ξυνείληπται.
3369 5467 3696 5535 Συναπὴγετο

2310 5559 2648 5624 συσφαγῆναι
2688 5552 3001 5624 συνεκλεγείς
3051 5572 3063 5585 ·
3098 5549 3205 5603 ἀλλ’
3258 5551 3350 5604 οὐκ
3404 5550 3644 5626 ἐτάραττε
3707 5557 3909 5605 τουτονὶ

2308 5642 2541 5712 θάύάτος,
2568 5632 2673 5715 ὄῦχ
2702 5646 2732 5701 ἠ
2776 5639 2854 5695 ἄπ’
2885 5635 3202 5713 ἀλλοδαπῆς,
3229 5645 3288 5697 τό
3338 5660 3397 5715 γε
3451 5637 3522 5701 δῆ
3576 5641 3688 5705 τοῖς
3747 5640 3904 5695 πᾶσιν

2720 5196 2923 5249 ἅπαντα
2995 5192 3168 5266 διιὼν,
3233 5197 3381 5267 τάχα
3420 5191 3479 5248 δε
3536 5199 3626 5247 καὶ
3675 5199 3810 5270 πρός
3860 5200 3913 5249 τό

3788 5471 3910 5534 γοῦν
