4032 6308
175 345 287 402 825

1395 344 1467 402 IN
1505 342 1563 401 s.
1602 312 1795 401 mari.
1836 339 2333 405 causam“.

3426 341 3540 403 .826

171 467 640 538 ἐιπευκταιότατον,
684 465 916 528 τελευτὴο
995 467 1063 522 ἐνὶ
1127 464 1188 524 δε
1269 470 1360 522 καί
1428 470 1568 542 μόνῳ
1641 468 1776 522 πάνυ

1887 466 2354 532 exscensionem,
2382 479 2457 524 ex
2473 464 3066 540 incomprehensibili
3098 467 3204 528 Dei
3227 467 3455 543 judicio
3473 470 3538 529 in

172 558 293 612 λίαν
320 558 597 628 λελύπητο,
626 559 717 612 καὶ
774 553 849 611 δι’
900 558 950 611 ἕν
1002 556 1330 627 ἐπαθαίνετο,
1387 562 1478 611 καὶ
1534 557 1661 632 ὑπερ
1718 558 1777 609 τὸ

176 645 300 702 δίον
333 647 406 721 (εἳ
452 666 514 721 γε
570 642 686 701 δίον
742 645 922 719 εἰπεῖν)
976 643 1324 722 ἐδυσχέραινέ
1365 665 1420 702 τε
1466 649 1558 700 καὶ
1599 643 1778 719 ἐχαλί-

172 755 329 790 παινε
396 734 718 809 (eamea;
794 736 1021 803 πάντως,
1113 735 1173 791 οὐ
1253 735 1583 810 φιλοτίμως),
1669 732 1777 787 ἀλλ’

174 823 323 898 εἶχεν
350 824 400 878 ἐν
432 823 727 902 ἀπορρητῳ’
755 827 889 900 πρὸς
909 824 963 879 ὃν
984 825 1079 879 οὐκ
1107 827 1246 899 ἔχων
1276 826 1459 882 εἰπεῖν.

1885 571 2096 614 eorum
2126 555 2333 614 incidit
2355 570 2593 628 manus,
2627 559 2684 613 et
2712 560 2926 630 captus
2953 555 3081 615 fuit.
3107 558 3295 617 Simul
3331 559 3538 635 itaque

1887 645 2206 712 abductus,
2222 660 2385 704 nunc
2413 646 2567 703 inter
2589 646 2899 718 jugulatos
2925 647 3421 707 assistebatmon
3449 653 3540 707 ta~

1885 750 2029 794 men
2058 750 2197 792 eum
2208 728 2609 794 conturbabat
2632 750 2796 793 mors
2815 751 3103 810 praesens,
3119 752 3378 812 eamque
3397 753 3536 811 per-

1887 838 2044 896 tegre
2091 824 2391 882 subeundi
2438 825 2784 897 necessitas,
2841 840 2978 905 quae
3034 825 3182 885 solet
3238 826 3538 901 imprimis

173 912 569 971 formidanda
589 912 781 971 videri
812 930 826 970 :
856 913 965 972 sed
992 929 1119 972 una
1156 930 1222 973 re
1248 913 1449 972 solum
1466 913 1646 972 valde
1674 910 2023 972 tristabatur
2055 917 2114 971 et
2136 913 2655 984 commovebatur,
2680 930 2752 972 ac
2789 928 2945 989 pene
2998 915 3156 975 ultra
3199 931 3388 989 quam
3433 916 3539 974 de~

171 1002 356 1062 eebat
381 1002 610 1061 ferebat
628 1002 879 1061 moleste
899 1002 1238 1077 (probitatis
1257 1007 1461 1062 tamen
1489 1003 1688 1078 potius
1715 1018 1904 1077 quam
1928 1002 2275 1061 ambitionis
2302 1002 2500 1063 studio
2525 1019 2660 1061 sese
2707 1003 3004 1077 afﬂigens,
3060 1006 3124 1064 id
3168 1006 3370 1080 ipsum
3422 1021 3535 1064 au-

170 1095 302 1151 tem
319 1092 381 1150 in
409 1092 667 1166 pectoris
686 1107 908 1151 arcano
932 1092 1195 1163 fovebat,
1224 1093 1371 1166 quia
1398 1092 1495 1150 cui
1512 1092 1770 1164 aperiret
1788 1107 1912 1149 non
1938 1092 2224 1150 habebat.

250 1198 450 1273 ιβ’.Ὠς
475 1196 535 1253 δε
559 1195 628 1259 δὴ
660 1204 750 1254 καὶ
783 1205 1145 1273 συναπειγοντο
1191 1204 1287 1259 τὴν
1338 1199 1425 1254 ἐπὶ
1482 1201 1684 1272 θανάτῳ
1728 1199 1777 1253 οἱ
1830 1246 1833 1249 .

175 1290 632 1362 συγκατάσχετοι,
672 1293 763 1342 καὶ
813 1296 920 1351 τοῖς
974 1287 1166 1343 ἐκείνου
1214 1294 1370 1343 ποσίν
1411 1288 1562 1352 ἄλλος
1626 1288 1776 1342 ἄλλον

170 1377 567 1453 πρσλαμϐάνειν
620 1374 878 1432 ἔσπευδον
925 1375 1426 1453 ἐπικυλινδούμενοι,
1489 1383 1579 1432 καὶ
1646 1379 1774 1452 ὑπερ

167 1474 269 1529 τῆς
312 1466 499 1521 ἐαυτοῦ
543 1471 803 1543 σωτηρίας
860 1464 1226 1529 δυσωποῦντες
1298 1469 1517 1529 ἐκαστος
1600 1468 1781 1538 συχνά

169 1564 278 1609 τῶν
308 1551 485 1610 ποδῶν
508 1554 842 1632 κατέρραινον
875 1552 1102 1631 δάκρυα,
1154 1553 1355 1620 ἰδόντες
1407 1557 1458 1609 οἱ
1515 1554 1776 1630 βάρϐαροι

169 1649 272 1705 τήν
327 1647 458 1721 πρὸς
502 1644 691 1699 ἐκεῖνον
719 1647 924 1699 πάντων
970 1645 1170 1700 ἐκείνων
1209 1643 1365 1710 αἰδῶ,
1398 1650 1490 1699 καὶ
1528 1647 1640 1719 ἅμα
1680 1649 1775 1704 τήν

170 1714 441 1810 διάπυρον
481 1738 693 1794 αἴτησιν
716 1736 837 1798 ἣτις
864 1731 1195 1789 ἀδιάπτωτον
1224 1735 1398 1810 ὥσπερ
1437 1738 1532 1794 τὴν
1564 1714 1776 1788 -ἐλπίδα
1810 1714 1850 1769 Β

175 1831 325 1897 σφῶν
359 1823 675 1898 ὕπενέφαινε,
727 1827 911 1898 σεμνὸν
966 1829 1056 1878 καὶ
1107 1823 1275 1888 ἄλλως
1324 1827 1382 1878 τό
1435 1820 1571 1886 εἶδος
1621 1828 1776 1898 ὀρῶν-

172 1933 282 1981 τες,
314 1912 412 1967 κᾶν
449 1921 542 1968 τοῦ
601 1916 759 1978 ἤθους
800 1922 1168 1979 κατανοοῦντες
1216 1912 1521 1988 σεϐάσμιον·
1590 1918 1673 1977 τίς
1723 1933 1777 1967 τε

174 2006 257 2062 εἴη
291 2005 646 2078 προήχθησαν
675 2003 904 2080 ἐρέσθαι,
944 2009 1035 2057 καὶ
1063 2005 1176 2057 ὅθεν
1226 2002 1449 2077 ἐσχήκει
1490 2007 1586 2063 τὴν
1639 2007 1777 2076 γένε-

176 2111 287 2161 σιν,
319 2095 405 2145 καὶ
433 2092 461 2146 ὃ
487 2111 536 2146 τι
648 2096 814 2165 τοὺτῳ
843 2095 902 2145 τὸ
933 2089 1280 2165 ἐπιτήδευμα,
1311 2091 1498 2151 κλῆσίν
1545 2110 1602 2144 τε
1650 2096 1777 2166 πρὸς

170 2184 402 2248 τοὺτοις,
431 2185 521 2234 καὶ
553 2182 681 2255 ὑπὲρ
725 2185 869 2243 τίνος
913 2180 1029 2256 (καὶ
1077 2181 1231 2243 αὐτὸς
1280 2188 1391 2243 τοῖς
1437 2180 1611 2244 ἄλλοις
1663 2180 1775 2235 ἐπί·

173 2290 278 2333 σης
334 2271 518 2344 [ἔχων]
568 2273 628 2324 τὸ
684 2269 739 2335 ἐξ
776 2269 1057 2345 ἀνθρώπων
1107 2271 1370 2344 γενέσθαι)
1437 2276 1595 2333 οὕτως
1673 2269 1773 2324 ἀπὸ

168 2359 363 2432 ψυχῆς
411 2362 713 2433 ποιοῦμενος
758 2364 1011 2433 φαίνεται,
1069 2363 1157 2413 τὸν
1208 2356 1416 2434 μονάδα
1464 2358 1581 2433 βίον
1636 2359 1778 2424 ἅπαξ

169 2448 410 2522 ἑλόμενος
438 2447 513 2519 (ἑκ
551 2452 654 2523 γὰρ
714 2457 810 2512 τῆς
868 2448 1119 2511 ἀναϐολῆς
1172 2453 1419 2511 συνιέντες
1471 2451 1617 2523 εἶχον
1679 2455 1775 2510 τήν

166 2537 464 2609 πολιτείαν)
512 2543 604 2591 καὶ
662 2536 910 2612 βίωτικὸν
973 2540 1111 2592 ἅπαν
1176 2537 1535 2613 ἀπεστραφὼς,
1613 2542 1775 2613 μόνης

169 2624 236 2680 δὲ
306 2635 399 2688 τῆς
454 2625 642 2681 ἐκεῖθεν
686 2626 876 2691 λήξεως
960 2625 1236 2701 ἐφιέμενος,
1321 2629 1471 2681 κάκεῖ
1538 2630 1775 2701 γενέσθαι

168 2720 298 2791 περὶ
348 2715 597 2769 πλείστου
649 2718 786 2770 πάνυ
832 2718 1115 2790 τιθέμενος·
1171 2712 1296 2770 οὐδὲ
1322 2719 1425 2790 γὰρ
1482 2713 1601 2771 οὐδ’
1634 2717 1775 2771 ἐλάν-

174 2808 301 2860 θανε
326 2808 448 2867 τούς
494 2805 790 2881 ἀλιτηρίους
829 2806 1074 2875 ἐκείνους,
1132 2807 1287 2860 ὁποία
1351 2809 1487 2860 κατὰ
1553 2807 1774 2861 εὐσεϐῶν

171 2897 205 2955 ἡ
239 2897 491 2969 πρόθεσις
520 2904 816 2968 μοναστῶν,
841 2900 931 2948 καὶ
961 2895 986 2949 ὂ
1012 2915 1065 2948 τι
1091 2914 1152 2967 γε
1181 2901 1335 2969 σφίσι
1384 2899 1443 2949 τὸ
1501 2893 1595 2950 διὰ
1642 2918 1773 2951 παν-

171 2989 264 3046 τός
289 2989 636 3058 σκοποὺμενον
670 2990 760 3038 καὶ
811 2986 1146 3058 ζητούμενον,
1200 2986 1301 3038 ὑπὸ
1340 2988 1500 3062 χεῖρά
1550 3006 1606 3041 τε
1654 2987 1776 3041 πολέ

170 3074 303 3137 λοὺς
355 3072 598 3135 πολλάκις
648 3072 1018 3143 συλλαϐόντας,
1080 3078 1170 3126 καὶ
1214 3076 1331 3127 τότε
1393 3071 1462 3134 δὴ
1545 3080 1777 3148 συχνοὺς

171 3164 317 3216 πάνυ
346 3166 739 3236 κατασχόντας,
779 3168 869 3217 καὶ
897 3159 1119 3225 παιδιᾶς
1148 3165 1310 3237 χάριν
1355 3164 1525 3237 (τάχα
1573 3161 1633 3218 δὲ
1687 3171 1777 3219 καὶ

168 3260 277 3305 τῶν
325 3253 582 3327 ἡμετέρων
650 3253 930 3328 εἰρωνείας)
1010 3253 1077 3304 τὰ
1122 3254 1235 3304 κατ’
1255 3251 1444 3315 αὐτοὺς
1500 3251 1777 3316 ἀνετάζον-

170 3361 296 3404 τας.
327 3345 429 3395 Καὶ
458 3340 512 3404 ὂς
542 3337 610 3400 δὴ
659 3339 799 3415 βαθὺ
857 3340 1101 3404 στένάξας
1146 3345 1235 3394 καὶ
1291 3344 1507 3414 μύχιον·
1542 3347 1643 3396 Καὶ
1689 3341 1776 3395 ἁλ-

168 3429 275 3493 λως
336 3432 425 3502 μὲν
475 3428 639 3506 ἐχρῆν
688 3428 1082 3503 ἀπαραμύθητα
1137 3428 1435 3497 λυπεῖσθαι,
1486 3435 1602 3493 τοὺς
1646 3432 1777 3504 ὁμο-

171 3521 336 3582 tam;
370 3521 579 3582 τούτους
633 3517 876 3592 βλέποντι
936 3524 1024 3572 καὶ
1079 3522 1366 3593 ὁμόφρονας
1421 3519 1776 3594 βοσκημάτων

174 3605 339 3666 δίκην
370 3606 729 3681 ἀπαγομένους
751 3611 878 3682 πρὸς
938 3613 1034 3668 τὴν
1100 3614 1329 3682 σφαγὴν·
1383 3615 1473 3663 καὶ
1529 3612 1666 3684 ὑμᾶς
1711 3618 1773 3683 τῇ

171 3696 409 3768 ἀπωλείᾳ
461 3706 600 3771 σφῶν
653 3697 1050 3772 ἐπιχαίροντας,
1113 3697 1417 3774 ἀνθρώπους
1472 3703 1618 3761 ὄντας
1688 3705 1778 3753 καὶ

170 3788 305 3860 ἡμῖν
333 3784 662 3850 ἐξίσηςϐἐοῡ
692 3788 1054 3859 τυγχάνοντας
1091 3786 1395 3859 πλάσματαο
1444 3787 1486 3840 εἰ
1541 3794 1628 3841 καὶ
1683 3793 1777 3847 τὴν

176 3877 464 3951 θρησκείαν
491 3872 893 3949 ἀντιδιῄρησθε,
927 3875 1204 3937 ὑποϐολαῖς
1250 3875 1405 3937 ὂντως
1452 3884 1543 3929 τοῦ
1610 3875 1778 3952 ἀρχε-

173 3968 344 4017 κάκου
401 3967 601 4033 σατάνρ
626 3969 682 4028 ὅς
734 3964 897 4019 πάλαι
948 3969 1038 4038 μιν
1106 3967 1240 4038 ἡμᾶς
1310 3963 1609 4033 ἀπατήσας,
1686 3974 1778 4019 τοὺ

176 4059 318 4107 Θεοῦ
342 4072 397 4106 τε
428 4049 696 4123 διέστηκε,
728 4059 819 4106 καὶ
860 4063 953 4115 τῆς
1001 4056 1137 4116 θείας
1187 4062 1387 4129 τρυφῆς
1427 4053 1779 4130 ἐξωστράκισε

174 4146 272 4195 καὶ
298 4141 365 4202 εἰς
406 4145 494 4194 τόν
540 4141 875 4214 κλαυθμῶνος
929 4139 1081 4195 τόνδε
1123 4151 1299 4216 χῶρον
1355 4150 1658 4216 κατῴκισενο
1720 4144 1778 4197 οὗ

171 4231 400 4284 παύεται
425 4225 486 4283 δε
510 4235 600 4283 καὶ
627 4238 716 4283 νῦν
747 4231 926 4302 εἰσέτι,
954 4235 1106 4304 φύσις
1153 4234 1183 4291 ἠ
1246 4236 1447 4308 πονηρά
1506 4237 1596 4285 καὶ
1651 4252 1781 4305 χαι-

166 4325 415 4394 ρέκακος,
468 4325 557 4372 καὶ
601 4316 828 4379 ἀλλήλων
894 4316 1193 4379 διασκηνῶν
1244 4327 1334 4374 καὶ
1405 4320 1781 4396 ἀπομακρύνων

1960 1204 2045 1257 t2.
2078 1202 2229 1257 Cum
2257 1214 2400 1270 ergo
2413 1200 2897 1275 concaptiviejus
2925 1216 3033 1276 per
3058 1203 3222 1260 viam
3254 1201 3535 1277 supplicii

1882 1288 2271 1362 rapiebantur
2282 1288 2362 1346 ad
2373 1292 2649 1357 mortem,
2680 1291 2879 1348 videre
2907 1296 3035 1349 erat
3063 1291 3196 1349 illos
3221 1290 3534 1349 confertim

1885 1377 1963 1434 ad
1989 1377 2176 1451 pedes
2202 1377 2333 1449 ejus
2356 1377 2648 1451 provolvi,
2673 1394 2898 1453 eosque
2945 1381 3295 1438 humectare
3337 1380 3537 1455 lacry—

1883 1466 2000 1524 mis
2024 1469 2083 1523 et
2108 1470 2174 1523 ut
2203 1466 2380 1524 saluti
2391 1467 2767 1538 singulorum
2780 1469 3119 1528 consuleret
3137 1485 3248 1544 pro
3275 1485 3339 1527 se
3363 1485 3536 1527 orare

1884 1571 2402 1629 unumquemque.
2424 1559 2695 1623 Quorum
2736 1573 2881 1630 erga
2912 1560 3111 1632 ipsum
3137 1560 3534 1617 reverentiam

1882 1645 2291 1719 precandique
2333 1646 2706 1716 instantiam,
2728 1647 2988 1705 indicem
3016 1647 3254 1704 ﬁduciae
3306 1664 3377 1705 ac
3407 1647 3537 1721 spei

1882 1733 2233 1801 immobilis,
2290 1750 2479 1808 quam
2523 1735 2587 1791 in
2640 1736 2774 1809 ipso
2826 1737 3153 1810 repositam
3205 1736 3534 1809 habebant,

1884 1823 2333 1881 considerantes
2342 1824 2608 1891 barbari,
2649 1829 2706 1882 et
2730 1826 3050 1900 caeterqu
3070 1841 3315 1897 gravem
3337 1826 3536 1899 specie

1884 1927 1956 1970 ac
1984 1912 2256 1969 moribus
2298 1913 2706 1970 venerabilem
2749 1915 3185 1988 conspicientes
3229 1918 3540 1989 coeperunt

1882 2002 2251 2074 interrogare
2271 2017 2432 2071 eum,
2453 2002 2590 2076 quis
2618 2008 2798 2072 esset,
2827 2005 2990 2061 unde
3021 2008 3221 2073 natus,
3268 2005 3436 2078 quod
3480 2005 3534 2061 ei

1885 2090 2171 2158 studium,
2210 2090 2381 2163 quod
2434 2105 2657 2149 nomen
2713 2091 2882 2160 foret;
2935 2096 2993 2150 et
3028 2107 3154 2165 qua
3204 2093 3280 2150 de
3347 2107 3535 2151 causa

1882 2180 2045 2254 (cum
2060 2180 2189 2253 ipse
2212 2194 2457 2254 quoque
2486 2180 2741 2238 similem
2771 2180 2901 2238 aliis
2947 2181 3197 2238 haberet
3237 2182 3532 2255 originem

1883 2284 1958 2327 ex
1984 2268 2349 2342 hominibus)
2379 2269 2463 2326 ita
2490 2274 2706 2343 praeter
2726 2274 3007 2328 naturam
3062 2282 3237 2343 agere
3300 2270 3533 2329 videre-

1883 2362 1997 2430 tur,
2023 2357 2361 2415 monastica
2383 2357 2508 2415 vita
2527 2358 2586 2414 in
2614 2362 2973 2432 perpetuum
2997 2359 3184 2417 electa
3232 2360 3331 2432 (ex
3382 2361 3534 2419 ami-

1884 2451 1983 2505 ctu
2009 2461 2279 2519 namque
2309 2446 2722 2518 agnoscebant
2749 2448 2880 2520 ejus
2900 2448 3379 2521 professionem),
3404 2453 3468 2506 ut
3497 2464 3535 2506 a

1885 2535 2277 2598 saecularibus
2297 2537 2481 2592 rebus
2512 2551 2782 2608 aversus,
2821 2536 3016 2594 solam
3035 2553 3173 2611 quae
3212 2538 3275 2595 in
3299 2537 3535 2609 religio-

1885 2641 2092 2682 sorum
2140 2623 2415 2681 claustris
2445 2628 2535 2682 est
2555 2624 2819 2698 quietem
2847 2625 3233 2693 desideraret,
3261 2626 3378 2684 illic
3406 2643 3535 2685 esse

1883 2730 2071 2787 quam
2091 2713 2342 2771 maximi
2365 2713 2612 2771 faciens.
2653 2717 2854 2788 Neque
2881 2714 3042 2772 enim
3095 2715 3357 2773 nefarios
3402 2716 3535 2773 illos

1885 2803 2110 2862 latebat
2141 2804 2584 2861 monachorum
2613 2804 2971 2861 institutum.
2995 2807 3053 2861 et
3076 2820 3260 2879 quem
3281 2821 3535 2879 scopum

1885 2893 2464 2951 considerationibus
2494 2909 2564 2950 ac
2587 2893 3076 2951 meditationibus
3096 2895 3221 2951 suis
3246 2896 3538 2953 haberent

1884 2982 2282 3057 propositum;
2311 2986 2377 3038 ut
2401 2983 2506 3055 qui
2546 2997 2755 3039 eorum
2806 2981 3028 3039 multos
3067 2998 3228 3056 saepe
3273 2983 3537 3042 fecerant

1810 3060 1850 3116 (ἶ
1886 3071 2178 3145 captivos,
2211 3074 2268 3127 et
2303 3076 2445 3128 tunc
2485 3086 2697 3128 eorum
2746 3070 2950 3144 plures
2996 3071 3300 3140 tenebant;
3345 3072 3537 3129 euric-

1887 3160 2075 3219 sitatis
2112 3160 2323 3233 gratia,
2378 3159 2528 3217 forte
2577 3160 2757 3217 etiam
2811 3164 3017 3218 nostra
3056 3160 3292 3239 ridendi
3337 3161 3535 3219 studio

1885 3266 1983 3308 res
2002 3249 2244 3307 illorum
2287 3250 2441 3307 soliti
2497 3249 2828 3323 explorare.
2880 3249 2978 3307 Ille
3025 3266 3187 3320 vero,
3234 3251 3538 3325 profundo

1889 3353 2231 3412 arcanaque
2277 3338 2535 3412 suspirio
2593 3339 2772 3409 edito,
2830 3341 2915 3396 Me
2977 3339 3246 3413 quidem,
3321 3340 3535 3414 inquit,

1888 3428 2204 3503 oportebat
2222 3428 2687 3486 inconsolabiter
2713 3430 2953 3497 tristari,
3016 3431 3346 3488 intuentem
3399 3445 3537 3488 con-

1887 3519 2134 3576 tribules
2159 3520 2339 3576 hosce
2378 3523 2435 3576 et
2460 3520 2781 3577 unanimes
2804 3535 2992 3589 meos,
3026 3519 3328 3594 pecudum
3369 3535 3537 3577 more

1889 3609 1968 3667 ad
1984 3609 2286 3667 lanienam
2308 3613 2661 3682 protractos,
2681 3625 2793 3666 vos
2820 3615 3022 3667 autem
3037 3624 3248 3667 eorum
3275 3610 3538 3683 pernicie

1890 3699 2246 3768 gaudentes,
2273 3714 2413 3753 eum
2444 3697 2569 3753 sitis
2594 3698 2872 3755 homines
2902 3698 3190 3772 etmquali
3218 3697 3537 3754 nobiscum

1891 3792 2048 3842 sorte
2079 3791 2367 3843 creaturae
2399 3785 2499 3843 Dei
2536 3801 2890 3859 quanquam
2925 3786 3212 3857 religione
3248 3787 3535 3843 dissidea-

1888 3874 1964 3931 tis
2006 3891 2042 3931 a
2081 3874 2469 3945 nobis,opera
2507 3874 2767 3930 auctoris
2807 3873 3105 3930 malorum
3144 3872 3390 3940 diaboli,
3430 3874 3537 3947 qui

1884 3962 2015 4033 jam
2046 3962 2281 4034 pridem
2307 3976 2498 4031 genus
2520 3961 2859 4016 humanum
2889 3960 3193 4033 decipiens
3216 3959 3420 4033 ipsum
3446 3976 3536 4016 se-

1884 4050 2084 4122 junxit
2138 4065 2175 4106 a
2214 4052 2330 4105 Deo
2371 4055 2427 4105 et
2461 4065 2497 4105 a
2532 4048 2800 4122 paradisi
2838 4047 3063 4107 deliciis
3096 4049 3531 4113 exterminavit,

1890 4144 2068 4212 atque
2095 4138 2155 4194 in
2185 4138 2343 4194 hanc
2374 4137 2569 4193 luctus
2592 4137 2897 4208 regionem
2920 4137 3241 4206 transtulit;
3273 4153 3395 4194 non
3423 4154 3535 4195 au-

1890 4233 2009 4284 tem
2044 4226 2277 4283 desistit
2299 4227 2480 4282 etiam
2516 4242 2677 4281 nunc
2717 4225 2842 4296 ejus
2878 4226 3145 4298 pessima
3202 4226 3435 4283 indoles
3464 4243 3536 4284 ac

1892 4316 2065 4373 malis
2087 4315 2359 4385 gaudens
2391 4315 2469 4370 ab
2498 4315 2757 4370 invicem
2781 4329 2893 4371 nos
2922 4315 3263 4386 disjungere
3314 4316 3535 4373 fallaci-

171 4415 313 4462 Θεοῦ
356 4414 474 4470 ταῖς
524 4408 872 4472 πολυπλόκοις
924 4409 1083 4462 αὐτοῦ
1136 4414 1475 4483 μαγγανείαις
1530 4415 1621 4463 καὶ
1674 4418 1777 4473 τοῖς

1890 4405 2006 4463 bus
2028 4406 2154 4491 suis
2176 4404 2509 4479 praestigiis,
2545 4409 2600 4461 et
2628 4403 2851 4461 dolosis
2904 4404 3284 4463 illusionibus
3340 4409 3537 4479 magis

169 4493 366 4557 δέινοῖς
394 4497 526 4568 οῖγαν
589 4501 935 4570 σοφίσμασιν.
996 4496 1129 4549 Ἀλλ’
1180 4500 1292 4550 ἔστι
1346 4517 1437 4571 μοι
1490 4502 1615 4572 πρὸς
1660 4501 1780 4552 τού-

166 4603 286 4647 τοις
333 4592 424 4637 καὶ
475 4587 662 4661 ἕτερον,
731 4585 844 4638 λίαν
907 4584 1184 4639 ἀποκναῖον
1237 4591 1326 4639 καὶ
1382 4585 1533 4638 ἀνιῶν
1581 4586 1780 4663 ἀπαρά-

166 4673 363 4731 κλητα*
401 4669 495 4726 διὰ
544 4676 722 4735 πάσης
774 4680 864 4727 καὶ
918 4677 1020 4748 γὰρ
1075 4671 1316 4736 παιδείας
1361 4674 1633 4744 ἐληλυθώς,
1691 4682 1781 4730 καὶ

168 4767 365 4834 σοφίας
417 4760 464 4823 ἐς
517 4764 668 4838 ὃκρον
738 4762 1022 4829 ἐληλακὼς,
1077 4768 1231 4837 μέρος
1282 4783 1336 4816 τε
1394 4766 1556 4826 αὐτῆς
1612 4763 1779 4837 μηδὲν

164 4850 422 4913 λελοιπὼς
461 4849 795 4914 ἀνεξέταστον
852 4848 1029 4905 οὐδενί
1075 4871 1182 4913 πως
1233 4853 1370 4928 ἄχρι
1427 4849 1495 4912 δὴ
1548 4858 1637 4906 καὶ
1688 4862 1780 4915 τῆς

166 4945 393 5023 τήμερον
424 4947 517 4992 τοῦ
542 4943 782 4993 τοιούτου
824 4942 1096 5015 θησαυροῦ
1137 4938 1499 5015 μεταδέδωκα,
1547 4946 1636 4994 καὶ
1685 4939 1777 4994 δέ-

168 5022 335 5079 δοικα
370 5024 446 5078 ἐπ’
500 5025 741 5099 ἐσχάτων
804 5029 829 5079 ὁ
878 5027 1053 5099 μέλεος
1110 5034 1164 5081 τὸ
1213 5031 1358 5104 παρὰ
1401 5037 1493 5082 τοῦ
1556 5026 1775 5101 ἐμπεπι-

167 5119 453 5176 στευκότος
490 5120 811 5191 κατάκριμα.

240 5306 329 5381 ιγ’.
368 5308 571 5362 Ἀκούει
624 5313 712 5363 τὸν
772 5309 918 5383 λόγον
999 5312 1025 5364 ὁ
1114 5319 1207 5366 τοῦ
1277 5314 1494 5365 Ιωὰννου
1578 5317 1770 5387 πατὴρ·

73 5451 81 5459 _
161 5400 619 5472 συμπαρωμάρτει
666 5404 754 5452 καὶ
814 5402 936 5474 γὰρ,
1002 5398 1141 5474 ἐφἰᾖ
1201 5421 1259 5474 γε
1333 5400 1579 5454 ἐκθέσθαι
1654 5406 1771 5469 τοὺς

155 5490 533 5560 κατασχέτους
563 5489 697 5540 πάνυ
742 5485 926 5552 δεξιῶς
964 5491 1225 5561 συνωθῶν,
1269 5494 1358 5542 καὶ
1406 5489 1487 5542 ὁτι
1537 5494 1770 5563 σαχνούς

154 5579 558 5650 ὑφαιρούμενος.
608 5575 868 5649 Ἓγγιστά
931 5598 1032 5632 που
1088 5584 1261 5632 τοίνυν
1315 5577 1507 5631 ἐκείνου
1559 5582 1766 5653 γενόμε-

152 5666 260 5740 νός,
296 5667 467 5740 ἡρέμα
513 5671 604 5720 καὶ
661 5670 755 5719 σὺν
809 5663 960 5721 αἰδοῖ
1006 5667 1309 5744 ἐπανήρετο.
1372 5667 1604 5731 Ἀληθῶς
1659 5667 1764 5742 ἆρά

1892 4495 2205 4567 magisque
2227 4494 2509 4563 elongare
2525 4510 2562 4549 a
2581 4494 2718 4550 Deo.
2737 4496 3158 4552 Verumtamen
3181 4495 3345 4552 aliud
3360 4497 3535 4570 quid-

1890 4583 2032 4641 dam
2059 4589 2167 4649 est,
2201 4582 2389 4639 multo
2415 4582 2668 4653 dignum
2697 4598 2974 4654 maerore,
3005 4584 3173 4658 quod
3200 4601 3297 4641 me
3328 4585 3538 4657 afﬂigit

1887 4670 2418 4741 inconsolabiliter,
2441 4670 2714 4729 videlicet
2736 4671 2902 4745 quod
2923 4672 3380 4747 disciplinarum
3406 4690 3536 4731 om-

1887 4761 2057 4817 nium
2097 4776 2382 4817 emensus
2423 4759 2689 4817 stadium
2736 4764 2792 4817 et
2853 4760 3164 4834 sapientiae
3227 4762 3532 4832 fastigium

1887 4853 2277 4905 consecutus:
2306 4848 2534 4905 nullam
2554 4850 2682 4920 ejus
2708 4852 2941 4921 partem
2966 4850 3320 4906 dimittenda
3345 4865 3535 4922 quam

1886 4953 2008 4993 non
2043 4937 2160 4994 sim
2224 4942 2656 5010 perscrutatus,
2698 4937 2920 4993 nemini
2973 4937 3050 4993 ad
3114 4937 3276 4994 hunc
3340 4952 3533 5010 usque

1884 5026 2042 5082 diem
2067 5026 2141 5083 de
2171 5027 2284 5082 hoc
2317 5028 2595 5083 thesauro
2621 5025 3061 5082 communicavi
3086 5044 3099 5094 ;
3129 5029 3186 5082 et
3206 5025 3285 5081 ab
3315 5040 3407 5091 eo,
3430 5026 3534 5098 qui

1883 5116 2012 5171 haec
2045 5117 2189 5172 mihi
2213 5116 2474 5182 tradidit,
2506 5120 2706 5171 metuo
2736 5113 3020 5171 socordiae
3075 5114 3153 5170 ad
3195 5117 3532 5171 extremum

1889 5203 2189 5260 damnari.

1959 5316 2042 5368 13.
2085 5310 2284 5367 Audiit
2321 5310 2483 5367 hunc
2513 5324 2852 5367 sermonem
2892 5312 3062 5383 pater
3113 5309 3400 5366 Joannis:
3443 5326 3533 5367 se-

1878 5400 2177 5473 quebatur
2204 5400 2382 5466 enim,
2410 5399 2649 5456 dextere
2671 5403 2978 5471 satagens;
3002 5402 3066 5455 ut
3102 5415 3173 5456 ex
3205 5398 3275 5456 iis
3301 5400 3407 5473 qui
3433 5400 3533 5459 de-

1878 5488 2223 5546 tinebantur
2261 5489 2640 5545 differrentur
2670 5488 2858 5556 multi,
2911 5505 3020 5546 nec
3071 5506 3298 5563 paucos
3355 5492 3531 5550 exitio

1876 5579 2256 5636 subtrahens.
2312 5580 2506 5646 Quam
2558 5578 2830 5652 proxime
2871 5580 3074 5654 itaque
3117 5581 3410 5638 accedens
3449 5582 3531 5639 ad

1872 5668 2034 5737 eum,
2076 5668 2301 5726 sensim
2334 5671 2407 5727 et
2452 5672 2791 5744 reverenter
2826 5668 3237 5742 interrogavit,
3276 5668 3485 5728 dicens
3517 5667 3531 5719 ἑ
