4032 6308
530 327 640 388 επ
1709 341 2166 402 CONSTANTINI
2197 338 2684 407 'ACBOPOLITE.
3785 352 3895 407 828

528 457 772 528 Verene,
793 461 861 513 ut
888 458 1105 528 dixisti,
1136 465 1372 519 tantum
1422 463 1486 521 in
1528 469 1586 521 te
1633 466 1864 524 bonum
1911 471 2120 527 occulta

2305 493 2387 538 rei,
2477 480 2567 527 xui
2637 477 2705 537 ὡς
2775 477 2998 546 ἔφησθα,
3077 483 3326 530 τοσοῦτον
3401 475 3897 550 ἑγκατακέκρυπτιιι

529 548 660 602 tum
707 545 839 602 est?
885 547 982 604 Ille
1038 555 1259 621 autem,
1290 552 1494 609 effusis
1556 556 1636 611 ad
1697 557 1826 613 haec
1893 558 2119 633 lacrym

2297 548 2502 633 Ξιγαθόν,
2529 569 2618 615 καὶ
2657 565 2793 615 οὕτω
2812 573 3002 637 χρῆμα
3029 572 3120 617 τοῦ
3184 568 3371 626 παντὸς
3426 565 3571 627 ἄξιον
3626 564 3889 616 ἐναποκει-

529 635 866 707 eodeque
897 639 1081 694 animi
1113 655 1296 696 sensu
1313 645 1764 714 motus,eadem
1780 649 1994 704 iterum
2021 649 2121 706 afﬁ

2289 670 2398 718 rut;
2435 657 2535 704 Kui
2586 652 2639 714 ὃς
2671 649 2940 724 δακρύσας
2991 659 3082 705 καὶ
3112 658 3205 712 την
3252 653 3440 726 ψυχὴν
3487 655 3646 712 αὐτὴν
3693 672 3881 705 πεπον-

527 724 734 791 mavit,
763 729 820 780 et
845 741 1228 800 quaecunque
1258 737 1512 789 noverat
1539 733 1890 792 distinctiori
1929 753 2119 794 suum.

2291 740 2404 808 θώς,
2456 742 2522 792 τὰ
2576 740 2709 791 αὐτὰ
2755 745 2844 792 καὶ
2929 741 3080 802 αὖθις
3147 741 3359 816 εἰρήκει·
3427 742 3752 816 πλατύτερον
3833 760 3883 792 τι

525 813 753 869 ratione
781 829 1153 887 percurrens,
1169 819 1754 891 singuladistinctius
1779 826 2117 901 diﬂ‘usiusqi

2289 824 2477 890 διεξὴει
2525 831 2592 881 τὰ
2633 836 2725 889 τῆς
2773 825 3115 900 παιδώσεως,
3174 813 3263 883 καὶ
3324 834 3392 883 τὰ
3470 829 3881 905 ἓξακριϐωθένσα

524 901 877 974 explicabat.
909 905 1152 964 Dicebat
1170 924 1312 981 ergo
1340 913 1652 982 quomodo
1675 930 2058 972 numerorum
2080 934 2116 974 r;

2287 923 2748 992 παραγεγυμνὼκει
2796 918 3116 991 λεπτότερον.
3166 925 3303 977 Φησὶ
3358 927 3482 992 γοῦν
3548 923 3624 980 ὡς
3702 919 3879 989 λόγους

523 990 713 1048 tiones
738 997 795 1047 et
821 993 1319 1053 cohterentiarum
1351 1002 1743 1072 proprietates
1774 1005 2021 1076 pulchre
2047 1023 2115 1063 ca

2283 1025 2332 1059 τε
2355 990 2362 992 ἡ
2384 990 2638 1079 ἀριθμῶν,
2697 1012 2787 1058 καὶ
2835 990 3110 1079 ἀναλογίας
3189 990 3444 1083 ἁρμονιῶν
3522 1009 3700 1070 καλῶς
3750 1010 3875 1078 ἄγαν

521 1078 700 1148 leret;
737 1085 793 1136 et
828 1081 991 1154 plani
1018 1100 1088 1140 ac
1129 1087 1301 1142 solidi
1348 1089 1700 1160 perimetros
1731 1110 1800 1148 ac
1843 1093 2113 1152 diametrt

2286 1078 2606 1169 bxptﬁwxabg,
2655 1105 2754 1148 τῶν
2805 1095 3061 1149 ἐπιπέδων
3105 1103 3189 1149 καὶ
3244 1097 3468 1173 στερρῶν
3539 1103 3878 1171 περιμέτρους

522 1172 702 1240 atque
729 1168 955 1239 ﬁguras
985 1173 1265 1231 edoctum
1289 1192 1440 1247 sese,
1479 1179 1656 1236 etiam
1687 1179 2114 1240 laudatissima]

2276 1168 2362 1236 xui
2406 1181 2738 1258 διαμέτρους,
2793 1191 2882 1237 καὶ
2941 1193 3223 1258 σχήματα,
3275 1193 3366 1240 καὶ
3431 1189 3599 1248 αὐτῆς
3651 1206 3715 1258 γε
3789 1194 3868 1245 τῆς

521 1257 892 1328 astrologicis
953 1265 1406 1336 compositionis
1468 1269 1774 1327 scientiam
1823 1278 2049 1331 tenere.
2096 1291 2113 1330 ι

2279 1257 2696 1348 πολυθρυλλήῗτου
2770 1283 2868 1326 τῶν
2936 1257 3163 1347 ἀστέρων
3223 1277 3511 1340 συντὰξεως
3556 1281 3654 1334 τὴν
3714 1275 3871 1328 πολυ-

519 1346 701 1403 veluti
726 1351 1110 1408 constitutum
1144 1355 1203 1410 in
1237 1357 1389 1413 caelo
1418 1359 1760 1417 dimensum
1789 1378 1917 1419 esse
1963 1369 2111 1420 moti

2280 1346 2497 1432 ύμνητον
2551 1362 2847 1435 ἐπιστήμην
2905 1365 3239 1436 συνειλοχὼς,
3285 1370 3378 1418 καὶ
3433 1368 3500 1426 ὡς
3547 1365 3599 1416 ἐν
3665 1367 3872 1437 οὐρανῷ

519 1450 844 1508 corporum
854 1441 1248 1500 aethereorum
1265 1462 1279 1510 ;
1293 1448 1600 1518 sapientiae
1609 1465 1853 1522 quoque
1867 1452 2111 1508 sublimi

2277 1457 2492 1521 γεγονώς
2548 1455 2633 1503 καὶ
2685 1461 2783 1502 τῶν
2841 1452 3078 1527 αἰθερίων
3138 1457 3392 1526 σωμάτων
3489 1460 3583 1511 την
3663 1459 3869 1510 κίνησιν

518 1523 602 1580 ris
645 1529 831 1583 sacris
873 1529 1170 1587 initiatum
1217 1550 1278 1588 se
1304 1551 1320 1600 ;
1346 1537 1633 1608 quodque
1676 1541 1764 1609 (ut
1804 1556 1926 1596 uno
1964 1541 2110 1597 dical

2278 1537 2774 1613 ἀναμετρησάμενος,
2854 1544 2916 1593 τά
2954 1523 3024 1593 ’τε
3099 1550 3194 1603 τῆς
3289 1545 3564 1617 ὑπερτέρας
3681 1548 3870 1613 σοφίας

519 1613 723 1683 verbo)
753 1617 1085 1688 possideret
1111 1621 1335 1693 aliquid
1364 1623 1516 1680 inter
1542 1625 1812 1684 humana
1863 1631 2111 1700 pretiosi:

2276 1630 2490 1698 μυηθεὶς
2520 1629 2694 1703 ὂργια,
2735 1635 2823 1681 καὶ
2876 1630 2967 1700 (ὡς
3025 1630 3144 1693 ἐπος
3212 1613 3396 1701 εἰπεῖνδ
3434 1638 3492 1684 τὸ
3549 1636 3868 1704 τιμιώτατον

519 1701 764 1771 simum,
792 1704 1027 1762 bonum
1051 1709 1340 1780 profecto,
1361 1713 1542 1784 quale
1571 1730 1886 1788 nunquam
1916 1719 2033 1774 huc
2062 1735 2111 1774 ai

2275 1725 2368 1768 τῶν
2397 1717 2449 1768 ἐν
2481 1701 2766 1790 ἀνθρώποις
2807 1727 2986 1790 κτῆμα
3040 1722 3379 1792 κτησάμενος,
3422 1719 3608 1791 λόγους
3655 1715 3867 1776 δηλαδή

515 1790 675 1846 venit
705 1797 810 1848 aut
835 1796 1050 1859 veniet,
1079 1797 1229 1853 sicut
1256 1800 1507 1871 quidam
1531 1818 1563 1858 e
1591 1805 1892 1860 veteribus
1921 1808 2107 1879 sapiet

2279 1811 2359 1857 xui
2411 1811 2594 1878 σοφίαν
2623 1811 2857 1880 (χρῆμα,
2890 1817 2930 1858 ῶ
2985 1805 3278 1872 οὖτος,οἶον
3331 1809 3450 1861 οὔτε
3487 1810 3608 1867 ἧκεν
3661 1805 3871 1875 ἐνθάδε,

517 1877 678 1933 tibus
707 1879 858 1936 dixit
893 1884 960 1938 Et
1010 1888 1212 1942 tamen
1243 1887 1304 1944 in
1361 1891 1663 1947 neminem
1703 1893 1905 1962 incidi,
1947 1877 2109 1968 inqui

2283 1893 2388 1946 οὗτε
2424 1901 2526 1967 μὴν
2552 1895 2663 1957 ἣξει
2695 1904 2793 1946 τῶν
2846 1901 3049 1966 χρόνων
3097 1901 3241 1963 ποτε,
3282 1898 3351 1960 ὠς
3403 1902 3492 1950 καὶ
3553 1906 3656 1949 τῶν
3711 1897 3875 1949 πάλαι

515 1982 781 2038 quocum
810 1969 939 2026 haec
964 1988 1204 2044 possem
1235 1979 1700 2036 communicare.
1732 1983 1820 2038 Ad
1862 1999 1996 2056 quae
2025 1984 2107 2041 ille

2279 2003 2351 2043 τις
2401 1991 2569 2054 σοφῶν
2637 1983 2978 2057 ἰσχυρίσατο)
3045 1982 3218 2038 οὐδενὶ
3287 1992 3464 2058 τυχών
3516 1990 3618 2057 ὅτῳ
3679 1989 3871 2038 τούτοῡ

516 2055 670 2112 Scito
682 2058 849 2130 quod
863 2074 976 2130 ego
987 2061 1250 2134 implebo
1266 2065 1628 2125 desiderium
1643 2071 1827 2127 animi
1843 2055 1948 2143 tui,
1965 2088 2108 2145 Ilqu

2280 2067 2558 2129 αετέδωκα.
2592 2077 2692 2124 Καὶ
2718 2076 2792 2133 ὅς·
2826 2073 2960 2126 Ἀλλ’
2991 2072 3089 2145 ἐγὼ
3136 2093 3235 2145 τοι,
3287 2075 3427 2127 τοῦτ’
3443 2076 3573 2140 ίσθί,
3621 2073 3872 2131 ἐκπλήσω

513 2143 678 2201 abire
699 2151 752 2201 te
772 2146 969 2204 sinam
1013 2152 1116 2206 tali
1162 2152 1540 2212 laborantem
1595 2165 1859 2228 egestate
1877 2167 1937 2216 et
1964 2143 2105 2217 conf

2279 2163 2326 2211 τὸ
2357 2161 2694 2232 καταθύμιον,
2728 2166 2818 2213 καὶ
2841 2162 2948 2233 οὐχ
2989 2164 3151 2224 οὕτως
3211 2162 3442 2216 ἀπελθεῖν
3494 2162 3636 2214 ἐάσω
3699 2182 3871 2214 κατα-

511 2237 674 2290 ctum
698 2235 924 2304 dolore,
949 2240 1170 2309 partim
1199 2244 1344 2314 quia
1373 2260 1482 2315 pro
1504 2246 1611 2302 tibi
1640 2249 1877 2305 creditis
1905 2266 2103 2306 exame

2277 2244 2366 2300 δεᾶ
2385 2254 2472 2300 καὶ
2495 2249 2797 2322 περίλυπον,
2826 2259 2977 2303 τοῦτο
3025 2254 3138 2323 μὲν,
3195 2248 3272 2312 οἷς
3313 2256 3399 2308 τήν
3458 2252 3582 2325 ὑπὲρ
3635 2258 3732 2303 τού
3786 2249 3869 2321 ἐμ-

507 2320 864 2391 formidans,
893 2342 1140 2397 poenam
1170 2330 1369 2398 times,
1403 2335 1620 2404 partim
1649 2337 1796 2408 quia
1824 2339 2099 2409 periculu‘

2275 2341 2676 2409 πεπιστευμένου
2731 2335 2888 2396 δίκην
2944 2341 3266 2407 ὑποπτεύεις,
3305 2345 3394 2392 καὶ
3462 2344 3555 2397 την
3648 2339 3867 2396 εὐθύνην

509 2415 601 2465 est
614 2426 689 2465 ne
704 2411 944 2482 ignotus
964 2416 1104 2472 hinc
1123 2434 1323 2486 exeas,
1347 2425 1403 2477 et
1427 2423 1487 2477 in
1509 2423 1826 2482 oblivionis
1853 2428 2101 2498 profund

2271 2424 2536 2499 ἑπιλογίξη
2559 2432 2651 2478 καὶ
2693 2424 2895 2499 δέδιας,
2941 2437 3093 2480 τούτο
3153 2425 3224 2494 δ’,
3275 2427 3352 2490 οἷς
3400 2428 3666 2500 ἀνώνυμος
3721 2431 3863 2500 οἶχε-

509 2498 841 2571 occulteris,
869 2518 942 2558 eo
964 2505 1130 2576 quod
1159 2506 1358 2563 nullos
1388 2516 1524 2581 post
1554 2517 1608 2566 te
1645 2513 1947 2587 relinquas
1975 2515 2100 2573 ﬁlio

2273 2517 2393 2567 σθαι
2452 2498 2764 2576 κινδυνεύεις
2813 2537 2903 2569 και
2961 2517 3122 2578 λήθης
3187 2517 3601 2591 ἐναποκρυϐῆναι
3676 2516 3865 2589 βυθοῐς

509 2586 832 2678 acquisitos
853 2605 960 2662 per
988 2595 1421 2667 magisterium,
1441 2600 1543 2670 qui
1570 2600 1750 2671 longe
1781 2586 2101 2674 praestant“

2274 2607 2335 2660 τιὴ
2377 2600 2576 2666 παῖδας
2624 2605 2713 2656 ἅτε
2772 2605 3152 2666 καταλελοιπώς
3203 2615 3274 2676 τῷ
3329 2605 3432 2678 βίῳ
3494 2603 3590 2658 διὰ
3641 2601 3866 2657 παιδεύσ

506 2688 602 2728 res
645 2675 726 2730 ad
770 2676 1035 2736 futuram
1081 2685 1440 2742 memoriam
1471 2703 1658 2759 quam
1687 2692 1992 2749 naturales
2023 2709 2098 2749 es:

2275 2711 2411 2759 πως,
2460 2693 2628 2764 πολλῷ
2672 2714 2774 2746 τινι
2827 2704 2926 2747 τῶν
2973 2693 3029 2746 ἐκ
3081 2699 3273 2770 σαρκὸς
3327 2699 3457 2769 πρὸς
3502 2699 3598 2752 τὴν
3651 2693 3867 2754 ἐσαῦθις

505 2761 802 2856 videntur,
836 2772 911 2838 et,
946 2769 1096 2826 sicut
1119 2772 1325 2844 audio,
1354 2775 1578 2832 diutius
1609 2779 1820 2836 vivunt
1846 2797 2034 2854 quam
2058 2798 2097 2853 g

2271 2785 2471 2852 μνήμην
2543 2787 2861 2854 κερείττονας
2914 2789 3224 2856 πιφηνότας,
3305 2789 3395 2836 καὶ
3451 2789 3863 2856 μονιμωτέρους.

504 2849 612 2906 niti
633 2855 967 2913 secundum
989 2874 1255 2916 carnem.
1292 2864 1440 2919 Sunt
1461 2867 1624 2922 enim
1647 2869 1778 2925 mhi
1805 2849 1929 2939 ﬁlii,
1961 2870 2096 2928 forn

2271 2871 2332 2930 ὡς
2363 2868 2592 2931 ἀκούσας
2628 2875 2761 2943 ἔχω,
2794 2881 2977 2944 μακρῷ
3033 2881 3131 2924 τῶν
3188 2872 3240 2935 ἐξ
3296 2875 3533 2945 αἳματος.
3588 2873 3710 2924 Εἰσὶ
3761 2877 3863 2945 γαρ

503 2944 855 3010 Ρτεεειᾶηιθε
899 2944 1024 3017 ﬁlii,
1083 2951 1320 3018 maturi,
1379 2951 1485 3008 ﬁlii
1535 2970 1789 3026 capaces
1807 2957 2095 3031 disciplina

2275 2978 2352 3010 λοι
2378 2957 2586 3026 παῖδες,
2622 2957 2807 3021 παῖδες
2837 2964 3041 3035 ὡραῖοι,
3067 2959 3256 3023 παῖδες
3295 2961 3467 3028 καλοὶ,
3499 2958 3690 3023 παῖδες
3743 2981 3867 3012 τιάι⁴

501 3042 639 3084 rum
691 3046 844 3102 quas
887 3038 1266 3110 enumerasti,
1325 3040 1488 3097 velut
1532 3047 1909 3116 receptacula
1966 3050 2093 3119 puri

2277 3043 2534 3119 ἲευμάτων
2591 3051 2709 3100 οἳων
2745 3048 3101 3123 ἀπηριθμησω
3155 3051 3360 3124 καθαρὰ
3435 3051 3570 3100 πάνυ
3669 3045 3869 3120 δοχεῖα

502 3116 656 3174 sima
709 3125 765 3176 et
806 3123 1165 3196 amplissimi
1211 3128 1382 3197 alvei,
1418 3132 1522 3187 sed
1553 3133 1753 3189 adhuc
1792 3136 2021 3204 inanes,
2053 3138 2092 3194 d

502 3203 652 3229 ι’..-ιη
683 3209 811 3229 ι-ιε-
856 3212 892 3229 ιο
988 3214 998 3223 ο
1090 3216 1122 3229 ,ι
1226 3222 1235 3229 .
1434 3221 1443 3229 .
1638 3223 1646 3229 .
1830 3225 1838 3229 .
1899 3225 1914 3229 -
2022 3227 2034 3229 _

2276 3140 2350 3188 ιαὶ
2383 3135 2576 3208 εὐρεῖαι
2598 3134 2771 3195 δήπου
2822 3134 3118 3210 δεξαμεναί,
3176 3143 3312 3190 κενοὶ
3364 3134 3424 3190 δὲ
3469 3138 3650 3206 εἰσέτι,
3697 3142 3868 3208 χήτει

497 3203 657 3263 fectu
683 3209 824 3266 talia
850 3212 1156 3283 largientis
1185 3222 1241 3272 et
1270 3221 1448 3290 quasi
1475 3236 1582 3292 per
1603 3223 1799 3279 rivum
1825 3203 2089 3282 infunde]

2276 3233 2352 3275 τοῦ
2394 3233 2494 3277 τῶν
2545 3229 2792 3278 τοιούτων
2848 3223 3240 3298 μεταδώσοντος
3296 3231 3386 3279 καὶ
3441 3223 3544 3278 οἷον
3593 3225 3868 3297 ὀχετηγη-

499 3297 592 3350 tis.
633 3297 754 3352 Hos
797 3314 909 3370 ego
962 3302 1068 3357 tibi
1115 3304 1495 3376 adoptandos
1526 3301 1761 3366 tradam
1794 3330 1807 3378 ;
1839 3318 2009 3370 tuum
2045 3331 2091 3370 e1

2273 3331 2461 3379 τοντος,
2493 3317 2904 3373 καθεστήκατον.
2936 3318 3180 3385 Τούτους,
3227 3320 3470 3386 γίνωσκε,
3524 3323 3615 3366 τοὺ
3672 3314 3865 3367 λοιποῦ

499 3395 600 3437 eas
629 3400 783 3455 quas
805 3386 1003 3444 dixisti
1033 3390 1378 3464 disciplinas
1408 3395 1556 3468 ipsis
1587 3400 1878 3457 tradendo
1903 3403 2091 3459 eosde;

2269 3398 2456 3464 παῖδας
2485 3404 2646 3474 ἔγωγε
2679 3405 2825 3462 θησω
2855 3423 2958 3456 σοι⁸
3017 3408 3099 3456 σοὶ
3156 3400 3206 3455 δ’
3258 3405 3318 3456 ἂν
3370 3407 3430 3455 τὸ
3487 3403 3713 3455 ἐντεῦθεν
3779 3407 3861 3461 εἰη

496 3472 955 3542 quodammodo
983 3493 1355 3549 regenerare.

2270 3491 2402 3551 Ξσοις
2440 3511 2492 3543 τε
2535 3496 2626 3544 καὶ
2703 3494 2832 3552 οἵοις
2907 3492 3130 3567 εἰρηκεις
3214 3490 3557 3564 ἁναγεννῆσαι
3633 3487 3862 3544 παιδεύ-

2254 3598 2410 3650 μασι.

573 3651 655 3703 14.
689 3650 824 3706 Haec
853 3668 992 3710 cum
1022 3653 1289 3725 dixisset,
1322 3660 1673 3718 festinanter
1712 3664 1838 3720 abit
1871 3665 1952 3722 ad
1998 3670 2141 3723 Per-

2327 3663 2415 3719 ιὸν·
2467 3667 2624 3720 Ταῦτ’
2672 3668 2847 3737 εἰπὼν,
2904 3665 3111 3741 σπουδῇ
3156 3672 3299 3744 παρὰ
3380 3673 3466 3721 τὸν
3528 3670 3859 3742 Περσάρχην

497 3751 703 3793 sarum
724 3738 1084 3814 principem,
1116 3760 1252 3817 quae
1289 3747 1400 3802 sibi
1430 3765 1568 3805 cum
1601 3752 1818 3808 Cosma
1856 3755 2089 3811 interce:

2267 3757 2452 3822 ἶπεισι,
2509 3776 2598 3808 και
2655 3759 2722 3808 τὰ
2770 3760 2906 3809 κατὰ
2968 3762 3055 3809 τὸν
3116 3764 3326 3830 Κοσμάν
3378 3757 3710 3829 ἀπαγγελλει,
3760 3766 3859 3811 καὶ

496 3823 710 3882 sissent
762 3827 1152 3900 denuntians,
1209 3851 1474 3908 eumque
1527 3840 1668 3910 petit
1726 3840 1856 3896 dari
1905 3843 2039 3909 sibi,

2266 3845 2494 3911 ιὶτεῖται,
2526 3850 2616 3897 καὶ
2657 3847 2776 3898 ὅτου
2816 3865 2875 3916 γε
2903 3849 3066 3921 χάριν
3099 3843 3478 3919 διασαφεῖ.Ὠς
3524 3844 3582 3900 δε
3634 3844 3701 3904 δή
3759 3853 3858 3900 καὶ

493 3915 666 3985 cujus
694 3917 778 3973 rei
801 3920 994 3988 gratia
1037 3921 1099 3977 id
1117 3929 1299 3995 petat,
1348 3928 1703 3986 manifestat
1763 3932 1830 3986 Ut
1873 3948 2015 3987 vero
2046 3949 2084 3989 a

2264 3933 2421 4005 εἴληφε
2469 3937 2526 3985 τὸ
2583 3931 2860 4006 ἐνδόσιμον
2915 3936 3076 4007 (πάνυ
3140 3939 3242 4010 γὰρ
3299 3937 3459 4008 ηὔχει
3515 3936 3644 3988 πολὺ
3722 3938 3856 4005 παρ’

494 4017 738 4060 sensum
768 4007 898 4078 ejus
922 4009 1179 4067 obtinuit
1207 4014 1224 4076 (
1233 4013 1420 4070 multa
1439 4016 1596 4072 enim
1616 4017 1778 4090 apud
1800 4019 1999 4091 ipsum
2013 4037 2086 4090 gr.

2269 4023 2391 4093 ιύτῷ
2423 4026 2480 4074 τὸ
2508 4020 2831 4095 αἰδέσιμον),
2862 4024 2967 4096 ούχ
3006 4027 3157 4083 ἧττον
3189 4025 3340 4086 αὐτὸς
3388 4045 3594 4098 χαίρων
3645 4026 3674 4084 ᾖ
3726 4030 3861 4096 χαί-

493 4089 574 4147 tia
601 4097 656 4148 et
673 4097 1022 4162 auctoritate
1044 4099 1326 4174 valebat),
1345 4119 1462 4159 non
1478 4089 1696 4162 minori
1718 4089 1942 4176 gaudio
1953 4089 2085 4180 qua}

2264 4131 2405 4164 »οντα
2433 4111 2617 4164 ἐκεῖνον
2663 4109 2843 4165 οἶκαδε
2893 4115 3086 4186 ἀπάγει
3141 4113 3331 4171 λαϐὼν.
3390 4114 3564 4175 Ὀπως
3616 4117 3706 4185 μὲν
3760 4110 3856 4165 οὖν

489 4179 739 4238 Cosmas
757 4183 1058 4256 perquus,
1072 4188 1326 4246 domum
1353 4209 1490 4248 eum
1507 4195 1801 4266 perducit.
1820 4199 1863 4262 Ο
1876 4215 2081 4254 uomoc

2259 4198 2709 4274 ἐφιλοφρονήσατο,
2759 4205 2848 4253 καὶ
2905 4203 3034 4264 οἰοις
3085 4207 3177 4260 τὴν
3231 4207 3438 4270 πρώτην
3506 4199 3851 4274 ἐδεξιώσατο,

491 4273 693 4324 autem
721 4274 872 4327 inter
896 4275 1062 4330 varia
1092 4277 1480 4336 humanitatis
1514 4282 1713 4339 ofﬁcia
1742 4287 1940 4357 ipsum
1971 4303 2083 4343 exc

2262 4292 2487 4362 τεριττόν
2539 4293 2661 4349 ἴσως
2712 4298 3083 4363 μακρηγορεῖν·
3115 4291 3253 4348 Πλὴν
3287 4290 3396 4342 ἀλλ’
3440 4290 3523 4343 ἐπὶ
3562 4298 3697 4343 πᾶσι
3742 4300 3854 4352 τοῖς

487 4355 658 4443 perit,
691 4362 748 4412 ct
772 4375 958 4430 quam
983 4363 1252 4433 jucunde
1284 4370 1636 4439 complexus
1677 4355 1871 4440 fuerit,
1907 4374 2079 4443 longii

2258 4379 2408 4428 αὑτοῦ
2439 4382 2793 4442 καταστήσας,
2824 4384 2911 4430 καὶ
2962 4378 3110 4431 ἄλλον
3167 4379 3347 4431 ἑαυτὸν
3405 4381 3600 4431 ἅπασιν
3658 4379 3850 4434 ἐναπο-

487 4441 812 4501 verborum
833 4448 1080 4505 circuitu
1107 4453 1394 4522 prolixius
1430 4459 1734 4528 explicare
1766 4461 2079 4532 superﬂuu,

2259 4485 2502 4537 τεταχως,
2532 4470 2648 4527 τοὺς
2679 4468 2837 4520 αὐτοῦ
2882 4464 3083 4529 παῖδας
3138 4467 3443 4542 ἐγχειρίζει,
3499 4465 3700 4529 παῖδας
3757 4473 3851 4521 αὑ-

487 4535 656 4602 puto.
683 4533 968 4592 Caeterum
997 4554 1137 4594 cum
1166 4557 1346 4614 super
1367 4525 1578 4600 omnes
1609 4546 1968 4605 domesticos
1997 4567 2136 4607 eum
2168 4525 2210 4577 D

489 4621 898 4680 constituisset
947 4631 1004 4682 et
1051 4628 1205 4685 sicut
1251 4629 1505 4688 alterum
1551 4651 1614 4690 se
1666 4637 1778 4692 coli
1825 4655 1863 4694 a
1909 4646 2081 4695 cunct

2254 4650 2342 4692 τῶν
2376 4643 2644 4714 ἡμετάρων
2680 4643 2845 4714 λόγων
2887 4645 3152 4710 ὑπόθεσις,
3202 4650 3291 4696 καὶ
3326 4646 3351 4696 ὁ
3408 4647 3508 4717 πρὸ
3555 4644 3717 4696 αὐτοῦ
3769 4665 3846 4698 τε·

477 4707 778 4781 jussisset,
812 4712 1052 4771 tradens
1084 4717 1134 4772 ei
1159 4718 1310 4774 ﬁlios
1337 4737 1502 4788 suos,
1537 4722 1729 4794 ipsius
1767 4727 1946 4796 quasi
1980 4726 2069 4783 ﬁli

2255 4731 2347 4789 θεὶς
2387 4732 2453 4790 εἰς
2505 4732 2615 4780 υἱὸν
2669 4736 2890 4801 γνησίου
2949 4738 3193 4803 στερήσει
3239 4738 3572 4806 γεννήματος,
3629 4735 3654 4784 ὁ
3723 4735 3847 4786 θαυ-

485 4795 686 4857 efﬁcit.
739 4802 838 4858 lsti
891 4809 1076 4875 erant,
1127 4808 1415 4876 Joannes,
1487 4795 1870 4883 splendidum
1919 4823 2077 4872 nostr

2254 4820 2436 4879 αάσιος
2489 4818 2673 4877 κλῆσίν
2721 4839 2775 4871 τε
2827 4824 2917 4871 καὶ
2977 4825 3164 4893 τρόπον
3224 4827 3452 4893 Κοσμᾶς·
3514 4826 3630 4896 περὶ
3681 4842 3743 4874 ου
3795 4829 3846 4873 τί

484 4889 770 4946 orationis
826 4902 1270 4964 argumentum;
1319 4905 1375 4955 et
1434 4899 1529 4956 ille
1576 4901 1679 4974 qui
1728 4910 1862 4959 ante
1911 4906 2076 4978 ipsum

2253 4925 2337 4978 περ
2377 4908 2437 4956 ἀν
2470 4912 2558 4958 καὶ
2618 4913 2795 4980 φαίην,
2847 4909 3010 4971 οὕτως
3076 4907 3130 4960 ἐκ
3209 4915 3471 4984 παρέργου
3549 4906 3721 4976 εἰδώς
3779 4914 3845 4973 ὡς

485 4974 720 5036 defectu
745 4981 928 5054 prolis
951 4986 1264 5058 naturalis,
1304 4987 1494 5044 fuerat
1537 4990 1858 5064 adoptatus
1905 4974 1950 5049 a—
1980 4997 2077 5050 Mal

2257 4994 2290 5046 ri
2319 5001 2407 5046 xui
2437 4995 2702 5070 προύργου
2735 5016 2810 5056 τις
2862 5000 2928 5048 τὰ
2976 5000 3113 5049 κατὰ
3167 5005 3348 5050 τουτον
3398 5003 3702 5064 ποιησαιτο,
3756 5005 3849 5073 μο-

486 5081 644 5135 sure,
667 5069 1063 5144 admirabilis,
1086 5075 1359 5148 inquam,
1390 5095 1621 5150 suoque
1648 5087 1715 5136 ut
1755 5084 2000 5138 nomine
2050 5101 2077 5139 s

2259 5092 2319 5143 ti;
2357 5082 2416 5134 ἂν
2443 5093 2542 5135 τῶν
2568 5088 2696 5157 πρὸς
2756 5085 2906 5148 ἀζίαν
2966 5086 3214 5158 ἐφίκοιτο.
3277 5088 3415 5145 Πλὴν
3456 5088 3567 5147 ῆλλ⁹
3615 5087 3851 5164 ἐγχειρί-

485 5160 543 5209 et
576 5158 846 5215 moribus
878 5163 1151 5233 Cosmas;
1186 5165 1260 5220 de
1281 5182 1403 5237 quo
1433 5169 1578 5239 quid
1615 5169 1770 5225 velut
1791 5171 1850 5225 in
1884 5173 2077 5228 transi

2259 5174 2390 5232 ζεται
2415 5177 2502 5230 τὴν
2537 5175 2672 5245 ἱερὰν
2727 5172 2989 5249 Ξυνωρὶδα
3046 5177 3071 5227 ὁ
3131 5178 3263 5238 θεῖος
3325 5176 3508 5236 ἐκεῖνος
3567 5174 3851 5252 παιδοτρί-

485 5242 734 5301 dixerim
767 5249 794 5304 ?
822 5251 1319 5326 quandoquidem
1353 5255 1551 5327 siquis
1584 5273 1676 5311 res
1700 5259 1827 5328 ejus
1856 5277 2073 5332 suscep

2259 5259 2337 5320 ῗης
2393 5260 2421 5317 ἢ
2477 5268 2795 5334 γυμναστὴς,
2848 5260 3046 5322 ἣδιστα
3099 5260 3148 5315 δ’
3209 5264 3268 5315 ἆν
3323 5270 3499 5337 φαίην,
3553 5271 3644 5318 καὶ
3720 5270 3851 5342 ἱερὸς

483 5330 557 5386 rit
594 5349 666 5388 ex
703 5339 1010 5408 proposito
1049 5343 1478 5409 recensendas,
1529 5347 1626 5400 vix
1668 5363 1771 5400 eas
1821 5354 1999 5418 prout
2050 5349 2075 5403 c'

2258 5345 2649 5422 ιοσχοδάμνης,
2691 5353 2824 5411 ὅπως
2864 5351 2923 5402 ἂν
2963 5357 3088 5424 πρὸς
3119 5357 3212 5412 τὴν
3234 5362 3323 5414 τῆς
3386 5355 3690 5426 οἰκουμένης
3755 5354 3850 5415 δη-

482 5434 670 5489 gnum
684 5428 771 5479 est
790 5435 1230 5500 exsequeretur.
1248 5434 1490 5505 Accepit
1511 5448 1652 5502 ergo
1667 5451 1991 5506 puerorum
2021 5439 2074 5491 si

2257 5440 2430 5489 τουθεν
2464 5444 2664 5509 νέωσιν,
2707 5445 2796 5492 καὶ
2837 5446 2929 5498 τήν
2959 5450 3058 5492 τῶν
3092 5445 3236 5495 θείων
3267 5441 3543 5513 δογμάτων
3621 5440 3849 5498 διασπο-

481 5509 950 5568 commissorum
981 5532 1091 5588 par
1117 5518 1364 5574 divinus
1418 5520 1774 5592 paedotriba,
1840 5528 2067 5597 tauqua

2255 5528 2337 5578 οὰν
2403 5525 2762 5601 ἐγγυμνάσειε.
2825 5535 2949 5604 Περὶ
2995 5534 3084 5602 μέν
3162 5527 3230 5590 δὴ
3315 5541 3404 5584 τοῦ
3473 5535 3611 5585 θεὶου
3681 5533 3847 5607 λέγειν

475 5593 780 5674 pullorum
810 5615 1242 5678 generosorum
1275 5607 1536 5689 domitor
1588 5593 1992 5692 exercendum
2048 5631 2067 5671 ε

2252 5622 2430 5690 Κοσμᾶ
2481 5621 2539 5670 τό
2594 5637 2653 5690 γε
2712 5626 2798 5669 νῦν
2857 5620 2987 5672 εἶναι
3045 5617 3266 5693 ἀναϐολῇ
3330 5627 3662 5694 παραπέμπω
3758 5631 3844 5677 καὶ

2245 4557 2365 4613 τοὺς
2408 4552 2714 4613 εἰσποιησας
2765 4555 2924 4624 αύτῷ·
2987 4552 3167 4620 Οὗτοι,
3229 4555 3493 4625 Ἰωάννης,
3551 4558 3579 4614 ἠ
3627 4556 3848 4630 λαμπρὰ
