4032 6308
1408 361 1481 416 ῘΝ
1515 360 1576 416 S.
1613 357 1809 418 JOAN.
1851 361 2348 421 DAMASCENUM.

3445 363 3553 418 830

189 481 542 553 ὑπερτίθεμαι
569 502 582 515 ο
609 482 666 541 ὅς
715 483 817 554 γὰρ
853 487 973 556 περί
1021 491 1115 536 τοῦ
1167 484 1272 545 ἐνὸς
1324 488 1456 559 πρὸς
1518 483 1665 548 ἀξίαν
1721 486 1798 538 λέ·

1907 488 2160 544 universi
2180 489 2343 545 orbis
2361 487 2658 544 culturam
2707 491 2764 542 et
2813 486 3352 543 ecelesiasticorum
3398 485 3547 556 dog-

188 588 307 640 γειν
338 570 433 622 οὐκ
463 573 592 642 ἔχω,
619 570 673 622 τί
699 570 900 624 ποτ’ἆν
950 577 1191 646 γενοίμην
1241 579 1329 626 καὶ
1379 582 1489 636 τοῖς
1544 582 1635 627 τοῦ
1687 574 1795 627 ἐτί-

189 677 292 731 ρου
319 658 738 734 φιλοχωρήσαςς
771 660 935 723 ἄλλως
961 681 1016 714 τε
1070 668 1160 714 καὶ
1197 671 1292 725 τῆς
1332 668 1613 737 παροιμίας
1669 662 1796 721 ἀκη-

187 753 334 810 κοὼς
357 752 489 823 πρὸς
517 746 706 822 δύολμη
742 747 1092 818 ἀποδύεσθαι,
1151 754 1218 804 τὰ
1254 754 1388 804 κατὰ
1431 760 1613 806 τοῦτον
1660 772 1794 827 παρ-

194 838 326 908 ίημι
357 858 369 869 ·
428 834 796 910 δυσχεραίνων
847 843 937 911 μὲν
991 841 1070 901 οἷς
1111 841 1206 894 οὐκ
1257 840 1492 912 ἔξισχὺω
1547 841 1657 914 ἅμα
1706 847 1796 896 καὶ

191 924 394 998 ἀμφοῖν
450 925 803 997 ἐπιϐαλέσθαι,
843 933 942 981 καὶ
995 937 1094 982 τῶν
1149 929 1263 983 κατ’
1313 930 1502 991 αὐτοὺς
1572 929 1796 1002 ἀμφιλα-

192 1023 309 1086 φῶς
367 1011 688 1089 δράξασθαι,
742 1021 833 1069 καὶ
887 1017 962 1070 ἐνί
1009 1021 1178 1090 τούτῳ
1233 1019 1367 1091 λόγῳ
1413 1023 1480 1072 τά
1555 1021 1794 1093 ἑκατέρου

194 1099 450 1167 διεξιέναι
511 1106 952 1178 πλεονεκτήματα,
997 1113 1028 1166 ἦ
1079 1108 1268 1181 μᾶλλον
1319 1113 1386 1161 τὰ
1435 1111 1548 1161 θεῖα
1598 1112 1795 1162 τούτων

192 1195 329 1266 ἰργα
353 1199 443 1247 καὶ
478 1197 860 1268 κατορθώματα
891 1218 904 1230 ⁸
930 1196 1024 1249 οὐκ
1053 1200 1190 1269 ἔχων
1231 1195 1285 1250 δ’
1324 1200 1351 1250 ὃ
1415 1217 1467 1250 τι
1513 1204 1602 1251 καὶ
1666 1195 1795 1273 δρά-

195 1300 384 1354 σαιμι,
446 1287 574 1358 πρὸς
630 1287 697 1337 τά
750 1292 843 1337 τοῦ
893 1285 1130 1339 Ἰωάννου
1181 1292 1272 1340 καὶ
1328 1286 1481 1339 πάλιν
1537 1287 1792 1360 ἐπάνειμι,

189 1369 433 1442 ἀγωνιῶν
462 1392 516 1425 τε
538 1377 630 1426 καὶ
677 1383 984 1438 πνευστιῶν,
1033 1380 1124 1428 καὶ
1179 1375 1292 1438 ὅλος
1329 1383 1403 1446 τῷ
1444 1373 1630 1451 ἱδρῶτι
1678 1373 1795 1428 διὰ·

191 1459 419 1532 ϐρόχος,
470 1460 611 1514 ὡσάν
662 1482 746 1525 τις
798 1471 900 1515 τῶν
953 1461 1316 1517 διωδευκότων
1395 1467 1618 1539 μακρὰν,
1705 1471 1794 1517 καὶ

189 1553 521 1625 μακροτέραν
542 1549 847 1624 ἀφορώντων
867 1557 961 1610 τὴν
987 1553 1060 1614 εἰς
1085 1573 1143 1604 το
1160 1555 1473 1628 ἔμπροσθεν.

1905 581 2136 631 matum
2157 581 2506 632 sementem.
2537 578 2656 647 Ego
2685 579 2886 630 autem
2910 574 2984 630 de
3003 574 3224 629 eximio
3253 574 3469 630 Cosma
3487 573 3550 628 in

1904 665 2358 737 praesentiarum
2389 665 2585 721 dicere
2615 665 2840 730 omitto,
2873 662 3155 718 differens
3186 678 3324 717 eum
3369 666 3425 718 et
3485 663 3549 718 in

1905 753 2063 810 aliud
2089 757 2325 826 tempus
2353 755 2644 825 rejiciens.
2681 753 2790 820 Qui
2816 753 2976 808 enim
2999 751 3074 806 de
3127 766 3250 807 uno
3299 766 3409 822 pro
3464 750 3550 806 di-

1906 843 2128 914 gnitate
2153 843 2349 898 dicere
2371 858 2492 898 non
2518 842 2707 908 valeo,
2730 841 3075 914 qualisnam
3093 839 3459 910 exsisterem,
3487 840 3550 894 in

1903 932 2146 988 alterius
2163 932 2501 988 actionibus
2521 933 2598 988 ad
2618 932 2906 1003 placitum
2935 931 3294 986 immoratus
3311 931 3340 984 ?
3408 945 3547 984 cum

1904 1021 2265 1093 ceteroquin
2281 1021 2659 1092 proverbium
2683 1020 2994 1088 audierim,
3027 1019 3358 1074 Adversum
3393 1017 3549 1074 duos

1903 1126 1979 1166 ne
2008 1110 2260 1167 exuitor.
2304 1113 2384 1165 Ea
2419 1110 2595 1180 igitur
2641 1125 2778 1181 quae
2829 1108 2908 1164 ad
2955 1111 3239 1164 Cosmam
3278 1112 3550 1179 spectant

1903 1203 2190 1270 praetereo
2216 1218 2226 1264 ;
2261 1214 2418 1269 aegro
2443 1198 2690 1270 quidem
2718 1199 2921 1252 animo
2952 1196 3145 1252 ferens
3173 1196 3341 1268 quod
3371 1195 3550 1250 simul

1903 1287 2207 1342 ambobus
2229 1303 2527 1359 nequeam
2559 1284 2883 1351 intendere,
2911 1292 2970 1340 et
2996 1300 3091 1340 res
3122 1286 3201 1340 ah
3241 1286 3325 1340 eis
3353 1289 3550 1353 gestas

1902 1381 2155 1449 utraque
2184 1379 2271 1447 (ut
2298 1376 2532 1446 dicitur)
2561 1392 2747 1432 manu
2778 1375 3111 1447 complecti,
3139 1389 3382 1446 unaque
3419 1388 3547 1428 ora-

1902 1467 2062 1521 tione
2090 1481 2366 1521 enarrare
2405 1465 2832 1537 praerogativas
2860 1464 3189 1535 utriusque,
3219 1467 3325 1518 aut
3351 1461 3549 1534 potius

1902 1553 2109 1610 divina
2137 1569 2322 1626 opera
2346 1560 2599 1625 actaque
2629 1554 2888 1623 egregia.
2925 1555 3074 1608 Cum
3112 1552 3316 1623 itaque
3353 1549 3432 1606 ad
3487 1549 3548 1604 id

189 1637 507 1707 agendum
533 1640 646 1696 sim
676 1640 996 1713 impotens,
1027 1647 1289 1698 revertor
1319 1642 1397 1698 ad
1423 1643 1739 1712 Joannem,
1783 1644 1987 1700 animo
2019 1643 2098 1700 ad
2135 1643 2528 1699 defectionem
2569 1659 2761 1715 usque
2787 1641 3094 1707 laborans,
3125 1646 3306 1712 atque
3325 1637 3549 1694 anheli-

193 1730 326 1783 tum
351 1742 511 1798 aegre
539 1728 787 1796 ducens,
821 1735 880 1785 et
909 1734 1067 1787 totus
1091 1731 1309 1787 sudore
1334 1731 1634 1802 madidus,
1670 1731 1827 1788 velut
1864 1748 2073 1788 eorum
2101 1731 2318 1804 aliquis
2347 1731 2453 1804 qui
2479 1732 2725 1801 longam
2747 1730 2976 1786 emensi
3004 1729 3187 1794 viam,
3217 1727 3548 1797 longiorem

192 1821 337 1872 ante
356 1821 748 1888 conspectum
771 1819 1016 1875 habent.

274 1903 348 1958 ιε’.
409 1904 544 1959 Ἀλλ’
591 1905 699 1959 ἐπεί
736 1912 905 1960 τοίνυν
965 1910 993 1960 ό
1044 1908 1276 1968 Ἰωάννης
1328 1907 1476 1971 ἀξίου
1528 1917 1619 1961 τοῦ
1669 1929 1790 1962 παι-
1824 1911 1864 1964 Β

199 1988 414 2058 δευτοῦ,
445 2001 538 2046 τοῦ
585 1999 714 2048 Θεοῦ
771 1995 938 2057 καλῶς
977 2001 1427 2070 προνοησαμίνου,
1485 2000 1793 2068 τετύχηκεν,

197 2077 369 2154 ὔδωρ,
431 2083 459 2134 ὃ
506 2102 655 2154 φασι,
715 2092 1068 2157 κοταπρανοῦς
1119 2094 1190 2156 τῷ
1243 2093 1337 2146 τῆς
1393 2092 1554 2158 φορᾶς
1610 2085 1798 2138 ἀκατα-

198 2175 381 2242 σχέτῳ
407 2167 710 2243 διεδείχθη,
743 2174 773 2232 ἣ
826 2181 928 2246 πῦρ
986 2173 1037 2227 ἐν
1101 2173 1308 2247 καλάμη
1353 2183 1426 2245 τῷ
1481 2183 1580 2226 τῶν
1626 2176 1796 2248 μαθη-

197 2258 381 2332 μάτων
411 2257 448 2312 δ
449 2269 685 2335 ραστικῷ
718 2281 772 2314 τε
800 2267 890 2314 καὶ
917 2262 1294 2335 περιληπτικῷ,
1347 2266 1376 2322 ἠ
1428 2267 1473 2316 εἴ
1521 2283 1571 2316 τι
1627 2263 1687 2315 ἂν
1717 2267 1794 2322 εἴη

194 2348 326 2402 ἄλλο
384 2358 482 2402 τῶν
541 2349 694 2413 ὀξέως
739 2350 1043 2423 ἁπτομένων
1125 2351 1156 2410 ἢ
1223 2351 1624 2425 προϐαινόντων,
1707 2357 1798 2404 καὶ

197 2435 405 2510 σχεδόν
444 2441 924 2512 ύπερεκπιπτόντων
979 2445 1074 2498 τὴν
1119 2443 1371 2498 αἴσθησιν
1426 2463 1439 2474 ·
1493 2441 1681 2514 μᾶλλον
1737 2437 1798 2493 δε

195 2532 291 2580 καὶ
344 2531 411 2580 τά
456 2535 546 2589 τῆς
596 2534 881 2602 παροιμίας
935 2534 1184 2601 νενίκηκε,
1243 2535 1334 2582 καὶ
1384 2529 1798 2604 ὑπερϐαλλόντως

195 2619 264 2670 τὰ
319 2618 440 2671 καθ’
483 2617 770 2691 ὑπερϐολὴν
830 2618 1080 2691 λεγόμενα
1158 2619 1528 2694 παρελήλυθεν,
1608 2620 1795 2672 ἅπανθ’

195 2709 332 2780 ὁμοῦ
362 2707 623 2782 παρελθὼν
653 2710 720 2760 τὰ
745 2711 1048 2779 ταχύτατα,
1097 2705 1458 2784 παραδραμὼν
1515 2715 1604 2761 καὶ
1667 2729 1798 2766 πτη-

195 2804 296 2847 νῶν
326 2795 496 2848 αὐτῶν
526 2800 620 2853 τὴν
645 2797 913 2863 ὠκύτητα,
955 2801 1045 2850 καὶ
1073 2805 1324 2871 χαμερπῆ
1372 2817 1489 2850 τινα
1530 2801 1620 2849 καὶ
1661 2794 1797 2849 δυσ-

196 2883 387 2942 κίνητα
443 2886 711 2956 φαίνεσθαι
765 2883 931 2956 ἀφείς,
993 2890 1377 2960 συγκρινόμενα
1404 2907 1416 2919 ·
1467 2885 1662 2938 ἀλλα’ὃ
1730 2882 1798 2943 δη

196 2993 287 3045 μοι
322 2975 520 3026 ἔπεισιν
538 2972 627 3025 ἐπί
649 2976 848 3034 τούτοις
890 2972 1010 3048 ἐρῶ.
1039 2974 1168 3049 Ἐρῶ
1221 2983 1345 3046 γοῦν
1398 2977 1463 3035 ὡς
1525 2976 1656 3033 ὅσην
1701 2979 1796 3032 τὴν

197 3063 529 3133 ταχύτηταό
587 3070 705 3124 νοῦς
757 3063 976 3116 αὐτόθεν
1028 3063 1208 3135 αὐχεῖ,
1258 3063 1447 3136 μᾶλλον
1491 3060 1543 3115 δ’
1595 3065 1795 3120 ὁπόσην

199 3156 297 3210 τὴν
345 3150 670 3209 ἀεικινησίαν
717 3151 959 3220 πλουτεῖ,
1010 3155 1074 3212 ὡς
1117 3151 1206 3205 ἀπ’
1261 3152 1430 3226 ἀκρων
1487 3151 1672 3224 ἀθρόον
1724 3153 1798 3214 εἰς

194 3241 336 3315 οἶκρα
393 3237 726 3308 διικνεῖσθαι,
786 3245 878 3293 καὶ
923 3242 998 3303 εἰς
1053 3241 1207 3294 αὐτόν
1257 3240 1311 3294 ἐκ
1372 3250 1472 3294 τῶν
1530 3239 1660 3314 τῇδε
1705 3247 1795 3294 καὶ

193 3331 425 3382 κάτωθεν
471 3328 774 3402 ἀνατρέχειν
823 3333 910 3382 τόν
951 3330 1191 3405 οὐρανόν,
1245 3336 1332 3383 καὶ
1397 3332 1524 3404 ὑπὲρ
1601 3329 1794 3384 ἐκείνου

195 3415 246 3472 δ’
278 3417 438 3471 ἐνίοτε
466 3421 726 3490 γίνεσθαι,
765 3422 1026 3476 τοσαύτην
1051 3420 1080 3470 ό
1105 3418 1426 3494 αὐτόχρημα
1452 3427 1568 3482 νοῦς
1622 3421 1793 3472 Ἰωάν-

192 3527 310 3572 νης,
350 3507 524 3582 ὥσπερ
553 3512 626 3581 μὴ
673 3506 1150 3581 ἑπιπροσθούμενος
1198 3513 1406 3580 σὼματι
1450 3505 1589 3581 μηδὲ
1637 3513 1796 3583 σαρκί

192 3594 702 3670 παραποδιζόμενος,
773 3601 888 3669 περί
938 3599 1028 3657 τὰς
1085 3605 1155 3648 τῶ
1219 3599 1544 3669 μαθημάτων
1614 3597 1798 3656 ἀναλή-

194 3685 314 3757 ψεις
366 3682 650 3758 εύδρομίαν
696 3685 857 3757 ηὒχει
937 3691 1028 3737 καὶ
1100 3691 1389 3752 συντονίαν,
1471 3685 1798 3759 ἀπροσπταί-

201 3794 359 3842 στως,
392 3771 858 3849 ἀπαραποδίστως,
887 3773 1073 3848 ἀθρόον
1131 3775 1262 3847 ὁμοῦ
1311 3771 1463 3826 διιὼν
1518 3779 1796 3846 σύμπαντα

198 3870 290 3918 καὶ
339 3865 411 3926 εἰς
468 3864 632 3938 βάθος
697 3874 813 3939 τῶν,
855 3867 1123 3937 νοημάτων
1201 3874 1462 3918 κατανοῶν
1525 3866 1744 3918 ἕκαστον
1777 3887 1790 3898 ·

202 3960 305 4008 Καὶ
329 3975 420 4026 μοι
452 3951 623 4008 δοκεῖν
649 3953 744 4007 οὐκ
783 3952 1069 4015 ἀπεικότως
1133 3955 1194 4005 ἄν
1242 3954 1287 4006 εἰ
1350 3962 1529 4006 τοῦτον
1581 3953 1794 4006 Πλάτων

199 4047 432 4111 τεθέατο,
489 4049 583 4103 τὴν
635 4046 870 4116 μάθησιν
935 4042 1226 4116 ἀνάμνησιν
1293 4039 1629 4115 ἐδογμάτισε,
1706 4049 1796 4095 καὶ

203 4135 333 4195 ἰσως
362 4135 424 4184 ἄν
468 4129 668 4204 ἐδέχθη
718 4138 808 4184 καὶ
858 4135 1203 4206 πιθανώτερος
1256 4128 1403 4194 εδοξε
1433 4153 1445 4165 ·
1494 4140 1697 4204 παρῆκε
1745 4128 1796 4185 δ’

199 4220 260 4273 ἀν
294 4221 382 4274 ἐπὶ
425 4224 592 4292 τούτῳ
650 4224 716 4274 τὰ
762 4221 930 4293 φαῦλα
1003 4226 1094 4273 καὶ
1143 4223 1308 4295 μικρά
1369 4217 1795 4294 παραδείγματα,

199 4320 294 4364 τοῦ
323 4310 497 4364 ἐλαίου
529 4307 740 4369 δηλαδὴ
796 4313 856 4363 τό
896 4308 1096 4383 ἆψοφόν
1152 4329 1204 4362 τε
1246 4315 1334 4361 καὶ
1389 4307 1662 4382 εὐδρομον,
1709 4315 1798 4363 καὶ

197 4399 306 4453 ἀλλ’
353 4401 491 4452 ἄττα
547 4403 756 4462 τούτοις
801 4402 1098 4474 παρόμοια,
1148 4395 1442 4472 παιδαρίων
1485 4401 1798 4472 μικροφυὶαν

198 4493 334 4543 πάνυ
350 4496 649 4564 μικροφυῶς
679 4490 1087 4562 παριστάνοντα.

1975 1914 2058 1965 15.
2093 1912 2418 1982 Postquam
2441 1925 2586 1980 ergo
2621 1913 2880 1966 Joannes
2921 1907 3175 1978 dignum
3209 1915 3272 1961 se
3323 1919 3549 1977 praece-

1902 2005 2157 2071 ptorem,
2184 1998 2302 2054 Deo
2321 1999 2382 2054 id
2412 2005 2789 2070 procurante,
2816 2002 3029 2053 nactus
3057 2000 3151 2050 est
3185 2013 3200 2064 ;
3241 2007 3436 2066 aquae,
3485 1997 3550 2048 ut

1903 2090 2136 2155 dicitur,
2168 2104 2274 2160 per
2300 2088 2528 2144 declive
2552 2087 2758 2143 ﬂuenti
2784 2087 3064 2159 apparuit
3091 2084 3298 2140 similis
3321 2083 3548 2138 irrevo-

1905 2178 2082 2234 cabili
2129 2179 2357 2249 impetu
2413 2183 2470 2232 et
2515 2177 2689 2232 celeri
2745 2174 3278 2247 comprehensione
3323 2170 3552 2243 dicipli—

1905 2282 2152 2335 narum;
2176 2272 2281 2323 aut
2307 2268 2459 2322 sicut
2485 2266 2641 2336 ignis
2669 2266 2732 2320 in
2763 2264 3000 2336 stipula,
3025 2267 3131 2319 aut
3161 2264 3213 2317 si
3261 2260 3412 2334 quid
3461 2263 3550 2314 est

1906 2356 2070 2412 aliud
2089 2372 2322 2425 eorum,
2350 2372 2487 2428 quae
2525 2353 2972 2427 progredientia
3001 2352 3284 2416 celeriter,
3308 2349 3386 2406 ad
3430 2363 3552 2404 me-

1904 2449 2028 2501 tam
2043 2461 2220 2500 suam
2231 2446 2576 2517 pertingunt
2585 2441 3346 2511 celerrime,oculorumque
3360 2438 3550 2493 aciem

1905 2534 2089 2591 ferme
2107 2540 2490 2607 praevertunt.
2517 2533 2626 2598 Qui
2665 2534 2842 2589 etiam
2877 2531 3183 2604 superavit
3208 2545 3280 2586 ea
3324 2543 3461 2600 qua
3490 2527 3552 2581 in

1905 2618 2249 2695 exemplum
2279 2622 2605 2679 velocitatis
2630 2620 2906 2694 populari
2933 2634 3209 2675 sermone
3250 2629 3552 2688 usurpan-

1905 2715 2020 2777 tur,
2052 2717 2109 2767 ct
2167 2727 2305 2783 qua)
2348 2711 2732 2784 hyperbolice
2775 2709 3162 2766 adducuntur
3209 2705 3545 2771 antecessit,

1904 2815 2116 2856 omnes
2139 2800 2385 2856 insimul
2413 2805 2568 2856 artes
2593 2799 2879 2854 citissime
2905 2811 3210 2864 emensus,
3257 2795 3551 2867 ipsasque

1905 2894 2268 2960 prmvertens
2293 2889 2593 2956 volucres,
2616 2893 2796 2960 atque
2809 2886 3095 2953 efﬁciens,
3109 2889 3175 2940 ut
3187 2884 3421 2940 collatae
3458 2896 3550 2936 se-

1905 2992 2066 3043 cum,
2091 2977 2377 3034 animalia
2395 2976 2681 3049 quaadam
2707 2974 3055 3044 tardigrada
3091 2977 3197 3029 aut
3233 2970 3403 3026 humi
3459 2984 3549 3023 re-

1903 3067 2108 3138 pentia
2125 3072 2374 3138 possent
2397 3065 2605 3121 videri.
2632 3065 2887 3120 Dixerim
2909 3077 3054 3133 ergo
3095 3059 3263 3132 quod
3317 3062 3549 3130 quanta

1904 3155 2200 3210 celeritate
2228 3155 2513 3224 gloriatur
2536 3153 2796 3225 spiritus,
2821 3156 3169 3224 quantaque
3189 3147 3375 3220 pollet
3421 3146 3548 3215 agi-

1827 3247 1866 3301 C
1902 3243 2082 3308 litate,
2113 3247 2176 3299 ut
2202 3243 2281 3299 ab
2311 3242 2589 3298 extremis
2619 3241 2697 3298 ad
2746 3246 3012 3298 extrema
3061 3239 3259 3294 subito
3321 3237 3551 3308 impetu

1902 3336 2187 3401 transeat,
2213 3337 2271 3388 et
2297 3332 2360 3387 in
2381 3330 2602 3387 coelum
2619 3332 2818 3404 ipsum
2851 3329 2930 3385 ab
2951 3325 3334 3384 inferioribus
3385 3325 3550 3380 hisce

1902 3421 2175 3493 partibus
2211 3435 2544 3488 recurrens,
2574 3418 2876 3475 interdum
2917 3432 3099 3489 super
3133 3415 3282 3471 illud
3339 3413 3553 3470 consti-

1903 3513 2105 3565 tuatur
2125 3523 2148 3580 ,'
2168 3514 2336 3564 tanta
2363 3509 2545 3565 etiam
2567 3509 2852 3573 Joannes,
2895 3507 3000 3579 qui
3050 3510 3178 3561 erat
3221 3503 3402 3560 veluti
3443 3516 3550 3574 pu-

1902 3615 2006 3654 rus
2033 3597 2296 3669 spiritus,
2320 3612 2444 3654 non
2461 3597 2892 3654 obtenebratus
2915 3609 3165 3667 corpore
3192 3607 3389 3665 neque
3443 3590 3550 3645 im-

1903 3687 2138 3760 plicitus
2193 3687 2448 3743 vinculis
2487 3687 2712 3751 carnis,
2770 3685 3012 3756 gloriari
3071 3686 3303 3756 poterat
3342 3693 3552 3736 cursus

1903 3776 2176 3832 felicitate
2200 3777 2702 3848 contentioneque
2729 3775 2889 3831 circa
2942 3772 3279 3829 liberalium
3334 3768 3552 3824 artium

1902 3865 2304 3936 disciplinam,
2319 3879 2622 3936 nusquam
2645 3863 2872 3934 labens,
2897 3875 3205 3932 nusquam
3219 3856 3551 3925 offendens,

1907 3953 2016 4010 sed
2039 3954 2246 4010 omnia
2264 3953 2547 4009 continuo
2567 3953 2794 4023 impetu
2826 3949 3251 4023 pertransiens,
3277 3951 3336 4001 et
3363 3959 3554 4016 usque

1906 4044 1983 4101 ad
2013 4042 2386 4116 profundum
2413 4056 2916 4114 quarumcunque
2971 4038 3318 4094 notitiarum
3356 4038 3555 4088 mente

1905 4132 2260 4205 pervadens.
2300 4134 2426 4187 Non
2464 4131 2790 4198 incongrue
2811 4129 3008 4198 igitur,
3051 4126 3100 4182 si
3129 4125 3293 4181 hunc
3318 4122 3559 4178 vidisset

1908 4221 2096 4288 Plato,
2126 4220 2462 4275 doctrinam
2491 4234 2621 4274 esse
2642 4217 3143 4274 reminiscentiam
3171 4211 3554 4278 deﬁnivisset,

1909 4315 1966 4366 et
1992 4309 2241 4364 fortasse
2278 4307 2594 4364 meruisset
2647 4306 2910 4380 probari,
2973 4304 3166 4375 magis
3221 4298 3557 4357 verosimile

1907 4397 2057 4470 quid
2082 4397 2250 4469 loqui
2277 4396 2460 4459 visus,
2483 4412 2670 4468 quam
2719 4395 2764 4450 si
2812 4397 3224 4467 proposuisset
3270 4387 3557 4464 quaedam

1909 4485 2198 4556 ignobilia
2225 4501 2534 4558 parvaque
2558 4483 2856 4558 exempla,
2883 4488 3030 4556 puta
3053 4482 3327 4538 silentem
3355 4495 3428 4536 ac
3472 4478 3558 4534 fa-

197 4578 373 4636 cilem
410 4577 525 4634 olei
563 4576 804 4634 ﬂuentis
834 4592 1104 4644 cursum,
1135 4579 1194 4634 et
1224 4575 1456 4648 reliqua
1491 4575 1587 4632 his
1631 4574 1866 4647 similia,
1911 4573 2346 4632 infantulorum
2375 4580 2554 4632 tenue
2604 4573 2916 4645 ingenium
2963 4571 3139 4629 valde
3185 4570 3410 4627 exiliter
3455 4583 3559 4624 ex-

196 4666 541 4741 primentia.

271 4841 364 4908 ις’.
393 4846 498 4900 Τήν
527 4861 582 4894 τε
627 4847 717 4895 καὶ
755 4844 859 4916 γὰρ
923 4841 1196 4913 ἐγκύκλιον
1249 4837 1533 4896 παίδευσιν
1584 4841 1796 4895 ἅπασαν
1828 4843 1873 4897 D

201 4932 443 5006 ἀχρόνως
493 4927 693 5004 σχεδόν
748 4931 1120 5005 ἠκριϐώσατο⁶
1184 4930 1233 4984 ἓν
1285 4929 1471 5004 ἀκαρεῖ
1526 4934 1625 5005 γὰρ
1706 4936 1797 4983 καὶ

199 5026 395 5096 μετρίῳ
455 5024 588 5074 πάνυ
655 5029 728 5091 τῷ
792 5026 970 5093 χρόνῳ
1026 5025 1157 5095 πρός
1209 5021 1546 5093 Ἐλληνισμόν
1596 5040 1650 5072 τε
1702 5025 1796 5079 τὴν

198 5111 429 5185 γλῶτταν
486 5109 788 5185 ἐῤῥύθμισε,
836 5115 927 5162 καὶ
1003 5114 1209 5183 συχνὴν
1286 5112 1522 5182 ἱστορίαν
1599 5105 1799 5163 ἐνθένδε

203 5199 528 5272 συνειληχως
565 5203 660 5261 τὰς
713 5203 898 5274 φρένας
944 5202 1248 5252 πεπύκνωτο
1277 5220 1290 5232 ·
1341 5200 1541 5271 μύθους
1597 5195 1658 5250 δε
1707 5204 1798 5251 καὶ

198 5290 382 5363 λόγους
456 5289 777 5362 πλασμάτων
870 5287 1256 5362 ἀναλεξάμενος,
1363 5287 1612 5362 φλυαρίας

195 5377 496 5440 Ἑλληνικῆς
541 5384 879 5451 κατεγνώκει,
936 5387 1211 5454 προσφυῶς
1259 5374 1310 5430 δ’
1359 5377 1583 5430 ἐντεῦθεν
1641 5375 1797 5435 ἀλλη-

194 5475 364 5543 γορεῐν
395 5469 698 5540 θαυμασίως
722 5469 853 5540 ἄγαν
881 5466 1190 5534 ἓξήσκηται,
1221 5469 1357 5520 ἔνθεν
1407 5462 1468 5519 δέ
1519 5470 1606 5518 καὶ
1667 5470 1797 5541 πρός

194 5553 476 5629 ὑποδοχὴν
527 5555 779 5630 εὐτρεπὴς
844 5559 1091 5628 μειζόνων
1173 5559 1468 5627 γεγένηται,
1544 5552 1795 5625 ὑψηλοτέ-

188 5667 316 5724 ρων,
345 5645 500 5718 λέγω,
521 5647 842 5718 μαθημάτων
899 5649 989 5697 καὶ
1038 5643 1402 5715 καταλήψεων.
1461 5642 1643 5696 Τοίνυν
1699 5648 1788 5696 καὶ

1981 4847 2066 4898 l6.
2100 4841 2452 4897 Universum
2482 4855 2750 4914 namque
2797 4839 3008 4896 orbem
3043 4835 3389 4893 litterarium
3437 4833 3559 4891 fere

1898 4930 2036 5002 sine
2061 4929 2348 5002 temporis
2374 4931 2568 5002 spatio
2596 4928 2872 4994 absolvit,
2901 4932 2959 4983 et
3011 4925 3182 4997 qussi
3227 4927 3560 4979 momenta-

1906 5036 2040 5078 neo.
2066 5027 2218 5076 certe
2247 5036 2540 5092 perquam
2587 5019 2754 5074 brevi
2801 5017 3084 5088 temporis
3130 5013 3437 5084 impendio
3483 5011 3559 5067 ad

1908 5111 2089 5168 Graeci
2113 5109 2410 5166 sermonis
2429 5124 2606 5164 usum
2627 5105 3028 5164 conformavit
3050 5103 3352 5172 linguam;
3406 5101 3560 5156 mul-

1906 5203 2155 5270 tamque
2186 5198 2591 5269 cognitionem
2638 5197 2776 5250 hinc
2834 5193 3108 5264 adeptus,
3163 5205 3234 5245 ea
3295 5194 3558 5245 mentem

1905 5287 2214 5343 instruxit:
2244 5285 2411 5342 lectis
2431 5299 2573 5340 vero
2599 5282 2817 5339 fabulis
2834 5280 3276 5351 figmentisque,
3324 5280 3560 5333 Graecas

1906 5376 2151 5450 quidem
2165 5391 2363 5446 nugas
2382 5373 2713 5438 damnavit,
2747 5371 2806 5426 in
2830 5368 3149 5439 allegorica
3170 5374 3374 5424 tamen
3394 5367 3559 5423 locu-

1904 5466 2066 5522 tione
2093 5465 2373 5537 apparuit
2397 5463 2487 5519 vel
2540 5461 2755 5516 exinde
2793 5457 3144 5515 mirabiliter
3184 5457 3558 5522 exercitatus,

1902 5560 2083 5627 atque
2112 5554 2190 5610 ad
2217 5553 2664 5624 susceptionem
2694 5549 2994 5620 majorum
3019 5546 3291 5619 idoneus,
3350 5547 3429 5602 ad
3463 5561 3561 5600 su-

1897 5641 2245 5700 blimiorum
2271 5639 2407 5697 dico
2450 5637 2905 5712 disciplinarum
2953 5635 3558 5711 speculationumquo
