  <div class='ocr_page' id='page_1' title='image "/cluster/home/n/w/nwhite01/storage/ocr_20150623/140/pst.000005714568/459.png"; bbox 0 0 4032 6308; ppageno 0'>
   <div class='ocr_carea' id='block_1_1' title="bbox 477 314 576 374">
    <p class='ocr_par' dir='ltr' id='par_1_1' title="bbox 477 314 576 374">
     <span class='ocr_line' id='line_1_1' title="bbox 477 314 576 374; baseline 0.02 -2"><span class='ocrx_word' id='word_1_1' title='bbox 477 314 576 374; x_wconf 78' lang='grc'><strong>831</strong></span> 
     </span>
    </p>
   </div>
   <div class='ocr_carea' id='block_1_2' title="bbox 1675 303 2647 368">
    <p class='ocr_par' dir='ltr' id='par_1_2' title="bbox 1675 303 2647 368">
     <span class='ocr_line' id='line_1_2' title="bbox 1675 303 2647 368; baseline 0 -4"><span class='ocrx_word' id='word_1_2' title='bbox 1675 303 2134 368; x_wconf 70' lang='lat' dir='ltr'><strong>CONSTANTINI</strong></span> <span class='ocrx_word' id='word_1_3' title='bbox 2171 304 2647 368; x_wconf 73' lang='lat' dir='ltr'><strong>ACROPOLITE.</strong></span> 
     </span>
    </p>
   </div>
   <div class='ocr_carea' id='block_1_3' title="bbox 3755 313 3883 369">
    <p class='ocr_par' dir='ltr' id='par_1_3' title="bbox 3755 313 3883 369">
     <span class='ocr_line' id='line_1_3' title="bbox 3755 313 3883 369; baseline 0 -3"><span class='ocrx_word' id='word_1_4' title='bbox 3755 313 3883 369; x_wconf 78' lang='lat'><strong>832</strong></span> 
     </span>
    </p>
   </div>
   <div class='ocr_carea' id='block_1_4' title="bbox 482 427 2134 515">
    <p class='ocr_par' dir='ltr' id='par_1_4' title="bbox 482 435 2133 515">
     <span class='ocr_line' id='line_1_4' title="bbox 482 435 2133 515; baseline -0.004 -18"><span class='ocrx_word' id='word_1_5' title='bbox 482 440 1103 515; x_wconf 80' lang='lat' dir='ltr'><strong>comprehensionem.</strong></span> <span class='ocrx_word' id='word_1_6' title='bbox 1126 442 1191 496; x_wconf 92' lang='lat' dir='ltr'><strong>In</strong></span> <span class='ocrx_word' id='word_1_7' title='bbox 1219 437 1512 496; x_wconf 86' lang='lat' dir='ltr'><strong>divisione</strong></span> <span class='ocrx_word' id='word_1_8' title='bbox 1545 435 1748 510; x_wconf 98' lang='lat' dir='ltr'><strong>itaque</strong></span> <span class='ocrx_word' id='word_1_9' title='bbox 1768 449 1976 492; x_wconf 90' lang='lat' dir='ltr'><strong>earum</strong></span> <span class='ocrx_word' id='word_1_10' title='bbox 1996 447 2133 507; x_wconf 88' lang='lat' dir='ltr'><strong>par-</strong></span> 
     </span>
    </p>
   </div>
   <div class='ocr_carea' id='block_1_5' title="bbox 2245 427 3881 515">
    <p class='ocr_par' dir='ltr' id='par_1_5' title="bbox 2245 427 3881 510">
     <span class='ocr_line' id='line_1_5' title="bbox 2245 427 3881 510; baseline 0.002 -25"><span class='ocrx_word' id='word_1_11' title='bbox 2245 427 2500 505; x_wconf 83' lang='grc' dir='ltr'>διαιρέσει</span> <span class='ocrx_word' id='word_1_12' title='bbox 2554 440 2654 487; x_wconf 81' lang='grc' dir='ltr'><strong>τῶν</strong></span> <span class='ocrx_word' id='word_1_13' title='bbox 2697 438 2793 496; x_wconf 79' lang='grc' dir='ltr'>τῆς</span> <span class='ocrx_word' id='word_1_14' title='bbox 2841 436 3131 510; x_wconf 84' lang='grc' dir='ltr'>πυριπνόου</span> <span class='ocrx_word' id='word_1_15' title='bbox 3179 433 3264 506; x_wconf 70' lang='lat'><strong>(5)</strong></span> <span class='ocrx_word' id='word_1_16' title='bbox 3320 433 3607 508; x_wconf 82' lang='grc' dir='ltr'>κεφαλαίων</span> <span class='ocrx_word' id='word_1_17' title='bbox 3692 434 3881 508; x_wconf 63' lang='grc' dir='ltr'>ἔγγυ-</span> 
     </span>
    </p>
   </div>
   <div class='ocr_carea' id='block_1_6' title="bbox 482 523 2130 604">
    <p class='ocr_par' dir='ltr' id='par_1_6' title="bbox 482 523 2130 604">
     <span class='ocr_line' id='line_1_6' title="bbox 482 523 2130 604; baseline -0.004 -18"><span class='ocrx_word' id='word_1_18' title='bbox 482 530 653 602; x_wconf 89' lang='lat' dir='ltr'><strong>tium,</strong></span> <span class='ocrx_word' id='word_1_19' title='bbox 686 546 840 604; x_wconf 89' lang='lat' dir='ltr'><strong>quas</strong></span> <span class='ocrx_word' id='word_1_20' title='bbox 876 530 1079 603; x_wconf 80' lang='lat' dir='ltr'><strong>ignem</strong></span> <span class='ocrx_word' id='word_1_21' title='bbox 1127 529 1362 602; x_wconf 84' lang='lat' dir='ltr'><strong>spirans</strong></span> <span class='ocrx_word' id='word_1_22' title='bbox 1408 526 1665 586; x_wconf 80' lang='lat' dir='ltr'><strong>facultas</strong></span> <span class='ocrx_word' id='word_1_23' title='bbox 1691 523 2130 597; x_wconf 81' lang='lat' dir='ltr'><strong>complectitur,</strong></span> 
     </span>
    </p>
   </div>
   <div class='ocr_carea' id='block_1_7' title="bbox 482 613 2132 694">
    <p class='ocr_par' dir='ltr' id='par_1_7' title="bbox 482 613 2132 694">
     <span class='ocr_line' id='line_1_7' title="bbox 482 613 2132 694; baseline -0.006 -17"><span class='ocrx_word' id='word_1_24' title='bbox 482 620 745 694; x_wconf 83' lang='lat' dir='ltr'><strong>perbene</strong></span> <span class='ocrx_word' id='word_1_25' title='bbox 787 623 1076 687; x_wconf 88' lang='lat' dir='ltr'><strong>versatus,</strong></span> <span class='ocrx_word' id='word_1_26' title='bbox 1137 617 1421 691; x_wconf 87' lang='lat' dir='ltr'><strong>inspectis</strong></span> <span class='ocrx_word' id='word_1_27' title='bbox 1473 617 1818 675; x_wconf 80' lang='lat' dir='ltr'><strong>orationum</strong></span> <span class='ocrx_word' id='word_1_28' title='bbox 1858 613 2007 671; x_wconf 90' lang='lat' dir='ltr'><strong>ideis</strong></span> <span class='ocrx_word' id='word_1_29' title='bbox 2061 627 2132 668; x_wconf 89' lang='lat' dir='ltr'><strong>ac</strong></span> 
     </span>
    </p>
   </div>
   <div class='ocr_carea' id='block_1_8' title="bbox 482 704 2131 779">
    <p class='ocr_par' dir='ltr' id='par_1_8' title="bbox 482 704 2131 779">
     <span class='ocr_line' id='line_1_8' title="bbox 482 704 2131 779; baseline -0.005 -13"><span class='ocrx_word' id='word_1_30' title='bbox 482 709 800 776; x_wconf 85' lang='lat' dir='ltr'><strong>methodis,</strong></span> <span class='ocrx_word' id='word_1_31' title='bbox 827 708 1062 778; x_wconf 83' lang='lat' dir='ltr'><strong>collegit</strong></span> <span class='ocrx_word' id='word_1_32' title='bbox 1077 723 1150 765; x_wconf 86' lang='lat' dir='ltr'><strong>ex</strong></span> <span class='ocrx_word' id='word_1_33' title='bbox 1178 707 1249 764; x_wconf 90' lang='lat' dir='ltr'><strong>iis</strong></span> <span class='ocrx_word' id='word_1_34' title='bbox 1270 708 1460 765; x_wconf 87' lang='lat' dir='ltr'><strong>obiter</strong></span> <span class='ocrx_word' id='word_1_35' title='bbox 1477 705 1873 779; x_wconf 83' lang='lat' dir='ltr'><strong>multiplicem</strong></span> <span class='ocrx_word' id='word_1_36' title='bbox 1917 704 2131 760; x_wconf 84' lang='lat' dir='ltr'><strong>inven-</strong></span> 
     </span>
    </p>
   </div>
   <div class='ocr_carea' id='block_1_9' title="bbox 481 795 2133 871">
    <p class='ocr_par' dir='ltr' id='par_1_9' title="bbox 481 795 2133 871">
     <span class='ocr_line' id='line_1_9' title="bbox 481 795 2133 871; baseline -0.004 -15"><span class='ocrx_word' id='word_1_37' title='bbox 481 799 714 856; x_wconf 89' lang='lat' dir='ltr'><strong>tionum</strong></span> <span class='ocrx_word' id='word_1_38' title='bbox 744 797 982 871; x_wconf 90' lang='lat' dir='ltr'><strong>copiam</strong></span> <span class='ocrx_word' id='word_1_39' title='bbox 995 797 1508 871; x_wconf 84' lang='lat' dir='ltr'><strong>afﬂuentiamque,</strong></span> <span class='ocrx_word' id='word_1_40' title='bbox 1535 795 1697 852; x_wconf 87' lang='lat' dir='ltr'><strong>velut</strong></span> <span class='ocrx_word' id='word_1_41' title='bbox 1725 798 2022 852; x_wconf 85' lang='lat' dir='ltr'><strong>mercator</strong></span> <span class='ocrx_word' id='word_1_42' title='bbox 2046 807 2133 850; x_wconf 90' lang='lat' dir='ltr'><strong>se-</strong></span> 
     </span>
    </p>
   </div>
   <div class='ocr_carea' id='block_1_10' title="bbox 481 880 2130 959">
    <p class='ocr_par' dir='ltr' id='par_1_10' title="bbox 481 880 2130 959">
     <span class='ocr_line' id='line_1_10' title="bbox 481 880 2130 959; baseline -0.004 -15"><span class='ocrx_word' id='word_1_43' title='bbox 481 886 680 956; x_wconf 89' lang='lat' dir='ltr'><strong>dulus,</strong></span> <span class='ocrx_word' id='word_1_44' title='bbox 701 887 804 959; x_wconf 88' lang='lat' dir='ltr'><strong>qui</strong></span> <span class='ocrx_word' id='word_1_45' title='bbox 819 886 899 943; x_wconf 91' lang='lat' dir='ltr'><strong>ad</strong></span> <span class='ocrx_word' id='word_1_46' title='bbox 924 887 1110 943; x_wconf 89' lang='lat' dir='ltr'><strong>alium</strong></span> <span class='ocrx_word' id='word_1_47' title='bbox 1134 880 1809 958; x_wconf 89' lang='lat' dir='ltr'><strong>tendenslocuminquo</strong></span> <span class='ocrx_word' id='word_1_48' title='bbox 1838 897 2130 954; x_wconf 86' lang='lat' dir='ltr'><strong>magnum</strong></span> 
     </span>
    </p>
   </div>
   <div class='ocr_carea' id='block_1_11' title="bbox 481 970 2132 1049">
    <p class='ocr_par' dir='ltr' id='par_1_11' title="bbox 481 970 2132 1049">
     <span class='ocr_line' id='line_1_11' title="bbox 481 970 2132 1049; baseline -0.002 -18"><span class='ocrx_word' id='word_1_49' title='bbox 481 977 681 1049; x_wconf 81' lang='lat' dir='ltr'><strong>sperat</strong></span> <span class='ocrx_word' id='word_1_50' title='bbox 706 974 941 1034; x_wconf 87' lang='lat' dir='ltr'><strong>lucrum</strong></span> <span class='ocrx_word' id='word_1_51' title='bbox 971 974 1188 1042; x_wconf 87' lang='lat' dir='ltr'><strong>facere,</strong></span> <span class='ocrx_word' id='word_1_52' title='bbox 1221 974 1411 1031; x_wconf 91' lang='lat' dir='ltr'><strong>sicubi</strong></span> <span class='ocrx_word' id='word_1_53' title='bbox 1439 989 1544 1047; x_wconf 92' lang='lat' dir='ltr'><strong>per</strong></span> <span class='ocrx_word' id='word_1_54' title='bbox 1565 973 1728 1030; x_wconf 87' lang='lat' dir='ltr'><strong>viam</strong></span> <span class='ocrx_word' id='word_1_55' title='bbox 1759 971 1908 1044; x_wconf 91' lang='lat' dir='ltr'><strong>quid</strong></span> <span class='ocrx_word' id='word_1_56' title='bbox 1949 970 2132 1027; x_wconf 79' lang='lat' dir='ltr'><strong>offen-</strong></span> 
     </span>
    </p>
   </div>
   <div class='ocr_carea' id='block_1_12' title="bbox 481 1062 2130 1136">
    <p class='ocr_par' dir='ltr' id='par_1_12' title="bbox 481 1062 2130 1136">
     <span class='ocr_line' id='line_1_12' title="bbox 481 1062 2130 1136; baseline -0.002 -16"><span class='ocrx_word' id='word_1_57' title='bbox 481 1065 634 1120; x_wconf 91' lang='lat' dir='ltr'><strong>derit</strong></span> <span class='ocrx_word' id='word_1_58' title='bbox 661 1063 1012 1136; x_wconf 87' lang='lat' dir='ltr'><strong>neutiquam</strong></span> <span class='ocrx_word' id='word_1_59' title='bbox 1038 1063 1568 1132; x_wconf 88' lang='lat' dir='ltr'><strong>contemnendum,</strong></span> <span class='ocrx_word' id='word_1_60' title='bbox 1590 1077 1714 1119; x_wconf 90' lang='lat' dir='ltr'><strong>non</strong></span> <span class='ocrx_word' id='word_1_61' title='bbox 1742 1064 1978 1119; x_wconf 88' lang='lat' dir='ltr'><strong>recusat</strong></span> <span class='ocrx_word' id='word_1_62' title='bbox 2001 1062 2130 1132; x_wconf 90' lang='lat' dir='ltr'><strong>ejus</strong></span> 
     </span>
    </p>
   </div>
   <div class='ocr_carea' id='block_1_13' title="bbox 483 1151 2131 1221">
    <p class='ocr_par' dir='ltr' id='par_1_13' title="bbox 483 1151 2131 1221">
     <span class='ocr_line' id='line_1_13' title="bbox 483 1151 2131 1221; baseline -0.002 -11"><span class='ocrx_word' id='word_1_63' title='bbox 483 1169 668 1210; x_wconf 81' lang='lat' dir='ltr'><strong>causa</strong></span> <span class='ocrx_word' id='word_1_64' title='bbox 694 1152 992 1210; x_wconf 85' lang='lat' dir='ltr'><strong>tantillum</strong></span> <span class='ocrx_word' id='word_1_65' title='bbox 1037 1153 1121 1209; x_wconf 89' lang='lat' dir='ltr'><strong>ibi</strong></span> <span class='ocrx_word' id='word_1_66' title='bbox 1179 1153 1557 1210; x_wconf 88' lang='lat' dir='ltr'><strong>commorari.</strong></span> <span class='ocrx_word' id='word_1_67' title='bbox 1617 1152 1703 1208; x_wconf 88' lang='lat' dir='ltr'><strong>Ita</strong></span> <span class='ocrx_word' id='word_1_68' title='bbox 1756 1166 1900 1221; x_wconf 90' lang='lat' dir='ltr'><strong>ergo</strong></span> <span class='ocrx_word' id='word_1_69' title='bbox 1951 1151 2131 1208; x_wconf 87' lang='lat' dir='ltr'><strong>etiam</strong></span> 
     </span>
    </p>
   </div>
   <div class='ocr_carea' id='block_1_14' title="bbox 483 1240 2131 1314">
    <p class='ocr_par' dir='ltr' id='par_1_14' title="bbox 483 1240 2131 1314">
     <span class='ocr_line' id='line_1_14' title="bbox 483 1240 2131 1314; baseline -0.001 -16"><span class='ocrx_word' id='word_1_70' title='bbox 483 1247 764 1311; x_wconf 86' lang='lat' dir='ltr'><strong>Joannes,</strong></span> <span class='ocrx_word' id='word_1_71' title='bbox 838 1242 1199 1300; x_wconf 86' lang='lat' dir='ltr'><strong>rhetoricam</strong></span> <span class='ocrx_word' id='word_1_72' title='bbox 1274 1242 1704 1314; x_wconf 68' lang='lat' dir='ltr'><strong>rhetoricaaque</strong></span> <span class='ocrx_word' id='word_1_73' title='bbox 1815 1240 2131 1298; x_wconf 88' lang='lat' dir='ltr'><strong>methodos</strong></span> 
     </span>
    </p>
   </div>
   <div class='ocr_carea' id='block_1_15' title="bbox 482 1329 2131 1406">
    <p class='ocr_par' dir='ltr' id='par_1_15' title="bbox 482 1329 2131 1406">
     <span class='ocr_line' id='line_1_15' title="bbox 482 1329 2131 1406; baseline -0.001 -18"><span class='ocrx_word' id='word_1_74' title='bbox 482 1347 731 1406; x_wconf 90' lang='lat' dir='ltr'><strong>quoquo</strong></span> <span class='ocrx_word' id='word_1_75' title='bbox 748 1332 929 1389; x_wconf 92' lang='lat' dir='ltr'><strong>modo</strong></span> <span class='ocrx_word' id='word_1_76' title='bbox 950 1336 1271 1398; x_wconf 89' lang='lat' dir='ltr'><strong>mercatus,</strong></span> <span class='ocrx_word' id='word_1_77' title='bbox 1284 1332 1569 1389; x_wconf 88' lang='lat' dir='ltr'><strong>continuo</strong></span> <span class='ocrx_word' id='word_1_78' title='bbox 1581 1330 1659 1387; x_wconf 87' lang='lat' dir='ltr'><strong>ad</strong></span> <span class='ocrx_word' id='word_1_79' title='bbox 1683 1329 2131 1403; x_wconf 89' lang='lat' dir='ltr'><strong>philosophiam</strong></span> 
     </span>
    </p>
   </div>
   <div class='ocr_carea' id='block_1_16' title="bbox 484 1415 2134 1494">
    <p class='ocr_par' dir='ltr' id='par_1_16' title="bbox 484 1415 2134 1494">
     <span class='ocr_line' id='line_1_16' title="bbox 484 1415 2134 1494; baseline -0.003 -14"><span class='ocrx_word' id='word_1_80' title='bbox 484 1415 755 1480; x_wconf 81' lang='lat' dir='ltr'><strong>accurrit.</strong></span> <span class='ocrx_word' id='word_1_81' title='bbox 789 1425 858 1479; x_wconf 87' lang='lat' dir='ltr'><strong>Et</strong></span> <span class='ocrx_word' id='word_1_82' title='bbox 879 1422 1144 1494; x_wconf 89' lang='lat' dir='ltr'><strong>primum</strong></span> <span class='ocrx_word' id='word_1_83' title='bbox 1172 1422 1419 1493; x_wconf 89' lang='lat' dir='ltr'><strong>quidem</strong></span> <span class='ocrx_word' id='word_1_84' title='bbox 1450 1421 1631 1492; x_wconf 89' lang='lat' dir='ltr'><strong>hujus</strong></span> <span class='ocrx_word' id='word_1_85' title='bbox 1666 1419 2018 1494; x_wconf 88' lang='lat' dir='ltr'><strong>primordia,</strong></span> <span class='ocrx_word' id='word_1_86' title='bbox 2042 1435 2134 1475; x_wconf 89' lang='lat' dir='ltr'><strong>ra-</strong></span> 
     </span>
    </p>
   </div>
   <div class='ocr_carea' id='block_1_17' title="bbox 484 1507 2133 1582">
    <p class='ocr_par' dir='ltr' id='par_1_17' title="bbox 484 1507 2133 1582">
     <span class='ocr_line' id='line_1_17' title="bbox 484 1507 2133 1582; baseline -0.003 -14"><span class='ocrx_word' id='word_1_87' title='bbox 484 1510 764 1568; x_wconf 87' lang='lat' dir='ltr'><strong>tionalem</strong></span> <span class='ocrx_word' id='word_1_88' title='bbox 787 1510 1007 1568; x_wconf 89' lang='lat' dir='ltr'><strong>scilicet</strong></span> <span class='ocrx_word' id='word_1_89' title='bbox 1029 1511 1372 1567; x_wconf 79' lang='lat' dir='ltr'><strong>facultatem</strong></span> <span class='ocrx_word' id='word_1_90' title='bbox 1397 1514 1603 1567; x_wconf 85' lang='lat' dir='ltr'><strong>exacte</strong></span> <span class='ocrx_word' id='word_1_91' title='bbox 1623 1509 1924 1582; x_wconf 85' lang='lat' dir='ltr'><strong>perdiscit,</strong></span> <span class='ocrx_word' id='word_1_92' title='bbox 1983 1507 2133 1579; x_wconf 87' lang='lat' dir='ltr'><strong>ﬁgu-</strong></span> 
     </span>
    </p>
   </div>
   <div class='ocr_carea' id='block_1_18' title="bbox 482 1597 2134 1673">
    <p class='ocr_par' dir='ltr' id='par_1_18' title="bbox 482 1597 2134 1673">
     <span class='ocr_line' id='line_1_18' title="bbox 482 1597 2134 1673; baseline -0.001 -17"><span class='ocrx_word' id='word_1_93' title='bbox 482 1617 582 1656; x_wconf 91' lang='lat' dir='ltr'><strong>ras</strong></span> <span class='ocrx_word' id='word_1_94' title='bbox 617 1600 1128 1673; x_wconf 89' lang='lat' dir='ltr'><strong>resolutionesque</strong></span> <span class='ocrx_word' id='word_1_95' title='bbox 1145 1599 1634 1671; x_wconf 78' lang='lat' dir='ltr'><strong>syllogismorum</strong></span> <span class='ocrx_word' id='word_1_96' title='bbox 1657 1597 1946 1671; x_wconf 84' lang='lat' dir='ltr'><strong>explorat,</strong></span> <span class='ocrx_word' id='word_1_97' title='bbox 1997 1614 2134 1672; x_wconf 86' lang='lat' dir='ltr'><strong>pro-</strong></span> 
     </span>
    </p>
   </div>
   <div class='ocr_carea' id='block_1_19' title="bbox 481 1687 2132 1762">
    <p class='ocr_par' dir='ltr' id='par_1_19' title="bbox 481 1687 2132 1762">
     <span class='ocr_line' id='line_1_19' title="bbox 481 1687 2132 1762; baseline 0 -18"><span class='ocrx_word' id='word_1_98' title='bbox 481 1689 850 1762; x_wconf 88' lang='lat' dir='ltr'><strong>positionum</strong></span> <span class='ocrx_word' id='word_1_99' title='bbox 881 1688 1251 1745; x_wconf 73' lang='lat' dir='ltr'><strong>atﬂuentiam</strong></span> <span class='ocrx_word' id='word_1_100' title='bbox 1281 1693 1338 1745; x_wconf 91' lang='lat' dir='ltr'><strong>et</strong></span> <span class='ocrx_word' id='word_1_101' title='bbox 1363 1692 1714 1762; x_wconf 89' lang='lat' dir='ltr'><strong>promptum</strong></span> <span class='ocrx_word' id='word_1_102' title='bbox 1747 1702 1930 1744; x_wconf 91' lang='lat' dir='ltr'><strong>usum</strong></span> <span class='ocrx_word' id='word_1_103' title='bbox 1968 1687 2132 1744; x_wconf 89' lang='lat' dir='ltr'><strong>colli-</strong></span> 
     </span>
    </p>
   </div>
   <div class='ocr_carea' id='block_1_20' title="bbox 2241 521 3876 597">
    <p class='ocr_par' dir='ltr' id='par_1_20' title="bbox 2241 521 3876 597">
     <span class='ocr_line' id='line_1_20' title="bbox 2241 521 3876 597; baseline 0.004 -25"><span class='ocrx_word' id='word_1_104' title='bbox 2241 523 2585 594; x_wconf 76' lang='grc' dir='ltr'>μνασὰμενος,</span> <span class='ocrx_word' id='word_1_105' title='bbox 2609 521 2774 596; x_wconf 85' lang='grc' dir='ltr'>λόγων</span> <span class='ocrx_word' id='word_1_106' title='bbox 2802 543 2856 578; x_wconf 82' lang='grc' dir='ltr'><strong>τε</strong></span> <span class='ocrx_word' id='word_1_107' title='bbox 2889 521 3040 586; x_wconf 77' lang='grc' dir='ltr'>ἰδέας</span> <span class='ocrx_word' id='word_1_108' title='bbox 3098 529 3188 578; x_wconf 84' lang='grc' dir='ltr'><strong>καὶ</strong></span> <span class='ocrx_word' id='word_1_109' title='bbox 3231 521 3494 597; x_wconf 74' lang='grc' dir='ltr'><strong>μεθόδους</strong></span> <span class='ocrx_word' id='word_1_110' title='bbox 3543 521 3876 596; x_wconf 68' lang='grc' dir='ltr'>διασκεψά-</span> 
     </span>
    </p>
   </div>
   <div class='ocr_carea' id='block_1_21' title="bbox 2239 610 3872 690">
    <p class='ocr_par' dir='ltr' id='par_1_21' title="bbox 2239 610 3872 690">
     <span class='ocr_line' id='line_1_21' title="bbox 2239 610 3872 690; baseline 0.002 -27"><span class='ocrx_word' id='word_1_111' title='bbox 2239 629 2406 681; x_wconf 84' lang='grc' dir='ltr'>μενος,</span> <span class='ocrx_word' id='word_1_112' title='bbox 2483 610 2754 666; x_wconf 79' lang='grc' dir='ltr'>κάντεῦθεν</span> <span class='ocrx_word' id='word_1_113' title='bbox 2825 618 3032 686; x_wconf 74' lang='grc' dir='ltr'>συχνὴν</span> <span class='ocrx_word' id='word_1_114' title='bbox 3113 613 3358 690; x_wconf 70' lang='grc' dir='ltr'>εὐπορίαν</span> <span class='ocrx_word' id='word_1_115' title='bbox 3440 618 3530 667; x_wconf 82' lang='grc' dir='ltr'>καὶ</span> <span class='ocrx_word' id='word_1_116' title='bbox 3619 615 3872 687; x_wconf 76' lang='grc' dir='ltr'>ἄφθονον</span> 
     </span>
    </p>
   </div>
   <div class='ocr_carea' id='block_1_22' title="bbox 2241 698 3873 776">
    <p class='ocr_par' dir='ltr' id='par_1_22' title="bbox 2241 698 3873 776">
     <span class='ocr_line' id='line_1_22' title="bbox 2241 698 3873 776; baseline 0.004 -25"><span class='ocrx_word' id='word_1_117' title='bbox 2241 700 2440 774; x_wconf 79' lang='grc' dir='ltr'>εὕρεσιν</span> <span class='ocrx_word' id='word_1_118' title='bbox 2483 698 2787 776; x_wconf 81' lang='grc' dir='ltr'>παροδικῶς</span> <span class='ocrx_word' id='word_1_119' title='bbox 2843 703 3230 776; x_wconf 73' lang='grc' dir='ltr'><strong>συλλεξάμενος,</strong></span> <span class='ocrx_word' id='word_1_120' title='bbox 3284 703 3457 776; x_wconf 82' lang='grc' dir='ltr'>ὣσπερ</span> <span class='ocrx_word' id='word_1_121' title='bbox 3506 705 3570 756; x_wconf 79' lang='grc' dir='ltr'>ἄν</span> <span class='ocrx_word' id='word_1_122' title='bbox 3621 723 3705 765; x_wconf 77' lang='grc' dir='ltr'><strong>τις</strong></span> <span class='ocrx_word' id='word_1_123' title='bbox 3769 722 3873 776; x_wconf 76' lang='grc' dir='ltr'><strong>μι-</strong></span> 
     </span>
    </p>
   </div>
   <div class='ocr_carea' id='block_1_23' title="bbox 2237 789 3863 865">
    <p class='ocr_par' dir='ltr' id='par_1_23' title="bbox 2237 789 3863 865">
     <span class='ocr_line' id='line_1_23' title="bbox 2237 789 3863 865; baseline 0.002 -24"><span class='ocrx_word' id='word_1_124' title='bbox 2237 789 2562 862; x_wconf 81' lang='grc' dir='ltr'>γαλίμπορος</span> <span class='ocrx_word' id='word_1_125' title='bbox 2623 790 2802 846; x_wconf 80' lang='grc' dir='ltr'>ἄλλοθί</span> <span class='ocrx_word' id='word_1_126' title='bbox 2856 811 2957 847; x_wconf 88' lang='grc' dir='ltr'><strong>που</strong></span> <span class='ocrx_word' id='word_1_127' title='bbox 3009 796 3096 846; x_wconf 88' lang='grc' dir='ltr'><strong>τόν</strong></span> <span class='ocrx_word' id='word_1_128' title='bbox 3163 797 3358 846; x_wconf 84' lang='grc' dir='ltr'>σκοπόν</span> <span class='ocrx_word' id='word_1_129' title='bbox 3423 795 3562 865; x_wconf 71' lang='grc' dir='ltr'>ἔχων</span> <span class='ocrx_word' id='word_1_130' title='bbox 3630 799 3726 846; x_wconf 76' lang='grc' dir='ltr'>καὶ</span> <span class='ocrx_word' id='word_1_131' title='bbox 3795 796 3863 846; x_wconf 84' lang='grc' dir='ltr'><strong>τό</strong></span> 
     </span>
    </p>
   </div>
   <div class='ocr_carea' id='block_1_24' title="bbox 2238 879 3866 958">
    <p class='ocr_par' dir='ltr' id='par_1_24' title="bbox 2238 879 3866 958">
     <span class='ocr_line' id='line_1_24' title="bbox 2238 879 3866 958; baseline 0.001 -26"><span class='ocrx_word' id='word_1_132' title='bbox 2238 883 2370 952; x_wconf 82' lang='grc' dir='ltr'>μέγα</span> <span class='ocrx_word' id='word_1_133' title='bbox 2415 883 2602 935; x_wconf 84' lang='grc' dir='ltr'>εκείθεν</span> <span class='ocrx_word' id='word_1_134' title='bbox 2649 879 2836 958; x_wconf 83' lang='grc' dir='ltr'>κέρδος</span> <span class='ocrx_word' id='word_1_135' title='bbox 2879 879 3321 956; x_wconf 79' lang='grc' dir='ltr'>ἁπεκδεχόμενος,</span> <span class='ocrx_word' id='word_1_136' title='bbox 3352 882 3546 956; x_wconf 79' lang='grc' dir='ltr'>μεταξύ</span> <span class='ocrx_word' id='word_1_137' title='bbox 3603 901 3708 936; x_wconf 85' lang='grc' dir='ltr'><strong>που</strong></span> <span class='ocrx_word' id='word_1_138' title='bbox 3751 891 3826 942; x_wconf 71' lang='grc' dir='ltr'>τῆ</span> <span class='ocrx_word' id='word_1_139' title='bbox 3840 904 3866 945; x_wconf 90' lang='grc' dir='ltr'><strong>ς</strong></span> 
     </span>
    </p>
   </div>
   <div class='ocr_carea' id='block_1_25' title="bbox 2236 972 3855 1046">
    <p class='ocr_par' dir='ltr' id='par_1_25' title="bbox 2236 972 3855 1046">
     <span class='ocr_line' id='line_1_25' title="bbox 2236 972 3855 1046; baseline 0.001 -25"><span class='ocrx_word' id='word_1_140' title='bbox 2236 973 2444 1041; x_wconf 80' lang='grc' dir='ltr'>πορείας</span> <span class='ocrx_word' id='word_1_141' title='bbox 2486 978 2585 1022; x_wconf 82' lang='grc' dir='ltr'>τῶν</span> <span class='ocrx_word' id='word_1_142' title='bbox 2649 991 2751 1024; x_wconf 84' lang='grc' dir='ltr'>τινι</span> <span class='ocrx_word' id='word_1_143' title='bbox 2823 977 2895 1045; x_wconf 79' lang='grc' dir='ltr'>μή</span> <span class='ocrx_word' id='word_1_144' title='bbox 2977 972 3433 1046; x_wconf 67' lang='grc' dir='ltr'>εὐκαταφρονήτων</span> <span class='ocrx_word' id='word_1_145' title='bbox 3506 978 3855 1046; x_wconf 78' lang='grc' dir='ltr'>περιτυχών,</span> 
     </span>
    </p>
   </div>
   <div class='ocr_carea' id='block_1_26' title="bbox 2240 1055 3858 1136">
    <p class='ocr_par' dir='ltr' id='par_1_26' title="bbox 2240 1055 3858 1136">
     <span class='ocr_line' id='line_1_26' title="bbox 2240 1055 3858 1136; baseline 0.002 -26"><span class='ocrx_word' id='word_1_146' title='bbox 2240 1055 2424 1132; x_wconf 85' lang='grc' dir='ltr'>βραχύ</span> <span class='ocrx_word' id='word_1_147' title='bbox 2478 1079 2528 1112; x_wconf 86' lang='grc' dir='ltr'><strong>τι</strong></span> <span class='ocrx_word' id='word_1_148' title='bbox 2585 1055 2868 1134; x_wconf 74' lang='grc' dir='ltr'><strong>διατρίψας</strong></span> <span class='ocrx_word' id='word_1_149' title='bbox 2915 1058 3392 1136; x_wconf 79' lang='grc' dir='ltr'>προσεπικερδᾷναι</span> <span class='ocrx_word' id='word_1_150' title='bbox 3447 1067 3517 1134; x_wconf 75' lang='grc' dir='ltr'>μή</span> <span class='ocrx_word' id='word_1_151' title='bbox 3582 1065 3858 1121; x_wconf 79' lang='grc' dir='ltr'>κατοκνή-</span> 
     </span>
    </p>
   </div>
   <div class='ocr_carea' id='block_1_27' title="bbox 2240 1145 3862 1227">
    <p class='ocr_par' dir='ltr' id='par_1_27' title="bbox 2240 1145 3862 1227">
     <span class='ocr_line' id='line_1_27' title="bbox 2240 1145 3862 1227; baseline 0.003 -28"><span class='ocrx_word' id='word_1_152' title='bbox 2240 1165 2371 1200; x_wconf 86' lang='grc' dir='ltr'>σειεν</span> <span class='ocrx_word' id='word_1_153' title='bbox 2405 1169 2417 1180; x_wconf 93' lang='grc'><strong>·</strong></span> <span class='ocrx_word' id='word_1_154' title='bbox 2458 1150 2527 1211; x_wconf 87' lang='grc' dir='ltr'>ὡς</span> <span class='ocrx_word' id='word_1_155' title='bbox 2549 1145 2608 1202; x_wconf 88' lang='grc' dir='ltr'><strong>δέ</strong></span> <span class='ocrx_word' id='word_1_156' title='bbox 2627 1155 2718 1203; x_wconf 85' lang='grc' dir='ltr'>καὶ</span> <span class='ocrx_word' id='word_1_157' title='bbox 2740 1151 2886 1212; x_wconf 80' lang='grc' dir='ltr'>οὗτος</span> <span class='ocrx_word' id='word_1_158' title='bbox 2912 1153 3197 1226; x_wconf 67' lang='grc' dir='ltr'>ῥητορικὴν</span> <span class='ocrx_word' id='word_1_159' title='bbox 3251 1156 3341 1204; x_wconf 80' lang='grc' dir='ltr'>καὶ</span> <span class='ocrx_word' id='word_1_160' title='bbox 3399 1155 3488 1212; x_wconf 79' lang='grc' dir='ltr'>τὰς</span> <span class='ocrx_word' id='word_1_161' title='bbox 3534 1159 3632 1213; x_wconf 82' lang='grc' dir='ltr'>τῆς</span> <span class='ocrx_word' id='word_1_162' title='bbox 3687 1153 3862 1227; x_wconf 79' lang='grc' dir='ltr'>ῥητο-</span> 
     </span>
    </p>
   </div>
   <div class='ocr_carea' id='block_1_28' title="bbox 2237 1233 3860 1315">
    <p class='ocr_par' dir='ltr' id='par_1_28' title="bbox 2237 1233 3860 1315">
     <span class='ocr_line' id='line_1_28' title="bbox 2237 1233 3860 1315; baseline 0.003 -27"><span class='ocrx_word' id='word_1_163' title='bbox 2237 1244 2388 1310; x_wconf 81' lang='grc' dir='ltr'>ρικῆς</span> <span class='ocrx_word' id='word_1_164' title='bbox 2415 1233 2674 1310; x_wconf 82' lang='grc' dir='ltr'>μεθόδους</span> <span class='ocrx_word' id='word_1_165' title='bbox 2705 1238 2983 1312; x_wconf 81' lang='grc' dir='ltr'>ἀμηγέπως</span> <span class='ocrx_word' id='word_1_166' title='bbox 3032 1241 3497 1315; x_wconf 72' lang='grc' dir='ltr'><strong>ἐμπορευσάμενος,</strong></span> <span class='ocrx_word' id='word_1_167' title='bbox 3546 1245 3607 1293; x_wconf 88' lang='grc' dir='ltr'>τὸ</span> <span class='ocrx_word' id='word_1_168' title='bbox 3671 1242 3860 1312; x_wconf 72' lang='grc' dir='ltr'>τάχος</span> 
     </span>
    </p>
   </div>
   <div class='ocr_carea' id='block_1_29' title="bbox 2238 1326 3862 1405">
    <p class='ocr_par' dir='ltr' id='par_1_29' title="bbox 2238 1326 3862 1405">
     <span class='ocr_line' id='line_1_29' title="bbox 2238 1326 3862 1405; baseline 0.001 -25"><span class='ocrx_word' id='word_1_169' title='bbox 2238 1329 2364 1399; x_wconf 83' lang='grc' dir='ltr'>πρὸς</span> <span class='ocrx_word' id='word_1_170' title='bbox 2407 1327 2713 1400; x_wconf 77' lang='grc' dir='ltr'>φιλοσοφίαν</span> <span class='ocrx_word' id='word_1_171' title='bbox 2785 1326 3073 1404; x_wconf 81' lang='grc' dir='ltr'>ἀπέδραμε.</span> <span class='ocrx_word' id='word_1_172' title='bbox 3168 1334 3268 1384; x_wconf 79' lang='grc' dir='ltr'><strong>Καὶ</strong></span> <span class='ocrx_word' id='word_1_173' title='bbox 3333 1337 3519 1405; x_wconf 86' lang='grc' dir='ltr'>πρῶτα</span> <span class='ocrx_word' id='word_1_174' title='bbox 3784 1332 3862 1382; x_wconf 76' lang='grc' dir='ltr'><strong>τὰ</strong></span> 
     </span>
    </p>
   </div>
   <div class='ocr_carea' id='block_1_30' title="bbox 2237 1415 3860 1496">
    <p class='ocr_par' dir='ltr' id='par_1_30' title="bbox 2237 1415 3860 1496">
     <span class='ocr_line' id='line_1_30' title="bbox 2237 1415 3860 1496; baseline 0.002 -27"><span class='ocrx_word' id='word_1_175' title='bbox 2237 1415 2506 1489; x_wconf 75' lang='grc' dir='ltr'>προτέλεια</span> <span class='ocrx_word' id='word_1_176' title='bbox 2550 1421 2746 1481; x_wconf 77' lang='grc' dir='ltr'>ταύτης</span> <span class='ocrx_word' id='word_1_177' title='bbox 2801 1424 2891 1478; x_wconf 74' lang='grc' dir='ltr'>τὴν</span> <span class='ocrx_word' id='word_1_178' title='bbox 2936 1419 3152 1492; x_wconf 77' lang='grc' dir='ltr'>λογικὴν</span> <span class='ocrx_word' id='word_1_179' title='bbox 3217 1425 3581 1496; x_wconf 67' lang='grc' dir='ltr'>πραγματείαν</span> <span class='ocrx_word' id='word_1_180' title='bbox 3631 1421 3860 1494; x_wconf 74' lang='grc' dir='ltr'>ἐξακρι-</span> 
     </span>
    </p>
   </div>
   <div class='ocr_carea' id='block_1_31' title="bbox 2240 1504 3859 1582">
    <p class='ocr_par' dir='ltr' id='par_1_31' title="bbox 2240 1504 3859 1582">
     <span class='ocr_line' id='line_1_31' title="bbox 2240 1504 3859 1582; baseline 0.002 -24"><span class='ocrx_word' id='word_1_181' title='bbox 2240 1504 2445 1576; x_wconf 78' lang='grc' dir='ltr'>ϐοῦται,</span> <span class='ocrx_word' id='word_1_182' title='bbox 2514 1510 2770 1580; x_wconf 77' lang='grc' dir='ltr'>σχήματά</span> <span class='ocrx_word' id='word_1_183' title='bbox 2835 1528 2891 1562; x_wconf 90' lang='grc' dir='ltr'><strong>τε</strong></span> <span class='ocrx_word' id='word_1_184' title='bbox 2959 1514 3048 1562; x_wconf 85' lang='grc' dir='ltr'>καὶ</span> <span class='ocrx_word' id='word_1_185' title='bbox 3115 1509 3392 1572; x_wconf 78' lang='grc' dir='ltr'>ἀναλύσεις</span> <span class='ocrx_word' id='word_1_186' title='bbox 3471 1509 3859 1582; x_wconf 80' lang='grc' dir='ltr'>συλλογισμῶν</span> 
     </span>
    </p>
   </div>
   <div class='ocr_carea' id='block_1_32' title="bbox 2242 1598 3861 1672">
    <p class='ocr_par' dir='ltr' id='par_1_32' title="bbox 2242 1598 3861 1672">
     <span class='ocr_line' id='line_1_32' title="bbox 2242 1598 3861 1672; baseline 0.002 -24"><span class='ocrx_word' id='word_1_187' title='bbox 2242 1598 2538 1664; x_wconf 69' lang='grc' dir='ltr'>σκεπτεται,</span> <span class='ocrx_word' id='word_1_188' title='bbox 2597 1602 2687 1651; x_wconf 84' lang='grc' dir='ltr'>καὶ</span> <span class='ocrx_word' id='word_1_189' title='bbox 2734 1600 3032 1672; x_wconf 80' lang='grc' dir='ltr'>προτάσεων</span> <span class='ocrx_word' id='word_1_190' title='bbox 3089 1604 3352 1672; x_wconf 90' lang='grc' dir='ltr'>χορηγίαν</span> <span class='ocrx_word' id='word_1_191' title='bbox 3405 1598 3641 1672; x_wconf 79' lang='grc' dir='ltr'>συλλέγει</span> <span class='ocrx_word' id='word_1_192' title='bbox 3667 1621 3681 1633; x_wconf 89' lang='grc'><strong>·</strong></span> <span class='ocrx_word' id='word_1_193' title='bbox 3755 1604 3861 1652; x_wconf 78' lang='grc' dir='ltr'>καὶ</span> 
     </span>
    </p>
   </div>
   <div class='ocr_carea' id='block_1_33' title="bbox 2239 1685 3860 1762">
    <p class='ocr_par' dir='ltr' id='par_1_33' title="bbox 2239 1685 3860 1762">
     <span class='ocr_line' id='line_1_33' title="bbox 2239 1685 3860 1762; baseline 0.002 -25"><span class='ocrx_word' id='word_1_194' title='bbox 2239 1685 2484 1750; x_wconf 75' lang='grc' dir='ltr'>καθάπαξ</span> <span class='ocrx_word' id='word_1_195' title='bbox 2545 1690 2632 1740; x_wconf 87' lang='grc' dir='ltr'><strong>τόν</strong></span> <span class='ocrx_word' id='word_1_196' title='bbox 2700 1687 3046 1761; x_wconf 76' lang='grc' dir='ltr'>ἀποφαντικὸν</span> <span class='ocrx_word' id='word_1_197' title='bbox 3120 1689 3272 1762; x_wconf 85' lang='grc' dir='ltr'>λόγον</span> <span class='ocrx_word' id='word_1_198' title='bbox 3337 1688 3682 1762; x_wconf 76' lang='grc' dir='ltr'>ἐκμελετήσας</span> <span class='ocrx_word' id='word_1_199' title='bbox 3748 1694 3860 1749; x_wconf 68' lang='grc' dir='ltr'>τὴν</span> 
     </span>
    </p>
   </div>
   <div class='ocr_carea' id='block_1_34' title="bbox 485 1769 2134 1870">
    <p class='ocr_par' dir='ltr' id='par_1_34' title="bbox 485 1777 2132 1850">
     <span class='ocr_line' id='line_1_34' title="bbox 485 1777 2132 1850; baseline 0.001 -18"><span class='ocrx_word' id='word_1_200' title='bbox 485 1778 600 1848; x_wconf 86' lang='lat' dir='ltr'><strong>git;</strong></span> <span class='ocrx_word' id='word_1_201' title='bbox 624 1781 804 1850; x_wconf 89' lang='lat' dir='ltr'><strong>atque</strong></span> <span class='ocrx_word' id='word_1_202' title='bbox 825 1777 1205 1834; x_wconf 65' lang='lat' dir='ltr'><strong>enuntiativm</strong></span> <span class='ocrx_word' id='word_1_203' title='bbox 1235 1778 1520 1834; x_wconf 89' lang='lat' dir='ltr'><strong>orationis</strong></span> <span class='ocrx_word' id='word_1_204' title='bbox 1549 1781 1828 1834; x_wconf 88' lang='lat' dir='ltr'><strong>naturam</strong></span> <span class='ocrx_word' id='word_1_205' title='bbox 1858 1777 2132 1850; x_wconf 88' lang='lat' dir='ltr'><strong>specula-</strong></span> 
     </span>
    </p>
   </div>
   <div class='ocr_carea' id='block_1_35' title="bbox 2245 1769 3857 1870">
    <p class='ocr_par' dir='ltr' id='par_1_35' title="bbox 2245 1769 3857 1850">
     <span class='ocr_line' id='line_1_35' title="bbox 2245 1769 3857 1850; baseline 0.002 -25"><span class='ocrx_word' id='word_1_206' title='bbox 2245 1769 2508 1837; x_wconf 70' lang='grc' dir='ltr'>ἀπόδειξιν</span> <span class='ocrx_word' id='word_1_207' title='bbox 2565 1773 2943 1849; x_wconf 77' lang='grc' dir='ltr'>ἐγχειρίζεται,</span> <span class='ocrx_word' id='word_1_208' title='bbox 2991 1781 3182 1831; x_wconf 85' lang='grc' dir='ltr'>κανόνα</span> <span class='ocrx_word' id='word_1_209' title='bbox 3225 1777 3390 1849; x_wconf 90' lang='grc' dir='ltr'>λόγων</span> <span class='ocrx_word' id='word_1_210' title='bbox 3449 1781 3538 1830; x_wconf 84' lang='grc' dir='ltr'>καὶ</span> <span class='ocrx_word' id='word_1_211' title='bbox 3597 1779 3857 1850; x_wconf 74' lang='grc' dir='ltr'>στάθμην</span> 
     </span>
    </p>
   </div>
   <div class='ocr_carea' id='block_1_36' title="bbox 485 1864 2131 1936">
    <p class='ocr_par' dir='ltr' id='par_1_36' title="bbox 485 1864 2131 1936">
     <span class='ocr_line' id='line_1_36' title="bbox 485 1864 2131 1936; baseline 0 -14"><span class='ocrx_word' id='word_1_212' title='bbox 485 1869 601 1934; x_wconf 88' lang='lat' dir='ltr'><strong>tus,</strong></span> <span class='ocrx_word' id='word_1_213' title='bbox 627 1864 1205 1923; x_wconf 83' lang='lat' dir='ltr'><strong>demonstrationem</strong></span> <span class='ocrx_word' id='word_1_214' title='bbox 1233 1865 1599 1936; x_wconf 81' lang='lat' dir='ltr'><strong>aggreditur,</strong></span> <span class='ocrx_word' id='word_1_215' title='bbox 1638 1864 1802 1922; x_wconf 91' lang='lat' dir='ltr'><strong>velut</strong></span> <span class='ocrx_word' id='word_1_216' title='bbox 1838 1864 2131 1922; x_wconf 87' lang='lat' dir='ltr'><strong>ratiocinii</strong></span> 
     </span>
    </p>
   </div>
   <div class='ocr_carea' id='block_1_37' title="bbox 483 1954 2129 2028">
    <p class='ocr_par' dir='ltr' id='par_1_37' title="bbox 483 1954 2129 2028">
     <span class='ocr_line' id='line_1_37' title="bbox 483 1954 2129 2028; baseline -0.001 -16"><span class='ocrx_word' id='word_1_217' title='bbox 483 1954 757 2025; x_wconf 86' lang='lat' dir='ltr'><strong>regulam</strong></span> <span class='ocrx_word' id='word_1_218' title='bbox 777 1959 835 2012; x_wconf 91' lang='lat' dir='ltr'><strong>et</strong></span> <span class='ocrx_word' id='word_1_219' title='bbox 893 1955 1450 2028; x_wconf 90' lang='lat' dir='ltr'><strong>perpendicularem</strong></span> <span class='ocrx_word' id='word_1_220' title='bbox 1505 1971 1786 2013; x_wconf 89' lang='lat' dir='ltr'><strong>normam</strong></span> <span class='ocrx_word' id='word_1_221' title='bbox 1842 1955 2129 2023; x_wconf 82' lang='lat' dir='ltr'><strong>veritatis,</strong></span> 
     </span>
    </p>
   </div>
   <div class='ocr_carea' id='block_1_38' title="bbox 484 2043 2132 2118">
    <p class='ocr_par' dir='ltr' id='par_1_38' title="bbox 484 2043 2132 2118">
     <span class='ocr_line' id='line_1_38' title="bbox 484 2043 2132 2118; baseline 0 -17"><span class='ocrx_word' id='word_1_222' title='bbox 484 2047 588 2101; x_wconf 92' lang='lat' dir='ltr'><strong>aut</strong></span> <span class='ocrx_word' id='word_1_223' title='bbox 614 2044 816 2117; x_wconf 85' lang='lat' dir='ltr'><strong>potius</strong></span> <span class='ocrx_word' id='word_1_224' title='bbox 837 2048 903 2102; x_wconf 92' lang='lat' dir='ltr'><strong>ut</strong></span> <span class='ocrx_word' id='word_1_225' title='bbox 931 2045 1157 2102; x_wconf 90' lang='lat' dir='ltr'><strong>scalam</strong></span> <span class='ocrx_word' id='word_1_226' title='bbox 1181 2046 1518 2118; x_wconf 85' lang='lat' dir='ltr'><strong>quamdam</strong></span> <span class='ocrx_word' id='word_1_227' title='bbox 1553 2045 2031 2103; x_wconf 88' lang='lat' dir='ltr'><strong>introducentem</strong></span> <span class='ocrx_word' id='word_1_228' title='bbox 2052 2043 2132 2102; x_wconf 89' lang='lat' dir='ltr'><strong>ad</strong></span> 
     </span>
    </p>
   </div>
   <div class='ocr_carea' id='block_1_39' title="bbox 481 2131 2134 2207">
    <p class='ocr_par' dir='ltr' id='par_1_39' title="bbox 481 2131 2134 2207">
     <span class='ocr_line' id='line_1_39' title="bbox 481 2131 2134 2207; baseline -0.001 -17"><span class='ocrx_word' id='word_1_229' title='bbox 481 2132 845 2192; x_wconf 85' lang='lat' dir='ltr'><strong>naturalium</strong></span> <span class='ocrx_word' id='word_1_230' title='bbox 905 2150 1108 2191; x_wconf 91' lang='lat' dir='ltr'><strong>rerum</strong></span> <span class='ocrx_word' id='word_1_231' title='bbox 1152 2134 1690 2206; x_wconf 86' lang='lat' dir='ltr'><strong>investigationem,</strong></span> <span class='ocrx_word' id='word_1_232' title='bbox 1742 2149 1999 2207; x_wconf 66' lang='lat' dir='ltr'><strong>quaeque</strong></span> <span class='ocrx_word' id='word_1_233' title='bbox 2053 2131 2134 2189; x_wconf 90' lang='lat' dir='ltr'><strong>ad</strong></span> 
     </span>
    </p>
   </div>
   <div class='ocr_carea' id='block_1_40' title="bbox 485 2222 2133 2294">
    <p class='ocr_par' dir='ltr' id='par_1_40' title="bbox 485 2222 2133 2294">
     <span class='ocr_line' id='line_1_40' title="bbox 485 2222 2133 2294; baseline 0 -16"><span class='ocrx_word' id='word_1_234' title='bbox 485 2222 1051 2294; x_wconf 88' lang='lat' dir='ltr'><strong>contemplationem</strong></span> <span class='ocrx_word' id='word_1_235' title='bbox 1069 2223 1264 2280; x_wconf 80' lang='lat' dir='ltr'><strong>evehit</strong></span> <span class='ocrx_word' id='word_1_236' title='bbox 1294 2228 1580 2291; x_wconf 90' lang='lat' dir='ltr'><strong>mentem,</strong></span> <span class='ocrx_word' id='word_1_237' title='bbox 1606 2224 1685 2281; x_wconf 88' lang='lat' dir='ltr'><strong>ad</strong></span> <span class='ocrx_word' id='word_1_238' title='bbox 1719 2223 2133 2280; x_wconf 88' lang='lat' dir='ltr'><strong>sublimiorem</strong></span> 
     </span>
    </p>
   </div>
   <div class='ocr_carea' id='block_1_41' title="bbox 484 2311 2135 2386">
    <p class='ocr_par' dir='ltr' id='par_1_41' title="bbox 484 2311 2135 2386">
     <span class='ocr_line' id='line_1_41' title="bbox 484 2311 2135 2386; baseline 0.001 -19"><span class='ocrx_word' id='word_1_239' title='bbox 484 2312 704 2369; x_wconf 88' lang='lat' dir='ltr'><strong>scilicet</strong></span> <span class='ocrx_word' id='word_1_240' title='bbox 725 2312 906 2369; x_wconf 89' lang='lat' dir='ltr'><strong>aliam</strong></span> <span class='ocrx_word' id='word_1_241' title='bbox 944 2313 1545 2386; x_wconf 65' lang='lat' dir='ltr'><strong>praestantioremque</strong></span> <span class='ocrx_word' id='word_1_242' title='bbox 1584 2311 2135 2386; x_wconf 89' lang='lat' dir='ltr'><strong>supernaturalium</strong></span> 
     </span>
    </p>
   </div>
   <div class='ocr_carea' id='block_1_42' title="bbox 485 2400 2138 2475">
    <p class='ocr_par' dir='ltr' id='par_1_42' title="bbox 485 2400 2138 2475">
     <span class='ocr_line' id='line_1_42' title="bbox 485 2400 2138 2475; baseline 0 -17"><span class='ocrx_word' id='word_1_243' title='bbox 485 2416 686 2458; x_wconf 88' lang='lat' dir='ltr'><strong>rerum</strong></span> <span class='ocrx_word' id='word_1_244' title='bbox 700 2400 1069 2472; x_wconf 88' lang='lat' dir='ltr'><strong>indaginem.</strong></span> <span class='ocrx_word' id='word_1_245' title='bbox 1085 2402 1535 2474; x_wconf 88' lang='lat' dir='ltr'><strong>Loquacitatem</strong></span> <span class='ocrx_word' id='word_1_246' title='bbox 1545 2418 1689 2459; x_wconf 88' lang='lat' dir='ltr'><strong>vero</strong></span> <span class='ocrx_word' id='word_1_247' title='bbox 1701 2418 1838 2475; x_wconf 68' lang='lat' dir='ltr'><strong>quae</strong></span> <span class='ocrx_word' id='word_1_248' title='bbox 1850 2401 2138 2474; x_wconf 86' lang='lat' dir='ltr'><strong>eumipsa</strong></span> 
     </span>
    </p>
   </div>
   <div class='ocr_carea' id='block_1_43' title="bbox 487 2490 2136 2564">
    <p class='ocr_par' dir='ltr' id='par_1_43' title="bbox 487 2490 2136 2564">
     <span class='ocr_line' id='line_1_43' title="bbox 487 2490 2136 2564; baseline 0 -18"><span class='ocrx_word' id='word_1_249' title='bbox 487 2495 544 2546; x_wconf 91' lang='lat' dir='ltr'><strong>et</strong></span> <span class='ocrx_word' id='word_1_250' title='bbox 571 2494 709 2563; x_wconf 88' lang='lat' dir='ltr'><strong>post</strong></span> <span class='ocrx_word' id='word_1_251' title='bbox 736 2490 932 2562; x_wconf 88' lang='lat' dir='ltr'><strong>ipsam</strong></span> <span class='ocrx_word' id='word_1_252' title='bbox 971 2491 1221 2548; x_wconf 88' lang='lat' dir='ltr'><strong>discitur</strong></span> <span class='ocrx_word' id='word_1_253' title='bbox 1240 2491 1346 2560; x_wconf 87' lang='lat' dir='ltr'><strong>(ita</strong></span> <span class='ocrx_word' id='word_1_254' title='bbox 1388 2507 1655 2564; x_wconf 89' lang='lat' dir='ltr'><strong>namque</strong></span> <span class='ocrx_word' id='word_1_255' title='bbox 1698 2495 1968 2548; x_wconf 89' lang='lat' dir='ltr'><strong>veterum</strong></span> <span class='ocrx_word' id='word_1_256' title='bbox 2012 2505 2136 2548; x_wconf 89' lang='lat' dir='ltr'><strong>non</strong></span> 
     </span>
    </p>
   </div>
   <div class='ocr_carea' id='block_1_44' title="bbox 485 2577 2136 2654">
    <p class='ocr_par' dir='ltr' id='par_1_44' title="bbox 485 2577 2136 2654">
     <span class='ocr_line' id='line_1_44' title="bbox 485 2577 2136 2654; baseline 0 -18"><span class='ocrx_word' id='word_1_257' title='bbox 485 2594 667 2636; x_wconf 88' lang='lat' dir='ltr'><strong>nemo</strong></span> <span class='ocrx_word' id='word_1_258' title='bbox 695 2577 1070 2637; x_wconf 89' lang='lat' dir='ltr'><strong>dialecticam</strong></span> <span class='ocrx_word' id='word_1_259' title='bbox 1109 2580 1458 2651; x_wconf 80' lang='lat' dir='ltr'><strong>nominavit,</strong></span> <span class='ocrx_word' id='word_1_260' title='bbox 1485 2597 1621 2653; x_wconf 69' lang='lat' dir='ltr'><strong>quae</strong></span> <span class='ocrx_word' id='word_1_261' title='bbox 1651 2581 1911 2654; x_wconf 88' lang='lat' dir='ltr'><strong>primam</strong></span> <span class='ocrx_word' id='word_1_262' title='bbox 1941 2579 2136 2654; x_wconf 77' lang='lat' dir='ltr'><strong>philo~</strong></span> 
     </span>
    </p>
   </div>
   <div class='ocr_carea' id='block_1_45' title="bbox 487 2670 2139 2743">
    <p class='ocr_par' dir='ltr' id='par_1_45' title="bbox 487 2670 2139 2743">
     <span class='ocr_line' id='line_1_45' title="bbox 487 2670 2139 2743; baseline 0 -17"><span class='ocrx_word' id='word_1_263' title='bbox 487 2670 714 2743; x_wconf 58' lang='lat' dir='ltr'><strong>sophia</strong></span> <span class='ocrx_word' id='word_1_264' title='bbox 733 2673 966 2742; x_wconf 89' lang='lat' dir='ltr'><strong>partem</strong></span> <span class='ocrx_word' id='word_1_265' title='bbox 991 2671 1140 2727; x_wconf 90' lang='lat' dir='ltr'><strong>mire</strong></span> <span class='ocrx_word' id='word_1_266' title='bbox 1165 2672 1379 2729; x_wconf 81' lang='lat' dir='ltr'><strong>excolit</strong></span> <span class='ocrx_word' id='word_1_267' title='bbox 1398 2676 1454 2729; x_wconf 92' lang='lat' dir='ltr'><strong>et</strong></span> <span class='ocrx_word' id='word_1_268' title='bbox 1479 2671 1754 2729; x_wconf 90' lang='lat' dir='ltr'><strong>omnium</strong></span> <span class='ocrx_word' id='word_1_269' title='bbox 1782 2671 2002 2728; x_wconf 90' lang='lat' dir='ltr'><strong>artium</strong></span> <span class='ocrx_word' id='word_1_270' title='bbox 2051 2673 2139 2726; x_wconf 85' lang='lat' dir='ltr'><strong>est</strong></span> 
     </span>
    </p>
   </div>
   <div class='ocr_carea' id='block_1_46' title="bbox 488 2759 2140 2832">
    <p class='ocr_par' dir='ltr' id='par_1_46' title="bbox 488 2759 2140 2832">
     <span class='ocr_line' id='line_1_46' title="bbox 488 2759 2140 2832; baseline 0.001 -18"><span class='ocrx_word' id='word_1_271' title='bbox 488 2759 780 2827; x_wconf 87' lang='lat' dir='ltr'><strong>ministra,</strong></span> <span class='ocrx_word' id='word_1_272' title='bbox 815 2775 1143 2832; x_wconf 87' lang='lat' dir='ltr'><strong>earumque</strong></span> <span class='ocrx_word' id='word_1_273' title='bbox 1165 2760 1344 2818; x_wconf 89' lang='lat' dir='ltr'><strong>tradit</strong></span> <span class='ocrx_word' id='word_1_274' title='bbox 1394 2777 1465 2818; x_wconf 89' lang='lat' dir='ltr'><strong>ac</strong></span> <span class='ocrx_word' id='word_1_275' title='bbox 1530 2761 1794 2818; x_wconf 87' lang='lat' dir='ltr'><strong>declarat</strong></span> <span class='ocrx_word' id='word_1_276' title='bbox 1847 2759 2140 2832; x_wconf 90' lang='lat' dir='ltr'><strong>principia</strong></span> 
     </span>
    </p>
   </div>
   <div class='ocr_carea' id='block_1_47' title="bbox 488 2846 2140 2923">
    <p class='ocr_par' dir='ltr' id='par_1_47' title="bbox 488 2846 2140 2923">
     <span class='ocr_line' id='line_1_47' title="bbox 488 2846 2140 2923; baseline 0 -19"><span class='ocrx_word' id='word_1_277' title='bbox 488 2852 547 2904; x_wconf 92' lang='lat' dir='ltr'><strong>et</strong></span> <span class='ocrx_word' id='word_1_278' title='bbox 573 2848 910 2905; x_wconf 82' lang='lat' dir='ltr'><strong>axiomata:</strong></span> <span class='ocrx_word' id='word_1_279' title='bbox 942 2848 1021 2906; x_wconf 91' lang='lat' dir='ltr'><strong>ad</strong></span> <span class='ocrx_word' id='word_1_280' title='bbox 1047 2863 1227 2906; x_wconf 87' lang='lat' dir='ltr'><strong>omne</strong></span> <span class='ocrx_word' id='word_1_281' title='bbox 1245 2849 1543 2923; x_wconf 89' lang='lat' dir='ltr'><strong>siquidem</strong></span> <span class='ocrx_word' id='word_1_282' title='bbox 1573 2849 1739 2923; x_wconf 92' lang='lat' dir='ltr'><strong>quod</strong></span> <span class='ocrx_word' id='word_1_283' title='bbox 1760 2846 2140 2923; x_wconf 82' lang='lat' dir='ltr'><strong>perqu&#39;iratur</strong></span> 
     </span>
    </p>
   </div>
   <div class='ocr_carea' id='block_1_48' title="bbox 489 2936 2138 3013">
    <p class='ocr_par' dir='ltr' id='par_1_48' title="bbox 489 2936 2138 3013">
     <span class='ocr_line' id='line_1_48' title="bbox 489 2936 2138 3013; baseline 0 -20"><span class='ocrx_word' id='word_1_284' title='bbox 489 2941 592 2994; x_wconf 91' lang='lat' dir='ltr'><strong>aut</strong></span> <span class='ocrx_word' id='word_1_285' title='bbox 619 2937 852 2995; x_wconf 89' lang='lat' dir='ltr'><strong>accidat</strong></span> <span class='ocrx_word' id='word_1_286' title='bbox 899 2943 1271 3011; x_wconf 89' lang='lat' dir='ltr'><strong>opportunas</strong></span> <span class='ocrx_word' id='word_1_287' title='bbox 1313 2939 1493 2996; x_wconf 89' lang='lat' dir='ltr'><strong>etiam</strong></span> <span class='ocrx_word' id='word_1_288' title='bbox 1541 2940 1677 3013; x_wconf 90' lang='lat' dir='ltr'><strong>ipsa</strong></span> <span class='ocrx_word' id='word_1_289' title='bbox 1729 2939 1859 2996; x_wconf 88' lang='lat' dir='ltr'><strong>vias</strong></span> <span class='ocrx_word' id='word_1_290' title='bbox 1904 2936 2138 3010; x_wconf 89' lang='lat' dir='ltr'><strong>aperit),</strong></span> 
     </span>
    </p>
   </div>
   <div class='ocr_carea' id='block_1_49' title="bbox 487 3025 2139 3102">
    <p class='ocr_par' dir='ltr' id='par_1_49' title="bbox 487 3025 2139 3102">
     <span class='ocr_line' id='line_1_49' title="bbox 487 3025 2139 3102; baseline 0 -20"><span class='ocrx_word' id='word_1_291' title='bbox 487 3025 886 3093; x_wconf 87' lang='lat' dir='ltr'><strong>dialecticam,</strong></span> <span class='ocrx_word' id='word_1_292' title='bbox 917 3028 1074 3099; x_wconf 89' lang='lat' dir='ltr'><strong>dico,</strong></span> <span class='ocrx_word' id='word_1_293' title='bbox 1125 3028 1468 3086; x_wconf 81' lang='lat' dir='ltr'><strong>facultatem</strong></span> <span class='ocrx_word' id='word_1_294' title='bbox 1524 3030 1731 3102; x_wconf 87' lang='lat' dir='ltr'><strong>ecquis</strong></span> <span class='ocrx_word' id='word_1_295' title='bbox 1797 3027 2139 3098; x_wconf 90' lang='lat' dir='ltr'><strong>diligentius</strong></span> 
     </span>
    </p>
   </div>
   <div class='ocr_carea' id='block_1_50' title="bbox 487 3115 2140 3192">
    <p class='ocr_par' dir='ltr' id='par_1_50' title="bbox 487 3115 2140 3192">
     <span class='ocr_line' id='line_1_50' title="bbox 487 3115 2140 3192; baseline -0.001 -20"><span class='ocrx_word' id='word_1_296' title='bbox 487 3131 672 3188; x_wconf 89' lang='lat' dir='ltr'><strong>quam</strong></span> <span class='ocrx_word' id='word_1_297' title='bbox 699 3115 814 3186; x_wconf 91' lang='lat' dir='ltr'><strong>ille,</strong></span> <span class='ocrx_word' id='word_1_298' title='bbox 833 3122 937 3174; x_wconf 89' lang='lat' dir='ltr'><strong>aut</strong></span> <span class='ocrx_word' id='word_1_299' title='bbox 959 3118 1112 3175; x_wconf 92' lang='lat' dir='ltr'><strong>sicut</strong></span> <span class='ocrx_word' id='word_1_300' title='bbox 1139 3117 1236 3174; x_wconf 91' lang='lat' dir='ltr'><strong>ille</strong></span> <span class='ocrx_word' id='word_1_301' title='bbox 1265 3118 1626 3191; x_wconf 83' lang='lat' dir='ltr'><strong>perdidicit?</strong></span> <span class='ocrx_word' id='word_1_302' title='bbox 1649 3118 1786 3192; x_wconf 88' lang='lat' dir='ltr'><strong>quis</strong></span> <span class='ocrx_word' id='word_1_303' title='bbox 1816 3120 1983 3174; x_wconf 90' lang='lat' dir='ltr'><strong>tanta</strong></span> <span class='ocrx_word' id='word_1_304' title='bbox 2011 3130 2140 3189; x_wconf 88' lang='lat' dir='ltr'><strong>per-</strong></span> 
     </span>
    </p>
   </div>
   <div class='ocr_carea' id='block_1_51' title="bbox 489 3205 2138 3278">
    <p class='ocr_par' dir='ltr' id='par_1_51' title="bbox 489 3205 2138 3278">
     <span class='ocr_line' id='line_1_51' title="bbox 489 3205 2138 3278; baseline 0 -18"><span class='ocrx_word' id='word_1_305' title='bbox 489 3205 832 3278; x_wconf 88' lang='lat' dir='ltr'><strong>spicacitate</strong></span> <span class='ocrx_word' id='word_1_306' title='bbox 860 3207 1083 3278; x_wconf 86' lang='lat' dir='ltr'><strong>ingenii</strong></span> <span class='ocrx_word' id='word_1_307' title='bbox 1113 3207 1175 3263; x_wconf 91' lang='lat' dir='ltr'><strong>in</strong></span> <span class='ocrx_word' id='word_1_308' title='bbox 1200 3223 1273 3264; x_wconf 90' lang='lat' dir='ltr'><strong>ea</strong></span> <span class='ocrx_word' id='word_1_309' title='bbox 1300 3213 1569 3266; x_wconf 87' lang='lat' dir='ltr'><strong>versatus</strong></span> <span class='ocrx_word' id='word_1_310' title='bbox 1594 3213 1684 3265; x_wconf 89' lang='lat' dir='ltr'><strong>est</strong></span> <span class='ocrx_word' id='word_1_311' title='bbox 1700 3209 1728 3265; x_wconf 92' lang='lat'><strong>?</strong></span> <span class='ocrx_word' id='word_1_312' title='bbox 1757 3206 1966 3263; x_wconf 88' lang='lat' dir='ltr'><strong>Nullus</strong></span> <span class='ocrx_word' id='word_1_313' title='bbox 1991 3219 2138 3261; x_wconf 90' lang='lat' dir='ltr'><strong>sane</strong></span> 
     </span>
    </p>
   </div>
   <div class='ocr_carea' id='block_1_52' title="bbox 489 3294 2141 3370">
    <p class='ocr_par' dir='ltr' id='par_1_52' title="bbox 489 3294 2141 3370">
     <span class='ocr_line' id='line_1_52' title="bbox 489 3294 2141 3370; baseline 0 -20"><span class='ocrx_word' id='word_1_314' title='bbox 489 3310 627 3350; x_wconf 88' lang='lat' dir='ltr'><strong>cum</strong></span> <span class='ocrx_word' id='word_1_315' title='bbox 657 3311 729 3351; x_wconf 93' lang='lat' dir='ltr'><strong>eo</strong></span> <span class='ocrx_word' id='word_1_316' title='bbox 767 3295 1144 3369; x_wconf 89' lang='lat' dir='ltr'><strong>disceptavit,</strong></span> <span class='ocrx_word' id='word_1_317' title='bbox 1175 3297 1319 3370; x_wconf 89' lang='lat' dir='ltr'><strong>quin</strong></span> <span class='ocrx_word' id='word_1_318' title='bbox 1347 3313 1378 3353; x_wconf 92' lang='lat' dir='ltr'><strong>e</strong></span> <span class='ocrx_word' id='word_1_319' title='bbox 1416 3297 1664 3366; x_wconf 89' lang='lat' dir='ltr'><strong>vestigio</strong></span> <span class='ocrx_word' id='word_1_320' title='bbox 1717 3296 1896 3369; x_wconf 75' lang='lat' dir='ltr'><strong>ccepti</strong></span> <span class='ocrx_word' id='word_1_321' title='bbox 1952 3294 2141 3368; x_wconf 67' lang='lat' dir='ltr'><strong>poeni-</strong></span> 
     </span>
    </p>
   </div>
   <div class='ocr_carea' id='block_1_53' title="bbox 491 3384 2139 3457">
    <p class='ocr_par' dir='ltr' id='par_1_53' title="bbox 491 3384 2139 3457">
     <span class='ocr_line' id='line_1_53' title="bbox 491 3384 2139 3457; baseline 0 -18"><span class='ocrx_word' id='word_1_322' title='bbox 491 3388 624 3439; x_wconf 90' lang='lat' dir='ltr'><strong>tens</strong></span> <span class='ocrx_word' id='word_1_323' title='bbox 652 3400 714 3439; x_wconf 89' lang='lat' dir='ltr'><strong>se</strong></span> <span class='ocrx_word' id='word_1_324' title='bbox 746 3384 947 3455; x_wconf 88' lang='lat' dir='ltr'><strong>ipsum</strong></span> <span class='ocrx_word' id='word_1_325' title='bbox 961 3385 1379 3442; x_wconf 89' lang='lat' dir='ltr'><strong>condemnarit</strong></span> <span class='ocrx_word' id='word_1_326' title='bbox 1399 3387 1763 3443; x_wconf 86' lang='lat' dir='ltr'><strong>temeritatis.</strong></span> <span class='ocrx_word' id='word_1_327' title='bbox 1799 3384 2139 3457; x_wconf 83' lang='lat' dir='ltr'><strong>Expeditius</strong></span> 
     </span>
    </p>
   </div>
   <div class='ocr_carea' id='block_1_54' title="bbox 491 3471 2139 3546">
    <p class='ocr_par' dir='ltr' id='par_1_54' title="bbox 491 3471 2139 3546">
     <span class='ocr_line' id='line_1_54' title="bbox 491 3471 2139 3546; baseline 0.001 -20"><span class='ocrx_word' id='word_1_328' title='bbox 491 3472 653 3528; x_wconf 90' lang='lat' dir='ltr'><strong>enim</strong></span> <span class='ocrx_word' id='word_1_329' title='bbox 693 3471 913 3545; x_wconf 83' lang='lat' dir='ltr'><strong>aliquis</strong></span> <span class='ocrx_word' id='word_1_330' title='bbox 958 3476 1142 3530; x_wconf 76' lang='lat' dir='ltr'><strong>Crette</strong></span> <span class='ocrx_word' id='word_1_331' title='bbox 1199 3475 1653 3546; x_wconf 86' lang='lat' dir='ltr'><strong>Labyrinthum,</strong></span> <span class='ocrx_word' id='word_1_332' title='bbox 1704 3478 1807 3531; x_wconf 90' lang='lat' dir='ltr'><strong>aut</strong></span> <span class='ocrx_word' id='word_1_333' title='bbox 1858 3473 2139 3532; x_wconf 73' lang='lat' dir='ltr'><strong>Caeadam</strong></span> 
     </span>
    </p>
   </div>
   <div class='ocr_carea' id='block_1_55' title="bbox 493 3564 2141 3639">
    <p class='ocr_par' dir='ltr' id='par_1_55' title="bbox 493 3564 2141 3639">
     <span class='ocr_line' id='line_1_55' title="bbox 493 3564 2141 3639; baseline 0.002 -21"><span class='ocrx_word' id='word_1_334' title='bbox 493 3564 1086 3621; x_wconf 72' lang='lat' dir='ltr'><strong>Lacedaemoniorum</strong></span> <span class='ocrx_word' id='word_1_335' title='bbox 1108 3567 1427 3637; x_wconf 71' lang='lat' dir='ltr'><strong>effugisset,</strong></span> <span class='ocrx_word' id='word_1_336' title='bbox 1453 3582 1638 3639; x_wconf 90' lang='lat' dir='ltr'><strong>quam</strong></span> <span class='ocrx_word' id='word_1_337' title='bbox 1660 3565 2141 3638; x_wconf 88' lang='lat' dir='ltr'><strong>elenchorumip-</strong></span> 
     </span>
    </p>
   </div>
   <div class='ocr_carea' id='block_1_56' title="bbox 493 3651 2016 3720">
    <p class='ocr_par' dir='ltr' id='par_1_56' title="bbox 493 3651 2016 3720">
     <span class='ocr_line' id='line_1_56' title="bbox 493 3651 2016 3720; baseline 0.005 -14"><span class='ocrx_word' id='word_1_338' title='bbox 493 3651 615 3707; x_wconf 89' lang='lat' dir='ltr'><strong>sius</strong></span> <span class='ocrx_word' id='word_1_339' title='bbox 645 3651 937 3708; x_wconf 87' lang='lat' dir='ltr'><strong>evasisset</strong></span> <span class='ocrx_word' id='word_1_340' title='bbox 959 3655 1128 3720; x_wconf 89' lang='lat' dir='ltr'><strong>retia,</strong></span> <span class='ocrx_word' id='word_1_341' title='bbox 1162 3655 1210 3710; x_wconf 90' lang='lat' dir='ltr'><strong>si</strong></span> <span class='ocrx_word' id='word_1_342' title='bbox 1239 3654 1423 3711; x_wconf 89' lang='lat' dir='ltr'><strong>semel</strong></span> <span class='ocrx_word' id='word_1_343' title='bbox 1454 3655 1525 3711; x_wconf 92' lang='lat' dir='ltr'><strong>iis</strong></span> <span class='ocrx_word' id='word_1_344' title='bbox 1553 3659 1712 3712; x_wconf 91' lang='lat' dir='ltr'><strong>esset</strong></span> <span class='ocrx_word' id='word_1_345' title='bbox 1738 3655 2016 3713; x_wconf 84' lang='lat' dir='ltr'><strong>irretitus.</strong></span> 
     </span>
    </p>
   </div>
   <div class='ocr_carea' id='block_1_57' title="bbox 565 3740 2144 3814">
    <p class='ocr_par' dir='ltr' id='par_1_57' title="bbox 565 3740 2144 3814">
     <span class='ocr_line' id='line_1_57' title="bbox 565 3740 2144 3814; baseline 0.004 -19"><span class='ocrx_word' id='word_1_346' title='bbox 565 3740 649 3797; x_wconf 88' lang='grc'><strong>17.</strong></span> <span class='ocrx_word' id='word_1_347' title='bbox 674 3743 779 3797; x_wconf 82' lang='lat' dir='ltr'><strong>Ast</strong></span> <span class='ocrx_word' id='word_1_348' title='bbox 796 3742 1044 3814; x_wconf 89' lang='lat' dir='ltr'><strong>quando</strong></span> <span class='ocrx_word' id='word_1_349' title='bbox 1073 3745 1150 3799; x_wconf 89' lang='lat' dir='ltr'><strong>ad</strong></span> <span class='ocrx_word' id='word_1_350' title='bbox 1176 3743 1595 3814; x_wconf 87' lang='lat' dir='ltr'><strong>investiganda</strong></span> <span class='ocrx_word' id='word_1_351' title='bbox 1645 3744 2009 3801; x_wconf 87' lang='lat' dir='ltr'><strong>naturalium</strong></span> <span class='ocrx_word' id='word_1_352' title='bbox 2057 3759 2144 3801; x_wconf 91' lang='lat' dir='ltr'><strong>re-</strong></span> 
     </span>
    </p>
   </div>
   <div class='ocr_carea' id='block_1_58' title="bbox 491 3833 2144 3907">
    <p class='ocr_par' dir='ltr' id='par_1_58' title="bbox 491 3833 2144 3907">
     <span class='ocr_line' id='line_1_58' title="bbox 491 3833 2144 3907; baseline 0.003 -21"><span class='ocrx_word' id='word_1_353' title='bbox 491 3845 626 3886; x_wconf 88' lang='lat' dir='ltr'><strong>rum</strong></span> <span class='ocrx_word' id='word_1_354' title='bbox 649 3845 874 3887; x_wconf 87' lang='lat' dir='ltr'><strong>arcana</strong></span> <span class='ocrx_word' id='word_1_355' title='bbox 897 3833 1204 3903; x_wconf 86' lang='lat' dir='ltr'><strong>processit,</strong></span> <span class='ocrx_word' id='word_1_356' title='bbox 1228 3833 1516 3904; x_wconf 73' lang='lat' dir='ltr'><strong>Stagiritae</strong></span> <span class='ocrx_word' id='word_1_357' title='bbox 1537 3833 1846 3907; x_wconf 89' lang='lat' dir='ltr'><strong>discipulis</strong></span> <span class='ocrx_word' id='word_1_358' title='bbox 1871 3834 2144 3906; x_wconf 89' lang='lat' dir='ltr'><strong>superior</strong></span> 
     </span>
    </p>
   </div>
   <div class='ocr_carea' id='block_1_59' title="bbox 490 3921 2140 3996">
    <p class='ocr_par' dir='ltr' id='par_1_59' title="bbox 490 3921 2140 3996">
     <span class='ocr_line' id='line_1_59' title="bbox 490 3921 2140 3996; baseline 0.002 -21"><span class='ocrx_word' id='word_1_359' title='bbox 490 3921 807 3992; x_wconf 87' lang='lat' dir='ltr'><strong>apparuit:</strong></span> <span class='ocrx_word' id='word_1_360' title='bbox 839 3936 963 3978; x_wconf 88' lang='lat' dir='ltr'><strong>non</strong></span> <span class='ocrx_word' id='word_1_361' title='bbox 993 3921 1152 3978; x_wconf 88' lang='lat' dir='ltr'><strong>enim</strong></span> <span class='ocrx_word' id='word_1_362' title='bbox 1175 3923 1370 3979; x_wconf 89' lang='lat' dir='ltr'><strong>solum</strong></span> <span class='ocrx_word' id='word_1_363' title='bbox 1404 3923 1722 3980; x_wconf 88' lang='lat' dir='ltr'><strong>videbatur</strong></span> <span class='ocrx_word' id='word_1_364' title='bbox 1741 3928 1969 3980; x_wconf 77' lang='lat' dir='ltr'><strong>naturae</strong></span> <span class='ocrx_word' id='word_1_365' title='bbox 1993 3922 2140 3996; x_wconf 91' lang='lat' dir='ltr'><strong>peri-</strong></span> 
     </span>
    </p>
   </div>
   <div class='ocr_carea' id='block_1_60' title="bbox 490 4009 2140 4086">
    <p class='ocr_par' dir='ltr' id='par_1_60' title="bbox 490 4009 2140 4086">
     <span class='ocr_line' id='line_1_60' title="bbox 490 4009 2140 4086; baseline 0.002 -21"><span class='ocrx_word' id='word_1_366' title='bbox 490 4013 583 4065; x_wconf 90' lang='lat' dir='ltr'><strong>tus</strong></span> <span class='ocrx_word' id='word_1_367' title='bbox 604 4009 844 4076; x_wconf 88' lang='lat' dir='ltr'><strong>arbiter,</strong></span> <span class='ocrx_word' id='word_1_368' title='bbox 871 4026 1081 4067; x_wconf 87' lang='lat' dir='ltr'><strong>verum</strong></span> <span class='ocrx_word' id='word_1_369' title='bbox 1109 4012 1374 4084; x_wconf 89' lang='lat' dir='ltr'><strong>optimus</strong></span> <span class='ocrx_word' id='word_1_370' title='bbox 1429 4012 1771 4086; x_wconf 86' lang='lat' dir='ltr'><strong>explorator</strong></span> <span class='ocrx_word' id='word_1_371' title='bbox 1815 4013 2140 4081; x_wconf 86' lang='lat' dir='ltr'><strong>rationum,</strong></span> 
     </span>
    </p>
   </div>
   <div class='ocr_carea' id='block_1_61' title="bbox 485 4098 2140 4172">
    <p class='ocr_par' dir='ltr' id='par_1_61' title="bbox 485 4098 2140 4172">
     <span class='ocr_line' id='line_1_61' title="bbox 485 4098 2140 4172; baseline 0.002 -18"><span class='ocrx_word' id='word_1_372' title='bbox 485 4098 655 4170; x_wconf 85' lang='lat' dir='ltr'><strong>juxta</strong></span> <span class='ocrx_word' id='word_1_373' title='bbox 691 4115 847 4172; x_wconf 92' lang='lat' dir='ltr'><strong>quas</strong></span> <span class='ocrx_word' id='word_1_374' title='bbox 870 4105 1100 4158; x_wconf 65' lang='lat' dir='ltr'><strong>naturae</strong></span> <span class='ocrx_word' id='word_1_375' title='bbox 1125 4117 1326 4159; x_wconf 86' lang='lat' dir='ltr'><strong>rerum</strong></span> <span class='ocrx_word' id='word_1_376' title='bbox 1360 4102 1576 4160; x_wconf 78' lang='lat' dir='ltr'><strong>fuerint</strong></span> <span class='ocrx_word' id='word_1_377' title='bbox 1605 4103 1916 4160; x_wconf 63' lang='lat' dir='ltr'><strong>ordinatae.</strong></span> <span class='ocrx_word' id='word_1_378' title='bbox 1947 4104 2140 4168; x_wconf 87' lang='lat' dir='ltr'><strong>Quare</strong></span> 
     </span>
    </p>
   </div>
   <div class='ocr_carea' id='block_1_62' title="bbox 493 4187 2142 4265">
    <p class='ocr_par' dir='ltr' id='par_1_62' title="bbox 493 4187 2142 4265">
     <span class='ocr_line' id='line_1_62' title="bbox 493 4187 2142 4265; baseline 0.004 -23"><span class='ocrx_word' id='word_1_379' title='bbox 493 4187 682 4258; x_wconf 87' lang='lat' dir='ltr'><strong>ipsius</strong></span> <span class='ocrx_word' id='word_1_380' title='bbox 729 4188 1074 4258; x_wconf 83' lang='lat' dir='ltr'><strong>Aristotelis,</strong></span> <span class='ocrx_word' id='word_1_381' title='bbox 1128 4196 1186 4247; x_wconf 90' lang='lat' dir='ltr'><strong>et</strong></span> <span class='ocrx_word' id='word_1_382' title='bbox 1233 4191 1507 4247; x_wconf 88' lang='lat' dir='ltr'><strong>omnium</strong></span> <span class='ocrx_word' id='word_1_383' title='bbox 1555 4196 1852 4265; x_wconf 88' lang='lat' dir='ltr'><strong>quotquot</strong></span> <span class='ocrx_word' id='word_1_384' title='bbox 1906 4195 2043 4263; x_wconf 77' lang='lat' dir='ltr'><strong>ante</strong></span> <span class='ocrx_word' id='word_1_385' title='bbox 2085 4195 2142 4248; x_wconf 87' lang='lat' dir='ltr'><strong>et</strong></span> 
     </span>
    </p>
   </div>
   <div class='ocr_carea' id='block_1_63' title="bbox 489 4275 2138 4352">
    <p class='ocr_par' dir='ltr' id='par_1_63' title="bbox 489 4275 2138 4352">
     <span class='ocr_line' id='line_1_63' title="bbox 489 4275 2138 4352; baseline 0.004 -22"><span class='ocrx_word' id='word_1_386' title='bbox 489 4280 626 4348; x_wconf 90' lang='lat' dir='ltr'><strong>post</strong></span> <span class='ocrx_word' id='word_1_387' title='bbox 649 4275 817 4332; x_wconf 88' lang='lat' dir='ltr'><strong>illum</strong></span> <span class='ocrx_word' id='word_1_388' title='bbox 839 4277 914 4333; x_wconf 90' lang='lat' dir='ltr'><strong>de</strong></span> <span class='ocrx_word' id='word_1_389' title='bbox 930 4283 1145 4336; x_wconf 89' lang='lat' dir='ltr'><strong>natura</strong></span> <span class='ocrx_word' id='word_1_390' title='bbox 1157 4280 1352 4352; x_wconf 85' lang='lat' dir='ltr'><strong>deque</strong></span> <span class='ocrx_word' id='word_1_391' title='bbox 1367 4280 1741 4337; x_wconf 86' lang='lat' dir='ltr'><strong>naturalibus</strong></span> <span class='ocrx_word' id='word_1_392' title='bbox 1758 4280 1938 4337; x_wconf 87' lang='lat' dir='ltr'><strong>rebus</strong></span> <span class='ocrx_word' id='word_1_393' title='bbox 1958 4280 2138 4336; x_wconf 90' lang='lat' dir='ltr'><strong>disse-</strong></span> 
     </span>
    </p>
   </div>
   <div class='ocr_carea' id='block_1_64' title="bbox 487 4368 2139 4443">
    <p class='ocr_par' dir='ltr' id='par_1_64' title="bbox 487 4368 2139 4443">
     <span class='ocr_line' id='line_1_64' title="bbox 487 4368 2139 4443; baseline 0.003 -21"><span class='ocrx_word' id='word_1_394' title='bbox 487 4369 736 4422; x_wconf 89' lang='lat' dir='ltr'><strong>ruerunt</strong></span> <span class='ocrx_word' id='word_1_395' title='bbox 763 4368 1137 4424; x_wconf 85' lang='lat' dir='ltr'><strong>examinator</strong></span> <span class='ocrx_word' id='word_1_396' title='bbox 1161 4370 1426 4438; x_wconf 87' lang='lat' dir='ltr'><strong>sedulus,</strong></span> <span class='ocrx_word' id='word_1_397' title='bbox 1473 4374 1578 4426; x_wconf 85' lang='lat' dir='ltr'><strong>aut</strong></span> <span class='ocrx_word' id='word_1_398' title='bbox 1624 4370 1804 4427; x_wconf 89' lang='lat' dir='ltr'><strong>etiam</strong></span> <span class='ocrx_word' id='word_1_399' title='bbox 1859 4370 2139 4443; x_wconf 83' lang='lat' dir='ltr'><strong>explana-</strong></span> 
     </span>
    </p>
   </div>
   <div class='ocr_carea' id='block_1_65' title="bbox 489 4455 2138 4516">
    <p class='ocr_par' dir='ltr' id='par_1_65' title="bbox 489 4455 2138 4516">
     <span class='ocr_line' id='line_1_65' title="bbox 489 4455 2138 4516; baseline 0.002 -4"><span class='ocrx_word' id='word_1_400' title='bbox 489 4461 581 4512; x_wconf 90' lang='lat' dir='ltr'><strong>tor</strong></span> <span class='ocrx_word' id='word_1_401' title='bbox 606 4455 935 4512; x_wconf 89' lang='lat' dir='ltr'><strong>tutissimus</strong></span> <span class='ocrx_word' id='word_1_402' title='bbox 959 4456 1200 4513; x_wconf 79' lang='lat' dir='ltr'><strong>liabitus</strong></span> <span class='ocrx_word' id='word_1_403' title='bbox 1230 4463 1338 4514; x_wconf 90' lang='lat' dir='ltr'><strong>est.</strong></span> <span class='ocrx_word' id='word_1_404' title='bbox 1377 4459 1604 4515; x_wconf 77' lang='lat' dir='ltr'><strong>Animae</strong></span> <span class='ocrx_word' id='word_1_405' title='bbox 1646 4475 1788 4516; x_wconf 85' lang='lat' dir='ltr'><strong>vero</strong></span> <span class='ocrx_word' id='word_1_406' title='bbox 1835 4459 2138 4516; x_wconf 89' lang='lat' dir='ltr'><strong>immorta-</strong></span> 
     </span>
    </p>
   </div>
   <div class='ocr_carea' id='block_1_66' title="bbox 2237 1860 3858 1942">
    <p class='ocr_par' dir='ltr' id='par_1_66' title="bbox 2237 1860 3858 1942">
     <span class='ocr_line' id='line_1_66' title="bbox 2237 1860 3858 1942; baseline 0.002 -28"><span class='ocrx_word' id='word_1_407' title='bbox 2237 1860 2501 1930; x_wconf 79' lang='grc' dir='ltr'>ἀληθείας,</span> <span class='ocrx_word' id='word_1_408' title='bbox 2533 1869 2564 1923; x_wconf 73' lang='grc' dir='ltr'><strong>ἦ</strong></span> <span class='ocrx_word' id='word_1_409' title='bbox 2596 1870 2688 1919; x_wconf 79' lang='grc' dir='ltr'>καὶ</span> <span class='ocrx_word' id='word_1_410' title='bbox 2713 1864 2980 1939; x_wconf 80' lang='grc' dir='ltr'>ἀναγωγόν</span> <span class='ocrx_word' id='word_1_411' title='bbox 3009 1886 3126 1921; x_wconf 90' lang='grc' dir='ltr'>τινα</span> <span class='ocrx_word' id='word_1_412' title='bbox 3160 1870 3290 1942; x_wconf 85' lang='grc' dir='ltr'>πρὸς</span> <span class='ocrx_word' id='word_1_413' title='bbox 3341 1870 3408 1920; x_wconf 82' lang='grc' dir='ltr'>τὰ</span> <span class='ocrx_word' id='word_1_414' title='bbox 3465 1869 3668 1940; x_wconf 79' lang='grc' dir='ltr'>φυσικὰ</span> <span class='ocrx_word' id='word_1_415' title='bbox 3725 1866 3858 1918; x_wconf 75' lang='grc' dir='ltr'>κλί-</span> 
     </span>
    </p>
   </div>
   <div class='ocr_carea' id='block_1_67' title="bbox 2237 1951 3854 2032">
    <p class='ocr_par' dir='ltr' id='par_1_67' title="bbox 2237 1951 3854 2032">
     <span class='ocr_line' id='line_1_67' title="bbox 2237 1951 3854 2032; baseline 0.002 -27"><span class='ocrx_word' id='word_1_416' title='bbox 2237 1971 2379 2024; x_wconf 87' lang='grc' dir='ltr'>ματα</span> <span class='ocrx_word' id='word_1_417' title='bbox 2412 1975 2424 1986; x_wconf 88' lang='grc'><strong>·</strong></span> <span class='ocrx_word' id='word_1_418' title='bbox 2448 1954 2582 2007; x_wconf 78' lang='grc' dir='ltr'>ἄττα</span> <span class='ocrx_word' id='word_1_419' title='bbox 2612 1951 2680 2014; x_wconf 79' lang='grc' dir='ltr'>δὴ</span> <span class='ocrx_word' id='word_1_420' title='bbox 2709 1959 2834 2029; x_wconf 89' lang='grc' dir='ltr'>πρὸς</span> <span class='ocrx_word' id='word_1_421' title='bbox 2891 1959 3105 2032; x_wconf 88' lang='grc' dir='ltr'>θεωρίαν</span> <span class='ocrx_word' id='word_1_422' title='bbox 3161 1955 3519 2030; x_wconf 74' lang='grc' dir='ltr'>μεταϐιϐάζει,</span> <span class='ocrx_word' id='word_1_423' title='bbox 3571 1955 3854 2027; x_wconf 70' lang='grc' dir='ltr'>ὑψηλοτέ-</span> 
     </span>
    </p>
   </div>
   <div class='ocr_carea' id='block_1_68' title="bbox 2237 2041 3852 2120">
    <p class='ocr_par' dir='ltr' id='par_1_68' title="bbox 2237 2041 3852 2120">
     <span class='ocr_line' id='line_1_68' title="bbox 2237 2041 3852 2120; baseline 0.001 -26"><span class='ocrx_word' id='word_1_424' title='bbox 2237 2059 2332 2117; x_wconf 88' lang='grc' dir='ltr'><strong>ραν</strong></span> <span class='ocrx_word' id='word_1_425' title='bbox 2358 2041 2516 2101; x_wconf 82' lang='grc' dir='ltr'>οῖλλην</span> <span class='ocrx_word' id='word_1_426' title='bbox 2547 2047 2635 2097; x_wconf 80' lang='grc' dir='ltr'>καὶ</span> <span class='ocrx_word' id='word_1_427' title='bbox 2663 2049 2951 2120; x_wconf 84' lang='grc' dir='ltr'>κρείττονα,</span> <span class='ocrx_word' id='word_1_428' title='bbox 3005 2049 3100 2104; x_wconf 74' lang='grc' dir='ltr'>τὴν</span> <span class='ocrx_word' id='word_1_429' title='bbox 3154 2053 3254 2098; x_wconf 82' lang='grc' dir='ltr'>τῶν</span> <span class='ocrx_word' id='word_1_430' title='bbox 3311 2046 3438 2118; x_wconf 80' lang='grc' dir='ltr'>ὑπέρ</span> <span class='ocrx_word' id='word_1_431' title='bbox 3495 2046 3654 2117; x_wconf 76' lang='grc' dir='ltr'>φύσιν</span> <span class='ocrx_word' id='word_1_432' title='bbox 3700 2045 3852 2117; x_wconf 49' lang='lat' dir='ltr'><strong>mea</strong></span> 
     </span>
    </p>
   </div>
   <div class='ocr_carea' id='block_1_69' title="bbox 2238 2130 3856 2207">
    <p class='ocr_par' dir='ltr' id='par_1_69' title="bbox 2238 2130 3856 2207">
     <span class='ocr_line' id='line_1_69' title="bbox 2238 2130 3856 2207; baseline 0.002 -25"><span class='ocrx_word' id='word_1_433' title='bbox 2238 2135 2326 2183; x_wconf 80' lang='grc' dir='ltr'>καὶ</span> <span class='ocrx_word' id='word_1_434' title='bbox 2355 2132 2617 2206; x_wconf 68' lang='grc' dir='ltr'>θειοτὶρων</span> <span class='ocrx_word' id='word_1_435' title='bbox 2667 2132 2919 2196; x_wconf 80' lang='grc' dir='ltr'>ἐξέτασιν.</span> <span class='ocrx_word' id='word_1_436' title='bbox 2974 2137 3080 2193; x_wconf 76' lang='grc' dir='ltr'><strong>Τὴν</strong></span> <span class='ocrx_word' id='word_1_437' title='bbox 3141 2131 3202 2188; x_wconf 85' lang='grc' dir='ltr'><strong>δέ</strong></span> <span class='ocrx_word' id='word_1_438' title='bbox 3253 2130 3319 2192; x_wconf 79' lang='grc' dir='ltr'>δὴ</span> <span class='ocrx_word' id='word_1_439' title='bbox 3388 2136 3482 2186; x_wconf 78' lang='grc' dir='ltr'>σύν</span> <span class='ocrx_word' id='word_1_440' title='bbox 3530 2135 3700 2207; x_wconf 73' lang='grc' dir='ltr'>ταύτῃ</span> <span class='ocrx_word' id='word_1_441' title='bbox 3754 2139 3856 2186; x_wconf 80' lang='grc' dir='ltr'>καὶ</span> 
     </span>
    </p>
   </div>
   <div class='ocr_carea' id='block_1_70' title="bbox 2240 2219 3852 2296">
    <p class='ocr_par' dir='ltr' id='par_1_70' title="bbox 2240 2219 3852 2296">
     <span class='ocr_line' id='line_1_70' title="bbox 2240 2219 3852 2296; baseline 0.001 -24"><span class='ocrx_word' id='word_1_442' title='bbox 2240 2220 2554 2293; x_wconf 71' lang='grc' dir='ltr'>μετάὗτὴν,</span> <span class='ocrx_word' id='word_1_443' title='bbox 2587 2226 2682 2281; x_wconf 77' lang='grc' dir='ltr'>τὴν</span> <span class='ocrx_word' id='word_1_444' title='bbox 2715 2219 3040 2296; x_wconf 77' lang='grc' dir='ltr'>ἀδολεσχίαν</span> <span class='ocrx_word' id='word_1_445' title='bbox 3069 2223 3203 2296; x_wconf 76' lang='grc' dir='ltr'>λέγω</span> <span class='ocrx_word' id='word_1_446' title='bbox 3255 2223 3414 2292; x_wconf 82' lang='grc' dir='ltr'>(οὕτω</span> <span class='ocrx_word' id='word_1_447' title='bbox 3455 2227 3556 2296; x_wconf 79' lang='grc' dir='ltr'>γὰρ</span> <span class='ocrx_word' id='word_1_448' title='bbox 3605 2243 3692 2285; x_wconf 86' lang='grc' dir='ltr'><strong>τις</strong></span> <span class='ocrx_word' id='word_1_449' title='bbox 3741 2232 3852 2276; x_wconf 83' lang='grc' dir='ltr'>τῶν</span> 
     </span>
    </p>
   </div>
   <div class='ocr_carea' id='block_1_71' title="bbox 2241 2307 3854 2386">
    <p class='ocr_par' dir='ltr' id='par_1_71' title="bbox 2241 2307 3854 2386">
     <span class='ocr_line' id='line_1_71' title="bbox 2241 2307 3854 2386; baseline 0.002 -26"><span class='ocrx_word' id='word_1_450' title='bbox 2241 2308 2402 2361; x_wconf 77' lang='grc' dir='ltr'>πάλαι</span> <span class='ocrx_word' id='word_1_451' title='bbox 2458 2314 2552 2370; x_wconf 79' lang='grc' dir='ltr'>τὴν</span> <span class='ocrx_word' id='word_1_452' title='bbox 2597 2307 2929 2372; x_wconf 80' lang='grc' dir='ltr'>διαλεκτικὴν</span> <span class='ocrx_word' id='word_1_453' title='bbox 2984 2317 3384 2386; x_wconf 81' lang='grc' dir='ltr'>κατωνόμασεν,</span> <span class='ocrx_word' id='word_1_454' title='bbox 3446 2314 3476 2371; x_wconf 76' lang='grc' dir='ltr'><strong>ἦ</strong></span> <span class='ocrx_word' id='word_1_455' title='bbox 3531 2313 3854 2385; x_wconf 70' lang='grc' dir='ltr'>φιλοσοφίαν</span> 
     </span>
    </p>
   </div>
   <div class='ocr_carea' id='block_1_72' title="bbox 2242 2398 3855 2475">
    <p class='ocr_par' dir='ltr' id='par_1_72' title="bbox 2242 2398 3855 2475">
     <span class='ocr_line' id='line_1_72' title="bbox 2242 2398 3855 2475; baseline 0.002 -26"><span class='ocrx_word' id='word_1_456' title='bbox 2242 2401 2336 2456; x_wconf 80' lang='grc' dir='ltr'>τήν</span> <span class='ocrx_word' id='word_1_457' title='bbox 2374 2405 2586 2471; x_wconf 87' lang='grc' dir='ltr'>πρώτην</span> <span class='ocrx_word' id='word_1_458' title='bbox 2647 2401 2978 2475; x_wconf 81' lang='grc' dir='ltr'>ὑποκρίνεται</span> <span class='ocrx_word' id='word_1_459' title='bbox 3051 2398 3358 2467; x_wconf 76' lang='grc' dir='ltr'>δεξιώτατα,</span> <span class='ocrx_word' id='word_1_460' title='bbox 3430 2405 3526 2462; x_wconf 82' lang='grc' dir='ltr'>τὴν</span> <span class='ocrx_word' id='word_1_461' title='bbox 3613 2403 3855 2462; x_wconf 78' lang='grc' dir='ltr'>ἁπάσαις</span> 
     </span>
    </p>
   </div>
   <div class='ocr_carea' id='block_1_73' title="bbox 2241 2488 3856 2566">
    <p class='ocr_par' dir='ltr' id='par_1_73' title="bbox 2241 2488 3856 2566">
     <span class='ocr_line' id='line_1_73' title="bbox 2241 2488 3856 2566; baseline 0.002 -26"><span class='ocrx_word' id='word_1_462' title='bbox 2241 2491 2458 2560; x_wconf 76' lang='grc' dir='ltr'>τέχναις</span> <span class='ocrx_word' id='word_1_463' title='bbox 2485 2493 2574 2542; x_wconf 86' lang='grc' dir='ltr'>καὶ</span> <span class='ocrx_word' id='word_1_464' title='bbox 2613 2488 2928 2562; x_wconf 74' lang='grc' dir='ltr'>ἐπιστήμαις</span> <span class='ocrx_word' id='word_1_465' title='bbox 2986 2490 3401 2564; x_wconf 80' lang='grc' dir='ltr'>πρεσϐεὺουσαν,</span> <span class='ocrx_word' id='word_1_466' title='bbox 3455 2496 3546 2544; x_wconf 82' lang='grc' dir='ltr'>καὶ</span> <span class='ocrx_word' id='word_1_467' title='bbox 3593 2494 3692 2553; x_wconf 81' lang='grc' dir='ltr'>τάς</span> <span class='ocrx_word' id='word_1_468' title='bbox 3749 2490 3856 2566; x_wconf 77' lang='grc' dir='ltr'>ἀρ-</span> 
     </span>
    </p>
   </div>
   <div class='ocr_carea' id='block_1_74' title="bbox 2243 2576 3858 2654">
    <p class='ocr_par' dir='ltr' id='par_1_74' title="bbox 2243 2576 3858 2654">
     <span class='ocr_line' id='line_1_74' title="bbox 2243 2576 3858 2654; baseline 0.002 -26"><span class='ocrx_word' id='word_1_469' title='bbox 2243 2578 2351 2647; x_wconf 80' lang='grc' dir='ltr'><strong>χὰς</strong></span> <span class='ocrx_word' id='word_1_470' title='bbox 2379 2597 2434 2630; x_wconf 89' lang='grc' dir='ltr'><strong>τε</strong></span> <span class='ocrx_word' id='word_1_471' title='bbox 2457 2581 2819 2650; x_wconf 70' lang='grc' dir='ltr'>παρεχουσαν,</span> <span class='ocrx_word' id='word_1_472' title='bbox 2841 2585 2932 2632; x_wconf 82' lang='grc' dir='ltr'>καὶ</span> <span class='ocrx_word' id='word_1_473' title='bbox 2978 2576 3344 2654; x_wconf 70' lang='grc' dir='ltr'>διασαφοῦσαν</span> <span class='ocrx_word' id='word_1_474' title='bbox 3398 2581 3464 2633; x_wconf 83' lang='grc' dir='ltr'>τὰ</span> <span class='ocrx_word' id='word_1_475' title='bbox 3519 2580 3858 2652; x_wconf 80' lang='grc' dir='ltr'>ἀξιώματα),</span> 
     </span>
    </p>
   </div>
   <div class='ocr_carea' id='block_1_75' title="bbox 2243 2662 3855 2745">
    <p class='ocr_par' dir='ltr' id='par_1_75' title="bbox 2243 2662 3855 2745">
     <span class='ocr_line' id='line_1_75' title="bbox 2243 2662 3855 2745; baseline 0.003 -29"><span class='ocrx_word' id='word_1_476' title='bbox 2243 2670 2338 2724; x_wconf 75' lang='grc' dir='ltr'>τὴν</span> <span class='ocrx_word' id='word_1_477' title='bbox 2399 2662 2486 2718; x_wconf 78' lang='grc' dir='ltr'>οὖν</span> <span class='ocrx_word' id='word_1_478' title='bbox 2553 2665 2746 2726; x_wconf 76' lang='grc' dir='ltr'>ἐκείνην</span> <span class='ocrx_word' id='word_1_479' title='bbox 2811 2668 3057 2745; x_wconf 73' lang='grc' dir='ltr'>ἄντικρυς</span> <span class='ocrx_word' id='word_1_480' title='bbox 3112 2669 3468 2732; x_wconf 85' lang='grc' dir='ltr'>εἰκονίζουσαν</span> <span class='ocrx_word' id='word_1_481' title='bbox 3526 2669 3681 2743; x_wconf 86' lang='grc' dir='ltr'>(πρὸς</span> <span class='ocrx_word' id='word_1_482' title='bbox 3745 2673 3855 2743; x_wconf 75' lang='grc' dir='ltr'><strong>γὰρ</strong></span> 
     </span>
    </p>
   </div>
   <div class='ocr_carea' id='block_1_76' title="bbox 2244 2757 3856 2835">
    <p class='ocr_par' dir='ltr' id='par_1_76' title="bbox 2244 2757 3856 2835">
     <span class='ocr_line' id='line_1_76' title="bbox 2244 2757 3856 2835; baseline 0.002 -27"><span class='ocrx_word' id='word_1_483' title='bbox 2244 2758 2381 2810; x_wconf 79' lang='grc' dir='ltr'>ἅπαν</span> <span class='ocrx_word' id='word_1_484' title='bbox 2437 2758 2497 2809; x_wconf 83' lang='grc' dir='ltr'><strong>τό</strong></span> <span class='ocrx_word' id='word_1_485' title='bbox 2547 2757 2861 2831; x_wconf 77' lang='grc' dir='ltr'>ζητούμενον</span> <span class='ocrx_word' id='word_1_486' title='bbox 2911 2763 2942 2818; x_wconf 77' lang='grc' dir='ltr'><strong>ἦ</strong></span> <span class='ocrx_word' id='word_1_487' title='bbox 3007 2758 3415 2835; x_wconf 74' lang='grc' dir='ltr'>προϐαλλόμενον</span> <span class='ocrx_word' id='word_1_488' title='bbox 3469 2759 3700 2835; x_wconf 77' lang='grc' dir='ltr'>εὐχερῶς</span> <span class='ocrx_word' id='word_1_489' title='bbox 3759 2765 3856 2812; x_wconf 76' lang='grc' dir='ltr'>καὶ</span> 
     </span>
    </p>
   </div>
   <div class='ocr_carea' id='block_1_77' title="bbox 2247 2846 3854 2921">
    <p class='ocr_par' dir='ltr' id='par_1_77' title="bbox 2247 2846 3854 2921">
     <span class='ocr_line' id='line_1_77' title="bbox 2247 2846 3854 2921; baseline 0.001 -22"><span class='ocrx_word' id='word_1_490' title='bbox 2247 2847 2377 2903; x_wconf 79' lang='grc' dir='ltr'>αὕτη</span> <span class='ocrx_word' id='word_1_491' title='bbox 2399 2848 2518 2906; x_wconf 80' lang='grc' dir='ltr'>τούς</span> <span class='ocrx_word' id='word_1_492' title='bbox 2557 2846 2739 2919; x_wconf 84' lang='grc' dir='ltr'>λόγους</span> <span class='ocrx_word' id='word_1_493' title='bbox 2785 2847 2986 2921; x_wconf 71' lang='grc' dir='ltr'>ἐπείγει,</span> <span class='ocrx_word' id='word_1_494' title='bbox 3039 2848 3280 2920; x_wconf 68' lang='grc' dir='ltr'>εὐλόγους</span> <span class='ocrx_word' id='word_1_495' title='bbox 3344 2848 3454 2921; x_wconf 76' lang='grc' dir='ltr'>ἅμα</span> <span class='ocrx_word' id='word_1_496' title='bbox 3525 2853 3617 2900; x_wconf 86' lang='grc' dir='ltr'>καὶ</span> <span class='ocrx_word' id='word_1_497' title='bbox 3679 2848 3854 2920; x_wconf 79' lang='grc' dir='ltr'>ἁρμό-</span> 
     </span>
    </p>
   </div>
   <div class='ocr_carea' id='block_1_78' title="bbox 2249 2936 3850 3010">
    <p class='ocr_par' dir='ltr' id='par_1_78' title="bbox 2249 2936 3850 3010">
     <span class='ocr_line' id='line_1_78' title="bbox 2249 2936 3850 3010; baseline 0.002 -25"><span class='ocrx_word' id='word_1_498' title='bbox 2249 2936 2430 2997; x_wconf 77' lang='grc' dir='ltr'>ζοντας</span> <span class='ocrx_word' id='word_1_499' title='bbox 2467 2940 2752 3008; x_wconf 79' lang='grc' dir='ltr'>κεκτημένη</span> <span class='ocrx_word' id='word_1_500' title='bbox 2791 2941 2921 3010; x_wconf 90' lang='grc' dir='ltr'>πρός</span> <span class='ocrx_word' id='word_1_501' title='bbox 2979 2938 3216 3008; x_wconf 78' lang='grc' dir='ltr'>ἕκαστον)</span> <span class='ocrx_word' id='word_1_502' title='bbox 3264 2941 3342 2998; x_wconf 82' lang='grc' dir='ltr'>τὶς</span> <span class='ocrx_word' id='word_1_503' title='bbox 3385 2939 3510 3010; x_wconf 81' lang='grc' dir='ltr'>ὑπέρ</span> <span class='ocrx_word' id='word_1_504' title='bbox 3573 2936 3768 2989; x_wconf 75' lang='grc' dir='ltr'>ἐκεῖνον</span> <span class='ocrx_word' id='word_1_505' title='bbox 3818 2941 3850 2994; x_wconf 72' lang='grc' dir='ltr'><em>ἦ</em></span> 
     </span>
    </p>
   </div>
   <div class='ocr_carea' id='block_1_79' title="bbox 2245 3023 3856 3100">
    <p class='ocr_par' dir='ltr' id='par_1_79' title="bbox 2245 3023 3856 3100">
     <span class='ocr_line' id='line_1_79' title="bbox 2245 3023 3856 3100; baseline 0.002 -24"><span class='ocrx_word' id='word_1_506' title='bbox 2245 3023 2357 3077; x_wconf 81' lang='grc' dir='ltr'>κατ’</span> <span class='ocrx_word' id='word_1_507' title='bbox 2401 3023 2586 3078; x_wconf 73' lang='grc' dir='ltr'>ἐκεῖνον</span> <span class='ocrx_word' id='word_1_508' title='bbox 2635 3024 2921 3100; x_wconf 77' lang='grc' dir='ltr'>ἠκρίϐωσε,</span> <span class='ocrx_word' id='word_1_509' title='bbox 2977 3031 3067 3079; x_wconf 78' lang='grc' dir='ltr'>καὶ</span> <span class='ocrx_word' id='word_1_510' title='bbox 3121 3028 3317 3079; x_wconf 79' lang='grc' dir='ltr'>όῦτωσί</span> <span class='ocrx_word' id='word_1_511' title='bbox 3373 3026 3482 3099; x_wconf 87' lang='grc' dir='ltr'>μετ’</span> <span class='ocrx_word' id='word_1_512' title='bbox 3559 3025 3856 3098; x_wconf 79' lang='grc' dir='ltr'>ἀγχινοίας</span> 
     </span>
    </p>
   </div>
   <div class='ocr_carea' id='block_1_80' title="bbox 2247 3111 3851 3188">
    <p class='ocr_par' dir='ltr' id='par_1_80' title="bbox 2247 3111 3851 3188">
     <span class='ocr_line' id='line_1_80' title="bbox 2247 3111 3851 3188; baseline 0.001 -22"><span class='ocrx_word' id='word_1_513' title='bbox 2247 3113 2556 3188; x_wconf 74' lang='grc' dir='ltr'>ἔχρησατο;</span> <span class='ocrx_word' id='word_1_514' title='bbox 2595 3111 2785 3177; x_wconf 81' lang='grc' dir='ltr'>Οὐδείς</span> <span class='ocrx_word' id='word_1_515' title='bbox 2814 3113 2875 3168; x_wconf 82' lang='grc' dir='ltr'>ἂν</span> <span class='ocrx_word' id='word_1_516' title='bbox 2930 3115 3002 3177; x_wconf 86' lang='grc' dir='ltr'><strong>εἰς</strong></span> <span class='ocrx_word' id='word_1_517' title='bbox 3043 3115 3228 3188; x_wconf 85' lang='grc' dir='ltr'>λόγους</span> <span class='ocrx_word' id='word_1_518' title='bbox 3287 3114 3441 3168; x_wconf 80' lang='grc' dir='ltr'>ἐλθών</span> <span class='ocrx_word' id='word_1_519' title='bbox 3506 3113 3695 3186; x_wconf 78' lang='grc' dir='ltr'>ἐκείνῳ,</span> <span class='ocrx_word' id='word_1_520' title='bbox 3773 3120 3851 3188; x_wconf 73' lang='grc' dir='ltr'>μὴ</span> 
     </span>
    </p>
   </div>
   <div class='ocr_carea' id='block_1_81' title="bbox 2244 3205 3860 3280">
    <p class='ocr_par' dir='ltr' id='par_1_81' title="bbox 2244 3205 3860 3280">
     <span class='ocr_line' id='line_1_81' title="bbox 2244 3205 3860 3280; baseline 0.001 -23"><span class='ocrx_word' id='word_1_521' title='bbox 2244 3206 2490 3276; x_wconf 83' lang='grc' dir='ltr'>παραυτὰ</span> <span class='ocrx_word' id='word_1_522' title='bbox 2552 3208 2799 3277; x_wconf 81' lang='grc' dir='ltr'>μετέγνω,</span> <span class='ocrx_word' id='word_1_523' title='bbox 2847 3209 3063 3266; x_wconf 79' lang='grc' dir='ltr'>καὶτῆς</span> <span class='ocrx_word' id='word_1_524' title='bbox 3111 3209 3421 3280; x_wconf 85' lang='grc' dir='ltr'>προπετείας</span> <span class='ocrx_word' id='word_1_525' title='bbox 3469 3205 3651 3258; x_wconf 78' lang='grc' dir='ltr'>ἑαυτόν</span> <span class='ocrx_word' id='word_1_526' title='bbox 3714 3224 3860 3258; x_wconf 75' lang='grc' dir='ltr'>κατ-</span> 
     </span>
    </p>
   </div>
   <div class='ocr_carea' id='block_1_82' title="bbox 2247 3292 3861 3368">
    <p class='ocr_par' dir='ltr' id='par_1_82' title="bbox 2247 3292 3861 3368">
     <span class='ocr_line' id='line_1_82' title="bbox 2247 3292 3861 3368; baseline -0.001 -21"><span class='ocrx_word' id='word_1_527' title='bbox 2247 3292 2536 3366; x_wconf 61' lang='grc' dir='ltr'>εμέμψατο.</span> <span class='ocrx_word' id='word_1_528' title='bbox 2600 3293 2982 3368; x_wconf 79' lang='grc' dir='ltr'>Εὗχερέστερον</span> <span class='ocrx_word' id='word_1_529' title='bbox 3063 3293 3122 3345; x_wconf 81' lang='grc' dir='ltr'><strong>ἃν</strong></span> <span class='ocrx_word' id='word_1_530' title='bbox 3170 3313 3244 3355; x_wconf 91' lang='grc' dir='ltr'><strong>τις</strong></span> <span class='ocrx_word' id='word_1_531' title='bbox 3293 3292 3341 3346; x_wconf 79' lang='grc' dir='ltr'><strong>έν</strong></span> <span class='ocrx_word' id='word_1_532' title='bbox 3426 3299 3603 3367; x_wconf 73' lang='grc' dir='ltr'>Κρήτη</span> <span class='ocrx_word' id='word_1_533' title='bbox 3691 3292 3861 3346; x_wconf 71' lang='grc' dir='ltr'>λαϐό-</span> 
     </span>
    </p>
   </div>
   <div class='ocr_carea' id='block_1_83' title="bbox 2246 3378 3858 3458">
    <p class='ocr_par' dir='ltr' id='par_1_83' title="bbox 2246 3378 3858 3458">
     <span class='ocr_line' id='line_1_83' title="bbox 2246 3378 3858 3458; baseline 0.001 -24"><span class='ocrx_word' id='word_1_534' title='bbox 2246 3384 2438 3456; x_wconf 81' lang='grc' dir='ltr'>ρινθον,</span> <span class='ocrx_word' id='word_1_535' title='bbox 2491 3385 2522 3441; x_wconf 77' lang='grc' dir='ltr'><strong>ἤ</strong></span> <span class='ocrx_word' id='word_1_536' title='bbox 2582 3384 2671 3434; x_wconf 85' lang='grc' dir='ltr'>τὸν</span> <span class='ocrx_word' id='word_1_537' title='bbox 2726 3385 2871 3458; x_wconf 79' lang='grc' dir='ltr'>παρὰ</span> <span class='ocrx_word' id='word_1_538' title='bbox 2934 3379 3368 3456; x_wconf 84' lang='grc' dir='ltr'>Λακεδαιμονίοις</span> <span class='ocrx_word' id='word_1_539' title='bbox 3444 3378 3682 3436; x_wconf 81' lang='grc' dir='ltr'>Καιὰδαν</span> <span class='ocrx_word' id='word_1_540' title='bbox 3773 3384 3858 3452; x_wconf 82' lang='lat'><strong>(6)</strong></span> 
     </span>
    </p>
   </div>
   <div class='ocr_carea' id='block_1_84' title="bbox 2247 3468 3854 3550">
    <p class='ocr_par' dir='ltr' id='par_1_84' title="bbox 2247 3468 3854 3550">
     <span class='ocr_line' id='line_1_84' title="bbox 2247 3468 3854 3550; baseline 0 -24"><span class='ocrx_word' id='word_1_541' title='bbox 2247 3471 2503 3546; x_wconf 75' lang='grc' dir='ltr'>ἕξέφυγεν,</span> <span class='ocrx_word' id='word_1_542' title='bbox 2535 3476 2565 3532; x_wconf 79' lang='grc' dir='ltr'><em>ἧ</em></span> <span class='ocrx_word' id='word_1_543' title='bbox 2594 3475 2689 3534; x_wconf 82' lang='grc' dir='ltr'><strong>τὰς</strong></span> <span class='ocrx_word' id='word_1_544' title='bbox 2716 3470 2908 3526; x_wconf 71' lang='grc' dir='ltr'>ἐκείνου</span> <span class='ocrx_word' id='word_1_545' title='bbox 2964 3481 3066 3526; x_wconf 84' lang='grc' dir='ltr'>τῶν</span> <span class='ocrx_word' id='word_1_546' title='bbox 3116 3473 3282 3546; x_wconf 88' lang='grc' dir='ltr'>λόγων</span> <span class='ocrx_word' id='word_1_547' title='bbox 3329 3473 3490 3550; x_wconf 77' lang='grc' dir='ltr'>ἄρκυς</span> <span class='ocrx_word' id='word_1_548' title='bbox 3535 3468 3854 3548; x_wconf 81' lang='grc' dir='ltr'>διέδρασεν,</span> 
     </span>
    </p>
   </div>
   <div class='ocr_carea' id='block_1_85' title="bbox 2249 3559 3202 3635">
    <p class='ocr_par' dir='ltr' id='par_1_85' title="bbox 2249 3559 3202 3635">
     <span class='ocr_line' id='line_1_85' title="bbox 2249 3559 3202 3635; baseline 0.002 -20"><span class='ocrx_word' id='word_1_549' title='bbox 2249 3565 2293 3615; x_wconf 80' lang='grc' dir='ltr'>εἶ</span> <span class='ocrx_word' id='word_1_550' title='bbox 2321 3565 2381 3634; x_wconf 82' lang='grc' dir='ltr'><strong>γέ</strong></span> <span class='ocrx_word' id='word_1_551' title='bbox 2409 3564 2458 3616; x_wconf 86' lang='grc' dir='ltr'>οἱ</span> <span class='ocrx_word' id='word_1_552' title='bbox 2477 3581 2681 3615; x_wconf 89' lang='grc' dir='ltr'>τοιοτου</span> <span class='ocrx_word' id='word_1_553' title='bbox 2707 3565 2831 3635; x_wconf 80' lang='grc' dir='ltr'>μοτὶ</span> <span class='ocrx_word' id='word_1_554' title='bbox 2850 3566 2940 3615; x_wconf 87' lang='grc' dir='ltr'>καὶ</span> <span class='ocrx_word' id='word_1_555' title='bbox 2971 3559 3202 3621; x_wconf 72' lang='grc' dir='ltr'>ἐδέησεν.</span> 
     </span>
    </p>
   </div>
   <div class='ocr_carea' id='block_1_86' title="bbox 2324 3738 3864 3818">
    <p class='ocr_par' dir='ltr' id='par_1_86' title="bbox 2324 3738 3864 3818">
     <span class='ocr_line' id='line_1_86' title="bbox 2324 3738 3864 3818; baseline 0.002 -25"><span class='ocrx_word' id='word_1_556' title='bbox 2324 3741 2408 3802; x_wconf 70' lang='grc' dir='ltr'><strong>ιζ.</strong></span> <span class='ocrx_word' id='word_1_557' title='bbox 2437 3741 2575 3795; x_wconf 84' lang='grc' dir='ltr'>Ἀλλ’</span> <span class='ocrx_word' id='word_1_558' title='bbox 2600 3739 2780 3801; x_wconf 79' lang='grc' dir='ltr'>ἐπειδὴ</span> <span class='ocrx_word' id='word_1_559' title='bbox 2812 3745 2932 3818; x_wconf 87' lang='grc' dir='ltr'>περί</span> <span class='ocrx_word' id='word_1_560' title='bbox 2988 3744 3186 3814; x_wconf 83' lang='grc' dir='ltr'>φύσεως</span> <span class='ocrx_word' id='word_1_561' title='bbox 3247 3741 3496 3806; x_wconf 79' lang='grc' dir='ltr'>ἒξετὰζειν</span> <span class='ocrx_word' id='word_1_562' title='bbox 3553 3738 3660 3801; x_wconf 75' lang='grc' dir='ltr'>ἤδη</span> <span class='ocrx_word' id='word_1_563' title='bbox 3719 3762 3864 3818; x_wconf 84' lang='grc' dir='ltr'>προ-</span> 
     </span>
    </p>
   </div>
   <div class='ocr_carea' id='block_1_87' title="bbox 2250 3827 3859 3908">
    <p class='ocr_par' dir='ltr' id='par_1_87' title="bbox 2250 3827 3859 3908">
     <span class='ocr_line' id='line_1_87' title="bbox 2250 3827 3859 3908; baseline 0 -24"><span class='ocrx_word' id='word_1_564' title='bbox 2250 3837 2424 3902; x_wconf 82' lang='grc' dir='ltr'>ήγετο,</span> <span class='ocrx_word' id='word_1_565' title='bbox 2481 3832 2608 3906; x_wconf 84' lang='grc' dir='ltr'>ὑπέρ</span> <span class='ocrx_word' id='word_1_566' title='bbox 2664 3833 2764 3883; x_wconf 87' lang='grc' dir='ltr'>τῶν</span> <span class='ocrx_word' id='word_1_567' title='bbox 2827 3830 2882 3884; x_wconf 72' lang='grc' dir='ltr'>ἐκ</span> <span class='ocrx_word' id='word_1_568' title='bbox 2930 3827 3564 3907; x_wconf 60' lang='grc' dir='ltr'>Σταγείραςέδείκνυτω</span> <span class='ocrx_word' id='word_1_569' title='bbox 3621 3831 3680 3884; x_wconf 68' lang='grc' dir='ltr'>οὐ</span> <span class='ocrx_word' id='word_1_570' title='bbox 3745 3835 3859 3908; x_wconf 72' lang='grc' dir='ltr'>γὰρ</span> 
     </span>
    </p>
   </div>
   <div class='ocr_carea' id='block_1_88' title="bbox 2251 3916 3853 3994">
    <p class='ocr_par' dir='ltr' id='par_1_88' title="bbox 2251 3916 3853 3994">
     <span class='ocr_line' id='line_1_88' title="bbox 2251 3916 3853 3994; baseline 0 -21"><span class='ocrx_word' id='word_1_571' title='bbox 2251 3917 2318 3978; x_wconf 82' lang='grc' dir='ltr'>δὴ</span> <span class='ocrx_word' id='word_1_572' title='bbox 2351 3925 2504 3993; x_wconf 88' lang='grc' dir='ltr'>μόνον</span> <span class='ocrx_word' id='word_1_573' title='bbox 2531 3916 2696 3984; x_wconf 84' lang='grc' dir='ltr'>δεξιός</span> <span class='ocrx_word' id='word_1_574' title='bbox 2720 3941 2798 3983; x_wconf 88' lang='grc' dir='ltr'><strong>τις</strong></span> <span class='ocrx_word' id='word_1_575' title='bbox 2839 3928 2933 3984; x_wconf 74' lang='grc' dir='ltr'>τῆς</span> <span class='ocrx_word' id='word_1_576' title='bbox 2991 3923 3188 3993; x_wconf 82' lang='grc' dir='ltr'>φύσεως</span> <span class='ocrx_word' id='word_1_577' title='bbox 3239 3921 3537 3994; x_wconf 71' lang='grc' dir='ltr'>ἐπιγνώμων</span> <span class='ocrx_word' id='word_1_578' title='bbox 3589 3922 3853 3992; x_wconf 77' lang='grc' dir='ltr'>ἐφαίνετο,</span> 
     </span>
    </p>
   </div>
   <div class='ocr_carea' id='block_1_89' title="bbox 2248 4008 3857 4085">
    <p class='ocr_par' dir='ltr' id='par_1_89' title="bbox 2248 4008 3857 4085">
     <span class='ocr_line' id='line_1_89' title="bbox 2248 4008 3857 4085; baseline 0 -23"><span class='ocrx_word' id='word_1_579' title='bbox 2248 4009 2378 4062; x_wconf 72' lang='grc' dir='ltr'>ἀλλὰ</span> <span class='ocrx_word' id='word_1_580' title='bbox 2435 4013 2524 4062; x_wconf 82' lang='grc' dir='ltr'>καὶ</span> <span class='ocrx_word' id='word_1_581' title='bbox 2574 4019 2674 4062; x_wconf 87' lang='grc' dir='ltr'>τῶν</span> <span class='ocrx_word' id='word_1_582' title='bbox 2730 4009 2895 4082; x_wconf 86' lang='grc' dir='ltr'>λόγων</span> <span class='ocrx_word' id='word_1_583' title='bbox 2953 4008 3244 4085; x_wconf 79' lang='grc' dir='ltr'>ἁκριϐωτής</span> <span class='ocrx_word' id='word_1_584' title='bbox 3299 4008 3512 4085; x_wconf 77' lang='grc' dir='ltr'>ἄριστος</span> <span class='ocrx_word' id='word_1_585' title='bbox 3571 4009 3687 4062; x_wconf 85' lang='grc' dir='ltr'>καθ’</span> <span class='ocrx_word' id='word_1_586' title='bbox 3759 4009 3857 4073; x_wconf 72' lang='grc' dir='ltr'>οὓς</span> 
     </span>
    </p>
   </div>
   <div class='ocr_carea' id='block_1_90' title="bbox 2248 4100 3854 4172">
    <p class='ocr_par' dir='ltr' id='par_1_90' title="bbox 2248 4100 3854 4172">
     <span class='ocr_line' id='line_1_90' title="bbox 2248 4100 3854 4172; baseline -0.001 -20"><span class='ocrx_word' id='word_1_587' title='bbox 2248 4101 2382 4152; x_wconf 67' lang='grc' dir='ltr'>οὕτω</span> <span class='ocrx_word' id='word_1_588' title='bbox 2402 4119 2510 4162; x_wconf 85' lang='grc' dir='ltr'><strong>πως</strong></span> <span class='ocrx_word' id='word_1_589' title='bbox 2540 4101 2832 4170; x_wconf 76' lang='grc' dir='ltr'>τετὰχαται</span> <span class='ocrx_word' id='word_1_590' title='bbox 2878 4101 2943 4152; x_wconf 75' lang='grc' dir='ltr'>τὰ</span> <span class='ocrx_word' id='word_1_591' title='bbox 2995 4106 3092 4162; x_wconf 78' lang='grc' dir='ltr'>τῆς</span> <span class='ocrx_word' id='word_1_592' title='bbox 3138 4102 3370 4172; x_wconf 82' lang='grc' dir='ltr'>φύσεως·</span> <span class='ocrx_word' id='word_1_593' title='bbox 3419 4101 3552 4152; x_wconf 84' lang='grc' dir='ltr'>ἔνθεν</span> <span class='ocrx_word' id='word_1_594' title='bbox 3610 4103 3700 4150; x_wconf 76' lang='grc' dir='ltr'>καὶ</span> <span class='ocrx_word' id='word_1_595' title='bbox 3752 4100 3854 4151; x_wconf 66' lang='grc' dir='ltr'><strong>αὖ·</strong></span> 
     </span>
    </p>
   </div>
   <div class='ocr_carea' id='block_1_91' title="bbox 2247 4187 3849 4264">
    <p class='ocr_par' dir='ltr' id='par_1_91' title="bbox 2247 4187 3849 4264">
     <span class='ocr_line' id='line_1_91' title="bbox 2247 4187 3849 4264; baseline -0.001 -21"><span class='ocrx_word' id='word_1_596' title='bbox 2247 4197 2339 4243; x_wconf 79' lang='grc' dir='ltr'>τοῦ</span> <span class='ocrx_word' id='word_1_597' title='bbox 2371 4209 2425 4243; x_wconf 78' lang='grc' dir='ltr'><strong>τε</strong></span> <span class='ocrx_word' id='word_1_598' title='bbox 2477 4189 2870 4264; x_wconf 79' lang='grc' dir='ltr'>Ἀριστοτέλους</span> <span class='ocrx_word' id='word_1_599' title='bbox 2905 4192 2992 4241; x_wconf 87' lang='grc' dir='ltr'>καὶ</span> <span class='ocrx_word' id='word_1_600' title='bbox 3045 4197 3146 4241; x_wconf 84' lang='grc' dir='ltr'>τῶν</span> <span class='ocrx_word' id='word_1_601' title='bbox 3204 4191 3317 4242; x_wconf 86' lang='grc' dir='ltr'>ὅσοι</span> <span class='ocrx_word' id='word_1_602' title='bbox 3365 4191 3466 4262; x_wconf 87' lang='grc' dir='ltr'>πρὸ</span> <span class='ocrx_word' id='word_1_603' title='bbox 3515 4187 3706 4241; x_wconf 80' lang='grc' dir='ltr'>ἐκείνου</span> <span class='ocrx_word' id='word_1_604' title='bbox 3751 4194 3849 4242; x_wconf 81' lang='grc' dir='ltr'>καὶ</span> 
     </span>
    </p>
   </div>
   <div class='ocr_carea' id='block_1_92' title="bbox 2248 4274 3848 4354">
    <p class='ocr_par' dir='ltr' id='par_1_92' title="bbox 2248 4274 3848 4354">
     <span class='ocr_line' id='line_1_92' title="bbox 2248 4274 3848 4354; baseline -0.001 -22"><span class='ocrx_word' id='word_1_605' title='bbox 2248 4280 2358 4353; x_wconf 74' lang='grc' dir='ltr'>μετ’</span> <span class='ocrx_word' id='word_1_606' title='bbox 2402 4278 2588 4332; x_wconf 79' lang='grc' dir='ltr'>ἐκεῖνον</span> <span class='ocrx_word' id='word_1_607' title='bbox 2636 4283 2756 4354; x_wconf 90' lang='grc' dir='ltr'>περί</span> <span class='ocrx_word' id='word_1_608' title='bbox 2810 4297 2865 4331; x_wconf 87' lang='grc' dir='ltr'><strong>τε</strong></span> <span class='ocrx_word' id='word_1_609' title='bbox 2909 4281 3105 4352; x_wconf 86' lang='grc' dir='ltr'>φύσεως</span> <span class='ocrx_word' id='word_1_610' title='bbox 3169 4283 3258 4331; x_wconf 88' lang='grc' dir='ltr'>καὶ</span> <span class='ocrx_word' id='word_1_611' title='bbox 3324 4284 3557 4350; x_wconf 85' lang='grc' dir='ltr'>φυσικῶν</span> <span class='ocrx_word' id='word_1_612' title='bbox 3641 4274 3848 4330; x_wconf 82' lang='grc' dir='ltr'>διεσκέ-</span> 
     </span>
    </p>
   </div>
   <div class='ocr_carea' id='block_1_93' title="bbox 2245 4363 3847 4441">
    <p class='ocr_par' dir='ltr' id='par_1_93' title="bbox 2245 4363 3847 4441">
     <span class='ocr_line' id='line_1_93' title="bbox 2245 4363 3847 4441; baseline -0.002 -19"><span class='ocrx_word' id='word_1_613' title='bbox 2245 4369 2432 4441; x_wconf 73' lang='grc' dir='ltr'>ψαντο,</span> <span class='ocrx_word' id='word_1_614' title='bbox 2467 4367 2688 4441; x_wconf 77' lang='grc' dir='ltr'>ἀκριϐὴς</span> <span class='ocrx_word' id='word_1_615' title='bbox 2726 4367 2858 4439; x_wconf 82' lang='grc' dir='ltr'>ἆγαν</span> <span class='ocrx_word' id='word_1_616' title='bbox 2916 4363 3200 4439; x_wconf 77' lang='grc' dir='ltr'>ἀνεδείχθη</span> <span class='ocrx_word' id='word_1_617' title='bbox 3256 4363 3552 4432; x_wconf 78' lang='grc' dir='ltr'>διαιτητὴς,</span> <span class='ocrx_word' id='word_1_618' title='bbox 3611 4368 3742 4419; x_wconf 81' lang='grc' dir='ltr'>κὰπί</span> <span class='ocrx_word' id='word_1_619' title='bbox 3787 4371 3847 4418; x_wconf 81' lang='grc' dir='ltr'><strong>τό</strong></span> 
     </span>
    </p>
   </div>
   <div class='ocr_carea' id='block_1_94' title="bbox 2249 4445 3850 4530">
    <p class='ocr_par' dir='ltr' id='par_1_94' title="bbox 2249 4445 3850 4530">
     <span class='ocr_line' id='line_1_94' title="bbox 2249 4445 3850 4530; baseline -0.001 -22"><span class='ocrx_word' id='word_1_620' title='bbox 2249 4445 2436 4517; x_wconf 75' lang='grc' dir='ltr'>ἀληθὲς</span> <span class='ocrx_word' id='word_1_621' title='bbox 2465 4452 3188 4530; x_wconf 79' lang='grc' dir='ltr'>διορθωτὴςάσφαλέστατος.</span> <span class='ocrx_word' id='word_1_622' title='bbox 3220 4459 3326 4513; x_wconf 81' lang='grc' dir='ltr'><strong>Τὴν</strong></span> <span class='ocrx_word' id='word_1_623' title='bbox 3376 4451 3438 4507; x_wconf 81' lang='grc' dir='ltr'><strong>δέ</strong></span> <span class='ocrx_word' id='word_1_624' title='bbox 3493 4461 3591 4515; x_wconf 81' lang='grc' dir='ltr'>τῆς</span> <span class='ocrx_word' id='word_1_625' title='bbox 3656 4455 3850 4527; x_wconf 73' lang='grc' dir='ltr'>ψυχῆς</span> 
     </span>
    </p>
   </div>
   <div class='ocr_carea' id='block_1_95' title="bbox 488 4527 2134 4618">
    <p class='ocr_par' dir='ltr' id='par_1_95' title="bbox 488 4543 2134 4618">
     <span class='ocr_line' id='line_1_95' title="bbox 488 4543 2134 4618; baseline 0.004 -20"><span class='ocrx_word' id='word_1_626' title='bbox 488 4543 713 4600; x_wconf 89' lang='lat' dir='ltr'><strong>litatem</strong></span> <span class='ocrx_word' id='word_1_627' title='bbox 738 4559 860 4599; x_wconf 90' lang='lat' dir='ltr'><strong>non</strong></span> <span class='ocrx_word' id='word_1_628' title='bbox 888 4544 1170 4615; x_wconf 85' lang='lat' dir='ltr'><strong>ambigue</strong></span> <span class='ocrx_word' id='word_1_629' title='bbox 1201 4563 1272 4602; x_wconf 82' lang='lat' dir='ltr'><strong>ex</strong></span> <span class='ocrx_word' id='word_1_630' title='bbox 1304 4547 1605 4616; x_wconf 86' lang='lat' dir='ltr'><strong>ambiguis</strong></span> <span class='ocrx_word' id='word_1_631' title='bbox 1637 4547 1790 4603; x_wconf 91' lang='lat' dir='ltr'><strong>illius</strong></span> <span class='ocrx_word' id='word_1_632' title='bbox 1822 4563 2134 4618; x_wconf 87' lang='lat' dir='ltr'><strong>argumen-</strong></span> 
     </span>
    </p>
   </div>
   <div class='ocr_carea' id='block_1_96' title="bbox 2245 4527 3847 4618">
    <p class='ocr_par' dir='ltr' id='par_1_96' title="bbox 2248 4542 3847 4617">
     <span class='ocr_line' id='line_1_96' title="bbox 2248 4542 3847 4617; baseline -0.001 -20"><span class='ocrx_word' id='word_1_633' title='bbox 2248 4543 2537 4598; x_wconf 79' lang='grc' dir='ltr'>ἀθανασίαν</span> <span class='ocrx_word' id='word_1_634' title='bbox 2564 4544 2657 4597; x_wconf 74' lang='grc' dir='ltr'>οὐκ</span> <span class='ocrx_word' id='word_1_635' title='bbox 2685 4542 2975 4617; x_wconf 75' lang='grc' dir='ltr'>ἀμφιϐόλως</span> <span class='ocrx_word' id='word_1_636' title='bbox 3033 4543 3085 4607; x_wconf 80' lang='grc' dir='ltr'>ἐξ</span> <span class='ocrx_word' id='word_1_637' title='bbox 3144 4542 3437 4617; x_wconf 76' lang='grc' dir='ltr'>ἀμφιϐόλων</span> <span class='ocrx_word' id='word_1_638' title='bbox 3495 4551 3594 4595; x_wconf 83' lang='grc' dir='ltr'>τῶν</span> <span class='ocrx_word' id='word_1_639' title='bbox 3650 4544 3847 4596; x_wconf 76' lang='grc' dir='ltr'>ἐκείνου</span> 
     </span>
    </p>
   </div>
   <div class='ocr_carea' id='block_1_97' title="bbox 489 4632 2138 4707">
    <p class='ocr_par' dir='ltr' id='par_1_97' title="bbox 489 4632 2138 4707">
     <span class='ocr_line' id='line_1_97' title="bbox 489 4632 2138 4707; baseline 0.004 -19"><span class='ocrx_word' id='word_1_640' title='bbox 489 4632 562 4688; x_wconf 88' lang='lat' dir='ltr'><strong>tis</strong></span> <span class='ocrx_word' id='word_1_641' title='bbox 594 4632 880 4702; x_wconf 89' lang='lat' dir='ltr'><strong>credidit;</strong></span> <span class='ocrx_word' id='word_1_642' title='bbox 913 4649 1108 4706; x_wconf 90' lang='lat' dir='ltr'><strong>neque</strong></span> <span class='ocrx_word' id='word_1_643' title='bbox 1164 4651 1238 4690; x_wconf 84' lang='lat' dir='ltr'><strong>ex</strong></span> <span class='ocrx_word' id='word_1_644' title='bbox 1291 4634 1615 4707; x_wconf 87' lang='lat' dir='ltr'><strong>altiloquis,</strong></span> <span class='ocrx_word' id='word_1_645' title='bbox 1660 4641 1724 4693; x_wconf 89' lang='lat' dir='ltr'><strong>ut</strong></span> <span class='ocrx_word' id='word_1_646' title='bbox 1767 4652 1890 4693; x_wconf 89' lang='lat' dir='ltr'><strong>non</strong></span> <span class='ocrx_word' id='word_1_647' title='bbox 1941 4637 2138 4695; x_wconf 87' lang='lat' dir='ltr'><strong>dicam</strong></span> 
     </span>
    </p>
   </div>
   <div class='ocr_carea' id='block_1_98' title="bbox 488 4721 2138 4798">
    <p class='ocr_par' dir='ltr' id='par_1_98' title="bbox 488 4721 2138 4798">
     <span class='ocr_line' id='line_1_98' title="bbox 488 4721 2138 4798; baseline 0.003 -19"><span class='ocrx_word' id='word_1_648' title='bbox 488 4721 778 4779; x_wconf 87' lang='lat' dir='ltr'><strong>fabulosis</strong></span> <span class='ocrx_word' id='word_1_649' title='bbox 831 4723 1185 4779; x_wconf 88' lang='lat' dir='ltr'><strong>commentis</strong></span> <span class='ocrx_word' id='word_1_650' title='bbox 1228 4723 1504 4789; x_wconf 87' lang='lat' dir='ltr'><strong>Platonis,</strong></span> <span class='ocrx_word' id='word_1_651' title='bbox 1556 4739 1806 4781; x_wconf 88' lang='lat' dir='ltr'><strong>erronea</strong></span> <span class='ocrx_word' id='word_1_652' title='bbox 1856 4727 2138 4798; x_wconf 76' lang='lat' dir='ltr'><strong>quaedam</strong></span> 
     </span>
    </p>
   </div>
   <div class='ocr_carea' id='block_1_99' title="bbox 489 4812 2138 4888">
    <p class='ocr_par' dir='ltr' id='par_1_99' title="bbox 489 4812 2138 4888">
     <span class='ocr_line' id='line_1_99' title="bbox 489 4812 2138 4888; baseline 0.002 -18"><span class='ocrx_word' id='word_1_653' title='bbox 489 4813 648 4870; x_wconf 87' lang='lat' dir='ltr'><strong>circa</strong></span> <span class='ocrx_word' id='word_1_654' title='bbox 672 4813 836 4869; x_wconf 90' lang='lat' dir='ltr'><strong>illam</strong></span> <span class='ocrx_word' id='word_1_655' title='bbox 866 4812 1242 4885; x_wconf 87' lang='lat' dir='ltr'><strong>sophismata</strong></span> <span class='ocrx_word' id='word_1_656' title='bbox 1274 4812 1380 4870; x_wconf 85' lang='lat' dir='ltr'><strong>fuit</strong></span> <span class='ocrx_word' id='word_1_657' title='bbox 1403 4814 1738 4887; x_wconf 85' lang='lat' dir='ltr'><strong>amplexus,</strong></span> <span class='ocrx_word' id='word_1_658' title='bbox 1788 4829 1896 4888; x_wconf 87' lang='lat' dir='ltr'><strong>per</strong></span> <span class='ocrx_word' id='word_1_659' title='bbox 1947 4816 2138 4873; x_wconf 92' lang='lat' dir='ltr'><strong>incor-</strong></span> 
     </span>
    </p>
   </div>
   <div class='ocr_carea' id='block_1_100' title="bbox 489 4901 2139 4975">
    <p class='ocr_par' dir='ltr' id='par_1_100' title="bbox 489 4901 2139 4975">
     <span class='ocr_line' id='line_1_100' title="bbox 489 4901 2139 4975; baseline 0.001 -16"><span class='ocrx_word' id='word_1_660' title='bbox 489 4902 831 4974; x_wconf 87' lang='lat' dir='ltr'><strong>porationes</strong></span> <span class='ocrx_word' id='word_1_661' title='bbox 856 4901 1154 4975; x_wconf 88' lang='lat' dir='ltr'><strong>quasdam</strong></span> <span class='ocrx_word' id='word_1_662' title='bbox 1185 4906 1242 4958; x_wconf 90' lang='lat' dir='ltr'><strong>et</strong></span> <span class='ocrx_word' id='word_1_663' title='bbox 1270 4901 1826 4960; x_wconf 87' lang='lat' dir='ltr'><strong>transformationes</strong></span> <span class='ocrx_word' id='word_1_664' title='bbox 1848 4907 2034 4960; x_wconf 87' lang='lat' dir='ltr'><strong>totam</strong></span> <span class='ocrx_word' id='word_1_665' title='bbox 2064 4905 2139 4961; x_wconf 89' lang='lat' dir='ltr'><strong>de</strong></span> 
     </span>
    </p>
   </div>
   <div class='ocr_carea' id='block_1_101' title="bbox 561 5079 2138 5161">
    <p class='ocr_par' dir='ltr' id='par_1_101' title="bbox 561 5079 2138 5161">
     <span class='ocr_line' id='line_1_101' title="bbox 561 5079 2138 5161; baseline 0.01 -39"><span class='ocrx_word' id='word_1_666' title='bbox 561 5082 761 5151; x_wconf 42' lang='lat'><strong>(5)133»</strong></span> <span class='ocrx_word' id='word_1_667' title='bbox 817 5086 1102 5161; x_wconf 61' lang='grc' dir='ltr'>πυρὶπνοον</span> <span class='ocrx_word' id='word_1_668' title='bbox 1165 5079 1262 5161; x_wconf 75' lang='lat' dir='ltr'><strong>hic</strong></span> <span class='ocrx_word' id='word_1_669' title='bbox 1317 5093 1428 5161; x_wconf 66' lang='lat' dir='ltr'><strong>prg</strong></span> <span class='ocrx_word' id='word_1_670' title='bbox 1479 5079 1782 5161; x_wconf 79' lang='lat' dir='ltr'><strong>rhetorica</strong></span> <span class='ocrx_word' id='word_1_671' title='bbox 1815 5082 2138 5161; x_wconf 75' lang='lat' dir='ltr'><strong>usurpari,</strong></span> 
     </span>
    </p>
   </div>
   <div class='ocr_carea' id='block_1_102' title="bbox 489 5151 2142 5224">
    <p class='ocr_par' dir='ltr' id='par_1_102' title="bbox 489 5151 2142 5224">
     <span class='ocr_line' id='line_1_102' title="bbox 489 5151 2142 5224; baseline 0.002 -18"><span class='ocrx_word' id='word_1_672' title='bbox 489 5157 556 5207; x_wconf 88' lang='lat' dir='ltr'><strong>ut</strong></span> <span class='ocrx_word' id='word_1_673' title='bbox 578 5169 714 5224; x_wconf 61' lang='lat' dir='ltr'><strong>qua;</strong></span> <span class='ocrx_word' id='word_1_674' title='bbox 740 5151 974 5208; x_wconf 85' lang='lat' dir='ltr'><strong>animos</strong></span> <span class='ocrx_word' id='word_1_675' title='bbox 1014 5151 1270 5224; x_wconf 86' lang='lat' dir='ltr'><strong>dicendo</strong></span> <span class='ocrx_word' id='word_1_676' title='bbox 1323 5151 1678 5224; x_wconf 77' lang='lat' dir='ltr'><strong>inﬂammet,</strong></span> <span class='ocrx_word' id='word_1_677' title='bbox 1730 5156 1892 5224; x_wconf 87' lang='lat' dir='ltr'><strong>patet</strong></span> <span class='ocrx_word' id='word_1_678' title='bbox 1932 5151 2008 5209; x_wconf 67' lang='lat' dir='ltr'><strong>ei</strong></span> <span class='ocrx_word' id='word_1_679' title='bbox 2054 5168 2142 5208; x_wconf 87' lang='lat' dir='ltr'><strong>se-</strong></span> 
     </span>
    </p>
   </div>
   <div class='ocr_carea' id='block_1_103' title="bbox 489 5221 2140 5295">
    <p class='ocr_par' dir='ltr' id='par_1_103' title="bbox 489 5221 2140 5295">
     <span class='ocr_line' id='line_1_103' title="bbox 489 5221 2140 5295; baseline 0.002 -19"><span class='ocrx_word' id='word_1_680' title='bbox 489 5221 844 5295; x_wconf 76' lang='lat' dir='ltr'><strong>quentibus;</strong></span> <span class='ocrx_word' id='word_1_681' title='bbox 877 5239 951 5295; x_wconf 91' lang='lat' dir='ltr'><strong>ne</strong></span> <span class='ocrx_word' id='word_1_682' title='bbox 972 5223 1108 5295; x_wconf 89' lang='lat' dir='ltr'><strong>quis</strong></span> <span class='ocrx_word' id='word_1_683' title='bbox 1138 5229 1350 5295; x_wconf 11' lang='lat' dir='ltr'><strong>autem,</strong></span> <span class='ocrx_word' id='word_1_684' title='bbox 1369 5223 1447 5295; x_wconf 86' lang='lat' dir='ltr'><strong>de</strong></span> <span class='ocrx_word' id='word_1_685' title='bbox 1465 5222 1644 5295; x_wconf 82' lang='lat' dir='ltr'><strong>hujus</strong></span> <span class='ocrx_word' id='word_1_686' title='bbox 1662 5221 1929 5279; x_wconf 75' lang='lat' dir='ltr'><strong>lectionis</strong></span> <span class='ocrx_word' id='word_1_687' title='bbox 1949 5225 2140 5280; x_wconf 89' lang='lat' dir='ltr'><strong>since-</strong></span> 
     </span>
    </p>
   </div>
   <div class='ocr_carea' id='block_1_104' title="bbox 490 5293 2141 5366">
    <p class='ocr_par' dir='ltr' id='par_1_104' title="bbox 490 5293 2141 5366">
     <span class='ocr_line' id='line_1_104' title="bbox 490 5293 2141 5366; baseline 0.002 -19"><span class='ocrx_word' id='word_1_688' title='bbox 490 5293 659 5348; x_wconf 82' lang='lat' dir='ltr'><strong>ritate</strong></span> <span class='ocrx_word' id='word_1_689' title='bbox 681 5293 1008 5366; x_wconf 72' lang='lat' dir='ltr'><strong>scrupulus</strong></span> <span class='ocrx_word' id='word_1_690' title='bbox 1029 5296 1311 5366; x_wconf 88' lang='lat' dir='ltr'><strong>cuiquam</strong></span> <span class='ocrx_word' id='word_1_691' title='bbox 1339 5293 1642 5366; x_wconf 84' lang='lat' dir='ltr'><strong>incideret,</strong></span> <span class='ocrx_word' id='word_1_692' title='bbox 1667 5309 1862 5366; x_wconf 77' lang='lat' dir='ltr'><strong>operae</strong></span> <span class='ocrx_word' id='word_1_693' title='bbox 1884 5296 2141 5366; x_wconf 88' lang='lat' dir='ltr'><strong>pretium</strong></span> 
     </span>
    </p>
   </div>
   <div class='ocr_carea' id='block_1_105' title="bbox 491 5364 2142 5444">
    <p class='ocr_par' dir='ltr' id='par_1_105' title="bbox 491 5364 2142 5444">
     <span class='ocr_line' id='line_1_105' title="bbox 491 5364 2142 5444; baseline 0.003 -27"><span class='ocrx_word' id='word_1_694' title='bbox 491 5365 720 5444; x_wconf 80' lang='lat' dir='ltr'><strong>censuit</strong></span> <span class='ocrx_word' id='word_1_695' title='bbox 741 5364 1024 5420; x_wconf 81' lang='lat' dir='ltr'><strong>Possinus</strong></span> <span class='ocrx_word' id='word_1_696' title='bbox 1047 5364 1250 5420; x_wconf 79' lang='lat' dir='ltr'><strong>noster</strong></span> <span class='ocrx_word' id='word_1_697' title='bbox 1270 5365 1469 5436; x_wconf 89' lang='lat' dir='ltr'><strong>ipsum</strong></span> <span class='ocrx_word' id='word_1_698' title='bbox 1489 5364 1856 5438; x_wconf 71' lang='lat' dir='ltr'><strong>archetypon</strong></span> <span class='ocrx_word' id='word_1_699' title='bbox 1874 5364 2142 5422; x_wconf 78' lang='lat' dir='ltr'><strong>codicem</strong></span> 
     </span>
    </p>
   </div>
   <div class='ocr_carea' id='block_1_106' title="bbox 492 5449 802 5489">
    <p class='ocr_par' dir='ltr' id='par_1_106' title="bbox 492 5449 802 5489">
     <span class='ocr_line' id='line_1_106' title="bbox 492 5449 802 5489; baseline -0.003 0"><span class='ocrx_word' id='word_1_700' title='bbox 492 5449 802 5489; x_wconf 81' lang='lat' dir='ltr'><strong>msmcere.</strong></span> 
     </span>
    </p>
   </div>
   <div class='ocr_carea' id='block_1_107' title="bbox 566 5450 2146 5588">
    <p class='ocr_par' dir='ltr' id='par_1_107' title="bbox 566 5450 2146 5588">
     <span class='ocr_line' id='line_1_107' title="bbox 566 5450 2146 5588; baseline 0.004 -29"><span class='ocrx_word' id='word_1_701' title='bbox 566 5450 846 5586; x_wconf 52' lang='grc' dir='ltr'><strong>ξὲἷῗξέῗάε</strong></span> <span class='ocrx_word' id='word_1_702' title='bbox 866 5507 1092 5588; x_wconf 63' lang='lat' dir='ltr'><strong>passim</strong></span> <span class='ocrx_word' id='word_1_703' title='bbox 1115 5507 1497 5588; x_wconf 62' lang='lat' dir='ltr'><strong>~Cretensium</strong></span> <span class='ocrx_word' id='word_1_704' title='bbox 1528 5506 1934 5588; x_wconf 49' lang='lat' dir='ltr'><strong>labyrinthus,</strong></span> <span class='ocrx_word' id='word_1_705' title='bbox 1973 5511 2146 5588; x_wconf 51' lang='lat' dir='ltr'><strong>Lacej</strong></span> 
     </span>
    </p>
   </div>
   <div class='ocr_carea' id='block_1_108' title="bbox 492 5574 2146 5649">
    <p class='ocr_par' dir='ltr' id='par_1_108' title="bbox 492 5574 2146 5649">
     <span class='ocr_line' id='line_1_108' title="bbox 492 5574 2146 5649; baseline 0.004 -19"><span class='ocrx_word' id='word_1_706' title='bbox 492 5574 930 5649; x_wconf 60' lang='lat' dir='ltr'><strong>daemoniorum</strong></span> <span class='ocrx_word' id='word_1_707' title='bbox 961 5577 1213 5649; x_wconf 60' lang='lat' dir='ltr'><strong>Gmadas</strong></span> <span class='ocrx_word' id='word_1_708' title='bbox 1230 5593 1351 5649; x_wconf 86' lang='lat' dir='ltr'><strong>non</strong></span> <span class='ocrx_word' id='word_1_709' title='bbox 1370 5579 1533 5635; x_wconf 90' lang='lat' dir='ltr'><strong>item.</strong></span> <span class='ocrx_word' id='word_1_710' title='bbox 1553 5574 1681 5635; x_wconf 80' lang='lat' dir='ltr'><strong>Fuit</strong></span> <span class='ocrx_word' id='word_1_711' title='bbox 1701 5583 1902 5636; x_wconf 88' lang='lat' dir='ltr'><strong>autem</strong></span> <span class='ocrx_word' id='word_1_712' title='bbox 1918 5574 2068 5649; x_wconf 69' lang='lat' dir='ltr'><strong>haec,</strong></span> <span class='ocrx_word' id='word_1_713' title='bbox 2083 5584 2146 5637; x_wconf 89' lang='lat' dir='ltr'><strong>ut</strong></span> 
     </span>
    </p>
   </div>
   <div class='ocr_carea' id='block_1_109' title="bbox 492 5645 2139 5724">
    <p class='ocr_par' dir='ltr' id='par_1_109' title="bbox 492 5645 2139 5724">
     <span class='ocr_line' id='line_1_109' title="bbox 492 5645 2139 5724; baseline 0.003 -21"><span class='ocrx_word' id='word_1_714' title='bbox 492 5651 565 5703; x_wconf 75' lang='lat' dir='ltr'><strong>ex</strong></span> <span class='ocrx_word' id='word_1_715' title='bbox 608 5645 915 5712; x_wconf 88' lang='lat' dir='ltr'><strong>Strabone,</strong></span> <span class='ocrx_word' id='word_1_716' title='bbox 974 5647 1321 5720; x_wconf 87' lang='lat' dir='ltr'><strong>Thucydide</strong></span> <span class='ocrx_word' id='word_1_717' title='bbox 1368 5651 1425 5706; x_wconf 84' lang='lat' dir='ltr'><strong>et</strong></span> <span class='ocrx_word' id='word_1_718' title='bbox 1484 5650 1774 5708; x_wconf 79' lang='lat' dir='ltr'><strong>Pausania</strong></span> <span class='ocrx_word' id='word_1_719' title='bbox 1826 5645 2139 5724; x_wconf 73' lang='lat' dir='ltr'><strong>colligitur,</strong></span> 
     </span>
    </p>
   </div>
   <div class='ocr_carea' id='block_1_110' title="bbox 2829 4630 3849 4695">
    <p class='ocr_par' dir='ltr' id='par_1_110' title="bbox 2829 4630 3849 4695">
     <span class='ocr_line' id='line_1_110' title="bbox 2829 4630 3849 4695; baseline -0.001 -9"><span class='ocrx_word' id='word_1_720' title='bbox 2829 4632 2936 4686; x_wconf 81' lang='grc' dir='ltr'>ἀλλ’</span> <span class='ocrx_word' id='word_1_721' title='bbox 2993 4630 3108 4687; x_wconf 71' lang='grc' dir='ltr'>οὐδ’</span> <span class='ocrx_word' id='word_1_722' title='bbox 3161 4632 3215 4685; x_wconf 83' lang='grc' dir='ltr'>ἐκ</span> <span class='ocrx_word' id='word_1_723' title='bbox 3269 4640 3368 4685; x_wconf 78' lang='grc' dir='ltr'>τῶν</span> <span class='ocrx_word' id='word_1_724' title='bbox 3427 4639 3522 4686; x_wconf 72' lang='grc' dir='ltr'>τοῦ</span> <span class='ocrx_word' id='word_1_725' title='bbox 3573 4632 3849 4695; x_wconf 71' lang='grc' dir='ltr'>Πλατωνος</span> 
     </span>
    </p>
   </div>
   <div class='ocr_carea' id='block_1_111' title="bbox 2247 4719 3849 4798">
    <p class='ocr_par' dir='ltr' id='par_1_111' title="bbox 2247 4719 3849 4798">
     <span class='ocr_line' id='line_1_111' title="bbox 2247 4719 3849 4798; baseline -0.001 -23"><span class='ocrx_word' id='word_1_726' title='bbox 2247 4723 2566 4798; x_wconf 73' lang='grc' dir='ltr'>ὑψηγοριῶν,</span> <span class='ocrx_word' id='word_1_727' title='bbox 2609 4722 2672 4775; x_wconf 75' lang='grc' dir='ltr'><strong>ἐῶ</strong></span> <span class='ocrx_word' id='word_1_728' title='bbox 2729 4719 2781 4775; x_wconf 74' lang='grc' dir='ltr'>δ’</span> <span class='ocrx_word' id='word_1_729' title='bbox 2825 4723 2982 4776; x_wconf 81' lang='grc' dir='ltr'>εἰπεῖν</span> <span class='ocrx_word' id='word_1_730' title='bbox 3062 4721 3404 4795; x_wconf 85' lang='grc' dir='ltr'>μυθολογιῶν,</span> <span class='ocrx_word' id='word_1_731' title='bbox 3496 4727 3849 4795; x_wconf 81' lang='grc' dir='ltr'>σεσοφισμένα</span> 
     </span>
    </p>
   </div>
   <div class='ocr_carea' id='block_1_112' title="bbox 2245 4633 2769 4706">
    <p class='ocr_par' dir='ltr' id='par_1_112' title="bbox 2245 4633 2769 4706">
     <span class='ocr_line' id='line_1_112' title="bbox 2245 4633 2769 4706; baseline -0.002 -20"><span class='ocrx_word' id='word_1_732' title='bbox 2245 4634 2408 4706; x_wconf 87' lang='grc' dir='ltr'>λόγων</span> <span class='ocrx_word' id='word_1_733' title='bbox 2450 4633 2722 4706; x_wconf 70' lang='grc' dir='ltr'>ὑπείληφεν</span> <span class='ocrx_word' id='word_1_734' title='bbox 2757 4655 2769 4668; x_wconf 89' lang='grc'><strong>·</strong></span> 
     </span>
    </p>
   </div>
   <div class='ocr_carea' id='block_1_113' title="bbox 2247 4807 3848 4887">
    <p class='ocr_par' dir='ltr' id='par_1_113' title="bbox 2247 4807 3848 4887">
     <span class='ocr_line' id='line_1_113' title="bbox 2247 4807 3848 4887; baseline -0.002 -22"><span class='ocrx_word' id='word_1_735' title='bbox 2247 4833 2300 4866; x_wconf 84' lang='grc' dir='ltr'><strong>τε</strong></span> <span class='ocrx_word' id='word_1_736' title='bbox 2328 4819 2418 4866; x_wconf 84' lang='grc' dir='ltr'>καὶ</span> <span class='ocrx_word' id='word_1_737' title='bbox 2465 4812 2830 4885; x_wconf 82' lang='grc' dir='ltr'>πεπλανημένα</span> <span class='ocrx_word' id='word_1_738' title='bbox 2874 4816 2993 4887; x_wconf 87' lang='grc' dir='ltr'>περί</span> <span class='ocrx_word' id='word_1_739' title='bbox 3031 4810 3218 4884; x_wconf 75' lang='grc' dir='ltr'>ψυχῆν</span> <span class='ocrx_word' id='word_1_740' title='bbox 3270 4807 3525 4878; x_wconf 76' lang='grc' dir='ltr'>δοξὰσας,</span> <span class='ocrx_word' id='word_1_741' title='bbox 3589 4830 3848 4884; x_wconf 83' lang='grc' dir='ltr'>μετενσω-</span> 
     </span>
    </p>
   </div>
   <div class='ocr_carea' id='block_1_114' title="bbox 2246 4900 3840 4976">
    <p class='ocr_par' dir='ltr' id='par_1_114' title="bbox 2246 4900 3840 4976">
     <span class='ocr_line' id='line_1_114' title="bbox 2246 4900 3840 4976; baseline -0.004 -19"><span class='ocrx_word' id='word_1_742' title='bbox 2246 4909 2479 4976; x_wconf 82' lang='grc' dir='ltr'>ματώσες</span> <span class='ocrx_word' id='word_1_743' title='bbox 2544 4904 2687 4964; x_wconf 77' lang='grc' dir='ltr'>τινας</span> <span class='ocrx_word' id='word_1_744' title='bbox 2739 4905 2767 4960; x_wconf 79' lang='grc' dir='ltr'>ἦ</span> <span class='ocrx_word' id='word_1_745' title='bbox 2827 4903 3204 4974; x_wconf 76' lang='grc' dir='ltr'>μεταμφιὰσεις</span> <span class='ocrx_word' id='word_1_746' title='bbox 3259 4903 3456 4960; x_wconf 75' lang='grc' dir='ltr'>ταύτης</span> <span class='ocrx_word' id='word_1_747' title='bbox 3510 4901 3569 4952; x_wconf 84' lang='grc' dir='ltr'>τὸ</span> <span class='ocrx_word' id='word_1_748' title='bbox 3626 4900 3840 4953; x_wconf 86' lang='grc' dir='ltr'>σύνολον</span> 
     </span>
    </p>
   </div>
   <div class='ocr_carea' id='block_1_115' title="bbox 2250 5076 3847 5152">
    <p class='ocr_par' dir='ltr' id='par_1_115' title="bbox 2250 5076 3847 5152">
     <span class='ocr_line' id='line_1_115' title="bbox 2250 5076 3847 5152; baseline -0.003 -15"><span class='ocrx_word' id='word_1_749' title='bbox 2250 5102 2276 5132; x_wconf 89' lang='grc'><strong>‹‹</strong></span> <span class='ocrx_word' id='word_1_750' title='bbox 2296 5080 2568 5152; x_wconf 87' lang='lat' dir='ltr'><strong>custodia</strong></span> <span class='ocrx_word' id='word_1_751' title='bbox 2588 5078 2851 5152; x_wconf 72' lang='lat' dir='ltr'><strong>publica,</strong></span> <span class='ocrx_word' id='word_1_752' title='bbox 2875 5079 2934 5136; x_wconf 89' lang='lat' dir='ltr'><strong>in</strong></span> <span class='ocrx_word' id='word_1_753' title='bbox 2952 5093 3137 5152; x_wconf 87' lang='lat' dir='ltr'><strong>quam</strong></span> <span class='ocrx_word' id='word_1_754' title='bbox 3159 5077 3417 5152; x_wconf 76' lang='lat' dir='ltr'><strong>maleﬁci</strong></span> <span class='ocrx_word' id='word_1_755' title='bbox 3430 5076 3847 5152; x_wconf 78' lang='lat' dir='ltr'><strong>conjicieban-</strong></span> 
     </span>
    </p>
   </div>
   <div class='ocr_carea' id='block_1_116' title="bbox 2247 5148 3843 5219">
    <p class='ocr_par' dir='ltr' id='par_1_116' title="bbox 2247 5148 3843 5219">
     <span class='ocr_line' id='line_1_116' title="bbox 2247 5148 3843 5219; baseline -0.003 -10"><span class='ocrx_word' id='word_1_756' title='bbox 2247 5156 2369 5216; x_wconf 85' lang='lat' dir='ltr'><strong>tur;</strong></span> <span class='ocrx_word' id='word_1_757' title='bbox 2386 5171 2414 5203; x_wconf 73' lang='grc' dir='ltr'><strong>ν</strong></span> <span class='ocrx_word' id='word_1_758' title='bbox 2431 5148 2852 5219; x_wconf 43' lang='lat' dir='ltr'><strong>addit—Strabo,</strong></span> <span class='ocrx_word' id='word_1_759' title='bbox 2869 5148 3030 5219; x_wconf 76' lang='lat' dir='ltr'><strong>apud</strong></span> <span class='ocrx_word' id='word_1_760' title='bbox 3047 5152 3255 5205; x_wconf 82' lang='lat' dir='ltr'><strong>Persas</strong></span> <span class='ocrx_word' id='word_1_761' title='bbox 3279 5149 3363 5204; x_wconf 86' lang='lat' dir='ltr'><strong>sic</strong></span> <span class='ocrx_word' id='word_1_762' title='bbox 3382 5148 3611 5205; x_wconf 90' lang='lat' dir='ltr'><strong>dictum</strong></span> <span class='ocrx_word' id='word_1_763' title='bbox 3634 5170 3663 5197; x_wconf 87' lang='lat'>«</span> <span class='ocrx_word' id='word_1_764' title='bbox 3697 5149 3843 5204; x_wconf 75' lang='lat' dir='ltr'><strong>aedi-</strong></span> 
     </span>
    </p>
   </div>
   <div class='ocr_carea' id='block_1_117' title="bbox 2248 5219 3842 5305">
    <p class='ocr_par' dir='ltr' id='par_1_117' title="bbox 2248 5219 3842 5305">
     <span class='ocr_line' id='line_1_117' title="bbox 2248 5219 3842 5305; baseline -0.003 -26"><span class='ocrx_word' id='word_1_765' title='bbox 2248 5223 2451 5279; x_wconf 84' lang='lat' dir='ltr'><strong>ﬁcium</strong></span> <span class='ocrx_word' id='word_1_766' title='bbox 2467 5223 2715 5305; x_wconf 79' lang='lat' dir='ltr'><strong>plenum</strong></span> <span class='ocrx_word' id='word_1_767' title='bbox 2732 5219 3099 5305; x_wconf 41' lang='lat' dir='ltr'><strong>cineribus,»</strong></span> <span class='ocrx_word' id='word_1_768' title='bbox 3125 5227 3183 5277; x_wconf 95' lang='lat' dir='ltr'><strong>et</strong></span> <span class='ocrx_word' id='word_1_769' title='bbox 3203 5219 3344 5302; x_wconf 75' lang='lat' dir='ltr'><strong>alibi</strong></span> <span class='ocrx_word' id='word_1_770' title='bbox 3361 5219 3610 5276; x_wconf 89' lang='lat' dir='ltr'><strong>memini</strong></span> <span class='ocrx_word' id='word_1_771' title='bbox 3630 5220 3842 5305; x_wconf 75' lang='lat' dir='ltr'><strong>legisse</strong></span> 
     </span>
    </p>
   </div>
   <div class='ocr_carea' id='block_1_118' title="bbox 2251 5290 3842 5444">
    <p class='ocr_par' dir='ltr' id='par_1_118' title="bbox 2251 5290 3842 5444">
     <span class='ocr_line' id='line_1_118' title="bbox 2251 5290 3842 5367; baseline -0.002 -17"><span class='ocrx_word' id='word_1_772' title='bbox 2251 5311 2346 5351; x_wconf 89' lang='lat' dir='ltr'><strong>me</strong></span> <span class='ocrx_word' id='word_1_773' title='bbox 2377 5290 2692 5367; x_wconf 71' lang='lat' dir='ltr'><strong>quidpiam</strong></span> <span class='ocrx_word' id='word_1_774' title='bbox 2717 5292 2792 5348; x_wconf 91' lang='lat' dir='ltr'><strong>de</strong></span> <span class='ocrx_word' id='word_1_775' title='bbox 2819 5291 3113 5365; x_wconf 90' lang='lat' dir='ltr'><strong>supplicio</strong></span> <span class='ocrx_word' id='word_1_776' title='bbox 3143 5307 3250 5364; x_wconf 90' lang='lat' dir='ltr'><strong>per</strong></span> <span class='ocrx_word' id='word_1_777' title='bbox 3279 5292 3528 5357; x_wconf 86' lang='lat' dir='ltr'><strong>cineres,</strong></span> <span class='ocrx_word' id='word_1_778' title='bbox 3551 5291 3648 5346; x_wconf 91' lang='lat' dir='ltr'><strong>cui</strong></span> <span class='ocrx_word' id='word_1_779' title='bbox 3669 5290 3842 5347; x_wconf 87' lang='lat' dir='ltr'><strong>desti-</strong></span> 
     </span>
     <span class='ocr_line' id='line_1_119' title="bbox 2253 5361 3842 5444; baseline -0.003 -22"><span class='ocrx_word' id='word_1_780' title='bbox 2253 5370 2426 5444; x_wconf 77' lang='lat' dir='ltr'><strong>natus</strong></span> <span class='ocrx_word' id='word_1_781' title='bbox 2443 5365 2552 5444; x_wconf 70' lang='lat' dir='ltr'><strong>illis</strong></span> <span class='ocrx_word' id='word_1_782' title='bbox 2565 5381 2637 5420; x_wconf 85' lang='lat' dir='ltr'><strong>ex</strong></span> <span class='ocrx_word' id='word_1_783' title='bbox 2649 5364 2976 5444; x_wconf 81' lang='lat' dir='ltr'><strong>improviso</strong></span> <span class='ocrx_word' id='word_1_784' title='bbox 2989 5363 3406 5444; x_wconf 77' lang='lat' dir='ltr'><strong>involvebatur</strong></span> <span class='ocrx_word' id='word_1_785' title='bbox 3419 5361 3842 5444; x_wconf 67' lang='lat' dir='ltr'><strong>suﬁocandus,</strong></span> 
     </span>
    </p>
   </div>
   <div class='ocr_carea' id='block_1_119' title="bbox 2250 5433 3841 5510">
    <p class='ocr_par' dir='ltr' id='par_1_119' title="bbox 2250 5433 3841 5510">
     <span class='ocr_line' id='line_1_120' title="bbox 2250 5433 3841 5510; baseline -0.003 -17"><span class='ocrx_word' id='word_1_786' title='bbox 2250 5436 2415 5510; x_wconf 84' lang='lat' dir='ltr'><strong>quod</strong></span> <span class='ocrx_word' id='word_1_787' title='bbox 2440 5437 2586 5493; x_wconf 88' lang='lat' dir='ltr'><strong>forte</strong></span> <span class='ocrx_word' id='word_1_788' title='bbox 2597 5433 3255 5510; x_wconf 63' lang='lat' dir='ltr'><strong>occasionem_prmbere</strong></span> <span class='ocrx_word' id='word_1_789' title='bbox 3268 5433 3458 5510; x_wconf 79' lang='lat' dir='ltr'><strong>possit</strong></span> <span class='ocrx_word' id='word_1_790' title='bbox 3473 5433 3841 5510; x_wconf 80' lang='lat' dir='ltr'><strong>suspicandi,</strong></span> 
     </span>
    </p>
   </div>
   <div class='ocr_carea' id='block_1_120' title="bbox 2251 5503 3845 5578">
    <p class='ocr_par' dir='ltr' id='par_1_120' title="bbox 2251 5503 3845 5578">
     <span class='ocr_line' id='line_1_121' title="bbox 2251 5503 3845 5578; baseline 0.001 -18"><span class='ocrx_word' id='word_1_791' title='bbox 2251 5503 2324 5565; x_wconf 72' lang='grc' dir='ltr'><strong>ἐχ</strong></span> <span class='ocrx_word' id='word_1_792' title='bbox 2351 5514 2483 5560; x_wconf 86' lang='grc' dir='ltr'>καίω</span> <span class='ocrx_word' id='word_1_793' title='bbox 2505 5523 2638 5575; x_wconf 78' lang='lat' dir='ltr'><strong>uro,</strong></span> <span class='ocrx_word' id='word_1_794' title='bbox 2652 5511 2711 5562; x_wconf 90' lang='lat' dir='ltr'><strong>et</strong></span> <span class='ocrx_word' id='word_1_795' title='bbox 2738 5503 2878 5578; x_wconf 70' lang='grc' dir='ltr'>ᾅδης</span> <span class='ocrx_word' id='word_1_796' title='bbox 2893 5503 3624 5578; x_wconf 61' lang='lat' dir='ltr'><strong>infernusetjmologiam</strong></span> <span class='ocrx_word' id='word_1_797' title='bbox 3645 5511 3845 5578; x_wconf 46' lang='lat' dir='ltr'><strong>peten‘</strong></span> 
     </span>
    </p>
   </div>
   <div class='ocr_carea' id='block_1_121' title="bbox 2252 5574 3378 5637">
    <p class='ocr_par' dir='ltr' id='par_1_121' title="bbox 2252 5574 3378 5637">
     <span class='ocr_line' id='line_1_122' title="bbox 2252 5574 3378 5637; baseline -0.006 0"><span class='ocrx_word' id='word_1_798' title='bbox 2252 5580 2397 5637; x_wconf 90' lang='lat' dir='ltr'><strong>dam</strong></span> <span class='ocrx_word' id='word_1_799' title='bbox 2428 5595 2582 5637; x_wconf 82' lang='lat' dir='ltr'><strong>esse.</strong></span> <span class='ocrx_word' id='word_1_800' title='bbox 2615 5574 2718 5634; x_wconf 85' lang='lat' dir='ltr'><strong>Ms.</strong></span> <span class='ocrx_word' id='word_1_801' title='bbox 2740 5574 2929 5636; x_wconf 85' lang='lat' dir='ltr'><strong>Vatic.</strong></span> <span class='ocrx_word' id='word_1_802' title='bbox 2957 5574 3155 5630; x_wconf 55' lang='grc' dir='ltr'>κεάδκν</span> <span class='ocrx_word' id='word_1_803' title='bbox 3181 5574 3378 5634; x_wconf 64' lang='lat' dir='ltr'><strong>habet:</strong></span> 
     </span>
    </p>
   </div>
  </div>
