4032 6308
172 429 500 506 παρεδέξατο
542 452 555 465 ·

173 541 264 574 τον
310 515 570 594 ἐπιγνοὺς,
631 519 866 575 ἀθάνατα
925 525 1052 594 πρὸς
1112 529 1204 574 τοῦ
1258 518 1776 597 δεδημιουργηκότος

175 611 204 669 ὂ
271 608 706 673 δοξασθήσεσθαι
754 613 784 670 ἣ
839 609 1288 681 κολασθήσεσθαι,
1353 612 1491 673 ὅπως
1546 613 1650 686 οῖρα
1712 620 1774 685 τῇ

175 703 338 774 σαρκὶ
365 698 703 771 συμϐιώσειε,
753 704 844 752 καὶ
881 699 1156 771 κατείληφε
1185 705 1276 753 καὶ
1327 696 1592 774 δεδίδαχε
1627 722 1639 734 ·

1387 310 1526 380 ⁴(ἶοΝ
1534 310 1846 368 STANTINI

1690 720 1779 754 και

169 795 448 863 γινομένην
484 791 651 860 εὐθὺς,
703 790 775 843 ἑνί
829 810 883 844 τε
933 795 1024 843 καὶ
1054 791 1194 854 ἅπαξ
1245 790 1515 846 ἐπέπειστο
1565 789 1780 846 συνδεῖ-

173 883 303 932 σθαι
339 880 567 952 παχυλῷ
604 886 827 952 σώματι,
868 881 894 932 ὃ
932 885 1021 933 καὶ
1059 877 1206 941 αὖθις
1266 879 1603 953 ἀναλήψεται,
1645 881 1779 941 πλήν

169 967 478 1043 λεπτότερον
515 974 605 1022 καὶ
650 972 921 1044 θειότερον.
964 969 1104 1024 Ἀλλ’
1143 969 1367 1024 ἐντεῦθεν
1412 966 1520 1042 ὁδῷ
1562 977 1776 1045 προῖὼν,

169 1065 264 1112 καὶ
332 1067 440 1122 τοῖς
518 1059 853 1134 ὑψηλοτέροις
930 1059 1235 1135 προσϐαίνει
1305 1063 1634 1134 μαθήμασιν,
1710 1065 1780 1124 ὡς

175 1150 383 1224 θεωρεῖν
419 1149 606 1222 λόγους
657 1169 710 1202 τε
737 1155 828 1202 καὶ
857 1148 1154 1222 ἀναλογίας,
1209 1150 1454 1225 ἁρμονίας
1499 1170 1556 1204 τε
1604 1151 1778 1212 συζη-

170 1245 300 1305 τεῖν,
350 1243 439 1290 καὶ
477 1240 743 1314 ἀνερευνᾶν
800 1243 1061 1311 σχήματα
1106 1243 1196 1291 καὶ
1241 1244 1472 1300 κινήσεις
1524 1237 1776 1313 ἀστέρων,

171 1331 267 1380 καὶ
318 1323 574 1388 συνόδους
649 1326 920 1386 πλανήτων
982 1325 1304 1400 ἐξακριϐοῦν,
1361 1331 1777 1400 σχηματισμοὺς

171 1414 278 1488 (ἐφ’
319 1417 399 1478 οἶς
429 1413 496 1475 δή
526 1421 614 1470 καὶ
647 1419 718 1478 ὡς
744 1416 952 1478 ἀληθῶς
980 1436 1059 1479 τις
1105 1416 1341 1489 ἀπόγειος
1393 1421 1484 1469 καὶ
1530 1419 1777 1490 ἄντικρυς

170 1505 410 1580 οὐράνιος
469 1508 739 1582 ἄνθρωπος
823 1505 1190 1578 ἀναπέφανται)
1268 1503 1554 1567 Εὐκλείδας
1616 1509 1774 1580 ὑπερ-

170 1599 470 1665 ακοντίσας,
532 1594 880 1668 Πτολεμαίους
940 1594 1255 1670 ὑπερϐαλὼν,
1334 1599 1449 1657 τοὺς
1500 1599 1600 1668 πρὸ
1657 1599 1776 1648 τοῦ·

169 1702 272 1736 των
303 1681 607 1746 Χαλδαίους
639 1681 834 1746 παῖδας
873 1686 1045 1758 ὥσπερ
1079 1690 1347 1758 ἀποφήνας
1383 1689 1474 1738 καὶ
1520 1689 1614 1744 τήν
1659 1684 1772 1738 ἐπι-

170 1778 270 1830 στή
277 1793 382 1845 μην
412 1773 680 1846 ἡμιτελεῖς.

1881 299 2341 370 Αοηοροωτίέ
3436 310 3542 382 sai

597 429 704 485 ἀλλ’
759 431 965 494 ἀληθῶς
1003 435 1091 484 καὶ
1131 431 1535 508 ἀναμφηρίσ-τως
1583 433 1777 487 ἀθάνα-

1888 433 2092 492 anima
2114 434 2448 493 doctrinam
2472 438 2841 510 suscipiens:
2874 444 2982 500 sed
3029 460 3166 502 vere
3227 450 3406 520 atque
3452 450 3539 505 in-

1886 523 2230 580 dubitanter
2252 525 2588 596 intelligens
2624 527 2823 600 ipsam
2863 546 2995 589 esse
3032 534 3456 601 immortalem,
3503 554 3538 596 a

1888 612 2194 670 conditore
2223 615 2338 670 Deo
2364 615 2544 672 etiam
2571 615 2634 671 in
2659 623 2948 678 aeternum
2997 629 3102 680 aut
3142 624 3540 695 gloriﬁcatum

1889 706 1992 758 aut
2014 701 2293 773 punitum
2316 703 2600 774 iri,juxta
2623 707 2808 764 vitam
2828 709 2891 766 in
2910 727 3160 784 corpore
3207 719 3426 785 actam,
3483 719 3542 770 et

1887 791 2164 860 cognovit
2191 796 2248 848 et
2273 791 2511 861 docuit;
2547 810 3027 872 persuasumque
3064 801 3292 871 habuit,
3339 803 3540 861 statim

1889 885 2069 952 atque
2097 885 2296 938 creata
2322 881 2491 950 foret,
2506 885 2831 943 semeleam
2855 889 3119 959 colligari
3135 891 3238 946 uni
3249 891 3540 948 materiali

1888 968 2123 1040 corpori
2151 969 2317 1041 quod
2367 986 2576 1028 rursus
2628 980 2787 1031 esset
2831 985 3220 1051 assumptura
3264 980 3541 1036 subtilius

1887 1057 2288 1131 diviniusque.
2322 1060 2467 1116 Hinc
2500 1078 2636 1118 vero
2675 1066 3062 1136 progrediens
3100 1069 3180 1125 ad
3235 1069 3540 1126 sublimio-

1887 1162 1981 1203 res
2009 1147 2378 1220 disciplinas,
2406 1152 2658 1208 accessit
2696 1154 2774 1210 ad
2813 1157 3212 1228 speculandas
3240 1165 3538 1216 astrorum

1885 1237 2148 1292 rationes
2172 1239 2734 1313 proportionesque,
2771 1259 3103 1318 eorumque
3129 1247 3281 1304 inter
3303 1265 3366 1304 se
3395 1264 3537 1304 con-

1887 1327 2160 1396 gruentia
2183 1328 2624 1400 conquirendas
2674 1336 2731 1388 et
2778 1333 3225 1407 investigandas
3267 1338 3534 1408 ﬁguras:

1885 1421 2129 1488 propter
2159 1431 2422 1488 quorum
2446 1418 2720 1476 notitiam
2749 1424 3042 1494 terrigena
3071 1427 3371 1499 quispiam
3401 1443 3539 1499 pos-

1885 1503 2139 1561 sitvelut
2158 1520 2228 1560 ex
2258 1507 2556 1578 opposito,
2582 1508 2698 1564 dici
2723 1509 2909 1568 homo
2953 1513 3227 1571 caelestis.
3257 1518 3540 1588 Propera-

1881 1593 1965 1650 vit
1984 1594 2162 1650 etiam
2177 1595 2254 1650 ad
2266 1594 2643 1666 planetarum
2656 1613 3006 1670 progressus
3027 1603 3538 1678 ﬁgurationesque

1881 1697 2092 1738 eorum
2121 1687 2178 1738 et
2207 1684 2763 1754 transﬁgurationes
2780 1689 2976 1746 varias
2998 1691 3396 1763 indagandas,
3427 1697 3536 1749 Eu-

1881 1769 2072 1826 clidas
2084 1770 2144 1826 in
2157 1770 2273 1826 hoc
2289 1786 2504 1842 genere
2518 1775 2896 1845 antecellens,
2915 1778 3260 1836 Ptolemaaos
3287 1797 3538 1854 exsupe-

165 1876 336 1930 rans,
367 1866 425 1918 et
441 1863 546 1935 qui
564 1862 679 1919 illis
716 1863 1081 1937 antiquiores
1109 1863 1275 1920 fuere
1305 1863 1634 1934 Chaldaeos,
1668 1861 1844 1936 quasi
1873 1873 2093 1932 pueros
2119 1859 2564 1931 semiperfectos
2599 1863 2848 1921 scientia
2872 1865 3060 1923 fuisse
3089 1869 3537 1927 demonstrans.

243 1969 340 2026 ιη’.
385 1969 520 2022 Ἀλλ’
552 1969 578 2022 ὃ
605 1971 798 2047 μικροῦ
853 1990 906 2024 τε
953 1967 1278 2045 παρέδραμε.
1345 1978 1466 2034 Τοῖς
1514 1974 1615 2044 γὰρ
1664 1971 1778 2029 ὴθι-
1815 1969 1855 2022 Β

165 2065 281 2120 κοῖς
304 2057 536 2130 ἐντυχὼν
560 2067 660 2112 τῶν
699 2059 1020 2134 παλαιτέρων
1070 2062 1454 2134 συντάγμασιν,
1498 2061 1600 2112 ὅσα
1638 2060 1665 2111 ό
1721 2057 1776 2111 ἐκ

169 2152 476 2224 Σταγείρας,
519 2150 689 2202 ὁπόσα
726 2151 752 2201 ό
783 2147 838 2201 ἐκ
877 2154 1196 2224 Χαιρωνείας
1229 2151 1331 2220 (7),
1363 2153 1453 2202 καὶ
1504 2167 1564 2221 γε
1614 2149 1641 2202 ὁ
1697 2167 1777 2201 σεε

167 2240 394 2310 μνότητι
436 2237 561 2310 παρ’
621 2235 836 2296 Ἕλλησι
896 2234 1181 2296 διαϐόητος
1243 2237 1452 2291 Πλάτων
1517 2239 1772 2300 συνέθετο,

169 2326 268 2378 οῦκ
335 2325 728 2400 ἀπερισκέπτως
798 2334 904 2389 τοίς
957 2323 1257 2399 δεδομένοις
1329 2326 1509 2379 ἑαυτὸν
1575 2324 1773 2401 ἐμπαρ-

169 2421 366 2487 έσχετο
418 2437 430 2450 ·
476 2415 583 2468 ἀλλ’
637 2416 690 2480 ἒξ
717 2418 829 2490 οἶμα
871 2419 1092 2488 πάντων,
1153 2417 1188 2467 ἂ
1242 2419 1332 2488 μὲν
1390 2415 1606 2491 ἐνέκρινε
1661 2422 1778 2476 ταῖς

165 2514 266 2568 τῆς
304 2501 526 2580 καρδίας
578 2506 762 2568 πλαξὶν
815 2505 1145 2581 ἐνεχάραξεν,
1194 2505 1230 2557 οἱ
1281 2502 1331 2557 δ’
1372 2504 1642 2564 ἑλληνικῆς
1689 2500 1775 2557 δι-

167 2598 365 2669 έκρινεν
418 2594 700 2669 ἕμπαθείας
750 2598 781 2656 ὴ
845 2597 1216 2671 προσπαθείας,
1277 2594 1505 2669 ἀρίστως
1561 2593 1776 2669 ἀποκρί-

166 2705 282 2752 νας,
316 2683 553 2757 ἇκθύμως
590 2684 916 2759 ἀπεστερξεν.
974 2684 1177 2758 Ἀμέλει
1217 2703 1299 2737 τοι
1353 2689 1444 2736 καὶ
1487 2688 1581 2742 τήν
1634 2683 1774 2736 Πλάο

167 2793 333 2834 τωνος
361 2779 721 2847 κοινογαμίαν,
751 2774 795 2827 εἰ
852 2771 912 2826 δέ
969 2773 1166 2848 βούλει,
1224 2779 1318 2832 τήν
1374 2774 1645 2848 Κράτητος
1695 2775 1773 2842 (8)

168 2865 238 2925 ὡς
278 2859 489 2921 κυνὼδη
524 2861 711 2935 βιοτήν
749 2862 1174 2936 ἐπιλογισάμενος
1223 2861 1326 2914 κάκ
1377 2861 1560 2934 ψυχῆς
1617 2861 1777 2922 αὐτῆς

169 2951 430 3017 εἰποῦσιν,
489 2950 538 3014 ἐς
593 2956 920 3027 Κυνόσαργες
975 2951 1076 3023 (9),
1125 2956 1185 3004 τό
1228 2970 1282 3004 τε
1334 2949 1535 3003 ἐκείνων
1595 2950 1772 3016 εἰπεῖν,

170 3039 516 3111 ἀπεπέμψατο
547 3061 560 3075 ο
593 3045 678 3093 τόν
707 3059 761 3093 τε
793 3040 1126 3114 ’Λριστοτελη
1171 3047 1263 3092 τοῦ
1317 3041 1488 3112 γάμου
1550 3044 1620 3111 μή
1674 3059 1774 3091 κα-

167 3133 349 3194 κίσας,
409 3127 515 3181 ἀλλ’
584 3131 999 3205 ὑπερφρονήσας,
1068 3131 1323 3204 ῦπέρτερά
1401 3147 1456 3181 τε
1513 3132 1775 3204 φρονήσας

167 3222 263 3268 καὶ
303 3216 599 3292 ἐνθεώτερα,
629 3223 714 3271 τόν
772 3218 992 3272 ἄσπιλον
1047 3220 1270 3292 αἱρεῖται
1323 3215 1440 3290 βίον
1488 3221 1576 3268 καὶ
1609 3220 1775 3291 κρείτο

167 3325 319 3363 τονα.
372 3303 582 3365 Ἐπειδὴ
613 3311 716 3383 γὰρ
766 3312 857 3360 καὶ
890 3312 1063 3380 γέγονε
1105 3311 1387 3380 κρείττονος
1422 3314 1516 3368 τῆς
1571 3305 1776 3366 ἡλικίας
1811 3341 1851 3396 C

168 3400 262 3447 καὶ
305 3397 433 3468 πρὸς
468 3397 672 3468 γάμους
721 3401 851 3471 πρός
903 3415 960 3449 τε
1029 3404 1130 3448 τῶν
1182 3399 1556 3468 γεγεννηκότων
1607 3394 1774 3446 αὐτῶν

169 3482 428 3550 ἐϐιάζετο,
464 3489 555 3537 καὶ
597 3489 728 3558 πρός
778 3485 823 3537 τ’
863 3485 1028 3538 ἄλλων
1087 3493 1298 3557 συχνῶν
1354 3483 1402 3536 ἐν
1449 3483 1579 3536 τελει
1637 3479 1776 3542 δῆτα

168 3577 263 3625 καὶ
304 3571 536 3645 μεγάλων
582 3573 859 3646 ἐφείλκετο,
926 3575 1160 3650 καθάπερ
1235 3593 1310 3635 τις
1361 3571 1570 3634 ἀπαθής
1622 3574 1775 3644 φύσις

169 3667 264 3714 καὶ
295 3664 467 3714 πάντα
510 3666 639 3738 πρὸς
692 3665 760 3716 τὰ
802 3659 934 3736 τῇδε
982 3662 1329 3738 ἀπόστροφος,
1388 3661 1602 3724 ἀκλινὴς
1645 3663 1776 3733 οἰγαν

172 3747 236 3808 ἦν
265 3755 359 3803 καὶ
403 3747 693 3819 ἀνένδοτος,
742 3751 918 3805 ἄλλοθί
965 3771 1066 3805 που
1101 3755 1189 3804 τὸν
1238 3754 1432 3805 σκοπόν
1493 3753 1631 3822 ἔχων
1687 3754 1777 3802 καὶ

172 3839 414 3912 ἀλλαχοῦ
451 3842 745 3913 μεταθεῖναι
789 3837 1148 3915 διανοούμενος
1184 3845 1242 3895 τὸ
1298 3841 1582 3912 πολίτευμα
1617 3860 1630 3872 ·
1673 3840 1772 3897 ὅπη

169 3949 232 4002 γε
263 3934 358 3982 καὶ
390 3929 587 3991 Παῦλος
638 3931 665 3982 ὁ
703 3935 866 4003 μέγας
913 3929 1027 4003 εἶχε
1069 3935 1162 3990 τήν
1207 3931 1477 4003 πρόθεσιν,
1533 3929 1777 3990 Ἰωάννης

171 4038 227 4072 τε
265 4023 360 4072 καὶ
381 4018 640 4088 Ἰωάννης,
681 4021 708 4071 ὅ
740 4038 796 4072 τε
849 4025 1139 4094 σκιρτήσας
1197 4023 1297 4094 πρὸ
1362 4027 1453 4080 τῆς
1497 4021 1779 4090 γεννήσεως

171 4111 264 4160 καὶ
300 4109 394 4160 τὸν
451 4112 714 4166 Δεσπότην
759 4114 1134 4182 προσκυνήσας
1175 4113 1246 4181 μή
1297 4108 1630 4179 θεασάμενος,
1692 4110 1780 4158 καὶ

171 4196 198 4248 ὁ
255 4194 343 4248 ἐπὶ
388 4203 462 4267 τῷ
512 4204 604 4249 τοῦ
661 4202 855 4272 Κυρίου
906 4200 1088 4257 στήθει
1127 4195 1395 4250 ἀναπεσὼν
1447 4195 1681 4248 κάκεῖθεν
1713 4197 1780 4246 τὰ

168 4293 268 4346 τῆς
303 4283 574 4358 θεολογίας
599 4285 922 4360 ἀρυσάμενος
948 4289 1176 4359 νάματα.

1965 1969 2046 2022 18.
2074 1967 2289 2022 Verum
2330 1966 2477 2023 illud
2507 1983 2723 2040 parum
2756 1971 2949 2028 abfuit
2990 1975 3137 2047 quin
3169 1992 3263 2032 me
3301 1981 3537 2050 praeter-

1884 2056 2013 2113 iret.
2038 2058 2185 2111 Cum
2213 2056 2276 2112 in
2300 2061 2568 2114 veterum
2601 2063 3063 2120 commentarios
3083 2064 3157 2120 de
3179 2066 3393 2122 morali
3407 2067 3538 2139 phi-

1883 2143 2165 2218 losophia
2191 2144 2512 2212 incidisset,
2544 2163 2700 2218 quos
2734 2150 3010 2220 Stagirita
3037 2158 3094 2208 et
3125 2154 3536 2212 Chaeronensis

1883 2251 1955 2291 ac
1986 2235 2274 2305 gravitate
2296 2251 2538 2293 morum
2569 2239 2734 2310 apud
2761 2243 2994 2297 Graecos
3019 2244 3536 2302 commendatissi-

1883 2339 2022 2380 mus
2050 2323 2214 2380 Plato
2242 2325 2615 2398 composuit;
2653 2342 2776 2383 non
2806 2330 3196 2403 semetipsum
3252 2334 3536 2391 omnibus

1882 2413 2377 2486 incircumspecte
2406 2415 2664 2487 tradidit,
2699 2431 2835 2489 quae
2873 2419 2952 2474 ab
2980 2419 3052 2476 iis
3084 2422 3387 2478 memorias
3414 2423 3537 2479 fue-

1882 2505 2023 2557 runt
2080 2500 2315 2568 tradita,
2378 2502 2484 2558 sed
2548 2503 2700 2560 inter
2763 2520 2834 2561 ea
2889 2507 3113 2579 optime
3167 2509 3534 2580 discernens,

1883 2606 2021 2663 quas
2073 2589 2240 2647 bona
2297 2591 2610 2664 judicabat
2668 2593 3053 2666 imprimebat
3102 2599 3299 2655 cordis
3361 2600 3536 2658 tabu-

1881 2679 1979 2748 lis,
2010 2694 2144 2752 quaa
2171 2695 2315 2737 vero
2353 2683 2433 2737 ad
2467 2681 2771 2740 licentiam
2837 2685 3082 2743 videndi
3145 2689 3424 2759 gentiiem
3480 2695 3539 2748 et

1883 2760 2282 2841 cupiditatum
2318 2769 2631 2828 illecebras
2671 2774 2905 2844 putavit
2955 2775 3249 2847 pertinere
3287 2778 3536 2836 omnino

1883 2858 2127 2931 respuit.
2161 2858 2255 2915 Sic
2309 2861 2801 2919 communionem
2857 2878 3135 2936 uxorum,
3201 2883 3238 2923 a
3294 2868 3536 2926 Platone

1884 2947 2293 3017 adinventam,
2334 2953 2392 3006 et
2427 2964 2464 3006 a
2524 2951 2755 3007 Cratere
2809 2951 3143 3010 institutam
3194 2957 3535 3013 communis

1883 3037 2012 3095 vita:
2035 3038 2400 3110 societatem,
2419 3039 2703 3096 caninam
2723 3045 3009 3113 reputans
3030 3047 3209 3116 atque
3231 3060 3302 3101 ex
3331 3046 3536 3103 animo

1859 3125 2184 3200 detestans
2214 3131 2536 3184 sectatores
2589 3127 2856 3200 ipsorum
2903 3130 2964 3186 in
3021 3132 3247 3189 malam
3296 3149 3535 3190 crucem

1885 3215 2256 3272 amandabat
2281 3236 2292 3271 :
2320 3216 2647 3274 Aristotelis
2685 3232 2828 3274 vero
2865 3217 2940 3275 de
2986 3220 3266 3292 conjugio
3309 3222 3535 3295 opinio-

1882 3318 2024 3360 nem
2055 3319 2176 3360 non
2196 3303 2568 3376 improbans,
2603 3304 2709 3361 sed
2735 3305 3026 3362 excelsius
3050 3323 3122 3364 ea
3150 3308 3377 3381 aliquid
3442 3325 3534 3366 sa-

1881 3393 2072 3466 piens,
2098 3392 2572 3466 sublimioraque
2601 3399 2658 3450 et
2685 3395 2984 3453 diviniora
3003 3397 3298 3468 cogitans,
3333 3397 3534 3456 incon-

1881 3481 2227 3538 taminatam
2236 3480 2534 3554 longeque
2547 3484 3022 3556 praestantiorem
3036 3486 3170 3558 conj
3181 3486 3340 3558 ugali
3351 3487 3538 3546 vitam

1881 3569 2202 3643 praeelegit.
2275 3573 2343 3626 Ut
2405 3571 2567 3628 enim
2633 3573 3018 3646 provectioris
3073 3577 3263 3633 evasit
3327 3578 3536 3650 aetatis,

1883 3660 2352 3733 compellebatur
2379 3662 2625 3734 quidem
2655 3679 2692 3720 a
2711 3662 3079 3734 genitoribus
3106 3666 3252 3738 ipsis
3303 3666 3381 3724 ad
3428 3683 3536 3724 nu-

1880 3750 2057 3821 ptias,
2082 3754 2262 3823 atque
2291 3751 2372 3807 ab
2413 3751 2563 3822 aliis,
2597 3757 2653 3809 et
2679 3753 2774 3809 his
2811 3753 3059 3826 quidem
3114 3755 3316 3812 multis
3381 3757 3536 3827 posi-

1882 3838 2076 3910 tisque
2096 3839 2158 3894 in
2211 3839 2517 3910 dignitate,
2579 3842 2793 3898 eodem
2848 3843 3306 3914 pertrahebatur
3354 3859 3367 3898 :
3429 3844 3537 3900 sed

1882 3926 2064 3983 veluti
2084 3927 2476 4000 impassibilis
2512 3931 2796 4002 quaedam
2824 3935 3062 3999 natura,
3093 3946 3130 3988 a
3155 3931 3400 3987 terrenis
3441 3947 3534 3987 re-

1880 4015 1998 4072 bus
2025 4016 2274 4072 omnino
2323 4032 2593 4082 aversus,
2645 4018 2725 4074 ad
2778 4034 2881 4076 eas
2932 4018 3154 4076 inﬂecti
3220 4019 3540 4077 recusabat

1883 4102 2202 4171 obstinate,
2273 4109 2476 4177 utpote
2535 4104 2679 4162 alibi
2745 4121 2924 4162 suum
2979 4106 3213 4164 habens
3258 4123 3534 4179 scopum,

1881 4208 2074 4266 coque
2103 4193 2372 4250 studium
2397 4210 2575 4251 suum
2596 4195 2913 4252 transferre
2937 4197 3228 4267 cogitans,
3258 4212 3381 4270 quo
3400 4213 3536 4255 ma-

1884 4296 2039 4352 gnus
2064 4281 2282 4339 Paulus
2308 4300 2483 4340 suum
2504 4284 2758 4342 intendit
2803 4287 3199 4358 propositum,
3259 4301 3535 4359 unusque

170 4379 230 4431 et
267 4373 420 4431 alter
459 4377 740 4445 Joannes,
793 4376 846 4431 is
886 4375 1108 4432 scilicet
1133 4375 1240 4448 qui
1288 4374 1351 4431 in
1399 4377 1566 4431 utero
1603 4371 1812 4430 matris
1857 4375 1997 4428 ante
2042 4371 2413 4430 nativitatem
2443 4373 2710 4445 exsilivit,
2760 4379 2819 4430 et
2862 4390 3044 4447 quem
3082 4375 3342 4432 necdum
3375 4375 3536 4431 vide-

167 4466 266 4521 rat
294 4465 622 4522 Dominum
651 4463 960 4536 adoravit;
1005 4468 1064 4523 et
1089 4462 1186 4521 ille
1212 4463 1316 4536 qui
1359 4477 1544 4536 supra
1581 4461 1849 4534 ejusdem

168 4552 425 4611 fontem.

1811 4638 1856 4694 D

247 4730 333 4790 ιϐ’.
364 4735 467 4786 Καὶ
493 4728 562 4791 δή
595 4731 770 4786 λοιπὸν
797 4732 957 4793 οὕτως
996 4731 1177 4786 ἑαυτὸν
1221 4730 1522 4808 ίρρύθμισε,
1571 4731 1664 4792 τάς
1722 4747 1777 4781 τε

171 4829 272 4885 τῆς
319 4821 510 4894 ψυχῆς
579 4818 824 4896 δυνάμεις
877 4820 1160 4895 ἓκόσμησε,
1214 4826 1304 4874 καὶ
1359 4829 1431 4893 τῷ
1478 4828 1547 4891 νῷ
1613 4818 1777 4879 καλῶς

170 4911 551 4982 καθυπέταξεν,
610 4915 679 4974 ὡς
735 4913 872 4965 θείαν
925 4914 1078 4973 ὅντως
1129 4913 1377 4986 ἁρμονίαν
1439 4909 1777 4983 ἐμφαίνεσθαι

171 5005 368 5072 τούτῳ,
427 5007 517 5056 καὶ
579 5001 856 5075 ἀγγελικὴν
921 5004 992 5064 ὡς
1077 4999 1276 5061 ἀληθῶς
1349 5004 1771 5073 σεμνοπρέπειάν.

168 5092 328 5145 Ὀθεν
377 5087 447 5151 δή
518 5097 606 5144 καὶ
666 5091 726 5144 οῦ
783 5096 936 5165 μόνον
989 5099 1098 5154 τοῖς
1144 5096 1477 5164 γεννήτορσιν
1532 5089 1777 5164 ἐράσμιος

170 5182 306 5252 ὁμοῦ
336 5184 428 5234 καὶ
455 5184 626 5253 τίμιος
653 5177 734 5254 ἦν,
767 5179 898 5234 ἀλλά
939 5184 1027 5234 καὶ
1078 5185 1238 5234 πᾶσιν
1291 5179 1480 5250 ἄλλοις,
1553 5183 1642 5232 καὶ
1687 5178 1777 5232 αῦ-

247 5415 328 5490 (7)
352 5411 732 5475 Plutarchum
764 5413 1047 5489 intellige,
1075 5413 1433 5476 Chaeroneiae
1462 5413 1525 5472 in
1557 5413 1779 5474 Boeotia

169 5493 544 5636 mitigans
559 5560 886 5636 Thebanus
897 5607 911 5632 ,
926 5559 1201 5636 Diogenis
1228 5556 1778 5636 Qynicidiscipulus

169 5635 283 5707 qui
309 5631 460 5693 nihil
485 5633 794 5718 pessidere
819 5631 1151 5715 sapientem
1179 5631 1390 5712 voluit,

1883 4459 2117 4519 Domini
2156 4466 2364 4534 pectus
2396 4461 2686 4531 recubuit,
2727 4463 3010 4523 hauriens
3045 4464 3187 4522 inde
3224 4464 3537 4536 theologiae

1961 4735 2046 4788 t9.
2069 4731 2357 4806 Deinceps
2389 4735 2591 4791 autem
2621 4734 2812 4792 taliter
2838 4735 3220 4794 concinnavit
3273 4735 3536 4808 seipsum

1887 4821 2196 4893 animique
2219 4823 2516 4895 potentias
2546 4823 2629 4881 ita
2652 4824 2968 4882 adornavit
2991 4841 3062 4882 ac
3097 4825 3314 4882 mentis
3345 4825 3534 4896 impeo

1885 4909 1974 4967 rio
2000 4909 2429 4979 subordinavit,
2458 4917 2523 4970 ut
2540 4913 2602 4969 in
2631 4928 2702 4970 eo
2727 4914 2924 4986 reipsa
2948 4919 3305 4987 apparerent
3331 4912 3536 4969 divina

1885 4998 2167 5072 quaedam
2222 5001 2540 5060 harmonia
2603 5007 2660 5059 et
2700 5003 2882 5060 decor
2945 5019 3182 5059 morum
3227 5001 3536 5072 angelicus

1886 5089 2268 5163 gravitasque
2291 5107 2303 5146 :
2328 5096 2696 5165 quapropter
2714 5107 2838 5149 non
2881 5091 3077 5148 solum
3096 5094 3220 5148 erat
3241 5092 3459 5147 charus
3476 5093 3538 5148 at

1886 5194 2003 5252 que
2029 5179 2302 5238 amabilis
2339 5180 2730 5252 genitoribus,
2763 5179 2871 5238 sed
2899 5183 2955 5238 et
2991 5179 3121 5237 aliis
3142 5178 3428 5237 omnibus
3450 5180 3538 5253 ip-

1955 5413 2154 5489 (9)Ad
2181 5427 2384 5475 canem
2424 5412 2650 5489 album,
2674 5411 2988 5489 Averbatim
3029 5413 3365 5474 diceretur:
3411 5420 3536 5476 erat

1887 5487 2088 5546 autem
2117 5487 2717 5563 Kwoa’ap78;_AlheniS_
2749 5487 2977 5546 dictum
3016 5490 3426 5563 gymnasium,
3473 5491 3535 5546 in

1886 5570 2010 5644 quo
2042 5560 2257 5643 procul
2282 5560 2558 5644 a'pudice
2594 5561 2754 5622 natis
2816 5560 3074 5635 remoti,
3107 5560 3537 5624 exercebantur

1887 5633 2065 5696 nothi
2077 5650 2148 5693 ac
2169 5633 2371 5707 spurii.
3030 5633 3040 5635 “
3316 5689 3317 5692 η
