4032 6308
503 264 636 376 Μ.

1691 299 2166 362 cons'mmm-
2186 291 2675 363 ACHOPOLITE.

3756 317 3864 372 836

501 444 706 516 sisque
777 434 1154 494 heterodoxis
1209 431 1466 488 multum
1538 429 1914 486 venerabilis.
1991 431 2136 484 Post-

2256 435 2364 491 τοῖς
2392 427 2454 482 δέ
2484 438 2590 492 τοῖς
2610 428 2931 506 ἐτεροδόξοις
2960 429 3170 507 σφόδρα
3202 432 3315 486 λίαν
3363 411 3664 509 αἰδέσιμος.
3732 443 3859 491 Τοί-

501 548 691 608 quam
711 545 858 586 vero
887 532 1057 600 pater
1097 540 1169 580 ex
1214 524 1329 580 hac
1359 523 1486 577 vita
1509 536 1785 591 egressus
1815 518 2048 576 transiit
2069 517 2147 574 ad

501 623 703 691 aliam,
737 618 1018 675 suffectus
1055 614 1253 669 statim
1275 610 1435 667 ﬁlius
1477 615 1792 682 paternam
1817 609 2146 680 assumpsit

501 712 872 781 dignitatem,
919 710 1100 779 atque
1154 704 1306 759 inter
1354 715 1634 774 proceres
1678 700 1785 754 fuit
1827 698 2140 770 ascriptus.

500 799 720 855 Invitus
742 802 964 852 tamen.
995 795 1039 846 A
1068 791 1269 865 pueris
1297 790 1456 846 enim
1486 794 1544 846 et
1584 788 1662 845 ab
1706 787 1870 844 initio
1923 787 2142 856 cogita-

499 891 668 943 verat
706 883 1095 954 semetipsum
1126 883 1240 936 Deo
1265 894 1616 935 consecrare
1664 877 1840 949 eique
1887 875 1998 931 soli
2054 875 2142 930 vi-

497 991 655 1044 vere,
687 972 980 1030 Samuelis
1001 968 1339 1041 exemplum
1364 983 1488 1023 non
1509 966 1703 1023 solum
1727 981 2007 1037 sequens,
2036 963 2141 1020 sed

497 1065 676 1121 etiam
706 1064 766 1118 in
791 1063 909 1118 hoc
936 1060 1187 1116 fortasse
1216 1073 1531 1130 superans,
1557 1071 1630 1111 eo
1659 1056 1826 1127 quod
1846 1070 1919 1109 ex
1944 1053 2144 1124 seipso

495 1154 610 1210 hoc
639 1152 834 1222 elegit,
871 1165 996 1206 non
1044 1152 1246 1204 autem
1289 1162 1324 1202 a
1370 1143 1746 1218 parentibus,
1791 1143 1943 1198 sicut
1991 1143 2139 1214 ipse,

497 1241 828 1313 promissus
850 1241 968 1294 Deo
989 1242 1046 1292 et
1073 1234 1373 1291 exhibitus
1399 1233 1524 1289 fuit.
1559 1235 1980 1287 Verumtamen
2006 1247 2145 1302 sup-

496 1329 696 1402 posuit
713 1328 998 1383 humeros
1025 1339 1184 1381 curaa
1207 1323 1468 1378 civilium
1489 1337 1709 1391 rerum,
1744 1320 1849 1392 qui
1869 1319 2142 1391 spiritua-

493 1417 653 1474 libus
677 1415 1026 1472 adhaerebat
1051 1429 1125 1468 ex
1149 1413 1374 1468 animo.
1409 1409 1521 1466 Sed
1551 1409 1630 1464 oh
1655 1409 1667 1463 !
1698 1424 1886 1480 quam
1916 1408 2140 1476 dextre,

496 1522 683 1579 quam
710 1504 1038 1577 prudenter
1063 1507 1120 1556 et
1150 1499 1418 1556 consulte
1445 1497 1733 1554 creditum
1767 1497 1879 1552 sibi
1918 1512 2140 1552 munus

496 1592 978 1652 administrabat!
997 1588 1450 1646 Diﬂ‘undebatur
1467 1602 1610 1657 ergo
1626 1603 1733 1658 per
1742 1587 2014 1642 omnium
2035 1601 2142 1642 ora

496 1681 816 1739 admiratio
843 1681 992 1750 ejus,
1020 1677 1122 1733 sed
1153 1675 1456 1748 principue
1483 1677 1560 1730 ab
1586 1675 1718 1746 ipso
1745 1674 1910 1730 urbis
1936 1673 2142 1746 praefe-

496 1776 592 1827 cto
613 1768 1045 1832 honorabatur,
1072 1769 1209 1838 post
1229 1780 1414 1837 quem
1455 1769 1580 1820 erat
1625 1763 1968 1818 immediate
2025 1763 2140 1835 pri-
2169 1777 2216 1831 Β

493 1876 630 1916 mus
658 1874 729 1914 ac
756 1857 918 1912 velut
949 1855 1180 1925 collega
1214 1853 1538 1923 dignitatis.
1582 1857 1772 1924 Atque
1805 1853 1944 1908 hinc
1987 1852 2139 1908 ordi-

493 1964 632 2004 mur
658 1948 892 2018 majora
928 1945 1144 2006 dicere,
1195 1942 1524 1999 exantlatos
1566 1957 1784 2014 nempe
1841 1943 1904 1998 in
1955 1958 2139 1999 causa

496 2038 598 2093 Dei
624 2037 862 2094 labores
890 2049 1148 2108 qua-que
1174 2049 1285 2106 pro
1323 2032 1568 2088 veritate
1617 2032 1894 2088 sustinuit
1951 2038 2138 2090 certa-

490 2127 660 2184 mina
679 2125 1076 2183 admiratione
1100 2138 1288 2195 quam
1319 2122 1588 2178 maxima
1613 2121 1822 2192 digna.

560 2221 650 2274 20.
675 2215 792 2274 Sed
813 2215 1061 2287 quando
1089 2213 1208 2268 huc
1235 2213 1474 2268 devenit
1500 2211 1710 2278 oratio,
1740 2211 2004 2281 agedum
2032 2229 2138 2268 no-

492 2311 645 2363 stras
673 2305 1072 2362 lamentemur
1090 2301 1481 2368 calamitates,
1494 2305 1553 2356 et
1579 2300 1912 2356 humanam
1932 2300 2136 2372 lugen-

491 2403 578 2452 tes
590 2393 1081 2459 imbecillitatem,
1097 2391 1310 2447 faciam
1318 2407 1388 2444 us
1401 2389 1725 2460 spectabile
1740 2390 2137 2446 inveteratum

491 2484 780 2542 adversus
810 2497 922 2537 nos
949 2479 1159 2536 odium
1189 2477 1452 2534 auctoris
1473 2477 1794 2546 malorum,
1838 2484 2017 2551 atque
2062 2481 2138 2536 de

489 2573 562 2628 iis
585 2587 720 2644 quae
760 2570 840 2626 ab
868 2569 999 2640 ipso
1032 2568 1192 2640 passi
1220 2581 1431 2622 sumus
1476 2571 1534 2622 et
1586 2567 1866 2638 patimur,
1927 2575 1991 2624 ut
2027 2585 2139 2640 par

489 2667 596 2728 est,
627 2673 1091 2732 conqueramur.
1126 2658 1275 2712 Bene
1305 2660 1550 2712 eatenus
1593 2655 1900 2712 habebant
1926 2673 1989 2713 se
2024 2674 2135 2714 no-

492 2754 633 2814 stra,
665 2753 724 2804 et
741 2763 836 2803 res
862 2745 1195 2803 Christiana
1221 2743 1493 2815 ﬂorebat,
1535 2743 1892 2816 praevalente
1914 2746 2135 2819 ubique

493 2837 834 2896 orthodoxa
860 2835 1004 2904 ﬁde,
1033 2834 1360 2905 omniaque
1387 2833 1712 2890 universim
1723 2834 1952 2906 optimo
1967 2843 2139 2892 erant

489 2929 552 2984 in
582 2931 740 2984 statu
765 2925 918 2982 adeo
948 2929 1014 2979 ut
1041 2922 1292 2979 calestis
1315 2921 1622 2994 quaedam,
1651 2929 1716 2978 ut
1748 2927 1831 2979 sic
1858 2924 2132 2993 dixerim,

489 3017 650 3088 regio
678 3015 980 3072 videretur
1005 3029 1138 3068 esse
1177 3011 1339 3069 orbis
1386 3019 1701 3082 terrarum,
1759 3028 1906 3084 quia
1955 3014 2136 3070 rebus

477 3089 706 3163 nostris
736 3119 1000 3177 praesens
1031 3101 1241 3159 aderat
1266 3104 1438 3168 Deus,
1473 3117 1659 3174 seque
1685 3102 1976 3159 adversus
1995 3121 2134 3161 con-
2164 3129 2206 3190 ο

487 3197 668 3255 traria
688 3196 863 3252 nobis
894 3193 1205 3266 praebebat
1224 3197 1582 3248 curatorem.
1606 3193 1826 3248 Verum
1856 3194 2134 3265 malignis

490 3304 560 3344 ac
597 3283 1030 3342 fascinantibus
1059 3282 1247 3338 oculis
1273 3281 1504 3352 aspexit
1538 3297 1670 3351 nos,
1712 3283 1818 3354 qui
1850 3284 1980 3353 jam
2020 3286 2134 3356 pri-

489 3376 628 3432 dem
669 3373 844 3430 nobis
880 3373 1093 3428 invidit
1132 3374 1332 3431 Satan.
1373 3376 1554 3442 atque
1593 3376 1680 3437 (ut
1739 3373 1988 3440 gentiles
2043 3374 2132 3430 10-

489 3463 780 3536 quuntur)
807 3460 974 3530 gravi
1012 3458 1428 3529 Saturnalique
1459 3465 1708 3530 aspectu
1739 3476 1850 3516 nos
1887 3461 2134 3519 intuitus

490 3557 596 3608 est.
627 3549 879 3606 Modum
917 3548 1095 3619 igitur
1125 3563 1261 3602 acer
1284 3546 1380 3602 ille
1410 3552 1590 3618 atque
1636 3548 1714 3602 ad
1758 3549 2132 3607 malefacien-

489 3641 636 3696 dum
657 3637 988 3694 industrius
1016 3635 1345 3703 adinvenit,
1373 3651 1497 3706 quo
1525 3651 1647 3691 non
1671 3636 1868 3693 solum
1892 3641 2133 3711 repelle-

487 3744 686 3786 remur
715 3743 753 3782 ε,
782 3725 1212 3796 gubernatione
1264 3729 1321 3780 et
1370 3723 1703 3780 visitatione
1753 3727 1977 3793 divina,
2025 3731 2131 3786 sed

487 3820 688 3892 ipsum
720 3819 906 3872 Deum
943 3813 1120 3871 nobis
1156 3812 1530 3869 eﬂiceremus
1573 3813 1908 3885 inimicum,
1956 3823 2014 3873 et
2055 3818 2134 3875 ad

488 3923 790 3966 summam
832 3909 1045 3962 contra
1079 3919 1192 3960 nos
1228 3902 1605 3960 iracundiam
1661 3905 2124 3964 concitaremus.

489 3998 786 4064 Quoniam
815 3999 1016 4050 autem
1037 3993 1393 4066 plerumque
1417 3993 1731 4049 consuevit
1752 3993 2044 4066 impetum
2072 3998 2134 4053 in

487 4087 764 4143 homines
798 4099 921 4140 non
948 4083 1142 4139 facere
1163 4081 1275 4137 nisi
1291 4097 1399 4154 per
1421 4081 1710 4151 medium,
1739 4086 2000 4154 quemad
2011 4101 2135 4142 mo-

486 4177 636 4232 dum
664 4175 809 4230 olim
838 4173 898 4228 in
950 4171 1354 4244 protoplastos
1383 4186 1488 4241 per
1527 4177 1884 4242 serpentem,
1925 4190 2134 4232 rursus

488 4262 815 4337 quemdam
856 4260 970 4316 sibi
1007 4261 1231 4315 invenit
1268 4274 1526 4329 pravum
1567 4260 1858 4329 moribus,
1899 4264 2133 4320 varium

488 4355 710 4420 mente,
740 4349 1025 4404 refertum
1051 4347 1453 4419 improbitate,
1473 4347 1938 4417 conglomeratis
1980 4353 2134 4409 frau-

489 4436 766 4494 dulentus
796 4434 1204 4505 contortisque
1232 4435 1295 4489 in
1321 4433 1530 4490 orbem
1559 4437 1877 4492 commotis
1896 4455 2134 4511 serpen-

489 4533 630 4592 tem,
663 4523 989 4580 iracundiae
1015 4539 1156 4578 vero
1185 4523 1415 4594 impetu
1454 4528 1510 4577 et
1538 4523 1896 4580 intolerandi
1921 4527 2135 4586 furoris

487 4612 868 4671 vehementia
894 4610 1142 4676 bellum,
1174 4627 1244 4667 ac
1279 4627 1547 4682 congrua
1585 4613 1676 4668 sui
1714 4615 1976 4671 nominis
2025 4633 2132 4690 ap-

487 4703 808 4776 pellatione
835 4702 1094 4768 leonem,
1127 4703 1406 4762 Leonem,
1461 4701 1730 4774 inquam,
1791 4720 1865 4760 ex
1915 4707 2132 4763 lsauris

488 4797 848 4866 apostatam,
871 4789 976 4863 qui
997 4789 1262 4861 primum
1278 4790 1526 4846 domino
1539 4807 1651 4846 suo
1666 4795 2132 4867 imperatorique

489 4887 791 4955 acceptus,
815 4879 1144 4954 potentiam
1163 4879 1294 4950 ejus
1309 4883 1490 4952 atque
1506 4880 1828 4953 imperium
1847 4883 2132 4955 supplan-

488 4974 650 5041 tavit,
668 4989 793 5029 non
821 4985 1116 5042 generosa
1137 4970 1405 5042 quadam
1443 4972 1787 5028 strenuitate
1833 4989 1980 5028 usus
2033 4984 2132 5040 (ne

487 5063 624 5136 quis
652 5063 768 5119 hoc
796 5061 1006 5134 putet),
1050 5059 1157 5115 sed
1192 5059 1347 5116 dolis
1381 5065 1439 5115 et
1491 5059 1808 5117 fraudibus
1835 5079 1848 5117 :
1871 5061 2133 5120 vafrities

489 5151 790 5225 siquidem
815 5149 983 5208 haud
1010 5164 1148 5206 raro
1185 5149 1420 5221 peragit
1459 5164 1686 5220 magna
1730 5150 2037 5222 quaedam,
2076 5158 2135 5209 et

2167 4484 2211 4538 D

559 5349 666 5417 (1ο)
697 5344 1062 5417 Theobosius
1088 5343 1557 5417 Adramyttenus
1582 5344 1693 5417 hic
1723 5350 1877 5400 esset
1924 5346 2134 5404 intelli-

488 5416 744 5488 gendus,
777 5415 1234 5488 quiAnastasio
1262 5415 1535 5487 deposito
1575 5415 1859 5488 suffectus
1898 5433 1996 5472 an.
2032 5424 2134 5475 715

487 5487 668 5566 Leoni
693 5486 868 5566 cessit
892 5486 1253 5566 imperium:
1292 5486 1501 5566 verum
1537 5502 1661 5566 non
1701 5504 1743 5566 a_
1773 5487 2130 5558 Theodosio,

486 5559 592 5615 sed
615 5559 694 5614 ab
726 5557 1044 5627 Anastasio
1072 5557 1490 5627 pmfecturam
1529 5558 1780 5614 Orientis
1822 5557 2135 5616 assecutus

484 5635 613 5688 erat
639 5631 759 5687 Leo
779 5645 795 5698 ;
824 5626 1228 5686 Theodosium
1252 5644 1396 5686 vero
1410 5644 1729 5702 nunquam
1743 5657 1748 5664 -
1760 5632 2006 5704 agnovit
2023 5631 2134 5688 im-

2255 539 2343 572 νυν
2369 523 2456 572 καὶ
2496 520 2706 593 τελευτᾷ
2732 526 2818 574 τόν
2853 521 2981 595 βίων
3013 524 3040 574 ὁ
3064 528 3261 596 πατὴρ,
3290 529 3380 577 καὶ
3420 529 3549 600 πρός
3587 529 3655 578 τὰ
3695 526 3861 581 ἐκεῖσε

2254 611 2591 680 μεθίσταται,
2660 611 2979 686 Ἐγκρίνεται
3044 609 3094 664 δ’
3155 613 3304 673 οὗτος
3354 614 3526 681 εὐθὺς,
3591 621 3684 668 καὶ
3767 623 3860 676 τὴν

2254 703 2512 771 πατρικὴν
2560 697 2707 761 ἀξίαν
2759 699 3124 772 ἀναλαμϐάνει,
3178 707 3268 754 καὶ
3313 709 3423 764 τοῖς
3477 703 3668 776 λογάσι
3728 725 3860 776 συγ-

2251 787 2589 858 καταλέγεται
2621 809 2633 820 ·
2668 790 2806 840 οἴκων
2841 793 2931 860 μέν
2964 811 2978 823 ο
3012 789 3138 842 ἀλλὰ
3183 793 3285 865 γὰρ
3316 793 3372 843 ἐκ
3401 789 3608 844 παίδων
3663 800 3760 846 καὶ
3813 795 3864 856 ἐξ

2254 874 2428 948 ἀρχῆς
2485 877 2556 939 εἰς
2593 884 2710 928 νοῦν
2749 881 2983 953 ἔστρεφεν
3023 879 3204 931 ἑαυτὸν
3241 888 3315 950 τῷ
3368 889 3481 952 Θεῷ
3521 885 3864 936 καθοσιώσοιι

2252 968 2342 1015 καί
2369 961 2520 1026 δοτός
2577 966 2716 1037 αύτῷ
2759 972 3118 1039 χρηματίσαι,
3166 971 3293 1040 πρὸς
3343 972 3429 1021 τὸν
3485 975 3647 1043 μέγαν
3703 976 3864 1032 ὅντως

2254 1058 2343 1104 καὶ
2389 1054 2536 1114 οὗτος
2583 1054 2990 1128 ἀπευθυνόμενος
3039 1057 3279 1129 Σαμουὴλ

2254 1143 2412 1204 αύτός
2461 1145 2606 1196 τοῦθ’
2659 1145 2835 1216 εἵλετο,

3337 1080 3350 1091 ο
3399 1060 3479 1110 ὅτι
3537 1057 3590 1111 δ’
3638 1060 3862 1112 αὐτόθεν

2913 1151 3003 1198 καὶ
3054 1151 3126 1219 μὴ
3202 1150 3332 1220 πρός
3391 1156 3489 1199 τῶν
3535 1154 3863 1224 γεννητόρων

2253 1231 2569 1303 ὑποσχεθεὶς
2599 1229 2807 1300 δίδοτο,
2859 1236 3006 1306 τάχα
3044 1255 3103 1306 γε
3131 1241 3222 1287 καὶ
3261 1236 3676 1309 ὑπερτιθέμενος.
3719 1237 3864 1296 Πλὴν

2256 1317 2381 1372 ἀλλά
2431 1325 2520 1378 τήν
2576 1329 2676 1373 τῶν
2724 1321 3000 1374 πολιτικῶν
3048 1322 3350 1396 ἒπωμίσατο
3389 1323 3648 1400 φροντίδα
3680 1329 3709 1378 ὁ
3762 1336 3864 1378 τῶν

2251 1419 2610 1481 πνευματικῶν
2664 1409 2822 1482 ἀπρὶξ
2873 1410 3234 1485 ἀντεχόμενος·
3292 1419 3357 1466 Τί
3398 1414 3521 1485 γοῦν
3575 1431 3590 1482 ;
3644 1418 3721 1475 ὡς
3781 1412 3864 1467 ὅέ-

2254 1497 2394 1564 ξιῶς,
2433 1502 2791 1571 ὡςνουνεχῶς,
2821 1505 2890 1561 ὡς
2936 1501 3256 1562 εύεπηϐόλως
3305 1507 3372 1555 τὰ
3418 1502 3864 1577 ἐγκεχειρισμένα

2255 1583 2564 1660 διῳκονόμει
2610 1590 2622 1643 l
2678 1594 2778 1642 Καὶ
2833 1594 2962 1664 πρός
2999 1595 3090 1663 μὶν
3125 1591 3364 1644 ἁπάντων
3403 1593 3566 1644 ἄλλων
3621 1594 3862 1668 περιελα-

2251 1675 2384 1728 λείτο
2413 1682 2502 1729 καὶ
2545 1678 2888 1750 ἐθαυμάζετο,
2929 1684 3058 1754 πρὸς
3104 1677 3167 1732 δὲ
3202 1689 3294 1732 τοῦ
3322 1690 3639 1756 κρατοῦντος
3692 1683 3861 1734 αὐτοῦ

2249 1768 2512 1838 τάπρὼτοὶ
2541 1786 2596 1818 τε
2644 1766 2877 1840 ἐτιμᾶτο,
2918 1774 3008 1820 καὶ
3055 1769 3166 1841 μετ’
3223 1770 3376 1822 αὐτόν
3422 1767 3480 1828 ἦν
3529 1771 3705 1837 εὐθὺς,
3766 1777 3859 1823 καὶ

2251 1855 2516 1928 σύναρχος
2540 1854 2850 1928 ἑνενόμιστο.
2895 1857 3034 1910 Ἐνόν
3088 1855 3207 1910 ἰδοὺ
3248 1858 3412 1931 λέγειν
3445 1862 3512 1911 τὰ
3555 1861 3727 1930 μείζω
3769 1866 3859 1913 καὶ

2246 1948 2548 2016 τιμιώτερα,
2586 1947 2654 1996 τὰ.
2719 1949 2854 1998 κατά
2898 1950 3028 2001 Θεὸν
3082 1951 3267 2000 τούτου
3341 1948 3704 2021 παλαίσματα,
3765 1955 3860 2002 καὶ

2245 2035 2313 2083 τά
2337 2033 2464 2103 ὑπὲρ
2494 2040 2587 2094 τῆς
2619 2031 2864 2096 ἀληθείας
2893 2035 3192 2108 ἀξιάγαστα
3227 2036 3590 2110 ἀγωνίσματα.

2317 2210 2388 2266 κ’.
2428 2210 2564 2264 Ἀλλ’
2640 2211 2845 2287 ἐπείπερ
2915 2210 3099 2267 ἐνθαδὶ
3167 2222 3260 2266 τοῦ
3330 2215 3486 2287 λόγου
3543 2219 3856 2288 γεγένημαι,

2247 2299 2341 2368 ἄγε
2376 2295 2445 2357 δὴ
2476 2303 2544 2351 τὰ
2571 2301 2798 2375 ἡμέτερα
2850 2305 3097 2376 θρηνήσω
3148 2306 3311 2370 πάθη,
3371 2310 3462 2357 καὶ
3512 2309 3608 2363 τὴν
3657 2303 3860 2378 ἀνθρω-

2245 2392 2398 2444 πίνην
2449 2387 2713 2442 ἀσθένειαν
2782 2390 3220 2465 ἀποκλαύσωμαι,
3301 2399 3396 2452 τήν
3479 2413 3535 2446 τε
3622 2394 3856 2447 παλαιὰν

2246 2480 2376 2548 πρὸς
2428 2480 2565 2549 ἡμᾶς
2619 2488 2714 2531 τοῦ
2770 2480 3071 2553 ἀρχεκάκου
3131 2481 3466 2555 θριαμϐεύσω
3512 2479 3852 2556 δυσμένειαν,

2245 2570 2336 2618 καὶ
2376 2568 2442 2626 ὡς
2475 2567 2613 2629 εἰκός
2664 2565 3014 2643 ἀποδύρωμαι
3061 2573 3188 2646 ὑπὲρ
3245 2573 3314 2623 ὧν
3378 2576 3512 2644 πρὸς
3556 2572 3722 2624 αὐτοῦ
3770 2591 3856 2624 πε-

2244 2656 2503 2727 πόνθαμέν
2547 2675 2601 2708 τε
2656 2663 2746 2710 καὶ
2809 2661 3109 2731 πάσχομεν.
3172 2657 3302 2732 Εἶχε
3497 2665 3624 2722 τέως
3677 2657 3735 2712 εὖ
3789 2666 3856 2712 τὰ

2243 2743 2489 2817 ἡμέτερα,
2534 2752 2624 2797 καὶ
2677 2749 2744 2798 τά
2790 2756 2890 2799 τῶν
2919 2756 3249 2822 Χριστιανῶν
3279 2751 3420 2807 ἤνθει
3457 2771 3470 2782 ο
3501 2753 3569 2802 τὰ
3601 2752 3707 2822 γὰρ
3758 2760 3854 2809 τῆς

2244 2829 2550 2905 ορθοδοξίας
2590 2833 2814 2902 ἐκράτει,
2873 2842 2964 2889 καὶ
3007 2841 3065 2890 τό
3104 2845 3203 2890 πᾶν
3260 2838 3433 2900 ἁπλῶς
3495 2838 3668 2900 καλῶς
3707 2837 3847 2911 εἶχε,

2243 2927 2332 2976 καὶ
2361 2929 2593 2996 κοσμίως
2621 2927 2691 2986 ὡς
2725 2923 2930 2988 ἀληθῶς
2975 2926 3211 2993 ἔσταλτο,
3241 2933 3334 2980 καὶ
3378 2929 3447 2979 ἶν’
3497 2928 3633 2980 οὕτω
3663 2934 3844 2999 φαίην,

2243 3011 2479 3080 οὐράνιός
2505 3032 2585 3074 τις
2639 3023 2812 3089 χῶρος
2862 3019 3016 3077 τόπος
3048 3012 3110 3074 ἦν
3157 3018 3183 3067 ὁ
3236 3021 3515 3089 περίγειος,
3567 3023 3659 3068 καὶ
3716 3021 3849 3076 Θεὸς

2243 3110 2353 3162 τοῖς
2404 3103 2674 3174 ἡμετέροις
2725 3101 3069 3176 ἐπεχωρίαζε,
3126 3109 3216 3157 καὶ
3260 3114 3362 3157 τῶν
3410 3105 3528 3158 καθ’
3593 3108 3732 3178 ἡμᾶς
3778 3110 3851 3166 ὡς

2243 3189 2398 3241 εἰπεῖν
2465 3189 2813 3262 ἐπετρόπευεν.
2879 3192 3013 3245 Ἀλλ’
3075 3189 3246 3245 ἐπεῖδε
3300 3192 3566 3265 βάσκανον
3595 3196 3622 3245 ὁ
3651 3196 3850 3247 ἄνωθεν

2241 3283 2332 3330 καὶ
2391 3278 2444 3340 ἐξ
2497 3281 2670 3352 ἀρχῆς
2716 3282 2968 3355 φθονερῶς
3020 3285 3146 3354 ἡμῖν
3215 3281 3606 3355 ἐποφθαλμίςων
3658 3285 3849 3349 σατάν,

2242 3372 2332 3419 καὶ
2358 3369 2408 3438 (ὃ
2448 3387 2604 3439 φασιν
2659 3371 2709 3420 οἱ
2746 3369 2914 3439 ἐκτός)
2965 3367 3275 3442 τελχινῶδες
3325 3377 3414 3424 καὶ
3470 3377 3672 3445 κρόνιον
3733 3371 3852 3429 ἐνη-

2241 3461 2409 3508 τένισε
2453 3474 2464 3484 ·
2524 3462 2712 3531 τρόπον
2773 3455 2861 3510 οὖν
2935 3457 3226 3533 ἀνευρίσκει
3274 3462 3477 3522 όποῖνος
3527 3464 3710 3520 ἐκεῖνος
3753 3463 3850 3535 ῥᾳ-

2244 3539 2568 3618 διουργῆσαι
2599 3541 2790 3615 δεινός,
2819 3552 2910 3598 καὶ
2954 3552 3082 3622 πρός
3132 3551 3190 3599 τὸ
3238 3551 3397 3600 κακόν
3425 3547 3812 3620 πολυμήχανός
3835 3571 3850 3582 ’

2242 3633 2281 3702 ᾧ
2319 3652 2378 3704 γε
2426 3633 2532 3704 ούχ
2558 3635 2696 3695 ὅπως
2745 3633 2805 3686 ἆν
2852 3638 3380 3708 κατοστρακισθῶμεν
3419 3645 3514 3694 τῆν
3555 3639 3694 3697 θείας
3739 3636 3858 3691 ἐπι-

2245 3732 2448 3784 σκοπῆς
2503 3743 2557 3775 τε
2608 3730 2700 3777 καὶ
2771 3724 2987 3800 κυϐερνή
2998 3745 3148 3793 σεως,
3232 3725 3339 3778 ἀλλ’
3411 3726 3853 3800 ἑκπολεμήσωμεν

2240 3817 2330 3865 καὶ
2361 3816 2510 3882 Θεὸν,
2537 3818 2626 3865 καὶ
2651 3816 2717 3865 τά
2746 3816 2955 3886 ἔσχατα
2997 3817 3118 3868 καθ’
3163 3817 3308 3887 ἡμῶν
3362 3815 3679 3888 ὀργισθῆναι
3736 3813 3854 3870 διε-

2240 3903 2550 3974 ρεθίσωμεν.
2597 3902 2738 3955 Ἐπεὶ
2797 3899 2849 3954 δ’
2905 3907 2975 3966 ὡς
3019 3906 3088 3956 τὰ
3134 3903 3299 3957 πολλά
3327 3901 3422 3957 δ’ιά
3466 3909 3629 3976 μέσον
3676 3924 3851 3980 προσ-

2243 3990 2441 4043 ϐάλλειν
2497 3993 2622 4062 ἡμῖν
2675 3993 2847 4044 εἴωθεν
2913 3994 3008 4064 (ὡς
3058 3998 3148 4046 καὶ
3196 3991 3282 4046 ἐπὶ
3339 3997 3478 4045 κατὰ
3530 3995 3848 4066 πρωτοπλά-

2244 4099 2378 4132 στων
2418 4079 2580 4132 πάλαι
2632 4076 2727 4132 διὰ
2773 4089 2864 4133 τοῦ
2901 4083 3098 4154 ὄφεως),
3157 4084 3386 4154 εὑρίσκει
3423 4088 3514 4135 καὶ
3565 4083 3714 4144 αὖθις
3756 4089 3848 4136 τόν

2244 4168 2451 4221 σκολιόν
2483 4173 2610 4231 τούς
2637 4175 2883 4244 τρόπους,
2935 4175 3022 4222 τόν
3075 4171 3309 4224 ποικίλον
3365 4177 3460 4230 τήν
3489 4177 3720 4244 γνώμην,
3751 4179 3846 4226 τόν

2239 4262 2494 4333 πονηρίας
2548 4257 2829 4328 ἀνάπλεων,
2891 4263 2978 4312 τὸν
3029 4261 3272 4335 ἄντικρυς
3319 4265 3433 4333 ὄφιν
3473 4269 3580 4321 τοῖς
3648 4281 3849 4314 σκαιωο

2240 4352 2468 4422 ρήμασι,
2529 4351 2617 4398 τόν
2668 4353 3134 4421 συνεσπειραμένον
3181 4369 3237 4402 τε
3284 4356 3374 4402 καὶ
3421 4356 3848 4425 περιεστραμ-

2241 4456 2324 4488 νον
2377 4443 2488 4497 τοῖς
2539 4440 2856 4509 σκέμμασιν,
2917 4439 2946 4498 ᾖ
3001 4438 3191 4510 μᾶλλον
3229 4442 3316 4490 τόν
3366 4437 3618 4514 ἀνήμερον
3678 4459 3850 4513 φερω-

2242 4528 2412 4597 νύμως
2469 4527 2623 4598 θῆρα,
2670 4528 2758 4576 τόν
2803 4526 3124 4601 αὐτόχρημα
3182 4526 3359 4580 λέοντα
3441 4531 3528 4580 τόν
3594 4530 3847 4582 ἄστατον

2241 4619 2336 4672 τὴν
2375 4615 2554 4686 ὁρμὴν,
2601 4617 2688 4665 τόν
2742 4613 3054 4667 ἀνύποιστον
3092 4621 3187 4674 τὴν
3235 4616 3417 4690 ὀργὴν,
3472 4621 3559 4668 τόν
3607 4622 3703 4675 τὴν
3755 4639 3849 4669 κα-

2240 4707 2356 4755 κίαν
2402 4701 2680 4777 ἀφόρητον.
2727 4709 2870 4756 Λέων
2922 4704 3073 4765 οὗτος
3129 4706 3155 4756 ό
3208 4705 3260 4767 ἐξ
3311 4706 3584 4779 Ἱσαύρων,
3638 4707 3664 4757 ὁ
3721 4704 3848 4759 ἀπο-

2241 4793 2434 4851 στάτης
2489 4794 2556 4844 τὰ
2742 4802 2926 4864 πρῶτοι
2988 4802 3079 4845 τοῦ
3128 4790 3389 4846 δεσπότου
3445 4799 3535 4846 καὶ
3584 4793 3845 4867 βασιλέως

2237 4885 2500 4952 γενόμενος
2535 4880 2672 4954 (10),
2706 4885 2886 4934 καὶτὸ
2924 4885 3112 4956 κράτος
3159 4883 3318 4936 αὐτοῦ
3369 4889 3455 4936 κοὶ
3518 4889 3614 4942 τὴν
3668 4883 3846 4958 ἀρχὴν

2238 4967 2556 5040 ὑφελόμενος,
2605 4969 2700 5021 οὐκ
2746 4966 2939 5042 ἀνδρίᾳ
2989 4974 3079 5043 (μὴ
3124 4971 3325 5030 οἰηθείη
3375 4992 3452 5033 τις
3481 4977 3637 5025 τοῦτό
3675 4975 3842 5044 ποτε),

2237 5065 2506 5130 μηχαναῖς
2537 5054 2597 5110 δὲ
2641 5063 2732 5111 καὶ
2779 5055 2954 5121 δόλοις
3009 5061 3446 5134 ύποσπασάμενος
3501 5083 3515 5096 ο
3565 5061 3626 5113 ού
3678 5061 3848 5137 μικρά

2238 5149 2341 5220 γὰρ
2377 5147 2627 5208 πολλάκις
2671 5153 2762 5201 καὶ
2808 5157 3096 5222 πανοῦργος
3143 5155 3303 5208 ἤνυσε
3369 5155 3580 5224 τρόπος,
3632 5158 3726 5205 καὶ
3782 5156 3850 5204 τὰ

2243 5355 2604 5434 peratorem,
2619 5353 2725 5434 sed
2735 5370 2877 5434 mox
2891 5355 3220 5434 utelectum
3241 5356 3471 5413 audivit
3483 5362 3694 5434 contra
3704 5374 3845 5434 eum

2245 5422 2432 5500 t’cedus
2461 5440 2601 5478 cum
2623 5426 2955 5500 ‘Artabasso
2980 5427 3278 5484 Armeniae
3298 5434 3551 5500 prwtore
3574 5428 3724 5486 iniit.
3746 5432 3846 5486 Fa-

2242 5498 2371 5569 ctus
2404 5495 2944 5569 autemimperator
2964 5513 3088 5554 non
3113 5495 3337 5569 statim,
3369 5504 3436 5556 ut
3457 5500 3614 5556 infra
3625 5501 3743 5557 dici
3762 5501 3846 5556 vi-

2241 5564 2438 5646 detur,
2470 5565 2576 5620 sed
2602 5564 2764 5646 anno
2793 5568 2962 5640 regni
3015 5570 3111 5646 sui
3139 5586 3302 5646 nono
3324 5564 3334 5569 ⁷
3355 5572 3625 5643 primum
3666 5571 3848 5645 coepit

2238 5640 2509 5694 insanire
2526 5642 2736 5696 contra
2755 5646 2998 5697 sanctas
3024 5640 3339 5714 imagines.
