4032 6308
140 451 372 519 μέγιστα
400 451 542 501 ἔστιν
571 450 651 500 ὅτε
674 446 798 508 ήοος
828 447 1102 501 ἐπίκλοπον
1141 446 1408 513 ἐξετέλεσε,
1453 452 1543 500 καὶ
1573 446 1609 499 ἃ
1631 467 1741 518 γεν-
1771 447 1819 502 Α

142 541 267 588 ναία
292 541 420 590 ποτε
449 543 570 613 χεὶρ
604 541 696 590 σὺν
725 547 910 611 μακρῷ
939 546 1008 608 νῷ
1047 541 1183 609 πόνῳ
1222 538 1317 589 οὐκ
1353 541 1554 609 ἴσχυσε
1578 556 1745 611 παρα-

145 629 474 695 στήσασθαι,
508 627 563 679 ἐκ
591 634 684 679 τοῦ
712 628 911 702 ῥᾴστου
952 624 1104 687 δόλος
1142 627 1502 702 κατέστρεψεν,
1546 630 1747 679 Οὔκουν

145 711 215 774 δή
249 718 553 789 Θαυμαστόν
593 717 636 768 εἰ
669 722 758 770 καὶ
787 718 936 778 οὗτος
977 720 1109 769 κατὰ
1147 725 1239 769 τοῦ
1278 716 1521 779 εὐσεϐοῦς
1544 717 1748 790 μεμελε-

143 811 320 866 τηκὼς
359 806 737 880 αὐτοκράτορος
777 811 866 857 καὶ
914 807 1266 858 ἐπαναστάσει
1315 806 1745 879 ἐπικεχειρηκὼς,

143 895 294 965 τάχα
317 914 377 965 γε
407 904 501 955 τῆς
531 893 847 966 ἀγαθότητος
873 895 1034 946 αὐτοῦ
1073 897 1610 966 καταστοχασάμενος
1649 894 1710 966 (ὃ
1715 898 1747 948 ι’

146 982 206 1039 ἣν
248 988 341 1034 καὶ
379 987 505 1058 πρὸς
542 988 635 1041 τήν
675 982 948 1055 βασιλείαν
1001 986 1231 1058 ἑνεκρίθη
1273 986 1299 1034 6
1356 985 1505 1036 πάντ’
1561 984 1747 1048 ἐκεῖνος

142 1070 306 1134 καλός
335 1069 642 1141 Θεοδόσιος)
687 1081 779 1125 τοῦ
824 1075 961 1125 κατά
1009 1071 1264 1145 βούλησιν
1303 1073 1398 1124 οῦκ
1437 1071 1696 1145 ἀπέτυχεν
1729 1095 1744 1108 ο

144 1160 252 1212 εἰσὶ
281 1164 385 1233 γὰρ
415 1162 467 1213 οῖ
493 1180 650 1232 φασιν
679 1165 750 1224 ὡς
784 1164 892 1221 κοιιρ
912 1160 968 1214 ἆκ
993 1167 1236 1234 μαντείας
1273 1167 1364 1214 καὶ
1403 1161 1748 1236 απορῥητοτέ-

144 1269 249 1322 ρων
277 1256 522 1321 μυήσεων
551 1256 641 1302 καὶ
668 1250 878 1302 τελετῶν
905 1249 1144 1323 ἀθέσμων
1173 1249 1228 1301 ἐκ
1268 1250 1458 1303 πολλοῦ
1481 1255 1607 1324 πρὸς
1631 1271 1748 1304 τουο

145 1343 229 1391 τοὶ
259 1335 590 1412 διηρεθιστο.
623 1338 763 1396 Πλὴν
793 1338 899 1390 ἀλλ’
929 1341 955 1390 6
985 1343 1076 1412 μεν
1113 1348 1212 1391 τῶν
1244 1345 1525 1413 σκήπτρων
1565 1339 1746 1414 ἀφέμε-

143 1446 249 1492 νος,
281 1431 374 1478 καὶ
402 1428 759 1501 ὑποχωρήσας
800 1435 899 1478 τῶν
943 1425 1222 1499 βασιλείων
1270 1428 1362 1500 (ὡς
1410 1433 1482 1500 μή
1533 1430 1744 1502 ὤφελον)

143 1522 256 1576 τοῖς
285 1523 382 1574 τῆς
421 1514 734 1576 Ἐκκλησίας
785 1520 946 1590 φέρων
993 1515 1173 1568 ἑαυτόν
1222 1515 1540 1588 ἕγκατελεξεν
1575 1539 1588 1551 ·
1639 1520 1666 1570 6
1693 1517 1745 1572 δ’

144 1603 255 1657 ἐπεὶ
305 1611 397 1656 τοῦ
442 1606 665 1678 κράτους
711 1603 1037 1674 ἐπείληπται,
1085 1607 1219 1657 κατὰ
1265 1614 1362 1657 τῶν
1409 1608 1574 1674 θείων,
1608 1609 1737 1680 φεῦέ

144 1694 354 1746 εἰκόνων
382 1693 676 1758 λελύττηκε,
709 1696 898 1745 ταυτὸν
929 1689 980 1745 δ’
1013 1693 1170 1746 εἰπεῖν
1198 1699 1289 1746 καὶ
1319 1695 1433 1746 κατ’
1465 1696 1622 1749 αὐτοῦ
1653 1706 1744 1749 τοῦ

142 1787 295 1850 Θεοῦ,
324 1782 421 1834 οὐκ
449 1781 802 1855 ἀνασχόμενος
830 1787 901 1854 μή
929 1785 997 1834 τὰ
1032 1785 1380 1856 ὑπεσχημένα
1411 1792 1517 1845 τοῖς
1563 1788 1744 1858 μάντε-
1772 1797 1816 1851 Β

142 1891 226 1923 σιν
252 1871 533 1941 ἐκπλῆσαι,
565 1876 655 1924 καὶ
692 1875 752 1924 τό
792 1876 949 1946 χρέος
995 1877 1175 1945 σφίσιν
1217 1871 1466 1926 ἀποτίσαι
1505 1883 1597 1934 τῆς
1643 1884 1742 1927 τῶν

139 1960 619 2035 προφοιϐασμάτων
649 1959 878 2014 ἐκϐάσεω
886 1983 926 2022 ς.

212 2137 316 2192 κα’.
377 2138 595 2213 Ἐγείρει
650 2143 822 2190 τοίνυν
877 2141 1040 2210 μέγαν
1108 2141 1243 2192 κατὰ
1308 2148 1442 2194 Θεοῦ
1503 2141 1742 2214 πόλεμον,

143 2227 488 2304 ἀχρειοῦνται
524 2231 591 2280 τὰ
625 2231 808 2300 τεμένη
857 2233 948 2279 καὶ
995 2233 1118 2290 τοὺς
1153 2234 1274 2290 νεὼς
1312 2227 1347 2282 δ
1353 2235 1642 2304 ιεγείρεται,
1680 2234 1747 2284 τά

141 2338 198 2370 τε
239 2320 355 2370 θεῖα
390 2322 482 2372 καὶ
517 2322 671 2389 τίμια
715 2316 1060 2390 ἐκτυπώματα
1107 2315 1328 2381 διαξίειν
1385 2339 1439 2372 τε
1487 2326 1578 2373 καὶ
1617 2320 1748 2374 ἀπα-

141 2407 335 2478 λείφειν
375 2406 662 2480 ἐπαίρεται,
700 2412 792 2459 καὶ
848 2406 1021 2468 ἁπλῶς
1074 2406 1299 2481 ἀμορφοῐ
1336 2410 1365 2467 ἡ
1420 2409 1610 2482 μᾶλλον
1647 2432 1748 2464 κα-

145 2500 431 2569 ταστρέφει
467 2500 562 2553 τήν
602 2495 916 2553 Ἐκκλησίαν
955 2503 1112 2560 Θεοῦ,
1174 2497 1234 2554 ἣν
1290 2497 1446 2560 αὐτὸς
1504 2501 1749 2575 ἑνανθρω-

143 2592 327 2646 πήσας
367 2583 687 2656 ἐθεμελίωσε,
728 2590 817 2636 καὶ
857 2587 1186 2638 θεόπνευστοι
1238 2590 1426 2639 τούτου
1465 2597 1751 2662 περιεστοί-

143 2694 316 2746 χισαν
353 2679 591 2746 κήρυκες,
635 2676 889 2748 μάρτυρές
926 2693 980 2726 τε
1039 2676 1168 2727 θεῖοι
1212 2683 1322 2737 τοῖς
1360 2679 1551 2749 αἵμασι
1591 2685 1750 2750 φοινί-

146 2764 320 2826 ξαντες
358 2762 741 2834 κατηγλάίσαν,
771 2768 860 2815 καὶ
893 2764 1130 2837 θεοφόροι
1159 2769 1383 2837 Πατίρες
1418 2770 1547 2840 πρὸς
1585 2766 1751 2840 dra-9d.

142 2852 285 2905 λειαν
326 2849 672 2924 διωρόφωσαν
697 2853 777 2921 (τί
813 2851 980 2904 πολλὰ
1004 2851 1168 2923 λέγειν
1193 2853 1236 2924 ;)
1266 2853 1327 2911 ἣν
1357 2854 1517 2916 αὐτὸς
1553 2858 1579 2907 6
1619 2862 1750 2919 Θεὸς

143 2947 237 2994 καὶ
296 2938 480 3014 Πατήρ
526 2940 911 3015 παλαμηφορεί,
968 2950 1042 3012 τῷ
1094 2951 1186 2994 τοῦ
1245 2944 1368 2996 Υἱοῦ
1426 2949 1516 2996 καὶ
1576 2951 1750 3017 Λόγου

145 3031 539 3102 ἐξωνησάμενος
590 3032 792 3100 αἵματι,
841 3036 900 3082 τό
948 3049 1003 3082 τε
1060 3033 1191 3083 θεῖον
1250 3039 1459 3104 Πνεῦμα
1515 3039 1748 3106 συνέχει,

146 3126 361 3190 Πνεῦμα
397 3122 456 3170 τό
495 3121 703 3192 Πατρός
739 3123 826 3170 καὶ
866 3124 1039 3189 Λόγου
1080 3130 1400 3192 μονογενοῦς,
1446 3129 1656 3195 Πνεῦμα
1690 3127 1754 3176 16
1783 3147 1840 3201 ρ.

145 3210 204 3260 ἐκ
244 3211 447 3280 Πατρός
483 3206 718 3282 αρρήτως
757 3206 1176 3282 ἐκπορευόμενον,
1207 3213 1276 3271 ὡς
1314 3211 1441 3284 ὑπερ
1480 3211 1631 3283 λόγον
1661 3219 1750 3266 καὶ

146 3300 174 3349 6
208 3302 386 3367 Λόγος
421 3303 514 3348 τοῦ
553 3297 713 3348 αὐτοῦ
749 3303 991 3367 γεννᾶται
1032 3303 1250 3371 Πατρός.
1313 3303 1457 3352 Κατὰ
1511 3306 1753 3364 τοιαύτης

145 3384 488 3447 Ἐκκλησίας,
531 3387 570 3436 ὠ
606 3384 794 3456 τόλμης
849 3385 1146 3458 παραϐόλου
1190 3386 1200 3438 ε
1262 3389 1301 3438 ὠ
1359 3389 1581 3462 θράσους
1635 3391 1754 3443 ἁλο-

148 3473 382 3545 γίστουΙ
425 3475 585 3545 ὁμόσε
622 3476 648 3524 6
688 3472 953 3548 ἀλιτήριος
992 3473 1180 3537 ἐκεῖνος
1235 3483 1526 3550 κεχώρηκε,
1570 3484 1752 3532 τοσού-

150 3581 244 3614 του
301 3562 652 3634 κατετόλμηκε
702 3567 1010 3637 πράγματος
1062 3585 1074 3597 ο
1136 3564 1282 3630 ἀλλὰ,
1343 3576 1432 3637 φεῦ
1489 3573 1754 3642 κριμάτων

152 3651 327 3705 Θεοῦέ
371 3660 443 3713 εἰς
499 3656 660 3724 πέρας
713 3657 771 3704 τό
826 3657 954 3726 πρός
1006 3651 1260 3724 βούλησιν
1319 3660 1506 3728 ἤγαγε,
1554 3663 1643 3710 καὶ
1695 3663 1752 3711 τό

149 3745 290 3793 κατὰ
329 3743 492 3812 θυμόν
531 3739 798 3802 ἐξετελεσεε
838 3748 1083 3794 Τοιοῦτόν
1120 3763 1171 3794 τι
1208 3750 1298 3796 καὶ
1335 3748 1437 3817 γὰρ
1477 3750 1536 3798 16
1576 3749 1755 3818 ἡμέτε-

147 3851 262 3906 ρον,
306 3829 494 3902 ἀνέμου
531 3826 736 3899 πεδίον,
776 3832 802 3882 6
841 3850 1018 3900 φασιν,
1060 3833 1090 3891 ἦ
1146 3833 1378 3903 κάλαμος
1422 3838 1554 3909 πρὸς
1592 3833 1754 3910 αὔραν

150 3924 490 3994 στρεφόμενος
553 3925 644 3972 καὶ
717 3925 1211 3993 μεταστρεφόμενος,
1279 3923 1432 3994 λύγος
1495 3943 1549 3976 τε
1621 3927 1756 3996 ἄγαν

145 4009 330 4068 λεπτός
368 4014 460 4061 καὶ
497 4009 828 4083 όικρόῤῥιζος,
869 4013 996 4084 πρὸς
1035 4012 1176 4071 ὅστις
1213 4011 1274 4063 ἂν
1303 4018 1392 4064 καὶ
1429 4015 1592 4084 τύχοι
1632 4012 1756 4086 βια-

150 4100 388 4171 ζόμενος,
430 4097 680 4170 ἀγόμενός
717 4118 772 4151 τε
810 4106 900 4151 καὶ
938 4106 1301 4173 μεταγόμενος.
1365 4105 1440 4154 Οῦ
1478 4113 1756 4178 κατηγορῶ

146 4192 379 4253 πάντων,
437 4197 538 4240 τῶν
602 4188 845 4240 πλειόνων
924 4185 982 4241 δε
1059 4195 1414 4264 καταφέρομαι
1473 4198 1758 4265 συνήγορος

151 4277 456 4351 ἐπικαίρως,
509 4282 599 4328 καὶ
655 4285 747 4328 τοῦ
804 4287 904 4328 τῶν
974 4278 1295 4352 παλαιτέρων
1345 4281 1760 4354 προσλαμϐάνων

154 4365 491 4439 ἀπόφθεγμα.
531 4363 687 4418 Εἶδον
724 4369 845 4440 γὰρ,
889 4364 1046 4438 εἶδον,
1089 4371 1154 4428 ὡς
1192 4374 1264 4441 μή
1305 4370 1514 4441 ὤφελον,
1541 4379 1762 4423 τοιαῦτα

151 4455 322 4526 κάγὼ,
384 4460 474 4507 καὶ
530 4456 731 4527 ὁμοίοις
785 4463 1004 4530 καιροῖς,
1066 4455 1230 4528 βαϐαὶ
1287 4466 1377 4518 τῆς
1435 4465 1704 4532 συμφορᾶς
1742 4459 1754 4512 ῑ
1793 4498 1844 4551 D

153 4547 474 4616 περιέτυχον
506 4564 519 4577 ο
560 4546 774 4617 τοιαύτῃ
815 4563 870 4596 τε
909 4551 1206 4618 σκοτομήνῃ
1247 4545 1523 4620 ἐγκύρσας,
1563 4548 1762 4620 μεγάλα

154 4639 578 4706 προσκεκρουκα,
597 4639 687 4685 καὶ
726 4632 910 4686 ἀνίατα
928 4643 1118 4709 μικροῦ
1137 4654 1254 4708 τετρ
1263 4639 1596 4710 αυμάτισμαι
1624 4641 1754 4706 (ll).

156 4722 304 4776 Ἀλλ’
345 4721 432 4794 ἐμὲ
599 4724 625 4774 ό
661 4731 764 4776 τῶν
818 4722 1009 4795 ψυχῶν
1068 4724 1246 4798 ἰατρός
1308 4731 1398 4778 καὶ
1443 4735 1544 4778 τῶν
1585 4730 1759 4800 σωμά-

230 4867 344 4938 (ll)
387 4864 626 4938 Videtur
680 4865 880 4924 infelix
941 4867 1357 4924 schismaticus
1397 4869 1619 4938 dolere,
1667 4871 1763 4926 vel

152 4935 328 5007 quod
357 4951 480 5007 non
509 4937 652 4992 satis
702 4943 988 4993 constans
1015 4938 1188 4994 fuerit
1231 4939 1292 4995 in
1340 4941 1564 4997 tuendo
1606 4935 1762 4998 schi-

155 5006 500 5082 gmatesub
525 5007 775 5079 imperio
793 5009 1123 5082 Michaelis,
1156 5011 1260 5082 qui
1295 5011 1577 5067 unionem
1622 5028 1761 5068 cum

154 5077 423 5155 Ecclesia
470 5077 1020 5155 Romanafecerat.
1067 5077 1238 5155 eique
1282 5098 1344 5138 se
1389 5088 1762 5155 opponentes

153 5148 510 5222 removebat
527 5149 605 5204 ab
623 5149 850 5217 ofﬁciis,
867 5151 1017 5206 sicut
1033 5158 1091 5207 et
1104 5148 1264 5208 hunc
1283 5148 1760 5222 Constantinum,

159 5244 182 5268 ι
217 5235 403 5301 quem
430 5219 718 5276 educarat
745 5222 911 5302 apud
931 5238 1015 5302 .se
1064 5222 1493 5296 informarique
1522 5219 1764 5297 optimis

155 5291 393 5346 artibus
422 5297 679 5352 curarat.
712 5299 971 5352 privavn
999 5298 1315 5352 pronterea
1354 5295 1485 5350 loco
1535 5298 1761 5352 gratim.

155 5308 393 5346 arunus
422 5308 679 5360 curarat,
712 5308 971 5364 privavit
999 5308 1315 5365 propterea
1354 5308 1485 5350 loco
1535 5308 1761 5365 gratias,

154 5377 348 5443 quem
387 5361 556 5443 prius
595 5362 890 5443 habuerat
926 5370 984 5443 et
1019 5380 1054 5420 a
1095 5381 1205 5422 sua
1247 5365 1644 5443 familiaritate
1677 5383 1766 5423 re-

157 5433 371 5500 movit,
392 5433 436 5483 5)
467 5434 550 5490 uti
580 5433 784 5491 scribit
811 5435 1205 5508 Pachymeres
1253 5441 1404 5508 part.
1451 5454 1489 5504 1,
1534 5437 1573 5493 l.
1601 5455 1677 5507 γι,
1709 5455 1760 5494 c.

156 5509 252 5559 27.
291 5504 347 5559 Si
378 5508 580 5560 tamen
612 5505 705 5561 ille
737 5505 819 5560 sic
849 5507 1176 5563 castigatus
1202 5507 1291 5563 vel
1334 5509 1641 5563 modicum
1672 5525 1760 5563 re-

156 5523 252 5559 Zl.
291 5523 347 5559 δι
378 5523 580 5560 tamen
612 5523 705 5561 ille
737 5523 819 5560 SlC
849 5523 993 5561 casu
1045 5523 1176 5562 atus
1202 5523 1291 5563 νει
1334 5523 1641 5564 ωοαιοιιω
1672 5525 1763 5565 1‘8-

156 5574 333 5653 misit
376 5575 451 5631 de
495 5577 842 5653 pertinacia,
893 5524 1172 5653 Micﬁaele
1229 5579 1593 5653 sesquianno
1629 5586 1766 5653 post

159 5650 433 5718 mortuo,
464 5647 637 5704 rediit
664 5647 742 5704 ad
772 5647 1067 5706 vemitum
1091 5664 1190 5706 an.
1227 5647 1383 5722 1282",
1401 5650 1516 5708 sub
1538 5647 1767 5709 Andro-

1355 319 1428 380 IN
1465 322 1522 380 S.
1558 317 1756 379 10m.
1802 313 2297 380 nussum.

1855 445 2110 517 grandia
2135 450 2334 519 patrat
2362 445 2764 503 fraudulentia
2789 464 2804 514 ;
2836 462 3095 520 quaeque
3140 461 3362 503 manus
3407 463 3502 505 ro-

1853 534 2037 591 busta
2059 535 2345 591 diuturno
2373 535 2580 591 labore
2606 541 2729 591 no'n
2749 535 2936 591 valuit
2959 536 3263 605 edomare,
3310 551 3504 610 quan-

1855 625 2055 696 doque
2084 624 2360 680 facillime
2391 629 2696 697 expugnat
2728 625 2961 681 astutia.
3009 629 3137 681 Non
3182 625 3364 697 igitur
3391 627 3504 684 mi-

1854 731 2011 782 rum,
2035 715 2082 769 si
2114 714 2292 770 etiam
2321 714 2472 786 ipse,
2515 718 2724 769 contra
2765 714 2932 785 pium
2975 715 3267 770 Caesarem
3315 716 3504 788 impia

1856 803 2175 859 meditatus
2208 818 2462 874 eumque
2503 801 2852 858 rebellando
2881 817 3222 873 aggressus,
3253 819 3323 860 ac
3352 804 3502 861 forte

1853 893 1987 965 ipsa
2015 893 2116 948 illa
2144 893 2273 962 ejus
2303 890 2568 965 bogitate
2601 891 2884 956 conﬁsus,
2917 897 3163 963 propter
3208 907 3392 964 quam
3422 893 3502 948 ad

1855 981 2176 1054 imperium
2213 984 2453 1036 evectus
2481 980 2695 1046 fuerat,
2729 996 2852 1036 non
2885 985 2976 1036 est
3018 981 3334 1038 frustratus
3373 996 3501 1036 suae

1854 1071 2176 1126 voluntatis
2193 1069 2523 1141 proposito.
2548 1071 2697 1125 Sunt
2720 1075 2922 1125 autem
2941 1069 3046 1142 qui
3071 1069 3276 1126 dicant
3306 1069 3505 1126 occul-

1855 1159 2106 1216 tioribus
2130 1157 2444 1229 sortilegiis
2463 1158 3052 1231 divinationibusque
3077 1159 3501 1230 superstitiosis

1855 1265 1925 1306 ac
1955 1248 2195 1304 nefariis
2223 1247 2541 1320 praestigiis
2559 1247 2689 1317 jam
2709 1247 2942 1319 pridem
2963 1248 3043 1304 ad
3065 1248 3183 1304 hoc
3207 1248 3388 1304 fuisse
3414 1249 3502 1306 in-

1852 1338 2131 1393 vitatum.
2169 1339 2235 1392 Et
2263 1336 2358 1392 ille
2385 1336 2654 1408 quidem,
2693 1336 3018 1408 praeclarus
3057 1337 3279 1393 scilicet
3306 1338 3498 1394 Theo-

1853 1425 2370 1494 dosius,abdicato
2393 1430 2625 1498 sceptro
2645 1425 2964 1496 imperium
2985 1425 3288 1482 dimittens
3309 1427 3500 1498 (quod

1854 1516 2084 1572 utinam
2113 1529 2236 1570 non
2262 1514 2608 1583 contigisset
2629 1515 2668 1585 l)
2697 1514 3109 1570 ecclesiasticis
3156 1515 3498 1572 ministeriis

1853 1604 2244 1676 semetipsum
2273 1603 2600 1669 dedicavit;
2631 1605 2743 1658 Leo
2763 1618 2906 1659 vero
2926 1607 3253 1676 postquam
3272 1605 3502 1676 accepit

1850 1708 2127 1763 regnum,
2157 1692 2371 1756 furere,
2409 1691 2594 1747 eheul
2628 1690 2919 1747 adversus
2963 1707 3170 1748 sacras
3199 1692 3498 1763 imagines

1852 1782 2050 1854 cmpit,
2066 1781 2184 1836 sive
2213 1781 2379 1852 quod
2400 1780 2614 1836 eodem
2634 1779 2860 1846 recidit,
2885 1781 3174 1837 adversus
3201 1784 3408 1848 Deum,
3423 1799 3514 1839 ne.

1853 1886 1976 1926 non
1993 1868 2416 1941 adimplevisse
2445 1869 2740 1924 diceretur
2766 1869 2932 1942 quod
2955 1870 3195 1926 vatibus
3221 1872 3346 1927 suis
3365 1887 3501 1944 pro-

1852 1960 2117 2022 miserat,
2130 1960 2236 2015 sed
2255 1959 2527 2015 debitum
2545 1957 2797 2014 ﬁdeliter
2821 1959 3174 2030 persolvisse
3196 1959 3366 2033 quod
3385 1961 3502 2018 sub

1853 2047 2192 2106 conditione
2222 2052 2470 2103 eventus
2501 2047 2836 2103 successuri
2855 2053 3252 2105 contraxerat.

1923 2144 2013 2195 2i.
2046 2141 2324 2209 Magnum
2344 2137 2524 2208 igitur
2553 2135 2781 2192 bellum
2811 2140 3021 2192 contra
3050 2138 3238 2194 Deum
3262 2137 3499 2204 excitat,

1853 2226 2085 2284 inutilia
2113 2225 2338 2282 faciens
2374 2223 2597 2296 templa
2644 2228 2702 2280 et
2746 2223 2882 2280 loca
2923 2239 3098 2280 sacra
3129 2225 3499 2293 subvertens,

1857 2316 2158 2388 simulque
2177 2315 2256 2372 ad
2270 2313 2506 2370 divinas
2524 2313 2821 2383 imagines
2841 2312 3174 2370 abolendas
3187 2318 3248 2370 et
3255 2315 3506 2371 combu-

1855 2405 2075 2462 rendas
2099 2408 2223 2459 tota
2249 2403 2307 2457 vi
2335 2400 3077 2472 consurgens,deformem
3096 2403 3344 2459 omnino
3373 2404 3505 2459 red-

1857 2494 1963 2561 dit,
1995 2493 2194 2566 potius
2223 2492 2494 2556 dixerim,
2529 2489 2759 2546 subruit
2797 2490 2898 2545 Dei
2939 2490 3283 2556 Ecclesiam,
3315 2506 3504 2563 quam

1857 2585 1984 2657 ipse
2013 2588 2327 2654 assumpta
2350 2579 2722 2637 humanitate
2747 2579 3040 2644 fundavit,
3070 2595 3255 2652 quam
3276 2596 3505 2652 praeco-

1857 2688 1966 2729 nes
1987 2672 2119 2742 ejus
2148 2670 2434 2727 divinitus
2461 2669 2647 2726 afﬂati
2690 2668 3287 2731 circummunierunt.
3315 2685 3504 2742 quam

1858 2766 2154 2832 martyres
2198 2775 2408 2815 cruore
2452 2774 2566 2814 suo
2609 2762 3008 2830 purpuratam
3039 2757 3504 2828 illustraverunt,

1859 2867 2046 2924 quam
2076 2849 2265 2905 sancti
2298 2851 2498 2904 Patres
2520 2852 2811 2917 tanquam
2834 2846 3098 2901 turribus
3119 2846 3200 2902 ad
3226 2849 3508 2906 securita-

1859 2944 1977 2995 tem
1998 2939 2360 3009 comparatis
2382 2935 2698 3001 vallarunt,
2711 2949 2897 3005 quam
2917 2933 3178 3005 denique
3199 2937 3356 2990 Deus
3377 2936 3507 3008 ipse

1859 3034 1918 3085 et
1943 3032 2113 3084 Pater
2139 3028 2201 3083 in
2230 3026 2434 3099 palma
2463 3040 2681 3081 manus
2719 3038 2842 3080 sua;
2873 3023 3041 3092 gerit,
3075 3022 3202 3079 Filii
3228 3028 3286 3079 et
3330 3025 3507 3082 Verbi

1860 3118 1950 3174 sui
1994 3116 2286 3186 sanguine
2325 3113 2722 3185 redemptam,
2756 3117 2813 3168 et
2857 3111 3101 3168 divinus
3140 3113 3390 3183 Spiritus
3433 3130 3508 3170 ex

1861 3213 2028 3266 Patre
2051 3203 2430 3261 indicibiliter
2457 3201 2809 3275 procedens,
2843 3201 2997 3257 sicut
3016 3205 3073 3257 et
3101 3202 3361 3258 Verbum
3379 3219 3511 3261 mo-

1860 3299 1942 3354 do
1968 3295 2239 3369 quodam
2269 3310 2305 3350 a
2335 3292 2500 3349 nulla
2541 3291 2771 3348 ratione
2817 3290 3388 3362 comprehendendo
3435 3309 3510 3349 ex

1861 3387 2076 3446 eodem
2111 3389 2275 3441 Patre
2303 3386 2636 3452 generatur.
2671 3383 2889 3437 Contra
2916 3380 3074 3436 hanc
3101 3381 3450 3446 Ecclesiam,
3472 3399 3510 3440 o

1863 3475 2156 3548 grandem
2179 3471 2538 3529 audaciam!
2579 3486 2617 3525 o
2660 3470 3044 3524 temerariam
3088 3471 3510 3542 prassumptio-

1862 3566 2032 3621 nem!
2057 3561 2426 3637 perniciosus
2444 3559 2539 3615 ille
2560 3559 2776 3631 pedem
2799 3558 3033 3624 extulit;
3050 3563 3351 3615 ettantum
3371 3559 3514 3616 faci-

1864 3671 1980 3710 nus
2012 3653 2273 3718 molitus,
2295 3667 2332 3705 o
2355 3649 2454 3706 Dei
2470 3648 2699 3720 judicia
2724 3648 2734 3702 !
2761 3648 2841 3704 ad
2868 3647 3054 3703 ﬁnem
3077 3649 3246 3719 quod
3268 3648 3513 3706 volebat

1865 3742 2160 3815 perduxit,
2192 3739 2491 3813 quidquid
2549 3737 2753 3794 animo
2801 3736 3102 3792 volutarat
3147 3736 3510 3809 adimplens.

1864 3836 2043 3888 Erant
2071 3846 2215 3900 ergo
2261 3846 2356 3886 res
2405 3834 2626 3884 nostra:
2673 3826 2849 3898 quasi
2903 3841 3174 3896 campus,
3208 3830 3275 3880 ut
3318 3827 3509 3896 ajunt,

1862 3926 2200 3988 ventorum,
2222 3918 2315 3974 vel
2333 3916 2569 3974 arundo
2589 3915 2666 3971 ad
2697 3929 2910 3970 auram
2934 3928 3108 3969 versa
3130 3912 3511 3986 inversaque,

1865 4018 1969 4067 aut
1986 4007 2310 4078 virgultum
2340 4013 2516 4062 tenue
2534 4003 2769 4060 levibus
2792 4018 2864 4058 ac
2906 4001 3193 4059 brevibus
3235 4002 3513 4059 innixum

1863 4097 2185 4166 radicibus,
2219 4101 2279 4152 et
2303 4109 2670 4168 quocunque
2697 4091 2938 4148 libuerit
2965 4091 3153 4146 cuivis
3200 4090 3420 4147 ductile
3456 4097 3515 4149 et

1865 4191 2021 4246 ﬂecti
2045 4186 2236 4243 facile.
2255 4184 2544 4258 Equidem
2572 4197 2696 4238 non
2735 4196 2947 4238 omnes
2994 4196 3236 4246 accuso,
3275 4181 3381 4238 sed
3407 4198 3515 4254 po.

1865 4278 1981 4334 tius
2009 4275 2309 4349 plerisque
2339 4272 2698 4328 advocatum
2728 4284 2824 4324 me
2852 4271 3266 4341 opportunum
3302 4268 3510 4336 offero,

1867 4367 2018 4422 sicut
2056 4379 2215 4420 unus
2262 4379 2336 4420 ex
2381 4357 2821 4432 antiquioribus
2865 4357 3032 4413 dixit.
3090 4356 3222 4413 Vidi
3268 4358 3512 4426 etenim,

1865 4456 1989 4512 vidi
2017 4454 2203 4528 (quod
2233 4453 2463 4508 utinam
2493 4465 2617 4505 non
2640 4448 2930 4504 vidissem
2955 4447 2995 4518 !)
3023 4447 3204 4503 etiam
3232 4461 3345 4517 ego
3373 4446 3519 4504 talia

1869 4553 1924 4602 et
1945 4547 2009 4602 in
2039 4543 2261 4600 similia
2289 4548 2584 4612 tempora,
2613 4553 2725 4610 pro
2751 4536 2960 4593 dolor!
2992 4535 3196 4602 incidi,
3245 4541 3426 4608 atque
3453 4537 3518 4593 in

1865 4639 2106 4692 noctem
2141 4628 2492 4702 hujusmodi
2534 4626 2797 4684 tenebris
2825 4625 3176 4682 obvolutam
3203 4625 3516 4682 insumus

1867 4724 2126 4796 graviter
2153 4719 2395 4785 offendi,
2419 4716 2967 4774 immedicabilibus
2993 4731 3150 4788 pene
3165 4714 3516 4772 vulneribus

1868 4869 2023 4933 nico,
2057 4882 2093 4922 a
2121 4880 2244 4937 quo
2264 4861 2524 4934 denique
2554 4860 2746 4940 factus
2777 4861 2868 4913 est
2886 4856 3189 4938 logotheta
3217 4855 3376 4910 circa
3404 4869 3516 4910 an-

1869 4955 2018 4994 num
2052 4939 2206 4992 1294.
2243 4934 2340 4990 Vel
2372 4931 2561 5002 (quod
2589 4936 2790 5002 potius
2820 4923 3516 5002 crediderim)_dolet_ob_

1870 4955 2018 4994 num
2052 4949 2206 4992 1294.
2247 4949 2340 4990 νει
2372 4949 2561 5005 (quoa
2589 4949 2790 5002 ponus
2820 4949 3197 4996 creuluerlm)
3245 4949 3408 5005 ᾳυιεει
3437 4949 3516 5005 sui

1870 5026 2006 5084 eam
2028 5007 2566 5084 divisionem,_qua
2615 5001 2739 5084 sub
2759 4996 3519 5084 andronicoﬂsohi‘smatici

1869 5082 1983 5152 ipsi
2007 5078 2182 5152 divisi
2201 5071 2881 5152 fueruntinlosephitas
2897 5074 2955 5125 et
2972 5071 3349 5152 Arsenianos?
3373 5079 3522 5152 quo-

1871 5136 2006 5207 r'um
2035 5151 2097 5206 hi
2128 5148 2411 5220 severius,
2445 5146 2540 5200 isti
2566 5136 2901 5220 benegnius
2925 5140 3026 5220 agi
3073 5136 3352 5220 volebant
3375 5136 3521 5220 eum

1871 5223 1941 5278 iis
1961 5222 2065 5294 qui
2090 5219 2297 5294 unioni
2331 5207 2614 5294 Romamn
2643 5207 2855 5294 (quam
2877 5207 3520 5294 utriquqdetesmban-

1871 5279 2470 5364 tur)‘renu_n_tiarant;
2505 5285 2579 5364 de
2622 5279 2857 5364 quibus
2889 5279 3051 5364 idem
3094 5279 3521 5364 Parchvmeres

1871 5349 2042 5436 parte
2070 5379 2130 5428 ιι,
2162 5361 2329 5436 lib._1,
2358 5349 2491 5430 cap.
2521 5349 2677 5436 alet
2702 5357 2796 5436 22.¹
2826 5352 2941 5436 Sed
2970 5356 3028 5436 et
3069 5351 3187 5436 alia
3234 5349 3521 5436 deinceps

1873 5421 2199 5490 schismata
2228 5421 2404 5504 plura
2434 5421 2805 5483 ‘exstiterunt
2851 5421 3524 5549 Constantinopoli,ager

1873 5508 2094 5549 inciam
2129 5505 2223 5549 Πρί
2248 5499 2720 5549 retributionem.
2751 5500 2818 5549 ut
2850 5511 2961 5549 nec
3007 5507 3294 5549 unlonem
3341 5493 3381 5548 h
3468 5508 3524 5548 e—

1867 5508 2095 5578 justam
2127 5493 2720 5578 Dei-retributionem,
2745 5500 2819 5578 ut
2850 5511 2961 5578 nec
3007 5494 3294 5578 unionem
3341 5493 3524 5549 habe—

1872 5566 2005 5634 i‘ent
2045 5577 2196 5633 inter
2226 5590 2289 5629 se
2324 5572 2428 5646 qui
2474 5567 2763 5626 nolebant
2804 5566 3029 5624 habere
3070 5581 3211 5622 cum
3251 5566 3526 5620 Romana

1874 5648 2157 5706 Ecclesia.
