4032 6308
529 299 632 358 839

1725 287 1859 343 CON
1867 285 2153 343 STANTl-N

2266 282 2516 359 tenero
2524 282 2692 338 LlT/E
3793 290 3891 345 sm

531 418 871 478 confossus.
901 418 1016 476 Sed
1047 433 1154 475 oro
1181 420 1245 473 ut
1269 415 1610 474 animorum
1639 413 1695 467 et
1724 425 2046 483 corporum
2077 425 2152 466 cu

2293 423 2392 457 των
2435 406 2662 476 ἰάσαιτο,
2706 409 2796 456 καί
2851 404 2942 464 τὰς
2999 411 3099 456 τῶν
3155 404 3423 477 μωλώπων
3479 405 3681 461 ἐκείνων
3738 408 3889 472 οὐλὰς

533 513 696 566 rator
721 512 872 565 Deus
897 507 1208 564 medeatur
1235 504 1400 570 mihi,
1448 503 1820 573 istorumque
1867 499 2178 555 verberum

526 598 744 655 livores
773 597 1010 654 aboleat
1030 595 1326 666 benignus
1352 592 1621 649 medicus
1650 595 1990 661 nostraque
2018 587 2176 644 inﬁr-

530 687 750 745 mitatis
774 686 1116 742 misericors
1136 689 1464 757 reparator.
1491 681 1604 738 Sed
1635 679 1899 750 agedum
1935 677 2012 734 ad
2044 694 2178 750 pro-

529 776 662 848 pria
689 779 1016 832 revertatur
1041 774 1233 831 oratio
1259 778 1314 830 et
1355 769 1767 844 superioribus
1815 783 2057 824 rursum
2084 767 2172 824 in-

526 865 715 921 sistat.

596 987 683 1036 22.
715 980 989 1038 Subversi
1006 981 1229 1038 fuimus
1250 997 1287 1037 a
1306 978 1490 1048 malo,
1504 976 1736 1034 malum
1761 975 1822 1032 in
1848 991 1945 1031 res
1961 973 2172 1030 huma-

520 1087 634 1128 nas
653 1071 1010 1144 divinasque
1028 1075 1360 1145 usurpante
1376 1067 1697 1141 imperium
1722 1084 1734 1121 :
1758 1066 1862 1138 qui
1883 1079 2022 1120 vero
2041 1064 2172 1120 haec

521 1165 864 1218 restaurans
884 1161 963 1218 ad
982 1162 1301 1234 pristinam
1321 1159 1633 1215 reduceret
1658 1154 2055 1224 integritatem
2079 1153 2168 1208 in-

519 1249 871 1306 veniebatur
881 1265 1078 1317 nemo,
1097 1249 1302 1306 omnia
1323 1253 1525 1304 autem
1543 1241 2166 1316 adimpossibilitatem

520 1338 1126 1410 desperationemque
1147 1343 1474 1393 extremam
1496 1332 1856 1390 reciderant:
1881 1346 2026 1386 nam
2043 1346 2168 1386 ma-

519 1441 674 1496 gnus
693 1429 969 1493 Joannes,
989 1427 1092 1498 qui
1113 1430 1235 1482 tam
1265 1426 1518 1480 densam
1551 1420 1872 1494 impietatis
1894 1419 2166 1476 domina-

517 1515 677 1572 tricis
695 1519 933 1571 noctem
954 1519 1186 1588 poterat
1208 1513 1568 1578 illuminare,
1601 1511 1822 1566 absens
1843 1510 1903 1564 in
1926 1507 2164 1564 Perside

515 1601 760 1658 vivebat
779 1602 1083 1667 Damasci;
1115 1605 1171 1657 et
1191 1601 1294 1673 qui
1315 1615 1451 1655 vere
1474 1604 1678 1654 noster
1698 1601 1824 1653 erat
1839 1610 2162 1666 rerumque

515 1695 857 1746 nostrarum
877 1690 1056 1746 etiam
1077 1689 1290 1745 exinde
1315 1688 1589 1761 provisor
1634 1684 2162 1757 circumspectissi-

2291 491 2616 565 ἀπαλείψειεν
2656 495 2682 545 ὁ
2723 493 3082 566 φιλάνθρωπος
3137 491 3394 567 ἀκέστωρ,
3435 499 3524 547 καὶ
3581 504 3672 556 τῆς
3712 499 3884 570 ἡμετέ-

2286 602 2381 656 ρας
2436 582 2703 644 ἀσθενείας
2755 583 3036 655 οἰκτίρμων
3099 584 3439 655 θεραπευτής.
3497 584 3556 636 Ὁ
3613 582 3675 638 δὲ
3723 585 3882 656 λόγος,

2285 675 2397 744 οἶγε,
2440 683 2540 726 τῶν
2578 678 2838 749 προτέρων
2877 674 3106 747 ἐχέσθω,
3147 678 3237 726 καὶ
3275 673 3564 746 ἐπειλὴφθω
3604 671 3756 738 αὖθις
3794 687 3886 728 τῶν

2284 764 2496 819 ἄνωθεν.

2352 966 2459 1040 κβ.
2503 967 2796 1042 Ἀνετράπη
2855 970 2945 1040 μὲν
2999 969 3098 1020 ύπό
3151 974 3244 1020 τοῦ
3301 975 3465 1020 κακοῦ
3517 978 3696 1030 κακῶς
3735 969 3888 1042 βασι·

2279 1055 2554 1119 λεύσαντος
2593 1059 2659 1109 τὰ
2702 1059 2814 1110 θεῖοί
2849 1075 2902 1110 τε
2959 1061 3048 1108 καὶ
3106 1059 3330 1130 ἡμέτερα
3365 1078 3378 1090 ·
3419 1059 3445 1109 ὁ
3486 1054 3537 1110 δ’
3577 1057 3884 1117 ἀναστήσων

2281 1145 2309 1203 ἦ
2370 1145 2677 1220 ἀνορθώσων
2733 1142 2817 1214 ἦν,
2875 1149 2942 1208 ὡς
3000 1144 3381 1217 ἔφην,⁶.ούδείς
3421 1168 3434 1180 ·
3488 1149 3664 1199 πάντα
3735 1144 3786 1200 δ’
3841 1147 3882 1199 ἐν

2279 1233 2541 1307 ἀμηχανῳ
2579 1237 2936 1302 καθειστήκει,
2977 1238 3066 1287 καὶ
3102 1233 3154 1286 ἐν
3194 1234 3371 1308 ἀπόρῳ
3409 1239 3475 1288 τά
3511 1244 3606 1288 τοῦ
3643 1238 3886 1311 πράγμα-

2277 1341 2360 1382 τος
2397 1328 2732 1389 κατηντὴκει,
2788 1329 2878 1399 καὶ
2929 1326 2996 1375 τὰ
3049 1331 3148 1384 τῶς
3207 1320 3533 1396 διορθώσεως
3573 1325 3886 1388 ἁπαξαπλῶς

2277 1410 2649 1486 ἀπηγορεύετο.
2689 1413 2747 1466 Ὀ
2784 1416 2885 1486 γὰρ
2939 1421 3030 1473 τῆς
3079 1412 3320 1473 ἀσεϐείας
3377 1418 3617 1487 φωστὴρ,
3659 1417 3686 1466 ὁ
3729 1419 3886 1486 μέγας

2278 1491 2530 1571 Ἰωάννης,
2591 1502 2642 1553 ἐν
2699 1508 2961 1573 Δαμασκῷ
3019 1506 3108 1554 καὶ
3166 1498 3392 1575 Περσίδι
3441 1499 3620 1574 διῆγε,
3678 1507 3771 1554 καὶ
3811 1502 3882 1555 £1."

2275 1587 2576 1650 ἀλλοδαπῆς
2629 1590 2914 1662 ἐτύγχανεν
2971 1591 3039 1641 ὢν
3079 1591 3105 1641 ὁ
3144 1587 3418 1662 ύμιδαπός
3476 1590 3732 1657 ἀλεηθώς,
3797 1597 3885 1645 καὶ

2270 1685 2370 1728 τῶν
2445 1681 2699 1751 ἡμετέρων
2775 1680 3009 1731 κάκεῖθεν
3085 1674 3328 1750 κηδεμὼν
3411 1682 3882 1752 προμηθέστατος.

515 1794 671 1850 mus,
686 1779 748 1834 in
774 1778 968 1835 aliena
1005 1777 1494 1834 commorabatur
1512 1777 1773 1848 regione.
1800 1773 1952 1840 Quid
1972 1787 2113 1843 ergo
2132 1771 2153 1825 ‘l

2271 1766 2433 1820 Ἀλλά
2486 1772 2537 1819 τί
2589 1775 2714 1839 γοῦν
2763 1787 2776 1835 ;
2835 1771 2894 1820 τὸ
2953 1767 3070 1820 καθ’
3134 1769 3290 1820 αὑτὸν
3350 1765 3457 1820 ἐκιῖ
3502 1770 3744 1843 στέρξας,
3787 1779 3885 1822 τῶν

516 1882 596 1922 an
621 1867 886 1923 sumistic
907 1867 1152 1923 studens
1173 1866 1402 1922 utilitati
1410 1881 1534 1937 ,res
1556 1881 1692 1937 quae
1713 1864 1810 1919 hic
1837 1867 2022 1929 erant,
2052 1877 2160 1933 pu-

511 1954 702 2012 blicas
718 1956 974 2027 neglexit
995 1957 1022 2012 ?
1045 1956 1278 2012 Minime
1294 1970 1455 2012 vero.
1482 1955 1641 2011 Sicut
1660 1952 1819 2009 enim
1843 1951 1960 2008 loci
1979 1951 2156 2007 alicu-

510 2044 610 2115 jus
629 2044 913 2114 indigena
942 2049 998 2100 et
1039 2049 1271 2103 amator
1307 2044 1369 2099 in
1405 2043 1601 2099 alieno
1630 2041 1982 2098 constitutus
2008 2039 2157 2108 solo,

511 2131 717 2206 ibique
732 2133 986 2204 negotiis
1001 2134 1122 2189 suis
1139 2131 1422 2190 curandis
1439 2131 1773 2198 intendens,
1789 2129 1978 2185 sicubi
1997 2127 2162 2184 intel-

510 2221 719 2279 lexerit
735 2239 830 2280 res
845 2225 1050 2295 patriae
1068 2227 1280 2296 praeter
1299 2222 1485 2278 animi
1507 2221 1598 2276 sui
1618 2224 1825 2276 votum
1847 2219 1964 2289 agi,
1979 2217 2161 2273 etiam

513 2326 544 2366 e
567 2311 898 2384 longinquo
913 2311 1125 2368 iisdem
1147 2310 1404 2368 consulit
1421 2309 1706 2377 studiose,
1729 2323 1852 2363 non
1873 2307 1998 2362 sine
2019 2321 2160 2362 con-

513 2399 850 2455 turbatione
872 2403 1052 2471 atque
1075 2399 1370 2454 anxietate
1386 2397 1632 2470 propria
1655 2413 1666 2450 :
1697 2397 1781 2451 sic
1813 2410 2058 2467 quoque
2079 2393 2162 2448 vir

510 2486 607 2543 hic
627 2487 890 2554 divinus,
914 2488 1117 2544 animo
1135 2487 1381 2560 quidem
1405 2490 1820 2542 consternatus
1843 2489 1931 2540 est
1959 2483 2160 2539 statim

511 2579 691 2647 atque
716 2575 776 2631 id
800 2576 1046 2645 contigit
1074 2580 1130 2632 et
1161 2575 1409 2631 internis
1448 2573 1713 2630 motibus
1747 2571 2155 2639 conturbatus,

509 2669 710 2720 tamen
737 2665 974 2720 Domini
1005 2666 1096 2720 sui
1120 2665 1523 2722 haereditatem
1549 2663 1724 2721 anxie
1749 2679 1988 2730 curans,
2020 2677 2158 2718 con-

510 2753 692 2810 suluit
713 2754 940 2826 populo
973 2754 1323 2823 Christiano,
1359 2759 1416 2810 et
1450 2753 1851 2826 frequentium
1881 2752 2158 2824 epistola~

505 2857 642 2898 rum
666 2841 990 2914 scriptione
1029 2843 1260 2900 curavit
1287 2842 1512 2916 ubique
1541 2841 1822 2898 omnibus
1843 2845 2054 2897 notum
2073 2839 2156 2896 fa-

506 2946 638 2987 cere
657 2947 940 3001 errorem,
960 2931 1339 2988 manifestare
1355 2931 1776 3004 corruptelam,
1793 2931 1924 2987 etin
1940 2930 2158 2986 demis-

506 3037 572 3079 so
589 3023 666 3078 ad
684 3023 1025 3080 animarum
1039 3023 1360 3096 perniciem
1378 3023 1563 3079 homo
1583 3022 1943 3079 occultatam
1955 3037 2155 3078 escam

2268 1853 2399 1928 τῇδε
2455 1861 2544 1908 καὶ
2599 1865 2784 1909 κοινῶν
2851 1855 3228 1929 κατημέλησε;
3274 1857 3470 1910 Πολλοῦ
3527 1877 3588 1928 γε
3643 1865 3742 1911 καὶ
3783 1856 3884 1913 δεῖ.

2267 1952 2350 2005 «Ως
2387 1947 2487 2020 γάρ
2529 1965 2608 2007 τις
2650 1946 2930 2017 αὐτόχθων
2969 1964 3025 1998 τε
3073 1950 3164 1998 καὶ
3215 1944 3538 2018 φιλόπατρις,
3594 1945 3674 1998 ἐπ’
3734 1947 3888 2000 ἀλλο-

2267 2038 2412 2106 τρίας
2451 2039 2735 2106 γενόμενος,
2777 2039 2867 2086 καὶ
2921 2043 3018 2087 τῶν
3081 2031 3229 2087 ἰδίων
3287 2031 3440 2097 αὖθις
3486 2037 3803 2108 φροντίζων,
3845 2040 3888 2089 εἰ

2268 2142 2379 2184 πως
2435 2120 2502 2182 δὴ
2563 2127 2628 2175 τὰ
2683 2123 2733 2176 ἐν
2788 2131 2850 2196 τῇ
2905 2121 3124 2196 πατρίδι
3182 2129 3254 2196 μὴ
3315 2126 3384 2186 ὡς
3437 2122 3699 2196 βουλητὸν
3741 2128 3882 2196 ἔχειν

2271 2210 2508 2264 ἀκούσειε
2546 2212 2664 2284 (κᾶν
2702 2215 2846 2285 παρά
2882 2217 2977 2271 τὴν
3017 2210 3241 2286 καρδίαν
3305 2214 3483 2276 πείθοι,
3544 2218 3637 2266 καὶ
3697 2213 3884 2284 σκέψει

2269 2309 2368 2352 τῶν
2423 2301 2683 2374 λογισμῶν
2741 2298 2965 2370 ἐνδοίη),
3019 2300 3120 2354 κάκ
3179 2310 3270 2362 τῆς
3328 2297 3628 2365 ἀλλοδαπῆς
3686 2322 3745 2355 τε
3793 2308 3882 2356 καὶ

2269 2389 2529 2464 πόρρωθεν
2566 2396 2684 2466 περὶ
2720 2399 2818 2442 τῶν
2856 2390 2905 2443 ἓν
2947 2399 3056 2452 τοῖς
3096 2387 3259 2452 ἰδίοις
3298 2390 3358 2442 ἂν
3399 2387 3734 2462 διασκίψατο
3759 2413 3773 2424 ·
3815 2395 3880 2452 ως

2271 2474 2329 2531 δὲ
2385 2485 2475 2531 καὶ
2532 2482 2556 2530 ὁ
2618 2482 2750 2540 θειος
2806 2481 2952 2540 οὗτος
3011 2478 3138 2553 ἀνὴρ
3201 2478 3448 2552 βάλλεται
3501 2485 3596 2539 τὴν
3647 2477 3877 2553 καρδίαν

2268 2567 2460 2620 αὐτίκα
2496 2576 2566 2620 τῶ
2609 2567 2889 2641 συμϐάντι,
2939 2571 3248 2622 παθαίνεται
3303 2573 3398 2627 τὴν
3452 2568 3663 2640 ψυχὴν,
3716 2567 3881 2628 κήδε-

2267 2675 2353 2708 ται
2390 2664 2481 2709 τοῦ
2522 2659 2660 2710 θείου
2712 2657 2933 2730 λάχους,
2994 2665 3286 2733 προνοεῖται
3344 2665 3436 2710 τοῦ
3490 2663 3874 2732 Χριστωνόμου

2267 2745 2409 2812 λαοῦ,
2440 2752 2528 2799 καὶ.
2568 2755 2784 2818 συχνοῖς
2820 2750 2954 2800 πάνυ
2984 2754 3092 2808 τοῖς
3128 2750 3406 2820 γράμμασι
3443 2753 3578 2800 πᾶσι
3616 2757 3869 2818 πανταχῆ

2267 2837 2331 2886 τά
2367 2843 2464 2897 τῆς
2500 2835 2698 2898 πλιίνης
2737 2835 3095 2912 ἀναγνωρίζει,
3138 2842 3228 2889 καὶ
3272 2839 3338 2888 τὰ
3394 2844 3491 2898 τῆς
3547 2838 3712 2908 λύμης
3754 2832 3877 2888 δια-

2268 2931 2438 2996 σαφεῖ,
2505 2928 2562 2977 τό
2621 2945 2682 2997 γε
2737 2923 3141 3000 ἐγκεκρυμμένον
3209 2921 3390 2998 δέλεαρ
3456 2933 3529 2995 τῷ
3581 2927 3873 2996 καθιεμένῳ

2265 3016 2399 3065 κατά
2437 3021 2538 3064 τῶν
2576 3012 2768 3086 ψυχῶν
2809 3013 3078 3089 ἀγκίστρῳ
3118 3021 3276 3067 πᾶσιν
3329 3013 3415 3066 ὑπ’
3462 3013 3581 3084 ὄψιν
3620 3015 3738 3085 ἄγει
3780 3019 3874 3066 καὶ

505 3111 618 3168 sub
639 3117 1034 3184 conspectum
1077 3111 1398 3168 adducere.
1451 3114 1619 3168 Forte
1667 3112 1849 3167 etiam
1891 3125 2153 3182 praesens

2268 3098 2522 3160 διάδηλον
2560 3104 2768 3160 τίθησι.
2816 3106 2976 3175 Τάχα
3013 3100 3066 3154 δ’
3105 3101 3165 3154 ἆν
3203 3107 3294 3155 καὶ
3331 3108 3442 3163 τοῖς
3481 3099 3663 3154 ἐνθαδί
3699 3103 3873 3177 πρού-

501 3199 855 3257 intervenire
881 3201 1068 3258 voluit
1088 3201 1159 3256 iis
1187 3217 1325 3273 quae
1355 3201 1452 3256 hic
1481 3200 1833 3272 agebantur,
1861 3205 1918 3256 et
1937 3199 2154 3256 nostris

502 3289 944 3346 calamitatibus
971 3305 1176 3346 coram
1201 3289 1500 3361 opitulari,
1520 3290 1722 3361 ipsum
1743 3291 2039 3346 Caesarem
2063 3304 2153 3344 re-

501 3377 854 3447 darguendo
870 3378 1045 3448 juxta
1073 3383 1428 3434 consuetum
1453 3378 1567 3433 sibi
1604 3377 1818 3445 zelum,
1848 3377 2040 3434 multa
2065 3376 2150 3433 lo-

499 3465 726 3538 quendi
745 3465 1010 3522 libertate
1023 3467 1336 3538 praeditum
1356 3485 1368 3534 ;
1392 3466 1604 3533 zelum,
1621 3467 1891 3538 inquam,
1905 3467 2151 3537 igneum

498 3569 610 3626 pro
631 3554 768 3624 Deo,
792 3554 929 3610 Eliae
959 3553 1187 3620 instar;
1217 3559 1272 3610 et
1309 3555 1510 3627 posita
1524 3556 1698 3626 juxta
1720 3554 2095 3611 Psalmistam
2129 3556 2144 3589 ¹

496 3642 810 3715 iniquitate
839 3643 969 3714 ejus
997 3643 1058 3699 iu
1091 3649 1418 3717 conspectu
1451 3645 1600 3716 ejus,
1651 3659 1922 3700 coercere
1963 3645 2149 3716 impe-

497 3736 626 3788 tum
688 3731 1087 3788 multitudinis
1125 3733 1439 3806 imperitae,
1490 3738 1545 3788 et
1596 3738 1894 3807 quatenus
1940 3738 2148 3805 posset

494 3821 696 3894 ipsam
721 3820 976 3878 erudire.
1011 3823 1431 3879 Verumtamen
1457 3821 1681 3878 absens
1709 3822 1837 3894 (ubi
1859 3827 2060 3879 autem
2089 3826 2148 3877 et

494 3910 804 3983 quomodo
828 3910 1093 3968 diximus
1125 3911 1335 3984 supra)
1379 3911 1722 3968 istiusmodi
1767 3912 2144 3984 propositum

492 4014 616 4056 non
646 4003 878 4072 poterat
901 3999 1073 4056 facile
1098 4001 1463 4058 exsecutioni
1482 4000 1806 4068 mandare;
1841 3999 1970 4054 aliis
2000 4014 2142 4069 ergo

491 4088 690 4145 modis
712 4088 977 4145 debitum
1000 4092 1120 4146 Deo
1141 4090 1502 4162 obsequium
1517 4089 1855 4162 persolvere
1871 4087 2139 4161 cupiens,

491 4193 984 4250 quaquaversum
1015 4193 1157 4235 suas
1181 4178 1392 4234 direxit
1421 4177 1726 4250 epistolas,
1755 4177 1978 4249 quibus
2009 4193 2140 4234 mo-

489 4265 674 4321 nebat
701 4265 850 4321 ritus
881 4265 1109 4338 priores
1142 4282 1455 4338 capessere
1486 4271 1543 4322 et
1570 4266 1778 4339 patriis
1803 4264 2038 4335 legibus
2069 4282 2140 4322 ac

490 4352 880 4424 religionibus
907 4353 1218 4411 inhaerere.
1244 4357 1358 4410 Has
1388 4359 1588 4411 autem
1616 4353 1896 4427 epistolas
1933 4354 2012 4410 ad
2037 4369 2139 4411 eos

2265 3191 2541 3262 τεθύμητο,
2585 3193 2650 3251 ὡς
2686 3195 2777 3242 καὶ
2815 3193 3112 3264 παράνομον
3153 3187 3412 3262 διελέγξαι
3455 3189 3698 3262 βασιλέα,
3733 3192 3875 3242 κατὰ

2265 3281 2350 3330 τὸν
2388 3279 2543 3331 πολύν
2584 3285 2677 3337 τὴν
2716 3279 3014 3354 παρρησίαν
3067 3285 3157 3332 καὶ
3208 3283 3295 3331 τὸν
3348 3281 3474 3354 ύπερ
3522 3286 3655 3333 Θεοῦ
3705 3279 3870 3338 ζῆλον

2263 3365 2538 3442 ἐμπύρινον
2606 3367 2779 3421 Ἠλίου
2828 3389 2841 3403 ο
2911 3374 3001 3421 καὶ
3065 3373 3420 3444 παραστήσας
3472 3371 3660 3438 τούτῳ,
3727 3371 3874 3420 κατὰ

2260 3460 2346 3509 τὸν
2387 3453 2696 3530 Ψαλμῳδόν,
2737 3462 2831 3516 τὴν
2887 3457 3100 3529 ἀνομίαν
3151 3458 3308 3510 αὐτοῦ
3366 3459 3503 3509 κατὰ
3557 3462 3866 3531 πρόσωπον,

2260 3551 2379 3599 λαόν
2416 3565 2471 3598 τε
2509 3544 2750 3600 ἀσύνετον
2806 3549 3141 3615 νουθετῆσαι,
3201 3551 3291 3599 καὶ
3338 3548 3406 3608 ὡς
3441 3545 3548 3598 ἐνὸν
3587 3542 3871 3618 παιδαγω-

2257 3643 2425 3706 γῆσαι
2477 3641 2566 3687 καὶ¹
2624 3633 3045 3709 διορθώσασθαι.
3107 3635 3245 3690 Ἀλλ’
3301 3633 3444 3687 ἀπὼν
3492 3637 3615 3705 (ὅπη
3673 3631 3733 3686 δὲ
3775 3642 3870 3689 καὶ

2258 3726 2392 3785 ὅπως
2432 3721 2931 3798 προδεδηλώκαμεν)
2987 3725 3081 3778 ούκ
3138 3725 3599 3798 εὐμεταχείριστον
3646 3720 3764 3795 εἶχε
3807 3728 3867 3777 τὸ

2256 3816 2390 3866 κατά
2451 3816 2717 3887 πρόθεσιν.
2763 3819 2961 3867 Τούτου
3021 3822 3143 3885 γοῦν
3199 3815 3346 3866 ἕνεκα
3405 3818 3618 3887 τρόποις
3682 3811 3868 3875 ἄλλοις

2257 3901 2559 3962 ἀποπλῆσαι
2599 3912 2711 3974 Θεῷ
2749 3906 2814 3956 τὰ
2862 3913 2954 3964 τῆς
3003 3903 3204 3976 ὀφειλῆς
3262 3899 3643 3956 διεσπούδακεν
3678 3923 3691 3936 ·
3732 3901 3865 3975 ἀμέ-

2253 3990 2327 4044 λει
2364 3997 2452 4045 καὶ
2487 3995 2694 4066 γραφὰς
2731 3994 3013 4064 ἀπανταχῆ
3055 3997 3338 4065 πέπομφεν,
3383 3990 3771 4044 ἀντιποιεῖσθαί
3805 4012 3863 4046 τε

2252 4089 2350 4132 τῶν
2390 4085 2648 4156 προτέρων
2687 4080 3059 4142 ἐπιταττούσας
3097 4080 3240 4152 ἐθῶν,
3283 4085 3374 4133 καὶ
3430 4088 3530 4132 τῶν
3585 4090 3861 4155 πατρικῶν

2253 4171 2455 4243 θεσμῶν
2488 4173 2578 4222 καὶ
2618 4171 2762 4223 θείων
2802 4169 3078 4243 ἐξέχεσθαι
3128 4191 3141 4204 ·
3183 4169 3242 4232 ἃς
3302 4166 3370 4227 δὴ
3420 4174 3510 4221 καὶ
3546 4170 3682 4221 πάνυ
3723 4169 3861 4222 πολ-

2248 4258 2336 4320 λὰς
2372 4265 2476 4320 τοῖς
2522 4258 2742 4312 ἐνταῦθα
2791 4256 3100 4334 διέσπειρεν,
3149 4255 3371 4332 ἀφειδῶς
3423 4261 3556 4310 πάνυ
3611 4277 3862 4312 καταπυ-

2248 4355 2468 4420 κνώσας,
2512 4354 2601 4402 καὶ
2642 4345 2880 4420 δαψιλῶς
2935 4351 3067 4420 ἄγαν
3126 4345 3518 4424 διασκορπίσας
3566 4350 3854 4410 τοσαύτας.

489 4441 595 4514 qui
619 4440 717 4535 bic
741 4441 1043 4510 degebant
1066 4442 1306 4499 mittens
1336 4442 1558 4499 multas
1596 4459 1666 4499 ac
1703 4443 1823 4498 fere
1857 4443 2137 4500 innume-

2266 4443 2352 4490 Καὶ
2389 4440 2511 4513 γὰρ,
2565 4441 2634 4499 ὡς
2688 4443 2777 4490 καὶ
2834 4443 3161 4512 κρυπτόντων
3207 4445 3308 4490 τῶν
3367 4435 3857 4509 ἀναλαμϐανόντων,

489 4527 708 4585 rabiles
737 4529 1038 4601 (quamvis
1067 4545 1169 4587 eas
1199 4535 1560 4587 conarentur
1607 4530 1872 4588 occultas
1914 4531 2138 4588 habere

488 4618 593 4692 qui
624 4617 1013 4692 recipiebant)
1041 4636 1164 4677 non
1199 4621 1390 4693 potuit
1413 4621 1650 4693 evitare,
1669 4637 1792 4694 quo
1821 4621 2023 4678 minus
2039 4638 2136 4679 ve-

487 4707 684 4764 nirent
711 4707 773 4764 in
808 4707 1082 4766 notitiam
1133 4709 1532 4782 imperatoris,
1579 4711 1828 4783 ejusque
1874 4711 2140 4768 furorem

488 4797 779 4856 adversus
812 4798 1146 4872 sapientem
1177 4799 1435 4858 scribam
1465 4800 1820 4858 suscitarent
1848 4804 1902 4857 et
1932 4805 2140 4858 contra

487 4901 850 4958 generosum
870 4887 1255 4962 palaestritam
1276 4889 1683 4957 incenderent,
1698 4889 2137 4964 suaderentque

484 4977 882 5037 fraudulentis
933 4978 1088 5036 dolis
1121 4996 1260 5037 eum
1308 4979 1566 5038 adoriri:
1609 4979 1776 5053 quod
1825 4979 2137 5053 quomodo

485 5072 686 5126 actum
713 5069 806 5137 sit,
824 5069 961 5126 licet
982 5068 1240 5127 breviter
1265 5069 1562 5143 explicare
1583 5069 2136 5143 coeperimus,nunc

483 5157 699 5216 iterum
728 5157 1002 5217 dicemus
1030 5159 1389 5219 distinctius.

557 5292 644 5347 23.
670 5290 805 5349 Erat
837 5291 908 5362 is,
933 5297 996 5350 ut
1021 5292 1166 5364 dixi,
1198 5295 1313 5353 Leo
1346 5293 1662 5360 Isauricus,
1708 5291 2008 5350 belluinus
2037 5288 2134 5350 ille

483 5377 731 5452 quidem
759 5385 816 5439 et
840 5381 1165 5440 iracundia:
1193 5383 1447 5442 modum
1477 5382 1708 5441 nullum
1735 5398 1992 5457 ponens,
2009 5397 2133 5439 non

485 5473 686 5529 tamen
730 5488 923 5544 usque
970 5473 1123 5534 adeo
1175 5475 1475 5548 IconinUS,
1526 5478 1590 5534 ut
1640 5474 1842 5549 palam
1889 5471 2135 5534 auderet

555 5639 574 5679 ί
620 5637 772 5703 Psal.
806 5659 1021 5706 Lxxxix
1044 5641 1096 5704 8.

2249 4533 2338 4580 καὶ
2386 4524 2481 4580 διὰ
2543 4527 2732 4580 πολλοῦ
2793 4530 2851 4580 τὸ
2925 4527 3096 4580 λαθεῖν
3158 4529 3452 4598 τιθεμένων,
3525 4526 3858 4598 (συμϐαίνει)

2246 4619 2548 4689 γνωσθῆναί
2585 4635 2642 4670 τε
2679 4625 2750 4689 τῷ
2791 4615 3004 4689 βασιλεί
3039 4616 3131 4669 καί
3167 4619 3303 4668 κατὰ
3340 4622 3432 4668 τοῦ
3473 4621 3635 4686 σοφοῦ
3671 4633 3857 4688 γραμ-

2247 4710 2444 4778 ματέως
2483 4705 2722 4780 ἒκμῆναί,
2762 4709 2852 4758 καὶ
2889 4707 3028 4760 κατά
3064 4713 3157 4758 τοῦ
3194 4709 3429 4778 γενναίου
3461 4702 3706 4756 ἀλείπτου
3735 4700 3860 4757 διαα

2245 4795 2430 4868 νάψαι,
2452 4801 2543 4849 καὶ
2571 4792 2605 4848 δ
2609 4795 2800 4870 ολεροίς
2829 4794 3109 4850 ἀναπεῖσαι
3134 4803 3580 4868 κατεπιχειρῆσαι
3607 4799 3714 4854 τοῖς
3733 4799 3856 4868 τρὸ-

2245 4903 2363 4949 ποις
2397 4907 2409 4921 ·
2439 4885 2616 4940 ὁποῖον
2649 4881 2815 4960 δήπερ
2845 4884 3112 4955 ἑκείνοι,εἱ
3135 4889 3226 4939 καὶ
3258 4882 3352 4939 διὰ
3384 4883 3651 4960 βραχέων,
3681 4879 3853 4942 δεδη-

2244 4975 2463 5039 λωκὸτες
2490 4977 2820 5050 πεφθάκαμεν
2833 5020 2845 5034 .

2315 5269 2416 5344 κγ’,
2458 5257 2743 5343 Θηριὼδης
2780 5264 2869 5344 μὶν
2907 5263 3031 5343 γὰρ,
3072 5267 3162 5321 καὶ
3203 5266 3296 5326 την
3345 5261 3504 5341 ὀργὴν
3544 5258 3855 5338 ἀκατάσχε-

2243 5380 2351 5431 τος,
2393 5359 2498 5412 ἀλλ’
2538 5361 2666 5434 ούχὶ
2703 5365 2792 5412 καὶ
2829 5358 2988 5412 τᾶλλα
3020 5353 3308 5418 λεοντώδης
3346 5354 3446 5408 κάκ
3489 5361 3582 5408 τοῦ
3626 5363 3851 5430 φανεροῦ

2240 5456 2331 5512 τὴν
2393 5451 2577 5525 μάχην
2639 5449 2998 5524 κατατολμῶν,
3054 5450 3079 5501 ὁ
3149 5446 3392 5520 ’Ἱσαυρος
3454 5445 3521 5498 ὢν
3586 5443 3852 5518 ἐτύγχανε
