  <div class='ocr_page' id='page_1' title='image "/cluster/home/n/w/nwhite01/storage/ocr_20150623/140/pst.000005714568/464.png"; bbox 0 0 4032 6308; ppageno 0'>
   <div class='ocr_carea' id='block_1_1' title="bbox 97 295 216 356">
    <p class='ocr_par' dir='ltr' id='par_1_1' title="bbox 97 295 216 356">
     <span class='ocr_line' id='line_1_1' title="bbox 97 295 216 356; baseline 0 0"><span class='ocrx_word' id='word_1_1' title='bbox 97 295 216 356; x_wconf 73' lang='grc'>841</span> 
     </span>
    </p>
   </div>
   <div class='ocr_carea' id='block_1_2' title="bbox 1333 289 2274 362">
    <p class='ocr_par' dir='ltr' id='par_1_2' title="bbox 1333 289 2274 362">
     <span class='ocr_line' id='line_1_2' title="bbox 1333 289 2274 362; baseline -0.004 -5"><span class='ocrx_word' id='word_1_2' title='bbox 1333 298 1401 357; x_wconf 82' lang='grc' dir='ltr'>ΙΝ</span> <span class='ocrx_word' id='word_1_3' title='bbox 1444 303 1498 359; x_wconf 94' lang='lat' dir='ltr'>S.</span> <span class='ocrx_word' id='word_1_4' title='bbox 1538 293 1734 362; x_wconf 76' lang='lat' dir='ltr'>JOAN.</span> <span class='ocrx_word' id='word_1_5' title='bbox 1772 289 2274 359; x_wconf 79' lang='lat' dir='ltr'>DAMASCENUM.</span> 
     </span>
    </p>
   </div>
   <div class='ocr_carea' id='block_1_3' title="bbox 3381 307 3485 362">
    <p class='ocr_par' dir='ltr' id='par_1_3' title="bbox 3381 307 3485 362">
     <span class='ocr_line' id='line_1_3' title="bbox 3381 307 3485 362; baseline 0.01 -1"><span class='ocrx_word' id='word_1_6' title='bbox 3381 307 3485 362; x_wconf 74' lang='grc'>842</span> 
     </span>
    </p>
   </div>
   <div class='ocr_carea' id='block_1_4' title="bbox 93 420 1706 501">
    <p class='ocr_par' dir='ltr' id='par_1_4' title="bbox 93 420 1706 501">
     <span class='ocr_line' id='line_1_4' title="bbox 93 420 1706 501; baseline 0.004 -26"><span class='ocrx_word' id='word_1_7' title='bbox 93 427 262 476; x_wconf 73' lang='grc' dir='ltr'>Λέων</span> <span class='ocrx_word' id='word_1_8' title='bbox 290 443 304 457; x_wconf 76' lang='grc' dir='ltr'>ο</span> <span class='ocrx_word' id='word_1_9' title='bbox 343 422 606 486; x_wconf 77' lang='grc' dir='ltr'>ἀλώπεκος</span> <span class='ocrx_word' id='word_1_10' title='bbox 631 420 898 478; x_wconf 73' lang='grc' dir='ltr'>δεκεύθων</span> <span class='ocrx_word' id='word_1_11' title='bbox 949 421 1008 484; x_wconf 76' lang='grc' dir='ltr'>ἦν</span> <span class='ocrx_word' id='word_1_12' title='bbox 1057 430 1297 501; x_wconf 80' lang='grc' dir='ltr'>τρόπους,</span> <span class='ocrx_word' id='word_1_13' title='bbox 1343 433 1432 480; x_wconf 83' lang='grc' dir='ltr'>καὶ</span> <span class='ocrx_word' id='word_1_14' title='bbox 1481 431 1550 489; x_wconf 86' lang='grc' dir='ltr'>ὡς</span> <span class='ocrx_word' id='word_1_15' title='bbox 1593 426 1706 486; x_wconf 78' lang='grc' dir='ltr'>ἀλη‹</span> 
     </span>
    </p>
   </div>
   <div class='ocr_carea' id='block_1_5' title="bbox 1818 420 3484 501">
    <p class='ocr_par' dir='ltr' id='par_1_5' title="bbox 1834 421 3484 499">
     <span class='ocr_line' id='line_1_5' title="bbox 1834 421 3484 499; baseline 0.002 -18"><span class='ocrx_word' id='word_1_16' title='bbox 1834 424 2075 499; x_wconf 88' lang='lat' dir='ltr'>prodire</span> <span class='ocrx_word' id='word_1_17' title='bbox 2114 423 2194 480; x_wconf 88' lang='lat' dir='ltr'>ad</span> <span class='ocrx_word' id='word_1_18' title='bbox 2231 438 2525 497; x_wconf 87' lang='lat' dir='ltr'>pugnam;</span> <span class='ocrx_word' id='word_1_19' title='bbox 2568 421 2675 482; x_wconf 89' lang='lat' dir='ltr'>sed</span> <span class='ocrx_word' id='word_1_20' title='bbox 2711 423 2944 497; x_wconf 85' lang='lat' dir='ltr'>vulpini</span> <span class='ocrx_word' id='word_1_21' title='bbox 3003 425 3188 483; x_wconf 86' lang='lat' dir='ltr'>moris</span> <span class='ocrx_word' id='word_1_22' title='bbox 3224 427 3484 486; x_wconf 90' lang='lat' dir='ltr'>multum</span> 
     </span>
    </p>
   </div>
   <div class='ocr_carea' id='block_1_6' title="bbox 93 513 1724 591">
    <p class='ocr_par' dir='ltr' id='par_1_6' title="bbox 93 513 1724 591">
     <span class='ocr_line' id='line_1_6' title="bbox 93 513 1724 591; baseline 0.003 -26"><span class='ocrx_word' id='word_1_23' title='bbox 93 514 213 575; x_wconf 78' lang='grc' dir='ltr'>θῶς</span> <span class='ocrx_word' id='word_1_24' title='bbox 245 516 349 567; x_wconf 76' lang='grc' dir='ltr'>ὑπὸ</span> <span class='ocrx_word' id='word_1_25' title='bbox 375 513 546 587; x_wconf 75' lang='grc' dir='ltr'>λεοντῇ</span> <span class='ocrx_word' id='word_1_26' title='bbox 603 523 664 587; x_wconf 74' lang='grc' dir='ltr'>τῇ</span> <span class='ocrx_word' id='word_1_27' title='bbox 723 513 976 588; x_wconf 72' lang='grc' dir='ltr'>βασιλικῇ</span> <span class='ocrx_word' id='word_1_28' title='bbox 1015 521 1104 568; x_wconf 86' lang='grc' dir='ltr'>καὶ</span> <span class='ocrx_word' id='word_1_29' title='bbox 1155 516 1403 590; x_wconf 79' lang='grc' dir='ltr'>φρικαλίᾳ</span> <span class='ocrx_word' id='word_1_30' title='bbox 1443 518 1595 591; x_wconf 75' lang='grc' dir='ltr'>στολῇ</span> <span class='ocrx_word' id='word_1_31' title='bbox 1630 523 1724 576; x_wconf 81' lang='grc' dir='ltr'>τὴν</span> 
     </span>
    </p>
   </div>
   <div class='ocr_carea' id='block_1_7' title="bbox 90 599 1724 680">
    <p class='ocr_par' dir='ltr' id='par_1_7' title="bbox 90 599 1724 680">
     <span class='ocr_line' id='line_1_7' title="bbox 90 599 1724 680; baseline 0.002 -25"><span class='ocrx_word' id='word_1_32' title='bbox 90 599 328 678; x_wconf 71' lang='grc' dir='ltr'>δολεράν</span> <span class='ocrx_word' id='word_1_33' title='bbox 359 623 412 656; x_wconf 87' lang='grc' dir='ltr'>τε</span> <span class='ocrx_word' id='word_1_34' title='bbox 458 609 548 656; x_wconf 82' lang='grc' dir='ltr'>καὶ</span> <span class='ocrx_word' id='word_1_35' title='bbox 597 605 783 676; x_wconf 77' lang='grc' dir='ltr'>ἄτιμον</span> <span class='ocrx_word' id='word_1_36' title='bbox 837 603 1105 665; x_wconf 81' lang='grc' dir='ltr'>ἀλωπεκῆν</span> <span class='ocrx_word' id='word_1_37' title='bbox 1139 605 1475 680; x_wconf 71' lang='grc' dir='ltr'>περιέστελλε.</span> <span class='ocrx_word' id='word_1_38' title='bbox 1542 613 1724 678; x_wconf 87' lang='grc' dir='ltr'>Λυττᾲ</span> 
     </span>
    </p>
   </div>
   <div class='ocr_carea' id='block_1_8' title="bbox 86 691 1720 771">
    <p class='ocr_par' dir='ltr' id='par_1_8' title="bbox 86 691 1720 771">
     <span class='ocr_line' id='line_1_8' title="bbox 86 691 1720 771; baseline 0.004 -28"><span class='ocrx_word' id='word_1_39' title='bbox 86 700 228 763; x_wconf 76' lang='grc' dir='ltr'>γοῦν</span> <span class='ocrx_word' id='word_1_40' title='bbox 262 696 400 745; x_wconf 82' lang='grc' dir='ltr'>κατὰ</span> <span class='ocrx_word' id='word_1_41' title='bbox 427 701 517 746; x_wconf 78' lang='grc' dir='ltr'>τοῦ</span> <span class='ocrx_word' id='word_1_42' title='bbox 567 693 741 765; x_wconf 86' lang='grc' dir='ltr'>ἀγίου,</span> <span class='ocrx_word' id='word_1_43' title='bbox 798 693 841 746; x_wconf 89' lang='grc' dir='ltr'>εἰ</span> <span class='ocrx_word' id='word_1_44' title='bbox 894 695 1000 746; x_wconf 84' lang='grc' dir='ltr'>οἷον</span> <span class='ocrx_word' id='word_1_45' title='bbox 1052 713 1106 747; x_wconf 90' lang='grc' dir='ltr'>τε</span> <span class='ocrx_word' id='word_1_46' title='bbox 1163 691 1577 771; x_wconf 75' lang='grc' dir='ltr'>διαχρησασθαι</span> <span class='ocrx_word' id='word_1_47' title='bbox 1642 695 1720 748; x_wconf 77' lang='grc' dir='ltr'>ἕκ-</span> 
     </span>
    </p>
   </div>
   <div class='ocr_carea' id='block_1_9' title="bbox 86 779 1719 857">
    <p class='ocr_par' dir='ltr' id='par_1_9' title="bbox 86 779 1719 857">
     <span class='ocr_line' id='line_1_9' title="bbox 86 779 1719 857; baseline 0.004 -25"><span class='ocrx_word' id='word_1_48' title='bbox 86 789 302 851; x_wconf 77' lang='grc' dir='ltr'>μανεὶς,</span> <span class='ocrx_word' id='word_1_49' title='bbox 337 783 368 840; x_wconf 73' lang='grc' dir='ltr'><strong>ἦ</strong></span> <span class='ocrx_word' id='word_1_50' title='bbox 414 781 600 854; x_wconf 78' lang='grc' dir='ltr'>μᾶλλον</span> <span class='ocrx_word' id='word_1_51' title='bbox 656 779 980 852; x_wconf 81' lang='grc' dir='ltr'>διασπάσαι,</span> <span class='ocrx_word' id='word_1_52' title='bbox 1011 788 1096 836; x_wconf 73' lang='grc' dir='ltr'>καὶ</span> <span class='ocrx_word' id='word_1_53' title='bbox 1148 783 1393 855; x_wconf 80' lang='grc' dir='ltr'>ὠμότατοι</span> <span class='ocrx_word' id='word_1_54' title='bbox 1421 790 1516 844; x_wconf 77' lang='grc' dir='ltr'>τὴν</span> <span class='ocrx_word' id='word_1_55' title='bbox 1572 789 1719 857; x_wconf 77' lang='grc' dir='ltr'>γένυν</span> 
     </span>
    </p>
   </div>
   <div class='ocr_carea' id='block_1_10' title="bbox 87 868 1718 949">
    <p class='ocr_par' dir='ltr' id='par_1_10' title="bbox 87 868 1718 949">
     <span class='ocr_line' id='line_1_10' title="bbox 87 868 1718 949; baseline 0.003 -28"><span class='ocrx_word' id='word_1_56' title='bbox 87 868 344 942; x_wconf 72' lang='grc' dir='ltr'>ἐμϐάψαι</span> <span class='ocrx_word' id='word_1_57' title='bbox 382 879 455 941; x_wconf 81' lang='grc' dir='ltr'>τῷ</span> <span class='ocrx_word' id='word_1_58' title='bbox 484 873 686 943; x_wconf 79' lang='grc' dir='ltr'>αἵματι,</span> <span class='ocrx_word' id='word_1_59' title='bbox 727 876 817 924; x_wconf 82' lang='grc' dir='ltr'>καὶ</span> <span class='ocrx_word' id='word_1_60' title='bbox 868 874 1026 946; x_wconf 83' lang='grc' dir='ltr'>θηρὸς</span> <span class='ocrx_word' id='word_1_61' title='bbox 1057 869 1214 930; x_wconf 82' lang='grc' dir='ltr'>δίκην</span> <span class='ocrx_word' id='word_1_62' title='bbox 1269 877 1352 926; x_wconf 87' lang='grc' dir='ltr'>τὸν</span> <span class='ocrx_word' id='word_1_63' title='bbox 1407 880 1571 949; x_wconf 83' lang='grc' dir='ltr'>πρᾶον</span> <span class='ocrx_word' id='word_1_64' title='bbox 1628 893 1718 926; x_wconf 91' lang='grc' dir='ltr'>κα-</span> 
     </span>
    </p>
   </div>
   <div class='ocr_carea' id='block_1_11' title="bbox 88 957 1715 1036">
    <p class='ocr_par' dir='ltr' id='par_1_11' title="bbox 88 957 1715 1036">
     <span class='ocr_line' id='line_1_11' title="bbox 88 957 1715 1036; baseline 0.003 -26"><span class='ocrx_word' id='word_1_65' title='bbox 88 959 575 1033; x_wconf 77' lang='grc' dir='ltr'>ταϐροχθίσασθαι</span> <span class='ocrx_word' id='word_1_66' title='bbox 607 981 620 994; x_wconf 91' lang='grc'><strong>·</strong></span> <span class='ocrx_word' id='word_1_67' title='bbox 673 961 768 1012; x_wconf 73' lang='grc' dir='ltr'>οὐκ</span> <span class='ocrx_word' id='word_1_68' title='bbox 798 963 934 1034; x_wconf 75' lang='grc' dir='ltr'>ἔχων</span> <span class='ocrx_word' id='word_1_69' title='bbox 963 957 1014 1014; x_wconf 73' lang='grc' dir='ltr'>δ’</span> <span class='ocrx_word' id='word_1_70' title='bbox 1054 962 1082 1014; x_wconf 84' lang='grc' dir='ltr'><strong><em>ὃ</em></strong></span> <span class='ocrx_word' id='word_1_71' title='bbox 1126 981 1176 1014; x_wconf 85' lang='grc' dir='ltr'>τι</span> <span class='ocrx_word' id='word_1_72' title='bbox 1205 967 1294 1015; x_wconf 84' lang='grc' dir='ltr'>καὶ</span> <span class='ocrx_word' id='word_1_73' title='bbox 1329 958 1588 1036; x_wconf 74' lang='grc' dir='ltr'>δράσειεν,</span> <span class='ocrx_word' id='word_1_74' title='bbox 1630 961 1715 1015; x_wconf 70' lang='grc' dir='ltr'>ἐπὶ</span> 
     </span>
    </p>
   </div>
   <div class='ocr_carea' id='block_1_12' title="bbox 87 1052 1715 1126">
    <p class='ocr_par' dir='ltr' id='par_1_12' title="bbox 87 1052 1715 1126">
     <span class='ocr_line' id='line_1_12' title="bbox 87 1052 1715 1126; baseline 0.003 -26"><span class='ocrx_word' id='word_1_75' title='bbox 87 1052 190 1107; x_wconf 75' lang='grc' dir='ltr'>τὴν</span> <span class='ocrx_word' id='word_1_76' title='bbox 248 1052 452 1108; x_wconf 78' lang='grc' dir='ltr'>συνήθη</span> <span class='ocrx_word' id='word_1_77' title='bbox 536 1055 855 1125; x_wconf 77' lang='grc' dir='ltr'>κακουργίαν</span> <span class='ocrx_word' id='word_1_78' title='bbox 909 1058 1095 1126; x_wconf 88' lang='grc' dir='ltr'>χωρεῖ.</span> <span class='ocrx_word' id='word_1_79' title='bbox 1159 1056 1260 1105; x_wconf 78' lang='grc' dir='ltr'>Καί</span> <span class='ocrx_word' id='word_1_80' title='bbox 1307 1060 1429 1123; x_wconf 78' lang='grc' dir='ltr'>γοῦν</span> <span class='ocrx_word' id='word_1_81' title='bbox 1503 1056 1715 1125; x_wconf 87' lang='grc' dir='ltr'>συνάγει</span> 
     </span>
    </p>
   </div>
   <div class='ocr_carea' id='block_1_13' title="bbox 90 1140 1712 1216">
    <p class='ocr_par' dir='ltr' id='par_1_13' title="bbox 90 1140 1712 1216">
     <span class='ocr_line' id='line_1_13' title="bbox 90 1140 1712 1216; baseline 0.003 -27"><span class='ocrx_word' id='word_1_82' title='bbox 90 1142 227 1199; x_wconf 74' lang='grc' dir='ltr'>τους</span> <span class='ocrx_word' id='word_1_83' title='bbox 287 1140 748 1212; x_wconf 80' lang='grc' dir='ltr'>ὑπογραμματεῖς,</span> <span class='ocrx_word' id='word_1_84' title='bbox 822 1142 1015 1202; x_wconf 86' lang='grc' dir='ltr'>πάντας</span> <span class='ocrx_word' id='word_1_85' title='bbox 1090 1159 1140 1193; x_wconf 88' lang='grc' dir='ltr'>τε</span> <span class='ocrx_word' id='word_1_86' title='bbox 1216 1150 1562 1216; x_wconf 73' lang='grc' dir='ltr'>γραμματεῖς,</span> <span class='ocrx_word' id='word_1_87' title='bbox 1622 1145 1712 1194; x_wconf 85' lang='grc' dir='ltr'>καὶ</span> 
     </span>
    </p>
   </div>
   <div class='ocr_carea' id='block_1_14' title="bbox 95 1227 1707 1303">
    <p class='ocr_par' dir='ltr' id='par_1_14' title="bbox 95 1227 1707 1303">
     <span class='ocr_line' id='line_1_14' title="bbox 95 1227 1707 1303; baseline 0.002 -24"><span class='ocrx_word' id='word_1_88' title='bbox 95 1233 453 1301; x_wconf 75' lang='grc' dir='ltr'>Φαρισαῖκῶς</span> <span class='ocrx_word' id='word_1_89' title='bbox 503 1230 637 1280; x_wconf 88' lang='grc' dir='ltr'>κατά</span> <span class='ocrx_word' id='word_1_90' title='bbox 722 1237 818 1290; x_wconf 86' lang='grc' dir='ltr'>τῆς</span> <span class='ocrx_word' id='word_1_91' title='bbox 895 1227 1142 1290; x_wconf 81' lang='grc' dir='ltr'>ἀληθείας</span> <span class='ocrx_word' id='word_1_92' title='bbox 1225 1230 1707 1303; x_wconf 70' lang='grc' dir='ltr'>τραχηλιάσαντας,</span> 
     </span>
    </p>
   </div>
   <div class='ocr_carea' id='block_1_15' title="bbox 95 1313 1712 1392">
    <p class='ocr_par' dir='ltr' id='par_1_15' title="bbox 95 1313 1712 1392">
     <span class='ocr_line' id='line_1_15' title="bbox 95 1313 1712 1392; baseline 0.003 -25"><span class='ocrx_word' id='word_1_93' title='bbox 95 1313 211 1368; x_wconf 84' lang='grc' dir='ltr'>εἷπέ</span> <span class='ocrx_word' id='word_1_94' title='bbox 239 1335 324 1379; x_wconf 89' lang='grc' dir='ltr'>τις</span> <span class='ocrx_word' id='word_1_95' title='bbox 384 1316 445 1367; x_wconf 81' lang='grc' dir='ltr'>ἂν</span> <span class='ocrx_word' id='word_1_96' title='bbox 494 1315 736 1382; x_wconf 74' lang='grc' dir='ltr'>ἐκείνους,</span> <span class='ocrx_word' id='word_1_97' title='bbox 795 1322 884 1369; x_wconf 79' lang='grc' dir='ltr'>καὶ</span> <span class='ocrx_word' id='word_1_98' title='bbox 934 1325 1028 1376; x_wconf 83' lang='grc' dir='ltr'>τῆν</span> <span class='ocrx_word' id='word_1_99' title='bbox 1079 1323 1266 1380; x_wconf 86' lang='grc' dir='ltr'>κακίας</span> <span class='ocrx_word' id='word_1_100' title='bbox 1308 1317 1712 1392; x_wconf 75' lang='grc' dir='ltr'>ἀκριϐεστάτους</span> 
     </span>
    </p>
   </div>
   <div class='ocr_carea' id='block_1_16' title="bbox 85 1403 1712 1480">
    <p class='ocr_par' dir='ltr' id='par_1_16' title="bbox 85 1403 1712 1480">
     <span class='ocr_line' id='line_1_16' title="bbox 85 1403 1712 1480; baseline 0.004 -24"><span class='ocrx_word' id='word_1_101' title='bbox 85 1412 322 1479; x_wconf 74' lang='grc' dir='ltr'>γραφεῖς</span> <span class='ocrx_word' id='word_1_102' title='bbox 375 1426 388 1439; x_wconf 78' lang='grc' dir='ltr'><strong>ο</strong></span> <span class='ocrx_word' id='word_1_103' title='bbox 441 1411 532 1458; x_wconf 80' lang='grc' dir='ltr'>καὶ</span> <span class='ocrx_word' id='word_1_104' title='bbox 567 1403 635 1462; x_wconf 80' lang='grc' dir='ltr'>δὴ</span> <span class='ocrx_word' id='word_1_105' title='bbox 685 1411 779 1458; x_wconf 86' lang='grc' dir='ltr'>σὺν</span> <span class='ocrx_word' id='word_1_106' title='bbox 827 1415 934 1467; x_wconf 87' lang='grc' dir='ltr'>τοῖς</span> <span class='ocrx_word' id='word_1_107' title='bbox 983 1407 1211 1480; x_wconf 79' lang='grc' dir='ltr'>ἰαλίμοις</span> <span class='ocrx_word' id='word_1_108' title='bbox 1261 1411 1470 1468; x_wconf 79' lang='grc' dir='ltr'>ἐκείνοις</span> <span class='ocrx_word' id='word_1_109' title='bbox 1501 1413 1712 1462; x_wconf 73' lang='grc' dir='ltr'>σκέπτε-</span> 
     </span>
    </p>
   </div>
   <div class='ocr_carea' id='block_1_17' title="bbox 86 1493 1712 1570">
    <p class='ocr_par' dir='ltr' id='par_1_17' title="bbox 86 1493 1712 1570">
     <span class='ocr_line' id='line_1_17' title="bbox 86 1493 1712 1570; baseline 0.004 -25"><span class='ocrx_word' id='word_1_110' title='bbox 86 1514 180 1546; x_wconf 83' lang='grc' dir='ltr'>ται</span> <span class='ocrx_word' id='word_1_111' title='bbox 213 1493 550 1566; x_wconf 79' lang='grc' dir='ltr'>βουλευταῖς,</span> <span class='ocrx_word' id='word_1_112' title='bbox 581 1500 670 1548; x_wconf 82' lang='grc' dir='ltr'>καὶ</span> <span class='ocrx_word' id='word_1_113' title='bbox 713 1497 848 1549; x_wconf 88' lang='grc' dir='ltr'>κατά</span> <span class='ocrx_word' id='word_1_114' title='bbox 900 1505 991 1556; x_wconf 80' lang='grc' dir='ltr'>τῆς</span> <span class='ocrx_word' id='word_1_115' title='bbox 1029 1498 1255 1570; x_wconf 85' lang='grc' dir='ltr'>χάριτος</span> <span class='ocrx_word' id='word_1_116' title='bbox 1284 1499 1408 1550; x_wconf 83' lang='grc' dir='ltr'>Υἰοῠ</span> <span class='ocrx_word' id='word_1_117' title='bbox 1447 1503 1581 1550; x_wconf 73' lang='grc' dir='ltr'>Θεοῦ</span> <span class='ocrx_word' id='word_1_118' title='bbox 1620 1504 1712 1551; x_wconf 87' lang='grc' dir='ltr'>καί</span> 
     </span>
    </p>
   </div>
   <div class='ocr_carea' id='block_1_18' title="bbox 90 1583 1710 1660">
    <p class='ocr_par' dir='ltr' id='par_1_18' title="bbox 90 1583 1710 1660">
     <span class='ocr_line' id='line_1_18' title="bbox 90 1583 1710 1660; baseline 0.002 -23"><span class='ocrx_word' id='word_1_119' title='bbox 90 1591 344 1656; x_wconf 75' lang='grc' dir='ltr'>Χριστοῦ</span> <span class='ocrx_word' id='word_1_120' title='bbox 405 1590 598 1658; x_wconf 84' lang='grc' dir='ltr'>Κυρίου</span> <span class='ocrx_word' id='word_1_121' title='bbox 647 1583 970 1657; x_wconf 75' lang='grc' dir='ltr'>βουλεύεται,</span> <span class='ocrx_word' id='word_1_122' title='bbox 1027 1589 1092 1646; x_wconf 81' lang='grc' dir='ltr'>ὡς</span> <span class='ocrx_word' id='word_1_123' title='bbox 1129 1583 1368 1660; x_wconf 75' lang='grc' dir='ltr'>Ἡρώδης</span> <span class='ocrx_word' id='word_1_124' title='bbox 1423 1587 1573 1649; x_wconf 86' lang='grc' dir='ltr'>οἷλλος</span> <span class='ocrx_word' id='word_1_125' title='bbox 1620 1593 1710 1640; x_wconf 82' lang='grc' dir='ltr'>καὶ</span> 
     </span>
    </p>
   </div>
   <div class='ocr_carea' id='block_1_19' title="bbox 91 1671 1709 1748">
    <p class='ocr_par' dir='ltr' id='par_1_19' title="bbox 91 1671 1709 1748">
     <span class='ocr_line' id='line_1_19' title="bbox 91 1671 1709 1748; baseline 0.004 -25"><span class='ocrx_word' id='word_1_126' title='bbox 91 1671 258 1733; x_wconf 68' lang='grc' dir='ltr'>αὐτὸς</span> <span class='ocrx_word' id='word_1_127' title='bbox 341 1671 576 1744; x_wconf 76' lang='grc' dir='ltr'>ἕκμανείς</span> <span class='ocrx_word' id='word_1_128' title='bbox 626 1694 639 1707; x_wconf 83' lang='lat'>&#39;</span> <span class='ocrx_word' id='word_1_129' title='bbox 695 1673 827 1732; x_wconf 80' lang='grc' dir='ltr'>πλὴν</span> <span class='ocrx_word' id='word_1_130' title='bbox 908 1676 993 1726; x_wconf 79' lang='grc' dir='ltr'>ἕνα</span> <span class='ocrx_word' id='word_1_131' title='bbox 1049 1680 1139 1727; x_wconf 82' lang='grc' dir='ltr'>καὶ</span> <span class='ocrx_word' id='word_1_132' title='bbox 1196 1674 1383 1727; x_wconf 74' lang='grc' dir='ltr'>τέλειον</span> <span class='ocrx_word' id='word_1_133' title='bbox 1447 1673 1709 1748; x_wconf 66' lang='grc' dir='ltr'>σφαδάζει</span> 
     </span>
    </p>
   </div>
   <div class='ocr_carea' id='block_1_20' title="bbox 89 1759 1708 1837">
    <p class='ocr_par' dir='ltr' id='par_1_20' title="bbox 89 1759 1708 1837">
     <span class='ocr_line' id='line_1_20' title="bbox 89 1759 1708 1837; baseline 0.004 -25"><span class='ocrx_word' id='word_1_134' title='bbox 89 1769 286 1814; x_wconf 77' lang='grc' dir='ltr'>τοῦτον</span> <span class='ocrx_word' id='word_1_135' title='bbox 348 1759 812 1835; x_wconf 77' lang='grc' dir='ltr'>διαχειρίσασθαι,</span> <span class='ocrx_word' id='word_1_136' title='bbox 889 1763 1168 1825; x_wconf 78' lang='grc' dir='ltr'>πλείστους</span> <span class='ocrx_word' id='word_1_137' title='bbox 1215 1763 1399 1826; x_wconf 72' lang='grc' dir='ltr'>ἄλλους</span> <span class='ocrx_word' id='word_1_138' title='bbox 1457 1762 1708 1837; x_wconf 79' lang='grc' dir='ltr'>περιιδὼν</span> 
     </span>
    </p>
   </div>
   <div class='ocr_carea' id='block_1_21' title="bbox 88 1847 1704 1930">
    <p class='ocr_par' dir='ltr' id='par_1_21' title="bbox 88 1847 1704 1930">
     <span class='ocr_line' id='line_1_21' title="bbox 88 1847 1704 1930; baseline 0.004 -29"><span class='ocrx_word' id='word_1_139' title='bbox 88 1847 388 1913; x_wconf 84' lang='grc' dir='ltr'>νηπιὼδεις</span> <span class='ocrx_word' id='word_1_140' title='bbox 442 1852 532 1904; x_wconf 83' lang='grc' dir='ltr'>οἱτε</span> <span class='ocrx_word' id='word_1_141' title='bbox 586 1856 768 1924; x_wconf 84' lang='grc' dir='ltr'>κρίνας</span> <span class='ocrx_word' id='word_1_142' title='bbox 836 1858 926 1904; x_wconf 84' lang='grc' dir='ltr'>καὶ</span> <span class='ocrx_word' id='word_1_143' title='bbox 985 1850 1192 1914; x_wconf 86' lang='grc' dir='ltr'>ἀτελεῖς.</span> <span class='ocrx_word' id='word_1_144' title='bbox 1273 1852 1395 1908; x_wconf 57' lang='lat' dir='ltr'>&quot;Em</span> <span class='ocrx_word' id='word_1_145' title='bbox 1463 1859 1552 1907; x_wconf 82' lang='grc' dir='ltr'>καὶ</span> <span class='ocrx_word' id='word_1_146' title='bbox 1606 1857 1704 1930; x_wconf 73' lang='grc' dir='ltr'>γὰρ</span> 
     </span>
    </p>
   </div>
   <div class='ocr_carea' id='block_1_22' title="bbox 89 1940 1709 2018">
    <p class='ocr_par' dir='ltr' id='par_1_22' title="bbox 89 1940 1709 2018">
     <span class='ocr_line' id='line_1_22' title="bbox 89 1940 1709 2018; baseline 0.002 -26"><span class='ocrx_word' id='word_1_147' title='bbox 89 1948 285 1993; x_wconf 74' lang='grc' dir='ltr'>τοῦτον</span> <span class='ocrx_word' id='word_1_148' title='bbox 336 1942 542 1993; x_wconf 85' lang='grc' dir='ltr'>πάντων</span> <span class='ocrx_word' id='word_1_149' title='bbox 588 1940 790 1994; x_wconf 69' lang='grc' dir='ltr'>ἐκείνων</span> <span class='ocrx_word' id='word_1_150' title='bbox 861 1940 1106 2000; x_wconf 79' lang='grc' dir='ltr'>ἀλείπτην</span> <span class='ocrx_word' id='word_1_151' title='bbox 1167 1941 1396 2014; x_wconf 80' lang='grc' dir='ltr'>ἐγνώκει,</span> <span class='ocrx_word' id='word_1_152' title='bbox 1446 1948 1536 1996; x_wconf 87' lang='grc' dir='ltr'>καὶ</span> <span class='ocrx_word' id='word_1_153' title='bbox 1578 1949 1709 2018; x_wconf 87' lang='grc' dir='ltr'>πρὸς</span> 
     </span>
    </p>
   </div>
   <div class='ocr_carea' id='block_1_23' title="bbox 90 2026 1704 2105">
    <p class='ocr_par' dir='ltr' id='par_1_23' title="bbox 90 2026 1704 2105">
     <span class='ocr_line' id='line_1_23' title="bbox 90 2026 1704 2105; baseline 0.003 -25"><span class='ocrx_word' id='word_1_154' title='bbox 90 2028 202 2091; x_wconf 80' lang='grc' dir='ltr'>ἑνός</span> <span class='ocrx_word' id='word_1_155' title='bbox 233 2027 362 2101; x_wconf 76' lang='grc' dir='ltr'>ᾔδει</span> <span class='ocrx_word' id='word_1_156' title='bbox 407 2035 502 2088; x_wconf 76' lang='grc' dir='ltr'>τὴν</span> <span class='ocrx_word' id='word_1_157' title='bbox 558 2032 744 2102; x_wconf 87' lang='grc' dir='ltr'>μάχην</span> <span class='ocrx_word' id='word_1_158' title='bbox 792 2026 1007 2083; x_wconf 76' lang='grc' dir='ltr'>δίσαντι</span> <span class='ocrx_word' id='word_1_159' title='bbox 1054 2033 1385 2105; x_wconf 82' lang='grc' dir='ltr'>παράτακτον</span> <span class='ocrx_word' id='word_1_160' title='bbox 1438 2030 1704 2103; x_wconf 79' lang='grc' dir='ltr'>ἐσχηκώς.</span> 
     </span>
    </p>
   </div>
   <div class='ocr_carea' id='block_1_24' title="bbox 91 2119 1682 2192">
    <p class='ocr_par' dir='ltr' id='par_1_24' title="bbox 91 2119 1682 2192">
     <span class='ocr_line' id='line_1_24' title="bbox 91 2119 1682 2192; baseline 0.003 -23"><span class='ocrx_word' id='word_1_161' title='bbox 91 2119 365 2170; x_wconf 74' lang='grc' dir='ltr'>Μανθάνει</span> <span class='ocrx_word' id='word_1_162' title='bbox 416 2123 590 2190; x_wconf 77' lang='grc' dir='ltr'>μέντοι</span> <span class='ocrx_word' id='word_1_163' title='bbox 641 2121 786 2192; x_wconf 86' lang='grc' dir='ltr'>παρά</span> <span class='ocrx_word' id='word_1_164' title='bbox 831 2120 1031 2171; x_wconf 87' lang='grc' dir='ltr'>πάντων</span> <span class='ocrx_word' id='word_1_165' title='bbox 1083 2119 1271 2180; x_wconf 76' lang='grc' dir='ltr'>ἐπίσης</span> <span class='ocrx_word' id='word_1_166' title='bbox 1320 2123 1378 2172; x_wconf 82' lang='grc' dir='ltr'>τὸ</span> <span class='ocrx_word' id='word_1_167' title='bbox 1409 2124 1544 2172; x_wconf 82' lang='grc' dir='ltr'>κατά</span> <span class='ocrx_word' id='word_1_168' title='bbox 1581 2125 1682 2173; x_wconf 85' lang='grc' dir='ltr'>πάν</span> 
     </span>
    </p>
   </div>
   <div class='ocr_carea' id='block_1_25' title="bbox 89 2206 1704 2284">
    <p class='ocr_par' dir='ltr' id='par_1_25' title="bbox 89 2206 1704 2284">
     <span class='ocr_line' id='line_1_25' title="bbox 89 2206 1704 2284; baseline 0.004 -29"><span class='ocrx_word' id='word_1_169' title='bbox 89 2224 192 2257; x_wconf 81' lang='grc' dir='ltr'>των</span> <span class='ocrx_word' id='word_1_170' title='bbox 250 2210 371 2281; x_wconf 77' lang='grc' dir='ltr'>περὶ</span> <span class='ocrx_word' id='word_1_171' title='bbox 406 2206 592 2277; x_wconf 83' lang='grc' dir='ltr'>λόγους</span> <span class='ocrx_word' id='word_1_172' title='bbox 621 2215 782 2260; x_wconf 80' lang='grc' dir='ltr'>αυτοῦ</span> <span class='ocrx_word' id='word_1_173' title='bbox 829 2210 1041 2279; x_wconf 82' lang='grc' dir='ltr'>κράτος,</span> <span class='ocrx_word' id='word_1_174' title='bbox 1089 2213 1182 2266; x_wconf 75' lang='grc' dir='ltr'>τὴν</span> <span class='ocrx_word' id='word_1_175' title='bbox 1241 2207 1288 2260; x_wconf 76' lang='grc' dir='ltr'>ἐν</span> <span class='ocrx_word' id='word_1_176' title='bbox 1332 2207 1507 2281; x_wconf 83' lang='grc' dir='ltr'>λόγοις</span> <span class='ocrx_word' id='word_1_177' title='bbox 1556 2206 1704 2284; x_wconf 77' lang='grc' dir='ltr'>διαρ-</span> 
     </span>
    </p>
   </div>
   <div class='ocr_carea' id='block_1_26' title="bbox 89 2291 1705 2374">
    <p class='ocr_par' dir='ltr' id='par_1_26' title="bbox 89 2291 1705 2374">
     <span class='ocr_line' id='line_1_26' title="bbox 89 2291 1705 2374; baseline 0.002 -27"><span class='ocrx_word' id='word_1_178' title='bbox 89 2291 276 2368; x_wconf 75' lang='grc' dir='ltr'>ρήδην</span> <span class='ocrx_word' id='word_1_179' title='bbox 331 2294 801 2369; x_wconf 84' lang='grc' dir='ltr'>ἀνωμολογηκότων</span> <span class='ocrx_word' id='word_1_180' title='bbox 877 2296 1060 2368; x_wconf 78' lang='grc' dir='ltr'>ἰσχὺν,</span> <span class='ocrx_word' id='word_1_181' title='bbox 1120 2301 1206 2348; x_wconf 84' lang='grc' dir='ltr'>καί</span> <span class='ocrx_word' id='word_1_182' title='bbox 1257 2302 1350 2356; x_wconf 77' lang='grc' dir='ltr'>τὴν</span> <span class='ocrx_word' id='word_1_183' title='bbox 1413 2301 1545 2374; x_wconf 81' lang='grc' dir='ltr'>πρὸς</span> <span class='ocrx_word' id='word_1_184' title='bbox 1618 2303 1705 2352; x_wconf 84' lang='grc' dir='ltr'>τὸν</span> 
     </span>
    </p>
   </div>
   <div class='ocr_carea' id='block_1_27' title="bbox 90 2380 1700 2461">
    <p class='ocr_par' dir='ltr' id='par_1_27' title="bbox 90 2380 1700 2461">
     <span class='ocr_line' id='line_1_27' title="bbox 90 2380 1700 2461; baseline 0.002 -27"><span class='ocrx_word' id='word_1_185' title='bbox 90 2381 276 2459; x_wconf 73' lang='grc' dir='ltr'>ἄνδρα</span> <span class='ocrx_word' id='word_1_186' title='bbox 331 2380 424 2436; x_wconf 82' lang='grc' dir='ltr'>δια</span> <span class='ocrx_word' id='word_1_187' title='bbox 471 2384 625 2456; x_wconf 82' lang='grc' dir='ltr'>λόγου</span> <span class='ocrx_word' id='word_1_188' title='bbox 677 2386 847 2445; x_wconf 78' lang='grc' dir='ltr'>πάλην</span> <span class='ocrx_word' id='word_1_189' title='bbox 907 2393 1051 2458; x_wconf 84' lang='grc' dir='ltr'>κοινῇ</span> <span class='ocrx_word' id='word_1_190' title='bbox 1109 2384 1464 2461; x_wconf 81' lang='grc' dir='ltr'>ἀπειρηκότων</span> <span class='ocrx_word' id='word_1_191' title='bbox 1513 2395 1651 2460; x_wconf 75' lang='grc' dir='ltr'>φωνῇ</span> <span class='ocrx_word' id='word_1_192' title='bbox 1687 2409 1700 2421; x_wconf 76' lang='grc' dir='ltr'><strong>ο</strong></span> 
     </span>
    </p>
   </div>
   <div class='ocr_carea' id='block_1_28' title="bbox 93 2470 1706 2550">
    <p class='ocr_par' dir='ltr' id='par_1_28' title="bbox 93 2470 1706 2550">
     <span class='ocr_line' id='line_1_28' title="bbox 93 2470 1706 2550; baseline 0.003 -26"><span class='ocrx_word' id='word_1_193' title='bbox 93 2479 185 2549; x_wconf 74' lang='grc' dir='ltr'>καὶ</span> <span class='ocrx_word' id='word_1_194' title='bbox 216 2470 358 2547; x_wconf 78' lang='grc' dir='ltr'>μηδ’</span> <span class='ocrx_word' id='word_1_195' title='bbox 389 2475 450 2526; x_wconf 84' lang='grc' dir='ltr'>οἶν</span> <span class='ocrx_word' id='word_1_196' title='bbox 479 2494 600 2528; x_wconf 86' lang='grc' dir='ltr'>ποτε</span> <span class='ocrx_word' id='word_1_197' title='bbox 649 2473 703 2527; x_wconf 76' lang='grc' dir='ltr'>ἐκ</span> <span class='ocrx_word' id='word_1_198' title='bbox 740 2483 833 2527; x_wconf 74' lang='grc' dir='ltr'>τοῦ</span> <span class='ocrx_word' id='word_1_199' title='bbox 863 2484 1079 2548; x_wconf 73' lang='grc' dir='ltr'>φανεροῦ</span> <span class='ocrx_word' id='word_1_200' title='bbox 1108 2479 1457 2548; x_wconf 79' lang='grc' dir='ltr'>κατισχύσειν</span> <span class='ocrx_word' id='word_1_201' title='bbox 1485 2473 1706 2550; x_wconf 82' lang='grc' dir='ltr'>διισχυ-</span> 
     </span>
    </p>
   </div>
   <div class='ocr_carea' id='block_1_29' title="bbox 90 2563 1707 2639">
    <p class='ocr_par' dir='ltr' id='par_1_29' title="bbox 90 2563 1707 2639">
     <span class='ocr_line' id='line_1_29' title="bbox 90 2563 1707 2639; baseline 0.004 -25"><span class='ocrx_word' id='word_1_202' title='bbox 90 2566 397 2636; x_wconf 78' lang='grc' dir='ltr'>ρισαμένων</span> <span class='ocrx_word' id='word_1_203' title='bbox 452 2566 520 2616; x_wconf 84' lang='grc' dir='ltr'>τά</span> <span class='ocrx_word' id='word_1_204' title='bbox 570 2563 763 2616; x_wconf 73' lang='grc' dir='ltr'>ἐκείνου</span> <span class='ocrx_word' id='word_1_205' title='bbox 809 2564 1062 2617; x_wconf 73' lang='grc' dir='ltr'>ἀναλῦσαι</span> <span class='ocrx_word' id='word_1_206' title='bbox 1111 2569 1524 2639; x_wconf 85' lang='grc' dir='ltr'>συγγράμματα,</span> <span class='ocrx_word' id='word_1_207' title='bbox 1579 2586 1707 2620; x_wconf 82' lang='grc' dir='ltr'>παν·-</span> 
     </span>
    </p>
   </div>
   <div class='ocr_carea' id='block_1_30' title="bbox 94 2649 1704 2728">
    <p class='ocr_par' dir='ltr' id='par_1_30' title="bbox 94 2649 1704 2728">
     <span class='ocr_line' id='line_1_30' title="bbox 94 2649 1704 2728; baseline 0.004 -25"><span class='ocrx_word' id='word_1_208' title='bbox 94 2660 243 2724; x_wconf 80' lang='grc' dir='ltr'>ταχῆ</span> <span class='ocrx_word' id='word_1_209' title='bbox 301 2671 358 2704; x_wconf 89' lang='grc' dir='ltr'>τε</span> <span class='ocrx_word' id='word_1_210' title='bbox 407 2649 787 2728; x_wconf 80' lang='grc' dir='ltr'>διασπαρέντα,</span> <span class='ocrx_word' id='word_1_211' title='bbox 835 2659 926 2707; x_wconf 85' lang='grc' dir='ltr'>καὶ</span> <span class='ocrx_word' id='word_1_212' title='bbox 977 2654 1166 2715; x_wconf 85' lang='grc' dir='ltr'>πολλῆς</span> <span class='ocrx_word' id='word_1_213' title='bbox 1218 2657 1294 2708; x_wconf 85' lang='grc' dir='ltr'>ὅτι</span> <span class='ocrx_word' id='word_1_214' title='bbox 1347 2664 1442 2717; x_wconf 64' lang='lat' dir='ltr'>ne&quot;;</span> <span class='ocrx_word' id='word_1_215' title='bbox 1494 2659 1704 2720; x_wconf 73' lang='grc' dir='ltr'>πειθοῦς</span> 
     </span>
    </p>
   </div>
   <div class='ocr_carea' id='block_1_31' title="bbox 91 2740 1703 2818">
    <p class='ocr_par' dir='ltr' id='par_1_31' title="bbox 91 2740 1703 2818">
     <span class='ocr_line' id='line_1_31' title="bbox 91 2740 1703 2818; baseline 0.004 -26"><span class='ocrx_word' id='word_1_216' title='bbox 91 2741 174 2811; x_wconf 67' lang='grc' dir='ltr'>(οὗ</span> <span class='ocrx_word' id='word_1_217' title='bbox 220 2743 329 2816; x_wconf 78' lang='grc' dir='ltr'>γὰρ</span> <span class='ocrx_word' id='word_1_218' title='bbox 382 2740 629 2805; x_wconf 84' lang='grc' dir='ltr'>ἀληθείας</span> <span class='ocrx_word' id='word_1_219' title='bbox 715 2742 893 2802; x_wconf 78' lang='grc' dir='ltr'>ἡθελον</span> <span class='ocrx_word' id='word_1_220' title='bbox 982 2743 1169 2816; x_wconf 75' lang='grc' dir='ltr'>λέγειν)</span> <span class='ocrx_word' id='word_1_221' title='bbox 1245 2745 1416 2818; x_wconf 79' lang='grc' dir='ltr'>πλήρη</span> <span class='ocrx_word' id='word_1_222' title='bbox 1496 2748 1703 2818; x_wconf 86' lang='grc' dir='ltr'>τυγχά-</span> 
     </span>
    </p>
   </div>
   <div class='ocr_carea' id='block_1_32' title="bbox 93 2849 266 2885">
    <p class='ocr_par' dir='ltr' id='par_1_32' title="bbox 93 2849 266 2885">
     <span class='ocr_line' id='line_1_32' title="bbox 93 2849 266 2885; baseline 0.012 -3"><span class='ocrx_word' id='word_1_223' title='bbox 93 2849 244 2883; x_wconf 79' lang='grc' dir='ltr'>νοντα</span> <span class='ocrx_word' id='word_1_224' title='bbox 250 2873 266 2885; x_wconf 89' lang='grc'><strong>.</strong></span> 
     </span>
    </p>
   </div>
   <div class='ocr_carea' id='block_1_33' title="bbox 165 3005 1706 3086">
    <p class='ocr_par' dir='ltr' id='par_1_33' title="bbox 165 3005 1706 3086">
     <span class='ocr_line' id='line_1_33' title="bbox 165 3005 1706 3086; baseline 0.003 -26"><span class='ocrx_word' id='word_1_225' title='bbox 165 3006 277 3065; x_wconf 70' lang='grc' dir='ltr'>κᾶν.</span> <span class='ocrx_word' id='word_1_226' title='bbox 309 3014 436 3062; x_wconf 86' lang='grc' dir='ltr'>Τότε</span> <span class='ocrx_word' id='word_1_227' title='bbox 475 3005 544 3067; x_wconf 72' lang='grc' dir='ltr'>δὴ</span> <span class='ocrx_word' id='word_1_228' title='bbox 589 3009 766 3062; x_wconf 86' lang='grc' dir='ltr'>λοιπὸν</span> <span class='ocrx_word' id='word_1_229' title='bbox 823 3012 1084 3086; x_wconf 81' lang='grc' dir='ltr'>τύραννος,</span> <span class='ocrx_word' id='word_1_230' title='bbox 1127 3011 1191 3071; x_wconf 83' lang='grc' dir='ltr'>ὡς</span> <span class='ocrx_word' id='word_1_231' title='bbox 1238 3013 1445 3064; x_wconf 86' lang='grc' dir='ltr'>πάντων</span> <span class='ocrx_word' id='word_1_232' title='bbox 1494 3012 1706 3085; x_wconf 78' lang='grc' dir='ltr'>ἀπειρήο</span> 
     </span>
    </p>
   </div>
   <div class='ocr_carea' id='block_1_34' title="bbox 94 3096 1705 3178">
    <p class='ocr_par' dir='ltr' id='par_1_34' title="bbox 94 3096 1705 3178">
     <span class='ocr_line' id='line_1_34' title="bbox 94 3096 1705 3178; baseline 0.004 -30"><span class='ocrx_word' id='word_1_233' title='bbox 94 3116 191 3163; x_wconf 83' lang='grc' dir='ltr'>κει,</span> <span class='ocrx_word' id='word_1_234' title='bbox 243 3096 296 3149; x_wconf 80' lang='grc' dir='ltr'>ἓν</span> <span class='ocrx_word' id='word_1_235' title='bbox 338 3101 521 3150; x_wconf 73' lang='grc' dir='ltr'>ἑαυτοῦ</span> <span class='ocrx_word' id='word_1_236' title='bbox 564 3103 782 3170; x_wconf 86' lang='grc' dir='ltr'>γίνεται,</span> <span class='ocrx_word' id='word_1_237' title='bbox 843 3104 933 3151; x_wconf 85' lang='grc' dir='ltr'>καὶ</span> <span class='ocrx_word' id='word_1_238' title='bbox 998 3107 1108 3161; x_wconf 88' lang='grc' dir='ltr'>τοῖς</span> <span class='ocrx_word' id='word_1_239' title='bbox 1158 3101 1370 3163; x_wconf 84' lang='grc' dir='ltr'>οἰκείοις</span> <span class='ocrx_word' id='word_1_240' title='bbox 1445 3101 1705 3178; x_wconf 77' lang='grc' dir='ltr'>ἐπιτρέπει</span> 
     </span>
    </p>
   </div>
   <div class='ocr_carea' id='block_1_35' title="bbox 95 3187 1705 3266">
    <p class='ocr_par' dir='ltr' id='par_1_35' title="bbox 95 3187 1705 3266">
     <span class='ocr_line' id='line_1_35' title="bbox 95 3187 1705 3266; baseline 0.004 -28"><span class='ocrx_word' id='word_1_241' title='bbox 95 3187 376 3260; x_wconf 80' lang='grc' dir='ltr'>λογισμοῖς</span> <span class='ocrx_word' id='word_1_242' title='bbox 411 3191 476 3240; x_wconf 75' lang='grc' dir='ltr'>τὰ</span> <span class='ocrx_word' id='word_1_243' title='bbox 538 3196 630 3248; x_wconf 82' lang='grc' dir='ltr'>τῆς</span> <span class='ocrx_word' id='word_1_244' title='bbox 689 3187 920 3259; x_wconf 66' lang='grc' dir='ltr'>σκέψεως</span> <span class='ocrx_word' id='word_1_245' title='bbox 951 3210 964 3222; x_wconf 90' lang='grc'><strong>·</strong></span> <span class='ocrx_word' id='word_1_246' title='bbox 998 3194 1088 3241; x_wconf 86' lang='grc' dir='ltr'>καὶ</span> <span class='ocrx_word' id='word_1_247' title='bbox 1138 3189 1340 3263; x_wconf 81' lang='grc' dir='ltr'>ἀθρεῖτε</span> <span class='ocrx_word' id='word_1_248' title='bbox 1405 3195 1705 3266; x_wconf 76' lang='grc' dir='ltr'>ποριμωτά-</span> 
     </span>
    </p>
   </div>
   <div class='ocr_carea' id='block_1_36' title="bbox 97 3275 1705 3352">
    <p class='ocr_par' dir='ltr' id='par_1_36' title="bbox 97 3275 1705 3352">
     <span class='ocr_line' id='line_1_36' title="bbox 97 3275 1705 3352; baseline 0.004 -24"><span class='ocrx_word' id='word_1_249' title='bbox 97 3295 192 3338; x_wconf 82' lang='grc' dir='ltr'>της</span> <span class='ocrx_word' id='word_1_250' title='bbox 256 3281 392 3350; x_wconf 78' lang='grc' dir='ltr'>πρὸς</span> <span class='ocrx_word' id='word_1_251' title='bbox 445 3280 503 3329; x_wconf 85' lang='grc' dir='ltr'>τό</span> <span class='ocrx_word' id='word_1_252' title='bbox 563 3281 722 3329; x_wconf 87' lang='grc' dir='ltr'>κακὸν</span> <span class='ocrx_word' id='word_1_253' title='bbox 772 3279 972 3350; x_wconf 77' lang='grc' dir='ltr'>φύσεως</span> <span class='ocrx_word' id='word_1_254' title='bbox 1047 3275 1316 3352; x_wconf 87' lang='grc' dir='ltr'>δαιμόνιον</span> <span class='ocrx_word' id='word_1_255' title='bbox 1376 3283 1444 3341; x_wconf 81' lang='grc' dir='ltr'>ὡς</span> <span class='ocrx_word' id='word_1_256' title='bbox 1504 3279 1705 3345; x_wconf 85' lang='grc' dir='ltr'>ἀληθῶς</span> 
     </span>
    </p>
   </div>
   <div class='ocr_carea' id='block_1_37' title="bbox 99 3367 1706 3441">
    <p class='ocr_par' dir='ltr' id='par_1_37' title="bbox 99 3367 1706 3441">
     <span class='ocr_line' id='line_1_37' title="bbox 99 3367 1706 3441; baseline 0.005 -26"><span class='ocrx_word' id='word_1_257' title='bbox 99 3367 311 3439; x_wconf 69' lang='grc' dir='ltr'>εὑρεμα.</span> <span class='ocrx_word' id='word_1_258' title='bbox 372 3368 692 3441; x_wconf 84' lang='grc' dir='ltr'>Προστάττει</span> <span class='ocrx_word' id='word_1_259' title='bbox 746 3367 979 3427; x_wconf 79' lang='grc' dir='ltr'>ζητῆσαι</span> <span class='ocrx_word' id='word_1_260' title='bbox 1045 3376 1142 3420; x_wconf 84' lang='grc' dir='ltr'>τῶν</span> <span class='ocrx_word' id='word_1_261' title='bbox 1205 3367 1488 3422; x_wconf 76' lang='grc' dir='ltr'>ἐπιστολῶν</span> <span class='ocrx_word' id='word_1_262' title='bbox 1545 3371 1706 3424; x_wconf 68' lang='grc' dir='ltr'>αὐτοῦ</span> 
     </span>
    </p>
   </div>
   <div class='ocr_carea' id='block_1_38' title="bbox 98 3451 1702 3530">
    <p class='ocr_par' dir='ltr' id='par_1_38' title="bbox 98 3451 1702 3530">
     <span class='ocr_line' id='line_1_38' title="bbox 98 3451 1702 3530; baseline 0.005 -26"><span class='ocrx_word' id='word_1_263' title='bbox 98 3458 244 3524; x_wconf 87' lang='grc' dir='ltr'>μίαν,</span> <span class='ocrx_word' id='word_1_264' title='bbox 304 3459 394 3506; x_wconf 82' lang='grc' dir='ltr'>καὶ</span> <span class='ocrx_word' id='word_1_265' title='bbox 443 3451 538 3507; x_wconf 79' lang='grc' dir='ltr'>διὰ</span> <span class='ocrx_word' id='word_1_266' title='bbox 582 3453 827 3508; x_wconf 83' lang='grc' dir='ltr'>πλείστου</span> <span class='ocrx_word' id='word_1_267' title='bbox 881 3459 947 3516; x_wconf 80' lang='grc' dir='ltr'>ὡς</span> <span class='ocrx_word' id='word_1_268' title='bbox 1028 3458 1270 3530; x_wconf 75' lang='grc' dir='ltr'>εὑρέσθαι</span> <span class='ocrx_word' id='word_1_269' title='bbox 1352 3461 1702 3527; x_wconf 71' lang='grc' dir='ltr'>ποιήσασθαί,</span> 
     </span>
    </p>
   </div>
   <div class='ocr_carea' id='block_1_39' title="bbox 103 3539 1706 3620">
    <p class='ocr_par' dir='ltr' id='par_1_39' title="bbox 103 3539 1706 3620">
     <span class='ocr_line' id='line_1_39' title="bbox 103 3539 1706 3620; baseline 0.005 -27"><span class='ocrx_word' id='word_1_270' title='bbox 103 3539 270 3595; x_wconf 70' lang='grc' dir='ltr'>ἰδίαιν</span> <span class='ocrx_word' id='word_1_271' title='bbox 311 3540 372 3596; x_wconf 75' lang='grc' dir='ltr'>δε</span> <span class='ocrx_word' id='word_1_272' title='bbox 425 3544 565 3614; x_wconf 75' lang='grc' dir='ltr'>αὐτῷ</span> <span class='ocrx_word' id='word_1_273' title='bbox 624 3541 1093 3618; x_wconf 69' lang='grc' dir='ltr'>διαχαραχθείσαν</span> <span class='ocrx_word' id='word_1_274' title='bbox 1140 3553 1337 3618; x_wconf 79' lang='grc' dir='ltr'>χεροῖν.</span> <span class='ocrx_word' id='word_1_275' title='bbox 1374 3553 1476 3600; x_wconf 77' lang='grc' dir='ltr'>Καὶ</span> <span class='ocrx_word' id='word_1_276' title='bbox 1503 3554 1628 3620; x_wconf 79' lang='grc' dir='ltr'>γοῦν</span> <span class='ocrx_word' id='word_1_277' title='bbox 1657 3550 1706 3601; x_wconf 83' lang='grc' dir='ltr'>οἱ</span> 
     </span>
    </p>
   </div>
   <div class='ocr_carea' id='block_1_40' title="bbox 103 3629 1704 3708">
    <p class='ocr_par' dir='ltr' id='par_1_40' title="bbox 103 3629 1704 3708">
     <span class='ocr_line' id='line_1_40' title="bbox 103 3629 1704 3708; baseline 0.006 -27"><span class='ocrx_word' id='word_1_278' title='bbox 103 3629 358 3706; x_wconf 77' lang='grc' dir='ltr'>ἀνθρώπῳ</span> <span class='ocrx_word' id='word_1_279' title='bbox 405 3631 585 3686; x_wconf 83' lang='grc' dir='ltr'>ἐκεῖνοι</span> <span class='ocrx_word' id='word_1_280' title='bbox 615 3638 703 3686; x_wconf 84' lang='grc' dir='ltr'>καὶ</span> <span class='ocrx_word' id='word_1_281' title='bbox 741 3639 812 3706; x_wconf 81' lang='grc' dir='ltr'>μὴ</span> <span class='ocrx_word' id='word_1_282' title='bbox 848 3642 961 3704; x_wconf 80' lang='grc' dir='ltr'>Θεῷ</span> <span class='ocrx_word' id='word_1_283' title='bbox 1021 3634 1255 3708; x_wconf 69' lang='grc' dir='ltr'>ἀρέσκειν</span> <span class='ocrx_word' id='word_1_284' title='bbox 1315 3632 1407 3688; x_wconf 74' lang='grc' dir='ltr'>διὰ</span> <span class='ocrx_word' id='word_1_285' title='bbox 1464 3633 1704 3700; x_wconf 77' lang='grc' dir='ltr'>σπουδῆς</span> 
     </span>
    </p>
   </div>
   <div class='ocr_carea' id='block_1_41' title="bbox 101 3719 1705 3796">
    <p class='ocr_par' dir='ltr' id='par_1_41' title="bbox 101 3719 1705 3796">
     <span class='ocr_line' id='line_1_41' title="bbox 101 3719 1705 3796; baseline 0.004 -25"><span class='ocrx_word' id='word_1_286' title='bbox 101 3721 332 3790; x_wconf 79' lang='grc' dir='ltr'>ἔχοντες,</span> <span class='ocrx_word' id='word_1_287' title='bbox 389 3722 456 3772; x_wconf 87' lang='grc' dir='ltr'>ὧν</span> <span class='ocrx_word' id='word_1_288' title='bbox 501 3727 591 3774; x_wconf 80' lang='grc' dir='ltr'>καὶ</span> <span class='ocrx_word' id='word_1_289' title='bbox 625 3725 692 3774; x_wconf 83' lang='grc' dir='ltr'>τά</span> <span class='ocrx_word' id='word_1_290' title='bbox 744 3723 877 3775; x_wconf 84' lang='grc' dir='ltr'>ὀστά</span> <span class='ocrx_word' id='word_1_291' title='bbox 925 3719 1296 3796; x_wconf 67' lang='grc' dir='ltr'>διεσκόρπισεν</span> <span class='ocrx_word' id='word_1_292' title='bbox 1345 3726 1370 3776; x_wconf 86' lang='grc' dir='ltr'>ό</span> <span class='ocrx_word' id='word_1_293' title='bbox 1421 3729 1569 3793; x_wconf 86' lang='grc' dir='ltr'>Θεὸς,</span> <span class='ocrx_word' id='word_1_294' title='bbox 1617 3729 1705 3778; x_wconf 77' lang='grc' dir='ltr'>καὶ</span> 
     </span>
    </p>
   </div>
   <div class='ocr_carea' id='block_1_42' title="bbox 103 3809 1705 3884">
    <p class='ocr_par' dir='ltr' id='par_1_42' title="bbox 103 3809 1705 3884">
     <span class='ocr_line' id='line_1_42' title="bbox 103 3809 1705 3884; baseline 0.006 -25"><span class='ocrx_word' id='word_1_295' title='bbox 103 3809 168 3860; x_wconf 83' lang='grc' dir='ltr'>ὧν</span> <span class='ocrx_word' id='word_1_296' title='bbox 243 3809 358 3883; x_wconf 83' lang='grc' dir='ltr'>μετ’</span> <span class='ocrx_word' id='word_1_297' title='bbox 416 3814 557 3882; x_wconf 76' lang='grc' dir='ltr'>ἤχου</span> <span class='ocrx_word' id='word_1_298' title='bbox 635 3815 692 3863; x_wconf 84' lang='grc' dir='ltr'>τὸ</span> <span class='ocrx_word' id='word_1_299' title='bbox 759 3817 1092 3884; x_wconf 85' lang='grc' dir='ltr'>μνημόσυνον</span> <span class='ocrx_word' id='word_1_300' title='bbox 1153 3813 1326 3876; x_wconf 79' lang='grc' dir='ltr'>ὤλετο,</span> <span class='ocrx_word' id='word_1_301' title='bbox 1388 3812 1705 3873; x_wconf 76' lang='grc' dir='ltr'>ἐζητηκασιν</span> 
     </span>
    </p>
   </div>
   <div class='ocr_carea' id='block_1_43' title="bbox 102 3895 1702 3980">
    <p class='ocr_par' dir='ltr' id='par_1_43' title="bbox 102 3895 1702 3980">
     <span class='ocr_line' id='line_1_43' title="bbox 102 3895 1702 3980; baseline -0.002 -21"><span class='ocrx_word' id='word_1_302' title='bbox 102 3900 380 3974; x_wconf 59' lang='grc' dir='ltr'>εὑρήκασι,</span> <span class='ocrx_word' id='word_1_303' title='bbox 439 3895 688 3972; x_wconf 79' lang='grc' dir='ltr'>δρομαίοι</span> <span class='ocrx_word' id='word_1_304' title='bbox 767 3905 1244 3974; x_wconf 80' lang='grc' dir='ltr'>προσενηνόχασιν.</span> <span class='ocrx_word' id='word_1_305' title='bbox 1296 3901 1354 3954; x_wconf 83' lang='grc' dir='ltr'><strong>Ὀ</strong></span> <span class='ocrx_word' id='word_1_306' title='bbox 1420 3899 1472 3955; x_wconf 79' lang='grc' dir='ltr'>δ’</span> <span class='ocrx_word' id='word_1_307' title='bbox 1530 3906 1702 3980; x_wconf 76' lang='grc' dir='ltr'>ὥσπερ</span> 
     </span>
    </p>
   </div>
   <div class='ocr_carea' id='block_1_44' title="bbox 105 3985 1703 4064">
    <p class='ocr_par' dir='ltr' id='par_1_44' title="bbox 105 3985 1703 4064">
     <span class='ocr_line' id='line_1_44' title="bbox 105 3985 1703 4064; baseline 0.005 -26"><span class='ocrx_word' id='word_1_308' title='bbox 105 3987 318 4061; x_wconf 85' lang='grc' dir='ltr'>ἑρμαίου</span> <span class='ocrx_word' id='word_1_309' title='bbox 372 3985 672 4060; x_wconf 66' lang='grc' dir='ltr'>λαϐόμενος,</span> <span class='ocrx_word' id='word_1_310' title='bbox 730 3996 831 4040; x_wconf 82' lang='grc' dir='ltr'>τῶν</span> <span class='ocrx_word' id='word_1_311' title='bbox 887 4009 990 4042; x_wconf 89' lang='grc' dir='ltr'>τινι</span> <span class='ocrx_word' id='word_1_312' title='bbox 1039 3998 1206 4042; x_wconf 69' lang='grc' dir='ltr'>ταῦτα</span> <span class='ocrx_word' id='word_1_313' title='bbox 1267 3987 1467 4054; x_wconf 75' lang='grc' dir='ltr'>δεξιῶν,</span> <span class='ocrx_word' id='word_1_314' title='bbox 1522 3996 1584 4045; x_wconf 80' lang='grc' dir='ltr'>Εἴ</span> <span class='ocrx_word' id='word_1_315' title='bbox 1624 4013 1703 4064; x_wconf 86' lang='grc' dir='ltr'>γε,</span> 
     </span>
    </p>
   </div>
   <div class='ocr_carea' id='block_1_45' title="bbox 106 4073 1704 4150">
    <p class='ocr_par' dir='ltr' id='par_1_45' title="bbox 106 4073 1704 4150">
     <span class='ocr_line' id='line_1_45' title="bbox 106 4073 1704 4150; baseline 0.003 -21"><span class='ocrx_word' id='word_1_316' title='bbox 106 4082 252 4148; x_wconf 59' lang='grc' dir='ltr'>φησι,</span> <span class='ocrx_word' id='word_1_317' title='bbox 313 4073 594 4138; x_wconf 66' lang='grc' dir='ltr'>δυνηθείης</span> <span class='ocrx_word' id='word_1_318' title='bbox 627 4075 1074 4150; x_wconf 82' lang='grc' dir='ltr'>ἀπομιμήσασθαι</span> <span class='ocrx_word' id='word_1_319' title='bbox 1105 4084 1198 4137; x_wconf 78' lang='grc' dir='ltr'>τὴν</span> <span class='ocrx_word' id='word_1_320' title='bbox 1240 4077 1294 4132; x_wconf 68' lang='lat' dir='ltr'>id</span> <span class='ocrx_word' id='word_1_321' title='bbox 1301 4085 1381 4132; x_wconf 87' lang='grc' dir='ltr'>ίαν</span> <span class='ocrx_word' id='word_1_322' title='bbox 1420 4089 1516 4142; x_wconf 84' lang='grc' dir='ltr'>τῆς</span> <span class='ocrx_word' id='word_1_323' title='bbox 1543 4090 1634 4133; x_wconf 72' lang='grc' dir='ltr'>τοῦ</span> <span class='ocrx_word' id='word_1_324' title='bbox 1655 4081 1704 4134; x_wconf 74' lang='grc' dir='ltr'>ἐν</span> 
     </span>
    </p>
   </div>
   <div class='ocr_carea' id='block_1_46' title="bbox 103 4165 1705 4241">
    <p class='ocr_par' dir='ltr' id='par_1_46' title="bbox 103 4165 1705 4241">
     <span class='ocr_line' id='line_1_46' title="bbox 103 4165 1705 4241; baseline 0.004 -25"><span class='ocrx_word' id='word_1_325' title='bbox 103 4173 161 4237; x_wconf 75' lang='grc' dir='ltr'>τῇ</span> <span class='ocrx_word' id='word_1_326' title='bbox 212 4173 490 4237; x_wconf 80' lang='grc' dir='ltr'>Δαμασκῷ</span> <span class='ocrx_word' id='word_1_327' title='bbox 546 4165 782 4219; x_wconf 85' lang='grc' dir='ltr'>Ἰωάννοτ</span> <span class='ocrx_word' id='word_1_328' title='bbox 831 4176 1035 4241; x_wconf 62' lang='grc' dir='ltr'>γραφῆς</span> <span class='ocrx_word' id='word_1_329' title='bbox 1119 4169 1380 4238; x_wconf 84' lang='grc' dir='ltr'>(Ἰωάννου</span> <span class='ocrx_word' id='word_1_330' title='bbox 1425 4168 1556 4241; x_wconf 77' lang='grc' dir='ltr'>λέγω</span> <span class='ocrx_word' id='word_1_331' title='bbox 1611 4178 1705 4223; x_wconf 74' lang='grc' dir='ltr'>τοῦ</span> 
     </span>
    </p>
   </div>
   <div class='ocr_carea' id='block_1_47' title="bbox 103 4250 1704 4332">
    <p class='ocr_par' dir='ltr' id='par_1_47' title="bbox 103 4250 1704 4332">
     <span class='ocr_line' id='line_1_47' title="bbox 103 4250 1704 4332; baseline 0.004 -28"><span class='ocrx_word' id='word_1_332' title='bbox 103 4262 191 4306; x_wconf 74' lang='grc' dir='ltr'>τοῦ</span> <span class='ocrx_word' id='word_1_333' title='bbox 221 4258 502 4327; x_wconf 77' lang='grc' dir='ltr'>Μανσοὺρ,</span> <span class='ocrx_word' id='word_1_334' title='bbox 547 4255 602 4306; x_wconf 85' lang='grc' dir='ltr'>ὃν</span> <span class='ocrx_word' id='word_1_335' title='bbox 659 4250 826 4308; x_wconf 77' lang='grc' dir='ltr'>δεινόν</span> <span class='ocrx_word' id='word_1_336' title='bbox 863 4254 1096 4308; x_wconf 86' lang='grc' dir='ltr'>κάκεῖθεν</span> <span class='ocrx_word' id='word_1_337' title='bbox 1137 4253 1279 4315; x_wconf 73' lang='grc' dir='ltr'>ἦσθα</span> <span class='ocrx_word' id='word_1_338' title='bbox 1317 4266 1418 4309; x_wconf 83' lang='grc' dir='ltr'>τῶν</span> <span class='ocrx_word' id='word_1_339' title='bbox 1445 4259 1704 4332; x_wconf 76' lang='grc' dir='ltr'>ἡμετέρων</span> 
     </span>
    </p>
   </div>
   <div class='ocr_carea' id='block_1_48' title="bbox 103 4341 1704 4420">
    <p class='ocr_par' dir='ltr' id='par_1_48' title="bbox 103 4341 1704 4420">
     <span class='ocr_line' id='line_1_48' title="bbox 103 4341 1704 4420; baseline 0.011 -28"><span class='ocrx_word' id='word_1_340' title='bbox 103 4341 294 4417; x_wconf 80' lang='grc' dir='ltr'>ἐχθρὸν</span> <span class='ocrx_word' id='word_1_341' title='bbox 319 4341 410 4396; x_wconf 81' lang='grc' dir='ltr'>καὶ</span> <span class='ocrx_word' id='word_1_342' title='bbox 456 4343 722 4416; x_wconf 77' lang='grc' dir='ltr'>πολέμιον)</span> <span class='ocrx_word' id='word_1_343' title='bbox 760 4348 966 4398; x_wconf 85' lang='grc' dir='ltr'>καὶτὸν</span> <span class='ocrx_word' id='word_1_344' title='bbox 1016 4353 1116 4398; x_wconf 83' lang='grc' dir='ltr'>τῶν</span> <span class='ocrx_word' id='word_1_345' title='bbox 1168 4349 1488 4420; x_wconf 75' lang='grc' dir='ltr'>γράμμάτων</span> <span class='ocrx_word' id='word_1_346' title='bbox 1545 4351 1704 4401; x_wconf 76' lang='grc' dir='ltr'>τύπον</span> 
     </span>
    </p>
   </div>
   <div class='ocr_carea' id='block_1_49' title="bbox 104 4430 1700 4510">
    <p class='ocr_par' dir='ltr' id='par_1_49' title="bbox 104 4430 1700 4510">
     <span class='ocr_line' id='line_1_49' title="bbox 104 4430 1700 4510; baseline 0.004 -28"><span class='ocrx_word' id='word_1_347' title='bbox 104 4430 583 4507; x_wconf 68' lang='grc' dir='ltr'>ἐξακριϐὡσασθαι,</span> <span class='ocrx_word' id='word_1_348' title='bbox 641 4434 866 4506; x_wconf 80' lang='grc' dir='ltr'>μεγάλην</span> <span class='ocrx_word' id='word_1_349' title='bbox 931 4438 1141 4508; x_wconf 81' lang='grc' dir='ltr'>ε’ῐσομαί</span> <span class='ocrx_word' id='word_1_350' title='bbox 1221 4455 1305 4488; x_wconf 91' lang='grc' dir='ltr'>σοι</span> <span class='ocrx_word' id='word_1_351' title='bbox 1364 4441 1460 4495; x_wconf 78' lang='grc' dir='ltr'>την</span> <span class='ocrx_word' id='word_1_352' title='bbox 1518 4439 1700 4510; x_wconf 81' lang='grc' dir='ltr'>χάριν,</span> 
     </span>
    </p>
   </div>
   <div class='ocr_carea' id='block_1_50' title="bbox 103 4505 1786 4598">
    <p class='ocr_par' dir='ltr' id='par_1_50' title="bbox 103 4505 1786 4598">
     <span class='ocr_line' id='line_1_50' title="bbox 103 4505 1786 4598; baseline 0.003 -25"><span class='ocrx_word' id='word_1_353' title='bbox 103 4527 185 4574; x_wconf 82' lang='grc' dir='ltr'>καὶ</span> <span class='ocrx_word' id='word_1_354' title='bbox 267 4527 529 4596; x_wconf 83' lang='grc' dir='ltr'>μεγίστων</span> <span class='ocrx_word' id='word_1_355' title='bbox 590 4521 800 4586; x_wconf 79' lang='grc' dir='ltr'>ἀξιώσω</span> <span class='ocrx_word' id='word_1_356' title='bbox 853 4533 952 4576; x_wconf 83' lang='grc' dir='ltr'>τῶν</span> <span class='ocrx_word' id='word_1_357' title='bbox 1019 4522 1269 4598; x_wconf 82' lang='grc' dir='ltr'>ἀμοιϐῶν.</span> <span class='ocrx_word' id='word_1_358' title='bbox 1335 4525 1541 4578; x_wconf 67' lang='grc' dir='ltr'>Ἀκούει</span> <span class='ocrx_word' id='word_1_359' title='bbox 1603 4535 1704 4578; x_wconf 80' lang='grc' dir='ltr'>τῶν</span> <span class='ocrx_word' id='word_1_360' title='bbox 1742 4505 1786 4558; x_wconf 83' lang='lat' dir='ltr'>D</span> 
     </span>
    </p>
   </div>
   <div class='ocr_carea' id='block_1_51' title="bbox 104 4609 1701 4690">
    <p class='ocr_par' dir='ltr' id='par_1_51' title="bbox 104 4609 1701 4690">
     <span class='ocr_line' id='line_1_51' title="bbox 104 4609 1701 4690; baseline 0.004 -28"><span class='ocrx_word' id='word_1_361' title='bbox 104 4609 264 4682; x_wconf 87' lang='grc' dir='ltr'>λόγων</span> <span class='ocrx_word' id='word_1_362' title='bbox 299 4613 327 4665; x_wconf 85' lang='grc' dir='ltr'><strong><em>ὁ</em></strong></span> <span class='ocrx_word' id='word_1_363' title='bbox 383 4609 552 4676; x_wconf 79' lang='grc' dir='ltr'>δεξιὸς</span> <span class='ocrx_word' id='word_1_364' title='bbox 611 4618 706 4672; x_wconf 85' lang='grc' dir='ltr'>τήν</span> <span class='ocrx_word' id='word_1_365' title='bbox 749 4617 939 4666; x_wconf 78' lang='grc' dir='ltr'>κακίαν</span> <span class='ocrx_word' id='word_1_366' title='bbox 981 4615 1330 4690; x_wconf 69' lang='grc' dir='ltr'>ὑπογραφεὺς,</span> <span class='ocrx_word' id='word_1_367' title='bbox 1384 4619 1473 4668; x_wconf 78' lang='grc' dir='ltr'>καὶ</span> <span class='ocrx_word' id='word_1_368' title='bbox 1531 4616 1701 4668; x_wconf 77' lang='grc' dir='ltr'>ὑπισ-</span> 
     </span>
    </p>
   </div>
   <div class='ocr_carea' id='block_1_52' title="bbox 105 4704 1706 4778">
    <p class='ocr_par' dir='ltr' id='par_1_52' title="bbox 105 4704 1706 4778">
     <span class='ocr_line' id='line_1_52' title="bbox 105 4704 1706 4778; baseline 0.002 -26"><span class='ocrx_word' id='word_1_369' title='bbox 105 4711 312 4772; x_wconf 81' lang='grc' dir='ltr'>χνεῖται</span> <span class='ocrx_word' id='word_1_370' title='bbox 344 4707 440 4762; x_wconf 79' lang='grc' dir='ltr'>τὴν</span> <span class='ocrx_word' id='word_1_371' title='bbox 493 4708 880 4778; x_wconf 87' lang='grc' dir='ltr'>μεταχείρισιν,</span> <span class='ocrx_word' id='word_1_372' title='bbox 929 4709 1017 4757; x_wconf 85' lang='grc' dir='ltr'>καὶ</span> <span class='ocrx_word' id='word_1_373' title='bbox 1075 4704 1211 4758; x_wconf 74' lang='grc' dir='ltr'>οὕτω</span> <span class='ocrx_word' id='word_1_374' title='bbox 1267 4724 1376 4766; x_wconf 89' lang='grc' dir='ltr'>πως</span> <span class='ocrx_word' id='word_1_375' title='bbox 1438 4705 1706 4778; x_wconf 72' lang='grc' dir='ltr'>εὐστόχως</span> 
     </span>
    </p>
   </div>
   <div class='ocr_carea' id='block_1_53' title="bbox 107 4789 1704 4869">
    <p class='ocr_par' dir='ltr' id='par_1_53' title="bbox 107 4789 1704 4869">
     <span class='ocr_line' id='line_1_53' title="bbox 107 4789 1704 4869; baseline 0.004 -27"><span class='ocrx_word' id='word_1_376' title='bbox 107 4789 354 4868; x_wconf 78' lang='grc' dir='ltr'>ἐκπληροῖ</span> <span class='ocrx_word' id='word_1_377' title='bbox 390 4795 450 4845; x_wconf 85' lang='grc' dir='ltr'>τὸ</span> <span class='ocrx_word' id='word_1_378' title='bbox 506 4796 631 4867; x_wconf 84' lang='grc' dir='ltr'>πρὸς</span> <span class='ocrx_word' id='word_1_379' title='bbox 678 4791 956 4866; x_wconf 75' lang='grc' dir='ltr'>βούλησιν,</span> <span class='ocrx_word' id='word_1_380' title='bbox 1010 4797 1076 4856; x_wconf 80' lang='grc' dir='ltr'>ὡς</span> <span class='ocrx_word' id='word_1_381' title='bbox 1105 4794 1213 4866; x_wconf 68' lang='grc' dir='ltr'>οὐχ</span> <span class='ocrx_word' id='word_1_382' title='bbox 1243 4795 1322 4847; x_wconf 82' lang='grc' dir='ltr'>ὅτι</span> <span class='ocrx_word' id='word_1_383' title='bbox 1357 4797 1486 4869; x_wconf 84' lang='grc' dir='ltr'>πρός</span> <span class='ocrx_word' id='word_1_384' title='bbox 1520 4795 1704 4859; x_wconf 80' lang='grc' dir='ltr'>ἄλλους</span> 
     </span>
    </p>
   </div>
   <div class='ocr_carea' id='block_1_54' title="bbox 108 4875 1705 4957">
    <p class='ocr_par' dir='ltr' id='par_1_54' title="bbox 108 4875 1705 4957">
     <span class='ocr_line' id='line_1_54' title="bbox 108 4875 1705 4957; baseline 0.004 -25"><span class='ocrx_word' id='word_1_385' title='bbox 108 4875 392 4950; x_wconf 75' lang='grc' dir='ltr'>διαλαϐεῖν,</span> <span class='ocrx_word' id='word_1_386' title='bbox 427 4880 554 4935; x_wconf 79' lang='grc' dir='ltr'>ἀλλὰ</span> <span class='ocrx_word' id='word_1_387' title='bbox 600 4887 691 4936; x_wconf 82' lang='grc' dir='ltr'>καὶ</span> <span class='ocrx_word' id='word_1_388' title='bbox 743 4883 884 4956; x_wconf 64' lang='grc' dir='ltr'>αὐτῷ</span> <span class='ocrx_word' id='word_1_389' title='bbox 938 4902 995 4956; x_wconf 86' lang='grc' dir='ltr'>γε</span> <span class='ocrx_word' id='word_1_390' title='bbox 1059 4892 1132 4956; x_wconf 81' lang='grc' dir='ltr'>τῷ</span> <span class='ocrx_word' id='word_1_391' title='bbox 1188 4883 1590 4957; x_wconf 83' lang='grc' dir='ltr'>ἀγχινουστάτῳ</span> <span class='ocrx_word' id='word_1_392' title='bbox 1615 4889 1705 4938; x_wconf 79' lang='grc' dir='ltr'>καὶ</span> 
     </span>
    </p>
   </div>
   <div class='ocr_carea' id='block_1_55' title="bbox 106 4972 1706 5046">
    <p class='ocr_par' dir='ltr' id='par_1_55' title="bbox 106 4972 1706 5046">
     <span class='ocr_line' id='line_1_55' title="bbox 106 4972 1706 5046; baseline 0.003 -25"><span class='ocrx_word' id='word_1_393' title='bbox 106 4975 231 5045; x_wconf 86' lang='grc' dir='ltr'>πρὸς</span> <span class='ocrx_word' id='word_1_394' title='bbox 283 4974 472 5033; x_wconf 82' lang='grc' dir='ltr'>παντὸς</span> <span class='ocrx_word' id='word_1_395' title='bbox 526 4972 828 5026; x_wconf 70' lang='grc' dir='ltr'>οὑτινοσοῦν</span> <span class='ocrx_word' id='word_1_396' title='bbox 880 4972 1116 5046; x_wconf 75' lang='grc' dir='ltr'>ὐξυτάτῳ</span> <span class='ocrx_word' id='word_1_397' title='bbox 1172 4973 1465 5045; x_wconf 75' lang='grc' dir='ltr'>κατάληψιν</span> <span class='ocrx_word' id='word_1_398' title='bbox 1518 4977 1584 5026; x_wconf 79' lang='grc' dir='ltr'>τα</span> <span class='ocrx_word' id='word_1_399' title='bbox 1609 4982 1706 5036; x_wconf 81' lang='grc' dir='ltr'>τῆς</span> 
     </span>
    </p>
   </div>
   <div class='ocr_carea' id='block_1_56' title="bbox 109 5058 1703 5136">
    <p class='ocr_par' dir='ltr' id='par_1_56' title="bbox 109 5058 1703 5136">
     <span class='ocr_line' id='line_1_56' title="bbox 109 5058 1703 5136; baseline 0.003 -24"><span class='ocrx_word' id='word_1_400' title='bbox 109 5065 390 5136; x_wconf 84' lang='grc' dir='ltr'>σκαιωρίας</span> <span class='ocrx_word' id='word_1_401' title='bbox 430 5058 754 5134; x_wconf 80' lang='grc' dir='ltr'>ἀμωσγέπως</span> <span class='ocrx_word' id='word_1_402' title='bbox 803 5060 1141 5134; x_wconf 77' lang='grc' dir='ltr'>ἀγνοηθῆναι,</span> <span class='ocrx_word' id='word_1_403' title='bbox 1199 5068 1289 5116; x_wconf 80' lang='grc' dir='ltr'>καὶ</span> <span class='ocrx_word' id='word_1_404' title='bbox 1341 5065 1407 5116; x_wconf 80' lang='grc' dir='ltr'>τὰ</span> <span class='ocrx_word' id='word_1_405' title='bbox 1461 5072 1559 5125; x_wconf 77' lang='grc' dir='ltr'>τῆς</span> <span class='ocrx_word' id='word_1_406' title='bbox 1605 5082 1703 5116; x_wconf 81' lang='grc' dir='ltr'>καο</span> 
     </span>
    </p>
   </div>
   <div class='ocr_carea' id='block_1_57' title="bbox 105 5146 1704 5226">
    <p class='ocr_par' dir='ltr' id='par_1_57' title="bbox 105 5146 1704 5226">
     <span class='ocr_line' id='line_1_57' title="bbox 105 5146 1704 5226; baseline 0.003 -24"><span class='ocrx_word' id='word_1_407' title='bbox 105 5155 356 5225; x_wconf 81' lang='grc' dir='ltr'>κουργίας</span> <span class='ocrx_word' id='word_1_408' title='bbox 400 5146 766 5225; x_wconf 71' lang='grc' dir='ltr'>παραδραμεῖν</span> <span class='ocrx_word' id='word_1_409' title='bbox 820 5172 833 5185; x_wconf 87' lang='grc'><strong>·</strong></span> <span class='ocrx_word' id='word_1_410' title='bbox 887 5159 978 5206; x_wconf 78' lang='grc' dir='ltr'>καὶ</span> <span class='ocrx_word' id='word_1_411' title='bbox 1033 5160 1303 5223; x_wconf 81' lang='grc' dir='ltr'>τοσοῦτον,</span> <span class='ocrx_word' id='word_1_412' title='bbox 1361 5155 1432 5215; x_wconf 84' lang='grc' dir='ltr'>ὡς</span> <span class='ocrx_word' id='word_1_413' title='bbox 1500 5156 1568 5206; x_wconf 79' lang='grc' dir='ltr'>τὰ</span> <span class='ocrx_word' id='word_1_414' title='bbox 1613 5156 1704 5226; x_wconf 70' lang='grc' dir='ltr'>μὶν</span> 
     </span>
    </p>
   </div>
   <div class='ocr_carea' id='block_1_58' title="bbox 107 5239 1705 5319">
    <p class='ocr_par' dir='ltr' id='par_1_58' title="bbox 107 5239 1705 5319">
     <span class='ocr_line' id='line_1_58' title="bbox 107 5239 1705 5319; baseline 0.002 -28"><span class='ocrx_word' id='word_1_415' title='bbox 107 5248 447 5314; x_wconf 79' lang='grc' dir='ltr'>χαρακτῆρος</span> <span class='ocrx_word' id='word_1_416' title='bbox 523 5239 875 5312; x_wconf 70' lang='grc' dir='ltr'>ἀμφισϐητεῖν</span> <span class='ocrx_word' id='word_1_417' title='bbox 932 5246 1022 5296; x_wconf 79' lang='grc' dir='ltr'>καὶ</span> <span class='ocrx_word' id='word_1_418' title='bbox 1078 5250 1177 5295; x_wconf 85' lang='grc' dir='ltr'>τῶν</span> <span class='ocrx_word' id='word_1_419' title='bbox 1257 5243 1581 5319; x_wconf 86' lang='grc' dir='ltr'>γραμμάτων</span> <span class='ocrx_word' id='word_1_420' title='bbox 1635 5245 1705 5304; x_wconf 84' lang='grc' dir='ltr'>ὡς</span> 
     </span>
    </p>
   </div>
   <div class='ocr_carea' id='block_1_59' title="bbox 112 5325 1703 5407">
    <p class='ocr_par' dir='ltr' id='par_1_59' title="bbox 112 5325 1703 5407">
     <span class='ocr_line' id='line_1_59' title="bbox 112 5325 1703 5407; baseline 0.002 -27"><span class='ocrx_word' id='word_1_421' title='bbox 112 5325 261 5382; x_wconf 82' lang='grc' dir='ltr'>ἰδίων</span> <span class='ocrx_word' id='word_1_422' title='bbox 308 5327 710 5395; x_wconf 83' lang='grc' dir='ltr'>ἀντιποιεῖσθαι,</span> <span class='ocrx_word' id='word_1_423' title='bbox 776 5333 843 5383; x_wconf 84' lang='grc' dir='ltr'>τά</span> <span class='ocrx_word' id='word_1_424' title='bbox 900 5327 950 5384; x_wconf 78' lang='grc' dir='ltr'>δ’</span> <span class='ocrx_word' id='word_1_425' title='bbox 1009 5329 1476 5407; x_wconf 80' lang='grc' dir='ltr'>ἐμπεριειλημμένα</span> <span class='ocrx_word' id='word_1_426' title='bbox 1523 5335 1703 5404; x_wconf 74' lang='grc' dir='ltr'>σφίσιν</span> 
     </span>
    </p>
   </div>
   <div class='ocr_carea' id='block_1_60' title="bbox 108 5415 1705 5496">
    <p class='ocr_par' dir='ltr' id='par_1_60' title="bbox 108 5415 1705 5496">
     <span class='ocr_line' id='line_1_60' title="bbox 108 5415 1705 5496; baseline 0.004 -29"><span class='ocrx_word' id='word_1_427' title='bbox 108 5421 167 5480; x_wconf 76' lang='grc' dir='ltr'>ὼς</span> <span class='ocrx_word' id='word_1_428' title='bbox 231 5419 329 5472; x_wconf 77' lang='grc' dir='ltr'>οὐκ</span> <span class='ocrx_word' id='word_1_429' title='bbox 405 5415 521 5472; x_wconf 72' lang='grc' dir='ltr'>ἴδια</span> <span class='ocrx_word' id='word_1_430' title='bbox 576 5421 1025 5494; x_wconf 80' lang='grc' dir='ltr'>παρακρούεσθαι.</span> <span class='ocrx_word' id='word_1_431' title='bbox 1101 5427 1201 5475; x_wconf 76' lang='grc' dir='ltr'>Καί</span> <span class='ocrx_word' id='word_1_432' title='bbox 1251 5424 1352 5496; x_wconf 80' lang='grc' dir='ltr'>γὰρ</span> <span class='ocrx_word' id='word_1_433' title='bbox 1408 5420 1705 5475; x_wconf 75' lang='grc' dir='ltr'>πέπλασται</span> 
     </span>
    </p>
   </div>
   <div class='ocr_carea' id='block_1_61' title="bbox 105 5505 1704 5582">
    <p class='ocr_par' dir='ltr' id='par_1_61' title="bbox 105 5505 1704 5582">
     <span class='ocr_line' id='line_1_61' title="bbox 105 5505 1704 5582; baseline 0.004 -24"><span class='ocrx_word' id='word_1_434' title='bbox 105 5515 172 5578; x_wconf 79' lang='grc' dir='ltr'>τῷ</span> <span class='ocrx_word' id='word_1_435' title='bbox 211 5505 368 5580; x_wconf 80' lang='grc' dir='ltr'>δεινῷ</span> <span class='ocrx_word' id='word_1_436' title='bbox 414 5508 646 5582; x_wconf 83' lang='grc' dir='ltr'>τυράννῳ</span> <span class='ocrx_word' id='word_1_437' title='bbox 683 5507 964 5572; x_wconf 72' lang='grc' dir='ltr'>ἐπιστολῆς</span> <span class='ocrx_word' id='word_1_438' title='bbox 1003 5507 1233 5576; x_wconf 71' lang='grc' dir='ltr'>ἓκδοσις,</span> <span class='ocrx_word' id='word_1_439' title='bbox 1304 5507 1463 5570; x_wconf 78' lang='grc' dir='ltr'>δῆθεν</span> <span class='ocrx_word' id='word_1_440' title='bbox 1518 5509 1574 5562; x_wconf 73' lang='grc' dir='ltr'>ἐκ</span> <span class='ocrx_word' id='word_1_441' title='bbox 1611 5519 1704 5564; x_wconf 72' lang='grc' dir='ltr'>τοῦ</span> 
     </span>
    </p>
   </div>
   <div class='ocr_carea' id='block_1_62' title="bbox 108 5595 1706 5678">
    <p class='ocr_par' dir='ltr' id='par_1_62' title="bbox 108 5595 1706 5678">
     <span class='ocr_line' id='line_1_62' title="bbox 108 5595 1706 5678; baseline 0.004 -27"><span class='ocrx_word' id='word_1_442' title='bbox 108 5595 341 5654; x_wconf 84' lang='grc' dir='ltr'>Ἰωάννου</span> <span class='ocrx_word' id='word_1_443' title='bbox 388 5600 518 5676; x_wconf 84' lang='grc' dir='ltr'>πρὸς</span> <span class='ocrx_word' id='word_1_444' title='bbox 556 5598 881 5671; x_wconf 75' lang='grc' dir='ltr'>Αὔγουστον,</span> <span class='ocrx_word' id='word_1_445' title='bbox 926 5605 1016 5655; x_wconf 85' lang='grc' dir='ltr'>καὶ</span> <span class='ocrx_word' id='word_1_446' title='bbox 1057 5603 1380 5657; x_wconf 78' lang='grc' dir='ltr'>συντέθειται</span> <span class='ocrx_word' id='word_1_447' title='bbox 1415 5608 1486 5677; x_wconf 75' lang='grc' dir='ltr'>τῷ</span> <span class='ocrx_word' id='word_1_448' title='bbox 1531 5601 1706 5678; x_wconf 72' lang='grc' dir='ltr'>εὐφυεῖ</span> 
     </span>
    </p>
   </div>
   <div class='ocr_carea' id='block_1_63' title="bbox 601 5725 1178 5789">
    <p class='ocr_par' dir='ltr' id='par_1_63' title="bbox 601 5725 1178 5789">
     <span class='ocr_line' id='line_1_63' title="bbox 601 5725 1178 5789; baseline 0.01 -6"><span class='ocrx_word' id='word_1_449' title='bbox 601 5725 848 5786; x_wconf 67' lang='grc' dir='ltr'>Ρλτιιοι.</span> <span class='ocrx_word' id='word_1_450' title='bbox 891 5729 992 5788; x_wconf 75' lang='lat' dir='ltr'>Gn.</span> <span class='ocrx_word' id='word_1_451' title='bbox 1034 5728 1178 5789; x_wconf 76' lang='lat' dir='ltr'>CXL.</span> 
     </span>
    </p>
   </div>
   <div class='ocr_carea' id='block_1_64' title="bbox 1833 513 3474 588">
    <p class='ocr_par' dir='ltr' id='par_1_64' title="bbox 1833 513 3474 588">
     <span class='ocr_line' id='line_1_64' title="bbox 1833 513 3474 588; baseline 0.002 -18"><span class='ocrx_word' id='word_1_452' title='bbox 1833 529 2078 588; x_wconf 90' lang='lat' dir='ltr'>quoque</span> <span class='ocrx_word' id='word_1_453' title='bbox 2109 513 2362 581; x_wconf 78' lang='lat' dir='ltr'>habens,</span> <span class='ocrx_word' id='word_1_454' title='bbox 2399 513 2513 569; x_wconf 90' lang='lat' dir='ltr'>sub</span> <span class='ocrx_word' id='word_1_455' title='bbox 2541 513 2705 583; x_wconf 83' lang='lat' dir='ltr'>regia</span> <span class='ocrx_word' id='word_1_456' title='bbox 2743 529 2812 570; x_wconf 84' lang='lat' dir='ltr'>ac</span> <span class='ocrx_word' id='word_1_457' title='bbox 2844 513 3088 572; x_wconf 90' lang='lat' dir='ltr'>leonina</span> <span class='ocrx_word' id='word_1_458' title='bbox 3133 521 3192 572; x_wconf 90' lang='lat' dir='ltr'>et</span> <span class='ocrx_word' id='word_1_459' title='bbox 3228 517 3474 574; x_wconf 76' lang='lat' dir='ltr'>terribili</span> 
     </span>
    </p>
   </div>
   <div class='ocr_carea' id='block_1_65' title="bbox 1833 601 3482 676">
    <p class='ocr_par' dir='ltr' id='par_1_65' title="bbox 1833 601 3482 676">
     <span class='ocr_line' id='line_1_65' title="bbox 1833 601 3482 676; baseline 0.003 -18"><span class='ocrx_word' id='word_1_460' title='bbox 1833 604 2029 676; x_wconf 82' lang='lat' dir='ltr'>specie</span> <span class='ocrx_word' id='word_1_461' title='bbox 2057 602 2369 675; x_wconf 79' lang='lat' dir='ltr'>vulpinam</span> <span class='ocrx_word' id='word_1_462' title='bbox 2401 601 2702 674; x_wconf 84' lang='lat' dir='ltr'>vilemque</span> <span class='ocrx_word' id='word_1_463' title='bbox 2720 608 2777 659; x_wconf 89' lang='lat' dir='ltr'>et</span> <span class='ocrx_word' id='word_1_464' title='bbox 2811 602 3256 661; x_wconf 78' lang='lat' dir='ltr'>fraudulentam</span> <span class='ocrx_word' id='word_1_465' title='bbox 3287 607 3482 663; x_wconf 89' lang='lat' dir='ltr'>oceui-</span> 
     </span>
    </p>
   </div>
   <div class='ocr_carea' id='block_1_66' title="bbox 1832 691 3476 764">
    <p class='ocr_par' dir='ltr' id='par_1_66' title="bbox 1832 691 3476 764">
     <span class='ocr_line' id='line_1_66' title="bbox 1832 691 3476 764; baseline 0.004 -18"><span class='ocrx_word' id='word_1_466' title='bbox 1832 691 1996 749; x_wconf 90' lang='lat' dir='ltr'>tabat</span> <span class='ocrx_word' id='word_1_467' title='bbox 2015 697 2298 748; x_wconf 90' lang='lat' dir='ltr'>mentem.</span> <span class='ocrx_word' id='word_1_468' title='bbox 2331 691 2493 748; x_wconf 87' lang='lat' dir='ltr'>Furit</span> <span class='ocrx_word' id='word_1_469' title='bbox 2531 707 2673 764; x_wconf 88' lang='lat' dir='ltr'>ergo</span> <span class='ocrx_word' id='word_1_470' title='bbox 2717 697 2926 748; x_wconf 90' lang='lat' dir='ltr'>contra</span> <span class='ocrx_word' id='word_1_471' title='bbox 2972 698 3270 762; x_wconf 87' lang='lat' dir='ltr'>sanetum,</span> <span class='ocrx_word' id='word_1_472' title='bbox 3323 699 3476 752; x_wconf 87' lang='lat' dir='ltr'>occi-</span> 
     </span>
    </p>
   </div>
   <div class='ocr_carea' id='block_1_67' title="bbox 1828 779 3482 856">
    <p class='ocr_par' dir='ltr' id='par_1_67' title="bbox 1828 779 3482 856">
     <span class='ocr_line' id='line_1_67' title="bbox 1828 779 3482 856; baseline 0.002 -19"><span class='ocrx_word' id='word_1_473' title='bbox 1828 779 1969 837; x_wconf 85' lang='lat' dir='ltr'><strong>dere</strong></span> <span class='ocrx_word' id='word_1_474' title='bbox 2006 796 2167 848; x_wconf 90' lang='lat' dir='ltr'>eum,</span> <span class='ocrx_word' id='word_1_475' title='bbox 2211 780 2262 836; x_wconf 88' lang='lat' dir='ltr'>si</span> <span class='ocrx_word' id='word_1_476' title='bbox 2300 779 2510 853; x_wconf 82' lang='lat' dir='ltr'>possit,</span> <span class='ocrx_word' id='word_1_477' title='bbox 2552 785 2656 836; x_wconf 87' lang='lat' dir='ltr'>aut</span> <span class='ocrx_word' id='word_1_478' title='bbox 2699 779 2898 836; x_wconf 87' lang='lat' dir='ltr'>verius</span> <span class='ocrx_word' id='word_1_479' title='bbox 2953 780 3181 837; x_wconf 88' lang='lat' dir='ltr'>laniare</span> <span class='ocrx_word' id='word_1_480' title='bbox 3232 783 3482 856; x_wconf 90' lang='lat' dir='ltr'>cupiens</span> 
     </span>
    </p>
   </div>
   <div class='ocr_carea' id='block_1_68' title="bbox 1829 869 3483 943">
    <p class='ocr_par' dir='ltr' id='par_1_68' title="bbox 1829 869 3483 943">
     <span class='ocr_line' id='line_1_68' title="bbox 1829 869 3483 943; baseline 0.003 -18"><span class='ocrx_word' id='word_1_481' title='bbox 1829 874 2223 943; x_wconf 88' lang='lat' dir='ltr'>cruentasque</span> <span class='ocrx_word' id='word_1_482' title='bbox 2275 869 2552 926; x_wconf 80' lang='lat' dir='ltr'>maxillas</span> <span class='ocrx_word' id='word_1_483' title='bbox 2621 869 2915 941; x_wconf 83' lang='lat' dir='ltr'>sanguine</span> <span class='ocrx_word' id='word_1_484' title='bbox 2953 871 3086 942; x_wconf 85' lang='lat' dir='ltr'>ejus</span> <span class='ocrx_word' id='word_1_485' title='bbox 3131 872 3375 942; x_wconf 89' lang='lat' dir='ltr'>tingere,</span> <span class='ocrx_word' id='word_1_486' title='bbox 3425 878 3483 930; x_wconf 91' lang='lat' dir='ltr'>et</span> 
     </span>
    </p>
   </div>
   <div class='ocr_carea' id='block_1_69' title="bbox 1825 959 3480 1032">
    <p class='ocr_par' dir='ltr' id='par_1_69' title="bbox 1825 959 3480 1032">
     <span class='ocr_line' id='line_1_69' title="bbox 1825 959 3480 1032; baseline 0.003 -18"><span class='ocrx_word' id='word_1_487' title='bbox 1825 959 2384 1015; x_wconf 89' lang='lat' dir='ltr'>mansuetissimum</span> <span class='ocrx_word' id='word_1_488' title='bbox 2411 959 2606 1015; x_wconf 88' lang='lat' dir='ltr'>virum</span> <span class='ocrx_word' id='word_1_489' title='bbox 2637 960 2826 1015; x_wconf 84' lang='lat' dir='ltr'>ferino</span> <span class='ocrx_word' id='word_1_490' title='bbox 2859 974 3023 1015; x_wconf 87' lang='lat' dir='ltr'>more</span> <span class='ocrx_word' id='word_1_491' title='bbox 3051 975 3237 1032; x_wconf 89' lang='lat' dir='ltr'>quam</span> <span class='ocrx_word' id='word_1_492' title='bbox 3264 961 3480 1018; x_wconf 86' lang='lat' dir='ltr'>crude-</span> 
     </span>
    </p>
   </div>
   <div class='ocr_carea' id='block_1_70' title="bbox 1822 1047 3470 1122">
    <p class='ocr_par' dir='ltr' id='par_1_70' title="bbox 1822 1047 3470 1122">
     <span class='ocr_line' id='line_1_70' title="bbox 1822 1047 3470 1122; baseline 0.002 -18"><span class='ocrx_word' id='word_1_493' title='bbox 1822 1047 2048 1104; x_wconf 90' lang='lat' dir='ltr'>lissime</span> <span class='ocrx_word' id='word_1_494' title='bbox 2065 1049 2352 1105; x_wconf 86' lang='lat' dir='ltr'>devorare</span> <span class='ocrx_word' id='word_1_495' title='bbox 2388 1069 2400 1104; x_wconf 93' lang='lat'>:</span> <span class='ocrx_word' id='word_1_496' title='bbox 2432 1047 2536 1103; x_wconf 91' lang='lat' dir='ltr'>sed</span> <span class='ocrx_word' id='word_1_497' title='bbox 2575 1063 2697 1103; x_wconf 91' lang='lat' dir='ltr'>non</span> <span class='ocrx_word' id='word_1_498' title='bbox 2724 1048 3034 1104; x_wconf 88' lang='lat' dir='ltr'>inveniens</span> <span class='ocrx_word' id='word_1_499' title='bbox 3071 1050 3383 1122; x_wconf 89' lang='lat' dir='ltr'>quomodo</span> <span class='ocrx_word' id='word_1_500' title='bbox 3408 1051 3470 1108; x_wconf 89' lang='lat' dir='ltr'>id</span> 
     </span>
    </p>
   </div>
   <div class='ocr_carea' id='block_1_71' title="bbox 1823 1137 3475 1211">
    <p class='ocr_par' dir='ltr' id='par_1_71' title="bbox 1823 1137 3475 1211">
     <span class='ocr_line' id='line_1_71' title="bbox 1823 1137 3475 1211; baseline 0.002 -18"><span class='ocrx_word' id='word_1_501' title='bbox 1823 1137 2149 1211; x_wconf 86' lang='lat' dir='ltr'>perﬁceret,</span> <span class='ocrx_word' id='word_1_502' title='bbox 2176 1139 2254 1193; x_wconf 86' lang='lat' dir='ltr'>ad</span> <span class='ocrx_word' id='word_1_503' title='bbox 2299 1137 2653 1194; x_wconf 85' lang='lat' dir='ltr'>familiarem</span> <span class='ocrx_word' id='word_1_504' title='bbox 2699 1137 2812 1192; x_wconf 89' lang='lat' dir='ltr'>sibi</span> <span class='ocrx_word' id='word_1_505' title='bbox 2848 1137 3144 1194; x_wconf 79' lang='lat' dir='ltr'>vafritiem</span> <span class='ocrx_word' id='word_1_506' title='bbox 3185 1141 3475 1198; x_wconf 86' lang='lat' dir='ltr'>converti-</span> 
     </span>
    </p>
   </div>
   <div class='ocr_carea' id='block_1_72' title="bbox 1824 1225 3476 1301">
    <p class='ocr_par' dir='ltr' id='par_1_72' title="bbox 1824 1225 3476 1301">
     <span class='ocr_line' id='line_1_72' title="bbox 1824 1225 3476 1301; baseline 0.002 -19"><span class='ocrx_word' id='word_1_507' title='bbox 1824 1233 1941 1282; x_wconf 90' lang='lat' dir='ltr'>tur.</span> <span class='ocrx_word' id='word_1_508' title='bbox 1985 1227 2215 1284; x_wconf 75' lang='lat' dir='ltr'>Coactis</span> <span class='ocrx_word' id='word_1_509' title='bbox 2243 1225 2649 1298; x_wconf 88' lang='lat' dir='ltr'>undequaque</span> <span class='ocrx_word' id='word_1_510' title='bbox 2681 1225 3044 1282; x_wconf 90' lang='lat' dir='ltr'>subnotariis</span> <span class='ocrx_word' id='word_1_511' title='bbox 3087 1228 3476 1301; x_wconf 82' lang='lat' dir='ltr'>notariisque,</span> 
     </span>
    </p>
   </div>
   <div class='ocr_carea' id='block_1_73' title="bbox 1821 1315 3470 1386">
    <p class='ocr_par' dir='ltr' id='par_1_73' title="bbox 1821 1315 3470 1386">
     <span class='ocr_line' id='line_1_73' title="bbox 1821 1315 3470 1386; baseline 0.001 -14"><span class='ocrx_word' id='word_1_512' title='bbox 1821 1315 2160 1372; x_wconf 88' lang='lat' dir='ltr'>Pharisaice</span> <span class='ocrx_word' id='word_1_513' title='bbox 2189 1321 2400 1370; x_wconf 89' lang='lat' dir='ltr'>contra</span> <span class='ocrx_word' id='word_1_514' title='bbox 2417 1315 2726 1370; x_wconf 81' lang='lat' dir='ltr'>veritatem</span> <span class='ocrx_word' id='word_1_515' title='bbox 2758 1315 3070 1384; x_wconf 86' lang='lat' dir='ltr'>insurgere</span> <span class='ocrx_word' id='word_1_516' title='bbox 3087 1316 3470 1386; x_wconf 84' lang='lat' dir='ltr'>audentibus,</span> 
     </span>
    </p>
   </div>
   <div class='ocr_carea' id='block_1_74' title="bbox 1820 1403 3476 1479">
    <p class='ocr_par' dir='ltr' id='par_1_74' title="bbox 1820 1403 3476 1479">
     <span class='ocr_line' id='line_1_74' title="bbox 1820 1403 3476 1479; baseline 0.002 -18"><span class='ocrx_word' id='word_1_517' title='bbox 1820 1420 1976 1477; x_wconf 91' lang='lat' dir='ltr'>quos</span> <span class='ocrx_word' id='word_1_518' title='bbox 2007 1404 2224 1478; x_wconf 82' lang='lat' dir='ltr'>aliquis</span> <span class='ocrx_word' id='word_1_519' title='bbox 2240 1403 2406 1460; x_wconf 85' lang='lat' dir='ltr'>haud</span> <span class='ocrx_word' id='word_1_520' title='bbox 2435 1403 2633 1476; x_wconf 89' lang='lat' dir='ltr'>inepte</span> <span class='ocrx_word' id='word_1_521' title='bbox 2659 1403 2872 1460; x_wconf 80' lang='lat' dir='ltr'>dixerit</span> <span class='ocrx_word' id='word_1_522' title='bbox 2894 1403 3222 1477; x_wconf 74' lang='lat' dir='ltr'>iniquitatis</span> <span class='ocrx_word' id='word_1_523' title='bbox 3271 1422 3476 1479; x_wconf 81' lang='lat' dir='ltr'>exper-</span> 
     </span>
    </p>
   </div>
   <div class='ocr_carea' id='block_1_75' title="bbox 1820 1491 3473 1564">
    <p class='ocr_par' dir='ltr' id='par_1_75' title="bbox 1820 1491 3473 1564">
     <span class='ocr_line' id='line_1_75' title="bbox 1820 1491 3473 1564; baseline 0.002 -14"><span class='ocrx_word' id='word_1_524' title='bbox 1820 1494 2082 1550; x_wconf 87' lang='lat' dir='ltr'>tissimos</span> <span class='ocrx_word' id='word_1_525' title='bbox 2098 1493 2346 1559; x_wconf 88' lang='lat' dir='ltr'>scribas;</span> <span class='ocrx_word' id='word_1_526' title='bbox 2377 1509 2513 1548; x_wconf 92' lang='lat' dir='ltr'>eum</span> <span class='ocrx_word' id='word_1_527' title='bbox 2544 1492 2787 1564; x_wconf 83' lang='lat' dir='ltr'>perditis</span> <span class='ocrx_word' id='word_1_528' title='bbox 2812 1491 2925 1548; x_wconf 88' lang='lat' dir='ltr'>illis</span> <span class='ocrx_word' id='word_1_529' title='bbox 2945 1493 3473 1562; x_wconf 89' lang='lat' dir='ltr'>consiliariis,con-</span> 
     </span>
    </p>
   </div>
   <div class='ocr_carea' id='block_1_76' title="bbox 1819 1581 3473 1654">
    <p class='ocr_par' dir='ltr' id='par_1_76' title="bbox 1819 1581 3473 1654">
     <span class='ocr_line' id='line_1_76' title="bbox 1819 1581 3473 1654; baseline 0.003 -16"><span class='ocrx_word' id='word_1_530' title='bbox 1819 1587 1910 1640; x_wconf 90' lang='lat' dir='ltr'>tra</span> <span class='ocrx_word' id='word_1_531' title='bbox 1943 1583 2199 1654; x_wconf 81' lang='lat' dir='ltr'>gratiam</span> <span class='ocrx_word' id='word_1_532' title='bbox 2223 1581 2341 1639; x_wconf 86' lang='lat' dir='ltr'>Filii</span> <span class='ocrx_word' id='word_1_533' title='bbox 2376 1581 2480 1638; x_wconf 86' lang='lat' dir='ltr'>Dei</span> <span class='ocrx_word' id='word_1_534' title='bbox 2510 1589 2563 1637; x_wconf 89' lang='lat' dir='ltr'>et</span> <span class='ocrx_word' id='word_1_535' title='bbox 2593 1582 2890 1638; x_wconf 87' lang='lat' dir='ltr'>Christum</span> <span class='ocrx_word' id='word_1_536' title='bbox 2925 1583 3159 1638; x_wconf 87' lang='lat' dir='ltr'>Domini</span> <span class='ocrx_word' id='word_1_537' title='bbox 3185 1583 3473 1643; x_wconf 83' lang='lat' dir='ltr'>delibera-</span> 
     </span>
    </p>
   </div>
   <div class='ocr_carea' id='block_1_77' title="bbox 1819 1671 3470 1744">
    <p class='ocr_par' dir='ltr' id='par_1_77' title="bbox 1819 1671 3470 1744">
     <span class='ocr_line' id='line_1_77' title="bbox 1819 1671 3470 1744; baseline 0.002 -16"><span class='ocrx_word' id='word_1_538' title='bbox 1819 1673 2040 1728; x_wconf 89' lang='lat' dir='ltr'>tionem</span> <span class='ocrx_word' id='word_1_539' title='bbox 2089 1671 2357 1744; x_wconf 88' lang='lat' dir='ltr'>instituit,</span> <span class='ocrx_word' id='word_1_540' title='bbox 2421 1677 2712 1743; x_wconf 88' lang='lat' dir='ltr'>tanquam</span> <span class='ocrx_word' id='word_1_541' title='bbox 2771 1671 3031 1728; x_wconf 85' lang='lat' dir='ltr'>Herodes</span> <span class='ocrx_word' id='word_1_542' title='bbox 3076 1671 3222 1738; x_wconf 82' lang='lat' dir='ltr'>alter</span> <span class='ocrx_word' id='word_1_543' title='bbox 3265 1675 3470 1744; x_wconf 87' lang='lat' dir='ltr'>etiam,</span> 
     </span>
    </p>
   </div>
   <div class='ocr_carea' id='block_1_78' title="bbox 1818 1759 3474 1836">
    <p class='ocr_par' dir='ltr' id='par_1_78' title="bbox 1818 1759 3474 1836">
     <span class='ocr_line' id='line_1_78' title="bbox 1818 1759 3474 1836; baseline 0.002 -20"><span class='ocrx_word' id='word_1_544' title='bbox 1818 1761 1944 1834; x_wconf 90' lang='lat' dir='ltr'>ipse</span> <span class='ocrx_word' id='word_1_545' title='bbox 1970 1762 2277 1818; x_wconf 87' lang='lat' dir='ltr'>insaniens</span> <span class='ocrx_word' id='word_1_546' title='bbox 2310 1779 2322 1816; x_wconf 93' lang='lat'>:</span> <span class='ocrx_word' id='word_1_547' title='bbox 2360 1760 2702 1832; x_wconf 88' lang='lat' dir='ltr'>multosque</span> <span class='ocrx_word' id='word_1_548' title='bbox 2731 1759 3087 1831; x_wconf 86' lang='lat' dir='ltr'>despiciens,</span> <span class='ocrx_word' id='word_1_549' title='bbox 3137 1761 3316 1818; x_wconf 89' lang='lat' dir='ltr'>veluti</span> <span class='ocrx_word' id='word_1_550' title='bbox 3339 1779 3474 1836; x_wconf 90' lang='lat' dir='ltr'>par-</span> 
     </span>
    </p>
   </div>
   <div class='ocr_carea' id='block_1_79' title="bbox 1818 1848 3470 1923">
    <p class='ocr_par' dir='ltr' id='par_1_79' title="bbox 1818 1848 3470 1923">
     <span class='ocr_line' id='line_1_79' title="bbox 1818 1848 3470 1923; baseline 0.004 -19"><span class='ocrx_word' id='word_1_551' title='bbox 1818 1850 1989 1906; x_wconf 88' lang='lat' dir='ltr'>vulos</span> <span class='ocrx_word' id='word_1_552' title='bbox 2027 1856 2210 1923; x_wconf 87' lang='lat' dir='ltr'>atque</span> <span class='ocrx_word' id='word_1_553' title='bbox 2257 1848 2527 1905; x_wconf 89' lang='lat' dir='ltr'>imbelles</span> <span class='ocrx_word' id='word_1_554' title='bbox 2582 1849 2823 1918; x_wconf 83' lang='lat' dir='ltr'>angitur</span> <span class='ocrx_word' id='word_1_555' title='bbox 2873 1849 3101 1920; x_wconf 84' lang='lat' dir='ltr'>animo,</span> <span class='ocrx_word' id='word_1_556' title='bbox 3157 1854 3222 1906; x_wconf 92' lang='lat' dir='ltr'>ut</span> <span class='ocrx_word' id='word_1_557' title='bbox 3279 1868 3470 1910; x_wconf 88' lang='lat' dir='ltr'>unum</span> 
     </span>
    </p>
   </div>
   <div class='ocr_carea' id='block_1_80' title="bbox 1816 1937 3471 2011">
    <p class='ocr_par' dir='ltr' id='par_1_80' title="bbox 1816 1937 3471 2011">
     <span class='ocr_line' id='line_1_80' title="bbox 1816 1937 3471 2011; baseline 0.003 -17"><span class='ocrx_word' id='word_1_558' title='bbox 1816 1939 2220 2006; x_wconf 75' lang='lat' dir='ltr'>illum,vxrum</span> <span class='ocrx_word' id='word_1_559' title='bbox 2252 1940 2455 2011; x_wconf 87' lang='lat' dir='ltr'>utique</span> <span class='ocrx_word' id='word_1_560' title='bbox 2491 1937 2843 2010; x_wconf 85' lang='lat' dir='ltr'>perfectum,</span> <span class='ocrx_word' id='word_1_561' title='bbox 2891 1939 3223 1996; x_wconf 81' lang='lat' dir='ltr'>interficiat.</span> <span class='ocrx_word' id='word_1_562' title='bbox 3275 1943 3471 1999; x_wconf 89' lang='lat' dir='ltr'>Unum</span> 
     </span>
    </p>
   </div>
   <div class='ocr_carea' id='block_1_81' title="bbox 1818 2027 3471 2102">
    <p class='ocr_par' dir='ltr' id='par_1_81' title="bbox 1818 2027 3471 2102">
     <span class='ocr_line' id='line_1_81' title="bbox 1818 2027 3471 2102; baseline 0.002 -18"><span class='ocrx_word' id='word_1_563' title='bbox 1818 2028 2116 2102; x_wconf 90' lang='lat' dir='ltr'>siquidem</span> <span class='ocrx_word' id='word_1_564' title='bbox 2137 2027 2570 2084; x_wconf 87' lang='lat' dir='ltr'>illumnoverat</span> <span class='ocrx_word' id='word_1_565' title='bbox 2615 2033 2968 2083; x_wconf 62' lang='lat' dir='ltr'>ceterorum</span> <span class='ocrx_word' id='word_1_566' title='bbox 3016 2029 3291 2085; x_wconf 90' lang='lat' dir='ltr'>omnium</span> <span class='ocrx_word' id='word_1_567' title='bbox 3339 2046 3471 2087; x_wconf 90' lang='lat' dir='ltr'>esse</span> 
     </span>
    </p>
   </div>
   <div class='ocr_carea' id='block_1_82' title="bbox 1817 2114 3464 2188">
    <p class='ocr_par' dir='ltr' id='par_1_82' title="bbox 1817 2114 3464 2188">
     <span class='ocr_line' id='line_1_82' title="bbox 1817 2114 3464 2188; baseline 0.002 -16"><span class='ocrx_word' id='word_1_568' title='bbox 1817 2115 2234 2172; x_wconf 87' lang='lat' dir='ltr'>instructorem</span> <span class='ocrx_word' id='word_1_569' title='bbox 2259 2115 2337 2170; x_wconf 91' lang='lat' dir='ltr'>ad</span> <span class='ocrx_word' id='word_1_570' title='bbox 2366 2114 2614 2182; x_wconf 88' lang='lat' dir='ltr'>luctam,</span> <span class='ocrx_word' id='word_1_571' title='bbox 2645 2119 2702 2170; x_wconf 90' lang='lat' dir='ltr'>et</span> <span class='ocrx_word' id='word_1_572' title='bbox 2727 2131 2867 2172; x_wconf 90' lang='lat' dir='ltr'>cum</span> <span class='ocrx_word' id='word_1_573' title='bbox 2891 2131 3011 2170; x_wconf 92' lang='lat' dir='ltr'>uno</span> <span class='ocrx_word' id='word_1_574' title='bbox 3063 2115 3178 2171; x_wconf 86' lang='lat' dir='ltr'>sibi</span> <span class='ocrx_word' id='word_1_575' title='bbox 3216 2132 3464 2188; x_wconf 82' lang='lat' dir='ltr'>congre-</span> 
     </span>
    </p>
   </div>
   <div class='ocr_carea' id='block_1_83' title="bbox 1817 2204 3470 2277">
    <p class='ocr_par' dir='ltr' id='par_1_83' title="bbox 1817 2204 3470 2277">
     <span class='ocr_line' id='line_1_83' title="bbox 1817 2204 3470 2277; baseline 0.002 -15"><span class='ocrx_word' id='word_1_576' title='bbox 1817 2206 2105 2262; x_wconf 88' lang='lat' dir='ltr'>diendum</span> <span class='ocrx_word' id='word_1_577' title='bbox 2137 2204 2362 2261; x_wconf 87' lang='lat' dir='ltr'>sciebat</span> <span class='ocrx_word' id='word_1_578' title='bbox 2390 2204 2468 2260; x_wconf 89' lang='lat' dir='ltr'>ad</span> <span class='ocrx_word' id='word_1_579' title='bbox 2499 2220 2767 2277; x_wconf 81' lang='lat' dir='ltr'>pugnam</span> <span class='ocrx_word' id='word_1_580' title='bbox 2801 2205 3207 2277; x_wconf 89' lang='lat' dir='ltr'>paratissimo.</span> <span class='ocrx_word' id='word_1_581' title='bbox 3257 2209 3470 2266; x_wconf 86' lang='lat' dir='ltr'>Intelli-</span> 
     </span>
    </p>
   </div>
   <div class='ocr_carea' id='block_1_84' title="bbox 1816 2292 3467 2366">
    <p class='ocr_par' dir='ltr' id='par_1_84' title="bbox 1816 2292 3467 2366">
     <span class='ocr_line' id='line_1_84' title="bbox 1816 2292 3467 2366; baseline 0.002 -16"><span class='ocrx_word' id='word_1_582' title='bbox 1816 2295 1996 2366; x_wconf 88' lang='lat' dir='ltr'>gebat</span> <span class='ocrx_word' id='word_1_583' title='bbox 2022 2294 2182 2351; x_wconf 90' lang='lat' dir='ltr'>enim</span> <span class='ocrx_word' id='word_1_584' title='bbox 2213 2310 2286 2350; x_wconf 81' lang='lat' dir='ltr'>ex</span> <span class='ocrx_word' id='word_1_585' title='bbox 2315 2292 2597 2350; x_wconf 86' lang='lat' dir='ltr'>concordi</span> <span class='ocrx_word' id='word_1_586' title='bbox 2661 2293 2932 2350; x_wconf 90' lang='lat' dir='ltr'>omnium</span> <span class='ocrx_word' id='word_1_587' title='bbox 2993 2294 3280 2351; x_wconf 87' lang='lat' dir='ltr'>relatione</span> <span class='ocrx_word' id='word_1_588' title='bbox 3343 2297 3467 2354; x_wconf 81' lang='lat' dir='ltr'>vim</span> 
     </span>
    </p>
   </div>
   <div class='ocr_carea' id='block_1_85' title="bbox 1815 2381 3466 2456">
    <p class='ocr_par' dir='ltr' id='par_1_85' title="bbox 1815 2381 3466 2456">
     <span class='ocr_line' id='line_1_85' title="bbox 1815 2381 3466 2456; baseline 0.002 -16"><span class='ocrx_word' id='word_1_589' title='bbox 1815 2388 1996 2456; x_wconf 86' lang='lat' dir='ltr'>atque</span> <span class='ocrx_word' id='word_1_590' title='bbox 2023 2381 2354 2455; x_wconf 86' lang='lat' dir='ltr'>potentiam</span> <span class='ocrx_word' id='word_1_591' title='bbox 2379 2397 2726 2437; x_wconf 86' lang='lat' dir='ltr'>sermonum</span> <span class='ocrx_word' id='word_1_592' title='bbox 2757 2382 2807 2452; x_wconf 85' lang='lat' dir='ltr'>ej</span> <span class='ocrx_word' id='word_1_593' title='bbox 2820 2399 2888 2437; x_wconf 89' lang='lat' dir='ltr'>us</span> <span class='ocrx_word' id='word_1_594' title='bbox 2917 2388 3128 2440; x_wconf 89' lang='lat' dir='ltr'>contra</span> <span class='ocrx_word' id='word_1_595' title='bbox 3154 2383 3466 2443; x_wconf 82' lang='lat' dir='ltr'>universos</span> 
     </span>
    </p>
   </div>
   <div class='ocr_carea' id='block_1_86' title="bbox 1813 2470 3466 2545">
    <p class='ocr_par' dir='ltr' id='par_1_86' title="bbox 1813 2470 3466 2545">
     <span class='ocr_line' id='line_1_86' title="bbox 1813 2470 3466 2545; baseline 0.003 -17"><span class='ocrx_word' id='word_1_596' title='bbox 1813 2473 1918 2544; x_wconf 88' lang='lat' dir='ltr'>qui</span> <span class='ocrx_word' id='word_1_597' title='bbox 1947 2471 2148 2545; x_wconf 88' lang='lat' dir='ltr'>palam</span> <span class='ocrx_word' id='word_1_598' title='bbox 2176 2487 2389 2528; x_wconf 90' lang='lat' dir='ltr'>omnes</span> <span class='ocrx_word' id='word_1_599' title='bbox 2416 2470 2877 2538; x_wconf 85' lang='lat' dir='ltr'>conﬁtebantur,</span> <span class='ocrx_word' id='word_1_600' title='bbox 2923 2471 3089 2544; x_wconf 89' lang='lat' dir='ltr'>quod</span> <span class='ocrx_word' id='word_1_601' title='bbox 3119 2488 3240 2529; x_wconf 91' lang='lat' dir='ltr'>non</span> <span class='ocrx_word' id='word_1_602' title='bbox 3285 2475 3466 2534; x_wconf 90' lang='lat' dir='ltr'>aude.</span> 
     </span>
    </p>
   </div>
   <div class='ocr_carea' id='block_1_87' title="bbox 1813 2559 3467 2636">
    <p class='ocr_par' dir='ltr' id='par_1_87' title="bbox 1813 2559 3467 2636">
     <span class='ocr_line' id='line_1_87' title="bbox 1813 2559 3467 2636; baseline 0.002 -19"><span class='ocrx_word' id='word_1_603' title='bbox 1813 2567 1944 2618; x_wconf 90' lang='lat' dir='ltr'>rent</span> <span class='ocrx_word' id='word_1_604' title='bbox 1966 2577 2105 2617; x_wconf 89' lang='lat' dir='ltr'>cum</span> <span class='ocrx_word' id='word_1_605' title='bbox 2125 2561 2370 2617; x_wconf 90' lang='lat' dir='ltr'>homine</span> <span class='ocrx_word' id='word_1_606' title='bbox 2418 2559 2702 2630; x_wconf 78' lang='lat' dir='ltr'>congredi</span> <span class='ocrx_word' id='word_1_607' title='bbox 2743 2559 3132 2632; x_wconf 86' lang='lat' dir='ltr'>disputando,</span> <span class='ocrx_word' id='word_1_608' title='bbox 3183 2563 3467 2636; x_wconf 86' lang='lat' dir='ltr'>despera-</span> 
     </span>
    </p>
   </div>
   <div class='ocr_carea' id='block_1_88' title="bbox 1813 2648 3465 2722">
    <p class='ocr_par' dir='ltr' id='par_1_88' title="bbox 1813 2648 3465 2722">
     <span class='ocr_line' id='line_1_88' title="bbox 1813 2648 3465 2722; baseline 0.001 -15"><span class='ocrx_word' id='word_1_609' title='bbox 1813 2650 1962 2707; x_wconf 87' lang='lat' dir='ltr'>bant</span> <span class='ocrx_word' id='word_1_610' title='bbox 1992 2655 2192 2706; x_wconf 90' lang='lat' dir='ltr'>autem</span> <span class='ocrx_word' id='word_1_611' title='bbox 2219 2648 2385 2722; x_wconf 89' lang='lat' dir='ltr'>quod</span> <span class='ocrx_word' id='word_1_612' title='bbox 2417 2649 2548 2719; x_wconf 86' lang='lat' dir='ltr'>ejus</span> <span class='ocrx_word' id='word_1_613' title='bbox 2572 2649 2792 2719; x_wconf 88' lang='lat' dir='ltr'>scripta</span> <span class='ocrx_word' id='word_1_614' title='bbox 2812 2655 3061 2720; x_wconf 89' lang='lat' dir='ltr'>possent</span> <span class='ocrx_word' id='word_1_615' title='bbox 3078 2649 3339 2722; x_wconf 83' lang='lat' dir='ltr'>abolere,</span> <span class='ocrx_word' id='word_1_616' title='bbox 3376 2658 3465 2710; x_wconf 89' lang='lat' dir='ltr'>ut-</span> 
     </span>
    </p>
   </div>
   <div class='ocr_carea' id='block_1_89' title="bbox 1815 2737 3459 2813">
    <p class='ocr_par' dir='ltr' id='par_1_89' title="bbox 1815 2737 3459 2813">
     <span class='ocr_line' id='line_1_89' title="bbox 1815 2737 3459 2813; baseline 0.002 -17"><span class='ocrx_word' id='word_1_617' title='bbox 1815 2745 1952 2812; x_wconf 87' lang='lat' dir='ltr'>pote</span> <span class='ocrx_word' id='word_1_618' title='bbox 1999 2740 2127 2812; x_wconf 87' lang='lat' dir='ltr'>jam</span> <span class='ocrx_word' id='word_1_619' title='bbox 2150 2739 2379 2810; x_wconf 88' lang='lat' dir='ltr'>ubique</span> <span class='ocrx_word' id='word_1_620' title='bbox 2436 2737 2734 2809; x_wconf 89' lang='lat' dir='ltr'>dispersa,</span> <span class='ocrx_word' id='word_1_621' title='bbox 2783 2737 3163 2812; x_wconf 89' lang='lat' dir='ltr'>multumque</span> <span class='ocrx_word' id='word_1_622' title='bbox 3213 2756 3459 2813; x_wconf 87' lang='lat' dir='ltr'>persua-</span> 
     </span>
    </p>
   </div>
   <div class='ocr_carea' id='block_1_90' title="bbox 1816 2827 3459 2904">
    <p class='ocr_par' dir='ltr' id='par_1_90' title="bbox 1816 2827 3459 2904">
     <span class='ocr_line' id='line_1_90' title="bbox 1816 2827 3459 2904; baseline 0.004 -20"><span class='ocrx_word' id='word_1_623' title='bbox 1816 2830 2000 2886; x_wconf 89' lang='lat' dir='ltr'>sionis</span> <span class='ocrx_word' id='word_1_624' title='bbox 2039 2832 2169 2901; x_wconf 90' lang='lat' dir='ltr'>(nec</span> <span class='ocrx_word' id='word_1_625' title='bbox 2221 2829 2384 2884; x_wconf 90' lang='lat' dir='ltr'>enim</span> <span class='ocrx_word' id='word_1_626' title='bbox 2435 2827 2719 2884; x_wconf 87' lang='lat' dir='ltr'>volebant</span> <span class='ocrx_word' id='word_1_627' title='bbox 2769 2827 2967 2885; x_wconf 89' lang='lat' dir='ltr'>dicere</span> <span class='ocrx_word' id='word_1_628' title='bbox 3022 2831 3304 2904; x_wconf 81' lang='lat' dir='ltr'>veritatis)</span> <span class='ocrx_word' id='word_1_629' title='bbox 3351 2833 3459 2892; x_wconf 86' lang='lat' dir='ltr'>ha-</span> 
     </span>
    </p>
   </div>
   <div class='ocr_carea' id='block_1_91' title="bbox 1813 2920 2036 2976">
    <p class='ocr_par' dir='ltr' id='par_1_91' title="bbox 1813 2920 2036 2976">
     <span class='ocr_line' id='line_1_91' title="bbox 1813 2920 2036 2976; baseline -0.009 0"><span class='ocrx_word' id='word_1_630' title='bbox 1813 2920 2036 2976; x_wconf 88' lang='lat' dir='ltr'>bentia.</span> 
     </span>
    </p>
   </div>
   <div class='ocr_carea' id='block_1_92' title="bbox 1884 3005 3466 3083">
    <p class='ocr_par' dir='ltr' id='par_1_92' title="bbox 1884 3005 3466 3083">
     <span class='ocr_line' id='line_1_92' title="bbox 1884 3005 3466 3083; baseline 0.003 -19"><span class='ocrx_word' id='word_1_631' title='bbox 1884 3011 2140 3065; x_wconf 58' lang='lat' dir='ltr'>24.1‘unc</span> <span class='ocrx_word' id='word_1_632' title='bbox 2165 3012 2458 3080; x_wconf 84' lang='lat' dir='ltr'>tyrannus</span> <span class='ocrx_word' id='word_1_633' title='bbox 2479 3005 2607 3062; x_wconf 90' lang='lat' dir='ltr'>aliis</span> <span class='ocrx_word' id='word_1_634' title='bbox 2618 3005 2872 3062; x_wconf 81' lang='lat' dir='ltr'>diffusus</span> <span class='ocrx_word' id='word_1_635' title='bbox 2897 3007 3182 3065; x_wconf 87' lang='lat' dir='ltr'>omnibus</span> <span class='ocrx_word' id='word_1_636' title='bbox 3203 3013 3385 3083; x_wconf 86' lang='lat' dir='ltr'>atque</span> <span class='ocrx_word' id='word_1_637' title='bbox 3405 3011 3466 3068; x_wconf 92' lang='lat' dir='ltr'>in</span> 
     </span>
    </p>
   </div>
   <div class='ocr_carea' id='block_1_93' title="bbox 1815 3095 3467 3170">
    <p class='ocr_par' dir='ltr' id='par_1_93' title="bbox 1815 3095 3467 3170">
     <span class='ocr_line' id='line_1_93' title="bbox 1815 3095 3467 3170; baseline 0.002 -17"><span class='ocrx_word' id='word_1_638' title='bbox 1815 3097 2079 3170; x_wconf 90' lang='lat' dir='ltr'>seipsum</span> <span class='ocrx_word' id='word_1_639' title='bbox 2104 3111 2453 3164; x_wconf 88' lang='lat' dir='ltr'>conversus,</span> <span class='ocrx_word' id='word_1_640' title='bbox 2477 3095 2882 3164; x_wconf 83' lang='lat' dir='ltr'>cognitionem</span> <span class='ocrx_word' id='word_1_641' title='bbox 2919 3098 3176 3168; x_wconf 86' lang='lat' dir='ltr'>propriis</span> <span class='ocrx_word' id='word_1_642' title='bbox 3196 3100 3467 3156; x_wconf 84' lang='lat' dir='ltr'>commit-</span> 
     </span>
    </p>
   </div>
   <div class='ocr_carea' id='block_1_94' title="bbox 1816 3183 3467 3258">
    <p class='ocr_par' dir='ltr' id='par_1_94' title="bbox 1816 3183 3467 3258">
     <span class='ocr_line' id='line_1_94' title="bbox 1816 3183 3467 3258; baseline 0.001 -13"><span class='ocrx_word' id='word_1_643' title='bbox 1816 3189 1881 3245; x_wconf 89' lang='lat' dir='ltr'>tit</span> <span class='ocrx_word' id='word_1_644' title='bbox 1909 3184 2393 3258; x_wconf 81' lang='lat' dir='ltr'>cogitationibus,</span> <span class='ocrx_word' id='word_1_645' title='bbox 2433 3189 2490 3240; x_wconf 91' lang='lat' dir='ltr'>et</span> <span class='ocrx_word' id='word_1_646' title='bbox 2509 3183 2733 3253; x_wconf 90' lang='lat' dir='ltr'>ingenii</span> <span class='ocrx_word' id='word_1_647' title='bbox 2776 3183 2856 3239; x_wconf 92' lang='lat' dir='ltr'>ad</span> <span class='ocrx_word' id='word_1_648' title='bbox 2901 3184 3134 3242; x_wconf 88' lang='lat' dir='ltr'>malum</span> <span class='ocrx_word' id='word_1_649' title='bbox 3163 3186 3467 3246; x_wconf 77' lang='lat' dir='ltr'>vaierrimi</span> 
     </span>
    </p>
   </div>
   <div class='ocr_carea' id='block_1_95' title="bbox 1817 3272 3471 3351">
    <p class='ocr_par' dir='ltr' id='par_1_95' title="bbox 1817 3272 3471 3351">
     <span class='ocr_line' id='line_1_95' title="bbox 1817 3272 3471 3351; baseline 0.002 -18"><span class='ocrx_word' id='word_1_650' title='bbox 1817 3277 2369 3335; x_wconf 88' lang='lat' dir='ltr'>machinamentum</span> <span class='ocrx_word' id='word_1_651' title='bbox 2388 3289 2527 3329; x_wconf 87' lang='lat' dir='ltr'>vere</span> <span class='ocrx_word' id='word_1_652' title='bbox 2557 3272 2924 3330; x_wconf 90' lang='lat' dir='ltr'>diabolicum</span> <span class='ocrx_word' id='word_1_653' title='bbox 2945 3276 3179 3348; x_wconf 90' lang='lat' dir='ltr'>reperit.</span> <span class='ocrx_word' id='word_1_654' title='bbox 3209 3279 3471 3351; x_wconf 87' lang='lat' dir='ltr'>Imperat</span> 
     </span>
    </p>
   </div>
   <div class='ocr_carea' id='block_1_96' title="bbox 1816 3361 3469 3441">
    <p class='ocr_par' dir='ltr' id='par_1_96' title="bbox 1816 3361 3469 3441">
     <span class='ocr_line' id='line_1_96' title="bbox 1816 3361 3469 3441; baseline 0.002 -19"><span class='ocrx_word' id='word_1_655' title='bbox 1816 3366 2204 3441; x_wconf 89' lang='lat' dir='ltr'>epistolarum</span> <span class='ocrx_word' id='word_1_656' title='bbox 2230 3363 2474 3420; x_wconf 83' lang='lat' dir='ltr'>Joannis</span> <span class='ocrx_word' id='word_1_657' title='bbox 2488 3377 2676 3418; x_wconf 90' lang='lat' dir='ltr'>unam</span> <span class='ocrx_word' id='word_1_658' title='bbox 2703 3361 2971 3434; x_wconf 89' lang='lat' dir='ltr'>aliquam</span> <span class='ocrx_word' id='word_1_659' title='bbox 2993 3365 3234 3437; x_wconf 87' lang='lat' dir='ltr'>requiri,</span> <span class='ocrx_word' id='word_1_660' title='bbox 3271 3369 3469 3426; x_wconf 91' lang='lat' dir='ltr'>studio</span> 
     </span>
    </p>
   </div>
   <div class='ocr_carea' id='block_1_97' title="bbox 1816 3450 3464 3529">
    <p class='ocr_par' dir='ltr' id='par_1_97' title="bbox 1816 3450 3464 3529">
     <span class='ocr_line' id='line_1_97' title="bbox 1816 3450 3464 3529; baseline 0.001 -16"><span class='ocrx_word' id='word_1_661' title='bbox 1816 3460 2285 3529; x_wconf 90' lang='lat' dir='ltr'>quantocunque</span> <span class='ocrx_word' id='word_1_662' title='bbox 2316 3450 2607 3519; x_wconf 90' lang='lat' dir='ltr'>adhibito,</span> <span class='ocrx_word' id='word_1_663' title='bbox 2667 3451 2774 3508; x_wconf 91' lang='lat' dir='ltr'>sed</span> <span class='ocrx_word' id='word_1_664' title='bbox 2824 3451 3138 3525; x_wconf 86' lang='lat' dir='ltr'>epistolam</span> <span class='ocrx_word' id='word_1_665' title='bbox 3189 3462 3464 3528; x_wconf 86' lang='lat' dir='ltr'>autogra-</span> 
     </span>
    </p>
   </div>
   <div class='ocr_carea' id='block_1_98' title="bbox 1818 3539 3469 3618">
    <p class='ocr_par' dir='ltr' id='par_1_98' title="bbox 1818 3539 3469 3618">
     <span class='ocr_line' id='line_1_98' title="bbox 1818 3539 3469 3618; baseline 0.001 -16"><span class='ocrx_word' id='word_1_666' title='bbox 1818 3545 2024 3618; x_wconf 88' lang='lat' dir='ltr'>pham:</span> <span class='ocrx_word' id='word_1_667' title='bbox 2051 3541 2299 3598; x_wconf 84' lang='lat' dir='ltr'>ministri</span> <span class='ocrx_word' id='word_1_668' title='bbox 2328 3555 2466 3596; x_wconf 79' lang='lat' dir='ltr'>vero</span> <span class='ocrx_word' id='word_1_669' title='bbox 2496 3540 2648 3611; x_wconf 88' lang='lat' dir='ltr'>ejus,</span> <span class='ocrx_word' id='word_1_670' title='bbox 2680 3539 2784 3612; x_wconf 91' lang='lat' dir='ltr'>qui</span> <span class='ocrx_word' id='word_1_671' title='bbox 2810 3554 2934 3597; x_wconf 89' lang='lat' dir='ltr'>non</span> <span class='ocrx_word' id='word_1_672' title='bbox 2958 3543 3077 3598; x_wconf 92' lang='lat' dir='ltr'>Deo</span> <span class='ocrx_word' id='word_1_673' title='bbox 3102 3543 3209 3599; x_wconf 88' lang='lat' dir='ltr'>sed</span> <span class='ocrx_word' id='word_1_674' title='bbox 3237 3543 3469 3604; x_wconf 85' lang='lat' dir='ltr'>homini</span> 
     </span>
    </p>
   </div>
   <div class='ocr_carea' id='block_1_99' title="bbox 1817 3629 3469 3708">
    <p class='ocr_par' dir='ltr' id='par_1_99' title="bbox 1817 3629 3469 3708">
     <span class='ocr_line' id='line_1_99' title="bbox 1817 3629 3469 3708; baseline 0.002 -18"><span class='ocrx_word' id='word_1_675' title='bbox 1817 3633 2052 3708; x_wconf 91' lang='lat' dir='ltr'>placere</span> <span class='ocrx_word' id='word_1_676' title='bbox 2080 3630 2448 3696; x_wconf 86' lang='lat' dir='ltr'>nitebantur,</span> <span class='ocrx_word' id='word_1_677' title='bbox 2481 3643 2741 3701; x_wconf 89' lang='lat' dir='ltr'>quorum</span> <span class='ocrx_word' id='word_1_678' title='bbox 2765 3644 2908 3685; x_wconf 90' lang='lat' dir='ltr'>ossa</span> <span class='ocrx_word' id='word_1_679' title='bbox 2927 3629 3214 3702; x_wconf 89' lang='lat' dir='ltr'>dispersit</span> <span class='ocrx_word' id='word_1_680' title='bbox 3237 3635 3389 3691; x_wconf 89' lang='lat' dir='ltr'>Deus</span> <span class='ocrx_word' id='word_1_681' title='bbox 3410 3642 3469 3693; x_wconf 90' lang='lat' dir='ltr'>et</span> 
     </span>
    </p>
   </div>
   <div class='ocr_carea' id='block_1_100' title="bbox 1815 3718 3466 3797">
    <p class='ocr_par' dir='ltr' id='par_1_100' title="bbox 1815 3718 3466 3797">
     <span class='ocr_line' id='line_1_100' title="bbox 1815 3718 3466 3797; baseline 0.001 -18"><span class='ocrx_word' id='word_1_682' title='bbox 1815 3738 2076 3797; x_wconf 87' lang='lat' dir='ltr'>quorum</span> <span class='ocrx_word' id='word_1_683' title='bbox 2109 3719 2402 3776; x_wconf 88' lang='lat' dir='ltr'>memoria</span> <span class='ocrx_word' id='word_1_684' title='bbox 2432 3734 2571 3774; x_wconf 91' lang='lat' dir='ltr'>cum</span> <span class='ocrx_word' id='word_1_685' title='bbox 2614 3718 2813 3774; x_wconf 89' lang='lat' dir='ltr'>sonitu</span> <span class='ocrx_word' id='word_1_686' title='bbox 2864 3719 3055 3790; x_wconf 88' lang='lat' dir='ltr'>periit,</span> <span class='ocrx_word' id='word_1_687' title='bbox 3102 3725 3466 3794; x_wconf 84' lang='lat' dir='ltr'>perquisive-</span> 
     </span>
    </p>
   </div>
   <div class='ocr_carea' id='block_1_101' title="bbox 1815 3805 3462 3879">
    <p class='ocr_par' dir='ltr' id='par_1_101' title="bbox 1815 3805 3462 3879">
     <span class='ocr_line' id='line_1_101' title="bbox 1815 3805 3462 3879; baseline 0.001 -12"><span class='ocrx_word' id='word_1_688' title='bbox 1815 3815 1974 3879; x_wconf 88' lang='lat' dir='ltr'>runt,</span> <span class='ocrx_word' id='word_1_689' title='bbox 2023 3810 2400 3873; x_wconf 87' lang='lat' dir='ltr'>invenerunt,</span> <span class='ocrx_word' id='word_1_690' title='bbox 2437 3805 2786 3878; x_wconf 85' lang='lat' dir='ltr'>cursimque</span> <span class='ocrx_word' id='word_1_691' title='bbox 2826 3805 3152 3864; x_wconf 88' lang='lat' dir='ltr'>attulerunt</span> <span class='ocrx_word' id='word_1_692' title='bbox 3196 3809 3274 3867; x_wconf 91' lang='lat' dir='ltr'>ad</span> <span class='ocrx_word' id='word_1_693' title='bbox 3302 3826 3462 3876; x_wconf 83' lang='lat' dir='ltr'>eum,</span> 
     </span>
    </p>
   </div>
   <div class='ocr_carea' id='block_1_102' title="bbox 1814 3893 3466 3972">
    <p class='ocr_par' dir='ltr' id='par_1_102' title="bbox 1814 3893 3466 3972">
     <span class='ocr_line' id='line_1_102' title="bbox 1814 3893 3466 3972; baseline -0.001 -15"><span class='ocrx_word' id='word_1_694' title='bbox 1814 3905 2107 3971; x_wconf 86' lang='lat' dir='ltr'>tanquam</span> <span class='ocrx_word' id='word_1_695' title='bbox 2138 3896 2218 3952; x_wconf 90' lang='lat' dir='ltr'>ad</span> <span class='ocrx_word' id='word_1_696' title='bbox 2244 3893 3466 3972; x_wconf 83' lang='lat' dir='ltr'>maguumquoddaminexspectatumquc</span> 
     </span>
    </p>
   </div>
   <div class='ocr_carea' id='block_1_103' title="bbox 1814 3982 3469 4056">
    <p class='ocr_par' dir='ltr' id='par_1_103' title="bbox 1814 3982 3469 4056">
     <span class='ocr_line' id='line_1_103' title="bbox 1814 3982 3469 4056; baseline -0.001 -10"><span class='ocrx_word' id='word_1_697' title='bbox 1814 3989 2049 4045; x_wconf 87' lang='lat' dir='ltr'>lucrum</span> <span class='ocrx_word' id='word_1_698' title='bbox 2070 3984 2433 4056; x_wconf 88' lang='lat' dir='ltr'>gaudentem</span> <span class='ocrx_word' id='word_1_699' title='bbox 2469 4002 2480 4038; x_wconf 92' lang='lat'>:</span> <span class='ocrx_word' id='word_1_700' title='bbox 2509 3983 2617 4055; x_wconf 90' lang='lat' dir='ltr'>qui</span> <span class='ocrx_word' id='word_1_701' title='bbox 2655 3982 2943 4039; x_wconf 88' lang='lat' dir='ltr'>accersito</span> <span class='ocrx_word' id='word_1_702' title='bbox 2963 3984 3041 4040; x_wconf 92' lang='lat' dir='ltr'>ad</span> <span class='ocrx_word' id='word_1_703' title='bbox 3082 4001 3144 4040; x_wconf 91' lang='lat' dir='ltr'>se</span> <span class='ocrx_word' id='word_1_704' title='bbox 3164 3986 3291 4042; x_wconf 88' lang='lat' dir='ltr'>viro</span> <span class='ocrx_word' id='word_1_705' title='bbox 3348 3989 3469 4044; x_wconf 87' lang='lat' dir='ltr'>cui-</span> 
     </span>
    </p>
   </div>
   <div class='ocr_carea' id='block_1_104' title="bbox 1815 4072 3466 4146">
    <p class='ocr_par' dir='ltr' id='par_1_104' title="bbox 1815 4072 3466 4146">
     <span class='ocr_line' id='line_1_104' title="bbox 1815 4072 3466 4146; baseline 0 -12"><span class='ocrx_word' id='word_1_706' title='bbox 1815 4079 1960 4134; x_wconf 89' lang='lat' dir='ltr'>dam</span> <span class='ocrx_word' id='word_1_707' title='bbox 1989 4073 2302 4144; x_wconf 88' lang='lat' dir='ltr'>industrio,</span> <span class='ocrx_word' id='word_1_708' title='bbox 2359 4072 2417 4129; x_wconf 93' lang='lat' dir='ltr'>Si</span> <span class='ocrx_word' id='word_1_709' title='bbox 2467 4072 2895 4137; x_wconf 84' lang='lat' dir='ltr'>characterem,</span> <span class='ocrx_word' id='word_1_710' title='bbox 2953 4073 3166 4146; x_wconf 87' lang='lat' dir='ltr'>inquit,</span> <span class='ocrx_word' id='word_1_711' title='bbox 3216 4077 3466 4135; x_wconf 85' lang='lat' dir='ltr'>Joannis</span> 
     </span>
    </p>
   </div>
   <div class='ocr_carea' id='block_1_105' title="bbox 1814 4160 3515 4241">
    <p class='ocr_par' dir='ltr' id='par_1_105' title="bbox 1814 4160 3515 4241">
     <span class='ocr_line' id='line_1_105' title="bbox 1814 4160 3515 4241; baseline -0.001 -17"><span class='ocrx_word' id='word_1_712' title='bbox 1814 4165 1978 4241; x_wconf 85' lang='lat' dir='ltr'>apud</span> <span class='ocrx_word' id='word_1_713' title='bbox 1994 4166 2353 4220; x_wconf 89' lang='lat' dir='ltr'>Damascum</span> <span class='ocrx_word' id='word_1_714' title='bbox 2369 4160 2658 4231; x_wconf 88' lang='lat' dir='ltr'>degentis,</span> <span class='ocrx_word' id='word_1_715' title='bbox 2673 4160 2923 4217; x_wconf 84' lang='lat' dir='ltr'>Joannis</span> <span class='ocrx_word' id='word_1_716' title='bbox 2936 4161 3072 4219; x_wconf 88' lang='lat' dir='ltr'>dico</span> <span class='ocrx_word' id='word_1_717' title='bbox 3083 4163 3188 4219; x_wconf 86' lang='lat' dir='ltr'>lilii</span> <span class='ocrx_word' id='word_1_718' title='bbox 3201 4167 3466 4222; x_wconf 75' lang='lat' dir='ltr'>Mansur-</span> <span class='ocrx_word' id='word_1_719' title='bbox 3512 4230 3515 4233; x_wconf 96' lang='lat'><em>_</em></span> 
     </span>
    </p>
   </div>
   <div class='ocr_carea' id='block_1_106' title="bbox 1813 4249 3464 4330">
    <p class='ocr_par' dir='ltr' id='par_1_106' title="bbox 1813 4249 3464 4330">
     <span class='ocr_line' id='line_1_106' title="bbox 1813 4249 3464 4330; baseline 0 -17"><span class='ocrx_word' id='word_1_720' title='bbox 1813 4272 1996 4330; x_wconf 91' lang='lat' dir='ltr'>quem</span> <span class='ocrx_word' id='word_1_721' title='bbox 2019 4249 2684 4324; x_wconf 85' lang='lat' dir='ltr'>graveminfestumque</span> <span class='ocrx_word' id='word_1_722' title='bbox 2730 4265 2932 4306; x_wconf 88' lang='lat' dir='ltr'>rerum</span> <span class='ocrx_word' id='word_1_723' title='bbox 2976 4257 3319 4311; x_wconf 88' lang='lat' dir='ltr'>nostrarum</span> <span class='ocrx_word' id='word_1_724' title='bbox 3359 4255 3464 4313; x_wconf 87' lang='lat' dir='ltr'>ho-</span> 
     </span>
    </p>
   </div>
   <div class='ocr_carea' id='block_1_107' title="bbox 1815 4339 3466 4414">
    <p class='ocr_par' dir='ltr' id='par_1_107' title="bbox 1815 4339 3466 4414">
     <span class='ocr_line' id='line_1_107' title="bbox 1815 4339 3466 4414; baseline 0.001 -12"><span class='ocrx_word' id='word_1_725' title='bbox 1815 4353 1966 4402; x_wconf 90' lang='lat' dir='ltr'>stem</span> <span class='ocrx_word' id='word_1_726' title='bbox 1996 4343 2177 4401; x_wconf 84' lang='lat' dir='ltr'>etiam</span> <span class='ocrx_word' id='word_1_727' title='bbox 2201 4339 2340 4398; x_wconf 91' lang='lat' dir='ltr'>inde</span> <span class='ocrx_word' id='word_1_728' title='bbox 2371 4340 2637 4412; x_wconf 83' lang='lat' dir='ltr'>patimur</span> <span class='ocrx_word' id='word_1_729' title='bbox 2659 4339 2810 4396; x_wconf 89' lang='lat' dir='ltr'>sicut</span> <span class='ocrx_word' id='word_1_730' title='bbox 2847 4341 3024 4411; x_wconf 87' lang='lat' dir='ltr'>nosti,</span> <span class='ocrx_word' id='word_1_731' title='bbox 3048 4345 3309 4414; x_wconf 88' lang='lat' dir='ltr'>potueris</span> <span class='ocrx_word' id='word_1_732' title='bbox 3336 4346 3466 4404; x_wconf 86' lang='lat' dir='ltr'>imi-</span> 
     </span>
    </p>
   </div>
   <div class='ocr_carea' id='block_1_108' title="bbox 1817 4429 3464 4505">
    <p class='ocr_par' dir='ltr' id='par_1_108' title="bbox 1817 4429 3464 4505">
     <span class='ocr_line' id='line_1_108' title="bbox 1817 4429 3464 4505; baseline 0.001 -12"><span class='ocrx_word' id='word_1_733' title='bbox 1817 4435 1928 4492; x_wconf 90' lang='lat' dir='ltr'>tari</span> <span class='ocrx_word' id='word_1_734' title='bbox 1955 4433 2210 4505; x_wconf 85' lang='lat' dir='ltr'>ejusque</span> <span class='ocrx_word' id='word_1_735' title='bbox 2239 4429 2609 4486; x_wconf 87' lang='lat' dir='ltr'>simillimum</span> <span class='ocrx_word' id='word_1_736' title='bbox 2639 4429 2949 4501; x_wconf 80' lang='lat' dir='ltr'>exemplar</span> <span class='ocrx_word' id='word_1_737' title='bbox 2976 4433 3291 4501; x_wconf 78' lang='lat' dir='ltr'>coniicere,</span> <span class='ocrx_word' id='word_1_738' title='bbox 3326 4453 3464 4495; x_wconf 83' lang='lat' dir='ltr'>ma-</span> 
     </span>
    </p>
   </div>
   <div class='ocr_carea' id='block_1_109' title="bbox 1817 4517 3466 4596">
    <p class='ocr_par' dir='ltr' id='par_1_109' title="bbox 1817 4517 3466 4596">
     <span class='ocr_line' id='line_1_109' title="bbox 1817 4517 3466 4596; baseline 0.001 -14"><span class='ocrx_word' id='word_1_739' title='bbox 1817 4541 2002 4596; x_wconf 89' lang='lat' dir='ltr'>gnam</span> <span class='ocrx_word' id='word_1_740' title='bbox 2023 4539 2059 4579; x_wconf 89' lang='lat' dir='ltr'>a</span> <span class='ocrx_word' id='word_1_741' title='bbox 2083 4537 2180 4578; x_wconf 91' lang='lat' dir='ltr'>me</span> <span class='ocrx_word' id='word_1_742' title='bbox 2199 4518 2378 4576; x_wconf 88' lang='lat' dir='ltr'>inibis</span> <span class='ocrx_word' id='word_1_743' title='bbox 2399 4517 2656 4589; x_wconf 84' lang='lat' dir='ltr'>gratiam</span> <span class='ocrx_word' id='word_1_744' title='bbox 2684 4523 2742 4575; x_wconf 90' lang='lat' dir='ltr'>et</span> <span class='ocrx_word' id='word_1_745' title='bbox 2765 4520 2979 4589; x_wconf 83' lang='lat' dir='ltr'>grandi</span> <span class='ocrx_word' id='word_1_746' title='bbox 3001 4523 3466 4595; x_wconf 80' lang='lat' dir='ltr'>praemioremu-</span> 
     </span>
    </p>
   </div>
   <div class='ocr_carea' id='block_1_110' title="bbox 1815 4607 3471 4684">
    <p class='ocr_par' dir='ltr' id='par_1_110' title="bbox 1815 4607 3471 4684">
     <span class='ocr_line' id='line_1_110' title="bbox 1815 4607 3471 4684; baseline 0.001 -12"><span class='ocrx_word' id='word_1_747' title='bbox 1815 4613 2145 4672; x_wconf 88' lang='lat' dir='ltr'>neraberis.</span> <span class='ocrx_word' id='word_1_748' title='bbox 2169 4607 2341 4666; x_wconf 83' lang='lat' dir='ltr'>Audit</span> <span class='ocrx_word' id='word_1_749' title='bbox 2355 4607 2484 4665; x_wconf 78' lang='lat' dir='ltr'>hth</span> <span class='ocrx_word' id='word_1_750' title='bbox 2503 4607 2710 4664; x_wconf 80' lang='lat' dir='ltr'>dexter</span> <span class='ocrx_word' id='word_1_751' title='bbox 2730 4607 2809 4664; x_wconf 90' lang='lat' dir='ltr'>ad</span> <span class='ocrx_word' id='word_1_752' title='bbox 2831 4611 3161 4682; x_wconf 85' lang='lat' dir='ltr'>nequitiam</span> <span class='ocrx_word' id='word_1_753' title='bbox 3181 4615 3396 4684; x_wconf 89' lang='lat' dir='ltr'>scriba,</span> <span class='ocrx_word' id='word_1_754' title='bbox 3413 4620 3471 4672; x_wconf 90' lang='lat' dir='ltr'>et</span> 
     </span>
    </p>
   </div>
   <div class='ocr_carea' id='block_1_111' title="bbox 1816 4695 3470 4772">
    <p class='ocr_par' dir='ltr' id='par_1_111' title="bbox 1816 4695 3470 4772">
     <span class='ocr_line' id='line_1_111' title="bbox 1816 4695 3470 4772; baseline -0.001 -10"><span class='ocrx_word' id='word_1_755' title='bbox 1816 4699 2257 4762; x_wconf 84' lang='lat' dir='ltr'>falsiﬁcandam</span> <span class='ocrx_word' id='word_1_756' title='bbox 2305 4695 2553 4754; x_wconf 83' lang='lat' dir='ltr'>Joannis</span> <span class='ocrx_word' id='word_1_757' title='bbox 2599 4711 2852 4754; x_wconf 89' lang='lat' dir='ltr'>manum</span> <span class='ocrx_word' id='word_1_758' title='bbox 2895 4699 3212 4772; x_wconf 88' lang='lat' dir='ltr'>pollicetur</span> <span class='ocrx_word' id='word_1_759' title='bbox 3251 4703 3470 4762; x_wconf 89' lang='lat' dir='ltr'>deinde</span> 
     </span>
    </p>
   </div>
   <div class='ocr_carea' id='block_1_112' title="bbox 1814 4788 3469 4870">
    <p class='ocr_par' dir='ltr' id='par_1_112' title="bbox 1814 4788 3469 4870">
     <span class='ocr_line' id='line_1_112' title="bbox 1814 4788 3469 4870; baseline -0.002 -18"><span class='ocrx_word' id='word_1_760' title='bbox 1814 4793 1982 4870; x_wconf 90' lang='lat' dir='ltr'>quod</span> <span class='ocrx_word' id='word_1_761' title='bbox 2001 4796 2127 4850; x_wconf 89' lang='lat' dir='ltr'>erat</span> <span class='ocrx_word' id='word_1_762' title='bbox 2143 4788 2436 4864; x_wconf 90' lang='lat' dir='ltr'>pollicitus</span> <span class='ocrx_word' id='word_1_763' title='bbox 2467 4791 2594 4843; x_wconf 88' lang='lat' dir='ltr'>tam</span> <span class='ocrx_word' id='word_1_764' title='bbox 2624 4788 2769 4845; x_wconf 88' lang='lat' dir='ltr'>scite</span> <span class='ocrx_word' id='word_1_765' title='bbox 2799 4788 2998 4861; x_wconf 82' lang='lat' dir='ltr'>explet</span> <span class='ocrx_word' id='word_1_766' title='bbox 3023 4791 3102 4848; x_wconf 90' lang='lat' dir='ltr'>ad</span> <span class='ocrx_word' id='word_1_767' title='bbox 3145 4792 3469 4866; x_wconf 82' lang='lat' dir='ltr'>imperato-</span> 
     </span>
    </p>
   </div>
   <div class='ocr_carea' id='block_1_113' title="bbox 1813 4875 3467 4954">
    <p class='ocr_par' dir='ltr' id='par_1_113' title="bbox 1813 4875 3467 4954">
     <span class='ocr_line' id='line_1_113' title="bbox 1813 4875 3467 4954; baseline -0.003 -12"><span class='ocrx_word' id='word_1_768' title='bbox 1813 4885 1897 4942; x_wconf 87' lang='lat' dir='ltr'>ris</span> <span class='ocrx_word' id='word_1_769' title='bbox 1921 4882 2308 4946; x_wconf 87' lang='lat' dir='ltr'>voluntatem,</span> <span class='ocrx_word' id='word_1_770' title='bbox 2339 4881 2540 4934; x_wconf 91' lang='lat' dir='ltr'>utnon</span> <span class='ocrx_word' id='word_1_771' title='bbox 2570 4875 2769 4934; x_wconf 86' lang='lat' dir='ltr'>solum</span> <span class='ocrx_word' id='word_1_772' title='bbox 2796 4877 2944 4935; x_wconf 88' lang='lat' dir='ltr'>alios</span> <span class='ocrx_word' id='word_1_773' title='bbox 2972 4879 3156 4937; x_wconf 85' lang='lat' dir='ltr'>latere</span> <span class='ocrx_word' id='word_1_774' title='bbox 3194 4881 3467 4954; x_wconf 84' lang='lat' dir='ltr'>supposi-</span> 
     </span>
    </p>
   </div>
   <div class='ocr_carea' id='block_1_114' title="bbox 1815 4965 3468 5046">
    <p class='ocr_par' dir='ltr' id='par_1_114' title="bbox 1815 4965 3468 5046">
     <span class='ocr_line' id='line_1_114' title="bbox 1815 4965 3468 5046; baseline -0.002 -14"><span class='ocrx_word' id='word_1_775' title='bbox 1815 4975 1895 5032; x_wconf 90' lang='lat' dir='ltr'>tio</span> <span class='ocrx_word' id='word_1_776' title='bbox 1913 4975 2135 5046; x_wconf 86' lang='lat' dir='ltr'>posset,</span> <span class='ocrx_word' id='word_1_777' title='bbox 2159 4968 2265 5026; x_wconf 88' lang='lat' dir='ltr'>sed</span> <span class='ocrx_word' id='word_1_778' title='bbox 2291 4967 2476 5024; x_wconf 88' lang='lat' dir='ltr'>etiam</span> <span class='ocrx_word' id='word_1_779' title='bbox 2503 4965 2832 5039; x_wconf 89' lang='lat' dir='ltr'>ipsummet</span> <span class='ocrx_word' id='word_1_780' title='bbox 2866 4969 3177 5036; x_wconf 81' lang='lat' dir='ltr'>Joannem,</span> <span class='ocrx_word' id='word_1_781' title='bbox 3215 4970 3350 5027; x_wconf 90' lang='lat' dir='ltr'>licet</span> <span class='ocrx_word' id='word_1_782' title='bbox 3388 4967 3468 5028; x_wconf 88' lang='lat' dir='ltr'>ad</span> 
     </span>
    </p>
   </div>
   <div class='ocr_carea' id='block_1_115' title="bbox 1816 5053 3468 5134">
    <p class='ocr_par' dir='ltr' id='par_1_115' title="bbox 1816 5053 3468 5134">
     <span class='ocr_line' id='line_1_115' title="bbox 1816 5053 3468 5134; baseline -0.004 -15"><span class='ocrx_word' id='word_1_783' title='bbox 1816 5059 2076 5134; x_wconf 86' lang='lat' dir='ltr'>cujusvis</span> <span class='ocrx_word' id='word_1_784' title='bbox 2113 5056 2197 5114; x_wconf 89' lang='lat' dir='ltr'>rei</span> <span class='ocrx_word' id='word_1_785' title='bbox 2226 5053 2829 5128; x_wconf 85' lang='lat' dir='ltr'>comprehensionem</span> <span class='ocrx_word' id='word_1_786' title='bbox 2862 5057 3246 5128; x_wconf 86' lang='lat' dir='ltr'>acerrimum,</span> <span class='ocrx_word' id='word_1_787' title='bbox 3278 5057 3360 5116; x_wconf 88' lang='lat' dir='ltr'>sic</span> <span class='ocrx_word' id='word_1_788' title='bbox 3377 5057 3468 5114; x_wconf 83' lang='lat' dir='ltr'>fu-</span> 
     </span>
    </p>
   </div>
   <div class='ocr_carea' id='block_1_116' title="bbox 1815 5144 3466 5224">
    <p class='ocr_par' dir='ltr' id='par_1_116' title="bbox 1815 5144 3466 5224">
     <span class='ocr_line' id='line_1_116' title="bbox 1815 5144 3466 5224; baseline -0.002 -15"><span class='ocrx_word' id='word_1_789' title='bbox 1815 5167 1954 5224; x_wconf 86' lang='lat' dir='ltr'>gere</span> <span class='ocrx_word' id='word_1_790' title='bbox 1982 5148 2208 5206; x_wconf 86' lang='lat' dir='ltr'>valeret</span> <span class='ocrx_word' id='word_1_791' title='bbox 2233 5146 2400 5203; x_wconf 85' lang='lat' dir='ltr'>fraus</span> <span class='ocrx_word' id='word_1_792' title='bbox 2424 5144 2662 5200; x_wconf 87' lang='lat' dir='ltr'>occulta</span> <span class='ocrx_word' id='word_1_793' title='bbox 2691 5148 2748 5201; x_wconf 91' lang='lat' dir='ltr'>et</span> <span class='ocrx_word' id='word_1_794' title='bbox 2788 5145 3100 5202; x_wconf 82' lang='lat' dir='ltr'>maleﬁcus</span> <span class='ocrx_word' id='word_1_795' title='bbox 3141 5151 3334 5219; x_wconf 87' lang='lat' dir='ltr'>astus,</span> <span class='ocrx_word' id='word_1_796' title='bbox 3380 5153 3466 5220; x_wconf 91' lang='lat' dir='ltr'>ut,</span> 
     </span>
    </p>
   </div>
   <div class='ocr_carea' id='block_1_117' title="bbox 1812 5233 3467 5316">
    <p class='ocr_par' dir='ltr' id='par_1_117' title="bbox 1812 5233 3467 5316">
     <span class='ocr_line' id='line_1_117' title="bbox 1812 5233 3467 5316; baseline -0.002 -18"><span class='ocrx_word' id='word_1_797' title='bbox 1812 5239 1980 5316; x_wconf 90' lang='lat' dir='ltr'>quod</span> <span class='ocrx_word' id='word_1_798' title='bbox 2006 5237 2086 5296; x_wconf 89' lang='lat' dir='ltr'>ad</span> <span class='ocrx_word' id='word_1_799' title='bbox 2105 5233 2467 5294; x_wconf 87' lang='lat' dir='ltr'>characteris</span> <span class='ocrx_word' id='word_1_800' title='bbox 2481 5233 2708 5306; x_wconf 88' lang='lat' dir='ltr'>proprii</span> <span class='ocrx_word' id='word_1_801' title='bbox 2722 5233 2984 5290; x_wconf 84' lang='lat' dir='ltr'>formam</span> <span class='ocrx_word' id='word_1_802' title='bbox 3006 5235 3230 5304; x_wconf 89' lang='lat' dir='ltr'>attinet,</span> <span class='ocrx_word' id='word_1_803' title='bbox 3245 5235 3467 5296; x_wconf 86' lang='lat' dir='ltr'>litteras</span> 
     </span>
    </p>
   </div>
   <div class='ocr_carea' id='block_1_118' title="bbox 1813 5325 3467 5404">
    <p class='ocr_par' dir='ltr' id='par_1_118' title="bbox 1813 5325 3467 5404">
     <span class='ocr_line' id='line_1_118' title="bbox 1813 5325 3467 5404; baseline -0.002 -15"><span class='ocrx_word' id='word_1_804' title='bbox 1813 5347 1922 5404; x_wconf 91' lang='lat' dir='ltr'>pro</span> <span class='ocrx_word' id='word_1_805' title='bbox 1955 5329 2080 5386; x_wconf 90' lang='lat' dir='ltr'>suis</span> <span class='ocrx_word' id='word_1_806' title='bbox 2114 5325 2878 5396; x_wconf 70' lang='lat' dir='ltr'>deberetagnoscere,quaa</span> <span class='ocrx_word' id='word_1_807' title='bbox 2917 5340 3059 5382; x_wconf 90' lang='lat' dir='ltr'>vero</span> <span class='ocrx_word' id='word_1_808' title='bbox 3082 5325 3154 5381; x_wconf 88' lang='lat' dir='ltr'>iis</span> <span class='ocrx_word' id='word_1_809' title='bbox 3205 5329 3467 5386; x_wconf 86' lang='lat' dir='ltr'>contine-</span> 
     </span>
    </p>
   </div>
   <div class='ocr_carea' id='block_1_119' title="bbox 1811 5409 3466 5492">
    <p class='ocr_par' dir='ltr' id='par_1_119' title="bbox 1811 5409 3466 5492">
     <span class='ocr_line' id='line_1_119' title="bbox 1811 5409 3466 5492; baseline -0.002 -13"><span class='ocrx_word' id='word_1_810' title='bbox 1811 5421 2035 5479; x_wconf 90' lang='lat' dir='ltr'>bantur</span> <span class='ocrx_word' id='word_1_811' title='bbox 2055 5421 2120 5474; x_wconf 92' lang='lat' dir='ltr'>ut</span> <span class='ocrx_word' id='word_1_812' title='bbox 2142 5431 2266 5473; x_wconf 92' lang='lat' dir='ltr'>non</span> <span class='ocrx_word' id='word_1_813' title='bbox 2297 5429 2408 5470; x_wconf 87' lang='lat' dir='ltr'>sua</span> <span class='ocrx_word' id='word_1_814' title='bbox 2447 5409 2786 5484; x_wconf 90' lang='lat' dir='ltr'>repudiare.</span> <span class='ocrx_word' id='word_1_815' title='bbox 2847 5413 3114 5473; x_wconf 84' lang='lat' dir='ltr'>Conﬁcta</span> <span class='ocrx_word' id='word_1_816' title='bbox 3167 5416 3466 5492; x_wconf 88' lang='lat' dir='ltr'>siquidem</span> 
     </span>
    </p>
   </div>
   <div class='ocr_carea' id='block_1_120' title="bbox 1813 5499 3464 5582">
    <p class='ocr_par' dir='ltr' id='par_1_120' title="bbox 1813 5499 3464 5582">
     <span class='ocr_line' id='line_1_120' title="bbox 1813 5499 3464 5582; baseline -0.002 -14"><span class='ocrx_word' id='word_1_817' title='bbox 1813 5505 2218 5582; x_wconf 84' lang='lat' dir='ltr'>fuitepistola,</span> <span class='ocrx_word' id='word_1_818' title='bbox 2241 5501 2404 5560; x_wconf 88' lang='lat' dir='ltr'>velut</span> <span class='ocrx_word' id='word_1_819' title='bbox 2431 5499 2510 5558; x_wconf 89' lang='lat' dir='ltr'>ab</span> <span class='ocrx_word' id='word_1_820' title='bbox 2541 5499 2674 5573; x_wconf 84' lang='lat' dir='ltr'>ipso</span> <span class='ocrx_word' id='word_1_821' title='bbox 2718 5501 2799 5559; x_wconf 86' lang='lat' dir='ltr'>ad</span> <span class='ocrx_word' id='word_1_822' title='bbox 2847 5507 3184 5576; x_wconf 77' lang='lat' dir='ltr'>Augustum</span> <span class='ocrx_word' id='word_1_823' title='bbox 3223 5508 3464 5581; x_wconf 85' lang='lat' dir='ltr'>scripta,</span> 
     </span>
    </p>
   </div>
   <div class='ocr_carea' id='block_1_121' title="bbox 1815 5589 3466 5667">
    <p class='ocr_par' dir='ltr' id='par_1_121' title="bbox 1815 5589 3466 5667">
     <span class='ocr_line' id='line_1_121' title="bbox 1815 5589 3466 5667; baseline -0.004 -7"><span class='ocrx_word' id='word_1_824' title='bbox 1815 5601 1968 5660; x_wconf 87' lang='lat' dir='ltr'>sicut</span> <span class='ocrx_word' id='word_1_825' title='bbox 2005 5595 2190 5656; x_wconf 74' lang='lat' dir='ltr'>solere</span> <span class='ocrx_word' id='word_1_826' title='bbox 2227 5591 2324 5651; x_wconf 87' lang='lat' dir='ltr'>ille</span> <span class='ocrx_word' id='word_1_827' title='bbox 2362 5589 2614 5662; x_wconf 82' lang='lat' dir='ltr'>scriptor</span> <span class='ocrx_word' id='word_1_828' title='bbox 2653 5598 2969 5667; x_wconf 79' lang='lat' dir='ltr'>acceperat</span> <span class='ocrx_word' id='word_1_829' title='bbox 3021 5597 3086 5653; x_wconf 91' lang='lat' dir='ltr'>in</span> <span class='ocrx_word' id='word_1_830' title='bbox 3141 5596 3466 5667; x_wconf 80' lang='lat' dir='ltr'>mandatis,</span> 
     </span>
    </p>
   </div>
   <div class='ocr_carea' id='block_1_122' title="bbox 3004 5724 3076 5781">
    <p class='ocr_par' dir='ltr' id='par_1_122' title="bbox 3004 5724 3076 5781">
     <span class='ocr_line' id='line_1_122' title="bbox 3004 5724 3076 5781; baseline 0 0"><span class='ocrx_word' id='word_1_831' title='bbox 3004 5724 3076 5781; x_wconf 81' lang='lat'>27</span> 
     </span>
    </p>
   </div>
  </div>
