4032 6308
553 269 656 324 843

1743 243 2204 304 CONSTANTINI
2237 243 2726 308 ACBOPOLITE.

3816 249 3917 302 844

550 388 884 447 secundum
914 382 1204 459 propositi
1224 381 1284 436 in
1322 372 1698 444 autographa
1733 370 2092 426 characteris
2124 370 2197 428 si-

2310 377 2604 443 γραμματεῖ
2633 374 2765 444 πρὸς
2805 366 2970 438 ἰδέαν,
3032 372 3096 430 ὡς
3151 368 3442 442 ἐπετὰχθη,
3508 379 3733 444 γραφῆς,
3794 375 3918 445 πρὸς

551 479 948 536 militudinem
983 481 1042 531 et
1052 470 1415 529 diabolicam
1430 472 1552 520 tam
1565 462 1876 518 scribentis
1889 477 2075 533 quam
2097 463 2198 532 ju—

553 570 749 626 bentis
802 563 1198 628 industriam;
1259 563 1315 614 et
1362 555 1441 612 ad
1481 556 1793 608 Persarum
1851 550 2197 622 praelectum

552 659 776 714 missa:
829 670 966 711 cum
1004 653 1118 707 hac
1158 663 1300 703 vero
1350 645 1539 701 missa
1586 646 1676 695 est
1728 640 1907 694 etiam
1958 639 2075 694 alia
2123 638 2197 692 de

551 748 800 802 Joanne.
831 745 969 808 Quae
993 735 1299 807 autem,ab
1327 729 1632 801 hoc,velut
1652 728 1732 784 ad
1745 730 2033 783 Caesarem
2063 727 2199 782 mis—

554 851 622 891 sa
651 831 919 904 epistola,
951 827 1447 897 suggerebantur,
1475 820 1603 874 haec
1634 824 1803 872 erant
1830 815 2034 888 quoad
2070 830 2192 870 sen-

552 939 709 989 sum;
734 936 932 992 neque
962 917 1122 973 enim
1162 913 1348 968 verba
1372 909 1588 964 referre
1617 906 1752 976 ipsa
1784 905 2034 976 possim,
2065 919 2198 975 par-

554 1012 682 1078 tim;
706 1010 934 1066 oblitus
962 1018 1336 1074 eorum,quaa
1354 1014 1476 1055 non
1505 995 1826 1052 credebam
1841 1010 1996 1049 mem
2007 1008 2197 1049 omam

553 1106 819 1159 nostram
833 1095 1301 1166 mereri,partim
1339 1087 1698 1155 dedignatus
1725 1088 1847 1138 tam
1873 1080 2200 1138 exsecrabi-

551 1192 672 1248 lem
700 1190 1119 1260 imposturam.
1155 1183 1373 1237 Sensus
1403 1190 1545 1245 ergo
1580 1173 1709 1229 talis
1755 1171 2199 1243 quadamtenus

553 1285 700 1338 erat.

625 1392 714 1444 25.
749 1383 969 1442 Servile
1000 1380 1212 1436 collum
1254 1375 1482 1431 etiame
1529 1370 1862 1442 longinquo
1913 1366 2202 1423 submitto

555 1478 684 1542 tibi,
727 1479 921 1533 Caesar
959 1476 1320 1537 tuorumque
1359 1461 1582 1534 pedum
1623 1458 2024 1513 extremitates
2067 1471 2200 1510 am-

553 1569 797 1642 plector.
821 1559 1241 1633 Equidem,uta
1265 1552 1496 1610 Christo
1515 1545 2198 1642 deuo-minationem-ba-

555 1635 730 1716 bens.
768 1654 896 1719 tibi,
946 1657 1012 1704 ut
1056 1644 1534 1701 Christianorum
1585 1639 1805 1709 ubique
1853 1635 2198 1705 degentium

556 1743 796 1819 praesidi
821 1736 1200 1796 manifestare
1230 1732 1444 1797 debeo,
1491 1745 1626 1819 quae
1659 1728 1955 1819 pertinent
1987 1723 2065 1780 ad
2097 1725 2200 1776 im-
2233 1727 2269 1778 B

555 1814 864 1909 piissimos
897 1830 1246 1884 Saracenos;
1278 1816 1796 1893 quemadmodum
1811 1814 2030 1870 scilicet
2049 1828 2122 1867 ea
2137 1827 2199 1866 se

554 1905 717 1980 nunc
747 1919 1028 1985 habeant,
1071 1920 1126 1968 et
1154 1910 1359 1983 qualia
1384 1908 1531 1979 ipsis
1565 1905 1909 1969 acciderint,
1955 1915 2199 1973 quoque

554 2013 852 2069 malorum
903 2002 1308 2079 processerint
1336 1997 1535 2052 furiosi
1555 1995 1656 2050 illi.
1694 1994 1849 2050 Sciat
1876 1993 2057 2060 igitur
2077 2005 2200 2045 ma-

549 2103 736 2174 jestas
767 2104 890 2164 tua,
933 2097 1098 2166 ipsos
1139 2089 1387 2146 omnino
1426 2084 1664 2140 destitui
1702 2081 2060 2174 militaribus
2099 2094 2200 2173 co-

552 2165 666 2264 piis
689 2186 884 2260 (divisi
908 2165 1070 2239 enim
1096 2181 1246 2235 inter
1268 2192 1329 2231 se
1370 2179 1525 2229 sunt.
1553 2177 1882 2241 mutuoque
1926 2168 2004 2224 ab
2048 2165 2199 2264 invi.-

553 2254 1034 2336 cem‘atteruntur
1054 2267 1361 2328 conﬂictu)
1385 2269 1565 2334 atque
1601 2261 1752 2315 adeo
1792 2261 2076 2329 superatu
2109 2254 2203 2310 fa-

552 2369 690 2425 ciles
721 2380 851 2421 esse
892 2362 1231 2428 cuicunque
1270 2351 1492 2409 volenti
1523 2368 1536 2404 :
1564 2365 1764 2404 meam
1810 2347 2055 2417 insuper
2093 2358 2201 2414 pa-

549 2458 744 2520 triam,
779 2452 991 2507 urbem
1021 2447 1332 2517 antiquam
1384 2446 1441 2496 et
1475 2439 1721 2501 claram,
1753 2451 1889 2508 quin
1920 2450 1958 2489 a
1988 2431 2201 2488 funda-

550 2543 767 2601 mentis
788 2539 976 2596 multo
1000 2538 1132 2609 jam
1161 2540 1426 2603 tempore
1457 2527 1706 2583 subruta
1717 2526 1896 2596 jacet.
1924 2529 1980 2578 et
2005 2524 2062 2577 in
2088 2521 2200 2576 mi-

553 2634 844 2689 seriarum
885 2622 1317 2700 plenitudinem
1356 2619 1587 2689 dejecta
1625 2621 1730 2678 est,
1774 2614 1943 2670 nullo
1982 2611 2201 2683 pariter

549 2721 791 2793 negotio
817 2711 1263 2786 subjugabilem
1284 2723 1574 2780 apparere
1603 2700 2193 2793 Necuncterisigitur,

549 2789 926 2868 ter'maxime
940 2806 1284 2876 imperator,
1299 2801 1403 2852 sed
1418 2810 1681 2868 presens
1703 2793 1987 2849 assistens
2001 2789 2195 2845 solum

548 2905 604 2956 te
624 2897 955 2954 videndum
973 2890 1194 2965 praebe,
1223 2894 1402 2959 atque
1421 2885 1498 2940 ad
1520 2901 1591 2940 ea
1629 2899 1764 2955 quae
1794 2881 1889 2935 hic
1912 2883 2198 2948 geruntur

549 2990 917 3060 improv1sus
935 2981 1152 3038 accede
1181 2997 1194 3034 :
1219 2977 1383 3033 brevi
1410 2974 1569 3029 enim
1611 2989 1681 3028 ac
1720 2971 1846 3026 sine
1873 2967 2195 3060 certamine

547 3053 933 3139 Damascum,
983 3072 1160 3126 famae
1216 3065 1556 3122 celebritate
1616 3061 2017 3122 notissimam,
2081 3055 2193 3110 sub

2310 3060 2437 3126 μέγα
2503 3055 2641 3114 11:70;
2696 3055 3054 3116 ἐπαναξεύξεις
3117 3053 3370 3129 αραμενος
3426 3076 3438 3088 ο

549 3174 717 3224 tuam
750 3165 986 3231 rediges
1015 3163 1394 3232 potestatem,
1427 3159 1484 3208 et
1514 3166 1740 3220 magna
1771 3148 1959 3217 gloria
1987 3143 2190 3216 acqui-

547 3257 659 3312 sita
684 3253 929 3316 redibis;
961 3265 1053 3304 me
1077 3245 1375 3318 siquidem
1398 3243 1457 3296 in
1489 3241 1690 3295 multis
1727 3237 2064 3306 adjutorem
2102 3248 2193 3287 re-

544 3344 758 3416 peries,
790 3345 994 3410 utpote
1021 3339 1322 3408 potentem
1345 3332 1404 3385 in
1427 3328 1660 3384 Perside
1692 3332 1748 3381 et
1787 3340 2006 3416 rerum-
2029 3337 2192 3376 sum-

547 3411 711 3488 inam
744 3439 1110 3501 quocunque
1139 3421 1378 3476 libuerit
1416 3419 1730 3473 ducentem
1772 3430 1842 3468 ac
1884 3411 2194 3468 traducen-

547 3527 695 3578 tem.
732 3522 799 3573 Et
826 3518 954 3570 haec
979 3511 1224 3584 quidem
1256 3515 1360 3563 aut
1386 3504 1738 3576 bujusmodi
1759 3503 1876 3558 alia
1904 3502 2192 3570 ﬁgmento

551 3611 672 3667 isto
713 3604 1173 3662 continebantur
1213 3618 1226 3654 :
1268 3613 1404 3669 quae
1445 3611 1584 3649 vero
1617 3593 1694 3648 ab
1720 3592 2078 3663 imperatore
2115 3587 2194 3642 ad

548 3702 862 3754 Persarum
885 3691 1236 3764 praefectum
1273 3684 1610 3741 addebatur
1647 3680 1898 3752 epistola
1916 3680 1978 3734 in
2033 3678 2195 3732 hunc

546 3788 669 3844 fere
688 3784 939 3841 modum
981 3777 1320 3849 conscripta
1344 3778 1490 3829 erat.

616 3901 710 3952 26.
748 3889 1093 3948 Admodum
1106 3885 1318 3958 inclyte
1353 3899 1423 3938 ac
1440 3879 1716 3936 nobiliter
1746 3881 1884 3932 nate
1897 3880 2194 3946 etpraepo-

546 3991 676 4042 tens
705 3987 1023 4038 Persarum
1056 3974 1349 4047 praefecte,
1383 3971 1535 4026 bene
1579 3967 1796 4031 valeas,
1840 3969 1896 4019 et
1939 3979 2074 4035 quae
2115 3961 2189 4016 ad

547 4081 717 4131 tuam
759 4071 1011 4126 attinent
1065 4063 1394 4136 potentiam
1433 4075 1503 4114 ac
1564 4057 1915 4126 dignitatem
1979 4051 2196 4107 cedant

546 4176 850 4237 prospere,
881 4168 1150 4225 meaeque
1188 4149 1575 4206 dominationi
1613 4144 1978 4200 denuntieris
2017 4141 2194 4212 plena

549 4231 821 4310 felici—tate
849 4247 981 4311 frui,
1015 4251 1193 4315 atque
1224 4242 1298 4295 de
1325 4237 1735 4308 magnitudine
1782 4240 1986 4289 nostra
2033 4231 2190 4285 idem

547 4339 862 4407 intelligas.
888 4332 1046 4390 Nosti
1071 4346 1255 4401 quam
1277 4343 1388 4397 ego
1419 4328 1531 4381 sim
1555 4327 1613 4378 in
1637 4322 1961 4378 foederibus
1986 4326 2042 4375 et
2087 4335 2194 4391 pa.

550 4431 657 4486 ctis
696 4422 1000 4482 conventis
1039 4419 1184 4475 nulli
1237 4415 1533 4472 obnoxius
1591 4410 2004 4467 mutabilitati:
2049 4415 2195 4463 tem-

549 4535 666 4592 pus
698 4516 878 4577 enim,
905 4524 1163 4578 magnus
1183 4510 1267 4576 (ut
1296 4503 1548 4576 quidam
1578 4501 1744 4592 dixit)
1769 4499 2053 4592 magister
2100 4513 2195 4592 re—

551 4587 710 4672 rum,
743 4601 889 4657 nihil
919 4612 1038 4654 non
1054 4593 1468 4663 detegitatque
1526 4589 1767 4644 revelat.
1821 4591 2080 4642 Tuorum
2113 4587 2196 4640 in-

553 4698 722 4752 terim
755 4689 1135 4745 subditorum
1157 4684 1430 4755 quidam,
1481 4678 1860 4751 improbitate
1905 4676 2195 4746 gaudens,

551 4783 830 4842 inimicus
852 4779 1036 4851 pacis,
1065 4779 1122 4829 et
1150 4773 1335 4829 hostis
1373 4770 1624 4835 virtutis,
1689 4766 2020 4822 convellere
2072 4765 2200 4820 uitio

557 4890 653 4946 tur
683 4870 908 4929 foedera
928 4867 1080 4922 inter
1118 4879 1228 4918 nos
1254 4862 1380 4932 jam
1411 4859 1554 4915 olim
1607 4857 1853 4924 sancita,
1919 4859 1974 4909 et
2013 4853 2201 4925 jusju-

634 5071 744 5140 (12)
770 5066 1011 5122 Videtur
1063 5073 1441 5140 praesumere,
1468 5053 1640 5140 quod
1693 5056 1883 5140 textus
1919 5047 2202 5140 epistol]?

559 5144 621 5196 in
635 5120 772 5194 ‘t’i—t’a
793 5120 1090 5208 expressae
1123 5120 1557 5208 sitpriginalis,
1595 5125 1710 5208 hoc
1760 5120 2057 5208 autem‘ex
2085 5120 2206 5208 illa

559 5213 685 5266 Vita
722 5199 1025 5266 adeo‘non
1063 5203 1430 5271 intelligitur,
1470 5203 1533 5252 ut
1586 5199 1786 5268 potius
1839 5199 2203 5249 contrarium

559 5282 676 5339 dici
713 5279 1073 5336 existimem.

635 5357 747 5422 (l3)
781 5356 949 5408 Anno
973 5345 1338 5422 Cbiristi_730,
1380 5345 1556 5422 motae
1621 5353 1657 5418 a
1701 5338 1891 5416 Leone
1915 5349 2205 5422 persecu-

560 5409 742 5480 tio‘nis'
760 5425 992 5492 quarto,
1019 5409 1352 5492 Masalmas,
1383 5409 1722 5492 Saraceni‘ci.
1738 5409 2028 5492 exercitus
2051 5409 2204 5492 vet-e-

559 5477 742 5551 ranus
780 5477 836 5547 ct
889 5477 1163 5562 plurimis
1219 5477 1480 5562 victoriis
1518 5478 1758 5536 illustris
1807 5477 2046 5562 ductor,
2076 5498 2096 5524 ι
2123 5477 2204 5562 lin

557 5551 1093 5623 Turoorum'terras
1117 5555 1562 5629 expeditionem
1583 5551 1866 5620 suscepit,
1905 5551 2205 5604 conserto-

2305 462 2628 531 γραμμάτων
2722 461 2991 529 ὁμοίωσιν,
3083 462 3209 533 πρὸς
3287 456 3566 530 δαιμονίαν
3648 458 3914 534 ἀκρίϐειαν

2307 549 2421 599 κατ’
2473 547 2756 622 ἀμφότερα,
2812 553 2898 600 καὶ
2950 547 3269 600 ἀπέσταλται
3312 556 3385 619 τῷ
3446 550 3765 622 Περσάρχη,
3830 554 3914 600 καὶ

2307 638 2455 712 ἑτέρα
2500 643 2617 712 περὶ
2683 639 2844 690 αὑτοῦ
2889 637 3318 693 συνεπέσταλται.
3371 637 3434 690 Ἃ
3485 643 3653 689 τοίνυν
3704 648 3801 698 τῆν
3856 643 3912 698 ὼς

2307 725 2360 776 ἐκ
2431 735 2521 778 τοῦ
2591 726 2828 780 Ἰωάννου
2885 731 3014 799 πρὸς
3052 731 3138 778 τὸν
3207 725 3433 798 ﬁcto-dia:
3501 725 3785 788 ἐπιστολῆς
3855 748 3912 779 τα

2309 811 2602 887 δηλούμενα
2665 812 2746 884 ἦν,
2801 818 2966 867 ταῦτά
3027 835 3085 886 γε
3134 812 3193 872 ἧν
3223 836 3235 847 ·
3303 816 3432 874 πλὴν
3484 815 3577 868 οὐκ
3609 814 3694 868 ἐπὶ
3737 817 3910 879 λέξεως

3091 926 3102 936 ·
3153 903 3259 957 ἐπεί
3317 925 3421 964 πως
3485 906 3592 972 (l2)
3649 901 3770 974 οῦδ,
3812 903 3912 956 ἐδι-

2307 995 2513 1044 καίωσα
2578 1013 2668 1064 μοι
2753 992 3091 1046 ἐναποθέσθαι

2308 907 2504 975 εἴποιμι
2545 904 2886 976 ἐπιλέλησμαι
2927 908 3028 978 γάρ

3167 1003 3236 1064 τῷ
3297 999 3540 1066 μνημονι,
3609 992 3909 1056 ἀπαξιώσας

2309 1084 2438 1152 ὁμοῦ
2514 1087 2602 1134 καὶ
2693 1090 2781 1134 τοῦ
2847 1081 3113 1154 πλαματος
3183 1088 3273 1134 καὶ
3344 1091 3435 1134 τοῦ
3509 1089 3912 1154 σκευωρηματος

2313 1168 2708 1244 βδελυξάμενος.
2740 1169 2901 1242 Εἶχον
2923 1168 2980 1223 δὲ
3019 1173 3119 1245 ἄρα
3151 1174 3343 1224 οὑτωσί
3372 1191 3479 1232 πως
3502 1172 3661 1227 αὐτοὶ.

2381 1365 2468 1420 κε’.
2497 1366 2731 1419 Δούλειον
2764 1366 2964 1438 αὐχένα
3027 1370 3114 1417 καὶ
3157 1365 3418 1440 πόρρωθεν
3494 1366 3758 1418 ὑποκλίνω
3815 1387 3909 1432 σοι,

2312 1455 2551 1528 βασιλεῦ,
2589 1462 2682 1508 καὶ
2751 1461 2837 1508 σοὶ
2895 1459 3012 1516 τοὺς
3079 1458 3298 1528 ὡραίους
3336 1459 3793 1529 προσπτύσσομαι
3829 1461 3914 1507 πο-

2310 1542 2428 1608 ὃας,
2502 1546 2527 1595 ὁ
2580 1544 2680 1596 ὀιπό
2738 1552 2970 1618 Χριστοῦ
3027 1549 3493 1616 παρωνομασμένος
3529 1543 3634 1615 ἐγώ
3686 1554 3765 1614 τῷ
3820 1554 3914 1596 τῶν

2308 1636 2694 1708 Χριστωνύμων
2733 1629 3029 1691 ὀπηδήποτ’
3081 1632 3142 1684 ἂν
3179 1639 3268 1685 καὶ
3337 1635 3655 1706 εὑρίσκοιντο
3711 1631 3919 1705 διάγον-

2309 1743 2390 1785 τες
2439 1725 2680 1796 ἄρχοντι,
2731 1727 2821 1774 καὶ
2854 1719 3100 1794 διασαφῶ
3134 1724 3198 1773 τὰ
3249 1730 3348 1773 τῶν
3377 1721 3739 1774 ἀσεϐεστάτων
3770 1723 3920 1794 Ἀγα-

2306 1822 2493 1886 ρηνών,
2527 1814 2665 1874 ὅπως
2693 1831 2746 1864 τε
2775 1813 2840 1862 τὰ
2867 1819 2953 1862 νῦν
2990 1814 3199 1882 ἔχουσι,
3260 1816 3350 1862 καὶ.
3409 1813 3565 1863 ὁποῖα
3624 1809 3813 1869 δήπου
3859 1816 3921 1863 τα

2308 1904 2444 1953 κατὰ
2495 1905 2710 1961 τούτους
2751 1905 3115 1971 συμπέπτωκε,
3162 1901 3338 1952 κοιὶοῖ
3381 1909 3552 1952 κακῶν
3610 1903 3660 1952 οἱ
3713 1898 3920 1972 δυσμε-

2307 1998 2405 2050 νεῖς
2451 1989 2783 2047 ἐληλάκασιν.
2837 1987 2997 2042 Ἴστω
3043 2008 3136 2042 σου
3186 1992 3244 2040 τὸ
3301 1991 3488 2057 κράτος
3527 1991 3596 2040 τὰ
3626 1997 3722 2048 τῆς
3767 2009 3920 2062 στρα-

2309 2086 2420 2139 τιᾶς
2476 2078 2729 2140 παντελῶς
2768 2077 3153 2152 ἐξηπορηκότας
3182 2082 3333 2149 (πρός
3402 2096 3457 2128 τε
3506 2081 3607 2150 γὰρ
3668 2077 3919 2138 ἀλλήλους

2312 2164 2592 2240 διῄρηνται
2653 2169 2785 2238 (l3),
2858 2172 2948 2218 καὶ.
3020 2167 3105 2219 ὑπ’
3167 2165 3393 2224 ἀλλήλων
3462 2163 3914 2239 ἐκδαπανῶνται),

2311 2259 2446 2308 ἔνθεν
2501 2263 2590 2308 καὶ
2634 2256 3062 2328 εὐεπιχειρήτονς
3126 2253 3298 2328 ᾦσπερ
3365 2256 3427 2306 ἄν
3466 2260 3555 2308 καὶ
3595 2259 3674 2315 εἰη
3731 2255 3918 2327 βουλο-

2310 2349 2444 2418 μένῳ
2472 2347 2826 2416 τυγχάνοντας
2859 2365 2871 2376 ·
2923 2347 3353 2418 προσεπιτούτοις
3403 2340 3460 2396 δὲ
3508 2350 3598 2397 καὶ
3648 2350 3750 2404 τὴν
3789 2349 3917 2418 ἐμήν

2310 2431 2564 2508 πατρίδα,
2618 2438 2712 2492 τὴν
2766 2432 2994 2504 ἀρχαίαν
3037 2433 3184 2485 πόλιν
3229 2439 3317 2484 καὶ
3383 2439 3729 2506 περιώνυμον,
3793 2433 3916 2492 ἀτη-

2309 2523 2526 2595 μέλητον
2577 2521 2632 2574 ἐκ
2687 2530 2890 2595 μακροῦ
2921 2542 2974 2574 τε
3023 2523 3184 2574 οὖσαν
3218 2529 3308 2573 καὶ
3344 2520 3389 2582 ἐς
3435 2527 3492 2573 τὸ
3529 2522 3779 2585 παντελές
3805 2521 3910 2581 ἤδη

2308 2611 2721 2669 καταϐληθεῖσαν
2791 2615 2880 2662 καὶ
2951 2610 3202 2663 εὐάλωτον
3277 2619 3560 2682 πεφηνυῖαν
3619 2619 3713 2663 καὶ
3800 2612 3914 2664 λίαν

2307 2701 2719 2774 εὐεπιχείρητον,
2756 2705 2840 2757 Μὴ
2869 2707 2993 2770 γοῦν
3043 2698 3276 2752 ἐπιπλέον
3338 2698 3618 2764 ἀναϐαλοῦ,
3685 2706 3914 2775 τρισμέ-

2304 2809 2456 2860 γιστε
2532 2788 2750 2860 βασιλεῦ
2815 2810 2826 2820 ·
2887 2787 2993 2839 ἀλλ’
3033 2787 3304 2853 ἐπίστηθι,
3364 2787 3642 2860 ἐπιφάνηθι
3731 2794 3910 2861 μόνον,

2303 2885 2598 2950 παραγενοῦ
2628 2884 2736 2938 τοῖς
2763 2873 2892 2948 τῇδε
2943 2898 2955 2909 ·
2996 2873 3089 2928 διὰ
3139 2875 3373 2948 βραχέος
3401 2879 3502 2949 γὰρ
3569 2883 3658 2929 καὶ
3709 2880 3913 2930 ἀκονιτὶ

2303 2972 2397 3025 τὴν
2445 2970 2720 3038 Δαμασκὸν
2783 2972 3101 3037 παραστήσῃ
3158 2970 3251 3024 τὴν
3320 2966 3758 3040 πολυθρύλλητον,
3820 2974 3911 3019 καὶ

3507 3058 3748 3129 εὑρήσεις
3804 3061 3910 3130 γὰρ

2302 3143 2387 3216 ἐμὲ
2436 3144 2529 3196 οὐκ
2576 3148 2658 3196 ἐπὶ
2717 3151 2921 3216 μικροῖς
2967 3146 3174 3205 πάντως
3231 3146 3516 3216 συνέριθον,
3571 3145 3780 3215 μεγαλα
3823 3145 3910 3198 ἐπι

2301 3242 2361 3305 τῇ
2408 3230 2632 3305 Περσίδι
2674 3235 2819 3304 πάσῃ
2893 3230 3197 3304 δυνάμενον,
3238 3238 3414 3284 καὶτὸ
3455 3240 3552 3286 πᾶν
3583 3236 3682 3291 ὅπη
3727 3254 3784 3287 τε
3820 3242 3910 3286 καὶ

2301 3325 2438 3383 ὅπως
2477 3342 2566 3394 μοι
2626 3320 2880 3394 βουλητὸν
2939 3327 3029 3372 καὶ
3066 3323 3257 3392 ἄγοντα
3308 3327 3397 3374 καὶ
3453 3325 3763 3394 μετάγοντα.
3810 3331 3912 3377 Καὶ

3654 3409 3912 3465 ’ἂδὲὲκ

2300 3509 2391 3552 τοῦ
2441 3499 2697 3572 βασιλέως
2753 3503 2882 3573 πρὸς
2937 3503 3021 3550 τὸν
3070 3501 3387 3573 Περσάρχην
3429 3496 3769 3571 διεσήμαινεν
3800 3501 3914 3554 Em-

2300 3415 2574 3482 ταῦταμὲν
2604 3411 2632 3467 ὴ
2667 3418 2885 3461 τοιαῦτα
2921 3406 2986 3466 δή
3039 3413 3104 3460 τὰ
3145 3418 3235 3461 τοῦ
3297 3409 3602 3482 πλάσματος

2305 3589 2505 3641 στολιον
2536 3591 2703 3641 ταῦτα
2754 3608 2813 3658 γε
2867 3589 2895 3646 ἡ
2951 3588 3149 3640 τοιαῦτ’
3200 3590 3334 3640 ἄττα
3385 3593 3595 3641 κάκεῖνα
3623 3596 3718 3648 τὴν
3776 3594 3915 3644 ἔκθε-

2303 3699 2384 3730 σιν
2416 3676 2495 3736 ἧν.

2372 3873 2475 3926 καθ’.
2556 3871 2868 3942 Μιγακλεὲς,
2953 3870 3209 3942 ὑψιγενὶς,
3293 3874 3576 3944 κρατάρχα
3665 3881 3908 3946 Περσῶν,

2301 3968 2411 4024 εἴης
2448 3964 2645 4031 ὑγιείας
2698 3963 2833 4031 ἔχων
2900 3959 3083 4020 καλῶς.
3143 3963 3220 4012 Τὰ
3264 3969 3356 4022 τῆς
3409 3961 3653 4024 ἐξουσίας
3703 3964 3764 4015 εὖ
3826 3985 3910 4018 σοι

2302 4050 2554 4119 διέποιτο,
2611 4049 2781 4121 κάμοῦ
2828 4057 2898 4119 τῷ
2955 4052 3131 4122 κράτει
3187 4055 3436 4112 παντοίας
3490 4059 3580 4111 τῆς
3649 4052 3911 4124 εὐθυμίας

2302 4140 2636 4193 ἐπαπολαύων
2681 4137 2918 4208 der/ﬂow
2953 4134 3004 4189 εὖ
3065 4141 3253 4209 ἔχοντα
3314 4159 3327 4172 ·
3372 4145 3462 4191 καί
3497 4142 3564 4190 τὰ
3615 4145 3755 4192 κατὰ
3815 4149 3910 4200 τὴν

2302 4230 2426 4302 ἐμὴν
2482 4230 2704 4300 μάνθανε
2782 4226 3178 4298 μεγαλειότητα.
3261 4225 3435 4280 Οἶσθα
3489 4227 3592 4290 οἷος
3648 4232 3753 4300 ἐγὼ
3824 4236 3916 4292 τὰς

2305 4314 2536 4377 σπονδὰς
2599 4315 2831 4387 ἀσφαλὴς
2884 4321 2974 4367 καὶ
3026 4317 3128 4376 οἷος
3165 4320 3260 4378 τὰς
3317 4316 3606 4388 συμϐάσεις
3655 4317 3915 4393 ἀμεταμέ-

2301 4408 2452 4467 λητος
2495 4428 2507 4439 ·
2541 4408 2565 4456 ὁ
2599 4409 2699 4479 γάρ
2739 4424 2819 4456 τοι
2863 4410 3051 4475 χρονος
3080 4409 3239 4476 μέγας
3265 4407 3355 4473 (ὦς
3412 4425 3490 4466 τις
3517 4410 3634 4478 ἔφη)
3700 4411 3912 4460 πάντων

2306 4494 2652 4560 διδάσκαλος,
2684 4500 2772 4545 καὶ
2829 4490 2980 4546 οῦδὲν
3016 4496 3139 4568 ὅπερ
3191 4494 3284 4545 οὐκ
3333 4493 3710 4548 ἀνακαλύπτειν
3773 4502 3911 4569 ἔχει,

2304 4591 2394 4637 καὶ
2435 4591 2804 4659 παραγυμνοῦν
2845 4583 2916 4644 εἰς
2998 4582 3260 4641 ἀληθειαν.
3311 4590 3421 4635 Τῶν
3477 4589 3653 4654 μέντοι
3697 4605 3758 4647 τς
3815 4590 3916 4640 ὑπὸ

2309 4681 2411 4739 σοὶ,
2445 4677 2765 4745 χαιρίκακος
2796 4676 2954 4732 ὅντως
3000 4677 3090 4723 καὶ
3144 4680 3241 4731 τῆς
3281 4672 3491 4743 εἰρήνης
3517 4672 3769 4745 πολέμιος
3825 4683 3917 4728 καὶ

2307 4772 2378 4832 τῷ
2426 4761 2606 4832 ἀγαθῴ
2666 4757 2950 4830 δυσμενὴς,
3007 4765 3237 4831 συγχέαι
3323 4763 3412 4821 τὰς
3475 4760 3718 4815 ἀνέκαθεν
3789 4767 3918 4836 ἡμῖν

2308 4857 2552 4924 πειρᾶται
2585 4845 2839 4914 σπονδὰς,
2880 4853 3116 4910 καὶτοὺς
3160 4851 3342 4921 ὅρκους
3379 4851 3683 4925 παραλῦσαι
3745 4850 3917 4927 διερε-

2313 5064 2431 5121 que
2475 5048 2680 5121 praelio
2721 5045 2924 5118 plures
2955 5045 3232 5119 utrinque
3269 5048 3554 5110 cecidere.
3589 5051 3919 5109 Masalmas

2314 5120 2516 5176 autem
2542 5136 2600 5174 in
2632 5120 2836 5187 fugam
2854 5123 3024 5174 actus
3046 5124 3153 5173 est.
3182 5141 3208 5164 ν»
3242 5121 3303 5175 Et
3333 5136 3572 5176 rursum
3595 5136 3762 5179 anno
3789 5129 3918 5187 732,

2315 5213 2353 5266 (ξ
2385 5193 2446 5246 in
2475 5191 2745 5266 fl‘urciam
2799 5189 3122 5266 exercitum
3169 5189 3402 5246 induxit
3433 5208 3447 5245 :
3477 5208 3743 5264 cumque
3783 5197 3918 5266 jam

2314 5263 2793 5334 Caspiasportas
2829 5261 3136 5334 attigisset,
3187 5261 3709 5334 metuAcorreptus
3757 5261 3918 5322 rctro

2315 5331 2622 5394 concessit,
2660 5354 2687 5381 ››
2729 5331 2898 5385 sicuti
2927 5331 3129 5386 scribit
3165 5331 3677 5404 Theophanes—ad
3719 5352 3919 5393 annos

2314 5407 2522 5460 Leonis
2559 5408 2620 5459 l3
2649 5409 2705 5458 et
2736 5403 2821 5470 15,
2853 5418 2990 5473 quae
3021 5417 3165 5457 sane
3196 5403 3506 5459 non’male
3543 5409 3918 5464 conveniunt

2313 5492 2450 5532 cum
2477 5473 2872 5543 chronologia
2893 5473 3035 5530 alibi
3069 5490 3106 5531 a
3139 5473 3313 5531 nobis
3340 5475 3618 5533 deducta.
