4032 6308
107 286 219 346 s“
1313 283 1382 337 IN
1423 282 1483 338 S.
1520 278 1699 337 JOAN

1885 268 2264 334 MSCENUM.
3374 273 3477 338 84-6

111 413 249 473 θίζει
291 412 488 484 οὕσπερ
536 402 771 469 ἀλλήλοις
817 406 872 460 ἐκ
923 414 1126 480 μακροῦ
1204 407 1516 478 συνεθέμεθα
1571 403 1696 474 (Ην)

1887 399 2090 456 indum
2135 398 2461 455 dissolvere
2508 416 2632 473 quo
2670 417 2782 458 nos
2826 401 2906 458 ad
2947 402 3202 460 invicem
3244 404 3479 476 pridem

111 507 206 556 καὶ
247 505 690 575 κατεπιχειρῆσαὶ
762 518 858 552 σου
912 505 1006 558 τῆς
1076 501 1258 570 χώρας
1315 493 1703 566 παραϐιάζεταιη

1887 487 2282 555 )strinximus,
2315 489 2583 558 urgendo
2630 495 2692 546 ut
2720 491 3027 560 regionem
3060 499 3224 549 tuam
3273 495 3479 565 subju-

327 596 416 642 και
469 590 528 642 οὐ
585 592 747 663 μικρὰ
801 588 1131 660 συνάρασθαί
1181 605 1268 652 μοι
1319 584 1706 654 κατεπαγγέλλε-

1889 593 1972 633 ιτθ
1999 593 2200 646 coner,
2260 583 2438 649 atque
2466 578 2748 633 auxilium
2780 579 2857 634 ad
2881 580 2994 635 hoc
3019 597 3141 636 non
3172 583 3481 638 modicum

114 698 223 732 ται.
277 678 410 734 Ἀλλ’
465 680 642 750 ἔγωγε,
711 675 881 749 φιλίας
931 671 1083 728 οὐδὲν
1142 672 1456 747 ἀκραιφνοῦς
1507 672 1706 743 λογιζό-

1895 665 1978 720 ihi
2021 681 2084 720 se
2129 665 2392 722 laturum
2436 666 2794 737 pollicendo.
2851 671 3063 724 Verum
3095 686 3204 739 ego
3235 672 3481 726 sincerae

117 787 270 839 μενος
328 768 654 832 ἰσοστάσιον,
732 772 1019 839 περιφρονῶ
1072 765 1193 822 τοὺς
1246 761 1448 833 λόγους,
1494 780 1584 812 και
1630 762 1709 819 τὰς

1890 753 2107 814 ηἱοὶῐὶθθ
2161 753 2306 810 nihil
2355 755 2766 826 comparabile
2811 773 2936 812 esse
2977 759 3348 827 existimans,
3374 761 3482 816 hu-

117 860 307 909 τούτου
361 854 652 926 ξυμϐουλάς
714 851 1086 923 ἀπαναίνομαι.
1147 855 1317 904 Πόσον
1367 853 1470 921 γὰρ
1527 848 1587 900 ἀν
1635 869 1709 900 και

1885 842 2094 898 ismodi
2131 843 2547 911 suggestiones
2596 849 2774 916 atque
2828 845 3074 902 consilia
3115 847 3433 904 abominor
3464 863 3477 878 °

120 949 196 1002 εἰη
226 964 317 1018 μοι
343 948 401 996 τὸ
433 946 655 996 ἐντεῦθεν
702 937 907 1016 κέρδος,
973 943 1098 1014 ὑπὲρ
1145 948 1237 992 τοῦ
1301 948 1397 990 τῶν
1453 940 1712 995 συνθηκῶι

1890 932 1997 988 10d
2023 932 2184 988 enim
2217 939 2340 988 tam
2375 949 2670 1003 magnum
2708 934 2943 990 lucrum
2983 936 3131 992 mihi
3158 945 3355 1008 posset
3378 940 3482 995 ali-

119 1032 470 1104 ἀλογὴσαιμι,
535 1052 625 1083 και
691 1035 776 1083 τόν
836 1029 998 1102 φίλιον
1058 1033 1486 1100 παροργίσαιμι;
1543 1025 1711 1078 Ὀστιι

1892 1020 2028 1076 inde
2069 1036 2394 1091 emergere,
2442 1029 2685 1093 propter
2726 1024 2891 1094 quod
2933 1024 3130 1079 fcedus
3177 1027 3396 1083 violem
3428 1033 3484 1084 et

119 1143 214 1174 και
263 1123 330 1172 ὡν
378 1141 467 1172 και
513 1122 770 1191 τυγχάνει
809 1121 834 1170 ό
877 1121 1043 1170 ταῦτὰ
1103 1137 1162 1188 γε
1212 1116 1711 1188 μεταχειριζόμενος,

1892 1109 2097 1164 nicum
2125 1125 2444 1180 provocem
2472 1111 2548 1166 ad
2579 1111 2956 1168 iracundiam
2979 1114 3005 1168 ἱ)
3032 1118 3319 1170 Caeterum
3349 1118 3484 1188 quis

122 1214 358 1282 όφασιν,
391 1209 544 1269 αὐτός
593 1205 786 1270 δείξει·
850 1210 908 1258 τὸ
937 1208 1037 1278 γὰρ
1096 1203 1165 1263 δὴ
1213 1210 1341 1276 πρός
1390 1223 1452 1275 με
1505 1206 1714 1277 γράμμα

1890 1199 2041 1253 lium
2075 1199 2452 1255 machinator
2483 1201 2579 1267 sit,
2610 1201 2741 1272 ipse
2775 1203 2957 1273 (quod
3002 1204 3191 1274 aiunt)
3224 1207 3437 1276 prodet
3468 1225 3482 1261 :

126 1309 307 1371 σαφῶς
335 1306 563 1372 γνωριεῖ,
618 1294 782 1349 ἰδίαιν
841 1296 983 1365 αὐτῷ
1037 1302 1215 1369 χεροῖν
1267 1294 1522 1347 συντεθέν.
1551 1300 1718 1344 Ταῦτα

1894 1288 2048 1342 enim
2066 1287 2429 1343 manifestum
2446 1288 3061 1361 facitepistola,ipsius
3074 1295 3316 1365 propria
3353 1311 3486 1350 exa-

123 1391 191 1440 τά
215 1395 309 1440 τοῦ
353 1386 612 1454 βασιλέως
662 1385 868 1458 ἀρχικά
912 1404 1002 1436 και
1052 1381 1330 1453 κοινωφελῆ
1397 1379 1715 1452 βουλεύματα

1894 1380 2176 1430 Ltamanu.
2196 1377 2331 1430 Haec
2343 1392 2560 1448 nempe
2578 1393 2686 1431 sun
2700 1378 3107 1449 timperatorio
3119 1381 3286 1452 apice
3301 1382 3486 1452 digna

124 1497 216 1530 και
276 1473 610 1548 διάνοήματα
659 1496 671 1507 ·
729 1483 896 1528 ταῦτα
946 1476 976 1531 ὴ
1037 1471 1278 1546 ἀλουργίς
1329 1471 1483 1540 αὐτὸν
1531 1470 1716 1532 ἐξεπαί-

1911 1463 1972 1518 in
1993 1479 2314 1518 commune
2348 1464 2510 1520 utilia
2531 1465 2792 1534 cogitata
2817 1485 2829 1533 ;
2876 1467 2959 1522 sic
2987 1485 3124 1524 eum
3150 1487 3259 1526 sua
3287 1471 3491 1527 docuit

128 1561 315 1618 δευσεν
379 1584 391 1596 ·
442 1563 574 1616 οὕτω
640 1565 707 1614 τά
753 1571 846 1624 τῆς
901 1565 1182 1635 περιόπτου
1241 1580 1330 1612 και
1407 1561 1720 1631 τιμιωτάτης

1900 1568 2136 1624 irpura:
2167 1553 2250 1608 ita
2295 1554 2570 1610 sublimis
2599 1554 2759 1609 illius
2787 1556 3383 1631 honoratissimaeque
3407 1559 3492 1616 di.

127 1652 282 1716 ἀξίας
320 1648 568 1723 διάσημα
617 1649 853 1723 σύμϐολα
917 1669 1006 1702 και
1059 1648 1371 1724 περίϐλεπτα
1417 1653 1547 1719 μήτε
1601 1667 1719 1700 παν-

1901 1642 2079 1698 litatis
2099 1642 2360 1711 insignia
2378 1659 2500 1698 non
2521 1643 2903 1714 patiebantur
2923 1646 3088 1702 vafre
3109 1647 3493 1705 dissimulan-

127 1747 334 1816 ούργως
408 1740 538 1794 ἀνίει
632 1737 921 1814 μηὸοτιοῦν
1035 1737 1318 1810 ἀνέχεσθαι
1391 1739 1719 1810 φθέγγεσθαι,

1903 1747 1960 1786 m
2029 1736 2134 1786 aut
2211 1732 2460 1787 omnino
2503 1733 2747 1789 reticere
2793 1734 3131 1807 quidpiam,
3164 1743 3270 1794 aut
3318 1753 3495 1808 agere

121 1839 254 1904 μήτε
284 1829 506 1904 δολερῶς
532 1835 591 1884 τό
621 1833 866 1906 παράπαν
898 1828 1388 1902 μεταχειρίζεσθαι.

674 1833 866 1906 εράπαν
898 1828 1388 1902 μεταχειρίζεσθαι.
1840 1819 2266 1877 fraudulenter.

201 1921 310 1982 κζ’.
382 1920 514 1974 Ἀλλ’
585 1916 766 1977 ἐπειδὴ
850 1938 941 1972 και
1011 1916 1280 1970 ἀνελάϐετο
1329 1920 1424 1978 τὰς
1471 1919 1671 1989 γραφὰς
1709 1918 1736 1968 ό

1913 1912 2004 1964 27.
2038 1911 2365 1981 Postquam
2415 1910 2562 1966 tales
2591 1912 2916 1982 scripturas
2941 1917 3170 1986 accepit
3196 1917 3495 1975 barbarus

132 2010 402 2084 βάρϐαρος
440 2009 660 2064 ἐκεινοσί
706 2013 974 2083 τύραννος,
1025 2027 1115 2059 και
1170 2009 1236 2058 τὰ
1283 2005 1330 2058 ἐν
1385 2006 1565 2066 αὐταῖς
1622 2007 1724 2059 ἀνε-

1905 2015 2038 2070 ique
2091 2004 2369 2056 contenta
2425 2000 2806 2078 perlustravit
2857 2003 3066 2073 oculis,
3128 2007 3497 2064 inhumanus

128 2101 335 2166 λέξατο,
390 2095 541 2152 οὐδὲν
889 2096 998 2149 ἀλλ’
1054 2097 1084 2154 ἡ
1132 2095 1400 2170 βάρϐαρος
1449 2095 1601 2155 εὐθὺς
1649 2096 1716 2146 ὢν

1906 2105 1970 2144 ω
2019 2093 2195 2144 antea
2245 2105 2384 2144 cum
2429 2096 2584 2145 esset
2648 2096 2704 2146 et
2754 2091 3198 2151 inconsiderato
3270 2099 3498 2168 impetu

133 2188 516 2264 ἀπερίσκεπτος
544 2191 638 2245 τήν
668 2188 834 2259 ὁρμὴν
893 2205 980 2238 ιαι
1030 2187 1088 2236 τὸ
1131 2184 1244 2238 ὅλον
1297 2187 1452 2256 φάναι
1503 2183 1725 2255 παράϐο-

1910 2178 1984 2232 rri
2002 2177 2062 2232 in
2083 2177 2462 2234 iracundiam
2484 2179 2692 2235 solitus
2718 2194 3102 2254 pracepsque
3119 2183 3197 2238 ad
3208 2185 3502 2256 quidlibet

131 2278 244 2343 λος,
287 2277 479 2330 αὐτίκα
527 2280 585 2329 τό
639 2275 865 2328 ἐπελθεῖν
924 2273 1089 2331 ἀληθῆ
1144 2277 1211 2328 τὰ
1264 2269 1601 2345 δεδηλωμένα
1645 2292 1722 2325 πα

1910 2267 2277 2333 futiendum;
2311 2283 2454 2322 vera
2481 2283 2611 2323 esse
2642 2284 2782 2324 mox
2826 2271 3074 2328 credidit
3111 2290 3248 2344 quae
3279 2275 3502 2344 signiﬁ-

134 2363 506 2440 ραδεξάμενος.
555 2364 642 2426 Ὠς
716 2366 818 2438 γὰρ
887 2360 955 2422 δὴ
1019 2382 1109 2414 και
1173 2361 1582 2434 μετακαλέσαιτο
1658 2364 1726 2414 τὸπ

1914 2355 2146 2412 ὼᾶηιυι·
2175 2355 2313 2411 sibi.
2362 2357 2734 2413 Accersitum
2764 2373 2906 2428 ergo
2933 2362 3225 2417 Joannem
3257 2379 3396 2418 cum
3420 2363 3506 2418 in-

138 2455 409 2517 Ἰωάννην,
454 2473 543 2505 και
588 2453 633 2508 εἰ
681 2455 774 2513 τὰς
829 2450 1105 2511 ἐπιστολὰς
1179 2450 1490 2525 ἐγχειρίσειε
1548 2454 1666 2503 τίνα
1693 2469 1730 2502 τι

1917 2451 2231 2515 rrogasset,
2256 2450 2457 2502 utrum
2482 2446 2611 2517 ipse
2639 2463 2744 2502 eas
2773 2449 3106 2521 scripsisset
3134 2453 3418 2524 epistolas
3450 2458 3509 2510 et

135 2545 293 2598 ταῦτ’
347 2546 512 2610 ἔστιν,
590 2544 776 2617 ἔροιτο,
817 2543 846 2594 ό
911 2537 962 2592 δ’
1016 2539 1072 2594 ἐκ
1118 2548 1210 2592 τοῦ
1266 2540 1448 2600 εὐθέως
1509 2543 1599 2609 μεν
1655 2540 1727 2591 οὐκ

1919 2535 2004 2590 rid
2045 2536 2175 2591 haec
2217 2535 2331 2591 sibi
2376 2536 2625 2604 vellent;
2651 2553 2912 2610 cumque
2959 2539 3077 2609 ille,
3119 2547 3185 2596 ut
3213 2543 3273 2598 in
3312 2559 3375 2598 re
3400 2544 3511 2599 imo

137 2631 288 2704 εἶχεν
320 2631 619 2695 ἀνανεῦσαι,
651 2626 791 2702 μηδὲ
844 2631 911 2688 τὰ
970 2636 1061 2680 τοῦ
1112 2630 1422 2702 γράμματος
1481 2627 1729 2700 ἀπομόσα

1919 2640 1966 2681 'o
1975 2625 2103 2680 visa
2117 2640 2239 2681 non
2259 2625 2506 2680 auderet
2524 2641 2700 2682 suam
2719 2643 2848 2683 esse
2871 2629 3228 2701 scripturam
3247 2633 3511 2691 abnuere

143 2724 272 2775 σθαι
301 2721 321 2792 (
351 2727 584 2781 τοιοῦτος
617 2709 706 2772 iaci.
736 2720 838 2792 γὰρ
890 2717 1174 2788 ἐτύγχανεν
1201 2718 1272 2768 ὡν
1325 2716 1546 2789 ἀκριϐὴς
1597 2719 1735 2787 ἄγαν,

1923 2720 2010 2770 rat
2051 2713 2211 2769 enim
2250 2729 2544 2785 perquam
2564 2715 3041 2788 circumspectus
3062 2720 3120 2774 in
3146 2721 3340 2777 verbis
3379 2739 3515 2778 cau-

140 2811 202 2868 ου
247 2813 513 2884 προπετὴς
541 2828 630 2864 και
690 2811 786 2865 τὴν
845 2811 1184 2878 συναρπαγὴν
1244 2803 1614 2878 διαφυγγάνων
1677 2806 1732 2876 ἐφ

1927 2818 2098 2875 sque,
2124 2818 2199 2858 ne
2220 2819 2343 2874 qua
2363 2803 2426 2858 in
2445 2803 2516 2858 iis
2542 2803 2656 2859 sibi
2685 2805 2999 2877 obreperet
3027 2808 3302 2882 falsitas),
3326 2812 3517 2868 ﬁden-

142 2901 402 2968 ἅπαντι),
464 2893 752 2950 συνειδέναι
806 2891 866 2948 δὲ
918 2895 1058 2964 αὐτῷ
1098 2890 1300 2946 τοιόνδε
1346 2913 1399 2945 τι
1443 2912 1734 2965 μετοικιχει¹

1927 2908 1952 2948 r
2002 2897 2202 2946 tamen
2251 2891 2639 2962 inﬁciaretur,
2700 2910 2762 2948 se
2805 2895 2937 2949 talis
3006 2897 3181 2952 ullius
3236 2899 3519 2957 facinoris

143 2991 379 3064 ρισμένῳ
408 2985 696 3060 θαρραλέως
750 2982 1018 3056 ἀπέφασκε
1047 3001 1058 3012 ·
1123 2988 1194 3055 μὴ
1239 2980 1362 3044 δοὺς
1417 2982 1637 3055 ἀναϐολῇ
1693 3003 1735 3036 τι

1926 2981 2088 3036 lbere
2109 2981 2559 3046 conscientiam,
2600 2981 2693 3036 vel
2718 2983 3032 3054 quidpiam
3061 2987 3360 3056 ejusmodi
3402 2994 3518 3044 tra-

144 3084 246 3138 τῆς
278 3074 530 3144 σκέψεως,
577 3079 647 3146 μὴ
677 3076 858 3147 καιρόν
915 3071 1046 3144 ἐφείς
1097 3070 1392 3140 ἐξετάσεως,
1461 3073 1526 3132 ὡς
1577 3070 1637 3123 ἀν
1677 3071 1736 3124 ἐπ

1929 3069 2146 3138 avisse,
2179 3074 2471 3140 tyrannus
2499 3086 2697 3141 neque
2727 3087 2967 3128 moram
2996 3074 3396 3146 disquisitioni
3429 3080 3519 3134 in-

144 3175 251 3219 τών
297 3163 712 3236 ὁμολογουμένως
775 3165 1104 3235 κατακρίτων
1157 3180 1247 3212 και
1293 3162 1487 3220 πάσαις
1543 3157 1736 3219 καταὸε

1929 3161 2144 3231 ilgens,
2198 3175 2395 3231 neque
2441 3165 2677 3232 tempus
2718 3163 2999 3229 examini,
3057 3170 3346 3238 tanquam
3371 3170 3433 3224 in
3459 3186 3521 3226 re

149 3251 506 3325 ὃικασμένων,
582 3257 675 3309 τὴν
757 3269 1010 3322 τιμωριαν
1087 3248 1314 3310 ἀνηλεως
1401 3249 1739 3322 ἀποφαίνεται

1931 3249 2096 3321 -oprii
2121 3249 2240 3303 oris
2291 3249 2667 3304 confessione
2701 3257 3009 3322 comperta
3039 3260 3094 3308 et
3122 3257 3523 3330 undequaque

152 3347 259 3397 Καί
285 3350 414 3414 γοῦν
449 3347 542 3400 τὴν
573 3349 662 3402 τῆς
693 3338 866 3403 δεξιᾶς
922 3338 1194 3414 ἀφαίρεσιν
1225 3342 1250 3390 ό
1298 3343 1418 3400 τέως
1471 3337 1646 3402 δεξιός
1699 3344 1744 3392 τί

1931 3337 2221 3402 :rtissima,
2271 3337 2536 3394 decernit
2580 3339 2966 3411 supplicium.
3017 3347 3099 3398 ita
3141 3345 3219 3400 ad
3266 3347 3523 3404 dexterae

147 3432 310 3485 πάνθ’
355 3433 615 3505 ὑπηρέτης
661 3426 1136 3496 καταδεδίκασται,
1197 3429 1302 3498 οὐχ
1346 3430 1499 3487 ἧττον
1551 3428 1739 3499 εὐλόγω

1941 3443 2092 3484 anus
2152 3427 2582 3483 abscissionem
2629 3429 2834 3484 dexter
2868 3445 2975 3501 per
3011 3434 3217 3490 omnia
3260 3436 3527 3493 minister

147 3523 182 3580 ἦ
218 3519 610 3594 φιλανθρώπως,
655 3521 768 3580 ὡςό
826 3522 1028 3580 ἀπηνὴς
1077 3538 1166 3570 και
1209 3521 1276 3569 τά
1317 3522 1486 3570 πάντα
1536 3519 1738 3592 ποιράλο

1937 3522 2235 3582 tmnatur;
2269 3516 2450 3590 idque
2481 3520 2568 3582 (ut
2615 3517 2872 3573 crudelis
2898 3519 2992 3576 ille
3013 3536 3082 3577 ac
3126 3539 3342 3594 prosus
3385 3526 3529 3582 irra-

144 3631 242 3682 γος
287 3614 414 3680 ᾤετο
440 3630 452 3640 ·
495 3613 588 3666 τὴν
627 3611 724 3683 γὰρ
779 3627 859 3660 τοι
916 3609 1426 3681 καθυπηρετήσασαν
1477 3613 1736 3682 εστερηκώ

1934 3605 2116 3661 malis
2153 3606 2555 3664 existimabat)
2588 3622 2710 3662 non
2736 3607 2936 3663 minus
2958 3611 3166 3666 merito
3195 3629 3382 3684 quam
3413 3615 3526 3671 cle-

151 3720 247 3751 και
307 3703 403 3756 τὴν
473 3705 562 3749 τοῦ
634 3700 781 3769 ἔργου
861 3697 1340 3768 κατατολμήσασαν
1411 3695 1742 3770 ἀποκεκοφὼς

1932 3699 2142 3749 enter:
2176 3694 2432 3750 dexterae
2485 3695 2784 3768 siquidem
2835 3698 3160 3755 ministerio
3202 3703 3524 3772 privatum,

159 3787 276 3841 οὔτ’
309 3786 464 3839 οὐτὸν
516 3793 698 3837 εκεῑνον
746 3784 941 3837 τοιαῦτ’
1000 3787 1192 3857 ἀφῆκεν
1243 3784 1400 3836 εἰσέτι
1459 3781 1751 3858 διαπράττεε

1938 3825 1952 3850 ,
2008 3799 2132 3854 qua
2171 3783 2406 3838 facinus
2460 3783 2652 3840 fuerat
2713 3801 2924 3852 ausus,
2977 3794 3143 3857 parte
3182 3791 3525 3860 multatum,

156 3879 290 3930 σθαι
315 3872 596 3944 δύνασθαι,
621 3874 730 3926 οὗθ’
763 3876 927 3948 ἕτερόν
989 3893 1115 3926 ποτε
1163 3882 1611 3946 κατεπεχειρῆσαι
1667 3883 1748 3926 τῶτ

1936 3878 2266 3944 ipotentem
2301 3873 2593 3928 reddebat
2618 3873 2696 3929 ad
2721 3874 2909 3930 simile
2934 3877 3248 3948 quidpiam
3281 3881 3528 3938 molien-

157 3966 356 4038 ὁμοίων
369 3983 414 4024 ες
427 3964 665 4037 ὕστερον.
1434 3968 1441 3974 ’

1434 3968 1441 3974 ’
1877 3960 2024 4016 dum
2046 3962 2409 4034 patrandum
2421 3978 2489 4015 ve
2518 3962 2825 4034 deinceps.

233 4052 338 4113 κη’.
371 4054 446 4105 Ou’
478 4057 648 4126 μέντοι
685 4071 744 4124 γε
763 4055 927 4126 μέχρι
975 4053 1163 4104 τούτου
1227 4056 1381 4110 σταίη
1431 4054 1496 4104 τὰ
1546 4060 1638 4114 τῆς
1679 4052 1765 4124 ὀρ-

1946 4053 2034 4104 28.
2061 4052 2189 4105 Non
2209 4054 2411 4105 tamen
2438 4050 2535 4104 hic
2586 4053 2740 4106 stetit
2773 4051 3030 4108 etfrtenis
3058 4055 3387 4115 iracundiae
3417 4061 3528 4116 im-

155 4152 227 4217 γῆ
242 4165 284 4214 ς,
318 4139 432 4194 οὐδ’
457 4141 529 4202 εἰς
554 4138 675 4194 τόδε
698 4146 753 4192 τό
800 4136 966 4193 δεινόν
995 4140 1192 4202 λήξειεν
1227 4161 1239 4173 ο
1294 4140 1425 4193 ἀλλὰ
1482 4150 1634 4194 τοῦτο
1678 4146 1747 4215 με

1936 4143 2087 4206 atus;
2118 4137 2222 4193 sed
2254 4137 2486 4194 addidit
2527 4138 2711 4205 aliud,
2733 4142 2952 4212 partim
2978 4143 3057 4198 ad
3103 4148 3528 4206 contumeliam

157 4232 232 4293 εἰς
301 4231 604 4303 χλευασμὸν
652 4237 742 4281 τοῦ
799 4227 1082 4290 ἑαλωκότος
1141 4225 1297 4286 δῆθεν
1366 4249 1449 4282 επι
1508 4233 1742 4282 τοιούτου

1938 4244 2006 4282 us
2036 4228 2138 4298 qui
2169 4227 2360 4282 fuerat
2381 4227 2434 4281 in
2467 4228 2681 4284 delicto
2712 4231 3427 4306 comprehensus,partim
3450 4239 3530 4296 ad

155 4329 318 4373 τοῦτο
357 4316 418 4371 δέ
464 4337 553 4370 και
606 4326 704 4368 τῶν
755 4317 936 4392 ἐτέρων
998 4323 1382 4392 σωφρονισμόν,
1411 4327 1519 4378 τοῖς
1569 4320 1739 4391 όμοὶοι

1935 4317 2131 4372 iorum
2155 4332 2231 4371 ne
2251 4317 2313 4371 in
2345 4317 2487 4372 talia
2517 4333 2786 4390 unquam
2838 4321 3292 4390 prolaberentur
3320 4343 3527 4384 exem-

156 4415 232 4473 ὡς
258 4409 322 4460 ἂν
351 4413 510 4480 γεμὴ
543 4411 889 4482 περιπέσοιεν,
936 4405 1045 4478 ἅμα
1103 4403 1161 4458 δὲ
1216 4427 1305 4458 και
1363 4407 1415 4469 εξ
1463 4409 1628 4482 οἰκρας
1677 4413 1748 4483 ὀρ·

1937 4421 2065 4476 υω,
2119 4405 2331 4461 eodem
2367 4407 2547 4462 etiam
2582 4407 2736 4463 facto
2778 4425 2903 4464 suae
2942 4411 3267 4470 obsecutus
3308 4419 3529 4487 gravis-

154 4508 264 4571 γῆς
308 4517 362 4549 τε
416 4517 504 4548 και
559 4501 747 4569 μίσους
787 4499 1139 4567 επιγενομένου
1181 4494 1290 4548 ἀνθ’
1333 4492 1396 4559 ἧς
1442 4501 1562 4558 τέως
1621 4517 1743 4573 στορ

1935 4511 2049 4550 mag
2101 4495 2201 4548 iraa
2249 4495 2532 4567 odioque,
2587 4495 2928 4554 succedenti
2959 4500 3018 4556 in
3060 4503 3263 4560 locum
3313 4509 3526 4578 prioris

154 4597 266 4662 ’γῆς
313 4605 368 4638 τε
431 4605 521 4637 και
572 4585 801 4658 εὖμενίας
881 4587 1122 4642 εκέκτητο
1185 4588 1318 4657 πρὸς
1386 4585 1541 4636 αὐτόν
1615 4586 1746 4655 (οὒτε

1936 4583 2101 4639 noris
2129 4599 2199 4638 ac
2223 4583 2670 4640 benevolentia.
2724 4586 2817 4642 Sic
2873 4591 3034 4644 enim
3073 4591 3257 4648 ferme
3285 4611 3528 4669 compa-

155 4697 255 4730 και
325 4678 426 4750 γὰρ
484 4675 734 4747 εἰώθαμεν
797 4673 1080 4745 ἅνθρωποι,
1143 4681 1229 4734 οῦς
1282 4678 1382 4747 πρό
1435 4684 1624 4748 μικροῦ
1676 4695 1742 4728 πο

1935 4672 1988 4728 Lti
2027 4689 2258 4740 sumus,
2296 4677 2358 4728 ut
2379 4673 2598 4744 quibus
2627 4676 2809 4745 paulo
2839 4684 2975 4734 ante
3007 4679 3420 4740 afﬁciebamur
3452 4692 3527 4742 te-

161 4769 375 4826 θοῦντες
447 4760 594 4837 ἦμεν,
624 4766 668 4815 εἴ
722 4766 774 4834 γέ
816 4781 868 4813 τι
911 4764 1098 4836 μικρὸν
1151 4759 1420 4836 ἀμηγέπου
1469 4767 1753 4839 προσκρού-

1932 4763 2077 4818 arius
2125 4762 2175 4816 si
2212 4762 2360 4834 quid
2413 4762 2770 4821 offenderint
2807 4783 3052 4840 quoquo
3092 4773 3298 4842 modo,
3329 4776 3524 4845 magis

240 4975 354 5051 (14)
381 4972 772 5052 Hyperbolice
800 4973 863 5034 id
885 4972 1321 5052 accipiendum,
1351 4973 1641 5052 sive‘cum
1683 4993 1767 5036 res
1875 4982 2228 5051 netrataque
2242 4994 2380 5034 cum
2405 4985 2636 5052 armato
2655 4979 2837 5035 milite
2858 4980 3284 5052 Paphlagonia,
3336 4988 3524 5046 multa

160 5050 382 5134 spectu
400 5050 490 5106 a’d’
527 5055 811 5134 tractatus
863 5050 1093 5134 pridem
1135 5051 1338 5134 initos,
1395 5050 1501 5106 sed
1548 5052 1769 5132 saepius
1877 5050 2251 5134 captivorpm
2282 5051 2487 5132 praeda
2515 5052 2735 5134 ditatus
2763 5053 2822 5106 in
2856 5050 3109 5132 patriam
3139 5057 3307 5134 rediit
3335 5076 3346 5124 ;
3379 5066 3520 5134 »ω-

157 5121 444 5186 violatos,
478 5136 584 5202 per
600 5121 957 5202 irruptiones
981 5121 1218 5202 iteratus
1248 5121 1768 5202 Baracenorumin
1876 5121 1994 5202 qu‘e
2021 5124 2104 5177 ita
2127 5121 2411 5202 deinceps
2433 5123 2681 5202 singulis
2701 5122 2831 5202 fere
2853 5121 3048 5202 annis,
3080 5121 3352 5202 quandiu
3378 5132 3523 5188 vixit

158 5199 510 5252 Romanum
541 5192 878 5269 imperium.
905 5195 1052 5269 riam
1083 5193 1242 5269 idem
1276 5193 1669 5269 Theophanes
1689 5199 1768 5249 te-
1880 5192 2012 5265 Leo,
2063 5193 2247 5269 modo
2305 5192 2542 5269 Mavias,
2575 5193 2758 5269 modo
2792 5193 3077 5269 _Suliman_,
3100 5192 3213 5251 ’tilii
3244 5201 3520 5269 ejusdem

159 5271 380 5329 statur,
402 5263 567 5335 quod
586 5261 1256 5339 pradietusMasalmas.
1279 5261 1456 5318 anno
1474 5264 1679 5319 Leonis
1706 5271 1768 5321 l0
1880 5261 2513 5339 lsaui,prov_inc_ias‘has
2527 5262 2771 5339 autillas
2793 5264 3043 5339 ingressi
3056 5261 3354 5339 leguntur;
3384 5273 3518 5330 dum

165 5361 188 5388 ε
217 5333 557 5394 Ctesaream
575 5333 1163 5406 Cappadociaearmis
1177 5349 1658 5406 aggressus,eam
1673 5352 1767 5390 oc-
1875 5335 1969 5392 ille
1997 5333 2345 5391 orthodoxis
2387 5335 2719 5403 imaginum
2750 5334 3075 5391 cultoribus
3120 5333 3413 5400 vexandis
3439 5347 3525 5402 in-

162 5406 419 5478 cupavit
436 5428 471 5478 »_
488 5410 541 5461 et
558 5419 798 5478 rursum
815 5420 976 5478 anno
997 5407 1060 5478 14
1080 5427 1107 5455 ‹‹
1132 5405 1466 5478 Romanam
1477 5405 1767 5464 ditionem
1874 5407 2083 5465 tendit.

162 5475 360 5559 armis
382 5476 700 5559 infestavitz
727 5480 908 5559 atque
937 5475 1015 5559 in.
1037 5475 1416 5559 Cappadocia
1461 5477 1770 5559 Charsiarii
1914 5550 1925 5559 ο
1949 5479 2063 5559 μδ)
2095 5476 2333 5533 Videtur
2354 5492 2563 5532 versus
2587 5475 2681 5531 vel
2719 5477 2929 5536 saltem
2971 5480 3158 5540 verba
3179 5483 3408 5559 aliquot
3431 5505 3529 5546 ex-

162 5554 440 5608 castrum
467 5547 579 5603 sibi
601 5547 744 5603 dolo
769 5547 1023 5618 subjecit
1051 5569 1080 5597 »
1107 5547 1174 5602 ét‘
1199 5563 1439 5603 rursum
1491 5563 1652 5604 anno
1702 5551 1770 5605 16
1877 5547 2090 5606 cidisse

163 5642 205 5701 ει
233 5620 459 5694 ﬂuvias
477 5618 639 5688 ﬁlius
664 5620 825 5677 llam
850 5617 1080 5675 bellum
1101 5619 1408 5678 Romanius
1426 5619 1639 5692 intulit,
1669 5637 1771 5693 pe-
