4032 6308
557 307 660 365 84⁸7

554 522 798 585 bamus,
851 513 1046 577 hodie,
1083 511 1131 565 si
1170 505 1369 578 tegula
1418 504 1750 571 intercidat,
1790 509 1854 560 ut
1879 505 2200 576 proverbio

553 611 789 676 dicitur,
845 601 1149 660 oderimus
1196 612 1267 653 ac
1321 595 1734 668 reprobemus.
1796 593 1892 649 His
1943 607 2086 663 ergo
2123 592 2200 649 de

553 697 752 755 causis
795 691 1111 749 rescissam
1158 686 1430 741 dextram
1456 683 1626 754 jubet
1649 681 1960 754 praefectus
1990 681 2112 737 tolli
2137 681 2197 738 in

551 787 739 844 altum
791 797 862 838 ac
909 777 1109 835 medio
1163 776 1290 831 foro
1344 772 1635 846 suspendi
1663 771 1742 827 ad
1785 771 2197 842 spectaculum

550 875 844 933 omnium.
877 872 990 925 Nec
1021 880 1211 929 mora,
1245 862 1632 935 suspenditur
1659 859 1924 929 dextera,
1954 858 2198 916 dextera

551 964 760 1036 utique
814 955 1067 1023 Domini,
1108 954 1354 1009 dextera
1381 951 1775 1024 praestantiori
1807 949 2192 1020 gloriﬁcanda

546 1055 781 1115 virtute,
835 1048 1080 1103 dextera
1106 1058 1244 1115 quae
1273 1038 1564 1109 confregit
1591 1039 1887 1108 inimicos,
1922 1043 2195 1094 auctores

545 1142 765 1198 scilicet
825 1153 896 1193 ac
947 1137 1278 1206 repertores
1332 1130 1700 1201 imposturaa,
1758 1141 1894 1198 qua:
1954 1126 2194 1197 magni-

546 1231 749 1288 tudine
779 1241 902 1283 suaa
942 1223 1143 1294 glorim
1169 1219 1441 1277 contrivit
1468 1217 1844 1274 adversarios
1873 1235 1885 1272 :
1917 1215 2194 1272 adversa-

543 1321 613 1378 rii
653 1323 854 1375 autem
883 1317 1054 1370 erant
1081 1312 1462 1366 innovatores
1500 1306 1841 1362 divinarum
1868 1321 1938 1361 ac
1967 1304 2190 1376 patria-

539 1425 675 1467 rum
731 1403 1140 1464 traditionum,
1186 1395 1584 1469 improbitatis
1621 1393 1854 1468 pugiles
1893 1392 2188 1464 generosi,

541 1510 873 1568 eorumque
899 1493 1280 1547 instructores
1308 1485 1635 1552 daemones,
1657 1484 1760 1557 qui
1776 1498 1889 1539 nos
1901 1483 2032 1554 jam
2050 1482 2188 1538 inde

542 1583 884 1659 aprincipio
900 1580 1170 1637 oderant.
1193 1574 1452 1632 Detrium
1467 1572 1942 1646 phaturdextera
1959 1572 2138 1629 etiam
2153 1587 2190 1628 a

538 1671 936 1734 remotissimis
958 1666 1231 1740 partibus
1248 1666 1512 1720 virtutem
1527 1665 1793 1734 operata,
1819 1676 2189 1734 quaenovum

541 1763 722 1823 simul
757 1777 827 1817 ac
857 1763 1115 1814 veterem
1157 1752 1456 1818 Israelem,
1498 1751 1658 1807 hunc
1697 1756 1984 1823 tempore,
2021 1749 2188 1806 illum

537 1849 903 1910 revelatione
947 1841 1282 1919 perfectiori
1307 1857 1379 1898 ac
1422 1839 1762 1910 cognitione
1799 1838 2079 1896 diviniori
2105 1838 2189 1894 sic

536 1942 784 2008 dictum,
815 1940 1022 1992 contra
1051 1931 1322 1988 inimicos
1349 1929 1731 1984 vehementer
1759 1926 2186 1984 corroboravit.

541 2034 720 2087 Porro
743 2025 943 2083 statim
965 2027 1145 2094 atque
1166 2020 1226 2075 in
1239 2018 1512 2075 omnium
1533 2021 1924 2089 conspectum
1945 2015 2190 2072 dextera

535 2119 640 2176 illa
680 2115 854 2178 venit,
900 2126 1114 2169 omnes
1143 2106 1324 2164 simul
1354 2110 1412 2162 et
1440 2105 1818 2162 crediderunt
1863 2104 2102 2177 culpam
2134 2107 2191 2160 et

535 2221 783 2281 poenam
876 2201 1272 2272 agnoverunt,
1330 2195 1475 2258 noti,
1516 2194 1727 2264 ignoti,
1773 2193 2086 2250 domestici
2133 2195 2189 2248 et

535 2294 735 2363 alieni,
788 2293 942 2348 bene
991 2305 1060 2344 ac
1094 2286 1252 2342 male
1277 2284 1472 2340 affecti
1505 2283 1805 2356 (quamvis
1833 2286 2187 2354 promptum

535 2387 689 2440 esset
744 2376 1041 2452 suspicari
1091 2374 1354 2446 aliquem
1383 2372 1511 2426 viro
1540 2386 1647 2442 per
1686 2370 1894 2426 omnia
1931 2370 2186 2425 honesto

534 2487 607 2528 ac
658 2468 848 2542 probo
900 2463 1254 2532 inimicum),
1303 2459 1477 2532 quasi
1505 2463 1782 2515 anatura
1830 2459 1904 2515 sit
1939 2459 2185 2514 insitum

531 2575 640 2617 seu
663 2558 862 2631 potius
891 2571 928 2611 a
957 2549 1390 2609 consuetudine
1437 2563 1627 2620 prava
1671 2547 1948 2604 inolitum
1977 2547 2184 2619 pleris-

530 2664 668 2722 que,
704 2645 866 2702 mala
900 2643 1081 2699 etiam
1123 2641 1198 2696 de
1229 2637 1471 2711 optimis
1497 2637 1667 2694 facile
1697 2637 1956 2694 credere.
1987 2636 2185 2709 Aliqui

534 2737 694 2794 enim
725 2739 830 2791 aut
852 2731 1054 2807 potius
1084 2729 1372 2802 plerique,
1407 2743 1510 2784 eos
1538 2742 1574 2784 a
1593 2726 1816 2799 quibus
1844 2741 1954 2782 nec
1984 2725 2044 2782 in
2065 2725 2183 2782 mi-

531 2826 699 2882 nimo
750 2823 997 2897 quidem
1029 2819 1154 2875 laesi
1184 2821 1342 2885 sunt,
1376 2817 1491 2873 hoc
1522 2816 1653 2888 ipso
1683 2815 1851 2889 quod
1879 2815 1974 2873 vel
1994 2815 2184 2872 tantil-

531 2915 657 2972 lum
707 2911 1070 2988 prmcellant,
1129 2907 1388 2964 oderunt
1438 2910 1494 2962 et
1543 2911 1918 2975 aversantur,
1973 2910 2184 2962 contra

529 3011 858 3063 creatorem
906 3017 1112 3059 eorum
1171 3001 1359 3056 Deum
1387 3001 1632 3068 agentes
1660 2996 2059 3069 impudenter,
2085 2996 2181 3068 ip-

529 3096 772 3168 siusque
789 3088 1301 3163 magniﬁcentiam
1322 3086 1498 3158 regris
1516 3085 1704 3142 oculis
1719 3086 2035 3142 intuentes.

535 3183 968 3257 ἀποστρέφονται,
1056 3181 1186 3252 πρὸς
1274 3179 1361 3229 τόν
1459 3175 1698 3234 πλάστην
1765 3179 1921 3236 ὅντως

533 3277 813 3345 στέγοντες.

599 3384 689 3435 29.
707 3376 953 3442 Ututsit,
969 3373 1358 3447 peromninm
1371 3388 1478 3430 ora
1499 3371 1807 3442 divulgata
1820 3369 2182 3444 fuitetculpa
2225 3373 2265 3428 C

535 3473 592 3526 et
620 3466 904 3541 pwna,ita
925 3463 1155 3520 volente
1182 3465 1300 3518 Deo
1330 3477 1438 3534 per
1465 3477 1650 3534 quem
1680 3461 1878 3516 denuo
1905 3461 2182 3517 facienda

532 3562 702 3616 erant
730 3571 954 3625 magna
983 3558 1040 3610 et
1065 3551 1325 3625 antiquis
1355 3551 1468 3607 illis
1520 3567 1643 3607 non
1673 3550 1976 3608 absimilia
2001 3551 2182 3607 mira-

533 3647 668 3704 cula
701 3665 715 3714 ;
749 3645 798 3700 si
823 3658 946 3700 non
977 3641 1278 3698 mediante
1305 3643 1525 3712 Moyse,
1554 3642 1750 3710 Josue,
1777 3639 1920 3705 Elia,
1949 3645 2052 3696 aut
2082 3639 2183 3695 ali-

529 3753 654 3810 quo
684 3733 1116 3808 prophetarum
1145 3746 1215 3787 ac
1241 3729 1582 3786 divinorum
1613 3729 1862 3785 istorum
1893 3729 2180 3799 virorum,

534 3831 689 3882 certe
719 3821 1084 3889 immediate,
1123 3836 1232 3892 per
1258 3835 1381 3875 non
1414 3818 1732 3891 indignum
1763 3819 1811 3874 si
1840 3820 1977 3892 quis
2009 3818 2184 3889 alius,

533 3930 730 3988 neque
785 3912 1058 3969 invitum.
1110 3908 1460 3966 Referantur
1508 3909 1686 3980 igitur
1711 3912 1768 3964 et
1802 3908 2186 3964 conferantur

535 4005 686 4061 inter
712 4019 793 4069 se,
825 4006 882 4058 et
901 4003 1330 4074 prreponantur
1344 3998 1522 4054 etiam
1547 3997 1838 4054 hodierna
1864 3996 2182 4054 veteribus.

529 4097 853 4166 Postquam
881 4091 1258 4147 detumuerat
1301 4088 1468 4144 furor
1494 4085 1758 4150 barbari,
1798 4087 2038 4143 mittens
2078 4085 2182 4142 ali-

539 4198 722 4254 quem
744 4184 1004 4236 Joannes
1032 4177 1291 4250 reposcit
1311 4192 1581 4242 manum,
1611 4176 1994 4248 praetexendo
2023 4174 2187 4232 dolo~

527 4270 610 4328 ris
637 4266 1098 4337 vehementiam,
1129 4270 1186 4322 et
1224 4265 1517 4321 cruciatus
1543 4264 1925 4320 acerbitatem
1958 4263 2183 4336 suppli-

535 4357 753 4415 cationi
767 4355 913 4412 alias
925 4371 1044 4411 non
1060 4352 1411 4421 excusabili;
1432 4352 1870 4425 allegandoque
1889 4353 2183 4408 rationem

530 4442 1110 4515 verosimilem,quod
1123 4457 1437 4514 nunquam
1451 4441 2184 4513 mitigandusessetpmnaa

539 4550 776 4604 sensus,
827 4532 1097 4606 quandiu
1136 4546 1430 4602 suspensa
1468 4546 1686 4586 manus
1727 4535 2012 4586 maneret.
2069 4534 2183 4588 Nec

535 4622 812 4698 pluribus
857 4635 1012 4692 opus
1067 4618 1175 4676 fuit
1225 4617 1303 4675 ad
1355 4617 1747 4674 cicurandum
1794 4618 2050 4674 ferinum
2100 4625 2182 4692 ty-

1753 287 2212 349 CONSTANTINI
2248 285 2728 350 ACROPOLITE.

556 433 736 489 etiam
785 425 1244 484 aversemurzet
1269 417 1438 491 quod
1471 415 1596 473 heri
1641 415 1978 488 impensius
2027 430 2187 472 ama-

2315 434 2476 481 σειαν,
2509 416 2576 466 τὰ
2619 413 2826 486 μέγιστ’
2877 415 3057 486 αἴφνης
3109 412 3512 486 ἀπεχθανόμεθα

2019 3173 2563 3247 ἀπαναισχυντοῡντες

3825 286 3922 348 848

3559 433 3573 447 ·
3614 419 3709 466 καὶ
3737 416 3792 466 οἱ
3857 424 3915 486 τῇ

2311 507 2444 576 χθες
2489 502 2744 577 ἐρωτικῶς
2810 507 2927 577 περὶ
2983 499 3107 556 τόδε
3154 522 3206 555 τι
3277 500 3615 576 διακείμενοι,
3691 508 3916 578 τήμερον

2311 593 2593 669 ὀστράκου,
2625 595 2684 644 τὸ
2721 599 2814 644 τοῦ
2869 591 3048 664 λόγου,
3104 597 3500 665 μεταπεσόντος,
3550 597 3813 665 μισοῦμέν
3866 613 3913 646 τε

2309 687 2398 735 καὶ
2439 683 2722 755 κακίξομεν
2765 685 2779 748 )
2840 702 2852 716 ·
2913 685 3106 734 τούτων
3156 686 3246 755 μὶν
3313 679 3402 734 οὑν
3449 685 3610 755 χάριν
3679 702 3773 734 και
3824 679 3913 735 διὰ

2310 779 2472 824 ταῦτα
2522 770 2599 824 ἔπ’
2639 772 2833 844 ἀγορᾶς
2879 775 3040 844 μίσης
3087 776 3180 830 τὴν
3237 770 3543 825 ἐκκοπεῖσαν
3583 772 3911 844 αἱωρηθῆναι

2310 858 2683 916 διακελεύεται.
2742 867 2834 914 Τοι
2858 863 2958 936 γάρ
3017 880 3098 914 τοι
3123 866 3212 913 καὶ
3287 865 3417 935 πρὸς
3472 863 3588 914 θέαν
3643 864 3905 918 πάντωνή

2309 947 2458 1013 δεξιά
2508 954 2783 1023 κρέμαται,
2871 946 3019 1012 δεξιά
3064 952 3134 1012 ὡς
3199 949 3404 1012 ἀληθῶς
3481 955 3700 1025 Κυρίου,
3763 947 3910 1012 δεξιὰ

2307 1033 2664 1111 δεδοξασμένη
2724 1035 2772 1089 ἕν
2851 1037 3026 1108 ὶσχύί,
3080 1046 3141 1110 τῇ
3218 1040 3446 1112 θειοτέρα
3511 1035 3749 1090 δελονότι
3825 1045 3909 1089 καὶ

2304 1131 2579 1198 κρείττονι,
2615 1122 2764 1190 δεξιά
2801 1146 2830 1184 η
2870 1127 3149 1198 θραύσασα
3187 1125 3434 1199 ἐχθρούς,
3490 1131 3614 1190 τοὺς
3672 1129 3909 1201 προπα-

2302 1233 2398 1276 τας
2427 1210 2636 1273 δηλαδὴ
2669 1219 2758 1266 καὶ
2789 1215 2995 1288 εὑρετὰς
3047 1224 3138 1275 τῆς
3189 1216 3457 1287 εὑρέσεως,
3511 1235 3603 1266 και
3657 1223 3735 1285 τῷ
3781 1214 3906 1272 πλήν

2304 1305 2380 1356 θει
2407 1313 2498 1365 τῆς
2529 1301 2689 1366 δόξης
2732 1307 2854 1366 τούς
2911 1305 3216 1366 ύπεαντίους
3274 1303 3612 1378 συντρίψασα
3644 1321 3658 1332 ·
3702 1307 3720 1374 (
3754 1310 3828 1364 τίς
3875 1307 3901 1361 η

2301 1388 2451 1465 δόξα,
2487 1394 2518 1451 ἡ
2579 1393 2721 1467 παρά
2749 1399 2884 1445 Θεού
2935 1394 3185 1466 σύναρσις
3227 1411 3240 1461 ;
3287 1391 3307 1464 )
3346 1393 3640 1445 ὑπεναντίοι
3690 1389 3754 1445 δε
3812 1395 3909 1467 ἀρα

2297 1483 2346 1534 οἱ
2375 1485 2641 1554 κενοτόμοι
2675 1481 2857 1534 ἐκεῖνοι
2905 1489 3004 1532 τῶν
3065 1483 3210 1534 θείων
3270 1485 3358 1533 καὶ
3413 1490 3683 1556 πατρικῶν
3742 1501 3905 1554 παρα-

2299 1567 2519 1642 δόσεων,
2547 1572 2595 1624 οἰ
2618 1577 2840 1643 γενναῖοι
2891 1578 2982 1630 τῆς
3028 1590 3215 1633 κακιας
3278 1572 3635 1639 ὑπασπισταὶ,
3713 1575 3804 1623 καὶ
3860 1574 3908 1623 οἱ

2299 1658 2536 1713 ἀλεῖπται
2560 1664 2777 1713 τουτωνὶ
2809 1655 3069 1732 δαίμονες,
3129 1662 3178 1711 oi
3231 1657 3464 1734 ἀρχῆθεν
3517 1662 3644 1733 ἡμῖν
3705 1656 3908 1733 δυσμε-

2297 1756 2398 1811 νεῖς
2426 1753 2516 1802 καὶ
2567 1748 2822 1821 πολέμιοι.
2871 1747 3281 1822 Τεθριςίμϐευται
3331 1744 3498 1815 δεξιὰ,
3537 1750 3569 1807 ἡ
3627 1754 3912 1807 ποιήσασα

2298 1838 2400 1890 κάκ
2462 1847 2561 1891 τῶν
2622 1837 2878 1891 ἀπωτάτω
2937 1842 3028 1890 καί
3101 1836 3362 1912 πόρῥωθεν
3394 1833 3642 1909 δύναμιν,
3702 1842 3912 1890 καὶτὸν

2297 1932 2596 2004 πρόσφατον
2653 1929 2784 2000 ὁμοῦ
2840 1931 2929 1980 καὶ
2994 1925 3352 2001 πρεσϐύτατον
3411 1927 3646 2000 Ἰσραὴλ,
3712 1932 3775 1980 τό
3824 1931 3912 2000 μὲν

2298 2025 2370 2088 τῷ
2401 2021 2597 2090 χρόνῳ,
2630 2019 2688 2068 τό
2721 2013 2774 2068 δ’
2803 2015 3131 2087 ἀποκαλύψει
3187 2015 3462 2090 τελεωτέρα
3524 2020 3618 2068 καὶ
3684 2015 3913 2088 ἐπιγνώ-

2301 2125 2380 2159 σει
2411 2107 2641 2180 θειοτέρᾳ
2676 2110 2768 2158 καὶ
2821 2109 3096 2178 κρείττονι,
3155 2107 3222 2158 τά
3279 2105 3480 2178 μεγάλα
3524 2105 3642 2158 κατ’
3703 2104 3911 2180 ἐχθρῶν

2298 2191 2652 2265 ἐνισχύσασα.
2683 2192 2817 2247 Ἀλλ’
2849 2191 2956 2245 ἐπεὶ
3012 2200 3137 2264 γοῦν
3194 2193 3267 2254 εἰς
3315 2195 3432 2246 θίαν
3480 2193 3570 2251 ἧκε
3617 2199 3781 2260 πᾶσι,
3825 2200 3912 2246 καὶ

2295 2285 2482 2345 πάντες
2509 2288 2604 2342 τὴν
2655 2279 2950 2341 καταδίκην
2998 2287 3089 2335 καὶ
3139 2287 3232 2342 τὴν
3271 2288 3524 2356 τιμωρίαν
3580 2282 3902 2356 ἐπίγνωσιν,

2297 2372 2555 2439 συνήθεις,
2623 2369 2866 2443 ἀγνῶτες,
2953 2370 3158 2437 οἰκεῖοι,
3227 2369 3506 2445 ἀλλότριοι,
3582 2369 3901 2436 ἐπιτήδειοι,

2296 2457 2591 2532 δυσμενεῖς,
2669 2464 2771 2532 εἶγε
2839 2464 2926 2513 καὶ
2995 2459 3325 2514 ὑπολειπτέον

2293 2548 2638 2622 ἐχθραίνοντα
2692 2557 2765 2620 τῷ
2821 2549 2887 2601 τά
2939 2551 3110 2602 πάντα
3167 2548 3327 2621 καλῷ,
3385 2557 3458 2621 τῷ
3516 2554 3648 2625 πρὸς
3700 2553 3905 2614 πάντας

2291 2647 2540 2714 χρηστῷ.
2579 2642 2807 2710 Πεφυκὸς
2863 2634 2922 2692 δὲ
2969 2639 3072 2712 ἦρα
3120 2638 3383 2712 ξυμϐαίνει
3444 2661 3458 2672 ·
3511 2645 3602 2692 καὶ
3669 2644 3776 2714 γὰρ
3835 2650 3898 2714 τῇ

2292 2730 2518 2801 ἡμετέρᾳ
2572 2730 2746 2780 τουτοί
2795 2729 2966 2800 φύσει,
3008 2727 3196 2800 μᾶλλον
3256 2725 3315 2781 δί
3351 2732 3441 2780 καὶ
3493 2731 3666 2782 εἴωθεν
3725 2732 3800 2792 ὡς
3834 2735 3905 2783 τὰ

2290 2815 2454 2869 πολλά
2483 2815 2823 2888 ἐπιγίνεσθαι.
2885 2823 3049 2870 Ἔνιοι
3113 2821 3202 2869 καὶ
3265 2820 3390 2893 γάρ,
3452 2817 3643 2892 μᾶλλον
3701 2815 3757 2872 δ’
3835 2820 3903 2870 ἶν’

2291 2906 2426 2958 οὕτω
2455 2909 2611 2976 φαίην
2642 2907 2690 2958 οἱ
2717 2904 2942 2973 πλείους,
2977 2910 3066 2958 καὶ
3095 2913 3200 2967 τοῖς
3231 2911 3304 2979 μὴ
3344 2903 3666 2966 ἠδικηκόσιν
3719 2905 3902 2972 ούόεν,

2293 2997 2396 3066 εἴγε
2455 2998 2607 3068 μόνον
2676 2993 2857 3048 ἐκεῖνοι
2943 3003 3082 3068 σφῶν
3161 2998 3514 3070 ὑπερφέροιεν,
3592 3000 3782 3050 τούτου
3839 2994 3903 3050 δε

2290 3087 2447 3157 μόνου
2477 3089 2566 3138 καὶ
2625 3085 2719 3138 οὑκ
2771 3083 2926 3137 ἄλλου
2982 3093 3222 3158 μισοῦσι,
3291 3099 3380 3139 καί
3432 3086 3670 3161 ἐκθύμως
3706 3088 3905 3149 αύτούς

2661 3177 2811 3242 Θεόν,
2888 3179 2978 3228 καὶ
3051 3179 3145 3235 τὴν
3212 3175 3505 3249 φιλοτιμίαν
3570 3181 3761 3230 τούτου
3827 3184 3904 3250 μή

3401 2459 3528 2513 εἷναί
3609 2481 3734 2514 τινα
3819 2467 3904 2515 τόν

2359 3369 2456 3426 κθ’.
2492 3369 2630 3431 Πλὴν
2662 3369 2790 3424 ἀλλά
2836 3377 2970 3425 πᾶσι
3015 3376 3104 3425 καὶ
3146 3374 3210 3425 τὰ
3265 3382 3360 3435 τῆς
3415 3370 3734 3442 καταδίκης,
3802 3380 3903 3429 καὶ

2293 3462 2359 3512 τά
2421 3469 2512 3522 τῆς
2560 3460 2753 3534 χλεύης
2808 3460 3149 3533 ἕπέγνωσται,
3207 3467 3424 3536 προνοίᾳ
3473 3466 3673 3525 πάντως
3732 3474 3901 3531 Θεοῦ,

2293 3550 2415 3626 παρ’
2471 3552 2533 3604 οὗ
2591 3548 2658 3610 δὴ
2718 3553 2787 3604 τὰ
2831 3551 3030 3624 μεγάλα
3083 3556 3172 3605 καὶ
3228 3555 3366 3605 κατά
3417 3556 3483 3606 τὰ
3546 3560 3666 3628 πρίν
3725 3565 3906 3609 εκείνα

2296 3641 2819 3712 θαυματοποιηθῆναι
2862 3645 2953 3693 καὶ
2995 3637 3145 3704 αὖθις
3183 3640 3248 3694 αὑ
3303 3642 3513 3715 ἤμελλεν
3540 3665 3553 3676 ·
3609 3645 3656 3696 εἰ
3705 3640 3768 3697 δὲ
3823 3651 3899 3718 μὴ

2296 3725 2371 3782 δι’
2401 3727 2548 3792 ἀξίου
2579 3737 2670 3782 τού
2700 3733 2863 3802 μέσου
2885 3734 3136 3800 Μωσέως,
3169 3734 3197 3790 ἦ
3235 3731 3431 3803 Ἰησοῦ,
3462 3737 3490 3790 ἤ
3545 3737 3647 3804 μὴν
3689 3733 3902 3804 Ἠλιοῦ,

2295 3817 2324 3876 ἣ
2385 3826 2483 3868 τῶν
2541 3837 2677 3880 τινος
2727 3819 2896 3894 ἑτέρου
2961 3838 3236 3892 προφητων
3288 3825 3377 3872 καὶ
3445 3822 3590 3873 θείων
3664 3819 3902 3897 ἀνδρῶν,

2296 3903 2499 3978 ἀμέσως
2533 3903 2591 3960 δὲ
2630 3907 2705 3960 επ⁹
2741 3906 2868 3980 ἀξίῳ
2894 3909 3060 3981 ἕτερός
3097 3929 3176 3972 τις
3207 3905 3246 3980 ᾧ
3285 3928 3341 3981 γε
3393 3911 3454 3962 οἷν
3508 3915 3595 3962 καὶ
3643 3915 3720 3969 εἰη
3770 3912 3906 3985 βου-

2294 3993 2508 4068 λομένῳ.
2573 4002 2671 4049 Και
2731 3996 2919 4068 λεγέτω
2973 4001 3063 4049 καὶ
3123 4002 3386 4070 συναγετω
3431 4002 3490 4051 τὸ
3547 3999 3903 4074 ὑπερϐάλλον,

2293 4088 2382 4136 καὶ
2412 4086 2726 4160 ὑπερτιθετω
2755 4091 2973 4139 καὶτῶν
3030 4093 3118 4138 νῦν
3182 4088 3311 4160 ὁμοῦ
3364 4107 3454 4140 και
3509 4097 3608 4140 τῶν
3659 4096 3902 4150 πώποτε.

2295 4173 2379 4234 Ὠς
2423 4176 2524 4249 γάρ
2567 4170 2634 4233 δὴ
2695 4182 2767 4246 τῷ
2825 4173 3067 4250 ϐαρϐἀρῳ
3119 4174 3326 4238 λήξειαν
3382 4179 3431 4229 οἱ
3466 4179 3638 4250 θυμοί,
3684 4180 3906 4251 πέμψας

2294 4263 2320 4315 ὁ
2351 4263 2607 4331 Ἰωάννης,
2642 4263 2864 4316 αἰτεῖται
2913 4268 3006 4322 τὴν
3063 4271 3242 4338 χεῖρα,
3297 4268 3355 4318 τό
3402 4265 3676 4340 περιαλγὲς
3735 4264 3903 4327 δῆθεν

2297 4355 2782 4426 σχηματισάμενος,
2822 4373 2911 4406 και
2950 4357 3008 4406 τό
3061 4361 3155 4416 τῆς
3205 4351 3399 4416 ὀδύνης
3447 4355 3520 4417 εἰς
3578 4352 3903 4415 δυσώπησιν

2293 4441 2550 4518 ἀφόρητον
2579 4441 3006 4519 προϐαλλόμενος,
3066 4443 3250 4516 λόγους
3299 4463 3354 4498 τε
3401 4445 3646 4518 εὐλόγους
3693 4467 3901 4521 προφα-

2296 4535 2590 4605 σισάμενος,
2635 4535 2703 4594 ὡς
2740 4534 2790 4595 ἔς
2833 4531 2880 4585 τ’
2936 4531 2996 4584 ἂν
3045 4534 3074 4591 ἡ
3131 4538 3253 4607 χεὶρ
3306 4532 3657 4610 ἀπηωρημένη
3705 4556 3760 4590 τε
3818 4544 3895 4597 εἴη

2293 4621 2359 4673 τά
2418 4629 2510 4675 τού
2559 4620 2749 4693 ἄλγους
2801 4620 2931 4694 οὑχί
3003 4619 3304 4696 λωφήσειεν.
3369 4623 3484 4676 Ἐπί
3536 4627 3739 4688 τούτοις
3807 4649 3900 4682 και

533 4711 709 4771 ranni
737 4710 1030 4776 animum,
1072 4712 1128 4765 et
1151 4723 1290 4764 eum
1319 4707 1425 4780 qui
1445 4707 1842 4780 implacabilis
1869 4707 2185 4766 videbatur

2297 4709 2518 4775 ῐλαρύνει
2575 4714 2661 4764 τόν
2716 4712 2919 4784 ἄγριον,
2971 4731 3060 4764 και
3112 4715 3200 4765 τόν
3257 4711 3552 4786 ἀμείλικτον
3606 4715 3900 4788 μειλίσσει.

534 4799 1051 4875 componendum.
1103 4800 1188 4854 Ita
1219 4796 1378 4853 enim
1432 4812 1562 4852 sese
1599 4796 1782 4854 habet
1825 4796 2028 4870 homo,
2075 4798 2186 4856 ira-

530 4891 766 4950 cundia:
797 4887 1200 4946 succumbens
1230 4885 1353 4943 fera
1381 4885 1632 4942 efﬁcitur
1661 4885 2182 4956 exhomine,sum-

532 4987 637 5055 pta
661 4986 862 5039 autem
887 4983 954 5034 ut
975 4976 1162 5034 voluit
1185 4975 1447 5032 vindicta
1471 4976 1856 5048 mansuescit,
1886 4981 1942 5034 et
1962 4993 2033 5033 ex
2058 4976 2185 5035 fera

531 5088 739 5129 rursus
770 5068 1226 5128 transformatur
1253 5066 1312 5122 in
1342 5065 2019 5137 hominem.lndulgetur
2039 5083 2182 5138 ergo

530 5161 768 5229 Joanni,
821 5164 887 5216 ut
915 5163 1223 5215 dexteram
1270 5155 1553 5228 recipiat;
1588 5172 1730 5212 mox
1780 5161 1982 5212 autem
2013 5163 2067 5212 et
2095 5172 2182 5212 re-

531 5254 706 5322 cepta
754 5248 879 5316 fuit,
927 5252 984 5303 et
1011 5246 1260 5303 admota
1287 5245 1438 5318 parti
1482 5245 1639 5302 unde
1687 5245 1880 5301 fuerat
1920 5243 2176 5311 abcissa,

530 5343 616 5394 est
642 5337 839 5393 eidem
882 5334 1169 5394 adunata.
1203 5335 1356 5402 Quid
1385 5350 1527 5391 vero
1550 5333 1646 5390 hic
1667 5334 1891 5405 justius
1921 5334 2180 5391 admira-

526 5427 690 5485 bitur
714 5426 926 5499 aliquis
949 5427 977 5482 ?
1007 5426 1099 5482 vel
1127 5425 1324 5498 potius
1355 5423 1664 5498 quomodo
1695 5424 2038 5497 exaequabit
2063 5441 2180 5481 ser-

525 5531 707 5574 mone
735 5515 819 5572 rei
849 5515 1018 5570 factae
1045 5513 1395 5584 dignitatem
1435 5515 1462 5568 ?
1494 5515 1697 5570 Utrum
1729 5508 1945 5571 deinde
1975 5513 2176 5571 obstu-

525 5607 726 5683 pescet
753 5603 939 5680 prius,
969 5618 1047 5661 an
1073 5602 1255 5660 tidem
1281 5602 1551 5675 Joannis,
1582 5618 1660 5659 an
1681 5618 1822 5660 vero
1848 5603 2175 5678 potentiam

2291 4804 2535 4854 Τοιοῦτόν
2557 4820 2608 4854 τι
2645 4821 2735 4853 και
2775 4803 2876 4875 γάρ
2925 4802 3232 4876 ἄνθρωπος·
3297 4800 3566 4878 ὀργίζεται
3621 4813 3900 4879 συμπεσόν

2293 4891 2428 4942 οὑτω
2475 4909 2564 4942 και
2624 4891 2797 4964 θηρίον
2827 4889 2881 4953 εξ
2937 4888 3208 4966 ἀνθρώπου
3262 4893 3580 4946 καθίσταται
3608 4915 3622 4928 ·
3669 4897 3903 4972 ἡμερού-

2291 4999 2377 5032 ται
2423 4983 2480 5032 τό
2538 4980 2653 5032 κατ’
2705 4978 2870 5053 ὄρεξιν
2905 4978 3192 5050 εκπλήσας,
3239 4985 3330 5033 καί
3385 4983 3456 5045 εἱς
3504 4985 3779 5058 ἄνθρωπον
3848 5006 3902 5040 εκ

2295 5069 2478 5142 θηρίου
2508 5067 2661 5121 πάλιν
2691 5074 3124 5142 μεταπεποίηται.
3157 5074 3338 5124 Τοίνυν
3362 5067 3429 5130 δὴ
3477 5092 3567 5125 και
3615 5071 3898 5128 ενδέδοται

2290 5161 2454 5230 τούτῳ
2506 5167 2595 5220 τῆς
2646 5155 2820 5222 δεξιᾶς
2862 5158 2890 5217 ἡ
2945 5157 3202 5232 ἀνάληψις
3237 5182 3248 5194 ·
3309 5165 3554 5234 παραυτά
3599 5172 3727 5234 γοῦν
3814 5187 3905 5218 και

2291 5245 2609 5311 ἀνεᾶηπται,
2671 5268 2760 5301 και
2833 5250 2946 5302 ὅθεν
3013 5254 3322 5304 εκκεκοπται
3389 5271 3480 5304 και
3557 5255 3900 5322 επιτῖεθειται,

2289 5356 2378 5390 και
2415 5343 2828 5412 περιήρμοσται.
2869 5337 3022 5391 ’Λλλά
3075 5344 3130 5392 τί
3175 5357 3235 5412 γε
3291 5359 3366 5403 τις
3415 5343 3640 5395 εντεύθεν
3700 5343 3762 5394 ἂν
3809 5365 3902 5397 και

2289 5426 2822 5500 θαυμάσειεςμᾶλλον
2854 5423 2930 5498 δι,
2979 5430 3137 5489 πῶςό
3193 5427 3340 5502 λόγός
3388 5435 3513 5506 πρὸς
3568 5429 3720 5494 ἀξίαν
3775 5430 3900 5491 du:-

2285 5521 2512 5587 γήσαιτο
2542 5519 2606 5570 τά
2635 5524 2725 5570 τού
2762 5518 3110 5592 πράγματος;
3159 5522 3360 5594 Πότερα
3406 5523 3507 5594 γάρ
3557 5528 3650 5574 τοῦ
3697 5518 3896 5596 ἀνδρὸς

2286 5610 2378 5667 τὴν
2420 5612 2598 5662 πίστιν
2646 5605 2922 5682 ἀγάσιται,
2983 5609 3013 5670 ἡ
3062 5613 3157 5670 τὴν
3204 5618 3294 5673 τῆς
3341 5612 3614 5686 mmiva
3662 5607 3896 5690 δύναμιν
