4032 6308
104 340 259 398 849

104 465 542 540 εκπλαγέσεται
616 472 710 528 τῆς
783 464 1118 541 ἂειπαρθένου
1204 471 1292 523 καὶ

98 561 304 610 Ποῖόν
365 576 420 610 τε
481 557 674 612 τούτων
739 563 832 612 τοῦ
877 557 1050 634 ἑτέρου
1133 561 1366 634 προθεὶς,
1453 559 1750 637 ἐνθεὼτερον

102 646 493 712 θιασεύσειεν;
537 649 566 705 ἤ
626 643 871 705 δηλονότι
926 652 1016 703 καὶ
1060 647 1213 722 ἄμφω
1272 648 1611 721 συλλήψοιτο,
1661 656 1750 706 καὶ

101 730 202 786 δι’
259 734 418 808 ἄμφω
464 740 872 811 περικροτήσειε,
918 742 1008 792 καὶ
1059 740 1127 800 ὡς
1177 741 1309 802 εὶκός
1362 739 1516 814 ἄμφω
1577 740 1748 796 ἕνθεὰ-

102 840 273 892 cca;

197 930 277 987 λ’.
304 935 379 985 Τὸ
423 932 526 1005 γάρ
567 951 649 986 τοι
693 932 960 1007 εῦκτήριον
1017 933 1211 1000 εἰσιὼν,
1263 939 1354 988 καὶ
1407 942 1498 998 τῆς
1553 945 1748 1000 σεπτῆς

101 1021 438 1095 ἔμπροσθεν
491 1021 680 1084 εἰκόνος
737 1027 1169 1086 τῆς-Δεσποίνης
1255 1029 1345 1079 καὶ
1423 1032 1748 1100 Θωμήτορος

95 1110 449 1164 καταϐαλὼν
476 1111 679 1182 ἑαυτὸν,
725 1118 815 1167 καὶ
867 1113 940 1187 ἐφ’
991 1117 1165 1169 ἱκανὸν
1228 1123 1301 1188 τῷ
1346 1113 1525 1190 ἕδοὶφεε
1583 1137 1744 1193 προσ-

103 1203 263 1272 φὺς,
303 1203 452 1274 ’μετὰ
509 1199 569 1255 δέ
610 1206 700 1256 καὶ
754 1207 931 1275 συχνὰ
983 1211 1096 1266 ταῖς
1129 1207 1265 1258 κατὰ
1310 1213 1410 1277 γῆς
1462 1205 1746 1278 ὀλοψύχοις

100 1299 469 1366 καταφοραῖς
516 1291 890 1368 προσαρῥὰξας
943 1298 1038 1354 τὴν
1097 1295 1340 1368 κεφαλήν,
1416 1301 1510 1356 τὴν
1594 1296 1745 1350 ἐκκο-

102 1387 327 1434 πεῖσαν
359 1380 637 1443 ἁνανεῦσας
715 1379 970 1447 ὑπέδειξε·
1049 1389 1140 1436 καὶ
1221 1387 1288 1447 ὡς
1365 1383 1527 1459 ἐκείνῃ
1607 1387 1740 1459 αὐτῇ

101 1472 383 1544 παρούσῃ
438 1478 501 1543 τῇ
550 1476 787 1545 Παναγίᾳ
842 1472 1135 1545 ἕπεφὼνησε
1185 1493 1239 1526 τε
1293 1480 1383 1528 καὶ
1443 1479 1538 1534 τὴν
1597 1478 1744 1550 θερα-

98 1562 288 1611 πείαν
335 1558 582 1630 ἐζήτησε,
644 1557 855 1634 δάκρυα
908 1564 1072 1638 θερμὰ
1125 1568 1424 1636 καταχεων,
1468 1569 1558 1618 καὶ
1619 1567 1740 1619 ὅτου

101 1650 304 1722 χάριν
333 1649 598 1710 ὑποσταίη
632 1653 723 1708 τὴν
782 1656 1036 1727 τιμωρίαν
1092 1654 1525 1725 ὑπομιμνήσκων,
1588 1654 1737 1728 Ὺπὶρ

102 1745 222 1798 τῆς
292 1744 414 1802 σῆς,
470 1738 646 1810 λὶγων,
703 1741 914 1806 εἰκόνος,
969 1746 1058 1794 καὶ
1113 1749 1206 1794 τοῦ
1256 1749 1559 1816 μονογενοῦς
1641 1763 1736 1797 σου

1365 344 1434 403 ΙΝ
1475 343 1534 402 S.
1574 343 1778 404 JOAN.
1816 344 2316 410 DAHASCENUM.

1404 475 1728 546 Θεομήτορος

1861 485 2099 545 semper
2116 470 2366 542 virginis
2409 469 2676 544 Deiparae
2708 470 2928 529 Mariae?
2952 471 3269 536 Quodnam
3294 473 3516 530 horum

3415 350 3524 405 850

1858 561 2120 636 denique
2151 560 2483 632 majoribus
2497 561 2810 634 praeconiis
2822 559 3042 632 efferet,
3067 565 3170 620 aut
3198 561 3510 638 quomodo

1857 657 2174 724 utrumque
2201 651 2378 708 simul
2408 651 2893 726 comprehendet,
2941 657 3261 728 utrumque
3292 655 3357 712 ut
3401 667 3513 728 par

1857 743 1946 799 est
1965 739 2319 798 celebrabit?

1927 940 2015 993 30.
2063 935 2402 993 Oratorium
2448 950 2714 1008 namque
2762 934 3156 992 domesticum
3194 935 3504 1010 ingressus

1853 1027 2138 1091 Joannes,
2154 1040 2293 1082 cum
2305 1028 2443 1082 ante
2456 1024 2862 1082 venerandam
2882 1026 3208 1096 imaginem
3235 1029 3500 1100 Deiparm

1853 1114 2331 1188 angelorumque
2353 1115 2572 1185 regium
2598 1115 3181 1188 prostravissetsese,
3239 1123 3296 1175 et
3339 1120 3502 1192 pavi-

1853 1209 2058 1262 mento
2077 1204 2395 1262 adhaerens
2435 1203 2659 1260 crebris
2693 1203 2904 1276 capitis
2955 1205 3330 1264 allisionibus
3366 1209 3500 1265 inti-

1853 1310 2022 1352 mum
2059 1293 2503 1351 animisensum
2533 1298 2689 1350 esset
2716 1298 2981 1360 testatus,
3014 1295 3328 1353 rescissum
3357 1313 3494 1370 pro-

1852 1382 2358 1440 tenditdexterum
2375 1385 2432 1438 et
2444 1381 2646 1438 veluta
2663 1384 2941 1454 praesenti
2954 1383 3252 1442 medelam
3266 1401 3492 1456 magno

1851 1472 2113 1530 clamore
2137 1471 2493 1544 deposcens,
2517 1487 2586 1528 ac
2600 1471 2858 1542 profusis
2877 1488 3015 1529 cum
3037 1473 3318 1546 lacrymis
3349 1475 3493 1532 irro-

1849 1562 1971 1633 gati
2002 1560 2117 1616 sibi
2151 1560 2424 1633 supplicii
2452 1575 2704 1617 causam
2724 1576 3230 1631 commemorans,
3250 1569 3496 1637 propter

1847 1654 2036 1720 tuam,
2063 1648 2272 1723 inquit,
2302 1650 2629 1719 imaginem
2659 1664 2731 1706 ac
2754 1649 2874 1706 Filii
2895 1651 3002 1719 tui,
3046 1657 3104 1708 et
3151 1667 3360 1708 eorum
3385 1653 3498 1724 qui

1846 1738 2232 1796 multifariam
2256 1739 2309 1797 ei
2334 1738 2706 1811 placuerunt,
2736 1739 2962 1807 icones,
2991 1740 3214 1797 inimici
3236 1741 3494 1799 veritatis

105 1827 287 1891 Υἰοῡ,
320 1834 423 1878 τῶν
479 1827 900 1902 εῦηρεστηκότων
960 1848 1014 1883 τε
1067 1827 1332 1905 διαφόρως
1389 1831 1555 1904 αὐτῷ,
1611 1836 1735 1909 πρὸς

1846 1827 1961 1884 hoc
1990 1827 2206 1884 drama
2235 1826 2663 1896 subornarunt,
2706 1831 2762 1883 et
2813 1831 2998 1885 totam
3044 1829 3202 1885 hanc
3249 1845 3493 1887 scenam

107 1922 223 1967 τοῦ
253 1923 352 1977 τῆς
392 1913 635 1979 ἀληθείας
682 1916 878 1991 ἐχθροῦ
935 1922 1002 1971 τὰ
1051 1925 1143 1972 τοῦ
1201 1916 1466 1994 δράματος
1518 1920 1738 1975 inami-

111 2023 320 2073 ρηται,
350 2010 441 2058 καὶ
480 2008 548 2058 τὰ
592 2014 683 2067 τῆς
738 2016 937 2070 σκηνῆς
986 2010 1430 2085 καθυποκέκριταί
1484 2030 1589 2084 μου
1647 2017 1738 2066 καὶ

111 2093 658 2169 πεπλαστεῦργηται·
713 2097 826 2149 ὅθεν
876 2093 945 2156 δὴ
1001 2102 1091 2150 καί
1145 2102 1276 2172 μετά
1333 2099 1552 2175 θάρρους
1600 2099 1738 2154 ἀντι-

112 2181 297 2249 66163,
353 2183 643 2239 ἕπάκουσόν
699 2206 820 2258 μου,
872 2192 962 2240 καὶ
1016 2192 1110 2246 τὴν
1157 2196 1318 2264 χεῖρα
1375 2195 1514 2242 σώαν
1589 2189 1737 2252 αὖθις

110 2273 498 2331 κατάστησον·
553 2277 638 2327 ἴνα
689 2293 773 2328 σοι
820 2278 888 2328 τὰ
932 2284 1028 2338 τῆς
1084 2278 1500 2351 θαυματουργίας
1559 2279 1734 2332 καλλι-

109 2367 398 2434 γραφήσω
417 2362 716 2437 παράδοξα,
761 2369 850 2418 καὶ
893 2362 1184 2439 μελῳδήσω
1221 2372 1310 2420 καὶ
1359 2366 1736 2442 ἀναμὲλψωμαι

111 2455 224 2510 τὴν
263 2451 459 2511 πολλὴν
488 2456 619 2528 πρὸς
645 2457 774 2507 Θεὸν
822 2454 1120 2530 παρρησίαν
1153 2475 1269 2520 σου,
1317 2462 1408 2510 καὶ
1463 2462 1559 2516 τήν
1616 2454 1736 2517 διη-

109 2549 248 2600 νεκῆ
313 2545 442 2616 πρὸς
496 2542 652 2595 αὐτόν
707 2544 854 2616 ἡμῶν
903 2545 1140 2608 ἔντευξιν.
1223 2551 1606 2622 Μαρτυροῦμαί
1680 2567 1735 2600 τε

117 2626 475 2706 δεαπρυσίως
506 2633 677 2686 ἅπασι
725 2642 969 2706 πανταχῆ
1029 2641 1122 2694 τὴν
1171 2633 1428 2702 ἀλήθειαν,
1488 2637 1614 2712 ὑπερ
1675 2639 1734 2698 ἧς

111 2721 390 2790 πέπονθα,
417 2725 504 2774 καὶ
561 2718 636 2775 δι’
682 2724 745 2782 ἠν
802 2728 896 2782 τὴν
945 2719 1119 2788 δεξιὰν
1175 2724 1549 2798 κεκολοϐωμαι·
1605 2730 1729 2792 Ναὶ,

115 2812 220 2861 τοὺ
257 2809 630 2883 εὖσπλάγχνου
673 2816 764 2866 καὶ
811 2815 903 2866 τοῦ
955 2815 1260 2886 συμπαθοῦς
1306 2823 1468 2888 μῆτερ
1527 2834 1730 2888 συμπαο

120 2898 230 2961 θὴς
304 2904 396 2952 καὶ
461 2900 900 2974 φιλεύσπλαγχνε·
977 2908 1081 2970 ναὶ,
1155 2911 1246 2956 τοῦ
1331 2901 1735 2977 παντοδυνάμου

123 2987 256 3040 θεοῦ
278 2990 574 3063 γεννῆτρια,
614 2991 664 3052 ὃς
689 2996 819 3066 μόνῃ
846 2989 1100 3064 βοῦλήσει
1150 2996 1209 3045 τό
1273 2998 1372 3046 πᾶν
1424 2990 1546 3047 τόδε
1605 3014 1734 3068 παρ-

121 3081 328 3150 ήγαγε,
379 3084 470 3131 καὶ
521 3083 608 3132 τὸν
659 3085 857 3154 κόσμον
911 3078 1130 3136 διιθύνει
1179 3090 1251 3154 τῷ
1303 3086 1536 3156 νεύματι·
1588 3080 1736 3137 ἔπιδε

119 3167 281 3220 ἵλεων
311 3173 442 3243 πρὸς
478 3178 573 3224 σοῦ
623 3175 684 3224 τὸ
720 3174 997 3245 ἱκέτὴριον,
1051 3169 1342 3247 πρόσδεξαι
1389 3179 1484 3234 τὴν
1550 3171 1734 3234 δέησιν
1773 3183 1814 3238 C

120 3262 222 3310 καὶ
257 3257 332 3320 εἰς
353 3261 516 3333 πέρας
553 3259 719 3332 ἄγαγε
741 3280 833 3334 μοι
856 3267 948 3321 τήν
981 3265 1213 3320 αἴτησιν.

196 3373 300 3430 λα’.
332 3381 511 3428 Ταῦτα
553 3373 611 3430 δὲ
653 3383 743 3430 καὶ
799 3376 934 3430 πλέω
959 3381 1153 3431 τούτων
1212 3378 1384 3443 εἰπὼν,
1441 3384 1627 3453 μικρὸν
1681 3401 1732 3435 τι

116 3471 228 3514 τῶν
274 3459 471 3516 ὀδυνῶν
521 3463 731 3537 ἀνεθεὶς,
807 3470 1030 3520 ὕπνωσε·
1122 3473 1212 3521 καὶ
1280 3469 1344 3541 (ὦ
1427 3470 1730 3542 θαυμασίων

121 3553 362 3608 Θεοῦεώ
421 3558 620 3630 μητρὸς
687 3555 1010 3631 παῤῥησίαςῐ
1094 3559 1134 3607 ὦ
1219 3562 1388 3616 πόσην
1449 3562 1644 3617 ταύτην
1697 3559 1727 3616 ἡ

123 3645 398 3713 “river/vo;
419 3648 543 3718 πρὸς
567 3647 697 3719 πρὸς
736 3649 820 3696 τὸν
851 3649 967 3698 Υίὸν
997 3645 1211 3699 πλουτεῖ
1241 3653 1330 3699 καὶ
1360 3652 1511 3716 Θεὸν,
1545 3647 1656 3700 οἱαν
1680 3667 1732 3704 τε

121 3729 324 3783 ἐκεῖθεν
356 3731 471 3802 ἔχει
499 3739 590 3792 τήν
636 3729 908 3806 δύναμινέ)
958 3733 1276 3807 ἐπιφαίνεται
1331 3755 1497 3808 τουτῳ
1551 3741 1731 3791 καθευ-

126 3816 302 3887 δόντι,
326 3826 417 3873 καὶ
448 3825 516 3883 ὡς
556 3821 863 3898 ἐγρηγορότι
929 3825 1079 3884 ζῶσα
1127 3827 1298 3900 ὥσπερ
1345 3828 1372 3884 ἡ
1419 3827 1567 3878 εἰκὼν
1616 3825 1731 3881 δια-

123 3908 354 3982 λέγεται.
402 3915 540 3963 Σώαν
595 3919 718 3984 γοῦν
771 3915 1037 3966 ποιεῖσθαι
1094 3918 1188 3973 τὴν
1221 3911 1396 3976 δεξιὰν
1456 3916 1732 3988 ὑπισχνεῖ-

127 4018 242 4051 ται·
279 3999 417 4058 Πλὴν
447 4004 510 4053 τὰ
546 4010 636 4064 τῆς
690 4001 902 4075 ἐγγύης,
936 4009 1086 4076 φησὶ,
1140 4007 1391 4076 μέμνησο·
1443 4011 1532 4058 καὶ
1588 4007 1732 4059 τούν-

129 4091 309 4141 τεῦθεν
363 4097 423 4162 τῇ
475 4097 621 4166 χειρὶ
673 4099 884 4166 χρῆσαι
931 4095 1055 4166 πρὸς
1111 4094 1149 4144 οἵ
1203 4091 1268 4153 δὴ
1343 4099 1432 4146 καὶ
1499 4098 1727 4168 εἴρηκας.

134 4181 422 4250 Κόσμησον
466 4182 530 4239 ὡς
587 4177 691 4232 ἐνὸν
751 4184 842 4238 τὴν
897 4181 1212 4239 Ἐκκλησίαν
1293 4190 1544 4258 Χριστοῦ,
1593 4182 1732 4245 δι’ἡν

130 4272 367 4328 κενώσας
401 4267 578 4320 ἑαυτὸν
628 4267 811 4330 τέλειος
866 4273 990 4330 Θεὸς
1039 4271 1106 4322 ὧν
1165 4277 1257 4323 καὶ
1304 4272 1492 4335 τέλειος
1539 4273 1733 4350 ἂνθρω-

132 4375 228 4419 πος
258 4354 312 4419 ἐξ
350 4355 474 4428 ἕμοῦ
521 4377 576 4410 τε
629 4363 720 4410 καὶ
769 4355 842 4411 δι’
890 4357 1104 4432 ἇμοῦ....
1157 4360 1279 4412 αὐτὸ
1335 4366 1399 4413 σὺ
1453 4361 1620 4424 καλῶς
1672 4365 1732 4415 οἷν

130 4443 515 4517 ἐκφήνειας,ὡς
545 4452 635 4499 καὶ
679 4447 859 4515 τᾶλλα,
909 4445 976 4507 δὴ
1032 4457 1132 4502 τῶν
1183 4448 1486 4526 ἀπορρήτων
1541 4452 1734 4506 ὑποθυ-

131 4538 334 4608 μοσῦνῃ
397 4543 486 4587 τοῦ
541 4541 841 4608 σοφίσοντος
908 4541 1224 4611 Πνεῦματος·

135 4623 474 4691 Ἐκκλησίαν,
500 4625 625 4698 ὑπερ
681 4622 742 4688 ἧς
805 4629 863 4678 τὸ
914 4626 1099 4680 ἑαυτοῦ
1152 4629 1284 4700 αἷμα
1327 4627 1523 4700 ἐξέχεεν
1575 4631 1600 4682 ὀ
1649 4629 1732 4684 ἐπὶ

132 4721 232 4765 τῶν
288 4713 548 4788 Χερουϐὶμ
603 4713 937 4781 ἐπιϐεϐηκὼς,
998 4722 1088 4769 καὶ
1145 4719 1198 4770 ὃν
1243 4720 1309 4770 τὰ
1365 4723 1590 4793 Σεραφὶμ
1646 4725 1731 4773 πί-

132 4820 302 4873 φρικε,
325 4807 415 4854 καὶ
519 4809 666 4857 πᾶσα
698 4809 792 4857 σὺν
824 4802 928 4858 δέει
969 4805 1196 4878 ἀγγέλων
1235 4812 1326 4859 καὶ
1389 4805 1732 4881 ἁρχαγγέλων

129 4895 428 4966 παρέστηκε
455 4889 694 4966 δύναμις.
730 4899 826 4948 Καὶ
864 4893 940 4962 ὃς,
987 4894 1124 4967 Ἐγὼ
1153 4898 1244 4968 μεν
1291 4891 1441 4949 οὐδέν
1506 4917 1558 4949 τι
1611 4917 1733 4972 προσ

133 4979 321 5053 θυμίας
371 4979 671 5056 ἕλλείποιμι·
729 4987 794 5036 σὺ
845 4979 894 5036 δ’
952 4982 1062 5036 ἀλλ’
1136 4982 1516 5053 ἀντιλαμϐάνου
1608 5005 1730 5058 μου,

132 5073 410 5122 Δέσποινα·
465 5073 592 5146 ὑπὲρ
631 5075 726 5130 τὴν
784 5070 910 5145 ἇμὴν
956 5075 1059 5146 γὰρ
1103 5073 1336 5146 ὁμολογω
1400 5073 1736 5148 τοῦπίταγμα

134 5151 380 5230 δύναμιν,
413 5159 537 5234 ὑπὲρ
587 5165 680 5219 τὴν
735 5161 856 5233 ἐμὴν
922 5163 1084 5234 ἰσχὺν
1139 5166 1198 5215 1'6
1260 5162 1573 5237 ἐγχείρημα.
1615 5164 1732 5217 Ἐπὶ

130 5250 334 5310 τούτοις
375 5244 700 5320 διύπνισται,
734 5249 816 5302 ἐπὶ
846 5253 1051 5313 τούτοις
1085 5256 1222 5304 σώαν
1261 5255 1355 5310 τήν
1418 5248 1592 5314 δεξιὰν
1654 5253 1732 5304 εὖ-

131 5338 407 5407 ρηκεν.οὖ
459 5347 584 5410 γοῦν
642 5341 782 5412 εἶχεν
841 5341 868 5393 6
918 5361 969 5393 τι
1025 5345 1117 5394 καὶ
1163 5346 1382 5413 γένοιτο,
1439 5351 1592 5395 τοῦτο
1641 5347 1730 5416 μὲν

132 5426 540 5503 εὐφραινόμενος,
594 5434 684 5482 καὶ
745 5428 890 5491 ἄλλος
941 5429 993 5493 ἐξ
1049 5429 1205 5483 οἰλλου
1258 5439 1320 5503 τῇ
1385 5437 1731 5507 τερατουργίᾳ

131 5521 408 5590 γινόμενος.
437 5517 572 5570 Ἐκεῖ
594 5537 673 5580 τις
698 5517 758 5570 ἂν
807 5519 978 5582 καλῶς
1043 5518 1287 5592 ἐπήνεγκε
1341 5523 1400 5572 τὸ
1449 5528 1540 5573 τοῦ
1596 5521 1729 5574 Ψαλ-

132 5603 336 5678 μῳδοῦ,
377 5609 437 5658 τὸ
471 5605 771 5682 εἘσίπὲρας
809 5607 1033 5666 ηὐλίσθη
1085 5608 1364 5682 κλαυθμός,
1414 5615 1503 5662 καὶ
1552 5609 1618 5670 εἰς
1669 5613 1727 5662 τὸ

132 5697 266 5769 τι·ρωῖ
295 5693 626 5768 ἀγαλλίασις·
663 5718 692 5748 ››
717 5698 856 5750 ’Δνθ⁹
905 5694 974 5750 ὧν
1025 5700 1125 5772 γὰρ
1187 5697 1409 5773 ἑσπέρας
1446 5698 1724 5773 ὠλόλυξεν,

1845 1920 2055 1972 contra
2082 1931 2179 1972 me
2223 1920 2697 1989 composuerunt
2729 1933 2742 1971 :
2775 1917 2976 1990 itaque
3021 1918 3276 1975 fidenter
3327 1923 3487 1990 peto,

1845 2009 1911 2061 ut
1939 2019 2036 2061 me
2055 2003 2364 2074 exaudias,
2397 2009 2454 2061 et
2481 2019 2732 2062 manum
2776 2005 3003 2062 salvam
3060 2007 3204 2063 mihi
3245 2007 3488 2076 reddas,

1844 2092 2080 2150 valeam
2108 2093 2380 2150 miraculi
2420 2093 2566 2150 tanti
2603 2093 2847 2150 laudem
2895 2094 3193 2151 ascribere
3237 2095 3363 2162 tibi,
3418 2111 3489 2153 ac

1843 2180 2144 2238 celebrare
2171 2181 2612 2254 magnificcque
2639 2181 2918 2238 extollere
2946 2183 3221 2254 gratiam,
3253 2199 3378 2256 qua
3391 2199 3491 2240 va-

1842 2268 1928 2326 les
1949 2271 2116 2344 apud
2154 2275 2359 2337 Deum,
2382 2274 2440 2327 et
2469 2269 2780 2326 assiduam
2810 2274 2977 2328 tuam
3001 2271 3487 2344 deprecationem

1841 2373 1954 2431 pro
2000 2359 2197 2418 nobis.
2247 2359 2532 2416 Testabor
2572 2363 2772 2416 autem
2831 2359 3114 2416 omnibus
3177 2360 3490 2418 manifeste

1841 2451 2038 2525 ipsam
2061 2465 2171 2522 pro
2198 2465 2322 2522 qua
2351 2463 2566 2522 passus
2594 2464 2731 2504 sum
2756 2449 3084 2520 veritatem,
3135 2455 3193 2505 et
3244 2454 3490 2522 propter

1841 2556 2028 2614 quam
2058 2543 2335 2596 truncata
2364 2537 2509 2594 mihi
2537 2537 2780 2596 dextera
2809 2537 2938 2595 fuit.
2971 2538 3090 2606 Eia,
3134 2539 3216 2610 pii
3265 2553 3336 2595 ac
3387 2538 3494 2595 mi-

1842 2627 2158 2687 sericordis
2200 2627 2433 2686 Domini
2485 2631 2675 2684 mater
2725 2627 2828 2699 pia
2876 2632 3054 2700 atque
3111 2627 3490 2684 misericors:

1843 2719 1954 2785 eia,
1981 2717 2409 2790 omnipotentis
2442 2716 2539 2774 Dei
2563 2717 2836 2786 genitrix,
2883 2717 3014 2788 ejus
3063 2717 3339 2790 inquam.
3366 2717 3490 2785 Dei,

1842 2809 1948 2881 qui
1977 2807 2109 2865 sola
2132 2807 2438 2864 voluntate
2464 2806 2990 2880 cunctaproduxit
3031 2811 3089 2862 et
3139 2810 3286 2863 nutu
3339 2805 3491 2876 regit

1843 2898 2190 2956 universum
2239 2897 2576 2954 mundum:
2635 2896 3020 2968 etquoniam
3091 2895 3490 2969 propitiabilis

1842 2992 1932 3045 est
1951 2986 2309 3060 supplicatio
2333 2990 2454 3049 tua,
2486 2987 2820 3043 orationem
2841 3001 3042 3043 meam
3064 2987 3269 3058 excipe
3293 2989 3351 3042 et
3377 2999 3490 3058 pe-

1846 3075 2032 3134 titioni
2060 3090 2209 3133 mete
2236 3074 2454 3146 largire
2479 3073 2777 3131 effectum.

1912 3387 1999 3440 3t.
2033 3385 2166 3439 Hinc
2192 3386 2370 3456 atque
2410 3382 2503 3438 his
2557 3381 2732 3456 plura
2774 3399 2912 3440 cum
2967 3383 3229 3454 dixisset,
3283 3385 3490 3444 dolore

1839 3471 2115 3526 nonnihil
2137 3487 2199 3526 se
2229 3472 2560 3528 remittente
2609 3472 2992 3529 obdormivit:
3041 3478 3096 3530 et
3133 3475 3194 3541 (ο
3251 3477 3488 3533 ωἱνοὴί‹

1837 3560 1957 3616 lem
1991 3561 2196 3616 Deum!
2229 3577 2265 3616 ο
2291 3562 2620 3633 potentiam
2653 3562 2818 3635 apud
2839 3564 3118 3619 eumdem
3153 3565 3164 3620 !
3211 3570 3267 3621 et
3324 3565 3489 3639 apud

1842 3649 2047 3706 Filium
2072 3649 2549 3720 auctoritatem!)
2578 3656 2830 3724 apparet
2866 3652 3182 3710 dormienti
3239 3657 3490 3711 Sanctis-

1842 3739 2016 3802 sima,
2059 3753 2128 3792 ac
2161 3737 2320 3794 velut
2349 3738 2615 3807 vigilanti
2645 3755 2767 3796 non
2794 3755 2967 3796 secus
2990 3757 3059 3796 ac
3086 3743 3133 3796 si
3163 3744 3385 3798 viveret
3414 3759 3486 3798 ex

1838 3827 2100 3897 imagine
2126 3826 2499 3899 colloquens,
2523 3844 2736 3884 sanam
2755 3829 3003 3900 quidem
3024 3830 3326 3888 dexteram
3348 3833 3399 3888 ei
3426 3849 3489 3887 se

1838 3914 2132 3973 facturam
2156 3915 2485 3987 pollicetur;
2519 3919 2755 3986 Verum,
2784 3918 2993 3989 inquit,
3029 3927 3090 3974 tu
3119 3920 3384 3976 vicissim
3406 3937 3491 3975 re-

1840 4003 2087 4060 cordare
2119 4005 2463 4076 sponsionis
2493 4023 2504 4059 :
2550 4010 2604 4059 et
2633 4005 2705 4060 ad
2769 4022 2843 4062 ea
2883 4023 3017 4080 quae
3047 4007 3246 4065 dixisti
3295 4010 3486 4082 impo-

1840 4099 2063 4149 sterum
2106 4107 2292 4148 manu
2348 4092 2564 4150 eadem
2615 4099 2798 4150 utere.
2849 4098 3082 4152 Exorna
3141 4103 3202 4154 ut
3265 4099 3485 4172 poteris

1841 4182 2164 4238 Ecclesium
2193 4181 2421 4247 Christi,
2447 4188 2688 4256 propter
2708 4199 2893 4257 quam
2935 4187 3326 4259 semetipsum
3366 4186 3486 4244 exi-

1840 4272 2089 4343 nanivit,
2113 4287 2374 4344 cumque
2406 4271 2701 4345 perfectus
2749 4279 2904 4330 esset
2959 4278 3131 4343 Deus,
3165 4277 3486 4350 perfectus

1840 4361 2021 4417 etiam
2046 4360 2231 4416 homo
2257 4377 2328 4417 ex
2360 4376 2455 4418 me
2485 4366 2664 4435 atque
2692 4380 2798 4436 per
2821 4380 2916 4419 me
2969 4367 3249 4438 apparuit
3277 4385 3290 4425 :
3319 4368 3485 4440 quod

1839 4450 1977 4506 vide
2009 4454 2072 4506 ut
2099 4449 2342 4519 pulchre
2373 4466 2662 4523 exponas,
2687 4453 2772 4509 uti
2801 4457 2858 4510 et
2897 4459 3110 4512 caetera
3156 4455 3483 4513 ineffabilia

1314 4543 1560 4612 σέμνυνον
1639 4548 1733 4602 τήν
1765 4537 1808 4591 D
1842 4539 2127 4612 mysteria
2155 4555 2227 4594 ex
2260 4541 2646 4610 suggestione
2681 4543 2948 4615 Spiritus,
2984 4545 3338 4617 sapientiam
3380 4547 3485 4604 tibi

1838 4628 2405 4701 prebituri.Exorna
2453 4630 2771 4687 Ecclesiam
2818 4637 3061 4705 propter
3119 4650 3306 4708 quam
3346 4652 3486 4692 san-
3516 4699 3536 4718 α

1840 4717 2084 4786 guinem
2115 4733 2292 4773 suum
2315 4717 2484 4788 fudit,
2514 4719 2620 4792 qui
2647 4722 3157 4794 superCherubim
3190 4723 3483 4791 ambulat,

1838 4821 2021 4880 quem
2045 4808 2307 4863 tremunt
2338 4808 2668 4881 Seraphim,
2699 4810 2789 4864 cui
2818 4811 3004 4867 virtus
3050 4811 3332 4868 universa
3375 4827 3484 4868 an-

1840 4894 2111 4966 gelorum
2143 4900 2321 4968 atque
2360 4897 2854 4968 archangelorum
2903 4900 3090 4956 multo
3125 4916 3260 4955 cum
3323 4904 3486 4958 metu

1842 4984 2083 5040 assistit.
2117 4983 2203 5040 Ad
2235 4985 2365 5042 haec
2394 4985 2657 5044 Joannes
2691 5005 2704 5043 :
2739 4987 2887 5044 Nihil
2910 4987 3210 5060 equidem,
3240 4987 3404 5061 quod
3425 4989 3488 5045 in

1841 5089 1939 5130 me
1959 5073 2067 5130 erit
2087 5075 2704 5147 praetermittemzsed
2754 5081 2836 5145 tu,
2888 5079 3156 5139 Domina,
3205 5094 3484 5135 succurre

1842 5164 2008 5220 mihi:
2038 5163 2227 5222 fateor
2245 5165 2403 5222 enim
2429 5182 2612 5238 supra
2643 5166 2796 5221 vires
2821 5183 2987 5223 meas
3017 5183 3169 5237 esse,
3198 5168 3484 5241 quodim-

1843 5269 2015 5325 peras
2027 5254 2310 5328 quodque
2323 5271 2435 5325 ego
2452 5255 2736 5312 conabor.
2753 5258 2914 5312 Tunc
2928 5256 3217 5327 evigilans
3245 5259 3480 5316 salvam

1840 5341 1950 5398 sibi
1972 5343 2279 5399 dexteram
2316 5361 2486 5400 suam
2502 5359 2632 5400 esse
2670 5344 2912 5410 invenit,
2935 5361 3045 5401 nec
3075 5346 3288 5404 habuit
3317 5365 3484 5405 men-

1837 5432 2026 5488 temin
2041 5438 2355 5505 potestate,
2369 5434 2586 5505 partim
2599 5432 2844 5504 quidem
2858 5449 2979 5505 prae
2993 5436 3234 5505 gaudio,
3263 5439 3483 5510 partim

1839 5535 1908 5576 ex
1941 5522 2336 5580 admiratione
2387 5527 2441 5578 ct
2462 5539 2533 5578 ex
2560 5522 2679 5578 alio
2709 5522 2768 5578 in
2801 5523 2986 5580 alium
3023 5525 3303 5582 affectum
3348 5544 3484 5600 pro~

1837 5614 1965 5682 pter
1975 5610 2247 5668 miraculi
2261 5611 2716 5681 magnitudinem
2731 5610 3049 5670 distractus
3065 5619 3168 5670 est.
3184 5618 3373 5688 Atque
3387 5617 3482 5673 hic

1837 5704 2181 5772 opportune
2206 5700 2341 5772 quis
2371 5700 2530 5758 istud
2560 5700 2890 5760 Psalmistas
2911 5705 3312 5778 usurpaverit:
3341 5726 3363 5755 ι
3397 5705 3486 5762 Ad
