4032 6308
509 360 610 421 851

1706 357 2164 425 CONSTANTINI
2200 362 2677 423 ACROPOLITE.

3781 345 3905 419 8'52

510 507 824 563 vesperam
849 490 1465 552 demorabiturﬂetus,
1492 496 1548 547 et
1576 493 1654 547 ad
1679 493 2042 548 matutinum
2064 492 2164 546 la:-

2295 490 2493 563 ῥμωζον
2563 489 2883 564 ὠλοφύροντο
2958 487 3249 561 πρόσπολοὶ
3323 505 3378 540 τε
3423 492 3514 539 καὶ
3604 492 3903 560 περὶοικοι,

512 581 699 637 titia’.
722 603 748 630 υ
782 583 862 635 Ea
876 581 1030 636 enim
1047 595 1154 651 pro
1176 579 1394 652 quibus
1426 579 1751 636 familiares
1782 586 1963 653 atque
1989 581 2168 637 vicini

517 669 714 725 omnis
761 669 1114 724 conditionis
1162 672 1218 724 et
1279 669 1468 724 aetatis
1541 669 1853 739 ejularant,
1932 686 2168 740 gemue-

517 762 672 819 rant,
714 758 1154 829 suspiraverant
1176 759 1429 830 vesperi,
1456 775 1596 813 mox
1619 765 1799 831 atque
1820 758 2012 815 illuxit
2035 776 2171 829 age-

517 847 666 901 bant
688 847 985 902 contraria
1010 849 1237 910 omnia,
1266 847 1646 908 exsultantes.
1671 847 2056 918 gratulantes,
2080 850 2171 920 ju-

516 934 775 991 bilantes
823 937 1132 990 communi
1179 936 1406 991 cunctis
1463 937 1686 1005 gaudio
1747 953 1888 992 cum
1956 941 2171 1008 praeter

2279 581 2457 642 ἡλικία
2495 584 2584 631 καὶ
2636 581 2779 649 τύχη
2841 574 3110 651 διάφορος,
3174 578 3374 651 πρωῖᾳς
3421 575 3573 636 εὐθὺς
3645 574 3897 647 ἀντεπῄει

2277 671 2551 740 γεγηθέναι
2595 685 2650 719 τε
2705 671 2793 718 καί
2849 671 3086 738 σκιρτᾷν,
3145 669 3234 717 καὶ
3278 665 3524 738 λαμπρῶς
3576 665 3710 736 ὁμοῦ
3763 669 3896 716 πάν-

2278 777 2370 818 τας
2412 755 2746 828 ἀγάλλεσθαι,
2780 756 2905 825 ὑγιᾶ
2933 755 3076 827 παρά
3115 750 3440 826 προσδοκίαν
3498 752 3711 806 ἅπασαν
3763 772 3895 803 κατ-

2283 843 2491 908 ιδόντας
2517 851 2605 896 καὶ
2635 844 2986 916 ἐμπεφυκυῖαν
3014 839 3166 904 αὖθις
3212 847 3306 900 τὴν
3357 849 3537 916 χεῖρα,
3599 847 3690 895 καὶ
3753 840 3895 916 ἔνερ-

2279 940 2372 1008 γόν
2398 939 2523 1008 πρὸς
2541 937 2566 987 ὃ
2585 953 2644 1006 γε
2849 932 3129 1005 βουλητὸν.

518 1025 992 1096 expectationem
1029 1025 1301 1080 viderent
1323 1025 1631 1081 dexteram
1648 1025 1899 1094 salvam,
1928 1027 2336 1083 adhaerentem
2366 1024 2633 1090 brachio,
2663 1026 2841 1094 atque
2871 1022 2949 1077 ad
2977 1020 3274 1094 quidlibet
3299 1019 3590 1076 habilem.

2355 1111 2456 1186 λβ’.
2482 1113 2558 1164 Οὐ
2587 1115 2752 1185 μέχρι
2779 1108 2838 1163 δὲ
2867 1118 2967 1163 τῶν
3016 1109 3128 1162 κατ’
3172 1111 3312 1161 οἶκον
3372 1113 3574 1183 κρότος,
3633 1105 3756 1160 οὐδ’
3822 1111 3898 1168 εἰς

593 1207 680 1260 32.
707 1206 906 1274 Neque
937 1218 1114 1273 porro
1144 1204 1300 1260 intra
1343 1205 1600 1277 parietes
1665 1204 2026 1260 domesticos
2080 1205 2178 1261 hic

2295 1206 2402 1262 τοὺς
2453 1201 2666 1261 οἰκείους
2712 1202 2738 1251 6
2782 1199 2933 1270 λόγος
2987 1195 3268 1270 διέμεινεν·
3314 1196 3441 1248 ἀλλὰ
3495 1193 3786 1269 διέδραμεν
3859 1200 3894 1253 ἡ

526 1292 802 1364 plausus,
838 1291 928 1348 vel
972 1307 1156 1363 penes
1201 1293 1360 1348 solos
1407 1293 1729 1348 familiares
1757 1293 1929 1349 haesit
1972 1294 2179 1349 notitia

526 1381 611 1436 rei
651 1384 850 1448 gestae:
921 1380 1026 1435 sed
1073 1381 1249 1450 longe
1320 1381 1560 1453 lataque
1629 1383 1923 1453 procurrit
1990 1380 2174 1450 fama;

527 1469 776 1541 quidam
802 1471 983 1525 etiam
1013 1469 1439 1526 festinaverunt
1465 1470 1744 1542 praefecto
1773 1487 1884 1526 suo
1905 1473 2179 1528 nuntiare

528 1557 627 1630 (ex
647 1559 934 1626 Agarenis
958 1558 1019 1613 hi
1040 1563 1228 1626 erant,
1257 1575 1401 1628 erga
1450 1575 1562 1614 nos
1617 1574 1854 1631 semper
1899 1561 2179 1616 malevoli

2295 1562 2412 1630 ἡμῖν
2438 1563 2528 1610 καὶ
2575 1557 2830 1628 πολεμίων
2888 1554 2942 1608 ἐκ
3007 1562 3099 1606 τοῦ
3153 1552 3496 1625 ὲναγεστοὲτου
3549 1556 3907 1628 θρῆσκεύμα-

529 1648 1199 1719 propterdetestabilem
1215 1664 1388 1704 suam
1408 1650 1657 1720 sectam)
1684 1650 1849 1721 quod
1879 1650 2078 1705 salvus
2108 1651 2182 1706 sit

2295 1649 2394 1717 τος)
2451 1651 2530 1699 ὄτι
2583 1665 2638 1698 τε
2691 1654 2796 1705 σῶς
2839 1647 2864 1696 6
2921 1644 3157 1702 Ἰωάννης
3203 1646 3362 1714 μένει,
3431 1647 3522 1693 καὶ
3603 1645 3674 1693 τὰ
3765 1641 3904 1714 μελη

531 1735 815 1801 Joannes,
842 1751 914 1791 ac
944 1736 1231 1791 membris
1274 1738 1502 1806 integer
1543 1737 1800 1806 gaudeat
1835 1739 2180 1807 gratuletur-

2295 1734 2674 1801 ἆδιαλώϐητος,
2714 1738 2804 1786 καὶ
2833 1735 2914 1785 ὃτι
2942 1737 3145 1807 χαίρει,
3175 1736 3266 1782 καὶ
3313 1733 3394 1784 ὅτι
3447 1738 3768 1804 περικροτιῖ,
3809 1736 3911 1782 καὶ

2286 1297 2432 1364 φήμη
2487 1291 2582 1342 κὰν
2634 1296 2740 1350 τοῖς
2780 1288 3001 1341 κυκλόσε
3046 1287 3142 1340 κᾶν
3217 1293 3323 1348 τοῖς
3388 1285 3643 1360 πόῤῥωθι·
3715 1292 3899 1339 τοίνυν

2285 1387 2375 1433 καὶ
2424 1382 2678 1452 φθάνουσί
2745 1397 2877 1440 τινες
2957 1373 3066 1447 τῷ’
3113 1381 3338 1450 σφετέρῳ
3409 1375 3905 1450 προσαγγείλαντες

2285 1471 2510 1543 ἄρχοντι
2539 1472 2661 1537 (τῶν
2692 1469 2992 1542 Ἀγοιρηνῶν
3047 1462 3180 1523 ἦσαν
3235 1461 3400 1534 οὗτοί,
3457 1473 3558 1516 τῶν
3615 1462 3904 1535 δυσμενῶν

531 1839 650 1894 que
680 1823 809 1887 sibi,
858 1830 917 1879 et
943 1824 1124 1879 veluti
1146 1825 1446 1882 laureatus
1471 1827 1717 1898 quidem
1747 1843 1963 1899 paeana
1989 1829 2182 1884 conci-

531 1915 658 1981 nat,
684 1913 1010 1986 palamque
1039 1915 1306 1970 exsultet.
1343 1915 1439 1970 llle
1475 1931 1613 1971 vero
1644 1917 1929 1973 continuo
1981 1933 2180 1974 accer-

534 2018 674 2058 sens
702 2007 1003 2071 sanctum,
1028 2004 1174 2075 quid
1201 2004 1310 2060 sibi
1325 2005 1738 2071 factum,esset
1757 2007 1928 2077 jubet
1956 2009 2182 2064 veraci-

532 2099 619 2150 ter
645 2091 960 2163 explicare,
987 2092 1252 2149 e'xtrema
1271 2111 1526 2166 quaeque
1547 2097 1972 2162 comminatus,
1998 2098 2185 2153 nisiut

533 2187 667 2237 acta
677 2182 1438 2254 erantomnialoqueretur.
1458 2185 1699 2240 Divinus
1711 2190 1910 2240 autem
1924 2187 2183 2242 Joannes

532 2274 823 2341 tanquam
839 2271 1034 2342 seipso
1042 2271 1170 2340 jam
1189 2271 1420 2339 melior,
1441 2276 1504 2327 ut
1527 2273 1629 2344 qui
1642 2273 1719 2329 ad
1744 2273 1994 2330 meliora
2009 2291 2184 2332 voca-

533 2358 710 2413 batur
722 2373 758 2412 a
772 2361 889 2412 Deo
902 2359 1182 2413 etexhinc
1196 2361 1429 2429 majora
1443 2365 1834 2432 suscepturus
1866 2367 2009 2429 erat,
2038 2364 2185 2420 nihil

534 2445 778 2510 veritus,
810 2461 935 2500 non
962 2447 1111 2502 iram
1136 2463 1322 2518 quam
1351 2448 1532 2518 paulo
1563 2453 1699 2504 ante
1745 2457 2022 2522 expertus
2055 2452 2185 2508 fue-

536 2538 647 2602 rat,
676 2549 798 2588 non
830 2533 1090 2588 furorem
1124 2536 1252 2604 ejus
1277 2536 1734 2604 intolerabilem,
1779 2555 1902 2595 non
1959 2541 2184 2608 terribi—

537 2621 748 2677 liorem
774 2623 1150 2688 sententiam,
1183 2624 1367 2680 libera
1379 2641 1524 2681 voce
1537 2635 1594 2681 et
1607 2627 1811 2683 animo
1836 2630 2179 2702 conﬁdenti,

541 2714 620 2766 Ne
665 2711 987 2778 existimes,
1032 2713 1242 2784 inquit,
1297 2718 1464 2786 quod
1509 2715 1600 2771 vel
1661 2716 1838 2772 donis
1889 2719 1981 2774 vel
2028 2719 2183 2775 dolis

537 2800 830 2855 evaserim
862 2816 1128 2872 pmnam,
1159 2807 1263 2858 aut
1284 2803 1400 2859 alio
1427 2805 1629 2877 aliquo
1651 2806 1835 2862 modo
1863 2823 1956 2863 me
1999 2809 2184 2864 eidem

540 2887 957 2955 subtraxerim;
990 2891 1178 2946 multo
1206 2893 1404 2948 minus
1438 2894 1602 2964 quod
1632 2895 1904 2952 humana
1924 2903 2048 2954 arte
2089 2899 2187 2955 vel

539 2975 1010 3048 pharmacorum
1043 2980 1252 3036 virtute
1297 2982 1620 3038 sectionem
1669 2986 2002 3042 curaverim
2035 3004 2048 3041 :
2081 2987 2186 3042 sed

539 3066 786 3162 omnino
808 3067 981 3162 crede
1011 3069 1175 3140 quod
1202 3075 1258 3124 et
1281 3086 1500 3142 passus
1526 3089 1659 3128 sum
1689 3073 1986 3146 quidquid
2011 3077 2191 3145 jussi—
2218 3109 2257 3162 Ο

543 3155 631 3225 sti,
657 3160 712 3210 et
746 3172 781 3211 a
807 3156 935 3212 solo
980 3161 1096 3212 Deo
1120 3159 1423 3216 medelam
1452 3161 1563 3216 sim
1595 3169 1974 3231 consecutus,
2003 3182 2189 3221 mem-

540 3243 912 3316 brorumque
942 3247 1338 3315 integritatem
1382 3251 1610 3305 salvam
1667 3254 2187 3323 quemadmodum

543 3339 711 3404 potes
740 3335 973 3389 intueri.
1007 3338 1194 3406 Atque
1223 3337 1349 3392 haec
1367 3338 1574 3393 dicens
1607 3341 1819 3396 ambas
1850 3358 2070 3398 manus
2095 3360 2189 3399 ex-

544 3421 749 3490 tendit,
778 3425 954 3494 atque
1011 3422 1070 3476 in
1116 3424 1299 3481 altera
1367 3427 1800 3485 demonstravit
1855 3433 2191 3488 circumdu-

543 3513 700 3564 ctam
724 3509 963 3575 lineam,
987 3528 1121 3583 quae
1171 3529 1463 3586 perquam
1505 3517 1887 3575 manifestam
1936 3520 2194 3577 faciebat

2288 1845 2366 1886 τις
2425 1829 2734 1896 στεφανίτης
2801 1825 3082 1893 καθαπερεὶ
3135 1824 3417 1884 παιανίζει,
3488 1826 3580 1871 καὶ
3644 1819 3911 1892 λαμπρῶς

2287 1917 2498 1986 γέγηθε.
2562 1917 2661 1966 Καὶ
2709 1914 2765 1973 ὃς
2813 1913 3062 1983 παραυτά
3110 1913 3196 1961 τὸν
3249 1910 3398 1980 ἅγιον
3467 1908 3908 1980 μεταστέλλεται-

2289 2009 2380 2056 καὶ
2408 2007 2472 2055 τὰ
2492 2002 2609 2054 κατ’
2662 2002 2818 2053 αὑτὸν
2871 1999 3083 2063 ἐξειπεῖν
3137 1995 3488 2050 διακελεύεται
3547 2002 3688 2070 πρὸς
3777 1996 3912 2054 ἄλη-

2294 2094 2452 2157 θιιαν,
2509 2093 2572 2142 τὰ
2629 2092 2837 2161 ἔσχατα
2893 2086 3388 2158 ἐπαπειλησάμενος,
3453 2085 3497 2138 εἰ
3550 2090 3627 2157 μὴ
3693 2087 3760 2138 ἄν
3839 2089 3913 2145 ὡς

2292 2180 2594 2251 ἐσχήκεσαν
2637 2182 3018 2251 παραστήσειε.
3062 2180 3163 2228 Καὶ
3190 2182 3312 2246 γοῦν
3368 2175 3395 2224 6
3455 2176 3586 2234 θεῖος
3616 2174 3902 2239 Ἰωάννης,

2290 2273 2531 2344 κρείττων
2583 2267 2755 2338 ὡσπερ
2809 2267 2969 2317 αὑτοῦ
3017 2269 3262 2336 γεγονὼς,
3321 2265 3400 2315 ότι
3445 2281 3558 2323 πως
3609 2259 3727 2322 ἢδη
3811 2282 3907 2314 και

2289 2363 2419 2432 πρός
2447 2361 2712 2428 κρείττονα
2732 2354 3056 2428 μτεκαλείτο
3077 2355 3209 2426 πρὸς
3251 2359 3341 2404 τοῦ
3396 2359 3551 2411 Θεοῦ,
3609 2359 3706 2404 καὶ
3772 2357 3913 2427 πρὸς

2291 2448 2505 2520 μείζονα
2557 2445 2852 2498 τούντεῦθεν
2911 2441 3261 2508 ἀνελαϐάνετο,
3338 2438 3504 2514 μηδὲν
3574 2445 3906 2515 ὑποτρέσας,

2289 2541 2362 2610 μὴ
2421 2541 2514 2593 τὴν
2571 2538 2670 2607 πρὸ
2730 2533 2963 2607 βραχέος
2994 2536 3174 2605 οργὴν,
3207 2535 3278 2602 μη
3310 2534 3396 2582 τόν
3422 2529 3679 2582 ἂστικτον
3711 2529 3908 2583 ἐκεῖνον

2295 2628 2477 2697 θυμόν,
2529 2629 2598 2696 μὴ
2651 2628 2744 2680 τὴν
2802 2620 3079 2695 φρικαλίαν
3165 2619 3448 2691 ἀπόφασιν,
3518 2619 3905 2694 πηαρῥησια-

2295 2717 2452 2784 σμένῃ
2484 2711 2686 2783 γλώττῃ
2721 2715 2810 2762 καὶ
2841 2708 3081 2779 ἁπτοὴτῳ
3109 2717 3199 2769 τῆς
3236 2707 3423 2779 ψυχῆς
3482 2714 3905 2782 παραστήματι.

2293 2806 2378 2858 Μὴ
2411 2803 2521 2852 οἷον
2553 2819 2636 2872 με,
2670 2803 2822 2871 φησὶ,
2855 2794 3046 2871 δώροις
3083 2801 3223 2850 τισὶν
3270 2797 3299 2855 ἣ
3361 2793 3532 2857 δόλοις
3585 2801 3684 2855 τήν
3738 2816 3906 2869 τιμωο

2292 2896 2410 2964 ρίαν
2488 2889 2766 2953 ὑπαλύξαι,
2823 2889 2852 2947 ἦ
2919 2887 3055 2957 οἰλλῳ
3107 2905 3178 2958 τῳ
3257 2893 3357 2937 τῶν
3425 2883 3666 2937 ἁπάντων
3727 2891 3909 2959 τρόπῳ

2297 2975 2591 3050 διεκφυγεῖν
2625 3021 2639 3045 ,
2694 2982 2822 3048 μήτε
2895 2981 2998 3047 μὴν
3047 2973 3318 3049 ἀνθρώπου
3357 2977 3519 3045 τέχνη
3571 2993 3666 3026 και
3698 2977 3910 3049 φαρμά-

2295 3088 2398 3120 κων
2428 3066 2652 3119 ὶπιθέσει
2687 3070 2780 3124 τὴν
2839 3061 3083 3140 διαρτίαν
3134 3062 3426 3116 ἀπολαϐεῖνο
3489 3063 3596 3115 ἀλλ’
3653 3067 3774 3117 ἴσθι
3808 3084 3881 3116 σοι

2297 3165 2396 3228 φῶς
2450 3162 2539 3208 καὶ
2594 3157 2881 3208 πεπονθότα
2926 3155 2952 3205 ὃ
2995 3173 3054 3225 γε
3102 3149 3168 3210 δη
3234 3158 3323 3205 καὶ
3378 3159 3756 3227 προστεταχοις
3807 3159 3906 3205 καὶ

2295 3248 2427 3320 πρὸς
2461 3253 2593 3296 Θεοῦ
2622 3250 2781 3316 μόνου
2812 3248 2904 3302 τὴν
2934 3245 3077 3294 ἴασιν
3104 3241 3394 3312 ἐσχηκότα,
3443 3246 3534 3292 καὶ
3588 3244 3772 3312 ὥσπερ
3834 3239 3905 3299 δή

2298 3341 2387 3387 καὶ
2450 3337 2572 3408 όρᾲν
2626 3338 2785 3405 ἔχεις,
2865 3331 3103 3390 ἀνελλιπῆ
3155 3336 3402 3403 ’γεγονότα
3448 3336 3536 3389 τήν
3584 3331 3905 3402 όλομέλειαν,

2298 3424 2554 3485 Ἐκτείνας
2581 3423 2663 3476 ἐπὶ
2706 3419 2888 3475 τοῖσδε
2921 3427 2993 3474 τὼ
3044 3429 3213 3495 χεῖρε,
3270 3425 3360 3471 καὶ
3414 3423 3506 3477 τὴν
3565 3417 3650 3471 ἐπὶ
3711 3422 3907 3494 θάτερα

2299 3513 2712 3586 περικυκλοῦσαν
2766 3509 2938 3574 δείξας
2985 3514 3250 3586 γραμμήν,
3299 3507 3328 3567 ἦ
3384 3513 3473 3565 την
3531 3527 3585 3560 τε
3636 3504 3908 3567 διακοπήν

543 3598 868 3654 sectionem
901 3599 1142 3669 factam,
1177 3606 1233 3657 et
1258 3607 1756 3662 restaurationem
1794 3614 2081 3666 secutam.

2300 3609 2388 3655 καὶ
2413 3608 2506 3660 τὴν
2551 3605 2683 3676 μετὰ
2729 3609 2880 3653 τοῦτο
2935 3599 3250 3674 ἐφαρμογὴν,
3308 3600 3442 3650 πάνυ
3485 3598 3730 3671 καθαρῶς
3781 3599 3907 3651 ὑπε-

2303 3688 2550 3745 δείκνυεν.

613 3869 700 3922 33.
733 3864 822 3919 Ad
851 3865 978 3921 haec
1016 3866 1464 3939 obstupefactus
1519 3870 1842 3939 barbarus,
1894 3877 2056 3944 Vere,
2100 3877 2192 3933 in-

538 3957 684 4027 quit,
714 3955 1000 4010 innocens
1025 3973 1176 4021 eras,
1218 3959 1505 4028 Joannes;
1539 3965 1595 4016 et
1616 3977 1726 4017 nos
1751 3964 1996 4035 quidem
2028 3965 2192 4023 fraus

539 4044 793 4116 decepit,
813 4049 871 4100 tu
899 4061 1039 4100 vero
1055 4052 1261 4102 contra
1279 4064 1523 4104 omnem
1545 4051 1833 4121 justitiam
1865 4053 2191 4111 damnatus

541 4151 610 4190 ac
636 4150 853 4205 passus
877 4151 940 4189 es
975 4135 1116 4190 :sed
1156 4135 1438 4210 deinceps
1509 4141 1841 4211 majoribus
1874 4144 2039 4215 apud
2095 4162 2192 4201 me

539 4221 870 4277 honoribus
901 4224 1209 4292 extolleris,
1244 4231 1298 4281 et
1333 4244 1515 4299 supra
1554 4236 1797 4286 caeteros
1834 4233 2191 4289 constitutus

542 4309 794 4364 subditis
837 4311 984 4365 meis
1042 4312 1337 4368 universis
1389 4316 1502 4370 eris
1550 4317 1849 4373 illustrior.
1930 4323 2190 4377 Joannes

539 4413 681 4451 vero
707 4397 766 4451 in
792 4403 1006 4453 terram
1039 4416 1099 4454 se
1140 4408 1622 4472 prosternens.et
1649 4406 1933 4479 laci-ymis
1987 4409 2189 4466 calen-

538 4485 696 4540 tibus
743 4485 1068 4556 proﬂuens,
1129 4490 1313 4560 Absit,
1363 4493 1575 4564 inquit,
1654 4500 1719 4549 ut
1797 4496 2055 4568 amplius
2129 4499 2190 4555 in

538 4572 770 4628 mundo
829 4591 1132 4642 maneam,
1188 4595 1224 4632 ει
1275 4579 1402 4635 solo
1450 4585 1562 4636 Deo
1618 4587 1918 4639 extractus
1987 4602 2058 4641 ex
2121 4586 2190 4641 iis

537 4663 839 4720 aerumnis.
875 4680 1026 4735 quas
1050 4667 1312 4738 proferre
1335 4669 1481 4725 solet
1511 4672 1640 4727 haec
1673 4673 1964 4728 terrestris
2017 4673 2188 4732 habi-

535 4749 700 4821 tatio,
732 4767 836 4806 seu
859 4752 1054 4824 potius
1082 4761 1319 4827 pratum
1359 4773 1680 4827 noxarum,
1721 4760 1871 4816 sicut
1927 4767 2191 4818 externo-

533 4855 670 4894 rum
698 4841 1034 4913 sapientum
1090 4859 1350 4900 nonemo
1401 4845 1567 4915 dixit,
1615 4847 1730 4919 vel,
1785 4855 1842 4903 ut
1902 4856 2187 4907 consueto

533 4928 709 4984 nobis
742 4930 1038 4986 vocabulo
1070 4935 1224 5002 utar,
1256 4934 1424 4989 vallis
1456 4935 1884 5009 lacrymarum.
1921 4944 1990 4996 At
2041 4957 2186 5012 prae-

535 5020 741 5087 fectus,
791 5022 1111 5092 Nunquam
1157 5039 1267 5092 ego
1320 5023 1448 5086 tibi,
1497 5027 1776 5097 Joannes,
1831 5028 2182 5086 concedam.

535 5107 634 5162 Hic
679 5113 900 5176 autem;
949 5111 1138 5181 Caput
1194 5113 1404 5184 inquit,
1466 5115 1511 5168 si
1577 5115 1743 5185 velis,
1795 5116 1998 5172 aufer:
2042 5134 2186 5173 nam

2373 3869 2465 3943 λ’)ί.
2522 3871 2630 3943 Ἐφ’
2687 3867 2758 3931 οἷς
2805 3874 2896 3922 καὶ
2973 3867 3371 3940 καταπλαγέντα
3447 3869 3534 3919 τὸν
3607 3865 3908 3942 βάρϐαρον,

2299 3959 2496 4022 ’Ὄντως
2527 3959 2799 4022 ἀνεύθυνος
2840 3956 3001 4026 ἦσθα,
3052 3959 3225 4030 φάναι·
3280 3962 3365 4008 καὶ
3426 3953 3573 4016 δόλος
3621 3961 3710 4029 μὲν
3766 3959 3912 4029 ἡμᾶς

2301 4048 2614 4114 ἐξηπάτησε,
2657 4052 2801 4123 παρὰ
2851 4043 2910 4100 δὲ
2957 4049 3128 4099 πάντα
3209 4041 3414 4098 δίκαιον
3505 4044 3658 4116 λόγον
3722 4046 3910 4113 αὐτὸς,

2301 4136 2534 4204 Ἰωάννη,
2564 4143 2652 4188 καὶ
2681 4133 3069 4196 κατεδικάσθης
3124 4139 3213 4186 καὶ
3265 4135 3541 4194 πέπονθας.
3596 4133 3728 4186 Ἀλλ’
3795 4138 3912 4187 ἴσθι

2301 4230 2549 4300 μειζόνων
2603 4225 3021 4298 ἀξιωθησόμενος
3077 4227 3205 4296 πρὸς
3258 4220 3380 4294 ἐμοῦ
3437 4226 3495 4274 τὸ
3551 4226 3680 4294 μετὰ
3749 4234 3912 4276 τοῦτο

2299 4325 2484 4388 τιμῶν,
2514 4318 2638 4389 ὑπὲρ
2664 4319 2786 4377 τοὺς
2838 4313 3017 4374 ἄλλους
3072 4333 3124 4365 τε
3173 4311 3470 4384 ταξόμενος,
3523 4317 3612 4364 καὶ
3666 4320 3766 4365 τῶν
3819 4314 3909 4364 ὑπ’

2300 4403 2412 4477 ἐμοὶ
2469 4412 2560 4456 τοῦ
2609 4403 2791 4455 λοιποῦ
2860 4407 3317 4473 καταστησόμενος
3372 4401 3609 4454 ἁπάντων
3686 4421 3908 4476 περιφα-

2481 4455 2486 4456 ’
3083 4455 3092 4460 ν
3169 4455 3178 4473 ι
3303 4455 3317 4461 -
3750 4455 3761 4476 ι
3823 4455 3834 4474 ι

2223 4455 2266 4506 D
2298 4499 2552 4554 viaratog-
2604 4491 2662 4544 Ὀ
2718 4489 2776 4544 δὲ
2832 4497 3032 4556 πρηνὴς
3089 4491 3281 4542 αὐτίκα
3336 4495 3527 4554 πεσὼν,
3584 4487 3798 4562 δάκρυά
3853 4511 3906 4543 τι

2302 4586 2464 4656 θερμὰ
2494 4586 2790 4652 καταχέων,
2819 4585 2904 4638 Μή
2934 4599 3024 4652 μοι
3060 4583 3260 4651 γένοιτο
3317 4583 3406 4630 καὶ
3463 4578 3622 4631 εἰσέτι
3683 4586 3758 4648 τῷ
3820 4585 3907 4631 κό-

2301 4693 2416 4746 σμῳ
2444 4670 2754 4744 περιπολεῖν,
2805 4669 2903 4721 ὐπὸ
2963 4675 3095 4721 Θεοῦ
3149 4671 3307 4740 μόνου
3357 4667 3595 4742 ῥυσθέντι
3654 4667 3724 4718 ὧν
3783 4666 3904 4720 ἐπι-

2298 4764 2462 4835 φέρειν
2485 4761 2654 4812 εἴωθεν
2686 4760 2987 4832 όπερίγειος
3026 4758 3221 4809 οὑτωσὶ
3271 4760 3420 4816 τόπος
3468 4752 3667 4820 δεινῶν,
3723 4757 3747 4807 6
3807 4766 3905 4820 τῆς

2296 4849 2424 4910 ἄτης
2480 4847 2664 4919 λειμὼν
2722 4850 2814 4918 (ὡς
2861 4855 2959 4896 τῶν
3006 4865 3079 4905 τις
3125 4845 3349 4917 θυραίων
3395 4853 3562 4916 σοφῶν
3647 4841 3899 4916 ἑγνωμοὲ-

2294 4942 2493 5010 τευσεν)
2538 4938 2566 4995 ἦ
2614 4936 2730 4988 καθ’
2785 4938 2922 5007 ἡμᾶς
2973 4933 3120 5008 ἐρεῖν,
3176 4937 3205 4991 ἡ
3256 4933 3429 4994 κοιλὰς
3483 4941 3571 4984 τοῦ
3624 4932 3903 5007 κλαυθμῶ-

2294 5047 2400 5092 νος,
2426 5026 2483 5078 Ὀ
2526 5022 2576 5078 δ’
2603 5023 2894 5090 ὑπολαϐὼν,
2949 5021 3089 5076 Ἀλλ’
3135 5022 3228 5074 οὐκ
3285 5018 3495 5074 ἐνδώσω
3527 5041 3629 5090 σοι,
3660 5021 3899 5088 Ἰωάννη,

2293 5122 2604 5167 τοῦτοποτε.
2641 5119 2740 5166 Καὶ
2769 5112 2841 5174 ὃς·
2891 5111 3071 5184 Ἀφελέ
3117 5131 3208 5184 μοι
3256 5115 3345 5163 καὶ
3401 5115 3496 5172 τὴς
3542 5109 3792 5182 κεφαλῆς,
3858 5112 3901 5164 εἰ

531 5204 778 5269 paratus
799 5216 934 5253 sum
960 5200 1116 5256 mille
1142 5203 1361 5273 potius,
1391 5203 1438 5257 si
1480 5204 1762 5274 possibile
1820 5207 1911 5272 sit,
1966 5211 2184 5262 mortes

531 5285 716 5350 obire,
741 5302 927 5357 quam
954 5305 1024 5343 ex
1073 5305 1144 5344 eo
1183 5291 1348 5360 quod
1380 5308 1539 5347 nunc
1565 5293 1718 5363 coepi
1750 5294 2057 5366 proposito
2090 5312 2186 5350 ex-

531 5373 744 5428 cidere.
778 5374 873 5429 Ille
907 5381 1107 5432 tamen
1149 5379 1772 5451 manebatimmotus,
1825 5398 1933 5436 nec
1984 5383 2183 5437 minus

2296 5202 2495 5276 βούλευ
2556 5207 2645 5255 καὶ
2693 5204 2812 5276 γὰρ,
2868 5201 2912 5253 εἰ
2963 5200 3068 5252 οἷόν
3124 5220 3178 5252 τε
3228 5206 3448 5274 μυρίους
3506 5200 3710 5271 ἕτοιμός
3793 5200 3902 5273 εἰμι

2296 5295 2551 5353 θανάτους
2589 5291 2881 5359 ἀποθανεῖν,
2915 5292 2943 5350 ἦ
2980 5295 3036 5343 τὸ
3086 5289 3186 5342 ἀπὸ
3240 5286 3397 5344 τοῦδε
3448 5298 3539 5341 τοῦ
3581 5292 3718 5342 κατὰ
3773 5289 3902 5362 βού-

2289 5381 2440 5439 λησιν
2473 5382 2726 5436 ἐκπεσεῖν,
2770 5379 3013 5440 Κάκεῖνος
3070 5381 3222 5440 αὐθις
3267 5377 3481 5440 ἀκλινὴς
3537 5373 3739 5451 διὲμενε
3806 5387 3898 5432 καὶ

527 5465 786 5518 Joannes
836 5481 1006 5521 suam
1060 5469 1314 5537 urgebat
1369 5469 1738 5539 petitionem,
1802 5486 1838 5526 a
1889 5471 2185 5528 sententia

2293 5469 2580 5533 ἁνένδοτος·
2615 5475 2681 5533 ὡς
2713 5466 2771 5522 δὲ
2797 5475 2886 5521 καὶ
2916 5469 3061 5529 οὗτός
3089 5475 3176 5527 τὴν
3229 5470 3440 5526 αἴτησιν
3495 5467 3742 5541 ἰσχυρὸς,
3799 5476 3893 5521 καὶ

526 5549 879 5623 neutiquam
903 5555 1272 5610 revocabilis.
1307 5558 1494 5612 Grave
1525 5572 1666 5628 ergo
1687 5557 1839 5613 inter
1860 5562 2182 5632 utrumque

2289 5564 2382 5618 τὴν
2447 5560 2694 5636 πρόθεσιν
2771 5559 3100 5632 ammon“,
3178 5560 3438 5638 Kaprspb;
3515 5563 3640 5638 γοῦν
3717 5555 3892 5637 ὥσπερ

593 5726 731 5787 Psal
753 5745 918 5788 xmx.
948 5733 1002 5786 ϐ.
