4032 6308
122 381 246 434 853

1372 377 1445 435 IN
1489 379 1546 435 S.
1585 375 1776 434 JOAN.
1821 379 2317 436 DAMASCENUI.

3423 380 3531 434 854

127 504 393 562 πνέστη
425 507 600 575 σφὶσιν
633 501 793 574 ἀγών,
847 509 938 556 καί
993 504 1200 576 ὶσχυρά
1253 525 1336 566 τις
1392 503 1599 556 ἓκεὶνοιν
1654 500 1750 555 διαι

1878 509 2178 561 certamen
2211 521 2282 561 ac
2306 505 2488 562 velut!
2507 507 2845 564 colluctatio
2879 507 3157 579 pertinax
3198 504 3338 572 fuit,
3386 519 3525 560 cum

127 595 317 666 μάχη
363 597 750 665 συμπεπτωκεψ
808 593 1040 668 ἑκάτερος
1101 597 1201 667 γάρ
1272 597 1468 667 θατέρῳ
1523 590 1650 664 μηδ’
1707 595 1767 645 ἂν

125 689 254 742 πῶς
288 701 425 734 ποτε
452 682 658 744 ύπείξαι
692 681 1106 757 ἀπισχυρὶζιτο,
1161 687 1254 734 καί
1312 683 1401 740 ὅλη
1464 681 1768 734 άντὶπιπτιν

134 772 352 842 ἰσχύὶ,
379 776 469 823 καί
494 769 725 845 ἐκθύμως
753 771 837 824 ἐπί
865 768 1002 842 τῷδε
1063 769 1427 843 διηγωνὶζετό.
1485 771 1637 825 Ἀλλοὶ
1693 791 1770 823 νε-

128 864 374 918 νὶχηκεν
424 861 663 924 Ἰωάννης
724 869 785 920 τῆ
852 865 1098 935 συνάρσει
1151 870 1243 914 τοῦ
1305 866 1616 935 κρεὶττονος·
1674 857 1768 918 ἧτ-

129 963 318 1001 τητοιι
359 941 410 997 δ’
441 947 468 997 6
503 947 829 1019 παλαμναῖος
879 945 1067 1008 ἐκεῖνος
1120 952 1212 998 καί
1265 946 1526 1020 βάρϐαρος
1586 950 1770 1019 τύραν-

128 1053 250 1102 νος,
314 1039 411 1086 καί
459 1042 808 1094 συνήττηνται
857 1038 906 1088 οἰ
963 1035 1176 1110 ἀόρατοι
1233 1036 1466 1087 ἀλεῖπται
1536 1053 1589 1087 τι
1679 1039 1769 1086 καί

137 1127 625 1193 συνασπισταί,οἱ
653 1133 765 1186 τοῖς
808 1125 1018 1196 ἀγαθοῖς
1068 1127 1214 1197 ημῶν
1268 1122 1344 1176 άιί
1403 1123 1770 1196 βασιαὶνοντις

133 1213 339 1285 ἔργοις
367 1233 420 1265 τε
447 1219 536 1264 καί
568 1212 890 1286 βουλεύμασι
945 1212 1204 1286 δαὶμονες.

214 1298 346 1356 λδ’.
399 1307 461 1354 Ti.
516 1309 640 1373 γοῦν
692 1309 781 1354 καί
833 1312 987 1372 ποιεῖ,
1056 1304 1281 1378 ἔπειπερ,
1339 1302 1408 1354 ”Ο
1458 1322 1508 1353 τι
1559 1304 1620 1353 οἷν
1683 1321 1767 1353 σοι

131 1386 237 1431 καί
286 1384 376 1438 εἴη
411 1379 728 1454 βουλομὶνῳ,
761 1384 855 1451 οἶγε
885 1379 953 1441 δή
987 1382 1276 1457 ἇκπὶρανον,
1338 1383 1531 1439 ἢκουσε
1576 1398 1589 1447 ;
1657 1390 1767 1442 πῶς

135 1489 196 1520 τι
230 1472 310 1520 rei
353 1471 468 1521 κατ’
500 1471 653 1522 αὐτόν
675 1468 1000 1538 διατὶθεται;
1050 1472 1108 1523 Ὀ
1170 1476 1358 1531 πιστός
1414 1476 1503 1543 μέν
1567 1474 1764 1523 οἰκονό-

134 1577 242 1628 μος
315 1564 408 1610 καί
457 1563 722 1632 φρόνιμος,
777 1559 914 1622 ἐξότε
967 1566 1058 1612 καί
1133 1561 1416 1632 οἰκονομεῖν
1469 1557 1762 1625 άνεδὶξατο,

135 1649 270 1697 τότε
309 1643 375 1698 δέ
432 1651 877 1720 πνεφαπτομίνου
941 1656 1075 1701 Θεοῦ
1122 1653 1214 1700 καί
1269 1654 1584 1723 συνετῶτερα
1643 1647 1766 1721 βου-

136 1734 496 1806 λευσάμενος,
551 1737 757 1788 ἅπαντα
799 1741 887 1809 μέν
944 1743 1030 1790 τόν
1087 1737 1304 1790 πλοῦτον
1355 1746 1464 1798 τοῖς
1510 1734 1766 1809 δεομένοις

1881 608 2038 647 unus
2057 593 2308 649 alterum
2326 596 2608 650 niteretur
2636 594 2862 650 viribus
2890 595 3176 652 omnibus
3219 608 3524 664 superare,

1879 687 2124 752 totoque
2147 683 2362 738 robore
2388 683 2806 748 velutirruere,
2848 684 3146 755 planeque
3200 698 3287 738 ex.
3321 680 3527 737 animo

1879 770 1959 826 ad
1987 771 2102 826 hoc
2124 771 2517 828 incumberet.
2553 771 2665 828 Sed
2696 772 2941 828 victoria
2970 787 3156 843 penes
3207 773 3524 838 Joannem,

1879 865 2082 931 utpote
2108 877 2291 916 causa
2321 861 2648 927 meliorem,
2687 863 2882 917 stetit:
2945 862 3133 918 victus
3185 866 3272 915 est
3324 863 3526 914 autem

1880 949 2304 1019 sanguinariae
2333 949 2428 1004 ille
2453 949 2872 1022 barbarusque
2907 957 3220 1022 tyrannus,
3270 952 3328 1004 et
3385 963 3524 1002 cum

1879 1055 1951 1092 eo
1997 1037 2321 1093 invisibiles
2363 1039 2681 1095 luctatores
2751 1045 2930 1111 atque
2978 1039 3285 1109 adjutores
3339 1037 3528 1110 ipsius

1878 1124 2205 1193 dmmones,
2239 1126 2342 1196 qui
2356 1125 2530 1181 bonis
2557 1127 2773 1183 nostris
2799 1127 3084 1200 operibus
3103 1133 3285 1200 atque
3333 1125 3526 1181 consi-

1875 1213 1967 1268 liis
1987 1226 2276 1286 perpetuo
2306 1215 2594 1271 invident.

1947 1308 2037 1360 34.
2065 1304 2218 1368 Quid
2239 1319 2381 1373 ergo
2410 1303 2542 1360 fecit
2573 1311 2677 1361 aut
2703 1309 3014 1378 quomodo
3067 1322 3161 1362 res
3207 1305 3525 1376 disposuit,

1877 1398 2198 1464 postquam
2225 1393 2469 1459 audivit,
2497 1394 2797 1466 Quidquid
2821 1392 3128 1466 placuerit,
3181 1409 3313 1464 age,
3363 1409 3529 1448 exse-

1875 1496 2059 1552 quere
2083 1484 2111 1536 ἱ)
2136 1481 2346 1537 Fidelis
2371 1483 2467 1537 ille
2525 1489 2583 1538 et
2641 1483 2907 1554 prudens
2951 1483 3347 1555 dispensator,
3399 1483 3528 1553 jam

1875 1569 2014 1624 inde
2045 1570 2122 1626 ab
2152 1586 2224 1626 eo
2251 1578 2516 1643 tempore
2545 1588 2669 1643 quo
2700 1573 2792 1627 sui
2821 1572 2949 1644 ipse
2995 1573 3147 1642 juris
3185 1572 3380 1642 potuit
3433 1587 3528 1627 res

1877 1659 2149 1730 proprias
2177 1659 2477 1728 ordinare,
2505 1666 2648 1716 tunc
2707 1665 2910 1717 autem
2957 1661 3280 1731 adjuvante
3323 1661 3528 1731 ipsum

1877 1751 1997 1803 Deo
2029 1748 2261 1804 utiliora
2288 1750 2466 1804 etiam
2487 1750 2738 1808 consilia
2754 1752 3018 1823 capiens,
3045 1749 3364 1821 pecuniam
3397 1748 3528 1819 qui»

141 1819 437 1895 διὶνειμιν,
502 1823 692 1898 ἀγρούς
771 1822 830 1878 δέ
885 1832 975 1877 καί
1023 1833 1118 1884 τήν
1164 1834 1352 1885 κτῆσιν
1413 1827 1570 1884 ἄλλην
1657 1834 1750 1879 τοῖς

1876 1837 2016 1892 dem
2046 1853 2290 1893 omnem
2318 1837 2621 1894 distribuit
2670 1819 3061 1911 pauperibus,
3095 1853 3276 1907 agros
3307 1853 3444 1897 vero
3474 1840 3532 1894 et

135 1917 524 1985 προσήκουσιν
574 1912 959 1989 ἀπεκλήρωσεν·
1026 1914 1133 1967 ἐπεί
1199 1912 1258 1967 δέ
1317 1924 1484 1987 σοφῶς
1533 1918 1598 1967 τά
1648 1917 1763 1967 κατ’

417 1998 637 2064 διὲθετο,
711 2004 980 2061 εὶλωτιχὴν
1066 2003 1320 2061 ἀναϐολήν
1415 2007 1762 2079 περιθεμενος,

136 2094 292 2163 πρὸς
319 2095 418 2148 τήν
470 2090 667 2162 ἀγαθήν
722 2091 932 2166 άπαὶρει
985 2099 1216 2166 ποριὶαν,
1271 2099 1330 2145 τό
1383 2098 1473 2165 μέν
1526 2098 1764 2167 φαινόμε-

139 2197 234 2230 νον
289 2185 545 2253 πενιχρός
581 2186 711 2253 πρὸς
775 2178 834 2234 δέ
889 2188 982 2240 τήν
1024 2191 1113 2234 τοῦ
1152 2181 1387 2256 ἐριτὶμου
1436 2188 1763 2256 μαργαρὶτου

139 2000 318 2052 αὐτὸν

135 2266 416 2327 ἕζὼνησιν
494 2269 714 2322 πλοῦτον
783 2270 949 2345 βαρύν
1010 2277 1106 2329 τήν
1171 2271 1358 2346 άριτήν
1425 2271 1761 2344 ἐπαγόμενος.

140 2361 253 2407 Καὶ
281 2364 417 2427 γοῦν
465 2364 558 2415 τήν
614 2359 954 2431 Ἰερουσαλήμ
1010 2359 1410 2431 καταλαμϐάνει,
1469 2361 1550 2412 ἵνα
1600 2380 1654 2413 τε
1705 2367 1762 2413 τό

137 2449 420 2518 σωτὴριον
449 2445 743 2508 ἄξιτελὲσθη
798 2453 1107 2522 μυστήριον,
1166 2448 1377 2501 κάκεῖσε
1435 2458 1634 2510 σεπτῶς
1691 2460 1762 2521 τῷ

136 2540 264 2603 Θεῷ
327 2540 420 2585 καί
473 2539 705 2592 Δεσπὸτη
755 2541 851 2594 τήν
907 2540 1266 2611 προσκύνησιν
1315 2537 1758 2610 ἀφοσιωσάμενος,

145 2624 309 2694 παρά
355 2628 451 2679 τήν
494 2631 586 2675 τοῦ
674 2625 898 2696 μεγάλου
947 2625 1084 2677 Σάϐα
1135 2631 1296 2698 μονήν
1365 2629 1568 2686 ἄπεισι,
1622 2627 1762 2680 Σάϐα

135 2718 238 2760 τοῦ
277 2715 381 2767 τήν
405 2709 590 2782 ἀρετήν
612 2711 925 2786 περιϐοήτου
961 2720 1047 2765 καί
1088 2720 1181 2772 τήν
1237 2719 1370 2766 κατά
1423 2718 1552 2768 Θὶόν
1601 2718 1752 2768 πολι-

138 2804 292 2850 τεὶαν
334 2799 760 2872 περιθρυλλήτου,
793 2802 933 2854 Σάϐα
961 2811 1052 2855 τοῦ
1103 2803 1431 2879 λαμπρότητι
1489 2803 1612 2877 βὶου
1664 2811 1758 2864 την

141 2889 234 2959 ὑφ’
267 2889 417 2947 ἥλιον
447 2895 912 2961 καταυγάσαντος,-
930 2893 984 2944 ὃν
1013 2896 1149 2966 εἴπερ
1177 2914 1257 2954 τις
1286 2893 1346 2946 ἂν
1401 2900 1530 2966 pair:
1595 2901 1754 2949 τύπον

139 2984 236 3027 τοῦ
268 2975 563 3049 μοναδικόν
595 2979 716 3052 βιοῦ
749 2980 940 3034 ἀνωθεν
970 2990 1081 3043 τοῖς
1137 2986 1186 3034 ἐν
1254 2992 1322 3054 γῆ
1383 2988 1754 3057 καταπεμφθῆ-

141 3085 255 3132 ναι,
282 3067 340 3118 εὖ
371 3064 514 3138 οἶδα,
548 3078 641 3130 τῆς
698 3069 940 3131 ἁληθεὶας
1001 3071 1106 3142 οὐχ
1159 3071 1539 3146 ἁμαρτήσεται.
1603 3079 1752 3148 Παρά

1876 1924 2138 1996 reliquas
2193 1927 2608 1996 possessiones
2671 1929 2823 1983 inter
2873 1928 3248 1999 propinquos
3305 1926 3524 1981 divisit.

1877 2015 2021 2069 Cum
2043 2019 2244 2070 autem
2275 2017 2355 2070 sic
2381 2017 2586 2072 omnia
2602 2016 2924 2087 prudenter
2939 2015 3301 2080 ordinasset,
3351 2014 3526 2070 servi-

1875 2102 1992 2158 lem
2033 2103 2279 2160 indutus
2302 2104 2601 2169 habitum,
2630 2105 2687 2160 in
2729 2105 2952 2161 bonam
2993 2120 3122 2160 sese
3149 2104 3311 2158 viam
3338 2103 3523 2172 dedit,

1875 2197 2116 2246 externa
2136 2192 2381 2264 quidem
2407 2194 2603 2265 specie
2629 2208 2880 2265 pauper,
2934 2193 3038 2248 sed
3082 2192 3162 2248 ad
3199 2192 3525 2250 emendam

1875 2281 2197 2351 pretiosam
2224 2282 2614 2350 margaritam
2653 2282 2873 2338 multas
2905 2296 3074 2352 opes,
3106 2281 3380 2348 virtutem
3420 2280 3528 2335 sci-

1874 2367 2024 2435 licet,
2061 2385 2267 2424 secum
2299 2359 2574 2424 efferens.
2629 2369 2959 2438 Ingreditur
2995 2384 3138 2437 ergo
3197 2369 3524 2440 Hierosoly-

1875 2474 2058 2523 mam,
2087 2464 2147 2512 ut
2173 2459 2396 2514 ibidem
2439 2459 2646 2514 salutis
2669 2467 2885 2514 nostrae
2929 2459 3280 2530 mysterium
3332 2457 3519 2511 susci-

1874 2553 2074 2618 peret;
2105 2549 2344 2619 Deoque
2367 2547 2721 2609 acDomino
2744 2563 2854 2602 suo
2882 2551 3220 2604 reverenter
3275 2545 3522 2602 adorato

1871 2635 2293 2702 Sanctiﬁcatus,
2327 2637 2405 2692 ad
2436 2637 2642 2706 magni
2683 2637 2854 2693 Sabae
2885 2635 3318 2692 monasterium
3376 2633 3520 2690 abit.

1872 2723 2042 2780 Sabae
2071 2723 2321 2795 inquam
2365 2724 2542 2794 illius,
2614 2725 2829 2779 virtute
2863 2723 3232 2779 celeberrimi
3278 2727 3336 2778 et
3379 2738 3522 2778 con-

1867 2814 2198 2869 versatione
2229 2814 2691 2870 nominatissimi
2719 2830 2732 2867 :
2759 2813 2949 2883 Sabaa,
2990 2817 3176 2868 totam
3223 2828 3360 2883 quae.
3408 2809 3521 2866 sub

1867 2903 1990 2958 sole
2042 2911 2128 2958 est
2181 2910 2397 2960 terram
2457 2904 2589 2958 vitae
2643 2919 2764 2958 sum
2833 2901 3096 2958 claritate
3147 2900 3515 2972 illustrantis,

1863 3007 2051 3064 quam
2071 2992 2317 3063 quidem
2339 2993 2470 3062 ejus
2498 2993 2678 3047 vitam
2699 2991 2916 3062 aliquis
2969 2991 3181 3046 dixerit
3199 2991 3262 3045 in
3315 3004 3517 3045 exem-

1862 3081 2029 3152 plum
2051 3081 2400 3136 monasticae
2431 3080 2815 3152 professionis
2840 3079 2916 3134 de
2936 3079 3087 3134 οωιο
3108 3079 3360 3134 missam
3384 3093 3514 3133 esse

136 3162 272 3223 γοῦν
299 3161 399 3212 τήν
433 3156 628 3209 ἑκεὶνού
677 3166 849 3230 φοιτᾷ·
903 3159 1098 3232 λαύρας
1148 3163 1236 3220 τάς
1295 3167 1536 3223 τοιαύτας
1591 3167 1750 3235 μονάς

1864 3170 2210 3226 hominibus
2257 3186 2437 3240 super
2486 3175 2638 3225 terra
2677 3169 3212 3232 commorantibus,
3254 3182 3513 3239 cumque

139 3242 322 3294 καλεῖν
363 3244 610 3297 εἰώθασιν
637 3250 686 3298 οἱ
723 3247 922 3303 πολλοὶ.
955 3249 1047 3310 Ὠς
1071 3250 1159 3300 οὖν
1188 3251 1311 3324 παρ’
1339 3251 1470 3309 αὐτῆ
1525 3256 1743 3322 γὲνοιτο,

135 3336 232 3382 καί
263 3340 338 3402 τῷ
365 3342 464 3384 τῶν
493 3333 540 3385 ἓν
570 3335 702 3394 αὐτῆ
732 3343 1020 3410 προεστῶτι
1079 3338 1151 3397 εἰς
1189 3338 1308 3408 ὄψιν
1360 3339 1517 3406 ἔλθοι,
1577 3345 1746 3390 πισῶν

137 3425 243 3490 πρὸ
271 3429 376 3471 τῶν
403 3421 598 3475 ἐκείνου
630 3421 830 3489 ποδῶν,
856 3433 928 3495 τῷ
957 3429 1098 3498 παρά
1149 3436 1221 3497 τῷ
1281 3428 1575 3498 saw/73m
1633 3427 1745 3480 ἑαυο

139 3511 230 3558 τόν
262 3507 553 3563 ἀπολωλότι
605 3511 849 3586 προϐάτῳ
906 3516 1271 3589 προσεὶκαζεν,
1318 3514 1628 3588 άφαρπάσαι
1691 3535 1746 3568 τε

141 3603 236 3647 τοῦ
265 3607 455 3655 νοητοῦ
484 3597 847 3654 κατεδυσὼπει
883 3604 1057 3675 θηρὸς,
1091 3610 1182 3655 καί
1220 3613 1283 3662 τῆ
1347 3602 1460 3676 ὶδιᾳ
1522 3604 1744 3662 ἐνσηκά-

146 3703 241 3736 σαι
297 3684 511 3760 μάνδρᾳ
561 3692 695 3742 πάνυ
749 3691 977 3764 λιπαρῶς
1027 3695 1342 3759 καθικὲτευε,
1428 3691 1568 3765 μηδέ
1622 3697 1743 3756 τοῦς

144 3773 442 3846 ὀφθαλμούς
473 3777 543 3840 ιίς
580 3779 828 3853 οὐρανούς
877 3778 999 3854 ἆραι
1051 3781 1269 3853 τολμῶν,
1322 3785 1390 3843 ῶς
1447 3785 1472 3834 6
1526 3792 1596 3853 τῷ
1645 3791 1744 3835 Σω-

143 3871 267 3935 τῆρι
293 3865 659 3938 παραϐολικῶς
708 3867 1132 3931 ἐπεισκυκληθιίς
1187 3870 1424 3934 τελώνης,
1480 3876 1568 3922 καί
1614 3878 1744 3944 πρὸς

144 3958 416 4020 μετανοὶας
440 3951 784 4025 σχεδιασθιίς
843 3961 999 4018 ὅντως
1043 3960 1406 4032 ὑπογραμμὸν,
1452 3965 1542 4011 καί
1597 3959 1743 4034 ἀτρι-

140 4047 272 4101 ποῦς
303 4045 464 4094 τύπον
523 4043 918 4117 ἐξαγορεύσεως·
976 4052 1065 4098 καί
1123 4051 1289 4099 ταῦτά
1341 4051 1400 4119 γὶ
1455 4068 1554 4114 τις,
1611 4051 1636 4099 6
1691 4049 1742 4113 ἐξ

139 4126 348 4200 ὀνύχων
378 4130 586 4183 ἁπαλῶν
614 4135 842 4207 καθαρός
890 4140 979 4186 καί
1032 4134 1132 4187 άπὸ
1183 4140 1441 4207 γενὲσεως.
1501 4137 1569 4188 Ὦ
1617 4157 1742 4212 καρ-

139 4211 261 4278 ὃὶας
317 4222 795 4292 συντιτριμμὲνηςῐ
853 4224 892 4274 ὦ
923 4227 1208 4296 πνεύματος
1258 4231 1690 4298 τεταπεινωμὲνου
1723 4229 1735 4283 i

139 4305 400 4378 ῶψυιχῆς
447 4315 575 4362 Θεὸν
622 4312 852 4384 ὁρώσης,
905 4317 1026 4365 Θεὸν
1082 4315 1468 4387 φανταζομὲνης
1521 4315 1646 4370 ἀεὶὲ
1699 4317 1738 4368 ὢ

138 4393 327 4467 ψυχῆς
360 4402 451 4454 τήν
495 4397 793 4452 άνεὶκαστον
844 4408 978 4453 Θεοῦ
1020 4398 1178 4464 δόξαν
1226 4403 1587 4466 άναπολούσης
1645 4402 1738 4457 διά

138 4490 350 4550 παντὸς,
382 4492 472 4538 καί
496 4491 628 4558 μόνα
665 4491 729 4540 τά
781 4488 974 4542 ἐκείνου
1036 4487 1407 4562 διανοουμὲνης
1461 4489 1732 4564 διηνεκῶς,

1860 3259 1973 3314 hoc
1995 3259 2226 3327 dixerit,
2246 3258 2390 3313 nihil
2405 3264 2613 3330 praeter
2625 3257 2930 3313 veritatem
2948 3257 3162 3312 dixerit
3181 3264 3340 3312 certo
3363 3258 3508 3312 scio.

1862 3350 1927 3404 Ut
1945 3354 2144 3404 autem
2163 3348 2241 3402 ad
2256 3347 2411 3401 illius
2429 3347 2860 3403 monasterium
2873 3346 3098 3417 (lauras
3117 3346 3382 3418 plerique
3419 3361 3513 3402 so-

1856 3436 2328 3492 lentistiusmodi
2353 3436 2482 3492 loca
2501 3436 2838 3507 nominare)
2857 3443 3036 3508 atque
3055 3437 3508 3506 inconspectum

1857 3526 2092 3582 abbatis
2113 3525 2289 3591 venit,
2319 3526 2396 3580 ad
2410 3525 2538 3596 ejus
2557 3524 3106 3597 pedesprocidcns,
3125 3524 3357 3580 similen
3379 3540 3509 3581 sese

1855 3613 2123 3670 exhibuit
2159 3615 2317 3670 ovilli
2353 3615 2415 3668 in
2442 3613 2753 3683 evangelio
2786 3614 3052 3685 perditis,
3067 3613 3416 3686 supplicans
3447 3617 3511 3668 ut

1856 3701 2162 3774 spirituale
2189 3703 2412 3758 ostium
2439 3702 2890 3774 apprehendere
2910 3702 3021 3758 sibi
3045 3702 3264 3769 liceret,
3285 3709 3340 3757 et
3361 3703 3423 3758 in
3443 3702 3509 3757 il-

1855 3791 1968 3846 lius
2002 3791 2312 3862 proprium
2339 3791 2491 3845 ovile
2511 3791 2692 3862 recipi
2713 3809 2726 3856 ;
2750 3790 2984 3845 interim
3005 3806 3142 3845 vero
3169 3805 3279 3845 nec
3299 3789 3505 3845 oculos

1854 3881 2118 3936 audebat
2157 3880 2353 3936 levare
2384 3882 2444 3935 in
2475 3879 2712 3944 coelum,
2751 3879 2998 3935 sicutille
3030 3879 3091 3934 in
3123 3878 3427 3950 parabolis
3468 3895 3506 3935 8.

1857 3969 2159 4026 Salvatore
2178 3974 2547 4023 memoratus
2567 3969 2943 4040 publicanus,
2960 3967 3420 4040 propositusque
3439 3967 3502 4022 in

1853 4049 2194 4129 exemplum
2215 4058 2574 4128 pmnitentiae
2605 4063 2783 4128 atque
2811 4057 3055 4111 sincerae
3075 4055 3499 4126 confessionis;

1851 4148 2031 4219 idque
2052 4161 2190 4200 cum
2223 4161 2257 4200 a
2287 4146 2521 4210 teneris,
2554 4146 2636 4201 uti
2681 4146 2913 4210 dicitur,
2969 4141 3306 4215 unguiculis
3347 4145 3503 4217 ipsa-

1850 4251 1968 4308 que
1999 4235 2302 4290 nativitate
2348 4250 2536 4306 purus
2574 4235 2766 4290 fuerit.
2827 4236 2870 4290 Ο
2919 4249 3023 4290 cor
3069 4233 3422 4290 contritum!
3464 4251 3500 4292 ο

1851 4326 2123 4397 spiritum
2165 4324 2545 4380 humiliatum
2576 4325 2588 4379 l
2621 4341 2656 4380 ο
2681 4325 2946 4379 animam
2967 4327 3152 4379 Deum
3173 4324 3496 4393 videntem,

1854 4417 2036 4469 Deum
2070 4430 2306 4486 semper
2327 4413 2686 4481 cogitantem
2720 4413 2733 4468 ἓ
2767 4429 2804 4468 o
2834 4413 3101 4468 animam
3128 4412 3346 4468 divinae
3378 4415 3500 4484 glo-

1849 4503 1947 4557 riae
1980 4519 2217 4574 semper
2246 4502 2556 4567 intentam,
2590 4518 2779 4574 eaque
2802 4501 2930 4558 sola
2967 4506 3334 4574 spectantem
3361 4519 3498 4576 qum

139 4579 225 4624 καί
265 4573 472 4646 άμὲσως
505 4575 680 4648 άμὲσῳ
739 4581 819 4629 νοί
887 4584 1277 4651 συναπτομὲνης
1308 4590 1380 4651 τῷ
1438 4588 1624 4656 πρὼτῳ
1667 4594 1736 4655 νῷ

1869 4591 1985 4646 lluc
2011 4573 2374 4660 conducunt,
2409 4573 2712 4662 mentique
2749 4590 2832 4646 illi
2858 4573 3066 4662 primae
3096 4606 3168 4647 ac
3205 4573 3497 4648 mentium

138 4667 225 4714 καί
275 4671 367 4714 νῦν
415 4663 723 4737 ἐνσωμάτων
761 4671 851 4718 καί
913 4666 1204 4740 ἀσωμάτων
1261 4667 1615 4745 ὃημιουργῷῐ
1671 4672 1738 4724 Ὦ.

139 4748 320 4821 ψυχῆς
347 4751 395 4813 ἐς
452 4753 752 4811 τηλικοῦτον
811 4751 1118 4828 ὃιαρθεὶσης
1161 4757 1214 4820 ἐξ
1262 4763 1468 4832 ἀρετῆς,
1525 4767 1612 4812 καί
1667 4762 1736 4823 εἰς

137 4850 385 4892 τοσοῦτον
414 4842 815 4904 ὑποπιπτούσης
869 4845 926 4896 ἐκ
974 4851 1344 4915 ταπεινώσεως,
1402 4854 1491 4900 καί
1556 4853 1623 4911 ὡς
1678 4855 1735 4902 τό

139 4925 301 4996 μηδὲν
379 4929 564 4988 ἑαυτήν
645 4931 991 5006 άχρειούσης,
1072 4934 1487 5009 θριαμϐευούσης
1540 4956 1593 4988 τε
1645 4943 1735 4990 καί

141 5017 547 5081 στηλιτενούσης
628 5023 800 5096 ῶσπερ
881 5022 1271 5096 ἐξαμαρτοῦσαν
1374 5023 1638 5084 ἀνήκεστα
1717 5029 1728 5083 !

1847 4696 2270 4752 corporearum
2297 4696 2468 4752 aeque
2497 4696 2569 4735 ac
2601 4681 3092 4752 incorporearum
3139 4680 3341 4753 opiﬁci
3386 4680 3497 4736 im-

1850 4769 2162 4824 mediatius
2179 4769 2569 4826 inhaerentem
2591 4769 2602 4824 l
2624 4786 2659 4824 o
2683 4769 2950 4826 animam
2975 4775 3098 4826 tam
3127 4769 3365 4825 excelsa
3385 4769 3495 4824 vir-

1847 4862 1969 4912 tute
1982 4863 2544 4927 evectam,tam,tam
2560 4858 2857 4930 profunda
2881 4857 3216 4913 humilitate
3245 4855 3494 4928 depres-

1847 4951 2058 5017 sam,ut
2072 4963 2132 5001 se
2145 4947 2319 5018 quasi
2333 4947 2592 5002 inutilem
2607 4946 2683 5002 ad
2697 4947 2893 5002 omnia
2904 4947 3240 5002 existimans
3252 4945 3326 5000 de
3346 4945 3496 5016 seip-

1847 5051 1916 5089 sa
1931 5035 2322 5106 triumpharit,
2339 5052 2522 5107 seque
2538 5042 2599 5090 ut
2611 5035 3098 5106 gravissimorum
3115 5038 3494 5105 peccatorum

1841 5138 2006 5178 ream
2033 5123 2357 5180 traduxerit
2382 5125 2394 5178 !

198 5247 286 5303 λε’.
326 5249 465 5308 Πλήν
498 5251 624 5304 ἀλλά
654 5261 714 5312 τῆ
740 5262 831 5305 τοῦ
870 5255 1096 5326 μεγάλου
1129 5255 1268 5308 Σάϐα
1296 5265 1423 5328 μονῆ
1484 5259 1508 5308 6
1565 5262 1730 5330 μὲγας

1913 5268 2004 5319 35.
2038 5266 2189 5333 Ergo
2211 5264 2270 5319 in
2303 5264 2506 5334 magni
2538 5264 2708 5320 Saba:
2734 5263 2966 5319 lauram
2998 5279 3258 5334 magnus
3313 5267 3491 5321 Joan-

1842 5367 1947 5406 nes
1976 5357 2242 5423 receptus
2265 5358 2375 5419 est,
2407 5353 2584 5424 quasi
2604 5353 2708 5424 qui
2736 5352 2992 5408 necdum
3015 5352 3232 5408 multos
3269 5369 3492 5428 eosque

1839 5439 1898 5494 in
1923 5441 2132 5495 virtute
2158 5445 2507 5512 prmstantes
2535 5445 2895 5510 superasset.
2918 5441 3250 5497 Monasterii
3290 5447 3512 5498 autem-

1839 5529 2156 5599 praefectus
2215 5529 2615 5583 monchorum
2681 5529 3016 5602 praecipuos
3082 5533 3362 5587 accersit:
3421 5548 3491 5588 ac

1833 5618 2028 5689 primo
2048 5616 2292 5688 quidem
2316 5616 2388 5678 ei,
2415 5616 2519 5688 qui
2542 5621 2680 5670 ante
2705 5617 2856 5672 alios
2876 5621 3182 5689 ingressus
3237 5620 3494 5686 astabat,

1831 5721 2039 5780 curam
2065 5706 2324 5790 injungit
2343 5705 2572 5774 novitii,
2605 5720 2788 5776 quem
2839 5709 2892 5764 ei
2943 5709 3361 5780 monstrabat,
3414 5725 3487 5778 ge

136 5334 364 5400 Ἰωάννης
394 5342 794 5413 προσ-εἱληπται,
828 5345 852 5394 ὁ
885 5346 1006 5396 ὅσον
1043 5343 1248 5397 οὐδὲπω
1290 5352 1520 5418 συχνούς
1575 5351 1726 5422 ὑπερ-

134 5423 378 5480 ϐαλὲσθαι
430 5431 621 5502 μὶλλων
665 5438 755 5484 καί
808 5442 904 5484 τῶν
955 5435 1187 5506 μεγάλων
1245 5436 1317 5498 εἰς
1369 5436 1570 5509 ἀρετὴν.
1627 5445 1727 5492 Κοιί

133 5525 252 5584 γοῦν
275 5519 300 5568 ὁ
338 5527 411 5587 τῷ
441 5523 557 5572 τότε
579 5529 674 5582 τῆς
704 5531 862 5592 μονῆς
915 5532 1222 5595 προστατῶν
1275 5529 1398 5585 τούς
1462 5531 1724 5599 προῦχον-

133 5622 221 5668 τας
248 5615 348 5658 τῶν
373 5618 621 5680 μοναχῶν
669 5615 1076 5683 μεταπὶμπεταιο
1125 5617 1214 5664 καί
1265 5622 1449 5686 πρῶτα
1499 5621 1590 5688 μέν
1648 5625 1721 5687 τῷ

134 5701 223 5768 πρὸ
248 5705 349 5751 τῶν
376 5697 536 5749 ἄλλων
567 5704 656 5751 καί
683 5699 896 5752 εἰσιόντι
939 5705 1029 5752 καί
1087 5705 1265 5767 nam
1315 5708 1410 5761 τήν
1465 5711 1558 5757 τοῦ
1604 5711 1720 5764 νεὴο
