4032 6308
578 357 683 416 885

1773 351 2238 416 CONSTANTINI
2275 344 2754 407 ACROPOLITE.

3840 347 3926 404 856

574 483 855 542 rendam.
883 482 983 541 Ille
1011 497 1153 541 vero
1199 484 1492 557 tanquam
1554 482 1858 551 attonitus,
1912 484 1997 542 uti
2050 481 2205 540 vultu

2327 469 2488 536 λυδος
2552 471 2804 545 ἓφορείαν,
2881 467 3055 536 δεὶξας
3093 471 3268 539 αὐτόν,
3341 470 3641 536 ἀνατὶθησι.
3722 475 3835 529 Καὶ
3883 474 3924 536 ὃς

574 574 709 648 ipso
724 573 1124 642 monstrabat,
1141 571 1538 630 ministerium
1551 573 1669 631 hoc
1694 573 1994 632 recusavit
2034 573 2220 630 susei-

574 677 736 738 pere,
751 666 1073 736 postquam
1091 677 1156 718 se
1165 665 1262 718 utc
1271 677 1494 737 umque
1506 662 1858 736 collegisset,
1875 663 1991 721 hoc
2023 661 2221 720 solum

573 751 966 809 δηλωθετὶὺὶ
985 767 1170 821 nunc,
1192 751 1386 822 Pater,
1431 752 1640 810 videor
1666 753 2019 811 inobediens
2065 767 2216 824 esse,

571 840 718 900 nibil
750 845 889 914 tale,
917 841 1067 898 sicut
1095 842 1283 899 nostis
1303 857 1574 916 unquam
1597 859 1840 916 passus,
1868 859 1940 900 ex
1959 857 2084 916 quo
2123 856 2222 898 me

569 930 676 988 tibi
693 931 1026 1001 regendum
1046 933 1343 1000 commisi,
1367 932 1475 988 sed
1495 948 1691 1006 neque
1708 933 1854 990 alias
1867 931 2028 988 idem
2061 947 2220 990 com-

569 1021 866 1078 missurus
894 1037 906 1077 :
929 1036 1090 1078 nunc
1108 1025 1311 1079 autem
1326 1038 1578 1079 causam
1595 1021 1852 1093 intellige
1873 1025 1930 1078 et
1954 1022 2218 1095 ignosce,

569 1112 692 1180 Ego
711 1124 746 1166 a
760 1109 942 1180 longo
958 1110 1088 1181 jam
1104 1114 1376 1183 tempore
1397 1110 1535 1167 novi
1565 1110 2020 1168 celeberrimum
2057 1111 2219 1168 hunc

567 1198 764 1256 virum
813 1216 827 1256 :
876 1200 1006 1271 ejus
1063 1199 1226 1256 enim
1280 1198 1492 1256 laudes
1550 1200 1869 1258 manifesta
1951 1200 2220 1273 vulgavit

566 1288 748 1357 fama,
781 1293 1075 1363 tanquam
1108 1289 1389 1346 facundia
1417 1295 1475 1346 et
1497 1290 1616 1347 vita
1655 1290 1968 1348 clarissimi
1997 1309 2010 1347 :
2067 1307 2211 1365 qua-

564 1382 809 1452 propter
835 1395 1046 1436 vereor
1069 1379 1121 1451 ej
1133 1395 1204 1436 us
1229 1395 1439 1436 curam
1476 1381 1800 1453 suscipere,
1829 1382 1999 1437 Pater
2050 1396 2216 1438 reve-

563 1467 771 1537 rende,
800 1469 1096 1542 imparem
1143 1467 1337 1525 eidem
1396 1485 1492 1526 me
1535 1469 1841 1540 judicans.
1891 1469 1979 1526 Ad
2031 1469 2215 1527 alium

563 1556 781 1614 deinde
803 1573 868 1614 se
927 1557 1220 1615 convertit
1261 1557 1475 1626 abbas,
1535 1563 1590 1615 et
1633 1558 1729 1616 hic
1773 1558 2038 1616 similiter
2087 1576 2216 1618 sese

562 1651 840 1710 excusat:
895 1646 1157 1720 indeque
1190 1647 1270 1704 ad
1333 1648 1592 1716 tertium,
1614 1650 1717 1722 qui
1737 1665 1910 1723 aeque
1938 1653 2060 1707 toto
2079 1651 2216 1708 nisu

559 1735 789 1793 resilit:
823 1741 999 1810 prout
1045 1737 1226 1793 etiam
1271 1737 1370 1794 alii
1426 1737 1648 1812 aliique
1716 1739 2000 1812 fecerunt,
2059 1757 2214 1814 quos

2327 565 2558 636 καθάπερ
2619 564 2662 617 εἶ
2715 581 2795 624 τις
2844 561 3150 630 ἓκπληκτος,
3209 562 3280 628 ὡς
3348 557 3643 625 δεδήλωκεν
3713 559 3770 615 ἐκ
3850 571 3922 615 τοῦ

2333 658 2633 728 σχήματος,
2663 657 2757 710 τήν
2799 650 3126 726 λιιτουργὶαν
3171 653 3502 726 cium/optim,
3564 671 3721 707 τουτο
3786 656 3922 725 μόνον

2332 741 2507 812 εἰπών,
2553 740 2649 813 ὀμ
2699 759 2823 795 ποτε
2865 739 3147 814 ἀνειληφὼς
3201 740 3380 798 ἑαυτὸν
3432 739 3600 813 μόλις·
3659 745 3768 809 Σοί,
3825 744 3924 797 Πά-

2330 850 2439 904 τερ,
2465 838 2552 884 νῦν
2611 829 2831 894 ἀνήκοος
2887 829 3257 904 άναφαὶνομαι,
3307 829 3484 894 ὶξότου
3545 850 3626 886 τοι
3684 834 3779 886 καί
3833 834 3925 886 ἐνε-

2329 920 2549 996 χείρισα
2587 918 2830 993 ἂμαυτόν,
2861 924 3020 993 μήπω
3045 939 3124 992 γε,
3178 921 3246 982 ὡς
3301 919 3477 986 οἶσθα,
3533 923 3710 976 τουτοῐ
3747 939 3923 976 irritos.

2332 1011 2446 1080 θὼς,
2482 1009 2608 1062 άλλοὲ
2662 1005 2794 1083 μηδ’
2859 1009 2930 1072 εἷς
2957 1006 3105 1072 αὖθις
3125 1012 3226 1066 sies
3250 1011 3395 1067 nor-'8'
3428 1012 3487 1064 τὸ
3519 1006 3569 1066 δ’
3588 1013 3758 1064 αἴτιον
3783 1013 3922 1064 τοῡτό

2328 1117 2405 1170 γε,
2438 1098 2533 1152 οὐκ
2584 1098 2728 1164 ἄλλο,
2755 1102 2846 1151 καί
2879 1100 3171 1172 συγγνωθι.
3238 1097 3325 1152 Ἐκ
3375 1106 3580 1175 μακροῦ
3610 1103 3700 1152 τὸν
3765 1095 3927 1173 ἄνδρα

2326 1186 2633 1262 περιϐόητον
2663 1191 2880 1260 ἔγνωκα·
2915 1189 2944 1246 ἠ
2976 1189 3075 1262 γάρ
3134 1207 3226 1260 μοι
3285 1192 3428 1262 φήμη
3481 1190 3547 1241 τά
3597 1189 3716 1240 κατ’
3781 1189 3926 1243 αὐτόν

2329 1273 2682 1349 άκριϐὲστατα
2729 1272 3062 1350 διετράνωσε,
3131 1281 3220 1330 καί
3265 1276 3402 1350 λόγῳ
3433 1296 3490 1332 τε
3539 1281 3629 1331 καί
3680 1275 3791 1349 βὶῳ
3835 1287 3920 1330 τῶν

2325 1366 2776 1439 περιφανεστάτω
2797 1367 3144 1440 παρεστησεν,
3205 1363 3277 1438 ἐφ’
3421 1371 3512 1419 καί
3562 1362 3789 1422 δεδοικα
3838 1371 3923 1424 τήν

2327 1450 2660 1524 ἕπιστασὶοω,
2691 1455 2818 1529 ὑπέρ
2885 1453 2971 1527 ἐμέ
3017 1458 3223 1527 κρὶνων,
3269 1456 3436 1528 Πάτερ
3496 1457 3760 1510 θεσπεσιε.
3822 1455 3929 1509 Ἐπί

2324 1545 2412 1594 τόν
2449 1542 2559 1614 μετ’
2601 1546 2788 1597 ἐκεῖνον
2841 1546 3016 1618 τρὶπει
3071 1547 3159 1596 τόν
3201 1542 3371 1616 λόγον·
3423 1542 3660 1605 κάκεῑνος
3707 1553 3781 1615 τῷ
3836 1551 3929 1619 πρὸ

2325 1631 2485 1684 αὐτοῦ
2545 1628 2763 1705 συνᾲδει
2805 1637 2898 1692 τήν
2943 1630 3315 1708 ἀπαγόρευσιν.
3394 1633 3506 1689 Ἐπί
3578 1637 3665 1687 τόν
3739 1634 3929 1707 ἕτερον,

2323 1726 2415 1780 xui
2445 1717 2560 1775 οὐδ’
2589 1719 2736 1783 οὗτος
2777 1724 3093 1776 συντιθεται·
3156 1721 3242 1776 ἐπί
3292 1727 3378 1778 τόν
3436 1723 3544 1796 μετ’
3605 1722 3789 1793 αὐτὸν,
3849 1730 3932 1776 καί

558 1825 755 1882 abbas
774 1808 1136 1900 appellabat.
1167 1843 1338 1901 seque
1355 1843 1458 1884 eos
1485 1808 1796 1885 inveniens
1823 1808 2205 1902 imparatissi-

2323 1809 2422 1882 ὅλῳ
2449 1809 2678 1872 κάκεῖνος
2698 1813 2969 1887 ὑποχωρεί
3015 1818 3086 1882 τῷ
3125 1808 3274 1867 ποδὶ·
3357 1812 3436 1866 ἐπ’
3485 1811 3634 1865 ἄλλον
3687 1821 3779 1866 οῦν
3831 1814 3932 1886 μετ’

558 1914 707 1972 biles
743 1931 815 1972 ex
848 1915 1166 1973 formidine
1195 1921 1548 1990 prmnotata.
1578 1917 1651 1975 Ut
1681 1919 1840 1975 enim
1891 1919 2078 1978 verbo
2109 1920 2212 1977 ab-

556 2003 810 2075 solvam,
841 2019 1054 2062 omnes
1086 2005 1167 2061 illi
1195 2006 1568 2064 venerabiles
1612 2024 1803 2074 senes,
1847 2007 1981 2066 licet
2010 2025 2046 2066 a
2076 2009 2209 2086 plu-

554 2093 722 2150 rimis
753 2095 926 2151 annis
956 2095 1354 2152 monasticam
1411 2096 1593 2153 vitam
1643 2098 1920 2171 professi,
1958 2099 2209 2173 ejusque

553 2183 752 2241 officia
775 2184 980 2241 omnia
999 2189 1312 2258 perspecta
1339 2185 1652 2251 habentes,
1695 2187 1755 2243 in
1806 2187 1921 2244 hoc
1971 2189 2212 2262 conspi-

552 2272 771 2330 rabant
799 2277 865 2331 ut
893 2273 1307 2346 magisterium
1356 2274 1469 2332 sibi
1516 2277 1894 2350 propositum
1949 2277 2210 2336 declina-

553 2365 706 2420 rent.

625 2539 714 2596 36.
749 2542 886 2596 Post
929 2555 1142 2597 omnes
1181 2541 1438 2616 denique
1488 2544 1580 2600 vir
1641 2543 1737 2603 ille
1779 2545 2038 2616 divinus,
2088 2554 2212 2608 tan-

554 2643 745 2703 quam
792 2629 936 2686 istos
976 2629 1337 2702 despiciens,
1414 2634 1723 2691 accersivit
1780 2634 1987 2709 alium,
2039 2644 2210 2697 aetate

554 2718 1010 2794 provectiorem,
1040 2719 1312 2777 fortassis
1333 2723 1391 2780 et
1408 2722 1638 2795 virtute,
1673 2723 2048 2800 simplicitate
2068 2745 2211 2786 vero

557 2822 799 2865 morum
828 2807 1500 2882 Abrahamiumsenem,
1520 2813 1778 2871 multum
1795 2816 1975 2874 etiam
2006 2819 2213 2876 Jacobi

555 2898 970 2974 praeferentem
1001 2898 1336 2958 sinceritate
1357 2917 1486 2969 sua,
1521 2919 1779 2978 vereque
1810 2907 2038 2980 antiqui
2086 2883 2211 2966 mo:

554 2989 639 3047 ris
666 2988 996 3046 hominem.
1022 2989 1164 3046 Huic
1183 2989 1612 3050 institutionem
1640 2997 1883 3052 Joannis
1904 3013 2212 3056 commen-

559 3079 682 3146 dat,
715 3079 854 3135 huic
885 3079 1154 3152 praseipit
1172 3079 1372 3153 ipsum
1402 3081 1698 3141 deducere
1725 3101 1832 3157 per
1884 3088 2044 3144 viam
2105 3091 2212 3145 Na-

2322 1897 2473 1952 ἄλλον
2530 1899 2823 1976 ἱστρὶφετο,
2894 1903 2985 1952 καί
3063 1902 3251 1974 ὁμοὶως
3310 1905 3406 1960 τήν
3467 1899 3521 1957 εκ
3573 1909 3671 1964 τῆς
3732 1898 3935 1963 Julia;

2323 1985 2584 2042 άπεὶθειαν
2645 1991 3039 2062 περιετὺγχανε·
3092 1989 3352 2045 συνελόντι
3405 1991 3505 2063 γάρ
3561 1991 3744 2062 φάναι,
3815 1992 3935 2063 ὁμο-

2319 2081 2748 2149 γνωμονὴσαντες
2777 2079 2908 2151 ὁμοῦ
2957 2081 3145 2142 πάντες
3208 2081 3258 2131 οἱ
3298 2079 3546 2152 γηραλεοι
3599 2079 3794 2136 ἐκεῖνοι
3852 2101 3936 2133 και

2323 2165 2604 2239 σεϐάσμιοι
2627 2168 2910 2242 ἄνθρωποι,
2928 2172 3019 2221 καί
3077 2187 3164 2222 τον
3229 2165 3434 2242 μονάδα
3495 2167 3612 2241 βὶον
3668 2171 3935 2242 ἀνηρπμε-

2319 2274 2397 2308 νοι
2427 2253 2480 2319 ἐξ
2505 2256 2636 2327 ἄγαν
2697 2264 2911 2332 μακρῶν
2967 2265 3067 2310 τῶν
3116 2255 3378 2323 ἰνιαυτῶν,
3423 2261 3518 2316 τὴν
3572 2277 3627 2311 τε
3689 2258 3935 2312 πολιτὶαν

2319 2343 2682 2420 ὐπερηρμὶνοι,
2734 2350 2824 2398 καί
2877 2344 3109 2418 άκριϐεἰς
3163 2353 3256 2408 τῆς
3335 2354 3636 2419 μοναχικῆς
3715 2346 3934 2407 Emori;-

2319 2452 2488 2506 μονες,
2517 2437 2612 2492 τήν
2646 2443 2743 2497 τῆς
2785 2453 3112 2508 προστασιας
3163 2440 3488 2510 παραὶτησιν
3541 2439 3931 2509 ὡμοφὼνησαν.

2390 2520 2472 2584 λς’
2537 2523 2950 2578 Μεταστελλεται
3029 2523 3141 2597 μετ’
3211 2524 3400 2586 αὐτοὺς
3455 2526 3482 2580 ὁ
3547 2526 3686 2588 θεῖος
3747 2525 3935 2587 ἐκεῖνος

2321 2609 2474 2686 άνήρ,
2505 2613 2703 2674 πάντας
2760 2615 2935 2686 ὥσπερ
2990 2611 3213 2676 ἕκεὶνους
3270 2610 3539 2690 περιιδὼν,
3611 2616 3786 2690 ἓτερον

2320 2700 2526 2760 ἠλικὶαν
2555 2705 2872 2774 προήκοντα,
2911 2703 3061 2775 τάχα
3098 2699 3160 2756 δέ
3216 2707 3307 2756 καί
3367 2707 3458 2762 τήν
3526 2701 3715 2777 ἀρετήν
3769 2706 3934 2778 ὑπερ-

2321 2788 2580 2856 ϐαίνοντα,
2641 2798 2702 2851 τῆ
2767 2786 2827 2844 δέ
2872 2798 2965 2844 τοῦ
3023 2793 3184 2854 ἤθους
3225 2791 3480 2851 ἁπλότητι
3583 2792 3938 2867 Ἀϐραμιαῐον

2320 2879 2562 2952 ἄντικρυς
2607 2882 2844 2956 γεροντα,
2904 2879 3034 2933 πολύ
3081 2883 3214 2934 κατά
3267 2886 3352 2934 τόν
3413 2880 3599 2936 Ἰακώϐ
3655 2882 3940 2955 αὐχοῦντα

2321 2970 2380 3020 τό
2431 2967 2715 3033 ἄπλαστον,
2795 2973 2885 3020 καί
2978 2967 3204 3044 άρχαῖον
3261 2972 3331 3031 ὡς
3378 2969 3583 3031 άληθῶς
3634 2971 3938 3047 ἄνθρωπον.

2319 3059 2498 3128 Τοὺτῳ
2545 3061 2640 3116 τήν
2688 3059 2966 3131 ἠγεμονιαν
3021 3058 3284 3132 ἐπιτρεπει
3334 3064 3503 3132 τούτῳ
3559 3064 3654 3118 τήν
3703 3056 3938 3133 οδηγιιιν

670 3136 681 3146 ι
885 3136 903 3152 .
1072 3136 1085 3152 .
1197 3136 1216 3153 .
1315 3136 1821 3157 νκκκνη---ητν-
1901 3136 2044 3144 .-__
2105 3136 2190 3145 ..-

559 3183 788 3225 zarenas
836 3169 1170 3225 secundum
1241 3173 1427 3227 Deum
1496 3174 1995 3235 conversationis.
2063 3179 2205 3235 Cum

2321 3154 2417 3206 τῆς
2461 3149 2810 3221 Ναζωραίκῆς
2856 3151 2945 3200 καί
2996 3150 3132 3201 κατά
3162 3136 3310 3201 ’Θεὸν
3362 3148 3624 3212 πολιτεὶας
3674 3148 3936 3206 άνατιθιί.

561 3273 704 3328 ergo
729 3257 824 3314 ille
875 3261 1166 3315 Joannem
1217 3275 1513 3332 perquam
1555 3261 1806 3319 libenter
1860 3266 2207 3340 accepisset,

564 3363 747 3403 manu
767 3349 1128 3419 prehensum
1149 3347 1209 3403 in
1236 3365 1408 3404 suam
1423 3350 1726 3407 deducens
1746 3353 2039 3421 cellulam,
2083 3358 2210 3430 ipse

564 3437 809 3509 quidem
833 3436 1240 3492 revertebatur
1255 3437 1526 3506 gaudens
1547 3440 1701 3496 velut
1727 3443 1955 3512 grande
1977 3445 2209 3503 lucrum

564 3524 838 3597 adeptus,
870 3524 1134 3580 Joannes
1177 3526 1614 3584 veroineﬁ‘abili
1637 3530 1893 3604 repletus
1937 3539 2063 3591 erat
2117 3535 2211 3592 las-

562 3614 692 3670 titia
720 3629 791 3670 ac
811 3615 858 3669 si
888 3614 1087 3686 ipsum
1107 3615 1462 3687 paradisum
1488 3615 1914 3688 ingrederetur.
1966 3625 2110 3679 Nam
2157 3629 2212 3680 et

562 3702 701 3759 huic
729 3703 906 3760 beato
936 3703 1196 3760 dabatur
1231 3710 1597 3778 praeceptum
1633 3724 1645 3762 :
1692 3709 1795 3764 sed
1843 3719 2210 3786 praeceptum

561 3792 1042 3867 haudquaquam
1074 3810 1143 3850 ex
1171 3793 1514 3860 levioribus,
1542 3797 1719 3868 quale
1739 3798 2087 3871 imperfecto
2110 3803 2211 3858 ali-

562 3883 652 3940 cui
685 3888 1136 3958 proponeretur.
1169 3883 1473 3957 Siquidem
1512 3887 1843 3945 mandabat
1889 3906 2068 3948 senex
2115 3909 2214 3949 vo-

557 3971 769 4029 luntati
817 3989 1074 4046 propriae
1119 3974 1370 4029 omnino
1435 3974 1581 4030 nihil
1629 3976 1958 4050 indulgere,
2016 3996 2212 4056 neque

557 4061 752 4119 facere
773 4063 1086 4136 quidpiam
1124 4079 1245 4136 quo
1282 4080 1389 4136 per
1419 4079 1482 4120 se
1506 4064 1908 4124 inclinabatur
1937 4088 1949 4136 ;
1981 4071 2087 4128 sed
2140 4088 2212 4130 ea

559 4152 757 4207 solum
788 4168 923 4224 qum
953 4152 1391 4225 imperarentur
1429 4159 1645 4210 conatu
1694 4157 1860 4212 omni
1907 4159 1984 4214 ad
2024 4160 2210 4218 ﬁnem

556 4241 1572 4314 perducereperfeclequeimplere:
1608 4244 1793 4300 Deum
1826 4247 2067 4305 assidue
2105 4250 2209 4308 ha-

554 4330 696 4386 bere
715 4345 836 4402 prae
859 4330 1068 4398 oculis,
1120 4336 1175 4386 et
1219 4347 1357 4386 cum
1406 4347 1476 4387 eo
1524 4334 1746 4389 versari
1805 4338 2088 4394 continuo
2136 4357 2206 4397 ac

553 4433 665 4490 pro
689 4417 919 4473 delictis
947 4418 1273 4490 deprecari,
1311 4418 1521 4476 crebro
1568 4437 1765 4490 genua
1803 4422 2095 4483 flectendo
2149 4436 2204 4486 et

552 4507 849 4562 ferventes
875 4505 1175 4579 lacrymas
1193 4507 1580 4564 effundendo.
1615 4511 1764 4566 Nihil
1787 4513 1967 4583 enim,
1991 4514 2090 4582 ﬁli,
2118 4519 2202 4575 in-

548 4594 818 4669 quiebat,
851 4595 933 4651 sic
953 4601 1265 4668 acceptum
1287 4596 1468 4654 habet
1509 4603 1611 4656 aut
1666 4600 1850 4673 pluris
1903 4602 2042 4662 facit
2083 4609 2199 4663 llo-

546 4683 750 4742 minus
769 4701 955 4758 quam
985 4685 1257 4758 spiritum
1287 4685 1668 4745 humiliatum
1715 4695 1772 4746 et
1831 4708 1935 4749 cor
1986 4697 2198 4752 contri-

544 4778 695 4834 tum.
725 4780 915 4849 Atque
935 4776 1065 4832 haec
1090 4776 1338 4849 quidem
1359 4777 1495 4848 ipso
1521 4778 1579 4835 in
1602 4777 1804 4837 limine
1841 4784 2194 4857 prtecipiens

541 4880 613 4922 ac
642 4865 820 4922 veluti
856 4865 1317 4922 fundamentum
1356 4866 1606 4938 jaciens,
1638 4871 1991 4929 ostendebat
2014 4876 2190 4946 quasi

538 4955 873 5028 primordia
892 4954 1174 5028 quaedam
1203 4974 1214 5014 :
1239 4973 1374 5030 quae
1397 4964 1597 5014 autem
1612 4961 1686 5016 ad
1709 4961 1978 5018 animam
2001 4969 2188 5020 trans-

537 5042 917 5101 formandam
949 5044 1008 5100 in
1041 5044 1252 5101 melius
1311 5051 1490 5118 atque
1542 5048 1858 5122 perfectius
1902 5058 2184 5125 coaptan-

533 5131 678 5188 dam
700 5132 945 5202 faciunt,
980 5149 1088 5189 nec
1118 5134 1330 5191 nonad
1362 5137 1763 5208 potentiarum
1783 5141 1912 5210 ejus
1939 5157 2186 5214 perpur-

533 5221 1363 5298 gationemevectionemque,
1383 5241 1521 5298 quae
1543 5225 1790 5284 demum
1814 5229 2004 5284 oratio
2047 5245 2183 5302 pos-

530 5309 604 5364 sit
631 5309 812 5380 digne
832 5313 1125 5384 exsequi?
1157 5314 1362 5385 Incipit
1388 5320 1586 5371 autem
1617 5332 1652 5373 a
1674 5318 1986 5387 cognitivis
2003 5319 2182 5377 facul-

525 5396 770 5468 tatibus,
803 5403 867 5455 ut
897 5401 1256 5472 appetilivas
1288 5405 1468 5460 etiam
1506 5405 1919 5478 animalesque
1965 5414 2176 5480 poten-

594 5521 706 5603 (_16)
759 5522 900 5603 Quae
957 5538 1099 5603 pars
1161 5526 1329 5603 tertia
1377 5527 1641 5603 hominis
1680 5529 1708 5584 ‘?
1757 5532 2007 5603 Corpus,
2062 5532 2176 5589 nisi

515 5591 1603 5684 {eisneiilréaérsctwsquisque
1659 5591 1887 5657 sensus‘
1925 5591 2171 5684 eam.

515 5662 769 5793 sutijecti
799 5662 1192 5794 ap'ﬁetituiac
1220 5662 1532 5741 volu'ntati',
1556 5687 1745 5754 quam
1781 5674 2051 5755 concipio
2070 5662 2170 5756 .ve,

511 5733 574 5791 lu
620 5735 870 5793 alterum
927 5751 1146 5794 ominis
1160 5737 1412 5813 partem,
1435 5740 1686 5800 sitamin
1707 5751 1912 5803 anima
1931 5750 2174 5819 partim-

2323 3238 2425 3288 Καί
2454 3233 2504 3296 ὃς
2529 3235 2758 3306 εὐθύμως
2800 3235 2933 3307 ἄγαν
2967 3245 3058 3298 τῆς
3113 3240 3292 3312 χειρός
3344 3241 3430 3290 τόν
3475 3238 3721 3296 Ἰωάννην
3782 3240 3940 3293 λαϐὸ-

2321 3328 2486 3396 μενός,
2525 3323 2705 3377 ἄπεισι
2748 3327 2878 3398 πῖρά
2931 3329 3017 3378 τόν
3074 3325 3310 3379 οἰκὶσκον
3359 3331 3448 3399 τὸν.
3513 3324 3668 3380 ἴδιον·
3725 3331 3755 3381 ὁ
3850 3335 3938 3401 μέν

2319 3413 2458 3464 καθά
2513 3431 2646 3472 τινος
2729 3413 2944 3487 ἐρμαὶου
2996 3432 3199 3485 τυχων,
3250 3415 3643 3487 ἐπαναστρεψας
3696 3437 3938 3490 περιχα-

2321 3505 2383 3573 P’3
2398 3521 2436 3566 ς»
2479 3503 2504 3552 ὁ
2537 3497 2586 3553 δ’
2622 3502 2795 3573 ὥσπερ
2825 3501 3004 3555 ἑαυτὸν
3035 3509 3122 3554 τόν
3165 3501 3486 3578 παράδεισον
3547 3505 3750 3574 εἰσιών,
3813 3505 3941 3565 ἡδο.

2320 3598 2407 3650 νῆς
2451 3589 2677 3664 άῤῥὴτου
2730 3590 3001 3653 πλησθεὶς.
3059 3597 3159 3646 Καί
3200 3589 3265 3651 δή
3297 3601 3369 3664 τῷ
3412 3599 3655 3667 μακαρὶῳ
3712 3593 3940 3650 ὃίὄοταε

2322 3678 2518 3740 ἐντολή,
2552 3684 2640 3731 καί
2665 3681 2694 3738 ἡ
2731 3679 2902 3740 ἐντολὸ
2933 3681 3038 3753 οὐχ
3065 3685 3133 3743 ὡς
3183 3688 3313 3755 πρός
3361 3682 3510 3743 άτελῆ
3567 3693 3661 3736 τῶν
3716 3684 3942 3760 ἐλαφρο-

2319 3771 2474 3843 τξρων
2515 3788 2594 3830 τις
2645 3769 2727 3826 ἦν.
2777 3769 3141 3842 Ἐπισκὴπτει,
3190 3775 3292 3847 γάρ
3343 3775 3370 3825 ὸ
3419 3777 3582 3847 γερων
3638 3781 3716 3844 τῷ
3820 3774 3942 3847 ίδὶω

2322 3853 2567 3929 μηδὸλως
2598 3860 2828 3930 στὲργειν
2895 3857 3215 3932 βουλήματι,
3270 3858 3400 3933 μηδ’
3461 3861 3673 3915 ἐκτελεῖν
3738 3883 3797 3916 τι
3862 3885 3942 3918 το-

2320 3949 2563 4020 παράπαν
2611 3946 2951 4001 αὐθὲκαστονι
3023 3949 3128 4002 ἀλλ’
3203 3952 3361 4024 ὅσπερ
3452 3953 3512 4003 οἶν
3591 3961 3937 4025 προσταγξὶτ

2320 4038 2494 4106 μόνον,
2526 4039 2615 4088 καί
2644 4043 2797 4089 τοῦτο
2831 4037 2988 4108 ἰσχύς
3019 4039 3118 4097 ὅση
3151 4043 3334 4114 πὲρατι
3365 4037 3577 4093 διδόναι
3622 4046 3716 4093 καί
3772 4045 3942 4103 καλῶς

2320 4122 2625 4197 ἓκπληρουν,
2687 4123 2764 4177 ἀεὶ
2830 4145 2885 4178 τε
2928 4131 3016 4178 τόν
3066 4132 3193 4180 Θεὸν
3251 4131 3390 4200 ἔχειν
3452 4135 3552 4202 πρὸ
3619 4130 3942 4204 ὀφθαλμῶν,

2317 4217 2408 4264 καί
2439 4220 2551 4284 Θεῷ
2585 4209 2836 4276 διηνεκῶς
2859 4213 3211 4287 ἐντυγχάνειν,
3244 4223 3334 4269 καί
3380 4220 3505 4290 ὑπέρ
3561 4225 3658 4270 τῶν
3716 4221 3942 4292 ἀμπλα-

2316 4303 2562 4364 κημάτων
2611 4300 2917 4377 ἐκλιπαρεῐν,
2981 4307 3156 4376 συχνοί
3253 4315 3630 4378 γονυπετουντα
3680 4314 3786 4361 καί
3849 4308 3945 4363 δά-

2315 4408 2450 4461 κρυα
2475 4392 2634 4462 θερμά
2686 4394 3034 4463 καταχὲοντα.
3087 4390 3254 4447 Οὐδέν
3305 4398 3429 4470 γάρ,
3463 4399 3669 4468 ἔφασκε,
3724 4401 3940 4464 τὶκνον,

2313 4477 2448 4530 οὕτω
2503 4485 2800 4553 προσὶεται,
2885 4487 2974 4533 καί
3055 4488 3173 4556 περί
3249 4484 3476 4547 πλεὶονος
3555 4488 3787 4554 τὶθεται,
3869 4494 3940 4550 ὡς

2310 4575 2513 4640 πνεῦμα
2551 4573 2981 4641 τεταπεινωμὲνον
3044 4577 3133 4623 καί
3199 4569 3422 4645 καρδίαν
3478 4581 3941 4649 συντετριμμὲνπν

2310 4656 2335 4706 ὁ
2366 4660 2572 4728 Κύριος.
2602 4662 2702 4710 Καί
2719 4667 2885 4710 ταῦτα
2910 4663 3000 4730 μέν
3031 4658 3084 4722 ἐξ
3129 4660 3293 4721 αὐτῆς
3349 4663 3601 4725 ὑπετὶϐει,
3660 4669 3760 4715 καί
3817 4669 3940 4718 οἷον

2307 4763 2358 4796 τι
2389 4744 2585 4820 βάθρον
2631 4745 2897 4815 ὑπεϐαλεν,
2953 4752 2983 4807 ἦ
3035 4754 3125 4801 καί
3171 4769 3286 4802 τινα
3350 4751 3617 4826 προτὲλεια
3671 4752 3942 4825 παρεόεὶ-

2306 4832 2530 4885 κνυενοᾶ
2585 4830 2646 4886 δέ
2694 4842 2989 4907 μεταποιεῖν
3044 4842 3343 4911 κρειττόνως
3390 4835 3503 4892 οἶδε
3556 4840 3772 4912 ψυχήν,
3835 4851 3940 4897 καί

2302 4925 2430 4993 πρὸς
2478 4921 2778 4996 τελεωτὲραν
2869 4924 3218 4997 συμϐάλλεται
3303 4928 3738 5003 μεταρῤὺθμισιν,
3824 4943 3938 4986 τῶν

2302 5008 2461 5070 αὐτῆς
2512 5030 2566 5064 τε
2632 5007 2899 5085 δυνάμεων
2953 5016 3209 5090 κάθαρσιν
3257 5021 3346 5068 καί
3389 5016 3660 5086 ἀνάϐασιν,
3711 5025 3806 5082 τὶς
3867 5025 3938 5075 ἂν

2296 5107 2642 5170 παραστῆσαι
2673 5099 2824 5171 λόγος
2847 5099 3068 5164 ἐξὶκοιτο
3097 5121 3110 5170 ;
3143 5105 3269 5156 Ἀπὸ
3327 5110 3414 5177 μέν
3473 5108 3575 5177 γάρ
3628 5113 3724 5157 τῶν
3779 5129 3938 5179 γνωο

3820 5207 3934 5253 καί

2294 5273 2538 5342 ζωτικάς,
2588 5282 2678 5329 καί
2724 5281 2818 5330 σύν
2871 5278 3087 5343 ταύταις
3144 5283 3238 5343 τας
3302 5283 3386 5334 ὑπ’
3443 5283 3600 5344 αὐτάς
3662 5285 3764 5346 τάς
3815 5297 3934 5354 τῆς

2292 5367 2477 5438 τρὶτης
2531 5364 2663 5437 λὶγω
2725 5372 2910 5441 μοὶρας
2958 5373 3050 5421 καί
3126 5375 3364 5444 χεὶρονος
3436 5373 3572 5441 (16),
3648 5379 3925 5444 μετοιθεὶη

2296 5193 2484 5238 σηκῶν
2514 5187 2762 5259 ἄρχεται,
2794 5192 2863 5250 ὡς
2892 5191 2952 5241 οἶν
2994 5187 3059 5250 δή
3113 5198 3202 5244 καί
3245 5196 3334 5254 τάς
3381 5194 3645 5269 ὁρεκτικάς
3699 5213 3757 5247 τε

2285 5503 2509 5575 partim
2531 5505 2596 5562 in
2626 5522 2878 5580 corpore
2909 5525 2923 5564 :
2954 5509 3048 5566 cui
3073 5509 3331 5586 denique
3392 5517 3680 5586 superstet
3741 5518 3920 5575 ratio

2283 5591 2405 5650 sive
2417 5594 2768 5662 intellectus,
2783 5601 2945 5654 totus
2958 5599 3304 5672 spiritualis,
3317 5617 3510 5675 eoque
3521 5618 3662 5675 pars
3693 5604 3913 5674 prima

2282 5685 2342 5741 et
2367 5681 2729 5756 dignissima
2748 5685 3033 5746 hominis:
