4032 6308
119 375 238 433 857

1346 381 1417 443 IN
1448 380 1508 442 ε.
1541 381 1744 442 JOAN.
1781 382 2287 462 DAMASCENUM.

3386 389 3494 444 858

114 503 256 576 πρὸς
316 501 377 556 τὸ
441 505 694 577 κρεῖττον,
735 505 824 558 καὶ
889 501 1172 578 μεταϐάλοι
1241 506 1374 582 πρὸς
1427 509 1486 562 τὸ
1547 508 1731 567 θειότε-

1845 511 1972 580 tias,
2003 524 2262 584 quaeque
2299 507 2392 568 his
2445 506 2722 582 subjectae
2776 510 2917 566 sunt
2969 511 3358 584 spectantque
3415 509 3496 568 ad

112 610 238 666 ρον.

190 769 296 833 λζ.
331 769 484 824 Ἀλλά
506 774 578 845 μή
616 773 862 846 θαυμάσῃ
893 793 972 837 τις
1031 775 1170 842 ὃπως
1224 774 1328 851 ἆρα
1388 780 1478 834 καὶ
1510 774 1732 832 έπαιδα-

108 865 289 932 γώγει
317 864 404 914 τὸν
426 859 632 932 τελειον,
665 867 754 915 καὶ
783 865 869 915 τὸν
904 864 1062 939 ἄκρον
1125 865 1458 938 κατήραξεν
1528 866 1571 920 εί
1629 867 1731 942 ’γὰρ

109 953 206 1004 καὶ
255 955 418 1022 μέγας
448 949 660 1005 αὐτόθεν
699 953 726 1005 ὁ
778 953 1018 1015 Ἰωάννης
1074 952 1356 1028 ἐτύγχανεν
1421 960 1509 1022 ῶν,
1577 961 1735 1030 σοφίᾳ

108 1043 538 1113 πεπυκνωμένος,
594 1046 683 1094 καὶ
741 1039 894 1115 ἀρετῇ
971 1062 1379 1118 κεκοσμημενος,
1439 1050 1528 1100 καὶ
1602 1045 1736 1117 ὑψη-

104 1127 198 1190 λὸς
238 1126 429 1201 ἀμφοῖν
457 1135 546 1184 καὶ
579 1132 868 1193 θεσπέσιος·
901 1130 1007 1184 ἀλλ’
1045 1135 1160 1186 ἔστι
1208 1153 1288 1195 τις
1349 1139 1438 1187 καὶ
1496 1131 1734 1197 ἐπίδοσις

105 1225 209 1273 τοῦ
247 1217 429 1286 καλοῦ,
469 1224 559 1272 καὶ
613 1226 705 1273 τοῦ
758 1220 950 1275 τελείου
1011 1225 1204 1294 πέφυκε
1268 1222 1583 1299 τελεώτερον,
1643 1230 1733 1280 καὶ

105 1314 209 1360 τοῦ
258 1303 528 1380 διασήμου
557 1313 1002 1385 περιφανέστερον.
1059 1311 1168 1363 Οὐκ
1236 1310 1449 1375 ἀπεικὸς
1516 1309 1576 1366 δὲ
1641 1317 1732 1366 καὶ

107 1399 202 1451 τὸν
239 1395 486 1450 ἀπλοῐκὸν
515 1402 753 1472 γέροντα,
784 1408 884 1452 τῶν
913 1403 1014 1473 πρὸ
1050 1408 1144 1454 τοῦ
1209 1406 1279 1472 μη
1352 1405 1588 1471 συνεντα,
1664 1405 1732 1464 ὡς

105 1490 182 1560 μὴ
222 1484 653 1562 ἀκριϐωσάμενόν
683 1509 794 1551 πως
830 1493 859 1548 ἤ
903 1494 992 1542 καὶ
1054 1489 1308 1552 παντελῶς
1369 1490 1729 1562 ἀλογήσανπα,

108 1577 178 1637 ὡς
215 1584 325 1628 τῶν
363 1595 480 1629 τινα
515 1574 875 1654 παιδοτριϐεῖν
916 1577 1125 1652 ἀτελῶν,
1183 1585 1273 1634 καὶ
1346 1583 1483 1635 κατά
1545 1584 1732 1655 μικρὸν

110 1666 244 1719 οἰάν
321 1663 517 1738 ἐνάγειν
580 1671 706 1742 πρὸς
771 1668 1084 1728 τελειότητα.
1151 1669 1371 1731 Κολάζει
1408 1674 1579 1727 τοίνυν
1643 1677 1732 1734 την

106 1754 399 1823 αἱσθησιν,
425 1754 550 1828 μηθ’
591 1757 714 1832 ὀρᾲν
752 1762 1056 1833 περιέργως,
1097 1759 1220 1831 μήτ’
1285 1757 1488 1812 ἀκούειν
1554 1755 1734 1817 ένηδό-

1839 601 2073 658 tertiam
2092 599 2566 673 deterioremque
2589 599 2851 656 hominis
2879 602 3134 672 partem,
3165 601 3320 674 parti
3350 601 3494 660 sub-

1835 690 2000 762 jiciat
2029 689 2258 747 meliori
2282 693 2462 762 atque
2501 687 2581 745 ad
2617 687 2914 746 diviniora
2947 690 3281 748 transferat.

1910 782 2000 836 37.
2022 783 2213 853 Atque
2273 779 2372 835 hio
2435 778 2686 836 fortasse
2715 778 3036 836 mirabitur
3063 779 3300 853 aliquis,
3340 794 3495 854 quo-

1841 868 2024 924 modo
2048 868 2377 942 perfectum
2402 867 2528 939 jam
2558 867 2758 924 virum
2785 867 3001 926 dooere
3045 870 3498 942 praesumpserit

1842 973 2047 1029 senex,
2086 963 2144 1014 et
2175 959 2304 1030 jam
2345 973 2653 1014 summum
2684 957 2968 1030 perficere
3005 958 3206 1016 adhuc
3260 959 3496 1030 magis;

1841 1049 2058 1108 etenim
2087 1064 2194 1122 per
2222 1049 2491 1121 seipsum
2521 1063 2784 1118 magnus
2834 1052 2960 1104 erat
3004 1051 3262 1106 Joannes
3290 1052 3498 1121 utpote

1839 1139 2053 1213 plenus
2112 1138 2420 1212 sapientia,
2494 1142 2743 1195 ornatus
2815 1139 3028 1195 virtute
3090 1143 3147 1195 et
3218 1139 3496 1212 utrinque

1838 1228 2194 1286 venerabilis
2224 1244 2411 1301 quam
2429 1229 2532 1300 qui
2557 1228 2838 1286 maxime.
2867 1231 3288 1285 Verumtamen
3319 1228 3498 1300 adjici

1841 1333 2080 1390 semper
2101 1317 2328 1390 aliquid
2357 1321 2554 1390 potest
2581 1316 2659 1373 ad
2692 1315 2942 1380 bonum,
2973 1320 3031 1374 et
3077 1317 3337 1390 perfecto
3366 1332 3497 1390 per-

1839 1406 2072 1476 fectius,
2104 1405 2396 1479 praeclaro
2425 1405 2772 1478 praclarius
2812 1405 3131 1462 invenitur.
3163 1409 3289 1463 Non
3319 1405 3497 1476 igitur

1838 1495 2241 1565 incongruum
2271 1494 2380 1552 fuit
2407 1494 2576 1568 quod
2607 1493 2861 1567 simplex
2887 1495 2985 1551 hic
3014 1510 3218 1566 senex,
3249 1495 3496 1565 ignarus

1839 1582 2271 1656 prieteritorum
2298 1582 2388 1654 (ut
2423 1582 2526 1654 qui
2565 1598 2638 1639 ea
2695 1597 2807 1638 nec
2859 1585 3152 1639 scrutatus
3205 1585 3333 1638 erat
3383 1581 3498 1638 for-

1841 1677 1997 1730 tasse
2036 1687 2147 1734 nec
2173 1671 2322 1728 scire
2353 1671 2688 1741 curaverat)
2716 1671 3033 1729 instituerit
3055 1687 3217 1740 eum,
3238 1670 3399 1728 velut
3423 1685 3498 1728 ex

1837 1760 2376 1834 imperfectioribus
2397 1759 2682 1833 aliquem,
2707 1760 2998 1833 paulatim
3019 1760 3099 1817 ad
3119 1759 3350 1816 virtutis
3370 1774 3498 1832 per-

106 1865 239 1914 νως,
271 1845 354 1897 ὅτι
382 1841 453 1917 μῆ
477 1850 595 1920 περὶ
625 1853 759 1902 Θεοῦ
796 1852 884 1900 καὶ
919 1856 1019 1899 τῶν
1087 1849 1232 1901 θείων
1297 1846 1576 1920 έγκελευσά
1634 1868 1730 1920 με-

1845 1848 2156 1907 factionem
2185 1849 2550 1906 inducendo.
2579 1850 2840 1921 Castigat
2864 1850 3066 1922 itaque
3096 1864 3311 1906 sensus
3341 1849 3495 1920 ejus,

104 1953 222 1998 νος,
254 1929 398 2007 μηδὲ
425 1933 759 2008 λιχνεύεσθαί
788 1956 897 1998 πως
923 1942 1041 2012 περὶ
1066 1942 1152 1996 τὴν
1213 1943 1394 2010 γεῦσιν
1456 1939 1590 1990 ὥστε
1659 1933 1726 1997 δὴ

102 2019 534 2083 καθηδύνεσθαι·
576 2023 682 2077 ἀλλ’
732 2027 853 2080 ὅσον
907 2045 968 2098 γε
1020 2027 1222 2099 ἀποζῇν
1279 2027 1583 2100 τρεφεσθαι,
1635 2030 1730 2099 μέ-

102 2117 376 2185 μνημένον
407 2121 511 2171 τῆσ
547 2113 909 2186 παραϐάσεως,
967 2119 1054 2167 καὶ
1107 2124 1198 2177 τῆς
1259 2114 1449 2171 έκείθεν
1501 2111 1594 2168 δίὰ
1638 2119 1732 2174 τήν

101 2201 356 2274 λιχνείαν
430 2210 530 2265 τῶς
593 2204 880 2258 καλλίστων
956 2203 1282 2274 έκπτὼσεως,
1351 2214 1442 2266 τῆς
1495 2203 1732 2278 ἀκράτου

107 2287 390 2350 δήπουθεν
451 2294 644 2356 εκείνης
719 2303 938 2369 τρυφῆς,
1017 2299 1106 2348 καὶ
1170 2303 1263 2356 τῆς
1339 2291 1604 2368 ἄφραστον
1679 2314 1736 2366 γε

108 2377 344 2443 ἡδονῆς·
381 2384 506 2456 πρὸς
537 2379 596 2435 δε
625 2385 777 2436 τάσιν
831 2388 1014 2459 χειρὸς
1067 2383 1360 2440 συστέλλειν
1417 2383 1732 2457 παράλογον,

108 2475 206 2522 καὶ
279 2468 416 2542 ἀφῆς
476 2475 716 2544 κατέχειν
781 2476 841 2526 τὸ
907 2475 1102 2540 ἄνετον,
1163 2473 1232 2536 εἰς
1297 2481 1416 2527 νοῦν
1485 2469 1737 2536 διηνεκῶς

109 2561 322 2630 ἄγοντα
347 2563 402 2612 τὸ
432 2558 487 2612 ἐκ
516 2568 608 2613 τοῦ
676 2561 946 2637 τολμηρῶς
1011 2563 1254 2634 ἅψασθαι
1311 2583 1411 2616 των
1475 2566 1740 2634 προπατό-

105 2668 219 2722 ρων
253 2647 540 2721 ὀλίσθημα·
585 2648 772 2704 ἀνθέων
802 2671 856 2704 τε
908 2656 997 2704 καὶ
1057 2653 1232 2727 μύρων
1286 2649 1452 2724 ὁδμάς
1509 2649 1738 2724 ἀποπέμ-

108 2738 319 2791 πεσθαι
343 2742 557 2810 μονονοὺ
621 2736 908 2804 διαπαντὸς
965 2749 1064 2794 τῶν
1137 2739 1185 2794 έν
1254 2737 1409 2814 Ἐδεμ
1464 2740 1736 2815 ὀσφραινό-

107 2845 294 2900 μενον,
328 2825 570 2880 κάκείνων
604 2828 872 2901 ὶπιτυχεῐν
931 2829 1208 2904 ἐφιέμενον.

1837 1942 1904 1995 ut
1930 1942 2234 1998 assuescat
2257 1953 2453 2011 neque
2480 1938 2854 2010 superﬂuum
2906 1938 3106 1995 videre
3161 1937 3496 2012 quidpiam,

1839 2043 1949 2084 nec
1977 2026 2333 2084 deliciosum
2365 2027 2590 2098 audire,
2621 2027 2736 2084 nisi
2774 2028 2874 2084 Dei
2900 2027 2996 2084 vel
3032 2043 3233 2084 rerum
3267 2026 3496 2083 divina-

1839 2133 1975 2174 rum
2002 2133 2209 2184 causa,
2241 2132 2436 2190 neque
2464 2116 2621 2186 gulae
2660 2115 2889 2189 aliquid
2917 2115 3227 2185 indulgere
3254 2130 3360 2188 per
3388 2130 3498 2185 gu-

1840 2210 1999 2264 stum
2019 2206 2339 2280 voluptatis
2361 2221 2540 2277 ergo:
2575 2204 2680 2261 sed
2720 2204 2917 2262 solum
2972 2204 3286 2262 comedere
3330 2203 3499 2276 quod

1841 2295 1922 2352 ad
1949 2295 2236 2352 tuendam
2262 2295 2447 2352 vitam
2505 2295 2580 2352 sit
2633 2295 2802 2362 satis,
2857 2309 3188 2351 memorem
3236 2293 3497 2366 antiquae

1842 2384 2357 2454 transgressionis,
2387 2388 2444 2440 et
2479 2383 2791 2456 quomodo
2821 2399 2928 2456 per
2963 2382 3168 2454 gulam
3219 2380 3500 2438 maximis

1842 2473 2020 2531 bonis
2049 2473 2191 2530 olim
2217 2473 2634 2541 exciderimus;
2658 2473 3018 2543 cogitantem
3041 2472 3221 2529 etiam
3242 2471 3501 2527 sinceras

1844 2562 2087 2620 alterius
2144 2563 2280 2620 vitae
2341 2561 2588 2620 delicias
2645 2560 3098 2635 ineﬁabilesque
3146 2561 3501 2634 voluptates.

1847 2651 2092 2708 Vetabat
2121 2667 2366 2726 quoque
2390 2651 2482 2708 vel
2513 2667 2765 2708 manum
2791 2649 3110 2708 extendere
3167 2649 3504 2706 inconside-

1843 2746 1968 2798 rate
1996 2741 2090 2797 vel
2109 2741 2336 2815 aliquid
2366 2741 2545 2798 molle
2565 2741 2927 2810 contingere,
2979 2755 3103 2812 prae
3158 2737 3348 2795 oculis
3398 2738 3502 2795 ha.

1845 2828 2089 2887 bentem
2117 2830 2356 2886 ruinam
2396 2829 2904 2902 protoplastorum
2925 2845 2998 2885 ex
3030 2827 3339 2885 audaciori
3360 2841 3502 2883 con-

105 2919 286 2972 tactu
311 2920 538 2972 natam.
569 2918 804 2974 Florum
833 2919 1050 2976 deinde
1081 2923 1261 2992 atque
1289 2923 1737 2989 unguentorum
1759 2915 1974 2976 odores
1997 2918 2252 2989 jubebat
2288 2918 2587 2990 ablegare.
2647 2918 2777 2976 sola
2821 2922 3020 2974 mente
3074 2931 3312 2989 semper
3357 2915 3505 2975 olfa'

109 3005 379 3062 cientem
411 3006 676 3078 paradisi
705 3007 1124 3079 fragrantiam,
1159 3013 1338 3083 atque
1358 3009 1473 3066 hac
1502 3008 1618 3065 frui
1641 3006 1815 3062 unice
1846 3009 2208 3081 cupientem.

190 3093 296 3153 λη’.
329 3099 427 3150 Καὶ
458 3101 611 3149 ταντὶ
676 3100 766 3170 μὲν
811 3103 930 3171 περὶ
1003 3098 1299 3161 αἰσθήσεως
1377 3103 1466 3151 καὶ
1520 3097 1735 3155 αἰσθητη

1917 3101 2001 3154 38.
2030 3100 2096 3155 Et
2122 3097 2253 3154 haec
2273 3097 2520 3171 quidem
2551 3097 2710 3155 circa
2767 3112 2978 3154 sensus
3027 3109 3357 3168 eorumque
3406 3109 3500 3150 or—

112 3183 306 3257 ρίωνὸ
351 3187 536 3256 σεμνὸς
590 3184 776 3249 ἐκεῖνος
838 3191 1001 3262 γέρων
1058 3192 1148 3240 καὶ
1195 3194 1485 3260 πρακτικῆς
1535 3185 1740 3259 φιλοσο-

118 3277 250 3346 φίας
291 3271 690 3338 ἐπηϐολώτατος
726 3284 798 3347 τῷ
857 3279 924 3328 τά
984 3279 1154 3329 πάντα
1223 3279 1313 3348 μεν
1371 3277 1588 3346 εὐηκόῳ,
1639 3272 1740 3327 κάκ

118 3365 318 3414 τούτου
379 3360 604 3434 ἀμαθίας
671 3365 836 3439 ἄκρας
911 3364 1191 3438 ὑποκριτῇ,
1267 3373 1328 3437 τῇ
1409 3362 1464 3418 δ’
1524 3363 1740 3435 ἀληθείᾳ

121 3453 353 3522 θεωρίας
405 3453 535 3524 ὁμοῦ
573 3454 766 3515 τελείας
830 3459 921 3506 καὶ
987 3455 1221 3529 πράξεως
1283 3453 1588 3526 ἐπιμελητῇ,
1653 3473 1731 3506 σο-

119 3546 347 3612 φώτατα
378 3539 640 3612 ἐπέσκηψε
676 3545 908 3615 μαθητῇο
952 3549 1070 3618 περὶ
1145 3541 1204 3596 δὲ
1271 3550 1621 3616 φανταστικοῦ
1686 3561 1740 3596 τε

115 3635 216 3682 καὶ
253 3632 544 3701 φαντασίας
564 3640 654 3686 τοῦ
683 3635 978 3692 παθητικοῦ
1011 3631 1150 3693 δῆτα
1209 3638 1323 3695 νοὸς
1389 3638 1578 3700 ὁποῖα;
1652 3632 1738 3694 Ὠς

114 3720 242 3772 λίαν
271 3721 570 3792 θαυμαστὰ,
604 3728 691 3774 καὶ
716 3726 879 3794 μόνης
917 3731 1012 3786 τῆς
1069 3731 1161 3776 τοῦ
1227 3723 1450 3796 μεγάλου
1507 3722 1740 3794 γλώττης

116 3805 372 3880 δεόμενα,
441 3819 532 3862 τοῦ
598 3815 1028 3884 πρακτικωτάτου
1097 3818 1182 3865 καὶ
1255 3815 1736 3885 θεωρητικωτάτου,

113 3904 214 3950 καὶ
278 3907 342 3969 τῇ
408 3899 522 3952 κατ’
590 3902 743 3973 άμφω
797 3901 1076 3974 φιλοσοφίᾳ
1131 3902 1382 3977 λαμπρῶς
1433 3901 1738 3974 ὑπερϐαλόν-

115 4007 214 4049 τος
250 3992 342 4039 καὶ
372 3992 491 4050 τοὺς
523 3996 611 4040 νῦν
651 3991 781 4062 ὁμον
847 3997 934 4043 καὶ
1004 3995 1124 4052 τοὺς
1185 3998 1392 4044 πώποτε
1425 4013 1437 4024 ·
1470 3987 1650 4048 Μηδέν
1689 4010 1740 4042 τι

125 4076 369 4138 συνόλως
391 4085 489 4128 τῶν
518 4081 708 4148 γηίνων
764 4084 853 4132 καὶ
918 4077 1130 4132 emeras
1196 4083 1572 4154 παρηγγὺησεν
1621 4078 1738 4132 ἀνα·

116 4167 431 4240 ματτεσθαι
455 4187 468 4199 ·
500 4170 544 4220 εἶ
570 4187 622 4219 ,ιι
652 4164 712 4220 δέ
740 4188 846 4229 πως
883 4174 968 4220 καὶ
1033 4167 1446 4222 έναπολέλειπταί
1507 4172 1556 4222 οἱ
1621 4168 1738 4222 ἀνα-

119 4255 470 4328 πολούμενον,
503 4256 776 4310 ἀποϐαλεῖν
804 4261 860 4310 τὸ
924 4261 1089 4329 τάχος
1162 4264 1250 4310 καί
1318 4254 1740 4332 διακρούσασθαι

117 4349 314 4412 (τοῦτο
338 4347 437 4419 γὰρ
469 4355 558 4406 τῆς
588 4354 687 4397 τῶν
739 4349 1097 4420 χθονιωτέρων
1156 4351 1440 4419 φαντασίας
1492 4348 1580 4399 καὶ
1643 4349 1741 4399 πά-

119 4440 218 4497 θος
259 4439 354 4486 καί
418 4437 691 4500 σύστασις,
761 4441 850 4488 καὶ
918 4445 1014 4498 τῆς
1075 4437 1189 4488 κατ’
1258 4440 1421 4495 αὑτὴν
1489 4435 1740 4510 ἐνεργείας
1775 4475 1814 4528 D

114 4523 273 4579 τοῦτ’
316 4519 468 4585 αὖθις
508 4521 766 4593 διάλυσις)
793 4546 804 4558 ·
848 4531 979 4597 μόνα
1020 4521 1080 4578 δε
1121 4525 1470 4596 φαντάζεσθαι
1511 4527 1576 4577 τά
1614 4527 1738 4598 ὑπερ

115 4618 293 4686 ἡμᾶς,
414 4609 626 4665 κάκεῖνα
724 4615 845 4665 ὄντα
920 4609 1161 4675 δοξάζειν
1236 4615 1306 4675 ὡς
1417 4611 1739 4678 ἀκιάπτωτα,

110 4703 380 4756 κάκείνων
428 4701 640 4774 εξαρτᾲν
695 4708 787 4760 την
855 4699 1114 4770 διάνοιαν,
1168 4702 1412 4756 κάκείνων
1470 4702 1740 4778 ἐπιστηρί-

113 4792 364 4854 ζεσθαι·
400 4791 462 4842 ἶν’
503 4795 640 4852 ὅπως
716 4790 771 4842 ἐκ
844 4799 936 4844 τοῦ
1012 4788 1233 4864 δυνάμει
1292 4801 1408 4844 νοῦν
1466 4797 1741 4864 πεφηνέναι

1313 4877 1346 4933 δ
1355 4882 1364 4898 '
1425 4877 1489 4933 αὖ
1553 4880 1737 4935 έντελε-

109 4975 258 5042 χείᾳ
287 4975 406 5020 νοῦν
446 4966 796 5041 ἐνεργέστερον
835 4977 1018 5044 μακρῷ
1057 4973 1147 5022 καὶ
1185 4970 1458 5043 θειότερον,
1518 4973 1582 5030 ὡς
1650 4974 1737 5022 τὸν

110 4881 360 4954 ἐνεργείᾳ
385 4881 546 4952 ταύτῃ
589 4888 706 4932 νοῦν
771 4879 1046 4953 ἀποφήνειε
1081 4901 1093 4914 ·
1160 4886 1246 4933 τόν

106 5061 339 5121 νοητὸν,
412 5056 618 5128 ἀμέσως
692 5056 1185 5130 ἀντιλαμϐάνεσθαι,
1271 5055 1410 5130 μηδέ
1476 5077 1575 5110 τινι
1637 5068 1736 5111 τῶν

106 5143 514 5220 ὑποδεεστέρων
581 5144 847 5219 δυνάμεων
913 5153 1342 5220 κατασπώμενον,
1410 5149 1504 5207 τὰς
1570 5144 1734 5200 δ’ὑπ’

107 5234 267 5307 αὑτῷ
333 5236 509 5296 πάσας
583 5233 856 5306 ἀνάγοντα,
923 5240 1013 5288 καὶ
1073 5240 1203 5309 πρὸς
1272 5235 1451 5287 ἑαυτὸν
1503 5235 1732 5307 ἕλκοντα,

103 5331 207 5379 καὶ
246 5321 321 5376 δι’
355 5323 512 5376 αὐτοῦ
549 5329 631 5375 καὶ
661 5329 755 5376 σὺν
786 5322 926 5396 αὐτῷ
966 5327 1096 5399 πρὸς
1170 5328 1298 5377 Θεὸν
1364 5328 1732 5399 μεταφέροντα.

1843 3201 2004 3257 gana
2027 3187 2382 3243 venerabilis
2422 3187 2516 3242 ille
2579 3201 2760 3242 senex
2812 3191 2868 3242 et
2918 3184 3317 3259 philosophiae
3365 3198 3502 3256 pra-

1843 3275 2006 3331 cticie
2034 3276 2466 3332 scientissimus
2486 3275 2745 3332 docebat
2763 3275 3125 3348 discipulum
3165 3274 3245 3330 ad
3293 3271 3503 3328 omnia

1843 3363 2472 3438 obsequentissimum,
2496 3369 2554 3422 et
2590 3364 2736 3421 dum
2763 3380 3070 3421 summam
3099 3362 3506 3436 ignorantiam

1845 3452 2104 3519 simulat,
2129 3454 2377 3510 actionis
2405 3470 2576 3526 aeque
2597 3469 2668 3510 ac
2721 3453 3144 3526 speculationis
3194 3451 3503 3525 perfectio-

1843 3559 1983 3598 nem
2006 3544 2215 3601 sedula
2243 3545 2630 3606 meditatione
2651 3550 3038 3601 consecutum
3063 3543 3504 3616 sapientissime

1843 3633 2120 3692 docebat.
2153 3637 2292 3700 Quae
2322 3639 2522 3690 autem
2553 3634 2710 3690 circa
2739 3634 3121 3707 phantasiam
3146 3630 3505 3705 phantasia:-

1843 3737 1961 3794 que
1995 3723 2291 3779 obnoxias
2321 3723 2507 3779 animi
2533 3723 2841 3796 passiones
2876 3721 3279 3795 praecipiebat,
3301 3721 3505 3793 qualia

1845 3811 2092 3868 demum
2117 3813 2334 3868 erant?
2365 3815 2507 3869 Vere
2536 3811 2917 3879 admiranda,
2949 3826 3206 3883 quaeque
3229 3815 3294 3864 ut
3317 3809 3502 3880 expli-

1845 3900 1968 3954 cari
1999 3902 2258 3972 possint,
2283 3901 2649 3972 egeantipsa
2679 3900 2886 3969 magni
2918 3899 3072 3954 illius
3113 3897 3223 3952 viri
3275 3895 3502 3964 lingua,

1849 3993 2049 4058 utpote
2078 3990 2138 4044 in
2167 3991 2336 4062 praxi
2369 4006 2440 4046 ac
2468 3989 2696 4046 theoria
2725 3988 2966 4056 summi,
2997 3987 3055 4041 in
3123 3999 3315 4056 eaque
3367 3997 3504 4055 quae

1847 4093 1920 4132 ex
1949 4077 2040 4132 his
2061 4077 2302 4134 duobus
2352 4079 2610 4147 exsurgit
2667 4075 3050 4150 philosophia
3113 4071 3504 4146 praecellentis

1847 4165 2158 4222 manifeste
2184 4168 2436 4237 cunctis,
2467 4167 2569 4238 qui
2602 4182 2672 4221 eo
2711 4171 2979 4236 tempore
3008 4169 3112 4219 aut
3164 4162 3344 4218 etiam
3401 4159 3506 4216 ali-

1845 4255 2095 4327 quando
2126 4257 2488 4312 exstiterunt.
2519 4255 2855 4328 lmperabat
2873 4253 3112 4320 scilicet,
3136 4257 3505 4307 terrenarum

1847 4351 2024 4416 atque
2055 4345 2449 4400 matcrialium
2491 4361 2686 4400 rerum
2721 4343 2866 4399 nulli
2897 4343 3146 4398 omnino
3176 4341 3508 4397 adverteret

1847 4435 2140 4500 animum,
2171 4435 2367 4506 siquid
2415 4450 2556 4490 vero
2586 4433 2888 4505 ejusmodi
2915 4431 3215 4504 reliquum
3245 4431 3297 4486 ei
3329 4433 3503 4497 esset,

1846 4524 1905 4579 id
1933 4525 2218 4580 continuo
2241 4528 2513 4579 enectum
2537 4524 2772 4594 ejiceret
2792 4527 2971 4594 atque
3029 4519 3372 4578 exturbaret
3423 4518 3506 4588 (in

1847 4615 1960 4670 hoc
1981 4613 2141 4669 enim
2167 4611 2440 4667 consistit
2456 4612 2657 4684 passio
2690 4610 3045 4684 phantasite,
3069 4609 3225 4666 circa
3254 4623 3349 4663 res
3379 4619 3507 4662 ma"

1847 4704 1936 4773 gis
1958 4711 2221 4758 terrenas
2250 4701 2561 4770 versantis,
2594 4705 2650 4757 et
2676 4701 2792 4756 hoc
2817 4699 3094 4755 virtutem
3151 4697 3348 4754 eidem
3400 4695 3505 4751 ad-

1847 4796 2188 4848 versantem
2215 4789 2528 4858 dissolvit),
2563 4789 2692 4846 sola
2713 4793 2913 4846 autem
2944 4803 3015 4844 ea
3035 4785 3360 4856 cogitando
3379 4783 3504 4839 vol-

1847 4887 2024 4948 veret,
2058 4897 2193 4953 quae
2216 4894 2402 4952 supra
2432 4894 2544 4934 nos
2569 4882 2706 4934 sunt
2733 4883 2788 4934 et
2813 4893 2950 4951 qum
2973 4891 3109 4932 vere
3143 4873 3501 4943 subsistunt,

1847 4978 1912 5028 ut
1940 4987 2077 5044 quae
2107 4969 2377 5025 excidere
2409 4973 2728 5041 nequeant,
2762 4966 2967 5036 magni
2990 4965 3243 5021 faceret:
3305 4961 3384 5017 ad
3432 4976 3505 5018 ea

1847 5061 1972 5117 sola
2005 5064 2262 5115 mentem
2303 5057 2590 5125 attollere,
2631 5056 2709 5112 ad
2750 5071 2823 5112 ea
2857 5052 3081 5111 conniti
3116 5049 3367 5123 jubebat
3395 5067 3408 5104 :
3440 5053 3504 5106 ut

1845 5149 1946 5220 qui
1978 5163 2084 5220 per
2131 5149 2405 5202 virtutem
2453 5146 2645 5202 factus
2699 5159 2831 5199 esse
2881 5142 3125 5213 spiritus
3163 5138 3501 5204 videbatur,

1844 5237 2038 5308 ipsam
2069 5251 2310 5308 quoque
2341 5235 2752 5308 operationem
2780 5229 3150 5304 spiritualem
3209 5232 3504 5284 monstra-

1842 5330 1930 5380 ret
1953 5325 2345 5396 animumque
2385 5328 2461 5379 ad
2494 5321 2919 5396 perfectionem
2960 5322 3232 5375 evectum
3285 5317 3504 5372 imme-

101 5415 280 5469 diate
315 5411 658 5484 susciperet,
683 5411 1078 5471 efﬁcaciorem
1113 5412 1300 5469 multo
1329 5417 1510 5485 atque
1538 5413 1916 5481 diviniorem,
1959 5417 2163 5485 utpote
2217 5411 2696 5476 intellectualem,
2757 5424 2954 5482 neque
2995 5406 3097 5464 ulli
3153 5405 3504 5462 interiorum

98 5500 474 5561 facultatum
501 5500 851 5570 obnoxium,
886 5501 996 5558 sed
1033 5501 1143 5558 has
1173 5517 1386 5559 omnes
1419 5501 1748 5560 elevantem
1775 5507 1954 5576 atque
1985 5503 2318 5559 trahentem
2349 5500 2428 5557 ad
2457 5516 2539 5566 se,
2565 5503 2622 5556 et
2652 5515 2756 5572 per
2804 5515 2867 5554 se
2920 5513 2990 5555 ac
3051 5512 3258 5555 secum
3319 5500 3503 5551 trans-

95 5595 412 5649 ferentem
467 5589 546 5646 ad
571 5593 779 5646 Deum.

175 5679 270 5734 λθ.
311 5683 414 5732 Καὶ
477 5687 644 5732 ταῦτα
707 5683 797 5752 μεν
833 5679 1042 5744 ὁκαλὸς
1097 5684 1262 5755 γέρων
1321 5682 1548 5740 ὑπέθηκε
1615 5701 1730 5735 νον-

1911 5685 2000 5740 39.
2026 5679 2187 5738 Talia
2214 5677 2595 5736 venerandus
2625 5675 2722 5734 ille
2751 5690 2931 5734 senex
2960 5675 3289 5750 prudenter
3321 5675 3502 5744 atque
