4032 6308
523 480 766 539 cordate
785 481 1148 552 suggerebat
1165 481 1637 554 iujungebatque
1658 497 1767 538 suo
1782 497 1889 554 per
1913 481 2169 552 gratiam
2200 482 2250 534 Α

521 569 668 637 ﬁlio,
699 571 833 627 licet
859 572 1152 642 sapientia
1201 587 1352 627 cano
1400 577 1455 626 et
1499 571 1815 644 prudentia
1868 571 2012 638 seni,
2069 569 2172 642 qui

524 654 749 727 alioqui
778 656 954 711 etiam
982 671 1018 710 a
1049 669 1238 727 puero
1267 657 1542 712 virtutem
1583 656 1696 712 sibi
1747 656 1929 711 veluti
1991 654 2170 711 colla-

524 749 797 800 ctaneam
830 749 887 800 et
917 745 1140 818 ubique
1167 745 1523 802 familiarem
1545 745 1864 802 habuerat.
1904 749 2173 817 Insuper,

523 848 598 890 ne
625 849 688 890 se
713 834 960 890 omnino
980 834 1209 907 aliquid
1238 851 1370 891 esse
1416 841 1652 909 putaret
1699 851 1883 908 seque
1931 839 2175 907 propter

523 920 877 994 eloquentia;
907 923 1130 986 cultum
1163 925 1482 992 extolleret,
1515 925 1755 982 vetabat
1791 925 1946 980 illius
1991 923 2174 980 ullam

526 1012 651 1068 sive
677 1028 965 1084 magnam
993 1014 1118 1069 sive
1138 1029 1390 1085 parvam
1431 1015 1724 1070 rationem
1757 1014 2000 1076 habere,
2069 1013 2179 1068 sed

524 1100 684 1158 foras
709 1101 1023 1158 excludere
1044 1103 1223 1158 simul
1253 1119 1322 1160 ac
1363 1103 1548 1159 semel
1607 1103 1904 1176 quidquid
1956 1102 2177 1163 didice-

525 1194 619 1246 rat
646 1194 958 1247 externum
980 1195 1161 1264 atque
1182 1193 1377 1264 ipsam
1399 1193 1575 1248 etiam
1611 1192 1962 1248 memoriam
1986 1206 2180 1262 quan-

525 1283 652 1334 tum
683 1284 891 1351 posset
927 1280 1237 1336 eliminare
1266 1281 1554 1352 jubebat:
1584 1296 1778 1354 neque
1823 1280 2014 1336 solum
2060 1294 2182 1335 non

525 1369 904 1439 permittebat
933 1369 1160 1441 aliquid
1188 1385 1506 1426 numerose
1545 1385 1931 1442 componere,
1963 1368 2051 1424 vel
2086 1383 2182 1423 en-

527 1457 739 1513 comiis
769 1457 1112 1513 historiisve
1139 1459 1471 1515 scribendis
1527 1473 1760 1527 vacare,
1833 1459 1938 1514 sed
1991 1472 2186 1529 neque

529 1544 843 1617 epistolam
870 1546 1100 1602 mittere
1132 1551 1411 1602 notorum
1469 1547 1664 1603 alicui.
1726 1547 1857 1603 Scio
1905 1545 2187 1618 equidem

527 1633 660 1689 haec
683 1633 1010 1704 spiritualia
1032 1636 1200 1706 parvi
1234 1635 1509 1692 facienda
1539 1636 1616 1692 ab
1646 1635 1956 1708 imperitis,
2015 1634 2189 1706 quasi

529 1722 638 1792 qui
660 1721 736 1776 de
764 1724 1062 1795 mysteriis
1091 1723 1422 1796 disciplinae
1476 1741 1710 1784 arcanae
1762 1725 1976 1796 loquor
2025 1723 2191 1795 apud

531 1810 808 1866 nondum
827 1811 1094 1869 initiatos
1118 1831 1135 1884 ;
1156 1829 1228 1868 eo
1247 1814 1413 1885 quod
1429 1830 1551 1869 non
1570 1814 1686 1870 sint
1708 1814 1830 1886 apti
1861 1813 1940 1869 ad
1973 1826 2192 1880 cogno-
2224 1833 2265 1886 Β

533 1899 844 1969 scendum,
876 1906 1168 1972 quantam
1209 1902 1427 1958 habeat
1454 1903 1843 1975 voluptatem,
1871 1906 2164 1974 quantum

532 2002 651 2058 que
670 1987 850 2044 faciat
869 1990 1137 2047 animum
1167 1991 1402 2047 dilatari
1428 1991 1690 2064 perfecta
1737 1991 2043 2063 expressio
2093 2003 2193 2045 co-

531 2075 886 2146 gitationum
902 2095 1147 2135 suarum
1158 2085 1215 2135 et
1233 2086 1654 2152 conceptuum,
1677 2080 1891 2135 mentis
1915 2080 2196 2134 accurata

541 2165 961 2237 manifestatio,
995 2169 1267 2241 Sedquid
1299 2168 1562 2224 dicerent
1599 2168 1698 2238 illi,
1740 2167 1988 2240 quando
2022 2166 2192 2222 audi-

530 2257 662 2309 rent
685 2254 851 2326 quod
873 2255 1053 2311 etiam
1099 2257 1522 2328 praescribatur
1570 2256 1876 2312 silentium
1903 2259 1961 2310 et
2005 2254 2194 2310 omni-

531 2341 717 2398 moda
737 2342 957 2412 linguas
989 2345 1362 2416 compressio
1381 2344 1726 2415 imperetur,
1745 2345 1827 2399 ita
1851 2348 1916 2398 ut
1940 2358 2049 2398 nec
2083 2357 2192 2413 gry

530 2428 795 2500 proferre
821 2430 1153 2503 discipulus
1193 2432 1436 2501 audeat,
1473 2432 1586 2486 nisi
1623 2447 1764 2487 cum
1805 2447 1841 2486 a
1905 2429 2193 2499 magistro

528 2517 738 2588 jussus
765 2533 838 2574 ex
862 2518 1085 2575 divinis
1134 2519 1304 2575 libris
1350 2520 1578 2592 aliquid
1628 2519 1834 2590 legerit
1882 2519 1957 2574 ad
2009 2521 2195 2574 Deum

533 2606 986 2678 propitiandum
1013 2608 1543 2680 conﬁtendumque
1564 2609 1592 2664 ?

603 2698 691 2752 40.
726 2695 878 2761 Quid
907 2711 1045 2753 vero
1075 2699 1363 2754 innocens
1409 2697 1505 2754 ille
1555 2703 1612 2754 et
1649 2701 1767 2753 Deo
1816 2701 1940 2753 tota
1995 2701 2196 2753 mente

534 2783 772 2852 afﬁxus,
830 2785 1000 2858 cujus
1053 2803 1155 2843 cor
1207 2788 1621 2844 rectitudinem
1681 2802 1921 2858 semper
1971 2786 2193 2855 dilexit,

535 2874 844 2945 quomodo
873 2875 935 2931 in
961 2875 1090 2932 istis
1124 2892 1186 2932 se
1215 2876 1446 2933 habet?
1470 2880 1619 2932 Num
1649 2875 1921 2944 labascit,
1960 2879 2192 2931 tantum

533 2962 772 3034 pondus
789 2969 1229 3036 praeceptorum
1247 2965 1582 3034 dedignans
1595 2966 1623 3019 ?
1635 2970 1738 3020 aut
1769 2963 2071 3019 sublevari
2095 2978 2195 3035 pe-

537 3051 619 3117 tit,
647 3068 722 3108 ne
751 3052 973 3108 scilicet
1005 3055 1067 3110 in
1120 3055 1412 3127 principio
1468 3059 1878 3126 praegravatus
1923 3067 2196 3109 succum-

533 3139 686 3197 bat?
718 3140 920 3212 Longe
952 3143 1112 3199 istud
1159 3159 1195 3199 a
1235 3146 1484 3201 Joanne.
1543 3143 1811 3199 Libenter
1863 3148 2078 3197 cuncta
2133 3142 2193 3196 in

531 3229 819 3287 humeros
857 3233 1122 3304 suscipit,
1165 3237 1222 3289 et
1295 3233 1453 3288 viam
1526 3233 1681 3288 hanc
1722 3248 1859 3304 quae
1922 3231 2087 3286 ducit
2115 3230 2194 3286 ad

532 3319 721 3374 Deum
777 3335 1068 3390 generose
1119 3321 1468 3390 ingreditur,
1523 3337 1626 3376 seu
1680 3321 1879 3392 potius
1926 3319 2004 3375 ad
2059 3319 2190 3373 vitae

534 3408 883 3466 monasticaa
915 3409 1174 3464 stadium
1201 3409 1473 3466 alacriter
1517 3410 1990 3482 percurrendum
2031 3407 2190 3462 exui'

533 3503 648 3564 tur,
673 3500 730 3552 et
751 3511 872 3552 non
904 3497 1099 3554 solum
1122 3498 1198 3553 ad
1244 3498 1652 3570 quintuplum,
1708 3497 1813 3553 sed
1867 3497 1944 3553 ab
1992 3497 2189 3552 decies

532 3583 941 3656 millecuplum
971 3592 1274 3643 certamen
1301 3587 1628 3656 inungitur.
1665 3587 1780 3642 Sed
1809 3586 1958 3642 forte
1994 3601 2190 3641 susce-

533 3671 621 3744 pit
648 3687 955 3742 generose,
996 3675 1160 3746 quod
1203 3691 1327 3731 non
1358 3674 1486 3730 tulit
1525 3674 1782 3738 fortiter;
1823 3680 1926 3729 aut
1964 3674 2189 3743 ingres-

536 3776 639 3816 sus
659 3761 973 3834 intrepide,
1000 3780 1123 3820 non
1162 3764 1408 3820 certavit
1448 3769 1789 3819 constanter
1816 3764 1844 3818 ‘I
1869 3763 2038 3818 Absit
2074 3763 2189 3818 hoc

534 3851 1001 3920 omnino,absit.
1038 3857 1164 3911 Non
1204 3859 1406 3911 tamen
1445 3853 1606 3910 velut
1644 3854 1825 3909 victor
1859 3852 2075 3924 aliquis
2130 3852 2191 3907 in

535 3939 920 4014 Olympiacis,
960 3945 1214 4013 Nemeis,
1247 3944 1338 3999 vel
1378 3943 1672 3999 lsthmicis
1713 3942 1904 3998 viliter
1941 3957 2192 3996 corona-

534 4031 629 4084 tus
658 4032 955 4102 apparuit,
989 4037 1093 4087 aut
1122 4037 1186 4089 ut
1218 4049 1374 4088 unus
1401 4047 1607 4088 eorum
1638 4031 1744 4103 qui
1786 4031 1846 4086 in
1907 4029 2194 4085 Panathe~

534 4118 682 4174 nmis
710 4124 1152 4191 pravaluerunt
1178 4137 1402 4177 corona
1431 4120 1712 4191 oleagina
1741 4119 2060 4189 magniﬁce
2109 4133 2196 4172 re-

531 4207 770 4263 vinctus
801 4224 1026 4280 comas,
1070 4213 1173 4265 aut
1202 4211 1443 4281 pineam
1486 4209 1782 4281 quatiens,
1809 4222 1999 4279 eoque
2024 4206 2194 4262 vehe-

536 4300 764 4350 menter
801 4296 1196 4364 intumecens,
1228 4297 1316 4352 vel
1339 4299 1521 4352 sacris
1560 4296 1926 4369 quibusdam
1994 4295 2192 4366 pomis

537 4382 830 4453 (profanis
890 4385 1087 4454 potius
1150 4384 1421 4454 dixerim)
1489 4387 1807 4455 gloriosus,
1864 4383 2194 4439 ridentibus

535 4470 782 4542 quidem
813 4470 981 4528 illum
1013 4473 1496 4543 sapientioribus,
1526 4473 1723 4544 pueris
1768 4489 1905 4528 vero
1945 4472 2195 4543 applau-

536 4533 820 4613 dentibus
863 4564 919 4615 et
964 4533 1410 4616 succinentibus
1456 4533 1740 4616 in'scena
1771 4533 2062 4626 theatri-3.;
2095 4564 2198 4614 aut
2227 4533 2272 4586 Β

538 4647 710 4703 sicuti
741 4663 872 4703 sors
901 4648 1096 4704 tulerit
1132 4650 1412 4705 intinctus
1441 4656 1496 4706 et
1522 4649 1682 4704 brevi
1700 4649 2032 4705 admodum
2058 4655 2198 4703 tem-

537 4751 685 4809 pore
740 4736 1044 4806 laudatus,
1103 4737 1284 4809 idque
1356 4737 1498 4793 solis
1551 4737 1772 4792 fositan
1837 4738 2198 4809 promiscuae

537 4825 894 4882 conditionis
934 4825 1121 4882 turbis
1166 4841 1237 4881 ac
1272 4826 1364 4882 vili
1394 4826 1707 4899 plebecula
1737 4844 1748 4881 :
1784 4826 1890 4881 sed
1918 4826 2057 4882 exiit
2087 4842 2201 4880 cce-

536 4914 674 4971 litus
695 4919 1037 4982 coronatus,
1061 4916 1288 4986 angelis
1311 4922 1367 4972 et
1386 4915 1669 4986 angelicis
1692 4916 2040 4971 hominibus
2061 4931 2201 4970 cum

560 5004 955 5062 admiratione
984 5005 1595 5077 circumstipantibus,
1624 5005 2030 5075 spectaculum
2067 5019 2204 5059 vere

535 5090 1120 5166 factus,utiloquitur
1135 5095 1353 5150 Paulus
1369 5096 1388 5128 ²
1403 5095 1506 5163 ',et
1520 5094 1749 5164 angelis
1763 5099 1818 5149 et
1831 5093 2196 5163 hominibus,

537 5181 952 5256 visibilemque
982 5190 1164 5255 atque
1192 5183 1555 5240 invisibilem
1595 5189 1873 5240 naturam
1913 5183 2200 5253 obstupe-

539 5267 787 5327 faciens.

612 5463 668 5520 θ’
699 5465 717 5519 Ι
749 5467 861 5520 Cor
883 5480 958 5532 tv,
1003 5471 1054 5544 9.

611 5607 723 5686 (l7)
755 5609 992 5664 Festus:
1031 5627 1058 5659 ι
1127 5610 1501 5667 Pentathlum
1576 5608 1805 5680 antiqui
1875 5608 2202 5680 quinquer-

537 5696 686 5770 tium
711 5696 1036 5775 dixerunt;
1080 5697 1142 5753 id
1183 5704 1382 5776 autem
1427 5714 1618 5778 genus
1650 5697 2088 5776 exercitationis
2129 5713 2203 5772 ex

1713 351 2173 416 CONSTANTINI
2208 341 2683 417 amomum.

3787 357 3910 412 860

2279 489 2447 551 νεχῶς
2475 488 2565 533 καὶ
2594 481 2885 552 ἐπέσκηψεν
2925 479 3178 556 ἐμϐριθῶς
3210 487 3281 550 τῷ
3343 483 3480 532 κατὰ
3546 483 3718 555 χάριν
3776 482 3908 550 υἱέι.

2280 578 2352 641 τῷ
2376 571 2534 643 πολιῷ
2560 576 2650 644 μὲν
2681 577 2774 630 τὴν
2823 578 3006 643 σοφίαν
3060 577 3142 623 καὶ
3206 570 3469 643 πρεσϐύτῃ
3541 575 3637 628 την
3698 576 3908 644 φρόνη-

2283 679 2401 712 σιν·
2435 661 2479 712 εἰ
2538 667 2623 712 καὶ
2688 660 2850 722 ἄλλως
2909 660 2962 712 ἐκ
3029 657 3217 720 παιδὸς
3278 662 3560 734 σύντροφον
3623 657 3741 730 εἶχε
3795 664 3900 716 τὴν

2282 747 2466 822 ἀρετὴν
2497 755 2586 802 καὶ
2627 747 2700 801 δι’
2737 750 2854 802 ὅλου
2912 746 3237 806 συνδίαιτον,
3298 752 3770 823 Προσεπιτούτοις,
3822 755 3906 819 μ.λέ

2283 842 2334 889 τί
2372 858 2479 900 πως
2518 841 2720 891 οἴεσθαι
2753 840 3058 911 τοπαράπαν
3116 839 3421 911 τυγχάνειν,
3486 839 3516 896 ἡ
3589 847 3721 908 γοῦν
3763 856 3913 897 Tum;

2282 923 2337 980 ἐκ
2365 936 2461 988 τῆς
2491 936 2589 980 τῶν
2627 929 2790 1000 λόγων
2829 931 3124 1003 ὑπερφέρειν
3164 924 3508 994 παιδεύσεως,
3570 932 3710 1000 μέγα
3770 947 3824 979 τε
3873 929 3906 985 ἦ

2285 1022 2470 1092 μικρὸν
2499 1023 2570 1091 μὴ
2607 1025 2802 1090 φρονεῖν
2830 1020 2913 1070 ἐπὶ
2952 1017 3126 1089 λόγοις
3187 1020 3244 1068 τὸ
3311 1017 3542 1083 σύνολον,
3606 1016 3717 1068 ἀλλ’
3779 1015 3912 1068 ἀπο-

2290 1109 2473 1159 θέσθαι
2493 1108 2738 1170 καθάπαξ
2768 1107 2918 1179 λόγον
2956 1111 3042 1158 τὸν
3108 1107 3343 1181 θύραθεν,
3412 1111 3501 1158 καὶ
3553 1107 3732 1158 πάντα
3788 1127 3911 1180 τμ-

2289 1215 2383 1248 πον
2457 1195 2856 1268 ἀποπέμπεσθαι
2894 1204 3073 1248 τοῦτον
3149 1202 3240 1254 τῆς
3312 1200 3517 1267 μνήμης
3559 1217 3571 1227 ·
3652 1201 3748 1248 καὶ
3802 1195 3914 1266 οὔχ

2292 1285 2425 1344 ὅπως
2497 1284 2682 1356 λόγους
2754 1284 3028 1346 πλατυκῶς
3131 1283 3473 1356 [πλκστικῶς]
3581 1286 3915 1346 συντιθέναι,

2293 1379 2379 1425 καὶ
2418 1375 2694 1447 ἐγκωμίοις
2733 1375 2761 1432 ἦ
2805 1379 2894 1425 καὶ
2944 1372 3201 1446 ἱστορίαις
3253 1371 3557 1446 ἐπιχειρεῖν,
3613 1371 3725 1424 ἀλλ’
3788 1369 3922 1425 οὐδε

2294 1471 2394 1515 τῶν
2427 1465 2662 1520 συνήθων
2695 1461 3004 1515 ἐπιστέλλειν
3034 1466 3153 1514 τινί.
3213 1455 3354 1513 Οἶδα
3413 1466 3504 1534 μὲν
3558 1469 3649 1513 ουν
3707 1465 3782 1524 ὡς
3830 1484 3924 1535 μι-

2296 1555 2396 1625 κρά
2425 1560 2592 1603 ταῦτα
2627 1554 2917 1624 νομισθείεν
2973 1557 3081 1612 τοῖς
3135 1549 3390 1623 ἀμυήτοις
3444 1555 3505 1608 τὴ
3564 1551 3760 1620 λογικὰ
3824 1557 3926 1602 και

2297 1644 2363 1693 τὰ
2390 1650 2483 1702 τῆς
2521 1638 2766 1703 παιδεὶας
2808 1640 3094 1699 ἀτελέστοις
3128 1640 3324 1692 οὑτωσί
3379 1659 3487 1700 πως
3540 1638 3673 1713 ἐρεῖν
3730 1641 3924 1715 ὄργια,

2299 1732 2432 1782 ἔνθεν
2460 1735 2549 1781 καὶ
2579 1730 2684 1801 οὐχ
2717 1732 2910 1791 ἱκανοῖς
2936 1725 3222 1800 διαγνῶναὶ
3277 1728 3381 1780 οἷόν
3435 1748 3551 1780 τινα
3616 1733 3716 1786 τήν
3788 1725 3928 1786 ﬁds-

2299 1823 2390 1876 νην
2434 1821 2546 1888 ἔχει
2583 1822 2671 1869 καὶ
2710 1819 2884 1870 ὁποῖον
2942 1825 3030 1877 τῆς
3084 1813 3306 1891 καρδίας
3360 1815 3563 1888 ἐμποιεί
3590 1814 3928 1887 πλατυσμὸν

2302 1909 2332 1965 ἠ
2373 1915 2470 1958 τῶν
2511 1903 2872 1978 διανοημάτων
2940 1909 3198 1977 εὔστοχος
3236 1908 3480 1977 ἓκφανσις
3507 1909 3599 1955 καὶ
3664 1912 3770 1955 τῶν
3801 1923 3926 1959 νοη-

2303 1998 2480 2068 μοίτων
2519 1994 2737 2068 ἀκριϐὴς
2797 1993 3124 2065 ἀνακάλυψις
3153 2017 3164 2027 ·
3197 1992 3325 2045 ἀλλὰ
3354 1999 3405 2045 τί
3457 1993 3516 2044 ἂν
3580 1995 3630 2044 οἱ
3682 2000 3932 2044 τοιοῦτοι

2302 2089 2391 2137 καὶ
2431 2091 2572 2157 φαῖεν
2639 2083 2973 2150 ἀκούσαντες,
3041 2086 3108 2144 ὡς
3164 2086 3254 2134 καὶ
3316 2086 3516 2139 σιωπὴν
3575 2080 3927 2151 ἐπισκήψειε,

2303 2180 2393 2226 καὶ
2465 2175 2635 2246 τελέαν
2707 2183 2798 2234 τῆς
2861 2173 3092 2244 γλώττης
3158 2177 3396 2243 κατοχὴν
3490 2169 3809 2239 ἐπιτάξειῦν,
3855 2172 3928 2230 ὡς

2304 2260 2443 2336 μηδὶ
2481 2270 2600 2338 γρῦ,
2635 2267 2695 2315 τὸ
2745 2270 2836 2314 τοῦ
2891 2262 3069 2333 λόγου,
3124 2261 3317 2333 τολμᾷν
3371 2261 3723 2332 φθέγγεσθαι.
3778 2258 3928 2317 ἐκτὸς

2305 2352 2348 2404 εἰ
2421 2357 2492 2424 μὴ
2570 2355 2700 2426 πρὸς
2766 2351 2919 2403 αὐτόν
2980 2354 3421 2422 προσταττόμενος
3485 2357 3586 2401 τῶν
3647 2350 3928 2421 θειοτέρων

2306 2440 2607 2512 ἀναγίγοιτό
2672 2460 2788 2492 τινα
2864 2438 3058 2512 βίϐλων
3121 2443 3252 2514 πρὸς
3304 2437 3584 2509 ἐξιλασμὸν
3641 2444 3784 2490 Θεοῦ
3833 2441 3926 2487 καί

2306 2528 2630 2602 ἂνθομολὸγη
2639 2548 2720 2581 σιν
2755 2547 2768 2598 ;

2374 2706 2444 2780 μ’.
2475 2711 2538 2760 Τί
2571 2712 2737 2759 τοίνυν
2766 2709 2792 2759 ὁ
2819 2707 2991 2779 πραΰς
3023 2723 3037 2773 ;
3068 2711 3119 2757 τί
3169 2710 3340 2757 τοίνυν
3377 2705 3403 2756 ὁ
3442 2706 3639 2765 οἶκακος
3692 2708 3785 2755 καὶ
3851 2710 3926 2771 τῷ

2305 2804 2419 2866 Θεῷ
2443 2793 2621 2848 διόλου
2676 2795 3010 2863 κολλωπενος,
3071 2795 3227 2866 οὗπερ
3290 2793 3570 2852 εὐθύτητας
3637 2793 3928 2862 ἠγάπησεν

2303 2886 2335 2942 ἡ
2376 2881 2596 2958 καρδία,
2634 2894 2745 2946 πῶς
2784 2884 2866 2937 ἐπὶ
2882 2888 3119 2936 τουτοισὶ
3161 2879 3498 2948 διατίθεται;
3538 2887 3664 2934 Μῶν
3694 2880 3926 2940 ὀκλάζει

2303 2982 2377 3044 τῷ
2405 2978 2639 3045 τοσούτω
2669 2973 2822 3048 βάρει
2881 2969 3364 3044 δυσανασχετήσας
3420 2979 3520 3021 τῶν
3577 2968 3799 3021 ἐντολῶν
3837 2988 3851 3032 ;
3885 2973 3914 3026 ξ

2303 3067 2408 3135 μὴν
2439 3063 2777 3135 ἐπελαφρίσαι
2809 3063 2976 3129 ζητεῖ,
3010 3064 3079 3123 ὡς
3118 3059 3177 3112 ἂν
3233 3063 3306 3126 μὴ
3354 3061 3410 3111 ἐκ
3467 3063 3687 3130 πρώτης
3749 3057 3928 3130 βαρη-

2234 3184 2274 3239 C
2307 3153 2412 3213 θεὶς
2450 3150 2721 3216 ἀναπεσης
2761 3151 2957 3204 Πολλοῦ
2996 3169 3052 3223 γε
3089 3155 3179 3202 καὶ
3218 3146 3298 3200 δεῖ
3332 3169 3344 3181 ο
3379 3147 3615 3219 εὐθύμως
3670 3153 3768 3199 καὶ
3822 3152 3931 3218 γὰρ

2303 3243 2392 3300 τοὶς
2449 3238 2654 3300 ἐντολὰς
2709 3239 3045 3312 ἐπωμίζεται,
3127 3243 3215 3289 καὶ
3296 3240 3543 3307 γενναίως
3616 3239 3715 3293 τὴν
3794 3241 3928 3310 πρὸς

2303 3333 2431 3382 Θεὸν
2461 3333 2654 3385 ταύτην
2706 3331 2938 3399 ἄγουσαν
3007 3331 3241 3392 εἴσεισιν,
3284 3327 3553 3398 εὐθαρσῶς
3606 3322 3664 3377 δὲ
3728 3324 3932 3396 μᾶλλον

2301 3417 2458 3470 εἰπεῖν
2515 3421 2646 3492 πρὸς
2698 3422 2755 3469 τὸ
2809 3427 2904 3479 τῆς
2967 3413 3259 3489 μοναδικῆς
3313 3411 3531 3467 στάδιον
3596 3410 3928 3474 ἀποδύεται,

2297 3513 2388 3559 καὶ
2411 3507 2516 3579 οὐχ
2547 3509 2625 3559 ὃτι
2650 3527 2711 3578 γε
2771 3507 2836 3567 εἰς
2891 3505 3168 3558 πένταθλον
3223 3504 3570 3574 ἐπαλείφεται,
3624 3501 3740 3554 ἀλλ’
3804 3501 3933 3559 ἀλη-

2301 3599 2402 3657 θῶς
2441 3596 2597 3648 εἰπεῖν
2650 3601 2718 3656 είς
2769 3594 3053 3668 μυρίαθλον
3106 3591 3378 3664 (17).Ἀρ“
3444 3591 3534 3643 οὖν
3585 3587 3927 3662 ὑποδέχεται

2299 3688 2388 3757 μεν
2449 3684 2767 3758 θαρσαλέως,
2833 3684 2890 3735 οὗ
2947 3688 3084 3757 φέρει
3152 3679 3210 3734 δὲ
3265 3689 3569 3754 καρτερῶς·
3625 3682 3656 3736 ἠ
3722 3684 3923 3731 εἴσεισι

2299 3776 2388 3846 μὲν
2446 3773 2730 3837 ἀπτοὴτως,
2782 3773 2840 3824 οὐ
2910 3771 3130 3846 στερρῶς
3188 3767 3247 3822 δὲ
3313 3769 3736 3840 ἐπαγωνίζεται;
3803 3769 3920 3820 Οὐκ

2300 3864 2414 3914 ἔστι
2441 3870 2595 3913 τοῦτο
2625 3863 2801 3920 εἰπεῖν,
2845 3861 2938 3912 οὐκ
2968 3863 3128 3916 ἔστιν,
3159 3858 3362 3931 Ἀμέλει
3408 3877 3488 3909 τοι
3541 3863 3630 3909 καὶ
3682 3857 3796 3928 οὐχ
3852 3859 3922 3907 ὡς

2302 3949 2734 4023 Ὀλυμπιᾶσιν,ἦ
2769 3950 2816 4002 ἐν
2847 3951 3041 4021 Νεμέᾳ,
3105 3949 3134 4007 ἦ
3197 3949 3400 4019 Ἰσθμοί
3451 3951 3732 4006 νενικηκὼς
3790 3965 3920 3997 στε-

2304 4043 2515 4110 φανίτης
2571 4043 2929 4112 μικροπρεπὴς
2987 4034 3374 4104 ἀναδείκνυται,
3434 4039 3464 4092 ἦ
3524 4040 3614 4086 καὶ
3674 4043 3779 4086 τῶν
3833 4053 3920 4094 τις

2302 4133 2695 4200 κεκρατηκότων
2745 4131 2811 4178 τὰ
2870 4129 3204 4184 Παναθήναια
3261 4126 3490 4196 στεφάνῳ
3543 4127 3688 4194 τάχα
3739 4132 3816 4194 τῷ
3863 4124 3920 4175 ἐκ

2303 4221 2511 4278 κοτίνης
2539 4221 2672 4288 μέγα
2701 4224 2873 4288 κομῶν
2927 4219 2957 4274 ἧ
3018 4213 3282 4266 ἀνασοϐῶν
3340 4217 3426 4265 τὸν
3484 4212 3537 4264 ἐκ
3588 4217 3771 4272 πίτυος
3829 4219 3919 4263 καὶ

2302 4308 2369 4357 τὰ
2393 4309 2619 4377 μέγιστοι
2650 4304 3113 4378 ἑπιϐρενθυόμενος,
3166 4304 3195 4360 ἣ
3253 4311 3377 4373 γοῦν
3444 4305 3594 4375 ἱεροῖς
3641 4320 3751 4353 τισι
3810 4307 3920 4374 μή·

2302 4393 2427 4458 λοις,
2481 4394 2670 4466 μᾶλλον
2719 4391 2769 4445 δ’
2827 4393 3046 4465 ἀνιέροις
3098 4391 3610 4466 περιθρυλλούμενος,
3665 4392 3766 4442 ὑπὸ
3824 4395 3918 4463 μὲν

2302 4489 2710 4557 νουνεχεστέρων
2772 4484 2877 4555 οὐχ
2952 4483 3106 4540 ἧττον
3175 4483 3549 4554 ἐμπαιξόμενος
3623 4484 3653 4539 ἧ
3726 4483 3920 4556 θριαμ-

2306 4571 2595 4645 ϐευόμενος,
2648 4575 2747 4625 ὑπό
2803 4570 2861 4624 δὲ
2913 4568 3301 4644 παιδισκαρίων
3359 4569 3754 4643 περιϐοώμενος,
3821 4577 3918 4621 καὶ

2305 4663 2416 4722 τοῖς
2442 4661 2497 4712 ἐκ
2526 4670 2615 4722 τῆς
2660 4668 2850 4721 σκηνῆς
2905 4665 3271 4732 συριττόμενος
3329 4663 3357 4716 ἦ
3429 4664 3517 4710 καὶ
3572 4667 3643 4728 τῷ
3712 4659 3766 4710 ἐκ
3823 4667 3922 4718 τῆς

2308 4755 2496 4823 μοίρας
2534 4749 2897 4822 ἀληλιμμένος,
2951 4754 3039 4800 καὶ
3103 4747 3286 4820 βραχύ
3340 4756 3412 4817 τῷ
3468 4752 3643 4821 χρόνῳ
3698 4747 3922 4819 περιλα-

2307 4838 2565 4912 λούμενος,
2605 4845 2781 4911 μονοις
2811 4857 2870 4910 γε
2926 4841 3070 4909 τάχα
3141 4845 3247 4896 τοῖς
3300 4845 3388 4895 τῆς
3453 4832 3686 4906 χυδαίας
3738 4839 3921 4906 τύχης

2849 4926 2954 4978 ἀλλ’

2312 5015 2543 5088 ἀγγέλοις
2582 5037 2634 5069 τε
2677 5023 2765 5068 καὶ
2822 5015 3114 5086 ἱσαγγέλοις
3165 5011 3392 5089 ἀνδράσι
3442 5013 3917 5088 περιστοιχιζόμε-

2309 4933 2399 4979 καὶ
2481 4933 2790 5003 σύρφακος·
2849 4926 2954 4978 ἀλλ’
3033 4927 3191 4989 ἔξεισι
3265 4931 3571 4998 στεφανίτης
3651 4925 3915 4996 οὐράνιος,

2309 5114 2394 5169 νός
2432 5126 2485 5159 τε
2532 5109 2622 5158 κάι
2681 5108 3088 5178 θαυμαζόμενος,
3151 5105 3360 5178 θέατρον
3415 5103 3616 5162 ἀληθῶς
3673 5121 3762 5152 ιιαι
3827 5101 3918 5173 ἀγ-

2308 5198 2475 5272 γέλοις
2531 5216 2618 5247 και
2686 5194 2994 5270 ἀνθρώποις,
3060 5195 3194 5245 κατά
3244 5196 3328 5244 τόν
3375 5194 3631 5266 μακάριον
3691 5190 3914 5257 Παῦλον,

2308 5293 2613 5360 γενόμενος’
2646 5285 2941 5342 ἐκπλήττων
2998 5279 3241 5339 δηλονότι
3297 5301 3388 5332 και
3437 5284 3532 5338 τὴν
3581 5280 3774 5351 ὅρα-τήν
3825 5284 3913 5351 φύ-

2311 5397 2394 5429 σιν
2418 5395 2508 5428 και
2537 5379 2631 5432 τὴν
2661 5373 2901 5448 ἀόρατον.

2311 5626 2402 5681 his
2416 5624 2686 5696 quinque
2705 5621 2936 5696 artibus
2953 5618 3292 5696 constabat,
3315 5619 3481 5673 Jactu
3505 5616 3673 5685 disci,
3705 5631 3906 5687 cursu,

2313 5691 2484 5771 saltu,
2505 5691 2890 5784 jaculatione,
2922 5691 3264 5765 luctatione.
3287 5711 3316 5738 ››
