4032 6308
102 350 234 413 861

105 569 398 646 ἐμϐριθὴς
455 573 646 639 ἐκεῖνος
723 576 1012 642 ἕπιστάτης
1073 579 1338 654 διέγνωκε,
1421 591 1512 645 τὴν
1574 593 1748 641 ταπεί-

102 679 302 712 νωσιν
361 663 583 735 ὑψηλὸν,
638 671 730 725 τὴν
783 669 1020 730 ὑπακοὴν
1099 676 1342 742 εὔεικτον,
1416 685 1507 737 τῆς
1562 677 1748 752 ἅρετῆς

109 748 371 824 ἐργάτην
423 752 864 828 ἀκαταγωνιστον,
952 766 1042 814 καὶ
1129 765 1370 828 καθάπαξ
1442 773 1546 827 τοῖς
1612 767 1747 832 ὅλοις

109 838 436 896 ἀποδεκτόν
482 865 496 879 ο
548 845 704 899 ἄλλου
786 854 978 923 τρόπον
1056 853 1517 928 ἁπεπειροίσασθαι
1596 861 1746 910 ἔσκε-

109 947 288 998 πται,
324 937 415 985 καὶ
447 933 622 1010 ἑτέρως
676 932 969 1011 δοκιμάσαι
1021 949 1198 994 τοῦτον
1257 941 1614 1016 βεϐούλευται,
1667 949 1749 999 ἵνα

109 1037 246 1081 πως
285 1017 474 1090 εἰδείη,
515 1023 609 1076 κάν
665 1031 776 1088 τοῖς
832 1035 1089 1100 γνωστοῖς
1139 1036 1232 1084 καί
1280 1036 1556 1092 συνήθεσιν
1610 1038 1746 1098 ὅπως

111 1106 183 1158 ἂν
223 1112 296 1161 τὸ
352 1115 556 1185 μτριον
626 1123 860 1191 τηρῆσαι
917 1114 1166 1179 δυνηθείη
1224 1127 1310 1174 καὶ
1357 1124 1571 1195 ἄτυφον.
1627 1124 1748 1178 Ὀτι

110 1201 320 1251 τοίνυν
360 1205 564 1273 συχνὰς
605 1202 868 1280 σπυρίδας
914 1214 1245 1281 συναγαγὼν,
1294 1215 1388 1274 τὰς
1435 1215 1524 1285 μὲν
1574 1213 1744 1286 ἐγχει-

113 1287 302 1359 ρίζει,
329 1291 425 1351 τοὶς
460 1287 512 1342 δ’
569 1292 837 1366 ἕπωμίζει,
871 1296 960 1359 Εἰς
1011 1304 1288 1372 Δαμασκὸν
1339 1303 1514 1364 πάσας
1570 1303 1744 1367 εἰπὼν,

114 1377 314 1440 ἔκθου,
359 1383 730 1452 μετακομισον,
785 1387 873 1435 καὶ
922 1389 1176 1440 τοσούτου
1222 1407 1281 1460 γε
1333 1387 1557 1448 ἑκάστην
1616 1391 1744 1444 ἁπο-

117 1465 392 1535 κήρυξσν,
440 1469 756 1543 ύπερεκτιμᾷ
820 1469 880 1525 δ⁹ε
933 1477 1000 1526 τὰ
1049 1475 1218 1537 εὐτελῆ
1278 1477 1598 1550 ἐξεπίτηδες,
1659 1477 1744 1534 δο-

116 1554 386 1624 κιμάζων
419 1555 516 1608 κᾶν
566 1562 734 1632 τούτῳ
761 1566 857 1620 τὴν
911 1566 1171 1634 μαθητήν,
1229 1571 1320 1618 καὶ
1371 1573 1498 1641 πρὸς
1554 1569 1744 1622 τελείαν

116 1645 424 1714 γυμνάζων
472 1654 655 1700 τοῦτον
702 1650 957 1711 ὑπακοήν.
1032 1659 1097 1707 Τί
1161 1659 1329 1708 τοίνυν
1360 1658 1385 1709 6
1415 1663 1503 1716 τὴν
1560 1657 1745 1731 ἀρετὴν

117 1733 318 1804 ἄκρος,
353 1738 446 1792 τὴν
497 1733 550 1788 δ’
608 1739 843 1798 ὑπακοὴν
904 1740 1305 1816 ἀπαράμιλλοςς
1349 1745 1466 1822 Ἆρ’
1519 1745 1743 1800 ἀναϐάλ-

1350 350 1421 424 iN
1461 368 1517 425 s.
1556 368 1752 429 101m.
1793 370 2291 436 DAMASCENUM.

195 482 326 553 μα’.
364 483 501 538 Ἀλλ’
527 483 636 538 ἐπεὶ
689 493 814 560 γοῦν
866 491 950 542 ἐπὶ
1005 497 1168 545 πᾶσιν
1230 494 1424 548 οὑτωσὶ
1474 495 1662 550 τέλειον
1721 498 1747 550 ὁ
1777 495 1828 552 Α

3411 379 3514 446 862'

1933 504 2017 557 41.
2052 504 2198 559 Cum
2217 520 2359 576 ergo
2391 507 2592 576 gravis
2625 508 2717 565 ille
2741 511 3024 582 magister
3044 514 3323 583 cognovit
3336 515 3513 571 Joan-

1858 603 1998 645 nem
2021 591 2351 650 humilitate
2384 596 2727 668 sublimem,
2756 600 3097 657 obedientia
3122 602 3512 674 morigerum,

1857 678 2088 735 virtutis
2122 684 2542 742 exercitatione
2583 688 3034 760 infatigabilem,
3103 692 3389 764 omnique
3441 709 3512 749 ex

1858 773 2024 842 parte
2056 772 2392 842 probatum,
2418 775 2719 832 adinvenit
2741 779 2992 834 modum
3015 781 3199 836 alium
3230 797 3352 853 quo
3375 798 3513 838 eum

1857 860 2109 916 tentaret
2141 879 2154 916 :
2189 862 2358 918 aliter
2387 865 2544 920 enim
2580 866 2777 922 adhuc
2807 869 3192 940 probandum
3259 871 3511 940 censuit,

1859 949 1923 1000 ut
1951 946 2198 1013 videret,
2228 955 2427 1006 utrum
2458 959 2515 1009 et
2541 955 2850 1026 quomodo
2903 957 3082 1013 etiam
3135 957 3284 1014 inter
3339 964 3514 1014 notos

1858 1033 2299 1111 familiaresque
2327 1047 2528 1112 posset
2558 1044 2833 1100 eamdem
2861 1047 3169 1102 modestiae
3200 1047 3512 1103 mediocri—

1857 1125 2039 1179 tatem
2080 1128 2298 1182 tenere.
2343 1130 2647 1200 Sportulas
2688 1132 2888 1206 itaque
2935 1134 3154 1190 multas
3205 1136 3510 1205 colligens,

1857 1227 2078 1284 easque
2109 1217 2327 1286 partim
2360 1219 2628 1274 humeris
2659 1223 2785 1292 ejus
2815 1224 3156 1296 imponens,
3200 1227 3418 1296 partim
3450 1226 3511 1281 in

1856 1316 2078 1357 manus
2111 1305 2373 1368 tradens,
2409 1310 2768 1366 Damascum
2827 1311 2976 1368 ferre
3032 1329 3244 1370 omnes
3294 1315 3507 1386 jussit:

1855 1392 2060 1457 Tanto,
2079 1391 2378 1465 inquiens,
2400 1397 2642 1452 venales
2663 1398 2898 1462 offeres,
2913 1401 3174 1474 —idque
3206 1410 3382 1459 aucto
3404 1404 3510 1458 im-

1856 1479 2090 1536 modice
2115 1497 2314 1538 rerum
2348 1490 2467 1540 tam
2501 1486 2707 1542 vilium
2734 1489 2943 1560 pretio,
2975 1496 3037 1545 ut
3064 1491 3153 1545 vel
3201 1492 3283 1547 sic
3337 1509 3510 1564 expe-

1855 1568 2067 1624 riretur
2095 1571 2455 1644 discipulum
2490 1593 2669 1632 suum
2705 1583 2884 1651 atque
2917 1579 2993 1634 ad
3023 1587 3509 1637 consummatam

1855 1657 2258 1716 obedientiam
2291 1670 2604 1720 exerceret.
2663 1667 2815 1732 Quid
2867 1684 3046 1740 porro
3073 1669 3354 1740 Joannes,
3397 1669 3512 1725 vir-

1855 1748 1976 1801 tute
2004 1761 2303 1818 summus,
2325 1751 2665 1810 obedientia
2685 1753 3175 1829 incomparabilis
3208 1758 3234 1812 ?
3259 1765 3342 1812 An
3365 1775 3506 1813 cun-

117 1819 317 1888 λεται;
376 1832 484 1894 μῶν
525 1822 929 1898 ἂποδυσπετείς
982 1834 1014 1890 ἦ
1047 1851 1163 1885 τινα
1213 1841 1335 1906 γοῦν
1390 1819 1738 1909 δυσαρεστίας

1855 1839 2046 1890 ctatus
2071 1843 2159 1892 est
2187 1838 2279 1894 vel
2311 1839 2556 1896 affectus
2602 1843 2794 1910 taedio,
2850 1819 2954 1901 aut
3007 1845 3253 1918 aliquod
3309 1846 3511 1918 displi-

117 1911 370 1980 ἔμφασιν
397 1910 787 1985 ύποδείκνυται,
839 1919 904 1978 ὥς
959 1939 1040 1981 τις
1083 1920 1144 1972 ἃν
1193 1921 1296 1994 ούχ
1350 1926 1430 1976 ὅτι
1481 1933 1580 1976 τῶν
1627 1927 1742 1977 κατ’

119 1999 295 2050 αὐτὸν
354 2005 614 2072 μεγίστων
670 2007 738 2057 τὰ
792 2008 904 2060 θεῖα
967 2014 1057 2061 καὶ
1105 2011 1334 2084 μεγάλων
1392 2011 1741 2083 τάνθρώπινα,

123 2085 266 2138 ἀλλὰ
317 2093 409 2140 καὶ
438 2097 538 2141 τῶν
590 2094 788 2168 θατέρῳ
826 2097 1056 2172 ὁποτέρῳ
1083 2119 1142 2170 γε
1196 2102 1387 2153 τούτων
1439 2107 1528 2154 καὶ
1593 2108 1745 2175 φαίης

119 2171 402 2246 ἐπιφανῶν
437 2193 452 2243 ;
488 2184 589 2231 Καὶ
632 2189 741 2244 πῶς
774 2201 788 2250 ;
819 2181 906 2247 Ὠς
963 2171 1044 2238 ἔπ’
1097 2188 1366 2260 εὐεργεσίᾳ
1412 2171 1739 2264 καλούμενος,

122 2263 425 2337 προθύμως
464 2267 594 2338 οἶγαν
626 2268 782 2342 ἐξῄει,
837 2278 926 2326 καὶ
978 2279 1073 2327 σύν
1131 2273 1338 2348 σπουδῇ
1399 2286 1494 2341 τῆς
1531 2277 1740 2333 ὁδοιπο-

122 2357 249 2424 ρίας
300 2354 498 2425 ᾖψατο,
574 2361 639 2419 ὡς
690 2359 752 2412 ἂν
805 2362 848 2414 εί
895 2367 1026 2438 πρὸς
1085 2365 1324 2440 λαμπρὰν
1370 2367 1599 2441 ἀπήγετο
1649 2375 1743 2429 τὴν

124 2439 426 2513 ἀνάδειξιν,
493 2451 582 2498 καὶ
661 2449 733 2511 εἰς
818 2451 1071 2526 θρίαμϐον
1139 2439 1462 2528 μετεκαλιῖτο
1544 2463 1742 2530 παγκό-

129 2549 318 2602 σμισν.
374 2531 589 2594 Ἐπειδὴ
637 2533 697 2590 δε
759 2545 852 2592 καὶ
905 2543 1071 2615 εἰσῄει
1113 2549 1205 2603 τὴν
1254 2549 1550 2619 Δαμασκὸν,
1613 2565 1746 2600 πενι-

130 2624 298 2694 χρὸς,
360 2628 596 2697 πιναρὸς,
649 2624 878 2698 μηδενὸς
941 2630 996 2682 ἐκ
1047 2641 1144 2694 τῆς
1201 2633 1452 2696 ἀναϐολῆς
1501 2637 1662 2703 ἄξιος,
1717 2638 1743 2688 6

133 2712 268 2770 τέως
333 2710 580 2766 πλείστου
635 2723 745 2777 τοῖς
789 2725 924 2771 πᾶσι
977 2726 1068 2774 καὶ
1123 2730 1410 2796 τιμώμενος
1457 2731 1547 2778 καὶ
1601 2745 1741 2800 περι-

131 2794 472 2872 ϐλεπόμενος,
538 2810 627 2856 καί
690 2811 834 2879 παρὰ
901 2814 996 2868 τὴν
1049 2794 1500 2885 ἀγοργὰννγένοιτο,
1559 2794 1742 2886 ἄγκαλ-

125 2886 437 2959 λωπίσματι
501 2894 783 2968 καθαπερεὶ
861 2901 1243 2973 περιτιθέμενος
1304 2906 1395 2964 τὰς
1452 2901 1740 2979 σπυρίδας,

130 2975 454 3050 ἀπεμπολείν
505 2999 560 3035 τε
640 2984 910 3058 ἀνεϐόησε,
980 2995 1070 3043 καὶ
1125 2993 1251 3044 ὅσου
1315 3013 1370 3064 γε
1412 2990 1742 3046 ἀποδίδωσιν

129 3065 366 3126 ἑκάστην
409 3071 876 3144 προσεπεδήλωσεν
919 3101 932 3112 ·
994 3077 1055 3139 ἧν
1112 3079 1189 3147 δε,
1245 3085 1316 3144 ὡς
1359 3083 1413 3134 ἐκ
1471 3091 1562 3137 τοῦ
1622 3103 1742 3136 συν-

128 3157 296 3220 ήθους
334 3165 439 3221 πᾶς
464 3179 544 3222 τις
567 3161 628 3214 ἆν
673 3174 774 3218 τῶν
831 3166 1101 3243 ἐγχωρίων
1159 3170 1406 3241 ἐπέκρινε,
1454 3173 1624 3226 πλεῖον
1683 3177 1742 3226 τὸ
1773 3200 1813 3259 C

128 3250 346 3320 τίμημα
401 3252 521 3302 καθ’
597 3254 884 3327 ὑπερϐολὴν
951 3257 1181 3312 ἀπαιτῶν
1233 3261 1432 3332 χλεύης
1473 3270 1584 3325 τοίς
1634 3283 1739 3316 πα-

133 3345 472 3407 ρατυχοῦσιν
510 3339 715 3416 ἀφορμὴ
747 3351 837 3397 καὶ
865 3346 1083 3418 γέλωτος
1109 3354 1333 3419 γίνεται.
1379 3350 1438 3403 Ὁ
1485 3354 1574 3423 μὲν
1627 3353 1736 3419 ούν,

135 3429 199 3475 Τί
255 3425 453 3499 ληρεῖς,
527 3433 766 3503 ἔφασκεν,
821 3437 1059 3509 ἄνθρωπε
1109 3455 1124 3506 ;
1175 3440 1201 3490 6
1251 3435 1332 3498 δε,
1387 3447 1733 3516 Παραπαίεις,

133 3517 348 3576 καὶτὰς
395 3522 574 3590 φρένας
630 3523 910 3594 ίγκίκοψαι
941 3545 954 3558 ·
982 3525 1134 3588 ἄλλος
1178 3524 1231 3580 δ’
1277 3527 1399 3580 ἄλλο
1446 3549 1496 3581 τι
1553 3529 1736 3583 ἐπετώ-

139 3601 292 3666 θαζεν
319 3604 528 3660 ἄλλοθεν
565 3629 578 3642 ·
629 3612 749 3663 ἔνιοι
793 3609 852 3666 δί
908 3616 957 3666 οἱ
1010 3620 1102 3668 καὶ
1151 3613 1432 3680 κονδύλους
1480 3615 1736 3686 ἐνέτεινον,

135 3695 225 3743 καὶ
255 3696 395 3746 κατὰ
423 3695 617 3771 κόῤῥης
666 3697 950 3769 ἐνέπαιζον,
1011 3703 1184 3765 εἰωθὸς
1213 3703 1267 3756 ὃν
1313 3713 1423 3767 τοῖς
1474 3705 1738 3780 ἀγοραίοις

135 3789 286 3833 ὀῡτο
315 3788 407 3835 καὶ
463 3784 718 3857 ξύγκλυσι
752 3809 765 3822 ·
825 3797 926 3842 τῶν
975 3791 1319 3868 εὐηθεστέρων
1373 3799 1738 3869 κατειρωνεύε-

138 3871 286 3939 σθαι,
364 3878 779 3946 καταμωκᾶσθαί
861 3899 916 3932 τε
978 3891 1079 3934 τῶν
1153 3889 1614 3957 παρατετραμίνων
1677 3889 1735 3938 τὸ

137 3962 396 4032 φρόνημα,
439 3968 526 4015 καὶ
559 3973 656 4016 τῶν
699 3967 834 4020 οὕτω
892 3969 1174 4043 λεγομίνων
1248 3973 1588 4048 κρονολήρων,
1637 3982 1734 4026 τῶν

131 4049 664 4123 παρασεσαλευμὲνων
728 4052 937 4116 δηλαδὴ
1034 4064 1461 4136 κατεπαίρεσθαι,
1538 4073 1608 4134 τῷ
1682 4081 1734 4117 τε

133 4141 228 4196 ’ἧς
255 4136 448 4208 ψυχῆς
471 4138 772 4215 ἀλογωτέρῳ
801 4141 1230 4218 ἐπειδιαχεῖσθαί
1259 4167 1432 4222 σφισι,
1490 4157 1579 4204 καὶ
1628 4153 1732 4224 οὐχ

130 4222 206 4274 ὅτι
233 4244 295 4295 γε
325 4232 460 4297 μυσὶ
519 4233 608 4280 καὶ
647 4234 846 4303 νεύροις
901 4233 1174 4289 ἐκλύεσθαι
1231 4244 1320 4291 καὶ
1375 4241 1577 4293 ἄτακτοί
1623 4261 1734 4304 πως

129 4307 528 4385 ἰπικαγχαξειν,
581 4320 650 4378 ὡς
707 4319 968 4382 ἀπονίζειν
1023 4330 1113 4377 καὶ
1140 4323 1349 4401 δάκρυα
1415 4346 1426 4358 ·
1485 4328 1590 4381 ἀλλ’
1647 4333 1732 4382 ἑπ-

132 4405 334 4471 αφιένειι
384 4408 587 4468 τούτοις
638 4414 727 4461 καὶ
794 4419 995 4486 χεῖρας,
1073 4420 1163 4468 καὶ
1218 4418 1458 4490 ῥαπίζειν
1522 4418 1729 4489 ἁνέτως,

129 4495 215 4543 καὶ
245 4492 424 4556 ἁπλῶς
452 4499 546 4554 τήν
606 4495 904 4571 ἀποτυχίαν
957 4499 1258 4565 διαπαίζειν
1318 4516 1414 4571 τῆς
1467 4510 1668 4580 φύσεως
1696 4512 1727 4570 ἣ

130 4585 220 4638 τὴν
246 4591 341 4643 τῆς
362 4580 773 4661 διοργανώσεως,
807 4593 909 4662 εἴγε
953 4589 1021 4650 δὴ
1053 4600 1142 4647 καὶ
1183 4603 1334 4649 τοῦτο
1383 4600 1544 4670 τύχοι
1602 4619 1732 4673 συμ-

129 4676 304 4741 πεσὸν,
337 4672 625 4746 ἄμϐλωσιν.

197 4897 315 4971 (ιβ’.
347 4901 457 4974 Ἐφ’
491 4905 663 4956 ἱκανὸν
691 4908 784 4978 μὲν
836 4904 924 4960 οὖν
981 4909 1006 4960 6
1066 4908 1485 4975 σπουδαιότατος
1523 4913 1728 4968 ἐνεπαί-

134 4982 260 5058 ζετο,
319 4995 405 5042 και
456 4991 483 5042 6
540 4995 605 5044 τά
650 4995 820 5048 πάντα
865 5003 1084 5070 κόσμιος
1136 5002 1272 5054 ἔνθεν
1317 5001 1548 5057 κάκεῖθεν
1603 5001 1726 5058 διω-

133 5074 260 5130 θεῖτο
307 5099 362 5132 τε
424 5086 514 5134 καὶ
600 5081 855 5138 ἀπωθεῖτο
931 5093 1022 5140 καὶ
1077 5089 1385 5164 παραλόγως
1449 5094 1722 5163 ὡστίζετο,

131 5165 314 5233 μᾶλλον
352 5165 402 5221 δ’
436 5171 588 5233 αὐτὸς
638 5177 724 5225 τὸν
775 5173 993 5250 ἀόρατον
1054 5179 1303 5251 ἐμάστιζε
1355 5179 1585 5254 δυσμενῆ
1643 5207 1655 5219 σ
1699 5188 1724 5238 6

130 5257 212 5323 μὲν
253 5260 354 5332 γὰρ
429 5267 521 5311 τοῦ
610 5267 871 5316 Δεσπὸτου
943 5269 1315 5341 τραχηλιοξσας
1367 5271 1586 5335 ἐλεεινῶς
1638 5278 1723 5327 πέ-

131 5360 320 5399 πτωκεν
352 5369 365 5381 ο
399 5349 425 5400 6
460 5343 509 5400 δ’
542 5351 736 5404 οὑτωσὶ
788 5359 1076 5429 μετριάσας
1127 5364 1216 5412 καὶ
1265 5359 1335 5422 εἰς
1365 5358 1581 5415 τοσόνδε
1635 5383 1724 5415 ται

132 5442 379 5499 πεινώσας
405 5439 562 5491 αὐτὸν
615 5439 685 5501 εἰς
733 5440 976 5514 οὐρανούς
1025 5445 1208 5509 αὐτοὺς
1259 5452 1504 5522 πέφθακε,
1549 5453 1725 5524 θαῦμα

131 5527 211 5574 καὶ
269 5525 446 5588 αὐτοῖς
501 5526 739 5600 ἀγγέλοις
819 5537 1105 5605 γενόμενος.
1189 5536 1320 5590 Ἀλλ’
1380 5539 1474 5611 ὀψε
1529 5537 1723 5600 δήποτε

131 5617 220 5663 τῶν
256 5614 419 5667 πάλαι
449 5633 532 5678 τις
580 5616 804 5689 οἰκετῶν,
862 5619 1042 5676 ἐνιδὼν
1091 5629 1257 5699 τούτῳ
1309 5636 1717 5706 περιεργότερον,

131 5705 211 5755 καὶ
254 5705 343 5764 τὰς
395 5699 540 5775 ὄψεις
591 5705 791 5781 ἐρείσας
848 5707 1237 5788 ἐπιμονὼτερον,
1295 5719 1474 5778 τοῦτον
1532 5717 1718 5778 ἐκεῖνον

1855 1925 2062 1980 centiaa
2127 1929 2367 1997 signum
2421 1933 2702 1998 ostendit,
2765 1940 2826 1988 ut
2853 1933 3004 1989 alius
3061 1933 3262 1990 forsan
3292 1935 3510 1991 faceret

1854 2013 2054 2068 minus
2081 2030 2268 2086 quam
2294 2017 2389 2074 ille
2419 2019 2477 2074 in
2503 2021 2683 2075 rebus
2711 2021 2928 2077 divinis
2957 2023 3354 2096 humanisque
3383 2040 3508 2080 ma-

1855 2117 2035 2173 gnus,
2066 2113 2166 2161 aut
2199 2108 2375 2163 etiam
2395 2109 2689 2166 alterutris
2720 2109 3013 2168 duntaxat
3037 2112 3275 2168 illustris
3299 2113 3327 2168 ?
3358 2115 3510 2180 Quo-

1854 2193 2037 2249 modo
2076 2198 2661 2270 autem?Tanquam
2709 2206 2957 2256 vocatus
3011 2201 3090 2256 ad
3146 2200 3507 2258 beneﬁcium

1852 2282 2263 2354 recipiendum
2290 2286 2470 2342 exivit
2495 2305 2680 2360 quam
2712 2289 3179 2360 promptissime,
3203 2295 3260 2346 ct
3283 2306 3507 2361 magno

1856 2385 1994 2426 cum
2035 2372 2232 2429 studio
2262 2375 2322 2430 in
2350 2377 2508 2432 viam
2542 2392 2603 2432 se
2629 2377 2814 2447 dedit,
2869 2379 3031 2434 velut
3078 2379 3125 2434 si
3181 2379 3508 2435 mitteretur

1854 2459 1933 2514 ad
1962 2460 2250 2518 illustrem
2305 2466 2394 2519 sui
2448 2467 2905 2522 ostentationem
2955 2472 3134 2540 atque
3182 2469 3257 2524 ad
3306 2470 3509 2523 trium—

1853 2548 2043 2620 phum
2074 2549 2546 2620 pulcherrimum
2593 2555 2957 2612 invitaretur.
3015 2558 3325 2626 ingressus
3365 2572 3508 2613 vero

1856 2639 2238 2708 Damascum,
2271 2657 2522 2716 pauper,
2544 2643 2848 2702 obsoletus
2869 2649 2926 2702 et
2972 2652 3266 2719 quantum
3295 2663 3366 2703 ex
3405 2646 3510 2704 ha-

1852 2725 1982 2782 bitu
2004 2727 2273 2801 dignosci
2303 2737 2555 2804 poterat,
2589 2734 2836 2791 omnino
2861 2735 3348 2809 contemptibilis,
3403 2736 3508 2809 qui

1853 2816 2085 2886 pridem
2112 2817 2190 2874 ab
2216 2820 2499 2876 omnibus
2545 2823 2958 2879 honorabatur
2986 2829 3042 2879 et
3067 2825 3505 2896 circumspicie-

1853 2902 2048 2970 batur,
2083 2923 2221 2962 mox
2269 2913 2334 2963 ut
2388 2909 2584 2965 forum
2632 2912 2890 2978 intravit,
2946 2913 3161 2984 sportis
3214 2917 3504 2986 tanquam

1853 3002 2208 3051 ornamento
2234 2997 2452 3068 insigni
2491 3000 2964 3067 circumcinctus,
2994 3003 3346 3057 convocavit
3389 3007 3505 3057 tur-

1852 3081 2018 3148 bam,
2047 3087 2104 3139 et
2149 3087 2360 3156 quanti
2396 3088 2680 3144 venderet
2727 3089 2992 3159 singulas
3023 3089 3345 3145 indicavit:
3379 3095 3502 3146 erat

1853 3177 2074 3241 autem,
2097 3176 2613 3245 quemadmodum
2637 3177 2967 3234 incolarum
2998 3178 3246 3252 quilibet
3270 3177 3500 3248 judica-

1850 3259 2015 3326 bant,
2044 3269 2258 3335 praeter
2288 3281 2515 3320 morem
2538 3267 2878 3323 exorbitans
2905 3268 3180 3339 pretium,
3217 3270 3386 3337 cujus
3404 3282 3506 3339 pe-

1850 3349 1974 3404 titio
2003 3352 2460 3409 advenientibus
2483 3355 2766 3411 omnibus
2794 3356 2946 3411 risus
2991 3361 3047 3412 et
3084 3356 3360 3412 cachinni
3408 3371 3503 3412 oc-

1851 3441 2156 3496 casionem
2182 3443 2516 3514 praebebat.
2545 3445 2742 3514 igitur,
2767 3445 2920 3512 Quid
2942 3445 3159 3502 deliras
3178 3445 3207 3500 ?
3236 3461 3272 3502 o
3292 3446 3499 3516 homo,

1849 3527 2159 3600 inquiebat
2189 3548 2385 3588 unus:
2417 3534 2588 3605 alius,
2650 3535 2902 3605 Nugaris
2942 3540 3000 3592 et
3037 3538 3236 3590 mente
3290 3540 3501 3606 captus

1847 3617 2105 3687 videris;
2135 3623 2342 3677 tertius
2367 3622 2525 3679 aliud
2559 3624 2870 3697 quidpiam
2925 3625 2977 3680 ei
2999 3623 3358 3696 objiciebat;
3390 3638 3502 3679 nec

1847 3705 2094 3764 deerant
2117 3711 2221 3782 qui
2251 3711 2538 3784 colaphos
2564 3713 2615 3769 ei
2645 3713 2997 3783 inﬂigerent,
3031 3717 3133 3770 aut
3179 3716 3239 3768 in
3285 3711 3496 3769 faciem

1848 3795 2144 3854 caederent
2175 3817 2186 3866 ;
2219 3802 2741 3873 quemadmodum
2779 3803 2905 3858 ﬁeri
2936 3802 3152 3858 assolet
3179 3803 3238 3857 in
3279 3801 3498 3873 promi-

1849 3899 1994 3940 seua
2015 3885 2126 3941 fori
2157 3887 2347 3958 plebe,
2374 3891 2760 3946 utrideantur
2775 3890 2991 3955 stolidi,
3026 3896 3082 3944 et
3111 3889 3354 3945 cerebro
3373 3887 3497 3944 lmsi

1846 3971 2105 4031 ludibrio
2134 3976 2490 4035 habeantur.
2519 3981 2601 4050 Ita
2624 3985 2830 4036 contra
2863 3980 2993 4051 jam
3025 3979 3254 4052 pridem
3285 3977 3497 4034 stultos

1845 4069 2024 4135 atque
2063 4063 2281 4122 deliros
2319 4067 2647 4138 insurgitur
2687 4069 2912 4140 passim
2943 4073 3036 4136 ;ct
3073 4066 3283 4138 judicii
3312 4067 3498 4122 imbe-

1845 4152 2077 4221 cillitas,
2110 4157 2368 4211 naturali
2398 4173 2722 4213 nervorum
2753 4157 3285 4230 musculorumque
3311 4156 3495 4212 disso-

1843 4242 2053 4298 lutioni
2076 4244 2457 4316 imputanda,
2489 4245 2764 4302 tribuitur
2794 4247 2938 4319 ipsis
2988 4251 3145 4318 saepe
3186 4261 3324 4301 cum
3371 4245 3493 4300 risu

1843 4335 1966 4387 tam
1997 4331 2212 4403 effuso,
2248 4337 2310 4389 ut
2334 4334 2617 4406 lacrymtn
2649 4336 2728 4390 ab
2783 4335 2971 4391 oculis
3030 4335 3446 4406 exprimantur
3477 4350 3491 4388 :

1841 4421 1988 4492 quin
2018 4422 2200 4476 etiam
2241 4423 2530 4491 contingit
2575 4429 2640 4480 ut
2705 4424 2919 4480 talibus
2975 4424 3316 4496 injiciantur
3368 4439 3494 4478 ma-

1842 4525 1976 4578 nus,
2007 4515 2435 4584 raptenturque
2461 4512 2866 4582 inclementer,
2900 4517 2956 4568 et
2983 4512 3308 4571 ludibrium
3339 4511 3414 4568 de
3431 4527 3492 4568 se

1843 4598 2105 4669 praebeat
2152 4599 2439 4656 naturalis
2503 4602 2963 4672 organizationis
3020 4602 3349 4668 infelicitas,
3399 4600 3493 4656 vel

1838 4687 2276 4744 cacutientium
2306 4689 2621 4746 oculorum
2647 4690 2861 4761 caligo,
2893 4691 2942 4746 si
2978 4691 3108 4747 haec
3136 4704 3380 4763 quoque
3405 4688 3491 4744 eis

1837 4775 2140 4834 acciderit.

1907 4924 1994 4975 42.
2027 4919 2468 4977 Ludificabatur
2498 4938 2640 4994 ergo
2662 4923 2806 4979 satis
2827 4923 2930 4977 diu
2955 4923 3041 4977 vir
3069 4921 3487 4990 gravissimus,

1836 5015 1891 5064 et
1918 5010 2022 5080 qui
2050 5025 2158 5082 per
2177 5011 2380 5066 omnia
2410 5009 2667 5066 decorus
2700 5017 2851 5078 erat,
2901 5010 3320 5081 impellebatur
3350 5009 3488 5064 hinc

1834 5097 1974 5154 inde
1997 5113 2066 5153 ac
2094 5097 2515 5168 repellebatur,
2577 5103 2631 5156 et
2662 5104 2874 5170 praeter
2901 5097 3193 5153 rationem
3222 5096 3488 5152 caedeba-

1834 5191 1951 5250 tur,
1983 5202 2084 5242 seu
2119 5187 2318 5258 potius
2357 5185 2628 5242 caedebat
2655 5185 2781 5258 ipse
2814 5185 3050 5241 hostem
3080 5184 3436 5241 invisibilem
3472 5202 3484 5240 :

1832 5277 1928 5332 hic
1978 5275 2138 5330 enim
2189 5281 2395 5331 contra
2446 5276 2763 5330 Dominum
2818 5273 3155 5330 extollendo
3197 5274 3486 5330 cervicem

1832 5361 2250 5419 miserabiliter
2288 5363 2525 5430 corruit,
2554 5363 2681 5435 ipse
2712 5379 2850 5418 vero
2880 5363 2962 5417 sic
2993 5362 3263 5425 modeste
3289 5363 3486 5418 humi-

1831 5453 2079 5526 literque
2111 5468 2172 5507 se
2199 5468 2434 5523 gerens,
2466 5467 2658 5524 nsque
2691 5452 2749 5507 in
2802 5452 3020 5508 caalum
3073 5451 3483 5518 extollebatur,

1832 5542 2025 5599 factus
2056 5542 2236 5598 etiam
2293 5539 2519 5612 angelis
2575 5541 2970 5597 admirabilis.
3031 5541 3294 5599 Tandem
3344 5557 3486 5597 vero

1831 5633 2216 5705 antiquorum
2242 5632 2370 5702 ejus
2396 5629 2761 5686 famulorum
2801 5631 3124 5704 quispiam,
3191 5631 3483 5686 curiosius

1829 5735 1970 5776 eum
1997 5720 2262 5790 intuitus,
2296 5722 2354 5776 et
2375 5717 2583 5776 oculos
2614 5719 2677 5776 in
2701 5719 2983 5787 eumdem
3005 5723 3348 5792 constanter
3377 5715 3484 5787 de:
