4032 6308
521 327 624 398 863
1721 319 2179 382 CONSTANTINI
2212 320 2697 404 ACROPOLlTiE.
3794 325 3892 381 864

522 451 736 521 ﬁgens,
756 447 1038 521 cognovit
1062 446 1261 523 ipsum
1292 461 1446 514 esse,
1472 447 1645 519 cujus
1669 446 1964 506 famulitio
1984 447 2180 505 fuerat

2299 448 2502 520 ἱγνωκεν
2532 447 2682 518 εἶναι,
2723 447 2784 506 οὗ
2823 448 2948 511 τίως
3004 454 3111 511 τοῖς
3174 447 3496 522 προσπόλοὶς
3555 449 3892 505 συντέτακτο.

525 541 838 613 ascriptus.
862 541 990 595 Mox
1017 541 1220 594 autem
1247 538 1308 593 in
1339 539 1603 594 mentem
1629 541 2008 594 recurrerunt
2032 552 2179 613 opes

525 633 582 686 et
611 628 798 699 gloria
828 627 940 682 viri
1004 626 1272 699 pristina,
1332 625 1453 684 fors
1495 627 1678 684 etiam
1715 626 2054 698 benignitas
2107 641 2178 683 ac

523 717 929 777 mansuetudo
977 732 1122 788 erga
1162 716 1426 774 famulos
1459 717 1901 776 observabatur
1926 717 2132 774 animo
2161 732 2175 784 ;

427 825 434 835 ·
525 821 782 881 eumque
835 820 1007 878 egere
1060 821 1271 878 reapse
1319 805 1762 880 suspicabatur,
1823 807 1897 874 ei,
1961 806 2067 879 qui
2115 805 2178 862 in

524 897 862 962 adversam,
886 900 952 951 ut
971 895 1158 962 aiunt,
1187 895 1490 952 fortunam
1512 896 1864 970 impegerat,
1890 895 2042 952 bene
2061 893 2180 951 vel-

522 983 576 1042 le
607 983 948 1057 incipiebat.
979 986 1176 1042 Bonus
1206 1000 1347 1055 ergo
1373 984 1472 1041 ille
1497 983 1778 1056 famulus,
1806 984 1970 1042 bona
1999 984 2179 1040 etiam

525 1075 795 1146 cogitans
830 1074 1065 1144 (solent
1121 1074 1280 1132 enim
1328 1073 1590 1130 dominis
1636 1074 1781 1144 suis,
1840 1077 1905 1130 ut
1941 1073 2176 1140 dicitur,

525 1164 680 1220 servi
728 1178 858 1219 esse
914 1164 1190 1234 similes)
1236 1163 1759 1220 indiscriminatim
1817 1161 2177 1230 numeravit,

524 1256 821 1326 quantum
865 1268 973 1326 pro
1041 1253 1256 1327 sportis
1307 1252 1698 1324 exigebatur:
1761 1257 1816 1308 et
1864 1252 2046 1309 veluti
2105 1250 2180 1309 de

527 1345 835 1398 contractu
861 1341 974 1397 sibi
1027 1341 1380 1412 gratulatus,
1440 1358 1476 1398 a
1539 1341 1779 1412 negotio
1835 1341 2182 1414 importuno

527 1445 666 1486 cum
689 1429 998 1497 subtraxit,
1026 1431 1131 1503 qui
1155 1434 1222 1486 ut
1266 1429 1477 1504 procul
1511 1445 1547 1486 a
1576 1430 1734 1485 euris
1791 1427 2181 1486 saecularibus

527 1519 770 1588 viveret,
801 1521 1044 1589 negotia
1081 1520 1288 1576 omnia
1315 1518 1723 1576 abdicaverat.
1757 1518 1848 1576 Sic
1873 1518 1976 1592 qui
2007 1522 2184 1574 antea

2289 539 2542 612 Παραυτὰ
2608 544 2734 610 γοῦν
2804 541 2892 593 καὶ
2983 537 3207 592 πλούτου
3307 537 3746 612 ἀνεμιμνῄσκετο,
3813 545 3893 591 καὶ

2289 623 2448 691 δόξαν
2487 626 2833 698 ἀνελογίζετο,
2863 629 3009 701 τάχα
3039 623 3089 682 δ’
3121 627 3181 680 ἀν
3217 631 3308 684 καὶ
3346 632 3441 686 τὴν
3470 630 3606 703 πρὸς
3651 630 3714 680 τὸ
3767 627 3896 681 :0.»-

2286 720 2429 770 τικὸν
2460 718 2662 790 εὐμενὲς
2718 717 2878 770 αὑτοῦ
2931 721 3021 770 καὶ
3074 716 3314 789 γαλήνιον
3369 716 3776 792 παρεισεκύκλεε
3830 725 3896 788 τῷ

2287 805 2545 879 λογισμῷ,
2577 810 2668 859 καὶ
2700 815 2902 880 χρῆναι
2966 808 3172 869 πάντως
3236 805 3558 878 ἐπελογίζετο
3615 811 3708 859 καὶ
3767 805 3900 860 ἐναν-

2287 898 2375 947 τία
2401 913 2477 966 γε,
2511 895 2537 948 ὅ
2565 914 2713 967 φασι,
2741 899 3082 970 περιτυχόντι
3109 902 3182 966 τῷ
3240 891 3455 968 δαίμονι
3504 894 3717 950 εὐνοεῖν.
3760 902 3901 968 Χρηη

2291 985 2386 1037 στά
2425 990 2546 1056 γοῦν
2577 985 2742 1046 οὕτως
2779 985 2805 1036 ὁ
2833 988 3074 1058 χρηστὸς
3113 983 3294 1046 ἐκεῖνος
3343 992 3452 1046 τοῖς
3498 988 3719 1059 τρόποις
3763 985 3897 1037 οἰκέ-

2288 1092 2380 1134 της
2444 1071 2699 1136 ἐννοηθεὶς
2755 1074 2774 1146 (
2823 1075 2966 1129 εἴωθε
3029 1076 3263 1149 καὶγὰρ
3317 1082 3428 1137 τοῖς
3476 1076 3777 1148 ἄρχουσιν,
3833 1074 3894 1134 ὦς

2291 1182 2441 1235 φασι,
2494 1163 2960 1236 συνεξομοιοῦσθαι
3037 1166 3096 1216 τὸ
3155 1163 3504 1239 ὑποχείριον)
3572 1160 3896 1232 ἀδιακρίτως

2290 1253 2481 1304 ὁπόσον
2521 1250 2604 1305 ἐπὶ
2663 1259 2780 1313 ταῖς
2848 1257 3098 1326 σπυρίσιν
3149 1250 3400 1326 ἀπῃτεῖτο
3455 1251 3897 1324 καταϐαλόμενος,

2289 1347 2379 1394 καὶ
2408 1341 2874 1415 ἐπευχαριστήσας
2924 1344 3096 1417 ὥσπερ
3132 1348 3223 1396 τοῦ
3292 1340 3746 1415 συναλλάγματος,
3808 1346 3908 1414 μό-

2289 1430 2370 1494 λις
2420 1429 2682 1495 ἀπήλλαξε
2712 1433 3034 1507 πραγμάτων
3091 1435 3178 1484 τόν
3230 1433 3356 1506 ὑπὲρ
3413 1439 3506 1485 τοῦ
3557 1431 3911 1506 ἀπραγμόνως

2294 1519 2460 1582 ζῆσαι
2507 1519 2726 1575 πλεῖστα
2777 1523 2911 1574 πάνυ
2961 1528 3062 1574 τῶν
3126 1523 3444 1594 πραγμάτων
3492 1519 3913 1593 ἀποϐαλόμενον.

527 1608 801 1682 plurimis
833 1608 1168 1680 stipabatur
1202 1607 1520 1680 equitibus,
1553 1623 1715 1664 nunc
1747 1607 1911 1664 solus
1971 1609 2186 1663 Dama-

2299 1613 2398 1663 Καὶ
2421 1617 2547 1682 γοῦν
2573 1611 2599 1662 ό
2638 1613 2738 1683 πρὸ
2778 1617 2868 1664 τοὺ
2897 1609 3160 1674 πλείστοις
3199 1611 3281 1664 ὅτι
3329 1619 3434 1672 τοῖς
3493 1611 3747 1672 ἱππόταις
3804 1629 3914 1662 πα-

529 1714 632 1754 sco
667 1697 1002 1768 egrediens,
1039 1703 1196 1755 retro
1224 1698 1384 1754 unde
1412 1703 1654 1756 venerat
1717 1697 1930 1756 rediit:
1989 1711 2186 1770 neque

2299 1705 2708 1774 ραπεμπόμενος,
2794 1706 3090 1773 μονώτατος
3164 1705 3252 1760 τὴν
3373 1704 3653 1774 Δάμασκον
3741 1699 3915 1763 ἐξιὼν,

531 1786 693 1843 enim
755 1801 1062 1857 regressus
1127 1787 1350 1859 fuisset,
1410 1788 1523 1844 nisi
1570 1788 1861 1846 mandato
1927 1790 2186 1858 expleto,

2299 1789 2606 1866 παλίνορσος
2645 1786 2886 1863 βαδίζων
2941 1789 3244 1853 ἀνέζευξε-ν’
3297 1786 3421 1844 οὐδὲ
3465 1793 3568 1864 γάρ
3627 1789 3694 1841 ἂν
3755 1787 3915 1841 ἐπαν-

531 1878 811 1954 quamvis
833 1878 1176 1948 contigisset
1196 1879 1249 1934 ei
1279 1879 1587 1936 immorari
1614 1879 1838 1936 diutius
1873 1896 1886 1935 :
1917 1883 1973 1935 et
1993 1878 2186 1952 potius

2301 1878 2423 1938 ἦλθε
2448 1883 2517 1952 μὴ
2576 1881 2632 1932 τὸ
2698 1881 2814 1932 κατ’
2881 1879 3086 1938 ἐντολὴν
3146 1878 3427 1947 ἐκπλήσας,
3493 1878 3591 1931 κᾶν
3659 1878 3806 1931 οὕτω
3859 1898 3919 1950 γε

531 1967 842 2023 circuisset
872 1971 995 2024 tota
1023 1968 1144 2025 vita
1170 1984 1282 2025 sua
1322 1968 1474 2025 inter
1509 1968 1770 2025 ludibria
1826 1966 2186 2042 exprobran-

2300 1971 2467 2040 τυχόν
2496 1968 2566 2031 εἰς
2629 1971 2828 2043 μακρόν
2893 1970 3027 2042 ἄγαν
3088 1971 3450 2045 ὑπερημέρησε
3478 1989 3493 2003 ³
3563 1969 3758 2021 θᾶττον
3813 1971 3916 2040 γὰρ

532 2057 700 2122 tium,
719 2057 886 2128 quod
903 2057 1050 2114 viles
1064 2058 1296 2116 reculas
1312 2062 1433 2115 tam
1447 2058 1629 2115 charo
1643 2063 1985 2131 exponeret,
2005 2071 2186 2130 quam

2301 2057 2361 2109 ἂν
2408 2062 2620 2132 περιιὼν
2677 2063 2767 2112 καὶ
2809 2059 3117 2132 παιζόμενος
3191 2061 3386 2112 οὑτωσὶ
3427 2057 3618 2112 πολλοῦ
3649 2059 3724 2110 τὰ
3777 2077 3917 2129 φαυ-

531 2146 718 2203 Patris
733 2147 822 2201 sui
838 2146 1157 2218 spiritualis
1171 2153 1537 2222 praeceptum
1551 2163 1674 2206 non
1686 2152 1839 2204 esset
1852 2149 2186 2204 excecutus:

2299 2145 2491 2200 λότατα
2563 2150 2884 2221 ἐκτιθέμενος
2951 2154 3046 2207 τήν
3115 2152 3251 2212 ζωὴν
3312 2148 3670 2221 ἑξεμὲτρησεν,
3733 2147 3763 2206 ᾖ
3826 2153 3917 2198 τοῦ

531 2234 704 2294 rediit
729 2239 932 2292 autem
971 2237 1211 2309 tropaeis
1262 2238 1486 2306 gravis,
1537 2251 1676 2310 quae
1725 2240 1989 2312 superbo
2035 2233 2186 2292 hosti

2300 2243 2651 2310 πνευματικοῦ
2706 2241 2911 2311 Πατρός
2993 2235 3142 2296 ἀτελῆ
3219 2247 3422 2310 παρῆκε
3495 2241 3590 2294 τὴν
3649 2234 3870 2293 ἐντολήν
3903 2255 3915 2268 ·

533 2337 819 2396 generose
845 2323 1212 2382 obluctando
1237 2325 1596 2384 detraxerat.

2301 2327 2432 2384 πλὴν
2492 2325 2598 2379 ἀλλ’
2676 2327 2897 2387 ἐπανῆκε
3001 2331 3377 2401 τροπαιοφόρος
3444 2330 3534 2379 καὶ
3613 2327 3917 2400 ὑπέροφρυν

737 2408 749 2419 ’
2299 2421 2544 2490 γενναίως
2581 2417 2983 2480 καταπαλαίσας
3019 2415 3318 2472 ἀντίπαλον.

609 2513 693 2569 i3.
729 2511 844 2568 Sed
877 2511 1094 2584 excipit
1122 2528 1234 2570 nos
1265 2513 1448 2582 aliud,
1482 2529 1604 2572 non
1635 2514 1886 2570 dixerim
1933 2512 2010 2569 de
2055 2526 2192 2586 pec-

535 2605 668 2658 cato
699 2603 1016 2675 tropaeum,
1041 2619 1246 2661 verum
1273 2620 1346 2661 ex
1393 2620 1582 2678 parva
1629 2604 1897 2679 quadam
1929 2602 2170 2660 occasio

533 2705 610 2748 ne
631 2690 841 2761 ingens
866 2691 1119 2750 facinus.
1151 2696 1326 2750 Beato
1349 2694 1472 2751 viro
1498 2693 1679 2752 vicini
1703 2693 2061 2752 habitabant
2080 2691 2193 2747 fra-

536 2783 655 2838 tres
685 2779 830 2846 duo,
849 2780 1110 2840 fraterna
1130 2783 1282 2840 inter
1311 2799 1372 2842 se
1399 2784 1684 2842 charitate
1709 2782 2015 2855 conjuncti
2043 2797 2056 2848 ;
2084 2795 2196 2837 nec

537 2869 696 2926 enim
735 2871 938 2927 minus
967 2872 1080 2929 sibi
1118 2875 1642 2947 conjungebantur
1699 2874 1942 2948 spiritus
1986 2885 2196 2928 eorum

536 2974 610 3016 ex
635 2961 927 3033 propositi
954 2962 1343 3022 similitudine
1361 2980 1548 3038 quam
1576 2980 1832 3038 corpora
1859 2979 1933 3020 ex
1953 2965 2186 3019 natura.

2305 2963 2456 3021 ἧττον
2504 2965 2604 3038 γὰρ
2681 2961 2737 3016 ἐκ
2815 2967 3163 3039 προαιρέσεως
3222 2963 3572 3020 ωνεπτὲσθην
3623 2968 3698 3031 τῷ
3753 2962 3918 3013 πνεύ-

537 3050 761 3108 Horum
786 3051 934 3108 alter
964 3053 1239 3112 sublatus
1273 3072 1306 3112 e
1349 3056 1500 3113 vivis
1529 3056 1784 3114 alterum
1837 3069 1990 3128 pene
2039 3064 2186 3109 mor-

2305 3071 2432 3126 ματι
2462 3052 2490 3112 ἣ
2524 3057 2630 3113 τοῖς
2656 3057 2896 3126 σώμασιν
2926 3051 3026 3106 ἀπὸ
3085 3056 3301 3126 φύσεως.
3351 3053 3556 3105 Τούτων
3621 3052 3811 3125 ἅτερος
3866 3048 3920 3111 ἐξ

540 3141 709 3196 tuum
766 3141 1035 3216 reliquit:
1095 3160 1238 3202 nam
1286 3145 1335 3202 is
1385 3145 1723 3203 calamitate
1777 3145 1895 3202 ista
1951 3156 2186 3216 prorsus

2309 3139 2588 3216 ἀνθρώπων
2643 3146 2934 3216 γενόμενος,
2983 3149 3175 3216 μικροῦ
3255 3144 3430 3214 νεκρὸν
3493 3140 3738 3194 κατελιπε
3825 3141 3921 3192 θά-

536 3227 748 3300 victus,
770 3247 891 3288 non
909 3233 1265 3293 admittebat
1281 3235 1711 3304 consolatores,
1734 3251 1857 3292 non
1877 3230 2186 3304 recipieba1

2309 3250 2452 3306 τερον
2482 3253 2494 3266 ο
2525 3239 2586 3304 τῇ
2645 3235 2748 3307 γὰρ
2815 3238 3058 3306 συμφορᾷ
3107 3233 3374 3305 κατάκρας
3430 3229 3613 3290 ἐκεῖνος
3677 3228 3923 3289 ἑαλωκὼς

541 3318 875 3375 hortatores
905 3337 918 3386 ;
947 3324 1050 3378 sed
1082 3326 1420 3398 cuicunque
1459 3326 1675 3383 rationi
1741 3339 1918 3381 aures
1963 3319 2186 3393 penitut

2311 3321 2707 3396 παρακλήτορας
2757 3322 2817 3374 ού
2865 3324 3129 3394 προσίετο,
3184 3322 3492 3393 πάραινίτας
3565 3318 3624 3371 ού
3689 3313 3902 3390 παρεδέ

543 3407 899 3470 occluserat.
942 3417 1081 3470 Post
1108 3414 1257 3470 alios
1287 3431 1430 3488 ergo
1451 3415 1673 3489 plures,
1693 3415 1774 3470 ad
1795 3429 1936 3469 eum
1961 3422 2186 3483 quoqut

2313 3432 2461 3486 χετο,
2494 3411 2739 3473 καθάπαξ
2770 3408 2830 3464 δε
2872 3413 2996 3483 πρὸς
3024 3411 3195 3463 πάντα
3242 3409 3395 3481 λόγον
3421 3413 3515 3468 τὴν
3571 3406 3734 3464 ἀκοήν
3790 3405 3928 3458 ἀποο

540 3499 794 3555 accessit
815 3500 917 3557 illa
941 3506 1366 3576 compassione
1398 3505 1748 3578 plenissima
1777 3504 2003 3572 anima,
2027 3502 2186 3555 Joan

2313 3501 2598 3556 κέκλειστα.
2653 3500 2808 3554 Ἀλλά
2855 3505 3101 3574 πρόσεισι
3148 3501 3314 3570 τούτῳ
3357 3500 3488 3571 μετὰ
3536 3501 3775 3569 συχνοὺς
3821 3495 3927 3547 ἄλ-

535 3599 668 3657 nes,
712 3589 879 3645 vultu
916 3590 1148 3658 hilaris,
1177 3609 1451 3652 sermone
1497 3595 1718 3661 suavis,
1752 3598 1809 3650 et
1834 3598 2088 3664 utroque
2109 3604 2186 3644 ve.

2313 3590 2431 3652 λους
2469 3592 2610 3648 καὶή
2671 3591 3080 3662 συμπαθεστάτη
3121 3586 3303 3660 ψυχὴ,
3331 3588 3359 3639 ὁ
3409 3585 3600 3658 γλυκύς
3654 3585 3924 3651 Ἰωάννης,

542 3675 846 3745 nerabilis,
881 3683 1337 3756 conabaturque
1377 3700 1696 3741 maerorem
1727 3683 2005 3740 eximere.
2049 3677 2186 3745 Quid

2312 3683 2338 3734 ὁ
2359 3686 2448 3734 καὶ
2468 3685 2562 3739 τὴν
2589 3679 2707 3751 ἄψιν
2738 3676 2893 3744 ἡδύς,
2924 3682 3014 3731 καὶ
3043 3681 3129 3730 τόν
3167 3677 3317 3750 λόγον
3372 3678 3562 3749 πραῢς,
3602 3678 3694 3726 καὶ
3763 3673 3926 3725 ἐπιει-

541 3769 740 3822 autem
800 3784 919 3826 non
951 3771 1308 3841 excbgitavit
1335 3790 1456 3847 quo
1497 3775 1628 3846 ejus
1679 3775 1953 3831 animum
2007 3771 2087 3826 ad
2139 3783 2186 3824 se

2311 3780 2409 3831 κῶς
2434 3766 2707 3842 αἰδέσιμος
2737 3767 2854 3820 κατ’
2912 3766 3199 3840 ἀμφότερα,
3253 3770 3343 3818 καὶ
3397 3763 3465 3823 δὴ
3524 3763 3768 3838 ἐπειρᾶτο
3823 3773 3920 3823 τῆς

540 3860 897 3916 revocaret?
919 3861 1068 3932 quid
1095 3877 1218 3918 non
1250 3865 1495 3920 contulit
1528 3881 1600 3920 ex
1644 3865 1830 3920 sacris
1881 3862 2186 3934 Scripturis

2309 3857 2530 3920 ἀκηὸίας
2587 3857 2981 3931 ἀναλαμϐάνειν,
3041 3862 3094 3909 τί
3145 3860 3234 3929 μὲν
3281 3861 3354 3930 μὴ
3414 3854 3728 3928 ἀνευρίσκων
3788 3854 3921 3923 παρ’

541 3960 662 4017 quo
689 3949 1036 4019 passionem
1063 3953 1433 4010 consolando
1478 3954 1738 4010 leniret?
1783 3956 2058 4021 Omnem,
2113 3955 2186 4011 uti

2306 3951 2686 4004 ἐαυτοῦὶκανὸν
2715 3947 3075 4021 παρακαλέσαι
3125 3947 3312 4019 ψυχήν
3355 3963 3369 4012 ;
3415 3948 3468 3997 τί
3524 3941 3586 3996 δε
3642 3947 3714 4015 μὴ
3766 3947 3915 4014 παρὰ

539 4033 774 4107 dicitur,
800 4040 1063 4112 lapidem
1090 4045 1296 4110 movit;
1327 4044 1432 4099 sed
1453 4044 1638 4100 nihilo
1659 4044 1795 4116 plus
1821 4043 2190 4118 proﬁciebat,

539 4139 726 4195 quam
757 4131 967 4184 statuae
1007 4130 1358 4204 colloquens
1394 4133 1489 4189 vel
1537 4133 1925 4191 adamantem
1979 4138 2191 4188 terens.

537 4214 800 4270 Tandem
832 4220 1034 4274 tamen
1061 4219 1230 4291 (nam
1262 4222 1440 4278 etiam
1467 4227 1634 4291 gutta
1671 4222 1895 4279 cadens
1950 4222 2194 4280 assidue

538 4305 773 4373 petram
801 4308 1094 4380 excavat)
1122 4310 1294 4365 rediit
1325 4317 1631 4384 utcunque
1684 4313 1760 4368 ad
1793 4328 1921 4369 sese
1977 4327 2186 4368 mona-

2303 4309 2493 4381 ομιλων
2549 4309 2579 4367 ἦ
2639 4305 2882 4379 περιξέων
2937 4301 3216 4376 ἀδάμαντα
3276 4324 3289 4338 ·
3353 4302 3624 4373 ’Λνανὴφει
3674 4305 3832 4373 μόγις
3880 4303 3906 4353 ὁ

541 4391 712 4457 chus,
747 4391 980 4465 sibique
1006 4411 1076 4450 ac
1104 4400 1305 4454 sensui
1352 4401 1678 4466 restitutus,
1733 4400 2061 4473 Siquidem.
2108 4400 2186 4456 in-

2302 4396 2835 4472 μοναχός(κοιλαίνει
2860 4397 2961 4469 γὰρ
2991 4390 3268 4465 ἆνδελεχὴς
3319 4396 3409 4445 καὶ
3452 4394 3642 4466 πέτραν
3697 4391 3905 4464 ῥανὶς),

539 4481 688 4553 quit,
716 4483 1012 4539 consolari
1051 4501 1147 4542 me
1173 4488 1336 4552 velis,
1369 4505 1500 4560 age,
1556 4505 1851 4563 compone
1879 4490 2068 4547 melos
2096 4491 2186 4547 ali-

2302 4496 2392 4544 καὶ
2422 4489 2470 4542 ἐν
2501 4489 2663 4560 ἑαυτῷ
2689 4493 2910 4559 γίνεται,
2940 4490 3032 4537 καὶ
3061 4484 3130 4545 εἰς
3181 4484 3548 4553 συναίσθῆναι,
3602 4486 3758 4554 φησὶ,
3817 4488 3908 4534 καὶ

540 4571 726 4643 quod,
749 4572 915 4642 quod
937 4576 1361 4649 memetipsum
1383 4579 1743 4636 succinendo
1765 4579 2002 4635 dolores
2018 4580 2186 4637 infor-

2301 4584 2388 4633 καὶ
2445 4586 2590 4651 γοῦν,
2677 4580 2737 4630 Εἴ
2788 4595 2850 4650 με
2907 4573 3086 4649 βούλει
3166 4571 3591 4646 παρακληθῆσιν,
3653 4574 3897 4646 ἔρχει-σὼ

541 4660 690 4716 tunii
715 4661 831 4717 mei
861 4662 1105 4732 leniam,
1138 4667 1243 4738 qui
1269 4667 1330 4722 in
1361 4667 1627 4724 animam
1660 4684 1859 4724 meam
1888 4668 2186 4727 incurren-

2303 4669 2643 4740 εὐθυμότερον
2696 4665 2880 4726 ἐθέλεις
2945 4664 3255 4725 θεάσασθαι,
3313 4662 3406 4731 ἆγε
3460 4663 3639 4722 σ-ύνθες
3696 4679 3767 4726 τι,
3818 4663 3909 4711 καὶ

543 4753 652 4819 tes,
683 4750 1048 4809 intellectum
1080 4756 1440 4814 conturbant
1461 4761 1517 4814 et
1552 4773 1654 4814 cor
1678 4773 1881 4814 meum
1901 4758 2195 4830 quodam-

541 4839 726 4898 modo
751 4840 1176 4915 depascuntur.

2371 2516 2486 2588 147'.
2529 2515 2661 2570 Ἀλλ’
2717 2513 2996 2589 ἐκδέχεται
3051 2519 3192 2590 ἡμᾶς
3234 2517 3421 2589 ἕτερον,
3477 2512 3573 2567 ούκ
3609 2513 3670 2564 ἂν
3715 2516 3918 2586 εῖποιμι

2303 2603 2680 2678 ἀποπτώματος
2753 2611 3023 2679 τρόπαιον,

2306 2694 2649 2767 συμϐάματος
2692 2700 2830 2769 μέγα
2865 2695 2977 2748 λίαν
3053 2693 3364 2770 ἀρίστευμα.
3418 2698 3654 2764 Μοναχὼ
3707 2711 3822 2744 τινε
3849 2700 3920 2759 τῷ

2303 2789 2544 2859 μακαρίῳ
2600 2787 2690 2857 μὶν
2785 2783 3065 2860 ἀγχιθύρω
3123 2783 3474 2857 ἐτυγχανίτην
3527 2787 3658 2849 ὄντε,
3701 2778 3919 2853 ἁδελῴ

2307 2871 2366 2927 δὲ
2404 2877 2570 2934 ἤστην
2622 2873 2880 2943 ἀλλήλοιν,
2938 2880 3029 2928 καὶ
3083 2876 3373 2950 ἐφρονείτην
3427 2869 3685 2945 ἀδελφικά
3723 2893 3738 2906 ·
3809 2872 3918 2943 οὐχ

3101 2603 3207 2658 ἀλλ’
3256 2603 3311 2657 ἐκ
3382 2611 3574 2678 μικροῦ
3629 2622 3777 2662 τινος
3827 2611 3919 2655 τοῦ

2306 3951 2488 4004 ἑαυτοῦ
2514 3952 2686 4002 ἱκανὸν
2715 3947 3075 4022 παρακαλέσαι
3125 3947 3312 4019 ψυχήν
3355 3963 3369 4012 ;

2302 4047 2402 4092 τῶν
2461 4045 2674 4113 Γραφῶν
2707 4036 3041 4110 ἐπισυνείρων
3109 4038 3240 4111 πρὸς
3292 4038 3352 4087 τὸ
3391 4039 3678 4104 κατασχεῖν
3716 4035 3780 4083 τὸ
3810 4034 3912 4082 πά-

2306 4130 2386 4190 θος
2414 4128 2898 4204 παραμυθήσασθαι
2926 4144 2940 4193 ;
2969 4127 3145 4178 Πάντα
3191 4124 3378 4190 κάλων,
3413 4125 3440 4176 ὅ
3497 4140 3673 4195 φασιν,
3729 4119 3818 4174 ἐπὶ
3851 4125 3907 4173 τό

2302 4218 2492 4272 ἀνύσαι
2532 4221 2795 4274 κεκίνηκεν
2853 4236 2866 4250 -
2923 4213 3029 4267 ἀλλ’
3087 4211 3148 4272 ἦν
3204 4216 3378 4286 ὥσπερ
3421 4209 3696 4284 ἀνδριάντι
3740 4229 3910 4284 προσο

2301 4753 2628 4832 μελῳὸησον,
2657 4757 2792 4828 ᾧπερ
2843 4753 2902 4806 ἂν
2960 4753 3180 4827 ἐμαυτόν
3233 4747 3539 4823 κατεπᾴδων
3582 4753 3648 4802 τα
3701 4747 3755 4801 ἐκ
3811 4758 3908 4810 τῆς

2305 4852 2575 4921 συμφορᾶς
2639 4846 2780 4902 πάθη
2865 4842 3183 4916 κοιμίζοιμι,
3241 4839 3372 4893 ἄττα
3443 4859 3534 4912 μοι
3584 4843 3678 4896 τὴν
3717 4837 3905 4911 ψυχὴν

2301 4935 2543 5002 ἐκϐαίνει,
2602 4939 2691 4986 καὶ
2743 4929 2924 4993 δεινῶς
2986 4933 3230 5006 ταράττει
3311 4931 3398 4982 τὸν
3457 4928 3735 5001 λογισμὸν,
3817 4932 3904 4980 καὶ

2300 5030 2392 5084 τὴν
2422 5021 2647 5101 καρδίαν
2679 5024 2851 5097 ὥσπερ
2883 5016 3320 5096 καταδαρδάπτει
3348 5036 3470 5091 μου.

610 5129 702 5182 44.
743 5123 845 5180 Cui
892 5123 1172 5194 Joannes,
1208 5124 1274 5179 Et
1309 5137 1452 5194 qua,
1501 5121 1712 5196 inquit,
1774 5124 2004 5182 ratione
2064 5124 2186 5180 ﬁeri

2371 5120 2486 5196 μδ’.
2530 5126 2631 5176 Καὶ
2688 5121 2762 5189 ὃς,
2823 5125 2922 5173 Καὶ
2964 5127 3075 5181 πῶς
3136 5116 3196 5170 ἆν
3251 5120 3343 5175 τὴν
3395 5118 3656 5190 πατρικὴν
3705 5113 3903 5172 ἐντολὴν

540 5216 774 5288 poterit,
804 5219 868 5272 ut
892 5215 1074 5270 Patris
1096 5211 1451 5268 mandatum
1479 5215 1902 5286 transgrediar,
1919 5213 2193 5271 absolute

535 5303 804 5376 jubentis
827 5303 1123 5359 abstinere
1153 5318 1189 5359 a
1217 5317 1579 5376 quocunque
1606 5304 1904 5376 ejusmodi
1931 5303 2194 5374 cogitatu

545 5394 638 5450 vel
668 5409 847 5467 opere
877 5393 903 5448 ‘?
934 5395 1120 5460 Levis,
1147 5395 1469 5467 respondet
1497 5393 1661 5460 alter,
1690 5394 1818 5449 haec
1844 5393 2193 5450 inobedien-

545 5487 639 5542 tiaa
661 5483 858 5556 culpa,
888 5489 1163 5556 respectu
1182 5484 1446 5541 utilitatis
1476 5500 1507 5539 e
1529 5498 1820 5540 converso
1841 5482 2195 5556 provenien-

543 5574 658 5631 tis:
688 5573 956 5630 animam
1004 5575 1166 5630 enim
1220 5577 1571 5630 mmrentem
1629 5571 2036 5630 consolaberis
2089 5587 2196 5628 seu

543 5664 746 5738 potius
769 5663 1050 5722 retinebis
1070 5663 1467 5735 deﬁcientem,
1491 5681 1561 5722 ac
1578 5680 1730 5737 pene
1745 5665 1873 5737 jam
1893 5679 2197 5737 egressam

2300 5207 2612 5285 περιίδοιμι,
2673 5208 2989 5274 ἁπαξαπλῶς
3053 5205 3426 5278 ἐπισκήψασαν
3485 5203 3904 5279 ἀποστρέφεσθαι

2300 5303 2435 5356 ἅπαν
2460 5321 2516 5374 γε
2571 5306 2802 5353 τοιοῦτον
2853 5305 2943 5351 καὶ
2995 5297 3259 5371 μελέτημα
3317 5300 3407 5347 καὶ
3483 5293 3744 5366 ἐνέργημα
3793 5293 3902 5361 ;Ὀ

2302 5389 2385 5459 δὲ,
2413 5394 2612 5466 Μικρὸν
2637 5391 2753 5443 ἴσθι
2789 5391 2844 5441 τὸ
2904 5395 2996 5450 τῆς
3053 5393 3323 5459 παρακοῆς
3379 5386 3578 5445 ταύτης
3627 5380 3901 5454 ἀμπλάκη-

2301 5503 2376 5556 μα
2435 5484 2565 5554 πρὸς
2619 5483 2678 5532 τό
2757 5478 2812 5530 ἐκ
2858 5486 2951 5539 τῆς
3021 5478 3256 5537 ὑπακοῆς
3311 5470 3477 5535 τῆσδε
3536 5475 3852 5547 κατόρθωμα
3885 5492 3899 5506 ·

2301 5571 2487 5645 ψυχήν
2557 5569 2652 5622 ούκ
2729 5565 3056 5642 ὀδυνωμένην
3127 5564 3525 5642 παρακαλέσας,
3607 5564 3637 5622 ᾖ
3715 5562 3903 5637 μᾶλλον

2305 5659 2638 5714 ἐκλείπουσαν
2691 5656 2901 5731 ἐφέξεις,
2975 5660 3065 5710 καὶ
3112 5660 3304 5731 μικροῦ
3360 5650 3470 5707 διῖν
3549 5651 3906 5726 ἀποιχομένην
