4032 6308
111 324 231 378 865

1337 316 1407 377 ΙΝ
1448 322 1506 379 S.
1539 311 1739 378 JOAN.
1781 311 2277 380 DAMASCENUM.

3379 321 3484 390 866

109 449 494 518 συντηρήσεις,
540 445 572 505 ἣ
618 445 708 499 καὶ
750 445 1099 506 ἔπαναοιὼσεις
1143 451 1214 516 τῷ
1274 449 1498 518 σώματι.
1547 446 1610 498 Ὀ
1664 444 1732 499 δί’

1850 447 2224 504 conservabis
2247 445 2339 502 vel
2360 446 2538 505 etiam
2557 449 2791 521 corpori
2812 463 2921 506 suo
2947 451 3236 509 restitues.
3254 455 3490 512 Abnue-

106 536 361 596 Ἰωάννης
413 540 505 588 καὶ
551 531 702 598 αὖθις
751 533 969 601 ἀνένευε,
1029 539 1121 586 καὶ
1170 530 1321 596 αὖθις
1377 535 1538 594 αὐτὴν
1595 534 1731 588 ἕντο-

104 622 214 680 λήν
281 621 618 698 προεϐάλλετο
673 645 688 660 ο
758 626 786 676 ὁ
839 620 900 677 δε
941 623 1101 684 πολύς
1157 627 1247 676 καὶ
1277 623 1430 676 πάλιν
1498 622 1729 689 ἐνέκειτο,

106 718 211 764 καὶ
276 719 648 787 φορτικώτερος
707 714 998 783 ὑπετίθετο,
1069 711 1320 786 λιπαρῶν,
1402 711 1727 786 ἀναγκάζων,

103 801 428 873 μειλίσσων,
464 801 848 874 ἐκϐιαζόμενος,
894 808 945 854 τί
1013 805 1104 874 μὲν
1148 801 1206 853 ού
1253 801 1433 873 λέγων,
1473 808 1525 854 τί
1565 800 1625 856 δὲ
1661 807 1730 876 μὴ

101 892 363 964 πράττων
408 899 509 942 τῶν
556 892 658 943 ὅσα
715 887 980 943 δυσωπεῖν
1035 887 1173 942 οἶδεν
1204 891 1472 964 ἄνθρωπον
1520 910 1534 960 ;
1575 889 1732 964 ἀκρι-

104 977 380 1036 ϐεστάτην
419 977 468 1031 ἐν
507 979 672 1051 ἑαυτῷ
709 984 803 1038 τὴν
842 988 943 1031 τῶν
980 986 1152 1031 Λιτῶν
1195 980 1307 1051 (18)
1355 980 1526 1033 εἰκόνα
1564 977 1736 1032 διετύ-

101 1087 219 1120 που
276 1089 290 1101 ·
327 1073 417 1121 καὶ
443 1069 624 1130 ὁποίας
669 1070 696 1120 6
743 1073 1226 1142 προσωποποιὴσας
1274 1072 1462 1130 ταύτας
1519 1072 1731 1144 ἐνέγρα-

100 1155 203 1226 ψε,
267 1159 514 1218 τοιαύτας
563 1155 746 1216 ἐκεῖνος
790 1157 1031 1230 ἄντικρυς
1073 1155 1366 1220 ἐξεικόνιξεν
1425 1179 1437 1191 ·
1491 1154 1602 1210 εἶπέ
1653 1176 1734 1218 τις

102 1243 198 1311 ὄιν,
248 1244 294 1297 εἰ
323 1249 634 1318 παρέτυχεν,
677 1247 748 1306 ὡς
776 1247 994 1319 ἄριστος
1043 1249 1195 1306 ὄντως
1246 1254 1346 1298 τῶν
1407 1255 1503 1308 τῆς
1556 1245 1733 1320 ῥαψῳ-

107 1330 244 1396 δίας
277 1334 430 1397 οὗτος
477 1336 786 1410 ὑποκριτής.
823 1335 882 1388 Ὀ
924 1331 981 1402 δ’,
1015 1333 1263 1408 ἀκαμπής
1301 1341 1392 1388 καὶ
1443 1336 1610 1397 οὕτως
1648 1333 1732 1406 ἦν,

104 1428 206 1475 καὶ
255 1420 528 1485 ἁνένδοτος
567 1421 794 1496 διέμενεν
833 1424 906 1485 εἰς
942 1427 1002 1476 τὸ
1048 1423 1308 1493 παντελὴς,
1364 1433 1460 1486 τῆς
1528 1423 1736 1486 ἐντολῆς

107 1510 194 1565 ἀεὶ
253 1517 578 1585 μεμνημένος
645 1518 736 1565 καὶ
795 1517 1073 1588 προτείνων
1133 1510 1419 1575 διαπαντὸς
1479 1513 1552 1575 εἰς
1604 1532 1732 1589 παρ-

103 1605 353 1673 αίτησιν,
407 1606 496 1653 καὶ
539 1605 611 1674 μὴ
663 1603 724 1654 ἄν
781 1620 842 1673 γε
891 1609 963 1672 τῷ
1014 1604 1191 1676 τρόπῳ
1249 1598 1735 1677 ἀπισχυριζόμενος

101 1688 397 1756 ἀθετῆσαι,
451 1693 518 1753 ὡς
575 1687 777 1744 ἐνθένδε
827 1695 921 1749 τὴν
970 1694 1234 1761 σωτηρίαν
1285 1689 1731 1763 ἀπεκδεχόμενος-

1837 536 1946 594 bat
1995 536 2386 593 nihilominus
2437 538 2696 593 Joannes
2721 544 2778 594 et
2816 538 3032 596 iterum
3079 543 3488 614 praetendebat

1839 625 2050 682 datum
2081 624 2197 681 sibi
2225 632 2591 697 praeceptum
2625 643 2639 694 ;
2670 641 2780 682 nec
2808 627 3075 685 instabat
3103 631 3303 686 minus
3319 631 3486 700 alter,

1841 713 2216 786 graviterque
2277 713 2667 771 incumbebat
2717 715 3134 788 supplicando,
3190 720 3486 789 cogendo,

1839 801 2220 871 blandiendo,
2264 801 2409 858 nihil
2448 819 2571 858 non
2621 803 2915 874 faciendo,
2971 822 3091 878 quo
3144 808 3489 879 persuaderi

1839 890 2069 946 homini
2097 906 2275 964 posse
2304 891 2584 948 credebat
2613 894 2937 961 genuinam
2969 894 3366 966 ipsarummet
3399 897 3487 952 Li-

1841 979 2141 1035 taniarum
2174 995 2281 1034 seu
2307 995 2552 1052 precum
2584 980 2910 1051 imaginem
2938 983 3000 1038 in
3049 999 3113 1039 se
3150 985 3490 1056 exprimens

1839 1067 2312 1140 qualescumque
2367 1070 2812 1140 repraasentavit
2839 1071 2889 1126 is
2929 1071 3030 1144 qui
3068 1071 3298 1144 primus
3345 1074 3491 1130 deas

1841 1154 1996 1220 fecit,
2037 1156 2182 1212 tales
2229 1157 2602 1224 assimilavit,
2657 1164 2721 1214 ut
2767 1158 2882 1214 dici
2937 1167 3145 1231 posset
3193 1165 3488 1234 tanquam

1840 1245 2094 1318 ipsemet
2120 1245 2384 1316 optimus
2417 1247 2710 1318 poematis
2744 1247 3016 1304 imitator.
3034 1252 3249 1305 Verum
3269 1249 3488 1306 adhmc

1843 1334 2022 1390 etiam
2075 1333 2432 1390 obﬁrmatus
2478 1337 2740 1391 Joannes
2788 1337 3140 1408 presistebat
3181 1341 3484 1405 immotus,

1845 1437 2083 1494 semper
2106 1437 2340 1478 memor
2367 1424 2665 1495 praecepti,
2698 1423 3012 1497 ipsumque
3048 1427 3110 1481 in
3163 1429 3492 1484 excusatio-

1841 1527 1981 1568 nem
2011 1511 2407 1584 prtetendens,
2433 1513 2598 1584 quod
2621 1511 2784 1569 nulla
2812 1513 3039 1571 ratione
3069 1516 3492 1587 possetinfrin-

1843 1611 2002 1670 gere,
2029 1600 2172 1672 quia
2198 1615 2307 1673 per
2333 1599 2480 1655 illud
2522 1600 2882 1658 salvandum
2928 1618 2987 1658 se
3028 1604 3334 1675 sperabat.
3377 1605 3492 1661 Sed

1845 1689 2009 1754 alter,
2039 1694 2096 1745 et
2103 1689 2233 1759 jam
2257 1693 2395 1746 ante
2417 1690 2839 1762 mentisimpos
2861 1707 2985 1763 prae
3005 1691 3232 1762 dolore,
3265 1698 3323 1749 et
3350 1699 3491 1749 tunc

108 1785 220 1833 Καὶ
261 1780 341 1845 ὃς,
388 1782 584 1854 ἔκφρων
631 1783 722 1852 μέν
774 1777 934 1840 ἄλλως
995 1787 1068 1850 τῷ
1127 1781 1282 1832 πάθει
1328 1785 1614 1853 γενόμενος,
1651 1779 1734 1832 ἐπὶ

1850 1778 1906 1834 in
1935 1794 2127 1834 unum
2157 1779 2322 1851 quod
2365 1779 2676 1851 quaerebat
2700 1785 2824 1836 toto
2854 1781 3210 1837 incumbens
3229 1782 3490 1852 ingenio,

106 1866 170 1922 δε
199 1876 279 1938 τῷ
320 1869 620 1940 ζητουμένῳ
667 1873 756 1922 καὶ
798 1868 914 1921 λίαν
961 1871 1224 1944 ἐμφρόνως
1274 1867 1730 1941 διασκεπτόμενος,

98 1967 369 2031 νουνεχῶς
420 1957 630 2012 ἀπατῶν
677 1963 767 2010 καὶ.
795 1979 820 2010 ν
852 1955 1102 2032 διομιλών
1170 1965 1492 2012 συνετώτατα
1522 2004 1536 2029 ,
1595 1959 1733 2030 Ὑφέ·

102 2049 232 2113 ξεις,
276 2053 428 2121 φαίη,
485 2056 578 2108 τῆς
635 2046 761 2120 ἐμῆς
814 2044 1042 2111 ἀκηδίας
1083 2047 1130 2100 ἄν
1202 2057 1370 2123 καιρῷ
1421 2053 1642 2122 κρίσεως
1672 2049 1732 2100 τὸ

103 2141 425 2213 κατὰκριμα
465 2159 477 2171 ·
521 2134 678 2190 οἶσθα
727 2133 787 2189 δὲ
855 2139 1026 2190 ὁπόσα
1095 2142 1215 2201 τοὺς

102 2230 344 2300 Πατέρες
397 2222 853 2286 καταδικάζουσιν
903 2247 918 2259 ·
967 2223 1118 2279 οὐδὲν
1160 2229 1262 2302 γὰρ
1308 2235 1408 2279 τῶν
1455 2229 1556 2279 ὅσα
1593 2226 1720 2282 πλά-

103 2317 261 2377 ζεται
312 2314 435 2390 παρ’
492 2313 784 2391 ἀνθρώποις
860 2317 1034 2368 ἱκανὸν
1115 2317 1370 2388 τυγχάνει
1453 2335 1542 2389 μοι
1603 2320 1733 2391 πρὸς

101 2404 474 2480 παράκλησιν,
518 2405 613 2456 ούκ
672 2404 914 2467 ἔντευξις.
968 2404 1073 2477 οὐχ
1139 2406 1404 2474 ὑποθήκη,
1464 2405 1523 2458 ού
1570 2425 1732 2480 προσ-

105 2498 318 2548 τάττων
384 2497 583 2566 πατηρ,
654 2492 713 2544 ού
771 2495 1234 2566 παραμυθούμενος
1293 2491 1604 2565 ἐπιτήδειος,
1672 2496 1731 2548 οὗ

105 2584 261 2658 φίλος
300 2584 576 2657 ὁρώμενος,
640 2581 698 2634 ού
775 2587 1028 2654 συγγενὴς
1081 2581 1432 2656 ἐφιστάμενος,

106 2678 243 2728 εἴπω
286 2680 392 2724 τῶν
447 2671 685 2724 ἁπάντων
749 2667 902 2724 οὐδεν
949 2693 962 2705 ·

1287 2137 1385 2196 ἁκη
1395 2135 1613 2199 διῶντας
1684 2135 1733 2189 οἱ

1513 2583 1730 2636 συνελὼν

1009 2673 1180 2724 πάντα
1220 2675 1322 2746 γὰρ
1381 2672 1556 2735 ἑξίσης
1608 2672 1730 2726 ἀπέ-

109 2781 414 2836 στραμμαι,
464 2761 626 2814 πάλαι
667 2765 760 2834 μεν
814 2760 1219 2834 ἀποταξάμενος,
1268 2768 1380 2814 νυνι
1427 2758 1478 2814 δ’
1527 2762 1729 2826 ἀληθῶς

108 2849 526 2925 βδελυξάμενος.
560 2849 690 2921 Ἀγε
749 2857 895 2922 γοῦν,
961 2853 1130 2924 Πάτερ
1188 2849 1460 2924 σεϐάσμιε,
1512 2849 1606 2904 διὰ
1650 2851 1732 2904 λό-

104 2963 209 3016 γου
259 2962 352 3016 μοι
407 2945 752 3015 προσενέγκαι
809 2943 1080 3014 φάρμακον
1152 2949 1214 3014 τῇ
1276 2939 1572 3015 ὃεμιωτάτη
1635 2961 1730 2994 σου

107 3028 345 3106 γραφίὸι
395 3051 408 3064 ⁸
469 3028 796 3103 ἔμπλαστρόν
848 3049 966 3082 τινα
1022 3032 1396 3105 θεραπευτικὸν
1457 3031 1733 3084 ἐπισκευα-

1843 1867 2165 1939 prudenter
2215 1867 2464 1923 omnino
2511 1883 2582 1924 ac
2644 1868 2964 1941 sapienter,
3028 1869 3350 1926 Reddenda
3387 1870 3495 1926 tibi

1841 1956 1966 2027 erit,
1997 1955 2210 2028 inquit,
2237 1956 2300 2012 in
2330 1956 2425 2012 die
2449 1956 2658 2027 judicii
2693 1957 2842 2013 ratio
2895 1958 3076 2029 hujus
3125 1962 3243 2016 mei
3273 1976 3491 2016 mcero-

1839 2044 1920 2101 ris
1949 2062 1963 2099 :
1989 2045 2104 2100 scis
2145 2050 2347 2102 autem
2375 2047 2685 2118 quomodo
2716 2047 3192 2106 condemnentur
3219 2065 3257 2105 a
3312 2049 3493 2105 Patri-

1840 2133 1974 2200 bus,
2003 2134 2108 2207 qui
2126 2140 2446 2192 maerentes
2475 2134 2996 2208 atﬁciuntinjuria.
3025 2137 3328 2211 Quidquid
3354 2139 3493 2194 hac-

1839 2229 2013 2280 tenus
2069 2224 2343 2281 adhiberi
2421 2223 2500 2280 ab
2551 2225 2898 2282 hominibus
2951 2227 3161 2299 potuit,
3211 2227 3357 2284 nihil
3412 2226 3494 2284 ad

1842 2313 2125 2370 solatium
2148 2329 2353 2370 meum
2383 2313 2589 2385 valuit,
2622 2330 2748 2370 non
2777 2315 3141 2387 deprecatio,
3174 2333 3297 2374 non
3326 2317 3494 2390 polli-

1841 2403 2060 2470 citatio,
2092 2418 2217 2459 non
2241 2404 2598 2476 praecipiens
2629 2411 2817 2475 pater,
2848 2420 2972 2461 non
3004 2406 3314 2463 familiaris
3358 2422 3493 2463 con-

1841 2492 2068 2561 solans,
2099 2507 2224 2549 non
2254 2493 2486 2549 amicus
2522 2493 2808 2563 invisens,
2839 2509 2964 2550 non
3001 2499 3295 2566 cognatus
3337 2513 3492 2569 prae-

1840 2597 1997 2649 sens,
2021 2584 2086 2637 ut
2109 2597 2232 2636 uno
2262 2581 2457 2637 dicam
2508 2583 2717 2650 verbo,
2762 2582 2911 2639 nihil
2958 2584 3207 2640 omnino
3243 2601 3255 2640 :
3290 2585 3496 2642 omnia

1839 2671 1998 2726 enim
2019 2669 2324 2741 aequaliter
2348 2685 2608 2740 ai'ersor,
2632 2686 2768 2740 qna:
2795 2677 2851 2727 et
2868 2672 2996 2743 jam
3021 2672 3255 2745 pridem
3293 2673 3495 2731 dimisi

1839 2763 1896 2814 et
1925 2773 2085 2814 nunc
2137 2758 2315 2830 plane
2380 2755 2712 2815 abominor.
2747 2759 2850 2816 Eia
2906 2776 3070 2830 ergo,
3125 2765 3294 2818 Pater
3339 2778 3498 2819 reve-

1837 2847 2044 2918 renda,
2078 2847 2235 2921 stylo
2266 2853 2367 2906 tuo
2386 2849 2833 2919 elegantissimo
2847 2850 3088 2922 applica
3105 2851 3255 2907 mihi
3270 2867 3494 2909 sermo-

1839 2936 1932 2993 nis
1956 2937 2374 3009 pharmacum,
2399 2936 2563 2993 velut
2591 2938 2986 3010 emplastrum
3003 2939 3316 3012 quoddam
3339 2941 3497 2997 salu-

1841 3030 1990 3094 tare,
2020 3043 2142 3099 quo
2164 3027 2477 3084 sanitatem
2508 3027 2794 3099 recipiam
2815 3032 2872 3083 et
2922 3029 3128 3084 anima
3176 3030 3497 3086 retineatur

111 3141 227 3193 σον,
298 3123 413 3181 ἣτις
486 3117 854 3171 ἁνακαλέσεται
905 3122 1036 3193 πρὸς
1096 3121 1316 3192 ὑγίειαν,
1369 3123 1461 3172 καί
1511 3139 1602 3192 μοι
1640 3124 1734 3179 τὴν

1850 3116 1904 3172 in
1932 3117 2182 3188 corpore
2192 3115 2321 3188 jam
2342 3115 2673 3185 deﬁciente,
2697 3116 3036 3190 ipsamque,
3060 3123 3126 3174 ut
3142 3118 3224 3174 ita
3240 3118 3492 3177 dixerim

111 3211 310 3283 ψυχὴν
365 3208 714 3282 παρακαθέξει
764 3217 837 3278 τῷ
889 3214 1116 3281 σώματι,
1167 3208 1584 3282 λειποθυμοῡντι,
1645 3214 1736 3262 καὶ

114 3305 317 3375 μικροῦ
360 3294 468 3350 δεῖν
513 3296 564 3350 ἐν
596 3298 740 3372 ῥισὶν
786 3296 948 3356 αὐτὴν
1007 3302 1229 3373 φέροντι,
1280 3302 1370 3350 καὶ
1407 3301 1580 3372 ὥσπερ
1621 3297 1737 3361 ἐξα-

112 3391 414 3441 ποπνέοντι.
470 3385 614 3439 Ἱσθι
668 3389 790 3458 γὰρ,
843 3389 955 3440 ἰσθι
997 3389 1063 3447 ὡς
1117 3389 1166 3438 ἓν
1215 3385 1491 3462 ἀπορρήτῳ
1543 3390 1610 3439 τὰ
1646 3394 1737 3439 τοῦ

115 3479 434 3552 πράγματος
471 3479 721 3540 κείσεται,
767 3479 856 3527 καὶ
910 3470 1254 3528 οὐὸοπωσοῦν
1306 3491 1430 3528 ποτε
1487 3477 1740 3550 φωραθεὶς

116 3574 194 3637 τῷ
224 3568 431 3640 γέροντι
464 3585 477 3597 ·
516 3561 611 3616 διὰ
634 3566 738 3638 γὰρ
784 3560 1058 3637 φροντιδος
1113 3562 1174 3616 ἂν
1225 3567 1428 3637 ἔχοιμι,
1467 3570 1557 3617 καὶ
1611 3584 1739 3640 προ-

119 3663 382 3731 ορώμενος
444 3653 543 3721 ἀεὶ,
585 3652 1028 3728 περικαλύπτοιμι
1105 3657 1163 3706 τὸ
1224 3657 1461 3709 συντεθὲν
1508 3659 1598 3707 καὶ
1649 3674 1740 3706 συ-

123 3743 423 3816 στελλοιμι.

193 3833 292 3902 με’.
360 3834 532 3885 [Ιείθει
585 3834 789 3893 τούτοις
860 3836 946 3885 τόν
1006 3833 1282 3905 συμπαθῆ,
1339 3831 1602 3904 μειλίσσει
1656 3835 1744 3884 τὸν

119 3923 326 3975 οἴκοθεν
384 3923 627 3989 εὕεικτον,
693 3920 951 3993 ἐφέλκεται
1015 3925 1147 3995 πρὸς
1192 3923 1218 3974 ὅ
1284 3927 1374 3974 καὶ
1427 3920 1746 3993 βεϐούληται

119 4021 231 4074 τοίς
284 4017 417 4064 πᾶσι
469 4015 527 4064 τό
566 4030 626 4082 γε
681 4011 753 4071 εἰς
801 4011 956 4064 αὐτὸν
1004 4012 1128 4069 ἧκον
1183 4011 1502 4064 εύέντευκτὸν
1553 4030 1603 4064 τε
1651 4017 1746 4065 καὶ

121 4102 496 4175 εὐμετάφορον.
537 4103 821 4159 Συντίθησι
858 4105 1030 4152 τοίνυν
1067 4103 1347 4176 τροπάριον
1417 4102 1548 4174 (19),
1609 4102 1744 4154 οὕτω

119 4195 229 4265 γὰρ
269 4193 466 4263 ταχθὲν
505 4189 678 4261 ἐκείνῳ
713 4193 778 4243 τὰ
806 4187 986 4242 τοιάδε
1036 4189 1228 4258 καλεῖν,
1271 4191 1365 4242 ούκ
1420 4190 1584 4252 ἄλλως
1633 4187 1748 4244 δέον

126 4277 300 4334 εἰπεῖν
343 4300 357 4313 ο
397 4281 705 4355 τροπάριον,
734 4279 794 4332 ού
838 4278 1164 4351 πολύστιχον
1217 4283 1328 4352 μέν,
1383 4276 1748 4352 πολυδύναμον

128 4368 190 4425 δέ
261 4390 276 4404 ·
355 4370 380 4421 ὃ
438 4365 505 4428 δὴ
558 4373 648 4421 καὶ
705 4367 1060 4441 ἕμμελέστατα
1109 4364 1350 4440 μελῳδεῖ,
1392 4372 1486 4427 τὴν
1536 4375 1746 4441 πρώτην

129 4463 298 4521 ὄντως
356 4459 604 4532 ἁρμονίαν
671 4457 1029 4532 ἁρμοσάμενος
1107 4478 1120 4490 υ
1186 4455 1390 4529 (βούλει
1457 4458 1745 4526 πυθέσθαι)
1779 4504 1822 4558 D

131 4554 226 4603 καὶ
280 4549 327 4611 ὁ,
383 4551 560 4601 Πάντα
611 4550 898 4620 ματαιότης
953 4547 1018 4599 τά
1083 4543 1398 4620 ἀνθρώπινα,
1454 4546 1555 4599 ὅσα
1641 4546 1746 4618 οὐχ

134 4638 378 4710 ὑπάρχει
436 4637 568 4709 μετὰ
625 4636 863 4706 θάνατον,
915 4634 993 4691 Οὐ
1040 4639 1326 4711 παραμένει
1353 4635 1379 4687 ὁ
1417 4633 1653 4702 πλοῦτος,
1687 4635 1744 4687 οὐ

139 4722 415 4782 συνοδεύει
459 4727 490 4785 ἡ
543 4721 674 4788 δόξα
726 4746 738 4760 ·
781 4723 1002 4779 ἐπελθὼν
1056 4727 1172 4800 γὰρ
1216 4727 1242 4777 6
1303 4726 1538 4792 θάνατος,
1584 4732 1748 4780 ταῦτα

214 4957 334 5032 (18)
356 4956 617 5032 [ιὶίειελῇἀ
649 4961 754 5025 est,
785 4955 1255 5032 precesprirnus
1276 4957 1338 5015 in
1359 4957 1608 5015 dearum
1641 4973 1746 5032 nu-

138 5027 383 5088 merum
403 5027 596 5086 retulit
613 5027 1094 5101 llome‘rus,cujus
1111 5029 1291 5086 etiam
1318 5035 1598 5102 poemata
1630 5030 1749 5102 dis-

138 5104 502 5174 tinguuntur
519 5102 580 5157 in
600 5102 995 5172 Ithapsodzas,
1018 5117 1171 5174 quas
1193 5101 1390 5157 Latine
1406 5101 1586 5158 libros
1607 5101 1748 5156 dici-

139 5189 310 5231 mus.

215 5244 332 5325 (l9)
362 5245 772 5325 Deptropaijifs,
796 5260 933 5317 quae
966 5243 1167 5325 Latine
1199 5245 1518 5301 versiculos
1541 5258 1754 5325 vocare

143 5314 373 5390 possis,
406 5315 490 5373 ita
513 5314 718 5390 scribit
737 5314 996 5390 Zonaras
1018 5314 1097 5390 ad
1127 5318 1431 5372 Canonem
1459 5314 1755 5390 anastasi-

143 5385 322 5445 inum
351 5387 722 5456 Damasceni,
767 5389 1038 5461 Τροπάρια
1084 5385 1335 5461 λέγονται,
1369 5390 1438 5448 ὼς
1482 5389 1611 5461 πρὸς
1635 5389 1756 5461 Τοὺς

148 5461 366 5534 εἱρμοὺς
404 5464 710 5533 τρεπόμενα,
780 5456 870 5511 καὶ
925 5456 1021 5518 τὴν
1082 5456 1341 5532 ἀναφορὰν
1413 5456 1529 5510 τοῡ’
1572 5457 1758 5530 μέλους

148 5530 286 5606 πρὸς
336 5530 590 5606 ἐκείνου-ςΔ
623 5533 923 5603 ποιούμενα,
983 5530 1012 5588 ἡ
1083 5530 1288 5606 καὶ-⁷ὡς
1362 5533 1757 5606 τρέποντα-την

151 5598 328 5675 φωνὴν
374 5610 474 5653 τῶν
520 5598 942 5676 ᾁδὸντῶνίπρὸς
997 5604 1055 5652 τὸ
1101 5601 1252 5676 μελος
1290 5598 1514 5676 καὶίτὸν
1561 5601 1757 5676 ῥυθμον

152 5672 258 5735 τῶν
304 5676 493 5751 εἱρμῶν
532 5672 560 5709 ὀ
608 5674 652 5729 εἰ
697 5672 770 5751 μὴ
817 5672 918 5750 γὰρ
968 5672 1111 5750 πρὸς
1139 5672 1362 5736 ἐκείνους
1408 5675 1436 5726 6
1488 5672 1588 5726 τῶν
1623 5675 1760 5729 αὐτὰ

1843 3204 1904 3260 in
1930 3204 2181 3261 naribus
2209 3204 2491 3272 habente,
2550 3209 2905 3278 tantumque
2956 3222 3080 3262 non
3133 3207 3494 3279 exspirante.

1849 3296 2012 3352 Scias
2035 3299 2256 3361 autem,
2289 3300 2345 3351 et
2364 3300 2526 3352 certo
2557 3294 2732 3363 scias,
2761 3295 2886 3352 fore
2912 3300 2976 3352 ut
3002 3311 3098 3352 res
3123 3300 3249 3353 tota.
3301 3296 3496 3354 occul-

1846 3390 1908 3442 ta
1931 3387 2175 3441 maneat
2199 3398 2396 3457 neque
2424 3399 2697 3456 unquam
2724 3385 2802 3442 ad
2822 3385 3097 3442 notitiam
3127 3385 3287 3443 senis
3338 3385 3498 3443 defe-

1847 3478 2033 3532 ratur:
2051 3474 2166 3530 hoc
2195 3473 2357 3530 enim
2379 3473 2528 3530 mihi
2553 3489 2712 3530 curas
2733 3474 3030 3548 imprimis
3055 3475 3183 3547 erit,
3253 3491 3494 3549 semper

1849 3564 2189 3635 provisuro,
2212 3562 2458 3635 utquod
2478 3562 2881 3636 compositum
2908 3563 3085 3622 fuerit
3107 3563 3411 3622 occultum
3443 3568 3499 3623 et

1851 3667 2140 3710 arcanum
2185 3651 2466 3710 habeam.

1924 3834 2012 3886 45.
2045 3830 2142 3886 His
2170 3829 2354 3886 vincit
2381 3830 2689 3887 hominem
2710 3830 3182 3897 misericordem,
3202 3832 3501 3889 demulcet

1855 3935 1966 3974 sua
1984 3922 2199 3975 natura
2227 3916 2546 3974 ﬂexibilem
2557 3958 2572 3988 ,
2607 3922 2664 3974 et
2689 3917 2766 3974 ad
2796 3918 2962 3990 quod
2987 3917 3134 3987 vult,
3157 3919 3335 3974 trahit
3392 3935 3500 3992 per

1858 4023 1923 4063 se
1947 4005 2294 4063 ducibilem.
2325 4005 2641 4079 Componit
2670 4020 2812 4076 ergo
2839 4007 3099 4062 Joannes
3147 4008 3495 4082 troparium,

1857 4097 1942 4154 sic
1971 4097 2132 4153 enim
2168 4096 2508 4153 istiusmodi
2531 4095 2723 4152 solent
2750 4110 2862 4152 nec
2909 4095 3076 4152 aliter
3121 4096 3342 4154 debent
3396 4113 3499 4171 ap-

1855 4185 2085 4260 pellari:
2114 4185 2445 4258 troparium
2467 4199 2801 4257 paucorum
2831 4200 3136 4256 versuum,
3168 4186 3271 4242 sed
3297 4188 3499 4244 multae

1855 4275 2110 4346 energies
2139 4275 2412 4347 plenum,
2438 4273 2604 4347 quod
2620 4273 2797 4330 etiam
2821 4273 3171 4330 suavissime
3193 4275 3370 4346 canit,
3405 4291 3502 4332 se-

1856 4364 2124 4421 cundum
2143 4363 2475 4421 harmonia:
2501 4377 2634 4419 vere
2653 4363 2862 4435 primae
2891 4367 3178 4420 tenorem:
3194 4369 3402 4436 estque
3423 4365 3502 4433 (si

1853 4453 2020 4510 lubet
2047 4452 2278 4525 audire)
2303 4451 2676 4523 hujusmodi:
2702 4451 2981 4509 Humana
3009 4452 3214 4510 omnia
3247 4453 3497 4526 vanitas,

1856 4559 1993 4617 quae
2021 4546 2432 4616 postmortem
2481 4555 2606 4599 non
2655 4541 2969 4599 exsistunt.
2997 4544 3126 4599 Non
3146 4547 3505 4615 permanent

1856 4649 2024 4707 opes,
2056 4647 2182 4689 non
2201 4631 2520 4689 comitatur
2534 4631 2741 4704 gloria,
2767 4631 3146 4704 subsequens
3162 4633 3320 4690 enim
3337 4649 3502 4691 mors

1856 4722 2064 4781 omnia
2081 4722 2194 4779 ista
2215 4721 2352 4778 fecit
2371 4737 2748 4780 evanescere.
2784 4723 3161 4796 Quapropter
3177 4721 3504 4781 immortali

1856 4956 2152 5030 ψαλλόντων
2210 4957 2452 5030 φθόγγοςΔ
2493 4954 2777 5025 εύθύνοιτο,
2853 4955 2960 5030 ούκ,
3031 4954 3294 5030 εὔρυθμονΔ
3327 4955 3505 5030 Δἐσται

1858 5023 1915 5084 τὸ
1959 5028 2131 5102 ,μέλος
2217 5023 2361 5079 ὸ-ὶὸϊ
2426 5023 2768 5102 βναρμόνιον,
2853 5023 3020 5102 ούὸξευ
3071 5023 3215 5102 μελος
3283 5024 3502 5102 λέγοιτο,

1861 5093 1993 5154 ὄιλλΓ
2026 5098 2233 5173 ἀπηχὲς
2279 5103 2368 5173 καὶ
2417 5093 2740 5173 ἀνάρμοστον
2795 5101 2882 5150 καὶ
2930 5093 3196 5173 ἂῤῥυθμου
3223 5093 3503 5173 ,φώνημαῖ

1933 5166 2261 5242 «Troparia
2287 5166 2567 5225 dicuntur
2590 5169 2746 5242 quia
2772 5183 2834 5223 se
2876 5166 3251 5242 convertunt
3288 5166 3506 5225 adtra—

1863 5248 2046 5312 ctum,
2080 5237 2137 5298 ét
2157 5246 2368 5312 cantus
2391 5237 2787 5312 mutatidnem
2817 5238 2897 5294 ad
2916 5237 3066 5312 illud
3094 5238 3342 5312 iaciunt,
3403 5255 3510 5296 seu

1861 5309 2572 5386 vertu'ntquodammodo
2593 5311 2672 5368 ad
2685 5315 2895 5386 tonum
2915 5309 3510 5386 modulationemque

1865 5380 2191 5443 tractuum:
2219 5383 2332 5438 nisi
2389 5383 2549 5437 enim
2603 5397 2742 5438 cum
2791 5380 2904 5436 illis
2947 5381 3269 5438 concordet
3310 5380 3506 5449 tonhs,

1863 5457 1996 5530 ipsa
2025 5455 2292 5530 troperia
2317 5452 2658 5530 canentium
2689 5465 2810 5530 non
2840 5452 3113 5530 dicentur
3133 5468 3260 5530 esse
3300 5453 3510 5530 melos,

1867 5522 1974 5585 s'ed
2028 5522 2338 5598 confusus,
2376 5522 2810 5596 incompositus
2847 5527 2904 5580 et
2949 5523 3345 5583 inconcinnus
3397 5524 3514 5583 cla-

1865 5615 2105 5661 mor».
