4032 6308
531 275 634 350 89,7

1729 239 2195 324 Consmvrmi
2227 237 2699 328 amomum.

524 397 657 470 jam
687 396 916 455 Christo
942 394 1272 451 clamemus
1305 409 1318 447 :
1378 392 1662 464 Requiem
1683 391 1849 448 dona
1876 389 2177 448 translatis

2291 390 2457 444 πάντα
2485 389 2778 461 ἐξηφάνισε.
2810 392 2898 442 Διὸ
2941 398 3156 463 Χριστῷ
3185 398 3259 462 τῷ
3297 389 3535 463 ἀθανάτῳ
3565 391 3848 466 βοήσωμεν
3885 412 3904 426 ³

531 487 672 543 hinc
698 486 855 552 illac,
881 484 985 540 ubi
1008 483 1277 540 omnium
1312 480 1593 538 salusest.
1619 482 1915 552 Oquantaa
1949 480 2180 552 sapien-

539 576 633 632 tiae
665 575 859 648 plenae
879 579 1016 628 sunt
1035 573 1127 628 hae
1140 587 1348 644 paucae
1367 570 1638 642 syllabae!
1656 586 1882 643 paucae,
1904 571 2181 642 inquam,

533 663 775 736 syllabae
804 666 1077 734 respectu
1104 658 1464 732 amplissimi
1510 674 1694 731 quem
1723 659 2028 714 continent
2054 675 2182 714 sen-

534 769 657 810 sus:
678 751 920 824 qualem
947 749 1341 822 philosophias
1363 748 1886 817 latitudinem,hoc
1930 748 2182 804 deﬁnitu

533 856 603 896 ac
635 843 974 896 memoratu
1001 838 1172 894 facile
1203 837 1430 893 dictum
1489 835 1854 892 lUniversim
1901 837 2179 904 ostendit,

531 929 831 1004 planeque
857 929 1248 991 demonstrat,
1275 932 1330 982 et
1360 925 1636 982 absolute
1665 926 1984 992 concludit,
2018 926 2182 982 nihili

533 1018 874 1074 faciendam
908 1017 1112 1082 vitam,
1135 1014 1300 1070 nihili
1331 1014 1650 1086 praesentia
1669 1015 1798 1069 haec
1826 1014 2184 1070 aestimanda

531 1123 684 1163 esse.
723 1107 948 1163 Similia
972 1104 1414 1162 dixissetetiam
1446 1105 1514 1169 is,
1529 1104 1630 1174 qui
1653 1103 1924 1159 omnium
1953 1104 2184 1175 sapien-

532 1196 796 1252 tissimus
837 1195 1174 1251 declaratus
1226 1199 1315 1248 est
1373 1192 1673 1257 Salomon,
1708 1198 1762 1247 et
1810 1192 2055 1248 dixisset
2105 1193 2178 1258 ei,

530 1301 716 1357 quam
741 1285 964 1341 caelitus
996 1283 1248 1354 adeptus
1274 1287 1387 1350 est,
1406 1282 1709 1352 sapientia:
1743 1297 2012 1336 consona
2039 1299 2052 1336 :
2099 1282 2184 1338 di-

531 1379 624 1428 cta
647 1379 868 1436 autem,
898 1378 962 1428 ut
983 1370 1362 1436 admiranda,
1395 1370 1647 1426 fuissent
1667 1387 1841 1425 usum
1882 1371 2183 1441 proverbii

533 1464 760 1534 sortita,
790 1478 912 1520 non
941 1468 1143 1518 tamen
1165 1476 1412 1533 prorsus
1446 1475 1716 1516 consona
1741 1460 1938 1515 verbis
1951 1461 2081 1531 ejus
2104 1460 2181 1516 vi-

532 1558 727 1624 taeque
757 1551 1022 1615 dixisset,
1055 1555 1255 1606 motus
1281 1547 2185 1613 reverentiadoniexinde,sicut

532 1642 659 1713 ipse
687 1645 952 1706 testatur,
982 1638 1378 1710 procedentis,
1423 1642 1486 1693 ut
1538 1643 1770 1694 taceam
1825 1639 2180 1710 passionum

2288 482 2420 539 Τοὺς
2457 481 2812 550 μεταστάντας
2869 477 2924 541 ἐξ
2971 481 3114 551 ἡμῶν
3187 479 3508 547 ἀνάπαυσον,
3581 484 3708 534 ἔνθα
3770 485 3898 533 πάν-

2290 587 2388 620 των
2420 567 2562 620 ἐστὶν
2597 570 2626 626 ἡ
2663 573 2915 641 σωτηρία.
2968 569 3028 621 Ὠ
3071 571 3242 631 πόσης
3282 578 3435 622 τοῦτο
3486 575 3632 642 γεμει
3683 570 3899 643 φιλοσο-

2291 661 2413 728 φίας
2458 659 2513 708 τό
2553 653 2995 727 βραχυσύλλαϐον
3055 657 3067 712 l
3119 655 3562 730 βραχυσύλλαϐον
3605 662 3732 732 γὰρ,
3765 665 3900 733 πρὸς

2290 746 2351 804 ἣν
2395 747 2698 818 παριστάνει
2782 744 3052 807 πλατυκῶς
3087 782 3090 784 -
3133 749 3323 799 ἔννοιαν
3353 768 3364 779 ·
3397 748 3438 798 ὦ
3479 753 3653 805 πόσην
3705 754 3898 819 σοφίας

2291 833 2452 903 αὐχεῖ
2503 833 2838 904 μεγαλόνοιαν
2890 837 2949 885 τὸ
2984 833 3248 906 εὐόριστον
3294 843 3444 888 τοῦτο
3493 842 3584 888 καὶ
3637 838 3900 908 εὐμνημοο

2290 922 2506 977 νευτονὲ
2575 929 2613 974 Γ
2615 932 2793 984 ενικὼς
2866 921 3221 995 ἀποφαίνεται,
3282 924 3462 985 ὑλικῶς
3521 922 3894 993 ἀποδείκνυσι,

2293 1021 2488 1083 σεμνῶς
2538 1011 2816 1083 ἀναγκάζει
2888 1009 3052 1084 μηδὲν
3102 1015 3351 1083 ἡγεῖσθαι
3400 1018 3487 1066 τόν
3535 1012 3676 1087 βίον,
3726 1012 3900 1086 μηδὲν

2292 1105 2356 1154 τὰ
2408 1106 2638 1175 παρόντα
2683 1101 3006 1171 λογίζεσθαι.
3062 1099 3187 1156 Εἶπέ
3222 1123 3322 1154 που
3375 1112 3476 1156 τῶν
3521 1103 3684 1155 αὐτοῦ
3730 1104 3895 1175 λόγων

2292 1196 2380 1242 καί
2438 1189 2667 1262 Σολομὼν
2729 1190 3091 1264 παραπλήσια,
3150 1193 3178 1243 ό
3229 1194 3433 1245 πάντων
3501 1195 3636 1263 μετὰ
3691 1195 3898 1244 πάντων

2291 1283 2750 1352 μεμαρτυρημένος
2795 1286 3086 1351 σοφωτοτος
3131 1301 3143 1313 ·
3186 1287 3276 1336 καὶ
3315 1278 3424 1335 εἶπε
3481 1285 3572 1353 μὲν
3625 1283 3758 1344 ἀξια
3805 1290 3898 1343 τῆς

2297 1369 2353 1429 ἧς
2419 1370 2610 1420 ἄνωθεν
2660 1368 2881 1439 ἐσχήκει
2962 1374 3167 1440 σοφίας,
3226 1375 3317 1422 καὶ
3367 1367 3794 1443 ἐγνωμοδότησεν
3835 1375 3902 1430 ὡς

2295 1459 2565 1529 θαυμάσια
2622 1477 2634 1489 ο
2693 1455 2800 1508 ἀλλ’
2877 1456 3120 1529 οὓμενουν
3176 1455 3461 1521 διαπαντὸς
3510 1457 3726 1531 συνῲδὰ
3793 1469 3906 1520 τοῖς

2291 1545 2462 1617 λόγοις
2512 1551 2601 1597 καὶ
2645 1548 2708 1598 τὰ
2743 1553 2835 1606 τῆς
2869 1543 3138 1618 διαγωγῆς
3176 1544 3474 1610 ἐπεδείξατο
3533 1570 3547 1582 ·
3597 1546 3752 1604 αἰδοῖ
3795 1551 3906 1621 γὰρ

2291 1644 2386 1696 τῆς
2440 1633 2626 1687 ἐκεῖθεν
2684 1637 2755 1698 ὡς
2831 1636 2984 1696 αὐτὸς
3009 1634 3196 1698 ἐκεῖνος
3247 1641 3615 1711 μεμαρτύρηκε
3671 1635 3905 1712 δωρεᾶς,

535 1731 806 1786 omnium
839 1730 1267 1795 humanarum,
1295 1729 1494 1799 potius
1514 1727 1765 1783 dixerim
1803 1728 2179 1785 irrationabi-

2291 1728 2519 1796 παρίημι
2588 1723 2750 1796 λέγειν
2790 1727 2969 1778 παθῶν
3041 1724 3368 1799 ἀνθρωπίνων
3425 1732 3456 1785 ἦ
3515 1727 3709 1800 μᾶλλον
3789 1727 3916 1780 ἀλο-

535 1818 681 1874 lium
703 1819 1240 1890 compressionem,
1265 1820 1472 1873 Beatus
1489 1817 1584 1872 hic
1615 1823 1770 1874 certe
1804 1823 1863 1872 et
1888 1833 2026 1872 vere
2058 1833 2182 1889 per-

537 1907 726 1964 fectus
755 1907 940 1963 homo
962 1907 1090 1967 fuit.
1123 1907 1229 1977 qui
1269 1906 1381 1960 sibi
1433 1905 1682 1961 omnino
1743 1907 2020 1962 conscius
2059 1912 2184 1964 erat

533 1996 931 2053 collateralem
967 1999 1084 2052 Deo
1116 1995 1477 2066 sapientiam
1503 2010 1624 2052 non
1663 1995 1910 2066 quidem
1940 1995 2180 2066 petiisse

530 2085 758 2156 palam,
777 2085 884 2141 sed
913 2101 1051 2141 vere
1080 2083 1520 2156 accepisse,etsi
1548 2083 2017 2156 nonpropalaret
2033 2100 2182 2156 quo-

531 2173 714 2230 modo
745 2190 882 2230 eam
903 2173 1209 2246 receperit,
1231 2177 1432 2245 utpote
1448 2172 1803 2243 jactantiam
1820 2173 1938 2228 oris
1959 2189 2179 2244 usque-

531 2278 772 2335 quaque
804 2261 1133 2332 declinans;
1186 2277 1373 2333 quam
1433 2260 1492 2315 id
1525 2266 1728 2316 tamen
1770 2277 1977 2317 verum
2027 2265 2183 2318 esset

531 2367 807 2406 sermone
839 2349 1017 2405 simul
1046 2354 1102 2405 et
1121 2365 1300 2421 opere
1327 2347 1664 2417 declarans,
1727 2349 1979 2406 Prorsus
2019 2351 2180 2408 enim

531 2454 778 2496 aversus
801 2454 835 2493 a
863 2437 1093 2494 mundo
1121 2442 1176 2492 et
1200 2437 1366 2492 omni
1384 2435 1596 2492 affectu
1651 2437 1978 2494 irrationali
2008 2456 2174 2511 supe-

531 2528 674 2593 rior,
709 2531 888 2598 atque
937 2531 1000 2582 ut
1032 2525 1213 2581 verbo
1243 2525 1576 2591 absolvam,
1607 2542 1780 2598 teque
1809 2526 2080 2584 faciendo
2111 2544 2181 2586 ac

533 2615 903 2688 speculando
915 2613 1324 2687 philosophari
1338 2612 1606 2683 edoctus,
1629 2615 1835 2670 omnia
1851 2616 2027 2672 simul
2040 2633 2181 2674 con-

533 2703 843 2760 temnebat
864 2707 919 2758 et
941 2702 1105 2758 nihili
1134 2701 1393 2758 faciebat
1424 2703 1650 2767 omnia;
1669 2704 1893 2776 quippe
1906 2705 2008 2776 qui
2035 2710 2180 2762 tem-

531 2791 765 2865 poralia
792 2796 847 2847 et
869 2797 1101 2848 terrena
1129 2798 1344 2848 cuncta
1387 2791 1586 2864 potius
1630 2807 1755 2848 non
1808 2809 1943 2849 esse
1994 2811 2180 2866 quam

532 2897 662 2936 esse
685 2880 988 2948 credebat;
1022 2886 1200 2954 atque
1229 2880 1387 2937 illius
1413 2881 1696 2954 praecipui
1727 2882 1874 2940 boni
1891 2883 2185 2941 duntaxat

531 2969 855 3042 cupiditate
877 2969 1195 3039 ﬂagrabat,
1260 2969 1428 3042 quod
1459 2986 1643 3042 supra
1686 2986 1798 3027 nos
1836 2978 1921 3028 est
1975 2977 2178 3044 atque,

529 3057 850 3126 ineffabile,
876 3063 932 3114 et
961 3058 1126 3130 quod
1155 3059 1432 3115 universa
1458 3075 1593 3130 qum
1662 3064 1803 3116 sunt
1857 3076 2031 3118 suam
2078 3062 2181 3118 ha-
2210 3082 2254 3138 ο

530 3147 672 3202 bent
705 3147 795 3204 vel
826 3146 1127 3219 accipiunt
1164 3147 1510 3203 essentiam.

599 3256 688 3309 46.
727 3253 860 3317 Sed,
889 3269 925 3310 o
947 3257 1328 3325 repentinum
1350 3268 1559 3309 casum
1588 3253 1600 3308 !
1625 3257 1729 3309 aut
1766 3255 1988 3325 potius,
2029 3271 2181 3325 euge

532 3341 885 3412 praclaram
915 3341 1074 3397 beati
1094 3341 1279 3404 nostri
1301 3339 1516 3396 exinde
1566 3341 1983 3412 probationem
2019 3345 2032 3398 ε
2059 3361 2184 3416 qua

530 3428 904 3484 manifestius
933 3428 1197 3486 debebat
1226 3430 1566 3493 monstrari,
1595 3446 1782 3501 quam
1819 3432 2097 3489 subditus
2125 3439 2184 3490 et

529 3533 715 3590 quam
732 3522 1052 3588 promptus
1077 3522 1232 3573 esset
1259 3518 1337 3573 ad
1351 3519 1534 3574 Patris
1554 3519 1644 3575 sui
1663 3519 1988 3590 spiritualis
2011 3539 2184 3578 man-

529 3604 760 3672 datum,
783 3609 1196 3676 quantamque
1225 3605 1632 3664 obedientiam
1652 3608 1705 3663 ei
1739 3609 2018 3666 deferret.
2077 3615 2184 3668 Ca-

527 3694 690 3749 nenti
702 3698 916 3765 praeter
927 3694 1421 3764 exspectationem
1436 3697 1780 3766 supervenit
1793 3713 1972 3753 senex
1983 3700 2186 3764 ,verba

531 3783 717 3848 audit,
752 3798 875 3838 rem
901 3781 1194 3852 intelligit,
1210 3783 1558 3852 indignatur
1583 3789 1648 3840 ut
1675 3791 2076 3859 contemptus.
2093 3790 2184 3844 In-

530 3871 800 3940 greditur
831 3887 971 3940 ergo
1002 3871 1088 3928 ira
1109 3877 1346 3928 tumens
1376 3878 1434 3928 et
1451 3872 1664 3944 plenus
1691 3875 1889 3932 furore
1915 3892 1987 3933 ac
2003 3877 2185 3939 veluti

528 3977 758 4017 meram
789 3959 972 4016 bilem
999 3961 1259 4033 spirans:
1289 3977 1484 4033 neque
1519 3963 1734 4018 intueri
1781 3979 1918 4021 eum
1981 3966 2180 4032 voluit,

532 4049 636 4104 sed
669 4048 846 4120 plane
875 4064 1160 4104 aversaris
1175 4049 1451 4122 serioque
1476 4051 1905 4122 repellens,vix
1934 4055 2182 4111 demum

529 4136 734 4203 verbo,
755 4152 948 4208 eoque
960 4137 1282 4192 acerbitate
1293 4137 1492 4209 pleno,
1508 4138 1793 4206 dignatur
1803 4149 2175 4200 maerentem:

532 4229 633 4294 Ita,
663 4241 698 4279 ο
716 4225 918 4292 miser,
941 4225 1218 4296 praecepti
1242 4225 1464 4281 oblitus
1485 4243 1547 4281 es
1567 4227 1593 4281 ?
1615 4228 1884 4284 Haaccine
1899 4234 2174 4304 promisi-

529 4313 596 4367 sti
625 4312 652 4364 ?
683 4312 948 4367 Hmccine
978 4312 1487 4385 elegisti,quando
1530 4317 1883 4373 renuntians
1925 4321 2175 4391 mundo,

2290 1817 2525 1886 γωτέρων
2565 1817 2919 1884 κατάσχεσιν.
2957 1812 3015 1866 ’0
3054 1811 3114 1866 δε
3163 1833 3222 1885 γε
3277 1817 3529 1890 μακάριος
3574 1819 3767 1869 οὑτοσὶ
3816 1824 3914 1869 καὶ.

2290 1900 2476 1960 τέλειος
2516 1899 2718 1963 ἀληθῶς
2770 1903 3060 1972 ἄνθρωπος,
3108 1905 3187 1955 ὃτι
3229 1908 3326 1960 ,καὶ
3377 1900 3471 1957 διὰ
3517 1907 3729 1960 πάντων
3775 1907 3910 1976 ὁμο-

2288 1988 2452 2062 λογῶν
2502 1987 2782 2043 διετελεσεν
2821 1991 3008 2063 ἐαυτῷ,
3042 1994 3069 2044 ό
3119 1997 3203 2050 τὴν
3232 1989 3494 2067 πάρεδρον
3541 2002 3658 2064 Θεῷ
3715 2000 3912 2066 σοφίαν

2289 2077 2382 2130 οὐκ
2452 2078 2672 2140 αἰτήσας
2904 2087 3152 2154 φανερῶς,
3182 2079 3401 2152 εἰληφὼς
3455 2078 3505 2135 δ’
3566 2080 3804 2153 ἀληθῶς,
3865 2083 3913 2134 εἰ

2288 2173 2378 2219 καὶ
2423 2173 2495 2240 μη
2549 2169 2760 2235 ἐξεῖπεν,
2827 2172 2893 2230 ὡς
2957 2169 3150 2241 εἴληφε,

2288 2259 2565 2332 προίεσθαι
2634 2257 3164 2332 μεγαλορρημοσύνην
3246 2267 3340 2312 τοῦ
3423 2265 3707 2332 στόματος,
3817 2266 3911 2313 καὶ

2289 2346 2458 2417 λόγοις
2514 2348 2646 2408 ὅπως
2700 2346 2942 2409 ἀληθείας
3016 2351 3130 2420 ἔχει
3189 2354 3278 2402 καὶ
3359 2352 3592 2412 στάσεως
3667 2350 3908 2423 ἐγνωμά-

2290 2455 2457 2502 τευσε,
2522 2441 2611 2488 καὶ
2680 2436 2848 2511 ἓργοις
2902 2437 3079 2498 αὐτοῖς
3115 2434 3448 2511 διεχλεύασε,
3498 2440 3750 2503 καθάπαξ
3788 2449 3907 2492 τοῦ·

2289 2544 2374 2577 τον
2437 2523 2802 2600 ἀποστραφεὶς,
2869 2530 2960 2580 καὶ
3023 2531 3216 2588 παντὸς
3302 2526 3624 2601 ἀλογωτέρου
3701 2532 3910 2590 πάθους

2289 2612 2539 2688 ἀνώτερος
2607 2613 2892 2686 φυλαχθείς
2951 2637 2963 2648 ·
3033 2615 3204 2676 ἁπλῶς
3269 2635 3322 2668 τε
3379 2617 3538 2669 εἰπεῖν
3600 2618 3913 2676 κατάλληλα

2290 2710 2351 2774 τῇ
2405 2704 2592 2774 θεωρίᾳ
2621 2706 2687 2756 τὰ
2741 2707 2859 2773 περὶ
2899 2708 2992 2762 τὴν
3035 2704 3223 2776 πρᾶξιν
3267 2702 3668 2778 ἐφιλοσόφησεν,
3715 2707 3910 2760 ἀπανθ’

2291 2794 2421 2864 όμοῡ
2459 2799 2840 2867 περιφρονήσας
2908 2799 2998 2846 καὶ
3053 2803 3143 2847 τοῦ
3219 2791 3445 2866 μηδενὸς
3508 2794 3770 2862 ἀξιώσας,
3841 2798 3915 2855 ὡς

2293 2880 2387 2932 οὐκ
2416 2880 2469 2932 ὃν
2517 2881 2705 2953 μᾶλλον
2763 2883 2792 2941 ἦ
2837 2882 2891 2935 ὃν
2944 2883 3284 2956 λογισάμενος
3333 2882 3471 2937 ἅπαν
3503 2885 3635 2955 ὁμοῦ
3686 2885 3913 2954 χθόνιον

2291 2988 2345 3020 τε
2365 2974 2454 3022 καί
2472 2975 2708 3043 χρόνιον,
2735 2967 2859 3024 οὐδὲ
2897 2976 3054 3043 μόνου
3080 2977 3170 3028 καὶ
3209 2977 3398 3044 κυρίως
3446 2977 3591 3034 ὄντος
3633 2981 3730 3024 τοῦ
3781 2975 3911 3045 ὑπὲρ

3225 2172 3394 2229 πάντη
3471 2191 3582 2232 πως
3653 2170 3910 2224 ἐκκλίνων

2293 3061 2427 3129 ἡμᾶς
2475 3061 2662 3111 ἐκείνου
2712 3064 2800 3112 καὶ
2851 3059 3170 3135 ἀπορρήτου,
3232 3063 3358 3133 παρ’
3390 3060 3452 3113 οὗ
3481 3067 3581 3114 πᾶν
3614 3059 3852 3131 ἐσχόκει
3879 3065 3908 3117 ἦ

2291 3145 2539 3219 λαμϐάνει
2568 3152 2658 3206 τήν
2684 3152 2918 3215 ὄντωσιν,
2949 3145 3204 3221 διάπυρον
3246 3154 3338 3207 τὴν
3393 3152 3564 3222 ἔφεσιν
3613 3148 3903 3220 ἐσχηκώς.

2363 3254 2509 3326 μζὲ.
2559 3254 2699 3308 Ἀλλ’
2747 3257 2786 3306 ὦ
2833 3263 3228 3330 περιπτὼματος
3268 3252 3569 3328 αἰφνιδίουι
3638 3258 3668 3314 ᾖ
3713 3256 3915 3329 μᾶλλον

2294 3340 2409 3414 εὖγε
2450 3353 2542 3404 τῆς
2599 3341 2799 3397 ἐνθένδε
2833 3345 3070 3420 λαμπρᾶς
3121 3342 3436 3417 δοκιμασίας
3481 3354 3573 3397 τοῦ
3616 3348 3866 3421 μάκαρος
3901 3345 3912 3397 !

2295 3429 2367 3484 δι’
2400 3433 2459 3493 ἧς
2487 3436 2562 3485 ἔτι
2608 3432 2798 3504 μᾶλλον
2851 3431 3132 3505 ἐμφανίσαι
3190 3438 3248 3486 τὸ
3289 3435 3512 3494 εὐπειθὲς
3577 3434 3774 3506 ἤμελλε
3826 3441 3916 3486 καὶ

2295 3522 2507 3579 εὐήκοον
2563 3521 2749 3574 ὁπόσον
2804 3522 2870 3581 εἰς
2933 3526 3020 3576 τὸν
3060 3527 3408 3596 πνευματικὸν
3455 3527 3614 3594 ηὔχει
3674 3529 3913 3598 Πατέρα,

2294 3614 2382 3661 καὶ
2439 3611 2550 3662 οἷαν
2615 3609 2858 3667 ἐκέκτητο
2935 3616 3029 3669 τὴν
3105 3614 3396 3682 ὑποταγὴν.
3467 3611 3791 3682 Ἐφίσταταέ
3871 3614 3918 3663 οἱ

2294 3701 2438 3770 παρὰ
2487 3694 2814 3772 προσδοκίαν
2884 3696 3205 3770 μελῳδοῦντι
3253 3703 3277 3752 ό
3321 3705 3505 3773 γέρων,
3571 3699 3758 3753 ἀκούει
3816 3710 3916 3751 τῶν

2293 3786 2479 3858 λόγων,
2554 3792 2772 3845 συνίησι
2842 3797 2935 3840 τοῦ
3009 3790 3190 3863 ἔργου,
3261 3788 3551 3841 ἐκϐαίνεται
3590 3809 3912 3864 περιφρονή-

2299 3880 2421 3940 οείς.
2461 3882 2666 3932 Εἵσεισι
2704 3887 2826 3947 γοῦν
2883 3883 3052 3952 γέμων
3109 3883 3277 3952 θυμοῦ
3324 3886 3414 3933 καὶ
3457 3880 3658 3954 πλήρης
3717 3882 3909 3956 ὀργῆς,

2294 3966 2454 4039 χόλον
2484 3969 2658 4042 ὥσπερ
2684 3967 2969 4036 ἀποπνέων,
3025 3974 3113 4021 καὶ
3171 3966 3303 4042 μηδ’
3349 3967 3534 4023 ἐνιδεῖν
3583 3966 3750 4028 δῆθεν
3804 3970 3909 4022 EGE-

2291 4057 2410 4127 λων,
2465 4056 2594 4110 ἀλλά
2646 4059 2824 4122 τελέως
2873 4057 3337 4133 ἀποστρεφόμενος,
3385 4059 3484 4112 κάκ
3543 4060 3734 4132 ψυχῆς
3777 4070 3904 4113 τοῦ-

2290 4167 2375 4199 τον
2433 4146 2859 4220 ὁιποποιούμενος⁸
2919 4148 3015 4219 ὀψε
3080 4146 3142 4201 δέ
3191 4169 3314 4202 ποτε
3358 4154 3449 4202 καὶ
3518 4155 3671 4222 μόγις
3743 4150 3903 4221 λόγον

2289 4241 2377 4288 καὶ
2432 4236 2586 4308 λόγου
2640 4246 2834 4309 μεστοῦ
2876 4243 3086 4313 πικρίας
3149 4239 3370 4300 ἠξίωσεν
3419 4259 3430 4272 ·
3473 4239 3678 4307 Οὕτως,
3731 4239 3901 4307 ἄθλιε,

2287 4333 2379 4384 τῆς
2426 4324 2632 4386 ἐντολῆς
2679 4325 2925 4379 ἐπελάθου
2959 4344 2972 4394 ;
3027 4327 3186 4379 Ταῦθ’
3229 4329 3470 4399 ὑπέσχου
3502 4345 3516 4394 ;
3552 4335 3734 4380 Ταῦτα
3773 4349 3902 4403 προ-

529 4406 780 4470 cogente
811 4401 1051 4456 nemine
1073 4402 1373 4458 accessisti
1389 4401 1468 4457 ad
1492 4419 1606 4459 nos
1627 4404 1656 4458 ?
1681 4407 1809 4461 Non
1832 4410 2174 4473 meministi,

2291 4412 2423 4466 είλου
2477 4415 2557 4466 ὅτε
2585 4423 2678 4466 τοῦ
2721 4419 2922 4487 κόσμου
2971 4414 3403 4489 ἀποκεχώρηκας,
3447 4421 3537 4469 καὶ
3588 4417 3712 4489 παρ’
3761 4419 3905 4490 ἡμᾶς

527 4492 676 4559 quot
695 4487 1060 4558 quantisque
1083 4488 1483 4558 rejicientibus
1526 4495 1598 4557 te,
1631 4491 1962 4551 eoforsitan
2011 4499 2177 4569 quod

525 4591 766 4631 morum
780 4579 1016 4630 tuorum
1029 4576 1386 4649 pravitatem
1407 4577 1465 4633 in
1473 4579 2068 4657 tractabilitatemque
2087 4587 2177 4644 in-

529 4663 934 4736 trospicerent,
965 4663 1128 4720 solus
1157 4681 1270 4735 ego
1301 4671 1354 4722 te
1382 4668 1568 4739 (quod
1590 4669 1820 4726 utinam
1856 4688 1980 4729 non
2009 4675 2178 4732 fecis-

527 4769 655 4808 sem
670 4752 1084 4824 l)susceperim
1104 4753 1554 4827 indiscipulum,
1567 4773 1703 4814 mea
1722 4759 2177 4822 teinstructione

526 4841 811 4911 dignatus
827 4842 855 4896 ‘I
871 4857 992 4897 non
1005 4857 1150 4898 sane
1163 4843 1222 4898 in
1239 4859 1375 4915 spes
1393 4845 1690 4915 ejusmodi
1709 4863 1778 4903 ac
1798 4849 1972 4906 talem
1993 4852 2177 4910 ﬁnem

525 4946 648 4987 non
669 4931 957 5004 profecto,
984 4946 1092 5004 per
1118 4931 1314 5004 ipsam
1334 4933 1484 5001 vitai,
1509 4939 1856 4993 monasticae
1882 4941 2172 5011 regulam:

524 5036 644 5076 non
655 5065 670 5090 ,
684 5035 790 5093 per
801 5020 1075 5076 ordinem
1087 5019 1256 5076 illum
1267 5021 1741 5093 pulcherrimum
1761 5043 1946 5098 quem
1964 5046 2000 5086 a
2012 5032 2176 5103 prin-

526 5108 680 5181 cipio
703 5109 1119 5176 observarunt,
1151 5109 1256 5182 qui
1284 5125 1410 5166 vere
1423 5110 1805 5169 solitudinem
1830 5115 2170 5186 elegerunt:

524 5213 782 5269 non,per
793 5199 1285 5270 speciosissimam
1299 5200 1475 5257 claris
1483 5202 1802 5276 simamque
1812 5205 1869 5260 ni
1875 5209 2171 5276 gredinem

443 5303 446 5306 ’
524 5285 1109 5354 habitus,venerabili
1126 5289 1444 5344 Pachomio
1456 5289 1530 5344 de
1545 5290 1707 5346 caelis
1725 5298 2173 5364 monstrati;sed

525 5378 590 5429 ut
600 5379 654 5428 te
666 5389 774 5446 pro
783 5379 844 5430 ut
857 5381 1089 5448 oportet
1101 5376 1456 5448 corrigerem
1465 5421 1478 5446 ,
1494 5383 1550 5434 et
1560 5395 1785 5437 omnem
1798 5398 1921 5454 qua
1941 5385 2170 5445 inﬂaris

2290 4500 2676 4573 ἀναγκάσαντος
2713 4499 2940 4575 μηδενὸς
2994 4507 3250 4575 γέγονας;
3298 4505 3408 4556 Οὐκ
3453 4506 3613 4557 οἶσθα
3663 4503 3738 4577 ἐφ’
3797 4508 3906 4577 ὅτῳ

2290 4609 2348 4642 σε
2387 4590 2735 4665 προσείληφα,
2781 4588 2975 4644 δεΐλαιε
3006 4608 3019 4658 ;
3071 4591 3148 4644 Οὐ
3179 4597 3442 4666 μέμνησαι
3494 4598 3670 4646 πόσων
3711 4612 3776 4647 σε
3807 4601 3906 4647 καὶ

2289 4681 2407 4731 οἰων
2437 4679 2495 4731 οὐ
2547 4676 3006 4754 προσδεχομένων,
3056 4686 3112 4733 τὸ
3165 4690 3257 4734 τοῦ
3313 4687 3506 4755 τρόπου
3560 4684 3707 4754 τάχα
3735 4703 3907 4736 κατοο

2287 4771 2614 4821 πτευσάντων
2686 4774 2868 4822 σκαιὸν
2943 4776 3034 4824 καὶ
3112 4769 3447 4842 δυσάγωγον,
3504 4777 3661 4843 μόνος
3731 4775 3905 4844 ἔγωγε

2287 4861 2657 4931 προσηκάμην,
2721 4863 2791 4921 ὡς
2864 4863 2963 4913 εἴθε
3034 4864 3106 4933 μή
3189 4860 3399 4934 ὤφελον,
3457 4865 3547 4914 καὶ
3604 4862 3904 4934 μαθητείας

2288 4946 2511 5016 ἠξίωσα,
2565 4947 2656 5000 οὐκ
2703 4947 2789 5002 ἐπέ
2840 4951 3105 5011 τοιαύταις
3166 4957 3282 5011 ταῖς
3353 4948 3576 5021 ἐλπίσιν,
3635 4949 3728 5002 οὐκ
3807 4949 3904 5005 ἐπὶ

2286 5039 2522 5108 τοιούτῳ,
2565 5036 2624 5090 οὐ
2680 5040 2756 5110 μὰ
2816 5043 2938 5100 τοὺς
2987 5048 3086 5090 τῶν
3139 5047 3388 5111 μοναχών
3449 5039 3759 5112 ὶερωτατονς
3812 5042 3902 5093 θε-

2287 5129 2471 5198 σμοὺς,
2525 5126 2582 5178 οὐ
2635 5129 2709 5199 μά
2744 5132 2835 5185 τὴν
2884 5130 3296 5202 συντηρηθεῑσαν
3352 5125 3588 5201 ἀρχῆθεν
3625 5127 3892 5199 εὐταξίαν,

2283 5221 2394 5275 τοῖς
2452 5218 2580 5290 πρὸς
2637 5213 2874 5274 ἀλήθειαν
2919 5219 3007 5269 τὸν
3061 5213 3270 5290 μονάδα
3346 5215 3462 5290 βίον
3541 5216 3896 5288 ἀνελομένοις,

2283 5308 2372 5356 καὶ
2436 5309 2529 5362 τήν
2577 5307 2711 5356 κατὰ
2765 5309 2892 5358 Θεὸν
2945 5305 3209 5360 πολιτείαν
3255 5306 3662 5379 ἀσπασομένοις,
3713 5307 3774 5360 οὗ
3816 5312 3901 5380 μὰ

2282 5397 2376 5452 τήν
2425 5394 2702 5466 ὁραθείσαν
2746 5395 2936 5448 ἄνωθεν
2979 5400 3257 5469 Παχωμίῳ
3312 5404 3384 5467 τῷ
3453 5397 3715 5468 θεσπεσίῳ

597 5550 714 5624 (20)
765 5551 824 5608 S.
869 5551 1170 5608 Pachomii
1240 5553 1474 5626 prolixa
1529 5561 1586 5614 et
1634 5557 2054 5634 antiquissima
2105 5570 2252 5629 Acta
2297 5571 2518 5632 damus
2569 5574 2636 5632 14
2681 5570 2832 5648 Μοὶὶ,
2880 5570 2989 5639 ubi
3017 5588 3185 5640 num.
3240 5578 3304 5642 13
3343 5571 3595 5657 refertur
3646 5573 3897 5660 regula,
