4032 6308
112 293 207 365 8βῆ

1299 278 1374 353 IN
1412 292 1472 351 S.
1509 290 1710 359 Jour.
1746 291 2253 358 DAMSCENUI.

3349 293 3457 350 870

109 410 451 490 φαιδροτάτην
493 394 688 483 ταύτην
744 421 833 477 καὶ
893 416 1264 493 λαμπροτάτην
1320 417 1727 490 μελανειμόνη-.

1839 419 1890 477 ui
1917 415 2378 477 aestimationem
2407 413 2712 487 subigens,
2741 431 2851 489 per
2878 416 3042 475 viam
3074 416 3290 475 sdutis
3326 417 3457 475 sine

112 524 184 557 σιν
212 526 224 537 ·
257 503 365 556 ἀλλ’
397 505 463 556 ἶν’
517 507 586 566 ὡς
617 501 732 558 δέον
774 525 832 560 σε
884 511 1288 581 καταρτίσαιμι,
1328 511 1418 559 καὶ
1481 526 1539 560 σε
1594 527 1693 578 φυ-

114 601 324 645 σιοῦσαν
380 593 749 657 καθυποτάξας
820 595 1030 647 ἅπασαν
1073 598 1266 663 οἴησιν,
1322 597 1697 668 ἁπροσκόπτως

112 686 199 740 τὴν
250 685 375 756 πρὸς
425 688 687 756 σωτηρίαν
732 679 1018 737 διαϐαίνειν
1076 681 1530 757 καθοδηγήσαιμι.
1588 691 1697 737 Νῦν

114 767 154 823 δ’
185 769 277 823 ἀλλ
323 769 501 823 ἔλαθον
540 768 758 844 ἐμαυτόν
817 770 1149 845 ἀποσμήχων
1212 773 1454 844 Αἰθίοπα,
1507 773 1536 832 ἣ
1574 793 1699 849 καρ-

111 864 240 911 κίνον
294 856 540 932 βαδίζειν
597 859 728 935 ὀρθὰ
781 864 1185 936 μεταμανθάνειν
1256 861 1695 934 ἐκϐιαζόμενος,ἣ

113 947 255 1011 ξύλον
311 948 544 1021 σκαμϐόν
618 947 902 1002 ἀπευθῦναι
958 957 1288 1026 πειρώμενος,
1341 952 1369 1010 ἦ
1427 955 1471 1003 εἳ
1538 956 1589 1003 τί
1644 971 1703 1023 γε

114 1036 231 1089 ἄλλο
287 1046 388 1089 τῶν
440 1037 652 1090 αὐτόθεν
703 1035 1164 1111 δυσμεταϐλήτων,
1214 1045 1304 1091 καὶ
1360 1044 1459 1091 ἀπὸ
1507 1042 1705 1112 φύσεως

113 1135 465 1198 μεταποιῆσαι
515 1132 965 1199 κατεπειγόμενος.
1031 1127 1205 1181 Ἔνθεν
1246 1127 1305 1180 ἂν
1349 1134 1438 1180 καὶ
1493 1128 1560 1189 εἰς
1602 1149 1703 1180 πα-

113 1214 336 1287 ραϐολὴν
411 1221 674 1288 γενοίμην,
765 1222 854 1269 καὶ
935 1220 963 1274 ἠ
1040 1223 1299 1291 παροιμία
1375 1219 1709 1279 καθηκόντως

114 1303 414 1380 ἐπιρῥηθείη
463 1325 573 1377 μοι,
607 1306 667 1363 ἣν
689 1309 824 1357 κατὰ
861 1313 963 1357 τῶν
995 1304 1227 1379 ἀφρόνως
1277 1326 1326 1358 τι
1391 1312 1480 1359 καὶ
1537 1309 1708 1378 μάτην

114 1398 622 1466 μεταχειριζομένων
680 1392 929 1466 ἐπιφέρειν
990 1390 1202 1446 οἴδασιν
1249 1398 1297 1447 οἱ
1338 1394 1511 1447 πολλοί
1567 1416 1579 1427 ·
1618 1398 1709 1445 καὶ

1804 504 2167 562 oﬂ'endiculo
2188 502 2621 561 transeundam
2641 504 3027 561 deducerem.
3050 509 3221 563 Nunc
3252 510 3477 565 autem‘

1805 594 2122 665 deceptum
2136 608 2233 648 me
2250 591 2425 647 video
2441 590 2704 648 lavando
2719 592 3076 665 Ethiopem,
3095 598 3153 650 et
3168 609 3458 650 cancrum

1805 681 2082 738 docendo
2108 681 2245 737 recti
2267 696 2509 750 gressus
2534 680 2848 747 rationem,
2876 697 2948 736 ac
2967 682 3201 751 lignum
3231 685 3458 739 tortum

1807 770 2116 843 erigendo,
2146 775 2251 829 aut
2268 769 2316 825 si
2337 769 2484 842 quid
2502 769 2667 827 aliud
2689 770 2927 827 difﬁcile
2944 774 3230 840 mutatur,
3248 775 3465 829 contra

1808 866 2087 919 naturam
2120 859 2426 917 tentando.
2462 862 2839 933 Quapropter
2869 860 2932 917 in
2962 860 3229 918 derisum
3263 861 3459 918 factus

1810 967 1967 1016 sum,
1990 949 2369 1023 quadratque
2397 949 2457 1004 in
2482 964 2581 1005 me
2606 949 3016 1022 proverbium,
3039 965 3163 1022 quo
3193 951 3463 1023 plerique

1812 1044 2060 1095 utuntur
2071 1043 2278 1095 contra
2288 1052 2392 1093 eos
2406 1036 2508 1110 qui
2522 1036 2743 1110 aliquid
2766 1037 3179 1111 imprudenter
3200 1055 3270 1096 ac
3289 1039 3461 1096 stulte

1813 1127 2083 1198 aggressi
2113 1131 2254 1181 sunt
2278 1141 2290 1179 :
2311 1125 2529 1181 etenim
2554 1125 2708 1197 cmpi
2724 1125 2939 1196 facere,
2955 1142 3090 1199 quae
3115 1126 3321 1200 perﬁci
3337 1141 3465 1187 non

1815 1220 2109 1288 poterant,
2140 1220 2197 1271 et
2218 1229 2397 1285 super
2425 1229 2617 1287 aquas
2647 1214 2903 1271 scribere
2935 1214 3291 1273 volui.ch
3321 1233 3465 1290 ergo

1816 1304 1909 1359 exi
1942 1304 2159 1366 statim,
2194 1302 2487 1359 discedea
2516 1318 2632 1371 me,
2656 1302 2810 1359 vade
2831 1308 2967 1377 post
2990 1319 3337 1377 perversam
3367 1323 3467 1366 co-

1818 1392 2168 1463 gitationem
2209 1395 2400 1447 tuam.

114 1486 211 1557 γὰρ
295 1483 567 1544 ἀνηνύτοις
652 1483 1047 1557 ἐπικεχείρηκα,
1124 1490 1212 1536 καὶ
1296 1487 1381 1538 ἐπὶ
1453 1489 1698 1557 ματαίοις
1778 1478 2106 1548 ἐσπούδακα,
2174 1501 2264 1533 και
2332 1479 2536 1542 ἀληθῶς
2612 1481 2730 1533 καθ’
2801 1478 3007 1539 ὑδάτων
3072 1486 3293 1557 ,γράφειν
3332 1488 3474 1544 τεθέ-

115 1572 268 1630 ληκα.
304 1571 440 1624 Ἀλλ’
482 1572 644 1635 ἔξελθε
669 1577 727 1624 τό
756 1575 940 1644 τάχος,
982 1571 1073 1624 ἀπ’
1103 1570 1225 1645 ἐμοῦ
1252 1581 1420 1645 γενοῦ,
1461 1578 1552 1626 καὶ
1582 1581 1678 1634 τῆς
1710 1580 1804 1631 σῆς
1834 1570 2000 1624 ὀπίσω
2027 1575 2257 1645 πονηρᾶς
2289 1565 2526 1631 διανοίας
2555 1571 2862 1643 παρεύθητι.

184 1676 292 1753 μζ.
338 1678 398 1736 Ὀ
455 1675 505 1731 δ’
574 1678 917 1754 ἀπαράκλητα
982 1681 1184 1752 ἐθρήνει
1227 1687 1396 1733 πεσὼν

117 1769 289 1821 αἰτίαν
340 1788 392 1821 τε
438 1767 727 1843 ἐξηγόρευε,
798 1774 889 1822 καὶ
957 1769 1176 1822 πλεῖστα
1231 1772 1356 1844 ὑπὲρ
1400 1775 1713 1842 συγγνώμης

117 1854 307 1912 ἐδέετο.
359 1857 418 1909 Ὀ
492 1854 542 1910 δ’
592 1853 657 1909 αὖ
702 1861 865 1933 γέρων
937 1857 1157 1933 σοϐαρός
1218 1860 1424 1926 ἵστατο,
1482 1861 1714 1930 συχνοὺς

115 1950 427 1998 κατατείνων
457 1950 574 2007 τοὺς
615 1944 818 2019 λόγους,
875 1946 1067 2019 μᾶλλον
1125 1943 1185 2000 δε
1235 1951 1467 2022 μακροὺς
1501 1945 1712 1999 ἐπισυν-

116 2040 266 2111 είρων
322 2038 445 2097 τοὺς
512 2034 850 2107 χλευασμούς
910 2057 922 2068 ·
976 2035 1117 2098 τέλος
1187 2045 1281 2095 τῆν
1341 2040 1519 2109 χειρὸς
1564 2031 1717 2092 τόνδε

114 2124 419 2197 λαϐόμενος,
456 2120 621 2176 Οὐδὲν
666 2128 724 2176 τό
764 2122 864 2176 ἀπό
908 2121 1065 2178 τοῦδε
1112 2145 1197 2177 σοι
1250 2145 1306 2178 τε
1333 2124 1494 2198 κάμοὶ
1525 2128 1713 2193 κοινόν,

118 2217 330 2285 ἔφησεν,
358 2214 594 2288 ἄνθρωπε
635 2233 648 2246 '
682 2216 781 2271 ὅπη
808 2221 934 2285 γοῦν
966 2232 1050 2266 σοι
1076 2219 1166 2267 καὶ
1201 2212 1478 2287 βουλητὸν,
1542 2217 1715 2271 ἄπιθι.

118 2303 324 2366 Ἐξεισι
377 2301 461 2355 ἐπὶ
512 2304 734 2366 τούτοις.
796 2302 949 2354 Ἀλλὰ
1006 2307 1088 2366 τίς
1152 2302 1211 2355 ἂν
1264 2303 1488 2359 ἐντεῦθεν
1531 2304 1717 2379 ἐκφρά-

122 2412 230 2445 σειε
258 2393 327 2443 τὰ
354 2387 581 2466 δάκρυα,
609 2395 695 2444 τὸν
727 2395 962 2459 κόπετόν,
1002 2397 1096 2451 την
1144 2399 1441 2466 κατήφειαν,
1502 2397 1559 2446 τὸ
1625 2403 1720 2457 τῆς

117 2481 313 2553 ψυχῆς
345 2482 531 2548 πάθος,
575 2486 669 2539 τὴν
717 2488 807 2532 τοῦ
863 2486 1100 2553 σώματος
1137 2481 1306 2551 τῆξιν,
1359 2486 1414 2536 τὸ
1464 2481 1720 2556 ἀφόρητον

116 2574 329 2638 πένθος,
395 2574 454 2623 τὸ
497 2568 862 2646 ἆπαράκλητον
919 2570 1075 2641 ἄλγος
1130 2588 1145 2638 ;
1199 2572 1320 2644 Οῦχ
1374 2573 1508 2626 οὕτω
1561 2573 1724 2626 πάλαι

118 2660 372 2712 πέπονθεν
411 2658 437 2709 ὁ
477 2654 652 2730 ’Δδὰμ
689 2666 781 2719 τῆς
833 2654 993 2730 Ἐδὲμ
1042 2657 1304 2727 ἐξωσθεὶς,
1357 2660 1427 2722 ὡς
1464 2679 1523 2731 γε
1575 2661 1724 2724 οὗτος

123 2750 148 2800 ὁ
186 2752 260 2820 μὴ
293 2750 498 2820 ματαὶᾳ
545 2747 656 2799 κατ’
715 2744 901 2799 ἐκεῖνον
940 2743 1093 2801 ἔλπίδ
1098 2769 1116 2798 ι
1166 2747 1399 2814 κλαπεὶς,
1438 2747 1565 2802 ἀλλὰ
1596 2769 1726 2822 συμ-

122 2836 319 2908 παθείᾳ
344 2842 405 2908 τῇ
449 2833 573 2908 πρὸς
616 2838 703 2887 τὸν
764 2832 982 2907 ἀδελφόν
1036 2837 1314 2908 ὑπαχθεὶς,
1367 2842 1456 2889 καὶ
1505 2846 1602 2901 τῆς
1634 2846 1726 2893 τοῦ

120 2929 276 3001 ατρός
335 2924 511 2987 ἑστίας
590 2923 717 2996 ύπέρ
802 2920 1133 2998 φιλαδελφίας
1193 2923 1490 2989 ἀπελαθείς.
1573 2927 1730 2982 Ἀλλὰ

124 3016 277 3089 μόλις
355 3014 428 3077 εἰς
477 3021 595 3066 νοῦν
661 3016 856 3066 ἔπεισιν
908 3015 1191 3087 (εὑρετικόν
1260 3018 1362 3091 γὰρ
1404 3019 1434 3075 ἡ
1503 3015 1725 3089 ἀνάγκη,

124 3110 219 3176 καί
247 3124 360 3164 πως
390 3099 459 3161 δὴ
505 3106 563 3155 τό
605 3101 917 3176 βιαζόμενον
946 3103 1345 3177 πολυμήχανον)
1375 3109 1464 3173 ὡς,
1523 3106 1567 3160 εἰ
1608 3111 1730 3170 τοὺς

126 3195 465 3266 προῦχοντας
499 3199 599 3242 τῶν
649 3200 897 3264 μοναχῶν
949 3197 1183 3264 προσιὼν
1231 3191 1726 3263 καταδυσωπήσειε,

126 3287 219 3333 καὶ
248 3278 502 3354 πρέσϐεσι
534 3284 711 3351 σφίσιν
748 3278 1122 3355 ἀποχρήσαιτο
1174 3285 1299 3356 πρὸς
1356 3285 1441 3335 τὸν
1490 3288 1727 3359 γέροντα,

130 3374 306 3432 ἱκέτας
354 3388 409 3421 τε
451 3364 761 3441 αἰδεσίμους
817 3368 1149 3441 προϐάλοιτό,
1229 3370 1369 3424 ἵλεων
1436 3367 1586 3435 αὖθις
1672 3373 1731 3424 Ξιν

130 3460 298 3530 ἐαυτῷ
347 3461 480 3527 θείη,
528 3462 617 3510 καὶ
663 3466 754 3520 τῆς
810 3461 1063 3531 προτέρας
1117 3460 1396 3531 μαθητείας
1478 3461 1733 3525 καταξιωυ

131 3551 269 3616 θείη,
301 3552 393 3599 καὶ
419 3556 515 3608 τῆς
544 3546 769 3600 ἐντεῦθεν
791 3552 1048 3622 σωτηρίας
1078 3548 1172 3600 οὐκ
1210 3547 1551 3621 ἁστοχήσειε.

202 3634 312 3709 μη’.
363 3642 528 3689 Τοῦτο
576 3632 644 3693 δὴ
690 3641 780 3688 καὶ
806 3642 949 3688 ποιεῖ
987 3657 999 3669 ·
1056 3642 1146 3689 καὶ
1198 3636 1418 3689 ἀπίασιν
1452 3641 1501 3691 οἰ
1556 3645 1735 3711 σεμνοὶ

128 3729 224 3778 καὶ
271 3726 539 3777 θεσπέσιοι
589 3728 841 3798 γέροντες,
874 3727 943 3787 ὡς
992 3723 1052 3776 ἃν
1107 3723 1175 3785 δὴ
1218 3730 1303 3778 τὸν
1346 3724 1635 3787 παιδευτὴν
1663 3737 1736 3801 τῷ

130 3816 350 3887 μαθητῇ
421 3812 813 3882 καταλλάξειαν,
880 3819 969 3866 καὶ
1035 3818 1124 3866 τὸν
1182 3818 1292 3868 υἱὸν
1366 3814 1736 3891 ἓπαναγάγοιεν

131 3911 207 3974 τῷ
256 3906 438 3977 πατρί.
502 3901 639 3956 Ἀλλ’
691 3902 976 3977 εύρὴκεσαν
1035 3906 1125 3956 καὶ
1196 3901 1491 3977 ἀδάμαντος
1551 3905 1737 3959 ἐκεῖνον

136 3992 488 4066 σκληρότερον
523 4013 535 4024 ·
570 3986 721 4044 οὐδ’ἐν
746 3995 846 4065 γὰρ
880 3993 906 4043 ὅ
935 4012 987 4044 τι
1030 3997 1119 4045 καὶ
1161 3991 1506 4066 παρεδέχετο,
1566 3990 1740 4049 ούδενί

133 4101 247 4142 πως
301 4077 702 4153 διεμειλίσσετο.
752 4079 836 4142 Ὡς
892 4076 952 4134 δὲ
1007 4078 1243 4156 σφοδρῶς
1312 4080 1573 4152 ἐνέκειντο,
1651 4091 1741 4139 καὶ

137 4169 468 4244 βαρυτάταις
495 4169 649 4222 αὐτόν
680 4170 807 4244 ὑπὲρ
854 4177 948 4232 τῆς
993 4168 1359 4244 ἂσυμπαθείας
1415 4180 1531 4236 ταῖς
1579 4172 1745 4226 ἐπιτι-

134 4263 292 4332 μίαις
341 4254 674 4311 ἀπεδείκνυον
727 4256 1024 4331 ἐνεχόμενον
1071 4264 1161 4311 καὶ
1202 4262 1441 4334 μείζοσιν
1500 4265 1630 4338 ἤπερ
1688 4262 1743 4315 ἐκ

131 4354 234 4407 τῆς
290 4349 587 4420 παρηκοίας
645 4346 961 4419 [παρακοῆς]
1020 4346 1209 4399 ἐκεῖνον
1265 4347 1400 4417 (ἐξόν
1457 4352 1580 4425 γὰρ,
1623 4351 1743 4423 ἔφα-

1400 1724 1417 1753 ,
1472 1685 1563 1733 καὶ
1615 1684 1710 1739 τὴν
1742 1700 1781 1754 Β

1891 1678 1978 1733 47.
2011 1676 2275 1733 Joannes
2305 1690 2443 1731 vero
2473 1680 2807 1747 prostratus
2842 1676 3015 1733 humi
3046 1677 3232 1736 ﬂebat
3262 1680 3473 1738 incon-

1820 1764 2164 1828 solabiliter,
2188 1780 2435 1821 causam
2447 1779 2756 1836 exponens
2776 1764 3156 1839 multumque
3174 1783 3284 1840 pro
3296 1770 3476 1826 venia

1822 1853 2125 1911 exoranda
2145 1852 2514 1926 supplicans.
2535 1855 2788 1909 Econtra
2805 1869 2987 1910 senex
3006 1854 3204 1912 stabat
3222 1856 3473 1931 rigidus,

1822 1943 2193 2015 increpantia
2204 1940 2390 1999 verba
2401 1941 2459 1998 in
2470 1940 2723 2012 longum
2743 1943 3123 2014 protrahens,
3146 1960 3254 2001 seu
3269 1947 3474 2019 potius

1823 2030 2087 2104 prolian
2115 2028 2437 2088 invectivas
2455 2029 2741 2099 colligens
2767 2046 2781 2084 :
2813 2029 3074 2103 denique
3113 2048 3303 2089 manu
3332 2049 3475 2091 eum

1825 2118 2307 2192 apprehendens,
2335 2116 2507 2180 Nihil,
2540 2118 2753 2189 inquit,
2790 2134 2866 2175 ex
2898 2134 3062 2176 nunc
3082 2120 3188 2177 tibi
3214 2137 3288 2178 ac
3326 2123 3477 2179 mihi

1827 2222 2148 2265 commune
2178 2206 2270 2273 sit,
2301 2221 2338 2261 o
2362 2204 2576 2274 homo;
2610 2221 2732 2278 quo
2754 2205 2920 2262 voles
2946 2206 3129 2264 abito.
3165 2210 3478 2281 Egreditur

1828 2311 2008 2368 ergo:
2042 2310 2251 2351 verum
2272 2294 2409 2367 quis
2437 2293 2637 2351 valeat
2660 2293 2960 2366 explicare
2989 2296 3120 2367 ejus
3146 2297 3474 2371 lacrymas,

1828 2384 2158 2458 planctum,
2181 2382 2491 2452 gemitum,
2508 2381 2894 2441 aﬂlictionem
3135 2387 3479 2444 emaciatio-

1827 2489 1970 2529 nem
1987 2471 2273 2542 corporis,
2292 2470 2516 2528 doloris
2535 2471 2931 2528 intolerabilis
2946 2477 3005 2528 et
3022 2473 3479 2532 inconsolabilis

1829 2561 2077 2619 tristitia:
2104 2560 2488 2619 acerbitatem
2510 2558 2539 2614 ?
2556 2563 2687 2617 Non
2715 2560 2800 2617 sic
2826 2560 2975 2618 olim
2999 2578 3032 2618 e
3060 2562 3346 2634 paradiso
3366 2565 3485 2637 eje-

1832 2656 1965 2711 etus
1994 2652 2187 2709 Adam
2214 2649 2385 2717 luxit,
2410 2649 2935 2723 quemadmodum
2954 2650 3075 2722 hic,
3091 2667 3216 2708 non
3236 2669 3397 2710 vana
3418 2659 3487 2712 ut

1833 2740 1929 2803 ille
1957 2756 2065 2812 spe
2094 2739 2402 2811 deceptus,
2424 2738 2529 2795 sed
2554 2738 2771 2797 affectu
2790 2738 3068 2797 fraterna
3098 2743 3485 2801 commisera—

1834 2828 2010 2885 tionis
2041 2827 2485 2900 supplantatus:
2518 2831 2576 2885 et
2604 2826 3127 2887 charitatiscausa
3166 2830 3354 2888 domo
3380 2848 3489 2906 pa-

1835 2924 2004 2975 terna
2033 2916 2344 2988 expulsus.
2382 2917 2452 2973 Ut
2473 2931 2617 2973 vero
2642 2915 3086 2988 aliquantulum
3122 2918 3185 2974 in
3216 2936 3281 2975 se
3310 2920 3489 2979 rediit

1837 3005 2153 3078 (industria
2189 3009 2392 3062 autem
2427 3019 2524 3060 res
2566 3009 2653 3060 est
2687 3006 3034 3075 necessitas,
3084 3011 3141 3062 et
3202 3008 3486 3082 quisquis

1839 3094 1961 3151 vim
1992 3092 2234 3167 patitur,
2269 3091 2524 3151 multum
2551 3097 2762 3149 contra
2790 3092 3077 3164 molitur),
3104 3094 3260 3160 Quid
3284 3096 3354 3168 si,
3399 3097 3488 3154 in-

1837 3183 1965 3255 quit
2002 3182 2165 3255 apud
2222 3197 2306 3251 se,
2346 3180 2711 3254 primoribus
2746 3181 3190 3243 monachorum
3229 3184 3489 3257 supplex

1834 3270 2000 3339 ﬁam,
2039 3270 2234 3344 iisque
2273 3274 2336 3326 ut
2370 3269 2580 3341 legatis
2630 3269 2710 3325 ad
2748 3284 2954 3329 senem
2991 3269 3483 3343 deprecatoribus

1838 3366 1991 3429 utar,
2026 3364 2091 3414 ut
2117 3375 2214 3414 me
2251 3358 2432 3430 priori
2470 3357 2792 3430 disciplina
2827 3357 3127 3430 dignetur,
3158 3376 3358 3435 neque
3392 3376 3490 3420 re-

1838 3448 2021 3521 pellat
2040 3463 2077 3503 a
2096 3446 2305 3516 salute,
2328 3462 2515 3519 quam
2537 3446 2677 3503 inde
2697 3452 2980 3520 exspecto
3002 3450 3032 3504 ?

1914 3622 2002 3676 48.
2046 3618 2299 3688 Dictum,
2346 3616 2596 3673 factum.
2647 3616 2884 3674 Abeunt
2929 3620 3259 3691 venerandi
3306 3621 3393 3679 illi
3434 3626 3495 3679 et

1844 3707 2035 3764 sancti
2066 3722 2256 3775 senes,
2286 3709 2352 3762 ut
2379 3705 2743 3780 discipulum
2771 3707 3060 3777 magistro
3089 3710 3493 3781 reconcilient,

1842 3795 2037 3852 ﬁlium
2052 3793 2433 3850 reducantad
2447 3801 2698 3868 patrem.
2715 3793 2831 3851 Sed
2851 3794 3171 3854 adamente
3192 3800 3499 3871 reperiunt

1846 3882 2348 3949 durioremillum,
2366 3881 2512 3938 nihil
2528 3882 2688 3939 enim
2701 3882 3066 3955 suscipiebat
3087 3899 3284 3959 neque
3306 3902 3371 3943 se
3392 3903 3497 3961 pa-

1848 3973 2106 4028 tiebatur
2133 3969 2402 4026 emolliri.
2438 3972 2584 4027 Cum
2617 3975 2818 4027 tamen
2848 3971 3139 4031 instarent
3169 3973 3498 4032 vehemen-

1848 4061 1986 4126 tius,
2009 4058 2511 4131 ostenderentque
2534 4057 2702 4131 quod
2724 4059 3028 4129 graviores
3047 4075 3158 4133 pro
3179 4078 3292 4118 sua
3318 4063 3499 4121 incle-

1849 4149 2075 4207 mentia
2102 4147 2352 4204 daturus
2381 4151 2532 4203 esset
2557 4163 2790 4219 poenas,
2815 4164 3001 4221 quam
3018 4165 3129 4222 pro
3155 4151 3503 4210 inobedien-

1851 4239 1935 4295 tia
1957 4236 2121 4308 alter,
2154 4236 2390 4292 Licebat
2418 4236 2600 4305 enim,
2624 4234 3007 4313 inquiebant,
3037 4239 3251 4296 iterato
3281 4257 3501 4315 praece-

1851 4333 1957 4402 pto
1987 4326 2280 4397 corrigere
2306 4325 2365 4381 in
2407 4324 2701 4401 discipulo
2730 4332 3271 4402 quantumcunque
3305 4332 3502 4402 gravis

137 4454 291 4503 σκον,
328 4415 597 4509 [δευτέρᾳ]
624 4415 799 4507 ἐντολῇ
836 4439 891 4487 τό
914 4415 1005 4488 τοῦ
1045 4415 1287 4508 μαθητοῦ
1345 4433 1380 4488 δ
1385 4415 1725 4511 ιορθόλσασθα

1853 4416 2050 4474 delicti
2065 4415 2305 4488 lapsum
2325 4435 2339 4483 ;
2352 4430 2548 4488 neque
2561 4416 2839 4471 convenit
2854 4431 2975 4472 non
2990 4417 3296 4477 admittere
3312 4420 3506 4493 paeni-

135 4530 353 4596 πταῖμα
400 4521 641 4595 ἐσχάτης
699 4522 976 4597 ἁμαρτίας,
1024 4529 1157 4597 μήτε
1212 4530 1314 4597 μὴν
1398 4535 1748 4599 μετανοοῦντα

137 4614 484 4688 προσίεσθαι,
516 4619 648 4685 μήτε
693 4619 787 4671 τὴν
830 4616 953 4688 ὓπερ
1012 4622 1104 4666 τοῦ
1143 4612 1487 4688 ἕπικλὴματος
1535 4615 1749 4674 εὐθύνην

139 4703 568 4778 παρα-γυμνοῦν),
642 4702 793 4764 οὗτος
838 4701 1130 4769 ὑπολαϐὼν,
1186 4703 1325 4759 Ἀλλ’
1395 4706 1439 4758 εἰ
1509 4702 1749 4781 παριδεῖν

144 4792 309 4846 ἐθέλει
366 4798 461 4850 τήν
499 4801 596 4853 τῆς
621 4798 833 4867 πρώτης
855 4792 1154 4869 παράϐασιν
1209 4792 1426 4859 ἐντολῆς,
1483 4802 1574 4856 τῆς
1635 4792 1752 4848 δευ-

143 4880 307 4954 τέρας
359 4877 516 4954 δεῦρο
562 4876 629 4938 δὴ
678 4882 905 4952 γενέσθω
948 4884 1138 4944 ταύτης
1187 4881 1544 4958 ἕκπληρωτὴς.
1590 4883 1752 4943 Ὅλην

142 4976 243 5028 τήν
282 4968 479 5042 λαῦραν
507 4969 833 5042 περιελθέτω,
884 4975 976 5023 καὶ
1022 4973 1090 5023 τά
1137 4979 1239 5024 τῶν
1286 4967 1540 5038 οἰκιδίων,
1599 4971 1635 5023 ἆ
1682 4968 1751 5031 δὴ

148 5059 411 5131 καλοῦμεν
486 5064 721 5134 σωτήρια
793 5062 930 5130 (21),

1012 5063 1304 5137 σαρωσάτω
1376 5064 1444 5115 τὰ
1527 5061 1753 5141 λύματα.

153 5325 364 5407 eidem
386 5324 739 5407 praescripta
760 5325 838 5407 ab
856 5326 1095 5399 angelo,
1113 5327 1173 5383 in
1197 5344 1319 5407 qua
1331 5327 1629 5407 ﬁtmentio
1642 5343 1762 5384 me-

156 5398 316 5479 lotes
347 5396 524 5478 albis,
542 5396 818 5479 [ebitonis
834 5396 1545 5479 seu'superpelliciilinei,
1569 5405 1634 5479 _et
1659 5415 1761 5455 cu-

160 5467 346 5525 culli:
376 5468 549 5542 cuius
577 5467 714 5542 licet
748 5483 873 5542 non
901 5467 1228 5542 explicetur
1282 5470 1465 5537 color,

160 5544 375 5614 tamen
400 5537 565 5614 hunc
589 5537 775 5614 fuisse
802 5537 1195 5614 facilefquivis
1213 5543 1413 5598 credet

240 5610 358 5681 (21)
379 5608 755 5682 Adverbum,
773 5608 1192 5682 aediculdrum,
1204 5628 1360 5686 quas
1368 5613 1550 5671 sellas
1559 5611 1769 5686 appel-

1851 4511 2166 4575 tentem,ac
2180 4519 2251 4559 ne
2265 4502 2737 4560 satisfactionem
2749 4504 2996 4577 quidem
3008 4522 3187 4579 quam
3201 4523 3311 4581 pro
3324 4509 3510 4583 culpa

1853 4594 2030 4651 vellet
2067 4590 2405 4664 explicare;
2446 4591 2713 4665 reposuit
2753 4591 2892 4648 ille:
2953 4593 3010 4650 Si
3062 4595 3243 4668 primi
3294 4612 3513 4675 prace-

1855 4684 1936 4756 pti
1977 4681 2518 4751 transgressionem
2544 4679 2921 4737 dissimulare
2946 4697 3043 4738 me
3072 4682 3221 4749 vult,
3248 4700 3382 4755 age,
3418 4701 3511 4741 se-

1859 4771 2127 4829 cundum
2166 4768 2512 4842 adimpleat,
2558 4768 2893 4827 Circumeat
2937 4769 3176 4830 lauram
3213 4778 3403 4830 totam
3454 4778 3535 4830 et.

1857 4860 2212 4918 latrinarum
2244 4857 2452 4914 sordes
2482 4861 2918 4930 expurget.Hoc
2948 4860 3154 4917 audito
3183 4861 3267 4917 illi
3289 4865 3516 4919 averte-

1860 4954 2000 5007 runt
2032 4942 2251 5019 vultus,
2291 4947 2810 5021 discesseruntque
2848 4947 3080 5021 pudore
3127 4951 3514 5023 praegravati,

1866 5055 2004 5095 cum
2037 5053 2110 5094 ex
2136 5051 2259 5094 una
2281 5035 2529 5109 quidem
2542 5039 2712 5109 parte
2734 5035 3187 5093 considerarent
3214 5036 3325 5094 viri
3341 5054 3516 5097 vene-

1868 5324 2088 5391 lamus,
2120 5323 2223 5389 ita,
2258 5318 2338 5379 ad
2369 5317 2718 5391 huiusmodi
2746 5318 3164 5391 necessitatem
3191 5321 3523 5389 honestiori

1870 5390 2168 5473 vocabulo
2207 5391 2663 5473 explicandam,“
2686 5390 2876 5473 ‘varite
2903 5392 3090 5473 apud
3143 5409 3256 5473 nos
3285 5406 3523 5473 gentes

1871 5471 2122 5538 utuntur
2147 5460 2306 5520 voce—
2325 5462 2517 5538 sedis;
2565 5460 2779 5538 Suidas
2817 5460 3038 5538 autem,
3072 5481 3209 5538 qua:
3236 5460 3348 5526 hié'
3383 5488 3526 5529 neu-

1877 5536 2096 5615 traliter
2129 5540 2408 5615 σωτήρια,
2451 5531 2735 5615 feminine
2781 5533 2988 5615 scribit
3022 5531 3324 5615 samem,
3371 5542 3529 5615 vuu-

1877 5623 1998 5682 que
2025 5606 2145 5664 dici
2164 5610 2231 5663 ut
2259 5600 2461 5676 σελλάις,
2775 5600 2959 5680 ἕδρας.
3185 5600 3215 5615 ’⁴
3286 5600 3321 5613 ⁷
3427 5600 3437 5617 ί
