4032 6308
510 276 613 332 871

517 490 788 549 sordium
819 488 1166 561 cogitarent.

585 779 672 833 49.
712 772 864 840 Quid
900 787 1081 847 porro
1116 771 1406 830 Joannes?
1443 770 1597 829 Vidit
1631 764 1991 827 revertentes
2026 769 2160 827 illos

511 864 608 934 (ex
634 879 758 937 quo
787 863 949 920 enim
977 862 1231 933 ingressi
1261 865 1449 932 erant,
1479 860 1683 917 laetum
1706 859 1936 932 aliquid
1972 859 2052 916 ad
2087 857 2160 915 iis

512 967 579 1009 se
596 952 945 1009 auditurum
970 951 1344 1025 praestolans,
1376 950 1625 1007 ferventi
1645 950 1724 1006 ad
1747 952 1932 1006 Deum
1952 947 2160 1021 depre-

514 1041 732 1099 cationi
754 1042 1037 1113 instabat)
1065 1045 1123 1098 et
1151 1039 1445 1097 accedens
1482 1039 1828 1109 interrogat,
1856 1036 2004 1111 quid
2024 1036 2161 1093 velit

512 1131 699 1195 Pater,
731 1134 789 1186 et
815 1128 965 1202 quid
991 1144 1101 1202 pro
1126 1127 1341 1184 delicto
1369 1126 1499 1183 ﬁeri
1514 1125 1746 1196 jubeat.
1770 1129 1841 1181 At
1859 1124 1941 1180 illi
1962 1125 2158 1197 primo

512 1232 635 1274 non
647 1218 1091 1274 audebantrem
1106 1217 1324 1289 eloqui,
1342 1215 1770 1272 reverebantur
1780 1214 1942 1270 enim
1962 1214 2158 1270 virum

513 1305 595 1363 ob
622 1305 857 1377 generis
887 1306 950 1362 in
979 1322 1050 1363 eo
1075 1305 1426 1376 claritatem,
1468 1319 1581 1360 nec
1604 1304 1803 1359 minus
1829 1302 1908 1359 ob
1929 1302 2159 1360 virtutis

513 1394 944 1451 excellentiam.
979 1396 1046 1450 Ut
1082 1409 1226 1465 ergo
1264 1393 1408 1448 vidit
1444 1391 1593 1447 nihil
1632 1407 1694 1447 se
1732 1391 2159 1463 interrogando

512 1482 824 1557 proﬁcere,
842 1483 922 1541 ad
932 1499 1143 1540 eorum
1164 1498 1299 1540 sese
1319 1487 1704 1554 prosternens
1716 1480 1922 1554 pedes,
1940 1496 2162 1551 magna

510 1588 680 1639 voce,
737 1571 979 1639 Edicite,
1034 1572 1245 1645 inquit,
1305 1571 1529 1641 Patres,
1595 1570 1741 1642 quid
1796 1569 1937 1627 velit
1989 1569 2162 1627 Pater

512 1677 686 1718 meus
718 1679 731 1716 :
763 1676 901 1718 ecce
924 1660 1083 1718 enim
1115 1663 1396 1737 paratum
1426 1675 1523 1717 me
1549 1659 1628 1715 ad
1666 1659 2022 1716 mandatum
2063 1676 2160 1716 ex-

511 1749 805 1823 plendum
820 1755 878 1807 et
891 1749 1189 1823 quidquid
1216 1749 1848 1806 volueritexsecutioni
1864 1749 2158 1805 mandan-
2187 1751 2229 1806 Β

514 1838 683 1896 dum.
717 1838 879 1895 Tunc
904 1854 1052 1911 rem,
1074 1843 1138 1895 ut
1173 1844 1318 1906 erat,
1359 1843 1787 1912 exposuerunt,
1828 1842 2160 1895 avertentes

513 1928 746 1986 vultum
775 1933 831 1986 et
866 1934 1047 2002 prout
1081 1928 1335 1986 decebat
1365 1928 1804 1986 erubescentes.
1845 1934 1949 1986 Ast
1984 1944 2020 1985 ο
2058 1943 2162 1985 cor

514 2018 839 2075 contritum
869 2018 944 2075 lo
974 2017 1245 2090 spiritum
1287 2017 1710 2075 humiliatum!
1744 2022 1988 2090 propter
2023 2031 2161 2090 qum

512 2124 639 2166 non
658 2108 855 2167 solum
873 2124 999 2167 non
1019 2108 1291 2183 despexit
1308 2108 1476 2165 illum
1494 2112 1679 2166 Deum
1698 2108 1999 2165 autsalute
2013 2122 2160 2180 qua-

511 2196 795 2272 licunque
824 2199 1106 2268 dignatus
1151 2204 1259 2266 est,
1302 2198 1408 2255 sed
1444 2199 1692 2255 omnino
1741 2196 2062 2269 magniﬁce
2106 2201 2162 2251 et

515 2286 828 2360 splendide
857 2287 1136 2344 eumdem
1182 2286 1437 2359 excepit,
1488 2286 1862 2343 admirandis
1911 2284 2161 2342 omnino

512 2376 777 2447 praemiis
796 2375 1001 2449 ipsum
1019 2375 1356 2432 cumulans.
1380 2376 1607 2431 Etenim
1619 2375 1713 2432 vix
1732 2374 2005 2431 audierat
2026 2389 2160 2430 ver-

510 2461 683 2532 bum,
714 2479 854 2521 cum
882 2479 1027 2520 mox
1054 2462 1448 2536 apprehensis
1470 2479 1658 2520 manu
1708 2464 1908 2536 scopis
1957 2468 2016 2519 et
2060 2479 2160 2520 co-

513 2551 769 2624 phinum
798 2551 1053 2607 humero
1068 2550 1404 2623 suscipiens
1426 2551 1631 2620 abivit,
1646 2552 1922 2624 velutqni
1933 2552 2159 2618 animo,

512 2643 704 2698 Deum
719 2639 944 2712 ubique
963 2646 1325 2713 praesentem
1337 2640 1595 2714 vidente,
1618 2645 1677 2698 et
1690 2642 1889 2698 statim
1902 2641 2161 2699 manda-

510 2731 643 2786 tum
662 2732 1035 2802 capessente,
1060 2744 1185 2786 non
1204 2744 1376 2786 secus
1392 2745 1580 2803 quam
1605 2730 1680 2788 de
1706 2731 1954 2804 antiquo
1976 2732 2161 2789 Israe-

513 2816 588 2875 lis
606 2817 836 2892 populo
867 2818 1274 2876 conﬁtebatur
1315 2819 1530 2887 David,
1568 2819 1701 2876 haec
1730 2820 1945 2877 Psalmi
1975 2820 2164 2878 verba

515 2910 855 2981 opportune
883 2907 1469 2966 concinereLAvertit
1496 2908 1574 2965 ab
1602 2909 1890 2967 oneribus
1911 2910 2162 2967 dorsum

514 2996 647 3069 ejus
674 2998 719 3066 ⁸,
732 2996 1158 3068 agravioribus
1176 2998 1382 3071 utique
1396 2999 1656 3069 etmagis
1674 2999 1974 3072 pudendis
1986 3000 2152 3056 sarci-

512 3085 609 3142 nis
635 3104 650 3155 ;
683 3090 741 3143 et
767 3101 988 3144 manus
1019 3087 1151 3159 ejus
1179 3087 1242 3143 in
1271 3087 1533 3161 cophino
1567 3089 1915 3145 servierunt.
1948 3092 2161 3146 Ferens
2190 3100 2230 3154 ο

511 3174 693 3247 igitur
710 3176 1054 3235 necessaria
1073 3177 1154 3234 ad
1170 3177 1438 3234 sordium
1456 3179 1933 3250 exportationem
1945 3179 2163 3235 instru-

512 3270 735 3336 menta,
769 3282 895 3323 non
915 3266 1114 3339 scopis
1136 3268 1355 3337 solum,
1384 3267 1493 3324 sed
1523 3267 1704 3326 etiam
1726 3268 2010 3327 manibus
2036 3283 2165 3327 eas-

516 3352 660 3411 dem
679 3354 744 3410 in
769 3355 1101 3427 cophinum
1128 3354 1381 3426 collegit.

587 3641 676 3696 50.
713 3636 915 3695 Audiit
950 3637 1082 3695 haec
1123 3651 1325 3707 senex,
1369 3638 1694 3713 statimque
1743 3640 2066 3706 emollitus,
2106 3641 2171 3700 in

519 3743 840 3787 occursum
872 3726 1005 3800 ejus
1037 3725 1319 3784 velociter
1346 3728 1664 3801 egreditur,
1692 3728 1964 3804 colloque
2018 3734 2171 3791 infu-

515 3837 620 3881 sus
654 3816 1039 3875 deosculatur
1065 3815 1427 3890 frequenter,
1469 3818 1794 3892 alloquitur
1828 3820 2079 3881 dulciter
2116 3827 2173 3883 et

513 3911 672 3970 dicta
706 3910 1033 3965 retractans
1069 3906 1333 3980 appellat
1368 3906 1559 3965 ﬁlium
1597 3908 1971 3983 obedientiaa,
2013 3912 2170 3972 divi-

511 4012 783 4073 numque
794 3994 1108 4052 hominem
1120 4000 1434 4069 nuncupat
1458 3997 1755 4070 ;seipsum
1769 4015 1908 4056 vero
1919 4000 2167 4060 beatum

512 4086 816 4163 praedicat,
849 4084 1070 4158 partim
1095 4084 1241 4158 quia
1270 4085 1587 4157 praefectus
1617 4086 1813 4145 fuerat
1849 4093 2027 4147 tantae
2058 4093 2168 4150 vir-

513 4178 651 4236 tutis
680 4177 830 4242 viro,
864 4178 988 4230 tam
1026 4189 1269 4246 magno,
1299 4179 1423 4231 tam
1464 4175 1747 4248 perfecto,
1791 4181 1914 4235 tam
1939 4180 2165 4239 incom-

511 4264 770 4339 parabili
793 4280 807 4331 ;
830 4262 1050 4336 partim
1077 4262 1245 4335 quod
1260 4262 1556 4321 submotis
1568 4265 1701 4322 aliis
1716 4267 2015 4338 ejusmodi
2027 4288 2165 4328 mu-

512 4369 630 4411 nus
665 4352 794 4425 ipse
831 4354 986 4407 esset
1013 4350 1273 4408 sortitus.
1315 4350 1581 4425 Denique
1619 4355 1996 4427 amplexibus
2034 4360 2166 4431 ejus

1703 264 2170 329 consumat
2199 258 2676 329 muniﬁcum.

511 399 722 459 rabilis
756 399 1159 463 honestatem,
1198 412 1272 454 ex
1307 395 1496 454 altera
1529 410 1670 454 vero
1706 395 2159 455 obscaenitatem

2274 396 2423 450 Ταῦθ’
2481 399 2549 458 ὡς
2600 400 2853 467 ἤκουσαν,
2913 393 3324 471 ἀπεστράφησαν
3377 398 3468 457 τὰς
3519 395 3675 467 ὄψεις
3725 418 3741 430 ο

3808 413 3913 449 χαι
4002 412 4003 439 ξ

2268 487 2377 557 οὐχ
2402 488 2558 545 ἧττον
2606 485 2717 559 μετ’
2767 487 3028 558 αἰσχύνης
3056 486 3087 544 ἣ
3149 483 3349 559 βάρους
3398 484 3658 559 ἀπῄεσαν,
3721 492 3788 540 τό
3850 507 3906 540 τε

2267 583 2358 629 τοῦ
2416 572 2606 650 ἀνδρὸς
2669 577 2855 648 σεμνὸν
2906 579 2998 627 καὶ
3063 572 3339 648 περίδοξον
3411 573 3900 649 ἆναλμγιζομινοι,

2268 670 2359 719 καὶ
2386 669 2447 718 τὸ
2475 673 2577 718 τῶν
2595 666 2956 740 ῥυπασμοίτων
2980 666 3107 737 ἄγος
3133 661 3170 718 δ
3174 666 3586 739 ιενθυμούμενοι.

2338 772 2443 846 με’.
2480 772 2637 825 Ἀλλά
2664 777 2718 825 τί
2759 791 2853 847 περ
2912 773 2939 824 6
2969 771 3250 839 Ἰωάννηςς
3308 771 3440 849 Ὀρᾴ
3480 775 3709 835 τούτους
3759 774 3901 826 ὑπο-

2272 861 2591 937 στρέψαντας
2638 858 2723 933 (ἧν
2770 863 2895 936 γὰρ,
2954 861 3090 925 ἐξότε
3136 866 3228 914 καὶ
3276 861 3540 935 εἰσῄεσαν,
3610 863 3898 916 πυθέσθαι

2267 970 2319 1002 τι
2343 956 2582 1024 χρηστόν
2612 948 2979 1024 ἐκδεχόμενος,
3019 956 3111 1004 καὶ
3164 953 3362 1025 θερμῶς
3410 953 3537 1027 ὑπὲρ
3589 947 3756 1004 τοῦδε
3796 956 3892 1003 τὸν

2268 1042 2397 1093 Θεὸν
2444 1036 2763 1111 δυσωπῶν)’
2821 1043 2991 1097 τοίνυν
3048 1045 3140 1092 καὶ
3188 1044 3423 1116 προσιὼν
3465 1039 3625 1103 εὐθύς
3678 1038 3887 1115 ἐρωτᾷ,

2266 1132 2317 1181 τί
2346 1147 2401 1182 τε
2429 1130 2455 1181 6
2477 1134 2657 1201 Πατὴρ
2690 1127 2864 1201 ίθίιλει,
2899 1133 2990 1181 καὶ
3021 1130 3049 1182 6
3076 1149 3129 1182 τι
3146 1148 3205 1202 γε
3252 1131 3379 1203 ὑπὲρ
3433 1136 3526 1182 τοῦ
3588 1127 3889 1202 ἀμπλακήο

2266 1238 2431 1291 ματος
2461 1214 2860 1294 διαπράξασθαι
2890 1216 3154 1291 βούλεται.
3204 1218 3270 1271 Oi
3318 1213 3377 1270 δε
3428 1238 3524 1278 την
3737 1227 3889 1292 πρώ-

2267 1328 2362 1367 την
2393 1306 2602 1371 ἐξειπεῖν
2634 1308 2730 1361 οὐκ
2759 1309 3029 1381 ἠνείχοντο
3054 1329 3068 1343 ·
3123 1308 3420 1380 ᾐσχύνοντο
3475 1327 3579 1383 γαρ
3632 1312 3727 1360 τὸν
3786 1310 3889 1360 ἄν·

2271 1395 2376 1473 δρα
2412 1405 2503 1459 τῆς
2540 1416 2594 1450 τε
2632 1396 2688 1450 ἐκ
2752 1406 2844 1451 τού
2908 1402 3088 1469 γένους
3144 1401 3449 1470 περιφανίας
3503 1401 3597 1449 καὶ
3663 1404 3764 1458 τῆς
3834 1396 3895 1458 ἐξ

2270 1485 2454 1558 ἀρετῆς
2487 1487 2593 1560 οὐχ
2617 1487 2773 1545 ἧττον
2806 1492 3135 1560 σεμνότητος.
3180 1485 3272 1549 Ὠς
3320 1483 3371 1539 δ’
3420 1486 3516 1539 οὐκ
3564 1485 3701 1539 ἀνίει
3760 1485 3891 1539 ἐσε-

2268 1586 2464 1650 ρωτῶν,
2532 1579 2631 1649 πρὸ
2692 1584 2793 1628 τῶν
2845 1572 3023 1629 ποδῶν
3072 1595 3128 1629 τε
3175 1581 3368 1641 πεσὼν,
3432 1575 3699 1638 Ἐξείπατέ
3762 1595 3894 1648 μοι,

2269 1668 2508 1740 Πατὶρες,
2532 1663 2671 1737 ἐϐόα,
2710 1664 2941 1728 ίξείπατε
2968 1670 3022 1717 τί
3060 1683 3153 1739 περ
3207 1666 3234 1716 6
3273 1667 3394 1737 ἐμὸς
3451 1664 3581 1717 θέλει
3638 1668 3835 1737 Πατήρ
3874 1687 3889 1697 ·

2267 1756 2463 1827 ἕτοιμος
2489 1758 2592 1830 γὰρ
2642 1752 2975 1830 ἐκπληρῶσαι
3027 1756 3195 1825 τούτῳ
3246 1759 3306 1805 τό
3367 1752 3597 1822 θελητόν,
3649 1759 3749 1807 καὶ
3812 1754 3895 1816 εἰς

2266 1848 2421 1917 πέρας
2447 1842 2655 1917 ἀγαγεῖν
2696 1847 2756 1896 τὸ
2804 1846 2933 1918 πρὸς
2971 1842 3247 1916 βούλησιν.
3293 1847 3464 1914 Μόγις
3514 1838 3583 1901 δὴ
3635 1846 3762 1896 τότε
3820 1849 3896 1896 τὰ

2267 1941 2364 1996 τῆς
2391 1932 2657 2007 ἐπιτιμίας
2680 1933 2751 1995 ὡς
2792 1931 2932 2004 εἶχεν
2982 1930 3368 2007 ἐξαγορεύουσι,
3415 1933 3504 1993 τας
3552 1930 3705 2003 ὄψεις
3753 1932 3896 1985 Erro-

2271 2027 2593 2098 στραφέντες,
2650 2026 2741 2074 καὶ
2792 2024 2860 2074 τὰ
2917 2020 3091 2074 εἰκότα
3151 2019 3571 2095 ἑρυθριάσαντες.
3634 2021 3781 2075 Ἀλλ’
3848 2023 3895 2073 ὦ

2269 2108 2491 2186 καρδίας
2556 2110 2752 2172 ἐκείνης
2802 2112 3239 2184 συντετριμμενης
3281 2110 3294 2165 ι
3354 2114 3395 2161 ὦ
3432 2116 3892 2184 τεταπεινωμένου

2269 2202 2558 2274 πνεύματος
2582 2200 2594 2254 !
2621 2196 2693 2261 οἷς
2721 2205 2810 2254 καὶ
2840 2199 2946 2272 οὐχ
2993 2199 3073 2252 ὃτι
3095 2217 3156 2270 γε
3180 2202 3307 2260 Θεὸς
3346 2207 3530 2252 τοῦτον
3577 2198 3676 2252 ούκ
3729 2199 3893 2263 ἐξονε-

2271 2285 2489 2343 δένωσεν
2540 2290 2570 2349 ἢ
2641 2293 2905 2363 σωτηρίας
2965 2287 3126 2359 ψιλῆς
3182 2288 3525 2358 κατηξίωσεν,
3587 2287 3726 2341 ἆλλὰ
3790 2295 3893 2343 καὶ

2267 2377 2506 2452 λαμπρὸς
2554 2380 2689 2450 ἄγαν
2736 2382 3067 2452 προσήκατο,
3128 2381 3216 2430 καὶ
3255 2377 3665 2452 μεγαλοπρεπῶς
3712 2398 3893 2454 προσ-

2270 2464 2504 2530 εδέξατο,
2567 2471 2658 2520 καὶ
2727 2469 3049 2540 θαυμαστοῖς
3103 2468 3228 2527 οἵοις
3292 2465 3555 2537 ἠμείψατο
3630 2469 3883 2539 γίρασιν.

2270 2555 2382 2609 Ούκ
2420 2557 2546 2628 ἔφθη
2592 2558 2694 2631 γὰρ
2756 2554 3003 2624 ἀκούσας,
3034 2560 3126 2607 καὶ
3174 2553 3343 2607 λαϐὼν
3391 2557 3522 2626 μετὰ
3573 2562 3769 2628 χεῖρας
3822 2558 3887 2605 τὸ

2267 2648 2427 2698 πτύον
2470 2650 2560 2697 καὶ
2607 2643 2995 2718 ίπωμισὰμενος
3051 2647 3278 2716 κόφινον,
3338 2644 3481 2696 ὡσὰν
3519 2639 3592 2702 δή
3652 2648 3745 2695 καί
3796 2642 3889 2695 ἐπὶ

2268 2743 2342 2806 τῷ
2391 2731 2675 2796 διαπαντὸς
2727 2736 2894 2806 τούτῳ
2950 2738 3081 2787 Θεὸν
3142 2734 3327 2809 ὁρῶντι
3390 2736 3482 2785 καὶ
3546 2731 3892 2806 αὐτόχρημα

2270 2825 2591 2877 καταστάντι
2631 2826 2730 2893 νοῐ,
2788 2823 2895 2895 οὐχ
2950 2824 3106 2881 ἧττον
3161 2822 3312 2884 αὖθις
3369 2824 3401 2885 ἦ
3454 2819 3536 2873 ἐπὶ
3590 2829 3669 2892 τῷ
3716 2820 3891 2873 manu

2270 2914 2485 2991 Ἰσραὴλ
2540 2913 2935 2987 ἁνθομολογοῖτο
2989 2909 3154 2965 Δαϐίδ
3206 2916 3299 2964 καὶ
3355 2911 3712 2986 εὐκαιρότατα
3737 2911 3889 2982 ψαλ-

2268 3000 2504 3077 μῳδοίη,
2536 3007 2606 3066 ὡς
2634 3004 2953 3062 Ἀηεστησεν
2980 3001 3081 3055 ἀπὸ
3110 3003 3308 3076 ἄρσεων
3337 3005 3424 3054 τὸν
3476 3010 3633 3054 νῶτον
3691 3000 3885 3067 αὐτοῦ,

2269 3094 2678 3167 μαχθηροτὲρων
2707 3112 2761 3145 τε
2805 3097 2896 3145 καὶ
2952 3092 3310 3165 αἰσχροτερων
3349 3085 3559 3149 δηλαδή
3620 3087 3887 3163 βασι-ταγ-

2271 3185 2470 3257 μάτων,
2516 3187 2607 3235 καὶ
2654 3183 2723 3244 ὡς
2762 3184 2817 3234 αἱ
2862 3188 3036 3257 χεῖρες
3070 3180 3229 3232 αὐτοῦ
3268 3178 3316 3231 ἓν
3363 3188 3436 3251 τῷ
3475 3182 3671 3252 κοφίνῳ
3733 3175 3892 3231 ἐδού-

2271 3268 2480 3327 λευσαν.
2540 3271 3015 3343 Διασγκαλισοὶμενος
3084 3266 3173 3323 οὖν
3248 3271 3315 3322 τὰ
3386 3273 3515 3344 πρὸς
3589 3267 3891 3344 ἐκφόρησιν

2275 3366 2489 3438 ὄργανα,
2524 3368 2597 3433 τῷ
2633 3363 2781 3432 πτύῳ
2808 3356 2868 3413 δέ
2906 3363 3065 3434 μόνῳ,
3123 3357 3253 3411 ἀλλὰ
3306 3362 3397 3410 καὶ
3446 3362 3638 3432 χερσίν
3698 3353 3894 3417 αὐταῖς

2277 3447 2628 3526 διεχειρίζετο
2654 3452 2720 3502 τὰ
2744 3448 3073 3522 μολύσματα,
3125 3452 3215 3501 καὶ
3259 3446 3471 3520 πληρῶν
3523 3449 3614 3499 τὸν
3660 3450 3891 3520 κόφινον

2277 3539 2555 3595 ἀνετίθετο.

2348 3646 2405 3701 ν’.
2433 3646 2585 3699 Τοῦτ’
2641 3642 2894 3698 ἀκούσειεν
2924 3644 2951 3696 6
2997 3647 3158 3719 γέρων
3207 3641 3558 3716 μειλίσσεται,
3609 3647 3705 3694 καὶ
3765 3639 3895 3716 δρο-

2277 3742 2432 3810 μαῖος
2466 3733 2760 3807 ἐφίσταται,
2817 3738 2906 3785 καὶ
2970 3736 3185 3808 περιφύς
3245 3740 3319 3802 τῷ
3383 3731 3664 3806 τραχήἰιῳ,
3727 3750 3890 3805 περι-

2278 3826 2564 3878 επτύσσετο
2624 3825 2819 3895 συχνὰ,
2869 3821 3189 3896 προσωμίλει
3235 3816 3371 3878 ἡδέα
3398 3842 3411 3853 ·
3470 3815 3806 3891 παλινῳδίαν
3835 3838 3890 3872 τε

2275 3916 2437 3987 ἄγων,
2484 3918 2655 3966 τέκνον
2697 3913 2933 3972 ὑπακοῆς
2991 3908 3258 3977 ἀπεκάλει,
3314 3914 3404 3962 καὶ
3463 3910 3593 3962 θεῖον
3650 3912 3889 3961 κατωνίμ

2272 4008 2433 4077 μαζεν
2475 4004 2742 4077 ἄνθρωπον
2775 4023 2787 4034 ·
2846 3999 3067 4054 πλεῖστὰ
3111 4019 3165 4052 τε
3195 3999 3376 4052 ἑαυτὸν
3414 3997 3757 4074 ἑμακὰριζεν,
3810 3999 3886 4059 oi;

2274 4095 2354 4146 ὅτι
2408 4095 2627 4164 τοιούτῳ
2667 4098 2761 4149 την
2814 4088 2997 4166 ἀρετην
3054 4087 3420 4159 ἐπεστάτησεν,
3476 4088 3613 4141 οὕτω
3642 4086 3880 4159 μεγαλῳ,

2272 4183 2407 4235 οὕτω
2458 4181 2651 4253 τελείῳ,
2711 4179 2844 4233 οὕτω
2890 4187 3001 4240 τοῖς
3048 4178 3184 4241 ὅλοις
3231 4176 3595 4252 ἀπαραμίλλῳ,
3654 4181 3751 4228 καὶ
3805 4178 3885 4237 οἷς

2275 4267 2343 4331 δὴ
2394 4273 2517 4332 τοὺς
2555 4269 2766 4330 λοιποὺς
2810 4269 3365 4343 παραγκωνισμεάνος,
3419 4270 3511 4325 τὴν
3590 4266 3880 4337 ἠγεμονίαν

2273 4359 2426 4421 αὐτὸς
2477 4359 2831 4432 ἐκληρώσατο,
2890 4356 3031 4411 Ἐπεί
3100 4351 3152 4409 δ’
3216 4354 3491 4430 αύτὰρκως
3564 4356 3695 4426 ἔσχε
3777 4361 3881 4405 τῶν

513 4445 842 4513 utcumque
870 4438 1141 4509 satiatus,
1154 4439 1484 4509 ingreditur
1495 4441 1731 4511 cellam,
1744 4442 1897 4502 laeva
1915 4447 2162 4520 quidem

2274 4447 2591 4522 ἀσπασμῶν,
2625 4450 2814 4500 εἴσεισι
2842 4450 2938 4505 τὴν
2978 4445 3166 4509 οἰκίαν,
3201 4453 3265 4518 τῇ
3296 4444 3421 4515 λαιᾷ
3455 4448 3546 4516 μέν
3576 4451 3668 4503 τῆς
3696 4437 3881 4505 δεξιᾶς

511 4544 703 4588 manu
730 4528 1038 4584 dexteram
1068 4525 1197 4597 ejus
1222 4528 1453 4596 tenens,
1476 4529 1720 4588 dextero
1750 4548 1894 4590 vero
1912 4534 2163 4595 brachio

514 4618 765 4677 dorsum
785 4615 915 4688 ejus
936 4614 1346 4686 circumdans;
1379 4620 1560 4691 atque
1585 4634 1660 4675 ex
1680 4635 1751 4677 eo
1772 4625 2040 4697 tempore
2062 4626 2162 4684 illo

514 4707 714 4780 utitur,
757 4718 883 4762 non
921 4707 987 4760 ut
1022 4703 1311 4774 magister
1348 4704 1668 4781 discipulo.
1706 4724 1901 4783 neque
1940 4717 2005 4771 ut
2039 4714 2164 4773 ﬁlio

513 4802 706 4871 pater,
751 4794 860 4853 sed
902 4796 1192 4867 tanquam
1239 4792 1604 4853 nobiliorum
1650 4802 2006 4860 naturarum
2058 4804 2165 4861 uni

514 4903 656 4945 cum
676 4882 1034 4943 verecundia
1059 4880 1406 4954 accedebat,
1431 4884 1817 4947 vehementer
1834 4890 2037 4965 ipsum
2058 4893 2163 4952 ho-

514 4991 758 5047 norans,
786 4978 843 5033 et
858 4972 1010 5030 sicut
1025 4970 1418 5030 conveniebat
1435 4973 1662 5034 colens.

589 5069 674 5123 5t.
701 5062 998 5131 Quoniam
1014 5071 1155 5117 vero
1176 5074 1300 5118 non
1321 5063 1679 5136 expediebat
1693 5063 2005 5130 lucernam
2027 5068 2163 5130 abs-

515 5153 695 5212 condi
723 5151 836 5209 sub
865 5148 1072 5208 modio
1094 5151 1314 5223 (neque
1340 5151 1501 5210 enim
1528 5169 1718 5227 parva
1754 5157 1883 5216 hac
1912 5160 2162 5219 calami-

514 5245 605 5300 tas
630 5245 756 5298 erat
790 5239 951 5296 ﬁdeli
980 5237 1226 5313 populo,
1259 5239 1576 5312 profundis
1606 5243 1668 5300 in
1695 5246 1951 5305 tenebris
1983 5249 2162 5307 ober-

514 5330 689 5400 ranti,
722 5334 780 5387 et
805 5329 1062 5401 graviter
1090 5326 1264 5385 valde
1311 5326 1695 5404 prolabenti),
1742 5350 1855 5392 nec
1915 5350 2161 5411 aequum

516 5422 644 5477 erat
662 5417 912 5476 omnino
940 5416 1172 5475 obstrui
1186 5416 1415 5477 fontem
1439 5419 1605 5493 (dum
1626 5418 1799 5495 plebs
1827 5425 2161 5488 Christiana

584 5552 1055 5623 'Psal.1.xxx,7.
1118 5628 1145 5641 ἢν
1230 5634 1233 5637 _

2274 4537 2538 4612 ἐχόμενος,
2572 4538 2763 4612 θατέρᾳ
2809 4530 2869 4588 δὲ
2926 4543 3026 4588 τῶν
3083 4541 3256 4587 νώτων
3307 4532 3463 4586 αὐτὸν
3522 4527 3558 4584 δ
3564 4530 3881 4603 ιαγκαλιζὸ-

2272 4646 2442 4701 μενος,
2473 4630 2562 4679 καὶ
2584 4628 2641 4678 τὸ
2663 4623 2717 4688 ἐξ
2768 4623 2961 4677 ἐκείνου
3016 4623 3127 4677 οὔθ’
3172 4625 3238 4685 ὡς
3283 4623 3495 4695 μαθητῇ
3551 4617 3878 4688 παιδευτὴς,

2273 4716 2383 4770 οὔθ’
2414 4715 2479 4777 ὡς
2507 4718 2682 4788 πατὴρ
2714 4717 2872 4787 τέκνῳ
2898 4718 3169 4786 χρώμενος
3229 4707 3311 4783 ἧν,
3370 4713 3440 4773 ὧς
3495 4729 3597 4764 τινι
3657 4704 3717 4763 δι
3772 4717 3882 4762 τῶν

2272 4808 2573 4881 κρειττόνων
2630 4805 2829 4877 φύσεων
2884 4808 3206 4878 προσανείχε
3251 4805 3341 4854 καὶ
3396 4795 3471 4853 δι’
3518 4795 3705 4861 αἰδοῦς
3755 4795 3878 4873 ἦγε,

2272 4896 2438 4949 καὶτὰ
2457 4892 2660 4968 μεγαλα
2680 4893 2848 4966 ἐτίμα,
2869 4896 2959 4945 καὶ
2975 4894 3045 4954 ὡς
3060 4890 3195 4952 εἰκὸς
3216 4886 3513 4951 ἔσεϐὰζετο.

2343 5068 2437 5127 να’.
2461 5071 2602 5126 Ἐπεί
2635 5065 2685 5124 δ’
2723 5066 2818 5123 ούκ
2854 5066 3020 5145 ἐχρῆν
3073 5064 3309 5123 ἕπιπλέον
3360 5069 3446 5120 τὸν
3498 5064 3691 5139 λύχνον
3748 5067 3882 5120 ὑπο·

2271 5161 2557 5236 κεκρύφθαι
2575 5161 2662 5213 τὸν
2709 5154 2963 5233 μέδιμνον
3007 5154 3155 5230 (οὐδε
3199 5159 3301 5231 γὰρ
3356 5151 3482 5209 ούδὶ
3533 5158 3723 5231 μετρία
3768 5175 3882 5217 πως

2270 5248 2495 5303 ἐντεῦθεν
2550 5245 2611 5306 ἦν
2668 5250 2694 5309 ὁ
2748 5248 2918 5321 ζημία
2968 5254 3040 5319 τῷ
3090 5245 3288 5300 εὐσεϐεῖ
3338 5249 3428 5299 καὶ
3479 5245 3597 5316 θείῳ
3655 5249 3878 5317 σχοινία

2272 5341 2542 5413 σματι,ὡς
2563 5337 2611 5392 ἓν
2666 5336 2824 5412 βαθεῖ
2862 5345 2936 5410 τῷ
2992 5341 3162 5409 σκότῳ
3210 5334 3521 5408 πλανωμένῳ
3574 5338 3666 5387 καὶ
3726 5329 3879 5388 δεινὰ

2267 5432 2403 5487 πάνυ
2438 5427 2844 5505 προσπταίοντι)
2882 5430 3016 5499 μήτε
3061 5430 3165 5501 μήν
3209 5421 3499 5486 διαπαντὸς
3554 5426 3651 5483 τὴν
3692 5427 3875 5497 πηγὴν
