4032 6308
570 341 674 400 875

1765 337 1902 393 CON
1909 338 2217 393 STANTINI

2329 336 2741 394 IROPOLITE.
3845 351 3944 404 8‘76

565 463 774 536 pserit,
820 463 985 533 longi
1039 461 1325 532 temporis
1381 461 1714 532 prolixique
1747 463 2039 518 sermonis
2069 478 2217 534 opus

2334 482 2393 533 γε
2421 463 2801 536 συνεγράψατο,
2835 474 3040 538 μακροῦ
3074 469 3276 531 πάντως
3328 475 3421 522 του
3475 475 3674 543 χρόνου
3712 491 3816 522 και
3857 481 3941 523 τοῦ

570 553 722 610 foret
749 569 1047 625 exponere
1081 570 1093 606 :
1127 552 1306 621 igitur
1337 567 1530 622 neque
1551 551 1757 606 omnia
1787 567 1982 624 neque
2017 551 2224 607 ordine

575 661 686 699 suo
732 645 952 709 dicam,
995 642 1100 697 sed
1142 656 1338 713 pauca
1385 640 1743 705 admodum,
1790 658 1926 712 quae
1975 642 2118 695 mihi
2162 642 2223 696 in

571 736 831 788 mentem
859 732 1115 798 venient,
1142 729 1422 785 indicabo
1449 747 1460 783 :
1489 728 1703 799 partim
1733 735 1793 784 ut
1813 731 1902 795 iis,
1932 731 2033 800 qui
2067 732 2220 801 ipsa,

565 821 694 891 jam
729 826 906 875 antea
934 825 1247 884 noverunt,
1267 818 1621 872 memoriam
1646 833 1926 873 renovem
1953 837 1966 884 ;
2007 820 2222 890 partim

573 915 793 966 utnota
824 909 1038 966 faciam
1061 908 1273 980 iis.qui
1298 923 1508 963 eorum
1539 908 1941 976 cognitionem
1965 909 2224 964 necdum

503 1041 510 1054 ρ
569 1005 708 1055 sunt
752 1001 1028 1055 assecuti.
1075 997 1388 1054 Exornavit
1435 1011 1547 1065 ego
1598 997 1861 1067 primum
1915 999 2224 1053 concinnis

572 1089 695 1144 suis
707 1089 983 1144 melodiis
999 1086 1352 1160 praeclaram
1373 1085 1505 1140 Salv
1513 1086 1695 1140 atoris
1707 1088 2221 1152 ressurectionem,

570 1177 751 1249 idque
762 1195 886 1234 non
905 1177 1247 1249 simpliciter
1262 1175 1366 1229 sed
1386 1174 1508 1229 mul
1519 1174 1704 1228 ttfarie
1718 1191 1787 1229 ac
1799 1175 2223 1241 diversimode,

573 1269 917 1328 inventione
929 1267 1234 1322 variarum
1253 1263 1492 1319 cantion
1502 1262 1978 1335 um,alternaque
1991 1281 2224 1320 earum-

571 1361 711 1418 dem
732 1360 884 1414 inter
905 1373 967 1411 se
989 1353 1333 1411 mirabiliter
1360 1367 1770 1407 connexarum
1793 1353 2220 1410 vicissitudine.

576 1450 690 1507 Sed
736 1454 793 1504 et
840 1463 950 1519 pro
980 1443 1224 1515 reliquis
1255 1442 1438 1505 festis,
1477 1441 1696 1512 quibus
1745 1442 2016 1508 religiosa
2051 1443 2220 1515 plebs

571 1541 989 1606 congregatur,
1017 1548 1208 1587 unum
1239 1529 1483 1600 aliquod
1507 1529 1617 1584 sibi
1643 1545 1989 1601 proponens
2011 1549 2219 1587 eorum

572 1625 1018 1698 mysteriorum,
1065 1636 1200 1692 quae
1233 1618 1521 1673 Dominus
1552 1634 1622 1674 ac
1651 1618 1993 1691 redemptor
2019 1627 2222 1678 noster

576 1717 762 1773 homo
812 1714 1006 1768 factus
1047 1707 1385 1780 complevit,
1433 1706 1691 1778 plurima
1729 1724 1921 1779 eaque
1951 1709 2217 1781 pulcher-

571 1804 726 1860 rima
754 1797 1113 1872 composuit.
1144 1795 1364 1850 Deinde
1413 1795 1590 1849 etiam
1618 1802 1958 1850 sanctorum
1990 1813 2216 1853 memo-

571 1892 690 1948 rias
719 1888 984 1946 similiter
1007 1884 1362 1954 honestavit,
1395 1883 1477 1939 ita
1507 1887 1570 1938 ut
1597 1888 1828 1938 tantum
1858 1901 1978 1939 non
2005 1903 2217 1942 omnes

572 1980 650 2038 ad
680 1979 933 2035 similem
965 1976 1152 2031 zelum
1181 1972 1411 2038 evehat,
1453 1977 1631 2043 atque
1663 1972 1739 2028 ad
1768 1973 1966 2044 ipsam
2006 1992 2215 2030 eorum

569 2069 960 2126 imitationem
1007 2065 1326 2135 disponat;
1358 2059 1497 2117 facit
1531 2060 1690 2116 enim
1741 2062 1820 2116 ad
1870 2064 2215 2135 exemplum

568 2163 904 2230 martyrum
939 2166 1282 2224 generosos,
1317 2150 1662 2222 quicunque
1699 2152 1775 2206 ad
1811 2154 2215 2208 concinendos

569 2252 902 2318 martyrum
927 2244 1191 2314 hymnos
1224 2239 1599 2304 accesserint,
1631 2245 1687 2294 et
1712 2239 1788 2294 ad
1817 2257 2018 2310 omne,
2048 2242 2216 2313 quod

569 2342 870 2404 terrenum
902 2332 994 2387 vel
1021 2328 1261 2386 carnale
1290 2332 1395 2389 est,
1425 2327 1508 2381 sic
1531 2325 1794 2397 affectos,
1823 2331 2216 2400 quemadmo-

567 2425 715 2481 dum
745 2424 784 2478 ii
812 2421 918 2493 qui
942 2420 1066 2474 istis
1091 2417 1426 2488 superiores
1478 2421 1678 2470 sancte
1706 2416 1995 2487 vixerunt,
2025 2434 2214 2490 quan-

569 2515 892 2584 docunque
948 2507 1314 2564 laudatorias
1362 2504 1436 2558 de
1466 2504 1535 2558 iis
1562 2507 1866 2576 componit
1915 2508 2064 2562 odas
2111 2510 2215 2580 qui

567 2606 750 2660 vitam
783 2603 865 2656 sic
902 2600 1152 2671 egerunt
1183 2613 1194 2650 :
1227 2610 1450 2666 eosque
1491 2594 1616 2648 suis
1654 2595 1996 2662 gloriﬁcans
2032 2601 2216 2654 canti-

567 2693 683 2749 bus
713 2691 861 2747 alios
886 2704 954 2745 ex
987 2685 1140 2748 aliis,
1187 2688 1468 2740 canentes
1511 2682 1647 2738 dico
1676 2688 1732 2738 et
1776 2685 2104 2751 audientes,
2138 2689 2213 2743 si-

567 2780 696 2838 mul
725 2794 936 2836 omnes
965 2775 1042 2832 ad
1091 2772 1341 2829 meliora
1369 2787 1440 2826 ac
1471 2771 1763 2829 diviniora
1813 2775 2078 2831 tansfert.
2112 2776 2217 2832 llla

565 2885 767 2943 porro,
799 2884 932 2941 quae
978 2864 1145 2922 aliter
1167 2861 1382 2918 diffuse
1425 2861 1716 2932 exposuit,
1747 2862 1883 2934 quis
1913 2863 2108 2921 valeat
2135 2866 2215 2921 si-

569 2960 816 3031 gillatim
841 2969 1158 3014 numerare
1196 2952 1223 3006 ?

640 3053 726 3106 54.
756 3049 1038 3104 Caeterum
1082 3043 1210 3098 haec
1249 3040 1484 3112 aliaque
1541 3040 1862 3112 dimittam,
1907 3045 2217 3115 quomodo

2335 550 2488 622 λόγου
2512 549 2748 624 δεόμενα·
2799 573 2904 625 ουχ
2955 556 3161 608 ἅπαντα
3210 561 3300 629 μὲν
3344 563 3479 610 κατὰ
3525 562 3728 633 ῥυθμόν
3785 567 3940 612 είπομ

2334 659 2443 710 μεν,
2470 641 2639 711 ὀλίγα,
2698 638 2758 693 δὲ
2804 641 2938 709 λίαν,
2989 663 3079 695 και
3125 644 3226 697 ὃσα
3276 655 3364 698 νῦν
3420 650 3545 719 ἡμῖν
3591 649 3666 708 εἰς
3720 656 3937 720 μνήμην

2334 731 2447 786 ἣκει
2469 726 2793 801 δηλώσομεν,
2847 750 3000 783 τουτο
3044 737 3133 804 μὶν
3185 739 3301 795 τοὺς
3354 739 3648 808 φθάσαντας
3707 737 3937 790 ἐπελθεῖν

2335 815 2828 888 ἀναμιμνήσκοντες,
2888 829 3042 872 τοῦτο
3102 818 3162 873 δὲ
3205 843 3293 874 και
3345 833 3450 885 τοῖς
3505 832 3666 897 μήπω
3712 845 3935 898 περιτυ-

2333 915 2500 976 χοῦσι
2536 909 2895 981 γνωρίζοντες.
2949 916 3147 982 Κοσμεῖ
3195 916 3287 984 μὲν
3349 923 3436 965 οῦν
3481 918 3547 966 τὰ
3589 924 3780 987 πρῶτα
3831 925 3935 975 τοῖς

2337 1003 2620 1068 στιχηροῑς
2656 996 2815 1048 αὑτοῦ
2845 996 3188 1070 μελῳδήμασι
3239 1006 3334 1059 τὴν
3389 1011 3480 1055 τοῦ
3522 1011 3764 1076 Σωτῆρος
3822 1025 3932 1076 ¹ξαι-

2335 1079 2465 1154 ὃρὰν
2503 1083 2865 1146 ἐξανάστασιν·
2918 1106 3008 1138 και
3083 1089 3188 1160 οὐχ
3269 1090 3442 1151 ἁπλῶς
3506 1094 3643 1144 οὕτω
3720 1100 3928 1164 κοσμεῖ,

2334 1169 2619 1234 πολυειδῶς
2653 1169 2712 1225 δὲ
2741 1194 2831 1225 και
2860 1176 3122 1243 ποικίλως,
3164 1178 3327 1248 μελῶν
3375 1201 3428 1232 τε
3473 1178 3753 1254 διαφόροις
3808 1185 3932 1253 εὑρέ-

2338 1278 2454 1312 σεσι
2483 1281 2572 1311 και
2614 1264 2925 1334 θαυμαστῶς
2977 1273 3097 1326 οῑως
3146 1265 3599 1341 ἐναλλαττομένης
3650 1270 3931 1341 ἐγγύτησι·
3987 1267 3990 1274 ’

2332 1350 2426 1401 κὰν
2455 1360 2571 1412 ταῖς
2590 1351 2800 1414 λοιπαῖς
2825 1351 2884 1405 δὲ
2908 1364 3008 1405 τῶν
3052 1361 3408 1431 πανηγύρεων,
3467 1359 3539 1431 ἐφ’
3595 1363 3683 1420 αἶς
3731 1364 3758 1412 ό
3803 1362 3938 1413 tisa—

2333 1439 2424 1500 ϐῆς
2469 1440 2593 1503 λεὼς
2631 1441 2952 1514 ἐνθεάζομεν,
3012 1445 3062 1496 ἓν
3108 1465 3160 1498 τι
3208 1450 3410 1508 πάντως
3457 1451 3796 1521 προτιθέντες
3845 1461 3940 1501 τὼν

2331 1531 2525 1603 ὅσαπερ
2553 1532 2578 1581 ό
2623 1536 2895 1594 Δεσπότης
2930 1553 3019 1584 και
3073 1534 3293 1598 Ῥύστης
3349 1536 3760 1612 ἐνανθρωπήσας
3823 1537 3940 1590 δια-

2331 1617 2566 1686 τετέλεκε,
2656 1640 2742 1671 και
2820 1624 2886 1673 τὰ
2948 1622 3123 1674 εἰκότα
3189 1624 3620 1698 ἐπαγαλλόμενοι,
3675 1628 3944 1680 κάλλιστά

2328 1725 2381 1758 τε
2410 1727 2499 1758 και
2530 1707 2748 1760 πλεῖστα
2775 1708 3026 1770 ξυνέθετο.
3071 1715 3206 1784 Πρὸς
3247 1711 3308 1765 δὲ
3368 1735 3457 1766 και
3511 1722 3726 1788 μνήμας
3775 1718 3942 1788 ἁγίων

2328 1801 2431 1855 τοῖς
2494 1797 2687 1867 ὁμοίοις
2748 1797 2991 1871 λαμπρῶς
3057 1806 3437 1874 κατεκόσμησε·
3495 1809 3651 1875 μόνον
3707 1806 3801 1857 οὗν
3849 1807 3941 1857 οὐκ

2328 1883 2526 1958 ἐπαίρει
2556 1887 2748 1946 πάντας
2802 1891 2932 1960 πρὸς
2985 1889 3140 1948 ζῆλον
3181 1894 3267 1943 τὸν
3325 1893 3522 1964 ὅμοιον,
3585 1914 3680 1945 και
3726 1895 3941 1947 ὑπαλει-

2328 1993 2408 2044 φει
2437 1978 2565 2046 πρὸς
2594 1979 2685 2032 τὴν
2711 1975 2874 2034 αὐτὴν
2896 1982 3143 2048 μίμησιν·
3198 2000 3284 2031 και
3337 1985 3438 2057 γάρ
3500 2003 3605 2043 πως
3656 1981 3939 2057 ἀνδρείους

2326 2065 2509 2120 τίθησι
2549 2066 2684 2115 κατὰ
2725 2067 2989 2140 μάρτυρας
3016 2110 3030 2134 ,
3081 2072 3126 2119 εἶ
3167 2088 3238 2140 τῳ
3282 2069 3342 2121 ἂν
3379 2073 3540 2142 τύχοι
3593 2081 3696 2124 τῶν
3737 2076 3940 2145 μαρτῦ-

2325 2171 2426 2225 ρων
2485 2157 2732 2224 συνείρων
2824 2158 2911 2205 τόν
2969 2156 3306 2231 όρλιητήριον⁸
3367 2179 3457 2210 και
3501 2165 3628 2234 πρὸς
3682 2162 3830 2214 ἅπαν
3883 2159 3942 2214 δε

2325 2243 2642 2314 προσπαθεῐς
2693 2247 2942 2313 σαρκικόν
2974 2263 3029 2295 τε
3079 2265 3168 2296 και
3196 2253 3395 2317 γήῑνον,
3447 2253 3581 2300 κατὰ
3620 2257 3750 2312 τοὺς
3781 2253 3940 2313 ὁσίως

2326 2349 2415 2380 και
2436 2331 2562 2401 ὑπὲρ
2585 2333 2650 2381 τὰ
2689 2328 2818 2388 τῆδε
2862 2330 3177 2402 βιώσαντας,
3232 2340 3274 2387 εἰ
3328 2356 3431 2388 τινι
3483 2338 3638 2390 πάλιν
3698 2350 3805 2391 τῶν
3859 2343 3940 2392 οὑ-

2326 2437 2457 2470 τωσι
2515 2419 2786 2478 ζησάντων
2867 2425 2986 2482 τοὺς
3066 2423 3384 2497 αἰνετηρίους
3461 2430 3536 2484 εἴη
3602 2431 3936 2500 συνθέμενος·

2325 2526 2414 2558 και
2501 2509 2838 2582 καθωραίσας
2913 2518 3018 2571 τοῖς
3083 2513 3339 2584 ᾄσμασιν,
3401 2515 3585 2577 ἄλλους
3661 2517 3842 2578 ἁπλῶς
3889 2519 3940 2579 ἐξ

2326 2594 2488 2646 ἄλλων
2532 2599 2646 2656 τούς
2695 2596 2739 2648 τ’
2777 2594 3023 2668 ᾄδοντας,
3084 2605 3200 2662 τοὺς
3242 2603 3283 2654 τ’
3335 2603 3731 2676 κάροωμένους,
3787 2627 3944 2679 μετα-

2325 2693 2481 2754 ποιεῖ,
2513 2705 2603 2737 και
2629 2689 2834 2758 σύναμα
2863 2690 3056 2749 πάντας
3093 2695 3223 2763 πρὸς
3271 2697 3329 2744 τό
3379 2701 3611 2767 κρεῖττον
3665 2715 3762 2746 και
3812 2699 3943 2749 θειό-

2327 2794 2468 2849 τερον
2499 2785 2907 2848 μεταστοιχειοί.
2941 2777 3004 2831 Ἀ
3038 2775 3084 2831 δ’
3123 2780 3194 2840 εἰς
3252 2781 3439 2844 πλάτος
3493 2782 3656 2843 ἄλλως
3718 2784 3938 2854 ἐξέθετο,

2327 2867 2405 2924 τίς
2433 2865 2494 2914 ἄν
2514 2867 2648 2917 κατὰ
2666 2869 2820 2936 μέρος
2849 2864 3314 2938 ἀπαριθμήσαιτο;

2399 3038 2501 3097 vd".
2532 3045 2702 3096 Ἐάσω
2741 3042 2922 3099 τᾶλλα.
2984 3044 3162 3117 (Ἃλλὰ
3216 3051 3342 3118 πῶς)
3399 3056 3625 3124 παρήσω
3675 3057 3806 3114 τοὺς
3852 3051 3940 3123 ἐγ-

567 3137 886 3213 praeteribo
915 3130 1376 3190 encomiasticos
1415 3145 1741 3200 sermones,
1773 3131 1996 3203 quibus
2047 3150 2217 3190 vene-

2331 3136 2718 3202 κωμιαστικούς
2759 3139 2876 3193 τοὺς
2925 3137 3018 3195 τὰς
3083 3135 3402 3210 σεϐασμίους
3458 3139 3638 3213 ἑορτὰς
3695 3161 3944 3214 περικρο-

565 3227 773 3285 randae
813 3223 1160 3280 festivitates
1199 3220 1667 3284 circumsonant,
1701 3221 1927 3292 quique
1964 3223 2040 3277 ad
2079 3223 2223 3279 divi-

568 3318 799 3372 niorem
821 3328 956 3367 vere
980 3309 1411 3379 melioremque
1443 3307 1726 3361 choream
1751 3309 2050 3366 invitant?
2070 3328 2222 3384 quo-

2333 3228 2568 3286 τοῦντας,
2595 3223 2645 3273 οἱ
2681 3218 2749 3279 δὴ
2781 3227 2907 3294 πρός
2937 3231 3154 3296 χορείαν
3211 3227 3620 3298 μετακαλοῦνται
3673 3231 3943 3303 θειοτέραν

2335 3311 2486 3370 ὄντως
2520 3331 2609 3361 και
2655 3317 2956 3382 κρείττοια;
2987 3318 3079 3371 τὴν
3145 3311 3203 3366 δὲ
3253 3322 3428 3387 πηγὴν
3471 3327 3576 3378 πώς
3628 3317 3740 3390 ἆρα
3779 3340 3946 3392 παρα-

573 3403 756 3462 modo
788 3399 1116 3456 transiliam
1147 3397 1374 3451 fontem
1404 3395 1663 3450 scientia:
1692 3396 1831 3451 inde
1862 3403 2217 3464 emanantis.

2340 3396 2644 3470 δραμοῦμαι
2673 3408 2764 3459 τῆς
2804 3407 3082 3470 γνώσεως;
3111 3405 3141 3460 ᾖ
3166 3412 3273 3464 πῶς
3301 3404 3430 3475 οὐχὶ
3475 3425 3565 3458 και
3611 3411 3668 3458 ἐκ
3701 3407 3945 3482 πάροδον

576 3499 642 3550 ut
668 3506 791 3547 non
815 3489 1024 3544 saltem
1058 3487 1119 3541 in
1147 3485 1395 3540 transitu
1437 3483 1650 3546 exinde
1680 3485 1959 3542 hauriam
1989 3490 2015 3544 '2
2043 3495 2108 3545 ut
2149 3491 2217 3546 ad

2338 3492 2528 3547 ταύτης
2573 3485 2873 3562 ἀρύσομαι;
2927 3493 3013 3542 ἶνα
3057 3511 3164 3552 πως
3209 3497 3337 3567 πρὸς
3390 3497 3474 3545 τὸν
3523 3493 3700 3566 ἐφεξῆς
3750 3494 3949 3570 δρόμον

575 3581 821 3651 reliquie
891 3574 1220 3632 festivitatis
1285 3588 1530 3628 cursum
1594 3572 1893 3629 robustior
1951 3580 2217 3648 evadam1

2343 3577 2686 3648 άκμαιότερος
2759 3581 2960 3648 γέμωαι
2989 3622 3004 3649 ,
3077 3579 3415 3652 λειποψυχών
3486 3579 3606 3634 ἰδοὺ
3685 3588 3950 3657 ἀπογινω-

577 3668 826 3744 quando
853 3681 949 3721 me
972 3663 1226 3720 deﬁcere
1250 3662 1312 3716 in
1334 3661 1527 3716 stadio
1551 3677 1794 3717 sensero
1825 3679 1894 3718 ac
1914 3664 2217 3737 desperart

2342 3685 2479 3717 σκων
2538 3669 2623 3717 τόν
2680 3662 2911 3731 δίαυλον,
2975 3687 3064 3719 και
3131 3671 3464 3742 ἀπαγορεύων
3517 3676 3601 3724 τὸν
3673 3680 3942 3747 στέφανον.

580 3773 887 3817 coronam.
923 3757 1070 3811 Cum
1101 3751 1259 3807 enim
1282 3749 1438 3805 illius
1472 3751 1738 3816 memini,
1771 3762 2126 3822 evagantem
2148 3759 2217 3813 fol

2341 3754 2498 3810 Ἀλλὰ
2550 3757 2649 3826 φὰρ
2682 3758 2945 3826 ἐμνήσθην
3000 3761 3211 3818 ἐκείνης,
3265 3778 3354 3810 και
3406 3769 3523 3812 νοῦν
3569 3767 3828 3836 παραυτὰ
3859 3771 3943 3817 τὸν

577 3866 678 3906 ras
725 3852 985 3902 mentem
1016 3840 1300 3898 continuo
1329 3855 1546 3895 revoco
1578 3857 1592 3903 ;
1621 3856 1758 3894 cum
1817 3842 1945 3911 ejus
1985 3848 2217 3902 memini

2342 3845 2556 3916 θύραθεν
2609 3848 2941 3915 συναγηοχα·
2994 3845 3256 3918 ἐμνήσθην
3303 3846 3520 3918 ἐκείνης,
3567 3870 3659 3902 και
3707 3861 3786 3922 τῷ
3837 3859 3941 3905 ὄντι

577 3954 716 3996 vere
745 3934 940 4004 magis
969 3929 1271 3988 rationalis
1299 3928 1523 3993 videor,
1558 3927 1688 3998 ipsa
1717 3931 1944 3986 ratione
1971 3937 2217 4004 pruden-

2335 3931 2669 4005 λογικώτερος
2711 3930 3111 4006 ἀναδέδειγμαι,
3175 3939 3418 4010 χρῆσθαι
3470 3945 3816 4012 συνετώτερον
3871 3952 3941 4012 τῷ

577 4029 693 4084 tius
724 4027 806 4082 uti
854 4023 1060 4080 valens
1089 4041 1106 4092 ;
1157 4035 1295 4074 cum
1323 4020 1454 4087 ejus
1504 4018 1770 4085 memini,
1796 4030 2037 4091 repente
2068 4026 2217 4082 inve-

2333 4019 2469 4090 λόγῳ
2519 4017 2816 4091 δυναμενος’
2892 4021 3154 4093 ἐμνήσθην
3223 4027 3438 4094 ἱκείνης,
3492 4047 3600 4094 και,
3651 4032 3710 4078 τό
3756 4031 3937 4100 μεῖξον

577 4118 710 4173 nior
750 4129 882 4168 esse
921 4110 1151 4167 solidus
1184 4123 1306 4179 prae
1359 4105 1489 4161 aliis
1546 4107 1774 4161 cunctis
1826 4109 2112 4180 theologis
2167 4122 2225 4172 et

575 4204 764 4260 multo
784 4202 897 4258 illis
918 4197 1353 4266 intelligentior.
1379 4197 1468 4251 Oh
1488 4202 1635 4266 quot
1665 4199 2078 4267 mysteriorum
2112 4220 2219 4258 no-

576 4292 764 4348 titiam
794 4287 959 4346 brevi
986 4286 1272 4357 temporis
1303 4284 1495 4354 spatio
1526 4283 1670 4338 mihi
1701 4285 1890 4340 sentio
1933 4289 2169 4347 infundi
2202 4295 2218 4350 ι

574 4379 652 4434 ad
683 4383 973 4450 quantam
999 4374 1218 4430 evehor
1259 4372 1814 4440 magnanimitatem
1852 4375 1863 4427 !
1899 4376 2073 4433 Caico
2111 4382 2222 4438 hu-

571 4483 776 4534 mana,
809 4465 1016 4521 scindo
1041 4477 1241 4518 aerem
1265 4459 1668 4515 humidiorem
1701 4461 1863 4517 hunc
1888 4471 1944 4518 et
1967 4467 2219 4527 circum-

570 4555 771 4612 fusum
829 4559 1018 4619 terrae,
1075 4551 1221 4622 quin
1273 4552 1332 4604 et
1380 4549 1631 4603 alterum
1682 4551 1983 4620 puriorem
2025 4562 2218 4615 trans-

571 4643 784 4710 cendo,
815 4646 873 4697 et
900 4647 1131 4696 tantum
1159 4654 1277 4693 non
1313 4651 1597 4708 procurro
1625 4637 1772 4691 ultra
1792 4640 2012 4698 tubera
2036 4653 2217 4719 atque

569 4732 647 4790 ad
675 4731 911 4788 tertium
951 4727 1168 4784 caelum
1214 4725 1506 4797 pertingo,
1557 4729 1615 4779 ct
1655 4741 1790 4796 quae
1819 4743 1940 4783 non
1969 4730 2106 4788 licet
2133 4735 2215 4792 lo-

566 4820 689 4893 qui,
725 4818 891 4875 effari
907 4817 1147 4881 doceor,
1171 4814 1383 4885 plenus
1403 4812 1817 4870 enthusiasmo
1837 4817 2214 4894 multumque

565 4909 797 4981 meipso
841 4907 1051 4963 melior
1099 4923 1112 4959 :
1161 4918 1379 4975 parum
1429 4901 1590 4956 enim
1640 4903 1809 4959 abest
1855 4908 2002 4978 quin
2059 4911 2214 4968 illius

563 5014 746 5056 causa
776 5000 836 5053 in
868 4995 1088 5052 coelum
1113 4991 1438 5051 ascendam
1476 4995 1757 5064 totusque
1786 4993 2023 5054 divinus
2067 5001 2213 5056 ﬁam

2331 4111 2548 4178 πάντων,
2600 4108 2840 4179 ἀσφαλὴς
2921 4111 3157 4183 θεολόγος
3236 4117 3491 4186 παρευθὺς
3542 4117 3793 4190 εὖρημαι,
3842 4140 3935 4170 και

2327 4204 2630 4270 νοερώτερος
2683 4195 2748 4256 δή
2796 4219 2904 4258 πως
2948 4204 3249 4272 γεγένημαι,
3299 4202 3368 4255 ⁴Ω
3419 4209 3594 4256 πόσων
3644 4205 3692 4256 ὲν
3747 4205 3936 4281 ἀκαρεί

2326 4291 2628 4359 μυστηρίων
2686 4287 3021 4348 ἠξιώθηνίῶ
3069 4290 3136 4350 εἰς
3189 4293 3300 4343 οίαν
3355 4299 3660 4350 κατήντηκα
3709 4298 3935 4366 μεγαλό-

2326 4395 2486 4428 νοιανο
2517 4373 2804 4447 ὑπερπηὸώ
2851 4382 2916 4428 τὰ
2973 4378 3288 4452 ἀνθρώπινα,
3339 4378 3616 4454 διασχίζω
3667 4389 3756 4435 τὸν
3806 4384 3935 4460 ἀέρα

2327 4485 2529 4518 τουτονι
2558 4470 2644 4516 τόν
2686 4467 2962 4540 ὑγρότερον
3019 4488 3109 4520 και
3156 4475 3430 4542 περίγειον,
3487 4471 3782 4547 ὑπερϐαίνω
3830 4484 3932 4526 τῶν

2324 4557 2716 4628 καθαρωτέρων,
2767 4557 2893 4629 ὑπὲρ
2939 4560 3024 4608 τόν
3081 4558 3264 4632 αἰθέρα
3316 4562 3410 4611 θέω
3455 4570 3668 4635 μικροῦ,
3709 4581 3804 4614 και
3863 4565 3934 4624 εἰς

2324 4649 2493 4716 τρίτον
2559 4643 2773 4716 οὐρανόν
2841 4646 3034 4714 φθάνω,
3108 4667 3198 4698 και
3270 4655 3306 4699 οἱ
3384 4649 3478 4700 οὐκ
3533 4648 3644 4712 ἐξὸν
3695 4650 3934 4709 λαλῆσαι

2322 4733 2535 4803 γλώσσῃ
2590 4742 2844 4805 μυοῦμαι,
2903 4740 2990 4787 καὶ
3038 4736 3423 4811 ἐνθουσιασμοῦ
3464 4739 3786 4816 πληροῦμαι,
3837 4763 3934 4795 και

2323 4829 2506 4894 μακρῷ
2529 4827 2775 4895 κρείτ-τῶν
2809 4821 3034 4894 ἐμαυτοῦ
3077 4832 3310 4898 γίνομαι·
3365 4832 3516 4899 μόνον
3573 4831 3672 4901 γὰρ
3724 4829 3823 4880 οὐκ
3878 4832 3932 4883 ἐν

2323 4909 2522 4983 οὐρανῷ
2565 4905 2660 4961 διὰ
2707 4914 2897 4972 ταύτης
2950 4911 3263 4986 ἀνέρχομαι,
3325 4935 3412 4967 και
3466 4919 3595 4977 θεῖος
3642 4917 3752 4978 ὅλος
3803 4922 3934 4972 καθ-

2324 5003 2564 5065 ίσταμαι,
2598 5019 2687 5050 και
2735 5007 2848 5060 νοῦς
2901 5002 3146 5075 ἄντικρυς
3183 5006 3526 5077 χρηματίζει),
3577 5026 3668 5057 και
3707 5026 3930 5079 ισαγγε-

562 5094 621 5144 et
667 5088 846 5160 plane
891 5083 1238 5158 spiritualis,
1299 5087 1476 5151 atque
1523 5080 1888 5151 intelligendi
1938 5089 2213 5145 facultate

563 5177 812 5249 aequalis
834 5175 1050 5245 angelo
1070 5174 1262 5231 factus
1281 5171 1507 5225 videor.
1542 5171 1712 5226 Disco
1732 5189 1868 5243 qua:
1899 5176 1975 5230 ad
2005 5177 2214 5234 imma-

564 5265 797 5320 teriales
842 5262 1208 5320 substantias
1239 5260 1551 5332 pertinent,
1594 5266 1651 5314 et
1686 5263 1996 5331 quomodo
2028 5281 2211 5321 nove-

561 5353 766 5408 narius
797 5353 1015 5408 chorus
1037 5352 1114 5407 ad
1139 5349 1452 5406 trinarium
1473 5347 1812 5415 reducatur,
1849 5359 2024 5422 prout
2053 5356 2209 5410 ordi-

561 5445 736 5494 natus
786 5447 895 5506 est,
957 5455 1256 5508 cognosco
1301 5443 1357 5492 et
1410 5436 2019 5504 admiror;insonant
2065 5443 2211 5498 mihi

559 5526 891 5582 ineffabiles
936 5543 1143 5583 eorum
1200 5524 1558 5592 doxologiaa,
1591 5529 1647 5579 et
1689 5540 1839 5595 pene
1883 5530 2210 5601 compellor

559 5630 684 5672 una
725 5631 866 5672 cum
916 5615 984 5670 iis
1042 5612 1444 5672 diversimode
1497 5627 1711 5669 canere
1754 5619 1932 5687 atque
1959 5617 2210 5677 laudare

2320 5087 2406 5148 λος
2425 5091 2514 5144 τὴν
2571 5088 2867 5159 κατάληψιν
2915 5087 3315 5164 ἀναδείκνυμαι.
3391 5096 3648 5147 Μανθάνω
3703 5100 3770 5148 τὰ
3825 5107 3929 5149 τῶν

2323 5173 2487 5227 ἀῦλων
2520 5176 2587 5237 ὠς
2619 5186 2888 5251 παρῆκται
2918 5176 3208 5250 δυνάμεων·
3240 5186 3326 5233 τόν
3375 5179 3665 5235 ἐννεαδικόν
3706 5182 3764 5236 δι
3805 5189 3932 5238 rixo-

2323 5283 2472 5336 σμον,
2525 5272 2611 5317 τὸν
2653 5273 2724 5329 είς
2761 5266 3034 5340 τριαδικὸν
3095 5276 3458 5343 συναγόμενον,
3499 5279 3651 5344 μόνον
3695 5275 3803 5346 οὐχ
3856 5282 3928 5338 ὡς

2320 5351 2655 5408 διατέτακται
2704 5376 2793 5410 και
2848 5365 3089 5429 γινώσκω
3118 5380 3208 5412 και
3259 5363 3627 5434 ὑπεράγαμαιο
3691 5363 3925 5434 ἐνηχοῦ-

2318 5464 2414 5515 μαι
2441 5448 2533 5507 τὰς
2555 5445 2881 5520 ἀπορρήτους
2926 5447 3126 5502 ἐκείνων
3181 5447 3502 5523 δοξολογίας,
3529 5471 3618 5504 και
3673 5472 3784 5514 πώς
3850 5451 3919 5511 δὴ

2321 5539 2702 5606 συνεπαίρομαι
2729 5541 2821 5594 τὴν
2863 5537 3030 5596 ἁπλῆν
3051 5536 3258 5612 Τριάδα
3295 5559 3384 5591 και
3415 5544 3572 5603 ὄντως
3626 5538 3923 5612 μοναδικὴν

2319 5618 2580 5696 διαφόρως
2621 5623 2858 5699 ἀνυμνεῐν
2912 5647 3003 5680 και
3049 5634 3309 5702 γεραίρειν
3359 5630 3677 5694 πολυειδῶς.
3713 5632 3923 5685 Ἐννοοῦ
