4032 6308
82 411 204 466 8⁵1⁸1

1328 420 1396 474 IN
1433 419 1490 474 s.
1528 419 1706 476 JOAN
1743 403 2244 476 DAMASCENUM.

3362 421 3465 474 878

81 556 191 607 μαι
246 540 340 597 τάς
389 544 528 610 τρεῖς
575 547 664 599 τῆς
739 541 1023 615 ὑπερφυοῦς
1098 542 1282 603 οὗσὶας
1357 549 1447 595 καί
1492 545 1702 616 ὕπερον-

1813 544 2144 617 simplicem
2170 561 2240 601 ac
2300 561 2432 601 vere
2481 545 2723 601 unicam
2776 546 3141 601 Trinitatem.
3200 544 3466 614 Intelligo

87 628 220 676 σίου
255 630 461 698 φὺσεως
492 629 870 694 ὑποστατικάς,
915 627 1204 695 ἰδιότητας,
1244 637 1368 706 πρὸς
1400 629 1476 695 δέ,
1529 632 1702 707 ὥσπερ

83 709 156 770 δή
191 719 395 774 ταύτην
426 723 515 769 καί
558 722 680 788 μὶαν
731 720 913 770 οὑσὶαν
969 729 1067 772 τῶν
1115 729 1270 795 τριῶν
1323 720 1704 793 καταλαμϐάνω

81 810 416 875 προσώπων,
465 807 596 858 οὕτω
647 812 738 860 καί
789 828 914 880 μιαν
957 807 1196 871 ἐξουσὶαν
1244 813 1573 882 ἑπιγινὼσκω
1614 815 1705 862 καί

82 889 349 966 δύναμιν·
381 896 497 948 ὖθεν
525 902 618 949 καί
673 899 758 949 ἕνα
807 903 898 950 καί
947 897 1111 958 άληθῆ
1166 904 1359 958 ταύτην
1415 905 1564 963 Θεὸν,
1615 905 1704 951 καί

78 986 248 1052 μόνον
308 993 410 1035 τῶν
488 989 638 1037 ὄντων
715 995 933 1059 τριττῶς
973 986 1321 1062 άπερὶγαπτον
1363 993 1454 1040 καί
1505 987 1704 1049 άληθῶς

82 1071 471 1129 ἀκατάληπτον
523 1079 582 1125 τὸ
640 1076 931 1144 θαυμάσιον
1006 1081 1094 1128 καί
1151 1076 1530 1150 καταλαμϐάνω
1614 1082 1703 1129 καί

81 1159 347 1233 σὲϐομαι.
377 1163 451 1214 Οὐ
471 1170 597 1233 γοῦν
623 1166 796 1235 φθάνω
845 1161 1064 1238 διαιρῶν
1117 1167 1189 1226 εἰς
1239 1173 1378 1241 τρια,
1438 1170 1527 1217 καί
1585 1186 1702 1218 συν-

79 1250 245 1301 άπτω
277 1256 412 1324 πρὸς
443 1252 511 1320 ἓν,
561 1259 618 1304 τό
679 1257 769 1326 μέν
823 1261 932 1316 τοῖς
983 1263 1347 1331 χαρακτῆρσι,
1413 1259 1470 1307 τό
1521 1252 1580 1307 δέ
1635 1263 1697 1313 τῆ

83 1339 428 1412 ἐξουσὶᾳ,τῆ
463 1348 751 1416 μοναρχὶα,
787 1351 846 1402 τῆ
900 1347 1294 1417 ὁμοουσιὸτητι,
1349 1354 1410 1404 τῆ
1465 1365 1518 1397 τε
1573 1349 1704 1419 πρός

83 1435 144 1478 τό
202 1437 418 1503 πρῶτον
471 1434 636 1483 αἴτιον
689 1441 788 1483 τῶν
822 1432 876 1484 ἐκ
933 1441 1024 1485 τοῦ
1067 1439 1276 1509 πρώτου
1311 1439 1401 1485 καί
1458 1434 1701 1485 αἰτιατῶν

86 1526 348 1590 συμφυῑᾳ
397 1525 488 1570 καὶ
559 1518 938 1593 ἀπαραλλάκτῳ
988 1526 1290 1588 ταυτότητι,
1341 1526 1504 1584 οὕτως
1561 1521 1704 1574 ἰ·παὶ-

83 1626 279 1679 ρομαι,
337 1608 471 1659 οὕτω
530 1610 867 1682 κουφίζομαι,
927 1610 1060 1663 οὕτω
1141 1613 1446 1685 θαυμασίως
1520 1610 1705 1683 ἀνάγο-

82 1715 208 1765 μαι,
251 1699 353 1747 καί
393 1695 520 1758 ὅλως
570 1705 669 1748 τῶν
714 1697 934 1750 ἐνταῦθα
987 1700 1383 1773 μετεωρὶζομαιι
1437 1703 1527 1751 καί
1575 1701 1703 1753 θειό-

80 1803 234 1858 τερος
265 1784 700 1859 ἀποκαθίσταμαι
723 1792 816 1839 καί
856 1785 1213 1864 φαιδρότερος.

1812 650 2107 706 supremae
2123 636 2392 690 essentite
2420 651 2489 690 ac
2504 635 3094 708 supersubstantialis
3107 640 3334 690 naturae
3358 635 3464 705 hy-

1811 724 2135 792 postaticas
2177 724 2591 794 proprietates,
2632 724 2750 778 imo
2781 725 2974 796 ipsam
3040 739 3219 778 unam
3285 722 3463 777 trium

1809 827 2206 882 personarum
2236 812 2552 867 essentiam
2585 812 3042 884 quodammodo
3067 811 3462 882 comprehen-

1811 900 1908 969 do,
1945 900 2028 955 sic
2061 917 2242 956 unam
2276 902 2601 972 potentiam
2636 908 3108 973 potestatemque
3130 916 3460 968 cognosco:

1810 1004 1930 1061 quo
1951 988 2010 1043 ﬁt
2034 995 2096 1044 ut
2115 989 2310 1060 ipsam
2328 989 2652 1058 intelligam
2677 990 3046 1061 adoremque
3068 1005 3256 1044 unum
3281 1005 3350 1043 ac
3367 1004 3463 1043 ve-

1810 1093 1943 1132 rum
1965 1078 2496 1150 Deum,solumque
2517 1080 2667 1134 inter
2687 1080 2892 1134 omnia
2908 1095 3042 1150 qua:
3065 1077 3466 1133 exsistunttri-

1811 1165 2038 1239 pliciter
2065 1166 2487 1221 indeﬁnibilem
2517 1184 2586 1222 ac
2605 1184 2855 1239 prorsus
2873 1168 3457 1239 incomprehensum.

1811 1259 1958 1312 Cum
1993 1255 2170 1325 igitur
2199 1259 2258 1310 in
2292 1264 2405 1312 tres
2438 1257 2641 1312 divido
2690 1263 2745 1312 et
2795 1259 2855 1312 in
2889 1273 3078 1312 unum
3133 1257 3458 1327 conjungo,

1811 1350 1925 1400 tres
1955 1345 2013 1400 in
2042 1346 2521 1418 proprietatibus.
2554 1363 2742 1402 unum
2772 1348 3058 1420 potentia,
3093 1347 3459 1412 auctoritate,

1809 1434 2446 1502 consubstantialitate,
2467 1440 2523 1490 et
2552 1451 2622 1491 ea
2652 1452 2786 1507 quae
2814 1442 2900 1491 est
2929 1441 3315 1491 causatorum
3336 1451 3464 1489 om-

1811 1523 1976 1578 nium
2000 1540 2135 1578 cum
2155 1525 2351 1596 prima
2373 1541 2556 1579 causa
2583 1525 3003 1596 dependentia,
3040 1523 3462 1579 indissolubili-

1809 1628 1928 1685 que
1959 1611 2146 1685 ipsius
2198 1613 2535 1680 identitate;
2571 1614 2653 1667 sic
2684 1613 2951 1680 extollor,
2996 1618 3115 1668 tam
3170 1613 3316 1668 levis
3361 1613 3458 1684 ﬁo,

1813 1707 1935 1757 tam
1961 1701 2307 1757 mirabiliter
2332 1717 2570 1757 sursum
2598 1717 2761 1772 agor,
2808 1708 2867 1756 ut
2912 1718 2984 1756 ex
3043 1702 3112 1756 iis
3171 1717 3308 1773 quae
3337 1700 3464 1756 istic

1811 1797 1951 1847 sunt
1978 1795 2137 1846 totus
2170 1792 2532 1861 suspendar,
2564 1797 2742 1862 atque
2764 1790 2902 1846 inde
2929 1789 3188 1846 divinior
3209 1789 3466 1862 splendi-

1739 1897 1779 1950 Β
1810 1879 2062 1952 diorque
2092 1879 2239 1934 mihi
2264 1879 2379 1950 ipsi
2409 1879 2707 1936 restituar.

155 1981 254 2039 νε’.
313 1983 494 2044 Μῦθος
545 1985 633 2054 μέν
686 1985 788 2058 γάρ
846 2003 927 2046 τις
970 1988 1060 2038 καί
1132 1990 1377 2043 ποιητικὴ
1439 1991 1695 2058 τερατεὶα,

82 2069 286 2142 μᾶλλον
322 2065 384 2122 δέ
407 2068 649 2145 γραὼδης
695 2072 1000 2140 άνάπλασις,
1035 2075 1112 2125 ὅτι
1157 2080 1246 2126 καί
1295 2072 1473 2136 ἐξὶσης
1525 2076 1559 2126 ἆ
1609 2081 1698 2147 μέν

82 2162 150 2211 τά
202 2157 520 2232 βρεφὺλλια,
595 2162 644 2212 οἱ
718 2157 778 2213 δέ
842 2164 962 2225 τούς
1018 2158 1296 2223 νηπιὼδεις
1353 2162 1698 2236 ψυχαγωγεῖν

84 2251 283 2319 ἓχονσι
327 2255 434 2308 τοῖς
478 2252 788 2324 καινοτεροις
843 2249 1165 2324 άκούσμασι·
1232 2253 1394 2324 μῦθος
1450 2253 1555 2324 οὖν,
1613 2258 1698 2305 τόν

85 2336 240 2395 ἣλιον
305 2335 357 2398 ἐς
408 2338 644 2390 Ὠκεανόν
739 2342 999 2412 κατάγειν,
1101 2339 1333 2393 κάκεῖθεν
1404 2340 1698 2415 λελουμὲνον

87 2425 312 2498 ἀνάγειν
356 2426 729 2504 λαμπρότερον,
814 2429 952 2487 Πλήν
994 2413 1106 2482 ἕστε
1162 2433 1345 2502 μῦθος,
1399 2430 1558 2483 πάλαι
1611 2438 1700 2506 μέν

89 2515 500 2592 θρυλλουμπος,
553 2525 638 2568 νῦν
715 2513 773 2570 δέ
845 2515 1270 2592 διαπαιξόμενος·
1350 2529 1440 2580 τῆς
1521 2517 1580 2573 δὲ
1643 2540 1702 2592 γε

91 2603 414 2680 ςωηρῥὺτου
453 2607 651 2669 ταύτης
705 2616 896 2678 πηγῆς,
947 2608 1136 2680 μᾶλλον
1208 2604 1268 2660 δέ
1309 2608 1402 2661 τοῦ
1485 2607 1700 2662 άπλὲτου

87 2689 261 2745 τοῦδε
287 2701 387 2744 τῶν
430 2691 590 2764 λόγων
642 2693 914 2767 πελάγους,
959 2700 1048 2747 καί
1097 2692 1428 2757 ἁδιεξιτὴτου
1478 2705 1568 2758 τῆς
1618 2719 1704 2750 σο-

90 2782 220 2852 φίας
257 2779 478 2852 βάθους,
507 2782 601 2833 οὐκ
631 2784 770 2834 ἔστιν
801 2782 855 2844 ὃς
889 2784 950 2834 ἄν
999 2783 1042 2835 εἰ
1099 2789 1188 2836 καὶ
1233 2804 1284 2836 τι
1334 2790 1517 2860 μικρὸν
1569 2784 1702 2838 ἀπο-

90 2868 330 2935 στὶλϐοι,
355 2870 661 2942 ἀστερίσκος
688 2874 816 2943 εἴγε
843 2875 1005 2943 τὺχοι
1057 2872 1123 2924 ὧν
1176 2870 1389 2946 ἀφανής,
1455 2879 1546 2926 καί
1598 2875 1702 2948 οὐχ

88 2960 172 3010 ὃτι
228 2961 369 3010 κατά
421 2964 507 3010 τόν
562 2962 724 3032 μὲγαν
766 2968 946 3012 τοῦτον
993 2960 1134 3019 ἣλιον
1197 2960 1556 3033 ἀκτινοϐολῶν,
1614 2969 1703 3016 καί

83 3049 152 3100 τά
215 3050 421 3122 περατα
473 3044 796 3119 διαυγάξων,
870 3051 934 3110 ὡς
999 3048 1088 3102 ἀπ’
1145 3051 1315 3126 ἄκρων
1373 3053 1572 3124 φθάνων
1630 3054 1702 3116 εἰς

85 3139 258 3210 οῐκρα,
319 3141 409 3188 καί
459 3136 611 3189 πάνθ’
664 3139 792 3210 ὁμοῦ
839 3147 930 3199 τῆς
1004 3140 1190 3212 αἴγλης
1249 3139 1473 3215 πληρῶν·
1531 3144 1700 3195 ὁποῖοὶ

1884 1991 1968 2042 55.
2003 1985 2224 2042 Fabula
2253 1991 2340 2042 est
2365 1986 2843 2059 ﬂgmentumque
2869 1987 3194 2058 poeticum,
3220 2003 3324 2042 seu
3354 2003 3464 2059 po-

1809 2075 1921 2131 tius
1955 2075 2110 2132 anile
2131 2082 2698 2148 commentum,quo
2730 2076 3038 2149 aequaliter
3057 2076 3196 2130 hinc
3218 2076 3465 2149 quidem

1808 2165 2104 2235 infantuli,
2150 2163 2288 2220 inde
2349 2165 2583 2237 pueruli
2650 2170 3093 2220 consueverunt
3156 2164 3462 2235 oblectari,

1808 2253 2170 2309 novitatibus
2211 2253 2525 2309 audiendis
2577 2255 2946 2326 gaudentes;
2990 2253 3198 2310 fabula
3235 2259 3341 2323 est,
3375 2253 3464 2309 in-

1809 2354 2014 2411 quam,
2040 2357 2163 2414 qua
2192 2341 2405 2398 dicitur
2427 2342 2513 2398 sol
2545 2343 2606 2397 in
2659 2358 2956 2399 oceanum
3003 2343 3211 2415 mergi,
3262 2342 3465 2414 ibique

1810 2431 2050 2487 ablutus
2079 2431 2360 2487 illustrior
2389 2447 2717 2502 resurgere.
2751 2434 2820 2488 Ut
2849 2436 3050 2488 tamen
3098 2431 3227 2487 haec
3283 2431 3356 2486 sit
3383 2431 3466 2487 fa-

1811 2520 1975 2591 bula,
2002 2520 2145 2577 olim
2174 2520 2490 2588 celebrata,
2523 2537 2684 2577 nunc
2719 2521 3134 2596 explodenda:
3169 2521 3274 2594 qui
3323 2520 3469 2576 vivi-

1810 2609 1934 2666 ﬂuo
1961 2611 2054 2665 isti
2082 2610 2247 2681 fonti,
2283 2615 2387 2667 aut
2417 2611 2616 2682 potius
2643 2610 3071 2684 inenavigabili
3120 2627 3466 2668 sermonum

1812 2698 2028 2772 pelago
2058 2704 2116 2756 et
2142 2699 2580 2771 impenetrabili
2613 2700 2919 2772 sapientiae
2951 2699 3254 2773 profundo
3278 2717 3338 2755 se
3360 2700 3468 2756 im-

1813 2787 2097 2854 merserit,
2126 2786 2253 2842 ﬁeri
2276 2802 2396 2842 non
2426 2792 2636 2860 potest,
2663 2792 3226 2860 quantumcumque
3248 2804 3466 2860 parum

1812 2875 1942 2947 ipse
1964 2875 2255 2941 scintillet,
2293 2880 2581 2948 tanquam
2621 2876 2840 2945 exigua
2870 2882 3050 2948 atque
3074 2876 3467 2949 inconspicua

1813 2963 2061 3030 stellula,
2083 2964 2229 3036 quin
2262 2964 2452 3020 instar
2473 2965 2680 3035 magni
2709 2964 2890 3035 hujus
2917 2964 3058 3020 solis
3089 2965 3290 3020 radios
3321 2981 3464 3021 suos

1811 3051 2108 3108 diﬂ'undat
2137 3058 2318 3125 atque
2365 3057 2629 3108 extrema
2662 3069 2919 3125 quaeque
2959 3052 3285 3123 collustret,
3332 3057 3464 3108 tan-

1808 3158 1996 3215 quam
2027 3159 2063 3198 a
2102 3141 2354 3196 summis
2387 3141 2465 3196 ad
2496 3157 2737 3197 summa
2775 3157 3136 3214 procurrens
3175 3147 3231 3198 et
3263 3141 3463 3212 splen-

86 3246 226 3287 τινες
287 3229 337 3278 οἱ
392 3229 490 3299 πρὸ
547 3230 731 3279 τοὺτου
779 3233 868 3279 και
915 3231 1044 3300 μετά
1091 3236 1271 3282 τοῦτον
1347 3229 1700 3304 ἐκλάμψαντες

1813 3230 1953 3286 dore
1984 3246 2094 3285 suo
2133 3229 2311 3284 simul
2357 3229 2564 3286 omnia
2600 3229 2839 3301 replens
2879 3247 2891 3284 :
2926 3229 3136 3301 quales
3191 3228 3467 3285 nonnulli

87 3322 371 3388 φωστῆρες
425 3320 772 3389 παγκὸσμιοι,
818 3323 910 3375 τήν
990 3318 1290 3392 οἰκουμὲνην
1374 3319 1697 3394 λαμπρύνειν-

84 3424 196 3475 τες,
234 3405 504 3457 Βασὶλειόν
549 3425 681 3478 φημι
737 3412 824 3459 καί
876 3411 1160 3482 Γρηγὸριον
1212 3412 1334 3472 τούς
1385 3408 1699 3475 άκλονήτους

85 3504 188 3556 τῆς
232 3493 497 3557 εὐσεϐεἱας
549 3494 846 3568 προϐόλους,
899 3499 1022 3558 τοὺς
1072 3497 1312 3573 στερροὺς
1348 3507 1440 3561 τῆς
1489 3500 1699 3560 Ἐκκλη-

90 3590 216 3645 σὶας
281 3584 579 3656 θεμὲθλους,
636 3587 732 3648 τάς
788 3584 1173 3660 άρραγεστάτας
1230 3586 1410 3659 βάσεις
1468 3599 1559 3652 τῆς
1615 3596 1694 3643 πι-

90 3695 266 3737 στεως
315 3674 507 3742 (ταῦτα
558 3677 655 3748 γάρ
706 3672 849 3727 οὗτοι
913 3679 1084 3729 πάντα
1156 3674 1372 3739 δεόντως
1445 3678 1695 3745 άχοὺοιεν,

87 3768 249 3836 τάχα
276 3761 335 3816 δέ
365 3768 454 3815 καί
505 3765 570 3816 τά
617 3765 743 3837 ὑπέρ
804 3773 968 3817 ταῦτα
1017 3768 1349 3830 καθηκόντως
1401 3767 1531 3840 ἄγαν
1578 3789 1700 3822 κατα

87 3851 482 3926 ονομάζοιντο)·
541 3857 666 3928 πρός
723 3849 784 3905 δέ
862 3857 1064 3916 τούτοις
1137 3860 1226 3906 καί
1300 3859 1431 3928 μετά
1505 3862 1699 3911 τούτων

87 3943 343 4000 Ἰωάννην
383 3946 490 4007 τὸν,
540 3947 633 3999 τήν
685 3941 913 4013 γλῶτταν
975 3952 1234 4018 χρυσοῦν,
1286 3951 1376 3997 του
1430 3947 1700 4019 ὁμώνυμον

84 4035 290 4102 τουτῳὶ
314 4036 405 4082 καί
430 4031 770 4103 ὀμὸυτροπον,
815 4035 904 4083 καί
947 4040 1055 4093 τοὶς
1111 4039 1244 4084 πᾶσι
1293 4037 1459 4093 πάντη
1513 4035 1700 4087 κατάλι

85 4122 272 4179 ληλοτν
305 4120 363 4172 οὐ
388 4117 448 4172 δέ
487 4123 588 4196 γάρ
641 4119 702 4172 ἂν
760 4125 915 4193 φαὶην
955 4120 1227 4195 ἐφάμιλλον
1277 4131 1306 4182 ἥ
1369 4125 1696 4197 συνάμιλλον,

86 4210 206 4262 ἀλλ’
271 4213 432 4270 ὄντως
491 4208 694 4284 ἀκριϐές
747 4208 1114 4284 ἁπεικὸνισμα,
1179 4215 1248 4274 ὡς
1312 4218 1440 4284 πρὸς
1523 4215 1700 4287 εὐφυές

87 4299 290 4352 ἐκεῖνον
321 4301 633 4371 άρχὶτυπον,
688 4304 778 4350 καί
835 4297 1171 4371 διαγινώσκω
1215 4309 1393 4354 τοῦτον
1432 4308 1520 4355 καί
1578 4303 1700 4357 ἀπο-

88 4395 370 4462 φαὶνομαι.
435 4387 570 4445 Πλὴν
642 4387 752 4440 ἀλλ’
818 4392 912 4441 οὐκ
979 4388 1331 4464 ἀρῥυσάμενον
1405 4391 1700 4467 [ἐῤῥιζωμὲ-

89 4479 233 4550 νον],
284 4481 374 4529 καί
426 4485 524 4528 τῶν
583 4497 700 4529 τινα
755 4478 873 4530 καθ’
930 4480 1069 4550 ἡμᾶς
1118 4488 1217 4530 τῶν
1262 4477 1513 4554 ἀμυδρῶς
1564 4480 1704 4542 δῆτα

90 4570 522 4642 πεφωτισμένων,
568 4572 659 4618 καί
726 4567 927 4628 ἀκτῖνος
982 4570 1154 4643 ὥσπερ
1205 4568 1493 4624 άποπάλσει
1551 4568 1702 4630 διηυ-
1734 4598 1778 4652 D

95 4660 404 4730 γασμὲνων,
462 4656 574 4708 ὃλον
652 4655 871 4709 ἀνελθεῖν
948 4659 1332 4729 φωτεινὸτατον,

95 4741 480 4820 φαιδρότατον,
509 4751 599 4798 καί
629 4745 740 4798 ὃλον
768 4743 1154 4799 θεοειδίστατον
1178 4765 1192 4803 :
1219 4741 1222 4743 Δ

1425 4665 1515 4713 καί
1590 4662 1702 4716 ὃλον

167 4965 259 5010 νς.
312 4949 375 4997 Tt
447 4963 536 5017 μοι
582 4942 743 5016 λεγειν
789 4947 998 5012 lamin;
1029 4946 1093 5005 ὡς
1149 4952 1390 5018 παρεῖται
1445 4950 1706 5018 Σταγειρι-

91 5055 195 5097 της
226 5036 362 5107 μετά
386 5041 480 5095 τῆς
518 5029 815 5108 γριφὼδους
873 5033 1216 5105 τεχνολογὶας
1267 5038 1356 5086 καί
1407 5043 1500 5096 τῆς
1547 5033 1706 5086 πολυ-

97 5119 337 5196 σχιδοῡς
380 5127 497 5196 περι
546 5127 743 5194 φύσεως
790 5126 880 5174 καί
927 5131 1158 5196 φυσικῶν
1199 5122 1378 5197 ἀρχῶν
1426 5122 1703 5190 ἐκθὲσεωςς

96 5218 164 5274 ὡς
214 5220 500 5286 παρῶπται
550 5212 679 5284 μετά
728 5219 817 5271 τῆς
865 5210 1154 5286 ὑψηγορὶας
1193 5216 1348 5280 (ὀκνῶ
1404 5214 1505 5283 γάρ
1553 5214 1708 5283 φάναι

100 5301 396 5372 Θεολογὶας)
456 5304 545 5352 καί
592 5308 693 5351 τῶν
742 5299 836 5352 οὐκ
891 5299 1132 5372 ἀσφαλῶν
1187 5304 1304 5374 περί
1353 5299 1537 5371 ψυχῆς
1581 5320 1707 5371 γνω-

101 5392 478 5464 ματευμάτων,
532 5389 562 5447 ἢ
615 5391 1005 5463 τερατευμάτων
1068 5388 1258 5462 μᾶλλον
1307 5389 1483 5455 εἰπεῖν,
1541 5391 1566 5440 ὁ
1622 5409 1711 5441 πο-

101 5483 195 5540 λύς
221 5479 524 5539 Ἀθηναίοις
564 5477 770 5530 Πλάτων
799 5481 890 5530 καί
934 5485 1042 5540 τοῖς
1095 5474 1312 5535 Ἕλλησι
1391 5473 1710 5546 διαϐόητος;

106 5575 181 5631 ὡς
237 5570 263 5620 ὁ
310 5567 493 5630 λοιπὸς
539 5576 637 5620 τῶν
696 5567 987 5640 φιλοσόφων
1041 5567 1218 5640 ὅμιλος
1264 5566 1474 5628 ἒκεὶνοις
1526 5564 1710 5633 δοξῶν,

109 5659 309 5733 μᾶλλον
361 5653 411 5709 δ’
467 5656 727 5728 ἐναντὶων,
771 5660 1164 5729 κατὶγνωσταη
1198 5656 1356 5709 Ἀλλά
1410 5661 1576 5709 ταῦτα
1625 5660 1716 5730 μέν

113 5752 317 5820 iuri»,
394 5746 436 5800 εἰ
487 5750 578 5799 καί
629 5746 829 5820 μεγάλα
879 5744 1013 5799 ἄττα
1047 5748 1324 5819 τυγχάνει,
1381 5751 1471 5799 καὶ
1517 5746 1718 5808 άληθῶς

1808 3324 1944 3374 ante
1957 3325 2013 3374 et
2028 3323 2161 3391 post
2174 3319 2371 3390 ipsum
2387 3333 2631 3390 quoque
2644 3317 3012 3386 effulserunt,
3027 3317 3468 3389 velutpulcher—

1806 3409 1959 3465 rima
2037 3408 2378 3474 luminaria,
2463 3407 2808 3462 universum
2883 3413 3175 3464 terrarum
3251 3408 3462 3464 orbem

1805 3497 2223 3563 illuminantia,
2259 3497 2538 3553 Basilium
2567 3501 2748 3570 atque
2793 3498 3142 3566 Gregorium
3174 3496 3460 3566 intelligo,

1806 3588 2163 3643 inconcussa
2208 3586 2438 3658 pietatis
2487 3585 2909 3649 antemuralia,
2968 3586 3144 3641 ﬁrma
3189 3586 3462 3641 Ecclesiae

1807 3677 2221 3732 fundamenta.
2249 3675 2661 3745 integerrimas
2681 3676 2821 3730 ﬁdei
2836 3676 3014 3731 bases
3036 3695 3048 3743 ;
3074 3675 3152 3730 ita
3165 3675 3462 3747 siquidem

1807 3767 1970 3838 ipsos
1998 3765 2486 3837 nuncupabimus
2511 3781 2630 3820 non
2664 3766 3010 3836 incongrue,
3045 3765 3192 3836 quin
3225 3769 3281 3818 et
3310 3765 3461 3819 emi-

1808 3855 2177 3911 nentioribus
2235 3855 2648 3923 cognomentis
2702 3853 2991 3926 appellari
3035 3854 3460 3924 possint;cum

1808 3943 1921 3999 illis
1945 3960 2082 3998 vero
2123 3947 2301 4014 atque
2329 3948 2466 4015 post
2490 3942 2620 3997 illos
2657 3945 2968 4011 Joannem,
3012 3957 3262 3997 aureum
3315 3940 3462 3996 illud

1808 4049 1896 4101 os,
1928 4033 2065 4087 huic
2088 4037 2289 4086 nostro
2321 4031 2742 4100 cognominem
2784 4047 2854 4085 ac
2883 4030 3152 4084 moribus
3201 4028 3458 4084 similem

1809 4123 1980 4195 eique
2011 4119 2746 4192 comparandum;neque
2799 4119 2960 4174 enim
3015 4117 3210 4174 ausim
3265 4117 3462 4173 dicere

1809 4210 2105 4283 aqualem
2152 4208 2244 4264 vel
2297 4208 2707 4280 coaequalem;
2753 4208 2857 4264 sed
2914 4223 3052 4263 vere
3110 4211 3461 4263 accuratum

1809 4298 2323 4371 exemplar,velut
2371 4298 2451 4352 ad
2504 4299 2810 4371 archetypi
2868 4297 3154 4368 elegantis
3201 4295 3464 4352 formam

1809 4404 2186 4460 expressum,
2219 4402 2483 4456 agnosco
2515 4386 2680 4442 illum
2721 4393 2900 4458 atque
2957 4386 3323 4442 demonstro.
3358 4388 3464 4440 Ve-

1810 4483 2151 4535 rumtamen
2183 4476 2458 4547 nunquid
2495 4475 2622 4530 sine
2649 4475 3042 4531 fundamento
3064 4476 3199 4547 quis
3230 4475 3463 4541 dixerit,

1811 4567 2073 4639 aliquem
2101 4565 2284 4620 nostri
2310 4565 2596 4636 temporis
2628 4564 2878 4620 modice
2901 4564 3216 4635 duntaxat,
3250 4564 3469 4619 illumi-

1811 4662 2022 4713 natum
2065 4661 2120 4711 et
2145 4655 2298 4710 velut
2348 4654 2499 4709 radii
2530 4654 2707 4709 unius
2747 4655 3112 4710 evibratione
3145 4671 3469 4711 coruscan-

1812 4752 1955 4814 tem,
1985 4760 2106 4800 non
2135 4760 2313 4816 posse
2371 4742 2498 4798 fieri
2556 4747 2751 4799 totum
2806 4743 3229 4809 clarissimum,
3276 4748 3471 4799 totum

1813 4834 2397 4907 splendidissimum,
2427 4837 2618 4888 totum
2645 4833 2998 4888 deiformem
3023 4835 3050 4887 ?

1884 4947 1971 4998 56.
2014 4945 2179 4997 Nunc
2201 4957 2340 4996 vero
2371 4941 2518 5013 quid
2541 4940 2748 4996 attinet
2767 4941 2983 5008 dicere,
3006 4939 3314 5011 quomodo
3347 4953 3472 5010 pra:

1811 5035 2038 5089 Joanne
2056 5030 2532 5086 contemnendus
2567 5031 2638 5085 sit
2660 5031 2936 5099 Stagirita
2966 5045 3104 5083 cum
3151 5043 3259 5081 sua
3290 5027 3471 5095 aenig-

1814 5121 2033 5177 matica
2063 5119 2396 5175 disserendi
2419 5124 2545 5174 arte
2567 5123 2745 5190 atque
2768 5116 3076 5188 multiplici
3099 5115 3472 5186 expositione

1817 5214 2044 5265 natura:
2086 5213 2140 5264 et
2170 5207 2532 5264 naturalium
2563 5207 2997 5278 principiorum
3018 5204 3045 5257 ?
3081 5203 3245 5276 quod
3304 5203 3475 5276 parvi

1816 5296 2126 5353 faciendus
2154 5296 2226 5352 sit
2255 5313 2394 5352 cum
2435 5312 2545 5351 sua
2583 5293 3106 5366 grandiloquentia
3140 5296 3282 5364 (non
3313 5293 3477 5348 enim

1820 5388 2011 5445 ausim
2035 5387 2228 5443 dicere
2243 5384 2627 5456 theologiam)
2644 5400 2903 5455 cumque
2930 5399 3043 5439 sua
3072 5382 3228 5438 male
3268 5383 3478 5438 funda-

1821 5483 1900 5546 ta,
1933 5482 2054 5547 aut,
2087 5482 2150 5532 ut
2175 5477 2369 5531 verius
2401 5475 2634 5547 loquar,
2670 5477 3009 5528 monstrosa
3039 5472 3114 5528 de
3156 5473 3481 5530 animabus

1823 5567 2114 5623 sententia
2153 5565 2246 5620 ille
2273 5565 2436 5637 apud
2466 5564 2848 5618 Athenienses
2875 5567 2929 5618 et
2978 5565 3211 5618 Graecos
3239 5568 3484 5618 caeteros

1823 5655 2342 5712 nominatissimus
2388 5653 2550 5708 Plato
2579 5657 2606 5707 ?
2664 5651 2829 5724 quod
2878 5651 3260 5724 despicabilis
3309 5651 3487 5707 fuerit

1825 5749 1949 5802 tota
1979 5743 2478 5817 philosophorum
2505 5740 2702 5814 turba,
2729 5738 2945 5798 eadem
3014 5754 3153 5797 cum
3202 5738 3322 5796 illis
3381 5752 3489 5795 seu
