4032 6308
589 383 696 437 8ῗ9

1777 371 2241 430 CONSTANTIM
2273 373 2756 432 ACBOPOLITE.

3864 380 3964 436 880

589 505 791 579 potius
811 502 1105 561 contraria
1127 499 1384 557 sentiens
1399 499 1427 554 ?
1450 495 1954 553 Praetermittenda
1973 512 2219 570 namque

2353 497 2667 569 ἀξιάγαστα.
2708 498 2836 570 ’Ἄγε
2889 491 2949 552 δέ
2985 501 3076 551 καί
3142 497 3290 562 αὖθις
3333 503 3429 558 τήν
3477 501 3602 574 ὑπέρ
3660 509 3763 562 τῆς
3827 503 3962 556 εὐσε-

590 595 720 651 haec
750 593 894 650 mihi
925 597 1065 647 sunt
1089 590 1315 656 omnia,
1343 585 1620 660 quamvis
1642 585 1967 656 magniﬁca
2015 592 2072 643 et
2100 603 2240 643 con-

593 683 950 739 sideratione
988 678 1342 748 dignissima
1371 697 1384 746 ;
1418 676 1753 747 iterumque
1810 674 2133 731 dicendum
2163 677 2238 734 de

591 772 862 826 libertate
890 768 1070 836 beati,
1096 783 1220 840 qua
1249 782 1358 838 pro
1388 765 1604 838 pietate
1640 763 1981 830 decertavit,
2035 772 2090 820 et
2115 764 2239 821 zelo

586 876 769 934 quem
799 857 1009 914 habuit
1031 858 1218 912 instar
1257 855 1504 910 Phinees
1532 858 1742 909 contra
1785 852 2145 910 fornicantes
2176 855 2238 910 in

588 950 713 1004 suis
742 945 1270 1004 adiuventionibus
1308 943 1431 999 sive
1463 942 1789 998 temerariis
1828 942 2014 1010 ausis,
2055 944 2238 999 etim-

584 1037 908 1110 prudenter
937 1039 1182 1106 agentes
1239 1037 1447 1090 contra
1498 1030 1916 1087 immaculatas
1954 1047 2238 1088 veneran-

584 1128 815 1200 dasque
845 1125 1162 1194 imagines.
1184 1122 1480 1192 Imagines
1507 1119 1643 1190 (vah
1674 1119 1990 1176 audaciam
2017 1121 2054 1191 !)
2082 1137 2236 1194 quas

584 1216 646 1272 in
686 1215 1042 1272 memoriam
1071 1211 1367 1268 incarnati
1399 1209 1746 1279 Salvatoris,
1787 1215 1842 1264 et
1871 1225 2080 1266 eorum
2131 1210 2235 1283 qui

579 1305 843 1378 proipso
883 1303 1336 1359 decertaverunt
1368 1303 1470 1355 aut
1507 1298 1655 1354 alias
1717 1298 2023 1370 reliogiose
2060 1300 2234 1371 juxta

575 1395 771 1465 legem
789 1391 1000 1450 Christi
1015 1393 1290 1447 vixerunt
1306 1392 1674 1458 sanctorum,
1687 1387 1818 1458 jam
1843 1387 1983 1443 inde
2012 1404 2047 1444 a
2068 1387 2232 1461 prin-

577 1483 732 1556 cipio
760 1482 1097 1556 praedicata
1119 1479 1258 1535 ﬁdei
1289 1477 1606 1534 eﬂ‘ormare
1633 1475 1839 1532 didicit
1870 1476 2229 1533 universitas

577 1571 1066 1628 Christianorum.
1093 1566 1378 1634 Quamvis
1399 1565 1623 1621 nimine
1653 1581 1943 1637 praesens,
1995 1565 2230 1622 eminus

573 1667 778 1717 tamen
799 1658 997 1715 emisit
1012 1656 1215 1728 jacula
1235 1660 1443 1712 contra
1467 1653 1800 1726 improbos,
1821 1655 1925 1726 qui
1946 1655 2228 1726 opinione

573 1765 646 1806 ac
670 1748 830 1804 {cedo
851 1745 1162 1803 ratiocinio
1201 1761 1309 1800 suo
1340 1747 1892 1814 conspurcaverunt
1927 1752 2029 1799 aut
2057 1749 2226 1799 etiam

2349 587 2490 650 ϐεἱας
2521 588 2816 663 παρρησὶαν
2871 595 2962 641 τοῦ
3018 591 3250 665 μάκαρος
3309 588 3667 663 ἀναλάϐωμεν,
3713 597 3820 644 καί
3877 598 3959 644 τόν

2350 677 2502 742 ζῆλον
2524 677 2576 730 ὃν
2613 681 2744 730 κατά
2797 683 2882 730 τὸν
2931 682 3098 739 Φινεές
3152 682 3370 750 ἔσχηκε,
3422 682 3558 732 κατά
3609 689 3713 731 τῶν
3775 680 3959 753 ἐκπορ-

2346 769 2630 819 νένσάντων
2696 766 2744 818 ἐν
2804 764 2910 829 τοῖς
2979 771 3239 841 σφετὲροις
3321 769 3486 821 αὐτῶν
3564 765 3955 842 διανοήμασιν,

2347 855 2437 907 εἰτ’
2483 857 2570 908 οὖν
2620 856 2940 928 τολμήμασι,
2989 861 3079 907 καί
3123 857 3360 929 αἰσχρῶς
3421 859 3553 928 ἄγαν
3622 856 3957 930 άπερυθρια-

2347 948 2546 997 σάντων
2577 947 2712 997 κατά
2757 954 2856 996 τῶν
2908 943 3181 1019 άχροίντων
3230 950 3320 997 καί
3376 943 3682 1018 σεϐασμὶων
3741 949 3954 1000 εἰκόνων

2345 1032 2522 1105 (άϐάλε
2574 1034 2768 1107 τόλμης
2817 1035 2857 1104 ί)
2903 1034 2938 1086 ἃ
2974 1035 3042 1094 εἰς
3091 1033 3379 1108 ἀνάμνησιν
3432 1045 3525 1097 τῆς
3601 1038 3732 1110 ὑπέρ
3809 1041 3952 1108 ἡμῶν

2344 1130 2435 1174 τοῦ
2483 1129 2712 1195 Σωτῆρος
2775 1121 3231 1196 ἑνανθρωπὴσεως,
3280 1128 3370 1175 καί
3415 1132 3516 1176 τῶν
3574 1126 3704 1200 ὑπέρ
3754 1131 3950 1186 ταύτης

2346 1207 2739 1268 διαθλησάντων
2777 1215 2806 1270 ἦ
2863 1217 2952 1263 καί
3011 1222 3209 1285 σεμνῶς
3259 1212 3426 1274 ἄλλως
3478 1218 3568 1264 καί
3620 1216 3764 1266 κατοξ
3821 1223 3949 1287 Χρι-

2346 1305 2465 1353 στὸν
2489 1301 2760 1362 ζησάντων
2815 1300 2992 1373 άγὶων,
3043 1302 3232 1354 ἄνωθεν
3279 1301 3432 1364 εὐθὺς
3479 1307 3570 1354 καί
3630 1301 3722 1354 ἀπ’
3789 1304 3950 1356 αὐτοῦ

2341 1398 2432 1442 τοῦ
2488 1394 2825 1466 κηρὺγματος
2873 1395 2931 1443 τὸ
2972 1395 3350 1464 Χριστὼννμον
3405 1389 3704 1444 ἀνατυποῦν
3768 1413 3955 1466 παρει-

2339 1478 2566 1552 λήφαμεν
2608 1479 2884 1554 πλήρωμα.
2967 1483 3067 1532 Καί
3116 1479 3216 1554 γάρ
3295 1478 3574 1550 άκοντὶζει,
3643 1481 3690 1533 εἰ
3738 1489 3837 1534 καί
3879 1489 3953 1555 μή

2338 1575 2538 1643 παρών,
2569 1567 2696 1620 άλλά
2722 1568 3003 1643 πόρρωθεν,
3055 1570 3191 1620 κατά
3239 1577 3337 1620 τῶν
3404 1568 3711 1622 ἀκολάστων
3763 1579 3953 1644 γνώμη

2337 1664 2426 1711 καί
2458 1658 2671 1730 αἰσχρῷ
2698 1657 2934 1730 λογισμῷ
2991 1656 3397 1729 βεϐηλωσάντων
3446 1659 3475 1718 ᾖ
3535 1664 3625 1711 καί
3686 1661 3957 1720 παντελῶς

2338 1744 2756 1822 διαγραψάμτων
2810 1749 2874 1799 τοξ
2929 1748 3076 1819 027w:-
3131 1745 3331 1820 βάλλει,
3382 1750 3520 1800 καθά
3566 1769 3672 1802 τινι
3732 1747 3954 1825 δόρατι,

573 1837 821 1895 omnino
859 1835 1249 1892 aboleverunt
1279 1838 1489 1889 sancta
1513 1851 1525 1887 :
1546 1837 1602 1888 et
1623 1831 1873 1904 epistola
1903 1848 2034 1899 sua,
2065 1832 2219 1888 velu-

2337 1837 2574 1909 εὐστόχῳ
2598 1837 2712 1889 λὶαν
2742 1835 3010 1903 ἐπιστολῆ,
3038 1841 3124 1890 τόν
3145 1845 3236 1889 τοῦ
3283 1843 3496 1910 πρὼτως
3538 1847 3630 1899 τῆς
3702 1838 3958 1901 άληθεὶας

572 1927 612 1982 ti
651 1927 825 1983 hasta
862 1925 1017 1980 bene
1071 1922 1394 1986 collimata,
1447 1920 1692 1976 conﬁxit
1736 1919 1928 1976 ﬁlium
1988 1920 2219 1993 Leonis,

569 2015 700 2088 ejus
725 2015 828 2088 qui
860 2014 1089 2087 primus
1115 2029 1151 2068 a
1171 2010 1414 2067 veritate
1441 2009 1758 2077 exciderat,
1787 2009 1862 2066 de
1889 2025 2012 2082 quo
2042 2010 2224 2066 etiam

565 2104 694 2175 jam
719 2108 855 2161 ante
885 2101 1029 2173 dixi,
1062 2115 1258 2174 pauca
1274 2115 1346 2155 ex
1373 2098 1574 2155 multis
1599 2098 1757 2154 circa
1785 2114 1926 2153 eum
1956 2099 2015 2154 in
2038 2098 2224 2156 histo-

569 2195 725 2251 riam
743 2191 944 2250 relatis
978 2189 1076 2247 seli
1086 2205 1234 2261 gens
1261 2206 1273 2244 :
1298 2205 1460 2244 nunc
1482 2193 1684 2244 autem
1704 2186 2115 2243 nominandus
2133 2191 2226 2244 est

2335 1925 2767 1988 ἑξολισθὴσαντος
2811 1925 3008 1986 λέοντος
3077 1928 3302 1996 ἔγγονον,
3383 1931 3502 1999 περί
3558 1934 3651 1979 τοῦ
3728 1925 3802 1986 δή
3864 1935 3957 1982 καί

2335 2017 2491 2088 ἔφθην
2531 2021 2850 2090 προειρηκώς
2895 2015 3062 2091 μὲτρι’
3120 2014 3270 2082 ἆττα,
3301 2020 3391 2066 καί
3439 2013 3495 2066 ἐκ
3547 2016 3754 2069 πολλῶν
3796 2018 3958 2090 ὸλὶγα

3292 2101 3304 2118 9
3344 2108 3354 2120 ο

3284 2122 3339 2156 εκ
3345 2123 3453 2156 ινου

2331 2113 2432 2156 τῶν
2527 2104 2942 2178 ἀνιστορημὶνων
3058 2108 3179 2177 περί
3284 2104 3453 2156 ὶκὶνου
3550 2104 3955 2178 ἀναλεξάμενος·

2331 2202 2535 2266 γνωριῶ
2559 2189 2725 2246 δὀῦν
2777 2194 2898 2265 ὑμῖν
2949 2195 3038 2244 καί
3093 2196 3151 2245 τὸ
3200 2191 3253 2256 ἐξ
3295 2191 3510 2262 ἐκεινου,
3579 2195 3699 2246 κατ’
3757 2195 3954 2248 ἐκεῖνον

3058 2123 3152 2177 περ
3161 2108 3179 2155 ἰ

2334 2279 2608 2354 (βούλεσθε
2634 2284 2732 2357 γάρ
2779 2282 2924 2352 ἴσως)
2987 2276 3299 2343 δεδηλωκως
3361 2279 3415 2344 ἐξ
3473 2281 3748 2356 ὀνόματος.
3805 2291 3952 2338 Κων-

2333 2379 2601 2433 σταντῖνος
2643 2371 2807 2438 οὗτος,
2859 2371 2914 2433 ὃς
2974 2370 3078 2443 οὐχ
3147 2372 3322 2440 ἧττον,
3373 2370 3417 2423 εἰ
3463 2376 3535 2444 μή
3589 2378 3682 2424 καί
3728 2373 3948 2445 μᾶλλον,

2331 2463 2464 2514 κατά
2536 2469 2631 2523 τῆς
2722 2459 2978 2520 εὐσεϐεἱας
3047 2459 3364 2528 λελὺττηκεν,
3424 2463 3454 2518 ἠ
3544 2457 3944 2524 δνσωδεστᾰτη

2330 2549 2510 2622 ψυχή,
2561 2551 2587 2602 ὁ
2650 2552 3002 2624 κοπρόφυρτος
3059 2550 3349 2621 ἄνθρωπος.
3407 2548 3518 2602 Οὐκ
3573 2549 3868 2624 ἀνεχομοα,
3913 2555 3942 2611 ἦ

2330 2638 2520 2712 μᾶλλον
2547 2635 3009 2711 βδελύττομαιτόν
3041 2636 3089 2690 ἓν
3130 2645 3201 2709 τῷ
3259 2635 3596 2710 βαπτισματι
3647 2643 3788 2693 κατ-οἰ
3854 2653 3949 2694 τοῦ

2331 2729 2486 2802 ὀρθοῦ
2517 2724 2802 2801 δόγματος,
2845 2727 3033 2801 μᾶλλον
3083 2723 3143 2780 δέ
3193 2728 3308 2780 κατ’
3367 2727 3527 2781 αὐτοῦ
3586 2737 3680 2781 τοῦ
3745 2728 3948 2803 βαπτι-

2333 2837 2551 2890 σματος,
2602 2817 2695 2870 οὐκ
2763 2813 2866 2870 οἷδ’
2933 2817 3086 2884 ὁπως,
3140 2814 3503 2890 ἐπισυμϐάντα
3554 2822 3752 2891 τούτῳ,
3814 2829 3950 2894 πρὸς

566 2283 712 2339 mihi
743 2281 914 2352 (velle
936 2280 1095 2335 enim
1119 2293 1227 2334 vos
1259 2276 1454 2347 credo)
1510 2276 1578 2342 is,
1631 2275 1736 2348 qui
1793 2293 1866 2332 ex
1914 2291 1984 2332 eo
2023 2282 2221 2346 natus,

566 2370 900 2427 secundum
932 2368 1061 2439 ejus
1088 2365 1429 2438 exemplum
1460 2364 1748 2435 regnavit.
1802 2366 2222 2421 Constantinus

564 2460 661 2517 hic
686 2460 814 2526 fuit,
846 2457 952 2530 qui
981 2455 1392 2520 nihilominus,
1417 2454 1564 2526 quin
1593 2453 1772 2510 etiam
1804 2453 1992 2510 multo
2026 2455 2222 2524 magis

564 2564 752 2622 quam
777 2545 1208 2616 ille,insanivit,
1232 2543 1436 2600 animo
1469 2542 1672 2615 utique
1701 2542 2222 2614 impudentissimo

565 2643 621 2696 et
640 2639 815 2696 homo
855 2642 1220 2705 stercoreus;
1247 2632 1322 2689 de
1343 2649 1466 2706 quo
1504 2642 1625 2689 neu
1650 2649 1924 2705 possum;
1941 2631 2054 2690 imo
2078 2633 2223 2690 abo-

565 2727 763 2786 minor
783 2723 1244 2797 enarrare,quid
1275 2723 1347 2794 ei,
1371 2723 1574 2780 nescio
1602 2738 1724 2794 qua
1739 2727 1989 2791 ratione,
2013 2722 2076 2779 in
2115 2722 2222 2780 ba-

563 2819 789 2892 ptismo
811 2815 1078 2886 contigit,
1094 2817 1303 2871 contra
1315 2818 1536 2870 rectam
1560 2812 1897 2869 doctrinam
1910 2813 2222 2884 autpotius

566 2911 775 2964 contra
787 2907 984 2980 ipsum
998 2903 1314 2977 baptisma,
1334 2903 1390 2958 in
1407 2901 1792 2974 praesagium,
1808 2901 1931 2958 sive
1947 2907 2009 2957 ut
2020 2901 2220 2975 potius

564 2996 838 3064 dixerim,
852 2995 912 3052 in
926 2993 1294 3050 manifestam
1308 2991 1489 3048 futuri
1501 2995 1748 3047 eventus
1771 2992 2192 3064 praenotionem
2203 3031 2219 3049 .

639 3109 724 3160 57.
758 3101 862 3158 llic
891 3101 995 3157 ubi
1027 3099 1106 3156 ad
1127 3099 1355 3156 virilem
1404 3097 1670 3170 pervenit
1724 3101 1983 3166 (etatem,
2052 3096 2220 3170 quod

2331 2905 2696 2980 φοιϐασμόνῆ,
2758 2903 3098 2978 ἀληθέστερον
3142 2904 3321 2974 εἰπεῖν,
3388 2913 3527 2978 σοιφῆ
3575 2903 3668 2958 τοῦ
3721 2927 3948 2980 γενησο-

2328 2997 2480 3065 μὲνου
2518 2991 2876 3069 προδήλωσιν,
2910 2993 2976 3055 εἰς
2997 2993 3216 3052 ἐπηκόον
3256 2993 3490 3057 ἐξειπεῖν.

2400 3103 2488 3164 νζ.
2547 3103 2707 3162 Οὗτος
2775 3101 2844 3163 εἰς
2898 3097 3097 3176 ἄνδρας
3145 3099 3321 3168 ἐλθών,
3380 3103 3449 3163 ὡς
3497 3103 3704 3175 εἴθεμή
3762 3105 3942 3177 rigatis,

567 3195 798 3252 utinam
827 3207 952 3249 non
980 3189 1226 3247 fuisset!
1259 3187 1408 3262 quid
1461 3203 1584 3244 non
1644 3185 1886 3244 admisit
1931 3185 2167 3243 sceleris
2191 3187 2219 3244 ?

2331 3195 2380 3245 τὶ
2409 3196 2498 3263 μέν
2529 3200 2627 3243 τῶν
2655 3189 2892 3262 άθὶσμων
2951 3189 3045 3242 οὐκ
3091 3189 3277 3262 ἔπραξε
3301 3205 3314 3256 ;
3338 3194 3390 3241 τὶ
3436 3185 3496 3242 δέ
3548 3198 3648 3242 τῶν
3691 3192 3944 3268 αἰσχρῶν

567 3283 714 3356 quid
741 3279 1053 3354 turpidinis
1083 3293 1208 3335 non
1232 3277 1538 3350 patravit?
1573 3275 1805 3332 Foedius
1837 3292 2026 3348 quam
2052 3283 2220 3348 pater

571 3388 718 3427 suus
747 3367 1085 3441 inquinavit
1103 3367 1203 3423 Dei
1223 3365 1540 3438 populum.
1562 3364 1676 3422 Sed
1696 3379 1733 3420 ο
1759 3363 2218 3421 solertissimum

568 3458 886 3516 consilium
926 3455 1119 3512 sancti
1143 3456 1155 3510 l
1180 3471 1216 3510 o
1237 3455 1479 3527 plagam
1523 3452 2037 3526 opportunissimo
2068 3458 2217 3510 tem-

568 3562 715 3621 pore
740 3543 1059 3602 inﬂictam!
1085 3543 1332 3598 Phinees
1372 3541 1619 3614 quidem
1662 3541 1988 3598 Israelitam
2017 3542 2078 3598 in
2108 3559 2220 3602 sua

568 3631 1222 3704 observavitnequitia,
1255 3634 1313 3686 et
1338 3629 1576 3684 hastam
1600 3628 1850 3696 intorsit,
1882 3635 2062 3702 atque
2085 3647 2218 3703 pro-

567 3725 795 3799 palavit
820 3728 1157 3796 peccatum,
1178 3726 1234 3776 et
1264 3723 1510 3780 caeteros
1532 3734 1603 3775 eo
1632 3719 1909 3792 exemplo
1935 3721 2216 3778 emenda-

565 3815 688 3872 vit:
713 3813 817 3870 sed
849 3828 969 3868 uno
996 3810 1193 3868 solum
1225 3809 1285 3866 in
1324 3808 1459 3866 loco
1509 3807 1789 3881 repressit
1844 3808 2090 3882 crimen,
2115 3826 2216 3867 so-

562 3904 777 3977 losque
815 3904 1137 3975 praesentes
1166 3899 1375 3956 avertit
1411 3913 1447 3953 a
1476 3897 1718 3954 scelere.
1766 3899 2034 3955 Joannes
2074 3915 2216 3956 vero

561 3993 948 4050 vehementer
971 3989 1205 4046 zelosus
1231 4003 1342 4060 pro
1363 3989 1502 4054 Deo,
1549 3989 1607 4042 et
1659 4001 1842 4058 supra
1870 4002 1980 4044 nos
2005 3986 2214 4044 intelli-

562 4097 731 4154 gens,
756 4096 828 4138 ac
839 4080 998 4137 circa
1017 4095 1129 4135 nos
1147 4081 1429 4149 satagens
1449 4073 1751 4146 jaculatus
1768 4079 1859 4130 est
1874 4075 2142 4147 quidem,
2159 4083 2216 4132 et

561 4186 836 4229 unacum
850 4173 1094 4241 peccato
1107 4172 1482 4239 peccatorem
1493 4163 1778 4230 confodit;
1800 4163 1908 4220 sed
1927 4165 2130 4222 statim
2151 4166 2214 4221 id

561 4260 698 4316 fecit
713 4258 933 4330 ubique
945 4260 1238 4322 notum,et
1249 4258 1537 4310 momento
1549 4269 1701 4326 pene
1716 4253 1990 4326 temporis
2011 4270 2213 4311 omnes

564 4345 1072 4417 sustulitiniquos,
1091 4343 1294 4399 litteris
1313 4342 1459 4415 ipsis
1481 4341 1752 4398 revelans
1771 4341 1964 4398 scelus
1990 4343 2212 4416 ubique

559 4435 831 4492 locorum
845 4433 906 4490 in
917 4437 1242 4505 conspectu
1255 4431 1530 4495 omnium,
1549 4434 1608 4486 et
1625 4429 1699 4484 de
1711 4429 2003 4501 impietate
2017 4432 2211 4488 trium-

2329 3281 2423 3334 οὐκ
2480 3284 2940 3352 ἐποὶῃσε;Χεῑρον
2981 3285 3072 3330 τοῦ
3115 3281 3482 3350 γεγεννηκότος
3538 3284 3597 3332 τὸ
3650 3288 3752 3332 τοῦ
3810 3290 3945 3336 Θεοῦ

2327 3372 2468 3430 ἔθνος
2511 3369 2729 3442 ἐμὶανεν.
2788 3367 2924 3421 ’Δλλ’
2978 3363 3094 3439 εὖγε
3153 3367 3559 3439 εὐστοχωτάτης
3630 3378 3729 3422 τοῦ
3787 3371 3943 3442 ἁγίου

2329 3457 2522 3532 βουλῆς
2559 3459 2571 3513 l
2611 3455 2726 3530 εὖγε
2772 3459 3120 3530 καιριωτάτης
3183 3455 3427 3528 πληγῆςῑ
3467 3463 3631 3519 Φινεές
3680 3464 3784 3530 μέν
3839 3464 3942 3533 γάρ

2326 3553 2412 3601 τὸν
2440 3547 2770 3622 Ἰσραηλὶτην
2801 3553 2861 3604 τῆ
2925 3550 3086 3618 κακὶᾳ
3136 3542 3539 3619 πνδιετήρησε,
3589 3552 3682 3599 καὶ
3748 3547 3942 3603 ἀνετεὶ-

2325 3649 2436 3690 νιτο
2463 3633 2614 3712 δόρυ,
2637 3656 2726 3688 και
2784 3633 3116 3694 ἓστηλὶτενσε
3152 3640 3210 3688 τὸ
3256 3635 3562 3710 ἁμάρτημα,
3600 3641 3693 3689 καί
3741 3644 3803 3691 τό
3855 3639 3941 3691 ἀπ’

2326 3725 2515 3779 ἑκεὶνου
2567 3727 2688 3788 τούς
2738 3723 2949 3785 λοιπούς
3017 3722 3350 3798 ἐσωφρόνισν
3426 3722 3559 3782 πλην
3610 3724 3686 3798 ἐφ’
3747 3727 3829 3780 ἐτί
3884 3735 3938 3782 τό

2324 3820 2467 3888 τόπῳ
2527 3813 2810 3888 άνεσχηκε,
2855 3818 2946 3866 καί
2988 3816 3173 3885 μόνους
3215 3815 3338 3876 τούς
3392 3819 3810 3888 παρατυχόντας
3845 3827 3938 3880 τῆς

2325 3903 2584 3978 άμαρτὶας
2605 3905 3028 3975 ἀνακεχαὶτισεν·
3078 3904 3103 3953 ὀ
3153 3897 3214 3954 δέ
3263 3905 3348 3954 τὸν
3399 3903 3525 3976 ὑπέρ
3583 3910 3722 3956 Θεοῦ
3778 3905 3934 3968 ζῆ).ον

2323 3994 2472 4054 οὗτος
2493 3992 2672 4060 πολύς,
2715 3993 2740 4044 ὁ
2783 3993 2849 4043 τά
2899 3992 3026 4065 ὑπέρ
3077 3992 3215 4063 ἡμᾶς
3261 3995 3491 4059 συνετός,
3541 3997 3631 4043 καί
3681 3996 3750 4044 τά
3813 3997 3936 4047 καθ’

2322 4084 2460 4156 ἡμᾶς
2507 4085 2778 4154 νοννεχής,
2818 4083 3161 4138 κατηκόντισε
3218 4083 3328 4152 μέν,
3361 4099 3451 4133 και
3505 4089 3577 4152 τῷ
3629 4090 3780 4152 κακῷ
3837 4089 3932 4141 τήν

2321 4176 2504 4224 κακὶαν
2552 4169 2989 4234 σννεξεκὲντησενο
3042 4167 3322 4240 ἅπανταχῆ
3381 4164 3434 4221 δ’
3483 4167 3670 4242 ἁθρόον
3721 4168 3931 4224 ἀνέδει-

2321 4261 2392 4330 ξε,
2438 4264 2528 4313 καί
2607 4258 2656 4312 ἐν
2723 4257 2904 4332 ἀκαρεῖ
2953 4265 3044 4310 τοῦ
3099 4261 3296 4331 χρόνον
3348 4261 3545 4320 πάντας
3578 4259 3927 4332 συνεστειλιν,

2317 4353 2598 4424 γράμμασι
2643 4356 2753 4409 τοῖς
2806 4347 2982 4409 αὐτοῖς
3038 4353 3174 4400 πᾶσι
3219 4356 3465 4419 πανταχῆ
3517 4351 3608 4406 τήν
3660 4347 3928 4424 ἁμαρτίαν

2319 4438 2674 4510 ἀνακαλύψας,
2703 4442 2791 4490 καί
2835 4435 3188 4512 θριαμϐεὺσας
3242 4440 3298 4488 τὸ
3355 4455 3730 4510 παρανομημα.
3789 4439 3931 4510 £57:

560 4522 780 4596 phans.
815 4525 997 4578 Macte
1036 4526 1138 4577 tuo
1169 4520 1375 4576 istoin
1420 4518 1521 4574 Dei
1564 4533 1749 4574 causa
1795 4519 1938 4589 zelo,
1985 4525 2213 4593 martyr

2331 4548 2405 4582 τοι
2431 4537 2522 4582 τοῦ
2549 4530 2683 4580 κατά
2736 4531 2864 4581 Θεὸν
2915 4527 3096 4594 ζήλου,
3141 4529 3340 4600 μάρτυς
3387 4525 3546 4588 όντως
3590 4525 3926 4598 άναὶμοὲκτεξ

560 4613 870 4669 incruente
893 4610 905 4666 l
932 4613 1111 4668 Macte
1127 4607 1378 4665 ferventi
1405 4612 1506 4664 tuo
1523 4622 1666 4677 erga
1679 4607 1960 4663 eumdem
1974 4624 2178 4666 amore
2194 4610 2207 4666 l

558 4705 741 4760 Macte
765 4699 952 4759 animi
972 4699 1056 4757 tui
1081 4698 1161 4757 ad
1191 4697 1426 4771 pietatis
1476 4695 1891 4754 defensionem
1946 4697 2206 4757 ﬁducia!

557 4795 741 4853 Macte
769 4789 977 4848 illustri
1002 4793 1104 4848 tua
1125 4787 1544 4862 intrepidaque
1570 4787 1906 4846 constantia
1940 4788 2004 4844 in
2057 4805 2208 4862 pl‘tB-

557 4880 821 4940 dicenda
844 4879 1088 4938 veritate
1113 4878 1125 4935 !

628 4994 716 5046 58.
741 4987 895 5056 Quid
917 4990 1116 5045 autem
1139 4986 1168 5042 ?
1188 5001 1268 5043 an
1297 4999 1442 5056 erga
1480 4983 1670 5039 Deum
1706 4997 1923 5056 resque
1971 4984 2207 5043 divinas

553 5082 639 5139 ita
663 5079 908 5138 affectus
938 5079 1035 5134 hic
1065 5075 1195 5145 fuit,
1223 5079 1281 5132 et
1318 5077 1473 5130 Deus
1523 5087 1661 5128 eum
1713 5087 1834 5128 non
1883 5075 2203 5146 promovit,

553 5170 824 5243 atquead
837 5169 1369 5240 maximaquaaque
1383 5163 1638 5236 suscepit
1660 5164 1687 5218 ?
1705 5164 2204 5237 lgiturquomodo

553 5274 694 5314 cum
721 5274 792 5316 eo
829 5258 1014 5330 egerit
1049 5259 1224 5322 Deus,
1252 5255 1414 5312 disce
1436 5273 1452 5326 ;
1486 5259 1543 5310 et
1567 5253 1878 5325 quomodo
1907 5270 2046 5310 eum
2077 5271 2204 5310 sus-

551 5347 792 5419 ceperit,
823 5346 984 5404 audi.
1020 5346 1294 5417 Suggerit
1325 5341 1874 5413 Hierosolymorum
1935 5343 2196 5412 antistiti,

550 5439 692 5492 tunc
725 5435 1012 5492 obtinenti
1045 5435 1328 5491 thronum
1359 5432 1554 5490 fratris
1580 5429 2058 5497 Domini,Jacobi
2089 5433 2196 5488 sci-

546 5522 684 5580 licet
709 5523 918 5580 fervidi
947 5522 1103 5579 illius
1129 5523 1399 5595 magistri
1437 5526 1617 5594 atque
1663 5521 1957 5591 prteconis
1982 5519 2198 5578 verita-

547 5613 620 5669 tis
643 5612 977 5686 (quomodo
1002 5617 1202 5670 autem
1233 5612 1594 5684 suggesserit
1612 5617 1802 5682 taceo,
1828 5611 1972 5686 quia
1995 5612 2198 5670 invisi-

541 5700 736 5762 biliter
763 5718 870 5778 per
893 5701 1192 5763 internam
1225 5701 1473 5776 Spiritus
1503 5703 1831 5787 motionem
1851 5703 1912 5762 id
1945 5703 2194 5774 factum)

2320 4619 2448 4691 Εὖγε
2463 4625 2554 4670 τοῦ
2582 4613 2840 4692 διαπόρον
2870 4619 3000 4690 πρὸς
3029 4616 3116 4667 τὸν
3160 4619 3288 4667 Θεὸν
3339 4614 3549 4690 φὶλτρον
3589 4615 3601 4670 l
3641 4615 3777 4686 Εὖγε
3829 4625 3930 4680 τῆς

2318 4709 2444 4781 ὑπέρ
2483 4714 2573 4768 τῆς
2630 4704 2893 4765 causam;
2961 4703 3293 4780 παῤῥησὶαςῑ
3321 4703 3592 4777 ’Υπερενγὶ
3673 4723 3760 4756 σοι
3833 4715 3928 4758 τοῦ

2316 4803 2624 4870 περιφανοῦς
2645 4801 2735 4849 καί
2786 4793 2840 4858 ἐξ
2890 4792 3143 4869 ἄτρεστον
3191 4801 3280 4856 τῆς
3331 4792 3519 4865 ψυχῆς
3569 4799 3930 4868 παραστήμα-

2316 4904 2401 4949 τος
2431 4888 2557 4960 ύπέρ
2582 4893 2677 4948 τῆς
2707 4884 2949 4945 άληθεὶας
2978 4885 3315 4959 κηρὺγματος
3341 4883 3353 4937 l

2384 4993 2484 5053 νη’.
2527 4992 2682 5046 Ἀλλά
2721 4997 2772 5046 τὶ
2826 4999 2952 5064 γοῦν
2989 4991 3135 5052 οὗτος
3165 4994 3254 5062 μέν
3320 4989 3454 5043 οὕτω
3503 4991 3633 5063 πρὸς
3683 5009 3736 5043 τε
3792 4996 3924 5044 Θεὸν

2315 5084 2488 5135 xui-rd
2515 5083 2640 5156 ὑπέρ
2673 5089 2807 5136 Θεοῦ
2833 5085 2957 5142 Θεὸς
2985 5077 3035 5133 δ’
3075 5082 3133 5132 ού
3189 5084 3458 5153 προσίετο,
3510 5080 3537 5137 ἦ
3566 5078 3658 5131 οὐκ
3705 5077 3754 5131 ἐν
3810 5089 3924 5140 τοῖς

2311 5170 2545 5243 μάλιστα
2613 5167 3126 5247 προσεδεχετο;κοιί
3174 5169 3312 5231 ὁπως
3363 5175 3541 5221 τοῦτον
3615 5163 3730 5239 εἶχε
3789 5175 3924 5231 Θεὸς

2310 5263 2554 5332 μάνθανε,
2609 5265 2698 5313 καί
2739 5263 2877 5322 ὅπως
2943 5259 3361 5334 προσελάμϐανεν
3429 5256 3602 5310 ἁκονε.
3665 5255 3922 5311 ’Υποϐάλ-

2309 5347 2384 5401 λιι
2421 5359 2492 5421 τῷ
2548 5358 2646 5402 τῶν
2691 5347 3058 5424 Ἰεροσολύμων
3105 5355 3484 5422 προστατοῦντι
3524 5351 3615 5398 καί
3672 5353 3756 5398 τόν
3803 5347 3920 5420 Θρο-

2307 5457 2390 5491 νον
2445 5437 2556 5490 κατ’
2623 5437 2784 5491 ἐκεῖνο
2847 5445 3034 5512 καιροῦ
3088 5445 3180 5490 τοῦ
3227 5434 3567 5509 Ἀδελφοθεον
3655 5432 3915 5506 ὃιὲποντι,

2310 5525 2556 5579 Ἰακὼϐου
2599 5525 2730 5598 λέγω
2785 5534 2876 5579 τοῦ
2919 5522 3244 5602 διαπρυσὶου
3303 5533 3399 5586 τῆς
3449 5521 3696 5585 ἀληθεὶας
3749 5519 3914 5576 3:30:-

2309 5615 2502 5668 σκάλου
2532 5620 2621 5669 καί
2645 5620 2868 5692 κὴρνκος
2910 5617 2987 5688 (τό
3041 5612 3092 5668 δ’
3137 5615 3276 5678 ὅπως
3324 5611 3599 5668 ὑποϐάλλει
3654 5613 3911 5688 παρίημι,

2307 5703 2537 5777 ἀοράτως
2581 5707 2682 5782 γάρ
2754 5709 2844 5759 καί
2920 5700 2988 5757 δι’
3046 5706 3314 5767 ἐπιπνοίας
3391 5710 3480 5760 τοῦ
3559 5706 3907 5775 Πνεύματος),
