4032 6308
102 308 201 362 881

1309 301 1380 359 ΙΝ
1419 301 1481 361 S.
1516 300 1712 358 JOAN.
1751 299 2252 360 DAMASCENUM.

3355 308 3464 363 882

99 427 469 504 πρεσϐῦτίροις
522 433 704 481 τοῦτον
791 425 1194 499 συγκαταλέξαι,
1247 430 1337 480 καὶ
1397 435 1497 481 τῶν
1554 428 1695 481 κάτω

1817 427 2091 498 suggerit,
2115 429 2386 502 inquam,
2406 431 2470 488 ut
2485 430 2850 504 presbyteris
2871 433 3462 502 ascribatJoannem,

102 521 260 577 θῦτην
299 521 601 592 μυστηρίων
639 515 901 573 ἇκτελέσαι
926 520 1014 570 τὸν
1069 525 1168 569 τῶν
1234 518 1339 570 ἄνω
1399 522 1489 570 καὶ
1547 517 1694 588 οῦρα-

99 613 217 660 νίων
267 606 492 671 ἓπάξιον.
523 611 622 662 Καὶ
681 607 734 668 ὃς
761 610 909 679 χρίει
958 609 1016 659 τὸ
1073 609 1243 679 τάχος
1296 606 1696 680 μεταπεμψάμε-

98 717 197 766 νος,
221 701 450 759 καὶτοῖς
488 698 772 771 ἱεροθῦταις
819 697 1110 764 συντάττει,
1143 699 1207 758 ὡς
1235 695 1294 749 ἂν
1351 693 1418 754 δὴ
1459 699 1516 749 τὸ
1563 699 1700 769 μέγα

102 788 242 859 θῦμα
268 785 559 860 καλλιεροίη
592 789 843 860 Χριστόν,
895 789 954 838 τό
1003 787 1150 839 τυθεν
1211 789 1302 859 μεν
1354 785 1514 854 ἅπαξ,
1577 787 1698 838 θυό-

99 895 245 950 μενον
307 872 358 930 δ’
407 875 612 944 εἰσαιεὶ,
665 876 792 950 ὑπερ
845 883 945 927 τῶν
997 874 1138 938 ἅπαξ
1194 878 1284 949 μεν
1331 879 1695 943 πεπτωκότων,

99 965 212 1018 καθ’
245 964 472 1022 ἑκάστην
525 960 585 1020 δὲ
652 960 1099 1037 διασαλευομένων
1133 966 1299 1038 ἡμῶν.
1340 969 1403 1018 Τί
1453 960 1511 1017 δε
1569 966 1701 1024 Θεὸς

96 1057 184 1126 μὶν
218 1053 356 1106 οὕτω
415 1073 526 1115 πως
581 1057 784 1125 ἔχρισε,
844 1058 928 1106 καὶ
975 1054 1140 1116 οὕτως
1195 1051 1468 1119 ἀνέδειξεν,
1524 1054 1698 1106 ὁποῖόν

98 1164 152 1197 τε
177 1141 292 1216 εἶχε
326 1148 414 1196 καὶ
447 1151 554 1204 τοῖς
587 1142 849 1218 πόρρωθεν
880 1139 914 1196 δ
921 1140 1200 1202 ιεδήλωσεν
1233 1160 1247 1211 ;
1281 1144 1307 1196 ὁ
1339 1139 1388 1196 δ’
1437 1142 1699 1216 ὀλιγωρη-

101 1252 201 1299 σεν,
243 1234 274 1292 ἦ
307 1234 618 1304 καθυφῆκεν,
653 1233 684 1293 ἡ
745 1240 835 1293 τῆς
859 1233 974 1285 κατ’
1020 1231 1205 1307 ἀρετήν
1247 1236 1520 1293 συντονίας
1573 1232 1700 1294 ὅλως

101 1320 398 1394 uigiliam»;
455 1324 714 1393 Οῦμενουν
768 1317 1033 1393 οὐδαμῶς,
1107 1329 1292 1394 μακρῷ
1353 1323 1456 1394 γὰρ
1513 1320 1698 1374 πλείων

102 1411 324 1464 ἐντεῦθεν
362 1415 458 1470 τήν
511 1413 806 1485 προθυμίαν
850 1410 1030 1484 ἆφάνη,
1063 1416 1153 1464 καὶ
1190 1411 1359 1483 πολλῷ
1423 1431 1526 1463 τινι
1581 1413 1699 1484 θερ-

101 1504 308 1573 μότερος
364 1503 454 1553 τόν
531 1507 622 1554 τοῦ
690 1505 932 1572 σώματος
987 1502 1334 1574 ὑπωπιασμὸν
1389 1497 1697 1572 ἀνεδείχθη,

101 1595 190 1647 τήν
214 1609 268 1642 τε
297 1594 611 1644 ταπείνωσιν
668 1589 1004 1664 ὑψηλότερος,
1045 1594 1132 1642 καὶ
1195 1593 1325 1664 πρὸς
1378 1595 1552 1642 πᾶσαν
1609 1589 1702 1642 οἳλ-

100 1676 188 1736 λην
241 1676 431 1753 ἆρετην
491 1676 843 1752 ἀκμαιότερος.
922 1677 1012 1741 Ὠς
1061 1680 1162 1752 γὰρ
1224 1679 1286 1730 οἷν
1350 1697 1426 1739 τις
1483 1685 1582 1731 τῶν
1635 1679 1702 1730 τὰ

1807 522 1864 574 et
1893 519 2171 592 supernis
2208 524 2389 593 atque
2418 521 2756 579 coelestibus
2795 524 3094 597 mysteriis
3143 523 3463 594 dignatum

1807 607 2042 666 ordient
2069 608 2149 665 ad
2178 624 2249 666 ea
2294 626 2432 682 quae
2477 611 2538 667 in
2589 613 2752 669 terris
2811 618 3118 684 geruntur.
3174 612 3273 669 Ille
3318 626 3462 680 ergo

1805 713 1948 754 mox
1977 699 2330 757 accersitum
2359 701 2614 772 inungit,
2645 706 2704 758 et
2730 703 2880 760 inter
2905 703 3244 759 sacerdotes
3285 700 3467 758 collo-

1807 791 1920 855 cat,
1937 793 2279 859 utmagnam
2291 789 2559 858 hostiam,
2574 792 2860 848 Christum
2888 792 3078 865 ipsum
3099 805 3328 864 nempe,
3355 791 3466 847 rite

1806 883 2136 944 consecret,
2151 894 2287 947 quae
2305 879 2486 936 semel
2503 881 2818 938 immolata
2834 881 3182 938 immolatur
3196 879 3466 954 quotidie

1807 982 1918 1040 pro
1933 967 2130 1037 nobis,
2146 968 2319 1025 semel
2330 968 2567 1041 quidem
2584 969 2796 1042 lapsis,
2811 971 3074 1044 quotidie
3085 985 3227 1026 vero
3241 968 3464 1042 impelli

1808 1056 1889 1113 ad
1914 1055 2155 1128 lapsum
2182 1056 2386 1113 solitis.
2419 1060 2608 1124 Quem
2632 1075 2772 1115 vero
2798 1060 2884 1117 sic
2914 1060 3085 1116 unxit
3112 1062 3168 1115 et
3199 1059 3283 1115 sic
3327 1074 3461 1115 eve-

1807 1146 1892 1202 xit
1922 1145 2098 1214 Deus,
2125 1147 2457 1220 quantique
2485 1147 2703 1205 faceret
2723 1149 2900 1205 etiam
2921 1149 3100 1220 longe
3119 1148 3329 1222 positis
3359 1148 3462 1204 de-

1807 1236 2196 1300 monstravit;
2219 1251 2294 1294 an
2313 1237 2598 1310 deinceps
2616 1239 3012 1309 negligentius
3040 1238 3176 1310 egit,
3210 1238 3460 1294 remisit-

1808 1339 1927 1396 que
1975 1323 2328 1382 industriam
2367 1330 2425 1382 et
2470 1325 2629 1383 circa
2679 1327 2910 1384 virtutis
2975 1327 3459 1384 exercitationem

1808 1412 2116 1484 elanguit?
2141 1413 2374 1470 Minime
2394 1430 2533 1471 vero
2554 1434 2566 1471 :
2603 1415 2707 1471 sed
2729 1416 2942 1472 exhinc
2959 1417 3252 1488 majorem
3272 1416 3459 1472 multo

1809 1501 1997 1557 animi
2031 1502 2396 1559 alacritatem
2436 1504 2722 1562 adhibere
2773 1508 2930 1562 visus
2978 1509 3110 1573 est;
3153 1506 3213 1561 in
3257 1505 3460 1575 subju-

1810 1590 2009 1661 gando
2039 1607 2288 1666 corpore
2316 1592 2654 1661 ferventior,
2688 1595 2747 1650 in
2779 1611 2842 1650 se
2871 1594 3248 1650 humiliando
3271 1593 3460 1650 subli—

1809 1681 1982 1751 mior,
2007 1685 2188 1754 atque
2211 1682 2286 1738 ad
2309 1698 2555 1741 omnem
2592 1683 2771 1740 aliam
2813 1685 3090 1741 virtutem
3137 1683 3458 1740 robustior.

100 1764 222 1839 τῇδε
270 1766 684 1842 περεπολούντων
743 1766 956 1842 ἀρχεῖα,
1012 1767 1243 1840 μείζονος
1292 1765 1472 1829 ἐπιϐὰς
1528 1766 1697 1830 ἀξίας,

1817 1770 2151 1828 Sicutenim
2181 1787 2388 1828 eorum
2414 1772 2627 1846 aliquis
2643 1775 2748 1847 qui
2770 1779 3090 1831 versantur
3111 1774 3172 1829 in
3213 1772 3456 1847 palatio,

102 1854 448 1931 ἐνεργέστερος
506 1860 800 1915 κατασταίη
895 1861 985 1909 καὶ⁹
1067 1858 1476 1931 προθυμότερος,
1557 1860 1696 1931 εἴπερ

105 1946 310 2017 εὐλόγως
339 1949 474 2019 πρὸς
518 1953 610 1998 τοῦ
671 1950 1010 2018 τετιμηκότος
1067 1944 1351 2019 ίγκριθείη,
1403 1950 1492 1998 καὶ
1545 1945 1702 2008 αὑτός

103 2054 154 2107 γε
177 2038 308 2111 πρὸς
363 2035 529 2094 αὐτὴν
583 2034 941 2106 ἇπιλογίσαιτό
997 2037 1048 2088 οἱ
1097 2039 1154 2087 τὸ
1216 2035 1556 2108 ὀφειλόμενον,
1609 2039 1700 2087 καὶ

102 2129 156 2178 τὸ
204 2121 410 2178 δίκαιον
468 2123 770 2197 ὶπικρίνειεν
802 2145 814 2160 ο
858 2129 927 2186 ὡς
991 2121 1050 2178 δὲ
1092 2130 1182 2178 καὶ
1228 2125 1397 2192 οὗτος,
1433 2128 1564 2201 πρὸς
1610 2132 1702 2178 τοῦ

105 2215 202 2266 ἄνω
232 2214 513 2284 Βασιλέως,
553 2221 644 2267 τοῦ
692 2233 848 2286 μονον
901 2213 1122 2284 ἀγαθοῦ,
1156 2221 1248 2266 τοῦ
1295 2218 1454 2285 μόνου
1499 2213 1704 2273 ἀλαθή-

106 2322 191 2357 του
221 2307 506 2373 Δεσπότου,
537 2306 596 2357 τὸ
631 2311 722 2364 τῆς
779 2305 1058 2376 ἱερωσύνης
1114 2299 1422 2376 δεδεγμένος
1475 2301 1700 2376 ἀξίωμα,

107 2395 164 2446 τὸ
188 2397 438 2465 μέγιστον
494 2390 804 2465 ἀξιωμάτων
861 2397 951 2445 καὶ
1002 2398 1336 2465 τιμιώτατον,
1388 2395 1476 2444 καὶ
1526 2395 1704 2465 μόνοις

110 2488 208 2543 τοῖς
233 2484 371 2535 κατὰ
413 2485 500 2535 τὸν
529 2485 692 2555 μέγαν
720 2488 902 2535 τοῦτον
929 2484 1061 2554 πρὸς
1125 2479 1369 2539 ἀλήθειαν
1429 2481 1703 2555 καταλαμ-

113 2569 380 2644 ϐανόμενον
462 2589 518 2624 τε
572 2575 663 2624 καὶ
745 2572 1176 2644 συντηρούμενον,
1260 2570 1600 2644 εῦθυμότερόν
1651 2589 1706 2625 τε

112 2668 200 2724 τῆς
227 2660 564 2732 λειτουργίας
591 2659 888 2730 ἰπεῦιηπτο,
931 2663 1176 2734 καὶπρὸς
1231 2664 1326 2718 τὴν
1376 2669 1473 2722 τῆς
1519 2658 1705 2735 ἀρετῆς

113 2749 358 2824 έργασίαν
426 2756 802 2826 συντονώτερον
869 2745 1198 2823 διεγηγερτο.
1281 2747 1420 2803 Ἀλλ’
1501 2747 1704 2824 ἕπείπερ

114 2840 242 2893 οὕτω
294 2843 561 2911 γενναίως,
655 2839 762 2911 οὐχ
814 2840 895 2892 ὅτι
929 2841 1057 2914 πρὸς
1116 2837 1414 2904 πένταθλον,
1471 2837 1578 2891 ἀλλ’
1635 2839 1708 2902 εἰς

115 2928 391 3001 μυρίαθλον
615 2933 706 2982 καὶ
765 2930 981 3001 φάμενος
1051 2926 1234 3000 ἔφθην)
1289 2923 1704 3000 ἀποδυσάμενος,

117 3017 390 3091 Θαυμαστὰ
419 3019 505 3071 οἶα
553 3013 872 3080 ἐπιδείξαιτο
897 3037 909 3050 ·
950 3023 1041 3070 καὶ
1096 3017 1178 3069 ὅτι
1217 3035 1278 3088 γε
1327 3015 1576 3075 πλείστην
1621 3014 1710 3089 έμ-

895 1861 985 1909 καὶ
1067 1858 1476 1932 προθυμότερος,

1810 1861 1858 1917 si
1878 1861 1955 1918 ad
1975 1862 2266 1934 majorem
2287 1862 2621 1920 ascenderit
2635 1864 3005 1934 dignitatem,
3028 1863 3460 1937 promptiorem

1811 1964 1874 2006 se
1893 1950 1973 2006 ad
1993 1949 2290 2023 obsequia
2310 1951 2566 2020 exhibet,
2595 1957 2660 2009 ut
2697 1952 2777 2010 ab
2799 1969 2870 2009 eo
2889 1953 2993 2026 qui
3030 1954 3231 2025 ipsum
3269 1952 3460 2008 hono—

1809 2039 1964 2096 ravit
1985 2039 2285 2111 judicetur
2324 2039 2386 2096 id
2423 2040 2690 2109 meritus,
2741 2057 2944 2097 secum
2994 2041 3120 2115 ipse
3165 2041 3460 2098 rationem

1810 2129 2003 2185 iniens
2023 2144 2146 2202 quo
2166 2133 2342 2202 pacto
2371 2129 2642 2186 debitum
2664 2146 2843 2186 suum
2861 2131 3019 2202 juste
3039 2130 3312 2186 exsolvat
3340 2147 3352 2184 :
3377 2129 3461 2187 ita

1812 2219 1990 2276 etiam
2011 2220 2296 2289 Joannes,
2319 2235 2355 2275 a
2384 2234 2522 2290 rege
2578 2233 2811 2289 regum,
2845 2219 2972 2276 solo
3014 2221 3176 2276 bono
3220 2235 3289 2275 ac
3330 2217 3458 2274 solo

1811 2324 1956 2376 vero
1981 2307 2229 2366 domino
2257 2313 2485 2377 nostro,
2553 2309 2870 2367 sacerdotii
2903 2309 3162 2366 donatus
3206 2309 3456 2371 honore,

1812 2398 2084 2455 omnium
2103 2397 2406 2454 honorum
2421 2398 2688 2454 maximo
2707 2402 2763 2454 et
2781 2397 3322 2465 venerabilissimo,
3341 2400 3398 2453 et
3425 2412 3463 2452 a

1813 2487 1955 2544 solis
2005 2487 2123 2560 ipsi
2173 2501 2383 2544 revera
2421 2487 2714 2544 similibus
2753 2486 3134 2560 suscipiendo
3177 2486 3464 2556 gerendo-

1815 2592 1952 2649 que,
1998 2577 2336 2650 promptius
2383 2575 2703 2650 capessivit
2747 2575 3144 2634 ministerium
3198 2590 3464 2645 sacrum,

1815 2672 1997 2740 atque
2035 2665 2116 2722 ad
2152 2665 2384 2724 virtutis
2419 2665 2648 2722 cultum
2709 2665 3051 2736 vigilantior
3111 2664 3465 2722 exsurrexit.

1816 2757 2146 2828 Postquam
2166 2759 2367 2813 autem
2389 2771 2518 2812 sese
2539 2760 2662 2812 tam
2683 2771 2989 2826 generose,
3013 2771 3138 2812 non
3191 2754 3270 2812 ad
3325 2769 3470 2827 pen-

1817 2845 2067 2904 tathlum
2089 2846 2180 2918 (ut
2201 2845 2476 2917 superius
2491 2845 2722 2902 dictum
2742 2850 2832 2902 est
2843 2853 2876 2913 1,
2895 2845 2999 2901 sed
3013 2845 3090 2902 ad
3104 2844 3468 2918 myriathlon

1817 2936 2196 3008 praeparavit,
2243 2950 2430 3008 quam
2479 2934 2742 2991 maxime
2793 2933 3153 2991 admiranda
3211 2933 3472 3006 patravit

1819 3024 2106 3094 facinora,
2140 3028 2452 3098 totumque
2480 3023 2541 3080 in
2567 3025 2658 3080 sui
2679 3023 3143 3080 admirationem
3171 3023 3469 3079 theatrum

117 3104 254 3159 ϐάλοι
278 3116 350 3179 τῷ
385 3107 578 3180 θεάτρῳ
602 3111 696 3166 τήν
725 3106 967 3170 ἔκπληξιν
1001 3127 1013 3139 ο
1043 3102 1179 3165 ἦσαν
1237 3102 1296 3159 δε
1329 3105 1434 3181 ἄρα
1480 3108 1538 3158 τὸ
1592 3107 1706 3159 θέα-

1819 3113 2020 3188 rapuit
2047 3131 2060 3170 :
2089 3113 2386 3171 theatrum
2407 3127 2547 3169 vero
2572 3111 2908 3186 implebant
2925 3110 3178 3182 angelici
3206 3110 3466 3184 spiritus,

114 3214 227 3269 τρον
257 3198 386 3250 θεῖοί
411 3215 466 3250 τε
488 3196 800 3272 πληροῦντες
836 3195 1063 3268 ἄγγελοι,
1098 3196 1148 3248 οῖ
1198 3199 1289 3248 καὶ
1343 3202 1444 3248 τῶν
1506 3193 1710 3267 ἀγώνων

119 3279 244 3341 ἦσαν
296 3291 481 3337 τοῦτον
535 3284 910 3358 ὑπερογάμενοι
970 3303 983 3316 ο
1041 3287 1130 3336 καὶ
1183 3278 1428 3355 δαίμονες
1479 3287 1714 3358 περιτρέο

120 3391 312 3444 χοντες,
341 3373 509 3426 οἱκαὶ
542 3371 1034 3444 ἀντικαθιστάμενοι
1089 3374 1259 3442 τούτῳ
1315 3376 1404 3424 καὶ
1455 3371 1713 3446 πολυτρό-

119 3482 222 3525 πως
281 3462 617 3531 ἀντεπιόντες,
682 3467 772 3516 καὶ
837 3461 1228 3536 πολύμηχάνως
1283 3460 1710 3534 ἀντεγειρόμενοι,

122 3551 199 3612 οῦς
221 3557 308 3605 καὶ
355 3552 463 3625 οὐχ
511 3553 667 3612 ἧττον
724 3551 973 3625 εὐτέχνως
1030 3551 1060 3610 ἣ
1113 3554 1356 3623 γενναίως
1425 3554 1716 3623 κατηγωνί-

126 3659 264 3697 σατο.

185 3767 278 3821 νθ“.
308 3766 454 3821 Ἐπεὶ
492 3763 542 3820 δ’
573 3761 662 3820 οὖν
715 3766 851 3818 οὕτω
908 3772 1075 3819 ταῦτα
1131 3761 1369 3833 διήνυτο,
1428 3763 1715 3840 ἀγέραστον

124 3850 170 3907 δ’
199 3855 433 3908 ἑπιπλέον
485 3854 782 3908 καταλιπεῖν
838 3854 932 3906 οῦκ
973 3851 1035 3912 ἧν
1085 3855 1234 3926 τάχα
1278 3856 1409 3927 πρὸς
1458 3861 1549 3906 τοῦ
1605 3873 1716 3908 στε-

123 3940 333 4016 φοδότου
362 3951 518 4011 Θεοῦ,
560 3945 614 3996 ὃν
666 3948 754 3996 καὶ
799 3942 1121 4015 ἀγωνοθέτην
1173 3943 1570 4016 προύστήσατο,
1624 3947 1714 3996 καὶ

123 4037 242 4107 πρὸς
269 4034 321 4086 ὃν
349 4032 584 4108 ἀρχῆθεν
611 4032 833 4106 ἀφορῶν,
895 4031 1080 4085 ἑαυτοῦ
1116 4046 1171 4085 τε
1221 4033 1482 4105 ὁσημέραι
1529 4031 1714 4084 πλείων

123 4119 324 4192 ἐγένετο,
384 4129 491 4184 τοῖς
569 4122 747 4184 ἄθλοις
813 4121 1155 4196 ἀκμαιότερον
1217 4119 1516 4188 ἐπετείνετο,
1573 4121 1716 4183 τέλος

125 4205 179 4261 δὲ
205 4216 289 4264 καὶ
316 4214 381 4265 τὰ
410 4211 612 4284 μεγάλα
643 4207 959 4280 διεπράξατο
1009 4213 1095 4262 καὶ
1151 4211 1480 4285 κατώρθωσε.
1535 4215 1598 4263 Τί
1656 4213 1714 4263 τὸ

123 4297 334 4354 ἐντεῦθεν
376 4306 469 4354 καὶ
511 4306 711 4373 γίνεται
738 4317 752 4368 ;
783 4307 896 4368 Τςῦν
943 4307 1156 4374 μακρῶν
1223 4297 1492 4353 ἀναλαϐεῖν
1559 4298 1714 4353 ἐθελει

122 4393 276 4442 πόνων
310 4395 454 4458 Θεὸς,
495 4395 583 4443 καὶ
627 4399 737 4454 τοῖς
775 4395 892 4466 περὶ
933 4391 1091 4444 αὑτὸν
1143 4389 1334 4462 λογάσι
1394 4389 1714 4461 συγκαταλέ-

1821 3203 2121 3278 ejusmodi
2148 3201 2578 3260 certaminibus
2609 3201 2744 3274 plus
2759 3217 2946 3274 quam
2966 3199 3084 3256 dici
3109 3200 3297 3273 possit
3314 3197 3474 3255 oble-

1821 3294 1964 3352 ctari
1992 3292 2144 3351 soliti
2168 3311 2182 3350 :
2205 3291 2430 3349 diaboli
2449 3296 2651 3348 autem
2667 3288 3368 3362 circumcursabant,ipsi
3388 3303 3475 3344 re-
3551 3319 3557 3322 -

1823 3385 2096 3442 sistentes
2134 3398 2205 3440 ac
2238 3380 2640 3454 multipliciter
2697 3384 3126 3453 repugnantes,
3178 3378 3356 3435 variis
3403 3392 3477 3434 ex

1786 3512 1788 3515 -
1823 3473 2078 3531 adverso
2120 3471 2416 3529 machinis
2446 3469 2754 3539 adhibitis,
2803 3485 2959 3542 quos
2995 3468 3091 3526 ille
3127 3467 3317 3525 nihilo
3368 3466 3477 3525 mi-

1822 3579 1940 3621 nus
1969 3561 2257 3620 industrie
2283 3574 2690 3633 generoseque
2709 3558 3042 3632 pugnando
3082 3557 3401 3630 superavit.

1897 3765 1982 3818 59.
2013 3758 2256 3816 Talibus
2294 3756 2694 3830 perfunctum,
2725 3770 2850 3812 non
2879 3760 3005 3812 erat
3042 3770 3173 3828 par,
3219 3753 3478 3826 relinqui

1824 3850 2322 3906 irremuneratum
2344 3862 2380 3902 a
2401 3847 2539 3913 Deo,
2571 3861 2752 3917 quem
2780 3843 2893 3900 sibi
2911 3846 3306 3916 proposuerat
3331 3856 3474 3911 ago-

1823 3938 2154 4003 nothetam,
2183 3941 2242 3992 et
2276 3935 2337 3991 in
2371 3950 2553 4007 quem
2579 3935 2705 4004 jam
2736 3933 2876 3989 inde
2905 3949 2941 3989 a
2965 3931 3253 4005 principio
3283 3931 3475 3986 inten-

1823 4032 1940 4093 tus,
1984 4027 2177 4098 seipse
2206 4022 2470 4097 quotidie
2528 4022 2711 4078 ﬁebat
2739 4024 2954 4092 major,
3014 4025 3071 4076 et
3116 4020 3190 4076 ad
3234 4033 3473 4093 pugnas

1824 4117 2031 4173 fortior
2044 4112 2430 4188 procedebat,
2445 4111 2714 4168 maxima
2727 4111 2985 4183 denique
2999 4125 3183 4183 opera
3195 4109 3273 4165 ad
3288 4109 3474 4164 ﬁnem

1822 4203 2177 4278 perducens.
2211 4200 2365 4268 Quid
2410 4200 2588 4270 igitur
2617 4203 2645 4254 ?
2672 4198 2937 4255 Prolixos
2964 4201 3094 4269 ejus
3121 4198 3360 4254 labores
3379 4213 3472 4252 su-

1823 4293 2049 4366 scipere
2090 4291 2280 4348 voluit
2329 4294 2501 4358 Deus,
2551 4304 2812 4361 eumque
2864 4287 3086 4344 sanctis
3131 4288 3253 4344 suis
3310 4302 3475 4343 asso-

1823 4384 2000 4446 ciare,
2016 4399 2051 4439 a
2062 4380 2488 4439 certaminibus
2501 4380 2801 4451 generosis
2812 4379 3096 4450 deinceps
3107 4377 3470 4450 quieturum,

127 4479 219 4545 ξαι,
271 4486 360 4534 καὶ
393 4489 494 4534 τῶν
541 4488 800 4554 καρτερῶν
861 4479 1070 4551 ἀγώνων
1120 4476 1505 4545 διαναπαῦσαι,
1560 4487 1706 4532 τοῦτο

1823 4475 1973 4531 sicut
1993 4478 2050 4529 et
2073 4472 2224 4528 fecit.
2255 4471 2513 4544 Imperat
2534 4485 2675 4541 ergo
2705 4467 3138 4542 spectatoribus
3165 4482 3236 4524 ac
3268 4466 3474 4523 lauda-

129 4564 181 4621 δὲ
202 4573 289 4622 καὶ
314 4577 472 4624 ποιεῖ.
504 4574 685 4623 Τοίνυν
740 4573 825 4622 καὶ
883 4568 1144 4642 ἐπιτρέπει
1197 4575 1308 4631 τοῖς
1365 4576 1463 4620 τῶν
1503 4567 1712 4639 ἀγώνων

128 4657 318 4718 θεαταῖς
369 4656 609 4730 ἀγγέλοις
643 4658 672 4717 ἣ
731 4655 1000 4728 ἀγασταῖς,
1052 4661 1142 4708 καὶ
1193 4659 1244 4710 οἰ
1300 4656 1540 4730 λαμπρὰν
1586 4655 1716 4730 λαμ-

123 4755 258 4818 πρῶς
284 4752 378 4806 τήν
405 4750 666 4821 μακαρίαν
715 4745 1036 4819 ἀνειληφότες
1066 4739 1222 4798 τοῦδε
1277 4745 1485 4816 ψυχὴν,
1527 4744 1574 4808 ἐς
1631 4746 1709 4798 οὖν

125 4838 295 4904 ρανοῦς
325 4835 658 4910 ἀναφέρουσι,
685 4840 773 4888 καὶ
837 4842 954 4897 ταῖς
1006 4843 1106 4886 τῶν
1171 4833 1330 4907 ἁγίων
1385 4834 1593 4907 ψυχαῖς
1632 4853 1713 4886 σε·

125 4930 254 4984 πτῶς
301 4925 435 4996 ἄγαν
493 4926 1034 4996 συγκατατάττουσιν.
1097 4921 1230 4976 Ἀλλ’
1259 4926 1384 4983 ἴσως
1435 4923 1492 4975 οὗ
1548 4923 1714 4997 μικρά

126 5028 199 5072 τις
247 5012 306 5064 ἂν
363 5012 758 5087 ἀμφισϐήτησις
839 5020 950 5074 τοῖς
1003 5020 1102 5065 τῶν
1153 5011 1313 5084 ἁγίων
1343 5012 1449 5066 ἐκεῖ
1506 5031 1713 5065 συνεπεο

125 5105 306 5154 πτώκει
333 5110 539 5178 χοροῖς,
576 5104 677 5161 ὅπη
718 5122 773 5156 τε
801 5103 826 5154 ό
880 5104 1012 5164 θεῖος
1044 5101 1171 5175 ἀνὴρ
1223 5101 1371 5164 οὗτος
1423 5101 1709 5170 τετάξεται,

125 5188 246 5252 ἴσως
272 5186 322 5242 δ’
369 5190 430 5242 ἂν
459 5197 548 5244 καὶ
578 5197 729 5244 ποίου
761 5196 1023 5267 προσταίη
1057 5198 1224 5263 χοροῦ
1249 5199 1349 5243 τῶν
1379 5195 1497 5264 περὶ
1549 5193 1702 5244 Θεόν.

123 5274 176 5328 Ἠ
213 5281 300 5350 μεν
347 5283 446 5354 γὰρ
504 5283 617 5356 ἱερά
652 5288 753 5332 τῶν
806 5283 1082 5355 μαρτύρων
1138 5279 1351 5340 πληθὺς
1382 5279 1451 5340 εἰς
1500 5279 1715 5340 ἑαυτοὺς

128 5362 183 5415 ἆν
254 5369 639 5438 μετεκαλοῦντο,
709 5366 890 5428 ἐπειδὴ
951 5374 1040 5422 καὶ
1089 5368 1338 5444 λαμπρῶς
1380 5370 1511 5440 ἄγαν
1565 5368 1712 5430 οὗτος

128 5451 478 5531 ἀνωμολόγηκε
513 5463 606 5518 τὴν
642 5457 906 5530 ἀλήθειαν,
934 5463 1024 5512 καὶ
1051 5466 1242 5533 μικροῦ
1269 5455 1378 5512 δεῖν
1399 5461 1465 5511 τά
1507 5461 1714 5530 ἔσχατα

128 5546 354 5615 πέπονθε,
402 5547 496 5600 κᾶν
555 5549 623 5612 εἰς
651 5554 987 5624 μετριώτερον
1044 5551 1093 5601 οἱ
1149 5550 1304 5620 θυμοὶ
1357 5555 1428 5618 τῷ
1485 5549 1715 5621 τυράννῳ

129 5631 428 5705 λωφήσειαν,
483 5642 573 5692 καὶ
627 5637 924 5714 ἀφαιρεθείη
965 5642 1127 5712 μόνης
1162 5647 1255 5700 τῆς
1317 5633 1513 5704 δεξιᾶς,
1570 5640 1718 5710 τάχα

1821 4563 2053 4622 toribus
2104 4561 2440 4617 facinorum
2479 4560 2608 4632 ejus
2638 4558 2884 4630 angelis,
2919 4559 2983 4614 ut
3027 4557 3269 4613 beatam
3311 4555 3472 4611 illius

1822 4654 2093 4711 animam
2125 4666 2196 4707 ac
2222 4650 2532 4706 virtutibus
2555 4647 2932 4722 splendidam
2965 4646 3279 4719 splendide
3321 4646 3472 4702 acci-

1821 4745 1989 4816 piant
2015 4740 2403 4812 deferantque
2429 4740 2490 4796 in
2516 4739 2752 4795 caelum.
2786 4739 2884 4793 Hic
2913 4751 3055 4793 vero
3083 4751 3206 4792 non
3236 4735 3471 4792 medio-

1821 4832 1936 4889 cris
1966 4831 2213 4887 forsitan
2243 4829 2460 4886 exstitit
2505 4828 2866 4885 concertatio
2895 4827 3047 4883 inter
3089 4826 3304 4880 choros
3337 4838 3472 4879 san-

1821 4926 2074 4986 ctorum,
2094 4919 2343 4975 ubinam
2375 4917 2614 4973 divinus
2641 4917 2727 4972 vir
2763 4917 2870 4972 iste
2919 4916 3233 4978 locaretur,
3265 4915 3324 4966 et
3351 4911 3471 4967 cui-

1819 5027 1963 5068 nam
1985 5025 2212 5080 eorum,
2233 5009 2336 5081 qui
2356 5009 2474 5065 Deo
2499 5007 2801 5070 assistunt,
2832 5004 3026 5062 ordini
3047 5001 3468 5075 praeficeretur,

1822 5100 2049 5156 Etenim
2081 5097 2398 5154 multitudo
2439 5101 2774 5168 martyrum
2825 5094 3026 5166 ipsum
3052 5089 3345 5148 invitabat
3389 5090 3470 5147 ad

1821 5205 1906 5260 se,
1934 5188 2079 5261 quia
2107 5187 2391 5260 praeclare
2446 5186 2636 5242 fuerat
2689 5184 2996 5241 veritatem
3043 5179 3356 5237 confessus
3413 5184 3470 5236 et

1821 5283 2052 5336 tantum
2069 5293 2192 5334 non
2217 5282 2480 5334 extrema
2497 5289 2814 5349 perpessus
2838 5292 2850 5341 ;
2870 5271 3175 5344 quamvis,
3203 5269 3468 5326 emollita

1824 5367 1903 5424 ad
1961 5366 2422 5423 mediocritatem
2450 5364 2687 5437 tyranni
2741 5361 3071 5426 iracundia.
3113 5358 3241 5416 sola
3293 5358 3470 5416 fuerit

1822 5457 2067 5514 dextera
2098 5457 2363 5530 privatus
2396 5474 2409 5511 :
2441 5453 2545 5528 qui
2575 5451 2984 5509 verosimiliter
3028 5449 3250 5506 idcirco
3304 5448 3471 5504 diffe-

1821 5546 2082 5610 rebatur.
2129 5560 2389 5618 superna
2417 5543 2685 5616 quadam
2738 5539 3136 5615 providentia,
3201 5552 3277 5594 ne
3334 5539 3472 5593 ante

1823 5641 2060 5710 tempus
2089 5635 2204 5693 cito
2234 5633 2562 5693 auferretur
2589 5631 2677 5689 vir
2724 5635 2848 5690 tam
2903 5629 3175 5703 insignis,
3222 5631 3280 5686 et
3328 5631 3474 5686 aetas
