4032 6308
572 279 687 334 883

1781 275 2239 334 CONSTANTINI
2275 279 2757 340 AGR‘OPOLITIE.

577 407 794 477 nostra
819 404 1154 476 privaretur
1211 401 1614 469 sermonibus,
1664 417 1820 473 quos
1867 418 2239 475 componens

2363 424 2410 476 γε
2465 407 2656 458 ἄνωθεν
2720 405 3103 480 ἒπισχεθίντος,
3158 413 3225 471 ὡς
3303 413 3376 480 μὴ
3439 409 3500 461 ἂν
3562 409 3615 472 ἐξ
3667 407 3961 483 ἀνθρώπω

582 494 905 549 Ecclesiam
931 492 1137 550 Christi
1161 491 1320 547 velut
1349 491 1426 546 de
1454 506 1614 545 novo
1638 490 1915 547 fundaret
1958 498 2016 548 et
2059 493 2240 548 mira-

582 583 779 638 biliter
831 583 1184 638 adornaret:
1234 585 1298 636 ut
1324 595 1445 635 non
1485 579 1704 646 dicam,
1751 585 2043 652 tanquam
2091 582 2242 637 exile

585 674 784 729 nimis.
810 672 974 743 quod
1006 688 1153 743 opes
1182 674 1239 726 et
1269 669 1502 739 generis
1549 669 1878 726 claritatem
1927 672 2238 738 abdicarit,

583 761 750 833 quod
766 763 896 831 jam
928 759 1066 814 inde
1089 777 1125 815 a
1155 775 1344 831 puero
1377 774 1644 815 amorem
1675 759 1877 814 smculi
1904 777 1941 815 a
1967 777 2030 815 se
2051 776 2242 816 remo-

584 852 752 917 verit,
776 849 940 922 quod
977 849 1155 904 simul
1177 848 1383 904 omnia
1416 848 1757 903 transitoria
1780 849 1948 904 nihili
1982 850 2242 907 {estima-

583 939 676 995 rit.
701 939 813 1003 Qui
841 954 980 994 vero
1011 939 1180 993 aliter
1199 953 1387 1009 quam
1421 935 1555 992 fuso
1605 938 1896 1007 sanguine
1941 938 2232 994 stabilive-

583 1032 724 1083 runt
752 1027 1097 1097 Ecclesiam,
1133 1027 1210 1082 ad
1238 1042 1298 1081 se
1321 1026 1487 1081 illum
1511 1025 1922 1091 traducebant,
1941 1027 2016 1082 de
2049 1042 2242 1098 eoque

579 1117 717 1187 jure
751 1117 1138 1171 meritissimo
1168 1115 1598 1184 gloriabantur,
1646 1118 1709 1170 ut
1764 1116 1869 1186 qui
1915 1116 2076 1171 circa
2117 1115 2245 1170 reli-

585 1207 826 1275 gionem
849 1205 1107 1276 plurima
1129 1205 1449 1275 scripserat
1468 1203 1896 1276 docueratquc.
1937 1203 2020 1259 Illi
2040 1220 2241 1276 porro,

584 1297 690 1368 qui
714 1295 944 1351 ﬂuxam
968 1295 1125 1350 hanc
1155 1300 1424 1350 nostram
1450 1293 1828 1364 solutamque
1869 1294 2110 1349 vivendi
2150 1309 2243 1350 ra-

585 1386 810 1440 tionem
824 1383 1200 1448 dimiserunt,
1227 1382 1555 1439 solitariam
1587 1381 2098 1454 austerioremque
2119 1398 2244 1438 am-

587 1474 768 1546 plexi,
789 1472 1088 1543 numquid
1118 1472 1248 1542 ejus
1279 1471 1557 1527 societate
1582 1472 1783 1526 ornari
1813 1471 1991 1527 etiam
2015 1472 2126 1542 ipsi
2146 1472 2243 1527 de-

589 1563 955 1627 siderabant,
995 1562 1176 1632 idque
1225 1560 1456 1632 optima
1496 1576 1568 1615 ex
1626 1560 1861 1615 causa?
1901 1561 2043 1624 Quis
2084 1561 2244 1616 enim

588 1652 787 1720 magis
843 1650 941 1705 illo
1003 1649 1294 1704 saeculum
1335 1654 1391 1704 et
1443 1648 1742 1720 quidquid
1789 1649 1850 1704 in
1896 1649 2117 1705 saecula
2155 1655 2247 1705 est

2352 498 2450 567 πρὸ
2478 497 2616 567 ὧρας
2643 495 2797 548 καλὸν
2837 502 3054 568 γένοιτο,
3089 503 3175 550 καὶ
3240 500 3514 571 στερηθείη
3545 499 3711 569 λόγων
3749 501 3777 549 ό
3817 497 3959 570 βίος.

2351 583 2440 644 οὓς
2478 584 2633 656 ἥμελε
2662 588 2866 650 συνθεὶς
2897 585 2966 648 εἰς
3031 592 3190 640 νέωτα
3242 588 3487 661 στηριξαι
3536 608 3588 640 τε
3641 588 3816 647 καλῶς

2352 671 2665 731 Ἐκκλησίαν
2729 683 2962 748 Χριστοῦ
3034 682 3123 729 καὶ
3184 685 3592 748 κατακοσμῆσαι
3649 680 3962 749 θαυμασιω-

2351 781 2501 816 τατα.
2533 767 2731 836 Μικρὸν
2757 767 2855 839 γὰρ
2884 769 3016 838 πρὸς
3046 763 3175 818 τάδε
3199 765 3423 818 πλοῦτον
3477 787 3531 818 τε
3591 770 3961 838 μνημονεύειν,

2349 857 2439 903 καὶ
2490 859 2820 924 περιφανείας
2869 854 3026 926 λέγειν
3089 854 3383 928 ἀφαίρεσιν,
3431 858 3513 908 ὅτι
3548 861 3641 908 καὶ
3701 854 3961 928 ἀποστερ-

2349 961 2454 1010 γως
2482 945 2612 1015 πρὸς
2649 945 2715 993 τὰ
2774 939 2904 1014 τῇδε
2965 942 3024 994 ἐκ
3053 940 3241 1004 παιδὸς
3268 945 3414 1005 εὐθὺς
3443 941 3576 1016 εἶχε,
3607 950 3702 996 καὶ
3762 945 3965 1006 ἁπαξά-

2349 1049 2520 1082 παντα
2548 1039 2638 1082 τοῦ
2678 1028 2899 1102 μηδενὸς
2938 1032 3107 1094 ἠξίου.
3135 1035 3204 1085 Οἱ
3254 1053 3308 1085 τε
3346 1030 3414 1091 δή
3470 1034 3637 1094 ἄλλως
3697 1041 3803 1091 τὴν
3857 1035 3966 1086 Ἐκ-

2351 1117 2572 1175 κλησίαν
2631 1120 2958 1193 στηρίξαντες
3007 1125 3136 1193 πρὸς
3191 1121 3400 1181 ἑαυτοὺς
3453 1122 3512 1172 διν
3551 1125 3843 1193 μεθίστων,
3876 1131 3962 1172 καὶ

2351 1209 2415 1258 τὰ
2471 1207 2645 1259 εἰκότα
2701 1207 3096 1280 ἑπεσεμνύνοντο
3159 1213 3294 1261 πάνυ
3341 1229 3401 1280 γε
3462 1214 3529 1272 ὼς
3564 1211 3796 1262 πλεῖστα
3847 1220 3962 1283 περὶ

2353 1295 2617 1357 εὐσεϐείας
2643 1303 2731 1349 καὶ
2787 1298 3221 1372 συγγραψάμενον
3271 1305 3360 1351 καὶ
3413 1295 3734 1362 διδάξαντα.
3794 1306 3860 1352 Τί
3905 1298 3966 1351 δε

2352 1390 2442 1437 καὶ
2472 1388 2634 1437 οἰτόν
2664 1388 2822 1459 ὑγρὸν
2847 1393 2936 1438 καὶ
2991 1387 3256 1459 λελυμένον
3311 1392 3397 1440 τὸν
3443 1391 3696 1462 ἡμέτερον
3755 1395 3968 1440 τουτωί

2357 1473 2469 1546 βίον
2528 1474 2954 1547 ἀποστερξαντες,
3033 1482 3120 1528 τὸν
3182 1474 3234 1529 δ’
3277 1477 3523 1550 ἕρημικόν
3581 1479 3820 1550 ἑλόμενοι
3877 1488 3968 1529 και

2355 1567 2715 1636 τραχύτερον;
2756 1566 2851 1617 οὐκ
2900 1565 2960 1617 ἂν
2992 1562 3060 1624 δὴ
3128 1566 3614 1638 ἐγκαλλωπισθῆναι
3670 1573 3766 1619 καὶ
3822 1569 3971 1619 οὗτοι

2359 1655 2706 1723 συνταχθέντι
2740 1659 2916 1726 σφίσιν
2974 1656 3324 1722 ὴσπάσαντο;
3361 1661 3460 1708 Καὶ
3515 1655 3660 1718 μάλα
3713 1656 3780 1707 ἂν
3835 1657 3970 1708 εἰκο-

592 1745 907 1797 aversatus
933 1744 1037 1808 est,
1067 1744 1124 1794 et
1147 1738 1319 1809 plura
1349 1754 1418 1794 ac
1443 1739 1678 1807 majora
1715 1738 2005 1810 despexit,
2053 1738 2244 1794 nihili-

2363 1761 2450 1800 τως
2474 1759 2485 1771 ·
2518 1747 2598 1802 τίς
2627 1748 2714 1794 καὶ
2742 1745 2844 1816 γὰρ
2883 1741 3039 1796 τοῦδε
3067 1743 3256 1816 μᾶλλον
3303 1748 3390 1796 τὸν
3444 1744 3562 1817 βίον
3618 1751 3716 1797 καὶ
3775 1748 3847 1796 τὰ
3881 1754 3972 1796 τοῦ

588 1845 708 1902 que
746 1829 995 1884 omnino
1033 1827 1370 1896 aestimaVit,
1419 1825 1714 1898 quidquid
1750 1826 2017 1899 plerique
2057 1827 2248 1883 homi-

589 1935 740 1974 num
776 1918 1025 1974 maximi
1073 1917 1316 1985 faciunt,
1371 1920 1550 1988 atque
1598 1916 1658 1971 in
1711 1915 1841 1973 sola
1877 1933 2052 1973 cruce
2086 1917 2245 1983 vixit,

587 2008 790 2066 nudus
819 2008 1066 2066 omnino
1093 2006 1361 2064 Chistum
1383 2010 1639 2065 secutus.

663 2301 751 2353 60.
777 2296 1059 2351 Existimo
1095 2298 1296 2351 autem
1326 2294 1490 2367 quod
1524 2295 1700 2352 etiam
1734 2295 1802 2359 is,
1855 2296 1960 2368 qui
2005 2296 2248 2352 tonitrui

585 2384 747 2439 filius
772 2384 1236 2452 cognominatus
1257 2388 1368 2450 est,
1418 2387 1662 2454 propter
1718 2399 1890 2439 suam
1945 2385 2246 2454 grandilo-

589 2472 901 2545 quentiam
939 2477 997 2527 et
1033 2472 1360 2526 verendam
1401 2472 1650 2526 omnino
1690 2472 2071 2542 theologiam,
2123 2489 2248 2529 non

591 2561 787 2616 solum
808 2560 1100 2630 judicavit
1127 2561 1325 2631 ipsum
1359 2575 1564 2615 secum
1606 2560 1903 2632 sociisque
1941 2561 2065 2616 suis
2106 2577 2249 2634 apo-

574 2649 762 2704 stolis
795 2648 1072 2704 collocari
1094 2648 1350 2703 debere:
1385 2648 1490 2703 sed
1517 2648 1577 2702 id
1603 2649 1783 2704 etiam
1803 2649 2003 2721 reipsa
2044 2650 2250 2706 effece-

590 2739 683 2805 rit,
712 2739 974 2793 rationes
1017 2737 1094 2792 ad
1130 2737 1189 2792 id
1234 2752 1527 2809 perquam
1572 2737 1770 2807 justas
1815 2738 2143 2804 adducens,
2195 2744 2251 2795 et

592 2826 1042 2898 propemodum
1078 2825 1374 2898 aequalem
1396 2825 1509 2881 sibi
1529 2829 1822 2882 Joannem
1862 2833 2248 2886 contestatus.

593 2915 874 2987 Nunquid
895 2915 1056 2970 enim
1087 2914 1596 2970 studiosissimum
1619 2915 1781 2971 hunc
1833 2916 2029 2972 virum
2078 2918 2251 2988 juxta

595 3020 803 3060 secum
822 3020 954 3060 esse
977 3003 1324 3073 theologum
1346 3004 1824 3061 demonstravit?
1844 3006 2119 3079 nunquid
2135 3006 2249 3061 vir-

596 3095 794 3166 ginem
810 3095 838 3148 ?
858 3094 1134 3165 nunquid
1160 3095 1583 3167 mysteriorum
1607 3111 1643 3150 a
1664 3098 1883 3151 saeculo
1906 3095 2248 3152 abditorum
2281 3121 2320 3176 ρ

593 3199 958 3256 praeconem,
992 3187 1048 3238 et
1069 3199 1279 3239 eorum
1307 3199 1443 3256 quae
1509 3185 1829 3255 postremis
1876 3185 2249 3258 temporibus

593 3273 752 3328 circa
772 3289 885 3328 nos
917 3276 1171 3341 agentur
1200 3272 1526 3327 ferventem
1552 3273 2005 3344 praedicatorem
2024 3276 2052 3330 ‘I
2077 3273 2250 3340 Quod

595 3362 645 3416 si
670 3377 792 3416 non
822 3362 1094 3416 recubuit
1120 3376 1303 3432 supra
1333 3366 1538 3432 pectus
1566 3363 1818 3428 Domini,
1850 3363 2148 3434 acquievit
2166 3369 2250 3420 ta-

595 3466 734 3506 men
765 3451 965 3505 verbis
998 3451 1251 3517 Domini,
1285 3456 1464 3522 atque
1489 3451 1704 3506 exinde
1757 3453 1937 3507 etiam
1967 3453 2095 3524 ipse
2126 3458 2252 3509 tan-

598 3555 785 3612 quam
815 3555 847 3593 e
878 3538 1039 3593 fonte
1070 3538 1423 3594 inexhausto
1453 3539 1762 3609 copiosam
1794 3541 1993 3596 hausit
2019 3542 2250 3614 sapien-

599 3629 764 3683 tiam.
803 3627 859 3682 Si
889 3626 1214 3699 purissima
1241 3626 1342 3681 Dei
1372 3630 1549 3682 Mater
1579 3627 1630 3682 ei
1659 3629 2083 3686 commendata
2129 3645 2252 3686 non

567 3775 569 3778 ,
601 3720 690 3773 est
710 3716 862 3785 (haec
875 3715 1033 3770 enim
1051 3720 1113 3769 ut
1139 3713 1267 3769 aliis
1288 3714 1661 3786 temporibus
1681 3722 2013 3786 agerentur,
2028 3733 2255 3787 magna

602 3809 782 3875 atque
804 3801 1174 3859 inscrutabili
1197 3801 1299 3856 Dei
1321 3801 1698 3874 providentia
1719 3804 2105 3860 constitutum
2125 3805 2253 3872 fuit,

601 3909 711 3950 nec
741 3893 870 3963 ejus
917 3891 1158 3947 fuerunt
1215 3891 1437 3956 saeculi,
1496 3892 1669 3962 cujus
1719 3899 1920 3948 noster
1971 3900 2253 3962 sanctus),

604 3981 1094 4038 commendatam
1129 3986 1328 4035 tamen
1357 3980 1468 4036 sibi
1494 3980 1709 4036 habuit
1733 3982 1862 4052 ejus
1890 3999 2160 4049 causam,
2201 3987 2259 4039 et

601 4071 926 4142 ipsammet
953 4069 1013 4123 in
1042 4069 1164 4123 suis
1195 4084 1523 4124 numerans
1555 4070 1868 4127 exornavit
1899 4090 1912 4138 ;
1941 4087 2136 4144 neque
2168 4089 2261 4127 so-

603 4160 730 4214 lum
751 4161 878 4231 ipse
909 4157 1097 4214 multa
1123 4175 1256 4214 eam
1289 4163 1374 4214 est
1399 4161 1730 4216 reverentia
1759 4167 2130 4231 prosecutus,
2155 4162 2261 4219 sed

606 4245 785 4300 etiam
815 4247 977 4300 hunc
1011 4245 1293 4300 affectum
1321 4247 1575 4316 ingessit
1603 4247 1904 4303 omnibus.
1942 4249 1998 4305 Si
2029 4249 2080 4305 ei
2136 4265 2261 4306 non

608 4334 854 4401 contigit
879 4333 991 4388 sub
1022 4349 1196 4389 cruce
1222 4335 1563 4396 consistere,
1623 4353 1864 4392 crucem
1914 4344 2113 4394 tamen
2161 4340 2262 4396 ad-

609 4421 830 4476 amavit
863 4426 918 4475 et
958 4420 1163 4492 quoad
1211 4421 1354 4476 vixit
1390 4438 1514 4492 pra:
1554 4423 1742 4478 oculis
1783 4425 2010 4491 habuit,
2059 4429 2261 4483 Jesum

609 4510 818 4564 mortis
847 4510 1205 4564 damnatum
1250 4511 1507 4580 intuens,
1541 4516 1597 4567 et
1622 4513 1854 4569 nudum
1904 4515 1963 4570 in
2020 4532 2093 4572 ea
2120 4533 2262 4588 pen-

609 4597 851 4653 dentem
869 4597 1235 4653 Salvatorem
1251 4614 1388 4654 cum
1413 4602 1703 4656 memoria
1719 4603 2016 4673 passionis
2032 4605 2180 4677 ejus,
2205 4611 2262 4662 et

610 4686 952 4743 communis
984 4685 1332 4742 salvationis
1364 4703 1468 4759 per
1497 4703 1636 4743 eum
1667 4694 1936 4762 patratas,
1973 4693 2132 4749 unde
2158 4711 2258 4751 ex-

609 4775 905 4833 citabatur
943 4775 1020 4830 ad
1055 4790 1274 4846 corpus
1297 4777 1492 4846 magis
1521 4776 1922 4846 subigendum
1949 4781 2260 4853 subjicien-

608 4865 877 4935 dumque
900 4862 1150 4935 spiritui.
1187 4864 1496 4932 Caaterum,
1523 4865 1606 4920 uti
1633 4866 1742 4921 soli
1789 4869 1906 4924 Deo
1956 4872 2262 4944 Deumque

607 4952 1133 5011 circumstantibus
1169 4958 1380 5009 notum
1411 4958 1518 5022 est,
1543 4971 1621 5010 an
1647 4956 1754 5012 iste
1776 4973 1914 5014 cum
1938 4960 2114 5015 sociis
2141 4961 2260 5016 sive

607 5043 759 5100 alius
808 5058 880 5098 ex
937 5042 1140 5097 divino
1191 5043 1394 5110 choro,
1450 5060 1589 5100 eum
1639 5045 1753 5101 sibi
1799 5047 2099 5105 vindicare
2164 5066 2262 5105 cu-

606 5132 796 5206 piens,
830 5132 1292 5204 praerogativam
1323 5132 1519 5188 tulerit
1547 5149 1584 5188 a
1613 5135 1793 5190 totius
1824 5151 2022 5192 causas
2061 5138 2263 5194 diribi-

604 5226 731 5276 tore
761 5223 898 5280 Deo,
927 5220 1008 5276 ita
1028 5236 1099 5275 ex
1137 5221 1209 5276 iis
1258 5237 1394 5293 quae
1450 5221 1714 5277 diximus
1763 5240 2016 5296 quaeque
2072 5227 2260 5283 multo

604 5306 778 5378 plura
805 5307 1290 5378 praetermisimus
1331 5308 1712 5364 manifestum
1770 5315 1951 5383 atque
2010 5314 2258 5368 certissi-

603 5411 772 5453 mum
801 5399 906 5460 est,
937 5395 1096 5466 quod
1129 5412 1164 5451 a
1197 5399 1314 5453 Deo
1345 5397 1671 5453 collocatus
1725 5398 1800 5455 sit
1823 5399 1976 5456 inter
1999 5416 2102 5457 eos
2155 5403 2257 5475 qui

603 5482 860 5554 proximi
883 5482 996 5538 sibi
1022 5484 1331 5541 assistunt.

673 5575 759 5626 6i.
803 5573 966 5627 Nunc
988 5587 1098 5642 age
1127 5573 1345 5629 chorus
1367 5572 1561 5650 omnis
1571 5573 1894 5668 justorum,
1927 5592 2166 5640 oremus
2197 5583 2254 5638 et

2359 1829 2482 1902 βίον
2513 1829 2892 1906 ἀπέστραπται,
2933 1837 3023 1884 καὶ
3079 1833 3235 1885 πλείω
3272 1837 3363 1884 καὶ
3411 1835 3576 1905 μείζω
3622 1841 3972 1908 περιεώραε,

2357 1924 2447 1973 καὶ
2500 1919 2672 1982 ἁπλῶς
2737 1929 2828 1972 τοῦ
2884 1917 3110 1994 μηδενὸς
3167 1919 3492 1996 διακέκρικεν
3550 1922 3682 1986 ἀξια
3738 1926 3816 1975 τὰ
3871 1931 3976 1983 rei;

2357 2011 2564 2073 πολλοῖς
2632 2017 2899 2083 τιμώμενα
2953 2018 3044 2062 τοῦ
3107 2014 3316 2077 παντὸς,
3373 2015 3462 2063 καὶ
3517 2016 3662 2084 μόνῳ
3713 2013 3977 2073 σννέζηκε

2357 2110 2430 2172 τῷ
2464 2109 2694 2176 σταυρῷ,
2755 2103 2950 2174 γυμνὸς
3030 2100 3268 2154 ἁπάντων
3345 2100 3834 2166 κατηκολουθηκὼς
3906 2111 3975 2172 τῷ

2357 2198 2572 2265 Χριστῷ
2606 2207 2621 2258 ;

2429 2280 2494 2342 ξ’.
2524 2279 2689 2352 Οἶμαι
2718 2277 2770 2333 δ’
2809 2283 2878 2344 ὡς
2905 2287 2996 2335 καὶ
3044 2283 3194 2344 αὐτὸς
3222 2285 3248 2335 ὁ
3307 2281 3528 2355 βροντῆς
3573 2286 3695 2345 υἱὸς
3752 2301 3978 2355 μετενε-

2357 2371 2568 2441 μασθεὶς
2612 2367 2705 2422 διὰ
2733 2375 2828 2428 την
2857 2371 3155 2446 ἡψηγορίαν
3202 2375 3405 2434 πάντως
3456 2377 3546 2424 καὶ
3599 2377 3700 2430 την
3747 2379 3977 2446 φρικτῆν

2358 2458 2619 2529 θεολογίαν
2646 2459 2750 2531 οὐχ
2788 2462 2920 2520 ὅπως
2951 2460 3012 2511 ἂν
3036 2460 3198 2532 ἐαυτῷ
3249 2467 3340 2513 καὶ
3372 2468 3476 2520 τοὶς
3528 2461 3648 2513 κατ’
3703 2461 3868 2513 αὐτόν
3921 2479 3974 2512 τε

2359 2553 2447 2599 καὶ
2478 2552 2572 2600 σὺν
2597 2549 2738 2618 αὐτῷ
2770 2549 3219 2620 συγκαταλεγῆναι
3269 2558 3471 2622 χρῆναι
3524 2557 3712 2602 τοῦτον
3767 2549 3972 2624 ἐπέκριο

2358 2657 2435 2689 νεν
2470 2659 2483 2670 ·
2511 2636 2639 2689 ἀλλὰ
2685 2642 2772 2690 καὶ
2826 2634 2860 2690 δ
2867 2637 2898 2689 ι’
2951 2641 3104 2712 ἔργον
3152 2637 3213 2690 ἃν
3269 2638 3587 2708 ἐπεποιήκει,
3637 2646 3733 2691 καὶ
3787 2640 3973 2710 λόγους

2360 2725 2599 2798 εὐλόγους
2651 2726 2972 2798 ἔπενηνόχεε,
3053 2732 3143 2780 καὶ
3190 2735 3382 2802 μικροῦ
3429 2728 3837 2803 ἐπεμαρτύρατο
3881 2735 3971 2787 τήν

2363 2815 2598 2872 ἰσότητα.
2625 2815 2692 2867 Ἦ
2735 2819 2836 2889 γὰρ
2888 2817 2948 2868 οῦ
3008 2814 3222 2878 δεόντως
3260 2817 3446 2892 ἀκριϐῆ
3511 2822 3601 2869 καὶ
3657 2826 3853 2871 τοῦτον
3906 2823 3974 2878 ὡς

2359 2905 2540 2957 ἑαυτὸν
2575 2904 2809 2976 θεολόγον
2861 2910 3234 2978 rapiant”;
3290 2926 3348 2958 ου
3400 2908 3704 2979 παρθένους
3759 2907 3824 2959 οὗ
3874 2917 3970 2959 τῶν

2358 2998 2458 3067 πρὸ
2536 2995 2733 3046 αἰώνων
2812 3001 3117 3068 μυστηρίων
3195 2995 3499 3071 ἐκφάντορα,
3583 3001 3680 3050 καὶ
3733 3007 3844 3049 τῶν
3915 2996 3972 3049 ἐπ

2359 3082 2601 3155 ἐσχάτων
2625 3089 2716 3136 καὶ
2762 3080 2835 3136 δι’
2884 3088 3018 3156 ἡμᾶς
3062 3082 3378 3160 διαπρύσιον
3425 3090 3496 3148 ὡς
3544 3085 3764 3149 ἀληθῶς
3814 3093 3972 3161 κήρυ-

2359 3190 2464 3238 κα;
2492 3173 2552 3225 Εἰ
2585 3170 2643 3226 δε
2670 3177 2858 3245 καὶμὴ
2911 3173 2994 3226 ἐπὶ
3040 3179 3097 3227 τό
3144 3183 3236 3227 τοῦ
3282 3181 3475 3250 κυρίου
3529 3177 3736 3237 στῆθος
3790 3175 3974 3229 ἀναπι-

2364 3267 2466 3313 σὼν
2495 3265 2700 3333 ἔτυχεν,
2725 3261 2854 3314 ἀλλὰ
2882 3270 2990 3324 τοῖς
3019 3270 3110 3315 τοῦ
3149 3269 3340 3336 Κυρίου
3401 3265 3577 3335 λόγοις
3604 3263 3969 3326 ἀνεπαύσατο,

2361 3350 2594 3404 κάκεῖθεν
2630 3347 2698 3409 δὴ
2727 3357 2817 3404 καὶ
2845 3352 2996 3412 οὗτος
3048 3355 3118 3412 ὡς
3165 3351 3218 3414 ἐξ
3275 3350 3529 3405 ἅκενώτου
3582 3363 3768 3425 πηγῆς
3818 3352 3972 3424 δαψι-

2361 3441 2460 3502 λῶς
2484 3442 2618 3510 ἄγαν
2667 3444 2758 3498 τὴν
2793 3459 2976 3512 σοφιαν
3033 3442 3269 3514 ἠρύσατο
3300 3456 3314 3471 ⁸
3349 3441 3391 3494 εἰ
3444 3447 3516 3514 μή
3563 3447 3660 3500 τήν
3708 3446 3970 3515 πάναγνεν

2363 3529 2692 3602 ἐνεχειρίσθη
2723 3534 2812 3582 καὶ
2851 3535 3159 3603 Θεομήτορα
3193 3529 3292 3602 (ἄπ’
3342 3530 3514 3593 ἄλλοις
3554 3534 3658 3605 γὰρ
3717 3529 3971 3586 atomo»-

2364 3621 2595 3691 μηθῆναι
2645 3627 2810 3671 ταῦτα
2859 3626 2964 3679 τοῖς
3009 3624 3224 3692 χρόνοις
3264 3623 3390 3694 πρὸς
3451 3629 3546 3682 τῆς
3593 3622 3838 3694 μεγάλης
3889 3631 3970 3674 καὶ

2363 3707 2730 3766 ἀκαταλήπτου
2796 3713 3043 3782 Προνοίας
3097 3707 3397 3783 ἀφώριστο,
3444 3730 3536 3762 και
3593 3710 3652 3763 οὐ
3715 3732 3813 3764 του
3844 3719 3972 3764 κατὰ

2363 3800 2449 3848 τὸν
2476 3801 2635 3868 μέγαν
2667 3804 2846 3848 τοῦτον
2879 3788 3012 3855 ἦσαν
3050 3798 3279 3871 καιροῦ),
3329 3797 3438 3851 ἀλλ’
3493 3795 3580 3852 οὖν
3633 3819 3732 3852 και
3791 3800 3970 3853 ἀνελέ-

2366 3884 2482 3938 ϐετο
2511 3889 2574 3937 τὰ
2603 3887 2728 3958 ὑπὲρ
2770 3885 2899 3944 αῦτῆ
2914 3907 2954 3954 ς,
3002 3906 3090 3938 και
3141 3888 3314 3962 ὥσπερ
3363 3891 3555 3945 ταύτην
3621 3885 3972 3948 ἰδιοποιησοὶο

2367 3994 2513 4048 μενος
2539 3978 2902 4047 κατεκόσμησε
2926 3992 2938 4003 ·
2971 3994 3061 4027 και
3087 3975 3192 4047 οὐχ
3221 3977 3302 4028 ὄτι
3329 3996 3388 4048 γε
3433 3976 3624 4035 πολλὴν
3689 3978 3780 4030 ἐπί
3809 3984 3968 4050 ταύτῃ

2367 4068 2460 4122 τὴν
2511 4061 2646 4116 αἰὸὼ
2698 4067 3052 4138 συνεταίρησεν,
3101 4063 3230 4117 ἀλλὰ
3280 4085 3370 4117 και
3424 4073 3586 4118 πᾶσιν
3630 4066 3809 4128 ἄλλοις
3883 4068 3974 4120 ἐνε-

2369 4151 2490 4206 ϐαλε
2523 4174 2534 4185 ·
2563 4150 2658 4203 κᾶν
2715 4150 2758 4204 εἰ
2807 4156 2880 4225 μὴ
2914 4156 3181 4226 παρέτυχε
3236 4161 3307 4224 τῷ
3352 4163 3584 4229 σταυρῷ,
3635 4153 3746 4207 ἀλλ’
3799 4158 3977 4216 ἠσπα-

2371 4261 2498 4293 σατο
2529 4243 2615 4292 τὸν
2648 4243 2893 4314 σταυρὸν,
2922 4246 3012 4293 καὶ
3042 4244 3165 4316 παρ’
3197 4243 3308 4295 ὅλον
3364 4246 3451 4294 τὸν
3482 4243 3641 4296 αὑτοῦ
3667 4242 3791 4315 βίον
3820 4251 3975 4316 μόνον

2371 4329 2428 4382 οῦ
2468 4334 2761 4404 παρίστατο
2817 4325 2866 4381 δ’
2911 4329 3270 4393 ἁναπολήσέως
3320 4353 3333 4363 ·
3385 4336 3476 4383 καὶ
3520 4331 3974 4406 κατεψηφισμένον

2371 4419 2505 4492 ἐώρα
2533 4423 2620 4470 τὸν
2651 4419 2852 4477 Ἰησοῦν
2881 4424 2970 4471 καὶ
2997 4424 3193 4493 γυμνὸν
3250 4419 3328 4472 ἐπὶ
3376 4423 3562 4474 τούτου
3606 4425 3695 4473 τὸν
3763 4430 3978 4497 Σωτῆρα

2368 4511 2703 4580 κρεμάμενον,
2759 4513 2848 4559 καὶ
2895 4511 2952 4560 τὸ
3001 4510 3161 4569 πάθος
3214 4513 3456 4574 συνενόει,
3512 4515 3602 4562 καὶ
3652 4514 3752 4570 τὴν
3796 4518 3976 4571 κοινήν

2372 4603 2629 4671 σωτηρίαν
2695 4597 3035 4668 ἀνελογίζετο,
3095 4599 3206 4651 ὅθεν
3260 4595 3326 4656 δὴ
3359 4603 3450 4650 καὶ
3509 4602 3591 4652 ἐπὶ
3636 4599 3834 4672 μᾶλλον
3890 4607 3976 4659 τὴν

2371 4689 2542 4760 σάρκα
2572 4705 2625 4739 τε
2667 4693 2938 4739 ταπεινοῦν
2985 4691 3074 4738 καὶ
3125 4690 3184 4739 τὸ
3248 4694 3451 4760 πνεῦμα
3503 4687 3802 4742 συστέλλειν
3859 4693 3978 4763 ἐπέρ

2368 4795 2502 4850 ρετο.
2538 4775 2674 4834 Πλὴν
2702 4775 2808 4827 ἀλλ’
2842 4777 2931 4828 εἷθ’
2961 4775 3110 4838 οὗτος
3139 4780 3229 4827 καὶ
3257 4779 3305 4828 οἱ
3334 4781 3428 4828 σῦν
3481 4780 3665 4850 τούτῳ,
3715 4781 3819 4831 εἴτε
3879 4789 3974 4853 μὲν

2370 4865 2536 4930 ἄλλος,
2573 4863 2664 4916 εἶθ’
2693 4865 2862 4940 ἕτερος
2915 4866 3052 4916 θείου
3087 4872 3268 4917 τοῦτον
3322 4868 3722 4945 προαγορεῦσας
3780 4877 3974 4943 χοροῦ,

2369 4956 2513 5028 παρὰ
2539 4950 2786 5027 διαιτητῇ
2819 4961 2931 5024 Θεῷ
2966 4959 3059 5011 τὴν
3102 4962 3327 5006 νικῶσαν
3393 4955 3663 5026 ἠνέγκατο,
3721 4961 3874 5027 μόνῳ
3925 4957 3975 5009 ἆυ

2372 5051 2485 5115 Θεῷ
2519 5047 2606 5095 καὶ
2643 5051 2749 5105 τοίς
2789 5048 2906 5118 περὶ
2937 5046 3057 5096 Θεὸν
3090 5047 3166 5102 εἴη
3188 5047 3420 5114 γνωστόν
3454 5065 3464 5076 -
3509 5045 3587 5096 ὅτι
3620 5040 3677 5095 δὲ
3709 5051 3805 5098 καὶ
3837 5051 3978 5120 παρὰ

2294 4467 2334 4520 D

2371 5143 2485 5206 Θεῷ
2515 5139 2603 5185 καὶ
2639 5132 2687 5185 ἐν
2717 5141 2826 5195 τοῖς
2853 5134 3085 5208 μάλιστα
3111 5143 3208 5188 τῶν
3266 5139 3384 5208 περὶ
3414 5137 3542 5187 Θεὸν
3593 5137 3873 5201 τέτακται,
3936 5136 3979 5196 ἐξ

2369 5224 2435 5274 ὧν
2463 5243 2514 5276 τε
2550 5223 2834 5298 εἰρήκειμεν
2884 5227 2973 5274 καὶ
3026 5221 3078 5286 ἐξ
3125 5224 3191 5274 ὧν
3246 5224 3380 5278 πάνυ
3413 5219 3470 5275 δὲ
3523 5221 3723 5276 πολλῶν
3770 5227 3975 5298 παρελέ-

2368 5332 2546 5386 πομεν,
2582 5308 2798 5376 εὔδηλόν
2827 5331 2880 5375 τε
2909 5315 2999 5363 καὶ
3025 5317 3446 5386 γνωριμώτατον.

2435 5580 2535 5644 ἔστ’.
2565 5584 2747 5634 Τοίνυν
2777 5575 2928 5640 δεῦτε
2971 5576 3063 5650 δὴ,
3125 5583 3289 5666 χορὸς
3340 5578 3586 5650 εὐσεϐῶν,
3638 5577 3968 5640 δυσωπήσω-
