4032 6308
86 319 220 372 885

1335 317 1405 372 IN
1444 319 1500 374 S.
1538 317 1734 376 JOAN.
1774 318 2268 376 DAMASCENUM.

3373 325 3479 382 886

84 461 202 512 μεν
239 449 334 495 καὶ
386 447 578 518 θερμῶς
629 445 782 498 αὐτόν
839 447 1174 516 ἱκετεύσωμεν
1229 446 1528 516 μεμνῆσθαι
1575 448 1722 516 ἡμῶν

1837 445 2129 500 ferventer
2158 447 2565 518 supplicemus
2596 447 2697 516 illi,
2723 452 2788 503 ut
2811 447 2950 504 velit
2970 450 3246 503 nostrum
3273 449 3481 504 memi-

86 537 243 604 πρὸς
302 538 423 585 Θεὸν
486 539 575 585 καί
621 536 1086 607 ὑπερεντυγχάνειν
1141 537 1307 604 τοὺτῳ
1358 530 1602 595 διηνεκῶς
1634 542 1724 586 τοῦ

84 630 290 672 κοινοῦ
347 642 399 674 τε
449 622 558 694 ἆμα
615 629 702 675 καί
761 633 851 686 τῆς
901 623 1211 683 Ἐκκλησὶας
1279 623 1642 697 πληρώματοςο
1697 626 1724 675 ὃ

87 714 202 760 καὶ
254 719 345 761 νῦν
384 711 489 782 οὐχ
543 713 693 769 ἧττον
733 712 763 770 ἢ
809 715 992 763 τούτου
1045 715 1311 784 περιόντος
1359 714 1384 763 ὁ
1431 709 1726 786 ἂρχέκακος

91 794 384 870 διενοχλεί
433 807 673 866 σατανᾶς,
713 806 800 852 καὶ
866 797 976 872 ἰδία
1063 803 1400 874 ὑπερηνορεῖν
1453 811 1544 853 του
1601 806 1726 855 καθ-

91 889 355 939 ἑκαστα·
389 891 453 948 ὡς
509 893 826 963 καταρτίσαι
881 893 969 960 μὲν
1025 891 1229 950 πάντως
1307 900 1448 948 κοινῆ
1505 890 1574 952 εἰς
1631 896 1725 948 τὴν

91 978 254 1026 κατὰ
283 980 413 1028 Θεὸν
466 979 704 1049 ὁμόνοιάν
757 997 810 1030 τε
866 983 955 1029 καὶ
1009 981 1319 1050 σύμπνοιαν,
1377 981 1635 1052 ῥυθμίσαι
1667 977 1726 1032 δέ

91 1069 203 1116 καὶ
239 1067 327 1117 ἕνα
350 1068 466 1118 καθ’
497 1067 675 1118 ἑαυτὸν
706 1068 924 1118 ἕκαστον
953 1063 1204 1118 διαλῦσαί
1261 1086 1314 1118 τε
1357 1073 1450 1124 τὴν
1493 1068 1722 1138 ἐπέχου-

97 1172 215 1204 σαν
266 1158 327 1206 τὸ
380 1161 479 1206 πᾶν
528 1153 649 1207 τόδε
699 1161 1066 1227 σκοτόμαιναν,
1106 1160 1194 1207 καὶ
1235 1151 1582 1208 διεσκεδάσθη
1629 1161 1722 1214 τὴν

93 1240 430 1313 καταιγίδα,
491 1249 581 1296 καὶ
628 1248 687 1296 τὸ
741 1241 908 1297 δεινὸν
947 1250 1330 1318 καταστορέσαι
1369 1253 1462 1306 τῆς
1514 1246 1722 1303 Ἐκκλη-

97 1336 236 1393 σίας
289 1329 597 1401 κλυδώνιον,
645 1337 736 1386 καὶ
795 1331 910 1405 ἰδίᾳ
958 1330 1008 1385 δ’
1041 1331 1103 1384 αὗ
1157 1340 1244 1384 καὶ
1290 1336 1404 1385 καθ’
1462 1336 1547 1386 ἕνα
1597 1338 1722 1408 πρὸς

94 1417 290 1472 εὗδιον
321 1427 411 1473 καὶ
461 1427 719 1497 σωτήριον
769 1419 1002 1474 διιθύναι
1058 1422 1256 1492 λιμένα,
1300 1426 1363 1474 τά
1409 1432 1507 1474 τῶν
1556 1422 1720 1494 ἐμπα-

98 1512 213 1561 θὼν
274 1509 540 1582 λογισμῶν
587 1512 981 1563 κατευνάσαντα
1050 1513 1276 1582 κύματα,
1324 1513 1418 1570 τὰς
1472 1509 1723 1583 βιωτικὰς

100 1596 258 1657 δῆτα
320 1604 594 1671 μερίμνας,
654 1603 747 1662 τὰς
795 1598 978 1673 ἀγρίας
1052 1608 1149 1660 τῆς
1200 1597 1388 1671 ψυχῆς
1445 1599 1717 1665 λαίλαπας,

99 1688 196 1759 ὑφ’
251 1688 321 1738 ὧν
373 1689 396 1738 ὁ
445 1687 757 1759 κυϐερνήτης
804 1697 921 1750 νοῦς
968 1693 1348 1763 περιτρέπεται,
1395 1693 1484 1740 καὶ
1532 1690 1720 1740 οἰάκων

1836 537 1996 590 nisse
2019 536 2182 607 apud
2213 538 2417 598 Deum,
2478 553 2736 609 eumque
2773 543 3060 609 perpetuo
3104 537 3478 608 interpellare

1834 641 1944 696 pro
1972 627 2249 680 universa
2277 625 2654 682 multitudine
2684 627 2977 696 Ecclesia},
3012 643 3195 698 quam
3224 643 3346 682 non
3369 628 3478 683 mi-

1835 729 1949 770 nus
1979 715 2113 783 hoc,
2151 730 2332 785 quam
2375 732 2496 786 quo
2522 717 2651 787 ipse
2681 713 2917 770 vivebat
2953 719 3240 785 tempore,
3274 723 3481 772 auctor

1835 805 2133 858 malorum
2155 812 2397 859 satanas
2414 805 2666 869 infestat,
2687 808 2743 859 et
2768 804 3015 872 singulis
3031 805 3196 874 quod
3219 805 3480 860 maxime

1833 895 2439 966 convenitimpetrare
2454 893 2912 965 patrocinando;
2935 898 3220 949 utomnes
3232 894 3478 965 quidem

1834 983 2232 1038 communiter
2252 983 2628 1038 stabiliamus
2650 983 2710 1036 in
2741 997 2880 1038 vera
2917 982 3249 1037 secundum
3293 984 3480 1038 Deum

1833 1073 2175 1126 animorum
2207 1071 2550 1138 concordia,
2579 1070 2791 1139 singuli
2820 1086 2960 1125 vero
2999 1070 3298 1140 sigillatim
3335 1070 3480 1126 libe-

1832 1174 2033 1212 remur
2062 1159 2139 1214 ab
2172 1175 2261 1222 ea,
2296 1175 2428 1229 quae
2457 1158 2800 1212 universum
2825 1173 2987 1212 nunc
3031 1163 3308 1230 occupat,
3341 1158 3478 1213 cali-

1832 1246 1988 1314 gine;
2035 1254 2096 1301 ut
2136 1247 2458 1318 dissipetur
2519 1251 2838 1318 tempestas
2860 1251 2915 1301 et
2959 1247 3154 1315 gravis
3205 1245 3475 1301 Ecclesia:

1825 1337 2070 1407 jactatio
2094 1338 2500 1408 conquiescat,
2535 1341 2714 1408 atque
2741 1337 2813 1392 ita
2841 1352 3052 1391 omnes
3082 1341 3138 1391 et
3159 1335 3376 1406 singuli
3395 1336 3475 1391 ad

1830 1426 2101 1498 quietum
2133 1427 2338 1482 salutis
2378 1432 2618 1498 portum
2657 1427 3009 1496 dirigamur,
3053 1425 3476 1497 componendo

1831 1516 2048 1570 ﬂuctus
2079 1516 2564 1588 perturbatarum
2589 1515 3019 1586 cogitationum
3041 1519 3096 1569 et
3139 1514 3338 1569 saeculi
3378 1530 3476 1569 cu-

1828 1619 1948 1672 ras,
1981 1604 2201 1677 quibus
2228 1607 2520 1675 tanquam
2549 1604 2721 1658 saevis
2735 1602 2952 1658 animae
2983 1602 3280 1674 procellis,
3301 1617 3474 1657 mens

1830 1693 2216 1761 gubernatrix
2243 1693 2684 1762 circumagitur,
2717 1696 2774 1747 et
2801 1691 2984 1746 invita
3010 1706 3252 1763 quoque
3283 1691 3476 1746 dimo-

99 1779 254 1828 ᾶκων
301 1779 532 1848 μεθίεται
570 1787 662 1838 τῆς
709 1776 1053 1838 ἐπιστατικῆς
1122 1785 1220 1829 τῶν
1267 1777 1516 1849 ψυχικῶν
1561 1775 1720 1830 δυνά-

1836 1789 1998 1837 vetur
2027 1798 2063 1838 a
2089 1781 2496 1851 gubernaculo
2513 1779 2886 1853 praesidentis
2912 1780 3068 1835 circa
3087 1795 3184 1834 res
3206 1779 3478 1851 spiritua-

101 1886 273 1937 μεως,
332 1872 423 1918 καὶ
474 1873 675 1936 ναυτιᾷ,
725 1872 815 1918 καὶ
864 1866 1082 1938 ὶλιγγιᾷ,
1134 1871 1219 1918 καὶ
1250 1866 1495 1930 καθάπαξ
1541 1867 1722 1930 εξαπο-

101 1963 212 2027 ρεί,
273 1959 364 2007 καὶ
407 1963 523 2015 ταῖς
565 1955 650 2006 ὑπ’
705 1956 859 2006 αὐτόν
931 1951 1188 2028 δυνάμεσι
1239 1954 1724 2026 συγκαταϐαπτίζε·

103 2063 228 2112 ται,
260 2048 352 2095 καὶ
381 2042 533 2116 βυθῷ
581 2043 832 2106 ἀπωλείας
875 2041 1304 2114 συγκαταδύεται
1335 2065 1347 2076 ·
1372 2043 1430 2104 ἃς
1459 2044 1722 2115 σύμπλους

103 2136 206 2203 μὲν
240 2131 402 2202 ἔλαχε
453 2137 542 2184 καὶ
597 2136 724 2206 πρὸς
780 2135 1054 2206 ἐμπορείαν
1109 2134 1406 2205 συνερίθους
1454 2133 1722 2203 γαληνιον,

107 2226 527 2291 συν-ναυαγήσας
587 2217 647 2272 δέ
696 2240 806 2282 πως
869 2226 957 2274 καὶ
1034 2225 1493 2294 συμπεριτραπεις,
1565 2221 1721 2274 ἀπόλ-

102 2309 170 2361 λυ
182 2314 239 2361 σί
258 2329 313 2361 τε
342 2313 433 2362 καὶ
463 2309 865 2365 συναπόλλυται.

182 2594 289 2667 ξβ.
337 2595 494 2647 Ἀλλὰ
545 2592 768 2667 δεόμεθά
822 2615 916 2648 σου

105 2687 311 2737 ἱκέσιον
357 2705 370 2718 ’

923 2641 938 2665 ,
992 2597 1188 2668 μάκαρ,
1241 2602 1331 2648 καὶ
1383 2600 1586 2669 πρόσου
1636 2600 1725 2648 τόν

426 2690 514 2736 καὶ
557 2692 643 2736 νῦν
683 2689 770 2756 μεν
830 2685 1044 2737 αὐτόθεν
1097 2687 1162 2736 τὰ
1213 2685 1330 2737 καθ’
1376 2686 1509 2755 ἡμᾶς
1564 2687 1723 2749 ἱθυνε,

103 2777 376 2834 καὶπρὸς
425 2778 686 2846 σωτηρίαν
737 2769 1047 2844 καθοδήγει,
1101 2777 1190 2824 καὶ
1233 2781 1328 2831 τῆν
1384 2775 1523 2834 θείας
1571 2771 1728 2846 Ἐδεμ

105 2868 543 2926 κατασκήνωσιν,
587 2861 656 2924 εἰς
698 2857 757 2914 δὲ
809 2863 958 2922 αυθις
1015 2866 1106 2913 καὶ
1154 2864 1284 2933 μετὰ
1338 2865 1432 2918 τήν
1481 2861 1728 2915 ἀνάλυσιν

109 2951 387 3024 πρόστηθι
415 2951 632 3021 θερμῶς,
665 2953 734 3011 ὡς
761 2951 822 3002 οἷν
868 2969 928 3020 γε
964 2958 1058 3012 τῆς
1102 2950 1314 3002 αἰωνίου
1367 2955 1435 3020 μὴ
1492 2949 1727 3022 ἀστοχή-

112 3059 308 3110 σαιμεν
363 3037 714 3104 ἀπολαύσεως,
768 3044 857 3092 καὶ
911 3047 1000 3099 τῆς
1055 3037 1322 3112 ἀκηράτου
1399 3047 1600 3111 τρυφῆς
1657 3045 1726 3111 μὴ

1829 1871 1915 1926 les
1947 1871 2239 1942 potentiae,
2272 1878 2566 1942 tanquam
2617 1885 2847 1926 nausea
2872 1868 3280 1940 vertigineque
3302 1873 3360 1924 et
3379 1868 3479 1924 de-

1829 1959 2017 2031 liquio
2045 1959 2355 2027 laborans,
2389 1958 2566 2014 simul
2582 1974 2722 2013 cum
2739 1957 3027 2028 subjectis
3069 1956 3181 2011 sibi
3201 1957 3478 2028 potentiis

1833 2048 2280 2118 submergenda
2309 2047 2675 2119 etprofundo
2705 2045 3049 2117 perditionis
3094 2045 3476 2112 involvenda;

1831 2138 1922 2203 iis,
1953 2139 2224 2210 inquam,
2251 2135 2549 2210 potentiis,
2583 2151 2737 2208 quas
2770 2134 2963 2191 socias
2991 2133 3392 2203 navigationis
3423 2139 3481 2191 et

1833 2227 2168 2299 tranquillae
2209 2225 2626 2295 negotiationis
2666 2223 2988 2297 participes
3027 2222 3257 2278 futuras
3303 2238 3477 2278 mens

1832 2316 2080 2387 accepit,
2112 2314 2493 2386 naufragium
2522 2317 2721 2369 autem
2769 2311 3324 2384 quomodocunque
3377 2327 3478 2383 pa-

1833 2406 1984 2462 tiens
2027 2412 2208 2477 atque
2246 2403 2558 2469 subversa,
2609 2401 2822 2475 perdit,
2875 2406 2930 2458 et
2974 2416 3098 2457 una
3143 2416 3283 2457 cum
3330 2400 3478 2474 ipsis

1834 2495 2118 2567 perditur.

1907 2607 1994 2658 92.
2025 2606 2146 2672 Ego
2173 2618 2338 2671 vero,
2369 2619 2406 2658 ο
2453 2603 2648 2671 beate,
2675 2618 2782 2658 oro
2813 2607 2887 2668 te,
2925 2601 3260 2674 supplicem
3308 2605 3480 2658 tuum

1837 2694 2076 2763 suscipe
2123 2697 2228 2746 :et
2255 2707 2417 2747 nunc
2455 2690 2701 2763 quidem
2734 2691 2853 2746 mei
2902 2705 3110 2746 curam
3162 2705 3482 2746 assumens

1836 2799 1930 2837 res
1960 2797 2129 2838 meas
2162 2781 2239 2836 ad
2271 2780 2522 2835 salutem
2561 2779 2939 2852 cmlestisque
2965 2779 3227 2850 paradisi
3252 2779 3482 2835 habita-

1837 2871 2060 2926 tionem
2089 2871 2410 2942 perducas,
2436 2876 2759 2941 postquam
2780 2884 2923 2924 vero
2954 2867 3129 2924 fuerit
3154 2870 3358 2924 anima
3386 2885 3480 2924 so-

1836 2960 1961 3016 luta
2005 2975 2257 3031 corpore
2300 2959 2576 3014 ardenter
2623 2959 2800 3024 insta,
2841 2973 2918 3014 ne
2944 2963 3170 3013 interna
3205 2957 3476 3029 privatus

1837 3051 2061 3121 requie,
2095 3049 2370 3105 excidam
2406 3048 2642 3103 sincera
2681 3047 3001 3119 voluptate.
3030 3051 3276 3115 Ignosce
3299 3047 3480 3102 etiam

112 3127 445 3199 ἐκπέσωμεν.
504 3127 673 3200 Κὰμοὶ
722 3127 923 3201 λιπαρῷ
964 3129 1246 3198 σύγγνωθι,
1275 3132 1362 3179 καὶ
1405 3137 1502 3188 τῆς
1548 3127 1725 3199 ἄγχει-

1841 3139 2053 3194 infehci
2085 3139 2250 3206 mihi,
2280 3143 2333 3193 et
2373 3137 2510 3192 huic
2547 3136 2790 3191 conatui
2833 3135 3124 3208 propitius
3173 3140 3324 3190 esto.
3356 3137 3484 3190 Non
3543 3206 3549 3210 _

113 3221 327 3288 ρήσεως
358 3216 498 3268 ἵλαθι
530 3237 541 3248 ·
577 3214 700 3269 οὐδὲ
727 3221 827 3291 ’γὰρ
862 3216 916 3279 ἐξ
955 3214 1236 3276 αὐθαδείας
1273 3216 1303 3274 ἣ
1347 3220 1479 3290 πρός
1524 3213 1726 3270 ἐπίδει-

114 3305 218 3368 ξιν,
244 3303 356 3356 ἀλλ’
387 3304 441 3356 ἐκ
479 3305 692 3366 πολλῆς,
742 3306 812 3366 ὡς
856 3302 1031 3371 οἶσθα,
1094 3313 1184 3365 τῆς
1236 3305 1434 3366 εὐνοίας
1478 3311 1565 3358 καὶ
1610 3306 1728 3358 εἰλι-

112 3400 333 3467 κρινοῦς
355 3401 448 3445 τοῦ
489 3393 723 3466 φίλτρου,
770 3395 830 3452 ἦν
861 3390 1109 3446 παιδόθεν
1149 3396 1309 3464 ἔσχον
1356 3398 1486 3468 πρὸς
1527 3398 1584 3447 σε
1639 3400 1725 3448 καὶ

112 3486 184 3534 τὰ
235 3485 307 3534 σὰ
346 3484 738 3555 συγγράμματα
787 3487 876 3533 καὶ
932 3487 1226 3553 πονήματα,
1286 3490 1395 3544 τοῖς
1457 3489 1574 3557 περὶ
1632 3491 1727 3536 σοῦ

113 3591 170 3624 τε
234 3571 409 3641 λόγοις
455 3570 792 3641 ἐπεϐαλόμην,
845 3571 934 3622 καί
1003 3579 1096 3622 τοῦ
1161 3576 1297 3622 κατά
1356 3568 1579 3644 δύναμιν
1622 3573 1728 3645 οὐχ

113 3662 413 3732 ὑστέρησα.
474 3666 578 3712 Ναὶ
626 3661 888 3730 σύγγνωθί
945 3679 1056 3730 μοι,
1111 3664 1201 3710 καὶ
1258 3655 1405 3722 δέξαι
1451 3658 1602 3714 τόνδε
1640 3666 1727 3714 τόν

113 3750 270 3821 λόγον
321 3749 708 3822 εὖφημητήριόν
755 3767 808 3800 τε
864 3749 974 3819 ἅμα
1022 3754 1111 3800 καὶ
1160 3751 1438 3820 ἱκετηριον,
1505 3756 1594 3802 καὶ
1642 3769 1727 3803 πε-

115 3843 266 3910 ρίεπε
461 3835 589 3910 τῇδε
627 3843 717 3890 καὶ
768 3841 834 3889 τὰ
886 3837 1061 3889 εἰκότα
1103 3841 1409 3908 κατάρτιζε,
1460 3838 1510 3890 ἐν
1559 3839 1727 3910 λόγοις

119 3928 170 3980 ἐν
222 3927 494 4000 πράξεσιν,
548 3927 596 3979 εν
656 3923 1029 3998 διανοήμασιν,
1098 3925 1145 3976 ἐν
1213 3924 1589 3998 βουλεύμασιν,
1644 3927 1727 3980 ἐπὶ

120 4020 261 4068 πᾶσί
312 4035 402 4087 μοι
443 4015 688 4077 καθάπαξ
739 4016 1113 4086 συνιστάμενος
1166 4033 1218 4066 τε
1281 4020 1371 4066 καὶ
1424 4020 1728 4087 συναιρόμε-

121 4122 206 4162 νος
264 4125 275 4134 ·
323 4106 454 4175 μετά
499 4100 559 4156 δὲ
608 4107 700 4160 τὴν
746 4098 947 4154 ἐνθένδε
1011 4107 1099 4153 καὶ
1150 4101 1203 4164 ἐξ
1247 4101 1526 4174 ἀνθρώπων
1575 4107 1726 4176 μετά-

126 4210 320 4243 στασιν
378 4190 702 4264 ἀντιληπτωρ
773 4192 959 4262 θερμός
1038 4189 1336 4261 ἐπιφάνηθι,
1400 4196 1491 4243 καὶ
1563 4189 1729 4254 δεξιός

123 4282 260 4352 πρὸς
314 4282 442 4331 Θεὸν
489 4281 809 4352 ὑπερήγορος
844 4299 854 4309 ·
913 4278 983 4339 ὠς
1061 4277 1120 4328 ἆν
1177 4281 1248 4348 μὴ
1296 4286 1385 4338 τῆς
1441 4283 1728 4352 κρείττονος

122 4371 370 4438 γενοίμην
435 4367 626 4428 λήξεως
675 4369 950 4434 ἓκπτωτος,
1035 4361 1444 4428 ακταδικασθεὶς
1498 4366 1552 4418 ἐκ
1629 4377 1729 4419 τῶν

1839 3230 1998 3283 enim
2019 3244 2088 3283 ex
2113 3227 2454 3298 arrogantia
2475 3226 2552 3280 ad
2581 3224 3062 3294 ostentationem,
3119 3223 3221 3278 sed
3270 3221 3482 3291 multa,

1841 3322 1904 3372 ιιι
1929 3317 2102 3383 nosti,
2164 3315 2478 3371 devotione
2535 3315 2886 3386 sinceraque
2937 3327 3162 3383 amore,
3209 3325 3393 3384 quem
3447 3326 3486 3367 ιι

1839 3405 2090 3476 pueritia
2106 3405 2292 3461 habui
2321 3419 2464 3474 erga
2493 3409 2548 3460 te
2569 3409 2625 3459 et
2663 3407 2796 3458 tuas
2828 3401 3291 3473 compositiones
3319 3399 3486 3456 lucu-

1837 3495 2284 3566 brationesque,
2314 3493 2392 3548 ad
2403 3493 2558 3549 hanc
2578 3491 2653 3548 de
2666 3507 2727 3547 re
2747 3492 3080 3548 orationem
3101 3488 3484 3546 scribendam

1838 3600 1932 3638 me
1961 3584 2202 3653 ingessi,
2235 3581 2380 3638 nihil
2417 3582 2583 3654 quod
2635 3582 2802 3654 potui
2848 3579 3324 3651 praetermittens.
3383 3578 3488 3633 Eia

1837 3688 1979 3743 ergo
2021 3672 2302 3727 condona
2345 3671 2508 3741 mihi,
2543 3675 2599 3725 et
2648 3670 2809 3725 hunc
2855 3668 3262 3725 laudatorium
3307 3665 3486 3722 simul

1837 3760 2436 3832 deprecatoriumque
2487 3773 2828 3814 sermonem
2886 3756 3161 3828 suscipe;
3195 3760 3374 3827 atque
3423 3755 3485 3809 in

1837 3848 1951 3903 hac
1976 3847 2224 3920 quidem
2254 3848 2375 3902 vita
2405 3863 2498 3902 me
2526 3846 2785 3901 reforma
2831 3845 2892 3900 in
2936 3843 3220 3899 omnibus
3263 3841 3479 3912 verbis,

1835 3937 2139 4009 Operibus,
2189 3934 2650 4007 cogitationibus
2701 3939 2883 4006 atque
2936 3931 3199 3988 consiliis
3245 3930 3486 4000 adjutor

1836 4031 2014 4097 atque
2035 4025 2376 4096 opitulator,
2405 4029 2727 4094 postquam
2749 4025 2952 4078 autem
2983 4036 3015 4076 e
3040 4019 3186 4075 vivis
3234 4017 3485 4076 transla-

1840 4121 1931 4171 tus
1976 4115 2112 4169 hinc
2163 4113 2353 4179 fnero,
2403 4111 2648 4167 ostende
2682 4117 2734 4167 te
2792 4110 2938 4166 mihi
2989 4113 3398 4182 susceptorem
3427 4113 3486 4164 et

1837 4208 2246 4276 opportunum
2269 4202 2633 4258 advocatum
2677 4199 2837 4272 apud
2899 4203 3106 4264 Deum,
3139 4205 3206 4254 ut
3251 4197 3484 4254 meliori

1839 4299 1994 4348 sorte
2023 4307 2147 4346 non
2179 4291 2454 4347 excidam
2484 4305 2556 4346 ex
2587 4289 2869 4360 operibus
2929 4289 3074 4344 meis
3136 4288 3480 4354 damnatus,

1840 4383 1942 4437 sezl
1982 4398 2122 4437 cum
2144 4381 2214 4436 iis
2243 4381 2515 4447 collocer,
2569 4381 2674 4452 qui
2713 4379 3026 4435 incarnato
3063 4377 3254 4434 Verbo
3276 4393 3313 4434 a
3342 4377 3484 4434 dex-

122 4456 384 4527 πράξεων,
461 4455 586 4516 ἀλλά
657 4456 1006 4524 συνταχθείην
1077 4461 1186 4514 τοῖς
1259 4463 1330 4525 τῷ
1419 4457 1726 4530 θεανθρώπῳ

1839 4471 1978 4527 teris
2000 4471 2245 4526 stabunt
2270 4470 2620 4540 felicemque
2643 4469 2803 4524 illam
2833 4484 3040 4524 vocem
3065 4468 3334 4540 audiam,
3349 4484 3484 4540 qua:

127 4549 288 4614 Λόγῳ
317 4548 800 4618 παραστησομένοις
852 4542 906 4594 ἐκ
946 4539 1148 4609 δεξιῶν,
1201 4548 1290 4595 καὶ
1342 4552 1432 4604 τῆς
1471 4550 1730 4617 μακαρίας

127 4633 328 4694 ἐκείνης
387 4643 551 4705 φωνῆς
614 4631 923 4703 ἀκούσαιμι,
989 4631 1341 4693 καταξιούσης
1415 4641 1503 4694 τῆς
1587 4636 1730 4707 παρὰ

127 4729 225 4774 τοῦ
274 4722 509 4794 ἀνάρχου
561 4724 760 4796 Πατρός
824 4721 1144 4792 κυρωθείσης
1209 4721 1398 4773 ἄνωθεν
1468 4721 1728 4793 εὐλογίας,

126 4815 218 4862 καὶ
263 4807 653 4882 μεταδιδούσης
709 4817 800 4870 τῆς
850 4806 1073 4866 ἀλήκτου
1149 4813 1551 4882 μακαριότητος,
1622 4814 1728 4881 χά-

127 4919 240 4974 ριτι
286 4903 378 4951 καὶ
431 4899 791 4972 φιλανθρωπίᾳ
827 4897 986 4948 αὐτοῦ
1030 4916 1084 4949 τε
1126 4905 1215 4949 τοῦ
1284 4895 1562 4968 ἀγεννήτου
1623 4906 1728 4952 [Ια-

129 4991 278 5060 τρός,
326 4996 416 5040 τοῦ
471 4984 748 5040 συναῑδίου
801 4988 944 5046 Υἱοῦ,
1017 4989 1107 5036 καὶ
1164 4993 1252 5037 τοῦ
1322 4992 1577 5056 παναγίου
1642 4993 1732 5039 καὶ

131 5079 334 5148 ἀγαθοῦ
361 5081 448 5128 καὶ
490 5077 746 5137 ζωοποιοῡ
791 5076 1108 5146 Πνεύματος,
1163 5082 1252 5135 τῆς
1291 5081 1416 5147 μιᾶς
1471 5074 1731 5143 ἐξουσίας,

132 5174 230 5226 τῆς
272 5172 394 5237 μιῄ
426 5164 720 5237 βασιλείας,
773 5170 863 5223 τῆς
915 5168 1038 5233 μιᾶς
1093 5167 1183 5214 καὶ
1239 5166 1439 5234 φύσεως
1469 5169 1558 5215 καὶ
1619 5166 1733 5216 θεό-

133 5275 304 5318 τητος,
435 5260 618 5328 πρέπει
673 5260 820 5306 πᾶσα
856 5247 1006 5319 δόξα,
1051 5257 1174 5323 τιμὴ
1207 5258 1298 5304 καὶ
1352 5256 1732 5326 προσκύνησις,
1769 5257 1776 5265 ’

132 5353 222 5396 νῦν
252 5349 343 5397 καὶ
373 5343 472 5412 ἀεὶ,
504 5350 593 5395 καὶ
622 5343 693 5404 εἰς
738 5361 857 5402 τους
913 5341 1098 5400 αἰῶνας
1149 5350 1247 5392 τῶν
1298 5341 1512 5396 αἰώνων.
1546 5343 1731 5414 Ἀμήν.

1839 4560 2090 4629 dignum
2112 4559 2251 4615 facit
2288 4559 2596 4614 hominem
2642 4557 3053 4613 benedictione
3080 4559 3210 4628 jam
3238 4557 3378 4614 olim
3406 4557 3484 4614 ab

1839 4655 2060 4706 teterno
2092 4652 2254 4704 Patre
2275 4647 2534 4715 decreta,
2567 4662 2826 4719 eumque
2859 4647 2938 4704 ad
2980 4663 3304 4719 perennem
3335 4647 3485 4704 bea-

1841 4738 2149 4793 titudinem
2193 4736 2484 4799 transfert,
2541 4736 2730 4805 gratia
2781 4735 3142 4792 etbeneﬁcio
3186 4736 3370 4807 ipsius
3400 4735 3486 4790 in-

1840 4826 2022 4895 geniti
2065 4825 2248 4880 Patris
2303 4831 2360 4880 et
2402 4825 2680 4880 coaeterni
2731 4824 2856 4880 Filii
2920 4824 3404 4894 sanctissimique
3428 4826 3487 4878 et

1839 4915 2238 4987 optimiatque
2252 4914 2466 4969 viviﬁci
2497 4914 2768 4984 Spiritus,
2789 4914 2962 4969 unius
2983 4913 3276 4976 essentiaa,
3308 4911 3486 4966 unius

1841 5005 2140 5075 potentiae,
2175 5003 2349 5057 unius
2379 5003 2762 5067 auctoritatis,
2797 5002 2974 5057 unius
3003 5006 3234 5056 naturas
3264 5015 3335 5056 ac
3369 4999 3489 5054 dei-

1841 5094 1998 5156 tatis,
2033 5108 2218 5163 quam
2248 5090 2416 5146 decet
2439 5091 2636 5146 omnis
2675 5089 2883 5160 gloria,
2931 5089 3144 5155 honor,
3177 5093 3233 5144 et
3280 5086 3489 5143 adora-

1842 5182 1942 5248 tio,
1995 5196 2152 5235 nunc
2211 5186 2266 5234 et
2325 5195 2562 5250 semper
2593 5183 2648 5233 et
2714 5179 2771 5232 in
2831 5177 3052 5232 saecula
3108 5176 3490 5234 saeculorum.

1842 5278 2054 5326 Amen.
