3988 6322
488 279 592 352 887

1719 275 2179 337 CONS’I‘ANTINI
2216 277 2691 337 ACROPOLITE.

995 559 1266 718 DE
1353 559 2166 712 SANCTA
2243 560 3414 721 THEODOSIA

1889 846 2319 912 MARTYBE
2363 848 2492 914 ΟΡ.

1476 1042 2353 1129 COMMENTARIUS
2429 1045 2945 1130 PRAEVIUS

719 1247 1024 1320 Auctore
1075 1244 1454 1314 Godefrido
1503 1244 1990 1314 Heuschensio
2041 1244 2109 1313 in
2159 1244 2352 1313 Actis
2403 1247 2520 1315 SS.
2574 1247 2888 1317 Bolland.
2943 1251 3102 1319 Maii
3152 1255 3198 1317 t.
3252 1251 3370 1334 VI,
3423 1250 3536 1321 die
3584 1252 3700 1322 29.

578 1543 780 1608 Causa
813 1548 869 1601 et
893 1543 1067 1601 series
1095 1544 1380 1615 martyrii
1395 1558 1471 1600 ea:
1489 1557 1623 1598 mss.
1650 1539 2017 1612 Synaxariis
2051 1554 2062 1592 :
2092 1539 2419 1683 enczmium
2440 1553 2478 1598 a
2503 1542 2898 1601 Constantino
2923 1545 3244 1616 Logotheta
3275 1546 3564 1616 scriptum
3593 1564 3607 1615 ;
3640 1545 3829 1617 hujus

1929 1633 2073 1683 mtas
2111 1631 2166 1682 et
2244 1628 2486 1683 iam'tas.

1929 1633 2073 1686 (etas
2111 1631 2166 1682 et
2199 1628 2486 1699 dignitas.

577 1758 628 1814 1.
658 1756 967 1814 Decimum
1018 1757 1226 1814 Leonis
1277 1756 1517 1815 Isaurici
1567 1771 1795 1813 annum
1830 1753 2156 1812 funestavit
2193 1755 2241 1809 Α
2340 1759 2390 1811 3.
2421 1757 2552 1810 Hinc
2573 1755 2688 1825 ille,
2706 1774 2842 1831 qua:
2862 1773 3016 1831 pene
3051 1758 3265 1815 iisdem
3283 1758 3480 1816 verbis
3509 1759 3713 1831 legere
3751 1764 3843 1817 est
3871 1762 3927 1816 in

507 1862 819 1905 sacrarum
846 1846 1180 1918 imaginum
1233 1846 1496 1918 abolitio,
1543 1862 1732 1920 quam
1764 1845 2000 1920 pridem
2056 1844 2155 1901 ille

507 1938 713 1994 animo
728 1936 1030 1994 decretam
1048 1938 1367 2009 meditans,
1398 1937 1631 1994 effectui
1654 1937 1899 1994 tandem
1932 1936 2155 1994 manci-

505 2029 691 2102 pavit,
721 2031 928 2084 amoto
959 2028 1344 2085 sanctissimo
1375 2030 1670 2086 Germano
1709 2026 2054 2100 patriarcha
2100 2029 2159 2083 et

503 2119 566 2176 in
619 2119 751 2190 ejus
795 2118 994 2174 locum
1043 2118 1367 2175 substituto
1407 2120 1595 2192 impio
1634 2117 1968 2175 Anastasio.
2026 2119 2157 2174 Mox

503 2208 664 2265 enim
695 2211 875 2280 atque
920 2207 1149 2264 idolum
1197 2208 1356 2264 istud
1413 2224 1592 2265 suum
1639 2224 1823 2282 supra
1871 2208 2155 2264 thronum

504 2297 787 2354 Ecclesiae
837 2297 1166 2364 collocavit,
1224 2298 1463 2354 illarum
1501 2298 2007 2354 removendarum
2044 2296 2155 2353 ini-

502 2387 654 2445 tium
670 2387 806 2443 fecit
833 2402 871 2442 a
895 2385 1194 2442 vestibulo
1213 2386 1440 2459 palatii,
1467 2387 1636 2460 quod
1657 2387 1736 2444 ab
1749 2401 1920 2444 cenea
1942 2385 2155 2442 Christi

505 2480 703 2532 statua
736 2475 961 2531 ibidem
974 2475 1262 2532 collocata
1294 2491 1517 2532 nomen
1531 2480 1860 2549 acceperat,
1885 2479 1952 2532 ut
1971 2476 2148 2535 Χαλκῆ

503 2565 820 2624 diceretur.
869 2562 1242 2620 Vestibulum
1291 2563 1475 2631 istud,
1537 2569 1680 2621 teste
1721 2564 1948 2622 Codino
1999 2563 2153 2621 libro

503 2657 589 2712 De
607 2653 940 2725 originibus
969 2651 1084 2709 CP.
1125 2668 1385 2724 magnus
1407 2653 1833 2711 Constantinus
1850 2652 2148 2725 fundarat,

500 2743 564 2801 in
583 2757 774 2816 eaque
805 2745 1065 2800 statuam
1109 2742 1460 2816 praedictam
1508 2747 1794 2810 erexerat,
1820 2763 1851 2798 ‹
1879 2760 2017 2818 quas
2069 2744 2151 2802 ibi

502 2833 658 2890 stetit
697 2847 891 2890 annos
925 2832 1401 2907 quadringentos
1441 2838 1497 2891 et
1539 2833 1924 2908 quindecim;
1979 2835 2152 2906 cujus

497 2922 714 2979 virtute
729 2922 960 2992 mulier,
975 2921 1286 2994 sanguinis
1301 2923 1598 2996 proﬂuvio
1609 2923 1916 2994 laborans,
1940 2928 2153 2981 sanata

497 3011 708 3076 fuerat,
765 3017 822 3068 et
892 3011 1081 3069 multa
1121 3011 1241 3069 alia
1282 3012 1440 3070 facta
1483 3017 1655 3070 erant
1706 3013 2000 3072 miracula
2053 3031 2067 3070 :
2120 3036 2148 3064 »

2267 1860 2536 1919 eaquam
2551 1848 2972 1922 Metaphrastes
2984 1849 3236 1922 scripsit,
3252 1850 3524 1920 ejusdem
3541 1853 3575 1907 S
3590 1893 3603 1905 .
3632 1851 3927 1924 Stephani

2265 1935 2525 1992 Junioris
2553 1937 2704 2004 Vita,
2729 1953 3034 2012 quamque
3063 1939 3324 1996 invenire
3348 1944 3436 1996 est
3456 1939 3625 2013 apud
3649 1941 3929 2012 Lipoma-

2265 2041 2413 2082 num
2433 2031 2490 2082 et
2512 2027 2774 2094 Surium,
2805 2044 2915 2084 nec
2952 2044 3075 2085 non
3128 2030 3282 2085 inter
3321 2031 3515 2102 Opera
3568 2028 3634 2086 S.
3675 2030 3926 2087 Joannis

2266 2117 2636 2180 Damasceni,
2696 2123 2942 2191 propter
3003 2119 3374 2175 vicinitatem
3437 2121 3791 2191 argumenti
3855 2121 3928 2176 ds

2265 2203 2428 2260 cultu
2480 2205 2834 2278 imaginum,
2881 2206 2961 2263 ab
3010 2207 3222 2264 eodem
3285 2209 3338 2265 S.
3386 2209 3614 2264 Joanne
3670 2208 3926 2280 egregiis

2264 2295 2634 2352 orationibus
2663 2299 3156 2368 propugnato.Ex
3185 2296 3358 2353 dictis
3389 2301 3590 2354 autem
3627 2297 3812 2354 facile
3843 2301 3925 2353 est

2265 2384 2556 2456 corrigere
2580 2385 3028 2459 Theophanem,
3057 2385 3132 2442 de
3159 2391 3383 2443 tentata
3406 2387 3736 2443 Dominicis
3779 2388 3925 2444 ima-

2263 2474 2416 2546 ginis
2447 2473 2857 2541 subversione,
2887 2474 3010 2530 imo
3035 2478 3094 2531 et
3133 2475 3412 2548 perfecta,
3463 2481 3752 2546 agentem
3803 2493 3923 2532 uno

2263 2578 2425 2620 anno
2454 2562 2626 2620 citius
2656 2579 2842 2636 quam
2886 2563 2962 2621 de
2994 2564 3049 2621 S.
3106 2565 3384 2621 Germani
3435 2563 3823 2638 depositione
3873 2571 3927 2622 et

2261 2653 2559 2710 Anastasii
2608 2652 2952 2710 intrusione.
3018 2654 3254 2710 interim
3292 2654 3343 2711 ei
3410 2654 3656 2711 credere
3706 2671 3923 2728 possu-

2261 2757 2400 2798 mus
2426 2741 2724 2798 dictarum
2762 2740 3082 2799 mulierum
3109 2743 3406 2816 supplicio
3425 2758 3550 2800 non
3577 2743 3664 2800 ita
3688 2759 3924 2817 repres-

2262 2849 2398 2889 sum
2425 2848 2556 2889 esse
2584 2832 2777 2888 zelum
2805 2833 3300 2901 orthodoxorum,
3330 2834 3478 2907 quin
3531 2834 3646 2891 viti
3695 2833 3920 2908 plures.

2260 2921 2537 2980 muliebri
2567 2920 2849 2978 stimulati
2872 2923 3172 2996 exemplo,
3207 2925 3404 2980 conati
3440 2924 3557 2980 sint
3577 2923 3660 2980 ab
3705 2925 3921 2981 eadem

2261 3011 2522 3082 imagine
2544 3026 2744 3068 arcere
2773 3011 3080 3083 injuriam,
3111 3011 3204 3069 vel
3227 3012 3443 3070 factam
3474 3012 3688 3070 ulcisci
3713 3030 3728 3080 ;
3761 3030 3922 3071 vere~

498 3101 774 3176 adeoque
811 3102 1009 3177 posita
1052 3102 1152 3159 illa
1196 3107 1354 3160 esset
1372 3119 1534 3160 anno
1574 3104 1696 3161 315.
1750 3103 1864 3162 Sed
1916 3103 2153 3178 decepit
2181 3097 2222 3157 Β
2261 3116 2378 3175 que
2405 3099 2721 3171 addiderit,
2743 3101 2910 3174 quod
2936 3122 2963 3151 «
2995 3101 3700 3176 Constantinopolitanae
3727 3119 3924 3177 popu-

502 3192 796 3252 Codinum
819 3193 1165 3267 supputatio
1209 3208 1338 3263 sua,
1389 3193 1481 3250 vel
1528 3193 1754 3252 librarii
1785 3195 1846 3251 in
1883 3193 2151 3251 numeris

500 3281 972 3340 transcribendis
998 3285 1294 3346 errarunt;
1329 3287 1562 3340 constat
1599 3283 1759 3340 enim
1802 3283 1966 3357 quod
2015 3287 2150 3341 ante

503 3387 734 3428 annum
763 3374 866 3427 328
897 3369 1320 3427 Constantinus
1347 3387 1472 3428 non
1495 3372 1847 3446 applicuerit
1877 3372 2150 3430 animum

505 3458 1023 3532 Constantinopoli
1050 3458 1439 3517 aediﬁcandae.

575 3555 630 3608 2.
669 3549 760 3605 Ad
780 3564 908 3605 rem
956 3551 1157 3621 ipsam
1197 3548 1365 3622 quod
1423 3550 1644 3618 attinet,
1696 3555 1905 3610 testem
1955 3554 2030 3610 dc
2083 3569 2155 3611 ea

505 3640 824 3706 habemus,
866 3639 972 3712 qui
1001 3643 1143 3696 tunc
1185 3637 1443 3707 vivebat,
1502 3640 1870 3715 Stephanum
1930 3645 2154 3714 Magnae

507 3725 769 3785 ecclesias
813 3725 1481 3800 Constantinopolitanaa
1523 3728 1868 3801 diaconum,
1919 3733 1980 3787 in
2029 3733 2155 3790 Vita

511 3819 568 3876 S.
589 3815 875 3890 Stephani
908 3814 1190 3883 Junioris,
1227 3816 1620 3873 memorabile
1664 3819 2019 3891 martyrium
2083 3836 2156 3878 ea

507 3907 825 3964 occasione
849 3904 1034 3978 passi,
1065 3903 1274 3962 danda
1293 3920 1329 3961 a
1357 3905 1533 3962 nobis
1562 3923 1732 3964 xxvm
1773 3909 2150 3977 Novembris,

508 3995 670 4054 unde
698 3995 827 4051 haec
851 3994 1056 4067 accipe
1088 4010 1100 4049 :
1138 4016 1167 4044 ι)
1191 3997 1254 4050 In
1280 3993 1374 4050 his
1405 4010 1512 4067 per
1557 4000 1915 4067 potestatem
1963 4015 2152 4068 agens

507 4086 805 4143 haereseos
835 4088 1149 4155 tyrannus,
1180 4083 1427 4140 tcutavit
1455 4085 1741 4142 continuo
1781 4087 2154 4145 Dominicam

511 4173 721 4231 Christi
753 4171 851 4228 Dei
881 4171 1067 4228 nostri
1125 4171 1472 4243 imaginem,
1531 4189 1715 4246 supra
1756 4174 1954 4246 regias
1999 4177 2157 4234 fores

510 4263 814 4338 positam,
868 4276 939 4318 eo
986 4261 1120 4317 loco
1167 4277 1303 4333 qum
1360 4261 1438 4317 ab
1487 4262 1618 4336 ipsa
1674 4262 1889 4321 dicitur
1946 4267 2159 4324 Sancta

513 4351 728 4410 Chalce
751 4349 1027 4406 demoliri
1071 4353 1129 4405 et
1182 4350 1306 4420 igni
1356 4349 1624 4408 tradere:
1669 4353 1836 4426 quod
1893 4359 1949 4410 et
1998 4355 2156 4414 fecit.

2259 3189 2373 3256 lus,
2405 3189 2487 3246 ob
2516 3205 2739 3246 novam
2783 3190 2961 3248 istam
3001 3191 3338 3248 doctrinam
3386 3191 3658 3248 maximo
3712 3192 3919 3250 dolore

2260 3279 2540 3355 percitus,
2594 3285 2719 3336 tum
2774 3280 2976 3353 ipsum
3034 3279 3294 3338 Leonem
3345 3281 3550 3338 statuit
3602 3281 3913 3352 invadere,

2261 3374 2387 3427 tum
2421 3368 2643 3425 multos
2671 3384 2744 3425 ex
2769 3369 3147 3442 imperatoris
3171 3369 3483 3437 famulitio,
3515 3370 3621 3443 qui
3642 3370 3734 3427 ab
3769 3386 3919 3428 aerea

2259 3463 2433 3534 porta
2463 3458 2698 3516 Domini
2735 3459 3063 3530 imaginem
3096 3458 3516 3525 deturbabant.
3549 3459 3689 3516 neci
3715 3459 3914 3516 dedit:

2261 3564 2385 3622 quo
2414 3547 2638 3604 factum
2669 3553 2759 3604 est
2789 3553 2853 3603 ut
2876 3549 2936 3606 in
2963 3546 3203 3615 multos,
3226 3549 3460 3620 pietatis
3505 3563 3671 3620 ergo,
3733 3564 3919 3605 mem-

2261 3638 2510 3695 brorum
2539 3637 2929 3704 mutilatione,
2971 3637 3344 3702 verberibus,
3385 3637 3630 3709 exsiliis,
3674 3638 3916 3697 damnis

2260 3726 2437 3784 illatis
2468 3727 2958 3783 animadversum
2982 3727 3175 3784 fuerit.
3205 3748 3233 3778 η

2331 3819 2384 3872 4.
2424 3815 2538 3873 Sed
2587 3821 3127 3890 quantumcunque
3173 3817 3443 3872 animose
3496 3817 3733 3886 egerint
3788 3818 3914 3885 viri,

2261 3905 2482 3976 egregii
2507 3910 2707 3962 tamen
2735 3911 2985 3962 conatus
3006 3907 3239 3962 initium
3269 3905 3507 3962 feminis
3562 3906 3792 3963 ascribi
3829 3907 3917 3963 de-

2262 3996 2363 4052 bet
2395 4013 2407 4052 :
2441 3995 2734 4067 imprimis
2765 4001 2966 4052 autem
2991 4011 3200 4053 earum
3225 3994 3362 4052 duci
3391 4000 3635 4063 sanctas,
3666 3995 3750 4052 de
3798 4012 3915 4069 qua

2263 4100 2440 4156 agere
2466 4085 2848 4153 instituimus,
2883 4084 3226 4141 Theodosia
3258 4102 3270 4140 :
3310 4085 3480 4157 cujus
3503 4099 3729 4140 nomen
3754 4092 3811 4140 et
3840 4086 3913 4140 vi-

2265 4179 2390 4232 tam
2419 4179 2794 4248 mortemque
2824 4180 2888 4232 ut
2924 4191 3045 4231 non
3075 4175 3511 4247 ignoraremus,
3547 4173 3742 4230 effecit
3789 4175 3916 4231 reli-

2268 4265 2438 4336 giosa
2467 4264 3262 4338 Constantinopolitanorum
3294 4263 3512 4320 civium
3552 4264 3765 4336 pietas,
3813 4264 3916 4336 qui

2269 4352 2492 4410 crudeli
2530 4352 2783 4408 lanienas
2807 4353 3181 4408 subtractum
3212 4368 3452 4424 corpus,
3484 4356 3612 4408 tum
3664 4352 3915 4424 quidem

515 4445 581 4498 in
609 4441 746 4513 ipsa
772 4442 970 4495 autem
993 4438 1377 4495 demolitione
1397 4438 1520 4496 zelo
1561 4441 1960 4500 corroborata
1995 4461 2156 4517 quaa-
2190 4456 2233 4513 c
2271 4443 2365 4516 pie
2397 4441 2810 4512 condiderunt,
2845 4446 3053 4513 postea
3097 4445 3318 4511 autem,
3367 4440 3598 4496 reddita
3644 4440 3916 4496 Ecclesia:

513 4531 658 4588 dam
679 4527 957 4585 mulieres
986 4528 1347 4584 venerandae
1370 4543 1657 4598 generose
1682 4531 2158 4592 insurrexerunt:

515 4616 1027 4694 apprehensisque
1054 4617 1229 4673 scalis
1257 4615 1671 4675 demolitorem
1716 4635 1901 4677 sacrae
1947 4622 2160 4695 imagi-

514 4712 610 4769 nis
641 4706 1013 4781 spatharium
1061 4705 1454 4763 devolverunt
1500 4706 1556 4762 in
1616 4710 1856 4778 terram,
1899 4726 2161 4785 eumque

514 4802 828 4874 carpentes
855 4797 1232 4854 tradiderunt
1265 4796 1438 4852 morti
1461 4813 1475 4863 ;
1498 4794 1664 4852 nulla
1711 4797 1928 4856 deinde
1970 4799 2157 4859 inter-

515 4891 710 4966 posita
740 4902 910 4944 mora
939 4889 1377 4958 procurrentes,
1419 4885 1766 4943 invaserunt
1795 4889 2161 4960 patriarcha-

513 4983 631 5039 lem
659 4979 932 5043 domum,
963 4973 1266 5048 lapidibus
1304 4975 1656 5047 impetentes
1695 4977 1951 5050 impium
1999 4990 2159 5038 Ana-

515 5071 786 5134 stasium,
799 5065 1336 5136 vociferantesque.
1352 5085 1380 5114 »
1395 5066 1438 5122 Ο
1453 5067 2123 5140 caputimpurissimum
2144 5071 2156 5126 l

514 5182 544 5211 κ
594 5176 631 5216 o
665 5156 905 5216 inimice
948 5154 1205 5211 veritatis
1243 5154 1255 5209 !
1305 5153 1522 5210 ldeone
1568 5156 1962 5228 praesulatum
2015 5159 2159 5214 arri-

513 5248 713 5322 puisti,
748 5246 1240 5302 utsacrosanctas
1273 5247 1496 5299 statuas
1533 5249 1818 5301 everteres
1850 5246 1876 5301 ?
1906 5267 1933 5296 »
1965 5246 2157 5312 Quam

513 5335 944 5393 contumeliam
972 5349 1095 5390 non
1132 5331 1327 5388 ferens
1363 5333 1652 5405 profanus
1700 5334 1820 5401 ille,
1850 5335 1988 5406 fuga
2028 5352 2156 5392 sese

511 5423 798 5482 subduxit
848 5439 879 5478 e
926 5425 1251 5494 conspectu
1320 5421 1736 5491 religiosarum
1784 5424 2150 5495 mulierum;

509 5519 690 5587 atque
719 5512 795 5568 ad
817 5516 1143 5584 tyrannum
1189 5526 1318 5566 sese
1357 5510 1667 5583 recipiens,
1715 5511 1907 5570 effecit
1951 5513 2150 5570 utilia:

501 5619 735 5664 ommes
762 5600 943 5659 morti
959 5595 1352 5657 traderentur“
1387 5620 1414 5649 η

2247 4547 2437 4605 .pace,
2454 4529 3151 4600 extuleruntreligiosius.
3183 4530 3525 4586 fortassisin
3545 4545 3614 4584 eo
3633 4529 3792 4601 ipso,
3815 4531 3916 4585 ubi

2271 4620 2741 4678 sanctimonialis
2769 4620 3012 4689 vixerat,
3046 4619 3343 4677 coenobio.
3380 4619 3670 4685 Quoniam
3714 4626 3916 4675 autem

2269 4711 2451 4779 diem,
2483 4725 2603 4783 quo
2635 4713 2895 4765 mactata
2925 4707 3240 4764 crudeliter
3267 4709 3478 4776 fuerat,
3495 4707 3834 4764 adduxerat
3864 4711 3916 4764 iu

2269 4799 2631 4857 oblivionem
2661 4813 2831 4852 saevae
2847 4797 3273 4869 persecutionis
3290 4796 3649 4853 diuturnitas
3671 4801 3731 4852 et
3774 4799 3915 4852 taci-

2269 4889 2519 4945 turnitas
2531 4887 2906 4959 scriptorum,
2926 4885 3150 4958 placuit
3167 4902 3474 4941 assumere
3487 4886 3646 4941 hunc
3664 4884 3827 4940 diem
3863 4892 3914 4941 19

2270 4977 2397 5034 Maii
2423 4976 2587 5050 quod
2639 4975 2948 5032 Orientalis
2987 4977 3183 5030 omnis
3227 4975 3482 5031 Ecclesia
3526 4973 3915 5030 celeberrimo

2269 5066 2430 5122 cultu
2472 5065 2852 5139 prosequitur
2883 5067 2936 5122 S.
2967 5064 3387 5132 Theodosiam,
3442 5067 3769 5134 martyrem
3799 5067 3916 5119 Car.-

2269 5171 2452 5212 sareas
2477 5155 2537 5210 in
2565 5153 2900 5222 Palaestina,
2919 5153 2992 5209 de
3008 5169 3130 5226 qua
3145 5170 3257 5209 nos
3275 5152 3506 5224 egimus
3522 5152 3617 5208 die
3632 5156 3663 5206 2
3678 5153 3912 5224 Aprilis.

2431 5247 2512 5300 ita
2541 5258 2762 5299 nomen
2791 5243 2920 5312 ejus
2946 5241 3295 5314 inscriptum
3339 5241 3630 5314 reperitur
3676 5243 3912 5297 Memeis

2267 5333 2522 5400 excusis,
2551 5347 2686 5406 quae
2729 5332 2850 5388 fere
2898 5331 3164 5404 sequitur
3219 5330 3509 5387 Maximus
3565 5329 3911 5401 Cytherteus

2265 5424 2312 5478 ἐν
2348 5424 2484 5499 βὶοις
2510 5425 2719 5497 Ἀνίων,
2751 5423 2852 5480 ubi
2885 5428 3019 5496 post
3073 5424 3415 5479 encomium
3463 5421 3764 5495 praedictas
3811 5439 3910 5480 an-

2261 5515 2443 5588 tiquas
2469 5513 2813 5571 Theodosia:
2845 5512 3085 5570 additur
3123 5511 3412 5568 memoria
3433 5515 3657 5567 sancta:
3713 5511 3910 5568 hosio—

2259 5605 2515 5677 maryris
2536 5601 2881 5660 Theodosia;
2916 5601 3611 5674 Cdnstantinopolitante,
3648 5609 3792 5658 cum
3825 5601 3902 5659 al-
