  <div class='ocr_page' id='page_1' title='image "/cluster/home/n/w/nwhite01/storage/ocr_20150623/140/pst.000005714568/488.png"; bbox 0 0 3988 6322; ppageno 0'>
   <div class='ocr_carea' id='block_1_1' title="bbox 116 354 260 414">
    <p class='ocr_par' dir='ltr' id='par_1_1' title="bbox 116 354 260 414">
     <span class='ocr_line' id='line_1_1' title="bbox 116 354 260 414; baseline 0.014 -2"><span class='ocrx_word' id='word_1_1' title='bbox 116 354 260 414; x_wconf 85' lang='lat'>889</span> 
     </span>
    </p>
   </div>
   <div class='ocr_carea' id='block_1_2' title="bbox 1491 307 2168 410">
    <p class='ocr_par' dir='ltr' id='par_1_2' title="bbox 1491 307 2168 410">
     <span class='ocr_line' id='line_1_2' title="bbox 1491 307 2168 410; baseline -0.001 -2"><span class='ocrx_word' id='word_1_2' title='bbox 1491 354 1559 409; x_wconf 85' lang='lat' dir='ltr'><strong>IN</strong></span> <span class='ocrx_word' id='word_1_3' title='bbox 1603 353 1658 409; x_wconf 90' lang='lat' dir='ltr'>s.</span> <span class='ocrx_word' id='word_1_4' title='bbox 1698 307 2168 410; x_wconf 68' lang='lat' dir='ltr'>ranonosuu.</span> 
     </span>
    </p>
   </div>
   <div class='ocr_carea' id='block_1_3' title="bbox 3406 362 3520 418">
    <p class='ocr_par' dir='ltr' id='par_1_3' title="bbox 3406 362 3520 418">
     <span class='ocr_line' id='line_1_3' title="bbox 3406 362 3520 418; baseline 0.009 -2"><span class='ocrx_word' id='word_1_5' title='bbox 3406 362 3520 418; x_wconf 55' lang='lat'><strong>890‘</strong></span> 
     </span>
    </p>
   </div>
   <div class='ocr_carea' id='block_1_4' title="bbox 105 475 3510 556">
    <p class='ocr_par' dir='ltr' id='par_1_4' title="bbox 105 475 3510 556">
     <span class='ocr_line' id='line_1_4' title="bbox 105 475 3510 556; baseline 0 -17"><span class='ocrx_word' id='word_1_6' title='bbox 105 483 384 542; x_wconf 81' lang='lat' dir='ltr'>lusione</span> <span class='ocrx_word' id='word_1_7' title='bbox 402 483 480 541; x_wconf 91' lang='lat' dir='ltr'>ad</span> <span class='ocrx_word' id='word_1_8' title='bbox 501 484 820 544; x_wconf 80' lang='lat' dir='ltr'>arietinum</span> <span class='ocrx_word' id='word_1_9' title='bbox 840 497 1058 549; x_wconf 90' lang='lat' dir='ltr'>cornu,</span> <span class='ocrx_word' id='word_1_10' title='bbox 1082 495 1204 556; x_wconf 90' lang='lat' dir='ltr'>quo</span> <span class='ocrx_word' id='word_1_11' title='bbox 1220 478 1419 536; x_wconf 85' lang='lat' dir='ltr'>cervix</span> <span class='ocrx_word' id='word_1_12' title='bbox 1442 477 1494 534; x_wconf 89' lang='lat' dir='ltr'>ei</span> <span class='ocrx_word' id='word_1_13' title='bbox 1520 476 1754 534; x_wconf 83' lang='lat' dir='ltr'>confra-</span> <span class='ocrx_word' id='word_1_14' title='bbox 1781 481 1827 536; x_wconf 86' lang='lat' dir='ltr'><strong>A</strong></span> <span class='ocrx_word' id='word_1_15' title='bbox 1864 478 2046 548; x_wconf 85' lang='lat' dir='ltr'>teque</span> <span class='ocrx_word' id='word_1_16' title='bbox 2074 479 2190 532; x_wconf 85' lang='lat' dir='ltr'>tres</span> <span class='ocrx_word' id='word_1_17' title='bbox 2220 475 2332 533; x_wconf 86' lang='lat' dir='ltr'>sibi</span> <span class='ocrx_word' id='word_1_18' title='bbox 2355 477 2648 548; x_wconf 80' lang='lat' dir='ltr'>imagines</span> <span class='ocrx_word' id='word_1_19' title='bbox 2676 480 3070 552; x_wconf 91' lang='lat' dir='ltr'>comparavit,</span> <span class='ocrx_word' id='word_1_20' title='bbox 3102 479 3336 556; x_wconf 84' lang='lat' dir='ltr'>[Christi</span> <span class='ocrx_word' id='word_1_21' title='bbox 3359 483 3510 540; x_wconf 89' lang='lat' dir='ltr'>scili-</span> 
     </span>
    </p>
   </div>
   <div class='ocr_carea' id='block_1_5' title="bbox 117 561 1288 648">
    <p class='ocr_par' dir='ltr' id='par_1_5' title="bbox 117 561 1288 648">
     <span class='ocr_line' id='line_1_5' title="bbox 117 561 1288 648; baseline -0.001 -21"><span class='ocrx_word' id='word_1_22' title='bbox 117 577 249 632; x_wconf 86' lang='lat' dir='ltr'>cta</span> <span class='ocrx_word' id='word_1_23' title='bbox 277 577 386 644; x_wconf 88' lang='lat' dir='ltr'>est,</span> <span class='ocrx_word' id='word_1_24' title='bbox 421 589 525 648; x_wconf 89' lang='lat' dir='ltr'>per</span> <span class='ocrx_word' id='word_1_25' title='bbox 562 573 912 646; x_wconf 88' lang='lat' dir='ltr'>hujusmodi</span> <span class='ocrx_word' id='word_1_26' title='bbox 951 561 1288 630; x_wconf 87' lang='lat' dir='ltr'>distichon:</span> 
     </span>
    </p>
   </div>
   <div class='ocr_carea' id='block_1_6' title="bbox 405 675 1398 758">
    <p class='ocr_par' dir='ltr' id='par_1_6' title="bbox 405 675 1398 758">
     <span class='ocr_line' id='line_1_6' title="bbox 405 675 1398 758; baseline -0.006 -22"><span class='ocrx_word' id='word_1_27' title='bbox 405 685 565 758; x_wconf 71' lang='grc' dir='ltr'>Κέρας</span> <span class='ocrx_word' id='word_1_28' title='bbox 591 689 741 757; x_wconf 80' lang='grc' dir='ltr'>κριοῦ</span> <span class='ocrx_word' id='word_1_29' title='bbox 775 683 977 736; x_wconf 72' lang='grc' dir='ltr'>κτεῖναν</span> <span class='ocrx_word' id='word_1_30' title='bbox 1003 699 1078 745; x_wconf 88' lang='grc' dir='ltr'>σε,</span> <span class='ocrx_word' id='word_1_31' title='bbox 1113 675 1398 747; x_wconf 80' lang='grc' dir='ltr'>Θεοδοσία,</span> 
     </span>
    </p>
   </div>
   <div class='ocr_carea' id='block_1_7' title="bbox 400 769 1468 845">
    <p class='ocr_par' dir='ltr' id='par_1_7' title="bbox 400 769 1468 845">
     <span class='ocr_line' id='line_1_7' title="bbox 400 769 1468 845; baseline -0.005 -21"><span class='ocrx_word' id='word_1_32' title='bbox 400 769 571 845; x_wconf 72' lang='grc' dir='ltr'>Ὠφθη</span> <span class='ocrx_word' id='word_1_33' title='bbox 594 776 702 825; x_wconf 75' lang='grc' dir='ltr'>νέον</span> <span class='ocrx_word' id='word_1_34' title='bbox 741 792 824 827; x_wconf 88' lang='grc' dir='ltr'>σοι</span> <span class='ocrx_word' id='word_1_35' title='bbox 847 779 942 834; x_wconf 83' lang='grc' dir='ltr'>τῆς</span> <span class='ocrx_word' id='word_1_36' title='bbox 965 769 1276 844; x_wconf 80' lang='grc' dir='ltr'>Ἀμαλθείας</span> <span class='ocrx_word' id='word_1_37' title='bbox 1295 772 1468 840; x_wconf 80' lang='grc' dir='ltr'>κέρας.</span> 
     </span>
    </p>
   </div>
   <div class='ocr_carea' id='block_1_8' title="bbox 218 856 1755 931">
    <p class='ocr_par' dir='ltr' id='par_1_8' title="bbox 218 856 1755 931">
     <span class='ocr_line' id='line_1_8' title="bbox 218 856 1755 931; baseline -0.006 -14"><span class='ocrx_word' id='word_1_38' title='bbox 218 861 1049 920; x_wconf 76' lang='lat' dir='ltr'>AlterumAmaltheznvimm</span> <span class='ocrx_word' id='word_1_39' title='bbox 1069 866 1172 931; x_wconf 79' lang='lat' dir='ltr'>est,</span> <span class='ocrx_word' id='word_1_40' title='bbox 1199 856 1541 915; x_wconf 83' lang='lat' dir='ltr'>Theodosia.</span> <span class='ocrx_word' id='word_1_41' title='bbox 1566 869 1755 911; x_wconf 82' lang='lat' dir='ltr'>cornu</span> 
     </span>
    </p>
   </div>
   <div class='ocr_carea' id='block_1_9' title="bbox 253 944 1682 1024">
    <p class='ocr_par' dir='ltr' id='par_1_9' title="bbox 253 944 1682 1024">
     <span class='ocr_line' id='line_1_9' title="bbox 253 944 1682 1024; baseline -0.006 -18"><span class='ocrx_word' id='word_1_42' title='bbox 253 950 392 1006; x_wconf 85' lang='lat' dir='ltr'>Hoc</span> <span class='ocrx_word' id='word_1_43' title='bbox 413 951 540 1020; x_wconf 81' lang='lat' dir='ltr'>tibi,</span> <span class='ocrx_word' id='word_1_44' title='bbox 562 967 674 1024; x_wconf 81' lang='lat' dir='ltr'>quo</span> <span class='ocrx_word' id='word_1_45' title='bbox 698 951 938 1008; x_wconf 82' lang='lat' dir='ltr'>Christo</span> <span class='ocrx_word' id='word_1_46' title='bbox 959 951 1201 1007; x_wconf 84' lang='lat' dir='ltr'>victima</span> <span class='ocrx_word' id='word_1_47' title='bbox 1215 947 1478 1019; x_wconf 79' lang='lat' dir='ltr'>pulchra</span> <span class='ocrx_word' id='word_1_48' title='bbox 1499 944 1682 1002; x_wconf 82' lang='lat' dir='ltr'>cadis.</span> 
     </span>
    </p>
   </div>
   <div class='ocr_carea' id='block_1_10' title="bbox 218 1050 1755 1126">
    <p class='ocr_par' dir='ltr' id='par_1_10' title="bbox 218 1050 1755 1126">
     <span class='ocr_line' id='line_1_10' title="bbox 218 1050 1755 1126; baseline -0.004 -14"><span class='ocrx_word' id='word_1_49' title='bbox 218 1060 274 1112; x_wconf 83' lang='lat'>6.</span> <span class='ocrx_word' id='word_1_50' title='bbox 311 1056 535 1114; x_wconf 88' lang='lat' dir='ltr'>Eadem</span> <span class='ocrx_word' id='word_1_51' title='bbox 564 1059 878 1126; x_wconf 83' lang='lat' dir='ltr'>memoria,</span> <span class='ocrx_word' id='word_1_52' title='bbox 904 1073 1043 1113; x_wconf 92' lang='lat' dir='ltr'>cum</span> <span class='ocrx_word' id='word_1_53' title='bbox 1065 1055 1240 1113; x_wconf 88' lang='lat' dir='ltr'>simili</span> <span class='ocrx_word' id='word_1_54' title='bbox 1261 1053 1515 1110; x_wconf 90' lang='lat' dir='ltr'>disticho</span> <span class='ocrx_word' id='word_1_55' title='bbox 1534 1050 1755 1124; x_wconf 87' lang='lat' dir='ltr'>reperi-</span> 
     </span>
    </p>
   </div>
   <div class='ocr_carea' id='block_1_11' title="bbox 127 1141 1755 1220">
    <p class='ocr_par' dir='ltr' id='par_1_11' title="bbox 127 1141 1755 1220">
     <span class='ocr_line' id='line_1_11' title="bbox 127 1141 1755 1220; baseline -0.003 -19"><span class='ocrx_word' id='word_1_56' title='bbox 127 1147 248 1202; x_wconf 81' lang='lat' dir='ltr'>tur</span> <span class='ocrx_word' id='word_1_57' title='bbox 268 1145 333 1202; x_wconf 90' lang='lat' dir='ltr'>in</span> <span class='ocrx_word' id='word_1_58' title='bbox 345 1163 463 1204; x_wconf 92' lang='lat' dir='ltr'>ms.</span> <span class='ocrx_word' id='word_1_59' title='bbox 487 1147 817 1220; x_wconf 81' lang='lat' dir='ltr'>Synaxario</span> <span class='ocrx_word' id='word_1_60' title='bbox 839 1146 1206 1204; x_wconf 81' lang='lat' dir='ltr'>Chiﬁletiano</span> <span class='ocrx_word' id='word_1_61' title='bbox 1231 1163 1243 1201; x_wconf 89' lang='lat'><strong>:</strong></span> <span class='ocrx_word' id='word_1_62' title='bbox 1261 1144 1364 1200; x_wconf 91' lang='lat' dir='ltr'>ubi</span> <span class='ocrx_word' id='word_1_63' title='bbox 1385 1143 1630 1214; x_wconf 88' lang='lat' dir='ltr'>insuper</span> <span class='ocrx_word' id='word_1_64' title='bbox 1640 1141 1755 1198; x_wconf 89' lang='lat' dir='ltr'>hoc</span> 
     </span>
    </p>
   </div>
   <div class='ocr_carea' id='block_1_12' title="bbox 127 1231 1751 1310">
    <p class='ocr_par' dir='ltr' id='par_1_12' title="bbox 127 1231 1751 1310">
     <span class='ocr_line' id='line_1_12' title="bbox 127 1231 1751 1310; baseline -0.004 -20"><span class='ocrx_word' id='word_1_65' title='bbox 127 1234 228 1291; x_wconf 89' lang='lat' dir='ltr'>de</span> <span class='ocrx_word' id='word_1_66' title='bbox 259 1236 408 1304; x_wconf 88' lang='lat' dir='ltr'>vita,</span> <span class='ocrx_word' id='word_1_67' title='bbox 431 1237 720 1310; x_wconf 87' lang='lat' dir='ltr'>martyrio</span> <span class='ocrx_word' id='word_1_68' title='bbox 742 1240 799 1293; x_wconf 86' lang='lat' dir='ltr'>et</span> <span class='ocrx_word' id='word_1_69' title='bbox 825 1237 990 1294; x_wconf 92' lang='lat' dir='ltr'>cultu</span> <span class='ocrx_word' id='word_1_70' title='bbox 1013 1236 1146 1308; x_wconf 85' lang='lat' dir='ltr'>ejus</span> <span class='ocrx_word' id='word_1_71' title='bbox 1177 1235 1438 1304; x_wconf 84' lang='lat' dir='ltr'>elogium</span> <span class='ocrx_word' id='word_1_72' title='bbox 1493 1231 1751 1296; x_wconf 79' lang='lat' dir='ltr'>additur,</span> 
     </span>
    </p>
   </div>
   <div class='ocr_carea' id='block_1_13' title="bbox 121 1319 1756 1399">
    <p class='ocr_par' dir='ltr' id='par_1_13' title="bbox 121 1319 1756 1399">
     <span class='ocr_line' id='line_1_13' title="bbox 121 1319 1756 1399; baseline -0.004 -18"><span class='ocrx_word' id='word_1_73' title='bbox 121 1325 320 1396; x_wconf 88' lang='lat' dir='ltr'>quod</span> <span class='ocrx_word' id='word_1_74' title='bbox 345 1341 418 1382; x_wconf 83' lang='lat' dir='ltr'>ex</span> <span class='ocrx_word' id='word_1_75' title='bbox 447 1327 582 1399; x_wconf 90' lang='lat' dir='ltr'>ipso</span> <span class='ocrx_word' id='word_1_76' title='bbox 614 1326 902 1384; x_wconf 88' lang='lat' dir='ltr'>collatum</span> <span class='ocrx_word' id='word_1_77' title='bbox 929 1343 1068 1383; x_wconf 91' lang='lat' dir='ltr'>cum</span> <span class='ocrx_word' id='word_1_78' title='bbox 1090 1330 1253 1383; x_wconf 85' lang='lat' dir='ltr'>textu</span> <span class='ocrx_word' id='word_1_79' title='bbox 1278 1322 1592 1397; x_wconf 86' lang='lat' dir='ltr'>Synaxarii</span> <span class='ocrx_word' id='word_1_80' title='bbox 1632 1319 1756 1376; x_wconf 87' lang='lat' dir='ltr'>Cla-</span> 
     </span>
    </p>
   </div>
   <div class='ocr_carea' id='block_1_14' title="bbox 121 1409 1756 1486">
    <p class='ocr_par' dir='ltr' id='par_1_14' title="bbox 121 1409 1756 1486">
     <span class='ocr_line' id='line_1_14' title="bbox 121 1409 1756 1486; baseline 0.002 -17"><span class='ocrx_word' id='word_1_81' title='bbox 121 1415 494 1472; x_wconf 82' lang='lat' dir='ltr'>romontani</span> <span class='ocrx_word' id='word_1_82' title='bbox 515 1415 593 1472; x_wconf 90' lang='lat' dir='ltr'>ad</span> <span class='ocrx_word' id='word_1_83' title='bbox 625 1420 686 1473; x_wconf 83' lang='grc'><strong>18</strong></span> <span class='ocrx_word' id='word_1_84' title='bbox 722 1415 883 1486; x_wconf 88' lang='lat' dir='ltr'>Julii,</span> <span class='ocrx_word' id='word_1_85' title='bbox 909 1417 993 1472; x_wconf 91' lang='lat' dir='ltr'>sic</span> <span class='ocrx_word' id='word_1_86' title='bbox 1041 1418 1215 1472; x_wconf 89' lang='lat' dir='ltr'>sonat</span> <span class='ocrx_word' id='word_1_87' title='bbox 1245 1433 1258 1470; x_wconf 89' lang='lat'><strong>:</strong></span> <span class='ocrx_word' id='word_1_88' title='bbox 1307 1414 1448 1472; x_wconf 70' lang='grc' dir='ltr'>Αὕτη</span> <span class='ocrx_word' id='word_1_89' title='bbox 1483 1409 1542 1471; x_wconf 69' lang='grc' dir='ltr'>ἦν</span> <span class='ocrx_word' id='word_1_90' title='bbox 1573 1410 1620 1464; x_wconf 67' lang='lat' dir='ltr'>’w</span> <span class='ocrx_word' id='word_1_91' title='bbox 1646 1417 1756 1473; x_wconf 82' lang='grc' dir='ltr'>τοῖς</span> 
     </span>
    </p>
   </div>
   <div class='ocr_carea' id='block_1_15' title="bbox 125 1501 1753 1582">
    <p class='ocr_par' dir='ltr' id='par_1_15' title="bbox 125 1501 1753 1582">
     <span class='ocr_line' id='line_1_15' title="bbox 125 1501 1753 1582; baseline -0.002 -25"><span class='ocrx_word' id='word_1_92' title='bbox 125 1507 366 1579; x_wconf 68' lang='grc' dir='ltr'>χρόνοις</span> <span class='ocrx_word' id='word_1_93' title='bbox 393 1501 686 1560; x_wconf 82' lang='grc' dir='ltr'>Θεοδοσίου</span> <span class='ocrx_word' id='word_1_94' title='bbox 734 1507 849 1578; x_wconf 79' lang='grc' dir='ltr'>[τοῦ</span> <span class='ocrx_word' id='word_1_95' title='bbox 900 1505 1316 1582; x_wconf 80' lang='grc' dir='ltr'>Ἀτραμυτηνοῦ]</span> <span class='ocrx_word' id='word_1_96' title='bbox 1371 1506 1556 1576; x_wconf 85' lang='grc' dir='ltr'>γονέων</span> <span class='ocrx_word' id='word_1_97' title='bbox 1616 1501 1753 1554; x_wconf 75' lang='grc' dir='ltr'>εὐσε-</span> 
     </span>
    </p>
   </div>
   <div class='ocr_carea' id='block_1_16' title="bbox 129 1592 1755 1671">
    <p class='ocr_par' dir='ltr' id='par_1_16' title="bbox 129 1592 1755 1671">
     <span class='ocr_line' id='line_1_16' title="bbox 129 1592 1755 1671; baseline -0.002 -24"><span class='ocrx_word' id='word_1_98' title='bbox 129 1594 252 1647; x_wconf 77' lang='grc' dir='ltr'>ϐῶν</span> <span class='ocrx_word' id='word_1_99' title='bbox 335 1597 603 1671; x_wconf 78' lang='grc' dir='ltr'>θυγάτηρ,</span> <span class='ocrx_word' id='word_1_100' title='bbox 682 1595 735 1648; x_wconf 81' lang='grc' dir='ltr'>ὶκ</span> <span class='ocrx_word' id='word_1_101' title='bbox 813 1604 904 1657; x_wconf 84' lang='grc' dir='ltr'>τῆς</span> <span class='ocrx_word' id='word_1_102' title='bbox 970 1592 1555 1653; x_wconf 84' lang='grc' dir='ltr'>Κωνσταντινουπόλεως</span> <span class='ocrx_word' id='word_1_103' title='bbox 1602 1613 1613 1624; x_wconf 91' lang='grc'>·</span> <span class='ocrx_word' id='word_1_104' title='bbox 1665 1595 1755 1643; x_wconf 83' lang='grc' dir='ltr'>καὶ</span> 
     </span>
    </p>
   </div>
   <div class='ocr_carea' id='block_1_17' title="bbox 127 1677 1755 1760">
    <p class='ocr_par' dir='ltr' id='par_1_17' title="bbox 127 1677 1755 1760">
     <span class='ocr_line' id='line_1_17' title="bbox 127 1677 1755 1760; baseline -0.005 -21"><span class='ocrx_word' id='word_1_105' title='bbox 127 1688 428 1758; x_wconf 71' lang='grc' dir='ltr'>γενομένης</span> <span class='ocrx_word' id='word_1_106' title='bbox 495 1684 770 1748; x_wconf 77' lang='grc' dir='ltr'>ἐπταέτους</span> <span class='ocrx_word' id='word_1_107' title='bbox 835 1687 859 1736; x_wconf 87' lang='grc' dir='ltr'><strong><em>ὁ</em></strong></span> <span class='ocrx_word' id='word_1_108' title='bbox 924 1690 1096 1760; x_wconf 74' lang='grc' dir='ltr'>πατὴρ</span> <span class='ocrx_word' id='word_1_109' title='bbox 1180 1683 1521 1751; x_wconf 74' lang='grc' dir='ltr'>ἐτελεύτησεν,</span> <span class='ocrx_word' id='word_1_110' title='bbox 1578 1683 1607 1740; x_wconf 78' lang='grc' dir='ltr'>ἡ</span> <span class='ocrx_word' id='word_1_111' title='bbox 1695 1677 1755 1732; x_wconf 75' lang='grc' dir='ltr'>δὲ</span> 
     </span>
    </p>
   </div>
   <div class='ocr_carea' id='block_1_18' title="bbox 126 1769 1752 1847">
    <p class='ocr_par' dir='ltr' id='par_1_18' title="bbox 126 1769 1752 1847">
     <span class='ocr_line' id='line_1_18' title="bbox 126 1769 1752 1847; baseline -0.006 -18"><span class='ocrx_word' id='word_1_112' title='bbox 126 1779 328 1847; x_wconf 79' lang='grc' dir='ltr'>μήτηρ</span> <span class='ocrx_word' id='word_1_113' title='bbox 389 1772 624 1827; x_wconf 90' lang='grc' dir='ltr'>λαϐοῦσα</span> <span class='ocrx_word' id='word_1_114' title='bbox 681 1779 772 1832; x_wconf 74' lang='grc' dir='ltr'>τὴν</span> <span class='ocrx_word' id='word_1_115' title='bbox 815 1771 986 1827; x_wconf 77' lang='grc' dir='ltr'>παῖδα</span> <span class='ocrx_word' id='word_1_116' title='bbox 1025 1773 1285 1847; x_wconf 74' lang='grc' dir='ltr'>ἀπέκειρεν</span> <span class='ocrx_word' id='word_1_117' title='bbox 1316 1776 1363 1825; x_wconf 82' lang='grc' dir='ltr'>ἓν</span> <span class='ocrx_word' id='word_1_118' title='bbox 1403 1791 1505 1824; x_wconf 88' lang='grc' dir='ltr'>τινι</span> <span class='ocrx_word' id='word_1_119' title='bbox 1550 1778 1647 1823; x_wconf 79' lang='grc' dir='ltr'>τῶν</span> <span class='ocrx_word' id='word_1_120' title='bbox 1703 1769 1752 1820; x_wconf 79' lang='grc' dir='ltr'>ἓν</span> 
     </span>
    </p>
   </div>
   <div class='ocr_carea' id='block_1_19' title="bbox 127 1859 1755 1936">
    <p class='ocr_par' dir='ltr' id='par_1_19' title="bbox 127 1859 1755 1936">
     <span class='ocr_line' id='line_1_19' title="bbox 127 1859 1755 1936; baseline -0.004 -18"><span class='ocrx_word' id='word_1_121' title='bbox 127 1863 417 1936; x_wconf 77' lang='grc' dir='ltr'>Βυζαντίῳ</span> <span class='ocrx_word' id='word_1_122' title='bbox 452 1868 854 1936; x_wconf 82' lang='grc' dir='ltr'>μοναστηρίων·</span> <span class='ocrx_word' id='word_1_123' title='bbox 915 1860 1026 1917; x_wconf 82' lang='grc' dir='ltr'>εἶτα</span> <span class='ocrx_word' id='word_1_124' title='bbox 1081 1868 1170 1915; x_wconf 84' lang='grc' dir='ltr'>καὶ</span> <span class='ocrx_word' id='word_1_125' title='bbox 1226 1865 1256 1920; x_wconf 79' lang='grc' dir='ltr'><strong>ἠ</strong></span> <span class='ocrx_word' id='word_1_126' title='bbox 1321 1865 1492 1935; x_wconf 82' lang='grc' dir='ltr'>μήτηρ</span> <span class='ocrx_word' id='word_1_127' title='bbox 1544 1859 1755 1931; x_wconf 81' lang='grc' dir='ltr'>τελευτᾷ</span> 
     </span>
    </p>
   </div>
   <div class='ocr_carea' id='block_1_20' title="bbox 125 1948 1752 2027">
    <p class='ocr_par' dir='ltr' id='par_1_20' title="bbox 125 1948 1752 2027">
     <span class='ocr_line' id='line_1_20' title="bbox 125 1948 1752 2027; baseline -0.003 -22"><span class='ocrx_word' id='word_1_128' title='bbox 125 1951 518 2024; x_wconf 74' lang='grc' dir='ltr'>καταλείψασα</span> <span class='ocrx_word' id='word_1_129' title='bbox 569 1960 630 2025; x_wconf 76' lang='grc' dir='ltr'>τῇ</span> <span class='ocrx_word' id='word_1_130' title='bbox 688 1958 938 2027; x_wconf 73' lang='grc' dir='ltr'>Μακαρία</span> <span class='ocrx_word' id='word_1_131' title='bbox 985 1958 1077 2011; x_wconf 77' lang='grc' dir='ltr'>τήν</span> <span class='ocrx_word' id='word_1_132' title='bbox 1133 1952 1253 2010; x_wconf 63' lang='grc' dir='ltr'>ῶιην</span> <span class='ocrx_word' id='word_1_133' title='bbox 1310 1949 1612 2025; x_wconf 74' lang='grc' dir='ltr'>περιουσίαν</span> <span class='ocrx_word' id='word_1_134' title='bbox 1657 1948 1752 2000; x_wconf 82' lang='grc' dir='ltr'>αῦ-</span> 
     </span>
    </p>
   </div>
   <div class='ocr_carea' id='block_1_21' title="bbox 123 2036 1752 2116">
    <p class='ocr_par' dir='ltr' id='par_1_21' title="bbox 123 2036 1752 2116">
     <span class='ocr_line' id='line_1_21' title="bbox 123 2036 1752 2116; baseline -0.004 -20"><span class='ocrx_word' id='word_1_135' title='bbox 123 2041 345 2104; x_wconf 78' lang='grc' dir='ltr'>τῆς·Ἠ</span> <span class='ocrx_word' id='word_1_136' title='bbox 378 2037 436 2094; x_wconf 72' lang='grc' dir='ltr'>δε</span> <span class='ocrx_word' id='word_1_137' title='bbox 474 2040 530 2093; x_wconf 84' lang='grc' dir='ltr'>ἐκ</span> <span class='ocrx_word' id='word_1_138' title='bbox 579 2049 818 2114; x_wconf 82' lang='grc' dir='ltr'>χρουσοῦ</span> <span class='ocrx_word' id='word_1_139' title='bbox 865 2047 953 2094; x_wconf 79' lang='grc' dir='ltr'>καὶ</span> <span class='ocrx_word' id='word_1_140' title='bbox 1008 2040 1235 2116; x_wconf 79' lang='grc' dir='ltr'>ἀργύρου</span> <span class='ocrx_word' id='word_1_141' title='bbox 1279 2047 1415 2114; x_wconf 85' lang='grc' dir='ltr'>τρεῖς</span> <span class='ocrx_word' id='word_1_142' title='bbox 1473 2037 1622 2108; x_wconf 77' lang='grc' dir='ltr'>ἁγίας</span> <span class='ocrx_word' id='word_1_143' title='bbox 1681 2036 1752 2089; x_wconf 82' lang='grc' dir='ltr'>εὶ-</span> 
     </span>
    </p>
   </div>
   <div class='ocr_carea' id='block_1_22' title="bbox 1034 2127 1750 2205">
    <p class='ocr_par' dir='ltr' id='par_1_22' title="bbox 1034 2127 1750 2205">
     <span class='ocr_line' id='line_1_22' title="bbox 1034 2127 1750 2205; baseline -0.01 -21"><span class='ocrx_word' id='word_1_144' title='bbox 1034 2127 1318 2205; x_wconf 83' lang='grc' dir='ltr'>Χριστοῦ],</span> <span class='ocrx_word' id='word_1_145' title='bbox 1338 2136 1432 2189; x_wconf 82' lang='grc' dir='ltr'>τῆς</span> <span class='ocrx_word' id='word_1_146' title='bbox 1469 2130 1750 2198; x_wconf 78' lang='grc' dir='ltr'>Θεοτόκου,</span> 
     </span>
    </p>
   </div>
   <div class='ocr_carea' id='block_1_23' title="bbox 129 2214 1752 2291">
    <p class='ocr_par' dir='ltr' id='par_1_23' title="bbox 129 2214 1752 2291">
     <span class='ocr_line' id='line_1_23' title="bbox 129 2214 1752 2291; baseline -0.003 -19"><span class='ocrx_word' id='word_1_147' title='bbox 129 2225 240 2274; x_wconf 80' lang='grc' dir='ltr'>καὶ</span> <span class='ocrx_word' id='word_1_148' title='bbox 311 2229 408 2281; x_wconf 79' lang='grc' dir='ltr'>τῆς</span> <span class='ocrx_word' id='word_1_149' title='bbox 455 2219 606 2291; x_wconf 86' lang='grc' dir='ltr'>άγίας</span> <span class='ocrx_word' id='word_1_150' title='bbox 645 2220 1022 2290; x_wconf 85' lang='grc' dir='ltr'>Ἀναστασίας,</span> <span class='ocrx_word' id='word_1_151' title='bbox 1055 2222 1119 2272; x_wconf 84' lang='grc' dir='ltr'>τά</span> <span class='ocrx_word' id='word_1_152' title='bbox 1156 2218 1314 2271; x_wconf 86' lang='grc' dir='ltr'>λοιπά</span> <span class='ocrx_word' id='word_1_153' title='bbox 1371 2214 1592 2289; x_wconf 77' lang='grc' dir='ltr'>διένειμε</span> <span class='ocrx_word' id='word_1_154' title='bbox 1642 2221 1752 2276; x_wconf 85' lang='grc' dir='ltr'>τοῖς</span> 
     </span>
    </p>
   </div>
   <div class='ocr_carea' id='block_1_24' title="bbox 124 2128 934 2202">
    <p class='ocr_par' dir='ltr' id='par_1_24' title="bbox 124 2128 934 2202">
     <span class='ocr_line' id='line_1_24' title="bbox 124 2128 934 2202; baseline -0.001 -19"><span class='ocrx_word' id='word_1_155' title='bbox 124 2134 296 2191; x_wconf 74' lang='grc' dir='ltr'>κῦνας</span> <span class='ocrx_word' id='word_1_156' title='bbox 327 2133 776 2185; x_wconf 84' lang='grc' dir='ltr'>κατασκευάσασα</span> <span class='ocrx_word' id='word_1_157' title='bbox 820 2128 934 2202; x_wconf 90' lang='grc' dir='ltr'>[τοῦ</span> 
     </span>
    </p>
   </div>
   <div class='ocr_carea' id='block_1_25' title="bbox 131 2305 1751 2384">
    <p class='ocr_par' dir='ltr' id='par_1_25' title="bbox 131 2305 1751 2384">
     <span class='ocr_line' id='line_1_25' title="bbox 131 2305 1751 2384; baseline -0.005 -21"><span class='ocrx_word' id='word_1_158' title='bbox 131 2316 389 2381; x_wconf 79' lang='grc' dir='ltr'>πτωχοῖς</span> <span class='ocrx_word' id='word_1_159' title='bbox 424 2309 536 2382; x_wconf 82' lang='grc' dir='ltr'>[καὶ</span> <span class='ocrx_word' id='word_1_160' title='bbox 567 2309 848 2384; x_wconf 56' lang='grc' dir='ltr'>ὀργάνοις]</span> <span class='ocrx_word' id='word_1_161' title='bbox 902 2311 1047 2362; x_wconf 84' lang='grc' dir='ltr'>Μετά</span> <span class='ocrx_word' id='word_1_162' title='bbox 1102 2305 1161 2361; x_wconf 75' lang='grc' dir='ltr'>δε</span> <span class='ocrx_word' id='word_1_163' title='bbox 1191 2327 1308 2361; x_wconf 89' lang='grc' dir='ltr'>τινα</span> <span class='ocrx_word' id='word_1_164' title='bbox 1358 2310 1546 2380; x_wconf 84' lang='grc' dir='ltr'>χρόνον</span> <span class='ocrx_word' id='word_1_165' title='bbox 1601 2309 1751 2359; x_wconf 77' lang='grc' dir='ltr'>Λέονο</span> 
     </span>
    </p>
   </div>
   <div class='ocr_carea' id='block_1_26' title="bbox 128 2393 1751 2472">
    <p class='ocr_par' dir='ltr' id='par_1_26' title="bbox 128 2393 1751 2472">
     <span class='ocr_line' id='line_1_26' title="bbox 128 2393 1751 2472; baseline -0.003 -22"><span class='ocrx_word' id='word_1_166' title='bbox 128 2418 228 2460; x_wconf 82' lang='grc' dir='ltr'>τος</span> <span class='ocrx_word' id='word_1_167' title='bbox 293 2406 387 2452; x_wconf 84' lang='grc' dir='ltr'>τοῦ</span> <span class='ocrx_word' id='word_1_168' title='bbox 436 2395 732 2461; x_wconf 81' lang='grc' dir='ltr'>δυσσεϐοῦς</span> <span class='ocrx_word' id='word_1_169' title='bbox 786 2407 878 2459; x_wconf 79' lang='grc' dir='ltr'>τῆς</span> <span class='ocrx_word' id='word_1_170' title='bbox 943 2397 1224 2472; x_wconf 77' lang='grc' dir='ltr'>βασιλείας</span> <span class='ocrx_word' id='word_1_171' title='bbox 1279 2393 1626 2470; x_wconf 81' lang='grc' dir='ltr'>δραξαμὲνου,</span> <span class='ocrx_word' id='word_1_172' title='bbox 1684 2397 1751 2457; x_wconf 84' lang='grc' dir='ltr'>ὡς</span> 
     </span>
    </p>
   </div>
   <div class='ocr_carea' id='block_1_27' title="bbox 131 2481 1751 2559">
    <p class='ocr_par' dir='ltr' id='par_1_27' title="bbox 131 2481 1751 2559">
     <span class='ocr_line' id='line_1_27' title="bbox 131 2481 1751 2559; baseline -0.003 -19"><span class='ocrx_word' id='word_1_173' title='bbox 131 2495 240 2541; x_wconf 78' lang='grc' dir='ltr'>τοῦ</span> <span class='ocrx_word' id='word_1_174' title='bbox 269 2486 642 2541; x_wconf 70' lang='grc' dir='ltr'>εὐσεϐεστάτου</span> <span class='ocrx_word' id='word_1_175' title='bbox 684 2484 976 2542; x_wconf 80' lang='grc' dir='ltr'>Θεοδοσίου</span> <span class='ocrx_word' id='word_1_176' title='bbox 1013 2488 1482 2559; x_wconf 77' lang='grc' dir='ltr'>ὑποχωρήσαντος,</span> <span class='ocrx_word' id='word_1_177' title='bbox 1536 2481 1631 2537; x_wconf 85' lang='grc' dir='ltr'>διά</span> <span class='ocrx_word' id='word_1_178' title='bbox 1693 2487 1751 2535; x_wconf 88' lang='grc' dir='ltr'>τὸ</span> 
     </span>
    </p>
   </div>
   <div class='ocr_carea' id='block_1_28' title="bbox 128 2573 1750 2650">
    <p class='ocr_par' dir='ltr' id='par_1_28' title="bbox 128 2573 1750 2650">
     <span class='ocr_line' id='line_1_28' title="bbox 128 2573 1750 2650; baseline -0.002 -20"><span class='ocrx_word' id='word_1_179' title='bbox 128 2582 216 2650; x_wconf 77' lang='grc' dir='ltr'>μὴ</span> <span class='ocrx_word' id='word_1_180' title='bbox 251 2578 526 2630; x_wconf 80' lang='grc' dir='ltr'>πείθεσθαι</span> <span class='ocrx_word' id='word_1_181' title='bbox 555 2584 663 2640; x_wconf 86' lang='grc' dir='ltr'>τοῖς</span> <span class='ocrx_word' id='word_1_182' title='bbox 710 2576 949 2630; x_wconf 80' lang='grc' dir='ltr'>ἀσεϐέσιν</span> <span class='ocrx_word' id='word_1_183' title='bbox 1003 2576 1163 2629; x_wconf 70' lang='grc' dir='ltr'>αὐτοῦ</span> <span class='ocrx_word' id='word_1_184' title='bbox 1220 2573 1453 2648; x_wconf 81' lang='grc' dir='ltr'>δόγμασι</span> <span class='ocrx_word' id='word_1_185' title='bbox 1509 2578 1594 2627; x_wconf 86' lang='grc' dir='ltr'>τὸν</span> <span class='ocrx_word' id='word_1_186' title='bbox 1654 2577 1750 2647; x_wconf 80' lang='grc' dir='ltr'>μί-</span> 
     </span>
    </p>
   </div>
   <div class='ocr_carea' id='block_1_29' title="bbox 125 2662 1750 2740">
    <p class='ocr_par' dir='ltr' id='par_1_29' title="bbox 125 2662 1750 2740">
     <span class='ocr_line' id='line_1_29' title="bbox 125 2662 1750 2740; baseline -0.003 -21"><span class='ocrx_word' id='word_1_187' title='bbox 125 2686 240 2738; x_wconf 82' lang='grc' dir='ltr'>γαν</span> <span class='ocrx_word' id='word_1_188' title='bbox 267 2665 320 2718; x_wconf 80' lang='grc' dir='ltr'>ἓν</span> <span class='ocrx_word' id='word_1_189' title='bbox 349 2669 711 2740; x_wconf 82' lang='grc' dir='ltr'>πατριάρχαις</span> <span class='ocrx_word' id='word_1_190' title='bbox 748 2670 1004 2740; x_wconf 77' lang='grc' dir='ltr'>Γερμανὸν</span> <span class='ocrx_word' id='word_1_191' title='bbox 1067 2664 1271 2739; x_wconf 85' lang='grc' dir='ltr'>[τοῦτον</span> <span class='ocrx_word' id='word_1_192' title='bbox 1323 2666 1454 2738; x_wconf 80' lang='grc' dir='ltr'>μετά</span> <span class='ocrx_word' id='word_1_193' title='bbox 1513 2662 1750 2739; x_wconf 83' lang='grc' dir='ltr'>ῥοπάλων</span> 
     </span>
    </p>
   </div>
   <div class='ocr_carea' id='block_1_30' title="bbox 128 2753 1752 2832">
    <p class='ocr_par' dir='ltr' id='par_1_30' title="bbox 128 2753 1752 2832">
     <span class='ocr_line' id='line_1_30' title="bbox 128 2753 1752 2832; baseline -0.001 -24"><span class='ocrx_word' id='word_1_194' title='bbox 128 2761 234 2809; x_wconf 83' lang='grc' dir='ltr'>καὶ</span> <span class='ocrx_word' id='word_1_195' title='bbox 292 2755 450 2827; x_wconf 69' lang='grc' dir='ltr'>ξιφῶν</span> <span class='ocrx_word' id='word_1_196' title='bbox 501 2763 592 2809; x_wconf 82' lang='grc' dir='ltr'>τοῦ</span> <span class='ocrx_word' id='word_1_197' title='bbox 652 2761 1034 2832; x_wconf 84' lang='grc' dir='ltr'>πατριαρχείου</span> <span class='ocrx_word' id='word_1_198' title='bbox 1092 2756 1392 2828; x_wconf 79' lang='grc' dir='ltr'>κατήνεγκε]</span> <span class='ocrx_word' id='word_1_199' title='bbox 1420 2776 1434 2789; x_wconf 80' lang='grc' dir='ltr'><strong>ο</strong></span> <span class='ocrx_word' id='word_1_200' title='bbox 1485 2753 1615 2807; x_wconf 82' lang='grc' dir='ltr'>άλλά</span> <span class='ocrx_word' id='word_1_201' title='bbox 1663 2757 1752 2806; x_wconf 84' lang='grc' dir='ltr'>καὶ</span> 
     </span>
    </p>
   </div>
   <div class='ocr_carea' id='block_1_31' title="bbox 127 2845 1751 2917">
    <p class='ocr_par' dir='ltr' id='par_1_31' title="bbox 127 2845 1751 2917">
     <span class='ocr_line' id='line_1_31' title="bbox 127 2845 1751 2917; baseline -0.002 -19"><span class='ocrx_word' id='word_1_202' title='bbox 127 2849 238 2904; x_wconf 76' lang='grc' dir='ltr'>τὴν</span> <span class='ocrx_word' id='word_1_203' title='bbox 295 2845 450 2916; x_wconf 83' lang='grc' dir='ltr'>ἁγίαν</span> <span class='ocrx_word' id='word_1_204' title='bbox 543 2849 632 2898; x_wconf 87' lang='grc' dir='ltr'>καὶ</span> <span class='ocrx_word' id='word_1_205' title='bbox 712 2850 1031 2905; x_wconf 78' lang='grc' dir='ltr'>Δεσποτικήν</span> <span class='ocrx_word' id='word_1_206' title='bbox 1116 2845 1287 2898; x_wconf 86' lang='grc' dir='ltr'>εἰκονα</span> <span class='ocrx_word' id='word_1_207' title='bbox 1360 2850 1594 2917; x_wconf 82' lang='grc' dir='ltr'>Χριστοῦ</span> <span class='ocrx_word' id='word_1_208' title='bbox 1659 2849 1751 2895; x_wconf 84' lang='grc' dir='ltr'>τοῦ</span> 
     </span>
    </p>
   </div>
   <div class='ocr_carea' id='block_1_32' title="bbox 132 2927 1748 3010">
    <p class='ocr_par' dir='ltr' id='par_1_32' title="bbox 132 2927 1748 3010">
     <span class='ocr_line' id='line_1_32' title="bbox 132 2927 1748 3010; baseline -0.003 -22"><span class='ocrx_word' id='word_1_209' title='bbox 132 2927 274 2988; x_wconf 71' lang='grc' dir='ltr'>Θεοῦ</span> <span class='ocrx_word' id='word_1_210' title='bbox 333 2936 500 3008; x_wconf 76' lang='grc' dir='ltr'>ἡμῶν,</span> <span class='ocrx_word' id='word_1_211' title='bbox 555 2939 650 2994; x_wconf 82' lang='grc' dir='ltr'>τὴν</span> <span class='ocrx_word' id='word_1_212' title='bbox 712 2933 1050 3010; x_wconf 74' lang='grc' dir='ltr'>[ἱδρυμέμην]</span> <span class='ocrx_word' id='word_1_213' title='bbox 1099 2937 1332 3010; x_wconf 77' lang='grc' dir='ltr'>ὑπεράνω</span> <span class='ocrx_word' id='word_1_214' title='bbox 1397 2942 1497 2986; x_wconf 85' lang='grc' dir='ltr'>τῶν</span> <span class='ocrx_word' id='word_1_215' title='bbox 1555 2933 1748 3002; x_wconf 79' lang='grc' dir='ltr'>πυλῶν,</span> 
     </span>
    </p>
   </div>
   <div class='ocr_carea' id='block_1_33' title="bbox 135 3020 1751 3100">
    <p class='ocr_par' dir='ltr' id='par_1_33' title="bbox 135 3020 1751 3100">
     <span class='ocr_line' id='line_1_33' title="bbox 135 3020 1751 3100; baseline -0.002 -21"><span class='ocrx_word' id='word_1_216' title='bbox 135 3025 193 3079; x_wconf 69' lang='grc' dir='ltr'>ἐν</span> <span class='ocrx_word' id='word_1_217' title='bbox 229 3024 418 3098; x_wconf 80' lang='grc' dir='ltr'>αἷσπερ</span> <span class='ocrx_word' id='word_1_218' title='bbox 450 3020 569 3097; x_wconf 81' lang='grc' dir='ltr'>[διὰ</span> <span class='ocrx_word' id='word_1_219' title='bbox 595 3028 680 3078; x_wconf 87' lang='grc' dir='ltr'>τόν</span> <span class='ocrx_word' id='word_1_220' title='bbox 729 3031 1072 3100; x_wconf 77' lang='grc' dir='ltr'>χαρακτῆρα]</span> <span class='ocrx_word' id='word_1_221' title='bbox 1110 3025 1140 3083; x_wconf 79' lang='grc' dir='ltr'>ἡ</span> <span class='ocrx_word' id='word_1_222' title='bbox 1198 3024 1324 3096; x_wconf 81' lang='grc' dir='ltr'>ἁγία</span> <span class='ocrx_word' id='word_1_223' title='bbox 1374 3022 1554 3083; x_wconf 79' lang='grc' dir='ltr'>Χαλκῆ</span> <span class='ocrx_word' id='word_1_224' title='bbox 1615 3022 1751 3092; x_wconf 81' lang='grc' dir='ltr'>λέγε-</span> 
     </span>
    </p>
   </div>
   <div class='ocr_carea' id='block_1_34' title="bbox 133 3110 1752 3190">
    <p class='ocr_par' dir='ltr' id='par_1_34' title="bbox 133 3110 1752 3190">
     <span class='ocr_line' id='line_1_34' title="bbox 133 3110 1752 3190; baseline -0.003 -22"><span class='ocrx_word' id='word_1_225' title='bbox 133 3133 254 3182; x_wconf 83' lang='grc' dir='ltr'>ται,</span> <span class='ocrx_word' id='word_1_226' title='bbox 314 3110 563 3168; x_wconf 77' lang='grc' dir='ltr'>ἔσπενδεν</span> <span class='ocrx_word' id='word_1_227' title='bbox 614 3115 640 3166; x_wconf 87' lang='grc' dir='ltr'><strong><em>ὁ</em></strong></span> <span class='ocrx_word' id='word_1_228' title='bbox 701 3115 1026 3190; x_wconf 81' lang='grc' dir='ltr'>θηριώνυμος</span> <span class='ocrx_word' id='word_1_229' title='bbox 1094 3119 1412 3184; x_wconf 76' lang='grc' dir='ltr'>κατενεγκεῖν</span> <span class='ocrx_word' id='word_1_230' title='bbox 1466 3117 1556 3165; x_wconf 87' lang='grc' dir='ltr'>καὶ</span> <span class='ocrx_word' id='word_1_231' title='bbox 1625 3116 1752 3184; x_wconf 86' lang='grc' dir='ltr'>πυρί</span> 
     </span>
    </p>
   </div>
   <div class='ocr_carea' id='block_1_35' title="bbox 133 3199 1752 3278">
    <p class='ocr_par' dir='ltr' id='par_1_35' title="bbox 133 3199 1752 3278">
     <span class='ocr_line' id='line_1_35' title="bbox 133 3199 1752 3278; baseline -0.002 -21"><span class='ocrx_word' id='word_1_232' title='bbox 133 3199 499 3278; x_wconf 79' lang='grc' dir='ltr'>παραδοῦναι.</span> <span class='ocrx_word' id='word_1_233' title='bbox 551 3208 652 3258; x_wconf 81' lang='grc' dir='ltr'>Καὶ</span> <span class='ocrx_word' id='word_1_234' title='bbox 712 3203 760 3256; x_wconf 76' lang='grc' dir='ltr'>ἐν</span> <span class='ocrx_word' id='word_1_235' title='bbox 813 3201 852 3276; x_wconf 82' lang='grc' dir='ltr'><strong>ᾧ</strong></span> <span class='ocrx_word' id='word_1_236' title='bbox 910 3211 1080 3256; x_wconf 88' lang='grc' dir='ltr'>ταῦτα</span> <span class='ocrx_word' id='word_1_237' title='bbox 1136 3202 1366 3268; x_wconf 80' lang='grc' dir='ltr'>ἐτελεῖτο,</span> <span class='ocrx_word' id='word_1_238' title='bbox 1421 3206 1512 3256; x_wconf 80' lang='grc' dir='ltr'>καὶ</span> <span class='ocrx_word' id='word_1_239' title='bbox 1549 3203 1575 3254; x_wconf 85' lang='grc' dir='ltr'><strong><em>ὃ</em></strong></span> <span class='ocrx_word' id='word_1_240' title='bbox 1621 3221 1752 3254; x_wconf 84' lang='grc' dir='ltr'>σπα-</span> 
     </span>
    </p>
   </div>
   <div class='ocr_carea' id='block_1_36' title="bbox 139 3288 1752 3369">
    <p class='ocr_par' dir='ltr' id='par_1_36' title="bbox 139 3288 1752 3369">
     <span class='ocr_line' id='line_1_36' title="bbox 139 3288 1752 3369; baseline -0.003 -23"><span class='ocrx_word' id='word_1_241' title='bbox 139 3293 331 3369; x_wconf 84' lang='grc' dir='ltr'>θὰριος</span> <span class='ocrx_word' id='word_1_242' title='bbox 351 3289 412 3351; x_wconf 78' lang='grc' dir='ltr'>ἧν</span> <span class='ocrx_word' id='word_1_243' title='bbox 456 3291 540 3344; x_wconf 80' lang='grc' dir='ltr'>ἐπί</span> <span class='ocrx_word' id='word_1_244' title='bbox 594 3297 684 3354; x_wconf 77' lang='grc' dir='ltr'>τῆς</span> <span class='ocrx_word' id='word_1_245' title='bbox 737 3291 992 3365; x_wconf 82' lang='grc' dir='ltr'>κλίμακος</span> <span class='ocrx_word' id='word_1_246' title='bbox 1043 3289 1197 3364; x_wconf 77' lang='grc' dir='ltr'>[μετά</span> <span class='ocrx_word' id='word_1_247' title='bbox 1225 3299 1319 3354; x_wconf 83' lang='grc' dir='ltr'>τῆς</span> <span class='ocrx_word' id='word_1_248' title='bbox 1367 3289 1588 3361; x_wconf 81' lang='grc' dir='ltr'>άξίνης],</span> <span class='ocrx_word' id='word_1_249' title='bbox 1628 3288 1752 3362; x_wconf 82' lang='grc' dir='ltr'>βου-</span> 
     </span>
    </p>
   </div>
   <div class='ocr_carea' id='block_1_37' title="bbox 141 3378 1753 3456">
    <p class='ocr_par' dir='ltr' id='par_1_37' title="bbox 141 3378 1753 3456">
     <span class='ocr_line' id='line_1_37' title="bbox 141 3378 1753 3456; baseline -0.002 -22"><span class='ocrx_word' id='word_1_250' title='bbox 141 3381 359 3456; x_wconf 81' lang='grc' dir='ltr'>λόμενος</span> <span class='ocrx_word' id='word_1_251' title='bbox 411 3385 504 3440; x_wconf 80' lang='grc' dir='ltr'>τὴν</span> <span class='ocrx_word' id='word_1_252' title='bbox 555 3378 756 3456; x_wconf 84' lang='grc' dir='ltr'>[ἁγίαν]</span> <span class='ocrx_word' id='word_1_253' title='bbox 793 3381 964 3434; x_wconf 85' lang='grc' dir='ltr'>εἰκόνα</span> <span class='ocrx_word' id='word_1_254' title='bbox 989 3380 1316 3448; x_wconf 82' lang='grc' dir='ltr'>καταϐαλεῖν,</span> <span class='ocrx_word' id='word_1_255' title='bbox 1364 3379 1530 3449; x_wconf 72' lang='grc' dir='ltr'>εὐθὺς,</span> <span class='ocrx_word' id='word_1_256' title='bbox 1580 3381 1610 3438; x_wconf 83' lang='grc' dir='ltr'><strong>ἠ</strong></span> <span class='ocrx_word' id='word_1_257' title='bbox 1653 3399 1753 3452; x_wconf 86' lang='grc' dir='ltr'>μα-</span> 
     </span>
    </p>
   </div>
   <div class='ocr_carea' id='block_1_38' title="bbox 136 3467 1754 3550">
    <p class='ocr_par' dir='ltr' id='par_1_38' title="bbox 136 3467 1754 3550">
     <span class='ocr_line' id='line_1_38' title="bbox 136 3467 1754 3550; baseline -0.002 -26"><span class='ocrx_word' id='word_1_258' title='bbox 136 3476 308 3544; x_wconf 81' lang='grc' dir='ltr'>καρία</span> <span class='ocrx_word' id='word_1_259' title='bbox 349 3467 616 3524; x_wconf 76' lang='grc' dir='ltr'>Θεοδοσία</span> <span class='ocrx_word' id='word_1_260' title='bbox 642 3470 756 3544; x_wconf 84' lang='grc' dir='ltr'>μεθ’</span> <span class='ocrx_word' id='word_1_261' title='bbox 813 3471 989 3545; x_wconf 73' lang='grc' dir='ltr'>ἐτέρων</span> <span class='ocrx_word' id='word_1_262' title='bbox 1044 3477 1301 3542; x_wconf 83' lang='grc' dir='ltr'>γυναικῶν</span> <span class='ocrx_word' id='word_1_263' title='bbox 1359 3467 1602 3532; x_wconf 69' lang='grc' dir='ltr'>εὐσεϐῶν,</span> <span class='ocrx_word' id='word_1_264' title='bbox 1658 3476 1754 3550; x_wconf 77' lang='grc' dir='ltr'>τῆς</span> 
     </span>
    </p>
   </div>
   <div class='ocr_carea' id='block_1_39' title="bbox 136 3555 1750 3633">
    <p class='ocr_par' dir='ltr' id='par_1_39' title="bbox 136 3555 1750 3633">
     <span class='ocr_line' id='line_1_39' title="bbox 136 3555 1750 3633; baseline -0.002 -19"><span class='ocrx_word' id='word_1_265' title='bbox 136 3560 398 3629; x_wconf 82' lang='grc' dir='ltr'>κλίμακος</span> <span class='ocrx_word' id='word_1_266' title='bbox 461 3555 804 3633; x_wconf 83' lang='grc' dir='ltr'>δραξάμεναι,</span> <span class='ocrx_word' id='word_1_267' title='bbox 870 3563 960 3612; x_wconf 87' lang='grc' dir='ltr'>καὶ</span> <span class='ocrx_word' id='word_1_268' title='bbox 1027 3563 1114 3613; x_wconf 85' lang='grc' dir='ltr'>τὸν</span> <span class='ocrx_word' id='word_1_269' title='bbox 1177 3561 1465 3632; x_wconf 82' lang='grc' dir='ltr'>σπαθάριον</span> <span class='ocrx_word' id='word_1_270' title='bbox 1541 3565 1601 3631; x_wconf 74' lang='grc' dir='ltr'>τῇ</span> <span class='ocrx_word' id='word_1_271' title='bbox 1684 3565 1750 3630; x_wconf 76' lang='grc' dir='ltr'>γῇ</span> 
     </span>
    </p>
   </div>
   <div class='ocr_carea' id='block_1_40' title="bbox 142 3643 1756 3723">
    <p class='ocr_par' dir='ltr' id='par_1_40' title="bbox 142 3643 1756 3723">
     <span class='ocr_line' id='line_1_40' title="bbox 142 3643 1756 3723; baseline -0.002 -21"><span class='ocrx_word' id='word_1_272' title='bbox 142 3647 552 3723; x_wconf 68' lang='grc' dir='ltr'>προσριψασαι,</span> <span class='ocrx_word' id='word_1_273' title='bbox 614 3656 688 3718; x_wconf 83' lang='grc' dir='ltr'>τῷ</span> <span class='ocrx_word' id='word_1_274' title='bbox 749 3650 950 3720; x_wconf 84' lang='grc' dir='ltr'>θανάτῳ</span> <span class='ocrx_word' id='word_1_275' title='bbox 1002 3643 1313 3720; x_wconf 74' lang='grc' dir='ltr'>παρέδωκαν</span> <span class='ocrx_word' id='word_1_276' title='bbox 1350 3669 1361 3682; x_wconf 89' lang='grc'>·</span> <span class='ocrx_word' id='word_1_277' title='bbox 1421 3652 1510 3700; x_wconf 85' lang='grc' dir='ltr'>καὶ</span> <span class='ocrx_word' id='word_1_278' title='bbox 1597 3665 1756 3699; x_wconf 88' lang='grc' dir='ltr'>κατα-</span> 
     </span>
    </p>
   </div>
   <div class='ocr_carea' id='block_1_41' title="bbox 135 3731 1750 3813">
    <p class='ocr_par' dir='ltr' id='par_1_41' title="bbox 135 3731 1750 3813">
     <span class='ocr_line' id='line_1_41' title="bbox 135 3731 1750 3813; baseline -0.002 -23"><span class='ocrx_word' id='word_1_279' title='bbox 135 3737 408 3790; x_wconf 84' lang='grc' dir='ltr'>λαϐοῦσαι</span> <span class='ocrx_word' id='word_1_280' title='bbox 448 3740 506 3790; x_wconf 86' lang='grc' dir='ltr'>τὸ</span> <span class='ocrx_word' id='word_1_281' title='bbox 559 3744 958 3813; x_wconf 78' lang='grc' dir='ltr'>πατριαρχεῖον,</span> <span class='ocrx_word' id='word_1_282' title='bbox 1001 3735 1325 3790; x_wconf 79' lang='grc' dir='ltr'>ἑλιθοϐύλουν</span> <span class='ocrx_word' id='word_1_283' title='bbox 1377 3739 1462 3789; x_wconf 87' lang='grc' dir='ltr'>τὸν</span> <span class='ocrx_word' id='word_1_284' title='bbox 1518 3731 1750 3793; x_wconf 79' lang='grc' dir='ltr'>δυσσεϐῆ</span> 
     </span>
    </p>
   </div>
   <div class='ocr_carea' id='block_1_42' title="bbox 143 3821 1755 3900">
    <p class='ocr_par' dir='ltr' id='par_1_42' title="bbox 143 3821 1755 3900">
     <span class='ocr_line' id='line_1_42' title="bbox 143 3821 1755 3900; baseline -0.003 -21"><span class='ocrx_word' id='word_1_285' title='bbox 143 3826 499 3879; x_wconf 80' lang='grc' dir='ltr'>Ἀναστάσιον</span> <span class='ocrx_word' id='word_1_286' title='bbox 529 3828 616 3879; x_wconf 84' lang='grc' dir='ltr'>τὸν</span> <span class='ocrx_word' id='word_1_287' title='bbox 646 3827 1007 3900; x_wconf 69' lang='grc' dir='ltr'>πατριάρχην.</span> <span class='ocrx_word' id='word_1_288' title='bbox 1048 3829 1358 3900; x_wconf 77' lang='grc' dir='ltr'>ῐιαραυτίκα</span> <span class='ocrx_word' id='word_1_289' title='bbox 1415 3821 1501 3876; x_wconf 76' lang='grc' dir='ltr'>οὖν</span> <span class='ocrx_word' id='word_1_290' title='bbox 1556 3825 1610 3875; x_wconf 82' lang='grc' dir='ltr'>αὶ</span> <span class='ocrx_word' id='word_1_291' title='bbox 1665 3826 1755 3895; x_wconf 75' lang='grc' dir='ltr'>μεν</span> 
     </span>
    </p>
   </div>
   <div class='ocr_carea' id='block_1_43' title="bbox 140 3909 1756 3988">
    <p class='ocr_par' dir='ltr' id='par_1_43' title="bbox 140 3909 1756 3988">
     <span class='ocr_line' id='line_1_43' title="bbox 140 3909 1756 3988; baseline -0.002 -20"><span class='ocrx_word' id='word_1_292' title='bbox 140 3916 330 3969; x_wconf 85' lang='grc' dir='ltr'>λοιπαί</span> <span class='ocrx_word' id='word_1_293' title='bbox 403 3923 502 3968; x_wconf 83' lang='grc' dir='ltr'>τῶν</span> <span class='ocrx_word' id='word_1_294' title='bbox 569 3924 827 3987; x_wconf 78' lang='grc' dir='ltr'>γυναικῶν</span> <span class='ocrx_word' id='word_1_295' title='bbox 913 3914 1430 3988; x_wconf 68' lang='grc' dir='ltr'>άπεκεφαλΐσθησαν,</span> <span class='ocrx_word' id='word_1_296' title='bbox 1520 3917 1611 3972; x_wconf 79' lang='grc' dir='ltr'>τὴν</span> <span class='ocrx_word' id='word_1_297' title='bbox 1697 3909 1756 3965; x_wconf 76' lang='grc' dir='ltr'>δε</span> 
     </span>
    </p>
   </div>
   <div class='ocr_carea' id='block_1_44' title="bbox 148 3999 1758 4078">
    <p class='ocr_par' dir='ltr' id='par_1_44' title="bbox 148 3999 1758 4078">
     <span class='ocr_line' id='line_1_44' title="bbox 148 3999 1758 4078; baseline -0.002 -20"><span class='ocrx_word' id='word_1_298' title='bbox 148 4005 310 4077; x_wconf 81' lang='grc' dir='ltr'>ἁγίαν</span> <span class='ocrx_word' id='word_1_299' title='bbox 379 4005 517 4078; x_wconf 83' lang='grc' dir='ltr'>ὠμὸς</span> <span class='ocrx_word' id='word_1_300' title='bbox 583 4025 662 4067; x_wconf 91' lang='grc' dir='ltr'>τις</span> <span class='ocrx_word' id='word_1_301' title='bbox 726 4009 816 4057; x_wconf 79' lang='grc' dir='ltr'>καὶ</span> <span class='ocrx_word' id='word_1_302' title='bbox 906 4004 1244 4078; x_wconf 80' lang='grc' dir='ltr'>ἀπάνθρωπος</span> <span class='ocrx_word' id='word_1_303' title='bbox 1326 4003 1480 4056; x_wconf 84' lang='grc' dir='ltr'>ἕλκων</span> <span class='ocrx_word' id='word_1_304' title='bbox 1564 3999 1758 4074; x_wconf 77' lang='grc' dir='ltr'>δήμιος</span> 
     </span>
    </p>
   </div>
   <div class='ocr_carea' id='block_1_45' title="bbox 141 4087 1756 4168">
    <p class='ocr_par' dir='ltr' id='par_1_45' title="bbox 141 4087 1756 4168">
     <span class='ocr_line' id='line_1_45' title="bbox 141 4087 1756 4168; baseline -0.004 -21"><span class='ocrx_word' id='word_1_305' title='bbox 141 4097 248 4167; x_wconf 85' lang='grc' dir='ltr'>πρὸ</span> <span class='ocrx_word' id='word_1_306' title='bbox 302 4095 390 4146; x_wconf 86' lang='grc' dir='ltr'>τὸν</span> <span class='ocrx_word' id='word_1_307' title='bbox 461 4099 608 4160; x_wconf 86' lang='grc' dir='ltr'>Βοῦν,</span> <span class='ocrx_word' id='word_1_308' title='bbox 661 4091 826 4144; x_wconf 82' lang='grc' dir='ltr'>λαϐὼν</span> <span class='ocrx_word' id='word_1_309' title='bbox 874 4096 1028 4168; x_wconf 78' lang='grc' dir='ltr'>κερας</span> <span class='ocrx_word' id='word_1_310' title='bbox 1101 4099 1270 4165; x_wconf 87' lang='grc' dir='ltr'>κριοῦ,</span> <span class='ocrx_word' id='word_1_311' title='bbox 1337 4095 1426 4144; x_wconf 84' lang='grc' dir='ltr'>καὶ</span> <span class='ocrx_word' id='word_1_312' title='bbox 1481 4087 1756 4163; x_wconf 80' lang='grc' dir='ltr'>μανιωδῶς</span> 
     </span>
    </p>
   </div>
   <div class='ocr_carea' id='block_1_46' title="bbox 146 4180 1758 4255">
    <p class='ocr_par' dir='ltr' id='par_1_46' title="bbox 146 4180 1758 4255">
     <span class='ocr_line' id='line_1_46' title="bbox 146 4180 1758 4255; baseline -0.001 -21"><span class='ocrx_word' id='word_1_313' title='bbox 146 4184 290 4235; x_wconf 80' lang='grc' dir='ltr'>κατὰ</span> <span class='ocrx_word' id='word_1_314' title='bbox 318 4186 405 4234; x_wconf 86' lang='grc' dir='ltr'>τὸν</span> <span class='ocrx_word' id='word_1_315' title='bbox 436 4182 638 4254; x_wconf 62' lang='grc' dir='ltr'>αὐχένα</span> <span class='ocrx_word' id='word_1_316' title='bbox 678 4180 884 4247; x_wconf 69' lang='grc' dir='ltr'>ἐλάσας,</span> <span class='ocrx_word' id='word_1_317' title='bbox 947 4185 1034 4234; x_wconf 86' lang='grc' dir='ltr'>τὸν</span> <span class='ocrx_word' id='word_1_318' title='bbox 1085 4189 1174 4233; x_wconf 87' lang='grc' dir='ltr'>τοῦ</span> <span class='ocrx_word' id='word_1_319' title='bbox 1223 4186 1511 4255; x_wconf 85' lang='grc' dir='ltr'>μαρτυρίου</span> <span class='ocrx_word' id='word_1_320' title='bbox 1575 4185 1758 4252; x_wconf 77' lang='grc' dir='ltr'>στέφα-</span> 
     </span>
    </p>
   </div>
   <div class='ocr_carea' id='block_1_47' title="bbox 145 4266 1756 4345">
    <p class='ocr_par' dir='ltr' id='par_1_47' title="bbox 145 4266 1756 4345">
     <span class='ocr_line' id='line_1_47' title="bbox 145 4266 1756 4345; baseline -0.002 -21"><span class='ocrx_word' id='word_1_321' title='bbox 145 4291 235 4324; x_wconf 87' lang='grc' dir='ltr'>νον</span> <span class='ocrx_word' id='word_1_322' title='bbox 264 4271 393 4343; x_wconf 68' lang='grc' dir='ltr'>αὐτῇ</span> <span class='ocrx_word' id='word_1_323' title='bbox 453 4270 790 4345; x_wconf 74' lang='grc' dir='ltr'>προῦξένησε.</span> <span class='ocrx_word' id='word_1_324' title='bbox 841 4275 967 4344; x_wconf 87' lang='grc' dir='ltr'>Περί</span> <span class='ocrx_word' id='word_1_325' title='bbox 1024 4266 1082 4323; x_wconf 75' lang='grc' dir='ltr'>δὲ</span> <span class='ocrx_word' id='word_1_326' title='bbox 1134 4278 1232 4322; x_wconf 84' lang='grc' dir='ltr'>τῶν</span> <span class='ocrx_word' id='word_1_327' title='bbox 1289 4269 1510 4345; x_wconf 84' lang='grc' dir='ltr'>ἀπείρων</span> <span class='ocrx_word' id='word_1_328' title='bbox 1556 4271 1756 4341; x_wconf 84' lang='grc' dir='ltr'>θαυμά-</span> 
     </span>
    </p>
   </div>
   <div class='ocr_carea' id='block_1_48' title="bbox 144 4356 1754 4431">
    <p class='ocr_par' dir='ltr' id='par_1_48' title="bbox 144 4356 1754 4431">
     <span class='ocr_line' id='line_1_48' title="bbox 144 4356 1754 4431; baseline -0.002 -17"><span class='ocrx_word' id='word_1_329' title='bbox 144 4381 273 4427; x_wconf 88' lang='grc' dir='ltr'>των,</span> <span class='ocrx_word' id='word_1_330' title='bbox 333 4368 432 4412; x_wconf 87' lang='grc' dir='ltr'>τῶν</span> <span class='ocrx_word' id='word_1_331' title='bbox 489 4360 608 4412; x_wconf 75' lang='grc' dir='ltr'>καθ’</span> <span class='ocrx_word' id='word_1_332' title='bbox 677 4359 902 4418; x_wconf 75' lang='grc' dir='ltr'>ἑκάστην</span> <span class='ocrx_word' id='word_1_333' title='bbox 988 4356 1064 4412; x_wconf 80' lang='grc' dir='ltr'>δι’</span> <span class='ocrx_word' id='word_1_334' title='bbox 1130 4359 1291 4422; x_wconf 71' lang='grc' dir='ltr'>αὐτῆς</span> <span class='ocrx_word' id='word_1_335' title='bbox 1365 4359 1754 4431; x_wconf 83' lang='grc' dir='ltr'>ἐνεργουμένων,</span> 
     </span>
    </p>
   </div>
   <div class='ocr_carea' id='block_1_49' title="bbox 147 4443 1751 4522">
    <p class='ocr_par' dir='ltr' id='par_1_49' title="bbox 147 4443 1751 4522">
     <span class='ocr_line' id='line_1_49' title="bbox 147 4443 1751 4522; baseline -0.001 -20"><span class='ocrx_word' id='word_1_336' title='bbox 147 4449 323 4512; x_wconf 80' lang='grc' dir='ltr'>ἔξεστι</span> <span class='ocrx_word' id='word_1_337' title='bbox 351 4451 506 4500; x_wconf 87' lang='grc' dir='ltr'>πάντι</span> <span class='ocrx_word' id='word_1_338' title='bbox 533 4456 605 4519; x_wconf 81' lang='grc' dir='ltr'>τῷ</span> <span class='ocrx_word' id='word_1_339' title='bbox 637 4448 931 4522; x_wconf 79' lang='grc' dir='ltr'>βουλομένῳ</span> <span class='ocrx_word' id='word_1_340' title='bbox 975 4449 1270 4520; x_wconf 79' lang='grc' dir='ltr'>μανθάνειν.</span> <span class='ocrx_word' id='word_1_341' title='bbox 1319 4443 1548 4501; x_wconf 80' lang='grc' dir='ltr'>Τελεῖται</span> <span class='ocrx_word' id='word_1_342' title='bbox 1607 4444 1666 4500; x_wconf 76' lang='grc' dir='ltr'>δὲ</span> <span class='ocrx_word' id='word_1_343' title='bbox 1721 4450 1751 4506; x_wconf 81' lang='grc' dir='ltr'>ἡ</span> 
     </span>
    </p>
   </div>
   <div class='ocr_carea' id='block_1_50' title="bbox 148 4535 1828 4608">
    <p class='ocr_par' dir='ltr' id='par_1_50' title="bbox 148 4535 1828 4608">
     <span class='ocr_line' id='line_1_50' title="bbox 148 4535 1828 4608; baseline 0.01 -22"><span class='ocrx_word' id='word_1_344' title='bbox 148 4536 316 4597; x_wconf 69' lang='grc' dir='ltr'>αὐτῆς</span> <span class='ocrx_word' id='word_1_345' title='bbox 369 4536 580 4598; x_wconf 77' lang='grc' dir='ltr'>σύναξις</span> <span class='ocrx_word' id='word_1_346' title='bbox 646 4535 692 4588; x_wconf 88' lang='grc' dir='ltr'>ἐν</span> <span class='ocrx_word' id='word_1_347' title='bbox 748 4544 810 4607; x_wconf 74' lang='grc' dir='ltr'>τῇ</span> <span class='ocrx_word' id='word_1_348' title='bbox 861 4544 989 4608; x_wconf 80' lang='grc' dir='ltr'>μονῇ</span> <span class='ocrx_word' id='word_1_349' title='bbox 1060 4543 1150 4587; x_wconf 87' lang='grc' dir='ltr'>τοῦ</span> <span class='ocrx_word' id='word_1_350' title='bbox 1237 4538 1569 4608; x_wconf 77' lang='grc' dir='ltr'>Διοκράτους.</span> <span class='ocrx_word' id='word_1_351' title='bbox 1639 4538 1828 4602; x_wconf 76' lang='grc' dir='ltr'>ἔνθαῡ</span> 
     </span>
    </p>
   </div>
   <div class='ocr_carea' id='block_1_51' title="bbox 146 4623 1757 4697">
    <p class='ocr_par' dir='ltr' id='par_1_51' title="bbox 146 4623 1757 4697">
     <span class='ocr_line' id='line_1_51' title="bbox 146 4623 1757 4697; baseline 0.001 -18"><span class='ocrx_word' id='word_1_352' title='bbox 146 4633 326 4679; x_wconf 78' lang='grc' dir='ltr'>κεῖται</span> <span class='ocrx_word' id='word_1_353' title='bbox 353 4629 411 4677; x_wconf 89' lang='grc' dir='ltr'>τὸ</span> <span class='ocrx_word' id='word_1_354' title='bbox 466 4625 614 4697; x_wconf 85' lang='grc' dir='ltr'>οἷγιον</span> <span class='ocrx_word' id='word_1_355' title='bbox 661 4625 822 4686; x_wconf 68' lang='grc' dir='ltr'>αὐτῆς</span> <span class='ocrx_word' id='word_1_356' title='bbox 871 4623 1132 4696; x_wconf 69' lang='grc' dir='ltr'>λείψανον.</span> <span class='ocrx_word' id='word_1_357' title='bbox 1194 4627 1328 4680; x_wconf 71' lang='lat' dir='ltr'>Haec</span> <span class='ocrx_word' id='word_1_358' title='bbox 1390 4624 1511 4694; x_wconf 89' lang='lat' dir='ltr'>ibi;</span> <span class='ocrx_word' id='word_1_359' title='bbox 1564 4625 1757 4680; x_wconf 86' lang='lat' dir='ltr'>verbis</span> 
     </span>
    </p>
   </div>
   <div class='ocr_carea' id='block_1_52' title="bbox 145 4713 1758 4788">
    <p class='ocr_par' dir='ltr' id='par_1_52' title="bbox 145 4713 1758 4788">
     <span class='ocr_line' id='line_1_52' title="bbox 145 4713 1758 4788; baseline -0.001 -18"><span class='ocrx_word' id='word_1_360' title='bbox 145 4732 291 4788; x_wconf 69' lang='lat' dir='ltr'>quae</span> <span class='ocrx_word' id='word_1_361' title='bbox 322 4715 340 4786; x_wconf 91' lang='lat'>[</span> <span class='ocrx_word' id='word_1_362' title='bbox 369 4714 620 4788; x_wconf 90' lang='lat' dir='ltr'>]inclusi</span> <span class='ocrx_word' id='word_1_363' title='bbox 643 4714 1160 4772; x_wconf 86' lang='lat' dir='ltr'>eClaromontano</span> <span class='ocrx_word' id='word_1_364' title='bbox 1178 4715 1453 4787; x_wconf 86' lang='lat' dir='ltr'>sumptis,</span> <span class='ocrx_word' id='word_1_365' title='bbox 1488 4714 1590 4770; x_wconf 91' lang='lat' dir='ltr'>ubi</span> <span class='ocrx_word' id='word_1_366' title='bbox 1621 4713 1758 4770; x_wconf 85' lang='lat' dir='ltr'>ﬁnis</span> 
     </span>
    </p>
   </div>
   <div class='ocr_carea' id='block_1_53' title="bbox 147 4801 1756 4876">
    <p class='ocr_par' dir='ltr' id='par_1_53' title="bbox 147 4801 1756 4876">
     <span class='ocr_line' id='line_1_53' title="bbox 147 4801 1756 4876; baseline -0.002 -16"><span class='ocrx_word' id='word_1_367' title='bbox 147 4804 333 4860; x_wconf 90' lang='lat' dir='ltr'>etiam</span> <span class='ocrx_word' id='word_1_368' title='bbox 365 4803 450 4859; x_wconf 92' lang='lat' dir='ltr'>sic</span> <span class='ocrx_word' id='word_1_369' title='bbox 477 4803 750 4860; x_wconf 88' lang='lat' dir='ltr'>diversus</span> <span class='ocrx_word' id='word_1_370' title='bbox 780 4804 1071 4875; x_wconf 87' lang='lat' dir='ltr'>reperitur</span> <span class='ocrx_word' id='word_1_371' title='bbox 1097 4821 1109 4859; x_wconf 75' lang='grc' dir='ltr'>ε</span> <span class='ocrx_word' id='word_1_372' title='bbox 1145 4803 1329 4856; x_wconf 79' lang='grc' dir='ltr'>Λαϐὼν</span> <span class='ocrx_word' id='word_1_373' title='bbox 1354 4807 1500 4876; x_wconf 80' lang='grc' dir='ltr'>κέρας</span> <span class='ocrx_word' id='word_1_374' title='bbox 1527 4801 1756 4876; x_wconf 77' lang='grc' dir='ltr'>ἀπέσφα-</span> 
     </span>
    </p>
   </div>
   <div class='ocr_carea' id='block_1_54' title="bbox 149 4890 1756 4965">
    <p class='ocr_par' dir='ltr' id='par_1_54' title="bbox 149 4890 1756 4965">
     <span class='ocr_line' id='line_1_54' title="bbox 149 4890 1756 4965; baseline -0.001 -19"><span class='ocrx_word' id='word_1_375' title='bbox 149 4895 232 4958; x_wconf 86' lang='grc' dir='ltr'>ξεν</span> <span class='ocrx_word' id='word_1_376' title='bbox 259 4893 443 4951; x_wconf 73' lang='grc' dir='ltr'>οιῦτὴν.</span> <span class='ocrx_word' id='word_1_377' title='bbox 485 4893 663 4955; x_wconf 74' lang='grc' dir='ltr'>Οὕτως</span> <span class='ocrx_word' id='word_1_378' title='bbox 712 4890 800 4945; x_wconf 73' lang='grc' dir='ltr'>οὖν</span> <span class='ocrx_word' id='word_1_379' title='bbox 857 4891 1025 4954; x_wconf 87' lang='grc' dir='ltr'>καλῶς</span> <span class='ocrx_word' id='word_1_380' title='bbox 1087 4893 1469 4965; x_wconf 77' lang='grc' dir='ltr'>ἁγωνισάμεναι</span> <span class='ocrx_word' id='word_1_381' title='bbox 1525 4893 1595 4956; x_wconf 82' lang='grc' dir='ltr'>εἰς</span> <span class='ocrx_word' id='word_1_382' title='bbox 1643 4899 1756 4964; x_wconf 82' lang='grc' dir='ltr'>χεῖ-</span> 
     </span>
    </p>
   </div>
   <div class='ocr_carea' id='block_1_55' title="bbox 147 4981 1758 5058">
    <p class='ocr_par' dir='ltr' id='par_1_55' title="bbox 147 4981 1758 5058">
     <span class='ocr_line' id='line_1_55' title="bbox 147 4981 1758 5058; baseline -0.002 -24"><span class='ocrx_word' id='word_1_383' title='bbox 147 5002 250 5058; x_wconf 89' lang='grc' dir='ltr'>ρας</span> <span class='ocrx_word' id='word_1_384' title='bbox 297 4989 430 5034; x_wconf 75' lang='grc' dir='ltr'>Θεοῦ</span> <span class='ocrx_word' id='word_1_385' title='bbox 477 4984 542 5034; x_wconf 84' lang='grc' dir='ltr'>τά</span> <span class='ocrx_word' id='word_1_386' title='bbox 608 4984 878 5054; x_wconf 76' lang='grc' dir='ltr'>πνεύματα</span> <span class='ocrx_word' id='word_1_387' title='bbox 929 4981 1122 5034; x_wconf 77' lang='grc' dir='ltr'>ἑαυτῶν</span> <span class='ocrx_word' id='word_1_388' title='bbox 1177 4985 1472 5054; x_wconf 73' lang='grc' dir='ltr'>παρὲθεντο,</span> <span class='ocrx_word' id='word_1_389' title='bbox 1529 4981 1758 5034; x_wconf 85' lang='grc' dir='ltr'>Τελεῖται</span> 
     </span>
    </p>
   </div>
   <div class='ocr_carea' id='block_1_56' title="bbox 150 5068 1759 5144">
    <p class='ocr_par' dir='ltr' id='par_1_56' title="bbox 150 5068 1759 5144">
     <span class='ocr_line' id='line_1_56' title="bbox 150 5068 1759 5144; baseline -0.001 -20"><span class='ocrx_word' id='word_1_390' title='bbox 150 5068 214 5124; x_wconf 68' lang='grc' dir='ltr'>δὲ</span> <span class='ocrx_word' id='word_1_391' title='bbox 244 5072 274 5128; x_wconf 77' lang='grc' dir='ltr'>ἡ</span> <span class='ocrx_word' id='word_1_392' title='bbox 301 5073 498 5132; x_wconf 76' lang='grc' dir='ltr'>ταύτης</span> <span class='ocrx_word' id='word_1_393' title='bbox 528 5069 760 5138; x_wconf 80' lang='grc' dir='ltr'>σῦναξις,</span> <span class='ocrx_word' id='word_1_394' title='bbox 794 5069 842 5122; x_wconf 77' lang='grc' dir='ltr'>ἐν</span> <span class='ocrx_word' id='word_1_395' title='bbox 870 5078 930 5144; x_wconf 78' lang='grc' dir='ltr'>τῇ</span> <span class='ocrx_word' id='word_1_396' title='bbox 989 5071 1117 5142; x_wconf 73' lang='grc' dir='ltr'>ἁγία</span> <span class='ocrx_word' id='word_1_397' title='bbox 1181 5079 1308 5144; x_wconf 71' lang='grc' dir='ltr'>μονῇ</span> <span class='ocrx_word' id='word_1_398' title='bbox 1367 5077 1458 5122; x_wconf 89' lang='grc' dir='ltr'>τοῦ</span> <span class='ocrx_word' id='word_1_399' title='bbox 1521 5078 1759 5144; x_wconf 85' lang='grc' dir='ltr'>Σωτῆρος</span> 
     </span>
    </p>
   </div>
   <div class='ocr_carea' id='block_1_57' title="bbox 148 5159 810 5235">
    <p class='ocr_par' dir='ltr' id='par_1_57' title="bbox 148 5159 810 5235">
     <span class='ocr_line' id='line_1_57' title="bbox 148 5159 810 5235; baseline -0.008 -19"><span class='ocrx_word' id='word_1_400' title='bbox 148 5166 388 5235; x_wconf 83' lang='grc' dir='ltr'>Χριστοῦ</span> <span class='ocrx_word' id='word_1_401' title='bbox 419 5166 510 5211; x_wconf 82' lang='grc' dir='ltr'>τοῦ</span> <span class='ocrx_word' id='word_1_402' title='bbox 531 5159 810 5234; x_wconf 67' lang='grc' dir='ltr'>Εὐεργέτου</span> 
     </span>
    </p>
   </div>
   <div class='ocr_carea' id='block_1_58' title="bbox 223 5246 1756 5320">
    <p class='ocr_par' dir='ltr' id='par_1_58' title="bbox 223 5246 1756 5320">
     <span class='ocr_line' id='line_1_58' title="bbox 223 5246 1756 5320; baseline -0.001 -16"><span class='ocrx_word' id='word_1_403' title='bbox 223 5255 277 5304; x_wconf 84' lang='grc'>7.</span> <span class='ocrx_word' id='word_1_404' title='bbox 309 5271 328 5296; x_wconf 77' lang='grc' dir='ltr'>ε</span> <span class='ocrx_word' id='word_1_405' title='bbox 358 5248 485 5304; x_wconf 89' lang='lat' dir='ltr'>Fuit</span> <span class='ocrx_word' id='word_1_406' title='bbox 509 5247 636 5303; x_wconf 79' lang='lat' dir='ltr'>haec</span> <span class='ocrx_word' id='word_1_407' title='bbox 667 5247 724 5304; x_wconf 90' lang='lat' dir='ltr'>in</span> <span class='ocrx_word' id='word_1_408' title='bbox 755 5247 1292 5304; x_wconf 87' lang='lat' dir='ltr'>diebusTheodosii</span> <span class='ocrx_word' id='word_1_409' title='bbox 1321 5246 1756 5320; x_wconf 79' lang='lat' dir='ltr'>[Adramyteni]</span> 
     </span>
    </p>
   </div>
   <div class='ocr_carea' id='block_1_59' title="bbox 146 5336 1754 5413">
    <p class='ocr_par' dir='ltr' id='par_1_59' title="bbox 146 5336 1754 5413">
     <span class='ocr_line' id='line_1_59' title="bbox 146 5336 1754 5413; baseline 0 -21"><span class='ocrx_word' id='word_1_410' title='bbox 146 5339 393 5413; x_wconf 89' lang='lat' dir='ltr'>piorum</span> <span class='ocrx_word' id='word_1_411' title='bbox 423 5340 737 5410; x_wconf 90' lang='lat' dir='ltr'>parentum</span> <span class='ocrx_word' id='word_1_412' title='bbox 768 5337 891 5394; x_wconf 89' lang='lat' dir='ltr'>ﬁlia</span> <span class='ocrx_word' id='word_1_413' title='bbox 920 5355 992 5394; x_wconf 79' lang='lat' dir='ltr'>ex</span> <span class='ocrx_word' id='word_1_414' title='bbox 1033 5337 1182 5394; x_wconf 85' lang='lat' dir='ltr'>urbe</span> <span class='ocrx_word' id='word_1_415' title='bbox 1221 5336 1754 5409; x_wconf 85' lang='lat' dir='ltr'>Constantinopoli,</span> 
     </span>
    </p>
   </div>
   <div class='ocr_carea' id='block_1_60' title="bbox 148 5425 1757 5500">
    <p class='ocr_par' dir='ltr' id='par_1_60' title="bbox 148 5425 1757 5500">
     <span class='ocr_line' id='line_1_60' title="bbox 148 5425 1757 5500; baseline -0.001 -17"><span class='ocrx_word' id='word_1_416' title='bbox 148 5443 289 5500; x_wconf 68' lang='lat' dir='ltr'>quae</span> <span class='ocrx_word' id='word_1_417' title='bbox 321 5443 461 5483; x_wconf 90' lang='lat' dir='ltr'>cum</span> <span class='ocrx_word' id='word_1_418' title='bbox 488 5426 790 5499; x_wconf 86' lang='lat' dir='ltr'>septennis</span> <span class='ocrx_word' id='word_1_419' title='bbox 812 5425 968 5485; x_wconf 78' lang='lat' dir='ltr'>facta</span> <span class='ocrx_word' id='word_1_420' title='bbox 987 5427 1757 5500; x_wconf 85' lang='lat' dir='ltr'>amisissetpatrem,mater</span> 
     </span>
    </p>
   </div>
   <div class='ocr_carea' id='block_1_61' title="bbox 150 5514 1756 5588">
    <p class='ocr_par' dir='ltr' id='par_1_61' title="bbox 150 5514 1756 5588">
     <span class='ocr_line' id='line_1_61' title="bbox 150 5514 1756 5588; baseline -0.001 -14"><span class='ocrx_word' id='word_1_421' title='bbox 150 5515 380 5588; x_wconf 90' lang='lat' dir='ltr'>accepit</span> <span class='ocrx_word' id='word_1_422' title='bbox 398 5514 604 5583; x_wconf 89' lang='lat' dir='ltr'>ﬁliam,</span> <span class='ocrx_word' id='word_1_423' title='bbox 630 5515 769 5572; x_wconf 89' lang='lat' dir='ltr'>etin</span> <span class='ocrx_word' id='word_1_424' title='bbox 788 5532 908 5573; x_wconf 91' lang='lat' dir='ltr'>uno</span> <span class='ocrx_word' id='word_1_425' title='bbox 924 5517 1427 5574; x_wconf 88' lang='lat' dir='ltr'>monasteriorum</span> <span class='ocrx_word' id='word_1_426' title='bbox 1452 5515 1756 5588; x_wconf 86' lang='lat' dir='ltr'>Byzantio-</span> 
     </span>
    </p>
   </div>
   <div class='ocr_carea' id='block_1_62' title="bbox 148 5603 1754 5679">
    <p class='ocr_par' dir='ltr' id='par_1_62' title="bbox 148 5603 1754 5679">
     <span class='ocr_line' id='line_1_62' title="bbox 148 5603 1754 5679; baseline -0.001 -17"><span class='ocrx_word' id='word_1_427' title='bbox 148 5622 288 5662; x_wconf 92' lang='lat' dir='ltr'>rum</span> <span class='ocrx_word' id='word_1_428' title='bbox 304 5605 561 5662; x_wconf 83' lang='lat' dir='ltr'>attondit</span> <span class='ocrx_word' id='word_1_429' title='bbox 588 5623 602 5673; x_wconf 85' lang='lat'><strong>;</strong></span> <span class='ocrx_word' id='word_1_430' title='bbox 625 5603 844 5662; x_wconf 86' lang='lat' dir='ltr'>deinde</span> <span class='ocrx_word' id='word_1_431' title='bbox 874 5604 1021 5663; x_wconf 92' lang='lat' dir='ltr'>obiit</span> <span class='ocrx_word' id='word_1_432' title='bbox 1041 5606 1218 5663; x_wconf 88' lang='lat' dir='ltr'>etiam</span> <span class='ocrx_word' id='word_1_433' title='bbox 1240 5606 1394 5679; x_wconf 88' lang='lat' dir='ltr'>ipsa,</span> <span class='ocrx_word' id='word_1_434' title='bbox 1412 5605 1754 5678; x_wconf 88' lang='lat' dir='ltr'>relinquens</span> 
     </span>
    </p>
   </div>
   <div class='ocr_carea' id='block_1_63' title="bbox 148 5681 1754 5768">
    <p class='ocr_par' dir='ltr' id='par_1_63' title="bbox 148 5681 1754 5768">
     <span class='ocr_line' id='line_1_63' title="bbox 148 5681 1754 5768; baseline -0.001 -15"><span class='ocrx_word' id='word_1_435' title='bbox 148 5681 287 5754; x_wconf 70' lang='lat' dir='ltr'>filiae</span> <span class='ocrx_word' id='word_1_436' title='bbox 300 5710 477 5754; x_wconf 87' lang='lat' dir='ltr'>suam</span> <span class='ocrx_word' id='word_1_437' title='bbox 486 5692 713 5754; x_wconf 79' lang='lat' dir='ltr'>omnem</span> <span class='ocrx_word' id='word_1_438' title='bbox 724 5694 1131 5755; x_wconf 80' lang='lat' dir='ltr'>substantiam.</span> <span class='ocrx_word' id='word_1_439' title='bbox 1148 5690 1278 5754; x_wconf 84' lang='lat' dir='ltr'>Haec</span> <span class='ocrx_word' id='word_1_440' title='bbox 1289 5704 1364 5755; x_wconf 73' lang='lat' dir='ltr'>ex</span> <span class='ocrx_word' id='word_1_441' title='bbox 1382 5712 1531 5756; x_wconf 90' lang='lat' dir='ltr'>auro</span> <span class='ocrx_word' id='word_1_442' title='bbox 1544 5697 1754 5768; x_wconf 75' lang='lat' dir='ltr'>argen-</span> 
     </span>
    </p>
   </div>
   <div class='ocr_carea' id='block_1_64' title="bbox 1865 565 3504 646">
    <p class='ocr_par' dir='ltr' id='par_1_64' title="bbox 1865 565 3504 646">
     <span class='ocr_line' id='line_1_64' title="bbox 1865 565 3504 646; baseline 0.006 -27"><span class='ocrx_word' id='word_1_443' title='bbox 1865 565 1998 635; x_wconf 84' lang='lat' dir='ltr'>cet],</span> <span class='ocrx_word' id='word_1_444' title='bbox 2027 565 2416 639; x_wconf 70' lang='lat' dir='ltr'>Deiparaaque</span> <span class='ocrx_word' id='word_1_445' title='bbox 2457 568 2871 638; x_wconf 57' lang='lat' dir='ltr'>sanctissimae,</span> <span class='ocrx_word' id='word_1_446' title='bbox 2929 574 2986 626; x_wconf 92' lang='lat' dir='ltr'>et</span> <span class='ocrx_word' id='word_1_447' title='bbox 3033 572 3088 627; x_wconf 92' lang='lat' dir='ltr'>S.</span> <span class='ocrx_word' id='word_1_448' title='bbox 3149 573 3504 646; x_wconf 60' lang='lat' dir='ltr'>Anastasius,</span> 
     </span>
    </p>
   </div>
   <div class='ocr_carea' id='block_1_65' title="bbox 1865 655 3508 734">
    <p class='ocr_par' dir='ltr' id='par_1_65' title="bbox 1865 655 3508 734">
     <span class='ocr_line' id='line_1_65' title="bbox 1865 655 3508 734; baseline 0.005 -24"><span class='ocrx_word' id='word_1_449' title='bbox 1865 659 2078 712; x_wconf 81' lang='lat' dir='ltr'>caetera</span> <span class='ocrx_word' id='word_1_450' title='bbox 2105 655 2407 713; x_wconf 84' lang='lat' dir='ltr'>distribuit</span> <span class='ocrx_word' id='word_1_451' title='bbox 2434 657 2495 712; x_wconf 88' lang='lat' dir='ltr'>in</span> <span class='ocrx_word' id='word_1_452' title='bbox 2521 673 2835 730; x_wconf 88' lang='lat' dir='ltr'>pauperes.</span> <span class='ocrx_word' id='word_1_453' title='bbox 2870 662 3007 715; x_wconf 88' lang='lat' dir='ltr'>Post</span> <span class='ocrx_word' id='word_1_454' title='bbox 3058 660 3306 734; x_wconf 90' lang='lat' dir='ltr'>aliquod</span> <span class='ocrx_word' id='word_1_455' title='bbox 3363 679 3508 719; x_wconf 89' lang='lat' dir='ltr'>vero</span> 
     </span>
    </p>
   </div>
   <div class='ocr_carea' id='block_1_66' title="bbox 1863 747 3508 824">
    <p class='ocr_par' dir='ltr' id='par_1_66' title="bbox 1863 747 3508 824">
     <span class='ocr_line' id='line_1_66' title="bbox 1863 747 3508 824; baseline 0.005 -25"><span class='ocrx_word' id='word_1_456' title='bbox 1863 747 2122 817; x_wconf 88' lang='lat' dir='ltr'>tempus,</span> <span class='ocrx_word' id='word_1_457' title='bbox 2138 761 2275 801; x_wconf 93' lang='lat' dir='ltr'>cum</span> <span class='ocrx_word' id='word_1_458' title='bbox 2288 747 2508 818; x_wconf 89' lang='lat' dir='ltr'>impius</span> <span class='ocrx_word' id='word_1_459' title='bbox 2530 749 2642 804; x_wconf 90' lang='lat' dir='ltr'>Leo</span> <span class='ocrx_word' id='word_1_460' title='bbox 2655 749 3004 820; x_wconf 82' lang='lat' dir='ltr'>arripuisset</span> <span class='ocrx_word' id='word_1_461' title='bbox 3023 749 3508 824; x_wconf 84' lang='lat' dir='ltr'>imperium,piis-</span> 
     </span>
    </p>
   </div>
   <div class='ocr_carea' id='block_1_67' title="bbox 1865 833 3509 913">
    <p class='ocr_par' dir='ltr' id='par_1_67' title="bbox 1865 833 3509 913">
     <span class='ocr_line' id='line_1_67' title="bbox 1865 833 3509 913; baseline 0.005 -24"><span class='ocrx_word' id='word_1_462' title='bbox 1865 835 2019 890; x_wconf 88' lang='lat' dir='ltr'>simo</span> <span class='ocrx_word' id='word_1_463' title='bbox 2045 833 2382 891; x_wconf 87' lang='lat' dir='ltr'>Theodosio</span> <span class='ocrx_word' id='word_1_464' title='bbox 2395 851 2524 892; x_wconf 89' lang='lat' dir='ltr'>sese</span> <span class='ocrx_word' id='word_1_465' title='bbox 2536 837 2906 894; x_wconf 87' lang='lat' dir='ltr'>subducente</span> <span class='ocrx_word' id='word_1_466' title='bbox 2924 855 2937 905; x_wconf 90' lang='lat'><strong>;</strong></span> <span class='ocrx_word' id='word_1_467' title='bbox 2953 855 3244 910; x_wconf 85' lang='lat' dir='ltr'>magnum</span> <span class='ocrx_word' id='word_1_468' title='bbox 3257 841 3509 913; x_wconf 82' lang='lat' dir='ltr'>patriar-</span> 
     </span>
    </p>
   </div>
   <div class='ocr_carea' id='block_1_68' title="bbox 1865 922 3508 1000">
    <p class='ocr_par' dir='ltr' id='par_1_68' title="bbox 1865 922 3508 1000">
     <span class='ocr_line' id='line_1_68' title="bbox 1865 922 3508 1000; baseline 0.005 -22"><span class='ocrx_word' id='word_1_469' title='bbox 1865 922 2044 980; x_wconf 89' lang='lat' dir='ltr'>cham</span> <span class='ocrx_word' id='word_1_470' title='bbox 2075 925 2457 997; x_wconf 86' lang='lat' dir='ltr'>Germanum,</span> <span class='ocrx_word' id='word_1_471' title='bbox 2487 941 2558 981; x_wconf 92' lang='lat' dir='ltr'>eo</span> <span class='ocrx_word' id='word_1_472' title='bbox 2588 926 2755 999; x_wconf 91' lang='lat' dir='ltr'>quod</span> <span class='ocrx_word' id='word_1_473' title='bbox 2783 927 2966 986; x_wconf 89' lang='lat' dir='ltr'>nollet</span> <span class='ocrx_word' id='word_1_474' title='bbox 2994 929 3181 1000; x_wconf 90' lang='lat' dir='ltr'>impio</span> <span class='ocrx_word' id='word_1_475' title='bbox 3207 930 3258 1000; x_wconf 97' lang='lat' dir='ltr'>ej</span> <span class='ocrx_word' id='word_1_476' title='bbox 3271 945 3337 985; x_wconf 93' lang='lat' dir='ltr'>us</span> <span class='ocrx_word' id='word_1_477' title='bbox 3357 929 3508 999; x_wconf 82' lang='lat' dir='ltr'>dog-</span> 
     </span>
    </p>
   </div>
   <div class='ocr_carea' id='block_1_69' title="bbox 1865 1014 3508 1093">
    <p class='ocr_par' dir='ltr' id='par_1_69' title="bbox 1865 1014 3508 1093">
     <span class='ocr_line' id='line_1_69' title="bbox 1865 1014 3508 1093; baseline 0.005 -24"><span class='ocrx_word' id='word_1_478' title='bbox 1865 1014 2011 1070; x_wconf 90' lang='lat' dir='ltr'>mati</span> <span class='ocrx_word' id='word_1_479' title='bbox 2035 1014 2360 1082; x_wconf 81' lang='lat' dir='ltr'>adhaerere,</span> <span class='ocrx_word' id='word_1_480' title='bbox 2395 1016 2554 1087; x_wconf 91' lang='lat' dir='ltr'>[cum</span> <span class='ocrx_word' id='word_1_481' title='bbox 2587 1015 2807 1086; x_wconf 82' lang='lat' dir='ltr'>gladiis</span> <span class='ocrx_word' id='word_1_482' title='bbox 2838 1022 2894 1074; x_wconf 90' lang='lat' dir='ltr'>et</span> <span class='ocrx_word' id='word_1_483' title='bbox 2914 1017 3174 1075; x_wconf 82' lang='lat' dir='ltr'>fustibus</span> <span class='ocrx_word' id='word_1_484' title='bbox 3201 1034 3234 1075; x_wconf 91' lang='lat' dir='ltr'>e</span> <span class='ocrx_word' id='word_1_485' title='bbox 3259 1020 3508 1093; x_wconf 87' lang='lat' dir='ltr'>patriar-</span> 
     </span>
    </p>
   </div>
   <div class='ocr_carea' id='block_1_70' title="bbox 1864 1103 3505 1180">
    <p class='ocr_par' dir='ltr' id='par_1_70' title="bbox 1864 1103 3505 1180">
     <span class='ocr_line' id='line_1_70' title="bbox 1864 1103 3505 1180; baseline 0.005 -22"><span class='ocrx_word' id='word_1_486' title='bbox 1864 1103 2019 1175; x_wconf 88' lang='lat' dir='ltr'>chio]</span> <span class='ocrx_word' id='word_1_487' title='bbox 2049 1103 2291 1176; x_wconf 84' lang='lat' dir='ltr'>expulit,</span> <span class='ocrx_word' id='word_1_488' title='bbox 2327 1109 2382 1160; x_wconf 90' lang='lat' dir='ltr'>et</span> <span class='ocrx_word' id='word_1_489' title='bbox 2409 1109 2679 1162; x_wconf 81' lang='lat' dir='ltr'>sanctam</span> <span class='ocrx_word' id='word_1_490' title='bbox 2701 1111 2879 1180; x_wconf 89' lang='lat' dir='ltr'>atque</span> <span class='ocrx_word' id='word_1_491' title='bbox 2903 1107 3505 1180; x_wconf 89' lang='lat' dir='ltr'>Dominicamimagi-</span> 
     </span>
    </p>
   </div>
   <div class='ocr_carea' id='block_1_71' title="bbox 1863 1194 3507 1272">
    <p class='ocr_par' dir='ltr' id='par_1_71' title="bbox 1863 1194 3507 1272">
     <span class='ocr_line' id='line_1_71' title="bbox 1863 1194 3507 1272; baseline 0.004 -22"><span class='ocrx_word' id='word_1_492' title='bbox 1863 1208 2003 1250; x_wconf 91' lang='lat' dir='ltr'>nem</span> <span class='ocrx_word' id='word_1_493' title='bbox 2035 1194 2268 1250; x_wconf 88' lang='lat' dir='ltr'>Domini</span> <span class='ocrx_word' id='word_1_494' title='bbox 2289 1196 2498 1262; x_wconf 90' lang='lat' dir='ltr'>nostri,</span> <span class='ocrx_word' id='word_1_495' title='bbox 2530 1211 2711 1268; x_wconf 87' lang='lat' dir='ltr'>supra</span> <span class='ocrx_word' id='word_1_496' title='bbox 2738 1201 2972 1269; x_wconf 88' lang='lat' dir='ltr'>portam</span> <span class='ocrx_word' id='word_1_497' title='bbox 3000 1215 3156 1270; x_wconf 83' lang='lat' dir='ltr'>quae,</span> <span class='ocrx_word' id='word_1_498' title='bbox 3216 1197 3318 1272; x_wconf 90' lang='lat' dir='ltr'>[ab</span> <span class='ocrx_word' id='word_1_499' title='bbox 3373 1199 3507 1272; x_wconf 91' lang='lat' dir='ltr'>ipso</span> 
     </span>
    </p>
   </div>
   <div class='ocr_carea' id='block_1_72' title="bbox 1864 1281 3507 1361">
    <p class='ocr_par' dir='ltr' id='par_1_72' title="bbox 1864 1281 3507 1361">
     <span class='ocr_line' id='line_1_72' title="bbox 1864 1281 3507 1361; baseline 0.005 -24"><span class='ocrx_word' id='word_1_500' title='bbox 1864 1281 2207 1352; x_wconf 89' lang='lat' dir='ltr'>simulacro,</span> <span class='ocrx_word' id='word_1_501' title='bbox 2231 1283 2460 1358; x_wconf 90' lang='lat' dir='ltr'>sancta]</span> <span class='ocrx_word' id='word_1_502' title='bbox 2495 1287 2678 1341; x_wconf 60' lang='lat' dir='ltr'>zEnea</span> <span class='ocrx_word' id='word_1_503' title='bbox 2714 1285 2949 1356; x_wconf 89' lang='lat' dir='ltr'>dicitur,</span> <span class='ocrx_word' id='word_1_504' title='bbox 3004 1287 3377 1361; x_wconf 87' lang='lat' dir='ltr'>collocatam,</span> <span class='ocrx_word' id='word_1_505' title='bbox 3412 1304 3507 1345; x_wconf 85' lang='lat' dir='ltr'>co-</span> 
     </span>
    </p>
   </div>
   <div class='ocr_carea' id='block_1_73' title="bbox 1863 1372 3506 1448">
    <p class='ocr_par' dir='ltr' id='par_1_73' title="bbox 1863 1372 3506 1448">
     <span class='ocr_line' id='line_1_73' title="bbox 1863 1372 3506 1448; baseline 0.005 -22"><span class='ocrx_word' id='word_1_506' title='bbox 1863 1375 2040 1427; x_wconf 90' lang='lat' dir='ltr'>natus</span> <span class='ocrx_word' id='word_1_507' title='bbox 2065 1377 2156 1430; x_wconf 89' lang='lat' dir='ltr'>est</span> <span class='ocrx_word' id='word_1_508' title='bbox 2183 1372 2436 1444; x_wconf 88' lang='lat' dir='ltr'>dejicere</span> <span class='ocrx_word' id='word_1_509' title='bbox 2465 1373 2682 1430; x_wconf 75' lang='lat' dir='ltr'>efferus</span> <span class='ocrx_word' id='word_1_510' title='bbox 2711 1379 2889 1448; x_wconf 89' lang='lat' dir='ltr'>atque</span> <span class='ocrx_word' id='word_1_511' title='bbox 2918 1376 3043 1448; x_wconf 90' lang='lat' dir='ltr'>igni</span> <span class='ocrx_word' id='word_1_512' title='bbox 3069 1377 3324 1434; x_wconf 86' lang='lat' dir='ltr'>tradere.</span> <span class='ocrx_word' id='word_1_513' title='bbox 3358 1379 3506 1434; x_wconf 90' lang='lat' dir='ltr'>Cum</span> 
     </span>
    </p>
   </div>
   <div class='ocr_carea' id='block_1_74' title="bbox 1864 1461 3506 1539">
    <p class='ocr_par' dir='ltr' id='par_1_74' title="bbox 1864 1461 3506 1539">
     <span class='ocr_line' id='line_1_74' title="bbox 1864 1461 3506 1539; baseline 0.003 -21"><span class='ocrx_word' id='word_1_514' title='bbox 1864 1465 2064 1518; x_wconf 87' lang='lat' dir='ltr'>autem</span> <span class='ocrx_word' id='word_1_515' title='bbox 2085 1461 2201 1518; x_wconf 85' lang='lat' dir='ltr'>hoc</span> <span class='ocrx_word' id='word_1_516' title='bbox 2218 1466 2512 1534; x_wconf 87' lang='lat' dir='ltr'>ageretur,</span> <span class='ocrx_word' id='word_1_517' title='bbox 2534 1468 2592 1520; x_wconf 89' lang='lat' dir='ltr'>et</span> <span class='ocrx_word' id='word_1_518' title='bbox 2611 1464 2951 1536; x_wconf 87' lang='lat' dir='ltr'>spatharius</span> <span class='ocrx_word' id='word_1_519' title='bbox 2972 1466 3132 1537; x_wconf 91' lang='lat' dir='ltr'>[cum</span> <span class='ocrx_word' id='word_1_520' title='bbox 3150 1467 3362 1539; x_wconf 88' lang='lat' dir='ltr'>securi]</span> <span class='ocrx_word' id='word_1_521' title='bbox 3376 1467 3506 1538; x_wconf 91' lang='lat' dir='ltr'>jam</span> 
     </span>
    </p>
   </div>
   <div class='ocr_carea' id='block_1_75' title="bbox 1864 1551 3503 1625">
    <p class='ocr_par' dir='ltr' id='par_1_75' title="bbox 1864 1551 3503 1625">
     <span class='ocr_line' id='line_1_75' title="bbox 1864 1551 3503 1625; baseline 0.004 -19"><span class='ocrx_word' id='word_1_522' title='bbox 1864 1555 2017 1606; x_wconf 89' lang='lat' dir='ltr'>esset</span> <span class='ocrx_word' id='word_1_523' title='bbox 2035 1551 2096 1606; x_wconf 91' lang='lat' dir='ltr'>in</span> <span class='ocrx_word' id='word_1_524' title='bbox 2114 1551 2524 1621; x_wconf 88' lang='lat' dir='ltr'>scalis,volens</span> <span class='ocrx_word' id='word_1_525' title='bbox 2548 1569 2785 1610; x_wconf 85' lang='lat' dir='ltr'>sacram</span> <span class='ocrx_word' id='word_1_526' title='bbox 2798 1553 3054 1625; x_wconf 77' lang='lat' dir='ltr'>efﬁgiem</span> <span class='ocrx_word' id='word_1_527' title='bbox 3075 1556 3311 1613; x_wconf 88' lang='lat' dir='ltr'>amoliri</span> <span class='ocrx_word' id='word_1_528' title='bbox 3330 1576 3342 1624; x_wconf 91' lang='lat'><strong>;</strong></span> <span class='ocrx_word' id='word_1_529' title='bbox 3363 1573 3503 1613; x_wconf 85' lang='lat' dir='ltr'>con-</span> 
     </span>
    </p>
   </div>
   <div class='ocr_carea' id='block_1_76' title="bbox 1865 1639 3506 1718">
    <p class='ocr_par' dir='ltr' id='par_1_76' title="bbox 1865 1639 3506 1718">
     <span class='ocr_line' id='line_1_76' title="bbox 1865 1639 3506 1718; baseline 0.004 -23"><span class='ocrx_word' id='word_1_530' title='bbox 1865 1639 2030 1696; x_wconf 92' lang='lat' dir='ltr'>tinuo</span> <span class='ocrx_word' id='word_1_531' title='bbox 2059 1641 2114 1696; x_wconf 91' lang='lat' dir='ltr'>S.</span> <span class='ocrx_word' id='word_1_532' title='bbox 2139 1641 2470 1698; x_wconf 88' lang='lat' dir='ltr'>Theodosia</span> <span class='ocrx_word' id='word_1_533' title='bbox 2500 1642 2751 1715; x_wconf 72' lang='lat' dir='ltr'>aliaeque</span> <span class='ocrx_word' id='word_1_534' title='bbox 2777 1644 2891 1716; x_wconf 58' lang='lat' dir='ltr'>pile</span> <span class='ocrx_word' id='word_1_535' title='bbox 2909 1645 3187 1701; x_wconf 89' lang='lat' dir='ltr'>mulieres</span> <span class='ocrx_word' id='word_1_536' title='bbox 3203 1644 3506 1718; x_wconf 88' lang='lat' dir='ltr'>arripuere</span> 
     </span>
    </p>
   </div>
   <div class='ocr_carea' id='block_1_77' title="bbox 1864 1729 3508 1806">
    <p class='ocr_par' dir='ltr' id='par_1_77' title="bbox 1864 1729 3508 1806">
     <span class='ocr_line' id='line_1_77' title="bbox 1864 1729 3508 1806; baseline 0.005 -23"><span class='ocrx_word' id='word_1_537' title='bbox 1864 1729 2080 1802; x_wconf 88' lang='lat' dir='ltr'>scalas,</span> <span class='ocrx_word' id='word_1_538' title='bbox 2111 1734 2168 1787; x_wconf 91' lang='lat' dir='ltr'>et</span> <span class='ocrx_word' id='word_1_539' title='bbox 2191 1730 2490 1801; x_wconf 88' lang='lat' dir='ltr'>dejectum</span> <span class='ocrx_word' id='word_1_540' title='bbox 2519 1733 2580 1788; x_wconf 92' lang='lat' dir='ltr'>in</span> <span class='ocrx_word' id='word_1_541' title='bbox 2611 1736 2798 1789; x_wconf 89' lang='lat' dir='ltr'>terras</span> <span class='ocrx_word' id='word_1_542' title='bbox 2824 1735 3198 1806; x_wconf 89' lang='lat' dir='ltr'>spatharium</span> <span class='ocrx_word' id='word_1_543' title='bbox 3230 1735 3363 1791; x_wconf 88' lang='lat' dir='ltr'>neci</span> <span class='ocrx_word' id='word_1_544' title='bbox 3410 1735 3508 1791; x_wconf 88' lang='lat' dir='ltr'>de-</span> 
     </span>
    </p>
   </div>
   <div class='ocr_carea' id='block_1_78' title="bbox 1784 1818 3508 1895">
    <p class='ocr_par' dir='ltr' id='par_1_78' title="bbox 1784 1818 3508 1895">
     <span class='ocr_line' id='line_1_78' title="bbox 1784 1818 3508 1895; baseline 0.004 -20"><span class='ocrx_word' id='word_1_545' title='bbox 1784 1838 1826 1892; x_wconf 80' lang='lat' dir='ltr'>B</span> <span class='ocrx_word' id='word_1_546' title='bbox 1864 1818 2081 1876; x_wconf 90' lang='lat' dir='ltr'>derunt</span> <span class='ocrx_word' id='word_1_547' title='bbox 2116 1839 2130 1889; x_wconf 90' lang='lat'><strong>;</strong></span> <span class='ocrx_word' id='word_1_548' title='bbox 2172 1821 2660 1894; x_wconf 89' lang='lat' dir='ltr'>incurrentesque</span> <span class='ocrx_word' id='word_1_549' title='bbox 2687 1822 2748 1878; x_wconf 91' lang='lat' dir='ltr'>in</span> <span class='ocrx_word' id='word_1_550' title='bbox 2769 1823 3219 1895; x_wconf 85' lang='lat' dir='ltr'>patriarchium,</span> <span class='ocrx_word' id='word_1_551' title='bbox 3256 1828 3508 1882; x_wconf 88' lang='lat' dir='ltr'>Anasta-</span> 
     </span>
    </p>
   </div>
   <div class='ocr_carea' id='block_1_79' title="bbox 1864 1907 3510 1984">
    <p class='ocr_par' dir='ltr' id='par_1_79' title="bbox 1864 1907 3510 1984">
     <span class='ocr_line' id='line_1_79' title="bbox 1864 1907 3510 1984; baseline 0.005 -22"><span class='ocrx_word' id='word_1_552' title='bbox 1864 1907 1909 1963; x_wconf 91' lang='lat' dir='ltr'>si</span> <span class='ocrx_word' id='word_1_553' title='bbox 1920 1923 2020 1964; x_wconf 91' lang='lat' dir='ltr'>um</span> <span class='ocrx_word' id='word_1_554' title='bbox 2042 1908 2714 1980; x_wconf 87' lang='lat' dir='ltr'>pseudo-patriarcham</span> <span class='ocrx_word' id='word_1_555' title='bbox 2733 1915 3043 1983; x_wconf 66' lang='lat' dir='ltr'>coeperunt</span> <span class='ocrx_word' id='word_1_556' title='bbox 3069 1911 3360 1984; x_wconf 88' lang='lat' dir='ltr'>lapidare.</span> <span class='ocrx_word' id='word_1_557' title='bbox 3387 1913 3510 1970; x_wconf 87' lang='lat' dir='ltr'>Sta-</span> 
     </span>
    </p>
   </div>
   <div class='ocr_carea' id='block_1_80' title="bbox 1862 1996 3507 2073">
    <p class='ocr_par' dir='ltr' id='par_1_80' title="bbox 1862 1996 3507 2073">
     <span class='ocr_line' id='line_1_80' title="bbox 1862 1996 3507 2073; baseline 0.004 -21"><span class='ocrx_word' id='word_1_558' title='bbox 1862 1996 1966 2053; x_wconf 89' lang='lat' dir='ltr'>tim</span> <span class='ocrx_word' id='word_1_559' title='bbox 1994 1997 2172 2068; x_wconf 86' lang='lat' dir='ltr'>igitur</span> <span class='ocrx_word' id='word_1_560' title='bbox 2200 1997 2442 2070; x_wconf 71' lang='lat' dir='ltr'>reliquaa</span> <span class='ocrx_word' id='word_1_561' title='bbox 2478 1998 2724 2070; x_wconf 86' lang='lat' dir='ltr'>quidem</span> <span class='ocrx_word' id='word_1_562' title='bbox 2766 1999 3045 2056; x_wconf 88' lang='lat' dir='ltr'>mulieres</span> <span class='ocrx_word' id='word_1_563' title='bbox 3073 2001 3268 2073; x_wconf 89' lang='lat' dir='ltr'>capite</span> <span class='ocrx_word' id='word_1_564' title='bbox 3318 2000 3507 2073; x_wconf 82' lang='lat' dir='ltr'>plexae</span> 
     </span>
    </p>
   </div>
   <div class='ocr_carea' id='block_1_81' title="bbox 1861 2087 3508 2162">
    <p class='ocr_par' dir='ltr' id='par_1_81' title="bbox 1861 2087 3508 2162">
     <span class='ocr_line' id='line_1_81' title="bbox 1861 2087 3508 2162; baseline 0.003 -21"><span class='ocrx_word' id='word_1_565' title='bbox 1861 2089 2020 2152; x_wconf 87' lang='lat' dir='ltr'>sunt,</span> <span class='ocrx_word' id='word_1_566' title='bbox 2051 2087 2330 2142; x_wconf 87' lang='lat' dir='ltr'>Sanctam</span> <span class='ocrx_word' id='word_1_567' title='bbox 2357 2102 2498 2143; x_wconf 90' lang='lat' dir='ltr'>vero</span> <span class='ocrx_word' id='word_1_568' title='bbox 2533 2087 2790 2143; x_wconf 87' lang='lat' dir='ltr'>crudelis</span> <span class='ocrx_word' id='word_1_569' title='bbox 2827 2089 3078 2160; x_wconf 86' lang='lat' dir='ltr'>quidam</span> <span class='ocrx_word' id='word_1_570' title='bbox 3109 2093 3288 2162; x_wconf 89' lang='lat' dir='ltr'>atque</span> <span class='ocrx_word' id='word_1_571' title='bbox 3331 2090 3508 2146; x_wconf 88' lang='lat' dir='ltr'>inhu-</span> 
     </span>
    </p>
   </div>
   <div class='ocr_carea' id='block_1_82' title="bbox 1859 2174 3508 2244">
    <p class='ocr_par' dir='ltr' id='par_1_82' title="bbox 1859 2174 3508 2244">
     <span class='ocr_line' id='line_1_82' title="bbox 1859 2174 3508 2244; baseline 0.002 -14"><span class='ocrx_word' id='word_1_572' title='bbox 1859 2189 2079 2231; x_wconf 87' lang='lat' dir='ltr'>manus</span> <span class='ocrx_word' id='word_1_573' title='bbox 2094 2174 2356 2231; x_wconf 81' lang='lat' dir='ltr'>carnifex</span> <span class='ocrx_word' id='word_1_574' title='bbox 2379 2175 2624 2232; x_wconf 88' lang='lat' dir='ltr'>trahens</span> <span class='ocrx_word' id='word_1_575' title='bbox 2645 2176 2726 2233; x_wconf 90' lang='lat' dir='ltr'>ad</span> <span class='ocrx_word' id='word_1_576' title='bbox 2753 2177 2956 2233; x_wconf 90' lang='lat' dir='ltr'>locum</span> <span class='ocrx_word' id='word_1_577' title='bbox 2977 2178 3152 2234; x_wconf 89' lang='lat' dir='ltr'>Bovis</span> <span class='ocrx_word' id='word_1_578' title='bbox 3173 2177 3422 2244; x_wconf 91' lang='lat' dir='ltr'>dictum,</span> <span class='ocrx_word' id='word_1_579' title='bbox 3451 2181 3508 2234; x_wconf 90' lang='lat' dir='ltr'>et</span> 
     </span>
    </p>
   </div>
   <div class='ocr_carea' id='block_1_83' title="bbox 1861 2263 3506 2338">
    <p class='ocr_par' dir='ltr' id='par_1_83' title="bbox 1861 2263 3506 2338">
     <span class='ocr_line' id='line_1_83' title="bbox 1861 2263 3506 2338; baseline 0.001 -19"><span class='ocrx_word' id='word_1_580' title='bbox 1861 2279 2049 2319; x_wconf 91' lang='lat' dir='ltr'>cornu</span> <span class='ocrx_word' id='word_1_581' title='bbox 2065 2263 2263 2320; x_wconf 84' lang='lat' dir='ltr'>arietis</span> <span class='ocrx_word' id='word_1_582' title='bbox 2290 2264 2554 2338; x_wconf 89' lang='lat' dir='ltr'>rapiens,</span> <span class='ocrx_word' id='word_1_583' title='bbox 2572 2265 2719 2322; x_wconf 90' lang='lat' dir='ltr'>illud</span> <span class='ocrx_word' id='word_1_584' title='bbox 2741 2265 2802 2322; x_wconf 90' lang='lat' dir='ltr'>in</span> <span class='ocrx_word' id='word_1_585' title='bbox 2829 2268 3122 2323; x_wconf 86' lang='lat' dir='ltr'>cervicem</span> <span class='ocrx_word' id='word_1_586' title='bbox 3142 2265 3506 2322; x_wconf 83' lang='lat' dir='ltr'>furibundus</span> 
     </span>
    </p>
   </div>
   <div class='ocr_carea' id='block_1_84' title="bbox 1858 2352 3506 2427">
    <p class='ocr_par' dir='ltr' id='par_1_84' title="bbox 1858 2352 3506 2427">
     <span class='ocr_line' id='line_1_84' title="bbox 1858 2352 3506 2427; baseline 0.001 -19"><span class='ocrx_word' id='word_1_587' title='bbox 1858 2352 2127 2426; x_wconf 87' lang='lat' dir='ltr'>impegit,</span> <span class='ocrx_word' id='word_1_588' title='bbox 2160 2353 2334 2427; x_wconf 89' lang='lat' dir='ltr'>eique</span> <span class='ocrx_word' id='word_1_589' title='bbox 2357 2355 2598 2426; x_wconf 89' lang='lat' dir='ltr'>martyii</span> <span class='ocrx_word' id='word_1_590' title='bbox 2647 2371 2934 2412; x_wconf 89' lang='lat' dir='ltr'>coronam</span> <span class='ocrx_word' id='word_1_591' title='bbox 2983 2355 3195 2412; x_wconf 88' lang='lat' dir='ltr'>attulit.</span> <span class='ocrx_word' id='word_1_592' title='bbox 3251 2358 3330 2411; x_wconf 92' lang='lat' dir='ltr'>De</span> <span class='ocrx_word' id='word_1_593' title='bbox 3372 2355 3506 2412; x_wconf 85' lang='lat' dir='ltr'>inﬁ-</span> 
     </span>
    </p>
   </div>
   <div class='ocr_carea' id='block_1_85' title="bbox 1859 2443 3506 2519">
    <p class='ocr_par' dir='ltr' id='par_1_85' title="bbox 1859 2443 3506 2519">
     <span class='ocr_line' id='line_1_85' title="bbox 1859 2443 3506 2519; baseline 0.001 -20"><span class='ocrx_word' id='word_1_594' title='bbox 1859 2443 1997 2500; x_wconf 89' lang='lat' dir='ltr'>nitis</span> <span class='ocrx_word' id='word_1_595' title='bbox 2007 2459 2188 2516; x_wconf 93' lang='lat' dir='ltr'>porro</span> <span class='ocrx_word' id='word_1_596' title='bbox 2200 2444 2523 2511; x_wconf 87' lang='lat' dir='ltr'>miraculis,</span> <span class='ocrx_word' id='word_1_597' title='bbox 2541 2461 2678 2518; x_wconf 67' lang='lat' dir='ltr'>quas</span> <span class='ocrx_word' id='word_1_598' title='bbox 2695 2446 2962 2518; x_wconf 87' lang='lat' dir='ltr'>quotidie</span> <span class='ocrx_word' id='word_1_599' title='bbox 2977 2461 3086 2519; x_wconf 90' lang='lat' dir='ltr'>per</span> <span class='ocrx_word' id='word_1_600' title='bbox 3106 2445 3303 2518; x_wconf 87' lang='lat' dir='ltr'>ipsam</span> <span class='ocrx_word' id='word_1_601' title='bbox 3331 2445 3506 2516; x_wconf 87' lang='lat' dir='ltr'>ﬁunt,</span> 
     </span>
    </p>
   </div>
   <div class='ocr_carea' id='block_1_86' title="bbox 1859 2533 3508 2608">
    <p class='ocr_par' dir='ltr' id='par_1_86' title="bbox 1859 2533 3508 2608">
     <span class='ocr_line' id='line_1_86' title="bbox 1859 2533 3508 2608; baseline 0.001 -19"><span class='ocrx_word' id='word_1_602' title='bbox 1859 2533 2050 2590; x_wconf 91' lang='lat' dir='ltr'>cuivis</span> <span class='ocrx_word' id='word_1_603' title='bbox 2089 2533 2238 2590; x_wconf 89' lang='lat' dir='ltr'>scire</span> <span class='ocrx_word' id='word_1_604' title='bbox 2258 2533 2480 2591; x_wconf 88' lang='lat' dir='ltr'>volenti</span> <span class='ocrx_word' id='word_1_605' title='bbox 2510 2539 2860 2608; x_wconf 89' lang='lat' dir='ltr'>promptum</span> <span class='ocrx_word' id='word_1_606' title='bbox 2889 2539 2980 2592; x_wconf 88' lang='lat' dir='ltr'>est</span> <span class='ocrx_word' id='word_1_607' title='bbox 3006 2535 3239 2592; x_wconf 88' lang='lat' dir='ltr'>discere</span> <span class='ocrx_word' id='word_1_608' title='bbox 3268 2552 3282 2591; x_wconf 89' lang='lat'><strong>:</strong></span> <span class='ocrx_word' id='word_1_609' title='bbox 3315 2534 3508 2606; x_wconf 88' lang='lat' dir='ltr'>agitur</span> 
     </span>
    </p>
   </div>
   <div class='ocr_carea' id='block_1_87' title="bbox 1860 2621 3509 2696">
    <p class='ocr_par' dir='ltr' id='par_1_87' title="bbox 1860 2621 3509 2696">
     <span class='ocr_line' id='line_1_87' title="bbox 1860 2621 3509 2696; baseline 0.001 -18"><span class='ocrx_word' id='word_1_610' title='bbox 1860 2625 2062 2679; x_wconf 90' lang='lat' dir='ltr'>autem</span> <span class='ocrx_word' id='word_1_611' title='bbox 2089 2621 2242 2679; x_wconf 89' lang='lat' dir='ltr'>illius</span> <span class='ocrx_word' id='word_1_612' title='bbox 2272 2622 2558 2680; x_wconf 84' lang='lat' dir='ltr'>festivitas</span> <span class='ocrx_word' id='word_1_613' title='bbox 2589 2624 2651 2680; x_wconf 91' lang='lat' dir='ltr'>in</span> <span class='ocrx_word' id='word_1_614' title='bbox 2671 2624 3040 2681; x_wconf 89' lang='lat' dir='ltr'>monasterio</span> <span class='ocrx_word' id='word_1_615' title='bbox 3066 2623 3370 2696; x_wconf 85' lang='lat' dir='ltr'>Diocratis,</span> <span class='ocrx_word' id='word_1_616' title='bbox 3402 2623 3509 2680; x_wconf 90' lang='lat' dir='ltr'>ubi</span> 
     </span>
    </p>
   </div>
   <div class='ocr_carea' id='block_1_88' title="bbox 1861 2711 2976 2786">
    <p class='ocr_par' dir='ltr' id='par_1_88' title="bbox 1861 2711 2976 2786">
     <span class='ocr_line' id='line_1_88' title="bbox 1861 2711 2976 2786; baseline 0.003 -18"><span class='ocrx_word' id='word_1_617' title='bbox 1861 2715 2071 2768; x_wconf 91' lang='lat' dir='ltr'>sancta</span> <span class='ocrx_word' id='word_1_618' title='bbox 2099 2713 2230 2784; x_wconf 90' lang='lat' dir='ltr'>ejus</span> <span class='ocrx_word' id='word_1_619' title='bbox 2253 2711 2494 2785; x_wconf 88' lang='lat' dir='ltr'>lipsana</span> <span class='ocrx_word' id='word_1_620' title='bbox 2512 2713 2915 2786; x_wconf 89' lang='lat' dir='ltr'>requiescunt.</span> <span class='ocrx_word' id='word_1_621' title='bbox 2947 2735 2976 2764; x_wconf 83' lang='grc'>››</span> 
     </span>
    </p>
   </div>
   <div class='ocr_carea' id='block_1_89' title="bbox 1931 2818 3508 2892">
    <p class='ocr_par' dir='ltr' id='par_1_89' title="bbox 1931 2818 3508 2892">
     <span class='ocr_line' id='line_1_89' title="bbox 1931 2818 3508 2892; baseline 0.001 -17"><span class='ocrx_word' id='word_1_622' title='bbox 1931 2822 1982 2875; x_wconf 89' lang='lat'>8.</span> <span class='ocrx_word' id='word_1_623' title='bbox 2012 2818 2256 2889; x_wconf 90' lang='lat' dir='ltr'>Eadem,</span> <span class='ocrx_word' id='word_1_624' title='bbox 2289 2818 2396 2874; x_wconf 90' lang='lat' dir='ltr'>sed</span> <span class='ocrx_word' id='word_1_625' title='bbox 2425 2819 2503 2875; x_wconf 92' lang='lat' dir='ltr'>ad</span> <span class='ocrx_word' id='word_1_626' title='bbox 2535 2820 2601 2876; x_wconf 88' lang='grc'>18</span> <span class='ocrx_word' id='word_1_627' title='bbox 2629 2819 3069 2892; x_wconf 71' lang='grc' dir='ltr'>«Ιαιϋ,··ᾳιιε.τιᾶο</span> <span class='ocrx_word' id='word_1_628' title='bbox 3105 2820 3260 2876; x_wconf 89' lang='lat' dir='ltr'>forte</span> <span class='ocrx_word' id='word_1_629' title='bbox 3304 2818 3508 2891; x_wconf 87' lang='lat' dir='ltr'>aliqua</span> 
     </span>
    </p>
   </div>
   <div class='ocr_carea' id='block_1_90' title="bbox 1859 2907 3509 2981">
    <p class='ocr_par' dir='ltr' id='par_1_90' title="bbox 1859 2907 3509 2981">
     <span class='ocr_line' id='line_1_90' title="bbox 1859 2907 3509 2981; baseline 0 -17"><span class='ocrx_word' id='word_1_630' title='bbox 1859 2907 2073 2964; x_wconf 89' lang='lat' dir='ltr'>elevati</span> <span class='ocrx_word' id='word_1_631' title='bbox 2085 2907 2432 2964; x_wconf 86' lang='lat' dir='ltr'>translative</span> <span class='ocrx_word' id='word_1_632' title='bbox 2445 2908 2712 2981; x_wconf 90' lang='lat' dir='ltr'>corporis</span> <span class='ocrx_word' id='word_1_633' title='bbox 2729 2909 3024 2966; x_wconf 88' lang='lat' dir='ltr'>memoria</span> <span class='ocrx_word' id='word_1_634' title='bbox 3046 2909 3262 2980; x_wconf 84' lang='lat' dir='ltr'>agitur,</span> <span class='ocrx_word' id='word_1_635' title='bbox 3283 2907 3509 2965; x_wconf 89' lang='lat' dir='ltr'>haben-</span> 
     </span>
    </p>
   </div>
   <div class='ocr_carea' id='block_1_91' title="bbox 1859 2995 3502 3070">
    <p class='ocr_par' dir='ltr' id='par_1_91' title="bbox 1859 2995 3502 3070">
     <span class='ocr_line' id='line_1_91' title="bbox 1859 2995 3502 3070; baseline 0 -18"><span class='ocrx_word' id='word_1_636' title='bbox 1859 2999 1954 3052; x_wconf 89' lang='lat' dir='ltr'>tur</span> <span class='ocrx_word' id='word_1_637' title='bbox 1980 2995 2041 3051; x_wconf 91' lang='lat' dir='ltr'>in</span> <span class='ocrx_word' id='word_1_638' title='bbox 2067 3012 2177 3052; x_wconf 90' lang='lat' dir='ltr'>ms.</span> <span class='ocrx_word' id='word_1_639' title='bbox 2209 2996 2543 3069; x_wconf 88' lang='lat' dir='ltr'>Synaxario</span> <span class='ocrx_word' id='word_1_640' title='bbox 2575 2997 3060 3065; x_wconf 88' lang='lat' dir='ltr'>Claromontano,</span> <span class='ocrx_word' id='word_1_641' title='bbox 3083 2998 3333 3070; x_wconf 85' lang='lat' dir='ltr'>aliisque</span> <span class='ocrx_word' id='word_1_642' title='bbox 3357 3012 3502 3052; x_wconf 88' lang='lat' dir='ltr'>mss.</span> 
     </span>
    </p>
   </div>
   <div class='ocr_carea' id='block_1_92' title="bbox 1858 3083 3507 3155">
    <p class='ocr_par' dir='ltr' id='par_1_92' title="bbox 1858 3083 3507 3155">
     <span class='ocr_line' id='line_1_92' title="bbox 1858 3083 3507 3155; baseline 0 -15"><span class='ocrx_word' id='word_1_643' title='bbox 1858 3085 1922 3141; x_wconf 91' lang='lat' dir='ltr'>in</span> <span class='ocrx_word' id='word_1_644' title='bbox 1950 3083 2313 3141; x_wconf 89' lang='lat' dir='ltr'>bibliotheca</span> <span class='ocrx_word' id='word_1_645' title='bbox 2370 3085 2773 3143; x_wconf 88' lang='lat' dir='ltr'>Ambrosiana</span> <span class='ocrx_word' id='word_1_646' title='bbox 2819 3087 3152 3155; x_wconf 87' lang='lat' dir='ltr'>Mediolani,</span> <span class='ocrx_word' id='word_1_647' title='bbox 3199 3090 3256 3141; x_wconf 91' lang='lat' dir='ltr'>et</span> <span class='ocrx_word' id='word_1_648' title='bbox 3304 3084 3507 3141; x_wconf 91' lang='lat' dir='ltr'>Ducali</span> 
     </span>
    </p>
   </div>
   <div class='ocr_carea' id='block_1_93' title="bbox 1784 3173 3506 3250">
    <p class='ocr_par' dir='ltr' id='par_1_93' title="bbox 1784 3173 3506 3250">
     <span class='ocr_line' id='line_1_93' title="bbox 1784 3173 3506 3250; baseline -0.001 -20"><span class='ocrx_word' id='word_1_649' title='bbox 1784 3195 1824 3250; x_wconf 74' lang='lat' dir='ltr'>C</span> <span class='ocrx_word' id='word_1_650' title='bbox 1860 3173 2203 3230; x_wconf 88' lang='lat' dir='ltr'>Sabaudica</span> <span class='ocrx_word' id='word_1_651' title='bbox 2235 3174 2473 3232; x_wconf 87' lang='lat' dir='ltr'>Taurini</span> <span class='ocrx_word' id='word_1_652' title='bbox 2523 3175 2770 3246; x_wconf 89' lang='lat' dir='ltr'>repertis</span> <span class='ocrx_word' id='word_1_653' title='bbox 2802 3193 2814 3231; x_wconf 92' lang='lat'><strong>:</strong></span> <span class='ocrx_word' id='word_1_654' title='bbox 2841 3175 2947 3232; x_wconf 93' lang='lat' dir='ltr'>sed</span> <span class='ocrx_word' id='word_1_655' title='bbox 2993 3176 3056 3232; x_wconf 91' lang='lat' dir='ltr'>in</span> <span class='ocrx_word' id='word_1_656' title='bbox 3105 3173 3506 3231; x_wconf 79' lang='lat' dir='ltr'>Ambrosiano</span> 
     </span>
    </p>
   </div>
   <div class='ocr_carea' id='block_1_94' title="bbox 1862 3261 3507 3336">
    <p class='ocr_par' dir='ltr' id='par_1_94' title="bbox 1862 3261 3507 3336">
     <span class='ocr_line' id='line_1_94' title="bbox 1862 3261 3507 3336; baseline -0.001 -16"><span class='ocrx_word' id='word_1_657' title='bbox 1862 3262 2086 3329; x_wconf 84' lang='lat' dir='ltr'>codice,</span> <span class='ocrx_word' id='word_1_658' title='bbox 2119 3277 2229 3334; x_wconf 90' lang='lat' dir='ltr'>pro</span> <span class='ocrx_word' id='word_1_659' title='bbox 2265 3267 2532 3336; x_wconf 87' lang='lat' dir='ltr'>tempore</span> <span class='ocrx_word' id='word_1_660' title='bbox 2566 3263 2880 3320; x_wconf 89' lang='lat' dir='ltr'>Theodosii</span> <span class='ocrx_word' id='word_1_661' title='bbox 2935 3263 3342 3336; x_wconf 86' lang='lat' dir='ltr'>Adramyteni,</span> <span class='ocrx_word' id='word_1_662' title='bbox 3401 3261 3507 3335; x_wconf 93' lang='lat' dir='ltr'>qui</span> 
     </span>
    </p>
   </div>
   <div class='ocr_carea' id='block_1_95' title="bbox 1865 3350 3508 3426">
    <p class='ocr_par' dir='ltr' id='par_1_95' title="bbox 1865 3350 3508 3426">
     <span class='ocr_line' id='line_1_95' title="bbox 1865 3350 3508 3426; baseline -0.001 -19"><span class='ocrx_word' id='word_1_663' title='bbox 1865 3351 2042 3407; x_wconf 91' lang='lat' dir='ltr'>Leoni</span> <span class='ocrx_word' id='word_1_664' title='bbox 2062 3350 2382 3423; x_wconf 90' lang='lat' dir='ltr'>imperium</span> <span class='ocrx_word' id='word_1_665' title='bbox 2401 3352 2597 3422; x_wconf 87' lang='lat' dir='ltr'>cessit,</span> <span class='ocrx_word' id='word_1_666' title='bbox 2620 3356 2861 3409; x_wconf 89' lang='lat' dir='ltr'>notatur</span> <span class='ocrx_word' id='word_1_667' title='bbox 2877 3356 3118 3426; x_wconf 90' lang='lat' dir='ltr'>tempus</span> <span class='ocrx_word' id='word_1_668' title='bbox 3135 3350 3508 3409; x_wconf 84' lang='lat' dir='ltr'>Constantini</span> 
     </span>
    </p>
   </div>
   <div class='ocr_carea' id='block_1_96' title="bbox 1863 3441 3508 3514">
    <p class='ocr_par' dir='ltr' id='par_1_96' title="bbox 1863 3441 3508 3514">
     <span class='ocr_line' id='line_1_96' title="bbox 1863 3441 3508 3514; baseline 0 -18"><span class='ocrx_word' id='word_1_669' title='bbox 1863 3441 2247 3514; x_wconf 90' lang='lat' dir='ltr'>Copronymi,</span> <span class='ocrx_word' id='word_1_670' title='bbox 2280 3456 2388 3514; x_wconf 90' lang='lat' dir='ltr'>per</span> <span class='ocrx_word' id='word_1_671' title='bbox 2413 3441 2803 3498; x_wconf 86' lang='lat' dir='ltr'>manifestum</span> <span class='ocrx_word' id='word_1_672' title='bbox 2851 3458 3153 3499; x_wconf 89' lang='lat' dir='ltr'>errorem:</span> <span class='ocrx_word' id='word_1_673' title='bbox 3188 3446 3246 3498; x_wconf 91' lang='lat' dir='ltr'>et</span> <span class='ocrx_word' id='word_1_674' title='bbox 3301 3455 3508 3497; x_wconf 87' lang='lat' dir='ltr'>mona-</span> 
     </span>
    </p>
   </div>
   <div class='ocr_carea' id='block_1_97' title="bbox 1864 3530 3512 3603">
    <p class='ocr_par' dir='ltr' id='par_1_97' title="bbox 1864 3530 3512 3603">
     <span class='ocr_line' id='line_1_97' title="bbox 1864 3530 3512 3603; baseline 0 -17"><span class='ocrx_word' id='word_1_675' title='bbox 1864 3530 2131 3600; x_wconf 87' lang='lat' dir='ltr'>sterium,</span> <span class='ocrx_word' id='word_1_676' title='bbox 2161 3530 2327 3603; x_wconf 90' lang='lat' dir='ltr'>quod</span> <span class='ocrx_word' id='word_1_677' title='bbox 2358 3530 2496 3588; x_wconf 89' lang='lat' dir='ltr'>alibi</span> <span class='ocrx_word' id='word_1_678' title='bbox 2529 3533 2847 3600; x_wconf 80' lang='lat' dir='ltr'>Diocratis,</span> <span class='ocrx_word' id='word_1_679' title='bbox 2865 3531 2994 3588; x_wconf 90' lang='lat' dir='ltr'>istic</span> <span class='ocrx_word' id='word_1_680' title='bbox 3016 3532 3390 3588; x_wconf 71' lang='lat' dir='ltr'>Dexiocratis</span> <span class='ocrx_word' id='word_1_681' title='bbox 3406 3544 3512 3602; x_wconf 89' lang='lat' dir='ltr'>ap-</span> 
     </span>
    </p>
   </div>
   <div class='ocr_carea' id='block_1_98' title="bbox 1864 3618 3506 3695">
    <p class='ocr_par' dir='ltr' id='par_1_98' title="bbox 1864 3618 3506 3695">
     <span class='ocr_line' id='line_1_98' title="bbox 1864 3618 3506 3695; baseline 0.001 -21"><span class='ocrx_word' id='word_1_682' title='bbox 1864 3618 2139 3691; x_wconf 90' lang='lat' dir='ltr'>pellatur.</span> <span class='ocrx_word' id='word_1_683' title='bbox 2171 3621 2264 3676; x_wconf 91' lang='lat' dir='ltr'>Sic</span> <span class='ocrx_word' id='word_1_684' title='bbox 2287 3624 2488 3677; x_wconf 89' lang='lat' dir='ltr'>autem</span> <span class='ocrx_word' id='word_1_685' title='bbox 2507 3636 2710 3678; x_wconf 87' lang='lat' dir='ltr'>revera</span> <span class='ocrx_word' id='word_1_686' title='bbox 2735 3621 3166 3695; x_wconf 87' lang='lat' dir='ltr'>appellandum</span> <span class='ocrx_word' id='word_1_687' title='bbox 3201 3620 3375 3676; x_wconf 91' lang='lat' dir='ltr'>docet</span> <span class='ocrx_word' id='word_1_688' title='bbox 3396 3621 3506 3675; x_wconf 85' lang='lat' dir='ltr'>Co-</span> 
     </span>
    </p>
   </div>
   <div class='ocr_carea' id='block_1_99' title="bbox 1865 3708 3507 3783">
    <p class='ocr_par' dir='ltr' id='par_1_99' title="bbox 1865 3708 3507 3783">
     <span class='ocr_line' id='line_1_99' title="bbox 1865 3708 3507 3783; baseline -0.001 -18"><span class='ocrx_word' id='word_1_689' title='bbox 1865 3709 2065 3778; x_wconf 89' lang='lat' dir='ltr'>dinus,</span> <span class='ocrx_word' id='word_1_690' title='bbox 2080 3725 2151 3766; x_wconf 84' lang='lat' dir='ltr'>ex</span> <span class='ocrx_word' id='word_1_691' title='bbox 2163 3726 2286 3783; x_wconf 92' lang='lat' dir='ltr'>quo</span> <span class='ocrx_word' id='word_1_692' title='bbox 2306 3711 2563 3782; x_wconf 89' lang='lat' dir='ltr'>Cangius</span> <span class='ocrx_word' id='word_1_693' title='bbox 2579 3712 2639 3768; x_wconf 92' lang='lat' dir='ltr'>in</span> <span class='ocrx_word' id='word_1_694' title='bbox 2653 3727 2764 3768; x_wconf 91' lang='lat' dir='ltr'>sua</span> <span class='ocrx_word' id='word_1_695' title='bbox 2787 3711 3313 3782; x_wconf 78' lang='lat' dir='ltr'>Constantinopoli</span> <span class='ocrx_word' id='word_1_696' title='bbox 3337 3708 3507 3766; x_wconf 80' lang='lat' dir='ltr'>Chri-</span> 
     </span>
    </p>
   </div>
   <div class='ocr_carea' id='block_1_100' title="bbox 1864 3798 3504 3873">
    <p class='ocr_par' dir='ltr' id='par_1_100' title="bbox 1864 3798 3504 3873">
     <span class='ocr_line' id='line_1_100' title="bbox 1864 3798 3504 3873; baseline -0.001 -18"><span class='ocrx_word' id='word_1_697' title='bbox 1864 3800 2066 3855; x_wconf 83' lang='lat' dir='ltr'>stiana</span> <span class='ocrx_word' id='word_1_698' title='bbox 2086 3800 2316 3866; x_wconf 90' lang='lat' dir='ltr'>asserit,</span> <span class='ocrx_word' id='word_1_699' title='bbox 2342 3801 2750 3857; x_wconf 84' lang='lat' dir='ltr'>Dexiocratem</span> <span class='ocrx_word' id='word_1_700' title='bbox 2773 3801 2933 3857; x_wconf 91' lang='lat' dir='ltr'>hunc</span> <span class='ocrx_word' id='word_1_701' title='bbox 2955 3801 3274 3873; x_wconf 88' lang='lat' dir='ltr'>patricium</span> <span class='ocrx_word' id='word_1_702' title='bbox 3304 3798 3504 3864; x_wconf 88' lang='lat' dir='ltr'>fuisse,</span> 
     </span>
    </p>
   </div>
   <div class='ocr_carea' id='block_1_101' title="bbox 1866 3886 3509 3957">
    <p class='ocr_par' dir='ltr' id='par_1_101' title="bbox 1866 3886 3509 3957">
     <span class='ocr_line' id='line_1_101' title="bbox 1866 3886 3509 3957; baseline -0.001 -14"><span class='ocrx_word' id='word_1_703' title='bbox 1866 3892 1922 3943; x_wconf 88' lang='lat' dir='ltr'>et</span> <span class='ocrx_word' id='word_1_704' title='bbox 1948 3888 2060 3943; x_wconf 91' lang='lat' dir='ltr'>sub</span> <span class='ocrx_word' id='word_1_705' title='bbox 2089 3889 2422 3946; x_wconf 89' lang='lat' dir='ltr'>Theodosio</span> <span class='ocrx_word' id='word_1_706' title='bbox 2451 3890 2690 3945; x_wconf 83' lang='lat' dir='ltr'>Juniore</span> <span class='ocrx_word' id='word_1_707' title='bbox 2736 3889 3032 3957; x_wconf 87' lang='lat' dir='ltr'>ﬂoruisse,</span> <span class='ocrx_word' id='word_1_708' title='bbox 3084 3893 3142 3944; x_wconf 88' lang='lat' dir='ltr'>et</span> <span class='ocrx_word' id='word_1_709' title='bbox 3196 3886 3509 3944; x_wconf 89' lang='lat' dir='ltr'>ecclesiam</span> 
     </span>
    </p>
   </div>
   <div class='ocr_carea' id='block_1_102' title="bbox 1865 3976 3510 4050">
    <p class='ocr_par' dir='ltr' id='par_1_102' title="bbox 1865 3976 3510 4050">
     <span class='ocr_line' id='line_1_102' title="bbox 1865 3976 3510 4050; baseline -0.001 -18"><span class='ocrx_word' id='word_1_710' title='bbox 1865 3993 1988 4032; x_wconf 89' lang='lat' dir='ltr'>una</span> <span class='ocrx_word' id='word_1_711' title='bbox 2009 3993 2148 4033; x_wconf 92' lang='lat' dir='ltr'>cum</span> <span class='ocrx_word' id='word_1_712' title='bbox 2174 3979 2515 4047; x_wconf 87' lang='lat' dir='ltr'>gerocomio</span> <span class='ocrx_word' id='word_1_713' title='bbox 2538 3979 2654 4050; x_wconf 89' lang='lat' dir='ltr'>ipsi</span> <span class='ocrx_word' id='word_1_714' title='bbox 2676 3979 2880 4035; x_wconf 89' lang='lat' dir='ltr'>addito</span> <span class='ocrx_word' id='word_1_715' title='bbox 2901 3979 2976 4034; x_wconf 90' lang='lat' dir='ltr'>de</span> <span class='ocrx_word' id='word_1_716' title='bbox 2998 3994 3106 4034; x_wconf 92' lang='lat' dir='ltr'>suo</span> <span class='ocrx_word' id='word_1_717' title='bbox 3131 3976 3376 4033; x_wconf 91' lang='lat' dir='ltr'>nomine</span> <span class='ocrx_word' id='word_1_718' title='bbox 3406 3990 3510 4047; x_wconf 89' lang='lat' dir='ltr'>ap-</span> 
     </span>
    </p>
   </div>
   <div class='ocr_carea' id='block_1_103' title="bbox 1866 4067 3508 4140">
    <p class='ocr_par' dir='ltr' id='par_1_103' title="bbox 1866 4067 3508 4140">
     <span class='ocr_line' id='line_1_103' title="bbox 1866 4067 3508 4140; baseline -0.001 -17"><span class='ocrx_word' id='word_1_719' title='bbox 1866 4067 2144 4140; x_wconf 89' lang='lat' dir='ltr'>pellasse.</span> <span class='ocrx_word' id='word_1_720' title='bbox 2178 4072 2240 4124; x_wconf 90' lang='lat' dir='ltr'>In</span> <span class='ocrx_word' id='word_1_721' title='bbox 2272 4068 2733 4125; x_wconf 87' lang='lat' dir='ltr'>Claromontano</span> <span class='ocrx_word' id='word_1_722' title='bbox 2757 4073 2980 4134; x_wconf 88' lang='lat' dir='ltr'>autem,</span> <span class='ocrx_word' id='word_1_723' title='bbox 3002 4068 3229 4124; x_wconf 89' lang='lat' dir='ltr'>omissa</span> <span class='ocrx_word' id='word_1_724' title='bbox 3249 4067 3508 4122; x_wconf 83' lang='lat' dir='ltr'>miracu-</span> 
     </span>
    </p>
   </div>
   <div class='ocr_carea' id='block_1_104' title="bbox 1864 4153 3511 4229">
    <p class='ocr_par' dir='ltr' id='par_1_104' title="bbox 1864 4153 3511 4229">
     <span class='ocr_line' id='line_1_104' title="bbox 1864 4153 3511 4229; baseline -0.003 -16"><span class='ocrx_word' id='word_1_725' title='bbox 1864 4157 2061 4214; x_wconf 88' lang='lat' dir='ltr'>lorum</span> <span class='ocrx_word' id='word_1_726' title='bbox 2093 4161 2196 4213; x_wconf 91' lang='lat' dir='ltr'>aut</span> <span class='ocrx_word' id='word_1_727' title='bbox 2248 4157 2638 4229; x_wconf 89' lang='lat' dir='ltr'>reliquiarum</span> <span class='ocrx_word' id='word_1_728' title='bbox 2687 4157 3008 4228; x_wconf 81' lang='lat' dir='ltr'>mentione,</span> <span class='ocrx_word' id='word_1_729' title='bbox 3082 4157 3208 4213; x_wconf 69' lang='lat' dir='ltr'>haec</span> <span class='ocrx_word' id='word_1_730' title='bbox 3268 4153 3511 4228; x_wconf 88' lang='lat' dir='ltr'>ponitur</span> 
     </span>
    </p>
   </div>
   <div class='ocr_carea' id='block_1_105' title="bbox 1867 4243 3510 4318">
    <p class='ocr_par' dir='ltr' id='par_1_105' title="bbox 1867 4243 3510 4318">
     <span class='ocr_line' id='line_1_105' title="bbox 1867 4243 3510 4318; baseline -0.003 -15"><span class='ocrx_word' id='word_1_731' title='bbox 1867 4247 2136 4304; x_wconf 88' lang='lat' dir='ltr'>clausula</span> <span class='ocrx_word' id='word_1_732' title='bbox 2169 4264 2182 4302; x_wconf 87' lang='lat'><strong>:</strong></span> <span class='ocrx_word' id='word_1_733' title='bbox 2209 4266 2238 4300; x_wconf 87' lang='grc'><strong>‹</strong></span> <span class='ocrx_word' id='word_1_734' title='bbox 2274 4246 2583 4318; x_wconf 71' lang='lat' dir='ltr'>Accipiens</span> <span class='ocrx_word' id='word_1_735' title='bbox 2601 4262 2788 4302; x_wconf 89' lang='lat' dir='ltr'>cornu</span> <span class='ocrx_word' id='word_1_736' title='bbox 2812 4246 3093 4302; x_wconf 88' lang='lat' dir='ltr'>mactavit</span> <span class='ocrx_word' id='word_1_737' title='bbox 3113 4260 3268 4302; x_wconf 89' lang='lat' dir='ltr'>eam.</span> <span class='ocrx_word' id='word_1_738' title='bbox 3299 4243 3390 4300; x_wconf 90' lang='lat' dir='ltr'>Sic</span> <span class='ocrx_word' id='word_1_739' title='bbox 3406 4243 3510 4312; x_wconf 87' lang='lat' dir='ltr'>igi-</span> 
     </span>
    </p>
   </div>
   <div class='ocr_carea' id='block_1_106' title="bbox 1867 4337 3510 4410">
    <p class='ocr_par' dir='ltr' id='par_1_106' title="bbox 1867 4337 3510 4410">
     <span class='ocr_line' id='line_1_106' title="bbox 1867 4337 3510 4410; baseline -0.003 -15"><span class='ocrx_word' id='word_1_740' title='bbox 1867 4343 1961 4395; x_wconf 89' lang='lat' dir='ltr'>tur</span> <span class='ocrx_word' id='word_1_741' title='bbox 1986 4337 2233 4410; x_wconf 86' lang='lat' dir='ltr'>pulchre</span> <span class='ocrx_word' id='word_1_742' title='bbox 2259 4337 2650 4403; x_wconf 89' lang='lat' dir='ltr'>decertantes,</span> <span class='ocrx_word' id='word_1_743' title='bbox 2685 4337 2996 4393; x_wconf 88' lang='lat' dir='ltr'>animasin</span> <span class='ocrx_word' id='word_1_744' title='bbox 3020 4337 3120 4393; x_wconf 92' lang='lat' dir='ltr'>Dei</span> <span class='ocrx_word' id='word_1_745' title='bbox 3149 4350 3370 4391; x_wconf 88' lang='lat' dir='ltr'>manus</span> <span class='ocrx_word' id='word_1_746' title='bbox 3396 4338 3510 4390; x_wconf 88' lang='lat' dir='ltr'>tra-</span> 
     </span>
    </p>
   </div>
   <div class='ocr_carea' id='block_1_107' title="bbox 1866 4426 3512 4497">
    <p class='ocr_par' dir='ltr' id='par_1_107' title="bbox 1866 4426 3512 4497">
     <span class='ocr_line' id='line_1_107' title="bbox 1866 4426 3512 4497; baseline -0.002 -13"><span class='ocrx_word' id='word_1_747' title='bbox 1866 4428 2180 4484; x_wconf 85' lang='lat' dir='ltr'>diderunt:</span> <span class='ocrx_word' id='word_1_748' title='bbox 2224 4427 2380 4482; x_wconf 88' lang='lat' dir='ltr'>illius</span> <span class='ocrx_word' id='word_1_749' title='bbox 2409 4442 2554 4482; x_wconf 90' lang='lat' dir='ltr'>vero</span> <span class='ocrx_word' id='word_1_750' title='bbox 2595 4426 2880 4482; x_wconf 88' lang='lat' dir='ltr'>festivitas</span> <span class='ocrx_word' id='word_1_751' title='bbox 2937 4427 3132 4497; x_wconf 89' lang='lat' dir='ltr'>agitur</span> <span class='ocrx_word' id='word_1_752' title='bbox 3187 4426 3249 4481; x_wconf 91' lang='lat' dir='ltr'>in</span> <span class='ocrx_word' id='word_1_753' title='bbox 3302 4428 3512 4481; x_wconf 89' lang='lat' dir='ltr'>sancto</span> 
     </span>
    </p>
   </div>
   <div class='ocr_carea' id='block_1_108' title="bbox 1864 4513 3514 4586">
    <p class='ocr_par' dir='ltr' id='par_1_108' title="bbox 1864 4513 3514 4586">
     <span class='ocr_line' id='line_1_108' title="bbox 1864 4513 3514 4586; baseline -0.003 -12"><span class='ocrx_word' id='word_1_754' title='bbox 1864 4517 2229 4574; x_wconf 89' lang='lat' dir='ltr'>monasterio</span> <span class='ocrx_word' id='word_1_755' title='bbox 2253 4516 2574 4573; x_wconf 88' lang='lat' dir='ltr'>Salvatoris</span> <span class='ocrx_word' id='word_1_756' title='bbox 2598 4517 2830 4586; x_wconf 89' lang='lat' dir='ltr'>Christi,</span> <span class='ocrx_word' id='word_1_757' title='bbox 2849 4515 2988 4573; x_wconf 90' lang='lat' dir='ltr'>dicti</span> <span class='ocrx_word' id='word_1_758' title='bbox 3015 4515 3290 4573; x_wconf 87' lang='lat' dir='ltr'>Beneﬁci.</span> <span class='ocrx_word' id='word_1_759' title='bbox 3309 4537 3338 4566; x_wconf 88' lang='lat'><strong>»</strong></span> <span class='ocrx_word' id='word_1_760' title='bbox 3365 4513 3514 4570; x_wconf 88' lang='lat' dir='ltr'>Can-</span> 
     </span>
    </p>
   </div>
   <div class='ocr_carea' id='block_1_109' title="bbox 1865 4605 3512 4680">
    <p class='ocr_par' dir='ltr' id='par_1_109' title="bbox 1865 4605 3512 4680">
     <span class='ocr_line' id='line_1_109' title="bbox 1865 4605 3512 4680; baseline -0.003 -15"><span class='ocrx_word' id='word_1_761' title='bbox 1865 4611 1920 4680; x_wconf 92' lang='lat' dir='ltr'>gi</span> <span class='ocrx_word' id='word_1_762' title='bbox 1931 4626 1997 4665; x_wconf 90' lang='lat' dir='ltr'>us</span> <span class='ocrx_word' id='word_1_763' title='bbox 2017 4609 2075 4664; x_wconf 92' lang='lat' dir='ltr'>in</span> <span class='ocrx_word' id='word_1_764' title='bbox 2098 4623 2208 4663; x_wconf 91' lang='lat' dir='ltr'>sua</span> <span class='ocrx_word' id='word_1_765' title='bbox 2231 4607 2752 4674; x_wconf 82' lang='lat' dir='ltr'>Constantinopoli</span> <span class='ocrx_word' id='word_1_766' title='bbox 2772 4605 3124 4663; x_wconf 84' lang='lat' dir='ltr'>Christiana</span> <span class='ocrx_word' id='word_1_767' title='bbox 3143 4605 3218 4661; x_wconf 93' lang='lat' dir='ltr'>de</span> <span class='ocrx_word' id='word_1_768' title='bbox 3249 4605 3367 4661; x_wconf 90' lang='lat' dir='ltr'>hoc</span> <span class='ocrx_word' id='word_1_769' title='bbox 3386 4619 3512 4660; x_wconf 90' lang='lat' dir='ltr'>mo-</span> 
     </span>
    </p>
   </div>
   <div class='ocr_carea' id='block_1_110' title="bbox 1865 4691 3513 4766">
    <p class='ocr_par' dir='ltr' id='par_1_110' title="bbox 1865 4691 3513 4766">
     <span class='ocr_line' id='line_1_110' title="bbox 1865 4691 3513 4766; baseline -0.004 -12"><span class='ocrx_word' id='word_1_770' title='bbox 1865 4696 2126 4754; x_wconf 89' lang='lat' dir='ltr'>nasterio</span> <span class='ocrx_word' id='word_1_771' title='bbox 2143 4695 2272 4750; x_wconf 80' lang='lat' dir='ltr'>fuse</span> <span class='ocrx_word' id='word_1_772' title='bbox 2297 4696 2439 4764; x_wconf 85' lang='lat' dir='ltr'>agit,</span> <span class='ocrx_word' id='word_1_773' title='bbox 2459 4693 2754 4766; x_wconf 89' lang='lat' dir='ltr'>docetque</span> <span class='ocrx_word' id='word_1_774' title='bbox 2770 4693 2936 4750; x_wconf 89' lang='lat' dir='ltr'>haud</span> <span class='ocrx_word' id='word_1_775' title='bbox 2957 4693 3165 4766; x_wconf 91' lang='lat' dir='ltr'>procul</span> <span class='ocrx_word' id='word_1_776' title='bbox 3188 4708 3224 4749; x_wconf 90' lang='lat' dir='ltr'>a</span> <span class='ocrx_word' id='word_1_777' title='bbox 3245 4691 3513 4749; x_wconf 86' lang='lat' dir='ltr'>Blacher-</span> 
     </span>
    </p>
   </div>
   <div class='ocr_carea' id='block_1_111' title="bbox 1864 4780 3512 4856">
    <p class='ocr_par' dir='ltr' id='par_1_111' title="bbox 1864 4780 3512 4856">
     <span class='ocr_line' id='line_1_111' title="bbox 1864 4780 3512 4856; baseline -0.005 -13"><span class='ocrx_word' id='word_1_778' title='bbox 1864 4787 1959 4843; x_wconf 80' lang='lat' dir='ltr'>nis</span> <span class='ocrx_word' id='word_1_779' title='bbox 1986 4787 2158 4856; x_wconf 87' lang='lat' dir='ltr'>juxta</span> <span class='ocrx_word' id='word_1_780' title='bbox 2194 4785 2356 4840; x_wconf 91' lang='lat' dir='ltr'>littus</span> <span class='ocrx_word' id='word_1_781' title='bbox 2394 4783 2578 4840; x_wconf 88' lang='lat' dir='ltr'>fuisse</span> <span class='ocrx_word' id='word_1_782' title='bbox 2612 4802 2625 4839; x_wconf 94' lang='lat'><strong>:</strong></span> <span class='ocrx_word' id='word_1_783' title='bbox 2659 4799 2800 4840; x_wconf 91' lang='lat' dir='ltr'>cum</span> <span class='ocrx_word' id='word_1_784' title='bbox 2851 4799 2975 4855; x_wconf 91' lang='lat' dir='ltr'>quo</span> <span class='ocrx_word' id='word_1_785' title='bbox 3029 4782 3266 4838; x_wconf 91' lang='lat' dir='ltr'>videtur</span> <span class='ocrx_word' id='word_1_786' title='bbox 3318 4780 3512 4837; x_wconf 87' lang='lat' dir='ltr'>facere</span> 
     </span>
    </p>
   </div>
   <div class='ocr_carea' id='block_1_112' title="bbox 1863 4869 3511 4948">
    <p class='ocr_par' dir='ltr' id='par_1_112' title="bbox 1863 4869 3511 4948">
     <span class='ocr_line' id='line_1_112' title="bbox 1863 4869 3511 4948; baseline -0.005 -17"><span class='ocrx_word' id='word_1_787' title='bbox 1863 4875 2030 4948; x_wconf 89' lang='lat' dir='ltr'>quod</span> <span class='ocrx_word' id='word_1_788' title='bbox 2052 4873 2316 4946; x_wconf 87' lang='lat' dir='ltr'>sequitur</span> <span class='ocrx_word' id='word_1_789' title='bbox 2341 4874 2712 4938; x_wconf 90' lang='lat' dir='ltr'>Encomium,</span> <span class='ocrx_word' id='word_1_790' title='bbox 2737 4873 2884 4928; x_wconf 92' lang='lat' dir='ltr'>dum</span> <span class='ocrx_word' id='word_1_791' title='bbox 2913 4887 3083 4927; x_wconf 89' lang='lat' dir='ltr'>num.</span> <span class='ocrx_word' id='word_1_792' title='bbox 3113 4874 3180 4927; x_wconf 81' lang='grc'>34</span> <span class='ocrx_word' id='word_1_793' title='bbox 3200 4869 3300 4935; x_wconf 87' lang='lat' dir='ltr'>ait,</span> <span class='ocrx_word' id='word_1_794' title='bbox 3324 4883 3511 4940; x_wconf 90' lang='lat' dir='ltr'>prope</span> 
     </span>
    </p>
   </div>
   <div class='ocr_carea' id='block_1_113' title="bbox 1864 4955 3512 5033">
    <p class='ocr_par' dir='ltr' id='par_1_113' title="bbox 1864 4955 3512 5033">
     <span class='ocr_line' id='line_1_113' title="bbox 1864 4955 3512 5033; baseline -0.004 -14"><span class='ocrx_word' id='word_1_795' title='bbox 1864 4965 2025 5020; x_wconf 85' lang='lat' dir='ltr'>littus</span> <span class='ocrx_word' id='word_1_796' title='bbox 2046 4963 2270 5019; x_wconf 89' lang='lat' dir='ltr'>sedisse</span> <span class='ocrx_word' id='word_1_797' title='bbox 2291 4967 2665 5018; x_wconf 86' lang='lat' dir='ltr'>contractum</span> <span class='ocrx_word' id='word_1_798' title='bbox 2677 4961 3024 5033; x_wconf 90' lang='lat' dir='ltr'>quemdam,</span> <span class='ocrx_word' id='word_1_799' title='bbox 3040 4958 3299 5028; x_wconf 90' lang='lat' dir='ltr'>indeque</span> <span class='ocrx_word' id='word_1_800' title='bbox 3313 4955 3512 5012; x_wconf 87' lang='lat' dir='ltr'>subla-</span> 
     </span>
    </p>
   </div>
   <div class='ocr_carea' id='block_1_114' title="bbox 1866 5045 3512 5114">
    <p class='ocr_par' dir='ltr' id='par_1_114' title="bbox 1866 5045 3512 5114">
     <span class='ocr_line' id='line_1_114' title="bbox 1866 5045 3512 5114; baseline -0.006 -5"><span class='ocrx_word' id='word_1_801' title='bbox 1866 5057 1991 5110; x_wconf 89' lang='lat' dir='ltr'>tum</span> <span class='ocrx_word' id='word_1_802' title='bbox 2023 5053 2288 5108; x_wconf 85' lang='lat' dir='ltr'>humeris</span> <span class='ocrx_word' id='word_1_803' title='bbox 2315 5067 2449 5106; x_wconf 90' lang='lat' dir='ltr'>esse</span> <span class='ocrx_word' id='word_1_804' title='bbox 2467 5051 2540 5106; x_wconf 88' lang='lat' dir='ltr'>ad</span> <span class='ocrx_word' id='word_1_805' title='bbox 2575 5051 2848 5106; x_wconf 89' lang='lat' dir='ltr'>tumbam</span> <span class='ocrx_word' id='word_1_806' title='bbox 2868 5050 3118 5114; x_wconf 66' lang='lat' dir='ltr'>Sanctae,</span> <span class='ocrx_word' id='word_1_807' title='bbox 3146 5045 3246 5100; x_wconf 90' lang='lat' dir='ltr'>ubi</span> <span class='ocrx_word' id='word_1_808' title='bbox 3269 5047 3512 5101; x_wconf 88' lang='lat' dir='ltr'>curatus</span> 
     </span>
    </p>
   </div>
   <div class='ocr_carea' id='block_1_115' title="bbox 1866 5134 3514 5207">
    <p class='ocr_par' dir='ltr' id='par_1_115' title="bbox 1866 5134 3514 5207">
     <span class='ocr_line' id='line_1_115' title="bbox 1866 5134 3514 5207; baseline -0.004 -9"><span class='ocrx_word' id='word_1_809' title='bbox 1866 5147 1980 5198; x_wconf 89' lang='lat' dir='ltr'>est.</span> <span class='ocrx_word' id='word_1_810' title='bbox 2014 5145 2282 5198; x_wconf 85' lang='lat' dir='ltr'>Fortasse</span> <span class='ocrx_word' id='word_1_811' title='bbox 2313 5142 2610 5197; x_wconf 90' lang='lat' dir='ltr'>sociarum</span> <span class='ocrx_word' id='word_1_812' title='bbox 2637 5139 2955 5195; x_wconf 89' lang='lat' dir='ltr'>mulierum</span> <span class='ocrx_word' id='word_1_813' title='bbox 2984 5150 3240 5207; x_wconf 89' lang='lat' dir='ltr'>corpora</span> <span class='ocrx_word' id='word_1_814' title='bbox 3281 5134 3514 5207; x_wconf 86' lang='lat' dir='ltr'>sepulta.</span> 
     </span>
    </p>
   </div>
   <div class='ocr_carea' id='block_1_116' title="bbox 1865 5227 3513 5296">
    <p class='ocr_par' dir='ltr' id='par_1_116' title="bbox 1865 5227 3513 5296">
     <span class='ocr_line' id='line_1_116' title="bbox 1865 5227 3513 5296; baseline -0.005 -9"><span class='ocrx_word' id='word_1_815' title='bbox 1865 5231 1926 5287; x_wconf 87' lang='lat' dir='ltr'>in</span> <span class='ocrx_word' id='word_1_816' title='bbox 1950 5230 2308 5287; x_wconf 82' lang='lat' dir='ltr'>Dexiocratis</span> <span class='ocrx_word' id='word_1_817' title='bbox 2326 5228 2687 5286; x_wconf 86' lang='lat' dir='ltr'>monasterio</span> <span class='ocrx_word' id='word_1_818' title='bbox 2715 5227 2978 5292; x_wconf 87' lang='lat' dir='ltr'>fuerant;</span> <span class='ocrx_word' id='word_1_819' title='bbox 3012 5227 3069 5280; x_wconf 91' lang='lat' dir='ltr'>et</span> <span class='ocrx_word' id='word_1_820' title='bbox 3088 5228 3330 5296; x_wconf 88' lang='lat' dir='ltr'>propter</span> <span class='ocrx_word' id='word_1_821' title='bbox 3353 5239 3513 5279; x_wconf 90' lang='lat' dir='ltr'>com-</span> 
     </span>
    </p>
   </div>
   <div class='ocr_carea' id='block_1_117' title="bbox 1868 5313 3512 5387">
    <p class='ocr_par' dir='ltr' id='par_1_117' title="bbox 1868 5313 3512 5387">
     <span class='ocr_line' id='line_1_117' title="bbox 1868 5313 3512 5387; baseline -0.005 -10"><span class='ocrx_word' id='word_1_822' title='bbox 1868 5336 2112 5377; x_wconf 89' lang='lat' dir='ltr'>munem</span> <span class='ocrx_word' id='word_1_823' title='bbox 2144 5335 2352 5375; x_wconf 89' lang='lat' dir='ltr'>earum</span> <span class='ocrx_word' id='word_1_824' title='bbox 2373 5335 2512 5374; x_wconf 91' lang='lat' dir='ltr'>cum</span> <span class='ocrx_word' id='word_1_825' title='bbox 2540 5314 2871 5373; x_wconf 87' lang='lat' dir='ltr'>Theodosia</span> <span class='ocrx_word' id='word_1_826' title='bbox 2899 5313 3270 5387; x_wconf 89' lang='lat' dir='ltr'>passionem,</span> <span class='ocrx_word' id='word_1_827' title='bbox 3300 5313 3512 5384; x_wconf 89' lang='lat' dir='ltr'>hujus—</span> 
     </span>
    </p>
   </div>
   <div class='ocr_carea' id='block_1_118' title="bbox 1863 5402 3512 5482">
    <p class='ocr_par' dir='ltr' id='par_1_118' title="bbox 1863 5402 3512 5482">
     <span class='ocr_line' id='line_1_118' title="bbox 1863 5402 3512 5482; baseline -0.005 -16"><span class='ocrx_word' id='word_1_828' title='bbox 1863 5425 2108 5482; x_wconf 90' lang='lat' dir='ltr'>quoque</span> <span class='ocrx_word' id='word_1_829' title='bbox 2137 5407 2421 5465; x_wconf 87' lang='lat' dir='ltr'>festivitas</span> <span class='ocrx_word' id='word_1_830' title='bbox 2449 5405 2674 5462; x_wconf 89' lang='lat' dir='ltr'>ibidem</span> <span class='ocrx_word' id='word_1_831' title='bbox 2732 5404 2829 5475; x_wconf 85' lang='lat' dir='ltr'>agi</span> <span class='ocrx_word' id='word_1_832' title='bbox 2884 5402 3233 5475; x_wconf 87' lang='lat' dir='ltr'>ibidemque</span> <span class='ocrx_word' id='word_1_833' title='bbox 3290 5417 3512 5476; x_wconf 90' lang='lat' dir='ltr'>corpus</span> 
     </span>
    </p>
   </div>
   <div class='ocr_carea' id='block_1_119' title="bbox 1863 5499 2556 5572">
    <p class='ocr_par' dir='ltr' id='par_1_119' title="bbox 1863 5499 2556 5572">
     <span class='ocr_line' id='line_1_119' title="bbox 1863 5499 2556 5572; baseline -0.004 -17"><span class='ocrx_word' id='word_1_834' title='bbox 1863 5499 2232 5572; x_wconf 90' lang='lat' dir='ltr'>requiescere</span> <span class='ocrx_word' id='word_1_835' title='bbox 2261 5500 2556 5553; x_wconf 90' lang='lat' dir='ltr'>censetur.</span> 
     </span>
    </p>
   </div>
   <div class='ocr_carea' id='block_1_120' title="bbox 1935 5596 3513 5673">
    <p class='ocr_par' dir='ltr' id='par_1_120' title="bbox 1935 5596 3513 5673">
     <span class='ocr_line' id='line_1_120' title="bbox 1935 5596 3513 5673; baseline -0.006 -12"><span class='ocrx_word' id='word_1_836' title='bbox 1935 5610 1983 5661; x_wconf 90' lang='lat'>9.</span> <span class='ocrx_word' id='word_1_837' title='bbox 2013 5607 2362 5662; x_wconf 71' lang='lat' dir='ltr'>Praatactum</span> <span class='ocrx_word' id='word_1_838' title='bbox 2388 5599 2771 5669; x_wconf 89' lang='lat' dir='ltr'>miraculum,</span> <span class='ocrx_word' id='word_1_839' title='bbox 2815 5600 3054 5673; x_wconf 88' lang='lat' dir='ltr'>aliaque</span> <span class='ocrx_word' id='word_1_840' title='bbox 3107 5597 3394 5672; x_wconf 87' lang='lat' dir='ltr'>deinceps</span> <span class='ocrx_word' id='word_1_841' title='bbox 3450 5596 3513 5652; x_wconf 92' lang='lat' dir='ltr'>in</span> 
     </span>
    </p>
   </div>
   <div class='ocr_carea' id='block_1_121' title="bbox 1863 5687 3515 5764">
    <p class='ocr_par' dir='ltr' id='par_1_121' title="bbox 1863 5687 3515 5764">
     <span class='ocr_line' id='line_1_121' title="bbox 1863 5687 3515 5764; baseline -0.007 -12"><span class='ocrx_word' id='word_1_842' title='bbox 1863 5693 2150 5754; x_wconf 84' lang='lat' dir='ltr'>Encomio</span> <span class='ocrx_word' id='word_1_843' title='bbox 2170 5696 2430 5764; x_wconf 81' lang='lat' dir='ltr'>narrata,</span> <span class='ocrx_word' id='word_1_844' title='bbox 2461 5689 2681 5748; x_wconf 68' lang='lat' dir='ltr'>aesculo</span> <span class='ocrx_word' id='word_1_845' title='bbox 2711 5690 2978 5764; x_wconf 86' lang='lat' dir='ltr'>primum</span> <span class='ocrx_word' id='word_1_846' title='bbox 3005 5688 3110 5746; x_wconf 75' lang='lat' dir='ltr'>xin</span> <span class='ocrx_word' id='word_1_847' title='bbox 3139 5690 3392 5746; x_wconf 82' lang='lat' dir='ltr'>exeunte</span> <span class='ocrx_word' id='word_1_848' title='bbox 3411 5687 3515 5743; x_wconf 89' lang='lat' dir='ltr'>aut</span> 
     </span>
    </p>
   </div>
  </div>
