3988 6322
451 285 552 342 891

1657 282 2122 342 CONSTANTINI
2158 283 2646 343 ACROPOLITIE.

3776 291 3896 343 8%

450 426 549 468 XIV
613 411 893 467 inchoato
932 415 1168 483 patrata
1215 415 1356 466 sunt
1387 428 1400 465 :
1447 415 1584 467 ante
1637 426 1772 483 quae
1820 415 2095 482 tempora
2123 411 2173 462 A
2211 410 2459 465 invidit:
2492 433 2520 460 »
2550 411 2608 466 ia
2641 412 2901 470 Diatriba
2937 421 3138 471 autem
3187 416 3263 471 de
3302 415 3655 472 Simeonum
3720 413 3896 468 scri-

453 501 1003 574 oporteretpridem
1055 500 1342 556 accidisse
1393 499 1513 564 illa,
1564 516 1822 572 quorum
1873 499 2095 554 mentio

452 589 522 644 ﬁt
569 590 626 644 in
685 588 1051 660 Synaxariis,
1108 594 1165 644 et
1211 589 1555 660 antiquiora
1629 589 1834 662 aliqua
1906 589 2097 660 ipsius

455 681 686 735 Sancta:
715 679 1015 735 exstitisse
1053 684 1186 734 acta
1215 679 1374 734 unde
1401 683 1646 750 accepta
1665 680 1783 734 sint
1825 681 2096 750 Synaxa-

452 769 679 824 riorum
709 785 856 823 mss.
877 767 1072 837 elogia
1106 790 1119 824 :
1149 784 1284 841 quae
1336 774 1480 825 Acta
1531 769 1712 825 modo
1762 784 1885 825 non
1938 770 2096 824 inve-

453 857 712 914 niantur.
747 858 1112 929 Utorumque
1135 859 1436 927 jacturam
1467 863 1770 931 utcunque
1801 857 2101 930 supplebit

453 951 557 998 Τοῦ
620 949 920 1018 σοφωτάτου
979 948 1204 1019 μεγάλου
1259 950 1550 1018 Λογοθέτου
1613 955 1772 1020 κυροῦ
1831 953 2096 1000 Κωνσταν-

453 1041 618 1104 τίνου,
663 1043 756 1087 τοῦ
821 1035 1212 1108 Ἀκροπολίτου,
1268 1036 1417 1108 λόγος
1481 1037 1550 1098 εἰς
1602 1041 1695 1095 τὴν
1755 1036 1908 1108 ἁγίαν
1961 1038 2101 1089 ὁσιο-

456 1123 699 1197 μάρτυρα
754 1122 1082 1179 Θεοδοσίανε
1161 1147 1189 1174 ‹‹
1269 1126 1697 1197 Sapientissimi
1775 1131 1832 1182 et
1895 1127 2100 1196 magni

454 1214 796 1286 logothetan,
827 1214 1038 1270 domni
1075 1214 1444 1270 Constantini
1499 1215 1869 1286 Acropolitae,
1904 1229 2100 1270 sermo

454 1304 515 1360 in
565 1307 836 1359 sanctam
897 1302 1403 1376 hosiomartyrem
1446 1304 1845 1360 Theodosiam
1873 1323 1886 1359 :
1918 1328 1946 1354 υ
2001 1304 2100 1359 de-

457 1393 710 1464 scriptus
760 1407 834 1448 ex
899 1393 1103 1449 codice
1162 1395 1460 1450 Vaticano.
1519 1394 1942 1450 Constantinus
1970 1394 2097 1460 iste,

456 1483 832 1555 propinquas
880 1483 1154 1554 sepulcro
1228 1482 1386 1538 cedes
1459 1483 1758 1548 habitans,
1837 1484 2100 1554 magnis-

458 1585 576 1643 que
606 1570 684 1626 ad
709 1586 782 1626 ea
820 1575 942 1626 tam
963 1571 1024 1625 in
1052 1587 1162 1626 sua
1188 1587 1374 1643 quam
1404 1571 1464 1626 in
1496 1572 1697 1639 generi
1729 1571 1824 1626 sui
1845 1586 2106 1643 persona

460 1659 709 1716 affectus
737 1659 1060 1729 beneﬁciis,
1093 1660 1251 1715 hanc
1271 1660 1428 1716 illius
1456 1659 1865 1716 laudationem
1913 1659 2104 1732 publi-

2207 501 2344 571 ptis,
2378 506 2585 570 printer
2613 501 2772 557 hanc
2789 504 2863 558 de
2893 509 2948 560 S.
3001 506 3351 573 Theodosia,
3403 511 3518 560 tres
3571 519 3808 560 earnm
3855 518 3894 556 a

2206 605 2268 643 se
2294 595 2646 660 conspectas
2677 603 2972 662 numerat,
2997 618 3022 642 «
3051 594 3112 650 in
3147 597 3202 650 S.
3233 595 3633 666 Neophytum,
3687 595 3753 647 in
3819 595 3886 645 S.

2204 676 2584 733 Theodorum
2609 680 2902 750 Tironem,
2935 690 2992 738 et
3015 683 3077 738 in
3108 686 3162 738 S.
3201 685 3495 739 Joannem
3541 686 3891 737 Damasce-

2205 781 2424 823 num.»
2484 768 2597 824 Sed
2635 769 2890 826 dubium
2933 773 3063 842 ipse
3113 789 3292 827 suum
3339 771 3572 828 solvere
3619 771 3887 825 videtur

2205 853 2469 920 Allatius,
2494 858 2741 928 quando
2763 875 2836 914 ex
2856 860 3221 932 Pachymere
3243 860 3616 932 praelaudato
3638 859 3888 924 allegat

2205 943 2426 1009 locum,
2454 946 2558 1001 ubi
2588 945 2801 1003 dicitur
2844 950 3220 1006 Andronicus
3271 948 3662 1018 Palaaologos,
3725 952 3888 1019 post

2207 1033 2438 1088 obitum
2469 1035 2674 1105 patris,
2711 1060 2730 1084 ε
2763 1043 2898 1093 ante
2928 1038 3077 1094 alios
3135 1056 3276 1094 usus
3321 1038 3622 1095 Muzalone
3677 1036 3883 1092 Theo-

2207 1121 2374 1192 doro,
2429 1140 2611 1194 quem
2673 1125 2808 1180 illus
2866 1134 3033 1198 pater
3100 1128 3160 1184 in
3249 1128 3456 1196 magni
3537 1125 3888 1196 logothetae

2207 1211 2557 1282 Acropolitae
2589 1213 2884 1270 demortui
2915 1215 3116 1272 locum
3138 1217 3495 1287 subrogarat
3528 1234 3540 1270 :
3572 1239 3598 1263 »ι
3656 1214 3888 1285 utique

2209 1301 2439 1370 Georgii
2471 1320 2482 1356 :
2515 1318 2658 1356 nam
2686 1306 3104 1360 Constantinus
3137 1312 3336 1362 noster
3368 1305 3508 1360 vixit
3554 1319 3700 1359 cum
3754 1309 3893 1357 An-

2208 1387 2476 1460 dronico,
2500 1393 2581 1447 uti
2601 1392 2733 1462 jam
2756 1411 2939 1464 supra
2959 1395 3185 1450 dictum
3212 1402 3318 1450 est.

2287 1480 2367 1533 11.
2403 1481 2555 1544 Quin
2594 1481 2716 1537 imo
2773 1483 3002 1553 Georgii
3057 1483 3215 1539 illius
3271 1483 3429 1539 ﬁlius
3475 1483 3661 1538 fuisse
3716 1483 3886 1537 Con-

2211 1568 2524 1635 stantinus,
2551 1569 2727 1642 plane
2759 1571 3052 1639 colligitur
3081 1589 3155 1628 ex
3193 1573 3296 1627 lib.
3329 1590 3398 1641 vi,
3431 1589 3565 1644 cap.
3624 1575 3717 1639 26,
3764 1569 3891 1623 ubi

2210 1663 2506 1723 narratur,
2539 1659 2850 1730 quomodo
2891 1662 3131 1718 Michael
3179 1661 3643 1718 Constantinum
3694 1663 3901 1714 Acro-

460 1764 527 1804 ce
559 1746 932 1803 recitandam
962 1749 1318 1820 composuit,
1345 1749 1587 1822 qualem
1641 1749 1978 1806 invenimus
2043 1750 2104 1806 in
2135 1762 2176 1815 B
2215 1745 2483 1818 politam,
2517 1770 2543 1795 ‹‹
2576 1763 2758 1819 quem
2790 1766 2825 1803 a
2849 1754 3012 1820 patre
3060 1766 3284 1820 magno
3337 1749 3643 1822 logotheta
3697 1763 3895 1804 acce-

460 1853 576 1893 ms.
603 1836 909 1893 Vaticano.
933 1837 1319 1908 lntelligimus
1343 1845 1544 1895 autem
1575 1840 1812 1894 Vienna-'3
1860 1855 2104 1912 quoque

459 1926 522 1983 in
552 1927 822 1981 Cesarea
858 1925 1220 1982 bibliotheca
1273 1933 1527 1995 exstare,
1586 1933 1643 1983 et
1696 1929 1794 1984 hic
1839 1928 2104 1996 primum

463 2015 952 2072 Graeco-Latinam
981 2015 1336 2071 exhibemus
1370 2016 1513 2072 :sed
1544 2026 1725 2073 antea
1757 2020 2102 2089 quaerimus,

460 2105 596 2177 quis
647 2104 1076 2160 Constantinus
1131 2106 1238 2160 iste
1285 2105 1477 2172 fuerit,
1532 2111 1589 2162 et
1641 2122 1765 2178 quo
1837 2112 2104 2178 tempore

459 2193 686 2250 vixerit.
719 2193 808 2250 Ad
831 2194 947 2250 hoc
971 2194 1386 2264 indagandum
1433 2195 1560 2266 ipse
1591 2196 1764 2251 nobis
1817 2198 2106 2267 suggerit,

461 2297 747 2353 generum
779 2282 892 2338 sibi
918 2282 1100 2339 fuisse
1153 2283 1341 2339 ﬁlium
1390 2285 1676 2357 principis
1726 2285 2106 2350 Cholcorum,

461 2371 865 2443 eamdemque
884 2376 1164 2443 nepotem
1185 2372 1447 2428 defuncti
1468 2375 1848 2445 imperatoris
1862 2390 1935 2430 ex
1965 2375 2104 2440 ﬁlia,

459 2460 766 2530 regnantis
797 2475 998 2516 sorore
1033 2477 1047 2524 ;
1073 2477 1209 2532 quae
1233 2462 1907 2533 Constantinopolitanae
1932 2464 2110 2519 histoa

461 2549 586 2615 τίω,
614 2548 788 2621 periti
826 2548 997 2604 facile
1039 2549 1374 2618 intelligunt
1422 2550 1500 2606 ad
1555 2551 1849 2607 Michaelis
1903 2552 2110 2607 Palico-

462 2637 847 2710 logi,ﬁliique
871 2639 1001 2708 ejus
1027 2639 1350 2695 Andronici
1404 2641 1652 2696 senioris
1701 2644 1972 2713 tempora
2027 2643 2110 2697 sic

464 2727 678 2798 aptari,
701 2731 763 2783 ut
783 2726 863 2782 ad
879 2727 1044 2784 nulla
1065 2727 1182 2784 alia
1197 2744 1367 2801 aeque
1389 2730 1620 2801 possint
1638 2730 2106 2786 accommodari.

467 2815 654 2888 Coepit
673 2820 874 2872 autem
889 2817 1184 2890 imperare
1204 2818 1445 2874 Michael
1471 2835 1633 2875 anno
1655 2823 1790 2876 1260
1810 2837 1823 2886 ;
1843 2825 1899 2876 et
1919 2818 2110 2876 ﬁlium

464 2904 894 2975 Andronicum,
920 2908 1202 2978 conjugio
1231 2914 1416 2964 Annas
1471 2909 1606 2965 ﬁliae
1663 2910 1822 2980 regis
1877 2910 2112 2966 Panno-

467 2994 581 3050 nias
604 2994 901 3067 junctum,
935 2997 1145 3053 ascivit
1173 2998 1408 3064 imperii
1434 3000 1525 3054 sui
1576 3004 1912 3056 consortem
1950 3014 2111 3055 anno

2213 1842 2385 1908 ptum
2443 1835 2728 1892 educarat
2784 1839 2947 1908 apud
3002 1856 3086 1907 se,
3138 1839 3565 1909 informarique
3621 1835 3896 1908 optimis

2215 1925 2440 1981 artibus
2453 1934 2707 1990 curarat,
2731 1949 2756 1974 ››
2777 1932 3018 1999 propter
3037 1929 3419 2000 pertinaciam
3440 1928 3500 1982 iu
3518 1926 3891 1990 schismate,

2217 2037 2244 2064 «
2277 2015 2668 2087 privaritloco
2698 2018 2902 2084 gratiae
2955 2033 3132 2088 quem
3188 2019 3350 2089 prius
3381 2016 3696 2078 habuerat,
3766 2019 3831 2068 et
3857 2030 3897 2068 a.

2216 2121 2324 2160 sua
2355 2101 2750 2160 familiaritate
2774 2107 3091 2162 removerit
3121 2123 3132 2160 :
3172 2128 3198 2155 »
3224 2105 3389 2178 quod
3419 2104 3648 2159 factum
3700 2111 3891 2158 ante-

2214 2192 2798 2265 penultimoimperii
2825 2210 3005 2250 anno.
3049 2197 3260 2249 Verum
3295 2195 3407 2249 cito
3447 2193 3608 2265 apud
3674 2192 3888 2246 ﬁlium

2215 2279 2621 2336 Andronicum
2705 2281 3074 2353 recuperavit
3159 2283 3609 2349 Constantinus,
3701 2277 3890 2350 quod

2217 2368 2384 2442 apud
2414 2371 2754 2426 Michaelem
2786 2373 3108 2427 amiserat:
3138 2372 3218 2426 uti
3263 2376 3318 2426 et
3369 2370 3745 2433 Theodorus,
3806 2367 3892 2422 ob

2217 2460 2497 2517 eamdem
2515 2479 2762 2517 causam
2794 2461 2986 2534 gradu
3005 2462 3320 2531 logothetaa
3345 2467 3543 2516 motus
3565 2478 3577 2514 :
3598 2459 3708 2531 qui
3739 2474 3895 2512 cum

2219 2553 2500 2608 eumdem
2518 2550 2596 2606 ad
2626 2551 2966 2606 Andronico
2994 2551 3334 2622 recepisset,
3378 2549 3435 2604 in
3490 2549 3622 2620 ipso
3681 2562 3896 2618 perse-

2218 2642 2466 2707 veravit,
2546 2639 2980 2712 protovestiarii
3060 2639 3226 2694 titulo
3307 2639 3552 2710 insuper
3641 2641 3892 2701 auctus,

2220 2746 2412 2802 usque
2438 2729 2518 2784 ad
2543 2745 2639 2785 an.
2680 2733 2834 2797 1294,
2861 2746 2982 2801 quo
3035 2727 3217 2794 obiit;
3270 2733 3326 2782 et
3367 2729 3496 2800 ipso
3555 2725 3892 2794 logothetae

2221 2835 2467 2874 munere
2503 2834 2910 2872 successorem
2966 2817 3177 2872 habuit
3212 2816 3566 2888 praedictum
3603 2813 3886 2883 Gregorii

2219 2907 2410 2963 ﬁlium
2443 2907 2915 2972 Constantinum,
2942 2907 3324 2978 imperatoria
3362 2921 3501 2959 mox
3562 2901 3887 2966 afﬁnitate,

2219 2998 2303 3052 uti
2323 3012 2509 3067 supra
2530 2994 2809 3061 diximus,
2831 2997 3214 3050 honoratum.
3242 2993 3521 3061 Quandiu
3540 2992 3638 3048 hic
3665 2998 3890 3064 postea

471 3088 626 3151 1272,
657 3085 784 3157 ipse
815 3089 1017 3142 autem
1037 3085 1184 3143 obiit
1207 3087 1319 3143 sub
1340 3088 1522 3144 finem
1553 3105 1650 3144 an.
1699 3092 1854 3146 1281.
1883 3089 2020 3158 Ejus
2041 3103 2112 3144 ac
2150 3109 2192 3166 ρ
2221 3087 2420 3142 vixerit
2474 3101 2593 3140 non
2635 3086 2865 3157 reperio
2891 3104 2902 3138 :
2952 3102 3139 3140 unum
3193 3083 3610 3140 verosimiliter
3671 3080 3891 3135 videor

465 3173 572 3230 ﬁlii
595 3190 690 3230 res
709 3179 910 3245 gestas
955 3176 1251 3232 accuratis
1277 3179 1724 3234 commentariis
1759 3183 2111 3250 prosecutus

470 3267 559 3319 est
577 3264 865 3334 Georgius
891 3265 1305 3336 Pachymeres,
1347 3281 1471 3322 non
1499 3267 1581 3322 ita
1622 3267 1856 3340 pridem
1906 3265 2116 3323 Latini-

469 3353 589 3408 tate
612 3350 874 3407 donatus
922 3367 960 3408 a
1010 3357 1216 3409 nostro
1247 3355 1412 3410 Petro
1463 3355 1734 3423 Possino,
1777 3361 1834 3410 et
1889 3356 2116 3410 Graeco-

472 3439 673 3495 Latine
703 3439 897 3495 editus
921 3443 1123 3496 Roma
1163 3443 1771 3511 magniﬁcentissimis
1826 3459 1897 3499 ac
1939 3443 2119 3515 plane

471 3527 651 3596 regiis
715 3527 875 3599 typis
933 3528 1281 3586 Barberinis.
1335 3535 1417 3587 Ex
1460 3548 1532 3588 eo
1590 3531 1898 3599 discimus,
1948 3533 2116 3604 quod

474 3615 612 3671 ﬁlim
675 3615 941 3672 Michaeli
992 3617 1210 3675 fuerint
1261 3626 1402 3687 tres,
1460 3621 1636 3677 etiam
1704 3623 2026 3677 nominatae
2085 3637 2121 3676 a

477 3703 854 3762 Christodulo
883 3705 940 3761 in
962 3707 1212 3778 cpistola
1232 3709 1454 3781 praavia
1485 3709 1562 3765 ad
1592 3711 1905 3767 historiam
1948 3713 2121 3767 Joan-

477 3794 570 3851 nis
597 3795 1006 3866 Cantacuzeni,
1035 3797 1199 3854 lrene
1229 3799 1465 3869 scilicet,
1499 3800 1780 3858 Eudocia.
1828 3805 1886 3856 et
1915 3807 2110 3856 Anna.

477 3887 641 3942 lrene
670 3885 879 3958 nupsit
901 3887 1108 3943 Asano
1134 3889 1384 3958 Jnniori,
1415 3889 1705 3960 Bulgarize
1725 3890 1850 3960 regi
1886 3909 1897 3956 ;
1937 3889 2122 3944 Eudo-

475 3972 567 4030 cia
594 3974 846 4048 principi
908 3977 1197 4033 Lazorum
1244 3978 1554 4046 collocata,
1611 3980 1828 4035 marito
1886 3983 2123 4033 mortuo

476 4061 538 4117 in
563 4063 996 4120 monasterium
1019 4081 1147 4121 sese
1201 4069 1466 4139 recepit;
1519 4074 1709 4138 Anna,
1768 4068 1892 4124 ﬁlio
1951 4067 2124 4123 cralis

479 4164 587 4204 seu
609 4151 767 4220 regis
789 4152 1003 4208 Serviae
1029 4154 1331 4226 desponsa
1358 4157 1626 4229 quidem.
1659 4157 1764 4213 sed
1807 4159 2127 4228 conjuncta

476 4253 816 4310 nunquam,
854 4256 1014 4296 anno
1048 4246 1182 4298 1278
1213 4245 1475 4301 Michaeli
1512 4248 1962 4317 consanguineo
2015 4263 2124 4301 suo

479 4326 735 4393 nubens,
765 4330 962 4385 attulit
988 4331 1040 4386 ei
1072 4332 1304 4388 titulum
1335 4333 1600 4405 despotaa
1625 4353 1637 4389 :
1667 4340 1724 4390 et
1753 4335 1891 4390 huic
1936 4335 2126 4407 potuit

2221 3191 2397 3248 posse
2423 3175 2643 3242 dicere,
2679 3175 3029 3230 Encomium
3056 3177 3111 3229 S.
3145 3173 3492 3229 Theodosia:
3524 3170 3603 3226 ab
3634 3187 3713 3226 eo
3746 3171 3890 3225 scri-

2221 3257 2393 3336 ptum
2441 3261 2627 3318 fuisse
2700 3269 2837 3318 ante
2917 3278 3144 3318 annum
3227 3254 3381 3323 1306,
3450 3258 3678 3330 alioqui
3763 3261 3890 3312 non

2223 3351 2526 3408 omisisset
2573 3350 3026 3406 celeberrimum
3090 3349 3249 3405 istud
3307 3347 3666 3404 miraculum
3722 3345 3894 3419 quod

2224 3439 2328 3496 lib.
2365 3457 2419 3511 ν,
2454 3440 2526 3496 de
2552 3440 2915 3501 Andronico.
2959 3457 3090 3512 cap.
3121 3443 3207 3506 32,
3238 3443 3441 3493 narrat
3479 3435 3893 3507 Pachymeres

2226 3537 2348 3602 quo
2376 3530 2510 3601 lque
2541 3529 2755 3584 eodem
2788 3528 3034 3597 contigit
3063 3543 3243 3582 anno.
3279 3526 3371 3581 Est
3396 3529 3598 3581 autem
3625 3548 3651 3574 (ε
3681 3524 3892 3592 magni

2226 3618 2543 3688 logotheta=
2566 3616 2829 3672 ofﬁcium
2861 3616 3189 3688 proprium,
3225 3621 3288 3670 ut
3319 3615 3400 3670 ait
3422 3613 3688 3671 Codinus
3741 3612 3891 3667 libro

2229 3709 2301 3765 de
2345 3709 2588 3777 Ofﬁciis,
2639 3707 2928 3763 mandata
2987 3706 3150 3776 regia
3206 3712 3262 3760 et
3318 3720 3494 3760 aures
3543 3701 3756 3758 bullas
3815 3702 3890 3757 ad

2228 3813 2418 3865 reges,
2473 3796 2761 3866 sultanos,
2789 3803 3094 3868 ,satrapas
3147 3794 3426 3866 expedire
3463 3811 3474 3847 :
3512 3814 3537 3842 ››
3583 3791 3767 3864 isque
3815 3793 3890 3845 ab

2229 3887 2440 3942 eodem
2478 3886 2701 3941 Codino
2760 3888 3107 3940 numeratur
3165 3885 3224 3938 in
3268 3883 3477 3937 ordine
3529 3878 3886 3936 oﬁicialium

2231 3975 2630 4031 Palatinorum
2661 3973 3076 4029 duodecimus.
3104 3976 3217 4026 Nec
3246 3970 3409 4027 aliud
3438 3973 3733 4042 praeterea
3779 3983 3884 4022 no-

2231 4063 2482 4120 tandum
2513 4066 2669 4120 circa
2695 4065 2819 4118 haec
2851 4062 3124 4132 occurrit,
3159 4077 3344 4133 quam
3376 4057 3730 4130 Acropolitee
3778 4072 3884 4128 ap-

2231 4152 2612 4226 pellationem
2634 4168 2756 4207 non
2789 4152 2966 4206 fuisse
2989 4151 3214 4221 patriae,
3244 4149 3346 4203 sed
3370 4146 3610 4204 familiae
3653 4161 3882 4213 cogno-

2233 4247 2538 4298 mentum:
2570 4257 2706 4296 cum
2741 4242 2882 4295 satis
2914 4247 3137 4295 certum
3185 4237 3476 4302 videatur,
3533 4242 3654 4290 tam
3708 4236 3885 4289 Geor—

2234 4331 2399 4401 gium
2421 4347 2606 4402 quam
2628 4331 2757 4400 ejus
2779 4329 2966 4384 ﬁlium
2989 4327 3440 4383 Constantinum
3467 4322 3886 4380 Constantino-

479 4416 656 4474 datus
685 4433 815 4472 esse
843 4419 1214 4490 principatus
1239 4421 1618 4491 Colchorum,
1650 4429 1714 4478 ut
1767 4439 1839 4477 ex
1888 4440 1959 4479 eo
2003 4439 2126 4478 ma-
2161 4451 2202 4505 ι)
2235 4421 2534 4494 politanos
2567 4419 2750 4474 fuisse
2784 4438 2796 4474 ε
2837 4418 2954 4474 alia
2997 4424 3198 4474 autem
3235 4415 3543 4485 gentilium
3581 4412 3888 4505 ejusmodi

481 4507 763 4566 trimonio
793 4513 968 4564 natus
990 4509 1149 4564 ﬁlius
1181 4513 1455 4582 potuerit,
1490 4512 1648 4567 circa
1685 4527 1915 4567 annum
1968 4517 2125 4580 t295,

480 4595 700 4652 ducere
722 4612 972 4653 uxorem
1006 4597 1191 4654 ﬁliam
1247 4599 1611 4654 Constantini
1657 4597 1998 4669 logothetae,
2053 4599 2129 4655 de

481 4699 604 4759 quo
634 4683 810 4740 nobis
839 4684 900 4740 in
929 4687 1385 4758 praesentiarum
1412 4692 1500 4742 est
1525 4687 1796 4758 qumstio.

558 4777 641 4830 10.
675 4775 792 4832 Leo
829 4774 1098 4840 Allatius,
1125 4775 1186 4830 in
1245 4790 1358 4830 sua
1405 4773 1481 4830 de
1533 4775 1794 4846 Georgiis
1848 4775 2127 4843 Diatriba,

483 4863 644 4924 edita
717 4869 855 4937 post
909 4863 1142 4934 Georgii
1189 4863 1540 4936 Acropolitaa
1599 4863 1930 4937 historiam,
1982 4864 2132 4920 inter

483 4956 712 5026 legatos
744 4971 781 5012 a
809 4955 1084 5012 Michaele
1108 4955 1326 5010 missos
1355 4955 1434 5009 ad
1465 4955 1814 5025 Gregorium
1859 4958 1920 5024 X,
1969 4970 2131 5010 anno

489 5048 645 5112 1273,
701 5045 1079 5101 nominatum
1127 5044 1437 5099 inveniens
1486 5044 1649 5116 apud
1704 5045 2132 5116 Pachymerem

486 5134 590 5192 lib.
613 5137 676 5199 V,
700 5151 834 5207 cap.
883 5141 969 5198 17,
1020 5156 1047 5184 ι(
1107 5149 1176 5188 ex
1227 5133 1526 5189 senatorio
1580 5134 1811 5198 ordine,
1867 5133 2131 5204 primum

488 5224 1169 5302 magnumlogothetam
1203 5222 1625 5295 Acropolitam,
1671 5245 1698 5272 »
1744 5221 1996 5289 dubitat,
2053 5220 2134 5275 lo-

490 5326 676 5372 cusne
712 5312 808 5368 hic
832 5313 1248 5382 inteliigendus
1281 5307 1363 5368 sit
1393 5313 1468 5367 de
1521 5312 1806 5383 praedicto
1864 5311 2133 5378 Georgio,

492 5408 695 5472 (quem
745 5401 923 5456 etiam
981 5401 1184 5471 magni
1241 5401 1558 5471 logothetaa
1616 5399 1886 5455 functum
1940 5398 2136 5456 ofﬁcio

491 5490 768 5560 constat),
799 5504 876 5544 an
897 5490 972 5544 de
1034 5513 1054 5538 ι
1100 5489 1503 5548 Constantino.
1535 5533 1539 5538 .
1570 5489 1742 5559 cujus
1795 5486 2136 5559 complures

493 5580 793 5640 orationes
834 5577 897 5653 in
942 5583 1286 5646 sanctorum
1333 5576 1680 5660 festivitates
1730 5580 1967 5650 tempus
2015 5592 2139 5634 non

2237 4509 2664 4578 cognominum
2710 4506 2941 4562 saeculis
2997 4505 3110 4560 illis
3165 4505 3518 4559 usitatorum
3585 4499 3888 4571 exempla,

2237 4614 2372 4669 quae
2402 4613 2789 4669 nequaquam
2813 4595 2972 4650 credi
2995 4591 3529 4666 possir-tpatriain.
3598 4589 3678 4643 uti
3742 4586 3891 4642 alias

2237 4686 2598 4746 viderentur,
2641 4691 2868 4754 notare,
2911 4682 3045 4738 vide
3095 4679 3258 4754 apud
3313 4679 3573 4736 Leonem
3623 4676 3889 4739 Alltium,

2238 4775 2294 4829 in
2320 4775 2625 4846 pracitata
2648 4771 2722 4828 de
2750 4771 3013 4840 Georgiis
3044 4771 3304 4826 Diatriba
3331 4768 3434 4823 ubi
3488 4766 3560 4821 de
3619 4770 3890 4836 Acropo-

2239 4865 2342 4919 lita
2362 4864 2501 4932 agit.

2313 4952 2402 5008 12.
2436 4953 2726 5006 Hactenus
2748 4949 2821 5003 de
2851 4953 3091 5004 auctore
3113 4951 3169 5002 et
3202 4953 3467 5016 tempore
3525 4941 3732 5014 scripti
3791 4945 3893 4996 En-

2241 5041 2440 5096 comii.
2478 5043 2553 5094 De
2586 5039 2718 5094 loco
2768 5037 3035 5109 martyrii
3089 5052 3124 5090 a
3175 5037 3231 5091 S.
3275 5031 3612 5089 Theodosia
3659 5028 3895 5088 tolerati

2243 5130 2488 5186 verbum
2525 5146 2712 5184 unum
2742 5128 2835 5182 hic
2867 5127 3353 5199 przemittendum
3389 5125 3684 5194 superest.
3746 5122 3898 5176 Con'

2244 5219 2538 5274 stantinus
2561 5234 2725 5272 num.
2762 5222 2828 5272 29
2861 5216 2920 5271 in
2952 5214 3204 5270 macello
3235 5218 3594 5285 pertractam
3621 5217 3895 5264 sanctam

2245 5312 2325 5363 ait
2351 5326 2363 5362 ι
2393 5307 2744 5379 Synaxaria,
2771 5305 2972 5377 utique
2997 5320 3068 5359 ex
3102 5300 3541 5374 antiquioribus
3569 5297 3745 5366 Actis,
3773 5305 3896 5370 πρὸς

2245 5403 2330 5450 τόν
2362 5405 2487 5449 Βοῦν
2518 5396 2598 5453 ad
2628 5397 2865 5451 Bovem.
2893 5394 2990 5449 Hic
3023 5393 3191 5448 locus
3223 5407 3301 5446 an
3331 5389 3497 5458 olim,
3543 5387 3636 5443 vel
3689 5385 3894 5442 saltem

2247 5485 2787 5557 Constantiniaavo,
2811 5480 3131 5539 macellum
3164 5479 3278 5535 sibi
3291 5475 3892 5549 adjunctumhabue—

2246 5577 2336 5650 rit,
2369 5591 2562 5649 eaque
2582 5573 2895 5651 occasione
2927 5573 3326 5628 mactatorum
3373 5564 3733 5623 animalium
3773 5579 3896 5620 cor.
