3988 6322
116 286 256 348 8”
1537 283 1690 342 ῙΝΒ

1990 284 2215 343 ΟΒῙΑΠ.
3455 290 3565 346 σοι

115 429 282 472 nua
306 415 534 471 ibidem
552 411 630 468 ad
658 423 908 467 manum
931 413 1160 465 essent:
1182 417 1258 465 an
1279 425 1422 465 vero
1443 409 1503 466 id
1525 412 1814 466 Constan-
1845 413 1890 464 A
1921 423 2050 480 pro,
2112 408 2374 480 ἕχωνεύθη
2433 412 2726 481 conﬂatus
2774 419 2879 483 est,
2925 413 2987 469 in
3052 430 3164 469 ms,
3232 413 3561 484 legebatur,

121 505 324 560 tinus.
346 521 453 576 per
491 499 869 572 conjectandi
893 499 1195 556 licentiam
1225 500 1307 556 ita
1337 500 1656 572 scripserit,
1692 513 1815 554 non
1923 497 2165 566 ἐφονεύθη
2201 505 2502 556 mactatus
2538 504 2621 556 est
2648 519 2660 556 :
2692 518 2827 574 quae
2866 504 2915 558 si
2941 503 3296 575 metaphora
3323 520 3444 560 non
3475 510 3564 561 est

118 593 369 649 divino
398 611 411 648 :
439 592 516 646 de
548 594 702 646 Bove
732 589 857 646 scio
898 605 968 644 ex
1001 588 1234 644 Joanne
1263 592 1460 644 Tzetze
1509 589 1659 644 inter
1685 588 1815 644 fora
1922 587 2061 644 bovi
2077 605 2244 644 aeneo
2261 595 2485 661 aptata,
2501 591 2778 663 sphalma
2792 597 2884 648 est
2909 593 3322 661 librariorum;
3348 594 3444 652 ille
3461 611 3564 651 au-

118 681 409 754 publica
431 681 812 736 nominatum
839 677 1044 743 fuisse,
1092 682 1215 740 Βοός
1264 676 1478 752 ἀγορὰν,
1519 682 1638 736 ἤτοι
1686 685 1693 728 1

1989 694 2038 732 ω
2071 693 2141 733 eo
2168 693 2290 734 non
2339 680 2762 736 animadverso
2814 681 2896 738 ita
2947 683 3138 750 vertit,
3181 683 3414 754 integra
3459 699 3564 740 au-

118 775 230 822 τόν
267 775 458 840 τόπον,
483 771 645 826 Bovis
659 770 887 838 forum,
919 782 1021 824 seu
1053 769 1247 823 locum
1278 769 1383 838 qui
1404 769 1519 822 Bos
1545 768 1773 823 dicitur
1797 784 1810 820 :
1923 771 2039 822 tem
2063 769 2393 838 permansit
2412 768 2622 825 fornax
2638 769 2738 826 illa
2759 787 2950 838 usque
2970 772 3049 827 ad
3065 776 3334 843 tempora
3354 773 3563 829 Phocus

119 875 212 916 ex
237 860 483 916 Codino
510 874 650 915 vero
667 859 751 913 De
773 857 1103 929 originibus
1124 872 1264 912 eum
1289 857 1468 912 fuisse
1492 872 1612 912 non
1637 854 1813 911 valde
1921 856 2178 926 tyranni,
2221 855 2326 926 qni
2374 856 2616 913 ultimus
2659 858 2931 914 omnium
2980 859 3060 915 ab
3107 859 3373 915 Heraclio
3404 861 3463 915 in
3492 877 3563 916 eo

118 955 462 1005 remotum
485 964 522 1004 a
545 947 770 1020 palatio
795 964 807 1001 :
841 945 1142 1018 siquidem
1173 946 1324 1001 inter
1343 951 1603 1018 quatuor
1631 944 1812 1017 porti-
1921 944 2294 1000 combustus.
2321 967 2348 994 η
2389 949 2505 1002 Hoc
2527 964 2558 1001 e
2585 948 2793 1004 Phocus
2835 955 3022 1005 morte
3060 966 3239 1006 nemo
3273 950 3562 1006 hactenus

119 1052 278 1098 eus.
309 1037 533 1110 quibus
555 1035 767 1091 urbem
788 1037 1023 1091 ornavit
1039 1034 1327 1098 Eubulus,
1344 1034 1496 1089 duas
1516 1037 1810 1100 numerat,
1921 1034 2259 1100 somniavit,
2279 1050 2472 1106 neque
2484 1036 2578 1090 vel
2598 1053 2704 1108 per
2723 1038 3004 1094 umbram
3025 1039 3271 1094 extundi
3309 1054 3383 1095 ex
3402 1039 3562 1095 hisce

128 1147 156 1176 ι
196 1142 243 1182 a
282 1126 503 1183 Chalce
529 1141 635 1199 per
664 1123 882 1181 Milium
910 1128 968 1179 et
997 1126 1212 1179 Forum
1244 1139 1433 1195 usque
1453 1121 1532 1178 ad
1552 1125 1703 1178 Taur

1984 1121 2116 1175 :rbis
2167 1127 2361 1194 potest
2395 1120 2455 1194 ᾖν
2505 1121 2564 1176 δὲ
2611 1128 2640 1183 ἡ
2686 1129 2895 1198 κάμινος
2930 1130 3022 1188 ἕως
3061 1134 3214 1180 Φωκᾶ
3246 1149 3257 1160 ·
3293 1127 3420 1179 ἀλλὰ
3461 1130 3559 1180 ὑπό

123 1221 191 1271 et
230 1218 468 1272 Bovem
499 1219 556 1271 et
586 1213 1038 1284 Hexakyonium
1081 1212 1293 1267 ductas
1327 1229 1340 1266 :
1376 1233 1404 1262 κ
1435 1216 1646 1284 postea
1673 1228 1698 1265 ν

1986 1209 2217 1279 ρακλείου
2249 1209 2490 1281 ἐφονεύθη
2541 1212 2675 1284 λόγῳ
2714 1215 2922 1284 φοὶὲων,
2949 1215 3108 1270 unde
3158 1215 3326 1270 vides
3374 1231 3561 1287 quam

125 1304 216 1359 de
288 1305 507 1360 statuis
554 1319 739 1374 agens
773 1319 787 1356 :
822 1324 849 1352 ‹‹
883 1305 945 1356 In
995 1301 1150 1366 loco,
1203 1300 1419 1371 inquit,
1465 1303 1812 1370 nuncupata
1923 1313 2132 1367 parum
2154 1299 2458 1368 possimus
2478 1300 2897 1372 interpretibus
2916 1303 3253 1359 nimiumin
3274 1319 3452 1375 opere
3474 1303 3560 1358 fe—

125 1394 343 1462 Bove,
371 1393 636 1449 maxima
659 1395 787 1447 erat
813 1389 1049 1459 fornax,
1079 1390 1250 1446 Bovis
1275 1394 1456 1461 caput
1473 1388 1731 1454 habens,
1749 1387 1812 1444 in
1921 1385 2280 1441 stinantibus
2304 1386 2510 1444 ﬁdere.
2534 1391 2632 1444 Est
2653 1394 2852 1446 tamen
2873 1392 3270 1464 verum,quod
3293 1393 3354 1447 in
3387 1392 3561 1447 Chro-

127 1497 276 1553 qua
333 1480 592 1538 maleﬁci
622 1478 1025 1552 puniebantur
1057 1498 1068 1534 :
1102 1494 1288 1552 quare
1318 1479 1496 1534 etiam
1542 1477 1812 1532 Julianus
1920 1474 2055 1529 nico
2085 1476 2764 1547 Constantinopolitano.
2801 1479 3202 1535 Alexandrino
3245 1493 3564 1552 perperam

127 1569 386 1625 multos
417 1567 780 1624 Christianos
799 1567 860 1622 in
891 1581 963 1622 ea
983 1565 1332 1622 combussit.
1364 1568 1501 1621 Erat
1527 1579 1670 1620 vero
1695 1563 1808 1620 for-
1919 1562 2100 1632 dicto,
2123 1578 2263 1634 pag.
2286 1568 2387 1618 576
2413 1564 2664 1634 legatur,
2700 1568 2904 1622 Phocae
2931 1569 3247 1638 cujusdam
3275 1573 3332 1623 et
3354 1569 3563 1624 Leonis

128 1673 270 1714 nax
295 1657 405 1714 illa
427 1657 490 1712 in
518 1656 778 1726 ﬁguram
803 1654 976 1711 bovis
997 1654 1373 1711 conformata
1402 1653 1810 1726 spectaculum
1921 1651 2171 1707 scellarii
2201 1667 2474 1724 corpora,
2498 1658 2710 1711 trunca
2736 1661 2793 1711 et
2817 1657 2921 1711 diu
2953 1662 3207 1728 raptata,
3236 1657 3312 1712 ad
3347 1661 3563 1711 Bovem

125 1747 338 1816 longe
361 1747 765 1803 maximum...
815 1751 874 1801 et
900 1744 1126 1801 mansit
1173 1760 1364 1816 usque
1398 1743 1474 1799 ad
1521 1743 1806 1807 Pbocam,
1841 1766 1880 1819 Β
1919 1742 2121 1798 delata
2135 1741 2376 1798 tandem
2401 1751 2458 1799 et
2481 1751 2866 1802 concremata
2884 1747 3086 1802 fuisse.
3118 1747 3288 1803 Plura
3312 1746 3387 1802 de
3411 1749 3564 1802 Bove

129 1835 254 1891 sed
278 1835 588 1891 Heraclius
608 1850 743 1890 eam
769 1833 1069 1895 conﬂavit,
1091 1832 1322 1888 follium
1343 1835 1532 1903 (aerem
1553 1835 1808 1887 monetae
1919 1830 2083 1903 apud
2106 1831 2393 1900 Cangium
2420 1832 2556 1888 vide
2582 1834 2642 1888 in
2667 1835 3192 1904 Constantinopoli
3213 1835 3564 1892 Christiana

127 1940 346 1994 genus
367 1928 524 1994 erat)
563 1922 980 1979 cudendorum
1006 1937 1211 1980 causa.
1241 1943 1267 1971 ››
1299 1920 1490 1976 Torsit
1517 1919 1612 1975 hic
1641 1919 1808 1975 loeus
1917 1919 2020 1974 lib.
2053 1937 2090 1974 1.
2125 1935 2236 1990 cap
2275 1923 2364 1991 24,
2397 1920 2502 1977 ubi
2533 1922 2606 1978 de
2637 1921 2778 1978 foris
2802 1924 3056 1996 publicis
3085 1939 3251 1979 num.
3283 1927 3346 1980 Xl
3375 1923 3562 1980 multa

129 2011 364 2070 Godini
402 2013 786 2084 interpretem
822 2011 1122 2066 Joannem
1168 2008 1609 2071 Leunclavium,
1641 2008 1808 2080 quod
1916 2007 2070 2063 lectu
2097 2013 2156 2063 et
2183 2008 2333 2065 scitu
2361 2010 2720 2079 dignissima
2741 2012 3030 2069 invenies.

928 2411 1106 2481 ΤΟΥ
1157 2403 1696 2480 ΣΟΦΩΤΑΤΟΥ
1748 2413 2179 2479 ΜΕΓΑΛΟΥ
2244 2399 2788 2478 ΛΟΓΟΘΕΤΟΥ

1757 2565 1971 2612 ΚΥΡΟΥ

547 2675 1710 2808 ΚΩΝΣΤΑΝΤΙΝΟΥ
1810 2681 2078 2794 ΤΟΥ
2152 2665 3200 2791 ΑΚΡΟΠΡΛΙΤΟΥ

799 2889 1190 2978 ΛΟΓΟΣ
1242 2889 1419 2975 ΕΙΣ
1467 2891 1696 2974 ΤΗΝ
1750 2889 2105 2974 ΑΓΙΑΝ
2159 2886 2374 2974 ΟΣΙ(

1377 2889 1419 2973 Σ
1467 2891 1696 2974 ΤΗΝ
1750 2889 2105 2974 ΑΓΙΑΝ
2159 2881 2952 2974 ΟΣΙΟΜΑΡΤΥΡΑ

1157 3063 2575 3241 ΘΕΟΔΟΣΙΑΝ.

907 3453 1707 3524 SAPIENTISSIMI
1779 3453 2115 3524 MAGNI
2188 3447 2846 3520 LOGOTHETZE-

1760 3637 1982 3682 DOMINI

455 3796 1760 3947 CONSTANTIN
1770 3797 1840 3947 Ι
1937 3791 3285 3946 ACROPOLITZE

824 4088 1251 4185 SERMO
1311 4089 1446 4184 IN
1506 4090 2108 4186 SANCTAM
2163 4086 2906 4184 MARTYREM

1129 4330 2648 4497 THEODOSIAM.

554 4625 677 4699 (Ea:
713 4625 906 4684 codice
965 4627 1254 4684 Vaticano
1292 4627 1418 4696 800,
1455 4626 1568 4698 fol.
1621 4629 1730 4699 9|;
1769 4629 2091 4696 interprete
2131 4627 2202 4683 Β.
2248 4627 2323 4683 Ρ.
2369 4626 2620 4684 Daniele
2665 4626 2962 4695 Cardono,
3011 4625 3077 4682 S.
3120 4624 3206 4696 J.)

1639 4889 2110 4955 PROLOGUS.

259 5082 317 5134 α’
356 5088 585 5134 Γυναῖκα
759 5079 1002 5157 ἀνδρείαν
1031 5089 1125 5136 πιῦ
1166 5101 1250 5143 τος
1288 5080 1348 5133 ἂν
1396 5084 1486 5132 καὶ
1533 5083 1672 5141 ὅπως
1711 5047 1834 5131 εὑ-ί

1978 5082 2027 5134 t.
2068 5076 2364 5134 Mulierem
2400 5075 2614 5132 fortem
2640 5075 2740 5131 ubi
2763 5074 2898 5146 quis
2921 5078 3211 5128 terrarum
3235 5073 3294 5125 et
3310 5083 3433 5141 qua
3458 5083 3549 5124 ra-

186 5190 296 5244 ρθι,
347 5172 375 5222 ὁ
415 5174 572 5244 σοφὸς
614 5175 852 5246 ἠπόρησε
880 5172 1132 5245 Σολομῶν.
1177 5175 1278 5224 Καὶ
1315 5169 1454 5243 μάλα
1481 5188 1542 5240 γε
1584 5172 1760 5221 si):on

1973 5185 2060 5224 ine
2097 5167 2269 5223 facile
2299 5170 2502 5239 posset
2529 5165 2805 5236 reperire,
2835 5177 2957 5217 non
2987 5175 3203 5233 parum
3236 5157 3548 5215 addubita-

188 5261 452 5329 ἠπόρησε.
500 5261 609 5331 Πρὸ
665 5261 765 5331 γὰρ
814 5267 910 5321 τῆς
983 5261 1204 5331 χάριτος
1255 5256 1498 5317 ἀσθενοῦς
1548 5258 1759 5308 καθαπα

1974 5263 2007 5313 ιι
2037 5254 2513 5328 sapientissimus
2545 5253 2850 5308 Salomon.
2875 5253 3073 5321 Neque
3093 5248 3154 5303 id
3176 5263 3319 5304 sane
3339 5247 3549 5302 imme-

189 5355 293 5408 τῆς
349 5344 678 5419 ἀνθρωπίνης
748 5349 951 5418 φύσεως
1009 5350 1290 5418 πιφηνυίας
1360 5342 1454 5398 διὰ
1534 5349 1626 5404 τήν
1700 5363 1764 5397 τοι

1976 5362 2033 5402 ο.
2051 5350 2197 5401 Ante
2219 5346 2378 5400 enim
2399 5359 2585 5415 quam
2609 5339 2885 5397 uberiore
2905 5339 3126 5394 divinae
3150 5337 3350 5408 gratias
3376 5337 3551 5409 copia

193 5433 491 5507 δυσμενοῦς
524 5437 650 5508 ἡμῖν
689 5436 952 5496 ἐξαπάτην
1000 5438 1184 5504 σατὰν,
1219 5439 1322 5508 χαὶ
1352 5440 1446 5494 τὴν
1475 5443 1571 5496 τῆς
1601 5430 1767 5487 δεσπο

1975 5433 2132 5490 alitus
2164 5431 2337 5488 nobis
2365 5431 2446 5485 uti
2473 5433 2626 5484 esset
2653 5442 3025 5496 concessum,
3057 5430 3113 5481 et
3131 5441 3254 5498 quo
3284 5430 3550 5496 tempore

193 5530 353 5585 mei;
388 5523 688 5599 παράϐασιν
736 5523 960 5586 ἐντολῆς,
1012 5524 1277 5586 τοσαῦτης
1337 5531 1398 5596 ᾖν
1456 5519 1768 5596 ἀνδρανεστε

1975 5528 2120 5578 itura
2136 5521 2424 5585 humana,
2441 5522 2569 5574 tum
2587 5516 2666 5572 ob
2683 5530 3001 5587 nunquam
3017 5530 3141 5572 non
3158 5514 3355 5570 infesti
3377 5512 3550 5569 nobis

192 5624 309 5687 ρθν,
344 5611 398 5675 ἐξ
436 5609 748 5674 ἀδολουθιας
790 5612 1044 5677 ἐξίτηλον.
1075 5611 1185 5685 ’A,’
1214 5608 1273 5667 οὗ
1323 5609 1382 5666 δὲ
1417 5615 1544 5673 Θεὸς
1586 5615 1767 5684 γέγονε

1977 5615 2123 5668 tanta
2141 5609 2404 5680 insignes
2419 5604 2685 5672 fraudes,
2707 5610 2838 5663 tum
2859 5603 2940 5662 ob
2957 5603 3139 5661 mand
3148 5608 3386 5673 atorum
3409 5600 3552 5666 divi-
