3988 6322
467 259 571 315 895

1659 249 2115 308 CONSTANTINI
2153 249 2632 309 ACROPOLITE.

3750 252 3869 310 896

467 397 688 441 norum
699 379 1253 455 praevaricationem
1269 377 1765 451 continuam,suis
1779 376 2111 434 admodum

2230 377 2513 450 ἅνθρωπος,
2570 381 2660 431 καὶ
2697 379 2792 437 τήν
2835 383 3164 432 πεπτωκυῖαν
3221 378 3556 455 ἀνώρθρωσε,
3613 383 3722 432 καὶ
3769 381 3866 430 τόν

471 472 697 530 viribus
749 474 874 528 erat
924 469 1155 526 defecta
1183 487 1195 535 ;
1227 468 1311 525 nil
1363 468 1628 542 profecto
1671 467 1914 536 mirum,
1948 466 1997 523 si
2053 467 2114 523 in

472 563 766 635 majorem
815 575 1067 633 semper,
1119 559 1582 616 imbecillitatem
1621 558 1890 632 delapsa,
1922 557 2116 628 magis

471 651 651 709 etiam
681 649 944 724 quotidie
991 649 1306 722 magisque
1337 654 1834 722 corrumperetur.
1879 650 1950 704 At
1972 662 2115 704 vero

471 744 797 814 postquam
836 739 1098 796 hominis
1121 743 1401 796 naturam
1431 740 1584 795 Deus
1613 753 2117 802 assumere,eam-

469 844 589 902 que
627 828 1043 886 miserabiliter
1089 843 1232 885 sane
1279 828 1550 886 habitam
1594 843 1836 885 rursum
1872 827 2116 900 erigere,

470 919 617 992 quin
641 918 821 976 etiam
851 934 1013 988 eum,
1035 933 1218 992 quem
1238 922 1302 974 ut
1325 917 1625 988 infestum,
1655 917 1738 973 sic
1767 917 1946 987 longe
1969 933 2119 990 quo-

470 1025 589 1082 que
617 1008 794 1066 nobis
821 1023 952 1065 esse
973 1008 1360 1065 valentiorem
1383 1008 1532 1064 tristi
1552 1008 1959 1081 experimento
1989 1022 2119 1063 sen-

469 1098 770 1155 tiebamus
802 1098 1056 1168 graviter
1103 1097 1414 1154 vulnerare
1462 1113 1586 1154 non
1617 1097 1948 1166 dubitavit;
1983 1113 2118 1154 om-

470 1203 861 1260 nesque,com
871 1187 1037 1244 muni
1050 1203 1120 1244 ac
1131 1187 1460 1244 sufﬁciente
1477 1187 1764 1244 adversus
1776 1186 2119 1244 daemonem

473 1276 666 1349 gratia
688 1277 984 1342 instructi,
1014 1277 1326 1333 victoriam
1367 1291 1605 1349 sperare
1635 1276 1963 1349 potuimus,
1990 1280 2118 1333 tum

473 1382 618 1423 sane
646 1381 769 1422 non
800 1365 908 1422 viri
943 1365 1147 1432 modo,
1180 1365 1282 1438 qui
1333 1365 1732 1422 robustiorem
1763 1365 1951 1421 sortiti
1980 1369 2121 1423 sunt

472 1455 758 1523 indolem,
791 1455 1068 1512 eamdem
1098 1456 1382 1528 praeclare
1410 1456 1825 1512 demonstrare
1854 1459 1992 1511 sunt
2020 1470 2122 1526 ag-

475 1546 682 1615 gressi,
715 1546 892 1601 etiam
925 1559 1107 1618 supra
1134 1550 1366 1601 natura;
1396 1545 1611 1601 limites
1633 1561 1762 1601 sese
1789 1545 2120 1613 efferentes,

474 1651 686 1692 verum
700 1633 1103 1690 imbecillioris
1115 1649 1358 1706 quoque
1377 1651 1556 1690 sexus
1570 1634 1827 1706 virgines
1839 1635 2122 1707 quaedam

2223 470 2348 528 τέως
2397 467 2513 518 καθ’
2553 469 2699 540 ἡμῶν
2761 467 3019 540 ἶσχύοντα
3059 469 3430 540 καταϐέϐληκε,
3479 475 3574 524 καὶ
3641 471 3863 542 χάριτι

2223 557 2340 610 κατ’
2420 557 2581 610 αὐτοῦ
2631 567 2776 618 κοινῆ
2859 561 3040 621 πάντες
3105 564 3197 620 τὴν
3255 569 3484 614 νικῶσαν
3545 560 3862 633 ἔλόιχομεν,

2224 645 2330 718 οὐχ
2381 647 2462 699 ὅτι
2516 667 2577 719 γε
2635 645 2822 724 ἄνδρες
2876 655 3137 721 κρείττους
3185 646 3574 723 ἆνεδείχθησαν
3629 653 3863 722 φύσεως

2224 741 2315 789 καὶ
2352 737 2478 812 ὑπὲρ
2532 740 2685 810 φύσιν
2738 740 3073 813 ἠρίστευσαν,
3132 738 3238 792 ἁλλ’
3286 737 3393 799 ἤδη
3443 744 3533 792 καί
3586 747 3863 811 γυναῖκες

2226 827 2498 898 ὑπερφευῖς
2571 845 2702 887 τινες
2787 825 3129 900 ἀνεφάνησαν,
3207 849 3296 881 και
3350 836 3460 891 τοῖς
3505 831 3637 901 ὑπὲρ
3704 829 3862 900 ἡμᾶς

2226 913 2593 989 ἡμιλλήθησαν
2627 914 2915 988 ἀγγελικῶς
2951 916 3034 970 ἔπι
3079 926 3175 990 γῆς
3212 924 3326 980 ταῖς
3365 916 3636 979 ἀληθείαις
3693 917 3862 970 πολι-

2225 1007 2555 1078 τευσάμεναι,
2581 1024 2672 1057 και
2701 1013 2800 1056 τῶν
2843 1002 2974 1078 τῇδε
2997 1025 3086 1058 και
3111 1015 3308 1080 γεηρῶν
3329 1009 3430 1060 ὅσα
3459 1003 3527 1066 δὴ
3557 1027 3655 1059 και
3683 1008 3861 1080 ὑπὲρ·

2227 1115 2374 1172 τεραι
2399 1098 2578 1168 φύσεις
2607 1091 2974 1170 ὑπεριδὸῦσαι,
3021 1116 3111 1150 και
3153 1099 3224 1159 ὡς
3260 1095 3533 1171 ἀσώματοι
3571 1100 3636 1149 τό
3682 1104 3860 1168 σῶμα

2227 1188 2699 1258 περιφρονήσασαι.
2751 1191 2951 1256 Συχναι
3002 1189 3092 1257 μὶν
3145 1182 3232 1238 οὖν
3286 1194 3568 1258 γυναικῶν,
3603 1187 3750 1258 μετὰ
3792 1188 3858 1236 τό

2227 1278 2360 1348 μέγα
2414 1293 2500 1326 και
2558 1276 2768 1347 φρικτὸν
2815 1281 2911 1336 τῆς
2970 1273 3405 1344 ἔνανθρωπήσεως
3432 1281 3524 1328 τοῦ
3564 1281 3708 1328 Θεοῦ
3755 1293 3858 1326 και

2231 1372 2468 1438 Σωτῆρος
2517 1368 2808 1436 μυστήριον
2854 1361 3099 1438 ἀνδρεῖον
3150 1366 3277 1436 πρὸς
3324 1367 3444 1426 τοὺς
3481 1365 3599 1417 κατ’
3645 1363 3857 1438 ἀρετὴν

2230 1453 2414 1514 ἄθλους
2453 1448 2766 1515 ἐνεδείξαντο
2811 1456 3070 1526 φρόνημα,
3107 1454 3338 1526 γενναῖόν
3365 1472 3420 1507 τε
3463 1453 3661 1526 ψυχῆς
3703 1457 3858 1527 πρὸς

2231 1546 2348 1604 τοὺς
2379 1543 2506 1616 ὑπὲρ
2539 1548 2771 1615 Χριστοῦ
2796 1561 2886 1594 και
2941 1545 3077 1594 κατὰ
3134 1545 3364 1616 Χριστὸν
3413 1541 3618 1614 ἀγῶνας
3665 1545 3858 1616 παροί-

2234 1651 2414 1705 στημα
2448 1633 2516 1690 οή
2579 1627 2638 1683 δὲ
2687 1636 2774 1682 νῦν
2825 1632 2950 1703 ἡμῖν
3003 1627 3110 1690 ἤδη
3149 1630 3528 1706 προϐεϐλημένη
3585 1635 3722 1704 πρός
3767 1630 3860 1683 r5-

476 1730 533 1782 et
560 1729 849 1780 matronae
879 1723 1150 1780 exstitere
1191 1724 1466 1796 illustres,
1508 1741 1643 1798 quas
1687 1725 1969 1782 adversus
1997 1739 2120 1792 eos,

2233 1727 2430 1794 φημίας
2485 1722 2753 1788 ὑπόθεσιν,
2802 1723 2861 1772 τὸ
2924 1723 3232 1796 φερωνύμως
3285 1717 3559 1775 θεόσδοτον
3613 1719 3860 1792 ἀγαθόν,

477 1829 737 1888 quorum
766 1814 916 1869 vires
941 1813 1158 1869 nostris
1177 1812 1355 1884 longe
1383 1818 1520 1870 sunt
1541 1814 1898 1887 superiores,
1919 1814 2123 1870 animo

476 1903 612 1978 plus
641 1918 826 1974 quam
858 1901 1128 1959 muliebri
1159 1902 1460 1960 decertare
1488 1919 1612 1960 non
1638 1902 1879 1959 fuerunt
1903 1904 2119 1971 veritas,

477 1992 834 2063 angelicam,
865 1993 913 2049 si
941 2007 1152 2050 verum
1199 1992 1498 2060 dicamus,
1529 1993 1592 2050 in
1619 1997 1776 2050 terra
1799 1993 1982 2050 vitam
2015 1993 2122 2050 du-

475 2086 694 2149 centes,
728 2086 784 2139 et
819 2082 1000 2138 veluti
1041 2098 1114 2139 ex
1158 2082 1277 2140 alto
1306 2083 1700 2155 despicientes
1744 2097 2122 2156 quaecunque

476 2173 539 2230 in
567 2171 712 2228 orbe
744 2171 859 2228 hoc
889 2187 1012 2228 non
1039 2175 1197 2239 sunt,
1226 2172 1332 2228 sed
1369 2173 1647 2228 videntur
1674 2172 1880 2242 magni
1907 2171 2123 2228 facien-

477 2260 556 2318 da
585 2279 598 2318 :
631 2261 847 2318 animae
878 2260 1142 2333 profecto
1186 2261 1402 2334 seipsis
1433 2260 1670 2318 altiores
1717 2260 1958 2327 eﬁ‘ectaa,
1987 2276 2124 2334 qua:

478 2366 618 2406 cum
648 2365 900 2422 corpora
923 2364 1035 2405 sua
1062 2349 1287 2421 ubique
1317 2349 1784 2418 circumferrent,
1815 2349 1897 2407 sic
1920 2354 2125 2407 tamen

479 2438 657 2511 quasi
681 2443 846 2496 extra
865 2453 1136 2510 corpora,
1162 2438 1396 2510 absque
1421 2438 1544 2495 ulla
1565 2454 1773 2495 eorum
1800 2454 1962 2507 cura,
1993 2455 2126 2495 ver-

480 2527 787 2584 sabantur.
812 2529 1032 2582 Earum
1060 2526 1255 2598 igitur,
1281 2543 1434 2599 quas
1456 2527 1640 2584 modo
1661 2527 1958 2598 dicebam,
1989 2543 2125 2584 mu-

478 2617 689 2673 lierum
716 2630 839 2672 non
868 2631 1097 2687 paucae,
1127 2619 1265 2688 post
1282 2617 1495 2686 ingens
1516 2615 1664 2673 illud
1684 2632 1755 2674 ac
1776 2633 1946 2674 sacro
1974 2633 2126 2690 quo-

479 2706 624 2762 dam
653 2706 898 2762 horrore
922 2704 1340 2778 plenissimum
1365 2705 1463 2762 Dei
1484 2722 1555 2762 ac
1575 2705 1893 2763 Salvatoris
1914 2707 2122 2774 nostri,

480 2809 723 2852 carnem
762 2797 1031 2851 nostram
1074 2793 1472 2867 suscipientis,
1508 2809 1821 2864 arcanum,
1852 2795 2124 2867 ingentes

479 2885 558 2942 ad
578 2885 861 2940 virtutum
888 2883 1274 2957 quantumvis
1295 2883 1622 2941 arduarum
1645 2884 2126 2941 exercitationem

479 2973 858 3030 subeundam
889 2973 1144 3043 animos,
1181 2977 1236 3030 et
1263 2973 1428 3029 virile
1447 2973 1760 3047 quoddam
1791 2974 2008 3031 mentis
2035 2989 2129 3030 ro-

2233 1809 2516 1878 Θεοδοσία,
2565 1812 2597 1868 ἠ
2653 1809 2702 1862 ἐν
2753 1811 2922 1872 ὁσίαις
2963 1815 3292 1886 πυρίπιστος,
3350 1815 3440 1864 καὶ
3495 1809 3545 1863 ἐν
3600 1812 3862 1884 μάρτυσι

2231 1901 2558 1977 περιϐόητος,
2631 1907 2743 1961 ταῖς
2793 1903 2885 1972 μὲν
2932 1908 3032 1952 τῶν
3107 1903 3239 1974 πρὸς
3311 1900 3475 1963 αὐτῆς
3545 1899 3860 1972 ἡμιλλήθη,

2230 2000 2330 2046 τῶν
2400 1987 2451 2044 δ’
2508 1990 2567 2042 οῦ
2614 1990 2832 2062 πάμπαν
2911 1988 3213 2062 ἀπελείφθη,
3283 1991 3378 2051 τὰς
3463 1986 3525 2043 δε
3584 1988 3861 2062 λαμπρῶς

2231 2081 2544 2156 ὑπερὴλασε,
2583 2088 2683 2132 τῶν
2728 2075 2788 2133 δε
2835 2080 2948 2150 μεθ’
3003 2079 3190 2138 ἑαυτὴν
3226 2079 3444 2133 ἁπασῶν
3477 2078 3735 2153 πρόϐολός
3766 2099 3860 2140 τις

2230 2175 2478 2247 ἄτρεστος
2535 2170 2604 2231 ὠς
2655 2168 2856 2231 ἀληθῶς
2921 2165 3204 2242 ἀνεδείχθη
3258 2190 3348 2222 και
3409 2168 3858 2241 ἀκαταγὼνιστος

2229 2265 2553 2336 πρόμαχος·
2581 2265 2735 2312 τοῦτο
2779 2261 2868 2331 μὲν
2916 2260 3234 2311 νουθετοῦσαι
3277 2278 3366 2311 και
3405 2257 3578 2321 καλῶς
3641 2276 3855 2332 καταρ-

2230 2351 2476 2411 τίζουσα,
2508 2355 2660 2401 τοῦτο
2715 2344 2773 2401 δὲ
2821 2346 3200 2419 ὑπαλείφουσα,
3243 2367 3333 2400 και
3366 2351 3496 2423 πρὸς
3543 2350 3670 2410 τοῦς
3710 2348 3856 2398 κατὰ

2234 2442 2361 2493 Θεὸν
2390 2437 2588 2510 ἀγῶνας
2617 2435 2925 2510 ἕπαὶρουσα,
2954 2456 3043 2488 και
3075 2439 3140 2489 τὰ
3165 2435 3338 2490 εἰκότα
3369 2436 3849 2510 ῦπερασπίξουσα,

2233 2529 2263 2587 ἦ
2293 2526 2483 2602 μᾶλλον
2512 2527 2737 2599 σπινθὴρ
2768 2545 2850 2589 τις
2902 2524 3164 2588 εὐσεϐείας
3196 2527 3376 2602 εὑρέθη
3431 2525 3496 2587 ὡς
3554 2523 3604 2578 ἓν
3637 2521 3854 2596 σποδιᾲ

2232 2625 2295 2691 τῇ
2341 2621 2456 2672 τότε
2506 2616 2809 2688 κατεχούσῃ
2873 2618 3167 2688 σκοτομήνη
3210 2622 3305 2677 τῆς
3381 2613 3707 2677 Ἐκκλησίας
3785 2616 3849 2666 τό

2231 2704 2490 2779 πλήρωμα
2543 2726 2557 2739 ο
2606 2704 2664 2766 ὃς
2698 2706 2825 2778 πρὸς
2861 2706 2950 2777 μὲν
2980 2706 3187 2778 μικρὸν,
3221 2704 3248 2756 ὃ
3293 2722 3347 2757 τι
3386 2699 3646 2774 διελαθεν,
3705 2703 3848 2776 ηρθη

2236 2791 2287 2848 δ’
2332 2795 2520 2858 εὐθὺς,
2587 2794 2659 2857 εἰς
2720 2796 2922 2868 πυρσόν
2972 2813 3063 2845 και
3135 2795 3250 2854 τούς
3304 2797 3375 2865 μὴ
3448 2792 3850 2866 τυφλὼττοντας

2235 2903 2403 2938 εκοντι
2466 2880 2840 2954 καθωδηγήκει
2902 2886 3030 2955 πρὸς
3085 2882 3151 2935 τα
3199 2885 3457 2956 σωτήρια.
3516 2880 3677 2934 Ἀλλά
3733 2885 3852 2934 τού-

2233 2992 2335 3026 των
2410 2971 2500 3047 μέν
2568 2971 2682 3035 ἅλις
2739 2993 2752 3005 ·
2829 2974 2888 3024 τὸ
2975 2967 3027 3024 δ’
3113 2970 3290 3032 εἰωθός
3365 2969 3850 3045 προσφθεγξαμένῳ

477 3063 593 3120 bur
612 3078 681 3119 ac
700 3064 1074 3136 propositum
1090 3063 1152 3118 in
1172 3062 1243 3118 iis
1265 3063 1693 3120 certaminibus
1713 3063 2122 3131 ostenderunt,

2235 3081 2324 3114 και
2383 3069 2491 3124 νῦν,
2563 3061 2630 3124 ὠς
2680 3063 2757 3120 εἴη
2799 3080 2888 3133 μοι
2936 3067 3029 3114 τοῦ
3103 3061 3439 3133 προκειμένου
3527 3057 3851 3133 συλλήπτωρ

477 3169 616 3225 quae
661 3167 771 3224 pro
823 3151 1051 3209 Christo
1081 3155 1139 3208 et
1194 3152 1468 3225 exemplo
1508 3153 1720 3210 Christi
1769 3153 2124 3209 sustinuere.

477 3243 692 3298 Verum
722 3241 822 3298 illa
849 3257 986 3313 quae
1018 3240 1327 3297 laudanda
1368 3240 1547 3297 hodie
1576 3241 1750 3298 nobis
1793 3245 1886 3299 est
1912 3256 2127 3316 propo-

481 3331 614 3397 sita,
649 3333 706 3386 et
731 3329 890 3385 velut
941 3328 1412 3401 pulcherrimum
1467 3330 1781 3402 quoddam
1831 3331 2060 3387 donum
2091 3346 2127 3387 a

2237 3153 2382 3218 Θεὸς,
2433 3149 2762 3223 ἐγχειρητέον
2815 3150 2909 3221 ἆγε
2980 3155 3088 3211 τοῖς
3153 3156 3245 3209 τῆς
3320 3151 3583 3224 μακαρίας
3645 3147 3848 3220 ἀγῶσι,

2234 3259 2324 3292 και
2389 3245 2496 3302 τοῖς
2549 3239 2684 3292 κατά
2739 3241 2867 3293 Θεὸν
2927 3240 3124 3301 ταύτης
3179 3236 3475 3296 ἓπιϐλητέον
3530 3235 3852 3310 παλαίσμα-

2238 3348 2339 3384 σιν.

480 3422 600 3476 Deo
650 3417 1001 3474 mortalibus
1031 3434 1338 3487 concessa,
1364 3434 1488 3475 non
1515 3435 1552 3475 a
1587 3419 1671 3475 rei
1719 3420 1966 3477 veritate
2015 3419 2278 3476 alienum
2326 3417 2532 3475 sortita
2561 3420 2651 3474 est
2695 3432 2941 3487 nomen,
2975 3416 3331 3485 Theodosia,
3383 3415 3658 3489 interque
3689 3416 3852 3474 alias

477 3507 738 3578 virgines
782 3506 1191 3563 sanctissimas
1230 3506 1678 3564 ferventissimae
1708 3508 1848 3564 ﬁdei
1877 3507 2272 3581 praerogativa
2315 3507 2583 3584 insignis,
2618 3510 2676 3562 et
2718 3506 2872 3563 inter
2913 3511 3206 3579 martyres
3253 3504 3665 3574 celeberrima,
3703 3521 3849 3563 cum

481 3595 552 3652 iis
581 3594 863 3651 omnibus
888 3610 1024 3667 quae
1056 3597 1191 3651 ante
1216 3594 1415 3667 ipsam
1444 3595 1790 3652 exstiterunt
1813 3595 2059 3669 pulchre
2089 3595 2395 3653 contendit
2429 3595 2505 3652 de
2533 3595 2800 3652 victoria.
2834 3595 3060 3652 Harum
3091 3594 3251 3652 enim
3281 3594 3411 3652 aliis
3439 3593 3589 3650 nihil
3627 3593 3847 3651 admo-

481 3684 629 3740 dum
659 3683 734 3739 de
777 3683 965 3754 gloria
993 3683 1382 3755 concessisse,
1413 3683 1563 3741 alias
1615 3684 1793 3741 etiam
1846 3700 1970 3741 non
2016 3685 2142 3741 sine
2188 3684 2480 3757 praeclara
2523 3700 2633 3740 sua
2673 3683 2853 3740 laude
2899 3683 3030 3740 visa
3075 3687 3164 3741 est
3209 3698 3564 3757 superasse;
3607 3684 3848 3739 cunctis

481 3788 622 3831 vero
656 3789 792 3846 quae
819 3773 1017 3846 ipsam
1045 3778 1150 3831 aut
1177 3777 1411 3831 saecutre
1426 3775 1555 3844 jam
1583 3773 1821 3832 fuerunt
1851 3779 1952 3832 aut
1971 3790 2152 3848 porro
2176 3777 2520 3847 sequentur,
2543 3788 2766 3845 praeses
2790 3773 3186 3831 certaminum
3213 3772 3554 3843 fortissima,
3589 3775 3648 3828 et
3670 3772 3850 3829 inex-

480 3862 822 3936 pugnabilis
867 3861 1022 3920 facta
1063 3866 1172 3918 est-
1201 3863 1661 3934 propugnatrix;
1705 3863 1925 3936 partim
1973 3863 2052 3919 ad
2082 3863 2308 3920 fortiter
2359 3862 2710 3919 certandum
2759 3862 3073 3934 impellens
3111 3861 3307 3918 verbis
3357 3866 3413 3918 et
3460 3861 3757 3935 pulchras
3786 3863 3848 3918 in

481 3967 750 4025 pugnam
779 3952 934 4008 vires
962 3951 1305 4023 sufﬁciens;
1353 3952 1571 4024 partim
1601 3951 1680 4010 ad
1725 3953 1974 4026 propius
2015 3969 2153 4009 cum
2196 3953 2370 4008 hoste
2400 3951 2913 4024 congrediendum
2955 3951 3298 4025 fortiterque
3322 3966 3432 4024 pro
3462 3951 3582 4006 Deo
3615 3950 3850 4007 auden-

479 4041 648 4108 dum,
677 4040 854 4096 rebus
884 4041 1183 4098 instruens
1221 4045 1278 4098 et
1315 4041 1695 4098 sermonibus
1735 4042 2014 4110 incitans,
2053 4047 2233 4116 atque
2275 4043 2605 4100 etiamnum
2650 4045 2942 4100 certantes
2986 4042 3118 4115 ipsa
3147 4057 3257 4115 pro
3289 4041 3582 4114 cujusque
3613 4041 3848 4098 meritis

480 4129 699 4186 auxilio
725 4145 833 4187 suo
861 4128 1070 4187 fovens
1096 4147 1166 4187 ac
1190 4135 1543 4203 protegens;
1575 4131 1690 4187 nisi
1710 4131 1938 4188 discere
1960 4131 2135 4189 malis
2157 4130 2422 4188 scintillae
2449 4129 2771 4202 cujusdam
2793 4131 3088 4188 rationem
3109 4129 3396 4187 habuisse
3415 4129 3845 4186 Theodosiam-

481 4219 652 4283 Quod
681 4219 732 4273 si
761 4219 946 4284 dicas,
976 4220 1172 4275 vivam
1203 4219 1460 4291 intellige
1489 4221 1724 4291 pietatis
1753 4220 1870 4277 huc
1890 4220 2190 4291 religionis
2221 4218 2562 4286 scintillam,
2585 4217 2707 4274 aud
2739 4218 2977 4276 sordido
3005 4218 3106 4274 illo
3135 4222 3433 4292 repertam
3465 4217 3684 4285 cinere,
3719 4233 3845 4290 quo

481 4306 760 4362 universa
792 4307 1065 4363 Ecclesiae
1095 4308 1297 4376 facies,
1325 4309 1504 4364 veluti
1535 4309 1861 4379 caliginosa
1887 4309 2155 4382 quadam
2184 4307 2454 4374 nocte,id
2484 4308 2768 4380 temporis
2793 4307 3224 4378 obtegebatur:
3250 4323 3387 4382 quea
3417 4306 3665 4380 quidem
3691 4323 3843 4380 pau-

478 4393 669 4449 lulum
698 4394 863 4466 prius
888 4394 1263 4463 delitescens,
1297 4401 1357 4453 at
1385 4396 1524 4454 dein
1554 4401 1796 4470 repente
1844 4398 2120 4468 excitata,
2149 4397 2213 4454 in
2239 4399 2555 4454 ﬂammam
2604 4397 2799 4469 erupit
2839 4397 3258 4465 clarissimam,
3291 4401 3356 4453 ut
3384 4412 3455 4453 ea
3482 4395 3637 4452 duce
3667 4401 3844 4468 quot-

480 4487 626 4554 quot
655 4498 775 4538 non
806 4483 1053 4539 omnino
1083 4484 1492 4556 caecutiebant,
1533 4486 1593 4541 in
1623 4490 1850 4542 rectum
1881 4487 2296 4560 pulcherrimae
2329 4486 2536 4543 salutis
2566 4486 2864 4545 tramitem
2911 4486 3065 4543 ultro
3107 4485 3548 4542 reducerentur.
3602 4485 3719 4541 Sed
3765 4485 3842 4541 de

480 4570 574 4626 his
602 4570 784 4626 modo
806 4570 948 4626 satis
978 4589 991 4627 :
1020 4572 1154 4628 ideo
1182 4575 1383 4629 autem
1405 4589 1477 4630 ea
1497 4574 1915 4646 praemittenda
1934 4574 2099 4644 duxi,
2133 4579 2195 4632 ut
2223 4577 2421 4648 operis
2448 4579 2707 4651 suscepti
2731 4577 2972 4648 adjutor
3000 4575 3149 4632 mihi
3176 4578 3329 4632 Deus
3349 4573 3522 4631 adsit.
3543 4577 3710 4630 Nunc
3733 4574 3842 4646 igi-

480 4663 575 4716 tur
604 4662 661 4715 B.
692 4660 972 4732 martyris
1006 4662 1066 4717 in
1097 4661 1521 4718 certaminibus
1560 4662 1988 4734 fortitudinem,
2020 4667 2076 4721 et
2104 4664 2165 4720 in
2193 4680 2376 4722 arena
2404 4682 2514 4739 pro
2544 4669 2664 4725 Deo
2693 4682 2804 4724 suo
2835 4665 3089 4738 gloriose
3119 4665 3523 4738 depugnantis
3555 4668 3842 4720 constan-

481 4751 626 4810 tiam
655 4751 1067 4808 exhibeamus.

2238 4844 2278 4897 Ι.

2238 4844 2278 4897 l.

1258 4932 1323 4989 S.
1355 4931 1688 4988 Theodosia:
1719 4844 2426 5000 ηαιαιρεειῖἰξὲἷρρηιία,
2456 4934 2581 4991 vita
2601 4934 2951 4991 monastica.

549 5062 601 5113 2.
634 5059 823 5131 Atque
839 5059 902 5112 ut
923 5055 1061 5112 inde
1081 5054 1312 5112 initium
1326 5055 1622 5113 ducamus
1644 5057 1939 5114 sermonis
1965 5056 2122 5114 unde

2309 5055 2377 5128 β’.
2416 5055 2560 5110 Ἀλλ”
2615 5057 2676 5109 ἶν’
2734 5055 3027 5133 ἀρξώμεθα,
3069 5057 3182 5109 ὅθεν
3229 5057 3382 5110 ποθεν
3422 5057 3453 5114 ἡ
3505 5057 3692 5127 τέχνη,
3730 5061 3843 5117 τοῖς

481 5161 578 5201 ars
603 5146 838 5201 dicendi
869 5146 1028 5218 (quae
1059 5149 1116 5201 et
1142 5145 1274 5217 ipsa
1297 5146 1508 5218 positis
1545 5161 1582 5203 a
1630 5151 1846 5204 natura
1875 5147 2123 5202 sanctio-

479 5233 660 5290 nibus
729 5233 1002 5303 religiose
1081 5233 1452 5307 obsequitur)
1515 5235 1922 5308 incipiendum
1998 5248 2126 5290 esse

480 5322 830 5394 praescribit,
865 5338 936 5378 ex
963 5323 1037 5378 iis
1063 5339 1200 5396 quae
1251 5324 1313 5380 in
1341 5328 1499 5382 terra
1530 5328 1672 5381 sunt
1697 5324 1916 5397 posita,
1948 5327 2004 5380 et
2054 5340 2128 5382 ex

481 5408 702 5482 quibus
732 5410 1092 5484 principium
1141 5428 1352 5470 omnes
1404 5412 1684 5469 ducimus
1713 5428 1728 5478 ;
1756 5428 1793 5469 a
1841 5412 1996 5480 loco,
2041 5413 2126 5470 in-

480 5514 686 5572 quam,
720 5503 777 5555 et
797 5499 927 5556 aliis
947 5502 1235 5557 nascendi
1251 5503 1566 5573 adjunctis,
1591 5503 1950 5576 principium
1975 5519 2126 5577 quo-

480 5603 598 5661 que
613 5587 892 5646 faciemus
907 5588 1166 5647 dicendi;
1189 5592 1514 5650 Nativitatis
1533 5591 1711 5662 igitur
1724 5591 1924 5650 locum
1949 5596 2126 5653 nacta

2235 5153 2329 5208 τῆς
2369 5149 2570 5217 φύσεως
2607 5148 2754 5218 τάχα
2805 5145 3267 5198 κατακολουθοῦσα
3326 5147 3554 5217 θεσμοῖς,
3598 5139 3844 5216 παρέδω-

2235 5254 2318 5288 κεν
2349 5236 2632 5308 ἄρχεσθαι,
2669 5234 2724 5288 ἐκ
2775 5243 2874 5288 τῶν
2915 5238 3057 5288 nam
3081 5254 3172 5287 και
3223 5235 3342 5287 καθ’
3387 5238 3545 5306 ἡμᾶς,
3596 5235 3708 5286 ὅθεν
3752 5253 3845 5285 και

2234 5329 2328 5383 τὴν
2360 5323 2534 5398 ἀρχὴν
2564 5327 2750 5388 πάντες
2779 5327 2987 5398 ἔχομεν,
3019 5331 3114 5387 τῆς
3134 5328 3382 5396 γενέσεως
3435 5330 3530 5382 τῆν
3588 5321 3843 5396 ἀπαρχὴν

2237 5416 2590 5487 ποιησόμεθα.
2648 5414 2825 5488 Ταύτῃ
2868 5433 3057 5488 πατρις
3105 5417 3194 5486 μὲν
3251 5414 3281 5471 ἡ
3336 5416 3744 5478 Κωνσταντίνου,
3782 5415 3842 5465 τό

2233 5501 2569 5577 περιλάλητον
2618 5502 2860 5556 Αὐσόνων
2919 5501 3209 5576 βασίλειον,
3266 5504 3324 5553 τὸ
3378 5499 3600 5553 παλαιόν
3636 5507 3729 5560 τῆς
3765 5499 3838 5552 οἱ·

2233 5595 2486 5665 κουμένης
2543 5591 2776 5666 ἀρχεῖον,
2817 5594 2876 5645 τό
2933 5595 3098 5668 μέχρι
3154 5591 3386 5667 περάτων
3444 5595 3534 5652 τῆς
3581 5596 3678 5662 γῆς
3720 5583 3840 5642 δια-
