3988 6322
132 387 251 441 897

1482 372 1554 434 IN
1595 372 1657 435 S.
1697 371 2173 438 THEODOSIAM.

3399 394 3505 459 898

131 506 338 566 ϐὁητον
389 510 566 581 ὄνομα,
626 514 709 575 ἦν,
767 509 972 581 μυρίοις
1012 502 1132 557 καθ’
1181 502 1349 561 αὐτὴν
1403 502 1740 577 εύθηνομίνηι

1857 508 1946 560 est
1970 504 2326 576 Theodosia,
2378 507 2577 580 ipsam
2619 507 2825 581 magni
2881 513 3250 573 Constantini
3288 517 3505 576 urbem

132 596 386 668 ἀγαθοῖς,
425 593 576 650 οὐδὲν
625 596 791 657 οὕτως
827 594 1091 668 ἐκόσμησε
1138 597 1229 646 καὶ
1279 592 1348 653 εἰς
1402 595 1461 645 τὸ
1512 588 1747 654 διηνεκὲς

131 688 264 759 ἔχει
316 693 548 757 κοσμεῖν,
579 687 650 749 ὡς
678 687 705 738 6
733 688 931 747 ταύτης
982 682 1235 743 πολιστὴς
1286 700 1342 734 τε
1388 686 1480 734 καὶ
1534 681 1745 735 πολιοῦ-

136 795 270 846 χος,
319 782 701 837 Κωνσταντίνος
768 776 794 826 6
844 778 1030 847 μέγας,
1088 778 1196 832 τοῖς
1252 773 1388 824 κατά
1444 774 1571 824 Θεὸν
1626 769 1745 844 ἀρι-

134 866 438 938 στεύμασιν
466 867 496 922 ἡ
527 873 628 916 τῶν
664 866 799 916 κατὰ
834 866 1065 937 Χριστὸν
1118 863 1183 923 ὡς
1230 860 1434 920 ἀληθῶς
1486 858 1744 932 βασιλέων

134 952 335 1025 βάσις,
387 957 445 1006 τὸ
500 962 595 1015 τῆς
643 952 901 1014 εὐσεϐείας
970 954 1206 1023 ἔρεισμα,
1257 953 1315 1002 τὸ
1372 958 1467 1011 τῆς
1519 953 1742 1011 πίστεως

133 1048 441 1116 στήριγμα,
482 1044 508 1094 ὁ
536 1045 669 1115 μετά
704 1045 824 1104 τοῦς
871 1040 1194 1103 ἀποστόλους
1249 1038 1554 1099 ἀπόστολος.
1610 1045 1738 1092 Τοι-

130 1135 308 1192 αύτης
354 1134 385 1191 ἡ
435 1137 672 1207 μακαρία
716 1128 980 1206 ’πατρίδος
1011 1133 1184 1201 ἔτυχε,
1240 1131 1458 1199 τοιούτῳ
1516 1126 1738 1201 πολιστῇ

127 1225 231 1273 καὶ
286 1219 553 1293 πολιούχῳ
584 1220 925 1294 σεμνύνεσθαι
962 1219 1147 1290 ἔλαχεν
1182 1237 1195 1251 ·
1228 1215 1324 1290 ἐρῶ
1365 1212 1445 1286 δὲ,
1475 1220 1566 1268 καὶ
1598 1214 1745 1287 τάχα

128 1329 192 1382 γε
238 1309 454 1370 εἰκότως
495 1307 616 1383 ἐρῶ,
661 1315 894 1362 τοιοῦτον
934 1310 1064 1380 ἔσχε
1100 1309 1187 1359 τόν
1224 1310 1495 1381 πρόγονον,
1527 1308 1743 1377 τοιούτῳ

131 1395 484 1470 διδασκάλῳ,
534 1400 751 1470 τοιούτῳ
792 1417 853 1470 γε
898 1393 1080 1469 ὁδηγῷ
1118 1398 1249 1470 πρὸς
1284 1399 1379 1454 τὴν
1419 1394 1577 1471 ὀρθὴν
1623 1397 1743 1468 περὶ

132 1496 282 1541 Θεοῦ
313 1483 474 1551 δόξαν
512 1487 783 1563 ίχρήσατο
796 1532 809 1545 .

1856 593 2237 651 decantatam
2250 595 2404 653 adeo
2423 598 2824 657 Ausoniorum
2844 600 3273 674 imperatorum
3298 607 3505 666 sedem

1855 683 2103 753 regiam,
2128 684 2389 742 universi
2407 687 2718 759 quondam
2732 688 2892 746 orbis
2907 691 3286 764 complexam
3306 694 3503 769 impe-

1853 770 2033 840 rium,
2074 772 2248 843 cujus
2279 773 2358 829 ad
2397 779 2657 846 quatuor
2684 777 2898 835 mundi
2942 784 3141 850 partes
3206 788 3505 843 extremas

1853 859 2018 916 fama
2054 876 2397 935 nomenque
2434 863 2726 936 inclytum
2783 869 3044 938 pervasit
3074 887 3088 938 ;
3119 886 3307 942 quam
3333 873 3507 932 innu-

1853 949 2033 1004 meris
2086 949 2497 1008 abundantem
2527 952 2727 1023 bonis,
2775 955 2922 1011 nihil
2975 956 3060 1014 ita
3110 958 3190 1015 ad
3232 966 3504 1032 posteros

1853 1037 2108 1105 ornavit,
2136 1043 2239 1095 aut
2259 1055 2528 1112 unquam
2558 1046 2651 1097 est
2676 1048 3126 1115 exornaturum,
3161 1064 3348 1121 quam
3375 1052 3504 1124 ipse

1852 1124 1958 1198 qui
1995 1142 2130 1183 eam
2171 1127 2460 1196 condidit,
2491 1135 2548 1185 et
2575 1131 2890 1203 praesentia
2943 1150 3054 1191 sua
3099 1138 3504 1213 praesidioque

1853 1214 2098 1283 fulcivit,
2159 1231 2418 1287 magnus
2474 1220 2914 1289 Constantinus,
2974 1223 3237 1295 pulchris
3287 1228 3349 1285 in
3401 1230 3505 1285 Dei

1853 1319 2040 1361 causa
2057 1304 2367 1362 laboribus
2396 1307 2474 1363 ad
2503 1307 2688 1365 ﬁnem
2725 1310 3025 1382 perductis
3045 1318 3500 1393 memorandus,

1854 1398 1913 1450 et
1958 1409 2171 1464 regum
2210 1397 2482 1452 omnium
2537 1396 2977 1456 Chritianorum
3017 1401 3197 1474 longe
3247 1406 3501 1479 primus,

1853 1486 2096 1539 ﬁrmum
2112 1482 2418 1555 religionis
2447 1501 2518 1541 ac
2542 1487 2777 1558 pietatis
2806 1487 3083 1559 fulcrum,
3116 1492 3253 1550 ﬁdei
3284 1501 3502 1552 nostra:

132 1576 545 1633 sanctissimas
572 1574 1098 1650 propugnaculum
1139 1589 1285 1632 sane
1312 1572 1605 1637 validum,
1655 1586 1727 1628 ac
1777 1573 1928 1644 post’
1968 1572 2306 1645 praecipuos
2351 1573 2484 1629 illos
2515 1575 2820 1646 apostolos
2861 1577 2988 1650 ipse
3016 1595 3259 1655 quoque
3305 1584 3503 1644 dicen-

130 1665 261 1723 dus
289 1664 619 1739 apostolus.
660 1665 783 1723 Tali
827 1664 1032 1737 itaque
1070 1662 1255 1721 natali
1285 1662 1414 1720 solo
1442 1664 1610 1734 virgo
1655 1660 1771 1718 ista
1795 1660 1976 1718 beata
2008 1660 2254 1734 prodiit,
2302 1662 2403 1719 tali
2432 1662 2685 1720 civitatis
2733 1680 2854 1722 suae
2891 1669 3099 1738 patrias
3151 1672 3358 1741 gavisa
3416 1677 3505 1729 est

131 1755 417 1828 principe
444 1760 504 1812 et
525 1754 804 1812 inclaruit
824 1758 1104 1826 patrono,
1133 1753 1333 1811 Dicam
1387 1751 1692 1825 equidem,
1722 1754 1781 1807 et
1808 1749 1974 1823 quod
2000 1766 2096 1807 res
2136 1755 2224 1807 est
2263 1751 2463 1807 dicam
2511 1769 2525 1820 ;
2558 1752 2841 1811 eumdem
2865 1754 3056 1826 illum,
3086 1775 3268 1832 quem
3319 1761 3504 1819 modo

133 1843 461 1918 descripsi,
491 1844 626 1917 ipsa
650 1842 862 1901 habuit
916 1842 1383 1916 progenitorem,
1414 1839 1700 1898 eumdem
1736 1838 2118 1896 instituendas
2149 1840 2283 1897 vitae
2327 1846 2776 1914 praeceptorem,
2816 1845 3100 1903 eumdem
3157 1848 3238 1905 ad
3278 1866 3500 1924 veram,

128 1948 278 2006 qum
308 1933 372 1991 in
399 1936 516 1991 Deo
543 1938 600 1989 et
627 1949 666 1990 a
696 1936 815 1990 Deo
840 1936 952 2001 est,
987 1931 1069 1989 ad
1106 1930 1359 2003 gloriam
1388 1929 1720 1987 ductorem.

200 2022 277 2095 γ’.
320 2021 477 2076 Ἀλλα
512 2024 665 2076 ποθεῖ
711 2042 793 2085 τις
837 2025 973 2084 ἴσως
1027 2023 1210 2094 μαθεῖν
1261 2024 1351 2073 καὶ
1408 2021 1598 2074 ὁποίων
1651 2017 1740 2076 ηύ-

1925 2021 1976 2075 3.
2019 2019 2193 2074 Estne
2232 2022 2433 2076 autem
2488 2020 2594 2094 qui
2646 2020 2796 2077 illud
2846 2038 3090 2097 quoque
3143 2041 3503 2098 cognoscere

125 2116 376 2187 μοιρὼιει
437 2120 538 2165 τῶν
598 2109 911 2185 ἀρχηγετῶν
955 2118 1053 2173 τῆς
1100 2114 1376 2182 γενέσεως,
1433 2113 1523 2161 καὶ
1572 2106 1740 2162 ὁποῖοὶ

1853 2104 2120 2163 fortassis
2145 2107 2461 2176 desiderat,
2501 2109 2710 2183 quales
2756 2111 3093 2171 Theodosia
3117 2121 3499 2190 quantosque

126 2219 228 2275 περ
289 2200 438 2254 οὗτοι
478 2202 543 2254 τὰ
587 2204 720 2274 πρὸς
776 2203 906 2254 Θεὸν
967 2202 1102 2260 ὄντες
1158 2196 1446 2270 ἐτύγχανον
1479 2213 1493 2265 ;
1527 2196 1740 2250 Εὐσεϐί-

1853 2194 2004 2252 felici
2024 2200 2180 2253 sorte
2199 2200 2381 2254 nacta
2404 2196 2478 2255 sit
2497 2204 2773 2271 parentes
2797 2199 2826 2254 ?
2850 2202 2936 2258 Ita
2960 2203 3225 2275 profecto
3252 2206 3496 2275 habeat,

132 2309 348 2358 στατοι,
413 2294 506 2343 καὶ
553 2289 798 2362 φιλόθεοι,
860 2292 951 2342 καὶ
1014 2296 1115 2341 τῶν
1188 2286 1399 2340 ἐντολῶν
1455 2293 1549 2339 τοῦ
1605 2293 1740 2341 Θεοῦ

1853 2299 2197 2357 supremam
2216 2285 2348 2342 illos
2376 2286 2479 2343 Dei
2498 2288 2875 2359 majestatem
2899 2291 3203 2365 praecipuo
3228 2293 3499 2367 quodam

129 2377 376 2454 ἀκριϐεῖς
421 2378 655 2451 φύλακες.
712 2382 776 2432 Τί
832 2374 915 2431 δεῖ
963 2376 1128 2431 πολλά
1178 2375 1388 2449 λέγειν;
1429 2374 1492 2429 ἰῶ
1538 2378 1640 2450 γὰρ
1672 2378 1740 2438 ὡς

1853 2374 2012 2430 cultu
2036 2378 2094 2431 et
2117 2390 2322 2432 amore
2346 2374 2533 2432 fuisse
2553 2383 2926 2450 prosecutos,
2942 2384 3072 2437 tum
3098 2398 3238 2441 vero
3260 2400 3502 2441 summa

131 2466 339 2542 ἐκόμων
380 2466 606 2541 πλούτῳ,
651 2471 743 2520 καὶ
778 2463 936 2530 δόξης
966 2465 1231 2526 ἀπήλαυον
1266 2486 1279 2500 ο
1331 2463 1380 2518 ἰν
1429 2462 1630 2540 βραχεῖ
1680 2461 1740 2517 δέ

1853 2463 2230 2522 accuratione
2245 2463 2531 2521 universa
2549 2465 2825 2536 ejusdem
2842 2467 2941 2524 Dei
2957 2470 3245 2528 mandata
3264 2487 3502 2545 semper

130 2577 274 2631 φημι
306 2601 323 2628 ,
389 2561 684 2632 γεννήτορες
770 2558 1011 2609 τοιούτου
1092 2563 1163 2626 τῷ
1236 2559 1345 2607 ὧντι
1425 2558 1740 2627 γεννήματος

1853 2551 2210 2625 implevisse.
2245 2553 2401 2620 Quid
2428 2569 2585 2627 opus
2613 2554 2890 2628 pluribus
2920 2559 2949 2614 ?
2977 2560 3222 2626 Quantis
3252 2561 3502 2619 circum-

132 2644 424 2721 ἀξιόχρεῳ.
466 2643 602 2700 Ἀλλ’
654 2648 799 2699 οὔπω
855 2644 1050 2707 τελείας
1104 2646 1307 2716 γέγονεν
1361 2641 1587 2712 ἡλικίας,
1649 2647 1740 2696 καὶ

1853 2642 2128 2700 ﬂuxerint
2155 2643 2397 2711 divitiis,
2447 2649 2798 2719 quantaque
2836 2647 3049 2719 gloria,
3089 2651 3320 2708 silentio
3349 2667 3501 2724 prae-

133 2733 531 2809 ἀπορφάνισται
566 2741 660 2787 τοῦ
696 2737 909 2808 πατρὸς,
979 2733 1225 2794 ἑπταέτης
1261 2735 1336 2785 ἔτι
1371 2734 1739 2804 τυγχάνουσα,

1853 2734 2011 2789 tereo
2053 2749 2067 2800 ;
2102 2731 2360 2789 breviter
2413 2734 2757 2805 pronuntio,
2815 2742 3124 2809 parentem
3180 2745 3502 2814 utrumque

130 2828 225 2877 καὶ
285 2822 474 2885 πολλῆς
515 2826 590 2877 ἔτι
636 2819 851 2896 δεομένη
910 2831 1007 2885 τῆς
1054 2823 1378 2895 προμηθείας
1444 2824 1514 2883 ὡς
1569 2820 1740 2895 ἀμίμ-

1853 2818 2063 2878 habuit
2088 2820 2437 2890 Theodosia,
2492 2823 2658 2895 prole
2696 2828 2821 2880 tam
2855 2831 3063 2885 sancta
3098 2832 3343 2902 tamque
3369 2828 3500 2885 illu-

133 2933 277 2975 πτως
315 2917 375 2966 τό
416 2912 512 2986 ζῇν
549 2911 899 2988 ἐκμετρήσειε,
941 2916 1033 2965 καὶ
1086 2920 1187 2964 τῶν
1223 2907 1466 2982 παγίδων
1515 2908 1740 2986 ἀνωτέρα

1853 2908 1955 2964 sti'i
1981 2908 2422 2979 dignissimam.
2453 2912 2592 2983 Ipsa
2636 2916 2859 2983 autem,
2886 2930 3026 2972 cum
3053 2899 3264 2974 tenera
3302 2899 3502 2974 adhuc

132 3007 385 3076 γενομένη
425 3010 519 3056 τοῦ
569 2999 882 3076 δυσμενοῦς,
942 3004 1013 3063 ὡς
1059 3009 1133 3073 τῷ
1185 3008 1300 3072 Θεῷ
1341 2998 1598 3073 βουλητὸν
1653 3003 1740 3053 τὸν

1853 2997 2207 3069 virguncula
2235 2998 2560 3072 septimum
2597 3002 2785 3057 aetatis
2816 3018 2939 3060 sum
2970 3018 3199 3062 annum
3226 3005 3501 3062 nondum

134 3101 231 3146 τοῦ
282 3090 408 3166 βίου
465 3088 659 3166 δρόμον
728 3090 958 3145 ἀνύσειεν
1012 3111 1025 3125 ·
1078 3088 1206 3143 ἀλλά
1255 3091 1452 3150 ταύτης
1497 3092 1740 3161 οῦμενουν

1853 3090 2007 3143 esset
2030 3090 2467 3159 praetergressa,
2522 3103 2781 3161 cumque
2818 3091 2897 3147 ad
2920 3091 3036 3149 hoc
3062 3097 3131 3150 ut
3158 3094 3286 3150 sine
3302 3109 3501 3167 repre-

136 3182 237 3234 ούκ
286 3181 602 3255 ἠμοίρησεν.
639 3179 698 3232 '0
735 3182 837 3254 γὰρ
869 3177 1023 3242 εἰδὼς
1052 3181 1121 3231 τὰ
1145 3180 1317 3232 πάντα
1342 3180 1444 3253 πρὸ
1496 3186 1593 3239 τῆς
1620 3180 1740 3230 τού-

1853 3175 2142 3233 hensione
2196 3176 2383 3233 vitam
2447 3176 2605 3233 hanc
2662 3178 2977 3236 mortalem
3034 3181 3392 3255 decurreret,
3446 3189 3503 3243 et

137 3290 240 3324 των
266 3274 533 3342 γενέσεως,
584 3271 611 3321 6
670 3267 928 3344 ἀφορίζων
975 3267 1032 3321 ἐκ
1083 3266 1289 3321 κοιλιῶν
1336 3274 1603 3342 μητρικῶν
1647 3267 1740 3318 ἄν-

1854 3264 2295 3322 cacodaemonis
2318 3264 2552 3322 insidiis
2581 3264 2739 3323 facta
2767 3270 3058 3341 superior,
3089 3271 3236 3329 illud
3263 3273 3502 3333 vivendi

139 3357 273 3435 δρας
327 3378 385 3412 τε
426 3364 517 3412 καὶ
552 3366 806 3431 γυναῖκας
856 3359 1006 3431 ὁμοῦ,
1066 3361 1157 3410 καὶ
1204 3355 1419 3428 ἐκλογὴν
1478 3360 1560 3410 αεὶ
1598 3375 1740 3430 περι-

1853 3353 2206 3421 institutum,
2260 3353 2428 3427 quod
2476 3357 2597 3413 Deo
2650 3356 3030 3428 potissimum
3078 3366 3233 3418 esset
3280 3362 3498 3437 visum,

137 3451 447 3522 ποιούμενος
504 3447 689 3520 ἑαυτῷ,
764 3451 855 3500 καὶ
918 3453 1010 3509 τῆς
1062 3449 1323 3522 μακαρίας
1373 3447 1589 3516 ταύτης,
1645 3446 1740 3498 ὅσα

1854 3442 2159 3515 arriperet,
2191 3441 2376 3515 patris
2405 3443 2726 3501 etiamnum
2775 3447 3023 3504 consilio
3052 3453 3109 3506 et
3127 3450 3506 3523 providentia

137 3544 231 3592 καὶ
282 3541 485 3613 πατὴρ,
532 3537 914 3612 προύνοήσατο.
953 3534 1098 3609 Ἀμα
1145 3554 1200 3588 τε
1227 3536 1328 3609 γὰρ
1359 3536 1386 3588 ό
1430 3539 1599 3608 πατὴρ
1656 3537 1740 3587 τὸν

1854 3530 2123 3602 indigere
2145 3530 2466 3600 videretur,
2498 3532 2714 3590 eodem
2743 3533 2956 3593 orbata
2980 3536 3110 3594 fuit.
3145 3539 3259 3596 Sed
3283 3555 3395 3598 nec
3422 3542 3505 3600 ita

140 3625 261 3700 βίον
326 3625 626 3700 μετήλλαξε,
681 3630 772 3679 καὶ
826 3625 938 3698 ἅμα
981 3643 1040 3697 γε
1105 3626 1136 3683 ἡ
1196 3629 1372 3700 μήτηρ
1416 3627 1599 3696 κόσμῳ
1653 3627 1740 3676 καὶ

1853 3621 2206 3679 necessariis
2233 3621 2314 3679 ad
2336 3621 2765 3680 instituendam
2792 3630 2950 3683 recte
2980 3626 3164 3685 vitam
3212 3630 3503 3701 praesidiis

138 3724 245 3778 Ἰὀῖς
304 3714 354 3768 ἰν
407 3719 589 3789 κόσμῳ
660 3718 870 3789 χαίρειν
942 3713 1182 3781 εἰποῦσα,
1250 3712 1432 3771 ἑαυτὴν
1504 3716 1594 3765 καὶ
1657 3715 1740 3771 τὴν

1855 3711 1965 3768 fuit
1986 3710 2285 3767 destituta.
2310 3709 2476 3767 Idem
2504 3712 2729 3786 quippe
2748 3713 2844 3770 ille
2872 3717 2979 3787 qui
3015 3716 3223 3774 omnia
3271 3724 3503 3790 nostra,

142 3805 334 3866 ἑαυτῆς
389 3800 561 3858 παῖδα
615 3807 830 3877 σεμνείῳ
877 3822 933 3856 τε
995 3801 1329 3875 περιίκλεισε,
1392 3806 1484 3855 καὶ
1550 3808 1740 3874 σεμνῶς

1855 3799 1962 3857 diu
1997 3799 2176 3857 etiam
2215 3804 2355 3857 ante
2393 3816 2581 3873 quam
2624 3801 2823 3859 lucem
2871 3803 3032 3860 hanc
3071 3805 3501 3877 ingrediamur,

144 3893 301 3962 βιοῦν
324 3893 668 3968 προύξένησεν
697 3888 1125 3947 ἕκπαιδεύεσθαι.

1856 3887 2206 3959 cognoscit;
2254 3888 2361 3960 qui
2415 3888 2592 3946 nobis
2640 3889 2857 3946 deinde
2906 3891 3259 3967 obventura,
3310 3896 3389 3952 ab
3430 3911 3504 3954 eo

139 3984 275 4055 jam
304 3987 435 4040 tum
457 3987 728 4056 tempore
772 3996 897 4055 quo
947 3984 1225 4039 materno
1253 3979 1454 4037 adhuc
1489 3982 1659 4036 utero
1689 3991 2058 4047 coercemur,
2084 3991 2195 4050 pro
2224 3976 2522 4048 sapientia
2546 3993 2656 4034 sua
2683 3979 2908 4051 optime
2932 3980 3196 4054 disponit
3222 4001 3237 4052 ;
3265 3987 3323 4040 et
3348 4000 3504 4057 quos

142 4071 271 4129 vult
297 4070 606 4145 praecipua
631 4069 904 4143 quadam
931 4084 1098 4138 cura,
1129 4069 1254 4127 sive
1273 4084 1306 4127 e
1343 4067 1617 4125 maribus
1650 4068 1775 4125 sive
1797 4064 2102 4136 efeminis,
2127 4063 2423 4121 fovendos
2450 4064 2613 4137 eligit
2642 4083 2657 4133 ;
2687 4066 2806 4137 hic,
2858 4067 3132 4141 inquam,
3187 4076 3505 4144 paternam

144 4175 327 4218 suam
370 4157 816 4232 providentiam
853 4171 998 4228 erga
1040 4155 1327 4214 tenellam
1367 4155 1568 4213 adhuc
1612 4155 1908 4226 virginem
1944 4151 2275 4211 desiderari
2302 4168 2428 4210 non
2474 4157 2565 4211 est
2591 4170 2833 4227 passus.
2872 4158 3061 4215 Simul
3099 4159 3259 4217 enim
3283 4176 3506 4234 parens

144 4247 497 4306 Theodosia:
524 4247 713 4304 vitam
734 4247 894 4304 hanc
921 4262 1062 4302 cum
1108 4249 1302 4302 morte
1339 4260 1446 4301 seu
1501 4243 1733 4302 meliori
1783 4242 1982 4317 potius
2035 4242 2155 4299 vita
2216 4244 2627 4312 commutavit,
2676 4245 2856 4302 simul
2911 4250 2969 4303 et
3017 4253 3209 4305 mater
3258 4249 3503 4308 caducis

146 4336 368 4395 mundi
390 4335 594 4404 rebus,
626 4334 979 4409 mundoque
998 4334 1115 4407 ipsi
1133 4332 1414 4390 nuntium
1452 4333 1758 4392 remittens
1806 4335 2048 4389 secretae
2069 4347 2139 4387 ac
2188 4329 2482 4403 religiosa:
2539 4332 2760 4390 domus
2789 4334 2971 4407 septis
3000 4336 3265 4410 seipsam
3292 4338 3505 4399 ﬁliam-

145 4441 267 4499 que
304 4424 569 4494 inclusit,
598 4422 704 4481 ubi
732 4422 814 4480 ad
841 4422 1027 4480 vitam
1056 4422 1343 4495 prmclare
1374 4421 1717 4479 ducendam
1740 4418 2160 4496 pulcherrimis
2188 4434 2324 4477 eam
2346 4421 2659 4494 praeceptis
2675 4421 2905 4480 curavit
2927 4423 3137 4482 imbui.

218 4511 287 4569 δ’.
339 4520 488 4587 Τρεῖς
535 4531 590 4566 τε
649 4514 748 4588 γὰρ
808 4510 956 4575 ὅλους
1004 4509 1268 4574 ἐνιαυτοὺς
1311 4510 1439 4584 αὐτῇ
1484 4516 1740 4570 συνασκή-

1926 4513 1986 4565 4.
2024 4507 2234 4566 Tribus
2262 4510 2510 4566 omnino
2531 4509 2857 4585 annisruna
2879 4528 3018 4570 cum
3062 4514 3189 4574 ﬁlia
3216 4515 3505 4575 traductis

150 4607 316 4677 σοὶσα,
349 4609 440 4657 καὶ
479 4609 582 4657 πᾶν
633 4605 677 4655 εἴ
722 4621 776 4655 τι
834 4600 1241 4676 συμπραξαμίνη
1291 4600 1445 4654 καλὸν
1501 4605 1592 4654 καί
1638 4602 1740 4654 θεοί-

1856 4599 2079 4657 inloco
2108 4599 2209 4658 illo
2237 4604 2294 4658 et
2320 4600 2756 4671 exercitatione,
2795 4603 2940 4661 nihil
2970 4605 3138 4678 quod
3186 4607 3366 4667 laude
3419 4609 3507 4667 di-

145 4713 353 4767 ρεστον,
407 4690 658 4746 κατέλυσε
706 4694 795 4745 τὸν
835 4688 953 4764 βίον
998 4688 1100 4742 κάκ
1151 4698 1249 4745 τῶν
1277 4692 1468 4763 γηίνων
1524 4694 1740 4764 μετέστη

1859 4703 2049 4759 gnum
2078 4693 2184 4747 aut
2212 4692 2332 4746 Deo
2355 4689 2643 4763 placitum
2668 4700 3058 4763 cognosceret
3082 4697 3383 4768 amittens,
3405 4698 3508 4770 pia

146 4786 274 4857 πρὸς
304 4784 372 4835 τὰ
408 4781 644 4857 οὐράνια,
688 4779 908 4834 πλοῦτον
954 4781 1139 4856 ὁρατόν
1195 4778 1325 4853 αὐτῇ
1365 4778 1740 4848 καταλιποῦσα⁵

1856 4778 2206 4836 Theodosia:
2234 4783 2428 4837 mater
2450 4780 2691 4838 vivendi
2742 4782 2929 4842 ﬁnem
2976 4784 3134 4856 fecit,
3188 4791 3246 4844 et
3273 4791 3506 4845 terreno

149 4874 275 4935 ὅσος
328 4890 390 4945 γε
436 4870 712 4944 ὑπελείφθη
771 4874 863 4924 καὶ
918 4874 1077 4943 μήπω
1133 4864 1400 4930 διαδοθεὶς
1450 4871 1577 4944 ἔφθη
1643 4876 1740 4932 τοῖς

1858 4867 2063 4927 relicto
2105 4868 2410 4927 domicilio
2458 4870 2523 4929 in
2559 4870 2861 4930 caelestem
2900 4889 3030 4931 sese
3075 4874 3508 4933 habitationem

148 4965 364 5033 πένησι,
413 4963 505 5014 καί
552 4964 683 5035 πρός
727 4978 788 5033 γε
829 4961 916 5013 τὸν
971 4962 1191 5032 κρείττω
1246 4962 1337 5013 καὶ
1375 4957 1740 5027 ἀληθέστατον,

1857 4957 2172 5015 transtulit.
2203 4960 2457 5017 Tantum
2484 4975 2627 5018 vero
2655 4976 2866 5019 earum
2912 4978 3050 5035 quae
3080 4963 3180 5021 hic
3233 4963 3508 5023 videntur

151 5050 207 5112 ὃς
255 5053 351 5103 καὶ
406 5056 647 5122 περιοῦσι
709 5050 941 5117 σύνεστι,
992 5050 1083 5099 καὶ
1155 5048 1548 5121 μεθισταμένοις
1620 5066 1740 5100 συν-

1857 5047 1994 5104 iiliai
2046 5063 2169 5103 suae
2215 5047 2450 5122 reliquit
2485 5050 2826 5109 divitiarum
2853 5057 3154 5124 quantum
3205 5069 3243 5110 a
3286 5054 3403 5127 piis
3441 5056 3507 5114 in

150 5143 379 5204 ἄπεισιν,
403 5138 459 5202 ὃς
486 5138 615 5210 οὐχὶ
645 5139 782 5190 κατὰ
812 5140 900 5189 τὸν
929 5137 1201 5209 ὁμώνυμον
1259 5136 1397 5209 αύτῷ
1445 5135 1740 5210 τυφλώττει,

1858 5154 2080 5209 egenos
2100 5138 2549 5209 elargitionibus
2578 5140 2692 5213 ipsi
2716 5141 3008 5214 superfuit
3037 5159 3051 5198 :
3081 5141 3215 5199 illas
3239 5144 3509 5204 videlicet

150 5226 282 5282 ἀλλὰ
321 5232 412 5282 καὶ
438 5228 553 5282 λίαν
592 5222 884 5301 ὀξυδορκεῖ,
914 5226 1092 5278 καὶτὸ
1144 5220 1212 5285 δη
1244 5225 1423 5298 μεῖζον
1477 5229 1605 5301 πρός
1655 5230 1740 5285 τὴν

1858 5226 2135 5285 meliores
2171 5244 2243 5284 ac
2269 5227 2529 5286 veriores
2571 5234 2702 5286 rata
2752 5245 2881 5286 esse
2919 5246 3083 5303 opes,
3133 5248 3272 5306 quas
3317 5238 3375 5292 et
3408 5235 3508 5293 hic

151 5320 286 5372 κατά
316 5320 446 5373 Θεὸν
472 5320 684 5391 πορείαν
722 5310 1031 5386 καθοδηγεῖ,
1076 5317 1168 5366 καὶ
1219 5316 1350 5389 πρὸς
1396 5318 1490 5374 τὴν
1544 5314 1616 5377 εἰς
1657 5314 1740 5367 οῦ-

1856 5316 2191 5373 viventibus
2210 5332 2521 5390 nunquam
2548 5333 2672 5375 non
2702 5318 2942 5386 adsunt,
2966 5324 3019 5377 et
3048 5320 3188 5378 hinc
3212 5323 3509 5396 emigran-

150 5411 338 5481 ρανοὺς
409 5408 666 5480 ἄγουσαν,
750 5402 1096 5477 ἀπρόσκοπτα
1153 5398 1399 5475 βαδίζειν
1462 5411 1625 5460 ποιεῖ.
1686 5406 1740 5460 Ti

1858 5409 1945 5463 tes
1969 5421 2350 5478 possessores
2381 5421 2524 5463 suos
2552 5406 2803 5464 minime
2852 5407 3138 5467 deserunt
3169 5426 3182 5478 ;
3214 5428 3351 5486 quae.
3380 5430 3504 5486 eos,

152 5504 276 5568 γοῦν
304 5499 336 5557 ἡ
368 5500 599 5572 μακαρία
632 5512 645 5559 ;
675 5501 782 5554 πῶς
832 5497 943 5554 τοῖς
1000 5486 1273 5564 διαφόροις
1316 5491 1490 5554 αὐτοῖς
1539 5492 1740 5567 κλήροις

1857 5494 1965 5567 qui
1987 5494 2133 5568 ipsis
2153 5495 2481 5568 potiuntur,
2502 5511 2627 5553 non
2652 5496 2988 5556 secundum
3006 5498 3070 5556 id
3088 5502 3257 5573 quod
3280 5502 3509 5562 habent

156 5587 425 5661 ἐχρήσατο
456 5602 472 5654 ;
504 5592 613 5659 μῶν
642 5586 712 5646 ὡς
740 5579 925 5644 ἀτελής
951 5596 966 5648 ;
989 5587 1100 5654 μῶν
1134 5582 1206 5641 ὡς
1250 5579 1434 5645 ἀνῆλιξ
1482 5598 1497 5650 ;
1552 5581 1740 5637 Πολλοῦ

1858 5582 2145 5653 nominis,
2178 5599 2499 5656 exceecare,
2529 5584 2637 5642 sed
2672 5585 2752 5643 ad
2795 5587 3135 5647 acutissime
3176 5589 3507 5649 videndum

156 5686 211 5745 γι
252 5679 343 5728 καὶ
393 5669 498 5730 δεῖ.
542 5675 643 5728 Τὸν
685 5673 775 5745 μὶν
820 5671 923 5744 γὰρ
969 5670 1295 5745 φθειρόμενον
1328 5669 1572 5725 πλοῦτον
1618 5691 1740 5747 παρ‹

1854 5671 2067 5731 oculos
2096 5672 2326 5747 aperire
2345 5672 2493 5749 ipsis
2522 5678 2781 5750 possunt
2807 5680 2866 5736 et
2902 5677 3095 5739 solent
3117 5696 3138 5752 ;
3165 5693 3303 5754 qua:
3339 5679 3507 5760 deni;
