3988 6322
105 361 216 416 9οὶ
1456 366 1527 424 IN
1566 367 1624 424 S.
1663 367 1740 425 ΤΗ

1852 369 2137 428 ΒοειΑΜ.
3373 362 3479 432 soni

106 485 249 536 Θεὸν
310 487 522 556 πορείας
586 482 776 546 est“,
827 483 1000 544 ἐζήτει
1063 487 1188 560 παρ’
1245 487 1467 550 ἑκάστης
1545 487 1722 551 ποδη-

1851 494 2106 566 mperari
2137 494 2558 560 arbitrabatur,
2587 494 2868 551 miseram
2910 511 3038 552 sese
3080 499 3138 552 et
3182 495 3479 554 infelicem

107 573 352 641 νεῖσθαι,
409 577 498 624 καὶ
548 575 678 646 πρὸς
730 571 916 645 ἀρετὴν
975 575 1096 647 παρ’
1167 575 1362 650 ἑκάστη
1435 579 1720 635 ἰθύνεσθαι.

109 660 280 711 Οὕτω
328 679 381 712 τε
429 669 633 732 πνεῦμα
678 668 1128 734 τεταπεινωμένον,
1178 670 1267 717 καὶ
1320 664 1545 740 καρδίαν
1607 689 1726 722 συν-

107 753 461 821 τετριμμένην
527 749 789 817 ἐκέκτητο,
849 752 884 803 ἁ
951 757 1024 822 μὴ
1088 752 1381 816 ἓξουθενοῦν
1432 761 1520 808 τὸν
1597 762 1726 811 Θεὸν

112 839 308 908 φθάνει
343 846 756 913 μεμαρτυρηκὼς
784 843 810 891 ὁ
840 838 1024 894 Δαυίδ.

1833 583 2162 654 appellans.
2188 583 2481 656 Quodque
2501 583 2678 653 longe
2709 589 2800 638 est
2828 585 3050 654 majus,
3074 601 3214 640 cum
3234 589 3404 641 tanta
3426 583 3481 641 ei

1832 671 2057 728 inesset
2087 672 2426 744 prudentia,
2461 677 2706 742 tamque
2729 671 3016 744 praeclara
3048 673 3265 743 agendi
3307 674 3478 742 ratio,

1832 759 1984 815 inter
2009 761 2280 831 ejusdem
2321 760 2695 815 contubernii
2735 760 2993 827 sodales,
3027 761 3192 816 nulla
3221 761 3481 819 elatioris

1832 850 2017 904 animi
2044 848 2258 904 edebat
2287 851 2478 920 signa,
2509 849 2738 904 nullam
2773 865 3018 906 suarum
3051 849 3352 910 sodalium
3393 851 3482 906 in-

111 926 291 981 vidia
321 929 818 998 prosequebatur,
853 930 956 985 sed
987 946 1192 985 amore
1223 939 1467 989 cunctas
1509 939 1566 990 et
1594 936 2005 993 benevolentia
2057 937 2566 1009 complectebatur
2616 937 2920 1006 singulari.
2963 942 3090 994 Non
3122 938 3290 994 aliter
3328 955 3480 1012 quo-

112 1030 241 1084 que
277 1032 462 1086 quam
490 1016 538 1071 si
570 1018 628 1072 in
652 1017 860 1073 divino
885 1019 1176 1091 obsequio
1206 1021 1410 1078 fuisset
1433 1023 1671 1090 novitia,
1704 1029 1760 1080 et
1782 1026 2048 1081 methodi
2092 1026 2168 1081 ad
2208 1029 2393 1081 Deum
2434 1026 2964 1098 appropinquandi
2993 1028 3207 1097 ignara
3249 1033 3353 1083 aut
3394 1028 3482 1083 in-

114 1109 322 1171 sueta,
347 1121 382 1158 a
411 1105 663 1173 singulis
695 1107 935 1178 petebat
961 1109 1191 1169 instrui,
1224 1115 1278 1164 et
1318 1112 1377 1166 in
1408 1117 1632 1168 rectam
1663 1113 1892 1168 virtutis
1924 1115 2221 1184 semitam,
2253 1116 2300 1170 si
2329 1115 2474 1170 forte
2523 1115 2800 1170 aberrare
2851 1116 3219 1186 contingeret
3254 1116 3480 1173 reduci.

114 1193 204 1246 Ita
241 1193 522 1264 spiritum
576 1195 707 1266 ipsa
737 1195 1001 1252 habebat
1030 1198 1435 1264 humiliatum,
1467 1205 1525 1255 et
1554 1217 1657 1256 cor
1685 1204 2025 1265 contritum,
2059 1219 2194 1275 quas
2250 1204 2372 1259 duo
2418 1203 2724 1275 despicere
2757 1206 2906 1258 Deus
2935 1220 3287 1277 nequaqum
3312 1205 3483 1275 solet,

112 1281 648 1352 quemadmodum
677 1292 922 1340 sanctus
952 1291 1202 1341 testatur
1225 1289 1426 1344 David.

189 1387 258 1447 ζ’.
319 1388 518 1460 Ἀμελει
561 1409 642 1442 τοι
694 1398 766 1460 τῷ
822 1393 1022 1463 θυμικῴ
1076 1394 1292 1464 ἔχουσα
1340 1393 1411 1466 ἐφ’
1476 1395 1567 1447 οὐκ
1632 1403 1722 1455 τῆς

114 1475 315 1547 ψυχῆς
362 1480 558 1551 ὅτῳπερ
608 1479 669 1530 ἂν
724 1485 1015 1552 χρήσαιτο,
1065 1483 1176 1534 ὅλον
1229 1486 1362 1534 κατὰ
1409 1492 1501 1536 τοῦ
1554 1484 1720 1557 ἆρχε-

113 1566 287 1616 κάκου
341 1571 428 1618 τὸν
497 1569 658 1639 θυμόν
703 1567 870 1639 ἐξέχεε
937 1576 1158 1631 σατανᾶ,
1237 1571 1498 1645 πόρρωθεν
1572 1573 1724 1624 αὐτὸν

119 1651 482 1726 ἀπερύκουσα,
530 1655 788 1730 ποῤῥωθεν
841 1654 1194 1722 ἐκδιώκουσα,
1249 1666 1338 1712 καὶ
1388 1665 1460 1733 μὴ
1547 1682 1722 1734 παρα-

119 1751 386 1813 χωροῦσα
420 1747 478 1795 τὸ
526 1748 771 1818 παράπαν
823 1750 1198 1819 προσεγγίσάι,
1267 1747 1419 1821 μηδ’,
1476 1753 1501 1803 ὃ
1548 1771 1724 1823 φασιν,

123 1830 174 1892 ἐξ
217 1829 552 1904 ἀγχωμάλου
604 1817 1038 1906 συμπλέκεσθαι,
1078 1837 1153 1888 Οῦ
1209 1817 1310 1911 γαρ
1371 1840 1451 1890 ὅτι
1497 1817 1564 1910 γε.
1605 1817 1730 1912 πρὸς
1763 1817 1801 1870 Β

124 1917 315 1990 βολαῖς
353 1919 703 1996 ἀκροϐολίζειν
763 1925 856 1975 οὐκ
905 1921 1140 1977 ἐνεδίδου
1186 1931 1271 1978 τὸν
1332 1928 1728 2000 πολυμήχανον,

124 2003 346 2070 οὖδέἱς
371 2009 539 2068 πάλην
589 2011 716 2073 ὅλως
770 2011 900 2064 ἀνίει
953 2022 1144 2086 χωρεῖν
1183 2019 1272 2066 καὶ
1323 2015 1726 2088 ξυμπλέκεσθαι·

128 2096 237 2148 αλλ’
273 2098 332 2150 εὖ
365 2098 503 2170 μάλα
550 2099 810 2174 πόρρωθεν
859 2098 1015 2175 εἶργε,
1075 2107 1166 2154 καὶ
1229 2106 1352 2156 ὡσεί
1403 2123 1480 2164 τις
1523 2103 1733 2178 ἀριστος

126 2190 454 2258 στρατηγὸς,
511 2191 635 2242 ὡσεί
699 2208 778 2250 τις
832 2186 1002 2252 δεξιὸς
1060 2190 1466 2262 ἀνταγωνιστὴς,
1515 2192 1569 2244 ἐκ
1634 2203 1736 2245 τῶν

126 2273 418 2328 ἀπωτάτων
457 2279 842 2348 κατηγωνίζετο
901 2281 1187 2350 φθάνουσα.
1239 2278 1440 2337 Μηδενὶ
1491 2279 1733 2354 δ’ἀσχο-

121 2362 351 2436 λουμένη
409 2373 506 2416 τῶν
569 2365 823 2435 ἐνταυθοῖ,
878 2365 1099 2438 μηδενὸς
1151 2369 1556 2443 ἐπιστρεφομένη
1634 2378 1735 2422 τῶν

128 2457 343 2525 κόσμου
411 2463 656 2527 τερπνῶν,
741 2455 854 2507 ὅλον
933 2461 991 2507 τό
1067 2456 1442 2529 ἐπιθυμητικὸν
1520 2462 1736 2512 ἀνέτεινε

125 2545 260 2615 πρὸς
284 2546 438 2607 Θεὸν,
471 2549 560 2596 καὶ
588 2553 682 2606 τῆς
709 2546 868 2597 αὐτοῦ
916 2566 1179 2620 κατάκρας
1236 2546 1445 2617 ἀγάπης
1499 2548 1732 2614 ἑάλωκεν,

128 2631 219 2703 ὅλῃ
256 2639 397 2684 Θεοῦ
423 2637 513 2684 καὶ
551 2641 650 2684 τῶν
710 2635 854 2685 θείων
897 2637 1188 2707 ὶμειρομένη
1235 2635 1412 2708 ψυχῇ.
1447 2636 1626 2699 Οὒτως
1682 2635 1737 2688 ἐκ

129 2725 370 2792 πρώτης,
403 2723 429 2772 ὃ
456 2740 630 2792 φασιν,
665 2724 694 2779 ἡ
725 2727 1174 2796 μακαρίατριχός,
1204 2731 1352 2776 πᾶσα
1381 2730 1470 2797 μεν
1490 2731 1578 2777 καὶ
1601 2725 1739 2777 ἕντο·

130 2803 224 2862 λ’ὸν
256 2804 484 2880 ἐπλήρου
517 2815 857 2875 Δεσποτικὴν,
890 2815 1054 2882 μέχρι
1088 2816 1296 2886 κεραίας
1327 2818 1414 2865 καὶ
1445 2814 1548 2873 ἐνὸς
1589 2814 1735 2880 ἰῶτα,

134 2895 202 2946 τὰ
229 2902 328 2946 τοῦ
357 2896 495 2948 θείου
525 2901 684 2969 νόμου
712 2898 999 2969 φυλάττειν,
1031 2903 1095 2960 ὡς
1126 2900 1278 2960 αὐτὸς
1307 2903 1539 2966 ὑπέθετο,
1587 2905 1741 2954 σπεῦ-

139 2978 338 3035 δουσα·
358 2984 515 3037 Ἀλλὰ
537 2990 596 3038 τὸ
622 2988 820 3059 μεῖζον,
851 2985 978 3040 ἀλλὰ
992 2993 1048 3040 τὸ
1062 2993 1328 3060 μέγιστον,
1354 2990 1478 3060 ἐρῶν
1491 2993 1737 3064 ἔρχομαι.

1906 1381 1959 1434 '7.
1994 1383 2245 1437 Omnem
2279 1381 2463 1436 animi
2493 1381 2713 1437 fastum
2744 1386 2800 1436 et
2830 1387 3058 1438 motum
3083 1383 3484 1440 vehementio-

1838 1485 1963 1524 rem
1994 1471 2172 1542 plane
2201 1476 2464 1537 exuerat,
2493 1487 2630 1525 cum
2657 1469 2804 1525 nihil
2831 1471 3126 1528 accideret
3152 1474 3318 1545 quod
3365 1475 3483 1528 vir-

1841 1559 2040 1627 ginem
2071 1565 2342 1616 sanctam
2372 1559 2450 1615 ad
2481 1557 2855 1614 iracundiam
2885 1566 3086 1631 posset
3132 1577 3481 1632 provocare;

1840 1646 1985 1702 illud
2019 1649 2215 1704 solum
2244 1649 2570 1704 retinuerat
2591 1647 2697 1702 zeli
2741 1652 2796 1702 et
2843 1648 3260 1719 animositatis,
3319 1651 3486 1723 quod

1840 1740 1899 1794 in
1926 1738 2266 1793 daemonem
2316 1737 2622 1792 effundere
2679 1751 2801 1792 non
2856 1737 2984 1792 sine
3041 1738 3230 1807 gloria
3285 1743 3488 1810 posset

1843 1829 2038 1897 Longe
2068 1827 2244 1896 igitur
2281 1826 2446 1881 illum
2476 1842 2512 1882 a
2537 1841 2598 1881 se
2641 1825 2902 1894 abigere,
2932 1825 3111 1896 longe
3158 1827 3488 1898 fugientem

1841 1916 2136 1988 persequi,
2165 1932 2361 1988 neque
2391 1916 2660 1971 ommino
2687 1915 3236 1987 appropinquandi,
3262 1922 3368 1974 aut
3413 1933 3488 1973 ex

1840 2021 2037 2078 (equo,
2051 2005 2213 2078 quod
2228 2005 2414 2074 aiunt,
2431 2003 2859 2074 congrediendi
2885 2021 3089 2060 secum
3109 2007 3488 2063 occasionem

1841 2095 2198 2166 permittere.
2234 2097 2358 2149 Non
2416 2093 2574 2148 enim
2631 2092 2926 2148 adversus
2979 2093 3136 2148 hosti
3184 2095 3487 2152 vaferrimi

1842 2185 2100 2253 impetus
2137 2183 2229 2238 vel
2261 2182 2495 2237 eminus
2543 2198 2686 2237 suas
2729 2181 2983 2252 experiri
3023 2181 3264 2239 volebat
3310 2183 3484 2255 vires,

1843 2287 1952 2326 nec
1981 2273 2040 2326 in
2070 2271 2414 2344 palaestram
2442 2271 2690 2326 omnino
2735 2269 3068 2325 sustinebat
3123 2270 3489 2327 descendere

1843 2367 1899 2416 et
1933 2361 2209 2416 cominus
2251 2375 2388 2415 cum
2418 2375 2489 2414 eo
2519 2358 2823 2428 congredi,
2865 2359 2967 2414 sed
3027 2359 3258 2415 meliori
3311 2360 3490 2430 longe

1843 2450 2091 2506 consilio
2121 2448 2331 2521 procul
2359 2448 2527 2503 illum
2555 2463 2590 2502 a
2611 2464 2673 2502 se
2689 2447 2911 2518 jubens
2961 2446 3272 2515 facessere,
3329 2463 3494 2518 egre-

1844 2542 1923 2611 gii
1954 2555 2200 2612 prorsus
2240 2537 2430 2594 militis
2485 2542 2542 2592 et
2581 2536 2974 2605 antagonistaa
3026 2541 3228 2608 partes
3279 2553 3492 2594 omnes

1844 2629 2152 2701 implebat,
2193 2627 2340 2682 dum
2373 2641 2403 2680 e
2433 2625 2765 2697 longinquo
2795 2629 2852 2680 et
2880 2625 3054 2696 quasi
3091 2625 3326 2695 fugiens
3373 2627 3492 2682 ini-

1845 2719 2070 2775 micum
2095 2730 2271 2769 suum
2303 2718 2475 2769 caute
2507 2715 2833 2784 impeteret.
2859 2711 3010 2768 Nulli
3037 2729 3246 2770 earum
3289 2729 3493 2772 rerum

1843 2822 1999 2880 quas
2041 2803 2137 2858 hic
2184 2802 2474 2857 miramur
2528 2801 2778 2869 intenta,
2835 2801 3014 2857 nullis
3061 2803 3272 2858 mundi
3309 2803 3494 2873 hujus

1846 2892 2254 2966 voluptatibus
2281 2891 2522 2956 irretita,
2542 2891 2747 2946 omnia
2773 2906 2883 2945 sua
2909 2895 3051 2946 vota
3073 2891 3495 2965 desideriaque

1848 2985 1908 3039 in
1939 2998 2125 3038 unum
2161 2983 2345 3035 Deum
2384 2979 2644 3048 deﬁgere
2681 2978 2788 3033 fuit
2846 2979 3020 3035 solita
3051 3001 3063 3034 :
3094 2979 3253 3035 illius
3313 2982 3494 3037 unius

138 3071 498 3143 capiebatur
533 3090 758 3142 amore,
791 3081 911 3131 toto
952 3078 1154 3132 animo
1185 3079 1288 3133 diu
1315 3084 1614 3150 noctuque
1647 3081 1764 3133 Deo
1797 3090 1868 3131 ac
1909 3071 2089 3127 rebus
2121 3067 2336 3122 divinis
2366 3066 2700 3122 intendens.
2739 3071 2818 3122 lta
2847 3067 3072 3137 primis,
3104 3067 3272 3139 quod
3305 3069 3492 3138 aiunt,

139 3161 488 3230 unguiculis
519 3163 687 3233 virgo
717 3167 829 3220 ista
855 3164 1208 3221 beatissima
1247 3169 1623 3238 praescriptas
1643 3183 1679 3222 a
1708 3169 1824 3221 Deo
1852 3157 2198 3217 hominibus
2232 3155 2464 3212 vivendi
2488 3155 2648 3224 leges
2679 3154 2966 3226 implebat
2995 3170 3226 3218 omnes,
3255 3155 3318 3211 id
3343 3156 3498 3213 solli-

139 3250 250 3304 cite
277 3266 520 3319 curans,
548 3258 609 3307 ut
640 3268 714 3308 ne
747 3258 1037 3323 punctum
1064 3255 1309 3327 quidem
1343 3272 1530 3311 unum
1565 3269 1795 3311 unusve
1841 3266 1996 3322 apex
2034 3247 2251 3302 divinas
2281 3245 2427 3315 legis
2465 3244 2796 3300 custoditus
2823 3242 3174 3310 elaberetur,
3203 3245 3498 3316 quemad-

137 3338 394 3394 modum
425 3341 680 3412 ipsemet
718 3342 1006 3397 Dominus
1036 3343 1093 3398 id
1127 3343 1469 3400 faciendum
1500 3343 1818 3400 constituit.
1842 3338 1963 3397 Sed
1989 3352 2149 3393 nunc
2173 3335 2374 3405 majus
2411 3332 2730 3406 quiddam,
2751 3331 2873 3387 imo
2905 3332 3261 3403 maximum,
3291 3348 3500 3404 aggre-

135 3426 270 3482 dior
298 3427 524 3484 dicere.

1658 3573 1886 3630 CAPUT
1923 3569 1986 3626 ll.

242 3713 362 3767 Leo
395 3711 719 3780 Isauricus,
751 3715 1041 3784 imagines
1061 3713 1420 3782 aboliturus,
1449 3712 1834 3838 Gymnastilum
1856 3710 2161 3835 piraticum
2193 3723 2324 3764 cum
2350 3708 2654 3777 magistris
2691 3706 2805 3762 sibi
2831 3709 3279 3766 adversantibus
3307 3711 3395 3766 in-

1600 3798 1706 3838 cen
1753 3797 1808 3836 ιο
1839 3796 1944 3838 per
1988 3797 2006 3834 ι
2040 3821 2052 3833 .

1600 3796 1808 3838 cenato
1836 3796 2052 3850 perau.

217 3906 286 3965 η’.
345 3905 442 3957 Ἠν
497 3910 586 3979 μεν
635 3907 798 3969 οὕτως
845 3910 874 3964 ἡ
936 3913 1175 3983 μακαρία
1228 3906 1492 3980 διάγουσαι
1558 3905 1740 3980 ἀρετῆς

1926 3906 1977 3958 8.
2011 3905 2173 3958 Hanc
2210 3900 2675 3974 pulcherrimam
2711 3915 2855 3956 sane
2915 3900 3148 3957 vivendi
3204 3902 3500 3960 rationem

158 3994 524 4068 ἐπιμελομένη,
567 3995 754 4053 ἑαυτὴν
804 4003 864 4054 τῆ
910 4007 1038 4070 μονῇ
1087 3997 1480 4071 περικλείουσα,
1526 4001 1615 4047 καὶ
1653 4014 1746 4067 μο-

151 4105 217 4156 νῳ
269 4092 386 4153 Θεῷ
435 4079 528 4135 διὰ
580 4088 771 4146 παντὸς
817 4091 1245 4159 προσανέχουσα.
1303 4085 1437 4136 Ἀλλ’
1512 4083 1599 4144 ἕως
1684 4086 1749 4135 τα

151 4173 271 4225 καθ’
302 4174 439 4244 ἡμᾶς
468 4168 582 4242 εἶχε
610 4172 792 4238 καλῶς,
830 4178 918 4224 καὶ
944 4179 1063 4249 περὶ
1103 4183 1234 4227 Θεοῦ
1297 4180 1384 4226 καὶ
1442 4182 1539 4225 τῶν
1603 4174 1748 4225 θείων

155 4269 453 4336 φρονοῦντες
511 4258 636 4334 ἦμεν
695 4262 842 4337 ὀρθὰ,
901 4267 959 4315 τὸ
1014 4264 1078 4324 εἰς
1140 4264 1482 4337 κληρονομίαν
1543 4259 1748 4315 ἰδιωθὲν

154 4352 296 4422 αὐτῷ
332 4356 646 4424 σχοίνισμα,
680 4353 704 4402 ὁ
753 4354 856 4411 νέος
910 4351 1143 4427 Ἰσραὴλ,
1204 4355 1228 4404 ὀ
1280 4357 1576 4428 περιοῦσιος
1627 4351 1750 4412 λαὸς

153 4445 242 4492 καὶ
283 4440 562 4512 ἐξαίρετος.
617 4440 756 4492 Ἐπεὶ
823 4437 875 4491 δ’
940 4443 966 4492 ὁ
1022 4443 1210 4493 ἄνωθεν
1263 4441 1564 4514 βασκαίνων
1624 4442 1748 4512 ἡμῖν

151 4528 370 4590 πολλαῖς
428 4527 670 4588 πολλάκις
723 4529 838 4579 καθ’
907 4531 1052 4600 ἡμῶν
1135 4529 1404 4602 ἐχρήσατο
1479 4537 1752 4601 μηχαναῖς

156 4615 331 4684 κούδὲν
359 4615 462 4669 δ’ὁ
492 4637 543 4668 τι
592 4624 681 4668 καὶ
739 4618 940 4686 ἦνυσε),
992 4617 1606 4692 κάντεῦθεν.ἐξηπορήθη
1661 4623 1750 4670 καὶ

154 4708 498 4777 ὴμηχάνησε,
560 4708 728 4757 πάντα
770 4710 878 4778 μὲν,
942 4710 968 4758 o'
1034 4727 1182 4779 φασι,
1258 4708 1423 4760 κάλων
1505 4712 1749 4770 κινήσας,

155 4799 290 4847 κατὰ
349 4802 443 4856 τῆς
501 4794 812 4856 Ἐκκλησίας
877 4801 1032 4863 Θεοῦ,
1117 4793 1282 4868 μηδὲν
1368 4793 1417 4848 δ’
1493 4796 1753 4856 ἐκπλῆσαι

157 4879 403 4943 δυνηθείς
432 4892 530 4934 τῶν
552 4887 682 4956 πρὸς
713 4881 989 4956 βούλησιν,
1019 4883 1144 4936 ἀλλὰ
1194 4889 1281 4937 καὶ
1333 4883 1525 4936 πλατὺν
1593 4885 1750 4957 ὀφλὴ-

159 4991 250 5033 σας
304 4971 618 5042 κατάγελων,
673 4971 799 5032 ὅλως
862 4973 1025 5044 ἐαυτῷ
1080 4978 1271 5044 γίνεται
1323 4978 1411 5026 καὶ
1460 4978 1751 5047 καινότερον

155 5079 205 5112 τι
243 5061 577 5132 τεχνάζεται.
649 5061 724 5112 Οὐ
779 5063 880 5133 γάρ
929 5081 981 5113 τι
1036 5070 1134 5113 τῶν
1191 5065 1336 5115 θείων
1385 5070 1752 5138 παραποιῆσαι

159 5145 434 5222 δογμάτων
484 5147 703 5224 ἐπαίρει·
762 5145 855 5201 διὰ
915 5155 1015 5224 γάρ
1105 5154 1306 5203 πάντων
1382 5151 1749 5226 ἐπιχειρήσας,

1857 3991 2096 4048 tenebat
2136 3989 2482 4058 Theodosia,
2552 3989 2780 4044 virtutis
2856 3989 3054 4045 studio
3129 3990 3500 4048 continenter

1856 4079 2194 4146 intendens,
2237 4077 2526 4147 virginem
2586 4091 2893 4132 sacrarum
2946 4077 3222 4134 coenobio
3270 4079 3496 4149 clausa,

1857 4173 1913 4224 et
1936 4173 2132 4223 mente
2155 4169 2213 4222 in
2249 4169 2433 4221 Deum
2473 4181 2712 4237 semper
2754 4169 2968 4220 erecta.
3017 4168 3234 4223 Notum
3298 4173 3502 4225 autem

1859 4263 1962 4329 est,
1996 4254 2305 4329 quomodo
2336 4271 2474 4310 cum
2504 4255 2708 4310 omnia
2728 4259 2934 4311 nostra
2962 4254 3126 4312 salva
3152 4256 3352 4313 adhuc
3368 4274 3498 4316 esse

1858 4353 1914 4404 et
1953 4345 2295 4414 incolumia,
2329 4351 2386 4400 et
2418 4343 2492 4398 de
2550 4345 2667 4399 Deo
2723 4343 3058 4417 divinisque
3104 4346 3287 4402 rebus
3345 4354 3503 4406 recte

1858 4452 2070 4493 omnes
2116 4433 2490 4499 sentiremus,
2544 4449 2784 4488 eramus
2844 4433 3105 4504 populus
3152 4436 3404 4492 eximius
3447 4442 3505 4494 et

1857 4525 2098 4596 electus,
2135 4523 2240 4595 qui
2265 4521 2425 4577 velut
2451 4537 2641 4576 novus
2666 4521 2858 4587 lsrael,
2901 4521 3016 4592 ipsi
3070 4525 3308 4596 proprie
3351 4527 3504 4583 obti-

1859 4610 2845 4685 gimusinfuniculumhasreditatis
2885 4627 3028 4666 suae.
3065 4617 3136 4668 At
3173 4620 3503 4687 postquam

1859 4720 1890 4759 e
1910 4702 2060 4758 coelo
2081 4700 2290 4774 pulsus
2326 4697 2621 4772 superbiae
2647 4698 2888 4771 spiritus
2918 4715 3092 4756 suam
3135 4701 3196 4756 in
3227 4702 3506 4759 homines

1858 4791 2147 4848 invidiam
2187 4791 2245 4843 in
2283 4793 2556 4861 apertum
2604 4787 2780 4860 coepit
2845 4788 3127 4860 proferre,
3184 4790 3386 4845 multis
3434 4807 3504 4846 ac

1861 4881 2040 4937 variis
2071 4879 2410 4950 frequenter
2438 4877 2736 4932 machinis
2767 4877 2999 4932 animos
3030 4880 3265 4932 nostros
3313 4894 3508 4951 oppu-

1861 4985 2044 5041 gnare
2075 4971 2164 5023 est
2201 4982 2546 5038 aggressus.
2581 4964 3104 5021 Utveroadversus
3122 4963 3252 5018 illos
3284 4982 3504 5037 parum

1860 5057 2062 5124 valuit,
2088 5061 2143 5111 et
2172 5057 2285 5110 hac
2324 5070 2396 5109 ex
2427 5059 2590 5127 parte
2623 5052 2970 5126 proﬁciendi
2992 5051 3304 5123 quidpiam
3335 5069 3506 5126 spem

1862 5162 2104 5204 omnem
2135 5144 2572 5215 machinasque
2595 5141 2810 5213 abjecit
2838 5139 3091 5210 inutiles,
3129 5139 3248 5197 alia
3288 5142 3507 5201 deinde

159 5233 251 5289 διὰ
273 5239 479 5289 πάντων
537 5243 626 5290 καὶ
683 5237 1119 5312 ἀποκέκρουσται·
1173 5246 1234 5291 Τί
1284 5240 1370 5291 οὖν
1401 5240 1426 5291 ὃ
1459 5247 1740 5314 σκαιωρεῖς

1859 5236 2087 5292 ratione
2107 5233 2313 5290 omnia
2365 5231 2680 5304 susdeque,
2725 5233 2787 5284 ut
2824 5228 3099 5295 dicimus,
3157 5235 3402 5301 vertere,
3452 5237 3510 5290 et

157 5329 207 5376 τί
266 5332 578 5398 μηχανᾶται
630 5328 655 5378 ὁ
717 5327 1114 5400 πολυμήχανος;
1173 5333 1272 5390 Τὰς
1338 5331 1472 5389 θείας
1533 5330 1750 5396 εἰκόνας,

158 5416 222 5466 τὰ
274 5417 388 5488 ἱερά
443 5419 532 5466 καὶ
588 5418 861 5468 πάνσεπτα
912 5415 1278 5489 ἐκτυπωματα,
1340 5417 1393 5468 ἐκ
1453 5422 1634 5489 μέσον,
1688 5420 1757 5478 ὡς

162 5504 355 5564 ἱκανοῖς
394 5505 539 5555 ταῦτ’
587 5503 862 5579 ἐνεργῆσαι
925 5501 1190 5576 διέγνωκε,
1253 5508 1582 5564 ποιήσασθαι
1630 5505 1758 5557 ῦπο-

162 5593 379 5643 τίθεται·
417 5595 564 5650 καὶὴ
600 5595 863 5656 ὑποθήκη,
896 5598 952 5645 τὸ
1008 5590 1216 5661 δοκοῦν,
1276 5591 1444 5663 δεξιὰ,
1506 5591 1655 5657 δεξιά
1707 5592 1758 5648 δ’

161 5679 342 5732 ὁποίαν
385 5679 626 5733 ἐκκλίνειν
678 5687 742 5742 ὼς
788 5679 1069 5749 δοκοῦσαν,
1130 5681 1261 5734 ἀλλὰ
1305 5689 1377 5755 μὴ
1431 5684 1614 5754 οὖσαν,
1669 5688 1759 5737 καὶ

1860 5326 2057 5397 ipsam
2092 5324 2187 5379 Dei
2247 5321 2571 5377 Ecclesiam
2620 5319 2865 5388 aggredi
2922 5317 3187 5374 instituit.
3241 5322 3508 5396 Cumque

1863 5429 2102 5469 rursum
2133 5410 2277 5467 nihil
2320 5426 2528 5466 eorum
2576 5423 2710 5479 quae
2759 5405 3104 5476 singulatim
3156 5415 3514 5483 conceperat

1865 5502 2096 5559 efﬁcere
2128 5501 2430 5569 valuisset,
2458 5499 2601 5571 quin
2620 5495 2797 5551 etiam
2823 5493 3014 5550 effuso
3052 5497 3174 5553 risu
3201 5501 3515 5558 meruisset

1867 5592 2078 5663 excipi,
2112 5590 2190 5645 ad
2214 5605 2356 5644 suas
2382 5604 2444 5643 se
2473 5591 2627 5642 artas
2648 5589 2837 5640 totum
2861 5586 3167 5652 convertit,
3192 5603 3264 5642 ac
3284 5604 3514 5647 novum

1868 5681 2046 5754 plane
2107 5679 2425 5736 consilium
2483 5675 2819 5745 excogitare
2870 5675 3068 5748 coepit.
3129 5678 3260 5735 Non
3348 5679 3512 5736 enim
