3988 6322
535 341 636 398 903
1741 322 2196 392 CONSTANTINI
2232 335 2686 394 ACROPOL‘I‘I‘E
3811 353 3912 415 90;

532 475 723 519 unum
759 458 1092 532 quodpiam
1121 456 1457 513 divinorum
1473 456 1827 526 dogmatum
1853 457 2143 530 suspicion

2290 461 2458 512 πάντα
2498 464 2752 534 φέρουσαν
2792 460 3127 542 ἐπαρίστερα,
3177 471 3204 522 6
3264 475 3424 545 σοφὸς
3473 476 3694 530 ὑπέθετο
3762 479 3910 530 Σολο-

531 550 807 608 falsitatis
851 547 1179 604 obnoxium
1226 545 1475 602 reddere
1537 550 1624 603 est
1683 561 2029 618 aggressus,
2072 564 2143 603 set

2289 545 2650 618 μῶν.Είὸ“ωλα
2696 552 2925 622 νομίζειν
2974 556 3210 629 ὑπέϐαλε,
3268 567 3358 614 καὶ
3413 569 3507 622 τὴν
3563 573 3684 641 περὶ
3743 576 3911 620 ταῦτα

531 639 821 697 adversus
852 640 1066 692 cuncta
1107 635 1286 691 simul
1339 636 1675 706 insurgens,
1716 637 1778 690 in
1831 652 1903 692 ea
1948 637 2143 693 rabie:

2290 635 2528 697 σπουδὴν
2560 649 2652 702 τῆς
2683 641 2908 705 παλαιᾶς
2937 642 3067 699 εἶναι
3096 647 3315 719 πλάνης,
3364 659 3454 706 καὶ
3504 664 3601 718 τῆς
3657 659 3906 730 ἀρχαίας

531 745 704 785 suam
729 741 973 783 omnem
1012 729 1262 781 conatus
1292 730 1380 781 est
1406 725 1730 782 effundere.
1804 725 1954 790 Quid
2001 726 2143 796 igitu

2285 725 2478 788 ἐκείνης
2533 730 2796 803 τερθρείας
2863 730 3066 804 ἀπᾷδον
3139 740 3303 796 πάντη
3402 750 3678 814 πεφηνέναι
3783 755 3909 819 Χρι-

528 817 671 875 mali
709 814 948 872 molitus
975 818 1065 870 est
1105 815 1132 869 ?
1191 830 1344 887 quas
1387 815 1863 904 machinationes
1905 813 2143 871 adhibui

2287 824 2512 878 στιανοῖς
2559 816 2816 888 λείψανον.
2880 823 3042 876 Βαϐαῖ
3105 834 3200 890 τῆς
3271 813 3485 902 τόλμηςῖ
3552 831 3732 904 βαϐαὶ
3813 813 3905 896 τῆς

526 905 829 978 pessimus
881 903 1142 973 genius?
1199 903 1582 960 Venerandas
1631 903 1730 958 Dei
1777 902 2140 975 divorumqu

2286 909 2597 968 σκαιότητος
2625 907 2637 962 !
2663 917 2754 979 φεῦ
2783 919 2882 962 τῶν
2917 924 3172 985 μηχανῶν
3229 927 3322 970 τοῦ
3386 919 3678 998 ἀλάστορος
3716 924 3731 978 !
3790 932 3899 978 Νὑν

525 993 845 1065 imagines,
874 1007 1076 1048 sacras
1097 991 1226 1048 illas
1253 997 1310 1048 et
1337 993 1503 1047 omni
1532 991 1758 1048 honore
1787 990 2142 1062 dignissima

2280 996 2370 1065 μὲν
2414 995 2590 1061 οὕτως,
2645 1005 2732 1048 νῦν
2787 995 2838 1051 δ’
2893 1000 3070 1076 ἑτέρως
3125 1003 3402 1081 ἐπιχειρεῖ,
3456 1009 3555 1062 xciv.
3613 1021 3724 1064 τῶν
3811 1012 3898 1066 δε-

525 1082 769 1152 eiﬁgies,
819 1085 1024 1153 utpote
1062 1096 1216 1153 quas
1262 1079 1537 1152 pluribus
1603 1095 1723 1136 non
1802 1096 2018 1151 parum
2091 1096 2143 1176 at

2281 1081 2401 1144 ξιῶν
2423 1081 2621 1156 βάλλει,
2652 1085 2755 1138 κάκ
2781 1096 2878 1140 τῶν
2924 1089 3228 1168 ἀριστερῶν,
3283 1098 3310 1148 6
3363 1105 3482 1172 περὶ
3536 1105 3597 1152 τό
3653 1121 3898 1176 κακουρ-

523 1175 678 1228 recte
712 1169 1018 1241 agendum
1041 1169 1324 1242 prodesse
1344 1168 1678 1239 judicabat,
1706 1169 1909 1224 statuit
1928 1169 2143 1225 emedii

2278 1179 2386 1241 7εῖν
2424 1171 2873 1248 ἀμφοτεροδέξιος.

524 1260 635 1315 sibi
669 1276 799 1315 esse
822 1257 1134 1314 tollendas.
1163 1261 1230 1314 Et
1258 1257 1354 1314 via
1383 1257 1630 1340 quidem
1653 1257 1732 1312 ad
1759 1256 1876 1346 hoc
1905 1257 2167 1329 tetendit,
2193 1263 2353 1315 recta
2379 1260 2440 1316 in
2471 1263 2736 1334 speciem
2776 1282 2789 1320 :
2829 1267 2934 1322 sed
2982 1274 3141 1328 recta
3167 1274 3409 1346 qualem
3447 1276 3896 1336 declinandam

521 1348 753 1404 monuit
783 1347 1023 1419 sapiens
1062 1346 1372 1409 Salomon,
1397 1351 1599 1418 utpote
1628 1361 1764 1418 quae
1806 1345 1940 1401 talis
1964 1346 2252 1413 videatur,
2307 1348 2412 1404 sed
2470 1366 2593 1406 non
2651 1353 2743 1421 sit,
2803 1371 3012 1413 verum
3063 1361 3140 1416 ad
3172 1345 3450 1435 sequiora
3491 1366 3701 1424 ducat.
3742 1372 3897 1439 Sug-

522 1439 688 1507 gerit,
723 1437 886 1508 ipsas
919 1435 1306 1492 aestimandas
1329 1451 1455 1490 esse
1488 1435 1667 1496 idola,
1703 1441 1760 1489 et
1783 1451 1961 1490 omne
1984 1435 2142 1490 circa
2161 1451 2264 1491 eas
2287 1437 2578 1508 studium,
2609 1443 2821 1498 veteris
2865 1461 2994 1502 esse
3025 1451 3239 1505 erroris
3269 1458 3450 1525 atque
3485 1456 3760 1528 antiquas
3805 1435 3901 1513 su-

519 1525 881 1600 perstitionis
903 1524 1228 1579 evanidum
1250 1525 1585 1592 vestigium,
1619 1523 1770 1578 inter
1809 1524 2141 1579 Chistianos
2168 1525 2456 1582 relictum.
2499 1529 2623 1584 Vah
2679 1532 2997 1590 audaciam
3041 1539 3282 1608 pessimi
3326 1523 3656 1609 daemonis:
3680 1552 3741 1601 et
3780 1548 3904 1602 im-

517 1617 684 1688 piam
711 1613 1018 1669 stultitiam
1053 1613 1066 1666 !
1099 1612 1218 1668 vah
1250 1612 1495 1668 insanas
1544 1612 1882 1668 molitiones
1923 1612 1934 1665 !
1977 1612 2147 1668 Modo
2200 1615 2417 1671 scilicet
2471 1616 2649 1687 hanc,
2694 1621 2880 1678 modo
2916 1624 3080 1681 illam
3133 1630 3422 1698 perdendi
3455 1632 3745 1689 homines
3799 1652 3902 1691 ra-

518 1705 742 1760 tionem
775 1702 884 1756 init
908 1719 919 1755 :
953 1717 989 1756 a
1017 1700 1239 1756 dextris
1268 1707 1325 1756 et
1343 1716 1379 1756 a
1401 1701 1652 1758 sinistris
1676 1702 1925 1757 miseros
1955 1701 2202 1772 impetit,
2227 1705 2600 1764 ambidexter
2626 1709 2706 1766 ad
2729 1712 3110 1772 inferendum
3133 1726 3587 1778 nocumentum.

590 1797 643 1848 9.
686 1790 942 1856 Quinam
966 1793 1164 1846 autem
1205 1789 1367 1846 fuere
1395 1805 1551 1861 quos
1578 1790 1869 1860 judicavit
1914 1791 2165 1847 idoneos
2203 1792 2246 1845 B

3402 750 3678 814 πεφηνέναι

2350 1793 2412 1852 θ’.
2461 1802 2603 1859 Τίνες
2661 1795 2710 1850 δ’
2756 1808 2845 1863 οῦς
2904 1810 2994 1855 καὶ
3051 1804 3285 1880 ἐνέκρινε,
3350 1816 3440 1862 καὶ
3482 1817 3623 1864 τίσιν
3680 1817 3897 1890 ὑπηρέ-

519 1884 621 1936 aut
645 1878 868 1950 quibus
900 1893 1048 1932 usus
1078 1877 1161 1932 rei
1197 1882 1284 1932 est
1321 1877 1704 1948 administris,
1764 1878 2014 1950 quando
2064 1878 2166 1934 Dei

518 1967 1081 2040 permissuregnum
1097 1965 1209 2021 sibi
1230 1965 1774 2022 eratvindicaturus
1800 1967 1827 2020 ‘?
1847 1970 1958 2023 Leo
1987 1968 2036 2022 is
2059 1967 2166 2024 fuit

517 2057 595 2113 ab
623 2057 848 2112 Isauria
874 2055 1091 2123 dictus,
1126 2055 1458 2111 saevissima
1490 2055 1722 2128 absque
1738 2055 1924 2112 dubio
1940 2057 2160 2122 bellua,

514 2147 849 2217 eademque
887 2143 1218 2200 indomita:
1253 2144 1354 2216 qui
1385 2149 1591 2201 contra
1628 2144 1863 2200 Domini
1919 2160 2162 2216 gregem

512 2236 796 2292 continuo
831 2234 1147 2289 intremere
1170 2248 1515 2303 aggressus,
1545 2233 1607 2288 in
1652 2249 1791 2288 eum
1839 2250 1961 2290 non
1996 2234 2163 2291 aliter

510 2339 696 2396 quam
726 2322 1041 2379 carnivora
1069 2321 1351 2393 quaedam
1396 2322 1523 2377 fera
1566 2321 1813 2378 insiluit.
1867 2324 2163 2388 Quemad-

510 2411 764 2466 modum
819 2415 876 2465 et
916 2410 966 2465 is
1015 2411 1120 2481 qui
1172 2425 1280 2480 per
1322 2409 1716 2480 antiphrasim
1756 2416 2004 2467 vocatus
2053 2411 2164 2469 fuit

509 2498 883 2564 Anastasius;
915 2498 1144 2569 quippe
1162 2502 1298 2570 post
1318 2498 1382 2551 Β.
1403 2500 1768 2554 Germanum
1793 2499 1854 2554 in
1906 2499 2008 2554 Dei
2061 2501 2162 2555 Ec-

510 2587 753 2642 clesiam
771 2601 996 2655 magno
1009 2585 1281 2655 ejusdem
1302 2585 1464 2642 malo
1488 2587 1880 2654 introductus,
1905 2592 2160 2645 mortem

509 2691 630 2730 non
667 2674 879 2747 paucis
918 2678 976 2730 et
1003 2674 1303 2730 interitum
1357 2674 1565 2730 attulit.
1611 2675 1719 2731 Sed
1760 2692 1885 2748 qua
1913 2677 2160 2733 tandem

507 2765 738 2820 ratione
777 2779 888 2835 pro
907 2763 991 2819 rei
1016 2762 1322 2834 dignitate,
1351 2779 1750 2837 quaecumque
1770 2764 1832 2820 id
1872 2767 2158 2837 temporis

507 2853 726 2910 misera
756 2853 1103 2909 acciderunt
1140 2856 1321 2924 atque
1343 2853 1582 2923 acerba,
1623 2853 1822 2909 verbis
1865 2854 2109 2912 efferam
2130 2855 2157 2910 ?

505 2941 927 3014 episcoporum
940 2940 1137 3010 exilia,
1167 2940 1731 3013 comprehensiones
1752 2943 2154 3009 sacerdotum,

505 3031 768 3087 virorum
803 3029 1145 3102 principum
1185 3029 1554 3086 calamitates
1580 3029 1759 3086 simul
1799 3035 1856 3087 et
1896 3031 2154 3103 ignomi-

501 3119 655 3188 nias,
679 3123 1028 3176 sanctorum
1047 3118 1365 3175 hominum
1395 3119 1762 3190 etvirginum
1794 3137 2102 3177 sacrarum
2122 3138 2143 3179 e

2261 3127 2519 3196 κολάσεις;
2566 3133 2630 3183 τά
2687 3129 2894 3206 ὃησμάς
2950 3139 3041 3196 τάς
3096 3137 3453 3210 στρεϐλώσας
3528 3147 3648 3204 τοὺς

501 3208 883 3266 monasteriis
911 3208 1198 3264 violentas
1226 3208 1620 3274 detrusiones,
1663 3214 1719 3265 et
1737 3210 1976 3280 publice
2017 3227 2154 3269 con-

505 3300 742 3355 stitutas
767 3298 1122 3354 earumdem
1147 3298 1636 3370 proscriptiones,
1670 3302 2010 3356 vexationes
2028 3317 2153 3358 non

501 3387 778 3443 ferendas
805 3386 1066 3455 vincula,
1099 3386 1422 3455 cruciatus,
1444 3387 1731 3443 violenter
1755 3388 1966 3446 allatas
1997 3407 2154 3447 mor-

497 3479 604 3543 tes,
635 3480 690 3531 et
718 3475 922 3545 pejora
951 3474 1248 3530 mortibus
1277 3479 1574 3531 tormenta
1605 3476 1634 3530 ?
1662 3479 1878 3532 Verum
1912 3483 1978 3534 ut
2015 3495 2150 3535 san-

497 3567 606 3620 ctas
630 3562 814 3634 hujus
832 3561 1082 3632 virginis
1103 3561 1394 3617 illustrem
1425 3577 1672 3634 prorsus
1688 3579 1759 3620 ac
1785 3565 2148 3638 intrepidam

2274 1882 2495 1944 ταιςέπὶ
2543 1889 2739 1948 τούτοις
2768 1888 3039 1962 ἐχρήσατο
3072 1912 3086 1962 ;
3140 1894 3205 1948 ⁸0
3236 1916 3290 1950 τε
3321 1894 3400 1958 δή,
3447 1904 3538 1958 τὴν
3593 1900 3894 1974 βασιλείαν

2273 1977 2406 2022 Θεοῦ
2490 1982 2873 2050 παραχωρήσει
2947 1985 3395 2057 σφετερισάμενος,
3493 1992 3640 2042 Λέων
3717 1995 3745 2043 6
3841 1992 3895 2055 ἐξ

2274 2058 2542 2135 Ἰσαὺρων,
2595 2065 2619 2116 6
2675 2066 2856 2139 ἄγριος
2913 2069 3234 2144 αὐτόχρημα
3283 2075 3378 2147 Θήρ
3439 2082 3528 2129 καὶ
3587 2077 3894 2143 ἀτίθασσος

2272 2146 2325 2210 ὃς
2355 2153 2489 2202 κατά
2514 2160 2605 2214 τῆς
2633 2160 2857 2227 ποίμνης
2899 2158 3047 2219 εὐθὺς
3099 2169 3230 2214 Θεοῦ
3285 2159 3451 2216 δεινὸν
3503 2165 3890 2240 ἐϐρυχησατο,

2270 2242 2358 2289 καὶ
2405 2243 2539 2292 κατά
2594 2247 2761 2314 μέσης
2814 2245 2978 2308 αὐτῆς
3021 2251 3158 2301 καθά
3217 2271 3290 2312 τις
3359 2253 3611 2325 ὠμηστὴς
3695 2259 3890 2323 ἧλατο,

2270 2329 2406 2379 καὶὸ
2435 2333 2546 2381 κατ’
2573 2329 2878 2408 ἀντίφρασιν
2919 2336 3279 2411 Ἀναστάσιος,
3343 2343 3368 2393 6
3431 2347 3566 2415 μετά
3618 2349 3708 2398 τόν
3774 2369 3888 2420 μα-

2269 2417 2452 2490 χοίρων
2493 2425 2746 2494 Γερμανόν
2805 2422 2889 2476 ἐπὶ
2935 2435 3079 2498 κακῲ
3139 2435 3200 2501 τῇ
3251 2429 3538 2504 Ἐκκλησία
3584 2432 3889 2510 ἐπεισφρή-

2272 2522 2367 2565 σας
2423 2513 2578 2578 Θεοῦ,
2621 2514 2708 2562 καὶ
2763 2511 2971 2575 πολλοῖς
3032 2517 3109 2568 ὅτι
3165 2519 3386 2571 θανάτοῦ
3449 2526 3540 2574 καὶ
3615 2521 3888 2588 ἀπωλείας

2267 2597 2532 2666 γενόμενος
2574 2599 2758 2661 αἴτιος.
2811 2600 2965 2654 Ἀλλὰ
3022 2612 3131 2666 πῶς
3186 2605 3246 2658 ἄν
3304 2611 3435 2680 πρός
3483 2608 3634 2672 ἀξίαν
3684 2611 3887 2687 ἐκτρα-

2265 2680 2578 2758 γῳδήσαιμι
2605 2690 2670 2740 τά
2696 2693 2810 2742 τότε
2839 2687 3004 2759 derasi;
3056 2696 3146 2754 τὰς
3195 2704 3294 2747 τῶν
3349 2695 3639 2774 ἀρχιερέων
3675 2703 3883 2776 ὑπερο-

2265 2775 2400 2842 ρίας;
2456 2776 2544 2834 τας
2595 2783 2694 2828 τῶν
2745 2779 2914 2852 ἱερέων
2971 2782 3301 2854 καθείρξεις;
3353 2789 3447 2848 τὰς
3477 2796 3579 2838 τὼν
3638 2787 3688 2840 ἓν
3745 2791 3883 2843 τέλει

2266 2859 2457 2932 ζημίας
2485 2863 2596 2917 ἅμα
2632 2870 2722 2917 καὶ
2775 2869 3000 2936 ἀτιμίας
3052 2873 3140 2932 τάς
3195 2880 3295 2924 τῶν
3351 2875 3504 2927 ὁσίων
3555 2874 3766 2953 ἀνδρῶν
3825 2900 3881 2934 τε

2264 2955 2352 3001 καὶ
2392 2970 2668 3023 γυναικων,
2700 2954 2753 3007 in
2800 2976 2854 3008 τε
2906 2967 3005 3009 τῶν
3064 2958 3398 3035 ἀσκητηρίων
3449 2963 3730 3028 ἀπελάσεις
3783 2974 3880 3021 καὶ

2263 3036 2347 3090 ἐπὶ
2391 3039 2641 3094 πλατειῶν
2700 3041 3002 3118 δημεύσεις
3059 3052 3154 3111 τὰς
3236 3049 3586 3118 ἀνυποίστους
3665 3060 3875 3109 τούτων

3710 3144 3748 3218 β
3757 3152 3869 3198 tad-

2260 3235 2348 3278 ους
2405 3219 2675 3287 Θανάτους;
2751 3225 2817 3275 τά
2889 3229 3055 3298 χείρω
3132 3229 3350 3281 θανάτου
3438 3229 3870 3308 βασανιστήρια;

2262 3303 2394 3358 Ἀλλ’
2444 3309 2527 3360 ἵνα
2581 3309 2770 3381 μᾶλλον
2826 3316 2884 3364 τό
2936 3323 3024 3375 τῆς
3105 3322 3367 3391 μακαρίας
3453 3329 3684 3392 γενναῖον

2257 3395 2502 3468 ἄτρεστον
2536 3404 2941 3475 παραστήσαιμι
2979 3407 3235 3477 φρόνημα,
3282 3407 3331 3460 ἓν
3383 3428 3434 3461 τι
3477 3417 3574 3471 τῆς
3635 3409 3874 3484 βασιλι-

2256 3491 2352 3545 κῆς
2397 3484 2665 3556 ἀπηνειας,
2721 3489 2884 3542 τᾶλλα
2927 3500 3036 3554 τοῖς
3092 3491 3428 3568 βουλομένοις
3478 3499 3614 3551 ἔνθεν

2260 3580 2521 3644 συνορᾴνῖ,
2558 3572 2910 3651 διηγήσομαι.

3777 3330 3876 3376 καὶ

3710 3499 3860 3574 ἀφεὶς

495 3649 979 3722 magnitudinem
1003 3650 1512 3751 animinclariusiin
1538 3651 1807 3751 medium
1835 3653 2158 3751 adducam,
2185 3674 2376 3717 unum
2407 3663 2742 3736 quodpiam
2764 3649 3132 3728 crudelitatis
3154 3671 3331 3744 regis:
3351 3675 3706 3748 exemplum
3736 3694 3852 3751 pro

491 3741 703 3806 feram,
733 3739 967 3813 reliqua
997 3739 1070 3795 iis
1102 3739 1324 3812 quibus
1361 3739 1619 3796 lubitum
1651 3741 1825 3797 fuerit
1853 3742 2232 3815 inspicienda
2259 3749 2519 3822 penitius
2549 3753 2920 3828 relinquens.

562 3830 650 3887 10.
701 3829 1087 3902 Superiorum
1124 3843 1336 3898 regum
1396 3829 1790 3901 temporibus,
1841 3847 1982 3888 cum
2035 3834 2143 3906 qui

490 3932 815 3990 regnorum
841 3917 1316 3974 moderabantur
1333 3918 1628 3988 habenas,
1654 3935 1725 3975 eo
1769 3921 1933 3992 quod
1981 3938 2143 3991 gere-

485 4009 634 4065 bant
661 4007 904 4064 nomine
935 4023 1062 4064 sese
1091 4006 1256 4064 haud
1278 4007 1995 4080 ostendebantindignos,
2023 4011 2136 4068 sub

484 4097 826 4170 jectamque
848 4097 963 4152 sibi
982 4097 1270 4153 ditionem
1292 4113 1362 4152 ex
1390 4098 1854 4171 zequojustoque
1886 4100 2140 4156 admini-

490 4187 762 4242 strabant
790 4185 1251 4258 fulciebantque,
1271 4203 1473 4242 rerum
1489 4187 1729 4243 nonnisi
1744 4188 2134 4247 honestarum

486 4291 692 4332 amore
721 4291 791 4330 ac
837 4277 1252 4346 prosecutione
1310 4281 1668 4332 exornantes
1729 4279 2135 4352 principatum

437 4408 443 4413 .
486 4363 1348 4436 suum,etquidquideumdem
1379 4365 1457 4421 ad
1479 4367 1835 4437 posteriores
1860 4368 2136 4427 illustrio-

483 4469 612 4509 rem
649 4453 1138 4524 poteratreddere
1163 4470 1387 4523 magno
1402 4455 1598 4511 studio
1615 4464 2038 4528 promoventes
2055 4460 2133 4516 ad

2325 3837 2374 3895 ι’.
2433 3844 2570 3915 Πρὸς
2625 3852 2725 3894 τῶν
2778 3847 2883 3897 οῐνω
2939 3845 3221 3919 βασιλέων,
3280 3849 3328 3902 οἳ
3379 3855 3468 3904 καὶ
3511 3856 3607 3912 τὴν
3668 3855 3866 3915 κλῆσιν

2251 3927 2564 4000 ἠληθευσαν,
2597 3933 2661 3992 ὡς
2683 3932 2787 3986 ἐνὸν
2819 3931 2914 3987 διὰ
2944 3934 3066 4008 βίον
3106 3943 3407 4011 συνέχοντές
3444 3961 3498 3994 τε
3554 3948 3648 3996 καὶ
3719 3965 3861 4005 στη-

2246 4020 2474 4091 ρίζοντες
2497 4023 2553 4071 τό
2606 4021 2854 4094 ὑπήκοον,
2909 4029 3000 4077 καὶ
3051 4034 3113 4099 τῇ
3189 4027 3461 4102 φιλοκαλία
3504 4035 3599 4089 τὴν
3667 4032 3857 4107 ἀρχήν

2247 4109 2667 4181 κατεκόσμησαν,
2719 4111 2854 4163 ἅπαν
2914 4113 2939 4164 ὃ
2990 4118 3184 4174 ταύτην
3254 4117 3611 4191 εὐκλεεστέραν
3688 4126 3851 4177 καθί-

2250 4213 2430 4265 στησι,
2465 4193 2558 4250 διὰ
2585 4197 2824 4261 σπουδῆς
2859 4202 3029 4266 αὔξειν
3058 4208 3374 4278 ποιούμενοι·
3417 4212 3548 4281 πρὸς
3599 4211 3689 4262 οὖν
3750 4213 3851 4265 τῶν

2243 4283 2610 4360 μεγαλουργῶν
2653 4287 2852 4341 ἐκείνων
2907 4288 3108 4366 ἀνδρῶν
3159 4291 3510 4367 διδασκαλεῖα
3561 4297 3611 4350 ἓν
3674 4305 3847 4374 ταύτῃ

2244 4369 2312 4431 δὴ
2361 4383 2421 4446 τῇ
2471 4375 2810 4447 μεγαλοπόλει
2867 4375 3182 4453 δεδόμηται,
3238 4381 3532 4458 διῃρημένα
3585 4408 3702 4451 πως
3759 4369 3852 4442 καὶ

2245 4468 2544 4536 συνημμένα
2603 4469 2953 4538 τυγχάνοντα·
3002 4467 3296 4546 διῃρημένα
3344 4478 3434 4547 μεν
3492 4484 3602 4539 τοῖς
3690 4481 3849 4537 οἰκή-

483 4541 1487 4614 incrementum.Horum,inquam,
1517 4560 1726 4613 regum
1758 4549 2130 4619 temporibus

2255 4569 2393 4618 ιασι,
2424 4560 2485 4625 τῇ
2522 4549 2571 4605 δ’
2613 4552 2939 4630 ἀλληλουχίᾳ
2975 4564 3064 4611 καὶ
3119 4570 3190 4632 τῷ
3256 4571 3410 4635 κοινῷ
3462 4565 3721 4640 περιϐόλῳ
3776 4573 3853 4630 εὶς

480 4628 656 4702 plura
696 4628 979 4687 tradentis
1024 4629 1322 4702 diciplinis
1363 4631 1495 4688 loca
1546 4633 1915 4692 exaediﬁcata
1969 4643 2126 4710 sunt,

479 4737 614 4794 quae
647 4724 803 4777 certa
832 4717 1098 4792 quadam
1120 4720 1349 4776 ratione
1383 4721 1463 4792 sej
1476 4726 1654 4779 uncta
1675 4729 1843 4780 erant
1868 4724 1947 4782 ab
1971 4725 2129 4784 invi-

481 4826 632 4880 cem,
652 4808 987 4881 eademque
1017 4808 1359 4880 conjuncta;
1389 4809 1658 4882 sejuncta
1686 4812 1934 4885 quidem
1977 4813 2126 4872 locis

478 4904 535 4956 et
561 4897 847 4970 aediﬁciis,
877 4903 938 4955 at
965 4913 1105 4954 vero
1136 4903 1346 4956 mutua
1387 4897 1652 4971 quadem
1704 4901 2127 4975 conjunctione

476 4993 533 5046 et
553 4988 862 5046 communi
882 4988 1116 5061 porticu
1141 4989 1202 5044 in
1233 5004 1421 5046 unum
1438 4989 1620 5047 veluti
1641 4991 1962 5050 aediﬁcium
1990 5010 2126 5052 coa—

472 5078 735 5146 lescenti;
767 5076 849 5135 ita
877 5081 962 5149 ut,
993 5076 1270 5150 quamvis
1325 5077 1628 5136 exterioris
1670 5080 1878 5139 formas
1938 5085 2127 5142 varie-

475 5171 590 5224 tate
611 5172 668 5224 et
695 5182 947 5224 numero
977 5165 1497 5239 distinguerentur,
1530 5183 1654 5225 non
1677 5168 1878 5242 plures
1902 5175 2120 5237 tamen,

473 5255 580 5310 sed
617 5271 740 5312 una
757 5255 1051 5313 duntaxat
1081 5255 1300 5312 domus
1323 5256 1439 5312 dici
1461 5261 1683 5325 posset.
1723 5258 1788 5314 In
1818 5258 1909 5315 his
1941 5276 2121 5333 porro

473 5341 902 5417 uadiﬁciis,quae
919 5344 1241 5402 duodecim
1264 5346 1513 5402 omnino
1535 5346 1954 5416 censebantur,
1972 5364 2120 5406 nun-

469 5445 656 5502 quam
681 5447 805 5489 non
835 5430 1084 5491 colocati
1108 5439 1278 5491 erant
1298 5439 1713 5507 praeceptores,
1752 5440 1933 5509 atque
1967 5437 2122 5495 inter

469 5536 574 5576 eos
602 5537 758 5577 unus
771 5522 1010 5594 aliquis,
1032 5524 1135 5595 qui
1165 5523 1313 5580 alios
1335 5540 1546 5581 omnes
1575 5530 1926 5582 cunctarum
1949 5526 2119 5584 disci-

465 5607 767 5682 plinarum
799 5610 1008 5684 peritia
1038 5616 1366 5686 superaret.
1401 5612 1526 5685 Hic,
1557 5618 1620 5673 ut
1643 5613 1809 5672 omni
1850 5615 2114 5677 scientia.

2239 4643 2288 4692 ἓν
2339 4637 2597 4700 δήπουθεν
2654 4642 2994 4718 συναγόμενα,
3049 4651 3118 4711 ὡς
3169 4651 3256 4702 ἕνα
3333 4671 3394 4724 γε
3466 4650 3638 4706 δοκεῖν
3734 4666 3850 4720 τοῖς

2238 4728 2420 4791 ἔξωθέν
2466 4731 2698 4784 ποικίλον
2762 4739 2851 4786 καὶ
2927 4737 3262 4812 πολυόφορον·
3342 4746 3431 4794 καὶ
3513 4739 3844 4800 διδάσκαλοι

2238 4815 2313 4869 ἐπ’
2343 4817 2538 4888 αὐτοῖς,
2566 4822 2665 4873 ὅσα
2694 4817 2762 4880 δὴ
2803 4831 2970 4876 ταῦτα
3010 4822 3332 4882 δυοκαιδεκα
3399 4827 3448 4883 δ’
3503 4839 3584 4897 ῆν,
3634 4831 3706 4895 εἰς
3764 4834 3847 4888 ἀεὶ

2235 4904 2605 4980 καθιδρύοντο,
2642 4916 2731 4963 καὶ
2757 4909 2842 4965 ἐπὶ
2873 4917 3066 4967 τούτων
3114 4919 3140 4970 6
3196 4927 3295 4970 τῶν
3358 4919 3482 4972 ὅλων
3535 4925 3670 4974 κατά
3734 4931 3843 4976 πᾶν

2235 4990 2376 5058 εἶδος
2426 4995 2668 5061 παιδείας
2746 5000 3062 5078 ὑπερφέρων,
3133 5011 3224 5059 καὶ
3291 5015 3405 5069 ταῖς
3484 5009 3842 5084 ἐστιστήμαις

2233 5081 2622 5160 ἐπισημότερος,
2654 5088 2709 5150 ὃς
2743 5095 2831 5142 καὶ
2875 5091 3230 5165 οἰκουμενικός
3283 5092 3605 5161 διδάσκαλος
3650 5103 3839 5160 ἤκουε·

2229 5175 2422 5232 ταύτην
2462 5179 2559 5250 γὰρ
2608 5181 2701 5236 τὴν
2750 5183 2904 5252 τιμὴν
2959 5186 3090 5255 πρὸς
3149 5192 3240 5237 τοῦ
3298 5184 3559 5258 βασιλέως
3606 5188 3842 5262 ἐλάμϐα-

2229 5281 2299 5330 νε,
2341 5269 2430 5317 καὶ
2465 5269 2557 5324 τὴν
2606 5266 2838 5340 ἐφορείαν
2874 5282 3238 5345 μυσταγωγῶν
3292 5276 3420 5348 ὁμοῦ
3476 5282 3566 5330 καὶ
3611 5289 3840 5350 μυστῶν

2229 5350 2590 5429 ἐπετέτραπτο.
2652 5353 2748 5409 Ἢν
2795 5361 2886 5431 μὲν
2925 5357 3013 5411 οὖν
3078 5361 3209 5415 οὕτω
3255 5373 3408 5418 τοῦτο
3465 5363 3837 5442 διενεργουμε-

2226 5458 2309 5494 νον
2339 5443 2550 5514 ἄνωθεν,
2577 5450 2666 5498 καὶ
2701 5448 2728 5498 6
2761 5445 2911 5520 λόγος
2945 5448 3080 5504 ἐνθεν
3143 5453 3282 5524 εἶχεν
3333 5455 3672 5524 αὐξάνεσθαι,
3743 5465 3838 5513 καὶ

2226 5535 2284 5583 τό
2343 5535 2478 5586 κατά
2541 5537 2694 5607 φύσιν
2781 5535 3035 5611 ἀνθρώπῳ
3125 5545 3256 5617 πρὸς
3339 5552 3430 5597 τοῦ
3512 5545 3832 5619 αὖτολόγου,

2224 5624 2350 5694 πρὸς
2405 5631 2498 5685 τῆς
2555 5622 2872 5699 αὐτοσόφίας
2931 5622 3087 5692 αὖςῆς
3138 5639 3228 5693 τῆς
3296 5638 3534 5705 γενίσεως
3604 5634 3836 5708 ἔγκατα-
