3988 6322
65 308 191 362 905
1417 309 1483 364 IN
1526 309 1584 364 S.
1625 307 2100 374 THEODOSIAM.
3339 319 3446 374 906

68 434 298 504 σπαρεν,
372 435 463 482 καὶ
517 430 543 483 ὃ
603 427 820 504 δυνάμει
879 438 1014 484 πᾶσι
1083 440 1265 493 κοινῶς
1327 435 1513 499 ἔνεστι,
1554 437 1643 507 ττρέ

1871 450 1928 488 m
1955 448 2168 503 genere
2200 436 2444 489 caeteros
2471 434 2624 491 inter
2651 434 2830 507 plane
2855 435 3176 510 eminebat,
3210 440 3445 498 univer-

64 523 175 576 τὴν
214 519 332 571 κατ’
388 516 792 578 ἐπιτηδειότητα
841 520 1059 593 ἐπήρετο
1139 526 1366 588 κίνησιν,
1435 527 1523 573 xui
1561 522 1639 574 ποῖ

1872 523 1938 577 lis
1984 538 2226 594 quoque
2273 523 2560 593 magister
2605 525 2894 596 appellari
2948 527 3154 582 solitus
3183 533 3312 585 erat
3341 547 3352 582 :
3380 531 3447 584 ut

65 606 189 668 λοίς
229 608 301 668 εἰς
335 605 604 681 ἐνέργειαν,
657 609 700 660 εἰ
749 614 839 661 καὶ
887 614 958 680 μὴ
1023 616 1155 661 πᾶσι
1200 615 1481 681 προήγετο,
1530 619 1640 669 τῆτ

1876 617 1992 667 tem
2025 612 2136 666 isto
2166 611 2410 667 nomine
2467 613 2710 668 honoris
2741 631 2926 670 causa
2977 622 3308 685 vocaretur,
3366 617 3445 674 ab

67 692 303 748 διοικεῖν
384 693 561 769 εἰδυία
614 697 909 770 φιλοσοφίᾳ,
969 705 1057 750 καὶ
1095 702 1224 771 πρὸς
1261 703 1318 751 τὸ
1364 707 1642 773 κρεῖττοντ

1870 716 1922 756 so
1952 700 2226 756 videlicet
2249 716 2386 770 rege
2417 708 2748 773 acceperat,
2779 707 2838 759 et
2857 708 2980 760 tam
3006 705 3068 760 in
3088 722 3190 761 eos
3211 707 3318 778 qui
3347 723 3445 763 sa-

64 786 198 837 καθ’
238 788 378 857 ἡμᾶς
431 790 725 862 μεταφέρειν
761 793 848 838 καὶ
907 787 1242 860 ὑψηλότερον,
1312 795 1402 841 xui
1438 788 1639 860 βασιλεί

1872 808 1904 844 .s
1936 789 2230 860 initiandi,
2262 806 2450 862 quam
2480 792 2585 863 qui
2613 792 2684 846 iis
2708 791 2920 848 initiati
2945 793 3074 864 jam
3105 800 3293 864 erant,
3345 812 3447 853 au-

62 872 551 946 πεπαιδαγὼγητο,
616 881 706 928 xui
774 876 1010 928 πολιτεία
1080 878 1424 949 κατηρτιστο,
1483 883 1570 930 καὶ
1623 897 1637 930 1

1872 878 2124 934 iritatem
2173 895 2345 935 suam
2385 895 2657 937 exercere
2696 887 2947 952 poterat.
2984 883 3097 938 Res
3129 890 3330 940 autem
3361 885 3447 942 sic

65 959 333 1035 δημώδες
360 985 448 1016 και
469 968 538 1027 ὡς
575 964 760 1019 ἐπίπαν
815 964 1175 1038 ἀστάθμητον,
1228 971 1292 1028 ὡς
1345 967 1451 1020 ἐνὸν
1500 967 1640 1043 έῤῥὺε

1872 973 1960 1023 int
1988 967 2292 1040 dispositae
2313 969 2392 1024 ab
2413 970 2601 1040 initio,
2635 975 2698 1026 ut
2719 971 2821 1026 tibi
2842 973 3238 1030 ratiocinandi
3269 991 3447 1046 auge-

63 1071 237 1123 μιστο
267 1060 360 1106 xui
386 1054 720 1109 συνέσταλτο.

1872 1073 1951 1112 :ur
1976 1056 2248 1125 facultas;
2277 1065 2333 1114 et
2356 1059 2523 1130 quod
2551 1060 2780 1116 homini
2807 1076 2877 1116 ex
2908 1078 3032 1133 quo
3061 1063 3123 1118 in
3146 1064 3447 1121 mundum

65 1142 347 1211 gignitur
375 1159 410 1199 a
447 1148 662 1200 natura
683 1144 1079 1201 communiter
1109 1145 1352 1201 insitum
1380 1149 1488 1211 est,
1521 1149 1584 1201 ut
1633 1144 1932 1200 intellectu
1988 1145 2317 1202 discurrere
2381 1152 2559 1219 atque
2617 1164 2825 1220 sapere
2876 1165 2983 1222 per
3030 1151 3299 1223 seipsum
3346 1168 3449 1209 va-

62 1229 214 1298 leat,
278 1231 356 1287 ad
411 1248 767 1302 congruum,
825 1240 1003 1305 prout
1056 1250 1210 1306 opus
1269 1235 1433 1293 foret.
1510 1239 1737 1291 motum
1795 1235 2194 1302 excitaretur;
2228 1235 2567 1308 multisque,
2611 1237 2811 1293 sinon
2841 1239 3147 1312 omnibus,
3182 1241 3446 1298 daretur.

65 1320 482 1378 commoditas
515 1327 671 1378 recte
697 1322 1162 1396 philosophandi
1195 1343 1206 1390 ;
1238 1322 1391 1379 adeo
1415 1329 1476 1378 ut
1516 1329 1572 1379 et
1602 1323 1920 1396 imperium
1951 1324 2082 1379 istic
2105 1325 2455 1391 erudiretur,
2489 1331 2544 1381 et
2573 1326 2760 1382 civilis
2793 1331 2983 1384 status
3050 1330 3446 1394 ordinaretur,

61 1407 333 1480 ipsaque
370 1410 549 1466 etiam
576 1409 768 1482 plebs,
811 1410 1089 1482 quamvis
1135 1410 1579 1468 inconsiderata
1616 1416 1672 1467 et
1699 1417 2032 1486 vaga,‘qua
2075 1413 2203 1469 ﬁeri
2256 1419 2451 1486 potest
2497 1415 2916 1473 ordinanretur
2954 1423 3449 1492 componeretur-

67 1512 213 1568 que.

146 1585 236 1640 ια’.
273 1585 369 1639 Ἦν
393 1590 484 1659 μεν
516 1585 604 1639 οὖν
635 1586 690 1640 ἐκ
717 1596 922 1662 μακροῦ
961 1589 1103 1641 τοῦθ’
1144 1589 1301 1650 οὕτως
1358 1592 1479 1662 ἔχον
1506 1611 1518 1622 ·
1569 1590 1683 1642 κατ’
1717 1596 1721 1647 ξ

1874 1593 2115 1648 11.11ac
2173 1593 2370 1663 igitur,
2431 1609 2618 1669 quam
2673 1594 2814 1664 dixi,
2876 1595 3105 1652 ratione
3162 1612 3259 1653 res
3319 1613 3449 1654 sese

69 1673 238 1727 ἐκεῖνο
279 1672 337 1728 δὲ
373 1696 432 1747 γε
483 1684 668 1750 καιροῦ
722 1673 904 1752 ἄνδρες
945 1676 1238 1751 ἀριπρεπεῖς
1290 1684 1378 1731 καὶ
1425 1675 1644 1751 διάσημε

1873 1681 2466 1754 bebantantiquitus.
2512 1682 2728 1738 Iisdem
2756 1699 2896 1739 vero
2937 1685 3310 1757 temporibus
3342 1685 3448 1743 viri

65 1767 187 1826 τοὺς
223 1768 373 1837 παρὰ
400 1769 492 1826 τὰς
526 1763 759 1827 σπουδὰς
788 1768 999 1839 θρόνους
1029 1768 1112 1819 ἐπὶ
1154 1773 1338 1841 κόσμῳ
1385 1778 1524 1840 σφῶν
1566 1769 1640 1821 ἓλο

1877 1771 2056 1839 signes
2080 1787 2326 1843 prorsus
2347 1777 2526 1844 atque
2547 1773 2818 1845 praeclari
2841 1789 2942 1830 eas
2964 1791 3099 1846 quae
3129 1791 3236 1848 per
3255 1775 3452 1833 studia

60 1872 188 1924 χον,
221 1859 316 1907 καὶ
339 1855 528 1928 μᾶλλον
560 1858 585 1908 ὁ
616 1865 714 1908 τῶν
736 1855 898 1908 ἄλλων
930 1860 1223 1931 πρωτεύων,
1265 1863 1354 1911 καὶ
1403 1863 1496 1916 τὴν
1527 1879 1635 1932 τιμπ

1880 1859 2038 1914 noris
2083 1875 2270 1915 causa
2313 1860 2657 1916 obtinentur
2686 1861 2858 1917 sedes
2890 1863 2952 1918 in
2991 1865 3329 1920 maximum
3361 1863 3455 1920 sui.

62 1944 289 2004 ὕπατος.
325 1943 400 1996 Ou’
429 1947 530 2018 γὰρ
561 1941 628 2002 δὴ
677 1948 742 1998 τὰ
785 1945 932 2008 ἐκτός
977 1947 1121 1999 οὗτοι
1173 1952 1262 1999 καὶ
1318 1949 1536 2022 θύραθεν
1589 1969 1637 2020 με

1875 1947 2171 2020 cipiebant
2217 1955 2660 2016 ornamentum,
2720 1951 3103 2022 potissimum
3158 1958 3361 2009 autem
3398 1953 3450 2008 is

61 2052 168 2102 νον,
195 2031 329 2085 ἀλλὰ
376 2038 465 2085 καὶ
512 2037 577 2086 τὰ
616 2031 761 2086 ἔνδον
811 2040 902 2087 καὶ
962 2037 1074 2087 θεῖα
1122 2035 1415 2108 φιλοσοφεῖν
1480 2036 1636 2095 ἤθελοπ

1873 2037 1898 2092 .i
1943 2036 2186 2108 reliquis
2243 2038 2527 2093 omnibus
2560 2044 2617 2094 et
2662 2042 2787 2094 erat
2816 2043 2872 2095 et
2915 2040 3258 2096 habebatur
3293 2056 3448 2112 prea-

65 2121 276 2195 Ἀμέλει
304 2142 386 2175 τοι
423 2127 513 2176 καὶ
559 2126 669 2176 θεῖα
720 2127 953 2183 ἤσκηντο
994 2121 1260 2197 δόγματα,
1316 2130 1406 2177 καὶ
1451 2123 1640 2201 παραδι

1874 2127 2065 2193 tntior,
2113 2126 2335 2200 quique
2367 2127 2666 2183 consulari
2705 2128 3100 2199 praefulgebat
3137 2130 3449 2200 dignitate.

64 2231 171 2273 σεις
221 2211 661 2275 ἐκκλησιαστικὰς
725 2212 1083 2286 ὴκριϐώκεσαν
1141 2236 1154 2248 ·
1206 2217 1410 2287 εἴχοντο
1458 2234 1512 2266 τε
1559 2218 1639 2266 τοί

1885 2230 1923 2269 n
1969 2215 2128 2270 enim
2160 2219 2466 2271 externam
2497 2215 2696 2270 solum
2725 2219 2780 2271 et
2812 2215 3161 2272 saecularem
3192 2216 3453 2289 philoso-

64 2321 164 2353 των
193 2306 291 2354 καὶ
332 2308 681 2376 περιείχοντο,
745 2301 874 2355 κάπὶ
927 2306 1140 2364 ταύταις
1177 2306 1372 2364 πάντας
1414 2315 1639 2377 συντηρε

1882 2303 2000 2359 iam
2044 2303 2148 2374 illi,
2200 2303 2306 2358 sed
2349 2303 2692 2359 interiorem
2742 2321 2984 2375 quoque
3013 2305 3317 2375 religionis
3348 2321 3451 2363 no-

64 2394 219 2466 ἔργον
241 2397 540 2463 πεποίηντο,
576 2395 688 2446 ὅθεν
713 2397 800 2446 καὶ
824 2390 917 2445 διὰ
941 2402 1096 2466 τιμῆς
1133 2396 1332 2463 πάσης,
1362 2390 1456 2446 διὰ
1494 2393 1639 2446 πολλε

1881 2407 1931 2446 ae
1952 2392 2308 2459 tractabant,
2334 2407 2515 2464 seque
2537 2407 2675 2448 cum
2693 2393 2812 2448 otio
2830 2392 3047 2448 divinis
3065 2393 3453 2465 dogmatibus

66 2501 122 2534 τε
155 2480 494 2554 σεϐάσματος
523 2481 668 2554 εἶχον
690 2487 822 2555 σφᾶς
855 2482 1092 2544 ἅπαντες.
1124 2483 1202 2536 Οὔ
1234 2479 1268 2535 δ
1273 2488 1300 2541 ὴ
1330 2481 1587 2556 βασιλεὺς
1619 2502 1639 2535 ε

1878 2481 2170 2550 arcebant,
2221 2484 2276 2537 et
2331 2492 2557 2552 magna
2577 2497 2716 2537 cum
2747 2481 3054 2552 diligentia
3107 2483 3453 2540 traditiones

67 2591 192 2624 νεκα
221 2575 442 2634 τούτους
468 2577 568 2646 πρὸ
592 2574 794 2624 πάντων
829 2571 991 2624 ἄλλων
1031 2573 1314 2647 ὁμόφρονας
1355 2592 1407 2624 τε
1436 2577 1525 2626 xui
1556 2573 1642 2645 όμε

1876 2570 2219 2626 tutabantur
2249 2569 2700 2654 ecclesiasticas.
2755 2571 2853 2626 His
2895 2571 3011 2644 ipsi
3037 2570 3451 2642 intendebant,

67 2667 345 2735 γνώμονας
375 2669 525 2733 σχεῖν
548 2660 878 2737 ἓπειράσατο,
901 2659 1106 2734 ἐνόμισε
1134 2663 1233 2736 γὰρ
1267 2663 1356 2726 ὡς,
1389 2664 1527 2738 εἴπερ
1561 2663 1642 2735 όμε

1879 2676 2011 2715 rum
2063 2658 2264 2715 studio
2291 2661 2396 2716 toti
2426 2660 2902 2732 occupabantur,
2930 2661 3218 2734 nullaque
3242 2677 3454 2719 earum

71 2747 260 2813 δόξους
283 2750 471 2811 αὐτοὺς
497 2756 754 2809 κτήσαιτο
783 2755 874 2803 καὶ
901 2751 998 2813 ἔξει
1018 2747 1216 2822 σχεδὸν
1239 2753 1430 2812 πάντας
1461 2753 1646 2826 ὁμόφρε

1898 2748 2292 2821 negligeretur
2340 2749 2464 2805 suis
2504 2750 2661 2805 curis
2715 2765 2945 2824 suaque
2985 2751 3291 2822 vigilantia
3327 2750 3453 2807 efﬂ-

69 2860 181 2902 νας.
222 2839 366 2893 Ἀλλ’
406 2839 500 2892 ούκ
530 2843 755 2912 ἴσχυσεν
789 2836 976 2892 ούδένα
1023 2848 1162 2912 σφῶν
1219 2849 1571 2912 μεταστῆσαι,
1626 2863 1644 2893 ο

1877 2838 2034 2893 ebant
2059 2854 2073 2904 ;
2097 2837 2257 2892 unde
2279 2842 2332 2893 et
2353 2836 2502 2893 illud
2522 2838 3020 2910 consequebatur,
3038 2839 3452 2896 utsecundum

67 2937 300 3003 πρῶτον,
333 2928 428 2980 οὐκ
455 2931 703 3000 ἔσχατον,
738 2929 796 2981 ού
829 2933 986 3001 μέσον
1021 2950 1032 2961 ·
1062 2935 1193 2980 πᾶσι
1226 2932 1314 3001 μὲν
1344 2931 1442 3004 γὰρ
1477 2929 1560 2982 ἐπὶ
1588 2938 1642 3000 rc}

1878 2943 2008 2982 mes
2040 2927 2368 2982 honestatis
2404 2943 2473 2982 ac
2521 2927 2826 2996 religionis
2855 2928 3017 2998 leges
3058 2929 3244 2985 vitam
3273 2929 3453 2985 duce-

69 3013 127 3070 δε
155 3021 376 3090 τρόποις
406 3020 697 3093 ἐχρήσατο,
731 3013 882 3070 οὐδὲν
905 3013 956 3069 δ’
988 3018 1014 3069 ὅ
1037 3036 1086 3069 τι
1119 3022 1206 3069 καὶ
1249 3017 1426 3076 ἤνυσε.
1483 3020 1560 3069 Τὰ
1597 3039 1644 3090 με

1879 3022 1945 3072 1t.
1964 3016 2132 3072 Tales
2155 3032 2292 3071 cum
2316 3020 2531 3082 essent,
2556 3017 2701 3072 nihil
2721 3017 2886 3088 prius
2903 3017 3454 3089 habuitimperator

66 3109 167 3181 γὰρ
193 3115 378 3180 πρῶτα
401 3109 534 3180 μετὰ
556 3107 750 3168 πολλῆς
792 3108 874 3159 ὅτι
932 3110 1228 3182 πραότητος
1288 3108 1353 3157 τὰ
1409 3114 1504 3166 τῆς
1559 3127 1641 3177 γνο

1887 3122 1986 3162 am
2029 3110 2094 3162 ut
2124 3121 2226 3161 eos
2253 3106 2312 3160 in
2344 3121 2519 3161 suam
2551 3106 2905 3161 sententiam
2933 3106 3301 3178 pertraheret
3328 3125 3341 3176 ;
3370 3106 3454 3164 ita

65 3215 165 3268 μης
197 3195 492 3267 ἐξήγγελλε,
519 3200 609 3248 καὶ
641 3200 689 3248 ot
719 3198 1020 3270 σύμφρονας
1076 3202 1226 3267 σχεῖν
1277 3193 1451 3252 ἤθελεν
1487 3217 1498 3227 ·
1542 3198 1606 3256 ὡς
1636 3220 1640 3241 ε

1875 3196 1913 3250 )ἱ
1944 3194 2165 3250 scilicet
2193 3193 2318 3250 fore
2339 3193 2733 3266 persuadens,
2757 3197 2821 3250 ut
2862 3193 2912 3249 si
2951 3194 3113 3250 viros
3163 3194 3296 3250 illos
3339 3194 3450 3252 im-

67 3283 382 3356 ἐλέγχοντας
437 3281 569 3338 εἶδεν
618 3285 778 3338 αύτοῦ
817 3290 911 3344 τὴν
959 3284 1224 3354 ἀπόνοιαν,
1277 3288 1366 3336 καὶ
1419 3280 1547 3356 μηδ’
1605 3285 1642 3336 ἆε

1877 3283 2001 3339 atati
2027 3299 2151 3338 suae
2179 3282 2426 3340 haberet
2449 3283 2906 3353 consentientes,
2933 3282 3186 3340 aliorum
3207 3299 3452 3357 quoque

69 3377 204 3426 εἴτι
258 3379 351 3426 καὶ
407 3377 624 3446 γένοιτο,
672 3379 767 3434 τὴν
796 3383 896 3426 τῶν
952 3373 1110 3446 ἁγίων
1153 3373 1359 3425 εἰκόνων
1404 3369 1638 3457 διισχυρ

1876 3373 2036 3428 imos
2065 3371 2222 3427 facili
2247 3372 2486 3442 negotio
2526 3375 2915 3444 expugnaret.
2956 3376 3028 3428 At
3053 3388 3192 3430 vero
3241 3388 3451 3430 eorum

69 3464 318 3536 ζομένους
374 3462 628 3523 ἀθετῆσαι
695 3465 1078 3536 προσκύνησιν,
1133 3465 1265 3536 πρὸς
1326 3460 1534 3523 ἀπειλὰς
1593 3483 1644 3515 xc

1877 3461 2051 3527 .llum,
2075 3476 2199 3517 non
2229 3461 2515 3533 primum,
2546 3477 2670 3517 non
2698 3460 2998 3532 inﬁmum,
3029 3477 3152 3518 non
3181 3462 3452 3519 medium

67 3552 238 3626 ὕϐρεις
282 3551 576 3627 ἐχώρησεν.

1880 3567 2030 3607 sana
2079 3549 2348 3607 doctrina
2376 3555 2657 3622 rectoque
2694 3551 2935 3607 vivendi
2965 3551 3232 3608 instituto
3268 3551 3455 3609 dedu-

68 3657 200 3698 cere
228 3641 420 3698 valuit
451 3645 546 3710 ;et
577 3641 858 3714 quamvis
909 3641 1126 3698 modos
1182 3656 1393 3698 omnes
1439 3641 1688 3714 viasque
1743 3644 2050 3706 tentasset,
2105 3639 2253 3695 nihil
2298 3643 2498 3696 tamen
2553 3640 2802 3696 omnino
2864 3639 3074 3697 effecit.
3150 3641 3452 3714 Principio

67 3733 301 3806 quippe
331 3747 470 3788 cum
495 3731 663 3788 omni
691 3731 1155 3788 mansuetudine
1187 3736 1243 3787 et
1271 3730 1572 3788 modestia
1598 3747 1771 3788 suam
1809 3728 1920 3785 illis
1948 3733 2211 3784 mentem
2236 3728 2566 3785 renuntiari
2592 3728 2745 3795 fecit,
2778 3730 2944 3801 quod
2973 3728 3106 3786 illos
3151 3729 3452 3803 opinionis

69 3837 189 3878 sua:
222 3821 425 3879 socios
453 3837 523 3878 ac
560 3819 989 3891 suffragatores
1014 3819 1238 3876 habere
1272 3818 1600 3891 plurimum
1631 3819 2012 3877 desideraret.
2037 3820 2253 3874 Verum
2294 3822 2356 3873 ut
2382 3817 2460 3873 ab
2515 3818 2599 3873 eis
2655 3834 2828 3874 suam
2857 3819 3183 3874 amentiam
3242 3818 3454 3875 acriter

65 3911 333 3969 incusari
373 3909 694 3984 perspexit,
724 3925 940 3983 neque,
995 3924 1360 3982 quacunque
1407 3909 1655 3966 demum
1715 3909 1956 3966 fortuna
2013 3906 2351 3980 periculove
2399 3907 2726 3979 proposito,
2785 3905 3004 3962 adduci
3063 3907 3228 3962 viros
3271 3921 3453 3979 posse

66 4004 132 4058 ut
166 4004 520 4059 sanctarum
549 3999 779 4056 cultum
801 3999 1117 4070 inaginum
1147 4014 1216 4055 ac
1246 3999 1694 4057 venerationem
1730 3996 2120 4070 rejiciendam
2187 3995 2470 4062 dicerent,
2532 3995 2613 4050 ad
2676 3995 2875 4051 minas
2929 3999 2987 4052 et
3051 3995 3449 4054 contumelias

68 4104 402 4147 conversus
439 4093 548 4146 est.

136 4195 235 4270 ιβ’.
268 4196 353 4258 Ὡς
402 4192 452 4249 δ’
480 4192 605 4249 οὐδὲ
633 4195 769 4248 οὕτω
817 4197 1102 4268 μετέπειθε,
1150 4196 1359 4248 πάττων
1414 4193 1673 4268 ἀπογνούς

1874 4199 1947 4250 l2.
1985 4195 2253 4264 Cumque
2268 4191 2383 4248 hoc
2419 4190 2598 4247 etiam
2625 4190 2808 4247 modo
2837 4190 3001 4263 apud
3052 4191 3214 4248 viros
3269 4191 3449 4250 fortes

72 4285 252 4356 όᾶλων,
299 4285 412 4348 ὅλος
465 4294 560 4348 τῆς
614 4286 864 4347 ἀπηνείας
915 4285 1099 4337 ἑαυτοῦ
1128 4289 1326 4356 γίνεται
1360 4305 1372 4317 ·
1427 4286 1536 4338 ὅθεν
1585 4305 1647 4338 κα

1876 4283 1935 4338 ιὶι
1989 4281 2324 4354 proﬁceret,
2370 4284 2425 4335 et
2474 4279 2636 4336 aliud
2694 4279 2841 4335 nihil
2893 4297 3015 4352 quo
3059 4296 3162 4336 eos
3215 4285 3451 4352 cogeret

71 4381 251 4448 χώραν
277 4371 406 4436 δοὺς
435 4375 612 4437 αὐτοῖς
652 4373 902 4445 σκέψεως,
943 4379 1133 4446 πέμπει
1164 4377 1282 4436 τοὺς
1315 4374 1484 4434 αὐτοῖς
1529 4375 1644 4432 οἰκὴ

1878 4387 2103 4428 ‘ieresse
2149 4369 2648 4426 animadverteret
2678 4387 2690 4423 :
2723 4386 2844 4425 suae
2877 4386 2938 4426 se
2973 4370 3264 4426 ferocitati
3296 4371 3453 4428 abri-

71 4483 204 4534 μασι
250 4467 640 4526 καταύσαντας.
720 4465 820 4516 Κὰὶ
878 4461 925 4515 οἳ
980 4467 1075 4521 τὴν
1159 4464 1294 4538 ὤραν
1354 4469 1646 4538 τηρήσαντε

1877 4461 2078 4516 ιῃᾱιιω
2101 4464 2289 4515 totum
2315 4458 2553 4514 tradidit
2582 4477 2594 4527 ;
2621 4474 3032 4531 concessoque
3058 4459 3203 4532 ipsis
3234 4460 3452 4518 delibe‘

71 4555 151 4606 ὅτε
178 4561 272 4608 καὶ
313 4557 362 4606 οἱ
389 4557 519 4627 πρὸς
558 4557 645 4606 τόν
682 4555 851 4605 κοινὸν
909 4550 1147 4604 ἁπάντων
1215 4548 1480 4610 δυνάστην
1539 4551 1646 4604 ἀντι

1876 4549 1963 4605 1dr
1990 4549 2204 4621 spatio,
2237 4547 2514 4603 submisit
2537 4549 2641 4620 qui
2666 4547 2898 4604 aedibus
2929 4565 3139 4605 eorum
3169 4548 3451 4606 ﬂammas

73 4640 332 4705 ϐαίνοντες
387 4643 560 4711 ὕπνον,
625 4643 883 4700 ἡττῶνται
932 4643 1119 4694 τούτου
1154 4645 1245 4691 καὶ
1299 4640 1648 4693 ἀνακλίνονται

1876 4640 2113 4696 icerent.
2166 4638 2232 4693 Hi
2280 4642 2685 4711 opportunum
2741 4639 3005 4695 maxime
3059 4639 3450 4697 observantes

73 4731 220 4793 ἄλλος
271 4731 481 4785 ἄλλοθεν
532 4731 902 4807 περιελθόντες,
933 4738 1037 4803 πῦρ
1079 4731 1464 4800 ὑπανάπτουσι,
1507 4735 1594 4782 καὶ
1619 4749 1647 4782 τ

1876 4744 2044 4800 npus,
2061 4745 2197 4783 cum
2213 4726 2640 4799 sapientissimi
2663 4728 2940 4784 homines
2964 4729 3069 4801 qui
3091 4729 3172 4783 ad
3192 4730 3451 4784 multum

73 4829 163 4882 τῆς
192 4826 376 4893 σοφίας
405 4823 471 4882 ὡς
494 4819 697 4880 ἀληθῶς
735 4815 1054 4890 ἐνδιαίτημα
1082 4826 1143 4890 τῇ
1209 4817 1360 4889 φλογὶ
1412 4822 1648 4889 πανταχό

1876 4818 1980 4872 ctis
1997 4816 2286 4872 adversus
2303 4815 2582 4872 omnium
2605 4816 2965 4873 domitorem
2989 4832 3270 4872 somnum
3290 4817 3450 4872 forti-

76 4911 151 4961 θεν
189 4908 662 4984 περιλαμϐάνουσι,
693 4913 783 4960 καὶ
811 4914 987 4960 πᾶσαν
1017 4914 1123 4968 τοῖς
1180 4903 1331 4958 ἔνδον
1383 4905 1651 4959 ἁποκλείου

1904 4921 2170 4978 pugnare
2211 4904 2363 4960 soliti
2393 4909 2584 4967 erant,
2618 4905 2813 4960 eidem
2835 4905 3017 4960 etiam
3058 4903 3453 4960 succumbere

75 5017 153 5050 σιν
187 4994 389 5062 ἔξοδον.
423 4999 504 5051 Ἐν
536 4996 623 5050 οὖν
652 4999 786 5051 πάνυ
825 4996 1024 5073 βραχεῖ
1060 5016 1133 5067 τῳ
1191 4998 1456 5068 παμφάγῳ
1501 4998 1650 5049 πάντε

1875 5000 1992 5052 sent
2017 4995 2227 5064 coacti,
2250 5000 2306 5050 et
2330 4994 2597 5050 cubitum
2624 4995 2912 5065 tantisper
2935 5008 2996 5048 se
3024 4991 3413 5049 contulissent
3436 5010 3450 5061 ;

71 5093 197 5163 πυρὶ
224 5089 411 5150 αὐταῖς
442 5086 665 5161 βίϐλοις,
699 5086 880 5148 αὐταῖς
911 5087 1107 5148 οἰκίαις
1140 5107 1152 5118 ·
1184 5085 1588 5139 κατανάλωνται.
1616 5083 1646 5136 ’Δ

1880 5085 1892 5140 i
1917 5084 2064 5142 alias
2091 5085 2313 5140 mdium
2342 5088 2543 5156 partes
2574 5084 3016 5139 circumeuntes
3047 5081 3253 5152 ignem
3284 5097 3455 5154 spar-

70 5178 286 5244 πάθους,
326 5179 366 5228 ὦ
394 5178 586 5250 ζημίας
611 5176 623 5230 !
659 5177 720 5235 ἣν
750 5179 1014 5234 ὑποσταίη
1043 5178 1132 5248 μεν
1158 5177 1216 5226 τὸ
1265 5171 1453 5227 δοκοῦν
1482 5176 1511 5232 ἡ
1547 5181 1645 5227 Κωι

1879 5190 1953 5243 re,
1998 5173 2502 5245 verissimumque
2529 5172 2836 5244 sapientiee
2876 5169 3067 5242 ipsius
3124 5169 3454 5242 hospitium

77 5270 368 5334 σταντίνου,
414 5273 524 5326 ταῖς
575 5262 626 5318 δ’
682 5263 950 5324 ἀληθείαις
1017 5269 1161 5336 γένος
1210 5263 1344 5315 ἅπαν
1399 5263 1652 5336 Ῥωμαίων

1882 5263 2057 5319 mmis
2090 5262 2352 5335 undique
2389 5261 2691 5317 involvere
2733 5263 3060 5331 coeperunt;
3087 5275 3336 5316 omnem
3359 5260 3453 5317 in-

78 5359 165 5406 xui
244 5357 294 5408 oi
375 5359 469 5414 τὴν
556 5359 738 5427 σοφίαν
794 5355 1068 5416 ζητοῦντες
1136 5352 1373 5406 ἀνέκαθεν
1427 5350 1653 5414 Ἕλληνες

1881 5371 1892 5407 ς
1922 5351 2307 5409 manentibus
2339 5351 2564 5407 exitum
2593 5348 3050 5420 praecludentes.
3083 5349 3311 5406 Modico
3340 5349 3456 5422 igi-

85 5443 253 5516 ὥσπερ
312 5447 404 5496 καὶ
450 5445 476 5496 ό
525 5446 656 5506 θεῖος
729 5442 931 5503 Παῦλος
979 5439 1386 5518 δίεμαρτύρατο.
1430 5441 1504 5494 Ou’
1585 5444 1660 5513 7a

1886 5458 1894 5473 ·
1941 5441 2136 5512 spatio
2181 5439 2463 5511 temporis
2507 5453 2719 5494 omnes
2769 5437 3200 5494 devorantibus
3243 5444 3461 5496 cuncta

89 5530 240 5604 ὃτιγε
284 5536 532 5587 τοιούτων
585 5529 788 5607 ἀνδρῶν
847 5532 1139 5608 ἐστέρηται,
1182 5531 1312 5585 ἀλλὰ
1365 5537 1454 5584 καὶ
1521 5539 1661 5604 σοφῶ

1885 5530 2065 5585 mmis
2079 5529 2467 5600 haustiatque
2488 5526 2794 5598 absumpti
2814 5531 2975 5596 sunt,
2989 5543 3114 5584 una
3131 5544 3270 5585 cum
3290 5527 3458 5584 libris

91 5616 290 5696 ἀνδρῶν
335 5625 760 5698 συγγραμμάτων
814 5623 1070 5676 πλείστων
1131 5641 1187 5675 τε
1247 5626 1337 5674 καὶ
1399 5620 1662 5674 καλλίστω

1882 5636 1982 5692 {ue
2037 5618 2183 5692 ipsis
2222 5616 2478 5674 sedibus.
2541 5617 2584 5673 Ο
2631 5614 2889 5686 cladem,
2938 5633 2974 5674 ο
3022 5616 3457 5676 aﬁlictioneml

304 5712 555 5772 ernor.
590 5715 691 5771 GR.
714 5713 863 5774 CXL.
3107 5709 3179 5765 29
