3988 6322
558 251 661 305 907
1754 251 2215 308 CONSTANTINI
2254 252 2732 310 ACROPOLlT/E.
3837 258 3924 314 908

557 389 746 446 quam
758 371 1113 429 sustinuisse
1124 371 1357 428 videtur
1368 372 1513 428 urbs
1529 374 2159 446 Constantinopolitan:

2332 381 2801 450 συναπεστέρηται.
2845 375 3003 429 Ἀλλὰ
3061 379 3225 449 τούτῳ
3265 381 3377 449 μὲν,
3429 382 3499 440 ὡς
3541 381 3726 451 ἔφθην,
3789 380 3923 432 εἰπε-νο

554 478 767 520 revera
815 467 1016 519 autem
1061 462 1223 518 natio
1266 465 1536 518 Romana
1589 462 1870 518 sustinuit
1908 464 2159 519 univers;

2328 467 2376 517 ἓν
2403 487 2454 518 τι
2485 476 2583 517 τῶν
2609 475 2700 518 τοῦ
2729 466 2988 538 ιΒασιλέως
3033 467 3150 518 καθ’
3199 469 3345 539 ἡμῶν
3393 471 3575 543 ἔργων,
3630 470 3677 520 ἓν
3738 488 3793 519 τι
3842 479 3925 520 fin

554 553 790 626 ipsique
839 551 1014 608 etiam
1049 551 1315 623 gentiles,
1349 554 1669 624 quotquot.
1707 556 1853 608 teste
1884 553 2088 619 Paulo,
2123 571 2159 608 ες

2328 560 2443 606 τότε
2499 552 2700 623 δεινῶν,
2747 561 2836 606 καὶ
2887 563 2978 616 τῆς
3051 555 3338 628 μελλούσης
3396 560 3463 618 ὡς
3534 557 3695 609 εἰπεῖν
3756 563 3924 619 κακίας

555 642 844 716 pientiam
890 640 968 696 ab
1004 640 1171 696 initio
1201 641 1622 713 quaesiverunt.
1656 645 1783 698 Non
1814 643 1975 697 enim
2005 642 2159 698 taliui

2327 649 2638 717 προοίμιον·
2673 648 2738 696 τὰ
2772 644 2926 697 λοιπά
2968 642 3017 697 δ’
3077 646 3120 696 εί
3183 643 3429 717 βούλοιτό
3476 666 3557 707 τις
3612 648 3826 718 μαθεῖν,

555 730 822 786 virorum
865 728 1162 784 duntaxat
1209 728 1366 784 facta
1396 733 1484 784 est
1505 729 1762 802 jactura,
1795 746 2000 786 verum
2032 733 2159 788 etiai

2325 737 2442 807 περὶ
2469 733 2637 784 αὐτῶν
2666 735 2875 805 ἱστορίᾳ
2894 738 3238 805 περιτυχέτω.

553 818 817 892 plurium
839 833 910 875 ac
940 817 1478 890 pulcherrimorum
1511 819 1824 888 librorum,
1857 836 2011 892 quos
2043 821 2470 893 sapientissimi
2507 822 2783 878 homines
2822 823 3307 894 conscripserunt
3335 825 3435 894 (2).
3466 823 3580 880 Sed
3614 825 3738 879 huc
3771 825 3928 879 devc-

553 908 638 978 ni,
669 907 866 963 dicere
886 907 1096 964 volens
1127 922 1317 964 unum
1357 909 1544 964 nostri
1602 911 1982 980 Imperatoris
2035 909 2290 977 facinus,
2326 927 2397 967 ac
2424 911 2606 968 veluti
2668 912 3032 984 prooemium
3082 912 3210 982 ejus
3262 928 3401 984 quae
3453 918 3742 969 secutura
3789 920 3927 969 esset

555 997 913 1056 calamitatis
938 1013 953 1064 ;
974 1000 1188 1054 caetera
1211 996 1260 1053 si
1275 997 1411 1070 quis
1431 1012 1796 1068 cognoscere
1815 1001 2034 1070 cupiat,
2063 1000 2263 1070 ipsam
2283 1016 2421 1072 quae
2445 999 2520 1058 de
2543 1000 2655 1056 illis
2685 1001 3025 1073 conscripta
3046 1005 3155 1064 est,
3175 1000 3487 1058 historiam
3537 1001 3822 1058 consulat
3838 1003 3925 1086 (3).

2091 1163 2272 1218 CAUT
2300 1161 2388 1218 IIl.

561 1290 564 1292 '
650 1276 1300 1349 Spatharium,Christi
1317 1277 1638 1350 imaginem
1669 1278 2409 1350 dejecturummraecipitat
2436 1277 2785 1345 Theodosia,
2816 1283 2872 1334 et
2890 1277 3034 1345 ﬁdei
3052 1293 3175 1333 sum
3203 1277 3494 1334 rationem
3518 1282 3796 1348 tyranno

554 1370 562 1378 '
2121 1367 2342 1425 reddit.

618 1481 702 1541 13L
731 1485 880 1540 Cum
906 1483 1086 1553 igitur
1117 1486 1240 1538 tam
1266 1483 1476 1553 gravia
1532 1485 1779 1556 tamque
1808 1483 2207 1540 intolerabilia

544 1572 1737 1646 suppliciainferrentursacrasimagines
1761 1573 2204 1653 venerantibus,

539 1661 655 1718 illae
682 1667 883 1718 autem
911 1660 1312 1730 abolerentur,
1345 1667 1401 1718 et
1429 1662 1718 1727 funditus,
1748 1668 1812 1718 ut
1837 1664 1920 1718 sic
1969 1663 2205 1735 loquar,

539 1751 1031 1824 exstirparentur,
1065 1751 1512 1823 spathariorum
1543 1751 1760 1824 aliquis
1787 1754 1965 1808 etiam
1999 1757 2208 1809 contra

541 1839 865 1898 Salvatoris
898 1839 1106 1895 Christi
1138 1839 1409 1896 divinam
1448 1839 1726 1913 efﬁgiem,
1763 1846 2018 1896 stantem
2050 1841 2108 1896 in
2137 1857 2209 1897 ea

537 1933 715 2002 porta
739 1945 874 2002 quas
903 1929 1093 1985 IEnea
1118 1928 1351 1994 dicitur,
1382 1946 1559 1985 suum
1587 1934 1675 1985 est
1699 1946 2018 2000 aggressus
2046 1929 2205 1985 furo-

2387 1482 2471 1554 ιγ’.
2505 1483 2646 1536 Ἀλλ’
2674 1479 2760 1536 οὖν
2787 1483 2920 1536 οὕτω
2952 1479 3132 1536 δεινῶν
3173 1483 3337 1545 οὕτως
3376 1482 3712 1536 ἀνυποίστων
3745 1483 3924 1554 thr-270-

2313 1576 2473 1645 μένων
2520 1575 2654 1624 κατά
2727 1582 2825 1625 τῶν
2873 1576 2968 1636 τὰς
3036 1575 3170 1647 ἱερὰς
3234 1573 3427 1634 εἰκόνας
3493 1576 3923 1646 προσκυνούντων

2314 1670 2595 1736 τιμωριῶν,
2629 1661 3031 1736 ἀμαυρουμένων
3085 1659 3144 1714 δὲ
3173 1671 3271 1714 τῶν
3332 1664 3475 1714 θείων
3515 1661 3926 1735 ἐκτυπωμάτων,

2315 1756 2402 1803 καὶ
2474 1755 2542 1814 ὡς
2604 1753 2759 1804 εἰπεῖν
2817 1754 3286 1826 κατερειπωθέντων
3354 1753 3558 1804 πάντων
3616 1751 3924 1823 ἁπανταχέ,

2315 1850 2412 1892 τῶν
2462 1861 2539 1903 τις
2595 1844 2920 1916 σπαθαρίων,
2961 1847 3050 1893 καὶ
3102 1845 3238 1893 κατά
3278 1849 3371 1903 τῆς
3417 1842 3557 1902 θείας
3611 1840 3816 1903 εἰκόνος
3846 1847 3928 1893 τοῦ

2316 1938 2554 2004 Σωτῆρος
2585 1939 2836 2004 Χριστοῦ,
2893 1939 2980 1991 τῆς
3031 1933 3311 2003 ἱσταμένης
3356 1929 3440 1982 ἐπὶ
3495 1939 3592 1991 τῆς
3641 1931 3786 1983 οὕτω
3841 1951 3926 1981 κα-

3594 2019 3623 2034 ν

535 2035 665 2076 rem
691 2034 986 2087 exercere,
1017 2035 1277 2092 eamque
1306 2019 1367 2075 in
1411 2023 1631 2076 terram
1663 2025 2056 2091 prosternere.
2089 2023 2159 2076 Hc

2313 2019 2564 2092 λουμένης
2585 2019 2814 2089 Χαλκῆς,
2857 2022 3096 2093 ὥρμησεν
3144 2019 3396 2086 ἀπελθεῖν,
3454 2017 3530 2091 ἐφ’
3689 2039 3755 2092 γε
3814 2022 3930 2072 ταῦ-

535 2113 738 2168 autem
785 2113 849 2166 ut
887 2108 1078 2166 beatae
1110 2108 1460 2164 Theodosia
1490 2114 1579 2164 est
1607 2109 2036 2175 renuntiatum,
2081 2109 2204 2165 Phi-

534 2215 679 2258 nees
707 2213 851 2256 mox
879 2197 1043 2255 illam
1065 2197 1222 2254 zelus
1249 2202 1305 2254 et
1329 2198 1467 2252 Elim
1493 2198 1732 2254 invasit.
1761 2198 1962 2254 Plures
1989 2199 2205 2254 deinde

532 2288 843 2360 religiosas
867 2292 1333 2360 matronas,quae
1358 2289 1652 2344 mundum
1677 2289 2009 2361 mundique
2031 2305 2203 2345 orna-

533 2382 745 2434 menta
799 2377 1149 2432 omniaase
1196 2383 1597 2444 removerant,
1651 2383 1773 2434 toto
1826 2379 2030 2434 animo
2093 2378 2203 2434 soli

533 2466 910 2523 adhaerentes
931 2469 1072 2534 Deo,
1097 2465 1292 2521 socias
1314 2465 1426 2521 sibi
1449 2466 1806 2537 adjungens,
1836 2472 2042 2522 sancto
2058 2484 2203 2539 quo-

539 2555 685 2612 dam
742 2555 941 2612 furore
974 2554 1051 2611 ad
1082 2554 1391 2610 hominem
1423 2554 1594 2625 virgo
1633 2556 1834 2612 fertur.
1871 2559 1954 2612 Ex
1995 2573 2203 2612 eorum

535 2645 634 2704 hic
683 2649 810 2702 erat
839 2645 1072 2712 ordine,
1104 2642 1210 2717 qui
1259 2643 1478 2716 gladio,
1528 2661 1654 2701 non
1687 2646 1900 2714 securi,
1932 2645 2203 2706 instructi

537 2751 744 2806 regem
786 2734 1029 2808 stipant,
1061 2733 1167 2806 qui
1197 2734 1345 2790 ordo
1377 2739 1465 2790 est
1501 2735 1709 2791 ordine
1745 2735 2082 2802 satellitum,
2115 2733 2200 2792 uti

532 2824 778 2893 indicat,
811 2822 1216 2881 nomenclatio
1252 2824 1355 2895 (4),
1398 2824 1690 2896 posterior
1719 2841 1731 2887 ;
1764 2840 1967 2894 regem
2000 2829 2198 2881 autem

533 2914 808 2982 custodit,
837 2918 896 2969 et
936 2917 1158 2984 atergo
1184 2912 1559 2985 subsequens
1600 2917 1778 2984 atque
1815 2913 1893 2969 ab
1937 2914 2198 2986 impera-

531 3006 653 3062 tore
701 3019 1008 3077 nusquam
1050 3001 1390 3068 discedens,
1423 3002 1658 3072 regium
1701 3007 1883 3058 noctu
1914 3005 2197 3060 conclave

533 3097 754 3163 servat,
805 3091 1262 3165 principemque
1321 3090 1384 3145 in
1430 3090 1743 3162 publicum
1796 3092 2196 3164 prodeuntem

530 3181 956 3252 cingit.Contra
974 3178 1330 3250 hujusmodi
1355 3178 1986 3250 liominem,generoso
2012 3180 2189 3253 plane

527 3273 706 3343 atque
725 3268 1023 3340 intrepido
1048 3267 1273 3335 animo,
1306 3267 1476 3337 virgo
1507 3268 1908 3341 progreditur.

603 3361 688 3414 14.
740 3357 970 3423 Quibus
1011 3360 1211 3412 autem
1243 3355 1345 3412 illa
1377 3357 1762 3412 sermonibus
1817 3357 2190 3415 audientium
2231 3376 2270 3430 ρ

524 3451 781 3513 mentes,
815 3450 878 3502 ut
904 3444 1096 3500 zelum
1128 3443 1228 3500 Dei
1257 3445 1659 3516 conciperent,
1694 3445 2042 3502 excitabat?
2063 3463 2191 3519 qur-

522 3535 640 3592 bus
671 3537 859 3591 Deum
910 3534 1111 3606 ipsum
1165 3532 1365 3588 verbis
1395 3532 1834 3605 alloquebatur,
1883 3536 2189 3605 utjustam

523 3625 652 3698 ejus
677 3625 969 3682 adversus
993 3622 1270 3678 homines
1293 3623 1446 3677 iram
1469 3621 1733 3694 placaret
1759 3621 1783 3675 ?
1803 3639 1989 3695 quam
2013 3639 2187 3694 gene-

521 3729 692 3771 rosos
721 3710 1147 3770 comitantibus
1193 3725 1256 3766 se
1303 3711 1608 3767 sororibus
1648 3711 1895 3767 indebat
1926 3715 2189 3786 spiritus,

522 3807 579 3860 et
607 3803 686 3860 ad
716 3802 1036 3876 pulchrum
1061 3816 1170 3874 pro
1201 3800 1447 3856 veritate
1472 3805 1773 3856 certamen
1798 3803 2183 3859 subeundum

523 3907 712 3966 quam
735 3893 958 3949 fortiter
987 3891 1338 3947 animabat?
1354 3888 1454 3947 Sic
1486 3890 1792 3947 enimvero
1817 3908 2024 3948 secum
2057 3893 2191 3965 ipsa

529 3983 852 4055 cogitabat,
883 3984 966 4038 sic
1002 3980 1509 4038 ratiocinabatur:
1541 3981 1865 4052 Oportebat
1911 3983 2191 4054 equidem

531 4089 668 4131 eam
711 4089 830 4142 me,
861 4087 1050 4144 quam
1083 4069 1236 4125 ultro
1286 4069 1542 4141 suscepi,
1595 4069 1888 4125 rationem
1951 4069 2193 4126 vivendi

531 4169 760 4219 sartam
776 4165 993 4217 tectam
1018 4173 1391 4214 conservare.
1417 4161 1535 4214 Hoc
1570 4159 1731 4214 enim
1767 4175 1971 4214 coram
1998 4159 2114 4215 Deo
2137 4160 2192 4216 et

527 4252 876 4311 hominibus
923 4249 1217 4306 facturam
1264 4263 1362 4303 me
1390 4249 1699 4320 proposui,
1733 4249 1810 4304 ad
1848 4250 1963 4304 hoc
1995 4267 2190 4308 sacra-

528 4345 732 4399 mento
781 4355 878 4395 me
925 4336 1234 4407 obstrinxi,
1286 4352 1425 4391 cum
1458 4339 1576 4392 Deo
1610 4337 1739 4392 solo
1769 4343 1826 4394 et
1855 4354 2094 4394 mecum
2125 4344 2190 4395 ut

525 4445 818 4497 versarer,
843 4427 1212 4498 reliquorum
1262 4429 1465 4480 autem
1494 4425 1809 4480 hominum
1843 4427 2185 4483 societatem

524 4518 787 4590 effugere
817 4521 1038 4572 conatu
1067 4515 1232 4571 omni
1272 4513 2049 4587 contenderem.Postquam
2080 4534 2183 4572 au-

525 4613 645 4667 tem
688 4605 920 4679 generis
949 4603 1204 4661 humani
1232 4619 1372 4660 osor
1401 4602 1750 4672 acerrimus,
1783 4608 1838 4659 et
1865 4604 2030 4661 nullo
2060 4621 2182 4663 non

2314 2129 2407 2167 την
2452 2109 2779 2164 καταϐαλεῖν.
2828 2109 2964 2161 Ἀλλ’
3029 2107 3284 2180 ἀνηγγέλη
3355 2115 3504 2160 τοῦτο
3554 2115 3620 2179 τῇ
3671 2114 3928 2180 μακαρίᾳ,

2313 2203 2403 2250 καὶ
2432 2197 2462 2256 ἢ
2499 2198 2651 2260 ζῆλον
2697 2196 2942 2271 πὰραυτά
2991 2200 3177 2263 Φινεὲς,
3236 2196 3388 2259 ζῆλον
3429 2195 3673 2248 ἀνέλαϐεν
3703 2195 3886 2248 Ἠλιοῦ
3915 2217 3925 2227 ·

2311 2296 2383 2358 τῷ
2434 2307 2516 2339 τοι
2585 2292 2676 2339 καὶ
2739 2294 3012 2356 γυναῖκας,
3099 2290 3300 2358 κόσμου
3357 2305 3449 2336 και
3501 2293 3600 2337 τῶν
3655 2295 3925 2357 κοσμικών

2314 2375 2700 2451 ἀπορῥαγείσας
2746 2374 3045 2450 ὁλοσχερῶς
3124 2379 3215 2427 καὶ
3271 2373 3765 2448 προσκολληθείσας
3816 2375 3926 2434 ὅλας

2312 2474 2446 2536 Θεῷ,
2516 2467 2630 2538 μεθ’
2697 2465 2886 2526 ἑαυτῆς
2958 2464 3226 2536 λαμϐάνει,
3302 2469 3392 2516 καὶ
3477 2463 3575 2535 ὅλῳ
3625 2467 3772 2516 κατὰ
3843 2472 3924 2516 τεῦ

2313 2557 2607 2627 σπαθαρίου
2666 2561 2885 2606 κινεῖται
2944 2555 3108 2626 θυμῷ.
3162 2555 3353 2625 Τάγμα
3406 2561 3561 2605 τοῦτο
3641 2563 3745 2606 τῶν
3818 2558 3926 2626 περὶ

2309 2647 2396 2696 τὸν
2461 2642 2687 2716 βασιλέα
2757 2645 3129 2717 σπαθηφόρων,
3189 2641 3246 2694 οὐ
3297 2642 3682 2715 πελεκυφόρων,
3735 2645 3805 2703 ὡς
3846 2647 3927 2694 καὶ

2309 2735 2338 2791 ἡ
2387 2733 2569 2793 κλῆσις
2617 2729 2792 2801 δηλοῖ,
2853 2729 3121 2807 δευτερεῖα
3158 2735 3248 2804 μὲν
3310 2736 3456 2804 φέρον
3503 2740 3604 2784 τῶν
3669 2732 3926 2805 ἐπωμίους

2309 2820 2596 2894 ἀνεχόντων
2628 2826 2751 2883 τοὺς
2781 2820 3026 2887 πελέκεις,
3067 2829 3351 2895 συντηροῦν
3380 2817 3438 2873 δὲ
3490 2826 3651 2893 σφίσι
3704 2824 3774 2873 τὰ
3832 2830 3922 2874 τῶν

2309 2911 2567 2983 βασιλέων
2641 2911 2878 2976 ὀπίσθια,
2958 2914 3358 2984 συμπαραμένον
3418 2916 3530 2971 τοῖς
3591 2907 3921 2983 ἀνακτόροις,

2306 3006 2394 3052 καὶ
2441 3005 2561 3062 τοὺς
2617 2999 2920 3073 βασιλείους
2998 3003 3175 3060 νυκτὸς
3257 2999 3516 3072 θαλὰμους
3583 3001 3922 3073 περιπολοῦν,

2304 3091 2399 3141 κάν
2452 3092 2562 3150 ταῖς
2627 3074 2877 3163 προόδοις
2938 3092 3024 3142 τὸν
3079 3087 3304 3162 βᾶσιλέα
3347 3087 3718 3162 περικυκλουν.
3784 3093 3922 3142 Κατὰ

2305 3176 2372 3238 δὴ
2423 3182 2609 3231 τούτου
2688 3183 2903 3251 γενναίῳ
2961 3180 3095 3231 πάνυ
3143 3199 3232 3231 και
3282 3177 3529 3248 ἀπτοήτῳ
3579 3176 3762 3249 βαίνει
3800 3198 3920 3254 φρο-

2300 3269 2518 3340 νήματι,

2375 3354 2460 3411 ιδ’.
2507 3361 2689 3430 Τθμὲν
2741 3358 2798 3409 οὐ
2849 3354 3248 3430 διαλογιζομένη
3307 3364 3407 3408 τῶν
3461 3359 3588 3429 πρὸς
3639 3360 3734 3410 τὸν
3794 3360 3914 3432 ὑπὲρ

2299 3455 2390 3498 τοῦ
2422 3451 2547 3500 Θεοῦ
2599 3447 2752 3507 ζῆλον
2797 3446 3109 3520 ἐπαιρόντων
3167 3463 3180 3512 ;
3231 3451 3284 3498 τί
3325 3443 3382 3498 δὲ
3424 3453 3522 3498 τῶν
3571 3449 3705 3520 πρὸς
3748 3443 3916 3500 δυσώ-

2298 3555 2462 3594 πησιν
2497 3538 2681 3587 ἱκανῶν
2715 3536 2772 3589 οὗ
2805 3532 3144 3608 διαλεγομένη
3197 3542 3311 3606 Θεῷ
3356 3551 3369 3602 ;
3423 3539 3475 3586 τί
3517 3531 3578 3587 δὲ
3633 3536 3698 3587 οὐ
3753 3539 3899 3588 νουθε

2298 3633 2467 3677 τοῡσα
2518 3632 2631 3688 ταῖς
2685 3630 2779 3678 σὺν
2822 3624 2950 3697 αὐτῇ
2986 3629 3074 3677 καὶ
3131 3629 3249 3698 περὶ
3293 3623 3450 3681 αὐτὴν
3503 3619 3785 3697 ἀδελφαῖς,
3839 3628 3916 3677 καὶ

2298 3717 2426 3788 πρὸς
2476 3719 2564 3766 τόν
2685 3715 2811 3788 ὑπὲρ
2872 3723 2968 3776 τῆς
3044 3712 3288 3775 ἀληθείας
3357 3706 3510 3764 ἆθλον
3585 3711 3912 3786 ἁλείφουσα;

2302 3807 2438 3878 Πρὸς
2466 3807 2556 3876 μὲν
2586 3805 2685 3877 γὰρ
2717 3804 2902 3861 ἑαυτὴν
2948 3811 3165 3855 τοιαῦτα
3223 3799 3290 3860 δή
3346 3821 3464 3853 τινα
3520 3797 3777 3855 διενοεῖτο
3836 3806 3913 3852 καὶ

2302 3888 2633 3944 διεσκέπτετο
2688 3913 2700 3924 ·
2759 3888 2903 3944 Ἔδει
2955 3895 3044 3964 μὲν
3103 3890 3156 3943 ὃν
3211 3891 3417 3964 εἱλόμην
3481 3887 3599 3962 βίον
3679 3900 3912 3964 τηρῆσαι

2302 3978 2396 4033 διὰ
2432 3985 2624 4042 παντός
2657 4002 2667 4014 ·
2701 3987 2850 4033 τοῦτο
2881 3983 2981 4053 γὰρ
3037 3980 3354 4053 προύθέμην,
3412 3981 3552 4030 τοῦτ’
3603 3977 3911 4052 ἐπηγγειλὼ

2301 4089 2402 4142 μην
2462 4065 2594 4122 Θεοῦ
2647 4074 2737 4121 καὶ
2795 4069 3073 4142 ἀνθρώπων
3129 4067 3456 4142 ἐπίπροσθεν,
3517 4066 3723 4140 ἐμαυτῇ
3784 4074 3908 4142 μόνῃ

2300 4157 2604 4233 προσλαλεῖν
2661 4163 2750 4210 καὶ
2805 4166 2938 4228 Θεῷ,
3001 4157 3106 4209 ἀλλ’
3179 4153 3292 4208 οὐδ’
3355 4156 3766 4230 ἐπιστρέφεσθαι
3817 4179 3914 4230 μη-

2302 4244 2482 4310 δενόςο
2520 4246 2626 4299 ἐπεὶ
2684 4244 2734 4300 δ’
2786 4249 2810 4299 ὁ
2861 4245 3162 4319 βασκαίνων
3210 4248 3335 4318 ἡμῖν
3393 4247 3584 4298 ἀνωθεν
3641 4252 3741 4299 καὶ
3797 4247 3913 4298 καθ’

3150 4335 3460 4393 Ἐκκλησίαν
3532 4342 3671 4387 Θεοῦ
3731 4333 3910 4388 διετα-

3695 4426 3793 4496 όξγε
3843 4422 3906 4482 δὲ

2299 4340 2443 4407 ἡμῶν
2495 4341 2771 4389 τεκταίνων
2835 4335 2912 4389 ἀεὶ
2980 4341 3068 4394 τὴν

2294 4426 2438 4501 ραξε,
2498 4431 2587 4478 καὶ
2651 4423 2817 4478 δεινὸν
2875 4424 3140 4498 ἐπήγειρεν
3185 4424 3313 4496 αὐτῇ
3355 4421 3600 4476 κλύδωνα
3633 4445 3645 4456 ·

2294 4519 2546 4588 προὶτέον,
2601 4520 2694 4573 τὴν
2740 4518 2976 4587 ἡσυχίαν
3030 4518 3366 4588 παρορατέον,
3433 4511 3626 4583 ψυχῆς
3687 4510 3910 4585 ἀφειδε-

2292 4609 2404 4657 τέον
2468 4605 2578 4677 οἶμα
2654 4608 2744 4656 καὶ
2829 4609 3094 4676 σώματος,
3149 4604 3275 4677 ὑπὲρ
3353 4608 3446 4654 τοῦ
3511 4607 3908 4674 προαγαγόντος

594 4751 668 4824 (2)
712 4747 1063 4830 Teophanes
1112 4745 1190 4802 ad
1213 4818 1222 4828 _
1247 4761 1476 4830 annum
1529 4745 1735 4826 Leonis
1770 4745 1855 4830 19,
1904 4746 2182 4830 lanimad-
2219 4739 2262 4793 Ι)
2293 4747 2501 4830 phiam
2515 4746 2822 4802 autsimile
2836 4745 3076 4818 aliquod
3099 4744 3543 4818 opuslectorem
3571 4743 3906 4800 hicremitti

520 4816 764 4881 versum
791 4816 854 4876 in
893 4835 996 4876 eos
1048 4818 1346 4890 praecipue
1375 4817 1476 4884 ait,
1507 4816 1612 4890 qui
1645 4818 1953 4872 sanctitate
1983 4823 2038 4872 et
2077 4819 2176 4873 do-

522 4895 715 4952 ctrina
744 4887 1094 4949 clarebant‘:
1141 4887 1294 4944 adeo
1327 4895 1390 4943 ut
1442 4887 1654 4942 scholae
1681 4904 1801 4944 una
1831 4904 1968 4943 cum
2009 4905 2180 4946 sacra

519 4967 792 5023 doctrina
821 4962 1168 5026 exciderint,
1201 4976 1337 5032 quae
1377 4976 1412 5014 a
1444 4959 1663 5032 saeculo
1695 4962 1752 5016 S.
1809 4961 2176 5016 Constantini

516 5038 711 5109 Magni
769 5051 958 5108 usque
1011 5032 1086 5109 _de
1129 5030 1521 5109 ea_tempora
1575 5030 1918 5109 floruerant.
1981 5033 2177 5109 (ii-recc

522 5102 828 5177 σϐεἷτθῆναι,
860 5102 1409 5177 'exstinguerentur.
1457 5102 1748 5177 Profecto
1778 5103 1916 5168 (nisi
1957 5103 2175 5177 scholae

518 5179 644 5235 istae
665 5171 832 5235 extra
853 5171 1237 5232 communem
1262 5175 1476 5229 civium
1505 5173 1932 5228 habitationem
1958 5171 2177 5229 fuerint

562 5252 746 5320 ositze)
777 5249 876 5303 vix
904 5253 996 5302 est
1042 5245 1346 5320 credibile,
1389 5245 1637 5320 {edibus
1662 5245 1843 5299 fuisse
1871 5243 2172 5320 subjectas

562 5266 746 5320 osum)
777 5266 876 5303 VlX
904 5266 996 5302 e51.
1043 5266 1342 5312 CI'eUlDllB,
1389 5266 1620 5300 ωωυιιδ
1662 5266 1843 5299 IUISSB
1871 5266 2064 5313 SUDJb’t

514 5266 822 5388 ﬂammas,
844 5335 981 5373 cum
1002 5317 1230 5372 vicinim
1250 5317 1424 5372 totius
1449 5315 2064 5388 manifestopericulo.

587 5393 664 5462 (3)
695 5385 930 5446 Nullam
961 5390 1033 5462 de
1060 5389 1172 5443 hoc
1193 5385 1885 5462 argumentohistoriam
1914 5385 2172 5462 singula-

513 5457 658 5516 rem
685 5476 848 5516 nunc
878 5461 1176 5525 novimus,
1208 5475 1318 5513 nec
1348 5458 1493 5514 alibi
1523 5458 1755 5512 citatam
1788 5457 2118 5526 reperimus
2154 5475 2166 5511 :

510 5531 738 5588 mirum
785 5535 986 5587 autem
1028 5529 1180 5585 foret
1205 5544 1340 5585 eam
1370 5531 1630 5586 auctoris
1659 5534 1830 5584 aetate
1862 5528 2167 5598 exstitisse,

509 5617 673 5663 nunc
699 5601 966 5676 ignorari
995 5619 1009 5671 ;
1035 5615 1224 5673 quare
1262 5599 1341 5659 ad
1391 5599 1768 5672 Theophanis
1805 5600 2169 5671 chronogra-

2293 4819 2592 4874 existimo.

2362 4889 2774 4962 (4)8ecurigeri
2790 4888 3006 4944 scilicet
3022 4887 3462 4962 praecedebant,
3479 4884 3902 4962 sequebantur

2292 4957 2600 5031 spatharii.
2655 4957 2768 5015 Sed
2806 4957 3118 5031 quomodo
3163 4959 3222 5014 in
3274 4957 3482 5014 ordine
3535 4957 3902 5031 stipatorum

2289 5028 2588 5101 regiorum
2614 5047 2748 5087 secu
2760 5028 2846 5086 nti
2845 5048 2947 5086 um
2963 5033 3159 5086 locum
3181 5031 3440 5086 tenuisse
3454 5028 3805 5100 spatharios
3819 5031 3906 5101 in-

2286 5100 2444 5157 dicat
2469 5105 2498 5160 ἡ
2529 5103 2762 5163 idem?
2803 5103 3083 5174 Suspicor
3110 5117 3233 5174 non
3289 5106 3408 5157 tam
3461 5115 3688 5154 nomen
3748 5100 3904 5156 indi-

2286 5174 2424 5237 cari,
2452 5175 2545 5228 cui
2567 5179 2616 5243 ej
2631 5174 2865 5229 usmodi
2879 5173 3040 5228 notio
3055 5173 3532 5244 haudquaquam
3549 5186 3654 5241 per
3667 5186 3736 5226 se
3757 5187 3903 5226 eon-

2279 5245 2490 5314 juncta
2511 5252 2618 5310 est,
2639 5261 2824 5316 quam
2849 5245 3225 5316 matriculam
3243 5243 3468 5316 palatii,
3504 5257 3615 5316 seu
3642 5256 3902 5298 nomen-

2285 5312 2565 5387 claturam
2579 5312 2901 5387 ofﬁciorum
2912 5315 3126 5387 ,qualis
3141 5312 3351 5387 passim
3368 5315 3426 5368 in
3439 5312 3723 5387 manibus
3748 5318 3896 5378 erat,

2280 5386 2707 5459 indicabatque
2725 5386 2901 5459 officii
2917 5383 3220 5459 cujusque
3244 5386 3538 5459 ordinem,
3557 5383 3894 5459 observan-

2280 5457 2426 5513 dum
2450 5456 2681 5530 quoties
2705 5459 2766 5514 in
2790 5456 3098 5530 publicum
3121 5456 3616 5530 progrediebatur
3631 5456 3893 5528 impera-

2281 5534 2390 5606 tor,
2419 5528 2569 5606 in'iis
2599 5545 2754 5602 quos
2777 5528 3089 5606 προκένσους
3115 5528 3430 5596 vocabant,
3474 5542 3587 5583 nos
3639 5541 3888 5598 proces-

2281 5599 2480 5657 siones
2509 5599 2866 5658 diceremus.
