3988 6322
119 318 231 373 909
1459 316 1525 371 ΙΝ
1569 315 1624 371 S.
1663 315 1750 370 Td

1863 313 2134 371 DOSIAM.
3371 323 3478 377 910

118 444 263 513 ἡμᾶς
292 444 381 492 καί
409 444 783 514 προνοουμένου
831 448 930 491 τῶν
986 440 1103 492 καθ’
1133 441 1295 511 ἡμᾶς,
1351 443 1441 490 καί
1491 441 1578 498 τάς
1617 448 1715 490 τῶν

1863 454 2101 510 empore
2118 439 2366 495 insidias
2379 438 2554 495 nobis
2570 443 2821 512 struens,
2843 439 3163 498 Ecclesiam
3185 441 3286 498 Dei
3305 443 3484 515 coepit

118 533 390 605 πρακτέων
471 528 547 582 ἐπ’
606 529 844 601 ἐσχάτων
897 528 1118 599 ἀμοιϐὰς
1191 531 1312 600 ἡμῖν
1371 531 1718 600 ταμιεύοντος.

1863 527 2201 594 ιθτῐυτὺᾶνθ,
2230 533 2285 583 et
2315 543 2561 598 gravem
2601 529 2753 584 adeo
2782 533 2991 586 contra
3045 546 3180 586 eam
3229 532 3482 588 excitare

119 623 562 691 tempestatem,
605 624 734 674 tum
756 635 899 675 sane
928 617 1353 690 prodeundum
1379 618 1559 674 etiam
1598 615 1795 683 nobis,
1820 617 2022 687 quieta
2050 619 2336 688 tantisper
2363 617 2486 673 vita
2516 617 2849 673 deserenda
2877 635 2889 673 :
2923 635 3046 674 non
3075 619 3206 675 vitae
3237 637 3486 691 parcen-

119 706 299 773 dum,
331 723 453 764 non
483 709 754 781 corpori;
805 707 962 764 illius
995 707 1376 780 potissimum
1417 706 1626 777 gratia,
1670 704 1773 777 qui
1794 704 2115 777 pulchrum
2157 707 2272 762 hac
2301 706 2362 761 in
2406 711 2573 778 parte
2606 706 2951 778 exemplum
2997 707 3174 764 nobis
3205 711 3482 781 praebuit,

118 797 351 869 quique
380 813 492 854 nos
534 802 591 872 et
619 802 828 854 nostra
870 813 993 852 non
1037 797 1236 852 minus
1283 797 1437 853 bene
1481 811 1669 869 quam
1715 795 1963 866 provide
2010 794 2324 867 gubernat,
2366 801 2423 852 et
2464 811 2720 868 operum
2749 800 3095 854 nostrorum
3140 799 3480 856 mercedem

119 885 304 942 nobis
325 886 402 942 ad
423 891 757 944 extremum
779 891 976 942 servat
1005 887 1349 958 repositam.

197 975 284 1030 ιε’.
323 982 406 1046 Τῷ
451 971 510 1028 δέ
536 987 596 1048 γε
653 984 854 1051 σωτῆρι
907 983 1022 1047 Θεῷ
1075 977 1242 1028 ἒκεῐνά
1284 995 1389 1034 πως
1446 983 1546 1027 τῶν
1594 973 1730 1026 Ψαλ-

118 1073 235 1136 μῶν
290 1062 630 1132 ἀναλεξαμένη
722 1070 811 1117 καί
876 1065 1238 1132 ῦπαλλάξασα,
1318 1064 1729 1135 ἀνθωμολογεῖτο

121 1158 214 1206 καί
247 1149 506 1226 διελέγετο
535 1176 548 1188 ·
578 1159 822 1226 Δίκασον,
874 1157 1050 1230 Κύριε,
1108 1158 1231 1217 τοὺς
1288 1151 1602 1215 ἀδικοῦντάς
1651 1173 1730 1220 σε,

120 1242 422 1315 πολέμησον
498 1249 616 1305 τοὺς
674 1244 1024 1317 πολεμοῦντάς
1085 1263 1166 1302 σε,
1230 1243 1508 1297 Ἐπιλαϐοῦ
1572 1242 1730 1294 ὅπλου

119 1337 213 1385 καί
248 1335 457 1408 θυρεοῦ⁹
487 1338 578 1386 καί
605 1333 864 1392 ἀνάστηθι
889 1334 956 1395 εἰς
981 1338 1074 1392 τὴν
1106 1333 1353 1407 βοήθειαν
1374 1343 1467 1394 τῆς
1501 1341 1590 1393 τῆς
1611 1333 1733 1390 κλη-

115 1427 368 1495 ρονομίας
416 1443 530 1479 σου.
610 1420 750 1476 Ἰδοὺ
803 1426 904 1496 γὰρ
958 1420 1088 1497 ἦραν
1137 1425 1185 1475 οἱ
1257 1421 1559 1496 ἀνομοῦντες
1616 1417 1732 1474 κατ’

122 1513 293 1575 αὐτῆς
349 1513 589 1585 κεφαλὴν,
640 1517 729 1565 καί
782 1521 880 1566 τῶν
933 1520 1036 1565 σῶν
1096 1515 1493 1586 θυσιαστηρίων
1548 1532 1731 1586 κατορ-

120 1621 355 1675 χουνται
398 1603 447 1654 οἱ
499 1599 750 1668 ἀναιδεῖς,
799 1607 890 1654 καί
917 1605 982 1654 τὰ
1010 1602 1139 1674 ἅγιά
1181 1622 1276 1654 σου
1322 1601 1636 1675 βεϐηλοῦσιν
1683 1604 1732 1654 οἰ

123 1694 537 1763 παναγέστατοι.
572 1690 708 1744 Ἀλλ’
739 1689 1018 1762 ἐπίσκεψαι
1072 1694 1211 1763 ἡμᾶς
1264 1690 1312 1742 ἐν
1365 1699 1436 1761 τῷ
1489 1696 1729 1764 σωτηρίῳ

128 1801 250 1850 σου,
281 1788 373 1834 τοῦ
428 1777 556 1833 ἰδεῖν
584 1781 634 1832 ἐν
665 1788 726 1853 τῇ
779 1785 1114 1856 χρηστότητι
1160 1789 1256 1834 τῶν
1314 1780 1560 1832 ἐκλεκτῶν
1615 1799 1732 1848 σου,

129 1878 222 1923 τοῦ
288 1871 633 1945 εὐφρανθῆναι
690 1870 736 1923 ἐν
787 1879 847 1943 τῇ
905 1871 1190 1944 εὐφροσύνη
1253 1877 1344 1923 τοῦ
1377 1873 1553 1931 ἔθνους
1618 1882 1738 1922 σου.

129 1960 444 2033 Εὐφροσύνη
497 1956 557 2012 δέ
587 1979 681 2012 σου
730 1969 802 2032 τῷ
846 1961 1002 2034 λάχει
1051 1964 1081 2020 ἠ
1125 1969 1224 2013 τῶν
1285 1970 1387 2014 σῶν
1444 1961 1739 2034 σεϐασμίων

135 2049 350 2102 εἰκόνων
423 2052 798 2124 προσκύνησις,
863 2052 893 2108 ἠ
949 2054 1080 2124 πρὸς
1132 2055 1225 2109 τὴν
1297 2049 1530 2126 ἀρχαίαν
1592 2052 1743 2113 αὖθις

133 2147 236 2191 τῶν
307 2140 452 2192 θείων
495 2147 627 2191 ναῶν
711 2139 1015 2214 εὐπρέπειαν
1105 2139 1486 2216 ἀναμόρφωσις.
1573 2139 1743 2214 Κάμοί

131 2235 222 2278 νῦν
253 2232 347 2279 καί
396 2235 511 2290 ταῖς
584 2229 920 2301 ὁμογνώμοσι
994 2231 1207 2290 ταύταις
1277 2233 1391 2302 ἐμοί
1461 2234 1552 2282 καί
1621 2231 1743 2302 ὀμό-

133 2336 320 2391 φροσι,
364 2320 491 2391 πρὸς
521 2321 606 2370 τόν
661 2318 788 2388 ὑπὲρ
833 2326 932 2370 τῶν
982 2327 1084 2370 σῶν
1135 2321 1282 2371 θείων
1332 2318 1536 2372 εἰκόνων
1591 2313 1742 2372 ἆθλον

130 2408 448 2481 χωρούσαις
500 2410 588 2458 καί
618 2414 709 2466 τῆς
765 2415 858 2467 σῆς
905 2413 1227 2480 παναμώμου
1272 2412 1489 2481 μητρὸς,
1546 2416 1647 2462 τῶν
1692 2428 1744 2461 τε

131 2496 262 2568 ὑπὲρ
326 2503 422 2548 σοῦ
485 2497 619 2550 κᾶτά
673 2491 955 2570 διαφόρους
1023 2501 1241 2570 καιροὺς
1318 2503 1743 2572 καταπροεμένων

130 2589 189 2637 τό
250 2590 369 2657 ζῇν,
401 2590 490 2637 καί
536 2594 636 2638 τῶν
695 2584 859 2638 ἄλλων
916 2605 1002 2638 σοι
1059 2586 1537 2659 εῦαρεστησάντων,
1587 2595 1746 2663 χεῖρα

135 2673 398 2748 βοηθείας
442 2674 497 2737 ἐξ
527 2674 679 2747 ἁγίου
733 2695 826 2728 σου
878 2681 1287 2752 κατοικητηρίου
1346 2677 1685 2750 κατάπεμψον
1729 2699 1741 2710 ·

132 2766 451 2838 ἑνίσχυσον,
509 2769 633 2837 μόνε
715 2762 924 2833 δυνατὲ,
999 2771 1092 2825 τὴν
1146 2769 1399 2842 ἡμετέραν
1455 2768 1744 2839 ἀσθένειαν,

138 2851 230 2918 δὸς
263 2857 394 2927 ἡμῖν
415 2850 639 2927 δύναμιν
664 2860 754 2908 καί
773 2860 1115 2930 κραταίωσιν.

1914 978 1999 1030 15.
2028 974 2124 1030 His
2158 973 2347 1045 dictis,
2384 973 2631 1031 selectas
2671 975 2979 1048 quasdam
3025 993 3056 1033 e
3107 977 3487 1035 Psalmorum

1837 1060 1990 1118 libro
2022 1064 2343 1119 sententias
2370 1064 2699 1136 proferens,
2733 1064 2962 1122 alterno
3001 1071 3179 1122 cantu
3208 1070 3327 1124 Deo
3368 1066 3489 1125 Sal-

1840 1152 2029 1207 vatori
2057 1153 2140 1207 ita
2165 1152 2524 1209 concinebat
2555 1169 2624 1208 ac
2673 1153 3072 1211 conﬁtebatur
3095 1155 3360 1224 :Judica,
3380 1158 3491 1213 Do-

1841 1242 2002 1297 mine
2022 1285 2035 1308 ,
2068 1246 2352 1298 nocentes
2371 1259 2486 1310 me,
2504 1245 3223 1317 expugnaimpugnantes
3238 1263 3334 1305 me
3356 1262 3492 1320 :ap-

1841 1332 2143 1404 prehende
2171 1349 2342 1388 arma
2366 1338 2423 1389 et
2455 1337 2714 1403 scutum,
2747 1338 2804 1390 et
2831 1351 3086 1406 exsurge
3134 1337 3197 1391 in
3253 1335 3490 1407 adjuto-

1841 1420 1994 1475 rium
2020 1419 2381 1476 htereditatis
2405 1425 2539 1476 tuae.
2573 1424 2716 1477 Ecce
2746 1423 2905 1478 enim
2928 1423 3072 1493 legis
3124 1428 3240 1480 tua;
3261 1441 3491 1497 praeva-

1842 1511 2130 1568 ricatores
2161 1516 2366 1568 contra
2396 1515 2451 1568 te
2481 1513 2826 1570 levaverunt
2845 1521 3050 1585 caput,
3098 1515 3494 1587 profanarunt

1844 1600 2044 1672 impiis
2070 1600 2343 1672 tripudiis
2371 1600 2577 1656 altaria
2611 1606 2733 1670 tua,
2773 1606 2829 1657 et
2869 1607 3033 1659 saeta
3066 1606 3168 1659 tua
3215 1603 3493 1660 homines

1844 1690 2066 1761 impuri
2097 1705 2166 1745 ac
2197 1689 2463 1745 scelerati
2495 1690 2853 1762 polluerunt.
2883 1692 2996 1747 Sed
3042 1693 3268 1765 respice
3289 1709 3400 1748 nos
3428 1694 3492 1749 in

1847 1778 2090 1835 salutari
2142 1783 2244 1834 tuo
2271 1782 2335 1834 ut
2382 1779 2694 1836 videamus
2747 1780 2809 1835 in
2860 1780 3127 1837 bonitate
3173 1780 3496 1838 electorum

1847 1873 2109 1939 tuorum,
2131 1873 2197 1924 ut
2209 1867 2646 1924 exsultemusin
2669 1868 2870 1925 laetitia
2895 1870 3086 1939 gentis
3113 1874 3248 1926 tute.
3279 1871 3501 1929 Lmtitia

1847 1974 2028 2030 porro
2059 1963 2162 2013 tua
2189 1957 2250 2013 in
2276 1973 2347 2014 eo
2377 1959 2577 2030 posita
2606 1962 2716 2024 est,
2748 1963 2812 2014 ut
2837 1957 3001 2014 cultu
3031 1964 3086 2016 et
3113 1961 3499 2018 veneratione

1849 2046 2014 2104 omni
2037 2047 2430 2118 dignissimae,
2448 2063 2632 2103 sacrae
2649 2052 2762 2104 tuas
2782 2052 3143 2122 tuorumque
3157 2053 3502 2106 sanctorum

1850 2137 2177 2194 adorentur
2202 2137 2516 2208 imagines,
2547 2142 2731 2211 utque
2800 2137 3136 2194 secundum
3187 2155 3323 2195 eam
3363 2155 3501 2212 quae

1851 2226 2182 2300 antiquitus
2203 2231 2329 2282 erat
2362 2227 2698 2284 decentiam
2727 2226 2953 2299 templa
2980 2227 3195 2285 iisdem
3215 2244 3506 2285 exornen-

1853 2315 1966 2369 tur.
1999 2315 2168 2369 Nunc
2199 2313 2378 2384 igitur
2403 2314 2568 2382 mihi,
2601 2319 2658 2371 et
2683 2315 2913 2371 cunctis
2963 2314 3111 2371 meis
3169 2316 3504 2386 sodalibus,

1852 2418 2044 2458 unum
2069 2418 2309 2458 mecum
2335 2402 2616 2476 idemque
2648 2403 3060 2474 sentientibus,
3112 2420 3372 2478 quaeque
3398 2420 3508 2478 pro

1855 2507 2168 2549 sacrarum
2201 2492 2560 2562 imaginum,
2581 2509 2691 2565 pro
2714 2494 2921 2549 matris
2975 2497 3088 2549 tuae
3143 2490 3504 2566 puriSsimaa,

1853 2597 1964 2654 pro
1994 2597 2202 2636 eorum
2231 2581 2334 2653 qui
2356 2581 2531 2638 variis
2562 2582 2933 2653 temporibus
2959 2582 3148 2640 vitam
3205 2583 3291 2639 tui
3325 2599 3510 2640 causa

1854 2674 1911 2727 et
1940 2671 2298 2740 sanguinem
2324 2668 2682 2741 effuderunt,
2703 2686 2812 2742 pro
2844 2670 3101 2728 aliorum
3131 2671 3390 2745 denique
3402 2672 3509 2746 qui

1854 2774 2102 2832 quoquo
2130 2758 2314 2815 modo
2344 2761 2496 2830 grati
2517 2759 2622 2816 tibi
2647 2760 2994 2816 exstiterunt
3037 2761 3287 2826 honore,
3325 2766 3508 2820 certa-

1857 2865 1996 2905 men
2020 2864 2259 2904 mecum
2278 2849 2478 2904 subire
2500 2849 2748 2905 minime
2791 2849 3122 2907 detrectant
3151 2868 3165 2918 ;
3197 2851 3393 2919 nobis,
3415 2851 3507 2908 in-

133 2960 352 3017 quam,
381 2943 680 3000 universis
709 2944 912 3000 auxilii
942 2945 1028 3001 tui
1075 2945 1386 3003 dexteram
1427 2962 1499 3002 ex
1547 2944 1893 3004 habitaculo
1925 2943 2026 2994 tuo
2057 2942 2264 2995 sancto
2308 2937 2583 3010 porrige;
2616 2937 3027 2995 inﬁrmitatem
3071 2944 3362 3009 nostram,
3402 2941 3510 3014 qui

141 3034 312 3091 solus
342 3037 536 3106 potes,
560 3033 890 3103 conﬁrma;
924 3033 1140 3106 largire
1170 3035 1326 3091 vires
1347 3040 1405 3092 et
1440 3034 1868 3093 fortitudinem.

213 3122 303 3187 ιζ’.
333 3130 456 3184 Ταῖς
483 3120 543 3176 δέ
564 3143 622 3195 γε
667 3127 760 3176 σὺν
819 3123 948 3198 αὐτῇ
1007 3129 1096 3178 καί
1145 3129 1265 3197 περί
1313 3125 1476 3184 αὐτὴν
1524 3133 1746 3180 τοιαῦτα
1787 3128 1828 3183 C

142 3210 410 3273 δήπουθεν
479 3218 800 3287 προηγόρευε
864 3256 878 3272 .
933 3221 1041 3268 Νῦν
1115 3218 1294 3290 καιρὸς
1344 3212 1746 3290 εὐπρόσδεκτος,

140 3312 230 3355 νῦν
274 3305 445 3376 ἡμέρα
480 3307 762 3377 σωτηρίας.
815 3299 1189 3376 Ἐνδυσὼμεθα
1240 3304 1373 3358 ὅπλα
1413 3313 1504 3357 τοῦ
1535 3310 1702 3372 φωτός
1733 3327 1746 3338 ·

139 3394 282 3445 κατὰ
334 3399 434 3444 τῶν
460 3391 668 3465 ἐχθρῶν
697 3399 788 3452 τῆς
831 3390 1071 3453 ἀληθείας
1119 3398 1470 3467 χωρήσωμεν.
1518 3396 1754 3455 Θάνατος

141 3484 272 3554 ἡμῖν
336 3485 602 3554 πρόκειται
650 3502 662 3514 ⁸
712 3485 784 3553 μὴ
841 3480 1307 3555 φιλοψυχήσωμεν.
1383 3485 1607 3536 Βάσανοι
1651 3487 1752 3558 πρὸ

144 3572 375 3624 θανάτου
409 3574 498 3622 καί
532 3569 861 3644 κολαστήρια
888 3592 901 3604 ·
929 3576 1001 3643 μὴ
1065 3568 1406 3645 δειλιάσωμεν
1451 3570 1591 3645 μηδὲ
1659 3593 1754 3645 φο-

145 3659 390 3732 ϐηθῶμεν
431 3663 554 3720 τοὺς
592 3663 652 3712 τὸ
703 3667 856 3732 σῶμα
900 3663 989 3733 μεν
1033 3659 1355 3734 ἀποκτεῖναι,
1407 3666 1500 3722 τὴν
1553 3658 1612 3715 δὲ
1655 3661 1758 3734 ψυο

142 3755 254 3822 χήν
309 3755 380 3820 μή
463 3747 808 3822 παραϐλάψαι
865 3745 1197 3823 δυναμένους,
1267 3751 1332 3812 ὠς
1381 3753 1756 3825 προσετάχθη-

144 3857 258 3912 μεν.
287 3836 359 3892 ’Ἦ
387 3840 490 3912 γὰρ
517 3837 576 3890 οὗ
601 3846 691 3899 τῆς
707 3840 957 3912 ἡμετέρας
989 3842 1186 3912 φύσεως
1219 3840 1439 3902 ἐτῦσεως
1468 3841 1756 3913 ἐτύγχανον

146 3925 310 3982 οὖσαι
335 3929 391 3979 αἱ
420 3929 610 3980 ἄνωθεν
640 3931 730 3980 καί
787 3926 874 3979 ἀπ’
929 3928 1094 3989 αὐτῆς
1140 3936 1231 3990 τῆς
1276 3933 1400 4005 πρὸς
1459 3929 1759 4002 ἀνθρώπους

147 4013 439 4090 ἐπιδημίας
491 4024 625 4070 Θεοῦ
673 4018 799 4092 ὑπὲρ
855 4025 988 4071 Θεοῦ
1059 4022 1151 4070 καί
1202 4027 1303 4071 τῶν
1351 4021 1496 4072 θείων
1556 4021 1756 4091 θεσμῶν

149 4103 516 4165 διαθλήσασαι
569 4123 584 4173 ;
631 4103 809 4178 Ἰσμεν
871 4110 988 4167 τοὺς
1044 4115 1138 4169 τῆς
1185 4110 1626 4182 πρωτομάρτυρος
1665 4111 1759 4162 Θέ-

148 4195 278 4256 κλης
328 4193 531 4265 ἀγῶνας
583 4199 673 4246 καί
729 4196 796 4246 τὰ
861 4195 1210 4268 παλαίσματα
1287 4215 1298 4227 ·
1334 4196 1429 4249 οὐκ
1479 4195 1758 4270 ἀγνοοῦμεν

148 4288 276 4346 τοῦς
334 4292 432 4344 τῆς
478 4289 741 4358 μακαρίας
793 4283 981 4346 ἄθλους
1035 4283 1326 4358 Βαρϐάρας,
1374 4289 1494 4348 τοὺς
1530 4294 1622 4346 τῆς
1650 4305 1761 4357 γεν-

149 4381 304 4436 ναίας
362 4375 602 4448 Εἰρήνης,
657 4378 777 4436 τοὺς
824 4380 914 4436 τὴς
970 4375 1350 4449 μεγαλόφρονος
1399 4376 1592 4439 ἐκείνης
1645 4384 1760 4429 Μα-

1931 3117 2014 3172 16.
2039 3115 2263 3172 Exinde
2293 3115 2372 3171 ad
2402 3114 2659 3172 soldales
2686 3125 2843 3186 suas
2867 3132 3180 3189 conversa,
3215 3116 3376 3176 hisce
3405 3133 3509 3177 eas

1856 3207 2109 3264 vocibus
2132 3211 2219 3262 est
2241 3205 2538 3262 allocuta:
2575 3208 2742 3262 Nunc
2775 3211 3032 3279 tempus,
3066 3223 3512 3276 sorores,acce-

1858 3295 2105 3369 ptabile,
2141 3310 2302 3350 nunc
2357 3310 2493 3350 vere
2532 3294 2658 3350 dies
2705 3300 2845 3351 sunt
2900 3294 3134 3355 salutis.
3182 3297 3515 3356 lnduamur

1862 3401 2033 3442 arma
2056 3384 2226 3451 lucis,
2259 3388 2315 3441 et
2334 3384 2625 3440 adversus
2652 3385 3144 3455 hostesveritatis
3166 3387 3513 3460 progredia-

1859 3491 2018 3533 mur.
2057 3477 2206 3531 Mors
2244 3474 2418 3530 nobis
2436 3479 2522 3529 est
2543 3475 3033 3548 propositazvita:
3053 3475 3514 3547 igituramorem

1859 3563 2093 3620 nullum
2125 3563 2540 3635 prmieramus.
2565 3563 2872 3621 Cruciatus
2891 3569 3148 3622 mortem
3173 3566 3516 3639 praecedent

1862 3669 1931 3711 ac
1945 3653 2259 3726 supplicia,
2276 3652 2380 3708 sed
2398 3669 2519 3709 non
2534 3658 2879 3726 terreamur,
2901 3670 3098 3727 neque
3119 3654 3514 3714 formidemus

1863 3759 1966 3800 eos
1991 3743 2094 3815 qui
2127 3742 2361 3814 corpori
2389 3741 2638 3814 quidem
2679 3748 2928 3799 mortem
2950 3743 3180 3812 afferre,
3213 3744 3320 3801 sed
3385 3743 3514 3802 ani-

1864 3847 2028 3887 mam
2059 3835 2331 3887 nostram
2351 3830 2569 3886 laedere
2582 3830 2985 3888 nullaratione
3011 3830 3516 3905 possunt;quem-

1865 3919 2199 3976 admodum
2225 3919 2567 3992 praecipitur
2614 3919 2809 3976 nobis.
2873 3920 3156 3992 Nunquid
3201 3916 3361 3977 enim
3402 3938 3513 3982 na-

1866 4012 2012 4064 turae
2046 4013 2264 4064 nostra:
2281 4013 2587 4064 consortes
2613 4025 2734 4064 non
2774 4012 3013 4065 fuerunt
3057 4009 3344 4066 sublimes
3384 4011 3513 4069 ista:

1869 4097 2107 4165 animm,
2123 4113 2258 4171 quae
2274 4097 2437 4170 apud
2451 4114 2699 4170 superos
2713 4097 2894 4154 modo
2908 4105 3240 4170 versantur,
3258 4116 3518 4174 quaeque

1870 4187 1946 4244 ab
1979 4187 2109 4258 ipso
2140 4187 2237 4242 Dei
2259 4187 2318 4241 in
2349 4190 2538 4242 terras
2571 4187 2834 4242 adventu
2856 4204 2963 4260 pro
3009 4191 3127 4244 Deo
3181 4189 3519 4263 divinisque

1869 4275 2106 4345 legibus
2137 4275 2814 4343 decertarunt?Thecl:e,
2835 4276 2985 4333 inter
3000 4282 3294 4350 martyres
3313 4281 3522 4352 prima:

1872 4381 2098 4435 agones
2120 4370 2174 4420 et
2229 4365 2556 4421 certamina
2581 4366 2914 4422 novimus:
2975 4384 3098 4424 non
3155 4369 3520 4426 beatissima;

147 4469 323 4539 ρίνης,
363 4463 394 4521 ἢ
442 4468 533 4516 καί
583 4467 852 4539 τυράννοις
899 4461 1140 4536 ἀντέστη,
1198 4470 1286 4518 καί
1327 4463 1549 4538 δαίμοσι
1595 4484 1751 4540 προσ-

1874 4454 2171 4524 Barbarae,
2199 4471 2322 4510 non
2352 4470 2657 4524 generosa:
2687 4458 2904 4523 lrenes,
2962 4473 3086 4513 non
3117 4461 3526 4529 magnanimae

153 4553 428 4622 επάλαισε,
483 4557 570 4606 καί
604 4552 820 4628 λαμπρὰ
874 4553 990 4607 καθ’
1052 4553 1301 4628 ἑκατέρων
1383 4557 1574 4614 ἔστησε
1646 4559 1762 4629 τρό-

157 4664 313 4701 παια.

229 4821 319 4884 ιζ.
374 4824 574 4896 Μικρὸν
620 4824 710 4890 μὲν
739 4825 870 4884 ἴσως
897 4818 1043 4875 δοκεῖ
1096 4841 1210 4876 τισι
1256 4826 1317 4876 τὸ
1371 4824 1693 4897 τολμώμενον
1748 4844 1761 4856 ·

155 4912 265 4966 ἀλλ’
293 4915 412 4965 ’ίστε
441 4916 577 4984 μέγα
599 4915 758 4965 κακὸν
810 4914 870 4965 τὸ
923 4914 1067 4985 παρά
1117 4914 1237 4973 τούς
1298 4921 1396 4975 τῆς
1453 4913 1768 4975 Ἐκκλησίας

156 5005 387 5075 θεσμοὺς
444 5001 724 5073 ἁπανάχῆ
792 5008 880 5053 νῦν
935 5000 1316 5076 ἐνεργούμενον.
1371 5006 1440 5056 T0
1508 5005 1609 5078 γάρ
1688 5021 1768 5055 τοι

155 5094 254 5154 τὰς
313 5092 454 5150 θείας
492 5087 788 5163 ἀπαλείφειν
831 5089 1052 5155 εἰκόνας,
1097 5094 1188 5143 καί
1249 5093 1370 5153 τούς
1436 5093 1602 5164 ἱεροὺς
1647 5096 1770 5154 νεὼς

157 5179 580 5254 ἀχρειοῦν,ὅλην
629 5178 802 5242 ἁπλῶς
850 5187 1133 5253 παραποιεῖ
1180 5184 1274 5239 τήν
1321 5179 1604 5247 εὐσέϐειαν,
1656 5181 1769 5233 ὅλον

159 5268 336 5322 ἀθετεῖ
389 5272 449 5320 τὸ
501 5276 592 5329 τῆς
630 5267 1065 5344 ἐνανθρωπήσεως
1108 5276 1198 5321 τοῦ
1240 5276 1373 5323 Θεοῦ
1395 5274 1485 5322 καί
1539 5277 1772 5344 Σωτῆρος

161 5363 481 5432 μυστήριον.
530 5357 670 5412 Ἀλλ’
709 5357 754 5412 εἰ
804 5362 892 5411 καί
925 5363 1111 5433 μικρὸν
1165 5354 1246 5424 ἧν,
1293 5359 1484 5412 ὁπόσον
1537 5362 1668 5428 ἐστί,
1714 5363 1772 5412 τὸ

239 5557 319 5626 (5)
345 5553 654 5627 θεοιυῃιιιτ,
685 5556 748 5627 8.
769 5553 1036 5613 Barbara
1060 5558 1093 5611 4
1118 5554 1481 5627 Decembris,
1525 5557 1580 5613 S.
1611 5556 1775 5613 Irene

171 5636 202 5686 5
243 5626 400 5698 Maii,
438 5627 494 5682 S.
558 5626 798 5697 marina,
844 5627 1064 5684 Latinis
1112 5626 1445 5699 Margarita,
1492 5630 1562 5684 20
1591 5627 1772 5685 Julii:

1873 4543 2031 4599 illius
2055 4543 2290 4600 Marinae
2315 4545 2390 4616 (ὅ)
2419 4545 2770 4613 ignoramus
2809 4546 3036 4617 praelia,
3069 4564 3204 4620 quae
3255 4548 3529 4621 tyrannis

1873 4633 2096 4706 pariter
2125 4637 2181 4688 et
2201 4632 2578 4690 daemonibus
2596 4634 2896 4708 opposita,
2930 4635 3259 4706 gloriosum
3272 4638 3347 4695 de
3361 4638 3527 4696 utris-

1873 4737 1992 4794 que
2024 4725 2315 4794 tropaaum
2352 4723 2578 4796 posuit.

1949 4816 2031 4866 l7.
2065 4811 2271 4882 Exigui
2296 4811 2564 4870 fortassis
2593 4813 2881 4870 momenti
2914 4804 3283 4886 quibusdam
3320 4813 3526 4870 videa-

1874 4903 1973 4955 tur
2021 4899 2135 4954 ista
2178 4898 2546 4956 nefariorum
2603 4900 2921 4957 hominum
2966 4901 3332 4958 machinatio
3367 4919 3379 4958 :
3419 4901 3527 4959 sed

1874 5003 1982 5044 vos
2027 4987 2206 5058 longe
2255 4987 2470 5045 melius
2513 4989 2815 5058 institutae,
2874 4989 3023 5046 illud
3060 4990 3288 5062 optime
3341 4991 3526 5058 scitis,

1875 5093 1998 5135 non
2031 5079 2329 5134 mediocre
2359 5095 2490 5135 esse
2537 5079 2790 5150 malum,
2832 5080 2996 5152 quod
3039 5084 3248 5136 contra
3300 5084 3530 5138 veteres

1878 5166 2146 5223 Ecclesia:
2159 5167 2495 5224 sanctiones
2508 5168 2666 5241 impii
2680 5169 2900 5241 ubique
2915 5184 3074 5225 nunc
3089 5169 3527 5241 suntaggressi.

1879 5256 2119 5313 Divinas
2150 5257 2312 5313 enim
2343 5257 2659 5326 imagines,
2711 5257 2873 5313 calce
2929 5257 3168 5330 oblitas,
3227 5274 3300 5316 ex
3341 5258 3532 5316 oculis

1882 5345 2104 5414 tollere,
2128 5350 2184 5403 et
2205 5362 2374 5403 sacra
2402 5345 2624 5419 templa
2637 5344 2916 5403 informia
2941 5363 3012 5404 ac
3032 5346 3266 5406 inutilia
3285 5348 3537 5406 reddere

1883 5555 2038 5614 quas
2069 5544 2171 5600 CP.
2194 5541 2566 5615 praecipuam
2588 5542 3356 5618 venerationemhabuisse,
3396 5544 3542 5605 alibi

1885 5630 2226 5688 docuimus.
