3988 6322
555 304 655 359 911

1741 300 2200 357 CONSTANTINI
2238 297 2724 357 ACROPOLITZE.
3815 316 3901 368 912

555 425 705 500 quid
731 424 897 482 aliud
925 427 1017 480 est
1065 439 1248 497 quam
1275 423 1578 496 pietatem,
1628 440 1814 496 quam
1845 425 2166 494 religionem

2315 431 2403 477 καί
2441 431 2624 500 μικρόν
2656 445 2705 477 τι
2752 431 2911 499 νόμον
2966 428 3262 501 παραϐῆναι
3301 435 3391 482 καί
3439 431 3657 504 ἐντολῆς,
3725 437 3753 485 6
3813 443 3897 486 2-»-

554 529 800 572 omnem
813 517 1070 571 evertere
1085 512 1371 579 funditus,
1393 517 1449 568 et
1473 513 1821 569 universum
1837 515 2198 570 incarnatio-

551 603 648 660 nis
665 603 880 660 divinae
895 602 1246 674 mysterium
1261 603 1439 658 inane
1455 603 1702 658 reddere
1719 609 1898 675 atque
1918 603 2150 658 nullum
2171 604 2198 659 ?

549 696 621 750 At
645 693 937 750 faciamus
966 691 1138 764 parvi
1168 691 1336 764 quod
1393 697 1706 748 conantur.
1759 694 1974 758 Quanti
1997 698 2198 748 tamen

548 781 696 838 illud
719 781 1061 839 faciendum
1088 781 1162 837 sit
1191 780 1358 854 quod
1379 781 1772 838 velmediocre
1798 783 2101 854 quidpiam
2123 783 2198 838 de

544 870 676 942 lege
689 871 894 928 divina
908 869 1469 928 etmandatisinfrin
1479 877 1672 942 gatur,
1699 870 1971 927 Salvator
1995 877 2199 928 noster

546 975 617 1017 ac
636 960 993 1017 Dominusin
1005 960 1400 1016 sacrosanctis
1426 960 1758 1030 Evangeliis
1780 959 2003 1032 docuit,
2035 960 2196 1016 viam

542 1049 922 1126 prefectionis
947 1051 1128 1106 unius
1150 1049 1272 1106 iota
1308 1049 1609 1122 uniusque
1639 1050 1826 1123 apicis
1857 1051 2051 1121 rigore
2084 1051 2194 1105 cir-

548 1139 959 1196 cumscribens
970 1181 982 1194 .
995 1141 1024 1193 J
1031 1155 1127 1196 am
1142 1155 1284 1196 vero
1296 1155 1480 1212 quam
1499 1138 1828 1209 gloriosum
1843 1140 1922 1194 eri
1932 1145 1968 1204 t,
1986 1139 2033 1193 si
2047 1139 2193 1194 divi-

542 1245 751 1287 narum
761 1229 954 1302 legum
966 1245 1042 1286 ne
1057 1228 1352 1286 minimam
1366 1228 1613 1302 quidem
1627 1234 1857 1300 partem
1871 1229 2192 1299 infringere

542 1320 963 1376 sustineamus.
984 1318 1047 1374 Ill
1058 1323 1247 1375 ustres
1262 1317 1570 1391 quondam
1584 1316 1926 1383 Machahaei,
1946 1333 2055 1373 nec
2069 1334 2191 1374 non

539 1409 894 1468 beatissima
932 1408 1170 1464 illorum
1218 1413 1429 1474 mater,
1480 1411 1805 1479 praesentes
1861 1407 2186 1463 assistunt:

537 1497 718 1574 quale
745 1497 827 1555 illi
870 1497 1216 1570 exemplum
1268 1495 1659 1552 observandae
1716 1495 1862 1567 legis
1921 1496 2191 1553 similiter

537 1588 847 1645 certaturis
867 1586 1238 1659 reliquerunt
1271 1585 1299 1640 ‘I
1323 1585 1603 1641 Porcinas
1633 1601 1842 1641 carnes
1893 1586 2091 1642 solum
2124 1592 2189 1642 ut

534 1681 868 1750 gustarent,
900 1693 937 1734 a
966 1681 1224 1750 tyranno
1266 1674 1587 1748 compulsi,
1612 1690 1735 1731 non
1767 1675 1952 1732 modo
1983 1677 2036 1731 ei
2064 1693 2187 1733 non

2312 520 2407 590 τηρ
2469 518 2611 587 ημῶν
2660 520 2749 567 καί
2803 522 3067 578 Δεσπότης
3125 518 3171 570 ἐν
3211 526 3320 581 τοῖς
3362 521 3703 592 Εὑαγγελίοις
3733 520 3898 576 ἐδίδα-

2311 603 2408 670 ξεν,
2449 605 2514 666 εἰς
2559 605 2605 656 ἓν
2636 604 2760 656 ἰῶτα
2790 611 2877 657 καί
2937 612 3060 678 μίαν
3125 615 3333 682 κεραίαν
3367 614 3420 661 τό
3474 612 3658 663 τέλειον
3709 632 3897 686 περιγε-

2306 700 2514 766 γραφώς
2549 716 2560 726 ·

2306 790 2468 840 τῆσαι
2505 792 2605 834 τῶν
2670 786 3082 856 τεθεσπισμένων
3146 785 3331 861 βραχὺ
3379 791 3427 839 οὶ
3469 797 3694 859 γενναῖοι
3752 791 3897 842 πάλαι

2620 694 2805 752 ἡλίκην
2853 715 2906 747 τε
2960 701 3094 770 φέρει
3142 703 3233 755 τὴν
3280 699 3506 751 εὔκλειαν
3564 705 3623 752 τό
3670 708 3754 773 μὴ
3803 701 3898 753 ἀθε-

2305 871 2658 941 Μακκαϐαἰοι,
2709 877 2799 924 καί
2840 878 2971 946 πρός
3015 894 3075 944 γε
3106 876 3131 932 ἡ
3167 882 3402 950 μακαρία
3456 880 3649 930 τούτων
3703 885 3896 951 μήτηρ,

2304 967 2662 1035 παρέστησαν,
2709 968 2796 1014 καί
2817 983 2928 1026 πως
2971 961 3270 1038 ὑπόδειγμα
3322 974 3430 1028 τοῖς
3487 966 3704 1030 ἐσαῦθις
3763 968 3896 1041 ἀκρι-

2305 1048 2425 1113 ϐοῦς
2480 1051 2708 1123 φυλακῆς
2761 1060 2860 1103 τῶν
2933 1058 3161 1125 νομίμων
3209 1054 3643 1108 καταλελοίπεσαν
3699 1079 3712 1089 ·
3769 1060 3894 1109 ὑείον

2301 1145 2456 1215 κρέως
2497 1139 2786 1212 ἁπογεῦσαι
2834 1145 2986 1213 μόνον
3053 1141 3482 1216 ἀναγκαζόμενοι,
3539 1149 3794 1218 οῦμενουν
3847 1147 3894 1198 οὗ

2300 1235 2629 1300 κατένευσαν,
2694 1228 2820 1282 ἀλλὰ
2876 1235 2965 1282 καί
3008 1238 3199 1306 μυρίας
3252 1235 3379 1304 ὑπὲρ
3433 1231 3589 1286 τοῦδε
3639 1233 3895 1306 βασάνους

2300 1322 2601 1379 ὑπέστησαν
2638 1342 2649 1353 ·
2683 1325 2774 1372 καί
2811 1327 2939 1396 πυρί
2967 1324 3068 1395 γὰρ
3105 1327 3196 1374 καί
3235 1320 3440 1397 σιδήρῳ
3494 1321 3893 1398 παραδοθέντες,

2298 1415 2387 1461 καί
2448 1417 2548 1462 πᾶν
2622 1411 2983 1482 ύπενεγκόντες
3075 1408 3264 1478 δεινὸν,
3323 1408 3581 1484 διέμειναν
3635 1411 3897 1489 ἀπερίτρεα

2297 1519 2436 1552 πτοι.
2491 1505 2654 1551 Τοῦτο
2714 1495 2781 1558 δὴ
2853 1499 2900 1550 ἐν
2942 1508 3011 1571 νῷ
3063 1498 3375 1574 βαλλόμεναι
3431 1507 3521 1554 καί
3567 1505 3742 1574 ἡμεῖς,
3814 1504 3898 1573 ᾶγι

2296 1593 2423 1664 πρὸς
2480 1593 2564 1642 τὸν
2626 1589 2752 1663 ὑπὲρ
2811 1599 2907 1652 τῆς
2957 1589 3218 1653 εὐσεϐείας
3272 1585 3425 1644 ἆθλον
3486 1595 3617 1664 μετὰ
3673 1595 3902 1668 θάρσους

2299 1675 2710 1750 ἀποδυσώμεθα,
2772 1682 3077 1752 σπεύσωμεν
3133 1681 3332 1752 φθάσαι
3388 1684 3474 1734 τόν
3529 1691 3901 1757 κατεπιχειρῆ-

534 1765 948 1835 obediverunt,
1005 1765 1112 1822 sed
1164 1766 1518 1822 innumeros
1583 1780 1827 1838 quoque
1868 1772 2166 1838 proptere:

2300 1788 2390 1820 σαι
2431 1766 2741 1840 βουλόμενον
2799 1777 2889 1829 τῆς
2945 1770 3085 1831 θείας
3127 1776 3220 1822 τοῦ
3261 1777 3496 1846 Σωτῆρος
3519 1771 3715 1834 εἰκόνος
3781 1792 3902 1825 σπα-

533 1856 833 1914 cruciatus
860 1856 1314 1915 sustinuerunt:
1355 1854 1600 1926 ignique
1658 1871 1727 1910 ac
1782 1854 1936 1911 ferro
1990 1857 2187 1913 traditi

2299 1859 2477 1930 θάριον
2494 1901 2504 1911 .

531 1950 589 2004 et
614 1950 1152 2020 quantumcunque
1184 1944 1393 2016 gravia
1419 1944 1739 2001 tolerantes
1781 1949 2094 2016 tormenta,
2129 1946 2469 2004 inconcussi
2488 1951 2964 2019 perseverarunt.
2992 1951 3159 2003 Nunc
3179 1949 3361 2019 igitur
3388 1954 3443 2006 et
3489 1965 3623 2017 nos,
3678 1951 3904 2007 illustre

528 2034 684 2093 adeo
703 2035 1047 2108 exemplum
1064 2038 1263 2091 mente
1289 2035 1614 2106 animoque
1639 2039 1968 2102 versantes,
2005 2035 2085 2090 ad
2116 2036 2433 2107 pulchrum
2465 2052 2572 2108 pro
2602 2035 2883 2107 religione
2906 2042 3208 2093 certamen
3236 2038 3624 2094 subeundum
3646 2039 3906 2096 ﬁdenter

527 2125 808 2183 accinctae
836 2141 950 2182 nos
979 2124 1384 2193 conferamus,
1417 2127 1474 2179 et
1517 2121 1865 2178 festinemus
1912 2123 2292 2194 spatharium
2340 2125 2541 2192 istum,
2592 2125 2696 2198 qui
2742 2125 3016 2198 impuras
3067 2142 3285 2182 manus
3349 2128 3408 2182 in
3458 2129 3736 2184 divinam
3796 2129 3910 2186 Sal-

525 2215 750 2274 vatoris
782 2214 971 2271 nostri
993 2213 1325 2281 imaginem
1353 2215 1529 2286 parat
1564 2212 1828 2282 injicere,
1861 2213 2140 2269 cohibere
2182 2230 2219 2272 a
2249 2213 2486 2270 scelere.

599 2305 686 2360 18.
719 2306 854 2360 Haec
880 2302 1000 2375 illa,
1029 2307 1086 2360 et
1134 2301 1447 2358 confestim
1469 2300 1548 2357 ad
1605 2300 1857 2357 Chalcen
1909 2301 2139 2358 accedit
2181 2325 2194 2359 :

526 2395 584 2450 et
602 2392 970 2466 (oinsignem
984 2390 1473 2448 animiﬁduciam
1505 2388 1545 2460 !)
1577 2405 1719 2446 mox
1747 2389 2004 2445 utfuitin
2034 2389 2190 2446 loco,

530 2481 830 2539 anemine
860 2479 1209 2536 mortalium
1237 2478 1544 2552 prohiberi
1576 2493 1636 2533 se
1684 2494 1888 2550 passa,
1943 2479 2090 2551 quin
2133 2484 2190 2535 et

523 2568 734 2625 ﬁdenti
762 2567 928 2625 vultu
958 2572 1205 2624 cunctos
1234 2570 1558 2640 praesentes
1579 2565 1810 2629 intuita,
1844 2567 2037 2622 scalas
2054 2583 2186 2639 ipsa

527 2657 804 2714 omnium
834 2657 1034 2731 prima
1059 2657 1285 2728 arripit,
1301 2671 1372 2711 ac
1398 2653 1727 2722 sodalibus,
1775 2654 1934 2711 idem
1949 2662 2012 2711 ut
2036 2658 2180 2728 ipsa:

523 2747 769 2816 faciant,
810 2746 1038 2805 fortiter
1065 2747 1336 2819 imperat.
1385 2745 1494 2812 Qui
1545 2745 1724 2816 igitur
1775 2745 1834 2800 in
1880 2746 2179 2802 scalarum

524 2837 864 2894 summitate
881 2837 1012 2909 jam
1050 2836 1170 2892 fere
1228 2834 1590 2892 consistebat
1645 2835 1892 2907 impius,
1943 2851 2176 2891 sacram

527 2925 786 2998 efﬁgiem
845 2931 1174 3000 antequam
1231 2925 1572 2997 corriperet,
1606 2924 1675 2979 iis
1725 2941 2030 2996 excussus,
2111 2925 2174 2979 in

520 3015 897 3090 profundum
925 3015 1143 3072 inferni
1170 3014 1438 3083 corruit;
1491 3014 1758 3084 dejectus
1815 3019 1901 3070 est
1967 3014 2168 3069 enim:

519 3108 576 3162 et
603 3105 709 3179 qui
733 3105 918 3179 paulo
948 3110 1085 3162 ante
1114 3104 1436 3160 insolenter
1467 3119 1530 3159 se
1564 3103 1822 3175 jactans,
1872 3119 1940 3158 os
1992 3119 2169 3158 suum

517 3193 580 3251 in
609 3195 824 3252 caelum
846 3195 1100 3268 aperire,
1133 3197 1190 3251 et
1233 3193 1398 3250 caelis
1443 3193 1728 3248 omnibus
1774 3191 2168 3248 Excelsiorem

515 3283 802 3356 impetere
827 3283 1188 3356 blasphema
1241 3283 1449 3354 lingua
1497 3281 1690 3336 fuerat
1737 3297 1935 3347 ausus,
1995 3282 2168 3336 mise-

515 3374 778 3430 randum
809 3377 948 3430 ante
978 3371 1187 3429 oculos
1236 3372 1510 3427 omnium
1549 3370 1808 3426 cadaver
1841 3371 2050 3441 jacuit,
2071 3387 2169 3425 se-

515 3461 771 3535 pulturae
801 3461 980 3518 etiam
1003 3462 1232 3518 honore
1248 3461 1545 3534 privatus.
1583 3460 1911 3532 Repentina
1942 3461 2166 3533 quippe

2379 2305 2468 2361 ιη’.
2535 2303 2693 2356 Ταῦτ’
2755 2306 2871 2376 ἔφη,
2929 2306 3080 2377 καίῇ
3137 2306 3305 2377 τάχος
3342 2309 3485 2379 παρὰ
3534 2311 3630 2365 τὴν
3684 2309 3899 2367 Χαλκῆν

2300 2397 2521 2464 γέγονεν.
2597 2390 2730 2445 Ἀλλ’
2779 2393 2817 2442 ὦ
2884 2398 3114 2463 γενναίου
3171 2393 3360 2464 ψυχῆς
3429 2398 3897 2469 παραστήματοςέ

2298 2480 2484 2533 αὐτίκα
2542 2488 2612 2551 τῷ
2660 2483 3064 2555 παραγενέσθαι,
3145 2479 3280 2554 μηδ’
3337 2483 3446 2544 ἐνὸς
3490 2483 3895 2559 ἒπιστραφεῐσα,

2293 2573 2491 2633 πάντας
2556 2572 2685 2642 ὁμοῦ
2741 2570 3142 2645 παραϐλέψασα,
3218 2579 3315 2635 τῆς
3369 2573 3622 2645 κλίμακος
3681 2571 3898 2649 δροίττε-

2290 2678 2395 2729 ται,
2431 2663 2520 2710 καί
2547 2665 2656 2719 ταῖς
2707 2663 2799 2711 σὺν
2858 2659 2988 2732 αύτῇ
3030 2659 3462 2714 συνεπιλαϐέσθαι
3492 2665 3542 2714 οἱ
3590 2659 3897 2718 διακελεύε-

2288 2767 2396 2805 ται.
2440 2752 2540 2800 Καὶ
2596 2756 2720 2820 γοῦν
2770 2751 2795 2799 6
2835 2752 3086 2822 μετέωρος
3138 2749 3422 2822 τολμητὴς,
3453 2756 3573 2824 πρίν
3602 2757 3634 2810 ἦ
3691 2773 3751 2806 τι
3808 2763 3896 2815 τῆς

2289 2839 2428 2898 θείας
2457 2837 2644 2898 εἰκόνος
2709 2837 3075 2908 λωϐήσασθαι,
3135 2839 3202 2899 εἰς
3254 2836 3388 2910 ᾆδον
3444 2840 3714 2914 βάραθρον
3780 2863 3897 2895 κατ-

2284 2931 2541 2984 ενήνεκται
2597 2948 2609 2959 ·
2663 2931 2839 2979 πίπτει
2909 2931 2999 2978 καί
3055 2930 3174 3000 γὰρ,
3227 2933 3318 2980 καί
3365 2930 3390 2980 ὁ
3460 2934 3586 2991 τέως
3674 2942 3892 3007 αυριῶν,

2282 3020 2371 3066 καί
2402 3019 2460 3067 τὸ
2519 3020 2689 3088 στόμα
2719 3016 2790 3078 εἰς
2855 3015 3070 3091 οὐρανὸν
3125 3019 3345 3089 θέμενος,
3378 3023 3468 3070 καί
3519 3022 3604 3071 τόν
3673 3021 3896 3096 ὑπερον-

2224 3158 2239 3176 η
2279 3107 2454 3176 ράνιον
2506 3106 2748 3178 ἄντικρυς
2814 3103 3164 3177 βλασφημῶν,
3231 3115 3424 3180 πτῶμα
3471 3103 3740 3166 δύστηνον
3817 3117 3895 3181 γέ-

2277 3213 2413 3265 γονε,
2486 3191 2616 3266 μηδ’
2677 3195 2891 3267 ἐκφορᾶς
2961 3193 3260 3266 ἀξιούμενος
3313 3238 3326 3251 .
3375 3198 3400 3247 ὀ
3448 3199 3547 3272 γὰρ
3595 3197 3896 3270 ἀπρόοπτος

2281 3283 2500 3343 θάνατος
2527 3286 2648 3345 τοὺς
2685 3286 2805 3356 περί
2849 3282 3004 3334 αὐτόν
3036 3279 3336 3359 διεθρόησε,
3394 3289 3484 3337 καί
3534 3284 3688 3338 ἀλλον
3739 3288 3894 3340 ἀλλα-

2275 3379 2381 3443 χοῦ
2410 3367 2742 3437 διεσκέδασε,
2785 3377 2878 3429 τήν
2916 3391 2969 3424 τε
3023 3373 3286 3445 μακᾶρίαν
3334 3378 3423 3425 καί
3452 3377 3547 3437 τὰς
3599 3379 3696 3427 σὺν

2275 3463 2446 3521 πάσας
2477 3460 2744 3536 ἐλευθέρως
2764 3461 2920 3519 ἀνῆκε
2948 3465 3041 3520 τὴν
3073 3462 3151 3514 ἐπ’
3178 3461 3320 3515 οἰκον
3351 3465 3693 3539 πορεύεσθαι.

513 3549 780 3607 hominis
837 3549 1049 3607 nefarii
1102 3549 1336 3622 punitio
1393 3565 1602 3605 omnes
1666 3548 1769 3620 qui
1821 3550 2161 3622 spectaculo
2218 3549 2553 3619 interfuere,
2609 3551 2889 3606 attonitos
2941 3549 3222 3616 reddidit,
3274 3555 3454 3624 atque
3518 3551 3708 3609 alium
3775 3555 3886 3611 alio

509 3636 651 3697 fecit
672 3639 1031 3710 abscedere;
1063 3639 1146 3697 ita
1177 3642 1236 3695 Β.
1257 3637 1607 3696 Theodosius
1638 3643 1695 3694 et
1721 3639 1950 3695 cunctis
1972 3655 2108 3710 quae
2147 3654 2285 3695 cum
2312 3638 2448 3710 ipsa
2477 3643 2646 3696 erant
2679 3639 3052 3710 viriginibus,
3085 3640 3338 3697 domum
3385 3656 3446 3697 se
3477 3641 3619 3698 tutis
3659 3642 3886 3701 referre

510 3726 694 3786 licuit.

590 3744 651 3785 ui
681 3771 694 3786 .

555 3732 676 3877 0fo
699 3821 911 3877 Verum
944 3818 1110 3894 quod
1140 3819 1364 3875 factum
1413 3817 1626 3887 fuerat,
1674 3817 1856 3874 latere
1913 3817 2160 3874 minime

507 3908 703 3981 potuit
727 3907 1162 3965 ferocissimum
1189 3922 1415 3979 regem,
1443 3906 1548 3979 qui
1574 3921 1800 3976 magna
1829 3923 1971 3962 mox
1991 3907 2158 3962 rabie

506 3997 569 4054 in
591 4012 794 4055 sacras
814 4001 934 4055 Deo
954 3998 1237 4068 virigines
1258 3995 1957 4063 concitatus,infrenduit.
1983 3996 2159 4060 Quid-

506 4086 656 4161 quid
684 4087 864 4157 igitur
907 4087 1171 4143 habebat
1221 4085 1540 4158 supercilii,
1609 4085 1672 4139 ni
1701 4084 1784 4140 ita
1829 4085 2049 4151 dicam,
2093 4085 2156 4139 in

507 4191 699 4231 unum
719 4191 1091 4246 congregans
1121 4193 1133 4232 :
1166 4178 1274 4230 Per
1301 4178 1503 4247 caput,
1550 4173 1760 4246 inquit,
1808 4190 2008 4230 meum
2037 4173 2155 4245 (hic

505 4263 727 4321 scilicet
745 4265 988 4335 regibus
1018 4264 1253 4336 pridem
1283 4264 1534 4320 usitatus
1560 4263 1802 4334 jurandi
1862 4280 1995 4319 mos
2041 4263 2154 4335 est)

501 4351 669 4408 haud
690 4354 969 4426 equidem
985 4353 1227 4422 credam
1250 4370 1322 4408 ex
1342 4353 1511 4408 vobis
1525 4352 1788 4424 aliquem
1814 4369 2018 4408 amare
2034 4369 2150 4422 me,

2341 3815 2423 3871 ιθ’.
2449 3815 2588 3869 Ἀλλ’
2617 3819 2805 3890 ᾔσθετο
2857 3825 2948 3870 τοῦ
2985 3821 3256 3891 γενομένου
3300 3820 3325 3871 6
3366 3820 3693 3893 θηριώνυμος
3722 3822 3890 3895 βασι-

2265 3904 2395 3976 λεὺς,
2430 3910 2521 3958 καί
2550 3911 2686 3979 μέγα
2709 3927 2760 3958 τι
2786 3911 2875 3959 καί
2922 3908 3104 3982 ἄγριον
3146 3909 3264 3960 κατ’
3306 3908 3476 3960 αὐτῶν
3523 3910 3678 3972 εὐθὺς
3733 3911 3881 3987 ἔϐρυ-

2263 4000 2492 4065 χήσατο.
2536 4001 2886 4068 Συναγηοχὼς
2924 3998 3044 4069 γὰρ,
3110 3996 3170 4048 ἵν’
3222 3997 3356 4049 οὕτω
3423 4002 3598 4070 φαίην,
3652 4003 3714 4053 τό
3779 4002 3885 4055 ἐπι-

2266 4087 2494 4150 σκύνιον,
2569 4085 2642 4136 Ού
2699 4088 2770 4157 μὰ
2824 4089 2917 4143 τὴν
2971 4083 3116 4156 ἐμὴν,
3165 4089 3356 4160 εἴρηκε,
3416 4086 3637 4159 κεφαλὴν
3703 4092 3881 4161 (τοῦτο

2265 4168 2332 4230 δὴ
2364 4177 2421 4224 τό
2448 4175 2519 4234 εἰς
2550 4175 2699 4247 ὁρκον
2739 4181 2845 4235 τοῖς
2895 4173 3206 4246 βασιλεῦσιν
3251 4175 3316 4235 ὡς
3362 4174 3445 4227 ἐπὶ
3499 4177 3629 4228 πολὺ
3689 4199 3879 4253 προφε-

2261 4262 2516 4334 ρόμενον),
2559 4266 2620 4314 οῦ
2658 4265 2773 4314 τινά
2803 4282 2866 4334 με
2918 4263 3076 4334 φιλεῖν
3127 4265 3268 4335 ὑμῶν
3319 4265 3613 4337 ἡγήσομαι,
3674 4268 3724 4320 εἰ
3778 4279 3878 4322 τῶν

2261 4370 2336 4411 τις
2392 4355 2694 4426 κακούργων
2749 4356 2965 4404 τουτωνὶ
3025 4357 3250 4423 γυναίων
3311 4360 3496 4428 χεῖρας
3564 4342 3683 4418 τὰς’
3749 4357 3876 4431 ἐμὰς

505 4440 663 4496 sivel
683 4457 808 4497 una
835 4441 1141 4514 quapiam
1172 4457 1202 4496 e
1229 4440 1580 4496 facinorosis
1630 4440 1756 4494 istis
1801 4440 2150 4496 mulieribus

2281 4436 2529 4513 Ῠιαφύγοι,
2561 4445 2743 4512 καὶμὴ
2786 4437 2878 4493 διὰ
2940 4443 3141 4512 τάχους
3192 4441 3246 4493 ἐκ
3302 4450 3401 4494 τῶν
3442 4449 3668 4496 σκοτίων
3732 4457 3875 4519 σφῶν

500 4544 720 4585 manus
744 4544 911 4586 meas
941 4529 1203 4598 effugiat,
1236 4535 1338 4585 aut
1358 4545 1480 4584 non
1493 4545 1705 4584 omnes
1724 4531 2028 4599 continuo,
2078 4547 2150 4586 ex

499 4618 719 4675 abditis
745 4635 992 4675 suarum
1015 4618 1239 4674 aedium
1268 4619 1328 4673 in
1345 4617 1653 4690 publicum
1694 4623 2146 4691 protractze,au-

497 4708 683 4766 daciae
701 4712 883 4766 tanta:
913 4723 1126 4781 poenas
1151 4707 1518 4780 persolvant.
1549 4706 1683 4762 Hinc
1728 4708 1825 4763 vix
1881 4709 2147 4766 edixerat

493 4797 840 4870 imperator,
864 4813 1004 4854 cum
1030 4813 1061 4852 e
1091 4795 1376 4852 ministris
1431 4796 1558 4867 ejus
1590 4795 1851 4868 plurimi,
1904 4814 2012 4870 per
2029 4798 2144 4854 alia

494 4888 595 4946 alii
641 4888 808 4945 urbis
853 4886 990 4945 loca
1035 4887 1314 4959 dispersi,
1368 4886 1781 4956 religiosarum
1840 4888 2140 4957 virginum

490 4979 707 5036 domos
732 4981 788 5035 et
825 4978 990 5034 urbis
1014 4976 1196 5034 totius
1220 4975 1586 5032 monasteria
1616 4977 1978 5048 perscrutari
2002 4983 2142 5034 sunt

488 5069 757 5140 aggressi
783 5087 801 5140 ς
825 5067 1126 5142 requirent
1164 5066 1482 5140 quidemet
1510 5066 1657 5122 alias
1698 5083 1930 5136 omnes,
1982 5084 2140 5139 quaa-

489 5173 727 5231 cunque
793 5158 1032 5230 injicere
1088 5157 1149 5212 in
1199 5155 1576 5229 spatharium
1609 5172 1870 5212 mannus
1903 5157 2138 5212 fuerant

487 5261 670 5318 ausas,
715 5246 823 5302 sed
847 5247 1090 5303 beatam
1118 5246 1514 5302 Theodosiam
1555 5246 1906 5316 cumprimis
1965 5262 2133 5301 com-

485 5335 856 5407 prehendere
893 5335 1219 5408 cupientes.
1257 5337 1385 5390 Non
1423 5335 1582 5389 enim
1610 5334 1937 5390 mediocria
1969 5351 2132 5406 qure-

482 5438 626 5480 nam
641 5422 1025 5494 autvulgaria
1037 5423 1327 5480 adversus
1341 5423 1505 5479 illam
1528 5422 1802 5478 meditari
1831 5424 1952 5478 suis
1964 5425 2131 5479 visus

482 5509 677 5567 fuerat
695 5527 818 5577 rex,
851 5527 1036 5584 quam
1062 5511 1334 5567 omnium
1365 5513 1626 5583 primam
1659 5511 1892 5566 facinus
1945 5511 2129 5568 fuisse

481 5615 829 5674 aggressam
842 5599 1147 5668 didicerat,
1163 5606 1220 5658 et
1230 5599 1313 5656 rei
1329 5600 1504 5657 totius
1518 5599 1809 5657 exstitisse
1841 5614 2116 5657 causam.

2258 4529 2554 4601 οἰκημάτων
2623 4532 3106 4604 συναθροισθεῖσαι,
3159 4527 3313 4593 δίκας
3380 4541 3470 4584 τοῦ
3528 4534 3877 4608 τολμήματος

2256 4623 2473 4673 τίσειαν.
2541 4618 2697 4671 Ταῦτ’
2756 4622 2870 4691 ἔφη,
2913 4624 3002 4671 καί
3058 4620 3106 4671 οἱ
3151 4623 3432 4695 παρευθῦς,
3499 4622 3654 4686 ἄλλος
3716 4625 3875 4679 ἀλλα-

2257 4715 2363 4778 χοῖ
2426 4705 2866 4783 διαμερισθέντες,
2935 4711 3001 4760 τὰ
3055 4709 3367 4770 τῆςπόλεως
3424 4715 3632 4783 σεμνεῐά
3681 4734 3737 4767 τε
3783 4721 3875 4768 καί

2253 4803 2625 4871 φροντιστήρια
2711 4795 3069 4869 διειλήφεσᾶν,
3149 4797 3526 4862 ἀναζητοῦντες
3605 4806 3703 4874 μὲν
3782 4811 3874 4858 καί

2250 4889 2344 4947 τὰς
2399 4886 2573 4957 ἄλλας,
2619 4888 2740 4939 ὅσαι
2791 4907 2848 4958 γε
2893 4894 2985 4939 τοῦ
3039 4889 3333 4963 σπαθαρίου
3380 4897 3871 4968 κατεπεχείρησαν,

2250 4978 2348 5047 πρὸ
2382 4973 2432 5028 δ’
2460 4975 2622 5028 ἄλλων
2677 4975 2892 5028 ἁπασῶν
2951 4981 3046 5035 τὴν
3098 4977 3362 5050 μακαρίᾶν
3414 4982 3612 5038 ταύτην
3673 4981 3876 5037 Θεοδο-

2250 5064 2368 5115 σίᾶν
2419 5085 2431 5098 ·
2490 5064 2583 5117 οῦκ
2631 5064 2783 5136 ὀλίγα
2839 5070 2929 5117 καί
2998 5069 3098 5140 γὰρ
3150 5064 3423 5120 ἱδιαίτᾶτα
3491 5071 3655 5141 φθαίη
3716 5077 3873 5145 σφίσι

2245 5158 2361 5228 περί
2409 5154 2568 5214 αὐτῆς
2648 5153 2950 5225 ἐπισκήψας
2997 5157 3022 5207 ὁ
3077 5153 3345 5228 βασιλεὺς,
3397 5164 3744 5232 πρωτουργόν
3770 5164 3866 5216 circ

2243 5245 2554 5314 μεμαθηκὼς
2575 5248 2663 5295 καί
2708 5246 2766 5295 τὸ
2795 5251 2894 5296 πᾶν
2927 5240 2999 5296 δι’
3026 5245 3191 5307 αὐτῆς
3246 5248 3492 5318 γονέσθᾶι
3533 5244 3867 5320 διεγνωκώς.

2247 5337 2346 5385 Καί
2377 5329 2444 5391 δὴ
2488 5336 2684 5394 ταύτας
2743 5333 3087 5404 συλλέξαντες,
3116 5336 3187 5397 εἰς
3218 5335 3266 5388 ἓν
3313 5336 3520 5397 ἁπάσας
3570 5344 3872 5416 συνηθροι-

2243 5441 2337 5473 σαν
2369 5444 2381 5456 ·
2421 5425 2513 5474 σὺν
2542 5419 2592 5473 δ’
2633 5422 2866 5486 ἁπάσαις
2892 5429 2985 5482 τὴν
3017 5426 3142 5498 ὑπὲρ
3170 5424 3381 5486 ἁπάσας
3419 5431 3511 5478 καί
3557 5427 3714 5486 ἡλίου
3784 5428 3867 5483 δι-

2239 5531 2333 5569 κην
2379 5511 2601 5587 ἀστέρας
2670 5515 2762 5573 τὰς
2791 5512 2948 5574 ἄλλας
3026 5515 3496 5587 ὑπεραυγάζουσαν
3551 5521 3720 5589 μέσον
3759 5520 3866 5573 αύ-

2237 5609 2335 5652 τῶν
2370 5603 2598 5660 ἔστησαν
2625 5607 2711 5655 καί
2734 5610 2806 5675 τῷ
2837 5601 3050 5676 βασιλεῖ
3076 5608 3544 5678 συμπαρέστησαν.
