3988 6322
96 347 208 405 913

1442 345 1512 403 ΙΝ
1552 344 1609 401 S.
1639 341 2111 403 'I‘HEODOSIAM.

3370 331 3474 390 914

92 470 579 546 Comprehensas
604 483 748 543 ergo
773 484 985 528 omnes
1008 469 1071 528 in
1099 467 1410 543 publicum
1434 470 1655 543 pariter
1674 469 2071 545 protrahunt:
2120 465 2229 524 sed
2256 468 2315 522 et
2358 477 2499 521 cum
2528 459 2814 519 omnibus
2844 474 2982 518 eam
3025 471 3292 533 quoque,
3333 470 3474 532 quas

90 560 449 634 praecellens
501 559 811 628 omnibus,
841 560 927 617 uti
964 560 1054 616 sol
1089 576 1213 634 pre:
1270 559 1473 629 stellis,
1519 558 1667 618 alias
1719 558 2046 633 superabat
2081 556 2337 627 fulgore,
2390 553 2663 627 ipsarum
2699 550 2764 607 in
2796 548 3017 622 medio,
3048 563 3255 606 coram
3280 546 3474 622 impe-

89 656 302 707 ratore
327 649 714 708 constituunt.

165 738 239 798 κ’.
295 739 354 793 Ὀ
433 736 494 793 δε
537 744 629 792 καὶ
692 742 824 816 πρὸς
1051 742 1148 803 τὰς
1226 738 1378 801 ἄλλας
1445 739 1694 816 βλοσυρὸν

1891 740 1980 795 20.
2012 736 2115 794 Ille
2159 749 2323 806 vero,
2369 732 2433 790 in
2476 730 2630 789 alias
2676 728 2927 803 quidem
2982 741 3195 785 omnes
3232 728 3472 784 torvum

89 827 303 899 ἔϐλεψε,
368 834 478 897 καὶ,
544 826 656 883 Ἵνα
721 833 795 899 τί,
860 833 1011 902 φησὶ,
1076 825 1315 887 δύστηνα
1367 831 1577 903 γύναια,
1642 829 1708 891 εἰς

92 925 356 970 τοσοῦτον
423 919 572 976 ἣκετε
641 916 853 990 τόλμης,
920 921 988 980 ὡς
1062 922 1153 970 καὶ
1216 925 1521 992 προσταγῆς
1581 916 1707 992 ἐμῆς

96 1005 388 1075 ἀλογῆσαι,
430 1009 644 1059 καὶτὸν
710 1005 829 1083 ἐμόν
892 1008 1183 1082 σπαθάριον
1231 1007 1334 1080 οὐχ
1386 1008 1465 1061 ὅτι
1517 1026 1577 1079 γε
1614 1014 1706 1059 τοῦ

91 1097 254 1169 ἔργον
293 1092 681 1168 παραποδίσαι,
742 1094 870 1148 ἀλλὰ
925 1100 1014 1150 καὶ
1073 1095 1236 1169 βιαίῳ
1291 1099 1489 1170 θανάτῳ
1530 1115 1706 1171 παρα-

89 1184 307 1258 πέμψαι
358 1203 372 1253 ;
434 1189 571 1261 Πρός
625 1183 684 1239 δε
714 1190 806 1245 τὴν
862 1191 1124 1261 μακαρίαν
1177 1189 1371 1246 ταύτην
1413 1183 1706 1240 Θεοδοσίαν

90 1272 455 1349 ἓπιστραφεὶς,
510 1273 622 1326 Οὐκ
689 1274 865 1337 ἔλαθές
929 1295 1040 1348 μοι,
1086 1282 1394 1350 κακοῦργον,
1443 1276 1556 1347 ἔφη,
1615 1278 1705 1327 καὶ

88 1369 425 1437 μιαρώτατον
461 1365 673 1436 γύναιον
705 1386 716 1397 ι
751 1364 845 1416 οὐκ
896 1365 1134 1436 ὴγνοήσά
1191 1384 1285 1417 σου
1342 1367 1401 1417 τό
1427 1362 1703 1434 ἀλόγιστον

93 1453 311 1525 θράσος,
345 1452 404 1504 οῦ
439 1457 532 1511 τὴν
578 1452 879 1528 παράϐαλον
925 1453 1139 1526 τόλμαν,
1194 1454 1301 1525 οὐχ
1357 1453 1383 1505 ὃ
1442 1458 1559 1526 περὶ
1616 1455 1702 1505 τὸν

95 1543 394 1616 σπαθάριον
447 1538 699 1618 ἔδρασας,
749 1548 840 1597 καὶ
901 1545 971 1604 ὡς
1029 1542 1216 1604 ἀνεῖλες
1264 1551 1336 1613 τῷ
1391 1542 1495 1615 ἐμῷ
1540 1561 1702 1615 προσ-

91 1633 330 1704 τάγματι
373 1633 804 1705 ὑπηρετούμενον.
852 1631 1068 1705 Ἔμοιγε
1098 1631 1345 1708 ἀντῆρας,
1405 1631 1520 1685 κατ’
1578 1631 1703 1704 ἐμοῦ

92 1722 181 1780 τὰς
235 1727 425 1794 χεῖρας
476 1721 722 1784 ἐκίνησας
777 1742 790 1754 ·
848 1724 1117 1796 τοιγάρτοι
1167 1719 1453 1782 διαναστὰς
1516 1723 1698 1793 ἔγωγε,

91 1811 185 1870 τάς
214 1812 347 1886 ὑπερ
390 1809 616 1883 ἐμαυτοῦ
668 1808 821 1874 δικας
857 1809 1155 1881 ἀπαιτήσω,
1205 1816 1294 1864 καὶ
1351 1808 1572 1873 δικαίως
1621 1812 1702 1863 ὅτι

90 1894 353 1972 λήψομαι,
400 1904 490 1952 καὶ
538 1903 599 1958 τὴ
661 1899 835 1952 εἰκότα
882 1918 940 1953 σε
1004 1904 1099 1958 τὴν
1165 1898 1429 1973 ἀλάστορα
1464 1918 1697 1972 τισομαι,

91 1987 158 2048 ὡς
184 1991 261 2060 μὴ
320 1990 406 2040 τόν
458 1986 769 2062 βουλόμενον
826 1995 926 2041 τῶν
978 1988 1360 2062 βασιλευόντων
1413 1988 1485 2049 εἰς
1539 1992 1703 2040 νέωτα

1818 827 2078 895 intuens,
2111 827 2181 883 Ut
2209 822 2378 898 quid,
2405 822 2505 889 ait,
2529 818 2792 877 infelices
2818 816 3206 884 mulierculae,
3229 831 3301 873 eo
3325 830 3472 890 pro-

1817 916 2076 975 cessistis
2097 913 2387 981 audaciae,
2415 915 2477 968 ut
2509 926 2631 967 non
2654 925 2790 966 mea
2806 907 2991 965 modo
3020 905 3311 965 mandata
3328 921 3471 964 con-

1816 1009 2105 1073 temnere,
2152 1003 2257 1060 sed
2306 1018 2512 1059 meum
2560 1014 2803 1073 quoque
2842 996 3215 1070 spatharium
3254 994 3333 1054 ab
3367 1010 3469 1053 eo-

1813 1096 2088 1152 rumdem
2102 1093 2513 1150 mandatorum
2528 1089 2907 1147 exsecutione
2917 1086 3263 1161 prohibere,
3278 1100 3471 1160 neque

1813 1185 1878 1242 id
1906 1184 2121 1251 solum,
2144 1198 2355 1239 verum
2386 1180 2623 1237 funesta
2648 1178 2827 1235 etiam
2857 1179 3047 1234 morte
3092 1175 3293 1239 delere
3342 1190 3469 1232 non

1813 1274 1938 1330 sitis
1967 1273 2166 1330 veritas
2194 1273 2222 1327 ?
2246 1270 2340 1327 Ad
2366 1270 2610 1327 beatam
2639 1266 2857 1324 deinde
2886 1264 3284 1323 Theodosiam
3322 1280 3466 1322 con-

1810 1379 2018 1421 versus
2043 1381 2056 1418 :
2091 1365 2239 1429 Non,
2261 1359 2594 1432 inquiebat,
2620 1358 2803 1414 latere
2831 1373 2929 1413 me
2956 1354 3223 1428 potuisti,
3246 1352 3469 1413 facino-

1809 1467 1953 1511 rosa
1969 1455 2027 1508 et
2055 1450 2373 1507 mulierum
2404 1448 2674 1504 omnium
2697 1445 2963 1518 pessima
2993 1458 3154 1500 :non
3183 1442 3332 1501 mihi
3358 1442 3472 1502 fuit

1811 1541 2018 1611 ignota
2045 1545 2147 1596 tua
2162 1539 2263 1596 illa
2287 1538 2602 1594 infraenata
2618 1534 2926 1608 jactantia,
2950 1548 3075 1591 non
3096 1532 3356 1590 audacia
3379 1531 3470 1590 in-

1812 1630 2015 1702 signis.
2048 1629 2193 1686 Novi
2227 1626 2492 1701 profecto
2514 1622 2812 1698 quidquid
2833 1622 3123 1680 adversus
3149 1620 3466 1679 satellitem

1809 1736 2037 1786 meum,
2067 1723 2121 1775 te
2149 1716 2469 1774 hortatrice
2493 1731 2566 1772 ac
2593 1713 2770 1779 duce,
2786 1716 3026 1784 gestum
3045 1710 3239 1782 fuerit,
3264 1714 3323 1768 et
3340 1725 3467 1783 qua

1809 1808 2039 1864 ratione
2068 1805 2411 1863 ministrum
2422 1803 2600 1873 regiis
2622 1801 3141 1873 obwmperantem
3160 1799 3465 1859 mandatis

1807 1896 2145 1953 interimere
2172 1894 2420 1950 minime
2442 1890 2831 1949 dubitaveris.
2854 1887 2989 1946 Mihi
3019 1903 3159 1945 cum
3179 1902 3250 1945 eo
3278 1887 3466 1946 modo

1809 2001 1960 2042 ausa
1988 2001 2052 2041 es
2083 1982 2409 2051 adversari,
2434 1986 2570 2039 tuas
2602 1981 2812 2037 contra
2838 1977 3140 2051 meipsum
3178 1993 3398 2035 manus
3427 1993 3466 2037 a

90 2079 522 2151 κατεπαίρεσθαι,
561 2074 694 2151 μηδ’
716 2079 851 2130 οὕτω
879 2081 1019 2131 κατά
1073 2085 1169 2140 τῆς
1222 2076 1399 2155 ἀρχῆς
1446 2073 1694 2130 αὖθαδιά-

1809 2079 1864 2131 te
1882 2072 2227 2147 compulsas
2246 2071 2426 2128 fuisse
2440 2071 2717 2143 ignorare
2736 2082 2861 2125 non
2884 2070 3075 2143 potes.
3095 2068 3263 2124 hunc
3285 2066 3466 2139 igitur

91 2167 298 2227 ζεσθαι.
344 2165 480 2220 Ἀλλ’
517 2169 683 2220 ἔνεστι
739 2166 1250 2240 μεταϐουλευσαμένῃ
1298 2172 1386 2219 καὶ
1428 2168 1698 2240 πεισθείσῃ

90 2254 498 2326 συμϐουλεύοντι
526 2256 694 2319 πλέον,
738 2256 766 2314 ἦ
801 2258 868 2319 ὡς
908 2253 1121 2330 βασιλεῖ
1150 2276 1232 2308 σοι
1284 2258 1699 2329 προστάσσοντι,

88 2346 449 2416 περισωθῆναι
477 2348 569 2418 μὲν
615 2341 746 2419 τῇδε
776 2350 864 2398 καὶ
904 2342 1194 2398 διαϐιῶσαι
1260 2348 1698 2420 περιφανέστατα,

91 2430 191 2486 ἐκεῖ
218 2429 280 2486 δὲ
305 2439 549 2508 γενομένη
578 2442 671 2498 τῆς
699 2439 963 2509 μακαρίας
1000 2434 1195 2497 ἐκείνης
1250 2442 1432 2507 τυχεῖν
1486 2433 1700 2497 λήξεως.

1808 2163 1975 2220 haud
2005 2178 2150 2219 sane
2165 2162 2391 2234 injusto
2421 2159 2741 2216 adversum
2762 2160 2816 2214 te
2844 2156 3043 2213 furore
3069 2170 3462 2228 consurgens,

1809 2268 1920 2325 pro
1953 2251 2189 2308 sceleris
2199 2248 2619 2319 magnitudine
2639 2262 2853 2320 pmnas
2862 2260 3179 2318 reposcam
3194 2259 3335 2314 ;nec
3352 2244 3463 2301 mi-

1810 2358 1925 2400 nus
1948 2344 2107 2416 juste
2134 2342 2335 2416 reipsa
2363 2355 2602 2397 sumam
2624 2336 2985 2412 supplicium
3003 2333 3182 2392 simul
3198 2337 3256 2392 et
3270 2334 3462 2392 vindi-

1812 2438 1991 2502 ctam,
2017 2437 2081 2488 ut
2097 2447 2275 2488 nemo
2294 2429 2475 2501 regiis
2500 2443 2633 2485 sese
2639 2427 2823 2500 jussis
2853 2425 3247 2500 imposterum
3274 2438 3461 2498 oppo-

89 2534 252 2592 nere,
294 2521 486 2578 aliave
517 2522 745 2579 ratione
779 2523 1002 2579 audeat
1055 2527 1264 2579 contra
1293 2522 1626 2597 principem
1684 2519 1912 2577 efferre.
1963 2523 2131 2576 Potes
2177 2523 2379 2575 tamen
2412 2517 2484 2589 (si
2513 2514 2601 2572 vis
2625 2518 2861 2572 mutare
2887 2516 3175 2581 mentem,
3228 2514 3287 2569 et
3322 2528 3464 2570 sua-

87 2606 270 2678 denti,
298 2616 404 2668 aut
428 2612 645 2685 potius,
682 2615 745 2668 ut
782 2626 987 2683 regem
1017 2611 1207 2680 decet,
1259 2611 1581 2685 imperanti
1633 2609 1872 2685 parere)
1918 2609 2016 2666 hic
2066 2607 2314 2682 quidem
2358 2605 2578 2664 salvari
2616 2609 2675 2662 et
2724 2601 3210 2678 splendidissime
3236 2600 3460 2673 vivere,

86 2698 146 2754 in
174 2699 365 2756 altero
395 2706 596 2757 autem
627 2700 843 2758 saeculo
876 2701 1055 2758 beata
1083 2700 1306 2768 perfrui
1337 2700 1561 2773 requie.

155 2787 259 2847 κα’,
323 2790 482 2843 Ἀλλά
560 2799 666 2852 πῶς
732 2789 791 2842 ἀν
876 2789 1034 2853 ἀξίως
1094 2796 1503 2865 παραστήσαιμι
1557 2789 1694 2863 λόγῳ

88 2881 179 2937 τήν
224 2881 361 2952 μετά
404 2879 605 2942 παλλῆς
653 2882 731 2933 ὅτι
785 2884 1035 2942 συνέσεως
1080 2888 1175 2943 τῆς
1232 2881 1508 2955 Μάρτυρος
1564 2878 1695 2933 ἀπό-

88 2986 263 3041 κρισιν
319 2972 451 3045 πρὸς
513 2973 601 3022 τὸν
641 2973 886 3045 τύραννον
947 2987 961 3038 ;
1003 2974 1155 3023 ποίαν
1192 2969 1348 3041 λόγου
1403 2968 1695 3028 πεπλουτη-

91 3061 191 3117 κὼς
239 3054 462 3131 δύναμιν
524 3075 538 3126 ;
590 3059 621 3119 ἦ
669 3058 859 3131 μᾶλλον
915 3063 1069 3111 ποίαν
1140 3058 1368 3131 εἰληχὼς
1427 3058 1694 3111 ἇπίπνοιαν

90 3145 297 3217 ἄνωθεν,
330 3143 403 3199 δι’
442 3148 501 3209 ἧς
540 3147 671 3205 αὕτη
698 3153 790 3200 καὶ
825 3156 990 3221 σοφῶς
1044 3146 1376 3224 ἀπεκρίνατο,
1433 3153 1522 3201 καὶ
1580 3167 1695 3200 νου-

91 3244 253 3306 νεχῶς
286 3234 606 3313 ¹ἐπεστόμισε
644 3240 729 3289 τὸν
766 3236 1026 3313 βλοσυρὸν
1086 3241 1178 3296 τὴν
1247 3237 1426 3313 ὀφρὺν,
1473 3240 1559 3289 τὸν
1598 3241 1693 3295 τὴν

89 3323 314 3394 γλῶτταν
344 3325 525 3395 πολὺν,
573 3330 660 3378 τόν
703 3328 945 3401 ἄντικρυς
1001 3333 1269 3379 καταπιεῖν
1330 3325 1491 3384 αὐτὴν
1547 3324 1694 3400 βρεν-

94 3413 330 3486 θυόμενον
374 3418 508 3468 κατά
543 3418 630 3468 τὸν
679 3414 973 3468 ἐνοικοῦντά
1028 3419 1097 3487 οὶ,
1153 3419 1238 3468 τὸν
1304 3419 1399 3473 τὴν
1451 3424 1550 3488 γῆν
1602 3420 1692 3468 καὶ

92 3501 355 3557 θάλασσαν
384 3503 659 3578 ἐξαλείφειν
717 3504 1071 3582 ἐπαιρόμενον,
1119 3508 1183 3565 ὡς
1238 3504 1346 3556 ἐνόν
1394 3524 1484 3576 μοι
1527 3512 1692 3557 ταῦτα

91 3585 456 3667 διεννοήσομαι
545 3612 559 3661 ;
646 3597 736 3647 καὶ
781 3598 849 3656 ὡς
905 3593 959 3657 ἐξ
1014 3595 1221 3647 εἰκότων
1279 3593 1395 3669 ἐρῶ.
1466 3592 1690 3666 Ἔγωγε,

90 3688 233 3751 φησι,
288 3681 530 3756 βασιλεῦ,
575 3681 630 3735 ἔκ
680 3678 876 3745 παιδός
923 3683 1069 3744 εὐθὺς
1113 3688 1205 3741 τὴν
1269 3684 1512 3754 ἡσυχίαν
1576 3682 1690 3735 ἐπό-

93 3769 247 3840 θησα,
312 3777 402 3825 καὶ
451 3777 513 3831 τὴ
589 3770 715 3844 ἐμὴν
775 3777 1032 3845 σωτηρίαν
1085 3770 1341 3839 ἐζήτησα,
1389 3776 1478 3823 καὶ
1539 3768 1691 3823 οὐδέν

90 3877 148 3929 με
191 3870 291 3913 τῶν
348 3861 441 3914 τοῦ
496 3867 698 3936 κόσμου
782 3871 1028 3939 τερπνῶν,
1104 3867 1231 3915 Θεοῦ
1310 3865 1687 3935 συναραμένου,

92 3955 178 4010 τῆς
202 3953 491 4026 προθέσεως
534 3960 868 4024 μεταστῆσαι
925 3956 1227 4024 κατίσχυσε
1261 3972 1272 3984 ·
1315 3955 1405 4004 καὶ
1443 3958 1530 4001 νῦν
1576 3952 1691 4002 ἴσθι

91 4044 181 4100 τῆς
218 4044 345 4115 πρὸς
371 4043 498 4093 Θεὸν
531 4038 738 4112 ἀγάπης
792 4049 889 4092 τῶν
956 4040 1195 4093 ἁπάντων
1248 4036 1399 4093 οὐδὲν
1454 4038 1688 4097 ἀποστή-

93 4135 300 4182 σειν.⁴“Ο
325 4137 451 4201 γοῦν
480 4127 540 4181 ἆν
582 4133 658 4188 εἴη
717 4148 800 4182 σοι
856 4128 1173 4202 βουλομένῳ,
1233 4134 1302 4202 μὴ
1358 4133 1689 4189 κατοκνήσας

92 4214 179 4284 ἆγε
240 4214 309 4277 δὴ
350 4223 610 4294 πέρανον·
645 4220 834 4294 σάρκες
892 4216 1009 4271 ἰδοὺ
1065 4218 1252 4281 ξαίνειν
1312 4217 1472 4281 αῦτάς
1524 4221 1685 4291 πρόσ-

90 4320 249 4375 ταττε,
296 4307 544 4383 ἁρμονίας
599 4308 759 4381 μελῶν
828 4304 1082 4379 διασπᾷν,
1141 4306 1273 4360 ὀστᾶ
1336 4306 1687 4372 συνθλάττειν,

90 4394 269 4469 κεραλῇ
320 4401 415 4454 τὴν
467 4401 630 4470 τομὴν
668 4396 946 4468 ἐπενεγκεῖν
983 4417 995 4429 ·
1028 4395 1076 4448 ἓν
1137 4395 1337 4470 βραχεῖ
1379 4416 1532 4469 φημι,
1598 4404 1690 4456 τῆς

90 4477 261 4538 ἐνθάδε
289 4488 429 4549 ζωῆς
460 4490 733 4561 στέρησον,
794 4487 859 4547 ὠς
897 4487 958 4539 οἷν
1014 4505 1078 4558 με
1133 4488 1316 4540 θᾶττον
1370 4493 1432 4544 τῆ
1499 4485 1687 4557 αἰωνίῳ

90 4576 172 4624 καὶ
207 4581 463 4651 κρείττονι
502 4576 926 4651 παραπέμψειας,

1875 2790 1969 2845 2t.
2001 2790 2133 2856 Qua
2163 2803 2326 2845 nunc
2347 2801 2461 2859 ego
2483 2783 2723 2843 dicendi
2758 2781 3041 2841 facultate
3092 2780 3465 2856 sapientissi-

1803 2894 1971 2936 mam
2005 2878 2283 2950 martyris
2315 2876 2395 2933 ad
2425 2881 2755 2950 tyrannum
2778 2871 3316 2947 responsionemin
3331 2886 3459 2930 me-

1802 2968 1971 3025 dium
1998 2967 2303 3042 proferam
2326 2966 2354 3020 ?
2392 2981 2518 3039 qua
2543 2963 2869 3020 verborum
2907 2977 2979 3019 ac
3027 2959 3463 3019 sententiarum

1802 3058 1981 3131 copia
2010 3059 2354 3123 instructus,
2385 3054 2482 3112 vel
2510 3054 2711 3128 potius
2735 3067 2861 3125 qua
2889 3050 2965 3108 de
2990 3051 3147 3109 coelo
3204 3049 3464 3126 inspira-

1802 3148 1962 3206 tione
1988 3151 2330 3204 commotus
2352 3145 2381 3200 ‘I
2406 3160 2512 3218 per
2548 3142 2793 3217 qualem
2822 3139 3044 3198 scilicet
3067 3141 3202 3213 ipsa
3238 3144 3297 3197 et
3323 3154 3463 3213 pru-

1801 3238 2010 3294 denter
2073 3234 2402 3309 respondit,
2464 3236 2521 3290 et
2572 3233 2986 3289 obmutescere
3061 3229 3198 3287 fecit
3266 3228 3456 3302 illum,

1802 3325 2116 3399 supercilio
2148 3324 2407 3381 ferocem
2435 3327 2493 3379 et
2523 3338 2625 3378 ore
2646 3320 2954 3392 turgidum
2996 3336 3011 3389 ;
3051 3318 3240 3391 illum,
3272 3317 3463 3376 instar

1800 3417 2098 3474 daemonis
2112 3411 2599 3481 seinhabitantis,
2614 3408 2988 3467 frendentem
3011 3424 3083 3465 ex
3103 3406 3358 3467 adverso
3379 3406 3461 3466 ad

1800 3504 2253 3576 deglutiendam
2283 3502 2499 3576 ipsam,
2523 3504 2865 3573 terramque
2889 3501 2946 3555 et
2973 3512 3140 3556 mare
3192 3513 3256 3555 se
3279 3511 3459 3572 posse

1800 3595 2039 3652 abolere
2054 3597 2545 3667 praesumentem;
2565 3589 2878 3665 quomodo
2891 3587 3034 3645 talia
3054 3586 3201 3645 mihi
3213 3587 3457 3646 credam

1799 3681 2367 3756 comprehensibilia
2386 3697 2539 3745 esse,
2564 3683 2667 3737 aut
2695 3695 2768 3735 ea
2783 3677 3206 3735 convenienter
3237 3675 3457 3735 valebo

1799 3773 2038 3845 eloqui?
2060 3776 2202 3843 Ego,
2224 3768 2892 3845 responditTheodosia,
2902 3770 3032 3840 jam
3052 3766 3457 3840 indeaprima

1797 3868 1967 3919 aetate
1986 3861 2301 3934 quietioris
2333 3859 2487 3917 etab
2516 3858 2685 3916 omni
2712 3856 3032 3914 hominum
3070 3856 3315 3928 strepitu
3355 3869 3455 3912 re-

1796 3953 2068 4009 motioris
2108 3952 2243 4008 vitae
2269 3949 2567 4007 desiderio
2598 3961 2854 4005 accensa
2874 3945 2981 4017 fui,
3033 3962 3070 4003 ο
3100 3946 3451 4018 imperator,

1795 4058 1907 4100 nec
1921 4043 2122 4097 minus
2150 4037 2587 4113 consequendze
2610 4037 2814 4095 salutis
2843 4051 2995 4093 mea;
3027 4034 3297 4092 studiosa
3310 4033 3453 4109 ;sed

1796 4148 1906 4189 nec
1937 4130 2099 4187 exiis
2125 4130 2481 4204 quidquam,
2504 4143 2641 4201 quae
2685 4124 2953 4183 mundus
2987 4124 3049 4181 in
3102 4123 3281 4181 bonis
3328 4122 3453 4182 suis

1796 4220 2154 4293 gaudiisque
2179 4217 2380 4288 habet,
2397 4234 2434 4274 a
2455 4219 2732 4291 suscepto
2756 4213 3008 4272 consilio
3033 4228 3315 4271 revocare
3328 4230 3447 4286 me,

1795 4312 1915 4366 Deo
1961 4310 2114 4365 bene
2153 4306 2432 4381 propitio,
2471 4304 2676 4362 valuit.
2716 4307 2883 4361 Nunc
2920 4317 3165 4378 quoque
3201 4301 3319 4360 hoc
3342 4302 3451 4361 tibi

1795 4404 1883 4456 est
1912 4397 2245 4469 sciendum,
2272 4414 2303 4453 e
2333 4396 2516 4453 rebus
2564 4395 2845 4452 omnibus
2902 4393 3133 4451 nullam
3177 4393 3447 4467 reperiri,

1794 4505 1929 4561 qum
1961 4504 1996 4545 a
2012 4488 2112 4543 Dei
2135 4487 2417 4544 charitate
2432 4486 2624 4560 possit
2641 4501 2737 4542 me
2758 4482 2943 4542 modo
2968 4482 3091 4541 ullo
3123 4482 3447 4551 abducere,

1794 4577 1851 4632 Si
1880 4578 2057 4649 igitur
2113 4577 2195 4633 ita
2236 4576 2342 4633 tibi
2385 4577 2639 4646 videtur,
2688 4589 2821 4647 age,
2876 4573 3043 4631 nulla
3090 4573 3448 4648 interposita

89 4674 271 4734 mora,
293 4678 505 4721 necem
528 4665 676 4721 after
700 4684 712 4720 :
738 4664 993 4721 exhibeo
1024 4681 1241 4737 corpus
1275 4680 1478 4720 meum
1511 4664 1587 4721 ad
1617 4664 1911 4738 supplicia
1938 4685 1951 4721 :
1985 4665 2335 4723 verberibus
2358 4664 2506 4721 illud
2544 4665 2689 4737 jube
2715 4664 2998 4736 discerpi,
3020 4663 3438 4721 membrorum

90 4761 323 4825 quoque
353 4754 624 4810 omnium
651 4768 1010 4825 compagem
1039 4753 1308 4826 dissolvi,
1345 4753 1636 4823 confringi
1663 4770 1802 4810 ossa
1835 4772 1848 4822 ;
1881 4755 2092 4828 capitis
2130 4754 2564 4812 abscissionem
2590 4755 2841 4828 impera,
2864 4759 3065 4827 atque,
3097 4754 3163 4810 ut
3189 4752 3447 4810 breviter

90 4835 299 4912 dicam,
332 4842 464 4898 vitae
480 4841 661 4915 hujus
686 4858 871 4900 usura
899 4842 1122 4916 privari
1148 4858 1244 4899 me
1267 4842 1435 4915 jube,
1468 4847 1533 4898 ut
1562 4842 1732 4899 citius
1770 4844 1847 4901 ad
1890 4843 2291 4902 immortalem
2328 4843 2761 4917 melioremque
2810 4843 2999 4900 vitam
3028 4857 3136 4915 per
3174 4844 3228 4898 te
3249 4845 3443 4898 trans-

92 4928 303 4990 mittar.

156 5018 256 5091 κβ.
308 5023 521 5082 Τούτοις
577 5023 603 5074 ό
656 5024 896 5095 τύραννος
962 5020 1315 5096 ἐξαπορηθεὶς,
1389 5027 1479 5075 καὶ
1547 5025 1676 5098 πρὸς
1711 5022 1754 5077 D

91 5106 171 5166 τὰς
218 5108 401 5172 λοιπὰς
437 5113 524 5164 τὸν
573 5110 723 5183 λόγον
767 5110 1098 5187 τρεψάμενος,
1166 5111 1302 5164 Ἀλλ’
1370 5113 1516 5185 ὑμεῖς
1595 5130 1673 5183 γε,

93 5202 232 5267 φησί,
272 5205 344 5273 μὴ
386 5208 447 5274 τῇ
522 5206 865 5276 ματαιόφρονι
922 5203 1085 5274 ταύτῃ
1159 5201 1675 5270 κατακολουθήσητε,

92 5282 209 5354 μηδ’
240 5287 288 5351 ἐς
317 5298 562 5342 τοσοῦτον
601 5295 790 5363 μανίας
844 5289 1041 5357 ἔλθητε,
1097 5289 1162 5350 ὡς
1204 5295 1293 5342 καὶ
1352 5299 1451 5342 τῶν
1505 5289 1678 5343 ἐνταῦ-

95 5372 153 5424 θα
179 5373 341 5435 ἡδέων
383 5380 697 5455 στερηθῆναι
749 5384 839 5431 καὶ
889 5388 988 5432 τῶν
1045 5377 1210 5431 ἐκεῖσε
1262 5379 1367 5450 οὐχ
1409 5380 1585 5446 ἧττον,
1633 5378 1677 5430 εἰ

93 5465 156 5529 μὴ
200 5467 405 5537 μᾶλλον,
456 5466 746 5541 ἀμοιρῆσαι
790 5477 1033 5542 τερπνῶν,
1093 5472 1183 5519 καὶ
1228 5473 1352 5542 πρὸς
1401 5488 1461 5540 γε
1507 5488 1675 5520 κατα-

94 5544 398 5616 δικασθῆναι
437 5557 652 5609 θάνατον
690 5560 778 5609 τόν
824 5555 1097 5610 ἀθάνατον.
1153 5557 1217 5608 Αἱ
1258 5552 1338 5621 δὲ,
1392 5557 1459 5619 ὠς
1512 5556 1675 5619 καλῆς

96 5633 409 5700 διδασκάλου
457 5646 612 5700 καλαὶ
671 5654 743 5719 τῷ
798 5650 906 5699 ὄντι
952 5647 1262 5720 μαθήτριαι,
1320 5651 1406 5706 Μὴ
1474 5650 1674 5720 γένοιτο

1857 5027 1947 5079 22.
1978 5025 2098 5079 Hoc
2126 5037 2418 5096 responso
2448 5020 2528 5080 ad
2556 5036 2856 5079 summam
2902 5017 3132 5077 consilii
3166 5015 3441 5092 inopiam

1788 5111 2084 5168 adductus
2148 5118 2462 5184 tyrannus,
2516 5111 2779 5183 virgines
2838 5109 2988 5167 alias
3051 5107 3168 5165 hoc
3222 5104 3441 5164 iterum

1787 5217 2064 5257 sermone
2094 5200 2451 5273 compellat:
2482 5202 2597 5257 Vos
2628 5204 2782 5256 certe
2807 5198 2989 5255 nolite
3018 5197 3249 5254 insana
3297 5194 3440 5253 huic

1785 5290 2019 5346 mulieri
2064 5289 2440 5363 pertinaciter
2483 5289 2808 5356 adhaerere,
2873 5302 3065 5361 eoque
3112 5285 3439 5344 dementia;

1783 5380 2086 5452 progredi,
2114 5384 2178 5436 ut
2205 5396 2312 5435 vos
2342 5385 2400 5434 et
2427 5379 2499 5435 iis
2550 5394 2686 5452 quae
2732 5378 2829 5435 hic
2860 5381 2998 5435 sunt
3031 5376 3211 5435 bonis
3253 5376 3438 5436 orbas

1783 5485 1935 5533 esse,
1964 5473 2021 5525 et
2050 5485 2185 5542 quae
2214 5469 2273 5524 in
2327 5469 2512 5525 altera
2557 5468 2677 5524 vita
2728 5467 3125 5541 reperiuntur,
3188 5466 3439 5541 paribus

1783 5563 1956 5625 certe,
2016 5559 2065 5615 si
2112 5575 2235 5615 non
2309 5558 2661 5630 majoribus,
2730 5557 3135 5631 voluptatibus
3189 5556 3435 5630 privari,

1780 5649 1930 5720 quin
1959 5648 2140 5705 etiam
2178 5647 2257 5704 ad
2282 5652 2538 5705 mortem
2569 5647 2961 5706 condemnari
2989 5652 3297 5719 aeternam,
3329 5661 3439 5721 pa-
