3988 6322
467 347 571 403 915

1713 339 2171 398 CONSTANTINI
2194 340 2661 398 ACROPOLITE

3747 342 3844 394 9l6

461 451 719 540 tiamini,
748 470 867 527 111m
905 473 1127 537 autem,
1190 468 1645 542 quemadmodo
1711 469 1963 541 egregiae
1995 485 2120 526 ma-

2257 471 2404 542 5μᾶς,
2433 473 2583 541 φασὶ,
2636 475 2699 541 τῇ
2764 469 3086 540 θεοπνεὺοτῳ
3141 470 3288 541 ἡμῶν
3334 467 3538 522 ἐναντία
3584 475 3846 542 φρονῆσαι

469 563 667 634 gistraa
707 561 1032 634 discipulas
1063 559 1315 616 decebat
1370 576 1495 616 non
1550 559 1752 616 minus
1807 561 2119 630 egregias:

473 651 659 722 Absit,
683 649 980 724 inquiunt,
1025 653 1090 705 ut
1114 666 1251 705 cum
1292 649 1576 706 divinitus
1602 650 1894 723 inspirata
1938 656 2127 706 matre

475 755 546 797 ac
579 740 866 809 magistra
895 744 1103 795 nostra
1133 754 1256 794 non
1289 738 1503 794 eadem
1537 740 1887 810 sentiamus,
1920 743 1983 796 ut
2014 740 2129 796 tuis

475 825 705 886 morem
735 843 1017 899 geramus
1070 827 1394 895 blanditiis,
1435 832 1501 884 ut
1555 829 1734 884 minis
1777 833 2126 884 terreamur.

477 918 666 990 Hujus
696 933 807 974 nos
839 918 1105 974 instituta
1126 933 1196 974 ac
1225 934 1424 974 mores
1444 918 1770 991 sequimur,
1801 918 1880 974 ab
1917 919 2031 975 hac
2057 934 2130 975 ne

475 1023 536 1064 se
544 1023 846 1080 paremur.
861 1024 998 1064 cum
1013 1007 1426 1064 obsecratione
1441 1007 1720 1080 petimus.
1749 1010 2132 1081 Quaecunque

473 1096 653 1168 igitur
681 1097 759 1154 ab
785 1113 857 1153 ea
886 1096 991 1153 tibi
1021 1097 1181 1153 dicta
1211 1101 1369 1164 sunt,
1421 1097 1634 1153 eadem
1663 1113 1699 1152 a
1754 1097 1930 1153 nobis
1974 1097 2134 1154 dicta

473 1184 581 1242 tibi
604 1190 840 1258 putato.
883 1186 1114 1257 Ingenti
1144 1187 1223 1242 ad
1253 1187 1382 1242 haec
1403 1186 1588 1243 verba
1617 1187 1814 1242 furore
1853 1186 2134 1258 impletus

473 1279 800 1348 tyrannus:
824 1275 1096 1343 lnsanas,
1115 1276 1428 1343 exclamat,
1448 1276 1727 1332 mulieres
1751 1292 1781 1332 e
1811 1279 2135 1348 conspectu

2236 565 2590 632 μυσταγωγῷ,
2649 563 2720 631 μὴ
2799 565 2912 620 ταῖς
2987 565 3105 620 σαῖς
3192 558 3375 621 ὑπεξαι
3443 560 3720 625 Θωπείαις,
3774 564 3841 629 μή

2239 651 2523 724 θροηθῆναι
2599 653 2710 708 ταῖς
2790 646 3043 709 ἀπειλαῖς.
3139 649 3344 709 Ταύτης
3412 647 3565 720 ἐσμὲν
3624 643 3842 718 ὀπαδοὶ,

2236 741 2398 812 ταύτῃ
2433 743 2522 790 καὶ
2580 746 2900 809 συνταγῆναι
2953 739 3244 811 ποιούμεθα
3295 735 3367 790 δι’
3409 738 3578 808 εὐχῆς
3611 758 3626 770 ·
3660 736 3697 789 ἃ
3721 745 3844 808 γοῦν

2237 830 2381 902 παρὰ
2410 829 2601 888 ταύτης
2631 826 2886 895 ἀκήκοας,
2917 827 3060 880 ταῦτ’
3111 829 3358 902 ἄντικρυς
3405 831 3494 878 καὶ
3523 826 3652 899 παρ’
3701 827 3845 898 ἡμῶν

2239 916 2480 977 ἀκηκοὼς
2498 921 2741 988 γίνωσκε.
2778 924 2965 990 Θυμοῦ
2994 915 3211 978 πληθεὶς
3230 915 3312 969 ἐπὶ
3360 920 3564 978 τούτοις
3593 917 3617 967 ό
3659 918 3846 988 τύραν-

2237 1027 2343 1075 νος,
2369 1011 2768 1073 Μεταστήσατε,
2812 1011 2960 1079 φησὶ,
3027 1009 3114 1067 τὰς
3163 1005 3566 1079 ἁπονενοημένας
3612 1004 3674 1068 ἐξ
3722 1003 3846 1075 ἐμοῦ

2241 1094 2335 1150 διὰ
2364 1101 2574 1170 ταχέος,
2606 1097 2637 1156 ἣ
2669 1095 2859 1169 μᾶλλον
2881 1095 2936 1148 ἐκ
2965 1103 3054 1148 τοῦ
3079 1094 3201 1169 βίου
3240 1099 3304 1148 τὰ
3329 1098 3556 1148 κάκιστα
3585 1101 3849 1152 ποιήσατε

2239 1189 2449 1258 γύναια,
2499 1184 2659 1258 βιαίῳ
2718 1188 2918 1256 θανάτῳ
2953 1182 3219 1261 παράδοτε
3264 1186 3332 1246 ὠς
3357 1185 3416 1237 οἶν
3448 1187 3501 1237 αἱ
3539 1193 3628 1245 τῆς
3683 1184 3850 1244 αὐτῆς

2243 1275 2490 1337 ἀπονοίας
2513 1280 2584 1348 μὴ
2617 1283 2709 1328 τοῦ
2755 1273 2937 1328 λοιποῦ
2967 1275 3328 1348 κατατολμῷεν
3359 1279 3424 1328 τὰ
3469 1274 3846 1348 παραπλήσια.

471 1379 609 1422 meo
627 1366 984 1438 quantocius
1005 1365 1275 1437 abripite,
1308 1369 1412 1422 aut
1441 1366 1656 1438 potius,
1683 1371 1746 1421 ut
1804 1370 2107 1421 merentur
2158 1364 2382 1422 crudeli
2430 1369 2620 1422 morte
2667 1364 2957 1438 perimite,
3010 1369 3076 1420 ut
3121 1365 3169 1420 si
3216 1380 3353 1437 quas
3407 1365 3576 1420 istius
3637 1362 3851 1420 adhuc

471 1453 740 1512 fortassis
768 1459 906 1512 sunt
935 1455 1274 1527 dementire,
1310 1454 1527 1512 similia
1556 1458 1899 1528 perpetrare
1931 1454 2371 1511 exhorrescant.

1972 1581 2196 1637 CAPUT
2249 1579 2339 1635 ιν.

981 1705 1046 1763 S.
1081 1704 1422 1762 Theodosia:
1439 1711 1573 1776 post
1593 1707 1892 1763 sociarum
1922 1720 2122 1762 necem
2152 1705 2398 1762 crudele
2423 1705 2789 1774 martyrium
2825 1709 2881 1761 et
2911 1704 3110 1774 gloria
3137 1704 3202 1760 in
3233 1704 3414 1761 caelis.

549 1834 639 1888 23.
665 1827 826 1886 Talia
855 1843 994 1884 cum
1036 1828 1283 1886 dixisset
1339 1834 1656 1902 tyrannus,
1703 1829 1989 1886 continuo
2022 1828 2132 1884 mi-
2175 1830 2216 1884 Β

477 1920 647 1980 nistri
669 1919 817 1991 ejus,
834 1921 1124 1990 tanquam
1138 1919 1289 1989 ignis
1305 1918 1470 1989 ligna
1491 1919 1838 1992 corripiens,
1867 1923 2138 1975 sanctam

481 2011 758 2070 auferunt
786 2024 822 2064 a
852 2012 1181 2080 conspectu
1232 2009 1418 2082 ipsius
1467 2028 1480 2078 ;
1526 2013 1582 2066 et
1629 2015 1872 2065 caeteras
1921 2009 2139 2081 pariter

479 2117 621 2158 cum
661 2115 732 2156 ea
775 2097 1106 2164 abducunt,
1163 2099 1406 2155 trahunt
1453 2115 1559 2171 per
1598 2099 1809 2163 crines,
1865 2097 2139 2154 maxillas

478 2190 839 2266 percutiunt,
873 2203 979 2261 per
1016 2187 1247 2260 plateas
1295 2193 1536 2261 raptant
1563 2187 1904 2244 insolenter.
1947 2191 2140 2259 Atque

479 2281 591 2339 has
634 2279 881 2352 quidem
939 2276 1175 2350 absque
1226 2293 1399 2334 mora
1455 2277 1770 2334 crudeliter
1820 2277 2137 2343 trucidant,

478 2368 980 2440 venerandasque
1009 2382 1219 2423 revera
1269 2367 1564 2434 victimas,
1614 2367 1919 2436 religionis
1952 2382 2140 2422 causa

479 2462 792 2527 mactatas,
825 2455 1064 2512 Numini
1095 2471 1377 2528 supremo
1411 2457 1626 2512 sistunt
1670 2455 1947 2511 homines
1977 2455 2140 2512 nefa-

479 2546 572 2604 rii.
602 2551 922 2618 postremae
971 2544 1493 2600 condcmnationis
1551 2544 1611 2600 in
1668 2544 1880 2599 ultimo
1933 2544 2143 2599 mundi

479 2642 774 2708 tempore,
806 2649 929 2690 non
952 2633 1078 2689 sine
1109 2633 1326 2704 insigni
1353 2649 1464 2690 suo
1495 2634 1744 2707 pudore,
1782 2633 1960 2689 futuri
2011 2635 2096 2690 rei
2127 2651 2140 2690 :

482 2727 728 2784 beatam
773 2739 913 2780 vero
961 2723 1382 2793 Theodosiam,
1414 2725 1489 2780 de
1539 2740 1660 2797 qua
1697 2723 1992 2798 plurimus
2021 2721 2145 2794 regi

485 2816 678 2874 fuerat
706 2829 923 2882 sermo,
956 2813 1034 2870 ad
1065 2813 1313 2870 alteram
1371 2817 1676 2870 servantes
1725 2814 2142 2886 quaestionem,

487 2907 704 2964 iterum
747 2918 886 2959 cum
925 2918 998 2959 ea
1040 2901 1208 2975 loqui
1261 2907 1590 2976 cmperunt,
1641 2907 1698 2959 et
1743 2903 2147 2975 quamobrem

491 2993 874 3068 pertinaciter
903 2991 1056 3049 adeo
1091 2992 1163 3048 iis
1191 3007 1328 3066 quas
1358 2992 1818 3066 imperabantur
1848 2992 2147 3049 contradi-

497 3087 676 3154 ceret,
713 3083 1079 3156 pecunctari.

560 3177 649 3230 24.
702 3176 774 3229 At
820 3187 964 3229 vero
1028 3171 1209 3229 beata
1266 3176 1508 3245 martyr,
1568 3189 1810 3229 summa
1855 3173 2149 3244 sapientia
2185 3188 2226 3244 ρ

490 3277 858 3334 summaque
887 3261 1072 3318 animi
1093 3261 1435 3318 fortitudine
1466 3263 1548 3318 ita
1572 3278 1676 3318 eos
1707 3266 1796 3318 est
1842 3262 2102 3318 allocuta
2131 3279 2144 3317 :

488 3354 610 3421 Ego
648 3365 892 3424 quoque
935 3350 1019 3417 id,
1072 3365 1108 3406 ο
1161 3349 1327 3416 boni,
1377 3365 1451 3406 ex
1485 3351 1658 3407 vobis
1723 3367 1948 3423 quaero,
2001 3351 2149 3424 quid

488 3439 733 3497 tandem
765 3454 898 3494 esse
928 3439 1119 3511 possit
1148 3438 1209 3494 in
1249 3455 1457 3505 causa,
1499 3455 1606 3495 cur
1643 3439 1721 3496 ad
1766 3442 2062 3496 cruciatus
2094 3447 2150 3498 et

487 3531 743 3584 mortem
772 3541 869 3583 me
889 3526 1331 3597 designetis?An
1353 3529 1846 3600 proptereajquod
1874 3529 2150 3600 religiose

488 3617 760 3673 venerari
782 3615 1116 3672 staduerim
1144 3616 1272 3688 ejus
1299 3616 1650 3686 imaginem,
1678 3618 1782 3689 qui
1813 3635 1950 3673 cum
1997 3621 2150 3675 Deus

491 3709 648 3764 esset
679 3708 923 3778 propter
960 3719 1057 3760 me
1095 3709 1274 3761 natus
1331 3709 1420 3761 est
1465 3705 1670 3775 homo,
1729 3706 1936 3762 similis
1983 3708 2149 3763 mei?

493 3800 597 3852 aut
629 3794 758 3866 ejus
780 3792 885 3866 qui
905 3796 1093 3849 Deum
1122 3797 1177 3848 et
1204 3793 1513 3850 hominem
1543 3793 1773 3867 absque
1832 3795 1948 3852 ulla
1975 3796 2150 3866 virgi-

495 3884 696 3941 nitatis
723 3899 850 3939 suae
880 3882 1016 3939 labe
1041 3884 1270 3956 peperit
1289 3884 1435 3940 ?aut
1464 3899 1673 3940 eorum
1703 3885 1804 3958 qui
1833 3884 2150 3941 Salvatoris

499 3972 828 4030 adventum
881 3972 1110 4028 mundo
1177 3972 1456 4029 universo
1513 3973 1946 4029 annuntiarunt
1983 3974 2011 4029 ?
2049 3978 2153 4030 aut

500 4062 761 4135 denique
813 4077 1023 4119 eorum
1073 4062 1178 4135 qui
1233 4078 1411 4118 suum
1454 4078 1562 4135 pro
1620 4063 1834 4118 Christi
1880 4064 2152 4120 doctrina

494 4148 781 4209 fuderunt
827 4151 1206 4221 sanguinem,
1261 4151 1487 4224 quique
1552 4151 1670 4208 alia
1698 4152 1876 4208 etiam
1925 4153 2151 4208 ratione

506 4239 777 4296 divinam
808 4240 920 4296 sibi
975 4239 1302 4296 amicitiam
1344 4241 1659 4297 conciliare
1699 4246 1838 4297 sunt
1881 4243 2076 4298 conati
2123 4242 2151 4298 Ἰ

507 4328 824 4395 Quomodo
852 4345 994 4385 vero
1015 4344 1139 4384 non
1188 4329 1420 4400 optima
1449 4345 1584 4384 cum
1629 4329 1858 4385 ratione
1893 4329 2151 4386 .stultam

507 4435 604 4475 me
632 4419 897 4475 dicerent
924 4423 981 4475 et
1001 4419 1301 4486 insanam,
1329 4419 1377 4474 si
1406 4424 1602 4476 vestra
1632 4420 1897 4491 profecto
1945 4420 2153 4477 deliria

2317 1828 2412 1900 κγ’.
2464 1832 2564 1882 Καὶ
2593 1829 2618 1880 ό
2668 1831 2757 1900 μεν
2797 1828 2944 1881 ταῦτ’
2990 1831 3103 1902 ἔφη,
3139 1829 3205 1880 Οἱ
3245 1824 3293 1880 δ’
3354 1827 3520 1894 εὐθὺς,
3583 1834 3692 1901 πῦρ
3728 1828 3860 1889 ὕλης

2245 1920 2417 1993 ὧσπερ
2447 1915 2788 1991 δραξάμενον,
2820 1923 2912 1977 τήν
2961 1937 3014 1970 τε
3061 1917 3214 1989 ἁγίαν
3267 1919 3550 1989 μεθιστᾶσι
3605 1923 3701 1970 καὶ
3768 1921 3863 1979 τὰς

2248 2012 2340 2060 σὺν
2373 2008 2502 2080 αὐτῇ
2557 2009 2944 2080 συναπάγουσι,
3004 2016 3103 2060 τῶν
3157 2015 3356 2079 τριχῶν
3415 2007 3657 2073 ἕλκοντες,
3721 2012 3866 2060 κατα

2244 2107 2467 2171 παρειῶν
2529 2101 2820 2165 τύπτοντες,
2885 2094 2978 2150 διὰ
3051 2096 3299 2149 πλατειῶν
3374 2099 3636 2170 σύροντες.
3698 2097 3864 2150 Ἀλλὰ

2245 2189 2340 2248 τὰς
2363 2189 2453 2259 μὲν
2488 2185 2646 2249 ἄλλας
2684 2187 2831 2247 εὐθὺς
2886 2187 3195 2259 σφάττουσι,
3254 2191 3343 2238 καὶ
3398 2187 3604 2258 θύματα
3658 2190 3866 2247 ταύτας

2245 2282 2396 2349 τίμια
2419 2285 2491 2347 τῷ
2523 2278 2631 2328 όντι
2653 2296 2713 2348 γε
2741 2282 2832 2328 καὶ
2879 2275 3144 2349 σεϐάσμια
3197 2280 3556 2349 προσήνεγκαν
3616 2285 3692 2346 τῷ
3746 2285 3864 2346 Θεῷ

2248 2367 2296 2417 οἱ
2369 2375 2464 2426 τῆς
2518 2364 2752 2437 ἐσχάτης
2803 2369 2932 2440 πρὸς
3009 2373 3071 2437 τῇ
3161 2362 3526 2439 ἀνυπερϐλήτῳ
3613 2365 3859 2439 αἰσχύνῃ

2248 2452 2542 2516 καταδίκης
2589 2454 2668 2506 ἐπ’
2739 2453 2953 2526 ἐσχάτῳ
3013 2459 3102 2506 καὶ
3149 2455 3428 2506 ὑπεύθυνοι
3477 2475 3489 2486 ·
3538 2457 3631 2513 τὴν
3682 2451 3752 2507 δέ
3806 2475 3864 2525 γε

2249 2547 2511 2615 μακαρίαν
2541 2545 2734 2600 ταύτην
2801 2538 3114 2608 Θεοδοσίαν,
3160 2542 3218 2602 ἧς
3259 2546 3378 2615 πέρι
3415 2545 3500 2592 καὶ
3537 2549 3609 2611 τῷ
3643 2538 3867 2613 βασιλεί

2249 2631 2394 2702 λόγος
2445 2633 2522 2683 ὅτι
2571 2630 2729 2694 πολὺς
2785 2632 2877 2699 ἧν,
2935 2631 3007 2693 εἰς
3078 2627 3324 2704 δευτέραν
3377 2629 3688 2703 ἐταμίευσαν
3769 2635 3867 2687 τὴν

2253 2720 2508 2788 ἐξέτασιν,
2536 2725 2625 2773 καὶ
2661 2720 2732 2783 εἰς
2759 2720 2947 2792 λόγους
2975 2716 3126 2782 αὖθις
3163 2717 3318 2779 ἦλθον
3373 2719 3526 2792 αὐτῇ,
3576 2725 3668 2771 καὶ
3732 2720 3864 2794 ὑπὲρ

2253 2811 2372 2862 ὅτου
2422 2812 2681 2868 τοσαύτην
2745 2817 2966 2863 ποιεῖται
3041 2813 3136 2868 τὴν
3201 2811 3443 2862 ἔνστασιν
3502 2810 3867 2862 πυνθάνεσθαι

2255 2903 2283 2958 ἦ
2294 2898 2457 2956 θελον.

2326 3163 2429 3222 κδ’.
2487 3171 2588 3220 Καὶ
2643 3165 2673 3224 ἢ
2753 3166 2895 3239 μάλα
2960 3173 3198 3232 συνετῶς,
3252 3168 3394 3238 μάλα
3437 3167 3680 3236 γενναίως
3737 3169 3871 3239 πρὸς

2255 3256 2442 3318 αὐτοὺς
2495 3259 2678 3328 ἔφησεν
2713 3278 2725 3290 ·
2767 3255 2904 3308 Ἀλλ’
2957 3257 3105 3328 ὑμεῖς
3157 3273 3234 3326 γε,
3289 3251 3328 3305 ὦ
3384 3254 3595 3325 λῷστοι,
3657 3257 3870 3307 πυνθά-

2253 3366 2430 3419 νομαι,
2482 3350 2619 3407 τίνος
2662 3365 2724 3418 με
2773 3344 2938 3397 εἰνεκα
3010 3340 3390 3404 καταδικάζετε
3458 3345 3678 3397 θάνατον
3729 3361 3744 3410 ;
3794 3347 3872 3396 ότι

2254 3443 2561 3510 προσκυνεῖν
2617 3433 2768 3487 ἐθέλω
2823 3439 2915 3492 τὴν
2973 3432 3145 3486 εἰκόνα
3181 3440 3273 3485 τοῦ
3331 3429 3404 3486 δι’
3475 3431 3561 3505 ἐμὲ
3607 3433 3728 3484 κατ’
3789 3432 3873 3506 ἐμε

2253 3528 2520 3596 γεγονότος
2572 3531 2706 3576 Θεοῦ
2771 3539 2785 3590 ;
2840 3524 2966 3595 πρὸς
3017 3518 3077 3574 δε
3123 3541 3182 3593 γε
3223 3531 3319 3583 τῆς
3363 3521 3638 3596 ἁχράντως
3686 3530 3873 3574 τουτον

2255 3615 2556 3679 remeam;
2608 3620 2707 3663 τῶν
2760 3610 3092 3684 κηρυξάντων
3146 3610 3302 3663 αὑτὸν
3350 3609 3398 3662 ἐν
3451 3617 3567 3671 ταῖς
3621 3615 3872 3684 πέρασις

2255 3710 2355 3754 τῶν
2408 3701 2875 3776 ὑπεραθλησάντων
2907 3700 3066 3752 αὐτοῦ
3118 3717 3131 3766 ;
3187 3709 3286 3753 τῶν
3347 3699 3510 3761 ἄλλως
3590 3699 3875 3773 εὐαρεστη·

2259 3795 2456 3846 σάντων
2505 3793 2642 3862 αὐτῷ
2682 3809 2694 3858 ;
2743 3795 2844 3844 Καὶ
2888 3797 2998 3852 πῶς
3054 3790 3141 3852 οὓς
3192 3789 3288 3852 ἔξω
3334 3794 3576 3862 γενοίμην
3623 3798 3718 3841 νοῦ
3787 3796 3874 3841 καὶ

2257 3891 2466 3957 φρενῶν,
2522 3889 2630 3941 τοῖς
2683 3880 3006 3952 αὐτόχρημα
3059 3877 3396 3954 παραπλῆξιν
3481 3880 3603 3950 ὑμῖν
3645 3897 3878 3953 συμφρο-

2256 3976 2485 4037 νήσασα,
2539 3971 2568 4028 ἡ
2618 3975 2707 4022 καὶ
2759 3968 3005 4031 καθάπαξ
3055 3970 3340 4021 πεισθεῖσα
3408 3975 3623 4020 τοιαῦτα
3711 3988 3874 4019 κατα-

2255 4063 2582 4134 ναγκάζουσι
2645 4080 2657 4129 ;
2730 4067 2840 4121 Πῶς
2889 4055 2938 4112 δ’
3015 4058 3375 4131 ἀνασχοίμην,
3443 4061 3535 4119 τάς
3585 4060 3726 4119 θείας
3783 4065 3872 4111 καὶ

2260 4155 2452 4214 σεπτὰς
2511 4151 2710 4212 εἰκόνας
2765 4149 3128 4222 χλευαζόντων
3208 4150 3372 4220 ὑμῶν,
3437 4153 3527 4200 καὶ
3574 4147 3873 4200 καλούντων

2258 4242 2415 4303 αὐτὰς
2475 4236 2666 4292 εἴδωλα
2712 4255 2725 4306 ;
2785 4242 2863 4292 Τὰ
2928 4240 3027 4313 γὰρ
3110 4233 3300 4290 εἴδωλα
3364 4236 3736 4289 Ξινυποστάτων
3783 4242 3869 4288 καί

2259 4331 2383 4402 ψιλῇ
2443 4325 2865 4401 διατυπουμένων
2935 4325 3135 4400 ἐπινοίᾳ
3185 4325 3470 4398 πλάσματά
3540 4345 3595 4378 τε
3664 4332 3757 4378 καί
3807 4326 3871 4378 εἰ⁸

2259 4423 2508 4493 χάσματα
2565 4415 2934 4490 διεγνωκαμεν,
3008 4413 3123 4470 οὐδ’
3206 4414 3369 4475 ἀληθῆ
3424 4417 3490 4468 τὰ
3549 4420 3873 4488 πρωτότυπα

507 4523 620 4578 ego
647 4507 826 4563 etiam
848 4507 1098 4563 delirare
1128 4507 1190 4562 in
1217 4507 1488 4563 animum
1521 4509 1868 4565 inducerem
1889 4511 1916 4565 ?
1957 4509 2148 4565 autab

2262 4515 2352 4561 καί
2407 4514 2560 4580 τίμια
2610 4508 2727 4560 καθ’
2781 4507 2916 4559 αὑτὰ
2969 4510 3059 4558 καί
3118 4504 3400 4577 σεϐάσμιοι,
3441 4513 3530 4565 τῆς
3570 4504 3736 4566 αὐτῆς
3783 4509 3872 4556 καί

503 4598 576 4655 iis
604 4596 955 4671 persuaderi
984 4596 1132 4652 mihi
1157 4596 1435 4662 sinerem,
1465 4597 1570 4670 qui
1599 4600 1677 4652 ad
1706 4598 1973 4654 absurda
2001 4598 2154 4655 adeo

504 4685 848 4761 pertrahere
864 4702 961 4742 me
999 4691 1294 4742 conantur
1329 4687 1356 4742 τ
1398 4685 1465 4741 ld
1511 4690 1711 4742 autem
1759 4703 1882 4760 qua
1910 4689 2156 4743 tandem

2268 4601 2322 4650 αἰ
2397 4598 2579 4658 εἰκόνες
2653 4595 2706 4646 ἐκ
2779 4602 2868 4648 τοῦ
2954 4594 3145 4655 εἰκότος
3231 4601 3386 4666 τιμῆς
3476 4595 3874 4652 καθεστήκασιν

2266 4688 2331 4750 ἅξ
2337 4707 2410 4742 ια.

505 4776 739 4836 ratione
761 4774 1000 4834 valeam
1031 4775 1302 4843 tolerare,
1334 4775 1500 4848 quod
1531 4791 1714 4832 sacrae
1745 4781 1802 4832 et
1825 4775 2186 4834 venerandae
2215 4776 2508 4847 imagines
2539 4774 2678 4830 odio
2709 4772 2881 4829 vobis
2923 4772 3041 4830 sint
3069 4774 3127 4828 et
3154 4771 3438 4836 ludibrio,
3472 4777 3528 4827 et
3554 4787 3665 4843 pro
3695 4771 3876 4828 idolis

505 4867 897 4926 habeantur?
927 4865 1090 4922 ldola
1117 4868 1273 4921 certe
1320 4865 1600 4922 novimus
1628 4881 1764 4922 esse
1821 4866 2142 4923 simulacra
2193 4883 2391 4922 rerum
2423 4881 2545 4921 non
2599 4863 3074 4932 subsistentium,
3104 4866 3161 4917 et
3189 4861 3385 4917 solerti
3433 4860 3734 4918 industria
3783 4877 3874 4918 re-

503 4960 1006 5031 praesentatarum
1043 4955 1331 5026 ﬁgmenta
1359 4973 1372 5010 :
1399 4971 1662 5028 quorum
1704 4960 2024 5029 prototypa
2068 4972 2208 5012 cum
2227 4971 2370 5012 vera
2394 4969 2518 5009 non
2543 4952 2678 5023 sint,
2707 4967 2904 5024 neque
2934 4967 3040 5023 per
3069 4965 3202 5006 sese
3240 4949 3658 5006 aestimationis
3693 4949 3874 5006 ullius

507 5051 611 5106 aut
637 5046 829 5120 pretii,
860 5059 1236 5118 consequens
1257 5048 1364 5114 est,
1391 5050 1452 5101 ut
1476 5045 1624 5117 ipsm
1654 5045 1948 5116 imagines
1983 5045 2167 5101 nihilo
2193 5043 2408 5116 majori
2437 5043 2814 5097 veneratione
2847 5040 2962 5095 sint
2989 5039 3207 5110 dignae.

579 5139 666 5191 ‘25.
710 5138 780 5192 Ut
809 5135 987 5206 igitur
1011 5134 1209 5191 verbis
1239 5134 1386 5190 nihil
1409 5141 1616 5191 contra
1643 5151 1778 5192 eam
1805 5135 1957 5191 efﬁci
1976 5151 2155 5208 posse

509 5229 938 5296 cognoverunt,
968 5240 1155 5296 quam
1181 5228 1348 5280 tanta
1374 5224 1561 5280 animi
1585 5224 1862 5280 ﬁrmitate
1910 5240 2158 5295 respon-

509 5313 774 5384 dentem,
808 5313 1072 5387 'tamque
1133 5315 1433 5388 sapienter
1484 5329 1713 5369 errores
1753 5312 2162 5369 confutantem

511 5401 884 5474 audiverant,
928 5402 1270 5459 immaniter
1325 5419 1458 5459 eam
1501 5402 1726 5458 caedere
1788 5407 2096 5474 coeperunt
2148 5421 2161 5470 ;

508 5490 796 5564 quodque
822 5491 1087 5548 oratione
1118 5491 1479 5564 persuadere
1502 5507 1621 5546 non
1655 5492 1986 5560 valuerant,
2032 5508 2161 5548 ver-

509 5581 725 5638 berum
768 5581 1074 5637 atrocitate
1129 5587 1478 5654 extorquere
1519 5586 1656 5636 sunt
1707 5583 2002 5652 aggressi.
2049 5582 2162 5639 Sed

509 5669 675 5744 quod
701 5668 1077 5728 intenderant
1106 5685 1227 5725 non
1253 5669 1436 5726 modo
1472 5685 1594 5725 non
1643 5673 1784 5726 sunt
1837 5672 2161 5744 consecuti,

2335 5132 2423 5187 κε’.
2475 5130 2559 5192 Ὠς
2611 5127 2697 5183 οὖν
2764 5132 2992 5201 ἔγνωσαν
3064 5129 3122 5180 οὐ
3195 5127 3370 5200 λόγοις
3419 5135 3600 5180 πεῖσαι
3678 5131 3877 5187 ταύτην

2270 5220 2568 5295 δυνάμενοι,
2621 5222 2754 5273 οὕτω
2810 5239 2891 5272 τοι
2971 5218 3191 5294 στερρῶς
3259 5217 3670 5292 ἁποκρινομένην
3726 5221 3881 5293 ὀρῶν-

2270 5333 2352 5376 τες
2420 5316 2508 5364 καί
2595 5319 2818 5372 συνετῶς
2902 5309 3063 5368 αὐτὴν
3144 5314 3578 5376 περιτρέπουσαν,
3655 5307 3880 5368 ἀνηλεῶς

2271 5403 2546 5474 μαστίζειν
2601 5401 2976 5475 προήχθησαν,
3032 5402 3121 5450 καί
3177 5398 3202 5450 ὃ
3255 5403 3327 5470 μὴ
3381 5400 3556 5469 φθαῖεν
3609 5394 3880 5456 δνηϐέντες

2595 5319 2818 5372 συνετῶς
2902 5309 3063 5368 αὐτὴν
3144 5329 3236 5384 περ
3246 5314 3578 5382 ιτρέπουσαν,

2269 5495 2460 5557 πειθοῖ,
2495 5489 2589 5563 βίᾳ
2650 5491 2986 5560 κατισχύσαι
3036 5483 3403 5546 διενοήθησαν.
3444 5485 3581 5541 Ἀλλ’
3613 5486 3879 5560 ἀπέτυχον

2271 5590 2362 5635 τοῦ
2413 5588 2632 5648 σκοποῦ,
2701 5578 2829 5632 ἀλλὰ
2881 5575 3174 5651 διήμαρτον
3217 5585 3310 5640 τῆς
3359 5572 3571 5637 ἐλπίδος
3615 5581 3746 5650 πρὸς
3794 5581 3878 5649 μεν

2269 5675 2370 5746 γὰρ
2421 5673 2606 5746 μικρὸν
2668 5669 2796 5728 αὐτὴ
2853 5667 3098 5737 θέλξασα,
3164 5665 3373 5742 βρατῶν
3435 5665 3875 5738 ἀφρονεστάτους,
