3988 6322
69 366 201 421 917

1449 359 1520 414 ΙΝ
1563 358 1618 416 S.
1661 355 2132 414 THEODOSIAM.

3367 356 3472 414 918

66 491 234 542 κοιτὰ
268 492 356 542 τὸν
414 487 643 558 εἰπόντα,
701 484 982 558 διήλεγξεν.
1034 488 1101 538 Οἱ
1152 488 1242 558 μεν
1286 487 1385 558 γὰρ
1449 486 1564 544 τούς
1615 485 1690 536 τύ-

1812 497 2022 538 verum
2050 481 2230 537 etiam
2259 479 2426 538 omni
2459 495 2708 554 prorsus
2766 479 3114 537 exciderunt
3174 495 3301 553 spe,
3333 495 3472 554 qum

73 598 321 639 πτοντας
352 577 644 636 έπέστησαν
692 582 782 630 καὶ
837 578 932 638 τὰς
982 577 1243 648 μάστιγας
1297 571 1696 647 διηυτρέπισαν·

72 669 106 726 ἡ
147 665 212 721 δ’
245 663 436 721 ούδένα
479 667 627 739 λόγον
679 674 820 735 σφῶν
880 669 1231 737 ποιησαμένη,
1280 666 1348 725 ὡς
1401 663 1474 726 εἰς
1520 663 1704 734 λόγους

75 757 257 819 αὖθις
289 759 417 830 ἴγνω
470 764 664 832 χωρεῖν
721 754 1014 828 μελλοντας,
1073 753 1139 806 Ὀ
1204 753 1474 819 ϐούλεσθε,
1521 757 1698 824 φησίν,

74 850 158 918 μὴ
233 846 442 919 μέλλετε
529 843 969 920 διαπράττεσθαι.
1031 842 1171 896 Ἰστε
1212 852 1326 913 τῆς,
1390 843 1454 904 ἧς
1509 844 1705 914 ἔχομαι

73 939 337 1008 γνώμης,
390 934 775 1007 ἑκστησομένην
843 930 1110 986 οὐδέποτε·
1197 932 1256 984 ού
1329 934 1429 1004 γάρ
1508 935 1569 995 μέ
1625 951 1705 992 τις

76 1029 325 1083 πτοήσει
386 1033 484 1077 τῶν
542 1023 843 1076 ἀποκτεῖναι
916 1027 1006 1095 μέν
1063 1025 1121 1074 τὸ
1182 1030 1334 1094 σῶμα
1381 1017 1700 1093 δυναμένων,

75 1113 436 1186 λυμήνασθαι
489 1111 549 1166 δε
569 1111 925 1186 μηδοπωσοῦν
987 1113 1279 1184 ἰσχυόντων
1328 1131 1427 1183 μου
1486 1120 1547 1170 τῆ
1602 1109 1706 1180 ψυ-

77 1212 190 1274 χῆ,
247 1204 317 1264 ὡς
369 1205 394 1255 ὀ
442 1209 532 1256 καὶ
583 1203 770 1275 ψυχὴν
827 1206 958 1277 πρὸς
1023 1211 1096 1272 τῷ
1153 1207 1360 1273 σώματι
1421 1197 1704 1272 δυνάμενος

78 1292 372 1360 ἀπολέσαι,
417 1293 507 1346 ἅτε
566 1290 892 1367 δημιουργὸς
947 1293 1016 1343 ὡν
1072 1290 1262 1364 ἀμφοῖν
1305 1295 1395 1342 καὶ
1446 1285 1706 1350 δεσπότης

76 1383 337 1437 ὑπέθετο.

155 1648 271 1712 κζ’.
329 1656 447 1710 Πῶς
515 1649 685 1701 οἴεσθε
761 1646 902 1700 ταῦτ¹
973 1644 1286 1706 ἀκούσαντες
1361 1641 1705 1710 διετέθησαν;

82 1744 208 1800 Πῶς
246 1741 299 1790 oi
327 1743 422 1797 τὴν
453 1737 610 1812 ὀφρὺν
643 1737 698 1790 ἐκ
727 1745 819 1789 τοῦ
853 1735 1135 1809 βασιλείου
1194 1737 1418 1808 κράτους
1472 1735 1707 1806 αύχοῦν-

233 1833 334 1886 τὴν
417 1831 676 1886 τοσαύτην

81 1916 227 1970 Βὶλει
265 1919 406 1969 καθά
429 1937 533 1970 τινι
589 1922 682 1976 τὴν
736 1913 962 1992 καρδίαν
1031 1915 1344 1974 ἐϐλήθησαν·
1389 1915 1556 1968 τοίνυν
1613 1918 1703 1966 καὶ

1359 2004 1700 2078 ἐγεγόνεισαν,

79 1846 166 1890 τες

82 2009 468 2079 συνεχύθησαν
522 2017 595 2078 τῷ
645 2009 816 2079 θυμῷ,
881 2012 970 2058 καὶ
1038 2007 1274 2078 ἐκμανεῖς

77 2095 185 2148 κάκ
213 2104 313 2149 τοῦ
344 2100 496 2171 ἔργον
526 2104 681 2149 τοῦτο
740 2100 1099 2171 παρέστησαν·
1155 2096 1214 2147 ού
1256 2099 1357 2167 γὰρ
1408 2094 1488 2146 ὁτι
1544 2098 1698 2165 γυνὴ,

77 2181 427 2238 οὐδ’ότιτὸν
459 2184 575 2258 βίον
615 2188 774 2248 ὁσίως
824 2205 878 2238 τε
944 2191 1034 2238 καὶ
1101 2184 1380 2258 ἀμέμπτως
1431 2180 1696 2245 διήνυσεν,

82 2275 157 2336 εἰς
189 2283 318 2327 νοῦν
369 2275 499 2337 ὅλως
558 2274 755 2345 ἔϐαλον,
807 2274 910 2326 ἀλλ⁸
957 2277 1081 2328 ὡσεί
1139 2295 1255 2326 τινα
1303 2273 1522 2339 ληστὴν,
1576 2273 1702 2325 ὡσεὶ

79 2384 203 2418 τινα
251 2372 567 2438 κακοῦργον,
631 2369 662 2423 ἤ
715 2371 803 2418 καὶ
856 2385 907 2417 τι
960 2373 1057 2415 τῶν
1126 2363 1482 2426 ἐξωλεστάτων
1539 2361 1699 2423 ἄλλως

79 2460 318 2526 γυναίων
354 2457 604 2531 ῥιπτοῦσι
659 2458 796 2508 κατὰ
850 2463 964 2527 γῆς,
1047 2455 1395 2526 μαστίςουσιν
1473 2452 1694 2513 ἀπηνῶς.

81 2544 221 2598 Ἀλλ’
253 2548 306 2598 οἱ
345 2550 433 2618 μὲν
463 2549 696 2614 ἔτυπτον,
728 2551 818 2598 καὶ
849 2548 946 2604 ὃση
976 2564 1036 2616 γε
1077 2545 1237 2616 ἰσχὺς
1263 2547 1499 2612 ἔτυπτον,
1549 2546 1578 2601 ἡ
1646 2540 1696 2595 δ’

87 2633 161 2696 εἰς
213 2635 438 2710 οὐρανόν
476 2639 564 2687 τόν
605 2643 722 2687 νοῦν
775 2634 1102 2699 ἀνατείνασα,
1152 2639 1240 2685 καὶ
1305 2633 1393 2691 ὅλη
1452 2637 1693 2704 γενομενη

80 2731 175 2775 τοῦ
207 2729 519 2798 κρείττονος,
551 2721 663 2796 εὖγε
700 2732 793 2777 τοῦ
824 2725 1091 2798 θάρσουςι
1149 2731 1264 2794 εῦγε
1315 2730 1410 2784 τῆς
1457 2723 1522 2782 εἰς
1567 2725 1696 2775 Θεὸν

1097 2822 1188 2874 τῆς
1301 2816 1658 2884 γενναιότητος
1679 2811 1691 2866 l

1059 2905 1324 2976 στερέωμά

80 2817 312 2872 πεποιθὰ
323 2814 478 2877 σεωςῑ
505 2816 753 2889 ύπέρευγε
818 2817 982 2871 ταύτη

82 2901 351 2974 ῦπέψαλλε
405 2908 632 2976 κειμένη·
764 2907 951 2977 Κύριος
1059 2905 1324 2976 στερέωμά
1417 2921 1515 2974 μου
1604 2905 1696 2952 καὶ

80 2999 365 3066 καταφυγή
396 3013 516 3066 μου,
549 2999 638 3046 καὶ
667 2995 862 3068 ῥύστης
907 3011 1027 3064 μου·
1089 2994 1113 3043 ὁ
1163 2996 1290 3054 Θεός
1355 3011 1454 3064 μου
1501 2989 1694 3064 βοηθός

81 3101 206 3152 μου,
266 3086 420 3157 κέρας
467 3089 733 3156 σωτηρίας
818 3101 938 3154 μου,
1028 3086 1120 3133 καὶ
1188 3079 1511 3154 ἀντιληπτωρ
1569 3099 1690 3151 μου,

79 3173 133 3222 ὃν
190 3170 572 3243 ἐπικαλουμένη

81 3259 473 3332 ὑπερϐήσομαι,
507 3264 565 3312 τὸ
628 3268 722 3321 τῆς
777 3255 1093 3322 κακοδοξίας
1155 3267 1305 3311 τοῦτο
1359 3254 1690 3332 διάφραγμα,

78 3348 104 3399 ὃ
133 3345 464 3421 διατειχίζει
492 3353 582 3421 μεν
606 3357 760 3420 Θεοῦ,
796 3346 1119 3422 διατειχίζεῑ
1151 3346 1208 3401 δὲ
1238 3354 1326 3401 καὶ
1367 3357 1462 3410 τῆς
1523 3347 1694 3420 ἀφρά-

83 3455 211 3490 στου
244 3437 438 3500 ἐκείνης
455 3444 544 3490 καὶ
575 3437 800 3496 ἀλήκτου
832 3443 1302 3513 μακαταριότητος.

666 3173 996 3243 σωθήσομαι.
1078 3175 1176 3223 Καὶ
1227 3178 1402 3240 τεῖχος
1445 3169 1494 3220 ἐν
1554 3168 1692 3238 αὐτῷ

1811 572 2125 644 paululum
2151 587 2254 627 eos
2278 570 2604 644 decipiens,
2638 569 2919 643 probavit
2955 586 3105 638 esse,
3139 574 3205 627 ut
3242 569 3324 628 ait
3350 569 3468 642 ille,

1813 661 2196 718 stultissimos
2219 660 2502 716 virorum.
2526 659 2609 715 Illi
2634 661 2794 716 enim
2819 661 3202 717 verberantes
3222 659 3473 717 instrue-

1812 749 2604 821 bantetdirigebantictus:
2638 750 2771 822 ipsa
2793 765 2932 806 vero
2981 749 3149 806 nihili
3212 764 3319 806 eos
3376 748 3469 807 fa-

1813 841 1997 907 ciens,
2016 845 2080 896 ut
2109 839 2251 896 vidit
2276 855 2312 896 a
2335 839 2686 895 verberibus
2704 839 2780 895 ad
2809 839 2997 895 verba
3016 855 3257 896 rursum
3283 838 3466 896 deve-

1810 929 1938 986 nire
1967 933 2251 1001 paratos:
2283 927 2475 996 Quod,
2518 927 2734 1000 inquit,
2785 927 2979 985 facere
3019 927 3193 984 vultis
3258 927 3468 984 incun-

1811 1023 2040 1075 ctanter
2053 1018 2333 1090 peragite.
2350 1017 2542 1073 Nostis
2566 1033 2662 1073 me
2675 1016 2752 1072 ab
2777 1031 2847 1073 ea
2868 1033 3060 1090 quam
3088 1033 3250 1073 nunc
3266 1015 3465 1074 habeo

1813 1113 2009 1164 mente
2030 1107 2434 1163 discessuram
2451 1122 2787 1179 nunquam.
2823 1109 2936 1162 Nec
2961 1121 3106 1163 sane
3138 1106 3466 1180 quisquam

1812 1213 1910 1253 me
1940 1197 2210 1252 terruerit
2239 1211 2468 1265 eorum,
2500 1195 2605 1266 qui
2643 1211 2863 1267 corpus
2892 1195 3142 1268 quidem
3166 1195 3332 1252 istud
3367 1210 3468 1253 oc-

1813 1286 2006 1342 cidere
2018 1285 2520 1358 possunt,animze
2543 1289 2743 1340 autem
2763 1284 3265 1358 memgmolestiam
3286 1284 3470 1342 ullam

1813 1375 2023 1432 afferre
2052 1390 2175 1430 non
2205 1379 2480 1446 possunt,
2513 1373 3033 1446 quemadmodum
3065 1377 3261 1446 potest
3286 1373 3338 1430 is
3365 1373 3472 1447 qui

1815 1465 2081 1520 animam
2109 1480 2230 1520 una
2251 1464 2498 1535 perdere
2526 1462 2678 1520 valet
2695 1480 2833 1519 cum
2859 1479 3130 1536 corpore,
3153 1463 3299 1536 quia
3344 1469 3471 1521 tam

1813 1555 1996 1625 hujus
2025 1570 2210 1626 quam
2237 1553 2394 1610 illius
2428 1554 2620 1609 factor
2645 1556 2734 1608 est
2763 1558 2820 1608 et
2869 1557 3121 1609 creator.

1885 1647 1973 1699 26.
2003 1645 2129 1710 Qua
2155 1644 2388 1700 ratione
2418 1642 2661 1699 affectos
2690 1643 2871 1699 fuisse
2896 1643 3119 1715 putatis
3158 1643 3289 1700 haec
3353 1659 3468 1700 au-

1813 1731 2041 1789 dientes
2060 1734 2087 1786 ?
2112 1749 2234 1804 quo
2265 1731 2450 1787 modo
2484 1736 2718 1787 tantum
2743 1732 2836 1788 sui
2874 1731 3146 1804 ipsorum
3203 1736 3469 1788 contem-

777 1835 914 1900 σφῶν
984 1846 1076 1901 περ
1087 1830 1263 1902 ιφρὸνη
1275 1845 1356 1878 σιν
1447 1826 1665 1896 ἤνεγκαν

1812 1827 1982 1892 ptum
2009 1821 2313 1894 excepisse
2341 1836 2467 1889 eos,
2488 1821 2591 1892 qui
2621 1820 2701 1877 ob
2730 1820 2938 1878 datam
2985 1819 3098 1877 sibi
3156 1836 3194 1876 a
3238 1819 3467 1878 crudeli

1810 1913 2167 1984 imperatore
2219 1914 2597 1982 potestatem,
2669 1909 2956 1968 tollebant
3028 1909 3462 1984 supercilium?

1809 2001 2291 2071 Transfigebatur
2321 2016 2423 2056 cor
2451 2015 2662 2056 eorum
2687 1999 2845 2056 velut
2857 1999 3061 2071 jaculo
3083 1999 3376 2072 quodam,
3401 2003 3462 2058 et

1809 2091 1913 2146 toti
1933 2089 2460 2146 confundebantur
2479 2104 2602 2161 prae
2657 2087 2876 2156 furore,
2927 2087 3460 2162 eﬂiciebanturque

1807 2180 2023 2250 rabidi,
2063 2185 2121 2236 et
2162 2195 2269 2253 per
2309 2179 2686 2236 iracundiam
2743 2178 3008 2249 agebant
3057 2179 3281 2235 omnia.
3329 2181 3460 2236 Non

1809 2270 1969 2326 enim
1993 2269 2242 2324 omnino
2263 2269 2323 2323 in
2351 2272 2612 2323 mentem
2643 2267 2756 2323 sibi
2805 2265 3003 2323 venire
3053 2266 3456 2339 patiebantur,

1809 2364 1909 2416 aut
1937 2358 2104 2431 quod
2127 2357 2338 2413 mulier
2358 2360 2530 2423 esset,
2564 2360 2668 2412 aut
2687 2356 2854 2429 quod
2876 2355 3030 2412 adeo
3059 2355 3337 2427 religiose
3374 2355 3462 2412 in-

1807 2449 2161 2521 culpateque
2191 2447 2466 2509 vixisset;
2495 2446 2622 2513 sed,
2645 2445 2822 2502 veluti
2845 2445 3184 2502 maleﬁcam
3211 2449 3268 2502 et
3291 2444 3464 2502 femi-

1805 2554 2024 2594 narum
2054 2537 2327 2593 omnium
2375 2535 2649 2592 ultimam
2695 2535 3272 2608 nequissimamque,
3332 2533 3462 2593 solo

1805 2627 2144 2686 afﬂixerunt
2165 2631 2222 2684 et
2233 2626 2619 2682 inclementer
2637 2625 3038 2696 ﬂagellarunt.
3057 2624 3464 2683 Verberabant

1803 2718 1905 2786 illi,
1930 2722 1986 2774 et
2013 2716 2413 2773 verberabant
2433 2715 2659 2772 viribus
2688 2715 2846 2784 totis,
2873 2715 3012 2788 ipsa
3059 2731 3203 2772 vero
3254 2719 3458 2773 mente

1800 2819 1864 2874 in
1889 2807 2106 2864 calum
2137 2805 2356 2872 deﬁxa,
2389 2805 2686 2876 etmajora
2719 2804 3086 2878 melioraque
3107 2805 3316 2863 omnia
3366 2820 3463 2862 co-

1803 2898 1998 2967 gitans
2023 2897 2081 2967 (ο
2119 2895 2415 2965 insignem
2445 2894 2631 2950 animi
2660 2893 3066 2951 fortitudinem
3094 2895 3107 2950 !
3144 2911 3182 2951 ο
3211 2895 3459 2967 praecla-

1801 3002 1933 3042 ram
1957 2986 2018 3040 in
2051 2988 2235 3040 Deum
2261 2983 2544 3040 ﬁduciam
2567 2984 2580 3038 l
2609 2999 2646 3039 o
2669 2998 2987 3056 nunquam
3013 2984 3159 3040 satis
3201 2984 3458 3043 laudan-

1801 3075 1943 3131 dam
1976 3073 2430 3143 generositatem
2485 3072 2630 3143 t):in
2683 3075 2904 3128 terram
2961 3072 3096 3129 licet
3151 3077 3456 3144 prostrata

1801 3166 1933 3221 haec
1953 3180 1984 3220 e
2002 3162 2254 3219 Psalmis
2304 3161 2566 3218 suaviter
2592 3160 2980 3218 concinebat:
3013 3161 3300 3218 Dominus
3353 3163 3457 3221 ﬁr-

1806 3257 2180 3310 mamentum
2201 3268 2407 3308 meum
2433 3257 2490 3308 et
2517 3251 2815 3323 refugium
2838 3267 3062 3318 meum,
3094 3255 3150 3308 et
3172 3251 3457 3310 liberator

1803 3359 1996 3400 meus.
2030 3345 2182 3397 Deus
2211 3357 2402 3408 meus,
2435 3339 2754 3396 auxiliator
2780 3355 2971 3405 meus,
3004 3355 3193 3397 cornu
3249 3341 3457 3399 salutis

1804 3449 1976 3501 meae,
1991 3436 2050 3487 et
2070 3435 2382 3502 susceptor
2403 3446 2597 3500 meus,
2615 3445 2797 3502 quem
2828 3429 3118 3486 invocans
3142 3431 3311 3488 salva
3330 3447 3454 3498 ero,

78 3527 140 3582 in
166 3527 306 3599 ipso
332 3528 738 3598 transgrediar
766 3544 1046 3594 murum;
1094 3543 1358 3596 murum,
1403 3527 1675 3599 inquam,
1733 3521 2141 3597 perversitatis
2195 3521 2394 3592 hujus,
2446 3520 2551 3593 qui
2598 3523 2841 3592 separat
2895 3535 2932 3576 a
2985 3519 3107 3578 Deo
3146 3525 3329 3594 atque
3377 3521 3458 3579 ab

82 3620 312 3671 aeterna
338 3615 749 3689 ineﬁ‘abilique
774 3617 834 3672 in
862 3616 1029 3672 caelis
1056 3615 1401 3672 beatudine.

156 3703 260 3765 κζ’.
289 3710 389 3757 Ἤν
433 3705 522 3757 οὖν
564 3702 695 3758 ἰδεῖν
746 3707 974 3777 αἱμάτων
1027 3704 1081 3756 ἐκ
1141 3701 1402 3778 διαφόρων
1449 3710 1538 3756 τοῦ
1596 3708 1695 3755 σώ-

89 3813 250 3864 ματος
320 3803 485 3868 μερῶν
555 3794 941 3868 προχεομένους
1011 3798 1274 3868 κρουνοὺς,
1369 3791 1696 3864 ἓδαφος,φοιο

85 3888 416 3956 νισσόμενον,
471 3888 704 3959 κέρματα
778 3893 982 3957 σαρκῶν
1046 3882 1252 3935 ἂλλοθεν
1311 3882 1440 3934 ἄλλα
1483 3879 1694 3933 διασκι-

88 3969 339 4045 δνάμενα,
402 3982 554 4046 σῶμα
606 3974 851 4035 καθάπαξ
915 3973 1248 4040 καταξανθεν,
1315 3980 1469 4044 σῶμα
1534 3990 1691 4022 κατα-

83 4058 290 4126 ϐληθὲν,
324 4067 412 4114 καὶ
466 4065 568 4134 πρὸ
616 4070 711 4123 τῆς
760 4064 954 4135 φθορᾶς
1007 4081 1196 4136 μικρου
1256 4063 1411 4133 φάναι
1469 4057 1686 4132 διαφθα·

85 4151 184 4218 ρεν,
214 4149 427 4221 ψυχὴν,
457 4147 506 4202 δ’
534 4149 735 4219 ἀπαθῆ,
790 4155 880 4203 καὶ
925 4155 1077 4211 ὅντως
1132 4149 1540 4224 ούρανοϐάμονα·
1594 4153 1687 4207 τὴν

83 4239 182 4310 γάρ
235 4257 319 4291 τοι
379 4239 600 4311 κεφαλὴν
670 4241 701 4297 ἡ
761 4244 998 4312 μακαρία
1055 4236 1566 4312 διάρασα,Τύπ-τετε
1619 4238 1686 4298 ὠς

86 4324 248 4397 ἰσχύς
295 4329 418 4400 ὑμῖν
495 4331 612 4400 ἔφη,
687 4331 924 4381 τύπτετε·
1006 4328 1093 4400 ἐμὲ
1136 4332 1260 4400 γὰρ,
1314 4325 1366 4380 εὖ
1421 4328 1546 4395 ὶστε,
1591 4334 1687 4388 τῆς

83 4417 375 4486 προθέσεως
430 4413 655 4477 ούδόλως
725 4415 1026 4484 ἐκστήσετε,
1097 4414 1219 4470 οὐδὲ
1265 4425 1372 4478 τοῖς
1426 4417 1684 4488 ὑμετέροις

82 4503 368 4577 θελημασιν
391 4505 661 4558 ύποκλῑναι
705 4503 1014 4565 δυνήσεσθε.
1049 4505 1070 4524 ⁷
1093 4507 1180 4578 Ap’
1241 4506 1334 4558 ούκ
1397 4505 1678 4578 ἐμφιλοσο-

85 4599 298 4664 φώτατα
335 4597 392 4646 τὸ
423 4602 511 4646 τοῦ
549 4595 876 4667 Ἀναξάρχου
923 4591 958 4647 δ
963 4601 1268 4662 Leucae-atro;
1304 4590 1385 4667 ἆρ’
1438 4595 1496 4646 ού
1517 4602 1679 4667 κρεῖτο

80 4701 162 4733 τον
188 4682 402 4754 ἐκείνου,
431 4691 523 4735 τοῦ
549 4683 632 4736 ἐπὶ
687 4690 1011 4755 γενναιότητι
1069 4681 1382 4754 διαϐοήτου,
1446 4693 1537 4736 τοῦ
1587 4689 1678 4743 τὴν

87 4776 269 4844 σοφίαν
347 4771 769 4848 πολυθρυλλήτου
849 4777 906 4825 τό
989 4783 1143 4845 σῶμα
1206 4779 1676 4849 περιπεφρόνηκεν,

85 4860 141 4911 Εἰ
169 4863 271 4936 γὰρ
304 4866 395 4913 καὶ
424 4865 495 4932 μη
531 4861 750 4914 θύλακον
781 4865 984 4935 ἔφησεν,
1029 4863 1131 4914 ἀλλ’
1197 4861 1402 4935 ἐνόμισε
1453 4867 1543 4915 καὶ
1589 4870 1680 4914 τοῦ

85 4946 308 5018 μηδενός
334 4953 574 5022 ετίμησε,
633 4958 866 5024 κρεῖττον
917 4954 1068 5013 ὅντως
1116 4951 1306 5004 ἐκείνου
1372 4958 1460 5003 και
1513 4951 1680 5024 ἐφιλο-

85 5042 281 5110 σόφησε
309 5043 400 5091 καὶ
450 5036 761 5111 ὴνδρίσατο.
807 5040 866 5092 Ὀ
912 5044 1001 5112 μὲν
1059 5044 1158 5114 γὰρ
1213 5040 1291 5092 ἐπ’
1336 5040 1506 5112 ὀλίγον
1563 5039 1682 5111 ἐμα-

83 5129 303 5197 στίχθη,
335 5133 424 5179 καὶ
456 5127 518 5188 ὠς
545 5127 594 5180 ἐν
629 5131 823 5203 θεάτρῳ
862 5136 966 5189 τοῖς
1018 5137 1419 5201 παρατυχοῦσιν
1469 5127 1679 5200 ἐμφανί-

84 5212 455 5285 ζεσθαιῆθελε,
507 5222 598 5270 καὶ
649 5223 742 5276 την
797 5219 921 5293 παρ’
986 5218 1262 5293 ἀνθρώπων
1317 5215 1475 5280 δόξαν
1533 5217 1679 5292 ἐκαρ-

83 5305 211 5375 τέρει
269 5307 584 5379 θηρώμενος,
658 5311 707 5359 οἵ
779 5327 832 5360 τε
914 5312 1015 5380 γὰρ
1065 5310 1275 5381 ὁρῶντες
1353 5307 1674 5380 στιζόμενον,

84 5397 169 5445 καὶ
231 5402 340 5455 ταῖς
396 5396 625 5458 στίξεσιν
679 5397 736 5449 ού
790 5401 1284 5470 κατακαμπτόμενον
1341 5395 1676 5467 ἐτεθήπεσαν,

152 5553 594 5631 (ϐλᾼηδςειιόῒιὶ
609 5558 1256 5631 Abderitaa,cumjuss11
1277 5561 1675 5618 Nicocreontis

86 5623 276 5697 Cyprii
297 5631 562 5705 tyrranni
599 5631 659 5686 in
681 5647 864 5686 saxeo
881 5623 1167 5705 mortario
1187 5632 1667 5705 contunderetur,

86 5709 154 5752 ea
173 5713 288 5756 vox
328 5700 610 5759 laudatur
650 5717 688 5760 a
737 5704 984 5771 Laertio,
1041 5704 1340 5769 Cicerone,
1399 5700 1667 5761 Valerioi

1877 3703 1962 3756 27.
1990 3701 2238 3757 Cernere
2269 3700 2446 3770 igitur
2476 3701 2603 3754 erat
2629 3698 2791 3756 rivos
2840 3699 3016 3772 quasi
3067 3701 3380 3772 sanguinis
3422 3718 3456 3759 θ

1803 3791 1984 3848 variis
2009 3790 2260 3859 virginei
2284 3788 2621 3860 corpusculi
2646 3788 2918 3861 partibus
2950 3789 3334 3862 proﬂuentes,
3363 3806 3455 3848 so-

1800 3881 1928 3937 lum
1959 3884 2379 3953 purpuratum,
2427 3879 2700 3934 carnium
2750 3878 2940 3934 frusta
2985 3878 3102 3935 alio
3149 3878 3268 3936 alia
3318 3880 3452 3938 loco

1802 3987 2031 4043 sparsa,
2046 3986 2262 4042 corpus
2276 3967 2816 4040 prorsuslacerum,
2833 3983 3052 4039 corpus
3067 3968 3446 4042 dissolutum,

1800 4065 1856 4116 et
1877 4065 2013 4115 ante
2037 4063 2291 4114 mortem
2313 4057 2489 4130 quasi
2537 4062 2991 4129 praemortuum,
3049 4072 3190 4114 cum
3245 4059 3452 4116 anima

1797 4149 2032 4204 interim
2053 4145 2518 4220 perturbationis
2529 4161 2742 4217 expers
2758 4145 2965 4217 inipso
2989 4146 3449 4219 quodammodo

1797 4237 1951 4294 coelo
1965 4237 2182 4292 versari
2221 4235 2538 4292 videretur.
2573 4233 2800 4290 Etenim
2830 4234 3066 4292 sublato
3091 4235 3448 4309 aliquantis-

1797 4342 1902 4398 per
1917 4325 2108 4398 capite
2131 4344 2143 4393 ;
2162 4323 2496 4391 Vcrberate,
2515 4323 2845 4396 inquiebat,
2859 4328 3154 4397 quantum
3174 4327 3445 4400 potestis,

1795 4415 1941 4487 quin
1972 4414 2152 4470 etiam
2178 4417 2422 4469 cunctas
2449 4413 2511 4468 in
2531 4411 2783 4468 verbera
2809 4412 3012 4469 aﬂ‘erte
3034 4413 3223 4483 vires;
3255 4417 3444 4473 nostis

1795 4505 1975 4568 enim,
2010 4521 2045 4560 a
2069 4503 2321 4576 pristina
2341 4502 2554 4558 mentis
2585 4502 2876 4558 sententia
2905 4503 3068 4560 nullo
3112 4520 3209 4562 me
3259 4506 3446 4565 modo

1794 4593 2260 4658 dimovendam;
2291 4608 2400 4648 nec
2427 4591 2636 4649 vestris
2667 4607 2940 4664 unquam
2983 4593 3292 4651 desideriis
3349 4613 3446 4654 me

1795 4683 2086 4754 subjicere
2104 4682 2389 4754 poteritis.
2412 4683 2617 4738 Nonne
2630 4697 2772 4751 ergo
2812 4683 2980 4755 quod
3002 4684 3065 4739 in
3088 4687 3444 4744 Anaxarcho

1791 4775 1868 4845 (6)
1901 4772 2262 4846 philosopho
2292 4771 2402 4828 fuit
2431 4772 2960 4844 praeclarissimum
3007 4773 3314 4844 insigniter
3363 4780 3444 4832 te-

1789 4864 1966 4920 nuit?
1993 4878 2191 4925 nonne
2223 4862 2434 4918 melius
2454 4878 2639 4934 quam
2677 4861 2793 4930 ille,
2827 4862 2906 4918 ob
2929 4862 3300 4920 nobilitatem
3349 4879 3441 4921 ce-

1791 4952 1995 5020 lebris,
2022 4957 2079 5008 et
2103 4952 2184 5008 ob
2211 4952 2568 5024 sapientiam
2591 4950 2984 5016 clarissimus,
3015 4967 3232 5024 corpus
3258 4969 3435 5010 suum

1791 5042 2188 5114 contempsit?
2204 5042 2260 5097 Si
2287 5041 2465 5110 enim,
2491 5041 2716 5096 femina
2736 5040 3045 5109 exsistens,
3065 5040 3243 5098 molle
3265 5041 3436 5112 nihil,

1787 5131 1936 5188 nihil
1962 5132 2143 5186 sensit
2172 5134 2275 5187 aut
2303 5129 2452 5185 dixit
2488 5129 2836 5197 femineum,
2885 5144 2994 5184 nec
3047 5130 3298 5187 reverita
3348 5137 3439 5191 est

1788 5237 2157 5293 quemquam
2183 5239 2196 5289 ;
2231 5219 2546 5275 sublimius
2562 5218 2826 5290 profecto
2843 5234 3026 5290 quam
3052 5218 3147 5275 ille
3168 5219 3437 5293 philoso-

1787 5311 1973 5382 phata
1997 5314 2105 5377 est,
2132 5315 2188 5365 et
2215 5307 2562 5381 generosius
2595 5307 2731 5377 egit.
2766 5307 2866 5362 Hic
2904 5307 3178 5366 videlicet
3218 5311 3437 5385 exiguo

1789 5398 1985 5454 solum
2003 5403 2271 5470 tempore
2288 5395 2637 5452 verberibus
2669 5400 2979 5466 contusus,
3002 5401 3436 5470 spectatoribus

1785 5585 1815 5613 «
1842 5561 2065 5628 Tunde,
2099 5560 2282 5618 tunde
2326 5559 2664 5617 Anaxarchi
2734 5560 2953 5630 follem,
3009 5566 3436 5626 Anaxarchum

1782 5634 1944 5690 enim
1975 5650 2097 5690 non
2126 5632 2348 5689 tundis.
2379 5651 2407 5681 ››
