3988 6322
521 347 626 404 919
1725 345 2181 402 CONSTANTINI

524 472 720 545 gestiit
737 469 1257 544 quemadmodum
1279 471 1340 526 in
1358 470 1588 528 theatro
1601 473 1962 544 conspicuus
1991 477 2144 529 esset
2166 490 2179 542 ;

524 561 908 619 ethominum
926 561 1348 617 tantummodo
1367 561 1611 616 laudem
1632 566 2030 629 consectatus,
2066 563 2180 618 for-

524 653 657 708 titer
684 651 857 721 fecit;
894 665 1033 706 cum
1066 650 1288 706 scilicet
1317 655 1640 722 prmsentes
1691 651 2184 723 obstupescerent

523 741 855 808 hominem,
880 739 1137 811 subipsa
1158 739 1512 796 contusione
1551 755 1625 796 ne
1645 741 1893 812 quidem
1921 756 2051 796 sese
2070 746 2183 797 tor-

521 832 807 902 quentem
832 827 894 883 in
919 827 1098 895 latus,
1125 829 1361 901 ipsique
1387 830 1492 902 qui
1539 845 1680 886 eum
1733 830 2182 886 contundebant

2215 343 2703 402 ACROPOLITAZ.
3805 346 3902 401 920

2217 478 2380 531 Ακαι
2438 475 2487 524 οἱ
2563 471 2908 545 μαστίζοντες
2970 473 3216 545 παραυτά
3265 466 3678 543 μεταδληθέντες
3739 470 3895 524 ἐθαύ-

2289 563 2476 635 μαζον-

2293 655 2499 722 σύναμα
2525 653 2683 704 κοιοὶ
2719 654 3040 722 τυπτομένην
3099 651 3340 722 θεώμενοι
3395 649 3500 722 οὐχ
3565 652 3648 702 ὅτι
3697 669 3763 720 γε
3810 651 3898 702 οὐκ

2561 563 2658 621 την
2733 558 2793 614 δέ
2867 580 2927 632 γε
2973 565 3234 634 μακαρίαν
3279 563 3476 618 ταύτην
3517 562 3568 614 οἱ
3622 560 3899 620 τῦπτοντες

2290 741 2469 800 ἠλέουν
2529 740 2657 793 αλλά
2680 760 2770 793 και
2791 739 3004 814 ἐμίσουν
3057 738 3113 792 ἐκ
3165 739 3369 811 ψυχῆς,
3428 759 3517 792 και
3573 736 3899 812 ὶλοιδοροῦν-

2289 850 2348 883 το
2378 834 2542 890 ταύτη
2574 841 2664 892 τῆς
2689 830 2954 900 ἀπονοίας,
2987 850 3077 882 και
3107 829 3428 892 ἑταλάνιζον.

524 916 846 974 commotis
889 917 1109 973 animis
1154 917 1437 974 eumdem
1475 917 1932 975 demirarentur.
1966 923 2203 976 Beatam
2246 936 2384 976 vero
2426 921 2604 990 hanc,
2646 926 2771 978 tam
2801 921 2904 994 qui
2948 919 3280 991 caedebant,
3313 935 3502 992 quam
3544 920 3652 992 qui
3675 935 3898 978 cesam

523 1006 898 1079 spectabant,
927 1022 1051 1063 non
1073 1007 1277 1076 modo,
1318 1023 1441 1064 non
1472 1008 1934 1076 miserebantur,
1973 1009 2078 1064 sed
2098 1010 2504 1068 infensissimo
2529 1027 2773 1085 quoque
2810 1009 3332 1084 prosequebantur
3359 1011 3522 1081 odio,
3556 1015 3614 1068 et
3651 1011 3898 1067 demen-

525 1095 671 1154 tiam
695 1096 748 1152 ei
778 1095 1188 1168 objectabant,
1220 1101 1465 1170 propter
1489 1114 1676 1170 quam
1715 1113 1852 1154 eam
1877 1097 2173 1170 putabant
2205 1099 2521 1156 infelicem.

593 1188 683 1241 28.
704 1188 926 1241 Revera
954 1189 1095 1257 post
1110 1185 1271 1241 illam
1295 1186 1396 1241 Dei
1413 1203 1597 1258 supra
1617 1191 1898 1242 naturam
1941 1203 2185 1244 omnem

523 1273 707 1346 positi
735 1274 1232 1342 incarnationem,
1264 1275 1334 1329 iis
1365 1291 1610 1348 quoque
1654 1276 1758 1348 qui
1806 1276 1920 1331 sub
1969 1281 2185 1332 natura

524 1367 666 1420 sunt
687 1379 874 1436 supra
893 1367 1170 1420 naturam
1197 1379 1372 1434 agere
1393 1364 1583 1421 multa
1595 1365 1784 1437 etpati
1824 1380 2181 1421 concessum

524 1451 654 1510 fuit.
682 1456 884 1526 Neque
949 1453 1013 1508 id
1076 1453 1374 1511 immerito
1407 1472 1421 1520 ;
1453 1455 1677 1526 quippe
1726 1460 1944 1510 natura
2014 1456 2182 1511 omni

525 1543 817 1616 superior,
832 1547 1182 1614 naturaeque
1194 1541 1436 1598 effector
1448 1545 1624 1611 Deus,
1637 1547 1694 1599 et
1709 1547 1924 1616 printer
1951 1549 2181 1600 naturae

524 1634 690 1706 leges
720 1637 898 1689 natus
917 1633 1102 1689 homo
1128 1632 1440 1705 multaque
1479 1649 1666 1704 supra
1686 1635 1815 1706 ejus
1870 1634 2026 1689 vires
2058 1633 2178 1690 efﬁ-

526 1739 659 1780 cere
683 1722 911 1792 valens,
939 1727 1170 1778 naturae
1203 1737 1448 1794 quoque
1477 1723 1640 1778 dedit
1677 1723 1968 1779 nonnulla
1997 1739 2181 1796 supra

525 1812 681 1869 vires
711 1812 960 1885 perpeti,
993 1811 1514 1884 quemadmodum
1543 1813 1605 1867 in
1631 1813 1745 1868 hac
1797 1813 1972 1869 beata
2023 1813 2175 1870 fecit.

528 1903 658 1969 Quo
683 1901 842 1957 enim
864 1901 1051 1957 modo
1073 1901 1295 1957 valeret
1334 1901 1578 1968 femina,
1626 1902 1935 1958 imbecillis
2010 1919 2178 1959 sexu,

527 1991 888 2066 poenitentiis
920 1992 1229 2063 exhausta,
1255 2007 1501 2064 corpore
1531 1992 1881 2049 verberibus
1915 1993 1996 2049 sic
2017 1993 2177 2050 lace-

524 2087 676 2152 rato,
701 2085 902 2155 atque,
949 2085 1016 2137 ut
1064 2082 1147 2138 ita.
1203 2081 1426 2152 dicam,
1458 2082 1780 2155 discerpto,
1832 2083 1976 2140 talia
2030 2083 2182 2139 inter

525 2171 759 2228 medios
780 2171 1078 2228 cruciatus
1113 2172 1330 2227 sentire
1375 2176 1432 2228 et
1484 2173 1754 2242 profari?
1781 2172 2066 2244 Equidem
2095 2173 2180 2228 sic

525 2261 818 2331 existimo,
885 2260 1155 2317 divinam
1233 2260 1648 2331 Theodosiam,
1698 2262 2178 2319 Machabaeorum

523 2350 821 2423 exemplo,
837 2365 1264 2422 corporearum
1278 2351 1552 2406 omnium
1573 2351 1958 2406 aﬁectionum
1985 2351 2179 2407 domi-

523 2456 668 2496 nam
699 2439 1074 2494 constituisse
1141 2438 1458 2507 rationem,
1518 2455 1652 2494 vere
1690 2440 1996 2511 invictam,
2044 2456 2179 2496 vere

523 2526 1020 2599 insuperabilem.
1055 2528 1367 2594 Caeterum,
1390 2532 1456 2583 ut
1494 2531 1620 2583 tam
1668 2527 1894 2583 fortiter
1938 2533 2180 2601 tamque

524 2620 864 2674 constanter
881 2613 1179 2670 cruciatus
1207 2615 1567 2687 peracerbos
1590 2616 1668 2672 ab
1689 2632 1760 2672 ea
1787 2617 2062 2672 sustineri
2093 2617 2178 2672 vi-

522 2702 1568 2777 deruntquieosinferebant,partim
1582 2705 1828 2778 quidem
1858 2707 2024 2779 quod
2050 2706 2179 2762 afe-

522 2795 692 2852 mina
703 2794 888 2849 victos
903 2792 1131 2865 seipsos
1143 2793 1812 2866 erubescerent,partim
1835 2801 2042 2851 contra
2071 2812 2180 2850 su-

523 2882 907 2954 amipsorum
922 2881 1278 2954 pravitatem
1292 2887 1560 2953 agentes,
1577 2889 1632 2939 et
1659 2883 1719 2938 in
1758 2883 1988 2940 rabiem
2019 2899 2176 2956 quo-

521 2971 854 3028 dammodo
881 2971 1196 3043 acti,quod
1219 2976 1359 3027 tunc
1383 2988 1571 3028 unum
1606 2979 1936 3046 supererat,
1967 2973 2025 3028 in
2053 2989 2178 3029 car-

2366 1190 2472 1247 κη’.
2535 1188 2729 1250 Ὀντως
2787 1191 2918 1262 μετὰ
2972 1193 3066 1247 τὴν
3120 1196 3212 1242 τοῦ
3269 1190 3530 1260 ὑπεφυοῦς
3565 1195 3702 1242 Θεοῦ
3765 1187 3898 1240 ἐναν-

2295 1272 2564 1342 θρωττησιν
2619 1277 2880 1345 καρτερεῖν
2966 1272 3030 1321 τὰ
3077 1271 3202 1344 ὑπερ
3280 1272 3434 1342 φύσιν
3501 1276 3605 1329 τοῖς
3660 1271 3768 1321 ὑπὸ
3811 1275 3900 1340 φύ-

2294 1379 2376 1411 σιν
2443 1362 2782 1432 κεχάρισται,
2883 1379 2972 1410 και
3025 1361 3160 1410 κατὰ
3250 1358 3400 1430 λόγον
3457 1360 3633 1418 ὅντως.
3689 1359 3753 1410 Ὀ
3796 1361 3896 1431 γὰρ

2291 1451 2416 1520 ὑπὲρ
2443 1453 2596 1522 φύσιν
2643 1455 2779 1519 Θεὸς,
2835 1470 2924 1501 και
2979 1457 3070 1510 τῆς
3115 1451 3311 1521 φύσεως
3380 1445 3707 1521 δημιουργὸς
3769 1450 3896 1521 ὑπὲρ

2291 1541 2445 1611 φύσιν
2494 1559 2546 1592 τε
2614 1544 2859 1611 γεγονὼς,

2288 1632 2414 1696 κὼς,
2471 1633 2635 1701 φέρειν
2699 1637 2760 1686 τῆ
2838 1631 2990 1700 φύσει
3045 1630 3110 1679 τὰ
3183 1629 3308 1700 ὑπὲρ
3367 1627 3529 1685 αὐτὴν
3583 1627 3897 1699 ἐχαρίσατο,

2289 1719 2442 1770 ὁποῖά
2494 1737 2553 1789 ’γε
2602 1717 2696 1770 κᾶν
2775 1725 2834 1776 τῆ
2919 1722 3155 1790 μακαρίᾳ
3221 1719 3382 1774 ταύτη
3439 1715 3751 1769 τετέλεσται·
3809 1736 3904 1766 και

2288 1815 2399 1867 πῶς
2443 1809 2544 1881 γὰρ
2611 1806 2776 1868 ἄλλως
2818 1810 3042 1878 ἴσχυσεν
3087 1805 3148 1857 ἂν
3204 1808 3417 1876 γύναιον
3459 1804 3656 1857 ἁπαλὸν
3700 1813 3762 1861 ri
3808 1808 3905 1876 φῦ-

2948 1559 3038 1590 και
3119 1542 3184 1590 τά
3252 1541 3378 1612 ὑπὲρ
3452 1541 3601 1610 φύσιν
3674 1538 3900 1611 ἐνηργη-

2220 1896 2261 1950 Β
2293 1915 2390 1962 σει,
2442 1896 2648 1949 ἐκτακεν
2729 1905 2790 1955 τῆ
2847 1895 3092 1960 ἀσκήσει,
3149 1897 3243 1956 τάς
3298 1897 3497 1969 σάρκας
3535 1893 3672 1947 οὕτω
3741 1913 3903 1945 κατα-

2294 1988 2646 2057 στιχθεν,και
2673 1987 2736 2047 ὠς
2796 1987 2954 2039 εἰπεῖν
3017 1982 3445 2060 διασπαραχθεν,
3491 1992 3718 2036 τοιαῦτα
3760 1983 3905 2056 φιλο-

2293 2075 2463 2148 σοφεῖν
2488 2076 2534 2128 ἐν
2561 2083 2671 2138 τοῖς
2691 2077 2911 2128 πάθεσιν
2935 2094 2948 2143 ;
2973 2075 3171 2136 Ὄντως
3220 2075 3582 2148 αὐτοκράτορα
3632 2083 3733 2125 τῶν
3804 2093 3903 2126 πα-

2293 2167 2391 2217 θῶν
2433 2167 2520 2217 τὸν
2587 2165 2839 2238 λογισμὸν
2905 2168 3040 2217 κατά
3119 2169 3234 2225 τοὺς
3307 2164 3470 2217 πάλαι
3515 2163 3904 2224 Μακκαϐαίους

2288 2258 2522 2327 παρέστη
2532 2273 2636 2324 σιν,
2740 2256 2892 2315 ὅντως
2954 2252 3017 2311 cui
3026 2273 3230 2319 ττητον,
3347 2251 3502 2314 ὂντως
3574 2250 3904 2322 ἀνίατα-κώνι-

2292 2363 2432 2398 στον.
2458 2343 2598 2402 Πλὴν
2639 2342 2743 2394 ἀλλ’
2807 2344 2876 2405 ὡς
2909 2339 3048 2396 εἶδον
3102 2343 3236 2394 οὕτω
3286 2361 3527 2414 γενναιως
3575 2344 3674 2401 τὰς
3725 2339 3899 2413 βασά-

2288 2451 2426 2498 νους,
2489 2432 2622 2484 οὑτω
2677 2441 2940 2508 καρτερῶς
2990 2437 3266 2505 φέρουσαν,
3315 2439 3465 2484 τοῦτο
3648 2433 3896 2501 γυναικὸς

2740 2256 2863 2305 ὅντω
2873 2275 2892 2315 ς
2954 2252 3017 2311 cui
3026 2273 3118 2311 ττη
3125 2273 3210 2305 τον
3217 2295 3230 2319 ,

2288 2522 2576 2594 ἡττώμενοι
2605 2542 2695 2574 και
2741 2526 2836 2579 τὴν
2895 2519 3054 2580 ἧτταν
3111 2519 3573 2592 ἐπαισχυνόμενοι,
3630 2527 3790 2572 τοῦτο
3837 2514 3894 2570 δε

2287 2619 2380 2672 τῆς
2468 2621 2607 2684 σφῶν
2680 2608 2997 2674 κακοδοξίας
3085 2609 3499 2682 ἀντιποιούμενοι
3540 2629 3634 2662 και
3688 2611 3795 2662 οἷον
3843 2609 3896 2662 ἐκ

2291 2704 2642 2776 Θηριοὺμενοι,
2713 2707 2770 2754 τό
2855 2721 2914 2772 γε
2950 2709 3038 2753 νῦν
3097 2702 3227 2753 εἶναι
3275 2706 3476 2775 φρουρᾷ
3515 2705 3894 2774 παραπέμπου-

2291 2811 2368 2861 σι,
2397 2811 2487 2844 και
2515 2799 2626 2853 τοῖς
2649 2799 2742 2852 τῆς
2766 2797 2990 2864 φρουρᾶς
3048 2786 3437 2866 παραδιδοῦσι,
3503 2784 3720 2856 δεινοῖς,
3771 2793 3898 2860 καμ-

2287 2879 2386 2950 ψαι
2424 2884 2615 2939 ταύτην
2660 2883 2792 2933 οὕτω
2838 2879 3163 2954 βουλόμενοι,
3218 2900 3310 2932 και
3355 2887 3428 2950 τῷ
3484 2877 3746 2952 βασιλείῳ
3800 2878 3895 2929 καθ

2289 2971 2546 3034 υποτάξαι
2577 2969 2739 3043 βουλὴ
2748 2991 2895 3044 ματι.

517 3076 715 3118 cerem
740 3063 1132 3118 amandatam
1160 3062 1561 3118 carceralibus
1587 3063 1832 3120 tradunt
1861 3063 2168 3128 aerumnis,
2194 3061 2278 3118 ita
2307 3075 2442 3117 eam
2463 3060 2712 3131 fatigare
2742 3059 3025 3126 volentes,
3059 3063 3116 3116 et
3143 3058 3321 3130 regite
3339 3057 3584 3116 tandem
3600 3057 3900 3130 subjicere

517 3150 832 3208 voluntati.

589 3245 680 3297 29.
714 3242 843 3295 Non
871 3239 1082 3312 paucis
1103 3238 1319 3296 deinde
1349 3239 1571 3312 elapsis
1616 3241 1852 3308 diebus,
1907 3257 2047 3297 cum
2100 3240 2174 3296 de
2213 3239 2253 3296 C

519 3345 592 3386 ea
621 3329 840 3384 iterum
885 3328 1213 3400 periculum
1256 3329 1538 3395 facerent,
1573 3330 1976 3402 eamdemque
2024 3331 2176 3386 sicut

519 3421 657 3474 ante
683 3417 1000 3488 persistere
1028 3417 1381 3483 invenirent,
1413 3433 1484 3474 ac
1517 3419 1788 3489 ejusdem
1841 3435 2173 3488 cognosce-

516 3510 650 3562 rent
676 3520 921 3561 manere
977 3508 1305 3576 sententiae,
1349 3511 1600 3564 mortem
1653 3508 1781 3578 ejus
1824 3509 2169 3564 decernunt.

518 3597 649 3652 Mox
668 3593 766 3650 alii
797 3593 1081 3650 manibus
1107 3610 1242 3650 eam
1283 3596 1663 3667 accipientes,
1689 3597 1786 3652 alii
1807 3613 1914 3668 per
1965 3597 2173 3670 capitis

517 3683 722 3740 velum
757 3682 1076 3752 trahentes,
1099 3683 1231 3740 aliis
1263 3683 1360 3740 alii
1409 3685 1677 3756 corporis
1718 3686 2006 3742 membris
2037 3703 2171 3742 eam

518 3777 846 3846 raptantes,
889 3773 1052 3829 velut
1075 3789 1259 3846 pecus
1285 3775 1617 3847 quoddam,
1651 3775 1954 3832 ducebant
1993 3776 2070 3832 ad
2090 3776 2171 3832 la-

519 3863 767 3919 nienam
793 3863 1171 3919 innocentem
1200 3864 1298 3919 Dei
1322 3863 1629 3932 buculam,
1659 3865 1930 3936 ejusdem
1954 3864 2172 3921 stabuli

521 3955 578 4008 et
600 3953 809 4025 pascui
829 3958 1192 4019 consortem,
1215 3969 1412 4026 neque
1435 3954 1513 4010 ab
1534 3953 1618 4009 eis
1657 3954 1855 4011 divelli
1900 3969 2172 4027 unquam

522 4056 584 4097 se
609 4057 878 4113 passam.
911 4044 1040 4098 Non
1065 4041 1312 4098 deerant
1342 4042 1578 4098 interim
1605 4045 1708 4115 qui
1739 4059 1873 4099 eam
1905 4047 2174 4115 percute-

519 4136 670 4196 rent,
699 4136 755 4188 et
782 4131 1169 4188 inclementer
1186 4131 1567 4189 verberarent
1595 4152 1607 4201 ;
1633 4149 1776 4190 nam
1798 4139 2041 4189 creteros
2070 4132 2176 4205 qui

521 4235 658 4275 eam
687 4221 980 4286 convitiis,
1003 4235 1036 4276 e
1062 4221 1238 4291 pleno
1268 4222 1356 4291 (ut
1381 4221 1620 4294 dicitur)
1645 4223 1914 4294 plaustro
1953 4223 2176 4294 petitis,

523 4307 858 4364 onerabant
917 4308 1126 4364 omitto
1178 4309 1397 4366 dicere.
1468 4314 1791 4384 Postquam
1849 4316 2047 4367 autem
2106 4327 2177 4366 eo

522 4402 832 4459 venerunt,
864 4396 969 4452 ubi
995 4396 1380 4453 decreverant
1406 4398 1592 4454 ﬁnem
1667 4399 1860 4455 facere
1921 4400 1988 4455 iis
2043 4417 2177 4471 quae

524 4484 918 4542 intendebant
948 4484 1354 4554 (decreverant
1386 4492 1585 4543 autem
1616 4487 1674 4543 id
1709 4489 1902 4544 facere
1954 4489 2014 4544 in
2054 4506 2178 4544 ma-

527 4573 676 4631 cello
704 4577 800 4646 (7),
825 4578 888 4628 ut
911 4578 1198 4645 tanquam
1224 4575 1738 4646 ovisjugularetur
1757 4584 1860 4633 aut
1887 4577 2062 4633 veluti
2083 4579 2176 4649 ju-

528 4668 800 4720 mentum
830 4668 1191 4719 mactaretur
1229 4669 1354 4720 tam
1374 4664 1453 4721 ad
1500 4667 1923 4722 contumeliam
1968 4668 2178 4739 ipsius,

529 4768 718 4827 quam
744 4752 824 4809 ad
883 4751 1140 4810 aliorum
1194 4753 1357 4810 idem
1437 4771 1577 4811 cum
1620 4755 1756 4828 ipsa
1805 4757 2183 4813 sentientium

529 4842 889 4914 irrisionem)
918 4859 931 4910 ;
964 4846 1307 4915 postquam,
1360 4849 1426 4901 ut
1482 4845 1624 4912 dixi,
1690 4861 2015 4917 pervenere
2061 4862 2185 4918 quo

529 4931 838 5000 volebant,
907 4931 1260 4988 carniﬁcum
1335 4949 1642 4990 nonnemo
1697 4950 1925 4991 novum
2009 4935 2186 5007 quid-

533 5019 678 5077 dam
719 5025 776 5076 et
841 5020 1150 5078 insolitum
1204 5023 1560 5091 excogitavit
1593 5040 1605 5079 :
1637 5023 1801 5080 illam
1842 5024 2002 5080 enim
2049 5039 2186 5095 quae

534 5112 743 5184 capitis
755 5111 1121 5168 abscissione
1134 5116 1234 5168 aut
1246 5113 1562 5168 machaerae
1574 5114 1839 5186 impulsu
1862 5114 2185 5186 peragitur,

534 5207 792 5258 mortem
836 5201 1120 5258 acerbam
1153 5202 1402 5273 quidem
1429 5204 1720 5273 accidere,
1749 5208 2010 5260 attamen
2041 5203 2186 5259 tole-

535 5289 786 5347 rabilem
819 5291 1238 5347 arbitrabatur.
1272 5296 1518 5364 Arrepto
1545 5292 1746 5364 itaque
1768 5293 1934 5365 quod
1980 5292 2042 5347 in
2090 5291 2188 5348 via

539 5378 941 5452 publicatorte
953 5379 1316 5436 offerebatur
1327 5382 1601 5452 cornu(8)
1633 5382 1909 5451 virginem
1928 5387 2188 5437 sanctam

612 5527 689 5598 (7)
723 5529 801 5582 De
826 5527 958 5600 loco
1005 5544 1186 5600 supra
1234 5530 1361 5600 jam
1391 5533 1592 5585 actum
1627 5532 1736 5586 est.
1789 5529 2050 5583 Μάκελλον
2089 5546 2191 5585 au-

542 5602 684 5670 tem,
724 5599 1097 5670 Latinaliceti
1129 5599 1247 5655 vox
1295 5601 1388 5670 sit,
1448 5601 1628 5656 etiam
1682 5601 1902 5656 Paulus
1949 5601 2112 5663 dixit,
2171 5602 2190 5656 Ι

543 5669 674 5741 Cor,
705 5685 760 5737 x,
793 5673 882 5727 25.
914 5669 1220 5724 Μακελλείον
1264 5669 1403 5736 alii;
1455 5672 1594 5727 hinc
1641 5671 2028 5744 λεωμακελλιον,
2078 5675 2191 5729 Ma-

2355 3240 2453 3296 κθ”.

2284 3349 2376 3381 και
2403 3337 2585 3402 πεῖραν
2627 3329 2785 3390 αὐτῆς
2823 3332 3167 3402 ποιησάμενοι
3242 3328 3350 3380 ἐπει
3388 3331 3476 3384 τὴν
3536 3326 3705 3385 αὐτὴν
3749 3323 3905 3386 αὖθις

2540 3239 2600 3292 Ὠ
2676 3237 2735 3292 δὲ
2804 3249 2903 3292 τῶν
2981 3241 3184 3314 ἡμερῶν
3250 3237 3427 3309 ὀλίγαι
3446 3235 3900 3311 παρεληλύθεσαν,

2284 3419 2453 3492 εὖρον,
2512 3424 2605 3477 τὴν
2654 3418 2814 3477 αὐτὴν
2859 3415 3013 3480 αὖθις
3060 3417 3379 3490 ἀνέγνωσαν,
3434 3412 3904 3476 καταδικάζουσιν

2287 3509 2451 3568 αὐτῆς
2481 3511 2720 3561 θάνατον.
2767 3507 2942 3561 Ἔνθεν
3000 3527 3082 3560 τοι
3134 3527 3224 3560 και
3281 3508 3329 3558 οἱ
3385 3507 3474 3578 μεν
3545 3513 3647 3557 τῶν
3703 3514 3904 3580 χειρῶν

2892 3598 2940 3648 οἱ
2999 3592 3059 3649 δε
3124 3604 3220 3658 τῆς
3303 3594 3524 3666 κεφαλῆς
3591 3593 3904 3666 καλύπτρας

2283 3682 2790 3760 δραξάμενοι,οἶλλοι
2822 3682 2871 3738 δ’
2921 3685 3075 3738 ἄλλου
3131 3685 3317 3758 μέρους
3373 3692 3465 3736 τοῦ
3516 3689 3763 3755 σώματος
3802 3683 3906 3735 εἶλ-

2281 3600 2445 3655 ταύτη
2456 3618 2477 3659 ς
2523 3595 2815 3669 λαϐόμενοι,

2281 3795 2389 3844 κον,
2422 3795 2512 3826 και
2539 3776 2608 3837 ὠς
2639 3774 2895 3848 βόσκημα
2947 3772 3074 3846 ἦγον
3153 3775 3237 3827 ἐπι
3287 3778 3492 3846 σφαγὴν
3544 3777 3641 3830 τὴν
3686 3771 3908 3844 ἀπειρόν

2281 3884 2438 3916 κακον
2471 3865 2535 3924 ὠς
2566 3863 2768 3926 ἀληθῶς
2822 3873 2956 3918 Θεοῦ
3018 3861 3264 3938 δάμαλιν,
3318 3883 3407 3916 και
3462 3870 3554 3923 τῆς
3603 3861 3771 3922 αὐτῆς
3822 3881 3908 3913 νο-

2282 3961 2386 4025 μῆς
2409 3971 2461 4004 τε
2517 3972 2608 4004 και
2664 3950 2902 4025 μάνδρας
2943 3951 3313 4025 ἀντεχομένην,
3363 3971 3455 4003 και
3511 3955 3584 4024 μὴ
3629 3959 3905 4022 μεταστῆ-

2282 4063 2367 4094 ναι
2407 4047 2466 4094 τό
2514 4044 2760 4114 παράπαν
2813 4043 2973 4102 αὐτῆς
3033 4041 3369 4114 ἀνεχομένην.
3416 4040 3533 4094 Εἰσι
3585 4036 3634 4092 δ¹
3685 4038 3738 4091 οἱ
3790 4042 3905 4092 Etu-

2283 4151 2410 4184 πτον
2441 4131 2587 4202 ἐντῷ
2619 4132 2834 4203 μεταξὺ,
2887 4152 2976 4184 και
3035 4131 3257 4192 ἀνηλεῶς
3313 4133 3548 4183 ἔτυπτον·
3608 4132 3734 4190 τοὺς
3789 4131 3899 4201 γὰρ

2285 4220 2467 4290 ὕϐρεσι
2489 4221 2766 4282 πλύνοντας
2788 4242 2876 4273 και
2915 4222 2983 4282 ὡς
3041 4221 3093 4284 ἐξ
3141 4220 3362 4292 ἀμάξης,
3403 4221 3428 4272 ὃ
3486 4238 3636 4291 φασι,
3692 4215 3904 4270 διαλοι-

2290 4308 2636 4385 δορουμένους
2706 4317 2956 4384 παρίημι.
3033 4310 3168 4364 Ἀλλ’
3237 4311 3442 4383 ἐπείπερ
3493 4310 3722 4381 ἔφθασαν
3773 4310 3900 4360 ὅποι

2291 4398 2358 4459 δὴ
2387 4400 2528 4462 τέλος
2549 4396 2733 4452 δοῦναι
2762 4404 3059 4474 προῦκειτο,
3085 4407 3190 4460 τοῖς
3239 4403 3376 4452 κατά
3421 4402 3612 4452 σκοπὸν
3795 4418 3901 4469 μα-

2289 4490 2448 4561 κέλλῳ
2478 4486 2527 4541 δ’
2559 4490 2737 4552 αὐτοῖς
2784 4494 3076 4565 προῦκειτο,
3135 4490 3199 4542 ἶν’
3248 4495 3316 4550 ὡς
3354 4484 3567 4562 ἀμνάδα
3606 4483 3900 4560 παραδῶσι

2218 4600 2262 4654 ῃ
2296 4588 2599 4651 σφαγῖμκαι
2629 4579 2697 4640 ὠς
2719 4581 2838 4632 ἕντι
2882 4588 2979 4631 τῶν
3031 4587 3230 4637 κτηνῶν
3287 4583 3575 4642 κτείνωσιν,
3634 4578 3748 4648 ἅμα
3804 4579 3900 4647 μεν

2295 4670 2367 4730 εἰς
2395 4669 2587 4740 χλεύην
2640 4677 2736 4729 τῆς
2785 4674 3066 4742 μακαρίας,
3119 4670 3230 4738 ἅμα
3275 4665 3332 4721 δὲ
3378 4687 3468 4719 και
3522 4675 3622 4718 τῶν
3671 4664 3903 4737 ὁμοφρό-

2292 4780 2389 4811 νων
2413 4761 2574 4815 ταύτη
2638 4758 2976 4829 κατάγελων),
3037 4757 3144 4809 ἀλλ’
3197 4758 3262 4819 ὠς
3317 4757 3435 4809 ὁποι
3497 4751 3565 4814 δὴ
3624 4775 3712 4805 και
3768 4752 3903 4826 βοῦ-

2293 4848 2460 4900 λοιντο
2511 4852 2879 4919 παράγένοιντο
2917 4856 3015 4899 τῶν
3063 4867 3144 4909 τις
3212 4844 3417 4919 δημίων
3497 4847 3787 4916 καινότερον
3845 4863 3907 4895 τι

2297 4934 2627 4996 διενοήσατο”
2663 4938 2755 4995 την
2778 4940 2867 5009 μεν
2895 4939 2996 5010 γὰρ
3056 4933 3148 4989 διὰ
3203 4943 3292 4989 τοῦ
3342 4936 3517 5008 ξίφους
3567 4937 3750 5006 τομήν,
3813 4953 3903 4984 πι-

2295 5029 2422 5102 κράν
2473 5030 2563 5098 μὲν
2620 5046 2710 5078 και
2790 5026 2950 5086 ἄλλως
3009 5023 3290 5100 ὀδυνηρὰν,
3364 5024 3471 5077 ἀλλ’
3528 5021 3616 5075 οὖν
3669 5025 3902 5096 φορητὸν

2299 5113 2366 5173 δή
2419 5137 2526 5178 πως
2579 5117 2838 5187 ἡγήσατο,
2869 5136 2960 5167 και
3013 5121 3107 5174 τὴν
3162 5112 3255 5168 διὰ
3304 5118 3580 5187 μαχαίρας
3628 5113 3900 5171 ὡσαύτως.

2301 5211 2462 5280 Κέρας
2531 5203 2617 5258 οὖν
2674 5215 2772 5257 τῶν
2818 5207 3224 5278 παρευρεθὶντων
3275 5204 3466 5271 λαϐὼν,
3523 5203 3593 5262 εἰς
3667 5210 3768 5273 γῆν
3846 5220 3906 5253 τε

2295 5302 2389 5357 τὴν
2441 5299 2624 5368 Ἀγίαν
2701 5295 3026 5365 καταϐακὼν,
3099 5315 3189 5348 και
3240 5305 3330 5355 τῆς
3379 5299 3548 5367 κόμης
3599 5296 3728 5367 πρὸς
3782 5290 3906 5344 εαυ-

3592 5382 3733 5449 ὠθεῖ,

2296 5391 2383 5439 τὸν
2431 5386 2721 5446 ἀνακλάσας
2801 5383 2895 5437 διὰ
2962 5392 3053 5437 τοῦ
3127 5392 3487 5458 γαργαρεώνος
3592 5383 3733 5449 ὠθεῖ,
3812 5386 3906 5432 καὶ

2299 5529 2513 5610 callum
2543 5527 2859 5610 publicum
2889 5526 3443 5610 apudCedregun‘l.
3551 5599 3562 5610 ι
3680 5593 3718 5610 ν
3763 5594 3800 5610 ι,
3842 5593 3901 5610 ,,

2369 5601 2445 5670 (8)
2459 5593 2785 5656 Arietinum
2803 5593 2988 5655 cornu
3002 5598 3180 5654 fuisse
3192 5597 3415 5654 indicat
3432 5599 3640 5652 auctor
3660 5593 3905 5651 disticbi

2302 5671 2363 5728 in
2389 5671 2749 5744 Synaxariis.
