3988 6322
146 381 252 439 921

147 503 481 568 σπονδύλους
529 507 691 579 τούτῳ
747 503 1028 580 διατεμών,
1110 510 1401 583 πικρότατα
1481 516 1571 568 τῆς
1631 511 1746 569 τοὺς

142 606 308 658 πνοῆς
328 597 490 655 αὐτὴν
521 595 818 672 ἀφαιρεῖται
837 599 1042 670 σύναμα
1070 601 1160 650 καὶ
1189 604 1283 660 τῆς
1305 597 1462 658 ζωῆς.

1489 381 1562 439 ΙΝ
1600 383 1658 440 S.
1697 381 2170 444 THEODOSIAM.

3411 383 3516 440 922

1857 507 2177 580 prosternit
2206 507 2336 563 solo
2368 523 2381 572 ;
2418 509 2474 564 et
2498 506 2764 564 crinibus
2777 521 2912 564 eam
2925 505 3273 578 oorripiens’
3286 519 3516 576 magna

1857 597 1918 654 vi
1946 598 2008 653 in
2033 597 2314 668 jugulum
2348 599 2425 668 (9)
2455 613 2644 654 cornu
2680 597 2948 670 impellit,
2981 601 3039 652 et
3063 595 3350 653 diffractis
3379 608 3514 669 quae

142 684 365 741 deinde
386 689 706 741 occurrunt
733 684 1041 751 vertebris,
1070 684 1462 741 acerbissimo
1489 702 1628 741 cum
1657 684 1881 742 doloris
1911 700 2090 741 sensu
2115 686 2390 758 spiritum
2420 685 2669 759 martyri
2703 685 3008 757 vitamque
3039 684 3282 741 ademit.

216 773 282 829 λ’.
313 779 415 828 Καί
443 776 492 826 οί
527 777 616 847 μεν
643 773 776 827 οὓτω
805 777 869 828 τὰ
895 777 1030 826 κατὰ
1061 776 1221 847 θυμὸν
1269 773 1498 833 ἔπλησαν
1531 795 1544 808 ο
1602 776 1634 833 ἠ
1696 770 1756 826 δέ

139 865 302 926 εὐθύς
374 871 474 916 τῶν
521 865 636 916 κατ’
698 866 868 936 ἔφεσιν
921 866 1080 936 ἔτυχε
1139 885 1152 898 ·
1204 868 1589 938 παραπομποὺς
1650 866 1751 938 γὰρ

139 952 403 1025 ἀγγέλους
456 954 663 1026 εὑρήκει
710 959 800 1006 καὶ
856 956 1220 1028 προπομπούς,
1293 956 1343 1005 οἰ
1417 958 1508 1006 καὶ
1587 972 1748 1026 προη-

133 1049 332 1113 γοῦντο
382 1044 596 1107 ταύτης,
624 1047 716 1094 καὶ
759 1042 870 1114 μετ’
917 1042 1194 1115 εὐφημίας,
1250 1047 1604 1117 παρέπεμπον,
1659 1047 1751 1095 καὶ

135 1131 206 1192 εἰς
232 1131 454 1206 οὐρανόν
483 1129 538 1184 ἐκ
571 1139 668 1203 γῆς
716 1129 1073 1204 μετεϐίϐαζον.
1127 1134 1286 1204 Τάχα
1338 1129 1388 1185 δ’
1448 1131 1510 1184 ἀν
1557 1131 1749 1204 ἀναγο-

133 1224 265 1293 μένη
299 1227 519 1273 τοιαῦτα
542 1223 610 1272 τὰ
631 1224 760 1294 πρὸς
787 1222 876 1282 τὰς
927 1220 1120 1294 ἀρχὰς,
1173 1225 1307 1293 πρός
1365 1224 1460 1282 τὰς
1509 1221 1751 1285 ἔξουσίας

133 1313 270 1381 μετά
329 1308 634 1384 παρῥησίας
697 1308 992 1383 ἐφθέγγετο,
1057 1309 1263 1381 ’Υψὼθη
1323 1314 1476 1384 χέρας
1535 1331 1635 1383 μου
1699 1309 1748 1362 ίν

134 1407 251 1453 Θεῶ
281 1418 408 1472 μου.
439 1399 522 1452 Ἐν
570 1401 671 1471 γὰρ
728 1399 864 1469 ούτῷ
915 1401 1034 1460 τούς
1086 1397 1236 1471 ἐμοὺς
1294 1399 1518 1473 ἐχθρούς
1565 1399 1747 1475 ἐκερά-

133 1507 284 1553 τισα,
320 1494 412 1541 καὶ
441 1495 530 1539 νῦν
556 1484 674 1540 ἰδοὺ
699 1490 830 1561 πρὸς
869 1488 1026 1541 αύτόν
1064 1489 1268 1561 ἄπειμι,
1327 1489 1482 1540 αὐτόν
1539 1494 1748 1562 ἀμέσως

133 1579 221 1629 τόν
261 1573 339 1628 δι’
377 1575 465 1649 ἐμέ
523 1578 772 1649 γεγονότα
818 1576 933 1630 κατ’
992 1575 1077 1649 ἔμε
1134 1582 1599 1650 προσκυνήσουσα,
1653 1589 1747 1642 τῆς

139 1670 476 1741 Θεομήτορος
545 1667 685 1729 θείας
745 1665 1214 1729 ἀπαπολαύσουσα,
1281 1669 1370 1727 τὰς
1445 1663 1541 1720 διὰ
1608 1675 1744 1740 Χρι-

136 1759 258 1808 στόν
282 1754 614 1822 ἀθλησὰσας,
646 1754 737 1816 τὰς
786 1754 1066 1828 βιωσάσας
1110 1755 1275 1818 ἄλλως
1325 1759 1462 1808 κατά
1516 1762 1743 1828 Χριστόν

133 1842 503 1916 ἀσπασαμένη,
536 1848 748 1906 καὶτῆς
795 1853 933 1914 σφῶν
983 1843 1189 1916 ὁμιλίας
1239 1849 1740 1919 κατατρυφήσουσα,

132 1937 258 1985 εἴπω
322 1933 635 2003 συνελούσα,
664 1941 765 1986 τῶν
821 1938 947 1996 τέως
992 1953 1083 2006 μοι
1144 1942 1520 2006 προσκυνητῶν
1567 1937 1740 1987 τύπων

137 2021 370 2094 ὀψομένη
402 2030 490 2075 νῦν
545 2021 848 2096 ἀπέρχομαι
910 2025 976 2075 τά
1030 2027 1349 2096 πρωτότυπα
1375 2045 1389 2057 ι
1460 2022 1560 2076 ἀπό
1613 2031 1740 2093 γοῦν

131 2109 255 2183 ἐμοῦ
295 2114 348 2164 οἱ
377 2116 780 2184 πονηρεῦόμενοι
811 2113 1000 2174 πάντες
1055 2110 1338 2170 ἀπόστητε.
1391 2111 1524 2164 Ἀλλ’
1564 2115 1594 2170 ἠ
1647 2118 1738 2186 μέν

136 2200 300 2262 οὕτως
358 2197 519 2272 εἶχεν,
579 2201 743 2262 οὕτως
797 2199 1060 2274 ἀνὴρχετο
1091 2221 1103 2233 ·
1137 2202 1185 2252 οἱ
1253 2197 1312 2252 δέ
1358 2203 1549 2260 ταύτης
1612 2219 1738 2275 προ-

129 2293 485 2361 πορευόμενοι,
517 2293 867 2361 παρεπόμενοί
916 2308 973 2341 τε
1033 2293 1124 2341 καὶ
1178 2293 1512 2361 συνεπόμενοι
1567 2293 1620 2340 τί
1675 2289 1736 2342 ἂν

129 2375 355 2445 ἐποίουν,
389 2383 478 2430 καὶ
514 2378 648 2438 ὅπως
706 2375 1001 2443 διέκειντο;
1053 2378 1112 2429 Εἰ
1161 2380 1262 2450 γὰρ
1312 2377 1398 2431 ἐπὶ
1435 2378 1508 2430 ἐνὶ
1561 2378 1736 2453 ἀμαρ-

129 2466 272 2537 τωλῷ
311 2474 668 2540 μετανοοῦντι,
723 2468 792 2529 ὠς
839 2468 866 2518 ό
924 2469 1106 2540 Κύριος
1155 2467 1313 2527 αύτός
1365 2486 1555 2540 ειρηκε,
1611 2487 1737 2539 χαι-

127 2573 321 2630 ροντες,
373 2561 545 2620 πόσης
589 2555 650 2609 ἂν
681 2556 768 2610 ἐπί
810 2565 872 2629 τῇ
906 2557 962 2610 ἑκ
1009 2554 1200 2620 παιδός
1248 2557 1396 2618 εὐθύς
1450 2557 1732 2631 εὐαρεστη-

132 2647 267 2718 σάσῃ
325 2653 426 2699 τῶν
481 2648 668 2699 τούτου
724 2647 926 2717 θεσμῶν
978 2653 1152 2718 χαρᾶς
1205 2665 1258 2699 τε
1314 2651 1403 2699 καὶ
1459 2642 1735 2719 χυμηδίας

130 2732 357 2792 ἔπλησαν
393 2753 406 2803 ;

1934 778 2022 830 30.
2056 778 2249 847 Atque
2269 775 2328 830 hi
2358 775 2604 847 quidem
2632 789 2705 829 ea
2730 789 2854 846 qua
2883 774 3108 829 dictum
3150 777 3239 829 est
3283 773 3513 829 ratione

1861 863 2127 920 furorem
2147 881 2325 920 suum
2347 865 2737 938 expleverunt
2767 883 2780 932 ;
2831 863 3129 920 Thodosia
3173 879 3315 919 vero
3360 863 3514 920 votis

1862 968 1934 1008 ac
1964 953 2273 1010 desideriis
2307 954 2429 1009 suis
2475 953 2724 1009 omnino
2775 954 2962 1026 potita
3010 958 3119 1009 est.
3171 952 3511 1009 leestium

1859 1041 2083 1115 quippe
2099 1042 2409 1112 geniorum
2431 1042 2881 1114 praecedentium
2895 1041 3512 1114 subsequentiumque

1860 1131 2143 1187 comitatu
2176 1132 2413 1201 stipata,
2447 1146 2569 1186 non
2596 1133 2722 1187 sine
2749 1132 2969 1202 insigni
2987 1130 3242 1187 laudum
3287 1146 3512 1202 praeco-

1857 1220 2030 1288 nio,e
2056 1221 2225 1277 terris
2263 1221 2324 1277 in
2354 1221 2574 1278 coelum
2625 1220 2885 1278 deducta
2923 1221 3052 1278 fuit.
3108 1221 3261 1276 Dum
3307 1224 3509 1277 autem

1859 1309 2225 1379 ascenderet,
2257 1313 2490 1382 poterat
2536 1310 2614 1367 ad
2659 1310 3028 1383 principatus
3080 1315 3139 1366 et
3187 1313 3510 1382 potestates

1858 1398 1942 1454 sic
1970 1399 2222 1456 ﬁdenter
2248 1399 2414 1472 loqui
2447 1418 2460 1467 ;
2494 1399 2828 1456 Exaltatum
2871 1405 2963 1456 est
2994 1415 3183 1456 cornu
3211 1415 3416 1455 meum
3444 1399 3508 1456 in

1859 1487 1982 1544 Deo
2021 1504 2196 1555 meo;
2257 1488 2358 1545 illo
2409 1489 2633 1562 quippe
2690 1489 2967 1562 propitio,
3010 1488 3286 1544 inimicos
3339 1503 3509 1544 meos

1853 1578 2137 1635 ventilavi
2170 1594 2359 1636 cornu
2390 1596 2405 1646 ;
2441 1584 2498 1635 et
2519 1594 2653 1635 ecce
2683 1595 2844 1635 nunc
2860 1578 2939 1635 ad
2967 1594 3107 1635 eum
3136 1578 3505 1651 proﬁciscor,

1853 1667 2180 1742 ipsummet
2211 1669 2314 1742 qui
2353 1685 2460 1740 pro
2493 1686 2587 1726 me
2620 1669 2810 1726 factus
2835 1673 2924 1725 est
2966 1668 3172 1724 homo.
3212 1668 3506 1725 velamine

1854 1762 2058 1815 amoto
2089 1759 2435 1827 adoratura,
2468 1763 2523 1814 et
2547 1759 2742 1815 Matris
2771 1758 2901 1829 ejus
2963 1757 3353 1814 sanctissimas
3371 1757 3507 1813 frui-

1783 1848 1824 1902 Β
1855 1849 1986 1902 tura
2035 1852 2382 1919 conspectu,
2432 1863 2502 1902 ac
2552 1847 2885 1904 salutatura
2935 1850 3183 1903 crateras
3229 1861 3366 1918 quas
3412 1844 3508 1901 vel

1850 1950 1964 2006 pro
1984 1935 2214 1992 Christo
2262 1951 2463 2008 passas
2513 1941 2652 1991 sunt
2688 1935 2783 1990 vel
2830 1935 3164 1991 secundum
3209 1935 3338 2004 ejus
3363 1948 3508 2005 pras-

1851 2029 2024 2096 ecpta
2053 2024 2273 2088 vixere,
2302 2029 2359 2080 et
2396 2039 2468 2080 ex
2493 2039 2702 2080 earum
2734 2023 3188 2080 conversatione
3229 2037 3353 2078 non
3383 2023 3505 2078 exi-

1851 2127 2042 2182 guum
2063 2117 2315 2185 captura
2345 2113 2658 2183 gaudium.
2683 2112 2866 2183 Abeo,
2915 2111 3246 2185 inquiebat,
3292 2126 3502 2167 earum

1848 2202 2204 2271 imaginum,
2234 2217 2390 2274 quas
2421 2201 2702 2273 religioso
2741 2217 2977 2274 semper
3000 2201 3162 2257 cultu
3218 2203 3503 2256 venerata

1849 2307 2008 2357 sum,
2038 2290 2300 2363 ipsamet
2317 2297 2716 2363 conspectura
2749 2295 3088 2363 prototypa.
3135 2288 3425 2344 Discedite
3465 2303 3504 2345 a

1846 2395 1945 2435 me
1976 2378 2157 2450 igitur
2193 2394 2406 2436 omnes
2436 2380 2539 2452 qui
2578 2378 2911 2452 operamini
2948 2378 3346 2450 iniquitatem.
3385 2379 3502 2433 Hoc

1844 2468 2045 2540 itaque
2083 2467 2267 2524 modo
2299 2468 2644 2525 Theodosius
2705 2484 2799 2524 res
2852 2483 2985 2523 sese
3040 2467 3327 2532 habuere,
3385 2465 3501 2522 hac

1845 2557 2076 2614 ratione
2111 2557 2174 2614 in
2212 2557 2395 2614 caelos
2433 2557 2645 2614 evasit.
2686 2559 2853 2613 Nunc
2891 2561 3114 2622 autem,
3167 2554 3274 2627 qui
3333 2553 3500 2611 illam

1847 2645 2285 2719 praecedebant,
2303 2646 2408 2718 qui
2437 2645 2882 2702 comitabantur
2909 2644 3136 2717 quique
3171 2642 3500 2714 subseque-

1847 2735 2070 2792 bantur
2089 2735 2307 2806 angeli,
2329 2735 2480 2808 quid
2522 2735 2730 2791 fecisse
2754 2738 2862 2792 aut
2909 2733 3136 2807 quibus
3179 2731 3498 2789 incessisse

129 2822 322 2880 modis
354 2823 764 2882 arbitramur?
794 2824 1022 2881 Etenim
1052 2825 1102 2881 si
1131 2840 1311 2898 super
1336 2841 1458 2882 uno
1487 2829 1795 2897 peccatore
1828 2824 2241 2898 paenitentiam
2273 2831 2507 2894 agente,
2548 2822 3070 2896 quemadmodum
3107 2822 3360 2895 ipsemet
3389 2823 3500 2878 Do-

129 2912 319 2968 minus
369 2917 619 2969 testatus
673 2917 782 2980 est,
823 2917 1060 2970 tantum
1088 2913 1234 2986 ipsis
1287 2913 1361 2970 sit
1404 2914 1720 2984 gaudium,
1769 2919 2000 2987 quanta
2049 2929 2152 2970 eos
2196 2913 2399 2970 latitia
2434 2917 2663 2986 quanto
2718 2912 2942 2983 gaudio
2993 2912 3266 2968 dicemus
3312 2909 3498 2968 fuisse

128 3001 400 3074 repletos,
435 3000 515 3058 ob
552 3017 710 3068 eam,
741 3017 879 3075 quas
905 3017 944 3058 a
973 3002 1184 3075 primis
1212 3002 1349 3060 vitae
1371 3019 1496 3059 sua;
1519 3003 1696 3059 annis
1725 3002 1780 3060 ei
1807 3002 2029 3075 placuit
2060 3018 2166 3075 per
2192 3002 2619 3060 mandatorum
2656 3002 2788 3074 ejus
2815 3000 3296 3058 observationem
3319 2999 3348 3054 ?

197 3089 292 3148 λα’.
316 3090 520 3163 Ἔγωγε
543 3091 722 3164 οἴομαι
752 3091 822 3154 ὠς
874 3091 981 3164 ούχ
1050 3093 1200 3151 ἧττον
1258 3093 1288 3151 ἣ
1352 3092 1436 3145 ὅτε
1489 3096 1582 3151 τὴν
1639 3100 1731 3154 τῆς

1909 3096 1939 3148 3
1955 3097 1967 3146 t
1983 3135 1997 3148 .
2023 3091 2114 3148 Ad
2138 3108 2235 3148 me
2261 3091 2427 3164 quod
2452 3091 2676 3155 attinei,
2698 3105 2821 3147 non
2846 3089 3065 3145 minori
3089 3088 3251 3144 illam
3278 3087 3498 3160 plausu

130 3183 562 3255 πρωτομὰρτυρος
652 3184 988 3254 παρέπεμπον
1072 3182 1272 3242 Θέκλης
1345 3181 1552 3254 ψυχὴν,
1640 3186 1729 3234 καὶ

133 3266 366 3343 ἐκρότουν
396 3274 487 3322 καὶ
547 3271 780 3342 ἔχαιρον,
850 3274 940 3322 καὶ
993 3273 1081 3323 τόν
1132 3272 1402 3345 ἄνθρωπον
1465 3272 1590 3344 ὑπὲρ
1646 3269 1730 3322 ἀν-

135 3358 340 3429 θρώπων
407 3363 672 3430 γενόμενον
739 3359 930 3431 ὕμνουν
983 3365 1153 3412 τεκαὶ
1209 3357 1478 3423 ἐδόξαζον·
1539 3367 1597 3412 Ἡ
1637 3362 1726 3432 μὲν

133 3449 227 3521 γὰρ
255 3455 327 3517 τῷ
357 3447 429 3508 εἰς
456 3452 631 3522 τρίτον
682 3447 896 3523 οὐρανόν
961 3446 1221 3501 ἀνελθόντι
1268 3451 1473 3520 Παύλῳ,
1524 3453 1611 3501 καὶ
1661 3451 1727 3501 τὰ

132 3535 326 3609 ἄρρητα
352 3538 608 3609 μυηθέντι
655 3537 1098 3605 κατηκολούθησε,
1151 3534 1244 3591 διά
1291 3557 1346 3591 τε
1396 3538 1590 3601 πολλῆς
1644 3540 1727 3592 ὅτε

130 3629 502 3696 μυσταγωγίας
535 3629 666 3701 πρός
717 3629 774 3679 τό
831 3633 922 3678 τοῦ
975 3631 1265 3701 μαρτυρίου
1325 3623 1543 3680 στάδιον
1598 3625 1724 3679 ἀπε-

132 3707 366 3766 δύσατο-
421 3715 452 3771 ἡ
507 3709 556 3766 δ’
616 3714 722 3786 οὐχ
776 3715 914 3776 ὅπως
971 3711 1283 3787 διδασκάλῳ
1336 3719 1471 3768 κατὰ
1524 3715 1725 3770 Παῦλον

131 3797 412 3874 ἐχρήσατο,
451 3800 579 3854 ἀλλὰ
616 3799 741 3856 ούδί
777 3811 874 3854 τῶν
923 3802 1052 3856 πολὺ
1117 3804 1227 3876 μετ’
1283 3803 1468 3857 ἐκεῖνον
1498 3827 1510 3838 ·
1540 3809 1598 3858 τό
1665 3803 1726 3859 δέ

129 3907 182 3958 γε
205 3891 400 3960 μεῖζον,
435 3891 516 3944 ὅτι
571 3896 661 3944 καὶ
730 3899 946 3964 συχνοῖς
993 3893 1122 3964 ἄγαν
1181 3901 1282 3945 τῶν
1351 3895 1724 3966 ὁμογνωμόνων

132 3973 278 4036 δῆθεν
303 3983 435 4054 πρός
469 3979 764 4033 τούναντίον
815 3979 1178 4053 μεθελκομένῆ,
1230 3990 1321 4035 τοῦ
1380 3984 1536 4057 ὀρθοῦ
1584 4003 1726 4058 περι-

131 4069 328 4138 ίσχετο,
354 4074 447 4122 καὶ
479 4071 779 4144 ὑπερθανεῖν
841 4069 1002 4122 αὐτοῦ
1053 4070 1230 4127 εἵλετο.
1290 4077 1390 4126 Καὶ
1449 4075 1478 4132 ἠ
1517 4077 1608 4146 μέν
1638 4072 1722 4126 ἐπὶ

130 4158 386 4230 πράγματι
441 4164 535 4219 τὴν
609 4161 854 4213 ἔνστασιν
953 4156 1258 4228 ἐνεδείξατο,
1338 4164 1459 4235 παρ’
1536 4163 1726 4216 ἅπαντι

131 4245 495 4320 ὡμολογημένῳ
551 4247 721 4320 τελείῳ
777 4268 830 4302 τε
889 4249 1001 4322 ἅμα
1056 4256 1146 4303 καὶ
1191 4250 1356 4304 ἀτελεῖ
1380 4273 1392 4284 ·
1444 4254 1474 4310 ἡ
1535 4249 1585 4304 δ’
1645 4245 1724 4304 ἐπ’

131 4331 543 4410 ἀμφιϐαλλομένῳ
620 4342 861 4410 συχνόίς,
957 4336 1178 4403 ἀτελέσι,

1516 4342 1566 4392 οῖ
1636 4344 1723 4392 καὶ

1283 4339 1414 4412 λέγω
1429 4382 1442 4407 ,

1833 3179 2158 3253 laetitiaque
2217 3184 2551 3253 exceptam,
2601 3195 2712 3236 nec
2765 3178 3081 3252 pauciores
3131 3176 3384 3234 laudum
3423 3191 3495 3233 ac

1837 3271 2164 3340 gratiarum
2179 3270 2442 3344 hymnos
2455 3273 2573 3327 Deo
2585 3275 2826 3342 propter
2837 3268 3147 3325 hominem
3157 3268 3494 3323 humanato

1834 3358 2184 3416 decantatas
2204 3359 2385 3416 fuisse
2411 3359 2752 3425 arhibitror,
2772 3374 2958 3432 quam
2981 3362 3122 3414 tunc
3144 3372 3283 3413 cum
3305 3360 3496 3428 proto-

1835 3449 2114 3521 martyris
2137 3450 2364 3506 Theclse
2390 3450 2502 3521 (IO)
2530 3451 2798 3506 animam
2818 3448 3122 3506 deduxere
3151 3447 3369 3518 angeli.
3390 3445 3496 3504 Illa

1833 3537 2071 3610 quidem
2121 3538 2300 3596 Paulo
2349 3539 2407 3594 in
2457 3540 2695 3595 tertium
2727 3555 2916 3611 usque
2963 3536 3183 3594 caelum
3213 3540 3405 3609 rapto,
3437 3539 3495 3592 et

1833 3642 2057 3684 arcana
2087 3643 2209 3684 non
2235 3629 2556 3685 revelanda
2579 3628 2810 3699 edocto,
2844 3626 3140 3699 discipula
3163 3625 3436 3693 adhaesit,
3457 3637 3495 3680 a

1832 3730 1958 3787 quo
1981 3732 2121 3771 cum
2143 3732 2264 3772 non
2286 3732 2483 3788 pauca
2507 3717 2581 3773 de
2602 3717 2782 3772 rebus
2803 3715 3141 3772 caelestibus
3167 3714 3490 3780 didicisset,

1833 3805 1912 3861 ad
1928 3805 2196 3877 martyrii
2219 3807 2478 3862 stadium
2501 3806 2774 3862 alacriter
2793 3805 3236 3861 decurrendum
3257 3801 3492 3872 egregie

1830 3894 2098 3966 profecto
2149 3893 2256 3951 fuit
2300 3895 2606 3950 instructa.
2661 3893 2814 3959 Quid
2861 3897 3055 3950 autem
3104 3889 3434 3948 Theodosia
3461 3889 3490 3944 ?

1832 3986 1961 4040 Non
1993 3983 2264 4049 Paulum,
2306 3983 2542 4039 Paulive
2586 3983 2863 4051 similem,
2907 3986 3010 4038 aut
3048 3981 3227 4037 etiam
3279 3994 3490 4035 eorum

1830 4088 2023 4127 unum
2075 4073 2180 4144 qui
2226 4071 2330 4127 diu
2361 4088 2505 4128 sane
2537 4081 2675 4144 post
2701 4070 2864 4128 Pauli
2893 4075 3166 4143 tempora
3194 4069 3488 4136 vixerunt,

1831 4165 2260 4234 praeceptorem
2284 4166 2459 4216 nacta
2475 4166 2589 4217 est:
2607 4160 2712 4216 sed
2728 4161 2894 4233 quod
2916 4159 3101 4232 pluris
3121 4157 3487 4226 faciendum,

1831 4264 1970 4306 cum
2008 4249 2249 4322 plurimi
2288 4249 2754 4306 Christianorum
2788 4251 2902 4319 (tl)
2933 4248 3136 4320 palam
3167 4248 3227 4303 in
3259 4251 3490 4330 contra-

1830 4341 1981 4396 riam
2012 4345 2246 4412 partem
2275 4341 2588 4405 traherent,
2615 4344 2839 4395 rectam
2866 4343 3070 4394 tamen
3090 4337 3252 4394 viam
3277 4335 3486 4402 tenuit,

131 4422 346 4492 πλείους,
419 4429 490 4488 ὧς
552 4445 702 4498 φασι,
761 4431 850 4478 καὶ
905 4427 1094 4489 πολλὰς
1147 4429 1224 4480 ὄτι
1280 4431 1374 4491 τὰς
1425 4428 1719 4501 ἀντιλογίας

1858 4434 1887 4484 :t
1916 4444 2026 4501 pro
2054 4428 2298 4484 veritate
2329 4428 2482 4484 mori
2512 4428 2703 4498 elegit.
2735 4427 2836 4483 llla
2869 4426 3271 4483 constantiam
3303 4423 3492 4480 tenuit

131 4508 474 4583 εὑρίσκουσιν,
526 4516 672 4586 ὤφθη
721 4532 776 4566 τε
831 4513 1242 4589 ἀπειρίτρεπτος,
1300 4521 1389 4569 καὶ
1440 4519 1506 4569 τὰ
1554 4537 1720 4590 παρα-

132 4596 320 4657 πλήσια
344 4601 575 4655 ἐνστᾶσα
617 4609 678 4675 τῇ
728 4605 1132 4678 πρωτομὰρτυρι
1192 4607 1256 4657 τὰ
1297 4603 1391 4658 ἶσα
1451 4602 1718 4679 διεκαρτέ-

133 4705 273 4759 ρησε.
304 4695 472 4743 Πόσον
509 4686 560 4743 δ’
594 4689 655 4743 ἀν
684 4693 950 4763 ἡγήσαντο
981 4691 1062 4744 ότι
1105 4699 1194 4745 καὶ
1252 4693 1533 4756 συνάθλους
1586 4694 1720 4747 πλεῖ-

136 4793 253 4838 στας
277 4785 546 4848 πεποίηκε,
592 4785 682 4834 καὶ
741 4785 872 4854 πρός
916 4784 1001 4833 τόν
1059 4782 1212 4835 αὐτόν
1261 4785 1386 4855 ὑπὲρ
1440 4792 1573 4838 Θεοῦ
1626 4789 1720 4848 ζῆ-

133 4860 210 4915 λον
265 4865 438 4943 ἐπῆρε,
515 4875 605 4922 καὶ
677 4877 771 4931 τῆς
845 4868 948 4922 ἀνω
1023 4869 1300 4943 βασιλείας
1369 4872 1720 4947 κληρονόμους

136 4956 440 5015 κατὲστησεν
493 4974 504 5024 ;
554 4957 688 5010 Ἀλλ’
742 4957 950 5030 ἄγγελοι
1005 4963 1095 5032 μέν
1147 4961 1343 5014 οὗτωσί
1405 4982 1510 5024 πως
1562 4965 1719 5034 ἔχαι-

135 5059 236 5111 ρον,
283 5045 437 5099 ὁσίων
486 5066 540 5100 τε
595 5043 760 5120 δῆμοι
806 5052 896 5100 καὶ
965 5050 1242 5123 μαρτύρων
1308 5049 1516 5104 ἄλλοθεν
1576 5051 1720 5104 ἄλλοι

137 5145 604 5205 προσυπαντῶντες,
641 5137 708 5198 ὠς
759 5140 817 5189 τό
868 5137 1026 5205 εἰκός,
1073 5134 1361 5202 ἐδεξιοῦντο
1419 5145 1513 5198 τὴν
1570 5142 1719 5193 ὁσίαν

137 5216 238 5290 ἅμα
262 5228 348 5275 καὶ
376 5228 632 5300 μάρτυρα,
696 5230 786 5278 καὶ
841 5234 938 5288 τῆς
1009 5231 1254 5302 σφετέρας
1307 5233 1492 5302 μοίρας
1547 5231 1718 5283 ἓκοίτε-

138 5325 214 5376 ροι
241 5321 450 5370 ποιῆσοι
519 5317 711 5373 ταύτην
759 5313 978 5368 ἐπόθουν
1019 5321 1108 5369 καὶ
1159 5313 1484 5370 ἰδιώσασθαι
1518 5340 1530 5352 ’
1588 5323 1718 5382 Θεὸς

185 5486 277 5570 ,(9)
293 5489 409 5570 Heli
419 5507 485 5547 us
501 5491 650 5570 forte
667 5493 1132 5570 Ambrosianum
1165 5495 1362 5570 Synax
1371 5496 1562 5570 arium
1584 5499 1720 5570 κατά

142 5561 326 5638 αὐχένα
352 5561 410 5617 in
431 5566 656 5638 cervice
687 5581 698 5618 :
725 5565 860 5636 quis
895 5561 1278 5638 enimnescit
1313 5567 1613 5623 vertebrae
1654 5567 1716 5623 in

143 5635 371 5705 cervice,
398 5649 519 5689 non
546 5635 605 5690 in
633 5635 871 5705 gutture
901 5651 1030 5692 esse
1051 5635 1079 5690 ‘2

206 5697 312 5773 (lO)
344 5705 400 5762 S.
434 5697 672 5776 Thecla',
703 5705 1001 5780 discipula
1022 5709 1077 5764 S.
1138 5707 1322 5778 Pauli,
1383 5708 1615 5780 colitur,
1647 5712 1716 5767 23

1832 4534 2014 4590 super
2042 4534 2124 4587 re,
2164 4517 2526 4584 imperfectis
2554 4533 2727 4590 aeque
2756 4534 2828 4574 ac
2857 4515 3130 4589 perfectis
3150 4514 3491 4571 indubitata

1827 4607 2179 4678 Theodosia,
2203 4623 2312 4680 pro
2332 4623 2404 4664 ea
2432 4623 2570 4680 quae
2599 4624 2635 4663 a
2657 4607 2858 4663 multis
2893 4605 3222 4662 vocabatur
3250 4604 3311 4660 in
3347 4620 3489 4660 con-

1828 4697 2200 4763 troversiam,
2254 4696 2334 4754 ab
2378 4697 2738 4765 imperfectis
2777 4695 3016 4763 scilicet,
3047 4695 3154 4767 qui
3183 4693 3403 4750 multas
3431 4694 3491 4748 et

1830 4801 2085 4856 magnas
2107 4785 2170 4842 in
2200 4785 2567 4842 contrarium
2597 4785 2858 4842 rationes
2880 4784 3250 4852 invenerant,
3275 4786 3338 4837 ut
3367 4781 3486 4837 aie-

1825 4872 1994 4940 bant,
2020 4875 2240 4930 mansit
2257 4874 2620 4930 inconcussa
2647 4890 2660 4940 ;
2688 4873 2750 4928 in
2775 4872 3001 4930 caeteris
3024 4886 3167 4926 vero
3187 4869 3318 4941 pari
3345 4883 3487 4924 cum

1827 4967 2267 5035 protomartyre
2292 4963 2735 5035 perseverantia
2762 4961 2908 5018 nihil
2937 4975 3122 5032 quam
3150 4958 3251 5014 illa
3280 4957 3484 5013 minus

1827 5052 1947 5123 egit
1963 5051 2202 5108 fortiter.
2223 5052 2371 5108 lllud
2389 5067 2569 5125 porro
2589 5051 2799 5124 quanti
2820 5047 3162 5106 faciendum
3187 5052 3298 5116 est,
3316 5045 3487 5119 quod

1825 5141 2028 5213 plures
2048 5140 2323 5212 ejusdem
2345 5141 2688 5198 certaminis
2709 5139 2966 5197 effecerit
2986 5139 3197 5204 socias,
3225 5153 3381 5210 quas
3405 5135 3486 5193 ad

1828 5231 2082 5288 similem
2105 5231 2296 5288 zelum
2323 5247 2433 5303 pro
2465 5233 2582 5287 Deo
2603 5231 2898 5286 excitavit.
2946 5243 3178 5300 suoque
3209 5225 3485 5300 exemplo

1826 5321 1890 5377 in
1920 5321 2176 5378 cwlestis
2203 5321 2372 5391 regni
2407 5319 2818 5376 haereditatem
2846 5319 3141 5376 immisit?
3181 5318 3306 5375 Hoc
3344 5332 3486 5389 ergo

1831 5497 2214 5572 Septembris,

1901 5570 2018 5639 (11)
2067 5569 2216 5634 Quia
2253 5575 2352 5620 τῶν
2402 5567 2802 5639 ὁμογυωμόνων,
2851 5565 3480 5639 εῙιιεᾴθηιλεεγιιβηιίεε,

1828 5635 1917 5695 de
1946 5639 2064 5695 ﬁde
2103 5639 2262 5695 circa
2291 5635 2621 5694 Christum‘
2647 5637 2946 5694 duntaxat
2983 5635 3231 5707 intelligi
3258 5637 3356 5694 hic
3387 5636 3486 5693 de-

1825 5709 1947 5778 bet,
1984 5710 2461 5768 Christianorum
2497 5707 2661 5766 verti.
