3988 6322
473 338 576 394 923

1668 331 2124 390 CONSTANTINI
2163 329 2639 388 ACBOPOLITE.

3741 329 3854 383 924

472 461 659 520 modo
678 459 1036 518 laetabantur
1071 458 1287 530 angeli,
1315 463 1660 516 sanctorum
1700 473 1840 514 vero
1870 463 1928 513 et
1964 471 2111 513 mar-

2249 452 2289 508 i"
2339 454 2466 528 ύπίρ
2521 454 2581 506 οὗ
2636 473 2728 507 και
2784 450 2859 508 δι’
2889 456 2943 507 ὃν
2981 455 3278 527 ἠγωνίσατο
3335 449 3598 513 διατησας
3626 451 3851 524 ἀμφοῖν,

474 555 672 623 tyrum
692 556 922 614 turma,
958 547 1086 604 alia
1116 547 1359 604 aliunde
1378 547 1825 620 progredientes
1853 545 2118 616 obviam,

476 643 696 695 sancta
727 638 903 693 simul
923 652 994 693 ac
1023 636 1270 710 martyri
1290 636 1702 700 occurrebant,
1738 639 1803 690 ut
1840 650 1951 707 par
1979 637 2127 701 erat,

2240 553 2339 598 τῶν
2387 544 2606 599 αῖωνίων
2682 541 2891 617 ἀγαθῶν
2946 543 3133 618 ἀμφοῖν
3189 541 3560 596 συναπολαύειν
3619 536 3854 594 ἐνδέδω-

2238 653 2342 690 κεν.

475 732 533 784 et
559 743 682 783 suae
702 727 928 799 quique
945 725 1102 798 parti
1123 725 1449 797 cupiebant
1473 725 1784 798 propriam
1826 723 2146 779 vindicare.
2187 723 2344 779 Deus
2369 724 2593 787 autem,
2621 724 2794 795 cujus
2822 737 2936 797 ope
2980 726 3037 779 et
3067 723 3240 795 cujus
3267 736 3451 779 causa
3487 722 3845 782 certaverat,

475 832 614 872 cum
652 815 919 889 utrisque
958 830 1322 872 conversans
1361 815 1496 872 fecit
1536 819 1600 872 ut
1637 831 1777 871 cum
1816 813 2087 885 utrisque
2116 813 2370 885 pramio
2395 811 2797 885 perfrueretur
2826 817 3069 870 aterno.

1991 913 2212 969 CAPUT
2249 912 2312 966 V.

915 1005 1220 1062 Mc'racula
1247 1005 1330 1062 ad
1366 1006 1431 1060 S.
1472 1004 1809 1061 Theodosia:
1835 1001 2268 1058 invocationem
2296 1005 2570 1070 patrata,
2591 1001 2698 1058 ubi
2722 1001 2949 1057 Auctor
2972 1000 3047 1056 de
3072 1015 3134 1057 se
3161 1005 3214 1056 et
3239 999 3380 1056 suis.

546 1097 634 1150 32.
660 1096 850 1166 Atque
871 1093 1222 1164 hujusmodi
1241 1094 1428 1149 ferme
1455 1093 1616 1148 fuere
1637 1108 1708 1148 ea
1727 1107 1864 1164 qua
1902 1093 2132 1147 Sancta

473 1184 534 1239 in
566 1182 719 1238 calo
747 1183 1152 1253 contigerunt,
1183 1190 1361 1256 prout
1392 1197 1657 1253 congrue
1696 1182 2032 1252 conjectare
2069 1179 2132 1234 li—

474 1276 602 1341 cet;
631 1288 742 1328 nos
788 1288 932 1330 vero
983 1273 1161 1344 quiin
1200 1278 1355 1328 terra
1402 1272 1579 1345 positi
1627 1287 1832 1327 sacras
1869 1271 2000 1341 ejus
2045 1283 2134 1324 re-

473 1361 693 1434 liquias
715 1362 960 1418 feliciter
991 1361 1400 1434 possidemus,
1441 1361 1588 1433 quid
1629 1360 1874 1416 tandem
1915 1358 2130 1421 facere,

473 1455 579 1507 aut
613 1467 737 1524 qua
766 1451 995 1507 ratione
1033 1451 1278 1507 aﬂ‘ectos
1318 1466 1452 1506 esse
1490 1446 2135 1523 oporteat,considere-

474 1555 632 1610 mus,
677 1540 1006 1612 prasertim
1057 1556 1196 1596 cum
1236 1544 1320 1596 tot
1355 1540 1491 1610 ejus
1539 1537 1902 1595 admiranda
1949 1551 2134 1609 opera

475 1628 640 1684 nullo
678 1644 801 1685 non
824 1630 918 1685 die
949 1629 1353 1701 experiamur,
1379 1627 1812 1700 videamusque
1835 1626 2134 1696 homines,

2309 1088 2416 1162 λβ“.
2471 1091 2555 1143 Ἐν
2606 1092 2697 1162 μὶν
2743 1091 2943 1165 οὐρανῷ
3021 1091 3240 1142 τοιαῦτα
3297 1107 3380 1142 τοι
3447 1094 3510 1160 τῇ
3589 1089 3852 1160 Μακαρία

2238 1175 2368 1252 τῇδε
2395 1183 2696 1249 συνητηκεν,
2727 1180 2828 1232 ὅσα
2854 1199 2911 1252 γε
2961 1177 3017 1231 ἐκ
3070 1187 3169 1231 τῶν
3219 1178 3426 1232 εἰκότων
3475 1180 3585 1230 ἔστι
3639 1178 3851 1246 στοχα-

2243 1269 2442 1320 σασθαι
2469 1289 2481 1301 ·
2513 1271 2634 1330 τοὺς
2673 1264 2725 1320 δ’
2754 1267 2840 1320 ἐπι
2866 1277 2969 1340 γῆς
3015 1269 3412 1340 εὑρισκομένους
3458 1269 3594 1339 ἡμᾶς
3639 1285 3739 1317 και
3789 1268 3851 1317 τό

2245 1359 2376 1431 ἱερὸν
2406 1357 2568 1420 αὐτῆς
2593 1362 2910 1429 κατέχοντας
2939 1357 3178 1429 λείψανον
3226 1362 3278 1409 τί
3324 1363 3488 1409 ποιεῖν
3545 1355 3649 1427 ἆρα
3705 1359 3850 1428 χρὴ,

2241 1466 2332 1499 και
2403 1447 2542 1509 ὅπως
2605 1443 2686 1500 δεῖ
2735 1443 3056 1518 διακεῖσθαι,
3121 1451 3488 1518 σκοπήσωμεν,
3550 1464 3640 1496 και
3694 1444 3852 1496 ταῦθ’

2243 1536 2502 1610 όσημίραι
2559 1543 2658 1587 τῶν
2716 1537 2993 1609 θαυμάτων
3050 1535 3210 1596 αὐτῆς
3266 1533 3636 1599 ἀπολαϐόντας,
3724 1536 3856 1593 τοὺς

2242 1628 2368 1685 τέως
2386 1629 2726 1698 παρειμένους
2759 1630 2854 1684 τὴν
2896 1625 3187 1699 όλομξλειαν
3251 1624 3348 1686 τῆς
3407 1632 3547 1696 σφῶν
3596 1619 3852 1694 διαρτίας

475 1717 745 1789 corporis
772 1733 884 1772 usu
907 1716 1252 1789 viribusque
1278 1717 1912 1782 destitutos,hactenus
1949 1730 2111 1771 mem

2249 1714 2468 1788 ὁρῶντας
2515 1709 2667 1776 αὖθις
2723 1711 2787 1768 αὖ
2865 1713 3233 1785 ἀπολαϐόντας,
3302 1717 3503 1786 κωφούς
3561 1732 3652 1765 και
3720 1710 3855 1764 ἁλὰ-

477 1804 731 1862 brorum
754 1822 997 1862 suorum
1020 1811 1244 1863 rectam
1265 1807 1552 1880 consequi
1574 1805 2132 1872 conformationem;

479 1894 695 1950 surdos
750 1911 822 1952 ac
865 1901 1087 1962 mutos,
1127 1902 1481 1970 recuperato
1521 1897 1759 1953 aurium
1814 1899 1873 1951 et
1912 1894 2135 1964 lingua

474 1999 619 2050 usu,
653 1984 733 2041 ob
766 1987 1026 2056 insignia
1051 1985 1202 2041 adeo
1233 1986 1520 2043 miracula
1551 1986 1772 2056 gaudio
1801 1984 2136 2052 exsultare;

478 2077 534 2128 et
559 2073 702 2142 Deo,
733 2076 837 2148 qui
863 2081 1034 2132 tanta
1071 2091 1214 2146 erga
1251 2077 1530 2133 homines
1568 2080 1872 2147 operatur,
1913 2074 2138 2144 gratias

475 2161 752 2220 exhibere
786 2183 800 2234 ;
840 2171 896 2222 et
924 2167 1086 2224 illam
1142 2172 1388 2242 propter
1419 2167 1590 2237 cujus
1653 2164 1864 2220 merita
1901 2167 2135 2218 tantum

473 2248 906 2312 beneﬁciorum
945 2259 1584 2330 accipimus,quaque
1643 2257 1805 2308 tanta
1859 2253 1920 2307 in
1983 2251 2134 2308 calo

479 2339 693 2409 gloria,
718 2347 884 2402 tanta
906 2347 966 2402 in
999 2348 1169 2403 terris
1207 2350 1499 2419 potestate
1542 2342 1746 2414 pollet,
1785 2341 2000 2397 debitis
2031 2341 2135 2396 ho-

477 2446 696 2490 norum
736 2440 793 2490 et
830 2435 1086 2491 laudum
1143 2435 1343 2503 titulis,
1387 2438 1450 2488 ut
1495 2448 1606 2505 par
1655 2437 1760 2498 est,
1813 2431 2124 2503 prosequi.

2243 1802 2377 1870 λους,
2455 1807 2743 1876 φωνοῦντας
2812 1824 2866 1858 τε
2933 1825 3024 1858 και
3093 1804 3372 1864 ἀκούοντας
3467 1799 3854 1876 ἐφηδύνεσθαι,

2243 1895 2444 1955 παντως
2497 1901 2608 1954 ταῖς
2667 1897 3115 1971 θαυματουργίαις
3189 1894 3523 1967 εὐχαριστεῖν
3603 1901 3678 1963 τῷ
3775 1892 3852 1963 ἐφ’

2244 1985 2389 2055 ἡμῶν
2444 1991 2666 2036 τοιαῦτα
2731 1981 3080 2059 διενεργοῦντι
3133 1992 3268 2055 Θεῷ,
3334 2003 3426 2035 και
3476 1986 3569 2040 τὴν
3627 1979 3704 2034 δι’
3791 1981 3858 2041 ἧς

2243 2073 2388 2125 ταῦτ’
2446 2072 2790 2148 ὼεργούμεθα
2839 2079 2934 2134 τὴν
2992 2071 3382 2148 δεδοξασμίνην
3425 2076 3619 2130 ταύτην
3677 2071 3730 2125 ἐν
3768 2071 3854 2125 ού-

2241 2169 2437 2237 ρανοίς,
2489 2183 2581 2215 και
2635 2164 2770 2216 οὕτω
2822 2164 3025 2238 μεγὰλα
3078 2165 3375 2238 ἰσχύουσαν
3431 2161 3514 2215 ἐπί
3573 2170 3672 2223 τῆς
3726 2169 3855 2233 γῆς,

2242 2253 2308 2302 τὰ
2336 2252 2510 2304 εἰκότα
2549 2273 2640 2304 και
2685 2258 2944 2328 γεραίρειν
2996 2273 3084 2306 και
3136 2253 3399 2327 εὐφημεῖν.
3469 2251 3699 2304 Πλεῖστα

2241 2349 2328 2395 οῦν
2353 2344 2385 2400 ἡ
2427 2347 2580 2414 ’Δγία
2627 2345 2885 2418 ὁσημέραι
2932 2350 3262 2417 τερατουργεῖ
3287 2365 3300 2377 ·
3357 2341 3467 2394 ἀλλ’
3515 2341 3674 2416 οὗπερ
3729 2341 3859 2393 αὐτ-

2242 2434 2403 2494 όπτης
2420 2429 2662 2504 ἐγενόμην
2683 2433 2779 2484 οὐκ
2801 2431 2978 2491 ἀνήσω
2997 2437 3069 2504 μὴ
3101 2429 3262 2504 διηγὴ
3272 2433 3488 2486 σασθαι.

477 2522 654 2578 Multa
701 2528 842 2579 sunt
871 2524 1119 2596 quidem
1158 2539 1295 2597 qua
1333 2525 1546 2579 Sancta
1574 2519 1840 2593 quotidie
1875 2517 2016 2574 facit
2052 2517 2433 2589 admiranda,
2465 2521 2572 2578 sed
2613 2537 2750 2592 qua
2796 2521 2943 2595 ipsis
2995 2521 3160 2578 hisce
3189 2521 3377 2577 oculis
3401 2520 3603 2577 videre
3633 2519 3854 2586 merui,

475 2626 598 2666 non
623 2626 873 2684 possum
913 2627 1035 2668 DOD
1058 2627 1356 2668 enarrare.

549 2703 638 2756 33.
672 2703 818 2755 Puer
845 2701 1098 2773 quidam
1121 2705 1250 2758 erat
1277 2704 1447 2757 atate
1477 2698 1556 2756 ad
1571 2698 1902 2772 pubertatis
1944 2711 2138 2754 annos

476 2789 604 2860 jam
629 2804 1004 2861 progressus,
1027 2807 1100 2847 ex
1151 2805 1361 2847 eorum
1416 2804 1712 2862 pagorum
1769 2804 1892 2844 uno
1913 2787 2135 2860 aliquo,

475 2877 579 2950 qui
604 2879 666 2934 in
697 2879 952 2952 Phrygia
972 2880 1052 2937 ad
1083 2879 1335 2936 ﬂuvium
1385 2879 1783 2951 Bhyndacum
1817 2876 1930 2951 (12)
1977 2879 2135 2945 sunt,

481 2967 793 3037 oriundus,
828 2969 937 3026 sed
967 2985 1004 3024 a
1032 2968 1228 3042 patrio
1259 2968 1387 3024 solo
1415 2967 1790 3041 peregrinu'.
1833 2968 1934 3024 Hic
1973 2965 2139 3037 quod

477 3054 643 3112 dictu
673 3056 1400 3128 abominabilc,vagorum
1432 3061 1842 3126 Agarenorum
1867 3053 2138 3125 impieta-

476 3146 595 3199 tem
642 3144 1006 3214 sectabatur,
1058 3150 1116 3201 et
1153 3142 1733 3215 Constantinopolim
1783 3141 2137 3208 adveniens,

477 3230 593 3288 hac
625 3232 762 3288 illac
802 3249 908 3305 per
937 3233 1235 3289 civitatem
1274 3231 1618 3289 oberrabat.
1659 3234 1804 3287 Ecce
1846 3235 2070 3298 autem,
2101 3243 2139 3285 ο

474 3321 706 3377 rabiem
754 3322 1068 3390 damonis,
1110 3322 1386 3378 omnium
1430 3326 1640 3378 contra
1670 3337 1782 3377 nos
1834 3321 2136 3377 malorum

478 3410 738 3464 auctoris
772 3411 784 3463 l
832 3410 928 3466 die
950 3410 1220 3482 quadam
1270 3409 1550 3482 impletur
1601 3409 1858 3466 tenebris
1887 3414 1946 3466 et
1969 3409 2141 3465 verti-

477 3498 634 3567 gine.
686 3498 1074 3555 Meridianum
1127 3499 1350 3555 scilicet
1405 3504 1531 3556 erat
1579 3504 1837 3571 tempus,
1890 3499 2140 3572 quando

477 3586 660 3641 etiam
709 3587 895 3643 David
927 3588 1009 3644 ait
1039 3603 1161 3643 non
1186 3587 1599 3644 habitantibus
1626 3587 1689 3644 in
1716 3588 2015 3660 adjutorio
2044 3587 2140 3644 Al-

477 3673 710 3742 tissimi,
730 3679 786 3731 et
809 3675 870 3731 in
893 3676 997 3731 Dei
1033 3675 1421 3733 tabernaculo
1450 3691 1574 3733 non
1599 3677 2137 3748 commorantibus,

477 3762 884 3821 damoniacas
929 3766 1393 3838 imaginationes
1444 3766 1737 3838 ingruere.
1787 3771 1924 3824 Cum
1964 3767 2142 3837 igitur

479 3853 562 3908 sic
611 3853 955 3923 agitaretur,
1011 3860 1068 3911 et
1114 3855 1268 3912 ratio
1291 3856 1344 3912 ei
1371 3871 1494 3912 non
1541 3872 1758 3928 parum
1799 3861 1954 3912 esset
1999 3871 2141 3911 con-

476 3942 736 4010 turbata,
757 3944 1078 4017 derepente
1107 3947 1286 4002 etiam
1319 3947 1606 4002 contortis
1634 3946 1715 4003 ita
1740 3951 2010 4018 repertus
2033 3945 2143 4003 fuit

477 4031 751 4099 genibus,
784 4038 849 4089 ut
884 4034 1046 4091 tibia
1087 4035 1414 4091 femoribus
1456 4035 1851 4103 adharerent,
1885 4040 1942 4091 et
1970 4034 2139 4091 abor-

479 4117 610 4174 tivis
646 4119 760 4175 illis
797 4121 962 4178 haud
1001 4121 1305 4180 dissimilis
1335 4129 1671 4195 appareret,
1689 4139 1843 4196 quos
1881 4123 1960 4179 ad
1998 4138 2144 4195 pra-

478 4209 835 4285 tereuntium
867 4211 1288 4268 consitandam
1314 4213 1901 4269 commiserationem
1929 4213 2144 4285 plateis

478 4299 783 4368 expositos
816 4298 1154 4372 frequenter
1179 4303 1602 4373 conspicimus:
1628 4303 1776 4374 quin
1801 4303 1979 4359 etiam
2002 4318 2143 4374 apo-
2180 4290 2224 4344 D

478 4382 764 4454 plecticus
817 4390 978 4443 totus
1011 4395 1155 4459 erat,
1209 4406 1322 4446 nec
1347 4389 1524 4462 plane
1555 4391 1879 4459 intelligere
1911 4395 2144 4463 poterat

477 4473 625 4543 quid
651 4479 969 4546 pateretur.
1023 4481 1170 4534 Cum
1201 4483 1402 4535 autem
1451 4485 1666 4535 natura
1699 4487 1935 4551 cogeret
1963 4482 2039 4537 ad
2072 4497 2144 4538 ea

477 4561 702 4632 quibus
734 4564 1014 4631 assuevit,
1068 4572 1207 4623 tunc
1241 4569 1386 4624 satis
1417 4583 1794 4638 cognoscens
1822 4570 1969 4642 quid
1999 4569 2143 4644 mali

477 4654 633 4706 esset
658 4651 904 4724 (reptilis
931 4654 1092 4710 enim
1113 4654 1306 4712 factus
1329 4661 1474 4722 erat,
1507 4657 1612 4729 qui
1639 4660 1884 4714 eatenus
1912 4657 2143 4718 solebat

476 4739 737 4810 pedibus
757 4739 1052 4814 incedere)
1077 4745 1358 4800 manibus
1380 4761 1552 4818 aque
1573 4761 1644 4802 ac
1665 4746 1923 4819 pedidus
1947 4752 2138 4815 utens,

479 4845 662 4902 supra
679 4846 790 4887 sua
802 4846 863 4886 se
876 4846 1074 4902 genua
1085 4848 1206 4889 non
1222 4834 1741 4906 promovebat,sed
1756 4836 2142 4908 protrahebat

478 4923 725 4975 eatenus
740 4919 945 4976 saltem
962 4921 1208 4978 rationis
1226 4939 1499 4996 compos,
1520 4929 1585 4981 ut
1605 4925 1826 4981 victum
1848 4928 2140 4998 quaereret

477 5009 836 5066 mendicato.
856 5009 948 5067 Sic
962 5011 1075 5068 hac
1087 5011 1340 5084 illacque
1353 5023 1659 5086 repentem
1674 5031 1856 5088 seque
1869 5015 2138 5071 volutan-

480 5100 597 5153 tem
623 5107 754 5170 (nec
779 5100 940 5155 enim
962 5099 1131 5156 aliter
1151 5106 1408 5173 poterat)
1433 5102 1512 5158 ad
1539 5119 1962 5175 measquoque
1979 5103 2138 5159 aedes

479 5200 618 5242 eum
647 5188 896 5258 contigit
914 5188 1211 5258 devenire,
1245 5191 1512 5263 mihique
1534 5194 1594 5246 in
1625 5198 2014 5263 conspectum
2037 5207 2139 5247 ve-

477 5274 751 5344 nire,non
773 5292 982 5346 gressu
997 5279 1404 5347 debilem,non
1419 5280 1873 5346 claudicantem,
1891 5280 1996 5336 sed
2017 5297 2142 5339 ma-

479 5363 694 5421 nifeste
715 5371 1024 5438 repentem
1045 5373 1100 5424 et
1121 5370 1490 5440 gradientem
1513 5386 1696 5444 supra
1711 5376 1916 5442 pectus
1929 5387 1997 5428 ac
2011 5387 2143 5430 ven.

481 5455 992 5525 trem,secundum
1021 5463 1282 5514 veterem
1312 5458 1796 5516 maledictionem
1823 5460 2138 5534 serpentis.

2316 2697 2412 2770 λγ’.
2444 2695 2665 2754 Παιδίον
2720 2705 2813 2759 τὴν
2860 2699 3066 2759 ἠλικίαν
3121 2695 3228 2758 ἤδη
3292 2697 3558 2774 πρόσηϐον
3611 2701 3687 2767 ἄν,
3747 2716 3858 2750 πα-

2245 2791 2358 2859 τρίς
2376 2785 2512 2859 τῷδε
2540 2797 2641 2841 τῶν
2670 2794 2788 2864 περί
2835 2792 2924 2841 τὸν
2977 2784 3255 2841 Ῥυνδακὸν
3305 2790 3540 2860 ποταμόν
3593 2790 3693 2858 μία
3743 2806 3858 2838 κω-

2246 2885 2376 2950 μῶν,
2441 2886 2532 2938 τῆς
2606 2880 3018 2952 προενεγκούσης
3088 2880 3412 2950 μεταναστὰν
3466 2879 3523 2929 τὸ
3586 2872 3639 2929 δ’
3715 2878 3858 2936 ὅπως

2245 2967 2408 3040 λέγειν
2472 2967 2532 3020 ού
2585 2971 2828 3043 φορητόν,
2889 2966 3088 3021 ἀσεϐῶν
3149 2971 3208 3020 τό
3262 2967 3434 3039 κύκλῳ
3481 2962 3859 3040 καταδραμόν-

2245 3077 2342 3108 των
2403 3056 2720 3129 Ἀγαρηνῶν,
2779 3077 2865 3109 και
2923 3060 3068 3132 παρὰ
3116 3061 3212 3115 τὴν
3258 3060 3652 3109 Κωνσταντίνου
3715 3061 3861 3126 γενό-

2247 3165 2414 3218 μενον,
2442 3143 2574 3219 τῇδε
2617 3145 2824 3200 κάκεῖσε
2876 3155 2973 3208 τῆς
3023 3145 3213 3207 πόλεως
3267 3144 3520 3218 ἀλώμενον
3579 3142 3662 3204 ἦν.
3715 3144 3860 3198 Ἀλλ’

2247 3237 2286 3286 ὢ
2340 3244 2437 3298 τῆς
2495 3234 2734 3289 ἀνεκαθεν
2788 3244 2877 3289 τοῦ
2921 3236 3221 3309 ἀρχεκάκου
3275 3237 3405 3310 πρὸς
3457 3237 3600 3306 ημῶς
3644 3230 3862 3306 δυσμε-

2245 3329 2383 3387 νείας
2417 3324 2429 3378 Ι
2466 3329 2654 3378 σκότου
2706 3345 2796 3377 και
2851 3322 3004 3387 δίνης
3058 3331 3180 3398 μιᾶς
3226 3323 3519 3397 πληροῦται
3574 3332 3676 3375 τῶν
3727 3326 3861 3395 ἠμε-

2246 3421 2369 3486 ρῶν.
2397 3414 2743 3487 Μεσημϐρίας
2773 3422 2834 3472 ἧν
2882 3415 2907 3466 ό
2954 3417 3150 3487 καιρὸς,
3204 3415 3286 3466 ὅτε
3348 3409 3416 3472 δη
3471 3432 3561 3464 και
3619 3414 3645 3464 ὀ
3724 3414 3862 3474 θεῖος

2248 3505 2339 3574 ἔφη
2409 3500 2584 3558 Ααυὶδ
2646 3512 2749 3564 τοῖς
2810 3509 2880 3576 μὴ
2939 3509 3274 3555 κατοικοῦσιν
3335 3501 3386 3554 ἐν
3461 3499 3694 3574 βοηθείᾳ
3764 3510 3862 3555 τοῦ

2251 3591 2525 3663 Ὑψίστου,
2556 3589 2689 3665 μηδ’
2734 3591 2780 3644 ἐν
2833 3600 2895 3665 τῇ
2958 3596 3123 3665 σκέπη
3183 3599 3275 3644 τοῦ
3305 3599 3438 3645 Θεοῦ
3467 3590 3858 3662 αὐλιζομένοις,

2248 3685 2315 3737 τὰ
2344 3678 2673 3754 δαιμονιὼδη
2731 3685 3047 3753 συμπίπτειν
3099 3683 3481 3753 φαντὰσματα-
3541 3681 3712 3732 παθόν
3767 3677 3858 3732 οὖν

2249 3773 2384 3826 οὕτω
2411 3792 2502 3824 και
2529 3790 2615 3824 τον
2645 3770 2893 3843 λογισμόν
2949 3770 3044 3822 οὐκ
3095 3769 3172 3822 ἐπ’
3229 3769 3397 3840 ὀλίγον
3461 3771 3853 3842 συνταραχθέν,

2249 3865 2344 3925 τὰς
2409 3863 2588 3932 ἰγνύας
2674 3863 3129 3933 συνεστραμμένοις
3202 3861 3388 3931 αἴφνης
3463 3861 3588 3930 ἔχον
3643 3861 3854 3933 εὑρέθη,

2249 3958 2360 4014 τοῖς
2419 3958 2608 4024 μηροῖς
2663 3951 2758 4011 τὰς
2806 3953 3007 4021 κνήμας
3063 3953 3474 4021 συμπεφυκυίας,
3530 3949 3691 3999 όποία
3758 3958 3857 4000 τῶν

2251 4041 2306 4094 ἐκ
2359 4047 2567 4112 γενετῆς
2624 4038 2976 4111 ἀμϐλωμιὲτων
3051 4040 3200 4110 συχὰ
3248 4039 3392 4112 παρά
3446 4039 3539 4098 τὰς
3609 4037 3856 4096 πλατείας

2251 4139 2342 4190 τῆς
2393 4128 2588 4189 πόλεως
2641 4127 2865 4203 ἔρριπτε,
2925 4131 3012 4179 τὸν
3071 4135 3172 4178 τῶν
3237 4130 3528 4202 παριόντων
3583 4124 3724 4180 ἔλεον
3777 4127 3858 4180 έκ-

2255 4216 2523 4291 ὃεχόμεθα
2546 4239 2558 4250 ·
2590 4215 2696 4269 ἀλλ’
2727 4218 2791 4275 ἧν
2822 4218 2890 4279 ὠς
2942 4215 3128 4269 ἐπίπαν
3168 4215 3500 4274 ἀπόπληκτον
3553 4218 3613 4267 τὸ
3653 4212 3854 4268 παιδα-

2251 4328 2383 4383 ριον,
2417 4327 2505 4360 και
2551 4303 2736 4379 μηδ’ό’
2793 4325 2845 4358 τι
2899 4307 3160 4375 πεπόνθει,
3221 4309 3449 4358 συνιέναι
3492 4308 3549 4357 τὸ
3606 4308 3854 4377 παράπαν

2255 4394 2556 4469 δυνὰμενον.
2596 4397 2741 4448 Ἐπεί
2775 4391 2826 4446 δ’
2857 4397 2887 4452 ἡ
2921 4397 3078 4466 φύσις
3121 4398 3250 4469 πρὸς
3303 4394 3431 4468 οἷπερ
3487 4396 3634 4446 εἴωθε
3691 4413 3851 4451 κατη-

2251 4488 2500 4557 νάγκασε,
2553 4485 2656 4536 τότ’
2710 4485 2923 4554 ἔγνωκεν
2979 4481 3206 4555 ἀκριϐῶς
3279 4482 3339 4533 οὗ
3398 4487 3564 4534 κακοῦ
3649 4486 3850 4552 γέγονεν

2252 4574 2588 4648 (ἑρπυστικόν
2662 4573 2764 4645 γὰρ
2839 4575 3062 4628 κατέστη
3165 4574 3224 4623 τὸ
3285 4575 3410 4632 τέως
3510 4567 3852 4642 βαδιπικόν)

2251 4667 2413 4737 χερσί
2441 4663 2532 4734 μὶν
2563 4661 2648 4713 οἷα
2701 4680 2793 4712 και
2847 4664 2980 4713 ποσί
3027 4665 3318 4734 χρώμενον,
3368 4667 3477 4721 τοῖς
3522 4655 3580 4711 δὲ
3637 4663 3850 4731 γόνασιν

2251 4751 2356 4822 οὐχ
2413 4752 2546 4810 ὅπως
2599 4749 2653 4801 λε
2712 4747 3007 4822 προϐαῖνον,
3062 4748 3190 4801 ἀλλά
3236 4752 3536 4821 συρόμενον,
3593 4755 3714 4799 νοῦν
3767 4748 3852 4800 ού-

3165 4574 3224 4623 τὸ
3285 4575 3410 4632 τέως

2249 4859 2344 4901 τως
2369 4842 2505 4913 ἔχων
2536 4837 2775 4904 ἐπιπολὺ,
2815 4840 2880 4890 τὰ
2936 4842 3067 4912 πρὸς
3123 4843 3308 4910 χρείας
3361 4836 3413 4900 ἓξ
3456 4837 3712 4897 αἰτήσεως
3763 4857 3852 4889 πο·

2248 4929 2539 5004 ριζόμενον,
2601 4928 2752 5000 ἕρπον
2809 4945 2861 4978 τε
2913 4923 3043 5000 τῇδε
3096 4924 3305 4979 κάκεῖσε
3357 4946 3448 4978 και
3498 4922 3851 4998 κυλινδούμε-

2248 5038 2352 5076 νον.
2407 5017 2686 5073 Ἠτοιαύτη
2744 5035 2803 5087 γε
2852 5019 2956 5088 μὴν
3017 5014 3113 5074 ἆλη
3165 5017 3347 5068 τούτου
3402 5033 3493 5066 και
3554 5017 3698 5089 παρὰ
3760 5020 3853 5072 τὴν

2250 5106 2376 5180 ἐμὴν
2431 5106 2596 5158 οἰκίαν
2653 5106 2892 5177 γενέσθαι
2942 5109 3212 5170 πεποίηκε,
3267 5124 3356 5156 και
3411 5123 3501 5177 μοι
3559 5109 3685 5178 πρός
3733 5105 3855 5176 ὄψιν

2251 5195 2421 5264 ἦλθεν,
2455 5196 2514 5248 ού
2536 5194 2785 5267 χωλεῦον,
2829 5195 2924 5246 οὐκ
2973 5194 3213 5263 ὀκλάζον,
3286 5193 3414 5246 ἀλλά
3471 5203 3650 5268 σαφῶς
3677 5194 3850 5270 ἕρπον,

2250 5285 2380 5338 κάπί
2424 5294 2494 5355 τῷ
2545 5285 2726 5342 mea
2790 5303 2880 5336 και
2929 5292 2990 5344 τῆ
3056 5283 3229 5356 κοιλιᾳ
3290 5286 3424 5336 κατὰ
3478 5287 3572 5343 τὴν
3627 5283 3854 5337 παλαιὰν

2252 5373 2445 5433 ἐκείνην
2483 5376 2714 5446 κατὰραν
2755 5380 2849 5425 τοῦ
2885 5376 3042 5445 ὄφεως
3063 5377 3419 5446 πορευόμενον.

551 5596 666 5668 (l2)
686 5594 1051 5668 Rhymlacus
1079 5598 1299 5655 ﬂuvius
1320 5601 1515 5673 Mysia
1540 5601 1836 5675 (Phrygia
1857 5603 2104 5675 majoris
2117 5619 2188 5663 ea
2209 5619 2353 5678 pars
2383 5607 2490 5671 est)
2525 5605 2584 5660 in
2610 5603 3028 5678 Propontidem
3062 5603 3256 5661 inﬂuit
3277 5604 3354 5662 ad
3381 5604 3847 5677 congnominem

482 5682 592 5740 sibi
614 5699 847 5758 urpem.
867 5685 1138 5759 Suntqui
1158 5687 1405 5745 credant
1433 5689 1616 5748 Plinio
1651 5692 1874 5765 Lycum
1891 5691 2030 5750 dici.
