3988 6322
127 370 246 426 925

205 491 318 550 λδ’.
350 493 484 548 Ἀλλ’
523 493 580 546 οὐ
611 494 745 547 πάνυ
775 511 834 564 γε
879 496 1079 564 συχναὶ
1137 489 1404 566 παρῆλθον
1456 496 1554 541 τῶν
1611 490 1741 562 ἡμεο
1769 490 1812 546 Α

121 591 261 656 ρῶν,
305 589 394 636 καὶ
449 580 689 657 βαδίζων
743 579 890 643 αὖθις
928 585 1054 656 πρὸς
1099 582 1240 653 ἡμᾶς
1295 580 1320 631 ὁ
1372 584 1493 640 παῖς
1542 581 1739 650 γέγονε,

126 671 308 744 βαίων
357 675 721 748 ἀπρόσκοπτα,
771 671 854 725 ἐπί
901 690 956 724 τε
990 679 1091 723 τῶν
1147 666 1333 722 ποδοῖν
1373 667 1561 741 ἀμφοῖν
1616 686 1744 726 σκη-

118 767 462 836 ριπτόμενος,
520 767 610 815 καὶ
642 764 914 836 ἱστάμενος
965 762 1154 836 ὄρθιος.
1207 761 1276 820 ὥς
1320 779 1379 830 γε
1437 755 1503 816 δὴ
1559 759 1743 818 πάντες

122 853 182 903 οἱ
211 847 310 904 διὰ
367 853 604 915 πλάσεως
636 848 689 905 εὖ
744 855 974 924 ἔχοντες,
1029 855 1181 925 τέρας
1237 856 1390 902 τοῦτο
1424 854 1534 908 τοῖς
1584 853 1740 921 προῖ-

124 937 326 994 δοῡσιν
358 942 554 996 ἅπασιν
603 937 769 1011 ἔδοξε,
823 944 909 994 καὶ
938 939 1089 1001 ἄλλος
1127 939 1276 992 ἄλλον
1323 938 1475 1000 εὐθὺς
1520 955 1740 1010 μετεκα-

117 1030 292 1098 λεῖτο,
354 1037 444 1084 καὶ
504 1031 674 1107 ἕτερος
748 1031 920 1104 ἑτέρου
1002 1034 1121 1104 περὶ
1187 1029 1328 1099 αὐτῷ
1412 1026 1736 1091 ίπυνθάνετο,

121 1120 257 1193 Οὐχ
302 1119 452 1180 οὗτος
505 1119 710 1185 ἒκεῖνος,
764 1119 945 1192 λέγων,
997 1120 1022 1171 ὁ
1057 1121 1156 1194 πρὸ
1212 1123 1402 1192 μικροῦ
1453 1118 1742 1190 μετάφορη-

117 1214 214 1271 τός
249 1229 263 1278 ;
299 1209 421 1282 Οὐχ
451 1210 596 1270 οὗτος
646 1211 672 1261 ὁ
729 1211 862 1281 χθὲς
922 1211 1057 1280 ἔχων
1105 1213 1195 1260 καὶ
1241 1210 1498 1282 πρότριτα
1549 1224 1737 1276 συγκε-

117 1303 373 1372 καμμένα
412 1300 477 1351 τά
532 1303 726 1371 γόνατα
767 1315 781 1366 ;
825 1303 926 1352 Καὶ
993 1296 1076 1350 ἐπὶ
1107 1296 1235 1350 πολύ
1287 1316 1398 1357 πως
1456 1290 1738 1367 διηπορού-

119 1389 292 1460 μεθα,
338 1388 382 1440 εἰ
447 1387 835 1447 ἕπαληθεύοντά
893 1387 1022 1439 εἰσιν
1088 1388 1214 1458 ἡμῖν
1270 1387 1337 1436 τὰ
1399 1393 1495 1446 τῆς
1551 1383 1734 1454 ὅψεως,

121 1479 230 1540 ἕως
293 1477 449 1540 αὐτὸς
523 1479 684 1550 ῖγωγε
725 1475 993 1551 ἐγγύτερον
1048 1475 1257 1548 ἀγαγὼν
1314 1475 1453 1535 ὅπως
1510 1491 1565 1526 τε
1619 1473 1740 1546 ἠρό-

120 1586 258 1639 μην,
285 1571 378 1619 καὶ
404 1569 530 1620 πότε
555 1568 720 1639 ὑγιεῖς
775 1566 910 1619 οὕτω
974 1567 1091 1626 τοὺς
1144 1560 1316 1627 πόδας
1366 1562 1583 1635 ἐγένετο.
1638 1567 1739 1616 Καὶ

122 1656 207 1726 ὃς,
236 1655 504 1725 Ἐξῆλθον,
555 1658 670 1729 ἔφη,
703 1664 802 1708 τῶν
860 1654 1116 1722 ἐνταυθοῖ,
1173 1656 1317 1728 παρὰ
1371 1656 1460 1705 τὸν
1503 1651 1738 1724 αἰγιαλόν

119 1750 344 1816 γέγονα,
371 1745 442 1808 ὦς
470 1753 569 1797 τῶν
598 1749 890 1821 παριόντων
943 1745 1186 1816 αἰτοίμην
1232 1744 1300 1804 ὠς
1355 1749 1447 1794 τοῦ
1474 1741 1597 1816 παρ’
1649 1741 1740 1793 αὖ·

119 1842 229 1887 τῶν
255 1833 422 1896 ἐλέους
449 1837 773 1907 τυγχάνοιμι
802 1851 814 1864 ·
851 1832 978 1886 ἀλλά
1033 1853 1110 1894 τις
1139 1841 1237 1885 τῶν
1264 1828 1455 1884 ὀδιτῶν
1488 1831 1600 1897 (οὐκ
1631 1827 1738 1884 οἶδ’

120 1924 267 1986 ὅπως
299 1943 400 1993 τις,
431 1923 490 1976 οὐ
548 1926 650 2000 γὰρ
700 1923 902 1996 ἑώρακα
959 1927 1227 1998 πρότερον,
1282 1921 1340 1974 οὔ
1390 1923 1520 1993 μετὰ
1570 1928 1738 1973 ταῦτα

118 2021 312 2066 τοῦτον
371 2013 641 2086 ⁴ιἐθέαμαι)
743 2018 1034 2086 καινότερον
1128 2010 1205 2064 ἄπ’
1264 2009 1376 2082 ἐμοὶ
1459 2014 1734 2068 πεποίηκεν

116 2103 286 2170 ἵλεον,
363 2104 496 2178 ἄρας
579 2122 641 2175 με
694 2118 707 2130 '

134 2196 309 2264 Αγίαν
376 2197 538 2266 φέρων
612 2193 856 2245 κατέθετο
905 2209 917 2220 ’

117 2287 395 2356 μακαρίαν
435 2284 628 2340 ταύτην
681 2277 974 2335 Θεοδοσίαν
1031 2282 1061 2338 ἡ
1119 2287 1219 2331 τῶν
1278 2279 1554 2351 θαυμάτων
1612 2297 1734 2331 συν-

119 2374 285 2443 έχεια
352 2373 496 2442 παρὰ
548 2389 608 2442 γε
651 2377 713 2442 τῇ
798 2368 1132 2442 μεγαλοπόλει
1209 2370 1370 2440 ταύτῃ
1433 2371 1730 2434 πεποίηκεν,

121 2457 278 2532 οἶμαι
329 2455 390 2512 δε
444 2464 534 2511 καὶ
583 2467 680 2511 τῶν
737 2458 933 2511 πόλεων
975 2464 1222 2529 πανταχῆ
1258 2478 1270 2490 ·
1329 2464 1577 2527 πανταχῆ
1633 2458 1730 2531 γὰρ

120 2548 343 2612 ἐξαπλοῖ
387 2553 474 2606 τήν
513 2550 676 2623 χάριν
731 2569 744 2582 ·
799 2551 880 2602 ὅτι
924 2552 1015 2599 καὶ
1059 2547 1388 2618 πανταχόθεν
1442 2544 1733 2620 ξυρῥέοντες

119 2642 173 2693 οἱ
202 2647 380 2700 κακῶς
405 2640 616 2711 ἔχοντες
660 2647 761 2691 τῶν
823 2639 1006 2691 ἰάσεων
1058 2635 1327 2690 ἕπανίασιν
1373 2633 1730 2695 ἀπολαϐόντες.

743 2018 1034 2086 καινότερον

769 2106 860 2154 καὶ
913 2104 1016 2174 γὰρ
1092 2097 1390 2174 ἓπωμάδιον
1443 2101 1585 2172 παρὰ
1639 2102 1734 2157 τήν

970 2192 1105 2243 οὕτω
1159 2188 1260 2262 γὰρ
1318 2188 1589 2241 καλεῖσθαι
1640 2193 1734 2247 τὴν

1479 361 1555 418 ΙΝ
1595 364 1649 420 S.
1690 365 2165 423 THEODOSIAM.

3397 372 3504 428 926

1929 493 2017 548 34.
2047 494 2173 548 Non
2197 492 2367 550 multi
2401 492 2540 550 inde
2563 493 2920 551 effluxerant
2945 495 3094 564 dies,
3127 512 3265 553 cum
3295 513 3502 554 rursus

1853 580 1929 636 ad
1963 581 2123 637 aedes
2154 588 2394 638 nostras
2420 583 2580 640 idem
2613 601 2675 639 se
2699 583 3050 640 adolescens
3076 585 3344 655 contulit,
3367 587 3504 643 abs-

1851 685 1968 742 que
1996 670 2161 726 omni
2182 671 2616 743 impedimento
2637 674 2924 745 omnique
2950 673 3340 731 incommodo
3370 689 3506 747 pro-

1851 758 2147 830 grediens,
2179 765 2432 833 utroque
2465 761 2712 817 firmiter
2737 762 3064 818 consistens
3095 763 3268 836 pede,
3298 769 3354 820 et
3373 781 3502 822 cor-

1850 864 1995 922 pore
2024 849 2085 904 in
2103 849 2291 906 altum
2318 855 2532 921 erecto,
2558 850 3079 923 quemadmodum
3098 852 3289 908 solent
3314 853 3354 909 ii
3374 855 3503 926 qui-

1849 936 1963 994 bus
1989 937 2152 993 omni
2185 954 2258 994 ex
2288 943 2456 1010 parte
2479 939 2761 996 absoluta
2783 941 3194 997 membrorum
3225 943 3500 998 omnium

1849 1026 2246 1083 conformatio
2273 1027 2505 1099 obtigit.
2552 1028 2894 1099 Prodigium
2934 1029 3048 1086 hoc
3081 1030 3364 1086 omnibus
3393 1031 3499 1104 qui

1848 1130 1884 1170 a
1914 1115 2104 1171 lerant
2131 1131 2253 1172 non
2282 1117 2586 1173 mediocre
2606 1117 2794 1174 visum
2819 1121 2911 1175 est
2940 1135 2952 1172 :
2979 1135 3048 1174 ac
3065 1119 3162 1175 alii
3184 1119 3498 1176 confestim

1847 1203 2016 1273 alios,
2046 1197 2109 1260 ut
2181 1204 2265 1276 ﬁt,
2326 1206 2706 1276 advocantes,
2751 1223 2931 1280 super
2975 1207 3352 1264 adolescente
3397 1208 3497 1266 illo

1847 1293 2036 1348 multa
2049 1309 2118 1348 ex
2130 1293 2388 1350 invicem
2408 1295 3495 1370 sciscitabantur.Nonne,inquiebant,

1845 1381 1940 1437 ille
1969 1382 2065 1438 hic
2095 1387 2204 1449 est,
2245 1383 2348 1454 qui
2374 1398 2498 1439 non
2524 1400 2560 1439 a
2590 1386 2782 1440 multo
2813 1388 3079 1458 tempore
3108 1385 3227 1441 huc
3269 1386 3348 1442 ad
3385 1401 3496 1442 nos

1847 1469 1955 1527 fuit
1987 1469 2219 1527 delatus
2241 1475 2270 1526 τ)
2298 1475 2506 1528 Nonne
2536 1472 2696 1529 idem
2725 1473 2854 1546 ipse
2888 1473 2967 1529 ab
3001 1474 3128 1530 heri
3157 1478 3215 1530 et
3241 1474 3498 1531 nudius-

1847 1560 2054 1617 tertius
2103 1567 2411 1619 contracta
2448 1562 2714 1619 habebat
2766 1564 3006 1634 genua?
3053 1565 3294 1621 Multum
3320 1564 3498 1635 igitur

1847 1649 2298 1723 dubitabamus,
2346 1667 2491 1708 nam
2533 1669 2678 1709 vera
2725 1656 2924 1709 essent
2968 1669 3105 1726 quae
3138 1653 3496 1710 videbamus

1847 1739 2070 1808 oculis;
2097 1740 2292 1797 donec
2320 1757 2430 1811 ego
2462 1741 2589 1814 ipse
2619 1742 2867 1814 propius
2899 1742 2978 1798 ad
3007 1758 3147 1798 eum
3178 1743 3494 1813 accedens,

1777 1845 1817 1900 Β
1846 1831 2221 1902 percunctari
2242 1831 2416 1903 coepi,
2441 1847 2564 1904 qua
2588 1832 2835 1888 tandem
2857 1832 3108 1899 ratione,
3133 1848 3327 1906 quove
3353 1837 3497 1888 tem-

1845 1934 1989 1992 pore
2019 1919 2242 1991 pedum
2298 1921 2614 1976 sanitatem
2658 1926 3016 1977 consecutus
3057 1926 3228 1978 esset.
3262 1923 3335 1978 At
3378 1920 3491 1988 ille,

1845 2010 1973 2064 Non
2023 2007 2104 2064 ita
2158 2008 2415 2080 pridem,
2448 2009 2658 2082 inquit,
2704 2010 2844 2065 hinc
2893 2009 2972 2065 ad
3015 2009 3174 2065 littus
3213 2025 3494 2080 egressus

1845 2112 2002 2163 sum,
2036 2101 2157 2152 uta
2186 2097 2664 2169 pretereuutibus
2693 2098 3094 2171 eleemosynaa
3141 2099 3368 2171 aliquid
3395 2114 3492 2155 ro-

1843 2185 2046 2255 gando
2095 2201 2493 2259 consequerer
2533 2203 2546 2252 ;
2606 2203 2744 2242 cum
2792 2203 2928 2243 ecce
2960 2203 2990 2243 e
3040 2187 3492 2244 transeuntibus

1843 2289 2000 2330 unus
2029 2275 2352 2348 quisquam
2371 2277 2499 2348 (nec
2521 2276 2682 2332 enim
2703 2276 2837 2348 quis
2861 2276 3037 2333 fuerit
3056 2277 3200 2346 scio,
3230 2277 3332 2349 qui
3355 2281 3492 2335 ante

1841 2380 2158 2437 nunquam
2188 2366 2497 2422 hominem
2527 2365 2816 2434 videram,
2849 2369 2905 2422 et
2942 2365 3158 2421 deinde
3193 2381 3315 2422 non
3347 2383 3492 2422 con-

1843 2456 2008 2527 spexi
2029 2455 2311 2527 amplius)
2329 2455 2630 2512 insolitam
2649 2455 2795 2511 mihi
2816 2455 3265 2527 eleemosynam
3288 2460 3493 2513 contu-

1839 2544 1925 2615 lit,
1952 2543 2100 2599 dum
2127 2549 2430 2616 arreptum
2454 2560 2550 2600 me
2579 2548 2758 2617 atque
2779 2544 2839 2599 in
2871 2545 3156 2600 humeros
3189 2560 3331 2600 suos
3354 2545 3494 2601 sub-

1840 2633 2051 2703 latum,
2085 2633 2366 2706 deposuit
2414 2634 2578 2708 apud
2615 2636 2894 2690 Sanctam
2930 2651 2943 2689 :
2976 2634 3092 2690 hoc
3130 2634 3357 2708 quippe
3383 2650 3492 2691 no-

124 2727 297 2784 mine
327 2727 570 2784 beatam
602 2727 1002 2784 Theodosiam
1033 2725 1347 2798 appellari,
1377 2725 1438 2780 in
1479 2724 1594 2780 hac
1638 2739 1864 2795 magna
1905 2723 2134 2779 civitate
2169 2723 2305 2780 fecit
2351 2723 2782 2780 miraculorum
2813 2723 3134 2780 multitudo
3168 2740 3181 2778 :
3214 2723 3493 2782 existimo

117 2822 332 2873 autem
361 2817 445 2873 sic
475 2817 652 2873 etiam
681 2817 743 2872 in
771 2816 902 2873 aliis
924 2815 1148 2889 ubique
1173 2812 1427 2870 urbibus
1448 2812 1784 2883 nominari,
1816 2811 2036 2884 ubique
2063 2813 2222 2868 enim
2253 2812 2509 2884 gratiam
2538 2812 2824 2869 divinitus
2852 2812 2965 2868 sibi
2996 2813 3274 2868 collatam
3303 2813 3495 2886 expli-

119 2909 221 2962 cat
245 2925 259 2974 ;
294 2919 482 2978 quare
511 2904 690 2962 etiam
721 2905 990 2978 undique
1020 2902 1334 2960 conﬂuunt
1361 2901 1519 2959 male
1548 2901 1841 2959 habentes
1872 2906 1927 2956 et
1954 2899 2272 2957 discedunt
2300 2900 2572 2957 sanitatis
2601 2900 3031 2957 restitutionem
3061 2901 3385 2957 consecuti.

193 2995 291 3049 λε’.
318 2997 503 3048 Τοίνυν
541 2999 630 3048 καὶ
661 2994 939 3068 ἁνωνύμως
997 2993 1132 3047 οὕτω
1187 2996 1246 3044 τὸ
1300 2987 1583 3064 παιδάριον
1636 2989 1735 3043 ἀπ-

119 3082 386 3138 εκάλεσεν.
421 3089 522 3138 Καὶ
548 3081 614 3142 δή
646 3103 710 3157 με
738 3085 969 3150 ὑποθεὶς,
1026 3085 1140 3155 ἔφη,
1199 3089 1262 3154 τῇ
1318 3082 1513 3141 ταύτης
1572 3087 1733 3154 σορῷ,

118 3172 278 3243 ἐλαίῳ
350 3191 404 3224 τε
494 3191 692 3247 χρισας
773 3180 864 3234 τῆς
956 3171 1329 3247 ἔπηωρημένης
1416 3176 1734 3242 φωταγωγοῦ

119 3259 271 3324 ἐξιὼν
344 3260 547 3334 εὔχετο.
624 3263 761 3333 Ἐγὼ
816 3258 869 3314 δ’
947 3259 1323 3333 ἒναπολειφθεὶς
1375 3257 1423 3311 ἐν
1472 3257 1734 3331 ἀμηχάνῳ

115 3354 406 3423 γεγένημαὶ
460 3366 477 3384 ⁶
539 3349 597 3403 οὐ
649 3352 752 3426 γὰρ
846 3349 1143 3425 προϐαίνειν
1198 3349 1343 3414 ὃ)ως,
1391 3348 1449 3400 οὗ
1493 3346 1735 3420 μεταϐαί-

114 3457 224 3491 νειν
283 3434 582 3511 ἠδυνάμην,
641 3436 748 3490 ἀλλ’
799 3440 868 3501 ὧς
914 3458 967 3490 τι
1012 3437 1375 3513 παρερῥίμμην
1423 3437 1595 3508 ἄχθος
1643 3439 1733 3488 καὶ

115 3536 222 3580 τῶν
270 3547 399 3603 προς
449 3531 636 3603 χρείαν
681 3526 999 3604 ἕστερούμην
1047 3530 1073 3580 ὁ
1133 3525 1379 3588 δείλαιος.
1436 3533 1587 3599 Τρεῖς
1633 3533 1731 3577 τῶν

115 3619 328 3690 ἡμερῶν
385 3616 776 3691 παρερῥύησαν,
837 3622 927 3670 καὶ
994 3637 1084 3690 μοι
1134 3615 1265 3678 ςάλη
1326 3635 1407 3677 τις
1467 3619 1586 3687 περὶ
1643 3617 1731 3666 τὸν

114 3705 380 3778 λογισμόν
422 3709 649 3777 γέγονεν,
707 3707 812 3778 οὐχ
859 3708 1039 3781 οἵαπερ
1089 3705 1251 3764 ἐκείνη
1309 3707 1334 3764 ὁ
1386 3707 1486 3779 πρό
1537 3710 1729 3777 μικροῦ

116 3795 488 3867 ξυμπεσοῦσα,
529 3799 618 3847 καὶ
671 3799 736 3848 τὰ
785 3800 976 3868 γόνατα
1025 3797 1480 3871 παραρθρώσασα,
1538 3798 1728 3868 γρὶκην

115 3903 214 3957 μοι
260 3888 352 3935 καὶ
402 3903 566 3956 μονης
628 3881 729 3937 ἀπὸ
782 3889 988 3958 μνήμης
1041 3884 1232 3945 ἐκείνης
1284 3890 1439 3948 ποιεῖ,
1496 3881 1728 3954 γαλήνης

119 3969 184 4024 δε
244 3975 337 4029 τὴν
397 3969 623 4046 καρδίαν
692 3973 988 4047 πληροῦσα,
1056 3977 1146 4025 καὶ
1207 3975 1336 4046 πρὸς
1393 3974 1450 4023 τὸ
1506 3971 1725 4041 εὔθυμον

117 4059 520 4134 μεταϐάλλουσα
597 4080 608 4091 ·
666 4064 778 4115 ὅθεν
855 4067 946 4115 καὶ
1001 4063 1068 4124 ὠς
1125 4063 1174 4113 ἓν
1225 4061 1368 4132 ὕπνῳ
1421 4055 1724 4132 πεπεδημέ-

116 4167 208 4210 νος
279 4145 411 4201 εἶναι
499 4145 678 4219 δόξας,
773 4151 927 4221 ὑγιὴς
1007 4150 1270 4223 ἁναθορῷν
1349 4149 1594 4223 εὖρημαι,
1680 4151 1724 4200 ἔ-

118 4256 255 4296 στην
308 4257 362 4290 τε
418 4235 502 4290 ἐπὶ
559 4235 750 4304 πόδας,
806 4243 895 4290 καὶ
950 4237 1172 4314 προέϐην
1249 4237 1332 4290 ἐπὶ
1401 4240 1619 4311 μακρὸν,
1675 4236 1722 4288 ἐν

115 4327 289 4398 ἐαυτῷ
359 4346 413 4380 τε
463 4331 751 4399 γενόμένος,
813 4333 905 4381 καὶ
955 4330 1067 4381 ὅθεν
1133 4328 1227 4386 ἧκέ
1271 4347 1362 4399 μοι
1411 4323 1638 4379 συνιδὼν
1689 4328 1718 4384 ἡ

115 4415 368 4489 βοήθεια,
420 4423 481 4486 τῇ
531 4425 622 4477 τῆς
662 4416 848 4488 Ἃγίας
902 4413 1394 4492 προσδεδραμήκειν
1426 4423 1584 4489 σορῷ,
1632 4419 1722 4467 καὶ
1754 4405 1796 4458 D

111 4514 180 4578 τῇ
234 4507 431 4567 ταύτης
481 4509 698 4580 περιφὺς
761 4506 936 4578 εἰκόνι,
987 4511 1078 4559 καὶ
1116 4508 1294 4577 συχνὰ
1334 4508 1529 4562 ταύτην
1579 4523 1721 4578 περι-

112 4593 441 4665 πτυξάμενος
509 4591 740 4662 ἐξῆλθον,
791 4594 860 4656 ὠς
911 4597 1082 4668 ὁρᾶτε,
1141 4601 1232 4646 τοῦ
1262 4594 1343 4646 ἐπ’
1395 4593 1508 4666 ἐμοὶ
1567 4589 1718 4654 δοξά-

112 4684 221 4744 ζων
306 4685 848 4756 θαυματουργήματος
909 4701 922 4714 ’
975 4689 1064 4736 καὶ
1106 4691 1193 4735 νῦν
1250 4685 1440 4757 ἡμέραι
1487 4686 1719 4755 τέτταρες

110 4768 226 4830 ἤδη
262 4769 318 4833 ἐξ
342 4771 403 4823 οὗ
433 4776 528 4830 τὴν
574 4771 721 4824 πόλιν
777 4782 1082 4847 περινοστῶ,
1145 4771 1418 4847 ἐλευθέρως
1459 4773 1579 4824 ὅποι
1629 4777 1719 4824 καὶ

113 4860 383 4936 βούλομαι
412 4865 766 4934 πορευόμενος.

186 5146 295 5210 λς’.
329 5146 486 5200 Ἀλλὰ
531 5143 670 5219 μηδὲ
712 5150 777 5199 τὰ
807 5146 908 5221 ἱεμᾶ
957 5148 1134 5220 ὅτιπερ
1195 5146 1294 5219 ἐμὰ
1345 5145 1718 5218 παραλειπτέον

112 5236 255 5308 ἐμοὶ,
303 5236 472 5309 ὠςμὴ
541 5243 630 5290 καὶ
687 5237 822 5290 αὐτά
882 5237 1044 5298 λήθης
1104 5237 1518 5310 παραπεμφθεῖεν
1546 5234 1716 5308 βυθῷ,

111 5324 265 5396 κάγὼ
323 5323 517 5397 μέμψει
588 5323 775 5398 δικαίᾳ
847 5324 1298 5384 καθυποϐληθείην
1371 5323 1716 5399 ἀχαριστίας,

113 5409 259 5484 μηδὲ
296 5411 430 5484 λόγῳ
468 5413 604 5486 ψιλῷ
641 5411 973 5490 παραδοῦναι
1031 5416 1407 5490 προθυμηθεὶς,
1476 5414 1604 5487 άπερ
1665 5411 1718 5466 εὖ

71 5564 77 5570 _
114 5509 224 5563 τοῖς
263 5505 430 5576 ἔργοις
467 5505 624 5575 ἔφθην
663 5507 839 5556 παθών
887 5526 900 5538 ο
939 5509 1058 5578 περὶ
1099 5501 1158 5556 δὲ
1221 5511 1311 5556 τοῦ
1351 5499 1597 5578 δευτέρου
1634 5507 1719 5556 τόν

114 5590 269 5663 λόγον
310 5597 601 5664 ποιήσομαι
639 5597 905 5668 πρότερον.
945 5591 1184 5670 Γαμϐρός
1256 5595 1378 5665 ἐμὸς
1417 5593 1502 5645 ἐπὶ
1565 5594 1719 5666 θυγα-

118 5685 206 5757 τρί
280 5688 382 5733 τῶν
457 5681 666 5755 εὐγενῶν
741 5683 886 5744 οὗτος
946 5688 1035 5736 καὶ
1072 5681 1440 5755 περιϐλέπτων,
1503 5678 1719 5755 ἀδελφι-

1911 2990 2001 3046 35.
2043 2992 2248 3062 Itaque
2281 2991 2566 3046 Sanctam
2608 3004 2852 3063 quoque
2904 3005 3054 3061 puer
3104 2991 3212 3045 iste
3264 3004 3492 3046 vocans

1773 3051 1812 3107 Ο
1845 3078 2079 3152 absque
2107 3051 2352 3152 proprio
2383 3051 2649 3135 nomine:
2685 3051 2874 3151 Super
2907 3051 3110 3150 hujus,
3143 3078 3355 3151 inquit,
3401 3083 3493 3134 tu-

1843 3169 2074 3226 mulum
2104 3185 2201 3226 me
2221 3185 2452 3243 ponens
2473 3168 2588 3237 ille,
2604 3173 2661 3226 et
2681 3169 2938 3240 desuper
2958 3183 3240 3241 appensae
3259 3167 3491 3239 lampa-

1841 3258 1932 3314 dis
1953 3258 2084 3314 oleo
2110 3258 2427 3330 inungens,
2461 3257 2653 3314 oravit
2679 3263 2736 3314 et
2776 3257 2938 3315 abiit.
2963 3261 3084 3328 Ego
3111 3272 3254 3314 vero
3278 3256 3490 3313 dereli-

1841 3352 1994 3417 ctus,
2015 3347 2163 3420 quid
2193 3361 2434 3417 agerem
2456 3347 2798 3403 nesciebam
2823 3365 2834 3402 :
2861 3362 3005 3403 nam
3030 3361 3226 3418 neque
3252 3361 3492 3419 progre-

1839 3435 1901 3491 di
1920 3451 2112 3508 neque
2152 3435 2382 3506 digredi
2420 3435 2560 3491 inde
2586 3439 2880 3508 poteram,
2914 3434 3020 3491 sed
3049 3434 3272 3491 inutilis
3302 3434 3490 3491 instar

1839 3525 2125 3599 ponderis
2155 3525 2568 3596 remanebam,
2595 3524 2876 3582 omnibus
2899 3525 2978 3581 ad
3006 3524 3188 3581 vitam
3215 3539 3492 3581 necessa-

1839 3614 1939 3670 riis
1987 3615 2166 3671 rebus
2214 3614 2530 3671 destitutus
2578 3615 2780 3670 miser.
2835 3617 2972 3670 Tres
3020 3614 3292 3670 abierant
3337 3612 3485 3680 dies,

1838 3720 1976 3760 cum
2001 3703 2145 3760 mihi
2192 3703 2474 3777 quaedam
2504 3704 2720 3760 mentis
2749 3703 3062 3760 concussio
3099 3702 3333 3767 accidit,
3363 3717 3484 3757 non

1835 3793 2034 3866 qualis
2071 3797 2208 3849 ante
2253 3793 2534 3865 exiguum
2580 3799 2820 3866 tempus
2869 3792 3290 3864 superveniens
3337 3789 3484 3845 mihi

1836 3898 2034 3954 genua
2063 3883 2375 3949 contraxit,
2419 3887 2476 3938 et
2504 3881 2598 3936 vel
2629 3881 2758 3936 sola
2785 3880 3194 3936 recordatione
3229 3878 3319 3934 sui
3346 3878 3484 3933 hor-

1833 3987 2028 4028 rorem
2054 3971 2198 4026 mihi
2227 3970 2461 4039 incutit;
2496 3969 2602 4025 sed
2623 3970 2890 4026 animum
2916 3967 3171 4040 implens
3201 3965 3482 4039 tranquil-

1832 4060 2012 4124 litate,
2041 4061 2384 4133 optimeque
2406 4073 2806 4131 componens;
2832 4056 3013 4122 unde,
3041 4055 3221 4112 veluti
3245 4055 3293 4111 si
3316 4071 3480 4111 som-

1832 4149 2020 4204 nianti
2050 4152 2282 4205 tantum
2314 4147 2585 4202 oblatum
2608 4145 2817 4202 fuisset
2836 4145 3058 4218 pedum
3081 4143 3478 4217 impedimen-

1831 4241 1983 4303 tum,
2023 4237 2105 4293 ita
2137 4252 2230 4291 me
2281 4252 2500 4292 sanum
2548 4234 2823 4292 exsiliens
2869 4235 3082 4306 reperi,
3125 4234 3376 4307 stetique
3418 4234 3478 4290 in

1830 4327 2013 4400 pedes
2044 4330 2277 4382 erectus
2323 4331 2379 4381 et
2406 4324 2713 4381 modicum
2743 4338 3099 4397 progressus
3130 4340 3283 4379 sum.
3330 4325 3479 4379 Tum

1829 4431 1970 4473 vero
1999 4417 2060 4471 in
2092 4414 2392 4488 meipsum
2413 4429 2744 4484 regressus,
2763 4419 2819 4469 et
2838 4413 2999 4468 unde
3020 4412 3304 4469 auxilium
3331 4411 3479 4468 mihi

1829 4505 2111 4575 venisset,
2161 4503 2518 4574 intelligens,
2571 4502 2649 4558 ad
2681 4504 2909 4558 Sanctae
2939 4501 3323 4575 sepulchrum
3382 4518 3483 4557 cu-

1829 4594 2021 4663 curri;
2063 4600 2120 4650 et
2148 4609 2332 4650 sacrae
2384 4594 2514 4665 ejus
2557 4592 2808 4664 imagini
2848 4591 3099 4662 aﬁusus,
3145 4607 3284 4648 cum
3313 4591 3477 4648 illam

1829 4684 2148 4758 complexu
2190 4682 2484 4757 frequenti
2511 4681 2902 4754 strinxissem,
2948 4683 3123 4748 exivi,
3175 4687 3239 4738 ut
3265 4682 3478 4738 videtis

1827 4774 2186 4830 miraculum
2213 4773 2274 4829 in
2304 4789 2399 4828 me
2423 4772 2649 4828 factum
2681 4771 3014 4828 celebrans.
3059 4772 3313 4836 Quartus
3337 4786 3476 4826 vero

1826 4878 1990 4919 nunc
2023 4862 2150 4918 dies
2179 4867 2286 4931 est,
2314 4878 2386 4917 ex
2415 4877 2538 4934 quo
2570 4860 2780 4917 urbem
2825 4861 2983 4917 hanc
3012 4875 3256 4916 omnem
3289 4873 3475 4914 sanus

1827 4951 2178 5020 obambulo,
2236 4956 2291 5008 et
2319 4967 2684 5024 quocunque
2731 4950 3002 5006 locorum
3041 4948 3214 5004 fuerit
3240 4946 3476 5004 libitum

1827 5039 2058 5113 absque
2088 5040 2520 5114 impedimento
2547 5055 2757 5112 pergo.

1899 5153 1986 5205 36.
2029 5149 2141 5204 Sed
2170 5164 2306 5221 quae
2361 5163 2498 5204 mea
2541 5150 2698 5215 sunt,
2727 5149 3022 5218 tanquam
3072 5143 3120 5198 si
3166 5158 3302 5200 mea
3351 5158 3476 5199 non

1828 5242 2051 5308 essent,
2083 5237 2383 5310 praeterire
2427 5252 2550 5292 non
2595 5234 2819 5300 debeo;
2852 5249 2928 5290 ne
2972 5231 3020 5286 si
3050 5231 3350 5304 profundo
3406 5247 3477 5288 eo

1831 5327 2064 5383 silentio
2125 5326 2401 5392 obruam,
2462 5323 2903 5396 ingratitudinis
2957 5327 3115 5377 notae
3169 5321 3474 5394 subjiciar,

1829 5415 1997 5489 quod
2022 5431 2132 5471 nec
2163 5430 2438 5472 sermone
2476 5412 2720 5486 quidem
2765 5411 2902 5467 exili
2933 5411 3216 5482 dignatus
3246 5425 3319 5467 ea
3351 5411 3476 5467 fue-

1829 5506 1961 5572 rim,
1992 5506 2054 5560 in
2083 5504 2306 5577 quibus
2327 5518 2505 5574 opere
2527 5500 2797 5558 beneﬁco
2822 5505 3164 5574 praeventus
3183 5516 3318 5556 sum
3340 5516 3480 5555 cum

1830 5610 2024 5650 essem
2055 5593 2351 5649 inﬁrmus.
2391 5591 2563 5657 Quod
2593 5593 2792 5647 autem
2819 5591 3114 5664 posterius
3144 5589 3378 5661 accidit,
3404 5589 3480 5646 de

1831 5696 1902 5739 eo
1954 5681 2120 5755 prius
2175 5695 2514 5738 sermonem
2562 5679 2889 5738 instituam.
2942 5681 3130 5736 Gener
3181 5677 3327 5735 mihi
3375 5692 3480 5749 per
