3988 6322
97 341 218 393 929
1429 349 1497 404 IN
1527 348 1582 405 S.
1624 348 2102 410 THEODOSIAM.
3365 366 3471 420 930

94 464 254 514 κάτω
279 465 346 515 τὰ
382 463 485 516 ἄνω
545 465 843 534 κινούντων,
889 466 915 518 ὃ
964 486 1120 539 φασιν
1173 465 1336 536 οὗτοι,
1395 477 1484 524 καὶ
1539 473 1669 526 πάντ

1894 483 1981 534 οἰδ.
2009 495 2112 534 sus
2141 479 2355 552 deque,
2389 484 2452 536 ut
2481 481 2704 551 dicunt,
2728 487 2784 538 et
2811 483 2959 540 nihil
2988 501 3109 541 non
3133 479 3469 544 adhibitum

95 556 301 626 τρόπον
347 557 738 630 μηχανωμένων
794 558 861 616 ὡς
911 555 977 616 εἰς
1031 559 1279 616 αἴσθησιν
1352 558 1581 633 ἀγαγεῖν·
1648 563 1670 605 ἰ

1896 583 2039 637 eras,
2093 572 2156 622 ut
2203 568 2481 624 sensibus
2539 569 2885 627 redderetur
2934 573 3286 630 adolescens
3320 593 3332 631 :
3365 575 3471 648 qui

98 637 340 694 δὀύδεν
379 641 582 714 ἄμεινον
624 638 783 715 εἶχεν,
835 642 942 696 ἀλλ’
992 647 1182 718 ὁμοίως
1239 648 1566 709 ἀναισθητῶν
1625 649 1673 711 ἧι

1894 656 2006 710 hilo
2039 661 2236 713 tamen
2269 657 2480 713 melius
2510 658 2647 715 inde
2667 660 2902 730 habuit,
2936 663 3043 718 sed
3068 664 3283 720 eadem
3305 637 3469 736 pror-

96 729 384 804 Παρερῥύη
413 737 502 784 καὶ
539 735 598 783 τὸ
651 741 742 794 τῆς
800 729 1180 808 διαδεξαμένης
1231 740 1422 813 ἡμέρας
1477 737 1671 800 ὃιάστη

1897 761 1923 798 s
1949 745 2178 801 ratione
2205 745 2448 816 jacebat
2474 763 2684 803 sensus
2711 750 2907 805 omnis
2937 767 3174 823 expers.
3233 755 3471 809 Praeter-

95 839 203 891 μα,
239 826 329 871 καὶ
358 816 503 881 οὗτος
539 822 562 872 ὀ
596 821 746 882 αὐτὸς
773 819 855 881 ἦν.
886 823 1013 894 Ὀψὲ
1045 821 1104 877 δὲ
1155 832 1245 880 καὶ
1297 833 1421 902 πρὸς
1489 830 1670 904 ἑσπέρα

1913 850 2155 907 quoque
2187 851 2254 890 ea
2277 851 2412 908 quae
2444 843 2678 892 noctem
2698 838 2826 906 jam
2875 839 3096 896 dictam
3151 841 3471 899 subsecuta

97 907 573 982 ἐφθέγξατοβιαιόν
595 931 647 962 τι
680 917 771 965 καὶ
802 909 1182 987 ἀδιάρθρωτον,
1230 915 1260 974 ἣ
1315 918 1505 990 μᾶλλον
1554 921 1672 973 εἰπε]

1889 929 1947 980 at
1977 924 2123 994 dies,
2148 907 2327 997 atque
2356 925 2451 980 ille
2480 926 2541 981 in
2571 928 2785 983 eodem
2818 944 3009 1001 usque
3038 933 3194 986 statu
3228 945 3464 1002 perma-

94 997 520 1070 παρεφθέγξατο.
577 1006 677 1052 Καὶ
727 1009 822 1053 τοῦ
873 1006 1054 1054 λόιποῦ
1133 1012 1569 1080 παρακεκομμένα
1624 1008 1669 1061 λι

1893 1029 1963 1068 :re
2000 1012 2193 1069 visus:
2249 1031 2388 1070 cum
2435 1030 2570 1070 ecce
2619 1015 2730 1071 sub
2790 1033 3105 1090 vesperam
3167 1018 3468 1091 quasdam

94 1085 208 1137 λῶν
237 1086 322 1152 ἧν,
375 1085 504 1139 ἄλλα
539 1091 630 1162 μεν
674 1088 1012 1163 ἐρωτώμενος,
1065 1091 1194 1145 ἄλλα
1265 1091 1315 1147 δ’
1376 1095 1669 1172 ἀποκρινόμχ

1894 1102 1995 1158 lasi
2023 1108 2261 1159 coactas
2279 1119 2386 1159 nec
2417 1103 2728 1161 distinctas
2758 1107 2902 1162 satis
2934 1123 3248 1177 voces,seu
3269 1109 3469 1181 potius

96 1193 209 1241 νος,
271 1174 574 1239 πλειστάκις
629 1186 721 1239 τῆς
777 1182 970 1254 ἡμέρας
1040 1193 1404 1259 παραφρονῶν,
1461 1192 1551 1240 καὶ
1609 1189 1671 1260 ou"

1896 1191 2237 1260 liramenta,
2260 1193 2524 1264 proferre
2542 1195 2738 1266 coepit;
2753 1195 3036 1269 deinceps
3051 1213 3192 1253 vero
3229 1198 3471 1256 concisa

99 1263 313 1321 ἣκιστα
359 1273 454 1328 τῆς
507 1271 712 1339 νυκτὸς,
767 1278 854 1321 νῦν
906 1274 997 1343 μεν
1050 1280 1225 1340 τοῦτο,
1285 1281 1372 1326 νῦν
1442 1273 1492 1328 δ’
1555 1275 1674 1330 ἔκεῐι

1895 1281 2106 1335 laedam
2136 1263 2511 1353 loquebatur,
2560 1263 2725 1338 aliud
2738 1299 2923 1356 quam
2950 1263 3115 1356 quod
3140 1285 3470 1359 interroga-

102 1354 474 1426 φθεγγόμενος,
509 1353 677 1429 μηδὲν
728 1355 778 1411 δ’
835 1360 862 1411 ὃ
915 1380 966 1412 τι
1017 1365 1104 1412 καὶ
1157 1366 1513 1437 παριστάνων,
1574 1362 1677 1437 μηδ

1893 1372 2001 1424 itur
2052 1371 2444 1442 respondens.
2511 1353 2776 1428 Diurnis—
2830 1379 2895 1429 ut
2927 1374 3258 1446 plurimum
3302 1375 3468 1432 horis

105 1437 430 1511 δηλοποιῶν,
461 1444 654 1516 μεταξύ
698 1465 754 1498 τε
783 1445 920 1520 βοῶν
967 1453 1210 1522 γεγονὼς,
1269 1455 1358 1504 καὶ
1404 1455 1469 1512 ὡς
1521 1473 1680 1507 πεπον

1897 1459 2086 1516 exime
2115 1476 2257 1516 vero
2297 1463 2627 1529 nocturnis,
2683 1464 2867 1520 modo
2910 1465 3046 1533 hoc,
3088 1465 3272 1522 modo
3325 1466 3472 1522 illud

108 1532 214 1591 θὼς
272 1550 323 1583 τι
375 1541 474 1585 τῶν
523 1532 839 1606 ἀνηκέστων,
885 1542 1018 1611 μέγα
1081 1539 1288 1613 κράζων
1365 1544 1546 1614 αἴφνης
1623 1563 1683 1596 κο

1896 1565 2049 1618 cens,
2063 1549 2210 1606 nihil
2231 1551 2371 1607 certi
2390 1551 2658 1608 indicare
2677 1557 2781 1609 aut
2802 1555 3133 1626 exprimere
3158 1555 3471 1612 manifeste

106 1615 445 1693 ὀδυρόμενος.

1895 1615 2077 1694 ωωί·
2108 1637 2413 1696 Clamores
2447 1640 2706 1697 subinde
2737 1615 2953 1699 edebat
2979 1643 3274 1713 ingentes,
3297 1644 3470 1716 quasi

1820 1725 2190 1784 intolerabile
2211 1728 2506 1801 quiddam
2542 1735 2853 1800 cogeretur
2885 1731 3168 1805 perferre,
3208 1749 3278 1790 ac
3297 1732 3473 1790 vehe-

1820 1819 2052 1872 menter
2101 1831 2247 1872 sane
2302 1817 2768 1876 lamentabatur.

177 1959 278 2014 ).θ”.
311 1959 674 2035 Ἦσχάλλομεν
699 1959 806 2036 οὖν,
856 1966 920 2026 ὥς
984 1969 1043 2018 τὸ
1101 1965 1260 2040 εἰκὸς,
1323 1912 1752 2044 ιξὸυσφοροῦμεν1

1892 1956 1977 2012 39.
2037 1958 2158 2014 Nos
2196 1958 2456 2027 interim,
2497 1960 2603 2032 qui
2642 1976 2852 2017 curam
2899 1961 3029 2033 ejus
3085 1962 3467 2033 gerebamus,

101 2048 156 2101 οἰ
214 2045 656 2112 κηδεσταί-δέος
706 2073 806 2128 γαρ
861 2055 988 2126 ἡμῖν
1045 2055 1190 2115 ἐπῄει
1248 2061 1320 2129 μὴ
1397 2062 1542 2131 μείνῃ
1619 2055 1676 2111 δι

1895 2045 2096 2113 aviter,
2127 2053 2189 2103 ut
2216 2063 2327 2120 par
2348 2052 2491 2114 erat,
2549 2050 2929 2120 angebamur
2958 2068 2971 2106 :
3019 2055 3213 2107 metus
3244 2051 3470 2124 quippe

101 2142 300 2199 παντὸς
365 2140 500 2192 οὕτω
544 2141 877 2216 παραληρῶν,
927 2149 1015 2197 καὶ
1067 2147 1162 2208 τὰς
1215 2152 1400 2220 φρένας
1475 2149 1552 2206 εἴη
1619 2144 1675 2201 δι

1901 2133 1994 2189 bis
2026 2135 2442 2207 incutiebatur,
2476 2154 2550 2194 ne
2579 2143 2866 2212 perpetuo
2897 2139 3144 2207 delirus,
3189 2143 3293 2196 aut
3345 2144 3471 2198 tota

104 2225 236 2300 βίου
264 2229 588 2304 παράκοπος·
625 2231 702 2283 Οὐ
730 2235 832 2305 γὰρ
865 2228 932 2291 δή
957 2253 1069 2296 πως
1115 2235 1187 2297 εἰς
1246 2234 1442 2308 ἀγαθὸν
1498 2242 1589 2290 καὶ
1652 2257 1679 2289 τ

1890 2229 1939 2281 ta
1980 2226 2178 2299 impos
2236 2229 2452 2285 mentis
2514 2235 2940 2302 perseveraret.
2997 2231 3112 2288 Sed
3146 2246 3256 2287 nec
3316 2229 3465 2287 boni

102 2324 210 2367 τῶν
281 2321 482 2391 χοίρων
562 2316 982 2394 ἐξελαμϐάνομεν,
1064 2327 1186 2385 τοὺς
1276 2322 1677 2398 ἐξαιτησαμένου

1894 2314 2153 2387 ιὶἀιιυαω
2214 2317 2641 2375 ominabamur
2720 2335 2786 2376 ex
2841 2320 3061 2392 porcis:
3113 2319 3246 2375 illos
3305 2319 3469 2376 enim

102 2407 196 2456 τὸν
225 2408 417 2479 Κύριον
448 2405 767 2480 ἐμϐληθῆναι
823 2415 1035 2484 χοὶροις
1089 2407 1535 2487 διενθυμούμενοι,
1594 2418 1677 2468 τοι]

1894 2403 2239 2473 δίἰοὺειωιιε
2271 2407 2600 2478 daemones,
2623 2408 2727 2480 qui
2753 2415 2809 2464 et
2839 2408 2983 2465 olim
3014 2425 3051 2466 a
3104 2406 3358 2464 Domino
3405 2407 3467 2464 id

108 2493 239 2564 ἡμῖν
291 2490 525 2567 ἀρχῆθεν
580 2493 1000 2560 ἐπιϐουλεύοντας
1046 2496 1322 2574 δαίμονας,
1391 2509 1478 2558 καὶ
1557 2503 1683 2578 μάλι

1899 2494 2136 2564 tierunt,
2160 2499 2224 2552 ut
2244 2497 2304 2552 in
2316 2498 3025 2569 porcosimmitterentur,
3049 2502 3106 2553 et
3128 2513 3163 2554 a
3180 2496 3473 2568 principio

110 2584 494 2655 σταμαθόντες
539 2586 607 2645 ὡς
666 2582 982 2659 διωχθέντες
1035 2590 1366 2665 ὑπέστρεψαν
1419 2593 1468 2644 οἱ
1505 2601 1685 2666 χοῖροι

1896 2586 2091 2643 sidiari
2121 2585 2298 2642 nobis
2330 2602 2448 2642 non
2484 2591 2737 2656 cessant;
2764 2586 3026 2643 maxime
3056 2601 3196 2642 cum
3240 2584 3471 2642 audire-

106 2677 202 2725 καὶ
253 2674 324 2735 ὡς
375 2673 482 2746 οὐχ
537 2673 676 2739 ἅπαξ
718 2680 964 2739 εἰσιόντες
1019 2697 1072 2731 τε
1134 2684 1222 2732 καὶ
1282 2680 1520 2746 ἐξιόντες,
1553 2701 1681 2757 προο

1898 2695 1979 2745 us,
1993 2675 2302 2750 quomodo
2316 2675 2552 2748 depulsi
2579 2691 2614 2732 a
2635 2675 2831 2743 via,in
2853 2675 3132 2732 eamdem
3155 2673 3473 2731 rediissent

109 2761 380 2823 ϐάλλοντες
436 2765 658 2837 ὡσπερεὶ
715 2769 806 2817 καὶ
867 2768 1169 2841 ἡττώμενοι,
1228 2769 1513 2824 τελευταῖον
1590 2774 1684 2845 θρα

1894 2783 2002 2841 que
2032 2782 2155 2822 non
2169 2765 2512 2838 simpliciter
2525 2765 2888 2836 egrediendo
2905 2763 3469 2838 redeundoque,sed

112 2854 330 2925 σύτερον
370 2850 686 2915 ἐπιτεθέντες
731 2853 1034 2912 κατέϐαλον.
1100 2856 1165 2910 Ὀ
1212 2878 1264 2910 τι
1323 2856 1376 2912 δ’
1422 2863 1479 2913 ού
1539 2861 1687 2938 πόρρι

1902 2871 2090 2930 iquan
2108 2855 2439 2913 assilientes
2462 2855 2886 2927 cedentesque,
2909 2871 2979 2912 ac
2999 2854 3258 2926 denique
3289 2853 3477 2911 auda-

106 2947 201 3001 τῆς
251 2938 498 3002 ἀληθείας
555 2940 972 3017 ἐστοχαζόμεθα,
1033 2946 1184 3007 αὐτὸς
1234 2951 1259 3000 ό
1307 2957 1474 3002 ταῦτα
1537 2954 1681 3004 παθὼ

1902 2963 1950 3001 IS
1990 2946 2381 3007 incurrentes.
2437 2945 2725 3015 juvenem
2784 2943 3242 3000 sudvertissent.
3304 2940 3477 3008 Quod

105 3033 240 3102 μετά
275 3033 365 3088 τὴν
402 3038 493 3082 τοῦ
523 3033 722 3092 πάθους
761 3030 1066 3106 ἀπαλλαγὴν
1126 3044 1303 3108 σαφῶς
1352 3039 1475 3111 ἡμῖν
1527 3035 1680 3099 διεδή

1901 3049 1965 3089 ro
1993 3033 2158 3089 haud
2185 3031 2365 3101 longe
2396 3049 2432 3088 a
2461 3032 2544 3087 rei
2583 3032 2828 3088 veritate
2867 3032 3214 3103 conjectura
3269 3033 3476 3086 nostra

105 3116 290 3174 λωσεν.
325 3121 514 3194 Εἶρηκε
543 3123 632 3171 καὶ
677 3123 780 3196 γὰρ
835 3123 900 3183 ὡς
965 3119 1136 3186 ἔδοξεν
1195 3122 1365 3201 ἄνδρα
1416 3128 1562 3202 ὁρᾴν,

1907 3127 2081 3190 esset,
2104 3123 2355 3194 ipsemet
2380 3121 2486 3194 qui
2510 3122 2639 3178 haec
2664 3120 3019 3193 patiebatur,
3074 3123 3403 3193 postquam
3441 3133 3479 3174 a

105 3205 237 3259 λανα
288 3211 384 3266 τὴν
460 3211 674 3282 χροιὰν,
729 3210 911 3283 ἄγριον
962 3216 1056 3271 τὴν
1109 3212 1250 3285 ὄψιν,
1292 3215 1612 3289 ὑπερμεγέθη
1652 3237 1680 3271 τ

1903 3212 1988 3269 alo
2019 3227 2129 3267 suo
2150 3210 2434 3267 liberatus
2460 3210 2676 3266 deinde
2697 3209 2827 3280 fuit,
2847 3208 3193 3308 planissime
3216 3207 3478 3316 declara-

110 3303 286 3368 σῶμα,
340 3301 578 3369 σχοίνοις
637 3304 1082 3373 περιισχημένους
1145 3307 1266 3365 τοὺς
1323 3311 1448 3366 σῦας
1486 3305 1685 3378 ἐφέλκον

1902 3319 1927 3358 ι.
1955 3300 2221 3357 Asseruit
2253 3299 2477 3372 quippe
2505 3299 2702 3355 visum
2729 3298 2843 3354 sibi
2876 3298 3056 3354 fuisse
3088 3297 3308 3364 virum,
3348 3299 3477 3353 atro

104 3404 174 3437 τα
196 3393 306 3445 τοῖς
348 3392 440 3437 τοῦ
481 3387 640 3438 ἵππου
696 3393 851 3440 ποσίν
876 3410 889 3422 ·
922 3388 1180 3462 ἐκφεύγειν
1218 3411 1273 3445 τε
1327 3396 1537 3455 τούτους
1592 3394 1679 3469 βια

1903 3392 2040 3456 lore,
2074 3406 2280 3446 severo
2306 3388 2495 3457 vultu,
2535 3387 2802 3460 corporis
2831 3385 3248 3458 magnitudine
3293 3384 3478 3441 inusi-

110 3475 382 3547 ζομένους,
425 3479 556 3549 πρὸς
609 3472 669 3530 δὲ
727 3475 848 3550 βίαν
916 3478 1289 3554 ἀπαγομένους,
1352 3483 1446 3545 ἕως
1505 3503 1682 3559 συμπο

1904 3497 1963 3547 a,
1979 3479 2083 3555 qui
2099 3479 2342 3536 funibus
2361 3478 2718 3535 constrictos
2745 3493 2961 3550 porcos
2996 3475 3110 3532 sub
3146 3475 3311 3548 ipsos
3339 3474 3479 3546 equi

112 3559 382 3624 δισθέντος
410 3569 601 3637 πεσὼν,
631 3565 690 3617 ού
711 3570 970 3640 μέμνηται
995 3568 1022 3620 ὃ
1051 3588 1103 3621 τι
1132 3575 1222 3624 καὶ
1245 3574 1512 3628 πέπονθεν.

1904 3572 2008 3628 des
2036 3569 2336 3641 adigebat.
2354 3571 2566 3624 Porcos
2582 3572 2781 3624 autem
2801 3567 3005 3639 fugere
3025 3563 3293 3639 primum
3311 3579 3479 3621 com-

107 3653 340 3725 pulsos,
362 3653 481 3710 alia
503 3654 722 3710 deinde
751 3656 809 3712 vi
836 3657 898 3713 in
919 3673 1145 3732 equum
1169 3659 1370 3720 denuo
1399 3662 1728 3738 immissos,
1784 3663 1979 3722 donec
2008 3661 2091 3718 sic
2116 3657 2407 3734 impedito
2434 3657 2756 3730 collapsus,
2787 3660 3093 3730 pateretur
3120 3671 3191 3713 ea
3215 3668 3479 3727 quorum

107 3741 378 3815 amplius
415 3758 540 3800 non
565 3744 858 3802 meminit.

178 3914 258 3986 μ’.
333 3915 437 3988 Ἐφ’
501 3919 702 3980 ἱκαναῖς
758 3913 846 3970 οὖν
910 3914 1038 3991 ἦμεν
1099 3919 1233 3974 οὕτω
1288 3918 1712 3999 διαπορούμενοι,

1903 3927 1982 3980 40.
2026 3923 2156 3978 Non
2183 3919 2363 3991 igitur
2390 3919 2620 3991 absque
2638 3917 2870 3974 ratione
2896 3913 3294 3986 angebamur,
3326 3928 3478 3988 quo-

111 4004 249 4065 ὅπως
305 4012 396 4058 τοῦ
451 4004 767 4060 ἀνυποίστου
824 4008 1028 4071 πάθους
1082 4009 1238 4062 αὐτὸν
1306 4009 1686 4086 ἀπαλλάξαιμεν

1902 4011 2011 4069 edo
2047 4026 2079 4066 e
2111 4015 2232 4067 tam
2265 4007 2480 4080 grandi
2512 4006 2674 4064 malo
2702 4005 3103 4062 eximeremus
3129 4002 3477 4060 adolescen-

109 4095 247 4156 ὅπως
274 4093 488 4158 ἑαυτοὺς
533 4103 622 4158 τῆς
658 4095 744 4149 ἐπὶ
780 4092 917 4167 τῷδε
973 4094 1247 4171 φροντίδος
1284 4119 1340 4152 τε
1400 4106 1490 4155 καὶ
1545 4102 1681 4162 λύπη

1902 4118 1966 4171 n,
2002 4102 2059 4155 et
2084 4114 2196 4155 nos
2217 4098 2381 4170 ipsos
2411 4110 2666 4152 maerore
2695 4098 2751 4150 et
2786 4092 3179 4150 sollicitudine
3201 4091 3477 4148 liberare-

107 4181 560 4257 ἐλευθερώσαιμεν.
620 4184 756 4238 Ἀλλ’
823 4186 892 4247 εἰς
958 4194 1076 4238 νοῦν
1129 4192 1285 4260 μόγις
1326 4187 1570 4264 ἐϐάλομεν
1646 4210 1682 4244 τ‹

1905 4207 1982 4246 .18.
1999 4187 2102 4244 Vix
2128 4191 2328 4243 autem
2352 4201 2569 4258 eaquae
2584 4186 2639 4241 S.
2662 4183 2993 4239 Theodosia
3005 4180 3270 4254 quotidie
3283 4183 3480 4252 patrat

108 4281 168 4344 τῇ
242 4273 400 4345 Ἀγίᾳ
485 4275 813 4333 καθεκάστην
897 4281 1398 4351 τερατουργούμενα,
1477 4285 1568 4332 καὶ
1646 4283 1683 4332 ὡ

1910 4276 2204 4343 miranda,
2228 4288 2605 4346 coeperamus
2627 4276 2823 4328 mente
2848 4270 3169 4336 revolvere,
3191 4285 3330 4326 cum
3343 4283 3479 4324 ecce

111 4360 163 4412 ἐκ
208 4361 374 4426 ζάλης
451 4362 516 4423 εἰς
562 4362 742 4436 λιμένα
817 4367 1061 4439 παραυτά
1120 4367 1584 4441 καθωρμίσθημεν,
1625 4389 1686 4421 κα

1906 4366 2001 4423 .asi
2021 4381 2094 4422 ex
2114 4367 2470 4436 tempestate
2493 4361 2673 4418 delati
2693 4360 2755 4417 in
2776 4365 3040 4433 portum,
3067 4360 3305 4414 animos
3342 4371 3481 4414 con-

112 4454 239 4524 πρὸς
281 4453 339 4503 τὸ
398 4450 736 4525 εὐθυμότερον
803 4451 955 4514 εὐθύς
1008 4453 1330 4527 ἑπανῄειμεν,
1389 4461 1480 4508 καὶ
1540 4458 1687 4531 ὥσπεΙ

1906 4471 1995 4512 tuo
2011 4455 2272 4524 maiores
2285 4452 2674 4526 sumpsimus,
2693 4455 2750 4506 et
2769 4450 2946 4505 nobis
2969 4448 3146 4504 veluti
3162 4447 3481 4520 derepente

115 4537 306 4591 ἑαυτῶν
376 4537 715 4612 ἐγεγόνειμεν,
767 4541 816 4592 οὶ
870 4545 969 4615 πρὸ
1017 4550 1207 4617 μικροῦ
1257 4540 1454 4616 σχεδόν
1509 4544 1686 4608 ἐξεστη

1908 4561 2045 4601 mus
2075 4543 2309 4614 redditi,
2325 4542 2431 4615 qui
2455 4540 2638 4614 paulo
2661 4544 2799 4596 ante
2830 4538 3060 4594 consilii
3079 4538 3293 4610 inopes
3315 4541 3483 4594 extra

116 4631 282 4696 κότες,
340 4632 430 4680 καὶ
489 4647 604 4681 τινα
672 4632 860 4704 τρόπον
912 4639 982 4702 τῷ
1032 4633 1310 4685 πεπονθότι
1369 4635 1691 4708 συμπάσχον

1901 4652 1940 4690 με
1987 4635 2153 4707 ipsos
2193 4632 2606 4697 versabamur,
2657 4633 2713 4684 et
2744 4628 2960 4684 iisdem
2998 4626 3476 4700 quodammodo,

117 4734 211 4776 τες.
241 4719 455 4770 Πάντων
500 4713 587 4770 οὖν
639 4716 802 4770 ἄλλων
869 4719 1059 4773 αὐτίκα
1106 4720 1418 4793 ἠλογηκότες
1465 4725 1609 4798 παρά
1662 4745 1692 4796 γ

1906 4723 2051 4781 libus
2071 4720 2445 4784 adolescens,
2473 4717 2972 4776 excruciabamur
2988 4716 3322 4772 doloribus.
3345 4717 3481 4772 0m-

117 4812 178 4876 τῇ
241 4814 384 4880 σορῷ
446 4813 539 4868 τῆς
594 4805 776 4878 Ἀγίας
839 4811 1107 4882 γινόμεθα,
1163 4815 1252 4864 καὶ
1310 4812 1592 4886 ῥιπτοῦμεν
1641 4810 1692 4866 ἐπ

1905 4828 1929 4870 a
1965 4811 2144 4882 igitur
2175 4809 2294 4867 alia
2322 4814 2699 4882 seponentes,
2736 4807 2816 4863 ad
2854 4808 3085 4863 Sanctae
3132 4803 3478 4876 sepulcrum

118 4890 340 4966 ἐδάφους
393 4894 547 4948 αὐτόν
579 4916 591 4929 υ
627 4902 716 4948 καὶ
768 4897 794 4948 ὁ
832 4902 1080 4971 νεωκόρος
1135 4908 1230 4962 τῆς
1279 4899 1505 4953 κιϐωτοῦ
1534 4904 1620 4953 τὸν
1654 4903 1693 4955 is

1910 4901 2157 4972 rgimus,
2185 4900 2508 4972 ipsumque
2537 4898 2600 4953 in
2622 4896 2827 4969 templi
2856 4896 3199 4967 pavimento
3230 4891 3485 4949 colloca-

118 4985 206 5054 ρὸν
252 4982 524 5056 ἐξενεγκὼν
565 4986 850 5060 θησαυρὸν,
907 4991 996 5039 τὸν
1050 4988 1220 5048 ζῶντα
1265 4995 1382 5051 ταῖς
1443 4987 1691 5065 ἐνεργείαι

1907 5007 1984 5046 us.
2028 4990 2176 5046 Tum
2211 4987 2468 5044 aedituus
2491 5001 2730 5042 sacrum
2761 5000 2791 5039 e
2815 4980 3482 5078 lipsanothecathesau-

121 5074 273 5134 ὁντως
331 5076 528 5148 νεκρόν,
578 5073 675 5146 ὅλῳ
724 5073 1054 5151 ἐπιστηρίξει
1099 5085 1172 5148 τῷ
1222 5084 1445 5152 σώματι,
1501 5078 1691 5152 κεφαλῆ

1906 5095 1966 5134 m
1991 5091 2288 5150 promere,
2319 5074 2511 5148 iisque
2540 5072 2832 5141 hominia,
2882 5069 3163 5143 spirantis
3210 5066 3481 5166 quidem,

121 5160 284 5224 αὐτῆς
317 5160 692 5236 ἀπαρξάμενος,
745 5170 890 5240 χρίει
908 5184 968 5233 τε
1048 5165 1215 5219 λαϐὼν
1261 5168 1427 5221 ἔλαιον
1470 5177 1561 5230 τῆς
1616 5190 1692 5242 φω

1907 5167 1938 5223 1
1983 5181 2164 5240 quem
2208 5165 2288 5221 ob
2330 5164 2526 5220 virum
2561 5160 2925 5218 naturalium
2967 5157 3266 5214 defectum
3303 5157 3482 5256 inter-

122 5260 358 5324 ταγωγοῦ
414 5249 767 5328 σταυροειδῶς
813 5251 950 5326 τῷδε
1000 5259 1060 5308 τὸ
1103 5261 1402 5330 πρόσωπον,
1462 5262 1551 5311 καὶ
1592 5262 1692 5332 πρό

1908 5260 2138 5313 artuum
2169 5253 2548 5321 aestimasses,
2591 5256 2783 5308 totum
2813 5263 3032 5321 corpus
3073 5249 3330 5318 signare,
3372 5249 3483 5302 ini-

122 5357 176 5408 γε
230 5345 415 5416 στέρνα
465 5361 518 5394 τε
572 5347 662 5395 καὶ
733 5346 1043 5418 μετάφρενα.
1108 5350 1208 5400 Καὶ
1266 5347 1354 5418 (ὧν
1415 5347 1697 5419 θαυμασίωί

1909 5361 1980 5402 Lm
2009 5361 2045 5401 a
2074 5343 2268 5417 capite
2287 5342 2533 5407 ducens,
2567 5339 2821 5411 oleoque
2856 5354 2887 5394 e
2909 5336 3194 5436 lampade
3236 5338 3484 5436 accepto

127 5433 254 5481 Θεοῦ
284 5430 296 5484 l
325 5432 368 5482 ῶ
389 5427 568 5500 δόξης,
597 5432 656 5493 ἧς
706 5430 1014 5491 ἀπήλαυσαν
1059 5433 1239 5508 ψυχαὶ
1295 5438 1427 5508 μετὰ
1467 5437 1702 5509 σωμάτωπ

1913 5434 2164 5490 modum
2183 5432 2375 5488 crucis
2391 5429 2891 5501 vultum,pectus,
2917 5443 2988 5484 ac
3007 5425 3257 5483 dorsum
3277 5425 3485 5497 jacen-

128 5515 552 5591 ύπεραθλήσασαι
589 5529 683 5573 τοῦ
713 5529 866 5590 Θεοῦ,
897 5522 1076 5596 ψυχαὶ
1104 5527 1239 5577 κατά
1289 5528 1418 5578 Θεὸν
1448 5532 1552 5587 τοῖς
1616 5530 1703 5579 σώ-

1930 5523 2214 5581 oblinere.
2249 5524 2394 5577 Ecce
2426 5523 2627 5576 autem
2654 5524 2713 5588 (ο
2739 5515 3100 5574 admiranda
3123 5515 3221 5572 Dei
3255 5530 3440 5588 opera
3467 5513 3481 5569 l

129 5625 258 5676 μασι
325 5609 723 5683 συμϐιώσασαι)
773 5615 840 5675 ὡς
897 5609 1049 5667 οὐδὲν
1084 5615 1370 5682 πεπονθὼς,
1421 5617 1486 5675 ὡς
1515 5616 1576 5667 οῦ
1598 5633 1704 5668 ποτε

1910 5612 2103 5685 glorise
2133 5609 2386 5681 insignis
2409 5606 2906 5678 magnitudinem,
2941 5622 3066 5680 qua
3093 5606 3156 5663 in
3180 5605 3330 5662 coelo
3350 5619 3485 5678 per-

130 5712 180 5746 τι
240 5699 745 5776 παραφθεγξάμενος,
793 5697 928 5775 ἒξῄει
985 5702 1162 5778 ῥώμης
1211 5698 1266 5756 εὖ
1306 5704 1442 5776 ἔχων
1482 5707 1572 5757 καὶ
1621 5711 1705 5756 τῶι

1912 5705 2113 5759 runtur
2136 5700 2376 5770 animae,
2401 5714 2538 5773 quae
2564 5697 2666 5755 Dei
2696 5713 2881 5756 causa
2901 5697 2966 5754 in
2990 5694 3344 5770 corporibus
3364 5708 3487 5751 cer-
