3988 6322
536 299 633 355 931
1749 281 2212 344 CONSTANTINI
2257 281 2718 342 ACROPOLITE
3817 283 3906 338 93?.

535 398 1053 472 taverunt,animaa
1065 412 1202 468 quae
1221 395 1552 451 secundum
1573 397 1758 451 Deum
1774 393 2045 448 vixerunt
2057 407 2179 448 cun

2313 400 2502 465 φρενῶν
2548 389 2893 462 ἀπρόσκοπτα
2955 388 3165 462 ὁμιλῶν,
3225 395 3315 443 καὶ
3371 398 3469 442 τῶν
3519 389 3817 461 λεγομένων
3869 388 3906 440 ἐν

537 488 911 563 corporibus)
949 485 1123 558 quasi
1162 483 1306 538 nihil
1352 499 1625 556 unquam
1663 481 1806 538 mali
1847 495 2192 554 perpessus.

538 594 736 651 neque
784 574 1010 648 aliquid
1054 576 1269 644 praeter
1303 572 1596 628 rationem
1635 572 1890 632 locutus.
1946 568 2193 637 integris

538 665 808 739 corporis
858 680 926 719 ac
973 661 1188 717 mentis
1245 660 1631 717 facultatibus
1673 659 1869 722 exivit,
1923 657 2193 729 expedite

535 755 807 827 loquens,
840 757 896 807 et
917 767 988 807 ea
1014 766 1149 822 quae
1178 749 1540 822 loquebatur
1579 748 1932 818 intelligens.
1973 746 2190 802 Omitto

2312 484 2514 532 συνέσει
2565 481 2848 550 γινόμενος.
2919 477 3018 530 Ἐῶ
3074 481 3174 551 γὰρ
3233 482 3299 540 ὡς
3349 484 3439 532 καὶ
3491 484 3785 554 προκόπτει
3857 482 3907 529 τὸ

2307 567 2408 620 ἀπὸ
2437 563 2594 620 τοῦδε
2624 567 2729 638 οὐχ
2767 567 2922 624 ἦττον
2974 566 3005 625 ἢ
3062 575 3124 640 τῇ
3174 569 3354 640 ἡλικίᾳ
3407 567 3663 640 ψυχικοῖς
3717 587 3776 619 τε
3829 572 3908 618 καὶ

2306 664 2621 729 σωματικοῖς
2680 661 3087 731 προτερήμασιν·
3143 659 3169 708 ὃ
3225 659 3366 719 θείας
3437 665 3614 730 σαφῶς
3697 659 3908 708 ἐπισκο-

2298 756 2399 806 πῆς
2449 750 2674 818 ἥγημαι,
2741 746 2767 797 ὃ
2820 746 3057 816 μείζονος
3122 747 3547 822 θαυματουργίας
3599 746 3902 817 λογίζομαι.

535 844 729 899 dicere
753 845 1050 914 quantum
1082 855 1154 894 ex
1180 853 1250 894 eo
1276 842 1548 911 tempore
1577 835 1912 909 profecerit,
1946 849 2068 891 non
2099 834 2297 890 minus
2325 851 2512 908 quam
2541 838 2734 905 atate,
2782 835 3025 907 spiritus
3067 838 3123 891 et
3153 836 3420 908 corporis
3451 835 3904 908 praerogativis;

534 931 702 1006 quod
728 946 839 1002 ego
859 928 1124 1002 profecto
1148 927 1434 998 singulari
1464 927 1724 1000 cuipiam
1757 927 1858 982 Dei
1883 940 2025 995 erga
2057 924 2243 990 illum,
2276 923 2666 996 providentiae
2687 923 3031 993 attribuere,
3052 924 3168 980 hoc
3196 924 3445 982 minoris
3473 923 3756 982 miraculi
3783 922 3907 980 loco

531 1022 753 1078 habere
779 1018 922 1075 mihi
958 1033 1139 1090 posse
1171 1016 1398 1074 videor.

605 1197 696 1248 41.
723 1191 837 1248 Sed
867 1206 1065 1263 neque
1095 1187 1279 1260 aliud,
1305 1187 1470 1261 quod
1503 1187 1716 1244 eadem
1748 1186 1971 1242 Sancta
2009 1183 2200 1242 admi-

534 1282 797 1340 randum
830 1281 977 1336 mihi
1007 1278 1369 1335 beneﬁcium
1418 1277 1710 1350 praestitit,
1763 1275 2000 1332 silentio
2051 1274 2196 1334 duxi

532 1368 1131 1446 praetermittendum.
1163 1372 1310 1422 Ante
1336 1383 1458 1422 non
1480 1366 1765 1436 exiguum
1796 1370 2034 1437 tempus
2056 1379 2193 1419 crus

534 1463 680 1519 mihi
709 1461 819 1517 fuit
845 1459 1017 1516 valde
1049 1459 1325 1514 affectum
1387 1473 1461 1514 ex
1489 1457 1734 1512 vulnere
1763 1456 1924 1529 quod
1950 1455 2192 1511 recalci-

534 1557 698 1608 trans
727 1566 918 1622 equus
945 1549 1295 1620 impegerat,
1322 1562 1430 1602 nec
1444 1545 1649 1616 magni
1671 1545 1784 1601 sub
1805 1544 2039 1600 initium
2062 1560 2190 1601 esse

535 1640 853 1696 videbatur
870 1637 1178 1694 momenti.
1204 1636 1529 1708 Postquam
1555 1639 1755 1691 autem
1777 1639 2038 1708 quatuor
2057 1649 2187 1690 om-

535 1729 682 1785 nino
714 1727 899 1799 elapsi
922 1731 1092 1783 erant
1143 1725 1290 1792 dies,
1339 1723 1648 1780 doloribus
1677 1739 2008 1796 oppressus
2050 1739 2179 1778 sum

2297 1715 2406 1768 ἀλλ’
2437 1716 2520 1769 ἐπὶ
2553 1724 2789 1790 σφυροῖς,
2824 1715 2907 1769 ἐπὶ
2940 1713 3238 1784 δακτύλοις,
3273 1716 3346 1790 ἐφ’
3399 1717 3499 1790 ὅλῳ
3555 1724 3629 1788 τῷ

535 1833 658 1873 non
672 1816 950 1884 ferendis,
965 1830 1087 1870 non
1101 1830 1171 1870 ea
1184 1813 1377 1869 solum
1390 1829 1510 1886 qua
1532 1811 1709 1867 laesus
1730 1828 1895 1868 eram
1918 1812 2184 1884 corporis

536 1910 724 1978 parte,
757 1905 862 1962 sed
907 1905 1032 1961 ima
1069 1904 1251 1960 etiam
1287 1902 1458 1976 pedis
1524 1900 1732 1974 planta
1779 1900 2003 1972 digitis,
2040 1900 2183 1959 talo.

535 1995 796 2051 Pessime
841 1994 1021 2065 igitur
1048 1993 1195 2048 mihi
1235 1992 1339 2047 diu
1389 1995 1549 2046 erat:
1605 2006 1865 2062 cumque
1891 1989 2064 2046 dolor
2087 1989 2184 2046 ille

533 2083 806 2141 nonnihil
822 2083 1104 2139 leniretur
1139 2079 1550 2137 claudicabam
1562 2083 1766 2136 tamen
1777 2079 2178 2146 vehementer,

532 2189 642 2230 nec
673 2174 800 2229 sine
826 2187 1050 2243 magna
1073 2169 1348 2227 molestia
1364 2169 1578 2225 affecto
1599 2183 1767 2224 crure
1785 2167 1888 2224 niti
1909 2173 2182 2240 poteram

535 2264 694 2319 Duos
724 2262 782 2318 in
814 2262 926 2318 isto
956 2260 1224 2316 cruciatu
1251 2273 1413 2315 anno
1462 2273 1801 2328 exegeram,
1844 2256 2008 2312 nullo
2037 2256 2183 2312 mali

532 2351 698 2424 quod
712 2347 1603 2423 patiebarlevamine,annisque
1616 2345 1897 2418 deinceps
1909 2344 2179 2416 singulis,

2378 1182 2484 1255 μα’·
2527 1182 2665 1238 Ἀλλ’
2707 1178 2830 1236 οὐδε
2881 1186 2940 1235 τό
2992 1182 3074 1235 ἐπ’
3128 1182 3242 1256 ἐμοὶ
3307 1179 3770 1258 παραδραμοῦμαι
3818 1192 3907 1243 τῆς

2302 1271 2485 1344 Ἀγίας
2531 1275 2820 1348 τεράστιόν.
2883 1272 3147 1345 Ἐπλήγην
3199 1269 3343 1326 πόδα
3387 1276 3474 1325 τόν
3560 1269 3739 1335 δεξιόν
3812 1277 3907 1346 πρὸ

2302 1365 2508 1434 χρόνων
2534 1363 2865 1432 ὃτισυχνῶν’
2895 1363 2926 1420 ἡ
2981 1357 3040 1414 δε
3087 1361 3289 1434 πληγή,
3346 1364 3504 1424 ἵππος
3560 1360 3648 1413 ἐπὶ
3713 1367 3910 1433 κνήμης

2301 1450 2397 1513 λὰξ
2425 1449 2630 1522 ἔτυψεν,
2662 1449 2687 1501 ὃ
2728 1454 2857 1520 πρὸς
2900 1453 2959 1502 τό
3015 1453 3180 1526 παρόν
3229 1451 3658 1526 εύπεριφρόνητον
3713 1447 3908 1515 ἔδοξεν,

2299 1537 2427 1592 ἀλλά
2474 1559 2564 1612 μοι
2612 1541 2742 1612 μετὰ
2793 1543 2886 1598 τήν
2933 1542 3180 1613 τετάρτην
3233 1536 3420 1593 ὀδύναι
3488 1544 3799 1612 γεγόνεισαν
3828 1540 3907 1591 ούο

2299 1625 2573 1681 δοπωσοῦν
2597 1633 2838 1703 φορηταὶ,
2897 1629 2991 1681 οὐκ
3048 1627 3121 1701 ἐφ’
3273 1649 3334 1700 γε
3389 1627 3684 1700 ἐπεπλήγην
3738 1633 3906 1702 μέρει,

3727 1725 3910 1790 ταρσῷ

2293 1810 2383 1858 καὶ
2421 1814 2493 1877 τῷ
2530 1806 2772 1874 πέλματι·
2804 1805 2901 1858 Ἦν
2933 1801 3020 1858 οὖν
3066 1810 3300 1880 πονήρως
3357 1808 3493 1878 ἔχων
3546 1804 3623 1877 ἐφ’
3679 1808 3907 1876 ἱκιίναῐς,

2291 1899 2382 1946 καὶ
2441 1901 2534 1946 τοῦ
2581 1896 2782 1955 πάθους
2836 1893 3189 1967 λωφήσαντος,
3261 1893 3508 1966 χωλεύων
3591 1891 3746 1954 αὖθις
3829 1896 3910 1947 ἐπὶ

2291 1982 2445 2050 πολὺ,
2501 1988 2592 2034 καὶ
2641 1983 2735 2035 ούκ
2791 1983 2846 2034 εὖ
2933 1982 3397 2058 ἐπιστηριζόμενος
3479 1990 3553 2054 τῷ
3623 1986 3910 2036 πεπονθότι

2289 2069 2437 2125 ποδί.
2470 2074 2568 2125 Δύο
2598 2081 2698 2124 τῶν
2720 2071 2964 2125 ἐνιαυτῶν
3017 2072 3407 2148 παρερῥύήσαν,
3465 2077 3554 2125 καὶ
3603 2068 3755 2125 πόδα
3827 2077 3910 2131 τόν

2290 2160 2446 2212 αὐτόν
2473 2159 2706 2233 ἤλγησα,
2753 2165 2842 2213 καὶ
2885 2168 2978 2213 τοῦ
3025 2160 3207 2214 λοιποῦ
3264 2181 3354 2233 μοι
3409 2160 3525 2214 κατ’
3573 2163 3681 2221 ἔτος
3731 2163 3806 2224 ὦς
3863 2180 3912 2214 τι

2290 2258 2389 2301 τῶν
2435 2248 2488 2301 ἐκ
2535 2246 2786 2326 περιόδου
2845 2250 3093 2312 ξυναντᾶν
3158 2249 3409 2303 εἰωθότων
3473 2253 3792 2323 νοσημάτων
3855 2256 3912 2303 τό

2292 2349 2391 2392 τῶν
2417 2337 2594 2393 ποδῶν
2643 2340 2803 2413 ἆλγός
2849 2339 3154 2400 ἀνέσκηπτε.
3218 2344 3363 2394 Μετὰ
3425 2338 3484 2395 δε
3543 2346 3780 2415 χρόνους
3853 2342 3912 2394 ού

2290 2431 2426 2482 πάνυ
2447 2429 2668 2492 πολλοὺς
2699 2421 2782 2493 δις
2813 2438 2905 2483 τοῦ
2962 2433 3109 2492 ἔτους
3175 2429 3438 2494 ξυνέϐαινέ
3481 2451 3573 2504 μοι
3624 2433 3682 2483 τὸ
3728 2433 3907 2492 πάθος

533 2438 1055 2512 quemadmodum
1089 2435 1495 2508 certiquidem
1535 2435 1733 2491 morbi
1773 2437 1947 2490 certis
1979 2449 2180 2490 recur-

533 2544 661 2584 rere
681 2527 871 2583 solent
888 2525 1284 2598 temporibus,
1302 2524 1527 2598 pedum
1540 2540 1782 2597 quoque
1793 2539 2067 2580 meorum
2082 2522 2184 2579 do-

531 2615 624 2672 lor
643 2615 1035 2672 increscebat.
1066 2617 1149 2669 Ac
1180 2629 1419 2670 rursum
1449 2613 1616 2669 haud
1643 2613 1728 2668 ita
1755 2611 2013 2669 multum
2047 2615 2186 2685 post

532 2702 844 2777 temporis,
868 2703 1011 2760 anni
1037 2702 1217 2758 unius
1245 2702 1436 2774 spatio
1470 2701 1563 2758 bis
1588 2705 1744 2758 terve
1773 2701 1936 2757 idem
1965 2717 2060 2758 me
2097 2705 2182 2757 te-

532 2795 714 2872 nebat
755 2791 1005 2848 malum.
1038 2794 1220 2848 Metus
1250 2794 1395 2860 erat,
1449 2805 1524 2847 ne
1573 2793 1873 2846 crescente
1905 2794 2074 2846 aetate
2099 2789 2186 2847 in-

533 2873 902 2939 crementum
926 2879 1148 2952 pariter
1164 2878 1401 2935 dolores
1422 2878 1776 2952 acciperent.
1801 2878 1912 2948 (Fit
1930 2877 2089 2934 enim
2112 2894 2179 2935 ex

2293 2871 2474 2927 τοισδε
2504 2881 2593 2928 καὶ
2641 2875 2864 2933 κηλουσι
2917 2879 3005 2934 τὴν
3063 2876 3337 2947 αισθησιν)
3387 2897 3398 2908 ·
3458 2873 3608 2948 φόϐος
3667 2878 3760 2928 οὑν
3821 2896 3913 2948 μοι

531 2970 931 3028 immoderato
952 2968 1222 3042 quadam
1241 2969 1376 3025 vitae
1400 2984 1628 3032 amore,
1647 2972 1712 3024 ut
1731 2984 1942 3025 omnes
1953 2969 2179 3042 passim

2293 2969 2491 3038 γεγόνει
2551 2969 2622 3038 μὴ
2707 2966 2895 3039 χεῖράς
2957 2984 3010 3018 τε
3073 2964 3426 3041 παραλυθείην
3478 2971 3568 3018 καὶ
3620 2962 3820 3036 πόδας,
3879 2971 3908 3025 ᾖ

529 3061 828 3128 homines,
851 3076 921 3117 ac
955 3075 1066 3130 ego
1095 3057 1413 3130 imprimis,
1438 3057 1659 3114 multos
1681 3056 1780 3113 hic
1815 3057 1991 3114 nobis
2013 3057 2179 3130 polli-

2293 3059 2382 3106 καὶ
2432 3058 2491 3106 τὸ
2555 3056 2766 3127 σύμπαν
2817 3053 3219 3130 ἕξαρθρωθείην,
3288 3060 3377 3108 καὶ
3446 3053 3695 3118 καθάπαξ
3745 3076 3912 3108 καταο

505 3161 774 3213 ⁸ιξθιιῐῑιιιιο
798 3160 1012 3211 annos,
1048 3143 1231 3216 idque
1261 3144 1612 3216 praesertim,
1647 3142 1695 3197 si
1725 3142 1844 3198 mei
1880 3141 1959 3198 ad
1995 3141 2179 3199 instar

2297 3148 2482 3202 σταίην
2521 3143 2839 3204 κλινοπετής.
2892 3143 3008 3196 Ἐπὶ
3065 3139 3124 3196 δε
3164 3143 3354 3216 μᾶλλον
3412 3142 3626 3217 ἐφόϐουν
3692 3146 3743 3196 οἱ
3809 3153 3911 3197 τῶν

527 3235 698 3291 vanis
719 3233 932 3291 mundi
949 3233 1134 3304 hujus
1152 3232 1352 3298 rebus,
1373 3236 1657 3288 etsensus
1672 3237 1909 3288 nostros
1927 3231 2179 3288 nimium

2296 3231 2482 3309 ἰατρων
2524 3229 2891 3306 δοκιμώτεροι,
2941 3233 3174 3296 ξυνήθεις
3227 3237 3364 3294 ὄντες
3402 3232 3515 3305 ἐμοὶ
3543 3237 3634 3286 καὶ
3691 3233 3916 3291 ἡλικιῶ-

530 3324 609 3382 ad
630 3341 692 3381 se
711 3323 1110 3397 rapientibus,
1138 3321 1413 3378 addictus
1445 3323 1564 3394 sit.)
1591 3324 1775 3379 Metus
1814 3321 1994 3391 igitur
2035 3322 2179 3378 mihi

2293 3342 2398 3390 ται,
2431 3319 2598 3396 μηδέν
2635 3343 2744 3386 πως
2787 3323 2995 3396 ἰσχύειν
3022 3327 3153 3399 πρὸς
3191 3326 3286 3382 τὴν
3337 3328 3488 3376 νόσον
3548 3328 3641 3382 τήν
3708 3329 3912 3397 τέχνην

531 3417 678 3481 erat,
692 3429 767 3468 ne
780 3411 1066 3468 manibus
1100 3411 1480 3484 pedibusque
1513 3426 1582 3467 ac
1597 3415 1716 3466 toto
1730 3411 1910 3467 etiam
1934 3426 2179 3483 corpore

2293 3411 2720 3487 ἰσχυριζόμενοι.

526 3499 791 3574 paralysi
823 3500 1152 3566 dissolutis,
1196 3498 1414 3555 afﬁxus
1443 3500 1692 3556 omnino
1722 3499 1874 3556 lecto
1904 3500 2218 3556 haererem.
2241 3501 2361 3573 lpsi
2380 3501 2626 3573 insuper
2649 3503 3021 3558 medicorum
3047 3500 3550 3574 praestantissimi,
3581 3501 3686 3574 qui
3719 3504 3913 3560 mori-

527 3589 642 3646 bus
672 3594 913 3646 etaatate
936 3593 992 3645 et
1029 3587 1460 3645 consuetudine
1490 3587 1800 3661 propiores
1823 3587 1967 3644 mihi
1985 3593 2174 3658 erant,
2206 3603 2329 3646 non
2359 3589 2575 3662 exiguo
2604 3590 2961 3648 tenebantur
2984 3595 3168 3658 metu,
3198 3607 3339 3647 cum
3368 3589 3570 3647 nullus
3602 3591 3752 3648 artis
3788 3608 3914 3650 me-

2290 2523 2381 2571 καὶ
2409 2524 2540 2594 τρίς.
2572 2524 2674 2572 Καί
2707 2539 2796 2592 μοι
2820 2516 2936 2582 δίος
3007 2519 3173 2578 εἰσήει
3219 2522 3375 2590 ἔνθεν,
3417 2526 3488 2593 μή
3535 2540 3648 2582 πως
3694 2523 3912 2594 προίόν-

2291 2627 2381 2670 τος
2416 2615 2509 2661 τοῦ
2549 2613 2746 2682 χρόνου
2801 2613 2892 2661 καὶ
2938 2616 3032 2662 τοῦ
3084 2617 3248 2662 κακοῦ
3429 2612 3530 2685 γὰρ
3594 2609 3908 2682 φιλοζωίας,

2292 2692 2463 2768 οἶμαι,
2515 2702 2617 2759 πᾶς
2674 2716 2755 2760 τις
2807 2700 2876 2758 ὡς
2926 2699 3072 2769 κάγὼ
3131 2697 3447 2770 φαντάζεται
3507 2702 3565 2750 τὸ
3615 2697 3911 2771 μακρόϐιον

2292 2791 2381 2838 καὶ
2412 2784 2602 2860 μᾶλλον
2633 2787 2675 2838 εἰ
2704 2786 2816 2839 κατ’
2861 2784 2948 2860 ἐμὲ
2995 2792 3366 2862 προστετηκὼς
3420 2790 3496 2845 εἴη
3537 2794 3646 2848 τοῖς
3700 2791 3910 2858 γηῖνοις

527 3677 677 3735 dicae
708 3682 959 3735 conatus
991 3681 1313 3734 adversum
1343 3677 1492 3734 mala
1512 3693 1649 3734 mea
1677 3676 2007 3751 quidquam
2039 3677 2260 3734 valeret
2284 3677 2535 3734 efﬁcere.

525 3827 614 3880 43.
649 3821 861 3889 Qualia
883 3821 1064 3892 igitur
1090 3836 1338 3894 passum
1369 3836 1468 3876 me
1509 3821 1880 3886 credis,cum
1908 3821 2045 3877 inde
2083 3837 2180 3877 ve-

527 3916 684 3970 tarer
709 3917 1056 3986 exspectare
1089 3910 1358 3979 meliora,
1409 3909 1571 3966 unde
1600 3915 1762 3967 certo
1810 3911 1956 3967 mihi
2004 3911 2178 3982 adju-

523 4003 638 4059 turi
668 4002 870 4060 auxilii
896 4017 1036 4074 spes
1063 4000 1262 4056 omnis
1287 4000 1480 4056 fuerat
1507 4000 1536 4056 ?
1593 4002 1724 4056 Jam
1747 4000 1985 4056 animos
2018 4000 2181 4071 abje-

524 4107 745 4160 ceram,
761 4097 816 4147 et
833 4091 998 4163 quod
1011 4104 1388 4162 consequens
1407 4093 1513 4160 est,
1531 4089 1748 4146 inerter
1771 4089 2138 4160 languebam
2162 4106 2176 4159 ;

521 4180 789 4253 quando,
827 4179 1159 4235 secundum
1188 4178 1531 4235 Davidicam
1557 4178 1916 4248 doctrinam,
1947 4193 2179 4235 memor

523 4267 609 4323 fui
636 4268 757 4338 Dei,
781 4273 1090 4340 etrepente
1112 4266 1443 4323 delectatus
1457 4284 1590 4322 sum
1619 4287 1636 4338 ;
1687 4271 1747 4323 ln
1769 4267 1905 4339 ipso
1929 4268 2174 4340 quippe,

2355 3819 2474 3895 μβ’.
2513 3826 2578 3875 Τί
2599 3829 2726 3894 γοῦν
2782 3821 3095 3894 ἐπεπόνθειν,
3131 3823 3244 3875 ὅθεν
3271 3841 3362 3896 μοι
3420 3819 3494 3876 δι’
3526 3820 3744 3885 ἐλπίδος
3778 3823 3848 3884 ἦν
3879 3828 3906 3883 ἑ

2289 3909 2531 3982 βοήθεια,
2574 3909 2740 3963 λαϐὼν
2778 3909 2967 3964 ἐκεῖθεν
3023 3915 3118 3971 τὴν
3176 3909 3531 3987 ἀπαγόρευσιν
3583 3929 3598 3981 ;
3669 3913 3910 3988 Ἀθυμίᾳ

2285 4002 2638 4072 κατεσχέθην,
2671 4004 2763 4053 καὶ
2802 4003 2872 4063 ὡς
2915 4004 2974 4053 τὸ
3007 4000 3138 4062 εἰκὸς
3199 3997 3479 4059 ήκηδίασα
3518 4022 3531 4036 ·
3593 4000 3703 4054 ἀλλ’
3746 4002 3911 4077 ἐμνή-

2289 4090 2420 4146 σθην
2447 4090 2582 4140 κατὰ
2620 4093 2709 4148 τὸν
2755 4085 3045 4148 Δαυῖδικὴν
3099 4089 3378 4162 εἰσήγησιν
3433 4097 3526 4143 τοῦ
3587 4098 3748 4160 Θεοῦ,
3817 4099 3911 4145 καὶ

2289 4174 2553 4250 θυμηδίας
2581 4177 2847 4237 ἐπλήσθην
2879 4178 3052 4240 εύθύς.
3101 4178 3181 4232 Ἐν
3234 4181 3336 4254 γάρ
3405 4180 3566 4252 αύτῷ,
3641 4187 3738 4233 καὶ
3796 4185 3904 4256 γὰρ

2288 4269 2430 4339 ἔφην,
2467 4267 2511 4319 εἰ
2546 4272 2637 4319 καὶ
2698 4270 2729 4326 ἡ
2763 4273 2920 4330 νόσος
2985 4269 3186 4340 ἰσχυρὰ
3225 4274 3316 4320 καὶ
3354 4273 3449 4327 τήν
3506 4274 3701 4341 τέχνην
3759 4278 3908 4342 νικᾷ,

525 4355 785 4420 aiebam,
810 4357 917 4410 etsi
955 4355 1361 4411 validissimus
1413 4356 1487 4410 sit
1532 4373 1654 4428 quo
1683 4355 1894 4412 laboro
1924 4357 2174 4413 morbus

2293 4353 2396 4407 ἀλλ’
2444 4358 2732 4414 ἡττήσεται
2784 4365 2882 4419 τῆς
2931 4363 3186 4430 κραταιᾶς
3243 4356 3430 4430 ἰσχύος
3459 4362 3586 4412 Θεοῦ
3623 4380 3634 4392 ·
3669 4361 3739 4420 ὡς
3799 4364 3905 4431 γὰρ

525 4449 578 4500 et
604 4445 770 4500 omni
791 4445 1159 4500 medentium
1190 4451 1312 4501 arte
1345 4445 1912 4517 superior,attamen
1943 4446 2167 4520 potenti

520 4533 679 4590 illius
709 4533 922 4589 virtute
946 4533 1310 4590 domabitur.
1339 4534 1525 4591 Simul
1542 4536 1700 4590 enim
1731 4540 1910 4608 atque
1932 4537 2179 4594 ﬁrmiter

520 4622 760 4679 credere
793 4627 851 4678 et
891 4637 1132 4695 sperare
1170 4622 1228 4680 in
1275 4623 1480 4691 ipsum
1522 4624 1858 4692 statuimus,
1892 4627 2175 4684 continuo

519 4725 656 4784 qua;
685 4709 815 4767 ﬁeri
845 4726 1021 4784 posse
1042 4726 1164 4766 non
1199 4710 1581 4780 videbantur,
1623 4712 1742 4767 Deo
1791 4710 1944 4767 fiunt
1985 4711 2178 4784 possi-

517 4799 683 4867 bilia,
718 4816 828 4858 nec
862 4799 1294 4872 estquidquam
1325 4799 1492 4873 quod
1512 4799 1781 4856 divinam
1808 4800 1937 4871 ejus
1965 4805 2174 4874 poten-

518 4887 668 4946 tiam
691 4894 954 4962 superet.
985 4891 1048 4945 In
1068 4889 1427 4946 memoriam
1447 4903 1690 4961 quoque
1703 4904 1984 4945 revocare
1997 4891 2175 4962 ccepi,

518 4978 833 5050 quomodo
863 4978 1192 5051 purissima
1238 4978 1338 5034 Dei
1374 4979 1574 5045 Mater,
1604 4993 1802 5033 rerum
1834 4983 2174 5034 nostrarum

517 5067 783 5138 quotidie
811 5066 977 5124 haud
997 5083 1214 5140 parum
1241 5065 1828 5136 satagens.divinam
1851 5082 1960 5139 pro
1980 5066 2174 5122 omni-

516 5155 634 5212 bus
674 5157 1150 5215 misericordiam
1176 5156 1500 5230 implorare
1523 5171 1646 5212 non
1681 5160 1889 5213 cesset.
1923 5159 2173 5214 Sanctos

517 5259 762 5318 quoque
790 5247 924 5304 illos
949 5248 1206 5318 cogitavi
1232 5263 1302 5302 ac
1329 5250 1591 5312 sanctas,
1637 5245 1858 5318 quibus
1901 5246 1980 5303 ab
2018 5246 2174 5302 altis-

519 5332 671 5389 simo
703 5335 764 5390 in
794 5335 958 5393 ccelis
991 5339 1109 5393 Deo
1139 5339 1371 5393 tantum
1401 5333 1497 5390 hic
1533 5335 1735 5405 gratim
1783 5335 1893 5391 fuit
1933 5351 2174 5392 conces-

519 5437 678 5489 sum,
694 5427 757 5478 ut
776 5423 1144 5482 insanabiles
1169 5440 1379 5482 curare
1402 5423 1647 5480 morbos
1660 5428 1718 5480 et
1755 5425 1928 5481 matis
1957 5425 2172 5480 imme-

518 5507 878 5568 dicabilibus
930 5513 1155 5569 mederi
1210 5516 1494 5586 possent:
1566 5512 1933 5569 Demetrium
2010 5513 2168 5585 dico,

517 5597 677 5658 illum
688 5600 841 5658 inter
851 5606 1135 5675 martyres
1146 5601 1606 5676 celeberrimum,
1619 5617 1728 5660 nec
1741 5617 1864 5660 non
1891 5617 2170 5676 magnum

2284 4448 2720 4518 πεπιστεύκαμεν,
2800 4451 2889 4498 καὶ
2939 4449 3006 4498 τὰ
3053 4442 3287 4498 ἀδύνατα
3354 4454 3468 4517 Θεῷ
3524 4445 3745 4516 δυνατὰ,
3811 4454 3906 4501 καὶ

2285 4531 2434 4587 οὐδὲν
2465 4536 2491 4587 ὃ
2520 4554 2571 4587 τι
2593 4543 2683 4596 τῆς
2713 4535 2874 4587 αὐτοῦ
2914 4531 3185 4609 δυνάμεως
3249 4537 3630 4610 ὑπερκείσεται.
3692 4541 3791 4591 Καὶ
3841 4557 3902 4609 γε

2284 4621 2652 4696 ἓνενοησάμην,
2709 4625 2847 4687 ὅπως
2913 4643 2966 4677 τε
3036 4626 3066 4682 ἡ
3147 4626 3406 4696 πάναγνος
3484 4625 3645 4678 αὐτοῦ
3703 4631 3899 4701 Μήτηρ

2283 4720 2428 4785 κοινῇ
2485 4732 2540 4765 τε
2613 4716 2704 4765 καὶ
2771 4714 3068 4766 καθέκαστα
3124 4714 3269 4785 ἡμῶν
3334 4710 3623 4786 κηδομνη,
3694 4718 3904 4768 πάντων

2282 4803 2724 4876 ὑπερεντυγχάνει
2819 4797 3090 4864 διηνεκῶς.
3179 4800 3388 4873 ’Δγίους
3473 4822 3528 4856 τε
3585 4808 3673 4856 καὶ
3745 4805 3909 4876 ἁγίας

2285 4888 2684 4964 ἁνελογισάμην,
2715 4893 2789 4952 οἷς
2817 4895 2908 4943 καὶ
2959 4887 3092 4964 τῇδε
3140 4891 3306 4966 χάρις
3357 4892 3439 4944 ὅτι
3494 4896 3720 4964 μεγίστη
3775 4898 3910 4969 πρὸς

2281 4987 2371 5032 τοῦ
2424 4978 2472 5031 ἓν
2529 4979 2767 5053 οὐρανοῖς
2809 4975 3132 5042 δοξάσαντος
3191 4975 3430 5052 δίδοται,
3498 4983 3563 5042 ὡς
3615 4986 3708 5034 καὶ
3755 4984 3911 5057 θερα-

2280 5070 2450 5121 πεύειν
2504 5067 2761 5128 ἀνήκεστα
2813 5073 2902 5122 καὶ
2968 5069 3150 5122 ἰᾶσθαι
3191 5067 3384 5122 ἀνίατα
3448 5065 3714 5123 δύνασθαι
3760 5093 3774 5104 ·
3805 5078 3912 5132 Δη-

2279 5161 2500 5230 μήτριόν
2545 5176 2681 5230 φημι
2704 5161 2793 5211 τόν
2834 5157 2884 5210 ἕν
2941 5161 3176 5233 μάρτυσι
3235 5153 3540 5224 διαϐόητον,
3598 5162 3685 5211 τὸν
3731 5163 3912 5238 ἱεράρ-

2279 5267 2388 5318 χήν
2414 5251 2577 5320 μέγαν
2615 5247 2890 5311 Νικόλαον,
2948 5243 3146 5300 Εὖπλον
3213 5249 3300 5300 τόν
3350 5246 3610 5300 πολύτλαν
3659 5255 3758 5302 καὶ
3810 5258 3909 5303 τοῦ

2279 5335 2600 5409 Εύαγγελίου
2623 5345 2695 5408 τῷ
2747 5341 2856 5390 ὄντι
2911 5332 3151 5389 διάκονον
3210 5357 3226 5372 ο
3285 5335 3369 5391 ἐπὶ
3425 5334 3484 5390 δι
3548 5339 3757 5399 τούτοις
3814 5346 3908 5393 καὶ

2278 5428 2410 5498 μετὰ
2443 5428 2642 5480 τούτων
2687 5430 2782 5486 τήν
2812 5427 2962 5479 ὁσίαν
2999 5428 3195 5485 ταύτην
3253 5431 3344 5479 καὶ
3407 5429 3669 5501 μάρτυρα,
3735 5424 3798 5489 ἧς
3853 5429 3907 5482 ἐν

2276 5519 2516 5587 γειτόνων
2543 5516 2610 5567 ὢν
2656 5523 2717 5588 τῇ
2773 5523 2933 5592 σορῷ,
2991 5517 3086 5578 τὰς
3123 5516 3385 5592 ὁσημέραι
3449 5535 3505 5569 τε
3544 5520 3636 5568 καὶ
3691 5517 3904 5590 ὁσῶραι

2281 5607 2699 5682 θαυματουργίας
2755 5608 2840 5662 ἐπὶ
2906 5602 3145 5661 τοιοῖσδέ
3201 5625 3344 5661 τισιν
3400 5606 3765 5679 ἂπυνθανόμην
3818 5627 3904 5662 τε-
