3988 6322
125 331 234 386 933
1467 330 1537 387 ΙΝ
1579 333 1636 388 S.
1674 330 1760 388 ΤΗ

1880 331 2152 388 DOSIAM.
3395 336 3508 391 934-

123 453 377 526 λουμένας
397 457 488 504 καί
525 456 758 525 χείροσι.
812 459 936 514 Τοῖς
985 453 1074 506 οὖν
1129 453 1326 528 ἰατροις
1375 454 1568 507 αὐτίκα
1609 460 1734 528 χαί.

1882 455 2196 528 piscopum
2223 455 2552 512 Nicolaum.
2586 461 2643 512 et
2672 456 2927 530 Euplum
2965 457 3080 529 (t3)
3129 460 3211 514 tot
3258 461 3510 530 tamque

126 561 236 617 ρειν
293 547 383 594 καί
445 541 624 604 αὐτοῖς
677 543 967 617 φαρμάκοις
1032 543 1185 595 εἰπὼν
1260 548 1476 606 τούτους
1547 551 1736 617 μόνους

1880 544 2073 600 ιοεώει
2093 545 2404 616 quondam
2440 545 2543 600 Dei
2575 561 2758 602 causa
2791 561 3168 618 perpessum,
3220 561 3291 602 ac
3358 546 3511 603 sacri

127 631 524 706 πρύστῆσάμην
550 640 640 692 τῆς
663 636 820 683 νόσου
853 633 1190 706 Θεραπευτάς.

1880 634 2144 705 Lvangelii
2192 636 2573 692 verissimum
2628 637 2975 693 diaconum.
3033 637 3250 693 Praeter
3297 637 3408 694 hos
3455 640 3512 694 et

128 735 273 776 cum
299 720 463 776 hisce
490 725 757 777 sanctam
790 720 954 776 illam
970 727 1320 794 martyrem,
1347 738 1384 779 a
1408 723 1582 794 cujus
1611 721 1841 780 tumulo
1866 723 2030 780 haud
2052 723 2230 796 longe
2251 724 2980 796 commorabar,quaeque
3003 725 3306 797 perpetuis
3322 741 3392 781 ac
3405 725 3509 782 ad-

129 809 427 866 mirandis
456 825 580 866 non
602 809 787 866 modo
813 810 875 865 in
905 809 1054 878 dies,
1085 827 1294 868 verum
1327 813 1506 868 etiam
1534 813 1595 868 in
1623 813 1806 869 horas
1830 812 2135 885 operibus,
2197 828 2320 868 non
2365 814 2484 869 mei
2528 818 2766 869 tantum
2817 813 3038 870 similes
3084 814 3352 880 morbos,
3405 813 3512 870 sed

127 899 314 971 longe
343 898 524 955 etiam
555 899 864 968 graviores
892 898 1190 972 depellere
1219 905 1434 974 potest,
1467 901 1526 957 in
1556 901 1845 958 auxilium
1873 903 2102 959 vocavi.
2145 902 2510 959 Medicorum
2567 903 2768 975 itaque
2813 908 2870 960 et
2892 903 3364 976 pharmacorum
3396 918 3511 976 ope

129 987 339 1044 valere
364 988 557 1059 jussa,
577 988 763 1044 hosce
794 987 995 1044 solum
1024 989 1240 1046 morbo
1262 995 1564 1048 curatores
1585 991 2023 1064 proponebam.

205 1076 318 1150 μγ”
378 1083 491 1138 Πῶς
539 1080 714 1130 τοίνυν
769 1083 1124 1153 παραστήσω,
1172 1088 1278 1141 πῶς
1338 1083 1426 1133 τὸν
1484 1080 1639 1148 ἔλεον,
1693 1080 1748 1133 ὃν

134 1162 428 1229 ἆνεδείξατό
459 1186 550 1240 μοι
577 1174 652 1238 τῷ
683 1164 884 1242 ἀχρείῳ
903 1171 1092 1220 τούτου
1127 1165 1299 1241 δούλῳ
1329 1173 1461 1232 Θεὸς
1499 1166 1595 1223 διὰ
1647 1178 1748 1222 τῶν

137 1255 565 1328 εύηρεστηκότῶν
595 1255 756 1326 αύτῷ,
805 1252 900 1309 διὰ
955 1255 1186 1330 βραχέος
1241 1257 1359 1332 ἕρῶε
1425 1263 1644 1334 Χρόνοις
1701 1259 1749 1310 έν

138 1344 336 1416 ὀλίγοις
398 1344 787 1420 έξαρθρωθῆναι
859 1343 1222 1420 προσδόκιμος
1301 1348 1390 1417 ὢν,
1473 1348 1749 1410 πλείστους

139 1431 250 1493 ἤδη
299 1433 627 1508 παρήμειψα,
686 1439 776 1487 καί
833 1431 1078 1510 διαρτίας
1125 1436 1180 1489 εὖ
1233 1439 1369 1509 ἔχων
1423 1437 1606 1511 μελῶν,
1660 1441 1751 1490 καί

142 1519 363 1595 βαδίζω
418 1524 486 1584 ὠς
539 1525 623 1575 ὅτε
682 1520 744 1581 ἦν
800 1525 1091 1586 εἰκοσιέτης
1167 1522 1436 1595 ἕϐάδιζον,
1489 1531 1580 1579 καί
1660 1546 1750 1599 μοι

140 1612 420 1686 ἱλευθέρως
446 1616 500 1666 αἱ
529 1620 723 1689 χεῖρες,
767 1615 886 1687 ὅμοι
943 1635 998 1668 τε
1049 1613 1308 1688 βουλητὸν
1362 1617 1493 1690 ἐμοί,
1545 1621 1636 1670 καί
1690 1620 1749 1670 τὸ

138 1701 382 1773 ψυχικόν
429 1708 632 1774 πνεῦμα
687 1710 836 1769 κινεῖ,
892 1708 1128 1776 φέρονταί
1178 1723 1232 1757 τε
1284 1709 1373 1756 καὶ
1442 1709 1748 1780 μεταφέρον-

136 1809 245 1844 ται.
305 1792 522 1844 Τοιαῦθ⁹
577 1792 772 1864 ὁρῶμεν
833 1799 896 1865 τῇ
957 1797 1107 1866 Ἀγίᾳ
1172 1793 1468 1866 τελούμενα,
1546 1795 1748 1848 τοιαῦθ’

1923 1084 2013 1138 43.
2041 1083 2212 1136 Nunc
2242 1097 2381 1138 vero
2405 1097 2531 1154 qua
2556 1083 2788 1138 ratione
2817 1081 3144 1138 edisseram
3198 1097 3334 1154 quae
3380 1085 3515 1139 acta

1857 1171 2047 1227 sunt?
2075 1186 2199 1243 quo
2225 1171 2408 1227 modo
2435 1171 2930 1241 misericordiam,
2953 1187 3141 1244 quam
3165 1171 3316 1228 mihi
3339 1187 3512 1228 servo

1856 1277 1965 1317 suo
1991 1260 2204 1328 inutili,
2220 1277 2327 1334 per
2343 1265 2584 1317 sanctos
2607 1277 2748 1317 suos
2772 1261 2926 1318 Deus
2940 1261 3236 1334 prmstitit,
3257 1260 3516 1318 breviter

1856 1355 2065 1424 potero
2077 1350 2375 1424 explicare
2391 1351 2420 1406 (Ι
2446 1351 2543 1406 Ille
2565 1366 2698 1421 ego,
2713 1351 2820 1422 qui
2844 1350 3030 1424 paulo
3051 1355 3190 1406 ante
3222 1351 3512 1408 membris

1855 1439 2141 1496 omnibus
2172 1456 2280 1511 per
2302 1438 2611 1512 paralysin
2640 1439 2890 1495 videbar
2910 1438 3360 1509 dissolvendus,
3383 1439 3513 1511 jam

1856 1527 2058 1600 plures
2088 1527 2350 1598 transegi
2371 1542 2583 1593 annos,
2617 1531 2676 1583 et
2707 1531 2831 1582 toto
2851 1541 3103 1600 corpore
3131 1526 3310 1583 ﬁrma
3353 1543 3512 1583 com-

1856 1632 2013 1689 page
2035 1622 2207 1672 utens
2238 1617 2323 1671 sic
2352 1615 2568 1671 incedo
2597 1621 2662 1671 ut
2694 1615 3054 1672 incedebam
3110 1632 3249 1672 cum
3305 1616 3515 1687 viginti

1858 1705 2152 1762 duntaxat
2194 1720 2494 1761 annorum
2539 1721 2757 1760 essem:
2811 1720 3030 1761 manus
3081 1721 3327 1777 quoque
3366 1704 3516 1761 mihi

1858 1795 2129 1850 feruntur
2146 1794 2330 1850 libere
2365 1793 2894 1861 ettransferuntur,
2919 1808 3285 1866 quocunque
3308 1793 3515 1849 animo

140 1881 402 1954 ὁσημέραι
467 1884 963 1956 τερατουργούμενα.
1018 1887 1082 1936 Τί
1125 1890 1251 1954 γοῦν
1301 1880 1368 1942 δὴ
1433 1887 1501 1936 τὰ
1587 1884 1748 1937 πάλαι

1880 1883 2189 1940 :ollibitum
2219 1889 2325 1954 est,
2360 1889 2462 1939 aut
2489 1883 2686 1939 vitalis
2715 1883 2959 1956 spiritus
3001 1883 3276 1955 impellit.
3333 1884 3517 1940 Tanta

139 1969 524 2043 καταλέγειν,ἣ
573 1968 932 2046 παραδιδόναι
988 1975 1054 2025 τὰ
1110 1972 1186 2044 ἐφ’
1236 1975 1380 2045 ἡμῶν
1435 1982 1742 2050 σμγγραγῇ;

139 2055 411 2133 μηδεμίαν
472 2068 574 2112 σῶν
635 2059 998 2133 λαμϐανόντων
1067 2058 1326 2134 διέχειαν,
1381 2065 1625 2136 κυμάτων
1698 2083 1755 2120 τε

140 2145 306 2207 δίκην
337 2151 502 2225 ἕτερον
547 2148 720 2226 ἑτέρου
773 2149 1278 2224 καταλαμϐάνοντος
1347 2157 1438 2204 καί
1490 2153 1592 2226 γάρ
1643 2172 1756 2215 πως

139 2237 517 2312 παραπλήσιον
546 2237 608 2290 ἂν
668 2241 852 2292 παθεῖν
906 2237 1100 2304 δόξειεν
1166 2242 1192 2292 ὁ
1220 2248 1386 2293 ταῦτα
1437 2243 1752 2313 συγγράφειν

141 2333 461 2403 πειρώμενος
510 2335 619 2390 τοῖς
685 2327 764 2381 ἐπ’
821 2328 1087 2404 ἀφροσύνῃ
1149 2327 1452 2391 διαϐοήτοις
1514 2329 1750 2398 ἐκείνοις,

144 2416 211 2468 ὧν
243 2417 298 2469 οἱ
323 2418 412 2489 με»
446 2413 679 2490 ἀριθμεῖν
707 2420 1064 2493 προήχθησαν
1108 2421 1336 2492 κύματα,
1398 2420 1446 2472 οἱ
1495 2414 1544 2472 δ’
1601 2417 1753 2471 ἀστέ-

142 2525 259 2581 ρας,
295 2508 343 2559 οἱ
370 2502 424 2558 δ’
478 2505 612 2560 ἀλλω
666 2511 772 2561 τινί
817 2516 918 2560 τῶν
972 2505 1244 2560 ἀδυνάτων
1298 2507 1750 2582 ἐπιχειρήσαντες

144 2595 436 2668 ἐνεπαίχθη
445 2615 562 2649 σανο

1860 1971 2137 2027 videmus
2157 1970 2282 2026 ﬁeri
2307 1987 2344 2027 a
2386 1972 2602 2027 Sancta
2659 1976 2718 2028 et
2770 1970 3036 2043 quotidie
3087 1969 3517 2027 admirabiliter

1860 2059 2082 2134 perﬁci.
2114 2061 2226 2118 Sed
2248 2059 2396 2133 quid
2415 2060 2624 2116 attinet
2650 2064 2850 2115 vetera
2880 2074 3382 2126 commemorare,
3414 2063 3518 2116 aut

1861 2164 1935 2206 ea
1962 2165 2098 2222 quae
2119 2148 2179 2204 in
2210 2148 2386 2204 nobis
2406 2164 2568 2205 nunc
2616 2148 2972 2218 contingunt
3020 2147 3241 2221 scripto
3282 2149 3516 2205 tradere

1863 2255 1992 2294 cum
2027 2237 2253 2294 nullam
2284 2237 2417 2310 ipsa
2443 2236 2557 2293 sibi
2582 2237 2977 2294 cessationem
3004 2235 3378 2306 indulgeant,
3410 2236 3516 2294 sed

1862 2327 1948 2383 uti
1976 2325 2194 2382 ﬂuctus
2218 2325 2488 2392 ﬂuctum,
2522 2325 2605 2381 sic
2623 2324 2787 2382 aliud
2807 2325 3061 2382 alterum
3083 2325 3516 2398 consequendo

1863 2415 2118 2488 excipiat
2144 2415 2174 2470 ?
2205 2414 2431 2471 Etenim
2462 2416 2567 2487 qui
2595 2414 2693 2471 illa
2723 2415 2929 2471 omnia
2972 2414 3292 2486 scriptione
3342 2413 3521 2471 vellet

1863 2505 2199 2577 complecti,
2224 2505 2294 2560 iis
2325 2503 2468 2559 mihi
2503 2519 2627 2560 non
2656 2503 2892 2559 videtur
2921 2502 3156 2560 futurus
3199 2503 3519 2570 absimilis,

1862 2610 2124 2668 quorum
2153 2593 2253 2650 alii
2293 2593 2514 2649 ﬂuctus
2545 2593 2747 2660 maris,
2781 2591 2980 2648 stellas
3034 2591 3134 2648 alii
3177 2607 3516 2665 numerare,

145 2684 427 2742 nonnulli
449 2685 612 2742 aliud
640 2687 842 2743 nescio
880 2687 1028 2759 quid
1057 2702 1131 2744 ex
1155 2687 1224 2744 iis
1253 2703 1390 2760 quae
1414 2687 1544 2746 ﬁeri
1576 2689 1883 2759 nequeunt
1919 2699 2044 2741 non
2097 2683 2228 2739 sine
2276 2680 2518 2738 stultitia
2569 2681 2854 2754 perﬁcere
2903 2681 3194 2753 aggressi,
3232 2681 3520 2738 omnibus

151 2791 217 2833 se
247 2774 539 2833 ridendas
568 2776 974 2848 praebuerunt.

1635 2951 1925 3009 EPILOG
1936 2949 2040 3010 US.

223 3128 338 3206 μδ“.
400 3130 538 3184 Ἀλλ’
593 3133 716 3207 ὅπερ
769 3133 912 3204 ἔφην,
969 3135 1022 3184 τί
1073 3151 1133 3204 γε
1191 3126 1307 3185 δέον
1374 3131 1516 3204 ἡμᾶς
1591 3135 1756 3184 ποιεῖν

1940 3132 2028 3185 44.
2047 3125 2456 3200 Verum,quod
2471 3125 2602 3196 jam
2625 3128 2764 3182 ante
2784 3137 3027 3197 quoque
3050 3120 3350 3191 dicebam,
3373 3121 3522 3194 quid

149 3219 358 3274 τοιαῦθ’
398 3223 647 3296 ὁρῶντας,
700 3223 946 3273 τοιούτων
993 3222 1121 3294 παρ’
1171 3219 1328 3281 αὐτῆς
1381 3219 1755 3288 ἀπολαύοντας

150 3314 370 3384 Χαίρειν
429 3312 521 3382 μεν
570 3311 746 3383 χαρὰν
816 3311 1002 3376 ἔνθεον,
1062 3307 1280 3385 πρέσϐιν
1359 3305 1419 3362 δε
1492 3311 1760 3362 ποιεῖσθαι

149 3401 286 3473 πρὸς
333 3401 540 3472 Κύριον,
571 3403 663 3451 καί
721 3395 1028 3462 δεξιοῦσθαι
1089 3402 1178 3470 μὲν
1235 3397 1304 3459 εἰς
1368 3393 1590 3470 δύναμιν
1647 3399 1762 3451 ἕκα-

153 3505 304 3556 στον,
345 3489 635 3561 προστάτιν
699 3484 750 3540 δ’
811 3485 1138 3559 ἀφιλονείκως
1238 3483 1505 3541 ἰδιοῦσθαι
1593 3489 1764 3541 πάντα

150 3581 241 3628 καί
271 3576 691 3649 σφετερίζεσθαιο
729 3581 829 3629 Καί
859 3575 1001 3648 μάλα
1057 3579 1158 3650 γὰρ
1221 3575 1448 3638 εἰκότωςο
1508 3583 1594 3628 ῖνα
1655 3578 1759 3649 γὰρ

153 3664 295 3718 έάσω
332 3666 400 3717 τά
437 3670 652 3737 κρείττω
700 3669 791 3716 καί
849 3664 1164 3740 ὑψηλότερα,
1217 3665 1284 3716 ὧν
1332 3667 1460 3740 παρ’
1513 3665 1678 3726 αὐτῆς
1727 3665 1758 3724 ἣ

155 3749 228 3805 δι’
260 3753 427 3814 αὐτῆς
456 3752 794 3827 ἀπελαύομεν.
824 3755 950 3828 ὑπὲρ
992 3755 1138 3826 ἡμῶν
1196 3753 1267 3816 εἰς
1320 3749 1492 3806 ἀίδιον
1552 3773 1762 3826 τυγχα-

151 3845 348 3904 νούσης
402 3851 536 3914 Θεῷ,
590 3847 682 3896 καί
727 3842 1078 3916 έξιλεουμένης
1141 3844 1319 3915 συχνὰ
1397 3842 1763 3916 πλημμελοῦσι

153 3937 246 3985 καί
277 3932 720 4007 παροργίζουσιν.
764 3931 897 3985 Ἀλλ’
967 3930 1103 4007 εἰπερ
1163 3931 1338 4004 ἰατρὸν
1394 3929 1636 4000 ἀνιάτων,
1686 3951 1765 3985 νος

159 4022 410 4092 σημάτων
466 4024 619 4093 μόνον
686 4019 955 4093 ηύχουμῒν
1043 4020 1228 4090 αὐτὴν,
1317 4025 1519 4082 πόσους
1597 4021 1764 4095 ἐχρῆν

158 4111 290 4168 αύτῆ
326 4109 742 4163 καταϐάλλεσθαι
791 4113 912 4171 τούς
957 4111 1196 4183 μισθούς
1268 4113 1441 4171 πόσης
1498 4129 1558 4182 γε
1606 4117 1764 4182 τιμῆς

156 4199 338 4264 ἀξιοῦν
393 4201 532 4253 Ἐπεί
592 4196 651 4252 δὲ
703 4205 793 4251 καί
849 4200 1104 4272 σωμάτων
1172 4204 1358 4262 νόσους
1439 4198 1603 4271 ἰᾶται,
1674 4204 1765 4252 καί

149 4289 349 4361 ψυχῶν
381 4290 650 4364 θεραπεύει
679 4294 977 4362 νοσήματα,
1033 4287 1123 4360 ἆγε
1183 4284 1249 4346 δὴ
1310 4288 1380 4350 ὡς
1434 4287 1597 4361 ἰσχύς
1649 4288 1765 4342 iam.

151 4397 277 4441 στος
307 4376 626 4430 ἀποτιννύτω
667 4378 778 4450 μετ’
827 4378 1222 4450 εὐγνωμοσύνης
1275 4381 1333 4430 τὸ
1387 4377 1612 4451 ὄφλημα,
1675 4378 1766 4432 καί

148 4471 279 4540 πρὸς
313 4467 449 4520 ἅπαν
488 4469 654 4529 πάθος
684 4467 1044 4526 ἑπικεκλὴσθω
1069 4471 1159 4518 καί
1198 4485 1428 4539 νόσημα,

1868 3235 1980 3276 nos
2015 3217 2263 3275 tandem
2308 3231 2420 3290 par
2462 3219 2552 3272 est
2591 3214 2810 3286 facere,
2865 3213 2970 3286 qui
3012 3216 3177 3268 tanta
3220 3211 3521 3280 videmus,

1870 3313 2037 3366 tanta
2081 3306 2428 3379 accepimus
2464 3320 2571 3378 per
2611 3307 2894 3362 Sanctam
2924 3301 3220 3358 beneﬁcia
3247 3302 3275 3358 ?
3319 3301 3524 3358 laetitia

1870 3398 2077 3470 utique
2107 3396 2377 3453 maxima
2410 3394 2731 3463 exsultare,
2780 3391 3191 3449 mediatricem
3236 3390 3522 3447 adhibere

1870 3486 2037 3560 apud
2074 3485 2415 3552 Dominum,
2442 3499 2580 3540 cum
2614 3482 2944 3554 gratiarum
2975 3480 3210 3536 actione
3254 3480 3524 3552 excipere

1872 3574 2129 3646 singula,
2174 3579 2492 3647 patronam
2541 3572 2601 3628 in
2651 3570 2936 3628 omnibus
2980 3570 3106 3624 sine
3149 3567 3527 3625 cunctatione

1871 3681 2173 3723 accersere
2203 3669 2258 3720 et
2280 3662 2455 3720 nobis
2477 3661 2784 3718 vindicare
2809 3660 3124 3727 debemus;
3165 3658 3349 3730 idque
3397 3673 3526 3714 ma-

1872 3770 1994 3826 gna
2022 3769 2160 3810 cum
2183 3753 2433 3810 ratione.
2467 3753 2620 3808 Nam
2646 3754 2711 3807 ut
2738 3749 2970 3822 optima
2989 3763 3245 3821 quaeque
3281 3751 3336 3802 et
3379 3762 3528 3818 prae-

1873 3844 2262 3910 stantissima,
2299 3858 2437 3916 quae
2468 3841 2547 3898 ab
2597 3857 2668 3896 ea
2713 3843 2769 3894 et
2819 3854 2927 3911 per
2975 3853 3110 3894 eam
3156 3835 3524 3907 accepimus,

1872 3933 2144 3990 omittam
2164 3931 2447 4004 proferre;
2463 3945 2530 3985 as
2539 3926 2835 3984 siduisilla
2850 3929 3036 3982 Deum
3083 3923 3530 3995 supplicationi-

1870 4023 1986 4080 bus
2015 4021 2225 4089 fatigat
2251 4028 2458 4076 nostra
2476 4032 2683 4082 causa,
2700 4014 3006 4086 nostrique
3027 4028 3161 4068 eam
3185 4027 3410 4081 magna
3434 4027 3529 4068 ca-

1872 4112 1957 4185 pit
1980 4109 2301 4177 miseratio,
2323 4107 2427 4180 qui
2454 4105 2655 4162 multis
2697 4103 2849 4160 adeo
2869 4101 3095 4159 delictis
3107 4100 3376 4157 divinam
3402 4117 3528 4158 ma-

1867 4201 2142 4272 jestatem
2168 4197 2246 4253 ad
2283 4194 2668 4252 irascendum
2696 4191 2873 4248 nobis
2913 4204 3333 4262 provocamus.
3357 4187 3529 4255 Quod

1874 4289 1924 4344 si
1947 4286 2246 4344 medicam
2269 4285 2398 4355 ejus
2432 4282 2614 4338 solius
2640 4296 2891 4337 manum
2917 4280 2978 4334 in
3004 4277 3234 4335 morbis
3257 4276 3533 4349 gravissi-

1873 4377 1988 4434 mis
2015 4381 2072 4432 et
2093 4373 2488 4446 imploremus
2515 4377 2571 4427 et
2601 4370 2954 4434 sentiamus,
2987 4372 3280 4441 quantam
3306 4366 3389 4422 illi
3425 4379 3533 4437 pu.

1871 4465 2008 4523 tatis
2046 4463 2387 4521 mercedem
2403 4478 2534 4518 esse
2569 4459 2945 4517 reddendam
2962 4458 2989 4514 ‘I
3006 4460 3156 4514 Cum
3179 4462 3382 4513 autem
3411 4470 3534 4513 non

151 4572 480 4630 corporum
511 4561 743 4613 tantum
776 4556 1088 4612 medeatur
1108 4555 1588 4627 inﬁrmitatibus,
1618 4558 1725 4614 sed
1754 4557 2096 4614 animorum
2126 4568 2370 4626 quoque
2392 4551 2640 4608 morbos
2673 4548 2876 4605 tollere
2895 4563 3018 4603 non
3051 4551 3262 4609 cesset,
3286 4547 3399 4616 eia,
3425 4559 3534 4618 pro

153 4662 180 4700 s
190 4646 282 4702 uis
296 4644 555 4718 quisque
569 4644 795 4700 viribus
808 4644 1071 4701 debitum
1085 4661 1213 4700 cum
1227 4643 1589 4715 gratitudine
1601 4645 1988 4718 persolvat,et
2000 4644 2191 4717 ipsam
2205 4641 2500 4698 adversus
2512 4639 2673 4696 mala
2684 4637 2892 4694 omnia
2902 4635 3263 4709 morbosque
3275 4635 3532 4700 invocet,

222 4733 322 4808 με’.
373 4740 440 4786 Ὅ
496 4730 564 4792 δὴ
619 4732 764 4806 κάγὼ
819 4740 984 4786 ποιεῖν
1033 4733 1244 4802 εἰωθώς,
1313 4733 1407 4786 οὐκ
1465 4733 1602 4788 ἐάσω
1683 4739 1755 4808 μὴ
1799 4737 1842 4790 D

150 4831 382 4882 ποιῆσαι
418 4827 508 4875 καί
563 4830 652 4874 νῦν
700 4821 772 4884 εἰς
819 4823 1057 4881 ἐπήκοονο
1119 4821 1225 4875 ἀλλ’
1279 4823 1405 4898 ύπερ
1496 4823 1621 4898 ἐμοῦ
1707 4843 1762 4877 τε

151 4917 248 4970 τὴν
283 4914 549 4985 ἱκετηρίαν
599 4915 690 4963 καί
715 4919 815 4962 τῶν
865 4910 999 4984 ἐμῶν
1055 4912 1282 4984 θέμενος,
1346 4914 1508 4965 τύπον
1563 4912 1763 4988 ὠσπερ-

153 5006 196 5054 εί
245 4997 407 5053 δώσω
462 5002 529 5054 τὰ
584 4999 932 5074 παραπλήσια
974 4999 1233 5076 λιπαρεῖν,
1311 5005 1402 5053 καί
1484 5003 1551 5054 τά
1632 5002 1764 5054 αὐτὸ

155 5087 424 5149 δήπουθεν
484 5095 578 5148 τὴν
640 5089 816 5162 Ἀγίαν
861 5086 1145 5143 δυσωπεινο
1210 5090 1269 5144 Ἠ
1324 5095 1414 5143 καί
1473 5098 1627 5164 σῶμα
1674 5098 1768 5147 καί

153 5176 346 5250 ψυχὴν
399 5178 454 5232 έκ
506 5175 702 5241 παιδὸς
767 5181 1097 5251 παραθεμένη
1158 5185 1272 5252 Θεῷ
1330 5184 1418 5232 καί
1479 5188 1632 5253 σῶμα
1674 5183 1765 5254 μέν

158 5266 390 5325 ἀσκήσει
437 5273 632 5340 χρονίᾳ
682 5267 912 5337 τὴξὰσα,
963 5267 1150 5340 ψυχὴν
1245 5265 1304 5321 δε
1369 5277 1468 5320 τῶν
1547 5269 1769 5322 ἐνταῦθα

155 5361 248 5409 κάί
299 5359 400 5430 πρὸ
454 5353 748 5419 διαλύσεως
812 5362 1218 5428 μεταστήσασα,
1277 5362 1367 5410 καί
1419 5357 1558 5420 τέλος
1615 5358 1770 5433 ἄμφω

155 5450 437 5520 προεμένη,
470 5450 560 5498 καί
588 5453 682 5498 τοῦ
728 5442 953 5520 μηδενός
1007 5443 1131 5510 ἀξια
1177 5451 1424 5524 κρίνασα,
1481 5447 1609 5520 ὑπὲρ
1676 5453 1770 5498 τοῦ

1945 4739 2032 4790 45.
2058 4731 2230 4799 Quod
2250 4731 2398 4786 dum
2421 4745 2533 4800 ego
2562 4743 2880 4800 nunquam
2916 4741 3039 4782 non
3069 4725 3260 4782 facere
3295 4723 3410 4779 sim
3443 4736 3533 4778 so-

1871 4821 2028 4888 litus,
2061 4835 2224 4877 nunc
2246 4834 2490 4892 quoque
2515 4833 2636 4874 non
2657 4816 2934 4874 omittam
2967 4813 3030 4870 id
3080 4814 3281 4885 ipsum
3334 4823 3532 4880 agere:

1874 4912 1980 4968 sed
2004 4927 2117 4984 pro
2153 4926 2249 4968 me
2276 4911 2547 4982 meisque
2563 4906 3030 4980 supplicationes
3046 4903 3382 4966 instituens,
3405 4899 3536 4956 aliis

1873 5015 2119 5074 quoque
2145 5000 2408 5057 formam
2439 4996 2834 5071 praescribam
2865 4991 3081 5049 similia
3105 5006 3216 5062 pro
3252 5005 3314 5044 se
3360 4987 3537 5044 obse-

1883 5089 2117 5159 crandi,
2149 5088 2486 5160 eademque
2517 5082 2831 5156 ﬂagitandi
2862 5098 2898 5138 a
2937 5082 3187 5147 Sancta;
3237 5078 3281 5135 0
3330 5093 3467 5150 quae
3500 5093 3537 5134 a

1875 5177 2092 5251 primis
2119 5176 2312 5234 aetatis
2342 5182 2458 5232 tute
2497 5173 2676 5230 annis
2705 5167 3136 5243 corpusculum
3191 5169 3363 5222 tuum
3416 5167 3537 5222 Deo

1873 5267 2110 5325 voluisti
2137 5283 2266 5324 esse
2293 5281 2552 5330 sacrum,
2582 5266 2639 5318 et
2680 5261 2796 5316 hoc
2842 5257 3086 5331 quidem
3144 5254 3539 5313 extenuavisti

1877 5356 2298 5414 exercitatione
2314 5355 2627 5419 diuturna;
2653 5349 2926 5406 animum
2954 5350 3176 5413 autem,
3199 5351 3338 5403 ante
3358 5345 3539 5402 etiam

1880 5461 2068 5520 quam
2095 5460 2168 5501 ex
2195 5444 2310 5500 hac
2334 5442 2457 5499 vita
2471 5440 2773 5512 migraret,
2797 5452 2834 5494 a
2853 5435 3036 5492 rebus
3061 5435 3349 5492 omnibus
3377 5449 3542 5493 crea-

227 5659 347 5730 (13)
377 5658 662 5716 Coluntur
688 5661 744 5718 S.
777 5660 1108 5718 Demetrius
1130 5663 1162 5718 8
1192 5659 1484 5731 Octobris,
1511 5661 1568 5718 S.
1592 5659 1866 5722 Nicolaus
1883 5665 1958 5721 ,11
1987 5656 2368 5726 Novembris,
2395 5656 2456 5714 S.
2483 5650 2707 5725 Euplus
2736 5653 2803 5709 12
2824 5652 3105 5723 Augusti.
