3988 6322
59 298 171 351 941

937 291 1382 346 PRIVILEGIUM
1420 290 1555 345 PRO
1596 288 2040 346 MONASTERIO
2082 287 2585 344 MACRINITISSO.

3335 290 3439 344 942

66 426 243 491 σοφοῦ
277 426 376 470 τῶν
424 418 654 470 παλαιῶν
717 416 1084 489 γνωμὰτςυμα.
1147 415 1206 468 Εἰ
1256 411 1313 466 δε
1384 419 1473 466 καὶ
1527 433 1729 470 σπου-⁴

1815 413 1925 476 ,ari,
1961 411 2172 466 veteris
2201 411 2484 482 sapientis
2514 410 2804 466 sententia
2833 414 2937 466 est.
2972 413 3120 467 Nam
3145 409 3194 466 si
3220 413 3276 466 et
3295 426 3444 482 prte-

65 505 184 568 ὃῆς
237 509 528 582 παρούσης,
611 511 700 557 καὶ
790 505 1005 577 μελέτης
1054 503 1364 577 ἐμμερίμνου
1398 508 1487 554 καὶ
1548 521 1689 554 συνε-

64 603 218 668 χοῦς
271 597 396 668 ὑπὲρ
449 602 540 646 τοῦ
607 595 1003 666 κατορθωθῆναί
1039 613 1088 644 τι
1129 601 1228 644 τῶν
1288 591 1582 660 ἐπαινετῶν,
1633 595 1689 642 τό

71 679 280 736 δὀὐδ’
326 683 485 744 οὑτως
533 683 762 757 εὐχερῶς
819 683 890 742 εἰς
939 685 1087 756 ἔργον
1142 680 1431 756 προϐαίνει,
1510 686 1598 731 καὶ
1650 683 1692 731 εἶ

65 775 181 826 πού
230 792 282 825 τι
331 777 419 825 καὶ
469 771 757 824 ἁντιϐαῖνον
842 774 942 840 εἴη,
1011 770 1204 822 πολλῶν
1287 777 1374 822 καὶ
1434 773 1691 843 σθεναρῶν

74 860 436 936 συμπράξεως
483 857 651 912 δεῖται
731 862 860 933 πρὸς

69 949 278 1022 μᾶλλον
345 943 633 1016 κᾶντεῦθεν,
729 947 788 1000 οὗ
834 955 933 999 τῶν
977 955 1148 998 κακῶν
1198 947 1422 1000 ἐκκυλίει
1488 951 1551 998 τὰ
1600 953 1696 1004 τῆς

70 1037 360 1104 ἀναϐολῆς,
415 1034 815 1110 διαδραμείται.
898 1035 1052 1090 Ἀλλὰ
1127 1044 1188 1094 τῆ
1269 1040 1358 1110 μὲν
1419 1039 1564 1107 ἡμῶν
1611 1053 1695 1107 με-

65 1133 328 1203 τριότητι
356 1132 472 1200 περὶ
526 1129 720 1179 τούτων
778 1124 913 1178 οὕτω
961 1121 1227 1178 διαλαϐεῖν
1278 1126 1548 1197 εὐστόχως
1589 1123 1697 1194 ἐγέ-

69 1236 224 1270 νετο⁸
274 1217 552 1292 πράγμασι
611 1211 665 1267 δ’
705 1215 882 1276 αὐτοῖς
912 1217 1058 1285 ,ἔγνω
1108 1221 1277 1267 ταῦτα
1323 1221 1566 1267 τοιαῦτα.
1634 1211 1699 1265 Ἡ

69 1308 229 1359 κατὰ
271 1309 366 1365 τὴν
417 1303 613 1377 ἕνορίαν
693 1300 1062 1377 Δημητριάδος
1110 1305 1140 1362 ἡ
1184 1303 1269 1355 ἐπὶ
1324 1305 1698 1375 σταυροπηγίῳ

75 1399 180 1468 μὲν
244 1391 618 1468 πατριαρχικῷ
687 1393 1102 1464 καταπηχθεῖσα
1157 1397 1308 1464 μονὴ,
1360 1391 1436 1444 ἐπ’
1488 1391 1701 1462 ὀνόματι

79 1483 152 1538 δὲ
213 1481 511 1557 δομηθεῖσα
583 1491 678 1545 τῆς
752 1485 1016 1554 πανάγνου
1087 1487 1416 1556 Θεομήτορος
1461 1486 1550 1533 καὶ
1613 1489 1703 1539 τῆς

77 1575 520 1646 Μακρινιτίσσης
587 1569 940 1642 ἐπιλεγομένη,
1027 1571 1210 1641 ἔμαθεν
1310 1570 1463 1634 αὕτη,
1547 1564 1700 1628 ἐδάη,

81 1661 166 1722 εἰς
197 1659 495 1732 ἐπιστήμην
525 1655 674 1717 ἦλθεν
721 1657 933 1733 ἀκριϐῆ.
986 1656 1089 1725 Ὦς,
1149 1657 1192 1710 εἰ
1237 1662 1422 1732 μικρὸν
1489 1677 1540 1708 τι
1597 1655 1702 1707 ἐνέ-

83 1747 309 1812 δωκενς,
345 1747 388 1801 εἰ
420 1747 603 1821 βραχύ
652 1766 704 1798 τι
755 1745 1014 1814 ἀνέπεσεν,
1067 1746 1112 1798 εἰ
1157 1751 1288 1821 πρὸς
1320 1747 1491 1817 ὀλίγον
1559 1749 1703 1804 ὄκνος

83 1839 262 1897 αὐτὴν
287 1833 572 1910 ὑπέδραμε,
630 1831 870 1898 κίνδυνος
921 1840 1011 1888 καὶ
1065 1843 1264 1896 πτῶσις
1335 1840 1454 1910 περὶ
1520 1834 1698 1893 αὐτὴν.

82 1933 198 1982 Καὶ
236 1926 291 1979 ἐκ
351 1933 444 1978 τοῦ
490 1929 889 2000 πατριαρχικην
959 1923 1291 1996 ἀνυψοῡσθαι
1337 1928 1556 1989 ταύτην,
1635 1925 1702 1984 ὡς

81 2021 206 2070 ἔστι
250 2020 339 2068 καὶ
418 2014 844 2088 ἀναγορεύεσθαι,
902 2013 1201 2086 μεταλλαγὴ
1256 2019 1349 2072 τὴν
1425 2014 1705 2065 ἐπισκοπι-

79 2111 191 2166 κήν
240 2112 332 2158 τοῦ
403 2099 772 2177 Δημητριάδος
848 2102 1033 2160 κλῆσιν
1095 2103 1501 2175 ὀνοματίζουσα,
1580 2105 1709 2154 Τίνα

82 2198 198 2270 γὰρ
241 2199 332 2246 καὶ
358 2194 460 2245 ὅσα
519 2194 568 2245 οἱ
614 2193 752 2244 κατὰ
806 2194 1018 2266 καιροὺς
1077 2189 1344 2266 ἀρχιερεῖς
1401 2191 1706 2264 Δημητριά-

88 2282 194 2346 δος
244 2284 369 2357 ὑπὲρ
437 2288 529 2333 τοῦ
598 2283 791 2339 ταύτην
869 2285 961 2338 την

945 858 1336 933 τελεσφόρησιν·
1393 859 1560 912 πολλῶ
1636 853 1694 908 δε

1063 2284 1223 2352 μονὴν
1308 2281 1712 2354 σφετερίσασθαι

89 2372 450 2445 ἠγωνίσαντο,
511 2369 755 2432 καθάπαξ
831 2369 1012 2441 λίχνον
1113 2369 1372 2442 ὀφθαλμόν
1470 2367 1712 2420 ἐπέϐαλον

94 2462 179 2515 ἐπ’
267 2460 583 2528 αυτήν;καὶ
651 2463 895 2530 οὔμενουν
978 2453 1223 2530 οὐδαμῶς
1302 2459 1597 2529 ἠνείχοντο,
1639 2462 1709 2530 μὴ

98 2547 426 2622 περιϐοήτου
473 2549 711 2600 τοιούτου
787 2545 947 2598 καλοῦ
1013 2545 1288 2598 καλεῖσθαι
1354 2548 1594 2616 μέτοχοι·
1649 2541 1716 2596 εἷ·

96 2637 200 2692 δον
231 2636 362 2709 ὕψος
410 2641 500 2688 καὶ
565 2641 902 2709 σεμνώματος
957 2637 1192 2708 μέγεθος,
1242 2635 1551 2694 ἡττηθέντες
1587 2652 1713 2685 παν-

96 2733 263 2782 τοίων
291 2729 484 2789 οἴησιν,
513 2726 685 2777 πάντα
730 2731 990 2785 κινοῦντες
1050 2729 1240 2797 τρόπον
1293 2726 1337 2775 εἰ
1387 2743 1492 2783 πως
1523 2721 1712 2796 εὕροιεν

103 2820 167 2870 τὸ
228 2817 567 2887 ποθούμενον.

1113 2369 1372 2442 ὀφθαλμὸν

646 2813 781 2865 Ἀλλ’
835 2812 900 2874 εἰς
955 2815 1126 2886 μάτην
1167 2812 1346 2872 αὐτοῖς
1425 2813 1451 2862 ὁ
1535 2816 1708 2881 πόνος,

99 2909 253 2981 παρὰ
283 2903 470 2977 φαῦλον
500 2906 567 2955 τὰ
625 2898 922 2970 διαϐούλια,
983 2898 1133 2954 οὐδὲν
1199 2910 1294 2963 τῆς
1337 2896 1713 2959 κενοσπουδίας

99 2995 280 3048 αὐτῶν
307 2992 598 3058 ἀπώναντο,
631 2992 674 3044 εἰ
724 2997 796 3064 μὴ
859 2997 949 3044 καὶ
997 2991 1186 3064 μᾶλλον
1237 2989 1596 3063 ἀσφαλέστερα
1647 2989 1712 3039 τὰ

99 3093 197 3147 τῆς
229 3089 394 3157 μονῆς
431 3083 620 3135 ἔθεντο.
650 3088 744 3143 Οις
779 3084 880 3156 γὰρ
916 3082 946 3138 ἡ
1008 3085 1136 3152 μονὴ
1216 3076 1455 3142 διενέξεις
1503 3077 1560 3129 ἐκ
1620 3084 1711 3128 τοῦ

1799 518 1934 558 sens
1965 501 2250 567 studium,
2278 505 2333 556 et
2372 500 2620 556 sollicita
2663 516 2804 555 cura
2852 504 3031 572 atque
3079 499 3324 555 assidua
3365 499 3444 555 ad

1798 589 2108 662 quidpiam
2128 589 2429 644 laudabile
2445 588 2684 643 feliciter
2697 587 3028 658 gerendum
3055 587 3443 654 adhibeatur;

1797 682 1911 738 hoc
1938 697 2133 752 neque
2158 686 2283 736 "tam
2312 680 2480 735 facile
2509 681 2570 735 in
2601 696 2753 752 opus
2791 680 3123 754 deducitur,
3167 684 3221 734 et
3252 678 3447 735 sicubi

1800 769 2025 842 aliquid
2051 770 2418 837 adversetur,
2452 769 2778 824 multorum
2805 786 2875 824 ac
2904 769 3147 824 fortium
3182 768 3446 823 virorum

1801 859 2124 914 ministerio
2137 874 2291 930 opus
2315 863 2421 924 est,
2443 863 2508 913 ut
2528 858 2890 930 perducatur
2921 858 2998 914 ad
3022 857 3229 923 ﬁnem,
3256 857 3445 913 multo

1803 953 2003 1004 autem
2026 948 2242 1017 magis.
2277 948 2324 1002 si
2363 949 2610 1012 caeteris,
2643 947 2866 1018 quibus
2905 962 2996 1002 res
3035 946 3301 1002 involuta
3340 948 3446 1011 est,

1802 1035 1978 1092 malis
2007 1036 2304 1092 cunctatio
2322 1035 2597 1091 addatur.
2625 1036 2738 1091 Sed
2754 1040 2972 1092 nostras
2985 1035 3232 1108 quidem
3247 1035 3450 1091 mode-

1803 1126 2020 1182 rationi
2059 1125 2235 1180 dehis
2253 1125 2365 1180 ista
2389 1125 2678 1181 disserere
2692 1126 2889 1180 visum
2905 1129 2995 1182 est
3017 1129 3448 1197 opportunum,

1803 1229 1987 1286 reque
2016 1214 2148 1286 ipsa
2177 1213 2458 1269 novimus
2489 1214 2618 1269 hmc
2657 1213 2798 1270 talia
2840 1230 2994 1270 esse.
3030 1213 3453 1270 Monasterium

1805 1319 1992 1376 prope
2025 1303 2377 1359 territorium
2398 1303 2788 1360 Demetriadis
2835 1303 3179 1359 subditione
3204 1302 3455 1374 patriar-

1807 1392 1960 1448 chali
1980 1393 2182 1461 situm,
2217 1393 2331 1448 sub
2361 1394 2602 1448 nomine
2633 1393 2985 1449 castissimae
3027 1394 3128 1448 Dei
3155 1393 3367 1460 Matris,
3401 1394 3459 1448 et

1808 1482 2260 1538 Macrinitissum
2292 1482 2539 1549 dictum,
2571 1483 2701 1538 haec
2733 1498 2875 1539 sane
2905 1482 3132 1550 didicit,
3172 1482 3458 1553 novitque

1811 1578 1989 1645 atque
2021 1576 2304 1628 accurata
2325 1572 2536 1644 peritia
2565 1573 2844 1644 percepit.
2882 1575 3028 1628 Cum
3070 1572 3229 1627 enim
3259 1570 3457 1626 modi-

1811 1679 1949 1718 cum
1972 1661 2319 1724 remisisset,
2353 1668 2408 1716 et
2438 1661 2754 1734 paululum
2783 1661 3018 1717 desidia
3055 1665 3330 1732 torperet,
3374 1661 3456 1715 at-

1809 1767 1927 1823 que
1953 1751 2163 1807 inertia
2183 1751 2383 1822 ipsum
2405 1751 2986 1822 comprehendisset,
2998 1751 3210 1822 lapsus
3225 1749 3457 1822 pericu-

1809 1839 1935 1894 lum
1967 1838 2166 1895 statim
2207 1838 2288 1893 illi
2314 1839 2631 1904 imminuit,
2679 1844 2858 1912 atque
2909 1837 3330 1896 transmutatio
3383 1852 3458 1892 ex

1809 1928 2193 2001 patriarchali
2225 1927 2467 1996 ditione,
2521 1928 2636 1984 sub
2661 1945 2784 2000 qua
2814 1929 3256 2001 proclamatum
3309 1929 3456 1996 erat,

1811 2017 1872 2072 in
1884 2017 2289 2090 episcopalem
2307 2017 2697 2073 Demetriadis
2711 2018 3282 2074 denominationem.
3303 2017 3459 2082 Quot

1813 2106 1994 2171 enim,
2029 2105 2324 2178 etquibus
2350 2105 2547 2161 modis
2579 2107 2965 2163 Demetriadis
3012 2107 3302 2179 episcopi,
3335 2105 3459 2160 suis

1815 2195 2070 2266 quisque
2095 2195 2482 2267 temporibus,
2523 2195 2958 2251 monasterium
3002 2195 3118 2252 hoc
3165 2208 3458 2266 usurpare

1817 2287 2137 2349 tentarunt,
2167 2284 2500 2355 avidosque
2531 2284 2591 2338 in
2611 2284 2814 2356 ipsum
2836 2284 3042 2341 oculos
3073 2285 3405 2354 injecerunt
3433 2283 3462 2340 ?

1819 2372 1942 2428 imo
1962 2389 2100 2428 vero
2122 2388 2278 2442 aegre
2299 2372 2588 2442 ferebant,
2603 2389 2665 2428 se
2687 2389 2808 2429 non
2822 2389 2947 2428 esse
2985 2372 3256 2445 praaclari
3281 2371 3464 2442 hujus

1819 2461 1963 2517 boni
1975 2461 2320 2534 participes;
2346 2467 2636 2518 noverant
2663 2462 3055 2529 altitudinem,
3097 2466 3466 2534 atquevene—

1820 2551 2064 2607 rationis
2093 2549 2596 2619 magnitudinem,
2625 2552 2963 2607 minuentes
2984 2551 3257 2606 omnium
3277 2547 3469 2605 existi-

1819 2641 2158 2708 mationem,
2177 2655 2536 2712 omnemque
2554 2640 3159 2713 moventeslapidem,
3180 2643 3243 2695 ut
3263 2638 3467 2711 aliquo

1797 2729 2003 2801 _modo
2034 2728 2155 2784 voti
2185 2734 2495 2800 compotes
2527 2730 2751 2786 ﬁerent.
2789 2729 2902 2787 Sed
2928 2729 2990 2785 in
3039 2745 3268 2786 vanum
3322 2726 3468 2800 ipsis

1819 2817 2028 2874 cecidit
2050 2817 2241 2884 labor,
2265 2823 2445 2890 atque
2477 2818 2537 2872 in
2567 2819 2738 2890 pejus
2789 2835 2960 2875 versa
3011 2823 3150 2874 sunt
3191 2816 3463 2888 consilia,

1818 2906 2084 2978 nihilque
2098 2907 2275 2961 inane
2306 2905 2572 2962 studium
2601 2907 2745 2978 ipsis
2771 2907 3014 2978 profuit,
3036 2911 3470 2979 praeterquam-

1817 2995 1981 3067 quod
2004 3010 2098 3050 res
2113 2994 2464 3050 monasterii
2495 2999 2686 3052 certas
2710 2998 2904 3065 magis
2946 2999 3002 3051 et
3041 2995 3282 3052 stabiles
3325 2995 3464 3050 effe-

1821 3088 2043 3140 cerunt.
2066 3083 2294 3148 Quibus
2314 3083 2463 3138 enim
2477 3083 2673 3139 modis
2689 3084 3130 3151 monasterium,
3155 3084 3465 3140 facultates

100 3150 295 3248 μέρους
313 3179 406 3231 τῆς
455 3170 744 3229 ἐπισκοπῆς
787 3150 1169 3242 -Δημητρ-ιάδος
1216 3170 1345 3240 ἔσχε
1403 3171 1494 3218 καὶ
1541 3168 1712 3238 πράγ-

1822 3177 1878 3228 et
1909 3173 2074 3228 bona
2100 3188 2174 3227 ex
2202 3177 2368 3243 parte
2400 3172 2778 3244 episcopatus
2809 3150 3220 3229 Demetriados
3233 3172 3467 3240 habuit,

100 3281 269 3335 ματα,
301 3262 507 3322 τούτοις
558 3259 811 3331 λαμπρῶς
876 3263 966 3310 καὶ
1020 3255 1399 3331 ἀναντίρρητως
1457 3273 1712 3329 πατριαρ-

103 3355 244 3424 χικὴ
307 3347 547 3421 ἀνεφάνη.
607 3353 708 3401 Καὶ
748 3350 807 3400 τὸ
861 3345 1083 3400 ἐντεῦθεν
1179 3343 1534 3414 διαναστᾶσα,
1614 3363 1715 3395 πα-

103 3445 444 3514 τριαρχικοῖς
486 3456 540 3489 τε
599 3438 962 3511 κατωχυρὼθη
1017 3437 1360 3508 ὑπομνήμασι
1405 3443 1505 3486 τῶν
1562 3433 1720 3504 ἁγιω-

110 3530 286 3582 τάτων
312 3533 656 3600 πατριαρχῶν
708 3533 799 3578 τοῦ
857 3545 910 3578 τε
961 3532 1122 3600 κυροῦ
1157 3530 1436 3597 Γερμανοῦ,
1483 3527 1573 3575 καὶ
1628 3528 1720 3573 τοῦ

111 3623 282 3693 κυροῦ
317 3614 583 3672 Μανουήλ.
621 3619 719 3668 Καὶ
755 3617 855 3688 πρὸ
910 3623 1010 3666 τῶν
1068 3614 1452 3686 ὑπομνημάτων
1502 3607 1560 3663 δὲ
1606 3611 1722 3661 τού-

114 3727 217 3760 των
275 3704 606 3768 κατεξέτασιν
689 3702 956 3776 ἀπειλήφει
1011 3710 1103 3756 τοῦ
1177 3706 1470 3776 μακαρίτου
1527 3700 1718 3752 ἐκείνου

119 3793 383 3850 δεσπότου
431 3801 593 3869 κυροῡ
659 3793 924 3860 Μανουὴλ,
980 3797 1232 3866 φέρουσαν
1290 3791 1570 3866 ἐπιγραφὰς
1630 3791 1720 3840 καὶ

118 3884 286 3938 ἄλλων
316 3887 406 3957 μὶν
449 3885 757 3956 ἀρχιερέων,
811 3887 901 3934 καὶ
953 3881 1113 3934 αὐτοῦ
1177 3877 1236 3933 δὲ
1284 3888 1374 3932 τοῦ
1423 3878 1720 3951 Δημητριά-

123 3971 217 4036 δος
267 3972 527 4026 Νικολάου
571 3979 662 4024 τοῦ
710 3971 929 4039 Βλαττῆ,
995 3978 1086 4023 τοῦ
1144 3974 1355 4042 πρώτως
1434 3969 1559 4040 ὑπὲρ
1631 3973 1720 4025 τῆς

123 4070 288 4135 μονῆς
378 4059 778 4134 ἀμφιϐαλόντος.
835 4063 936 4113 Καὶ
1049 4063 1372 4132 παρίστησιν
1458 4053 1720 4129 ἀριδήλως

125 4151 256 4209 αὕτη
291 4152 321 4209 ἡ
354 4150 687 4213 κατεξέτασις
739 4151 808 4209 ὡς
859 4150 889 4206 ἡ
949 4152 1076 4220 μονὴ
1145 4155 1242 4208 τῆς
1300 4148 1723 4219 Μακρινιτίσσης

127 4243 488 4313 πατριαρχικὴ
569 4242 660 4290 καὶ
713 4239 738 4288 6
812 4233 1182 4310 Δημητριάδος
1255 4234 1526 4308 ἀμετόχως
1596 4234 1722 4305 ὑπὲρ

130 4328 290 4391 αὐτῆς
319 4324 635 4380 διενίστατο.
667 4330 773 4380 Ναὶ
821 4331 923 4398 μην
975 4331 1064 4378 καὶ
1121 4327 1147 4376 6
1197 4320 1562 4400 Δημητριάδος
1617 4321 1727 4374 ἐπι-

134 4420 432 4478 σκοπεύσας
477 4419 606 4489 μετὰ
677 4417 764 4468 τὸν
839 4414 1064 4472 Βλαττῆν
1158 4421 1414 4486 Νεοφυτος
1495 4409 1726 4470 δήλωσιν

1821 3260 1916 3316 his
1927 3264 2211 3332 patenter,
2227 3275 2296 3316 ac
2310 3259 2435 3314 sine
2450 3259 2570 3315 ulla
2582 3265 2750 3316 contr
2760 3260 3057 3325 adictione
3071 3261 3468 3333 patriarchale

1827 3349 2122 3422 apparuit,
2159 3352 2336 3420 atque
2347 3349 2484 3405 hinc
2499 3353 2837 3417 excitatum,
2852 3343 3350 3422 patriarchalibus
3361 3350 3474 3422 hy-

1825 3438 2227 3510 pomnematis
2258 3442 2606 3493 sanctorum
2623 3440 2863 3495 Patrum
2906 3439 3114 3496 domni
3173 3438 3470 3506 Germani,

1826 3530 1883 3582 et
1913 3525 2120 3581 domni
2141 3525 2422 3582 Manuelis
2435 3525 2856 3583 conﬁrmatum
2889 3532 3000 3596 est,
3031 3531 3235 3584 etante
3264 3527 3474 3598 hujus-

1826 3614 1991 3670 modi
2021 3615 2495 3686 hypomnemata
2531 3618 3000 3686 recognitionem
3055 3617 3277 3690 recepit
3314 3617 3477 3673 beati

1827 3703 2095 3774 despotaa
2121 3701 2350 3759 domini
2388 3704 2671 3760 Manuelis
2697 3704 2984 3762 ferentem
3025 3706 3476 3778 inscriptionem

1826 3791 2082 3848 aliorum
2093 3793 2537 3864 episcoporum,
2554 3794 2860 3866 ipsiusque
2879 3795 3143 3866 episcopi
3157 3794 3477 3850 Demetria-

1827 3880 1919 3936 dis
1949 3881 2168 3937 Nicolai
2196 3882 2418 3950 Blattae,
2449 3881 2555 3953 qui
2576 3883 2838 3954 primum
2861 3883 2936 3938 de
2964 3884 3079 3938 hoc
3099 3881 3474 3939 monasterio

1827 3968 2136 4025 dubitavit.
2177 3970 2429 4041 Ipsaque
2467 3970 2792 4040 recognitio
2830 3972 3112 4043 praeclare
3155 3970 3474 4042 adprobat,

1829 4058 2241 4114 monasterium
2258 4058 2702 4114 Macrinitissum
2716 4059 3108 4130 patriarchale
3120 4059 3474 4128 habendum,

1831 4150 2010 4218 atque
2048 4146 2437 4202 Demetriadis
2478 4147 2830 4219 episcopum
2861 4148 3090 4204 nullam
3128 4147 3477 4205 monasterii

1829 4235 2014 4306 hujus
2073 4235 2442 4292 Macrinitissi
2479 4236 2998 4308 participationem
3047 4238 3287 4293 habere.
3350 4240 3477 4293 Imo

1833 4340 1973 4380 vero
2003 4329 2058 4380 et
2084 4327 2209 4396 ipse
2243 4324 2437 4380 Blattae
2479 4341 2791 4380 successor
2837 4325 2899 4381 in
2942 4326 3294 4399 episcopatu
3336 4330 3479 4383 Neo-

1837 4413 2059 4486 phytus
2069 4413 2534 4469 declarationem
2555 4414 2840 4486 scriptam
2857 4414 3042 4486 dedit,
3069 4421 3249 4489 atque
3272 4417 3483 4472 Deme-

134 4510 390 4581 ἔγγραφον
421 4505 614 4570 ἐξέθετο
671 4509 761 4558 καὶ
816 4505 988 4575 αὐτὸς,
1033 4509 1123 4557 καὶ
1177 4505 1314 4564 ὃπως
1362 4505 1387 4555 6
1437 4502 1729 4576 Δημητριά-

1841 4502 2044 4558 triadis
2073 4503 2424 4574 episcopum
2456 4501 2685 4558 nullam
2711 4505 3052 4561 monasterii
3081 4505 3263 4576 hujus
3283 4505 3486 4563 Macri-

138 4594 230 4658 δος
279 4597 342 4650 οὐ
399 4602 609 4669 μετέχει
657 4597 724 4657 εἰς
778 4600 871 4654 τὴν
915 4601 1073 4668 μονὴν
1113 4598 1308 4653 ταύτην
1372 4603 1469 4655 τῆς
1532 4599 1729 4664 Μακρι-

1840 4591 2029 4648 nitissi
2047 4591 2564 4664 participationem
2606 4592 2828 4648 habere
2859 4594 3249 4663 demonstrat,
3282 4595 3488 4668 palam

136 4691 398 4753 νιτίσσης,
449 4683 717 4758 διασαφεῖ,
770 4681 1063 4758 ἀναφανδόν
1137 4687 1532 4758 πατριαρχικὴν
1608 4680 1729 4734 εἶναι

1843 4686 2164 4754 aperteque
2197 4680 2591 4752 patriarchale
2618 4681 2766 4737 illud
2795 4699 2924 4738 esse
2953 4686 3374 4756 pronuntians.
3406 4684 3494 4740 Li-

139 4778 335 4833 ταύτην
393 4774 674 4848 ὁμολογῶν.
757 4779 857 4827 Καὶ
909 4774 1077 4837 ἔξεστι
1124 4783 1195 4845 τῷ
1249 4773 1544 4846 βουλομένῳ
1588 4773 1729 4824 καθέ-

1846 4776 1937 4826 cet
1957 4786 2136 4843 porro
2153 4770 2392 4826 cuilibet
2429 4769 2650 4826 volenti
2667 4771 2905 4840 singula
2933 4773 3328 4829 instrumenta
3356 4787 3492 4844 per-

141 4882 315 4918 καστα
348 4871 450 4916 τῶν
507 4859 878 4936 δικαιωμάτων
924 4861 1284 4935 ἀναλέγεσθαι,
1334 4868 1423 4914 καὶ
1477 4867 1572 4921 τὴν
1623 4863 1729 4913 τού-

1845 4859 2061 4930 legere,
2091 4875 2420 4931 eorumque
2461 4859 2586 4914 vim
2631 4859 3098 4932 deprehendere,
3159 4877 3229 4918 ac
3284 4875 3491 4930 nosse,

141 4971 237 5004 των
287 4953 654 5026 ἁναγνωρίξειν
727 4948 968 5024 δύναμιν,
1043 4955 1128 5004 καὶ
1188 4952 1462 5026 γνωρίζειν
1519 4950 1653 5010 ὃπως
1706 4951 1729 5008 ἡ

1815 5016 1820 5020 ,
1850 4949 2159 5021 quomodo
2173 4948 2604 5004 monasterium
2629 4949 3024 5020 patriarchale
3037 4947 3494 5020 sit,nullamque

146 5045 272 5112 μονὴ
301 5045 692 5116 πατριαρχικὴ,
751 5046 841 5094 καὶ
886 5036 1133 5113 οὐδεμίαν
1182 5045 1413 5114 μετοχὴν
1476 5041 1502 5091 ὁ
1570 5046 1729 5112 Δημη-

1851 5038 2007 5095 illius
2035 5037 2550 5110 participationem
2579 5036 2799 5093 habeat
2849 5037 3240 5093 Demetriadis
3270 5037 3498 5109 episco-

146 5128 362 5204 τριάδος
389 5129 438 5183 ἓν
468 5138 594 5190 αὐτῆ
619 5135 884 5188 κέκτηται·
935 5129 993 5182 οὖ
1023 5135 1175 5202 μόνον
1221 5126 1279 5182 δε
1319 5129 1366 5181 ἐν
1425 5129 1578 5196 αὐτῆ,
1638 5127 1728 5180 αλλ

1853 5143 2006 5200 pus:
2033 5142 2156 5182 non
2179 5126 2374 5182 solum
2390 5131 2591 5182 autem
2628 5125 2810 5192 illius,
2846 5125 2951 5180 sed
2989 5142 3184 5199 neque
3231 5125 3499 5183 aedicula:

153 5221 263 5272 οὔτε
309 5219 358 5272 ἐν
407 5228 480 5287 τῷ
529 5219 870 5294 παραλαυρίῳ
940 5219 1097 5279 αὐτῆς
1148 5227 1220 5290 τῷ
1259 5217 1334 5271 ἐπ’
1389 5217 1603 5290 ὀνόματι
1654 5224 1729 5270 τοί

1856 5217 1968 5290 ipsi
1995 5216 2294 5287 adjunctte
2328 5216 2441 5271 sub
2478 5214 2721 5271 nomine
2753 5214 2942 5270 sancti
2991 5215 3300 5288 Onuphrii.
3331 5215 3506 5282 Quod

155 5309 299 5360 ὁσίου
346 5309 676 5384 Ὀνουφρίου.
728 5308 849 5360 Ὀτι
893 5311 994 5383 γὰρ
1034 5311 1122 5360 καὶ
1179 5309 1204 5358 6
1253 5310 1396 5368 ὅσιος
1455 5307 1724 5381 Ὀνουφριο

1858 5307 2020 5362 enim
2047 5310 2103 5362 et
2131 5305 2320 5362 sancti
2349 5303 2638 5376 Onuphrii
2668 5303 2923 5360 aedicula
2945 5304 3357 5384 patriarchalis
3407 5305 3504 5374 sit,

159 5402 564 5473 πατριαρχικόν,
618 5402 676 5450 τὸ
723 5400 944 5471 γράμμα
1007 5393 1275 5471 διατρανοί
1349 5404 1440 5448 τοῦ
1503 5405 1574 5466 τῷ
1637 5401 1726 5448 τότ

1861 5396 2171 5468 perspicue
2201 5393 2540 5450 manifestat
2567 5391 2774 5448 charta
2797 5393 3045 5449 Joannis
3064 5380 3508 5464 diaconiAttici,

159 5495 318 5558 καιρῷ
343 5491 409 5540 τὰ
445 5490 813 5564 πατριαρχικὰ
841 5491 1004 5540 ἐκεῖσε
1034 5484 1296 5547 διέποντος
1354 5481 1539 5538 δίκαια
1585 5485 1729 5538 Ἰωάν

1863 5501 1934 5541 eo
1960 5489 2224 5556 tempore
2237 5480 2657 5555 patriarchalia
2668 5481 2687 5552 j
2699 5497 2806 5537 ura
2827 5481 3321 5553 administrantis,
3349 5483 3514 5539 facta

164 5592 247 5629 νου
278 5573 522 5633 διακόνου
560 5585 653 5632 τοῦ
697 5577 956 5648 Ἀττικοῦ,
1006 5579 1064 5629 τὸ
1133 5574 1226 5629 διά
1264 5595 1380 5630 τινα
1434 5583 1526 5628 τοῦ
1581 5579 1726 5650 Δημὴ

1866 5575 2180 5633 occasione
2210 5572 2500 5631 molestiae
2529 5570 2850 5644 cujusdam
2874 5571 3049 5630 illatae
3070 5591 3107 5634 a
3125 5571 3515 5635 Demetriadis
