3988 6322
581 275 683 330 943

1786 269 2068 326 ARSENII
2111 270 2210 327 CP.
2253 269 2744 328 PATRIARCHIE.
3853 281 3924 335 94$

578 397 883 471 episcopo,
902 394 1275 469 quaaidcirco
1303 392 1552 450 refertur
1573 392 1632 448 in
1666 393 1837 449 dictis
1860 395 2208 466 patriarcha

2340 393 2556 468 τριάδος
2611 397 3002 472 παρενόχλησιν
3078 402 3304 471 γεγονός,
3355 406 3442 453 καὶ
3493 400 3778 475 ἐμφέρεται
3841 411 3925 478 περὶ

579 486 736 543 libus
751 483 1268 558 hypomnematis.
1306 485 1387 538 Ac
1404 482 1749 554 simpliciter
1777 484 1939 555 quod
1965 500 2098 539 vere
2128 501 2230 556 pa-

578 574 916 633 triarchalia
956 573 1073 629 sint
1102 575 1224 628 tam
1272 570 1704 627 monasterium
1751 572 2224 642 Macrinitissum,

578 680 766 737 quam
799 664 982 733 hujus
1007 660 1335 734 hospitium
1355 664 1602 717 sanctus
1642 661 2010 734 Onuphrius,
2063 663 2229 720 nulla

579 755 668 809 est
694 750 1009 817 dubitatio,
1040 749 1149 806 sed
1187 749 1419 823 clarum
1446 752 1538 805 est
1587 755 1768 822 atque
1809 749 1872 804 in
1929 749 2224 807 confesso.

579 839 970 912 Similiterque
1030 837 1372 896 indubitata
1434 837 1760 911 multisque
1815 838 2226 896 instrumentis

576 929 936 987 conﬁrmata
946 929 1062 985 hac
1073 943 1158 996 re,
1175 943 1385 984 rursus
1397 927 1594 997 magis
1615 926 2067 996 conﬁrmantur,
2090 945 2226 1001 quae

575 1019 656 1076 ad
684 1017 1116 1074 monasterium
1139 1019 1196 1072 et
1211 1015 1306 1086 adj
1319 1020 1563 1071 unctam
1578 1015 1895 1072 aediculam
1909 1018 2224 1089 pertinent.

572 1111 702 1165 Non
730 1107 910 1177 igitur
939 1105 1202 1178 amplius
1231 1103 1468 1161 diﬂerre
1497 1103 1703 1176 voluit,
1737 1104 2225 1162 ardentissimum

573 1213 719 1268 erga
736 1196 865 1252 haac
885 1210 1155 1253 amorem
1184 1194 1472 1262 nutriens,
1505 1195 1737 1264 animo:
1757 1197 1952 1266 magis
2003 1196 2220 1264 adhuc,

571 1301 762 1359 quam
787 1299 1057 1357 corpore,
1084 1283 1504 1339 nobilissimus
1538 1284 1883 1340 Comnenus
1941 1285 2225 1342 dominus

573 1374 850 1432 Nicolaus
877 1373 1217 1430 Maliasinus
1233 1371 1668 1428 moderationis
1722 1373 2224 1445 nostraafdilectis-

573 1465 762 1520 simus
799 1462 982 1519 ﬁlius.
1015 1461 1118 1517 Hic
1178 1461 1340 1516 enim
1379 1477 1520 1516 cum
1549 1460 1916 1518 laudabilem
1955 1462 2145 1519 zelum
2187 1479 2224 1520 a

571 1558 740 1627 patre
761 1568 871 1609 suo
882 1553 1060 1608 beato
1091 1549 1398 1606 Comneno
1419 1550 1668 1606 domino
1701 1549 2090 1608 Constantino
2111 1555 2223 1610 Ma-

567 1643 787 1700 liasino
809 1641 1109 1710 derivarit,
1139 1643 1260 1696 toto
1289 1639 1492 1695 animo
1549 1644 1793 1712 totaque
1844 1646 2042 1697 mente
2089 1658 2220 1698 mo-

2337 489 2524 538 τούτου
2555 493 2642 538 καὶ
2673 486 2722 538 ἐν
2753 495 2862 549 τοῖς
2893 485 3278 561 διειλημμένοις
3352 498 3780 562 πατριαρχικαξ
3832 495 3924 543 ὑπο-

2337 580 2595 646 μνήμασι.
2654 581 2754 628 Καὶ
2813 575 2987 639 ἁπλῶς
3038 580 3118 629 ὅτι
3171 582 3540 653 πατριαρχικὰ
3580 585 3676 631 καὶ
3755 584 3813 631 τό
3855 590 3924 640 τῆς

2336 668 2762 736 Μηκρινιτὶσσης
2798 672 3164 740 μοναστὴριον,
3214 673 3300 719 xui
3345 672 3403 719 τό
3453 671 3640 720 τούτου
3702 675 3923 740 μετόχιετ

2339 753 2364 804 ό
2423 755 2567 815 ὅσιος
2616 753 2916 828 Ὀνούφριος
2975 753 3196 828 ούδεμία
3246 756 3547 829 ἀμφιϐολία,
3613 757 3751 810 ἀλλὰ
3804 780 3923 831 φαει-

2335 844 2424 914 ρὸν
2471 847 2561 894 xui
2647 843 3070 916 ὁμολογούμενον.
3160 845 3335 918 Ὅμως
3419 842 3472 898 δ’
3519 847 3608 898 οὖν
3666 851 3764 899 καὶ
3794 849 3922 905 οὕτως

2337 929 2687 1002 ἀναμφιϐόλου
2734 937 2822 984 καὶ
2871 933 3074 993 πολλοῖς
3122 932 3170 985 ἐν
3219 929 3544 1006 δικαιώμασι
3594 933 3819 1007 βεϐαίου
3853 944 3925 987 τοῦ

2333 1021 2656 1094 πράγματος,
2686 1017 2804 1073 οὐδ’
2833 1022 2985 1084 αὖθις
3025 1025 3096 1094 μὴ
3148 1027 3238 1074 xui
3293 1022 3463 1075 πλεῖον
3512 1023 3824 1098 ἔνστηρίξαι
3878 1033 3925 1076 τά

2333 1116 2424 1168 τῆς
2448 1118 2610 1180 μονῆς
2629 1114 2718 1163 καὶ
2747 1117 2840 1162 τοῦ
2896 1111 3258 1186 παραλαυρίου
3315 1111 3379 1163 αύ
3392 1119 3478 1174 τῆς
3533 1115 3754 1165 τούτου.
3815 1115 3927 1166 0'3:-

2335 1215 2421 1248 ουν
2485 1193 2827 1251 ούδοπωσοῦν
2904 1195 3230 1252 διανεϐάλετο
3311 1202 3335 1251 ό
3393 1199 3519 1274 ύπερ
3573 1204 3779 1254 τούτων
3831 1199 3924 1254 διαὶ-

2332 1305 2496 1361 πυρον
2551 1287 2757 1363 φίλτρον
2815 1292 3028 1363 τρέφων,
3076 1290 3101 1340 6
3150 1293 3240 1341 xui
3302 1289 3488 1361 ψυχὴν
3538 1291 3646 1362 οὐχ
3706 1287 3921 1349 ἧττονὲ

2332 1377 2468 1428 κατὰ
2509 1385 2662 1449 σῶμα
2714 1376 2866 1450 εἰμὴ
2922 1382 3012 1429 xui
3066 1377 3255 1450 μᾶλλον
3303 1378 3670 1450 εύγενέστατος
3727 1382 3756 1431 6
3811 1387 3924 1452 Κομ-

2330 1467 2479 1525 νηνός
2531 1470 2692 1540 κυρός
2737 1465 2996 1528 Νικόλαος
3045 1468 3071 1518 6
3131 1465 3488 1539 Μαλιασηνὸς,
3540 1472 3602 1520 τὸ
3656 1476 3757 1530 τῆς
3800 1472 3924 1541 ἡμῶν

2329 1558 2664 1629 μετριότητος
2719 1553 2988 1626 ἀγαπητὸν
3063 1559 3254 1609 τέκνον.
3329 1556 3492 1617 Οὗτος
3539 1560 3663 1633 γὰρ,

2327 1645 2414 1694 τὸν
2443 1643 2596 1703 ζῆλον
2647 1642 2910 1696 ἀναλαϐὼν
2967 1651 3056 1696 τοῦ
3114 1647 3311 1718 πατρὸς
3359 1645 3518 1698 αὐτοῦ
3573 1654 3668 1699 τοῦ
3718 1656 3929 1721 μακαρία

3751 1557 3928 1611 Exuui-

568 1731 812 1795 nasterii
863 1729 1045 1801 hujus
1103 1727 1493 1797 Macrinitissi,
1555 1733 1611 1785 et
1651 1728 1893 1801 hospitii
1945 1730 2208 1801 ejusdem

2329 1750 2420 1784 του
2453 1731 2643 1785 ἐκείνου
2706 1740 2975 1806 Κομνηνοῦ
3023 1742 3184 1808 κυροῦ
3234 1740 3623 1788 Κωνσταντίνου
3683 1746 3784 1790 τοῦ
3833 1746 3930 1792 Μα-

567 1821 882 1878 utilitatem
895 1818 1160 1883 anhelat;
1179 1817 1349 1874 ardet
1363 1817 1610 1874 omnino
1632 1833 1742 1890 pro
1764 1817 2216 1877 conﬁrmatione

566 1915 625 1968 et
659 1910 941 1967 beneﬁtio
984 1923 1213 1974 eorum,
1263 1907 1749 1980 tranquillitatem
1802 1911 1979 1980 atque
2023 1910 2215 1966 omni-

563 1999 1070 2059 modamillorum
1113 1996 1447 2053 libertatem
1485 1995 1804 2068 desiderat,
1848 2013 2215 2072 omnemque

559 2091 833 2150 laborem
858 2090 920 2146 in
948 2089 1065 2144 hoc
1094 2102 1247 2160 opus
1261 2086 1517 2142 confert:
1541 2087 1834 2159 quoniam
1850 2095 2215 2145 memoratus

561 2182 694 2254 ejus
725 2183 896 2255 pater
922 2177 1138 2235 beatus
1175 2176 1270 2232 ille
1311 2176 1572 2232 multum
1599 2176 1914 2240 laboravit,
1943 2183 2000 2234 et
2029 2178 2212 2251 pluri-

560 2287 730 2328 mam
754 2267 1030 2326 adhibuit
1051 2281 1260 2322 curam
1289 2264 1368 2321 ad
1398 2265 1833 2321 monasterium
1852 2265 2213 2322 conﬁrman-

559 2360 730 2429 dum,
763 2361 829 2412 ut
855 2354 1200 2428 simpliciter
1223 2353 1446 2419 dicam,
1478 2352 1658 2425 quale
1705 2353 1888 2410 modo
1939 2359 2029 2410 est
2084 2355 2212 2426 (sed

557 2447 695 2504 licet
718 2446 834 2502 hoc
847 2459 1050 2510 nosse,
1080 2445 1259 2514 atque
1276 2441 1612 2513 perspicere
1641 2441 1700 2496 in
1715 2442 2212 2514 patriarchalibus

557 2530 1317 2606 relatumhypomnematis
1346 2532 1384 2602 ).
1420 2530 1519 2585 Hic
1556 2530 1736 2600 igitur
1791 2547 1929 2588 vere
1950 2532 2212 2602 religiosi

557 2623 747 2698 patris
773 2622 1085 2692 religiosus
1113 2619 1294 2687 ﬁlius,
1342 2618 1556 2675 divinis
1625 2621 1875 2676 omnino
1925 2619 2206 2690 intentus,

556 2719 996 2787 paternumque
1027 2710 1315 2766 curamin
1339 2709 1584 2781 iis,qum
1613 2709 1690 2764 ad
1706 2710 2206 2783 Deum'spectant,

558 2801 832 2860 aemulari
861 2815 1246 2873 summopere
1259 2798 1528 2868 studens,
1550 2798 1758 2870 quales
1781 2815 1904 2855 non
1936 2799 2212 2858 adhibuit

554 2907 763 2966 preces
792 2889 956 2964 apud
994 2888 1472 2946 moderationem
1501 2903 1723 2951 meam,
1752 2894 1972 2960 quotve
2003 2895 2209 2961 postu-

554 2979 879 3039 lationibus
905 2992 1149 3035 exorare
1175 2992 1298 3033 non
1321 2975 1541 3032 destitit
1562 2991 1686 3031 non
1717 2977 1934 3042 solum,
1967 2983 2031 3033 ut
2056 2993 2207 3050 prae-

553 3071 761 3129 berem
789 3067 1155 3128 monasterio
1180 3066 1319 3122 huic
1349 3081 1554 3122 meum
1574 3065 2008 3137 hypomnema,
2028 3067 2132 3122 sed
2148 3072 2204 3123 et

551 3161 818 3237 prmiecti
849 3159 1199 3216 electionem
1224 3160 1280 3213 et
1316 3156 1611 3219 ordinem,
1643 3156 1817 3212 valde
1849 3157 2205 3230 deprecatus

554 3256 646 3310 est
673 3255 730 3308 et
756 3308 766 3318 ,
790 3249 1058 3306 maximo
1109 3246 1343 3303 ardoris
1372 3245 1620 3302 fervoris
1642 3261 1759 3316 que
1780 3246 2008 3318 impetu
2033 3247 2207 3305 obse-

555 3339 783 3405 crabat,
815 3339 1206 3409 impenseque
1231 3334 1490 3405 rogabat
1530 3334 1982 3406 supplicationis
2020 3336 2204 3393 ﬁnem

552 3427 776 3484 videre.
806 3428 873 3481 Et
891 3425 988 3480 hic
1017 3422 1264 3496 quidem
1305 3439 1615 3479 summum
1646 3438 1790 3492 erga
1821 3426 2005 3479 Deum
2037 3441 2204 3482 amo-

552 3531 684 3574 rem
703 3516 819 3572 hoc
848 3513 1034 3569 modo
1055 3512 1314 3568 ostendit
1345 3529 1358 3566 :
1376 3510 1707 3567 moderatio
1721 3516 1922 3567 autem
1946 3529 2083 3570 mea
2103 3531 2206 3586 op-

553 3605 702 3662 timo
729 3601 1038 3676 proposito
1067 3599 1328 3669 benigne
1355 3615 1652 3666 annuens,
1684 3600 1973 3672 piumque
2025 3603 2204 3674 hujus

552 3695 661 3750 viri
688 3696 896 3749 votum
925 3688 1282 3762 adimplens,
1308 3704 1570 3760 prmsens
1591 3688 1957 3745 omnimodae
1981 3690 2202 3748 immu-

552 3782 754 3840 nitatis
782 3782 1196 3853 hypomnema
1233 3777 1490 3843 exhibet,
1512 3777 1717 3833 virtute
1749 3777 1942 3848 cujus,
1990 3784 2048 3835 et
2078 3781 2202 3852 Spi-

543 3873 694 3930 ritus
716 3870 904 3928 sancti
929 3869 1140 3942 gratia,
1190 3865 1417 3932 deﬁnit,
1468 3866 1716 3922 omnino
1763 3866 2019 3923 liberum
2072 3884 2202 3926 esse

552 3963 778 4019 dictum
834 3957 1268 4016 monasterium
1329 3955 1807 4023 Macrinitissum,
1885 3957 2201 4030 ipsiusque

550 4049 881 4123 hospitium
910 4050 1185 4104 sanctum
1233 4043 1632 4116 Onuphrium,
1689 4047 1893 4116 utpote
1935 4062 2072 4118 qua:
2099 4064 2202 4120 pa-

550 4137 893 4197 triarchalia
920 4135 1106 4192 modo
1128 4138 1288 4200 sunt,
1313 4148 1382 4188 ac
1399 4148 1636 4204 semper
1650 4137 1840 4199 erunt,
1857 4138 1913 4190 et
1927 4135 2200 4192 nomina-

547 4230 797 4297 buntur,
821 4224 1157 4281 secundum
1173 4238 1266 4292 ea,
1296 4221 1519 4293 quibus
1573 4223 1860 4279 instructa
1909 4229 2067 4294 sunt,
2112 4225 2200 4280 di-

550 4318 822 4390 plomata
860 4319 1042 4386 atque
1057 4310 1479 4384 patriarchalia
1512 4311 1989 4382 hypomnemata
2025 4330 2201 4370 sanc-

549 4411 749 4464 torum
770 4401 1247 4476 patriarcharum
1269 4403 1719 4455 antecessorum
1740 4416 2034 4458 meorum.
2069 4403 2178 4458 Nul

2327 1820 2598 1891 λιασηνοῦ,
2623 1821 2711 1880 ὃλη
2762 1821 2917 1894 ψυχῆ
2971 1828 3061 1876 καὶ
3111 1829 3288 1897 γνώμη
3329 1823 3419 1882 ὅλη
3477 1831 3616 1878 πνέει
3661 1827 3802 1903 ὑπὲρ
3850 1836 3929 1889 τῆς

2325 1912 2488 1982 μονῆς
2515 1913 2706 1972 ταύτης
2752 1920 2850 1974 τῆς
2895 1919 3319 1986 Μακρινιτίσσης
3385 1919 3473 1967 xui
3526 1923 3620 1967 τοῦ
3678 1923 3928 1990 μετοχίον

2325 1999 2507 2061 αὐτῆς·
2571 1997 2788 2054 σπεύδει
2847 2002 2974 2076 ὑπὲρ
3043 2005 3348 2064 συστάσεως
3409 2003 3576 2055 αὐτῶν
3622 2009 3720 2057 καὶ
3768 2003 3932 2058 ἐπιδό-

2327 2106 2475 2156 σεως,
2530 2093 2620 2142 καὶ
2666 2092 2723 2142 τό
2774 2088 3194 2166 ἀπαρενόχλητον
3243 2096 3333 2144 xui
3367 2088 3713 2145 ἆδιάσειστον
3746 2098 3929 2146 τούτων

2321 2178 2488 2244 ποθεῖ,
2547 2183 2637 2230 xui
2701 2180 2872 2231 πάντα
2953 2183 3106 2232 πόνον
3171 2181 3298 2256 ὑπὲρ
3375 2183 3558 2233 τούτου
3621 2183 3929 2254 ὑφίσταται.

2323 2265 2466 2318 Ἐπεί
2515 2271 2597 2318 τοί
2664 2286 2724 2338 γε
2799 2273 2889 2321 καὶ
2960 2270 2985 2320 ό
3040 2271 3406 2341 μνημονευθεὶς
3464 2272 3650 2322 τούτου
3705 2275 3930 2347 πατὴρὸ

2320 2359 2616 2430 μακαρίτης
2681 2355 2872 2418 ἐκεῖνος
2943 2357 3221 2430 πάμπολλα
3292 2361 3596 2411 κεκοπίακεν
3658 2361 3798 2434 ὑπὲρ
3848 2369 3928 2413 τοῦ

2318 2448 2415 2502 τὴν
2453 2449 2613 2516 μονὴν
2666 2454 3025 2511 καταστῆσαι,
3077 2445 3251 2507 ἁπλῶς
3310 2448 3486 2519 φάναι,
3545 2449 3618 2510 εἰς
3668 2448 3698 2499 ὃ
3774 2448 3927 2505 ἐστιν.

2318 2531 2458 2586 Ἀλλ’
2507 2533 2620 2596 ἐξὸν
2663 2542 2817 2586 τοῦτο
2873 2537 3173 2607 γνωσθῆναι
3212 2535 3260 2587 ἐν
3325 2538 3431 2597 τοῖς
3511 2548 3929 2614 πατριαρχικοῖς

2321 2620 2657 2696 ἐμφερόμενον
2698 2624 3086 2697 ὑπομνήμασιν.
3145 2621 3309 2688 Οὗτος
3358 2623 3408 2678 δ’
3461 2627 3547 2678 οὖν
3603 2629 3629 2679 6
3669 2625 3726 2679 ἐν
3756 2633 3920 2704 ἔργοις

2321 2711 2600 2783 θεαρέστου
2653 2715 2846 2781 πατρὸς
2932 2715 3206 2788 θεάρεστος
3245 2717 3380 2782 υίὸς,
3435 2716 3460 2766 ό
3528 2717 3795 2788 θεάρεστα
3849 2723 3928 2769 xui

2321 2797 2688 2872 βουλευόμενος
2735 2805 2824 2854 καὶ
2898 2797 3363 2876 διαπραττόμενος,
3413 2809 3502 2856 xui
3553 2802 3809 2858 σπεύδων
3865 2811 3927 2879 μὲ

2320 2888 2600 2959 ἁπολεῖψαι
2634 2898 2728 2952 τῆς
2757 2898 3020 2964 πατρικῆς
3063 2889 3303 2953 σπουδῆς
3352 2891 3401 2944 ἐν
3449 2901 3558 2953 τοῖς
3615 2891 3738 2946 Θεῶ
3814 2893 3928 2949 δια-

2320 2981 2557 3048 φέρουσι,
2618 2986 2746 3030 ποῖα
2795 2983 2888 3038 τὴν
2945 2982 3088 3051 ἡμῶν
3144 2984 3203 3033 ού
3267 2981 3655 3057 παρεκλήτευσε
3705 2991 3927 3058 μητριό-

2316 3072 2654 3134 τητα;πόσα
2703 3068 2761 3119 ού
2815 3070 3321 3138 καθικέτευσεν;ού
3399 3077 3518 3145 περὶ
3597 3080 3690 3124 τοῦ
3755 3077 3930 3148 επορε-

2315 3156 2517 3226 χθῆναι
2571 3161 2723 3228 μόνον
2775 3167 2836 3217 τῆ
2901 3164 3030 3229 μονῆ
3085 3161 3249 3217 ταύτη
3299 3165 3389 3212 xui
3451 3157 3732 3232 ἡμεδαπὸν
3816 3165 3929 3216 ὑπο·

2315 3264 2514 3317 μνημα,
2563 3243 2689 3297 ἀλλὰ
2739 3251 2828 3298 xui
2872 3251 2988 3320 περὶ
3035 3255 3129 3308 τῆς
3194 3256 3283 3300 τοῦ
3361 3250 3648 3321 ἡγουμένου
3704 3249 3928 3323 ἐκλογῆς

2314 3338 2404 3385 καὶ
2457 3333 2620 3397 τάξως
2665 3333 2822 3386 πολύν
2875 3333 3195 3410 παρεξέτεινε
3247 3340 3332 3389 τὸν
3379 3339 3570 3390 ἱκέσιον
3623 3343 3770 3411 μετὰ
3829 3344 3931 3413 9:9-

2314 3429 2419 3493 μῆς
2445 3427 2531 3474 καὶ
2589 3423 2812 3484 ζεούσης
2864 3425 3024 3496 ὁρμῆς
3076 3424 3350 3492 ἠντιϐόλει,
3403 3424 3710 3500 ἐξελιπάρει,
3781 3434 3930 3504 πέρας

2311 3519 2407 3572 τῆς
2459 3511 2656 3571 ἱκεσίας
2715 3509 2869 3566 ἰδεῖν,
2929 3510 3063 3563 Ἀλλ’
3118 3508 3268 3574 οὗτος
3318 3515 3408 3584 μὲν
3454 3521 3676 3566 τοιαῦτα
3727 3521 3840 3576 τὴν
3874 3519 3931 3576 εἰς

2311 3604 2440 3654 Θεὸν
2503 3600 2711 3672 ἀγάπην
2790 3598 2992 3664 δεικνύς
3055 3607 3150 3660 τὴν
3204 3603 3473 3659 αὐτοῦ.Ἡ
3528 3601 3586 3657 δὲ
3643 3615 3929 3683 μετριότης

2311 3691 2458 3761 ἡμῶν
2484 3697 2575 3750 τῆς
2617 3691 2818 3762 ἀγαθῆς
2873 3691 3163 3764 προθέσεως
3209 3687 3566 3765 ἀποδεξαμένη
3612 3697 3701 3746 τόν
3759 3695 3930 3770 ἄνδρα

2309 3783 2400 3830 καὶ
2425 3784 2516 3837 τὴν
2545 3779 2708 3831 αὐτοῦ
2765 3782 3034 3855 θεάρεστον
3087 3783 3287 3833 ἱκεσίαν
3338 3780 3636 3855 πληροῦσα,
3691 3789 3759 3837 τὸ
3811 3807 3931 3858 παρ-

2310 3870 2363 3919 ὸν
2412 3877 2502 3928 τῆς
2573 3867 2851 3928 καθολικῆς
2892 3867 3176 3943 ἐλευθερίας
3273 3867 3541 3928 ἐκτίθησιν
3612 3873 3926 3954 ὑπόμνημα,

2311 3951 2383 4006 δι’
2416 3952 2475 4007 οὗ
2525 3961 2613 4008 xui
2644 3955 2692 4008 ἐν
2743 3956 2878 4028 ἁγίῳ
2929 3960 3188 4029 Πνεύματι
3239 3954 3530 4033 διορίζεται
3581 3951 3928 4017 παντάπασιν

2309 4041 2572 4120 ἐλευθέραν
2637 4065 2765 4098 ειναι
2838 4049 2925 4103 τήν
2995 4065 3049 4098 τε
3113 4046 3364 4120 ῥηθεῖσαν
3413 4056 3504 4109 τῆς
3546 4051 3925 4126 Μακρινωσης

2308 4138 2604 4206 μονὴν,καὶ
2639 4138 2697 4186 τὸ
2745 4137 2938 4195 ταύτης
2989 4139 3234 4207 μετόχιον
3277 4139 3365 4189 τὸν
3417 4137 3562 4210 ἅγιον
3612 4139 3926 4218 Ὀνούφριον

2309 4224 2378 4283 ὡς
2408 4225 2776 4296 πατριαρχικὰ
2812 4228 2902 4276 xui
2951 4226 3074 4275 ὄντα
3110 4230 3200 4277 xui
3252 4223 3396 4278 ἐσαεὶ
3456 4225 3680 4299 ἐσόμενά
3717 4249 3782 4283 τε
3841 4253 3927 4283 και

2310 4309 2775 4384 ὀνομασθησόμενα
2831 4315 2966 4365 κατὰ
3034 4315 3099 4365 τὰ
3147 4319 3413 4389 προσόντα
3464 4315 3639 4377 αὐτοῖς
3705 4314 3926 4372 δικαιώ-

2307 4418 2449 4472 ματα
2501 4405 2589 4453 καὶ
2667 4403 2734 4452 τὰ
2807 4405 3176 4477 πατριαρχικὰ
3243 4404 3594 4476 ὑπομνήματα
3663 4415 3767 4459 τῶν
3823 4413 3925 4482 πρὸ

548 4493 831 4563 lusigitur
841 4489 1115 4548 omnium
1129 4487 1435 4557 ordinum,
1455 4490 1576 4543 sive
1593 4488 2049 4560 ecclesiasticus,
2075 4491 2200 4548 sive

2317 4489 2453 4560 ὴμῶν
2483 4488 2783 4561 ἁγιωτάτων
2809 4500 3174 4565 πατριαρχῶν.
3213 4488 3406 4554 Οὐδεὶς
3454 4493 3543 4545 οὖν
3597 4503 3701 4548 τῶν
3758 4498 3924 4550 ἀποίν-

545 4583 755 4649 laicus,
781 4581 904 4636 sive
927 4584 1188 4646 senator,
1217 4577 1342 4632 sive
1393 4576 1669 4649 specialis
1721 4579 2026 4650 quapiam
2070 4597 2203 4652 per-

545 4688 698 4729 sona
723 4669 944 4729 audeat
971 4683 1247 4740 unquam
1271 4667 1370 4737 jus
1409 4665 1656 4738 aliquod
1679 4667 1740 4721 in
1784 4667 1854 4721 iis
1880 4684 2196 4726 revocare:

547 4761 651 4820 sed
706 4775 903 4833 neque
954 4757 1060 4831 qui
1086 4773 1196 4828 pro
1247 4761 1515 4829 tempore
1563 4755 1738 4811 fuerit
1809 4759 2199 4814 Demetriadis

546 4852 886 4925 episcopus,
911 4847 1204 4904 rationem
1234 4844 1456 4901 habeat
1495 4849 1599 4899 aut
1622 4845 1721 4914 jus
1781 4843 2116 4915 quodpiam
2137 4848 2198 4902 in

543 4940 773 4998 dictum
816 4936 1274 5005 monasterium,
1324 4934 1420 4990 vel
1467 4937 1744 4988 sanctum
1793 4933 2193 5004 Onuphrium.

542 5029 795 5103 Speciali
839 5027 1000 5084 enim
1052 5025 1282 5082 ratione
1336 5023 1504 5078 illum
1560 5020 1819 5077 excludit
1861 5022 2195 5082 moderatio

541 5136 700 5189 mea,
740 5121 945 5188 utpote
974 5116 1080 5188 qui
1116 5113 1431 5170 turbarum
1470 5127 1653 5167 causa
1697 5111 1758 5166 in
1826 5114 2194 5171 monasterio

542 5224 672 5264 esse
700 5207 907 5264 soleat.
939 5209 1071 5262 Haec
1091 5205 1174 5260 ita
1189 5201 1398 5257 deﬁnit
1452 5200 1782 5256 moderatio
1835 5217 1992 5270 mea,
2026 5207 2083 5258 et
2109 5204 2194 5260 in-

540 5300 827 5352 temerata
853 5295 916 5350 in
961 5297 1309 5366 perpetuum
1357 5305 1596 5347 servare
1634 5290 1906 5362 cupiens,
1953 5305 2192 5348 excom-

539 5384 1010 5441 municationem
1030 5381 1244 5452 inﬂigit
1267 5396 1303 5436 a
1322 5379 1559 5436 viviﬁca
1592 5379 1866 5436 Triuitate
1897 5379 2191 5436 adversus

539 5488 665 5544 eos,
709 5473 816 5546 qui
871 5471 1166 5542 abrogare
1215 5469 1569 5526 tentaverint
1619 5469 1936 5540 quidpiam
1979 5485 2190 5527 eorum

537 5578 676 5638 qua:
704 5561 954 5620 deﬁnita
982 5565 1121 5618 sunt
1151 5579 1165 5633 ;
1214 5558 1831 5617 excommunicatione
1888 5557 2181 5631 damnati,

2306 4597 2406 4630 των
2434 4581 2534 4631 εἴτε
2587 4577 3047 4649 ἐκκλησιαστικὸς,
3103 4585 3133 4638 ἣ
3197 4577 3550 4653 δημοσιακός,
3595 4585 3624 4643 ᾖ
3687 4587 3922 4658 qur/xli:-

2307 4671 2471 4735 τικὸς,
2504 4672 2533 4726 ἦ
2576 4665 2839 4722 ἰδιωτικόν
2869 4674 3145 4745 πρόσωπον
3175 4669 3426 4743 τολμήσει
3457 4679 3665 4726 πώποτε
3705 4671 3919 4728 δίκαιόν

2306 4777 2358 4810 τι
2391 4755 2811 4810 ἀνακαλέσασθαι
2849 4757 2904 4810 ἐκ
2953 4758 3148 4820 αὐτοῖς.
3178 4759 3318 4813 Ἀλλ’
3348 4758 3473 4813 οὐδὲ
3527 4762 3680 4823 αὐτὸς
3726 4765 3753 4815 6
3782 4768 3925 4818 κατὰ

2305 4849 2517 4921 καιροὺς
2547 4843 2915 4922 Δημητριάδος
2935 4846 3217 4910 ἐπίσκοπος
3266 4848 3418 4920 λόγον
3456 4849 3556 4913 ἕξει
3607 4851 3638 4908 ἦ
3703 4848 3924 4907 δικαιο-

2303 4934 2481 5008 λογίαν
2510 4939 2627 4989 τινὰ
2655 4937 2724 4997 εἰς
2752 4941 2845 4996 τὴν
2879 4939 3130 5012 ῥηθεῖσαν
3182 4943 3342 5011 μονὴν
3403 4941 3434 4997 ἣ
3506 4940 3573 5000 εἰς
3617 4943 3708 4992 τὸν
3764 4942 3924 5016 ἅγιον

2303 5023 2625 5100 Ὀνούφριον.
2684 5022 2996 5100 Ἰδικωτέρω
3051 5032 3140 5080 xui
3203 5029 3305 5101 γὰρ
3358 5027 3494 5102 λόγῳ
3544 5027 3926 5102 ἀποπέμπεται

2302 5115 2332 5171 ἡ
2375 5119 2650 5189 μετριότης
2678 5119 2824 5188 ἡμῶν
2851 5122 3053 5183 τοῦτον,
3087 5119 3152 5177 ὡς
3203 5116 3357 5169 αὐτόν
3413 5136 3536 5170 ποτε
3585 5125 3687 5170 τῶν
3745 5119 3924 5192 ὀχλήα

2303 5221 2430 5254 σεων
2458 5206 2618 5256 αἴτιον
2651 5213 2714 5263 τῆ
2770 5213 2922 5277 μονὴ.
2974 5212 3152 5258 Ταῦτα
3206 5205 3340 5258 οὕτω
3391 5203 3686 5280 διορίζεται
3731 5210 3763 5266 ἡ
3832 5229 3920 5283 με·

2299 5295 2506 5366 τριότης
2561 5295 2726 5365 ἡμῶν·
2795 5299 2883 5347 xui
2957 5292 3272 5370 ἀπαράϐατα
3347 5291 3725 5370 διατηρεῐσθαι
3781 5297 3918 5371 βου-

2297 5381 2480 5454 λομένη
2537 5381 2604 5442 εἰς
2658 5379 2897 5451 δινέκειν,
2931 5383 3222 5459 ἀφορισμόν
3337 5383 3552 5438 ἐπισείεί
3645 5389 3741 5439 τὸν
3809 5385 3918 5440 δυτό

2297 5481 2392 5533 τῆς
2441 5473 2752 5546 ζωαρχικῆς
2829 5471 3058 5548 Τριάδος
3107 5477 3243 5529 κατὰ
3290 5485 3390 5528 τῶν
3433 5478 3802 5534 ἁθετησόντων
3864 5499 3917 5531 τι

2295 5569 2394 5613 τῶν
2439 5557 2817 5637 διωρισμένων.
2869 5563 3008 5617 Ἀλλ’
3061 5568 3139 5618 ὅτι
3189 5569 3278 5640 μὲν
3327 5563 3631 5620 ἁλίσκονται
3670 5575 3746 5638 τῷ
3783 5571 3918 5642 ἀξο-
