3988 6322
29 395 167 450 945

31 524 254 589 ρισμῷ
322 518 374 569 οἱ
448 515 702 574 ἀθετῆσαί
753 535 805 568 τι
851 524 951 568 τῶν
1011 518 1379 592 ἐντεταλμένων
1435 523 1685 595 πειραθη-

35 611 312 678 σόμενοι,
347 609 580 659 ἴστωσαν
601 613 756 658 τοῦτο
808 605 978 660 αὐτοί·
1030 610 1061 666 ὴ
1112 605 1171 662 δὲ
1217 613 1488 684 μετριότης
1540 611 1684 682 ἡμῶν

33 699 149 747 καὶ
186 700 321 769 μερὶ
342 703 433 756 τῆς
461 694 676 767 ἑκλογῆς
722 703 815 748 τοῦ
867 695 916 749 ἐν
967 704 1030 770 τῇ
1094 707 1222 772 μονῇ
1277 707 1372 761 τῆς
1424 707 1685 772 Μακρινι-

36 785 268 844 τίσσης
317 791 644 856 προεστῶτος
695 791 865 837 ταῦτα
937 781 1206 842 διατυποῖ.
1258 786 1479 840 Ὀπόταν
1528 789 1688 858 ἡγού-

37 889 221 943 μενος
282 879 386 923 τῶν
440 880 612 944 χρεῶν
670 871 1048 948 λειτουργήσας
1100 879 1225 948 πρὸς
1283 878 1472 949 Κύριον
1519 873 1684 933 ἐκδη-

39 964 128 1030 μή
143 979 253 1031 ma,
285 962 510 1032 γινέσθω
546 960 732 1033 ἐκλογὴ
800 971 1122 1034 προεστῶτος
1169 965 1270 1017 ὑπὸ
1326 968 1528 1018 πάντων
1585 975 1684 1019 τῶν

42 1045 316 1122 ἀδελφῶν
365 1047 472 1122 μετ’
550 1046 802 1112 εἰδήσεως
871 1057 960 1105 καὶ
1028 1061 1120 1104 τοῦ
1180 1054 1440 1126 θεοφιλοῦς
1495 1053 1688 1131 ἀνδρὸς

40 1140 267 1190 τούτου
316 1145 410 1190 τοῦ
461 1138 827 1210 εὐγενεστάτου
879 1147 1148 1214 Κομνηνοῦ
1203 1151 1365 1215 κυροῡ
1426 1145 1684 1198 Νικολάου

42 1227 446 1299 Μαλιασηνοῡ,
511 1236 605 1280 τοῦ
674 1229 915 1283 πλεῖστον
991 1233 1111 1284 ὅσον
1179 1237 1527 1304 πνευματικόν
1595 1255 1684 1288 κε-

39 1320 334 1389 κτημένου
364 1318 529 1392 ἔρωτα
564 1320 696 1392 πρὸς
729 1323 822 1378 τὴν
867 1324 1028 1391 μονὴν
1069 1323 1262 1379 ταύτην
1310 1327 1400 1374 καὶ
1428 1325 1494 1376 τὰ
1545 1325 1678 1384 αὐτῆ

44 1402 412 1478 διαφέροντα.
447 1406 598 1458 Οὕτω
646 1410 748 1483 γὰρ
807 1407 1051 1480 βούλεται
1111 1412 1142 1469 ἡ
1201 1415 1468 1486 μετριότης
1516 1415 1682 1486 ἡμῶν,

45 1495 146 1546 ἱνα
175 1499 278 1547 καὶ
318 1496 430 1567 μετ’
461 1495 622 1548 αὐτοῦ
650 1501 860 1568 γίνηται
889 1500 919 1557 ἡ
979 1507 1072 1551 τοῦ
1123 1502 1412 1572 ἡγουμένου
1475 1500 1684 1574 ἐκλογὴ.

43 1582 144 1644 Εἰς
177 1582 345 1636 αὐτὸν
374 1586 476 1658 γὰρ
501 1589 592 1636 καὶ
659 1585 729 1648 εἰς
776 1589 896 1648 τοὺς
970 1584 1224 1659 ἀδελφοὺς
1280 1588 1512 1651 ἅπαντας
1565 1595 1687 1654 τοὺς

44 1671 100 1723 ἐν
135 1679 208 1744 τῇ
277 1681 407 1744 μονῇ
469 1672 751 1732 ἀνατίθησι
805 1679 872 1727 τα
926 1683 1022 1739 τῆς
1063 1675 1278 1748 έκλογῆς
1331 1685 1423 1730 τοῦ
1462 1681 1688 1752 ἡγουμέ·

42 1781 148 1813 νου
179 1763 213 1820 ἠ
245 1767 522 1837 μετριότης
542 1764 706 1836 ήμῶν.
756 1769 855 1817 Καὶ
905 1769 1076 1838 χωρὶς
1127 1762 1375 1828 εἰδήσεως
1417 1772 1506 1820 καὶ
1567 1767 1684 1842 ἀρε-

935 391 1385 452 PRIVILEGIUM
1420 396 1553 453 PRO
1593 395 2039 455 MONASTERIO
2079 393 2596 453 MACRINITISSO.

3353 394 3463 452 946

1799 518 1904 592 qui
1934 523 2374 592 praeceptorum
2403 518 2633 592 aliquid
2661 517 2960 589 abrogare
3021 518 3308 588 auserint,
3340 534 3446 578 ma.

1795 614 1980 664 neant
2004 608 2065 664 in
2097 624 2168 664 eo
2198 611 2376 664 statu.
2412 607 2734 664 Moderatio
2759 611 2962 664 autem
2988 623 3126 665 mea
3169 608 3328 666 circa
3365 625 3461 666 or-

1795 696 1998 754 dinem
2028 703 2211 770 atque
2237 697 2589 754 electionem
2629 696 2894 770 praefecti
2948 698 3301 754 monasterii
3347 701 3465 757 Ma-

1795 787 2074 843 crinitissi
2101 789 2232 842 haac
2259 787 2605 859 praescribit.
2640 789 2787 843 Cum
2816 786 3134 859 praefectus
3181 787 3455 845 debitum

1795 878 1914 932 Deo
1940 876 2198 932 reddens
2227 881 2500 933 mortuus
2533 876 2724 946 fuerit,
2783 875 2890 932 ﬁat
2931 875 3196 948 praefecti
3247 875 3456 934 electio

1794 964 1873 1022 ab
1903 964 2187 1022 omnibus
2214 965 2514 1033 fratribus,
2557 965 2775 1022 sciente
2831 964 3111 1036 religioso
3158 964 3288 1021 viro
3337 965 3458 1023 hoc

1792 1053 2167 1110 nobilissimo
2206 1057 2512 1110 Comneno
2541 1053 2766 1110 domno
2821 1053 3064 1110 Nicolao
3119 1053 3451 1122 Maliasino,

1793 1144 1899 1215 qui
1927 1143 2188 1216 plurimo
2213 1148 2394 1216 atque
2425 1143 2718 1216 spirituali
2766 1159 2972 1208 amore
3022 1144 3456 1201 monasterium

1795 1235 1852 1288 et
1879 1247 2016 1303 quae
2043 1233 2122 1288 ad
2151 1232 2354 1304 ipsum
2383 1236 2675 1305 spectant,
2703 1231 3098 1304 amplectitur.
3125 1234 3236 1300 :lta
3291 1230 3455 1290 enim

1795 1322 2069 1393 praecipit
2102 1321 2434 1378 moderatio
2483 1335 2638 1392 mea,
2696 1325 2762 1379 ut
2816 1321 2950 1393 ipso
3008 1321 3294 1394 participe
3347 1321 3457 1379 ﬁat

1795 1409 2057 1481 praafecti
2085 1410 2311 1466 electio.
2346 1413 2409 1466 In
2438 1411 2639 1483 ipsum
2670 1411 2832 1466 enim
2875 1415 2932 1466 et
2975 1409 3186 1468 fratres
3241 1425 3452 1467 omnes

1797 1499 2143 1556 monasterii
2173 1500 2453 1556 transfert
2477 1500 2577 1570 jus
2609 1498 2865 1569 eligendi
2889 1499 3150 1572 praefecti
3177 1500 3451 1557 modera-

1795 1587 1876 1643 tio
1902 1603 2059 1657 mea,
2087 1591 2143 1643 et
2164 1587 2395 1660 absque
2416 1587 2572 1643 illius
2604 1587 2852 1644 scientia
2906 1591 2962 1644 et
3010 1587 3231 1660 placito
3281 1587 3450 1645 nolu-

1793 1691 1930 1732 mus
1981 1676 2109 1731 ﬁeri
2181 1677 2551 1732 electionem.
2614 1676 2728 1732 Sed
2776 1675 3058 1732 monachi
3111 1691 3324 1732 omnes
3390 1683 3452 1736 et

1795 1765 2132 1821 Comuenus
2161 1765 2256 1822 hic
2287 1765 2634 1822 electionem
2660 1764 2853 1821 facere
2878 1764 3118 1821 debent.
3151 1765 3297 1822 Cum
3339 1781 3447 1823 au-

46 1855 252 1912 σκείας
283 1856 372 1904 καὶ
417 1854 601 1904 τούτου
650 1852 709 1904 οὐ
762 1854 965 1926 θέλομεν
1012 1857 1251 1925 γίνεσθαι
1306 1860 1399 1914 τὴν
1449 1856 1677 1928 ἐκλογήν·

1793 1857 1910 1910 tem
1937 1854 2072 1926 quis
2098 1855 2406 1910 communi
2427 1869 2728 1910 consensu
2753 1853 2974 1910 electus
3009 1853 3202 1923 fuerit,
3226 1854 3275 1910 si
3316 1855 3447 1927 qui-

43 1938 170 1991 ἁλλ’
197 1942 249 1992 οἱ
276 1945 505 2012 μοναχοὶ
533 1943 721 2003 πάντες
759 1947 846 1995 καὶ
907 1945 933 1994 6
993 1947 1257 2016 Κομνηνός
1308 1945 1453 2006 οὗτος
1511 1947 1680 2000 ποιεί-

41 2048 243 2081 τωσαν
293 2033 390 2088 τὴν
471 2029 703 2102 ἐκλογήν.
779 2031 873 2084 Ὃν
945 2029 998 2084 δ’
1039 2032 1100 2084 ἄν
1156 2041 1334 2094 κοινῶς
1382 2033 1682 2108 ἁρεσθέντες

41 2116 391 2188 ἕκλέξωνται,
427 2118 471 2171 εὶ
523 2121 614 2191 μὶν
687 2123 830 2192 τύχη
899 2119 947 2172 έν
1012 2129 1122 2184 τοῖς
1177 2120 1344 2175 έκεῑσε
1402 2119 1600 2194 διάγων
1653 2126 1679 2176 6

41 2216 162 2258 τῶν
213 2217 620 2282 πατριαρχικῶν
713 2205 933 2263 δικαίων
1031 2211 1276 2285 ἔξαρχος,
1353 2213 1680 2286 σφραγιζέτω

43 2297 220 2350 αὐτόν
270 2306 576 2370 προεστῶτα
646 2302 781 2351 κατὰ
851 2302 910 2351 τό
956 2299 1194 2353 ἀνέκαθεν
1245 2299 1678 2360 ἕκκλησιαστικόν

45 2387 194 2446 ἔθος·
251 2385 299 2438 εἰ
373 2381 424 2437 δ’
506 2387 565 2439 οὐ
622 2389 764 2459 τύχη
811 2392 930 2441 τότε
971 2390 1102 2442 εἶναι
1155 2393 1234 2440 ⁴ιόν
1289 2395 1676 2464 πατριαρχικόν

45 2474 294 2546 ἔξαρχον
337 2473 387 2526 έν
431 2481 540 2538 τοῖς
585 2479 810 2548 μέρεσιν,
861 2477 886 2529 ὁ
929 2475 1149 2548 έκλεγεὶς
1224 2478 1298 2540 εἰς
1348 2485 1677 2551 προστασίαν

40 2565 207 2638 παρὰ
227 2571 328 2615 τῶν
387 2572 633 2636 μοναχῶν
681 2567 886 2617 πάντων
942 2571 1032 2618 καὶ
1075 2574 1167 2618 τοῦ
1237 2574 1504 2639 Κομνηνοῦ
1548 2571 1675 2622 τού-

41 2671 174 2717 του,
237 2653 306 2712 ὡς
357 2647 764 2717 διατετύπωται,
858 2653 1198 2728 ἕπικρατείτω
1305 2656 1461 2717 αὐτὸς
1539 2657 1675 2710 οὕτω

43 2743 232 2794 πάντα
261 2743 328 2792 τὰ
375 2749 464 2801 τῆς
517 2750 679 2812 μονῆς
725 2748 816 2795 καὶ
868 2747 962 2802 τὴν
1016 2749 1196 2814 πονὴν,
1257 2750 1351 2798 καὶ
1397 2742 1675 2818 διεξαγέτω

46 2831 236 2881 πάντα
265 2831 334 2890 ὡς
361 2835 626 2902 προεστὼς
680 2835 843 2904 μέχρι
894 2839 1079 2907 καιροῦ
1135 2841 1226 2894 τῆς
1279 2829 1528 2906 ἐνδημὼις
1583 2843 1674 2887 τοῦ

47 2926 462 2992 πατριαρχικοῡ
513 2918 762 2992 ἐξάρχου,
840 2920 1005 2982 οὕτως
1063 2923 1133 2982 ὡς
1180 2921 1350 2993 ἔμελλε
1419 2919 1674 2994 διεξάγειν

47 3015 232 3059 ταῦτα
261 3011 352 3059 καὶ
385 3010 718 3080 σφραγισθεί.
789 3008 921 3063 Ἀλλ’
969 3011 1052 3062 ὅτε
1101 3007 1390 3082 ένδημήσει
1445 3013 1471 3063 6
1527 3011 1674 3086 ἔξαρ-

47 3115 182 3168 χος,
258 3096 626 3171 σφραγιζέσθω
702 3101 846 3173 παρὰ
951 3104 1043 3151 τοῦ
1142 3097 1391 3172 ἐξάρχου.
1481 3099 1676 3161 Ἀπλῶς

48 3188 163 3258 γάρ
189 3185 280 3237 ὑπ’
331 3181 540 3246 οὐδενός
603 3185 776 3261 ἑτέρου
831 3189 1292 3262 σᾳῳαγισθήσεται
1339 3190 1365 3240 6
1417 3197 1508 3249 τῆς
1562 3197 1748 3279 Μαι-ο

49 3278 412 3347 κρινιτίσσης,
463 3275 762 3347 ἡγούμενος,
807 3275 850 3328 εἰ
899 3281 970 3348 μὴ
1028 3278 1172 3350 παρὰ
1218 3284 1309 3338 τῆς
1374 3278 1520 3349 ἡμῶν
1577 3297 1672 3350 με-

47 3367 350 3438 τριότητος,
397 3363 427 3422 ἣ
455 3368 558 3436 μὴν
615 3371 706 3416 τοῦ
760 3363 989 3440 ἐξάρχου
1033 3365 1211 3426 αὐτῆς.
1265 3365 1553 3438 Ἀνηνέχθη
1615 3363 1674 3422 δε

46 3456 296 3527 καὶπερὶ
336 3460 427 3505 τοῦ
491 3455 897 3525 καταταχθῆναι
981 3454 1051 3516 εἰς
1132 3454 1487 3528 παραλαύριον
1578 3463 1675 3518 τῆς

44 3545 498 3614 Μακρινιτίσσης,
555 3546 650 3600 τὴν
727 3546 861 3596 κατά
906 3547 1000 3602 τὴν
1045 3541 1242 3615 ἐνορίαν
1298 3552 1394 3606 τῆς
1437 3544 1672 3616 ἁγιωτά-

43 3650 150 3691 της
191 3629 483 3691 ὶπισκοπῆς
569 3630 864 3684 Βελεστίνου
945 3627 1276 3704 διακειμένην
1361 3637 1522 3703 μονὴν
1578 3641 1674 3696 τῆς

45 3721 322 3790 πανάγνου
378 3723 634 3772 Θεοτόκου
699 3724 792 3778 τὴν
849 3719 933 3773 ἐπὶ
988 3726 1362 3795 σταυροπηγίῳ
1406 3725 1495 3793 μὲν
1549 3725 1674 3774 ταύ-

49 3830 158 3871 της
206 3817 300 3869 τῆς
362 3806 646 3869 ἐπισκοπῆς
715 3808 1033 3876 Βελεστίνου,
1123 3805 1502 3883 δεδομημένην,

56 3905 232 3972 κυροῦ
285 3896 570 3970 Ἱλαρίωνος
640 3895 698 3952 δε
761 3898 1058 3972 λεγομένην.
1162 3901 1300 3954 Ἐπεὶ
1356 3905 1526 3952 τοίνυν
1573 3907 1676 3961 τοῖς

63 3993 264 4061 ἔχουσι
292 3986 452 4046 αὐτὴν
495 3987 703 4046 θελητόν
732 3986 847 4040 ἐστι
874 3994 1124 4060 μετόχιον
1193 3991 1459 4042 ὑποθεῖναι
1514 3988 1676 4047 αὐτὴν

65 4079 140 4138 εἰς
187 4080 280 4134 τὴν
357 4080 517 4148 μονὴν
595 4084 691 4137 τῆς
736 4082 1177 4150 Μακρινιτίσσης,
1244 4075 1538 4149 διορίζεται
1588 4081 1678 4129 καὶ

66 4172 230 4219 τοῦτο
277 4165 306 4222 ἡ
382 4169 654 4239 μετριότης
707 4166 852 4238 ἡμῶν
900 4166 1035 4218 οὕτω
1081 4168 1340 4238 γενέσθαι,
1381 4170 1470 4218 καὶ
1522 4185 1680 4218 κατα-

71 4255 347 4326 ταχθῆναι
399 4257 594 4312 ταύτην
662 4258 755 4312 τὴν
823 4259 982 4326 μονὴν
1031 4261 1124 4306 τοῦ
1176 4263 1338 4329 κυροῦ
1393 4254 1681 4329 Ἰλαρίωνος

71 4346 324 4417 μετόχιον
385 4351 481 4404 τῆς
559 4347 997 4416 Μακρινιτίσσης.
1070 4346 1345 4397 Κανονικόν
1418 4347 1515 4418 γὰρ
1590 4348 1680 4395 καὶ

72 4439 232 4484 τοῦτο
262 4434 349 4482 καὶ
375 4426 602 4485 δίκαιον.
637 4430 776 4489 Πλὴν
803 4433 828 4482 6
859 4429 1138 4492 ἐπὶσκοπος
1199 4431 1257 4484 οὗ
1325 4430 1408 4484 ἐπὶ
1464 4451 1680 4505 σταυρο-

73 4519 310 4590 πηγίῳή
343 4523 496 4591 μονὴ,
543 4517 708 4590 έχὲτω
765 4518 813 4571 ἐν
865 4520 997 4577 αὐτῆ
1056 4524 1148 4579 τὴν
1203 4518 1460 4593 ἀναφορὰν
1519 4520 1677 4572 αὑτοῦ

71 4614 168 4662 καὶ
221 4611 277 4659 τὸ
336 4607 651 4680 ὀφειλόμενον
724 4607 862 4679 αὐτῷ
934 4613 1218 4664 κανονικὸν.

1583 3817 1674 3862 τοῦ

1307 4609 1415 4681 Ἐφ’
1482 4610 1679 4661 ἅπασιν

74 4700 168 4752 οὖν
219 4699 412 4757 τούτοις
462 4696 684 4768 ἐγεγόνει
723 4705 783 4755 τῆ
866 4695 1202 4770 διειλημμένη
1255 4707 1382 4770 μονῆ
1426 4706 1517 4758 τῆς
1559 4705 1680 4752 Μα-

73 4791 410 4863 κρινιτίσσης
437 4791 526 4839 καὶ
552 4792 685 4839 πᾶσι
714 4793 820 4847 τοῖς
861 4787 990 4845 αὐτῆ
1053 4783 1361 4862 διαφέρουσι
1414 4790 1471 4840 τὸ
1518 4791 1682 4863 παρόν

1789 1942 1928 1998 dem
1950 1943 2257 2016 contingat
2276 1943 2358 1999 ibi
2387 1943 2675 1999 diversari
2697 1942 3190 2014 patriarchalium
3214 1943 3444 2015 jurium

1789 2032 2138 2101 exarchum,
2154 2048 2328 2088 cruce
2340 2031 2699 2102 insigniatur
2710 2031 2789 2088 ab
2803 2047 2872 2088 eo
2885 2031 3220 2104 praefectum
3236 2047 3447 2089 secun-

1789 2119 1938 2175 dum
1968 2119 2280 2192 antiquam
2301 2118 2770 2176 ecclesiasticam
2813 2118 3331 2176 consuetudinem.
3384 2120 3444 2178 Si

1788 2212 1990 2264 autem
2019 2208 2288 2264 fortassis
2319 2208 2477 2265 absit
2505 2207 2582 2264 ab
2611 2207 2685 2264 iis
2715 2207 2988 2280 partibus
3010 2207 3444 2280 patriarchicus

1787 2297 2105 2367 exarchus,
2126 2297 2571 2354 monachorum
2609 2295 2884 2352 omnium
2909 2299 2967 2352 et
2987 2295 3276 2353 Comneni
3302 2310 3444 2353 con-

1789 2401 1972 2441 sensu
2001 2385 2224 2442 electus
2254 2386 2518 2454 antistes,
2560 2384 2713 2440 sicut
2753 2384 3117 2456 prazﬁnitum
3167 2387 3275 2452 est,
3333 2385 3444 2442 ob-

1787 2472 1970 2530 tineat
1997 2474 2124 2546 ipse
2147 2473 2370 2543 omnia,
2399 2489 2536 2546 quas
2568 2471 2649 2530 ad
2676 2472 3115 2530 monasterium
3171 2475 3445 2544 spectant

1786 2577 1911 2619 una
1925 2579 2060 2619 cum
2075 2563 2442 2620 monasterio
2455 2563 2607 2635 ipso,
2623 2566 2681 2618 et
2697 2562 3287 2618 administretomnia
3310 2565 3443 2618 tan-

1784 2668 1972 2725 quam
2002 2651 2314 2724 prmfectus
2362 2667 2554 2724 usque
2607 2651 2688 2707 ad
2729 2651 2988 2707 reditum
3029 2650 3442 2723 patriarchalis

1784 2740 2046 2809 exarchi,
2078 2757 2150 2796 eo
2181 2756 2428 2813 prorsus
2453 2739 2660 2808 modo,
2691 2755 2814 2812 quo
2859 2739 3144 2812 deinceps
3191 2739 3445 2797 admini-

1785 2834 2078 2886 straturus
2109 2835 2217 2898 est,
2254 2846 2394 2886 cum
2453 2845 2629 2885 cruce
2683 2828 3006 2898 insignitus
3055 2829 3250 2886 fuerit.
3296 2830 3444 2887 Cum

1780 2934 1923 2974 vero
1935 2919 2172 2975 redierit
2184 2918 2479 2975 exarchus
2489 2961 2502 2982 ,
2527 2921 2656 2974 tum
2673 2916 2752 2973 ab
2763 2932 2832 2972 eo
2847 2932 3022 2973 cruce
3052 2917 3438 2987 insigniatur:

1785 3022 1823 3063 a
1850 3006 2014 3063 nullo
2043 3007 2223 3062 enim?
2247 3005 2364 3063 alio
2411 3004 2782 3062 Macrinitissi
2835 3004 3148 3076 praefectus
3203 3020 3443 3062 crucem

1782 3094 2044 3167 recipere
2074 3099 2286 3167 potest,
2315 3097 2718 3167 praeterquam
2749 3109 2786 3150 ε,
2815 3091 3230 3149 moderatione
3280 3108 3442 3158 mea,

1782 3183 1878 3239 vel
1904 3183 2060 3239 illius
2083 3185 2364 3240 exarcho.
2398 3182 2778 3255 Propositum
2842 3185 2932 3239 est
2987 3184 3212 3251 autem,
3263 3185 3329 3239 ut
3378 3181 3442 3238 in

1783 3271 2112 3344 hospitium
2190 3271 2559 3328 Macrinitissi
2635 3269 2943 3341 redigatur
3005 3270 3444 3328 monasterium

1785 3359 2174 3417 sanctissimae
2188 3360 2454 3433 Deiparae
2479 3359 2657 3415 situm
2684 3375 2873 3431 prope
2893 3357 3252 3415 territorium
3272 3374 3442 3415 sanc-

1783 3449 1995 3505 tissimi
2019 3449 2404 3522 episcopatus
2431 3447 2722 3516 Belestini,
2755 3448 2870 3504 sub
2896 3447 3119 3504 ditione
3184 3447 3436 3520 quidem

1781 3538 1962 3609 hujus
1993 3537 2268 3594 Belestini
2325 3537 2595 3610 episcopi
2646 3536 3032 3604 aediﬁcatum,
3092 3535 3444 3610 dictumque

1781 3627 1988 3684 domni
2021 3627 2374 3684 Hiliarionis.
2403 3628 2700 3693 Quoniam
2732 3627 2912 3697 igitur
2951 3627 3106 3683 illius
3169 3642 3443 3699 posesso—

1780 3731 1876 3772 res
1905 3717 1968 3772 in
1995 3716 2325 3788 hospitium
2348 3716 2717 3773 Macrinitissi
2739 3716 3009 3787 redigere
3033 3716 3238 3788 ipsum
3255 3715 3444 3772 inten-

1782 3805 1951 3873 dunt,
1972 3805 2087 3861 hoc
2118 3807 2295 3862 etiam
2328 3805 2695 3862 exsecutioni
2721 3805 3000 3862 mandari
3028 3803 3290 3859 decernit
3315 3819 3442 3859 mo-

1782 3893 2010 3950 deratio
2040 3910 2194 3965 mea,
2236 3898 2294 3950 et
2333 3893 2526 3965 redigi
2577 3893 2692 3949 hoc
2742 3891 3181 3948 monasterium
3232 3883 3443 3947 domni

1784 3981 2100 4038 Hilarionis
2127 3982 2188 4037 in
2208 3981 2539 4052 hospitium
2569 3979 2939 4038 Macrinitissi
2970 3998 2983 4036 :
3013 3980 3129 4036 hoc
3155 3979 3318 4035 enim
3359 3977 3441 4035 le-

1785 4073 2006 4129 ditione
2030 4072 2464 4128 monasterium
2485 4076 2592 4140 est,
2621 4070 2877 4144 accipiat
2905 4069 2983 4127 ab
3022 4070 3157 4143 ipso
3217 4069 3442 4127 sensic-

1785 4179 1925 4220 nem
1951 4162 2342 4234 debitumque
2373 4161 2686 4220 tributum.
2715 4163 3034 4233 Propterea
3061 4159 3240 4230 igitur
3282 4159 3442 4217 dicto

1785 4251 2148 4308 monasterio
2213 4249 2601 4308 Macrinitisso
2669 4253 2725 4306 et
2781 4248 3065 4306 omnibus
3109 4249 3190 4306 ad
3240 4249 3444 4322 ipsum

1788 4340 2194 4413 spectantibus
2235 4354 2504 4412 praesens
2555 4339 2966 4412 hypomnema
3016 4338 3445 4395 moderationis

1786 4446 1937 4486 meae
1950 4430 2248 4500 impertior
2261 4429 2336 4485 ad
2350 4433 2693 4502 perpetuam
2707 4429 3262 4486 ﬁrmitatem.Mense
3275 4428 3444 4486 Octo-

1785 4520 1878 4575 bri
1908 4519 2154 4575 decimae
2183 4519 2410 4590 quintae
2436 4517 2797 4581 indictionis,
2832 4518 2977 4575 anni
3033 4522 3170 4574 6765
3215 4519 3447 4591 (Christi

1793 4613 1968 4675 1257),
2000 4607 2161 4680 quod
2189 4607 2436 4680 quidem
2488 4607 2903 4680 hypomnema
2951 4607 3196 4680 propria
3254 4621 3446 4663 manu

1791 4695 2235 4752 subscribentes
2249 4695 2762 4765 subsignavimus,
2778 4699 2835 4752 et
2846 4701 3197 4753 consuetam
3209 4694 3444 4752 bullam

1792 4785 2039 4842 inferius
2069 4784 2524 4856 suspendimus.

75 4880 361 4948 ὑπόμνημα
401 4883 498 4937 τῆς
563 4877 708 4947 ἡμῶν
783 4880 1120 4951 μετριότητος
1184 4877 1258 4938 εἰς
1315 4872 1529 4936 διηνεκῆ
1614 4875 1914 4949 ἀσφάλειαν.
1979 4876 2126 4927 Κατὰ
2181 4883 2322 4946 μῆνα
2371 4872 2684 4949 Ὀκτώϐριον
2725 4881 2822 4936 τῆς
2866 4877 3012 4926 πέντε
3074 4875 3164 4925 καὶ
3220 4867 3442 4932 δεκατης

76 4969 426 5037 ἐπινεμήσεως
496 4973 588 5017 τοῦ
631 4964 1091 5036 ἐξακισχιλιοστοῦ
1185 4965 1600 5019 ἕπτακοσιοστοῦ

1711 4964 1994 5028 ἑξηκοστοῦ
2065 4967 2302 5036 πέμπτου
2387 4965 2556 5025 ἔτους.
2669 4963 2750 5016 Ἐν

2990 4964 3080 5012 καὶ
3161 4966 3225 5018 τῆ
3283 4957 3438 5012 αὐτο-

76 5060 248 5130 χείρῳ
266 5054 534 5128 ὑπογραφῆ
558 5055 1002 5127 ὑποσημηναμένη
1040 5057 1068 5113 ἡ
1098 5059 1375 5128 μετριότης
1394 5057 1558 5128 ἡμῶν,
1601 5059 1692 5108 καὶ
1716 5058 1810 5113 τὴν
1847 5055 2046 5112 συνήθη
2074 5051 2295 5125 βούλλαν
2325 5053 2553 5105 κάτωθεν
2577 5051 2910 5126 ἀπηώρησεν.

292 5195 472 5269 Στίχοι
498 5199 561 5258 ὡς
580 5199 636 5250 ix
664 5203 947 5270 προσώπου
977 5205 1069 5250 τοῦ
1119 5203 1386 5274 κτήτορος.

1113 5273 1138 5291 δ

157 5339 298 5411 Ἐμοὶ
316 5343 467 5411 μοναὶ
489 5347 626 5413 τρεῖς
648 5340 760 5412 οἶμα
801 5344 1204 5413 συντεταγμέναι

160 5432 259 5482 Καὶ
287 5435 395 5488 ταῖς
413 5427 688 5499 μεγίσταις
716 5427 938 5486 κλήσεσι
962 5429 1292 5502 κεκλημέναι,

155 5516 215 5569 Ἤ
244 5519 327 5587 μὲν
354 5518 454 5591 γὰρ
482 5516 623 5568 ἔστιν
645 5515 700 5568 ἐκ
725 5523 958 5589 χριστοῦ
979 5525 1071 5570 τοῦ
1101 5522 1363 5592 Λατόμου,

157 5605 217 5658 ’Π
253 5601 301 5656 δ’
322 5603 374 5656 ἔκ
399 5606 663 5676 πανάγνου
683 5611 772 5658 καὶ
800 5608 1034 5681 καθαροῖς
1071 5610 1352 5680 Παρθένου,

160 5697 317 5752 Ταίτη
350 5689 384 5746 δ
389 5692 584 5766 ’ἐφεξῆς
611 5693 763 5758 αὖθις
794 5694 1134 5768 ὠνομασμένη

1981 5196 2191 5252 Versus
2223 5199 2508 5267 tanquam
2536 5209 2610 5252 ea:
2631 5206 2887 5265 persona
2904 5189 3254 5248 conditoris.

1859 5340 1990 5397 Tria
2009 5339 2158 5395 mihi
2179 5339 2545 5397 monasteria
2574 5338 2752 5394 simul
2803 5338 3163 5403 constructa,

1859 5434 2050 5502 Atque
2080 5429 2382 5501 praeclaris
2409 5427 2758 5485 nominibus
2801 5429 3171 5498 nuncupata.

1862 5521 2059 5574 Unum
2088 5518 2333 5590 quidem
2365 5522 2455 5573 est
2483 5517 2696 5572 Christi
2738 5515 2986 5574 Latomi.

1857 5607 2122 5663 Alterum
2148 5605 2496 5662 castissimae
2527 5621 2815 5680 pureque
2846 5605 3119 5678 Virginis,

1857 5696 2113 5754 Tertium
2141 5701 2343 5754 autem
2372 5711 2578 5754 rursus
2609 5696 2960 5771 insignitum
