3988 6322
521 399 625 458 947

525 523 775 582 Nomine
806 523 1190 579 Praecursoris
1215 523 1391 578 Novae
1433 525 1633 590 Petrae,

531 613 646 668 Sed
671 613 798 682 jam
828 626 937 684 pro
962 611 1054 666 his
1085 626 1155 666 ex
1184 611 1521 668 coelestibus
1551 612 1796 668 sedibus

527 700 801 756 Validum
833 699 978 754 mihi
1001 699 1287 755 auxilium
1309 701 1533 772 praebe,
1563 703 1663 757 Dei
1704 702 1981 773 Verbum,

529 791 786 860 Meaeque
817 789 1078 859 conjugi,
1111 789 1581 862 charissimoque
1624 791 1762 847 ﬁlio.

533 878 917 949 Quaecunque
955 877 1115 933 enim
1149 894 1185 932 a
1215 895 1309 933 me
1342 884 1509 949 gesta
1539 884 1698 948 sunt,

528 967 596 1023 In
606 967 765 1023 hunc
781 965 964 1022 ﬁnem
985 966 1310 1034 collimant,
1343 973 1521 1041 atque
1541 969 1655 1025 hoc
1677 969 1964 1042 consequi
1987 970 2183 1028 solum

1564 1056 1736 1130 [mihi
1761 1075 1918 1114 curae
1951 1064 2057 1116 est.

533 1148 687 1203 Dum
710 1145 1174 1201 intercedentem
1203 1146 1402 1202 habeo
1427 1146 1721 1219 optimam
1751 1147 2051 1219 Virginem

531 1239 581 1291 A
609 1237 889 1307 prompto
915 1235 1137 1291 auxilio
1159 1234 1377 1304 solum,

532 1324 942 1396 Maximusque
973 1323 1216 1394 aﬂ'ulget
1245 1324 1488 1380 luminis
1513 1325 1597 1380 tui
1647 1325 1951 1397 splendor,

529 1416 664 1471 Haec
693 1418 836 1471 vota
873 1413 1043 1470 facile
1073 1415 1359 1486 consequi
1421 1415 1802 1487 speraverim.

1727 401 2002 456 ARSENII
2043 400 2141 457 ΟΡ.
2200 399 2225 455 Ι

2312 399 2684 458 FRIARCHE.
3807 407 3902 461 948

2205 526 2253 578 Α

2362 524 2450 576 Ἐκ
2476 521 2788 599 Προδρόμου
2814 531 2905 577 τοῦ
2934 526 3068 577 πάνυ
3090 533 3184 586 τῆς
3207 529 3344 588 Νέας
3388 530 3616 603 Πέτρας.

2364 614 2497 667 Ἀλλ’
2529 613 2642 666 ἀντὶ
2670 617 2865 666 τούτων
2897 615 2951 666 ἐκ
2976 624 3142 686 μονῶν
3169 616 3419 688 οὐρανίων

2363 707 2497 755 Λὶαν
2527 701 2640 774 ἐμοὶ
2672 704 2944 776 πάρασχε,
2967 709 3058 755 τοῦ
3080 709 3212 756 Θεοῦ
3244 708 3398 776 Λόγε,

2359 797 2432 850 Τῆ
2465 792 2680 863 συζύγῳ
2706 811 2760 843 τε
2784 796 2873 843 καὶ
2899 796 3056 864 τέκνῳ
3093 793 3403 866 πεφιλμέδῳ.

2363 881 2508 954 Ἐμοὶ
2535 884 2635 954 γὰρ
2648 881 2783 933 ἅπαν
2805 878 2985 934 ἐνθαδὶ
3014 886 3368 957 πεπραγμένον

2361 971 2446 1032 Εἰς
2466 978 2617 1023 τοῦτο
2647 974 2817 1041 τείνει,
2841 975 2929 1023 καὶ
2957 978 3139 1044 τυχεῖν
3174 975 3313 1036 ζητῶ
3343 975 3517 1044 μόνον.

2362 1149 2512 1222 Ἕχω
2548 1154 2752 1221 μεσῖτιν
2784 1148 2985 1221 ἀγαθὴν
3008 1152 3102 1208 τὴν
3130 1151 3386 1222 Παρθένον

2363 1244 2468 1298 Τὴν
2490 1239 2744 1301 ὀξυτάτην
2777 1239 2846 1301 εἰς
2876 1237 3148 1310 ἐπίσκεψιν
3169 1243 3350 1312 μόνην,

2366 1333 2466 1382 Καὶ
2495 1332 2580 1380 τὸν
2617 1332 2862 1400 μέγιστον
2893 1328 3004 1401 ἅμα
3031 1336 3122 1380 τοῦ
3148 1331 3312 1400 φωτὸς
3343 1328 3560 1400 λύχνον·

2368 1423 2467 1470 Καὶ
2503 1419 2627 1493 ῥᾷον
2655 1417 2715 1469 ἆν
2735 1420 2959 1491 τύχοιμι
2987 1422 3076 1470 καὶ
3104 1425 3204 1468 τῶν
3239 1414 3490 1475 ἐλπίδων.

1946 1708 2476 1803 ΔΙΑΘΗΚΗ

989 1913 1129 1968 ΤΟΥ
1168 1919 1543 1969 ΑΓΙΩΤΑΤΟΥ
1587 1919 1910 1967 ΑΡΣΕΝΙΟΥ
1951 1914 2028 1987 (1)
2067 1919 2614 1969 ΑΡΧΙΕΠΙΣΚΟΠΟΥ
2655 1920 3439 1970 ΚΩΝΣΤΑΝΤῙΝΟΥΙΙΟΛΕΩΣ

1404 2019 1573 2067 ΝΕΑΣ
1613 2019 1836 2068 ΡΩΜΗΣ
1880 2019 1992 2067 ΚΑΙ
2031 2014 2546 2070 ΟΙΚΟΥΜΕΝΙΚΟΥ
2585 2021 3031 2070 ΠΑΤΡΙΑΡΧΟΥ.

1803 2273 2641 2361 TESTAMENTUM

643 2475 1190 2540 SANCTISSIMI
1231 2475 1581 2539 ARSENII
1624 2475 2277 2540 ARCHIEPISCOPI
2322 2475 3178 2543 CONSTANTINOPOLIS
3223 2477 3480 2541 NOVZE
3524 2477 3814 2541 ROMJE

1583 2583 1688 2645 ET
1730 2581 2250 2648 OECUMENICI
2294 2583 2861 2648 PATRIARCHZE

1183 2768 1388 2842 (Apud
1424 2768 1784 2827 Dotelerium
1826 2767 1888 2824 in
1926 2767 2320 2826 Monumentis
2363 2768 2637 2826 Ecclesiae
2683 2771 2920 2838 Greece,
2970 2773 3116 2828 tom.
3166 2769 3261 2841 It,)

620 3026 662 3080 Ι.
693 3021 1147 3080 Vocalissimum
1191 3023 1814 3097 Prophetam-Regem,
1845 3039 1916 3081 ac
1964 3024 2064 3080 Dei
2093 3034 2198 3092 pa-
2229 3016 2272 3072 Β
2379 3018 2454 3074 Α’.

553 3116 700 3169 trem
733 3112 1016 3169 Davidem
1042 3113 1308 3185 quotidie
1331 3114 1534 3184 audio,
1565 3115 1898 3171 dicentem:
1937 3136 1957 3162 ι
1987 3115 2193 3180 Homo,

551 3201 702 3256 sicut
717 3201 945 3257 foenum
959 3201 1086 3257 dies
1100 3203 1229 3273 ejus
1255 3222 1267 3259 :
1297 3204 1712 3276 tanquamﬂos
1737 3204 1884 3274 agri,
1914 3201 1998 3256 sic
2037 3198 2200 3255 efﬂo-

549 3289 754 3345 rebit‘.
772 3312 802 3340 »
825 3291 927 3345 Et:
963 3312 992 3339 α
1013 3293 1203 3347 Homo
1215 3293 1464 3350 vanitati
1484 3293 1692 3349 similis
1715 3293 1905 3349 factus
1928 3295 2018 3346 est
2040 3287 2197 3358 ;dies

549 3378 679 3448 ejus
708 3379 858 3435 sicut
887 3380 1106 3436 umbra
1133 3384 1542 3452 praetereunt!
1561 3404 1588 3431 ››
1614 3381 1842 3448 Quibus
1867 3380 2014 3435 nihil
2036 3377 2199 3434 aliud

550 3465 847 3534 signiﬁcat
875 3483 1061 3539 quam
1084 3468 1368 3525 humanas
1409 3476 1640 3526 naturae
1708 3469 1960 3525 celerem
2011 3467 2202 3524 defec-

550 3554 775 3610 tionem
807 3555 1106 3627 citamque
1131 3562 1406 3614 mortem.
1432 3559 1623 3615 Audio
1644 3559 1864 3630 pariter
1894 3556 2203 3629 sapientis-

550 3643 772 3700 simum
796 3644 1178 3702 Salomonem
1194 3647 1406 3703 eadem
1426 3649 1934 3720 pronuntiantem,
1969 3648 2201 3720 ipsique

552 3734 989 3803 concinentem,
1013 3751 1120 3808 per
1143 3735 1272 3792 haec
1295 3737 1512 3794 verba:
1536 3760 1564 3787 ‹‹
1587 3738 1826 3794 Vanitas
1844 3737 2200 3807 vanitatum,

553 3825 760 3881 omnia
774 3826 1030 3882 vanitas.
1048 3847 1076 3875 »
1103 3827 1605 3900 Quandoquidem
1625 3829 1802 3899 igitur
1817 3828 2025 3884 omnia
2048 3843 2204 3884 vana

557 3916 714 3986 s'unt,
747 3915 1014 3988 nihilque
1041 3930 1072 3970 e
1093 3915 1272 3971 rebus
1288 3917 1687 3988 praesentibus
1703 3918 1949 3972 ﬁrmum
1980 3921 2086 3983 est,
2118 3917 2204 3973 ni-

554 4004 639 4060 hil
665 4019 1092 4076 corporeorum
1120 4005 1214 4060 vel
1241 4007 1476 4078 corpori
1513 4007 1918 4077 adjacentium
1966 4022 2202 4078 perma-

556 4111 730 4165 nens,
761 4096 966 4152 anima
989 4112 1132 4152 vero
1169 4097 1420 4154 materia
1449 4101 1609 4153 caret
1649 4114 1718 4153 ac
1771 4101 2026 4153 mortem
2081 4113 2205 4153 non

559 4185 814 4256 patitur;
848 4189 1080 4257 oportet
1111 4189 1172 4240 ut
1199 4186 1395 4242 cuncti
1447 4186 1904 4242 sollicitudinem
1962 4202 2205 4242 omnem

563 4288 893 4346 curamque
913 4277 974 4329 in
1015 4290 1086 4330 ea
1135 4278 1192 4329 et
1235 4274 1296 4330 in
1339 4276 1518 4331 rebus
1569 4276 1648 4331 ad
1676 4276 1835 4332 illam
1871 4276 2206 4348 pertinenti-

2538 3026 2641 3074 Τοῦ
2691 3019 3183 3093 μεγαλοφωνοτάτου
3278 3020 3717 3093 προφητάνακτος
3836 3024 3918 3070 καὶ

2312 3109 2614 3182 θεοπάτορος
2667 3106 2833 3162 Δαϐὶδ
2916 3112 3242 3168 καθεκάστην
3294 3108 3707 3184 ἐπακροώμενος·
3773 3110 3919 3162 «Ἂν-

2312 3199 2506 3270 θρωποι
2529 3201 2653 3251 ὡσεὶ
2677 3203 2870 3273 χόρτος
2899 3201 2954 3251 αἱ
2980 3201 3170 3272 ἡμέραι
3211 3199 3391 3252 αὐτοῦ·
3451 3201 3574 3251 ὡσεὶ
3628 3201 3804 3262 ἄνθος
3836 3207 3919 3252 τοῦ

2311 3287 2491 3362 ἀγροῦ,
2535 3290 2696 3352 οὕτως
2737 3289 3063 3353 ἐξανθὴσει·››
3114 3294 3223 3355 καὶ,
3259 3311 3288 3340 ιι
3339 3290 3648 3365 ’Ἀνθρωπος
3693 3300 3918 3363 ματαιό·

2309 3398 2427 3437 τητι
2460 3381 2729 3451 ὡμοιώθη,
2757 3382 2811 3432 αἰ
2841 3382 3030 3453 ἡμέραι
3074 3379 3232 3432 αὐτοῦ
3290 3382 3415 3432 ὡσεὶ
3475 3382 3603 3432 σκιὰ
3647 3384 3922 3456 παράνους

2312 3487 2452 3520 σινο»
2493 3465 2644 3521 οὐδὲν
2684 3468 2804 3521 ἄλλο
2850 3465 3130 3530 δηλοῦντος
3189 3469 3218 3528 ἢ
3265 3471 3323 3521 τὸ
3372 3471 3798 3545 ταχνμάραντον
3843 3474 3920 3521 καὶ

2312 3557 2580 3630 ὠκύμορον
2601 3565 2691 3618 τῆς
2741 3566 2839 3609 τῶν
2889 3556 3168 3632 ἀνθρώπων
3223 3561 3443 3630 φύσεωςο
3503 3562 3591 3610 καὶ
3641 3567 3744 3611 τοῦ
3803 3580 3921 3612 παν·

2315 3650 2478 3718 σόφου
2525 3647 2842 3719 Σολομῶντος
2892 3649 2959 3700 τὰ
3004 3647 3140 3699 αὐτὰ
3192 3649 3356 3719 τούτῳ
3412 3649 3778 3720 φθεγγομένου
3842 3653 3919 3700 καὶ

2315 3732 2625 3807 σννᾴδοντος
2701 3736 2752 3788 ἐν
2799 3743 2891 3808 τῷ,
2964 3739 3323 3798 «Ματαιότης
3383 3741 3764 3809 ματαιοτὴτων
3830 3738 3918 3806 (2),

2313 3826 2345 3875 ὰ
2375 3826 2547 3877 πάντα
2593 3829 2900 3897 ματαιότης·
2958 3847 2986 3875 ›)
3043 3825 3150 3879 ἐπεὶ
3217 3825 3304 3877 οὖν
3353 3828 3420 3878 τὰ
3464 3827 3638 3878 πάντα
3691 3830 3917 3898 μάταια,

2312 3918 2401 3965 καὶ
2426 3911 2576 3966 οὐδὲν
2627 3913 2836 3985 βέϐαιον
2896 3922 2994 3966 τῶν
3046 3919 3312 3989 παρόντων
3360 3910 3482 3967 οὐδὲ
3533 3919 3765 3988 μόνιμον
3829 3924 3917 3968 τῶν

2315 4011 2624 4073 σωματικῶν
2650 4007 2739 4054 και
2764 4005 2960 4076 περὶτὰ
2991 4011 3162 4075 σῶμα,
3195 4005 3224 4060 ἡ
3281 4003 3436 4074 ψυχὴ
3498 3999 3558 4054 δὲ
3609 4008 3705 4054 καὶ
3770 4003 3917 4055 aulo-.-

2312 4096 2401 4142 καὶ
2434 4089 2704 4143 ἀθάνατον·
2737 4095 2848 4165 χρὴ
2872 4097 3006 4144 πᾶσι
3045 4096 3136 4150 τὴν
3176 4091 3384 4143 ἅπασαν
3440 4091 3607 4143 αὐτῶν
3662 4095 3918 4165 μέριμνὼ

2315 4182 2403 4231 κᾶὶ
2435 4177 2686 4253 φροντίδα
2736 4183 2861 4254 πρὸς
2917 4180 3080 4238 αὐτὴν
3144 4185 3234 4232 καὶ
3295 4183 3360 4232 τὰ
3415 4185 3528 4252 περὶ
3585 4181 3757 4238 αὐτὴν
3808 4180 3917 4232 ἄνα-

2313 4269 2530 4336 λίσκειν,
2584 4274 2671 4321 καὶ
2722 4267 2972 4332 διηνεκῶς
3027 4274 3120 4328 τὴν
3175 4277 3266 4321 τοῦ
3317 4271 3537 4322 θανάτου
3590 4271 3731 4344 ὤραν
3791 4272 3921 4322 κατὰ

561 4361 674 4416 bus
712 4362 1086 4434 impendant,
1109 4378 1343 4419 necnon
1393 4364 1671 4420 continue
1732 4366 1939 4421 mortis
1993 4365 2206 4421 horam

2315 4365 2431 4410 νοῦν
2460 4360 2718 4427 τίθεσθαι,
2746 4364 2834 4413 καὶ
2857 4360 2999 4412 οὔπω
3046 4366 3137 4420 τῆς
3188 4362 3371 4412 τούτου
3423 4364 3635 4432 μνήμης
3693 4358 3793 4422 ἐξω
3846 4361 3921 4429 φέ-

560 4454 758 4507 mente
781 4456 1010 4521 gerant,
1027 4467 1135 4506 nec
1151 4467 1420 4525 unquam
1439 4453 1826 4510 intermittant
1852 4455 2206 4511 memoriam

557 4538 777 4597 obitus.

631 4670 655 4722 1
681 4664 832 4722 Psal.
861 4670 1046 4733 cu,i5.
1078 4667 1100 4700 ²
1131 4665 1284 4722 Psal.
1311 4681 1498 4734 cum,
1519 4669 1574 4722 4.

625 4792 703 4864 (t)
741 4790 973 4867 Arsenii
1001 4790 1308 4867 Autorian-i
1367 4794 1466 4848 CP.
1523 4790 1879 4867 patriarchae
1904 4809 2020 4861 res,
2042 4810 2207 4867 quae-

554 4863 782 4936 qu'e'ad
803 4865 1248 4936 Testamentum
1276 4863 1391 4936 hoc
1432 4863 1720 4935 spectant,
1755 4863 2082 4921 traduntur
2124 4867 2202 4922 ab

553 4934 848 4992 historicis
894 4934 1249 5007 Byzantinis,
1300 4935 1604 5007 Phrantzeﬁ,
1655 4936 2011 5007 AcrOpolita,
2067 4940 2204 4994 Gre-

552 5020 715 5076 gora,
749 5009 930 5070 Duca,
963 5010 1020 5060 et
1086 5005 1413 5076 Pahymere
1494 5006 1791 5061 Videndus
1811 5005 2004 5062 etiam
2087 5011 2198 5064 Leo

551 5077 798 5133 Allatius
827 5079 913 5132 De
928 5077 1263 5142 Methodiis,
1288 5093 1346 5147 p.
1372 5081 1493 5145 383,
1523 5079 1646 5143 384,
1672 5077 1774 5132 ubi
1805 5077 1879 5133 de
1911 5078 2203 5135 Methodio

552 5148 852 5204 monacho
886 5150 995 5217 (a).
1022 5153 1078 5203 et
1108 5147 1430 5203 schismate
1458 5149 1784 5203 Arseniano
1803 5165 1904 5204 seu
1933 5150 2204 5204 Arsenia-

551 5223 771 5291 tarum.
794 5222 865 5291 ,ln
901 5219 1186 5289 Catalogo
1216 5219 1637 5291 episcoporum
1665 5221 1943 5288 Byzantii,
1976 5221 2204 5275 Graeco-

553 5290 805 5370 Romani
834 5292 1014 5368 _Juris,
1051 5307 1109 5370 p.
1129 5289 1271 5370 ‘30-’1,
1301 5292 1347 5370 _o'
1393 5289 1537 5360 ἆῖγιος
1563 5289 1827 5369 Ἀρμένιος
1857 5290 2202 5370 όἈύτωρεια-

551 5363 650 5441 γάς,
675 5365 730 5415 ει
745 5360 1184 5441 qum-quaginta
1209 5366 1348 5441 ante
1371 5377 1509 5416 eum
1533 5360 1714 5441 annis
1731 5360 2200 5441 patria‘rcbatum

553 5433 822 5485 tenuerat
850 5431 1092 5486 Michael
1112 5433 1487 5498 Autorianus,
1515 5447 1584 5486 ex
1606 5431 1840 5500 eadem,
1875 5433 2198 5502 utvidetur,

551 5502 1014 5573 Autorianorum
1053 5508 1247 5573 gente.

624 5571 697 5641 (2)
756 5571 1082 5635 Ματαιὸτηξ
1115 5577 1496 5644 ματαιοτήτων.
1572 5573 1722 5629 Eccl.
1782 5576 1823 5642 l,
1876 5579 1928 5629 2.
1993 5574 2202 5632 Obser-

623 5715 701 5787 (α)
732 5714 914 5785 Cujus
935 5730 1089 5786 opus
1113 5714 1410 5802 edidimus
1441 5731 1623 5788 supra
1653 5717 1713 5775 in
1737 5719 1853 5776 hoc
1872 5718 2196 5777 volumine.

2316 4449 2522 4522 ρεσθαι.

2313 4797 2475 4852 vatio
2509 4797 2571 4853 S.
2627 4794 2940 4864 Augustini
2991 4794 3094 4850 lib.
3148 4799 3164 4849 i
3222 4795 3588 4859 Retractum,
3662 4809 3806 4866 cap.
3864 4800 3917 4858 7,

2312 4869 2539 4923 variam
2555 4866 2856 4922 lectionem
2871 4867 3275 4922 vanitantium
3290 4881 3395 4920 seu
3408 4866 3794 4921 vanitantum
3809 4866 3922 4921 ori-

2315 4939 2512 5006 ginem
2528 4938 2745 4992 ducere
2759 4953 2794 4992 a
2810 4937 3026 4994 Latinis
3039 4936 3346 4992 codicibus
3361 4935 3562 4991 minus
3581 4936 3767 5004 veris,
3782 4953 3917 4992 cum

2315 5013 2510 5066 Graece
2540 5008 2832 5063 habeatur
2864 5010 3221 5070 vanitatum,
3255 5013 3504 5078 eatenus
3537 5022 3684 5078 vera
3714 5012 3828 5078 est,
3863 5012 3920 5061 ut

2312 5080 2436 5136 ﬁeri
2453 5080 2726 5152 potuerit,
2743 5079 2913 5150 quied
2924 5095 3021 5135 am
3035 5077 3614 5152 exemplariaGi-aeca
3625 5076 3918 5152 habuisse

2313 5148 2689 5223 ματαὶοὑντων,
2712 5148 2892 5223 equo
2925 5148 3348 5223 υαηίιαηιίιιῃι.
3385 5149 3545 5223 Certe
3572 5148 3634 5203 in
3667 5150 3915 5223 antiqua

2311 5219 2581 5277 versione
2601 5219 3035 5294 opusculorum
3075 5220 3315 5294 Eusebii
3341 5219 3421 5294 ad
3438 5219 3801 5294 _ﬁnem¥1ib._
3820 5219 3912 5294 vn,

2311 5290 2715 5350 vanitantidm
2744 5292 3025 5364 invenio,
3072 5291 3350 5364 quamvis
3398 5290 3558 5345 idem
3623 5291 3914 5364 Eusebius

2309 5366 2496 5435 Praep.
2513 5381 2724 5434 evang.
2742 5363 2847 5420 lib.
2862 5379 2934 5428 x1,
2950 5361 3152 5435 cap.‘7,
3167 5366 3354 5434 ponat
3364 5361 3910 5435 paraiorﬁmvﬂuid

2309 5433 2470 5507 quod
2489 5451 2602 5491 vox
2618 5433 2907 5490 Hebraica
2922 5433 3069 5488 verti
3081 5433 3274 5507 potest
3286 5433 3626 5489 vanitatum
3643 5439 3704 5488 et
3736 5449 3912 5490 vano-

2309 5505 2440 5563 r'um
2471 5507 2733 5579 indeque
2764 5507 3164 5561 vanitantium
3192 5505 3220 5562 ?
