3988 6322
76 405 209 460 949
1543 401 2068 465 TESTAMENTUM.
3388 410 3496 468 950

168 526 255 581 B'.
290 527 390 580 Διά
420 543 501 578 τοι
536 531 688 579 τοῦτο
716 526 864 599 κάγὼ
902 527 1096 604 όπαρὰ
1144 534 1236 582 τοῦ
1270 532 1479 601 πρώτου
1539 533 1717 603 ποιμέ-

1897 535 1961 588 II.
1989 531 2216 590 Idcirco
2255 547 2369 604 ego
2394 533 2498 607 qui
2524 549 2560 591 a
2585 536 2781 608 primo
2810 539 3068 610 pastore,
3094 535 3335 609 judiciis
3379 535 3491 593 mi-

77 636 188 680 νος
232 620 496 691 κρίμασιν
557 611 699 678 ἰδίας
749 616 1138 691 εὐσπλαγχνίας
1192 615 1546 693 ἐγχειρισθείς
1603 622 1717 682 τούς

1834 621 2170 678 sericordim
2193 622 2342 693 ejus,
2376 622 2436 679 in
2467 639 2686 682 manus
2712 627 2917 700 accepi
2947 626 3360 699 patriarchicaa
3405 641 3493 684 se-

80 705 590 766 ὶκκλησιαστικούς
651 705 832 768 οἴακας
903 714 996 760 τοῦ
1057 715 1448 782 πατριαρχικοῦ
1517 711 1717 781 θρόνου,

1834 709 1924 765 dis
1940 711 2342 768 ecclesiastica
2361 713 2791 787 gubernacula,
2817 720 2882 773 ut
2912 715 3273 774 hareditati
3299 715 3492 788 ipsius

1831 797 2189 868 funiculum,
2218 816 2401 874 quem
2435 801 2636 859 bonus
2685 804 2891 861 Pastor
2947 804 3201 862 redemit
3247 803 3492 877 proprio

1832 890 2146 962 sanguine,
2169 890 2272 946 ind
2281 906 2515 947 ucerem
2539 892 2598 947 in
2621 908 2851 965 pascua
2864 894 3289 952 mandatorum
3303 892 3486 963 illius,

1826 979 1955 1050 jam
1982 979 2242 1034 instante
2269 979 2363 1035 die
2389 981 2581 1036 exitus
2614 983 2751 1052 mei,
2779 999 3125 1055 supremam
3154 997 3355 1042 meam
3385 997 3489 1038 vo-

1830 1069 2123 1125 luntatem
2137 1070 2364 1124 cunctis
2377 1069 2691 1141 patefacio,
2708 1076 2773 1128 ut
2790 1076 3158 1142 cognoscant
3168 1088 3261 1128 res
3288 1087 3456 1129 meas
3473 1087 3488 1139 ;

1832 1156 1999 1228 quod
2027 1155 2369 1213 nullatenus
2398 1164 2754 1232 cooperatus
2784 1160 3018 1229 fuerim,
3061 1165 3165 1218 aut
3193 1160 3290 1218 vel
3318 1160 3492 1217 mini-

1831 1261 2002 1300 mum
2017 1247 2437 1312 ,consenserim
2459 1248 2736 1320 perjuriis
2752 1265 2821 1306 ac
2839 1250 3161 1307 sceleribus
3183 1265 3319 1323 quae
3341 1264 3493 1322 prae-

1834 1339 2154 1390 cesserunt.
2192 1336 2378 1390 Deum
2405 1339 2608 1408 testor,
2637 1342 2820 1395 testor
2848 1339 3066 1396 electos
3118 1342 3175 1396 et
3251 1342 3491 1396 sanctos

1833 1423 2101 1493 angelos.

1905 1529 1994 1583 llI.
2028 1528 2209 1598 Igitur
2238 1529 2544 1597 conﬁteor,
2580 1547 2616 1587 ο
2659 1532 2758 1588 Dei
2819 1532 2995 1601 ovile,
3060 1548 3253 1606 exque
3300 1531 3490 1607 ipsius

1832 1619 2212 1675 concessione
2228 1636 2451 1687 meum,
2467 1621 2550 1677 ita
2569 1637 2668 1677 me
2687 1622 2947 1691 credere,
2965 1623 3114 1679 sicut
3133 1623 3347 1680 mundi
3365 1639 3490 1680 ser-

1831 1713 2070 1764 vatores
2093 1725 2162 1764 ac
2189 1709 2374 1765 divini
2396 1710 2670 1783 discipuli
2691 1712 2925 1768 Domini
2948 1712 3065 1768 mei
3092 1712 3484 1780 tradiderunt,

1834 1797 1982 1852 sicut
2009 1797 2196 1852 sancti
2211 1797 2414 1854 Patres
2429 1803 2486 1854 et
2501 1799 2664 1856 orbis
2679 1801 2952 1871 magistri
2965 1801 3320 1871 docuerunt,
3335 1801 3491 1857 sicut

1765 1896 1802 1947 B
1833 1901 1942 1942 con
1953 1885 2267 1942 ﬁrmarunt
2284 1891 2504 1943 sanctae
2522 1890 2977 1946 etoecumenicae
2999 1889 3216 1962 synodi
3232 1893 3486 1964 septem,

1834 1975 1995 2039 Quos
2022 1973 2102 2029 illi
2128 1974 2476 2046 abjecerunt
2496 1977 3162 2049 etanathematizarunt,
3179 1978 3360 2035 etiam
3385 1978 3492 2035 ab-

1829 2063 1969 2134 jicio
1983 2079 2051 2118 ac
2066 2064 2499 2121 anathematizo
2520 2085 2532 2134 ;
2549 2082 2703 2139 quos
2715 2082 2857 2122 vero
2878 2070 3249 2139 receperunt,
3264 2067 3487 2140 recipio

1833 2155 2012 2223 atque
2045 2167 2313 2208 veneror.
2337 2155 2475 2210 Post
2492 2154 2642 2223 haec,
2667 2155 2869 2212 audite
2891 2171 3010 2213 me.
3042 2157 3171 2212 Non
3187 2155 3346 2211 enim
3373 2155 3489 2214 ista

1832 2241 2069 2313 loquor,
2085 2241 2537 2311 gloriabundus,
2553 2244 2658 2300 sed
2669 2261 2814 2302 vera
2829 2244 3189 2319 praedicans.
3207 2245 3490 2311 Quandiu

1835 2331 2078 2387 consedi
2103 2331 2164 2386 in
2193 2331 2576 2403 patriarchali
2601 2333 2838 2404 throno,
2869 2349 2994 2390 non
3032 2333 3173 2390 dedi
3203 2349 3491 2391 somnum

1833 2418 2023 2476 oculis
2050 2420 2224 2486 meis,
2255 2435 2366 2476 nec
2397 2421 2701 2494 palpebris
2718 2422 2868 2479 meis
2893 2422 3405 2480 dormitatiomem
3427 2424 3448 2458 ³
3474 2439 3488 2479 :

1833 2507 2075 2564 recedat
2103 2508 2329 2565 invidia
2357 2510 2725 2581 redarguens
2753 2510 3202 2584 improbitatem
3233 2515 3288 2567 et
3331 2511 3491 2583 inju-

104 2594 418 2667 ὀφθαλμοῖς,
451 2592 573 2649 οὐδὲ
612 2603 723 2658 τοῖς
774 2595 1052 2670 βλεφάροις
1107 2616 1208 2670 μου
1257 2601 1594 2668 νυσταγμόν’
1651 2597 1717 2649 οἰ-

1837 2597 2056 2653 stitiam
2087 2613 2100 2652 :
2129 2612 2520 2671 nequaquam
2551 2599 2722 2665 cessi,
2775 2615 2900 2656 non
2955 2599 3189 2671 neglexi
3245 2615 3490 2670 gregem

106 2685 304 2754 χέσθω
329 2685 506 2755 φθόνος
536 2683 758 2757 ἐλέγχων
783 2690 872 2743 τὴν
917 2684 1132 2758 ἀνομίαν
1171 2691 1260 2738 καὶ
1325 2683 1539 2738 ἀδικίαν
1565 2703 1578 2716 ⁸
1631 2686 1717 2738 οὐκ

1835 2703 2040 2741 meum
2074 2702 2194 2742 non
2232 2687 2464 2744 cassavi
2488 2693 2659 2745 nocte
2681 2704 2752 2746 ac
2781 2689 2876 2744 die
2897 2705 3007 2762 pro
3035 2689 3138 2746 illo
3159 2689 3484 2748 decertare.

107 2769 348 2825 ἐνέδωκα
383 2773 530 2842 ὅλως,
575 2774 640 2826 σύ
686 2775 1030 2847 κατημέλοησα
1058 2782 1149 2828 τοῦ
1199 2771 1338 2828 ίδίου
1381 2780 1646 2848 ποιμνίου,
1678 2773 1772 2827 οὐκ
1801 2773 2110 2848 ἐπαυσάμην
2135 2779 2316 2838 νυκτὸς
2343 2781 2433 2830 καὶ
2465 2777 2648 2853 ἑμέρας
2673 2778 3166 2854 ὐπεραγονιζόμενος
3193 2781 3402 2835 τούτου.

85 796 190 847 ἶνα
223 798 290 847 τὸ
320 802 419 856 τῆς
446 793 794 870 κληροτομίας
823 795 985 849 αὐτοῦ
1023 800 1322 870 σχοίνισμα
1365 797 1486 870 ὅπερ
1515 799 1541 850 ὁ
1599 804 1723 851 Ποι-

85 888 209 956 μὴν
263 884 293 936 ὅ
367 883 523 945 καλός
571 892 643 956 τῷ
705 881 826 958 ἰδίῳ
888 886 1072 958 αἵματι
1131 885 1467 959 ἐξηγόρασεν,
1526 885 1723 959 εἰσάγω

86 977 240 1048 πρὸς
268 975 438 1046 νομὰς
465 993 566 1026 των
619 974 780 1027 αὐτοῦ
837 973 1046 1027 ἐντολῶν
1102 976 1172 1036 ὡς
1237 974 1572 1037 ἐνεστηκυίας
1613 972 1720 1034 ἤδη

88 1069 202 1123 τῆς
233 1058 451 1126 ἐξοδίου
493 1081 614 1135 μου,
670 1067 765 1122 τὴν
815 1063 1109 1117 τελευταίαν
1162 1083 1262 1136 μου
1316 1063 1574 1137 βούλησιν
1626 1084 1725 1118 πα-

90 1148 338 1224 ραδηλῶ
367 1159 472 1212 τοῖς
495 1158 677 1220 πᾶσιν,
711 1153 795 1205 ἱνα
826 1161 990 1224 γνῶσι
1011 1156 1077 1205 τὰ
1101 1153 1217 1206 κατ’
1248 1152 1336 1226 ἐμέ
1361 1155 1440 1206 ὅτι
1491 1150 1724 1215 οὐδόλως

94 1245 495 1313 συνήργησαῆ
551 1238 779 1295 ἕνέδωκα
842 1246 1026 1316 μικρόν
1083 1263 1135 1295 τι
1192 1243 1263 1305 εἰς
1315 1246 1408 1306 τὰς
1464 1263 1722 1318 προγεγο-

90 1329 258 1391 νυίας
307 1330 580 1404 ἐπιορκίας
632 1336 722 1384 καὶ
787 1337 1136 1404 παραναμίας.
1191 1335 1540 1408 Μαρτύρομαι
1571 1335 1721 1400 Θεὸν,

96 1422 456 1494 μαρτύρομαι
509 1423 630 1482 τοὺς
703 1419 968 1481 ἐκλεκτούς
1043 1426 1133 1474 καὶ
1207 1421 1387 1493 ἁγίους
1458 1420 1722 1494 ἀγγέλους.

183 1524 261 1582 Γ.
321 1525 589 1598 Ὀμολογῶ
637 1522 746 1596 οὐν,
807 1531 1046 1599 ποίμνιον
1098 1535 1190 1580 τοῦ
1245 1534 1378 1581 Θεοῦ
1434 1532 1524 1580 καὶ
1589 1531 1726 1580 κατὰ

102 1619 512 1689 παραχώρησιν
541 1618 728 1668 τούτου
770 1615 913 1688 έμὸν,
979 1620 1243 1670 πιστεύειν
1304 1636 1368 1690 με
1420 1617 1576 1686 οὐτω,
1625 1637 1724 1669 κα-

106 1704 216 1763 θὼς
259 1705 310 1756 οἱ
340 1709 741 1780 κοσμοσὼτηρες
785 1710 876 1758 καὶ
935 1707 1061 1758 θεῖοι
1105 1708 1340 1778 μαθηταὶ
1391 1713 1482 1758 τοῦ
1530 1712 1721 1780 Κυρίου

100 1811 217 1864 μου
244 1789 580 1866 παρέδωκαν,
632 1796 800 1854 καθὼς
855 1793 903 1844 οἰ
957 1794 1097 1866 ἅγιοι
1155 1799 1375 1868 Πατέρες
1413 1800 1503 1848 καὶ
1557 1792 1722 1849 διδὰ-

105 1881 307 1934 σκαλοί
372 1901 425 1935 τε
477 1890 568 1942 τῆς
620 1882 920 1954 οἰκουμένης
973 1881 1354 1956 ἐδογμάτισαν,
1407 1889 1496 1936 καὶ
1549 1885 1720 1948 καθῶς

104 1973 167 2023 αἱ
205 1970 363 2042 ἅγιαι
386 1976 478 2024 καὶ
527 1972 881 2044 οἰκουμενικαὶ
939 1970 1154 2025 σύνοδοι
1201 1972 1328 2026 ἐπτά
1384 1972 1719 2028 ἐϐεϐαίωσαν.

101 2063 220 2113 Καὶ
284 2058 375 2120 οὐς
428 2063 517 2132 μεν
575 2062 718 2113 οὗτοι
777 2059 1111 2136 ἀπεκηρυζαν
1168 2067 1258 2115 καὶ
1326 2061 1720 2135 ἀνεθεμάτισαν,

99 2154 205 2202 καὶ
278 2149 625 2224 ἁποκηρύττω
698 2156 789 2204 καὶ
867 2150 1230 2225 ἁναθέματίζω
1264 2174 1276 2186 ο
1332 2151 1417 2213 οὐς
1469 2149 1530 2205 δέ
1570 2153 1723 2205 πάλιν

101 2235 384 2309 ἰδέξαντο,
459 2244 549 2292 καὶ
589 2235 822 2314 δεχομαι
902 2245 992 2293 καὶ
1021 2249 1318 2315 προσκυνῶ.
1347 2243 1492 2294 Μετὰ
1546 2238 1606 2294 δέ
1663 2261 1723 2313 γε

101 2335 286 2380 ταῦτα
307 2327 569 2382 ἀκούσατε
597 2349 718 2402 μου.
754 2329 829 2382 Οὐ
882 2333 984 2402 γὰρ
1040 2333 1108 2391 ὡς
1154 2336 1504 2403 καυχώμενος
1559 2337 1727 2384 ταῦτα

105 2419 434 2491 φθέγγομαι,
511 2417 618 2471 ἀλλ’
675 2422 745 2481 ὡς
821 2419 1082 2478 ἀληθεύων
1134 2422 1211 2472 ὅτι
1266 2418 1576 2481 ἐπικαθίσας
1632 2429 1725 2474 τοῦ

103 2514 484 2580 πατριαχικοῦ
552 2509 756 2581 θρόνου,
787 2508 882 2560 οὐκ
913 2506 1142 2561 ἐνέδωκα
1197 2509 1354 2561 ὐπνον
1419 2516 1531 2570 τοῖς
1588 2508 1725 2582 ἐμοῖς

189 2879 260 2932 Δ’.
301 2879 510 2934 Ἰσασιν
536 2883 585 2933 οἱ
613 2886 933 2954 μεμυημένοι
957 2883 1061 2955 (3),
1102 2884 1258 2945 ὅσους
1309 2881 1507 2953 ἀγῶνας
1568 2883 1719 2953 ἡγω-

108 2971 347 3041 νισὸιμην
387 2968 468 3022 ἐπὶ
496 2979 591 3032 τῆς
644 2969 913 3042 βασιλείας
963 2979 1055 3024 τοῦ
1092 2971 1140 3023 ἐν
1199 2970 1506 3044 βασιλεῦσιν
1553 2968 1721 3023 ἀοιδί-

112 3075 220 3128 μου
261 3062 350 3110 καὶ
381 3057 756 3111 εὐσεϐεστάτου
786 3068 948 3134 κυροῡ
981 3056 1259 3132 Θεοδώρου
1309 3066 1402 3110 τοῦ
1451 3060 1714 3132 Λάσκαρι.

1900 2883 1990 2940 IV.
2025 2884 2227 2940 Sciunt
2251 2899 2452 2940 rerum
2481 2885 2673 2957 periti,
2704 2889 2852 2958 quot
2880 2901 3108 2956 agones
3147 2887 3487 2945 decertave-

1827 2971 1941 3027 rim
1963 2971 2074 3027 sub
2103 2972 2355 3044 imperio
2386 2972 2636 3029 celebris
2675 2976 2826 3032 inter
2849 2974 3244 3048 imperatores
3290 2975 3485 3048 piissi-

1828 3061 2033 3132 mique
2077 3059 2307 3116 domini
2362 3060 2654 3118 Theodori
2709 3063 2995 3119 Lascaris.
3055 3065 3185 3120 Non
3248 3063 3484 3136 pietatis

1830 3164 2017 3205 causa
2043 3153 2168 3205 erat
2193 3153 2514 3217 certamen,
2543 3151 2719 3224 quasi
2754 3151 3061 3223 piissimus
3104 3151 3167 3208 in
3214 3151 3417 3225 aliquo
3446 3167 3485 3210 a

1829 3239 2047 3312 pietate
2077 3239 2476 3306 descisceret;
2505 3240 2610 3296 sed
2637 3255 2748 3312 pro
2779 3239 3000 3310 viduis,
3032 3240 3342 3313 orphanis,
3391 3241 3486 3298 in-

1826 3327 2048 3399 juriam
2085 3330 2310 3400 passis.
2359 3329 2689 3402 Postquam
2732 3343 2874 3386 vero
2917 3328 3014 3386 ille
3060 3328 3333 3387 debitum
3379 3345 3484 3388 na-

1831 3421 1976 3473 tura
2007 3416 2266 3474 reddidit
2295 3434 2434 3473 cum
2466 3433 2708 3475 summa
2754 3417 3108 3490 poenitentia
3149 3421 3209 3475 et
3255 3418 3483 3476 confes-

1831 3495 1997 3562 sione
2043 3505 2294 3578 fervida,
2348 3506 2661 3580 ﬁliumque
2733 3523 2910 3562 suum
2931 3506 3238 3565 heredem
3292 3507 3484 3580 impe-

1830 3595 1899 3650 rii
1926 3611 2225 3668 suumque
2252 3611 2660 3654 successorem
2707 3596 3041 3670 dereliquit,
3083 3595 3276 3654 cuncti
3339 3597 3482 3655 huic

1829 3683 2107 3741 dixerunt
2175 3689 2641 3748 sacramentum,
2705 3685 2857 3741 sicut
2905 3689 3085 3742 antea
3129 3684 3482 3757 illijurave-

1827 3777 1962 3829 rant
2000 3790 2012 3828 :
2049 3789 2268 3845 nempe
2317 3774 2650 3845 pontiﬁces,
2701 3778 2964 3840 senatus,
3013 3775 3208 3830 omnis
3257 3774 3479 3831 exerci-

115 3145 247 3218 Οὐχ
276 3148 400 3218 ὑπὲρ
435 3146 694 3210 εὐσεϐείας
723 3145 782 3201 δέ
813 3145 872 3207 ἦν
905 3151 929 3201 ὁ
989 3147 1151 3220 ἁγὼν,
1208 3151 1276 3209 ὡς
1330 3146 1527 3200 ἀσεϐῶν
1585 3150 1721 3200 κατὰ

112 3239 170 3287 τὶ
200 3234 632 3299 ὁεύσεϐέστατος,
674 3236 783 3289 ἀλλ’
831 3239 956 3311 ὐπέρ
1010 3245 1216 3312 χηρῶν,
1287 3238 1414 3310 ὑπὲρ
1466 3235 1716 3309 ὀρφανῶν,

115 3325 248 3395 ὑπέρ
286 3320 662 3398 ἀδικουμένων.
719 3326 864 3382 Ἐπεί
922 3323 973 3378 δ’
1033 3325 1222 3387 ἐκεῖνος
1256 3323 1616 3399 ἐλειτούργησε
1662 3327 1720 3377 τὸ

113 3416 292 3486 χρεὼν
357 3411 405 3464 ἐν
465 3418 715 3487 μετανοίᾳ
786 3413 1147 3489 ὐπερϐαλούσῇ
1218 3419 1308 3467 καὶ
1360 3412 1721 3486 ἐξομολογήσει

118 3502 306 3573 θερμῇ,
338 3505 425 3554 καὶ
470 3505 557 3554 τόν
612 3503 771 3556 αὐτοῦ
826 3500 999 3556 παῖδα
1049 3503 1368 3577 κληρονόμον
1419 3509 1512 3565 τύς
1565 3501 1722 3574 βασι-

113 3588 259 3651 λείας
309 3595 397 3642 καὶ
450 3590 610 3644 αὐτοῦ
680 3587 944 3663 διάδοχον
999 3591 1260 3662 κατέλιπε,
1329 3595 1419 3643 καὶ
1502 3590 1722 3652 ἅπαντες

113 3680 285 3750 τούτῳ
310 3679 540 3752 ὤμοσαν,
581 3682 651 3741 ὡς
706 3686 794 3733 καὶ
850 3685 1246 3755 προγενέστερον
1278 3683 1445 3750 τούτῳ
1500 3679 1720 3752 ὀμόσαν-

113 3785 216 3836 τες,
248 3772 334 3819 καὶ
367 3766 634 3841 ἀρχιερεῖς
692 3774 778 3821 καὶ
837 3768 1123 3841 σύγκλητος
1195 3766 1422 3830 καὶᾶπας
1501 3771 1720 3840 στρατός

114 3858 208 3906 καὶ
235 3856 368 3918 ὀίπας
407 3853 596 3930 δῆμος.
648 3862 1005 3933 Περιέχουσαν
1063 3854 1122 3910 δὲ
1178 3857 1402 3929 κεφαλὴν
1453 3855 1718 3919 λείποντός

117 3963 221 4017 μου
254 3948 339 3996 τὸν
372 3945 722 4018 Παλαιολόγον
752 3951 1100 4004 πεποίηκασιν
1133 3947 1182 3998 οἰ
1206 3966 1260 3998 τε
1312 3945 1577 4019 ἀρχιερεῖς
1628 3950 1719 3998 καὶ

118 4035 152 4091 ἠ
191 4034 470 4104 σύγκλητος
499 4032 593 4088 διὰ
621 4039 680 4088 τό
705 4043 796 4088 τοῦ
827 4035 1084 4109 βασιλέως
1125 4033 1314 4093 οἶνηϐον
1347 4056 1358 4068 ·
1420 4039 1509 4086 καὶ
1568 4053 1720 4107 κεφα-

117 4121 216 4179 λὴν
241 4122 388 4175 αὐτόν
422 4120 586 4196 εὖρον,
611 4123 664 4176 ἐκ
690 4133 786 4186 τῆς
839 4129 1062 4186 Νικαίας
1114 4127 1241 4198 πρὸς
1293 4127 1388 4182 τὴν
1444 4122 1718 4196 βασίλειαν

121 4210 294 4266 ἔλθων.
371 4216 471 4266 Καὶ
544 4215 719 4288 ὅρκοις
792 4210 1232 4287 φρικωδεστάτοις
1307 4212 1462 4275 αὐτὸς
1534 4212 1716 4264 ἔαυτόν

120 4301 495 4373 κατησφάλισε,
547 4306 636 4354 καὶ
701 4306 853 4375 τόμοι
921 4305 1014 4354 σύν
1072 4308 1181 4364 τοῖς
1229 4302 1402 4374 ὅρκοις
1467 4299 1712 4372 ἐγένοντο.

122 4388 202 4441 Οὐ
229 4389 352 4441 πολὺ
384 4386 442 4442 δὲ
471 4388 609 4442 τὸέν
650 4395 792 4462 μέσῳ
850 4395 940 4442 καὶ
1005 4386 1267 4448 δεσπότην
1326 4389 1478 4441 αὐτὸν
1531 4392 1580 4441 οἱ
1626 4393 1712 4442 καὶ

119 4477 339 4550 κεφαλὴν
410 4481 760 4552 ποιησάμενοι
837 4477 1259 4538 ἁποκατέσησαν.
1356 4483 1456 4530 Καὶ
1562 4477 1714 4530 πάλιν

1829 3866 1943 3932 tus,
1975 3861 2289 3918 universus
2314 3862 2597 3934 populus.
2640 3866 2832 3934 Caput
2857 3865 3058 3918 autem
3089 3877 3278 3934 supra
3302 3864 3474 3919 caete-

1827 3966 1950 4020 ros,
1982 3950 2227 4006 absente
2260 3966 2377 4018 me,
2412 3951 2843 4006 constituerunt
2872 3949 3301 4020 Palzeologum,
3333 3966 3475 4008 cum

1827 4039 2140 4114 pontiﬁces
2164 4045 2290 4095 tum
2313 4043 2576 4107 senatus,
2598 4038 2678 4094 ob
2696 4037 3076 4110 imperatoris
3093 4042 3332 4096 aetatem
3355 4039 3475 4096 ima

1827 4129 2118 4202 puberem
2153 4146 2165 4183 :
2201 4143 2452 4201 eumque
2482 4131 2666 4199 caput
2689 4127 2915 4184 factum
2941 4127 3158 4199 reperi,
3181 4127 3476 4201 quandoe

1827 4219 2022 4275 Nicaea
2068 4218 2200 4273 veni
2247 4217 2309 4272 in
2351 4217 2602 4288 regiam.
2659 4215 2757 4271 Ille
2803 4215 3164 4288 juramentis
3209 4216 3476 4273 maxime

1824 4307 2140 4364 horrendis
2172 4306 2423 4362 munivit
2451 4321 2512 4362 se
2534 4321 2605 4362 ac
2633 4304 2818 4361 ﬁdem
2847 4304 3030 4374 dedit,
3061 4308 3119 4362 et
3147 4305 3295 4362 tomi
3335 4322 3475 4362 cum

1824 4396 2212 4453 sacramentis
2233 4395 2435 4466 scripti
2457 4399 2616 4461 sunt,
2641 4397 2770 4450 Non
2789 4393 2981 4450 multo
3007 4393 3315 4465 interjecto
3325 4397 3476 4450 tem-

1823 4502 1990 4558 pore,
2023 4485 2128 4557 qui
2153 4488 2333 4556 caput
2375 4483 2785 4552 designarant,
2831 4481 3148 4539 dominum
3188 4482 3474 4540 eumdem

118 4587 288 4640 τομοι,
330 4572 420 4620 καὶ
473 4568 625 4620 πάλιν
683 4571 848 4643 ὅρκοι,
904 4573 995 4621 καὶ
1054 4576 1154 4620 τῶν
1203 4571 1463 4642 προτέρων
1521 4586 1713 4640 φρικω-

1834 4555 2197 4631 creaverunt.
2224 4555 2387 4630 'l‘unc
2415 4573 2627 4628 iterum
2653 4571 2858 4639 libelli,
2886 4571 3103 4628 iterum
3126 4572 3473 4643 juramenta

119 4654 369 4729 δέστεροι.
402 4660 548 4710 Μετὰ
578 4655 635 4711 δὲ
663 4677 717 4730 γε
743 4661 938 4716 ταύτην
966 4657 1045 4730 (4)
1099 4663 1190 4709 καὶ
1238 4661 1332 4716 τὴν
1383 4664 1483 4716 τῶν
1537 4661 1712 4708 κοκκί⁴

117 4766 216 4798 νων
242 4742 456 4798 ἄνδυσιν
497 4743 762 4817 ίνέδυσαν,
798 4745 922 4819 βίαν
965 4751 1054 4798 καὶ
1111 4754 1207 4797 τῶν
1257 4749 1514 4821 προτέρων
1539 4743 1708 4816 βιαιο-

115 4838 264 4906 τέραν
288 4837 412 4909 πρὸς
427 4839 489 4908 μέ
521 4831 887 4907 ἐνδειξάμενοι.

191 4945 261 5000 Ε¹.
304 4949 648 5020 Μαρτύρομαι
701 4949 884 5008 πάντες
940 4951 1060 5008 τοὺς
1109 4943 1314 5008 εἰδοτας
1366 4950 1460 5004 τὴν
1511 4947 1703 5020 ὑπερα-

121 5055 292 5108 πειρον
343 5034 536 5093 ἐκείνην
592 5035 734 5110 βίαν,
805 5041 894 5088 καὶ
953 5041 1046 5094 τὴν
1101 5044 1200 5088 τῶν
1254 5044 1478 5110 φρικτῶν
1511 5036 1704 5092 συνθη-

115 5134 217 5179 κῶν
241 5129 325 5176 καὶ
351 5126 512 5198 ὅρκων
563 5123 843 5197 ἀσφάλειαν
902 5125 962 5178 Εἰ
1024 5123 1082 5178 δὲ
1137 5144 1198 5196 γε
1253 5125 1394 5178 οὗτοι
1447 5122 1702 5182 ἀναισθη-

187 5322 208 5356 ³
231 5319 376 5377 Psal.
409 5336 588 5388 cxxxr,
617 5324 670 5377 4.

185 5498 709 5572 (3)ῌΟἱμεμυημένοι.
746 5500 1062 5572 Gregorius
1116 5502 1425 5572 Nyssenus
1489 5499 1698 5557 homil.

113 5576 144 5625 2
168 5569 226 5624 in
246 5569 740 5642 Ecclesiastem,p.
773 5573 876 5626 389
917 5573 977 5637 C,
1007 5570 1065 5623 Ὁ
1113 5569 1177 5622 ἐν’
1191 5575 1346 5624 παντί
1374 5576 1462 5624 καὶ
1490 5575 1538 5624 ἐν
1567 5579 1700 5625 πᾶσι

117 5644 415 5715 μεμνημένος
463 5641 697 5702 Παῦλος(
743 5642 1017 5715 Rescribe
1071 5659 1209 5715 cum
1258 5643 1462 5699 codice
1516 5645 1698 5715 Regio

122 5713 268 5779 1797,
290 5716 627 5784 μεμνημένος.
667 5713 877 5769 Penico
907 5713 1086 5770 etiam
1109 5713 1170 5770 in
1201 5714 1560 5786 Paraphrasi
1589 5719 1691 5771 Pa-

1821 4680 2012 4736 eaque
2047 4663 2348 4736 prioribus
2382 4661 2782 4718 terrribiliora.
2833 4660 3057 4718 Deinde
3095 4677 3240 4720 vero
3288 4662 3471 4719 etiam

1819 4769 2089 4826 purpura
2133 4751 2476 4820 induerunt,
2525 4766 2665 4808 cum
2707 4751 3005 4823 majorem
3053 4766 3240 4823 quam
3285 4753 3465 4808 antea

1815 4842 1939 4898 vim
1969 4839 2492 4912 mihijntulissent.

1885 4950 1949 5006 V.
1979 4950 2181 5003 Testor
2208 4949 2505 5019 quotquot
2550 4948 2846 5002 noverunt
2889 4943 3258 4999 immensam
3295 4942 3462 5000 illam

1812 5036 1955 5106 vim,
1989 5040 2047 5091 et
2073 5035 2450 5092 horribilium
2474 5040 2790 5108 pactorum
2823 5035 3460 5104 sacramentorumque

1813 5124 2178 5182 cautionem.
2208 5123 2380 5189 Quod
2402 5123 2450 5180 si
2470 5123 2551 5180 illi
2573 5138 2816 5180 sensum
2827 5119 3175 5184 amiserunt,
3207 5133 3318 5177 seu
3329 5135 3459 5178 ma-

1810 5517 2110 5640 chymegm
2133 5531 2272 5588 cap.
2305 5517 2357 5583 9,
2381 5515 2469 5570 De
2494 5510 2716 5570 caelesti
2745 5509 3091 5570 hierarchia
3114 5525 3178 5570 n.
3199 5514 3255 5585 2,
3275 5518 3462 5587 μυοῦνο

1810 5609 1896 5640 ται
1931 5609 1994 5640 τα
2068 5607 2164 5640 εια.

1809 5609 1896 5640 ται
1931 5609 1994 5640 τα
2036 5607 2164 5643 υεια.

1879 5661 1960 5732 (4)
1989 5662 2133 5713 Μετὰ
2165 5655 2224 5712 δὲ
2252 5677 2308 5730 γε
2323 5653 2851 5728 ταύττην.ῐηΐοιιίεο
2875 5658 3094 5729 ἡμέραν.
