3988 6322
501 349 600 406 951

1709 344 1990 402 ARSENII
2029 347 2129 403 CP.
2173 341 2660 400 ΡΑΤΗΙΑΒΟΗᾸι.

3775 349 3879 402 9Ξῖ

507 473 601 544 gis
648 471 989 528 voluntaria
1031 469 1259 525 malitia
1308 469 1538 525 veritati
1578 468 1986 526 testimonium
2027 484 2154 526 non

2286 474 2460 538 οὖσιν,
2521 468 2548 526 ἢ
2617 466 2808 540 μᾶλλον
2877 467 3288 530 ἐθελοκακοῦντες
3353 472 3446 528 τὴν
3525 469 3784 529 ἀλήθειαν
3827 471 3878 523 οὗ

509 563 737 630 dicunt,
752 565 953 626 testor,
974 557 1394 625 Isaiaainstar‘,
1414 558 1632 614 coelum
1659 563 1715 614 et
1736 563 1976 622 terram,
2008 575 2156 632 quo-

507 651 684 708 modo
715 649 1053 715 restiterim,
1085 647 1394 720 quomodo
1422 648 1831 704 contenderim
1857 671 1869 713 ;
1897 665 2021 721 quo
2052 666 2158 722 pa-

510 745 604 798 cto
625 741 838 796 iterum
869 737 962 793 ille
985 739 1466 809 juramentorum
1513 738 2029 795 conﬁrmationem
2078 740 2157 796 ad

508 846 606 888 me
637 833 694 884 et
724 827 803 884 ad
833 827 1145 899 pontiﬁces
1176 827 1397 884 fecerit.
1430 831 1577 883 Nam
1610 828 1691 884 ita
1715 828 1935 898 juravit
1974 846 1987 882 :
2022 850 2049 879 «
2089 829 2158 885 Si

509 921 752 978 voluero
765 917 1271 996 noxiiquidquam
1285 917 1512 987 facere,
1531 919 1652 973 sive
1668 932 1896 988 perme,
1920 919 2040 974 sive
2054 933 2160 988 per

509 1010 720 1069 alium,
737 1007 800 1061 in
821 1007 1128 1062 dominum
1140 1021 1329 1062 meum
1340 1050 1353 1074 ,
1371 1006 1638 1062 heredem
1654 1022 2040 1063 successorem
2050 1023 2160 1079 que

507 1096 765 1167 imperii,
785 1096 898 1152 sim
917 1101 1257 1165 segregatus
1280 1111 1317 1150 a
1341 1096 1575 1164 vivi/ica
1595 1101 1648 1151 et
1667 1096 2162 1152 consubstantiali

519 1187 832 1251 Trinitate,
863 1191 1041 1257 atque
1067 1185 1329 1240 traditus
1350 1185 1608 1240 diabolo.
1641 1204 1669 1234 ν
1694 1186 1838 1240 Cum
1867 1185 1980 1240 hoc
2004 1186 2161 1256 jure-

505 1275 790 1350 jurando,
832 1274 1010 1329 etiam
1035 1272 1198 1328 aliud
1227 1272 1454 1328 factum
1487 1278 1575 1329 est
1603 1289 1746 1343 erga
1772 1289 2016 1329 omnem
2046 1290 2160 1347 po-

508 1365 744 1439 pulum,
798 1362 1111 1435 pontiﬁces
1162 1361 1520 1430 sacerdotes,
1553 1363 1890 1434 optimates,
1922 1363 2156 1434 milites,

512 1454 773 1525 denique
797 1452 1075 1507 homines
1098 1451 1385 1522 privatos,
1411 1455 1492 1517 ut,
1520 1467 1701 1522 quem
1724 1468 1754 1506 e
1783 1451 2024 1508 duobus
2045 1453 2160 1507 im-

513 1542 893 1619 peratoribus
944 1539 1170 1596 videret
1213 1539 1476 1612 populus
1525 1540 1585 1595 in
1637 1540 1876 1596 alterius
1915 1541 2162 1597 insidias

515 1633 837 1698 declinare,
872 1629 920 1685 si
950 1627 1261 1684 insidiator
1289 1628 1536 1700 quidem
1563 1629 1880 1685 occidisset
1929 1629 2162 1685 insidiis

516 1721 870 1795 appetitum,
900 1722 966 1774 ut
1007 1718 1205 1773 cuncti
1236 1723 1760 1788 congregarentur,
1791 1723 1968 1791 atque
2000 1718 2164 1774 illum

518 1813 699 1870 etiam
742 1808 1139 1864 interﬁcerent
1187 1825 1200 1874 ;
1233 1807 1672 1879 proclamarent
1711 1825 1852 1864 vero
1885 1809 1946 1864 in
1983 1808 2167 1880 impe-

2286 1811 2602 1882 τωρεύωνται
2672 1807 2913 1874 ἅπαντες,

517 1905 781 1957 ratorem
814 1913 997 1969 quem
1020 1895 1236 1951 vellent
1273 1911 1303 1951 e
1345 1901 1556 1952 senatu
1593 1915 1605 1951 :
1641 1897 1688 1952 si
1727 1913 1865 1952 vero
1913 1898 2168 1952 inaniter

518 1991 798 2048 caderent
822 1985 1074 2050 insidiae,
1101 1985 1365 2057 populus
1395 2001 1534 2041 eum
1575 1987 1680 2058 qui
1727 1986 2041 2042 insidiator
2079 1987 2166 2041 vi-

520 2095 624 2135 sus
659 2077 864 2133 fuisset
888 2074 1442 2148 comprehenderet,
1468 2091 1538 2131 ac
1569 2077 1745 2131 morti
1776 2075 2035 2131 traderet
2064 2075 2169 2130 ha-

516 2166 803 2238 beretque
847 2164 1272 2236 imperatorem
1317 2162 1484 2218 illum
1530 2164 1625 2219 cui
1657 2163 1890 2218 insidiae
1935 2166 2169 2218 structa:

519 2260 716 2314 essent
747 2274 759 2311 :
797 2254 962 2326 quod
995 2252 1044 2307 si
1074 2268 1196 2308 non
1218 2252 1298 2308 ita
1323 2257 1524 2320 ageret
1550 2252 1828 2324 populus,
1871 2251 1981 2306 idsi
2027 2267 2171 2322 quo-

517 2361 636 2418 que
666 2347 866 2399 essent
902 2340 1404 2396 excommunicati
1441 2344 1619 2411 atque
1668 2340 2167 2396 anathematizati.

592 2434 680 2486 VI.
715 2429 810 2485 His
834 2429 964 2500 ipse
989 2427 1345 2498 juramentis
1391 2427 1653 2497 alligavit
1697 2444 1756 2481 se
1805 2442 2171 2499 omnemque

520 2520 780 2596 plebem.
807 2521 921 2572 Nec
942 2516 1131 2572 multo
1152 2517 1357 2588 elapso
1374 2520 1660 2588 tempore,
1682 2517 1809 2587 jam
1832 2517 1910 2572 ad
1934 2532 2170 2572 coronae

519 2609 968 2682 impositionem
1022 2607 1312 2678 compulit
1345 2622 1462 2661 me.
1489 2609 1618 2672 Qua
1658 2608 1885 2662 ratione
1933 2623 2174 2663 enume-

521 2715 653 2757 rare
677 2697 906 2771 possim
941 2694 1329 2766 multiplicem
1375 2711 1560 2766 quam
1609 2695 1860 2751 sustinui
1910 2697 2172 2769 tyranni-

521 2789 662 2846 dem
691 2787 718 2844 ?
743 2785 1006 2842 inﬁnitas
1036 2783 1166 2839 illas
1212 2784 1545 2851 violentias,
1586 2789 1786 2852 noctu,
1840 2801 1946 2858 per
1987 2786 2168 2852 diem,

521 2875 982 2951 apontiﬁcibus,
1029 2873 1441 2947 optimatibus,
1473 2874 1906 2942 sacerdotibus,
1965 2891 2173 2932 mona-

521 2967 673 3036 chis,
704 2964 1029 3037 hagioritis,
1059 2963 1352 3029 solitariis,
1391 2967 1446 3018 et
1488 2967 1551 3018 ut
1594 2963 1779 3020 semel
1825 2963 2046 3033 dicam,
2092 2963 2171 3020 ab

521 3055 807 3114 omnibus
838 3053 958 3109 fere
980 3053 1038 3108 in
1070 3051 1375 3123 dignitate,
1397 3052 1748 3119 sacerdotio,
1773 3053 1895 3109 vita
1937 3052 2172 3126 privata

523 3145 858 3204 constitutis
879 3143 906 3199 ?
925 3141 1041 3200 Sed
1056 3158 1164 3198 nec
1187 3142 1466 3198 mulieres
1491 3141 1838 3214 hujusmodi
1881 3143 2168 3198 violentiae
2203 3174 2242 3229 ρ

522 3238 798 3308 expertes
837 3235 1272 3288 remanserunt.
1304 3231 1731 3288 Testimonium
1763 3232 1909 3286 mihi
1939 3231 2172 3286 dabunt

525 3338 736 3380 omnes
764 3319 995 3376 veritati
1030 3319 1316 3386 innutriti,
1344 3324 1574 3392 quanta
1611 3319 1689 3376 ad
1737 3320 2012 3391 Syrrhea,
2059 3323 2171 3375 Lu-

525 3410 799 3483 padium,
835 3409 1086 3463 Prusam
1116 3422 1336 3478 passus
1370 3407 1602 3463 fuerim.
1649 3407 1757 3463 Ubi
1797 3413 1997 3464 autem
2048 3423 2172 3464 non

526 3499 884 3556 invenerunt
923 3512 1019 3550 me
1071 3511 1193 3549 suae
1241 3496 1533 3551 voluntati
1593 3496 2107 3568 obtemperantem
2157 3516 2170 3566 ;

526 3584 930 3660 quadraginta
953 3582 1288 3656 pontiﬁces,
1316 3588 1371 3639 et
1400 3584 1682 3656 amplius,
1705 3602 1814 3641 sua
1845 3586 1990 3640 mihi
2031 3585 2172 3640 scri-

527 3681 632 3750 pta
656 3673 1050 3741 tradiderunt,
1085 3673 1145 3728 in
1176 3673 1420 3746 propria
1451 3675 1651 3746 capita
1677 3675 1900 3731 habere
1941 3691 2002 3730 se
2036 3691 2174 3748 pro-

527 3765 671 3823 fessi
705 3767 1220 3820 sacramentorum
1269 3761 1674 3833 violationem,
1721 3768 1777 3820 et
1819 3780 2174 3820 coronarem

527 3853 930 3924 Palaaologum
955 3854 1218 3925 primum
1247 3871 1259 3908 :
1296 3852 1462 3926 quod
1488 3858 1615 3908 erat
1644 3853 1838 3910 nefas.
1879 3856 1997 3909 Hoc
2015 3855 2174 3910 enim

527 3943 638 4001 fuit
659 3947 1103 4000 sacramentum
1137 3946 1316 4013 atque
1364 3945 1877 3998 sacramentorum
1914 3943 2176 3998 maxime

526 4031 898 4090 horrendum
967 4047 1039 4088 ac
1102 4030 1502 4097 formidabile,
1581 4035 1645 4087 ut
1709 4032 1975 4101 haberet
2014 4033 2176 4089 Calo-

602 4143 622 4176 ⁵
655 4147 770 4198 Isa.
793 4155 834 4207 1,
867 4142 921 4193 2.

603 4229 1028 4301 (5)_'A7¢opu'&w
1097 4228 1192 4301 vel
1244 4225 1594 4301 'Aytopum‘w.
1645 4227 1978 4298 Hagioritte,
2048 4244 2177 4284 mo-

530 4297 709 4356 naChi
741 4297 1066 4353 incolentes
1092 4297 1239 4367 ἅγιον
1269 4297 1362 4353 vel
1390 4297 1548 4371 ἱερὸν-
1570 4300 1706 4370 ὅρος,
1740 4297 2006 4371 montem
2043 4316 2178 4354 san-

536 4375 700 4442 ctum
743 4374 804 4442 et
845 4383 1107 4434 sacrum,
1152 4369 1688 4442 montemLAtbos:
1741 4369 1888 4440 ἅγιον
1933 4376 2047 4442 όχοος
2087 4379 2178 4422 τοῦ

534 4439 706 4494 Ἄθω.
749 4440 1130 4510 Victorpapa
1169 4439 1394 4505 tertius,
1431 4439 1535 4494 lib.
1560 4455 1595 4494 ιι
1627 4439 2018 4510 DialOgorum
2056 4458 2179 4496 non

534 4510 744 4583 procul
774 4509 1088 4583 abinitio:
1129 4511 1512 4583 Postmodum
1556 4526 1692 4566 vero
1738 4509 1821 4566 in
1852 4514 2084 4568 Graecia
2118 4516 2179 4567 in

533 4581 730 4636 hiante
756 4581 1260 4652 quiﬂHagionoros
1294 4581 1537 4649 dicitur,
1567 4583 1878 4652 aliquanto
1923 4591 2184 4651 tempore

533 4653 774 4725 mansit.
829 4651 976 4705 Hinc
1032 4656 1185 4723 τόμος
1223 4651 1738 4725 *Ἀγιορειτικὸςζῖγῐὶ
1787 4654 1906 4708 ﬁne
1966 4655 2182 4725 syuodi

534 4722 974 4784 Palamitarum,
1000 4722 1271 4777 Auctario
1298 4739 1357 4777 ill
1381 4722 1850 4780 'Combeﬁsiano.

603 4795 685 4867 (6)
735 4796 1032 4867 Σύντροφοι.
1086 4793 1412 4867 Dictionem
1463 4795 1729 4850 Latinam
1780 4795 1914 4850 fecit
1962 4795 2187 4851 Tertul-

529 4864 774 4935 liamus,
795 4864 1100 4938 Adversus
1119 4865 1715 4938 Valentinianos.cap
1744 4870 1775 4921 8
1801 4885 1812 4921 :
1849 4869 2095 4923 Interim
2124 4868 2186 4922 in

533 4940 856 4995 tricenario
879 4937 1218 5007 fecunditas
1241 4943 1363 4992 tota
1384 4937 1582 5005 deﬁcit
1601 4955 1612 4992 :
1634 4937 1901 4994 castrata
1930 4945 2010 4994 est
2030 4941 2114 4994 vis
2133 4944 2185 4993 et

527 5016 792 5078 potestas
823 5015 877 5065 et
901 5008 1083 5064 libido
1112 5010 1395 5078 genitalis
1429 5009 1722 5064 (Eanum.
1761 5011 1944 5076 Quasi
1980 5026 2100 5064 non
2131 5014 2186 5064 et

530 5095 912 5136 numerorum
941 5086 1113 5135 tanta
1147 5080 1347 5135 adhuc
1403 5082 1659 5149 coagula
1700 5086 2092 5149 superessent.
2133 5087 2186 5136 et

532 5153 709 5206 nulla
729 5155 855 5207 alia
872 5152 944 5206 de
961 5151 1306 5221 pwdagogio
1327 5155 1592 5206 nomina.
1615 5151 1810 5217 Quare
1827 5154 1978 5206 enim
2010 5167 2123 5204 non
2138 5155 2191 5206 et

531 5223 967 5292 quinquaginta
989 5229 1042 5279 et
1065 5229 1299 5277 centum
1311 5226 1711 5290 procreantur
1731 5226 1756 5275 .9
1776 5237 1961 5291 quare
1973 5228 2026 5277 et
2047 5228 2188 5276 ster-

531 5294 669 5347 ceiae
685 5299 739 5347 et
751 5293 1074 5362 syntrophi
1087 5295 1482 5348 nominantur
1498 5297 1525 5347 ?
1545 5294 1730 5357 Quem
1750 5293 1948 5347 locum
1969 5293 2187 5347 frustra

532 5362 848 5434 sollicitant
873 5364 983 5417 viri
1009 5364 1189 5431 docti,
1223 5364 1279 5434 in
1304 5378 1450 5418 voce
1480 5366 1759 5431 sterceiae,
1789 5381 1921 5434 quae
1951 5379 2055 5434 per
2089 5363 2185 5417 de-

530 5431 850 5505 ridiculum
873 5434 1029 5489 facta
1055 5441 1159 5500 est,
1188 5433 1266 5505 ad
1294 5435 1706 5502 designandos
1733 5431 2012 5505 puerulos
2041 5440 2188 5489 ster-

531 5517 666 5558 core
697 5503 1010 5577 inquinare
1043 5521 1106 5559 se
1139 5504 1362 5577 solitos,
1388 5510 1644 5577 apteque
1667 5503 1804 5577 cum
1839 5506 2186 5577 syntrophis

530 5588 636 5628 seu
667 5575 999 5629 coalumnis
1030 5575 1444 5643 conjungitur.’
1479 5575 1706 5639 Rigaltii
1746 5575 1886 5631 vero
1917 5575 2186 5632 stercolaa

527 5644 811 5718 nutrices,
845 5645 1114 5718 quidad
1138 5649 1410 5718 ⁸ᾼῦοιιιιιῑι
1447 5646 1685 5718 prolem
1730 5647 2071 5711 augendam
2099 5649 2185 5703 fa-

2261 565 2612 631 μαρτυροῡσι,
2667 561 3023 634 μαρτύρομαι,
3085 562 3220 612 κατὰ
3275 563 3362 612 τὸν
3420 558 3571 632 ἅγιον
3631 561 3878 625 ’ΞΜ-αἶαν,

2263 647 2476 721 οὐρανόν
2533 667 2586 700 τε
2645 653 2735 699 καὶ
2772 656 2892 718 γῆν,
2946 656 3049 709 πως
3102 647 3374 714 ἀντέστην,
3429 657 3539 712 πῶς
3604 651 3878 721 ἠγωνισά-

2265 757 2386 810 μην,
2415 745 2519 797 πῶς
2545 736 2695 799 οὗτος
2729 742 2818 790 καὶ
2870 737 3022 790 πάλιν
3093 742 3186 796 τὴν
3250 746 3348 790 τῶν
3420 741 3587 811 ὅρκων
3649 739 3873 811 βεϐαίω-

2267 845 2349 878 σιν
2376 830 2506 900 πρὸς
2535 830 2598 900 με
2656 831 2746 879 καὶ
2799 830 2928 900 πρὸς
2977 831 3092 888 τοὺς
3149 826 3411 901 ἀρχιερεῖς
3450 827 3730 886 ἐποίησεν.
3770 830 3878 880 Οὖ-

2264 935 2336 968 τω
2364 919 2464 990 γὰρ
2497 917 2694 988 ὤμοσεν
2726 937 2738 950 ο
2781 936 2809 965 ι(
2863 917 2923 968 Εἰ
2977 915 3220 988 βουληθῶ
3278 937 3330 969 τι
3381 922 3680 970 κακωτικόν
3732 917 3878 990 ἐρξά-

2269 1007 2486 1071 σασθαι,
2532 1009 2631 1058 εἶτε
2663 1002 2733 1057 δι’
2788 1005 2912 1078 ἐμοῦ
2967 1003 3038 1058 δι’
3099 1005 3296 1079 ἐτέρου,
3350 1005 3420 1068 εἰς
3482 1010 3572 1058 τὸν
3629 1007 3878 1063 αὐθέντην

2265 1114 2366 1166 μου
2405 1099 2495 1146 καὶ
2533 1095 2846 1170 κληρονόμον
2876 1100 2966 1147 και
2995 1091 3256 1167 διάδοχον
3301 1103 3391 1156 τῆς
3450 1095 3751 1168 βασιλείας,
3810 1100 3882 1147 ἱνα

2268 1181 2748 1257 εὶμίάγωρισμέθος
2788 1181 2888 1235 ἀπὸ
2930 1192 3027 1244 τῆς
3082 1184 3392 1258 ζωαρχικῆς
3441 1189 3532 1236 καὶ
3591 1186 3880 1256 ὀμοουσ.ου

2269 1270 2514 1345 Τριὰδος,
2576 1269 2998 1346 παραδεδομένος
3050 1281 3121 1343 τῷ
3186 1271 3435 1344 διαϐόλῳ.
3504 1297 3533 1322 ››
3591 1277 3694 1326 Σὺν
3769 1277 3880 1326 τοὶ.

2269 1381 2340 1435 τῳ
2366 1372 2437 1433 τῷ
2473 1364 2608 1438 ὅρκῳ
2665 1367 2755 1414 καὶ
2801 1364 2964 1435 ἔτερος
3017 1367 3218 1434 γέγονεν
3268 1364 3425 1436 ὅρκος
3479 1367 3612 1438 πρὸς
3677 1364 3884 1416 ἅπαντα

2269 1455 2356 1504 τὸν
2424 1452 2566 1520 λαὸν,
2621 1451 2908 1524 ἀρχιερεῖς,
2977 1453 3145 1525 ἱερεῖς,
3201 1458 3542 1524 μεγιστᾶνας,
3579 1457 3882 1525 ﬁguram-

2271 1546 2452 1613 μένους
2481 1546 2570 1592 καὶ
2612 1537 2864 1602 ἰδιώτας·
2918 1541 3091 1592 ὅντινα
3149 1539 3248 1592 ἀπὸ
3306 1549 3405 1591 τῶν
3455 1537 3551 1592 δύο
3618 1540 3883 1613 βασιλέων

2271 1627 2382 1682 ἴδοι
2438 1631 2462 1681 ὁ
2514 1628 2638 1690 λαός
2691 1627 2988 1682 ἐκκλίναντα
3031 1629 3098 1689 εἰς
3145 1627 3413 1687 ἐπιϐουλήν
3446 1637 3538 1682 τοῦ
3589 1630 3796 1703 ἑτερου,
3854 1633 3890 1681 εἰ

2272 1725 2363 1794 μέν
2421 1722 2652 1792 φονεύσει
2718 1723 2804 1770 τὸν
2870 1717 3347 1771 ἐπιϐουλευθένταὸ
3427 1718 3719 1790 ἐπίϐουλος³
3809 1720 3898 1770 ἱνα

2989 1812 3078 1860 xui
3153 1810 3404 1880 φονεύωσι
3474 1815 3563 1860 xui
3637 1816 3834 1861 τοῦτον
3882 1830 3893 1841 ·

2277 1899 2633 1972 ἀναγορεύωσι
2687 1893 2748 1949 δέ
2812 1895 2866 1948 ἐκ
2920 1905 3010 1956 τῆς
3061 1897 3354 1968 συγκλήτου
3412 1895 3637 1969 βασιλέα
3685 1897 3744 1949 ὃν
3802 1905 3901 1948 καὶ

2279 1988 2510 2040 θέλουσιν
2547 2008 2558 2019 υ
2586 1987 2632 2039 εἴ
2660 1982 2718 2038 δε
2748 1990 2946 2058 ματαία
2998 1993 3126 2058 φανῇ
3173 1987 3203 2043 ἡ
3247 1984 3514 2051 ἐπιϐουλή,
3577 1987 3662 2037 ἵνα
3721 1994 3894 2061 κρατῇ

2277 2078 2303 2128 ὁ
2358 2076 2482 2138 λαός
2535 2080 2619 2127 τόδ
2686 2079 2904 2148 φανέντα
2960 2073 3250 2144 ἐπίϐουλον,
3310 2080 3399 2127 καὶ
3447 2078 3631 2148 φονευῃ
3685 2083 3897 2141 τοῦτον,

2278 2170 2366 2217 καὶ
2393 2167 2492 2237 ἔχῃ
2525 2169 2615 2217 καὶ
2665 2168 2752 2216 τὸν
2811 2162 3235 2216 ἐπιϐουλευθέντα
3291 2161 3549 2236 βασιλέαο
3608 2164 3650 2216 εἰ
3711 2161 3775 2216 δὲ
3836 2165 3897 2216 οὐ

2277 2260 2488 2312 ποιήσει
2515 2253 2726 2316 οὕτωςὸ
2755 2252 2898 2320 λαὸς,
2947 2254 3029 2304 ῖνα
3083 2254 3185 2306 ὦσι
3236 2257 3327 2305 ααὶ
3374 2253 3536 2306 ἀὐτοί
3585 2251 3897 2328 ἀφωρισμέ-

2279 2363 2355 2395 νοι
2376 2347 2464 2394 xui
2480 2341 3022 2414 ἀνατεθεματισμενοι.

2353 2431 2417 2496 ς”
2451 2435 2661 2491 Τούτοις
2686 2438 2792 2492 τοῖς
2842 2432 3010 2505 ὅρκοις
3068 2425 3440 2502 συνδεσμὴσας
3483 2429 3640 2492 αὐτὸς
3680 2429 3890 2499 ἑαυτὸν,

2279 2526 2369 2572 xui
2399 2523 2568 2573 πάντα
2589 2523 2675 2572 τὸν
2705 2520 2844 2573 λαόν.
2887 2523 2986 2571 Καὶ
3028 2523 3209 2593 καιρὸς
3259 2519 3318 2572 οὐ
3367 2518 3536 2580 -πολύς
3595 2519 3893 2593 παρελθὼν,

2279 2616 2368 2663 xui
2399 2614 2528 2684 πρὸς
2557 2614 2651 2668 τὴν
2685 2608 2865 2679 στέψιν
2898 2605 3004 2667 ἠδη
3039 2612 3312 2680 κατέπιιογέ
3332 2627 3412 2681 με.
3467 2615 3578 2669 Πῶς
3631 2610 3693 2660 ἄν
3760 2608 3896 2660 ἁπα-

2279 2701 2746 2774 ριθμήσωμαιτάς
2813 2695 3119 2771 τυραννίδας
3175 2698 3235 2760 ἃς
3293 2700 3561 2764 ﬁniatur;
3624 2707 3746 2760 πῶς
3805 2701 3897 2759 τὰς

2281 2792 2657 2862 ὑπεραπείρους
2707 2786 2832 2860 βίας
2887 2785 3103 2852 ἐκείνας,
3163 2789 3257 2848 τὰς
3317 2785 3366 2838 ἐν
3427 2791 3600 2853 νυκτί,
3668 2790 3771 2849 τάς
3852 2787 3897 2838 ἐν

2280 2881 2490 2954 ἡμέρᾳ;
2532 2886 2641 2938 πῶς
2670 2881 2764 2940 τὰς
2810 2887 2909 2930 τῶν
2972 2876 3274 2952 ἀρχιερέων,
3325 2878 3418 2938 τὰς
3475 2884 3572 2927 τῶν
3623 2894 3897 2948 μιγιστα-

2279 2989 2396 3023 νων.
2429 2972 2522 3028 τὰς
2588 2975 2688 3018 τῶν
2753 2968 2942 3042 ἱερέων,
2985 2969 3074 3026 τὰς
3132 2974 3231 3017 τῶν
3295 2973 3564 3037 μοναχῶν,
3625 2967 3722 3026 τὰς
3801 2973 3898 3016 τῶν

2278 3043 2580 3130 Ἀγιοριτῶν
2634 3057 2738 3130 (ὅ),
2797 3060 2888 3120 τὰς
2955 3065 3053 3108 τῶν
3116 3057 3463 3126 ἡσυχαστῶν,
3530 3058 3620 3107 καὶ
3677 3053 3898 3117 ἁπαξα-

2280 3148 2414 3208 πλῶς
2437 3148 2614 3209 εἰπεῖν,
2652 3143 2850 3219 σχεδὸν
2907 3166 3109 3199 παντων
3168 3147 3267 3197 τῶν
3328 3143 3375 3195 ἐν
3441 3143 3569 3196 τέλει
3633 3148 3727 3196 καὶ
3801 3153 3898 3195 τῶν

2281 3237 2328 3290 ἐν
2358 3239 2606 3312 ἱερωσύνῃ
2631 3243 2720 3288 καὶ
2760 3232 3032 3308 ἰδιωτείας
3087 3233 3220 3285 Ἀλλ’
3271 3229 3395 3285 οὐδὲ
3448 3239 3688 3304 γυναῖκες
3743 3236 3898 3306 οἶμοι·

2279 3345 2362 3398 ροι
2418 3334 2513 3386 τῆς
2572 3328 2822 3387 τοιαύτης
2893 3323 3014 3397 βίας
3074 3322 3524 3393 ἐναπελείφθησαν.
3604 3327 3901 3396 Μαρτυρή-

2281 3419 2438 3466 σουσί
2465 3434 2554 3486 μοι
2611 3417 2660 3466 οἱ
2724 3422 2819 3475 τῆς
2887 3412 3125 3473 ἀληθείας
3189 3414 3370 3471 πάντες
3438 3414 3730 3484 σύντρσφοι
3798 3413 3897 3484 (6),

2281 3505 2381 3556 ὅσα
2405 3505 2540 3554 κατὰ
2567 3505 2633 3554 τὰ
2661 3502 2852 3576 Σὺῥρεα
3031 3506 3119 3552 καὶ
3183 3505 3242 3552 τό
3310 3495 3601 3558 Λουποὶδὴν
3668 3501 3757 3571 (8)
3815 3507 3902 3552 xui

2281 3595 2368 3649 τὴν
2401 3591 2640 3665 Προῦσαν
2673 3589 3032 3650 ὑπέστην.Ὠς
3091 3585 3149 3640 δέ
3205 3587 3309 3660 οὐχ
3368 3586 3606 3661 εὕρισκον
3662 3607 3728 3660 με
3799 3597 3902 3647 τοῖς

2280 3682 2470 3732 τούτων
2535 3677 2790 3750 θελήμασι
2852 3679 3168 3749 πειθόμενον,
3234 3678 3630 3749 τέσσαράκοντα
3707 3674 3901 3748 ἀρχιε-

2281 3775 2389 3842 ρεῖς
2416 3770 2684 3841 καὶπρὸς,
2721 3765 2813 3827 τὰς
2854 3766 3042 3818 ἑαυτῶν
3107 3783 3197 3837 μοι
3263 3766 3463 3839 ’γραφὰς
3537 3763 3898 3838 ἐνεχείρισαν,

2283 3860 2423 3929 ἔχειν
2491 3859 2771 3928 φάσκοντες
2818 3855 2884 3915 εἰς
2919 3858 3012 3916 τὰς
3075 3854 3268 3906 ἑαυτῶν
3339 3853 3561 3925 κεφαλάς
3625 3859 3724 3912 τὴν
3803 3865 3899 3907 τῶν

2284 3947 2447 4019 ὅρκων
2516 3948 2881 4019 παρατροπὴν,
2955 3948 3045 3996 καὶ
3118 3941 3306 4013 στέψαι
3379 3945 3464 3994 τὸν
3532 3941 3898 4014 Παλαιολὸγον

2285 4043 2486 4109 πρῶτον
2533 4055 2543 4067 ·
2569 4036 2689 4109 ὅπερ
2721 4030 2780 4092 ἦν
2809 4032 3081 4106 ἀπώμοτον
3251 4031 3415 4093 Οὗτος
3455 4033 3556 4105 γὰρ
3626 4028 3690 4088 ἦν
3722 4033 3750 4083 ὁ
3816 4035 3897 4103 ὁρ-

2286 4244 2565 4302 sequerer
2586 4229 2820 4285 codices
2837 4227 3200 4301 quihabent,
3216 4233 3474 4302 stercege,
3498 4241 3533 4280 a
3554 4231 3814 4282 stercus.
3840 4225 3900 4281 id

2286 4297 2745 4363 est—stercoreus.
2779 4297 3157 4355 stercoratus.
3184 4304 3371 4370 Atque
3400 4297 3459 4352 in
3485 4313 3620 4353 eam
3659 4304 3898 4353 senten-

2286 4371 2429 4427 tiam
2459 4387 2616 4426 nunc
2640 4372 2894 4443 pedibus
2915 4370 3178 4443 discedo.

2359 4444 2436 4512 (7)
2468 4445 2544 4494 Tu‘
2574 4440 2783 4516 Σῦρῥεα.
2821 4442 2883 4496 Id
2905 4447 3014 4505 est,
3041 4440 3542 4516 si_interpre_teris,
3583 4440 3897 4516 Gen/luen-

2212 4527 2256 4582 D
2291 4515 2374 4568 tia
2405 4510 2554 4585 :quo
2568 4510 2948 4585 ex'aquarum
2967 4512 3248 4568 conﬂuxu
3266 4510 3455 4566 multa
3472 4510 3606 4566 loca
3622 4513 3897 4566 Latinum

2291 4600 2510 4639 nomen
2555 4590 2785 4654 gerunt,

2365 4656 2439 4726 (β)
2471 4648 2861 4712 Τὸλουπάδην
2913 4657 3077 4710 Forte
3130 4648 3710 4726 76_Aowré6‘w,__pro
3771 4660 3899 4705 Λου-

2292 4721 2504 4780 πάὸιόν.
2531 4726 2678 4781 Urbs
2697 4731 2858 4790 nota,
2887 4741 3023 4797 quae
3048 4721 3722 4797 Aonud‘tov,_Lopadit1m,
3763 4727 3903 4797 beo-

2294 4797 2568 4869 padium,
2585 4794 2938 4869 Lupadiumﬁ,
2958 4796 3324 4868 Lupardum,
3341 4794 3558 4866 Lupar,
3577 4794 3835 4866 Lupadi,
3851 4798 3905 4849 et

2298 4867 2512 4923 Ulubat
2538 4867 2698 4923 dicta
2732 4868 3039 4940 reperitur.

2367 4933 2976 5010 (9)Ἀπώμοτον.’ου1(1
3026 4937 3099 5010 δὴ
3149 4935 3442 5010 ἀπώμοτος,
3498 4933 3904 5010 quidem»:

2295 5005 2382 5082 τος
2403 5005 2457 5066 et
2487 5005 2758 5082 ἐνώμοτος,
2793 5010 2971 5064 etiam
3024 5005 3536 5082 tirones_'_s_ciu_nt_._:
3562 5005 3694 5082 Sed‘
3725 5005 3906 5078 pauci

2296 5081 2442 5137 forte
2471 5076 2846 5136 extricabunt
2867 5097 2928 5134 se
2960 5096 3031 5134 ex
3053 5079 3181 5134 istis
3203 5078 3460 5133 Philonis
3479 5076 3632 5132 libro
3657 5076 3745 5133 De
3761 5094 3908 5134 som-

2296 5154 2428 5216 niis,
2459 5154 2681 5224 p.114!)
2717 5169 2728 5206 :
2760 5152 2938 5212 Οὕτως
2965 5153 2992 5208 ἡ
3025 5147 3308 5220 δυστυχὴς
3341 5149 3539 5224 (ψυχὴ)
3579 5147 3902 5220 ἐξηνεμώθπ,

2296 5225 2363 5284 ὡς
2390 5219 2479 5274 xui
2519 5223 2750 5295 ἐνόμοτον
2780 5225 3031 5296 γενέσθαιΔ
3058 5225 3176 5296 περί
3201 5219 3206 5220 ⁷
3227 5227 3328 5296 Δτοιξ
3374 5219 3621 5296 βεϐαίως
3664 5219 3760 5273 καὶ
3815 5241 3908 5272 πα-

2295 5299 2423 5365 γίως
2455 5289 2827 5346 ταῦθ’ἐο-τάναι
2865 5289 3405 5365 ἀψευδὼςυπέλαϐενῘ
3437 5290 3727 5365 Equidem
3765 5305 3907 5355 ergo

2299 5362 2381 5420 sic
2400 5366 2738 5426 existimo,a
2761 5365 2887 5419 viro
2908 5362 3366 5432 incomparabili
3383 5362 3670 5432 scriptum
3698 5362 3904 5423 fuisse,

2299 5383 2381 5420 διο
2400 5380 2738 5426 exrstimo,a
2761 5381 2887 5419 VII‘O
2908 5380 3106 5420 mcom
3157 5380 3366 5418 aranui
3383 5380 3670 5432 scripturn
3698 5380 3904 5423 misse,

2297 5436 2569 5508 ἐνώμοτον,
2595 5442 2650 5491 et
2681 5438 2714 5488 οἱ
2743 5433 2973 5507 χευδὼς,
3005 5438 3083 5490 ad
3109 5380 3271 5508 guno
3297 5449 3544 5508 sensum
3577 5451 3589 5497 ;
3621 5434 3726 5489 Sic
3748 5433 3904 5508 infe-

2299 5505 2612 5564 lix'anima
2636 5505 2958 5562 eventilata
2985 5512 3088 5566 est.
3113 5513 3176 5560 ut
3192 5505 3796 5574 etiamjurejurando
3819 5505 3908 5559 ob-

2296 5581 2612 5634 strinxerit
2633 5579 2876 5650 se,quod
2893 5579 3202 5646 ﬁrmiteret
3222 5576 3406 5632 solide
3419 5577 3529 5631 illa
3551 5577 3904 5636 consistant,

2293 5665 2425 5722 qua
2442 5651 2605 5719 falso
2623 5651 3008 5706 existimavit.

529 5715 695 5773 ciunt
723 5717 750 5771 ?
778 5716 951 5782 Quod
972 5716 1020 5771 si
1048 5715 1196 5787 quid
1213 5715 1574 5772 mutandum
1601 5724 1775 5786 esset,
1808 5718 2059 5776 libenter
2079 5735 2183 5776 eos
2271 5725 2288 5744 '
