3988 6322
134 359 246 412 953

127 500 231 542 κος
277 485 367 534 καὶ
419 479 584 556 ὅρκων
647 480 674 530 ό
722 475 1142 554 φρικωδέστατος
1187 483 1278 533 καὶ
1347 478 1737 554 φοϐερώτατος·
1771 483 1819 537 Α

128 571 287 640 ἔχειν
335 572 420 621 τόν
481 567 837 626 Καλοῐωάννην
914 570 1000 620 τὸν
1072 566 1296 640 βασιλέα
1343 569 1408 630 εἰς
1455 571 1625 623 πάντα
1679 573 1744 624 τὰ

125 665 390 732 πρωτεῖα,
477 662 566 710 καὶ
649 657 716 717 εἰς
771 661 862 715 τήν
911 656 1114 728 στέψιν,
1163 662 1253 710 καὶ
1301 658 1372 719 εἰς
1427 663 1521 717 τήν
1581 660 1742 732 εύφή-

127 766 245 818 μην
307 747 440 817 (10),
483 751 572 799 καὶ
639 747 707 808 εἰς
757 750 850 804 τήν
912 752 1247 821 προπομπήν,
1305 752 1395 800 καὶ
1442 748 1514 810 εἰς
1569 755 1740 802 πᾶσαν

123 835 302 893 illm
331 841 488 907 τιμήν
521 857 532 868 ·
561 838 648 888 τόν
687 832 746 888 δε
789 834 1137 907 Παλαιολόγον
1184 838 1250 888 τα
1281 832 1544 910 δευτερεῖα
1586 859 1598 871 ’
1653 845 1744 892 καὶ

127 926 286 996 ἔχειν
339 925 528 986 αύτούς
583 928 704 986 τούς
757 923 1021 1000 ἀρχιερεῖς
1077 925 1275 998 ἐνοχεῖν
1330 931 1418 978 καὶ
1473 936 1742 1004 συντηρεῖν

122 1018 229 1065 καὶ
305 1012 585 1085 φυλάσσειν
633 1018 718 1066 τόν
793 1013 1108 1088 κληρονόμον
1185 1023 1280 1076 τῆς
1322 1013 1617 1089 βασιλείας,
1653 1021 1744 1070 καὶ

121 1105 276 1174 μετὰ
347 1105 561 1156 θάνατον
631 1110 724 1156 τοῦ
776 1102 1132 1176 Πάλαιολόγου
1203 1102 1517 1179 ἕγχειρίζειν
1576 1108 1744 1177 τούτῳ

120 1197 228 1244 καὶ
255 1196 350 1250 τήν
376 1192 535 1245 αὑτοῦ
561 1190 852 1264 βασιλείαν.

207 1280 283 1334 Ζ’.
313 1280 401 1344 Ὠς
422 1279 482 1334 δε
510 1290 604 1344 τῆς
638 1280 913 1355 βασιλείας
959 1281 1137 1350 ἐπέϐη,
1196 1288 1286 1336 καὶ
1346 1283 1577 1346 πλείονας
1632 1281 1743 1337 ἂνο-

121 1376 302 1443 μαίας
347 1379 446 1422 τῶν
493 1375 754 1444 προτέρων
811 1367 950 1423 εἶδον
995 1378 1174 1425 τοῦτον
1230 1372 1594 1448 ἐργαζόμενον,
1654 1378 1744 1425 καὶ

123 1463 213 1514 ἔτι
273 1459 601 1534 ἐργάσασθαι
667 1461 724 1513 ἐκ
774 1469 874 1514 τῶν
905 1466 1218 1534 φαινομένων
1247 1465 1566 1538 πραγμάτων
1607 1465 1746 1516 ὑπω-

122 1553 373 1615 πτεύετο,
441 1549 812 1622 ἀγανακτήσας
881 1551 1231 1624 ὑπεχώρησα,
1330 1557 1429 1605 Καὶ
1487 1556 1570 1605 τὸν
1637 1555 1742 1605 ἀπὸ

122 1639 357 1711 Ἐφέσου
407 1638 591 1692 ἐκεῖνον
641 1640 714 1702 εἰς
767 1644 853 1692 τόν
894 1644 1283 1716 πατριαρχικὸν
1337 1640 1488 1705 ἁνῆξε
1542 1644 1740 1715 θρόνον·

119 1727 218 1789 ⁶Ως
246 1725 308 1781 δὲ
337 1730 366 1786 ή
398 1735 489 1781 τοῦ
549 1730 770 1781 θανάτου
813 1725 1044 1801 δρεπανη
1106 1739 1289 1783 τοῦτον
1337 1730 1608 1804 ἔξεθέρισε,
1650 1735 1740 1783 καὶ

120 1821 264 1888 πρὸς
311 1821 370 1869 τό
423 1816 610 1870 ἐκεῖθεν
668 1822 938 1894 κριτήριον
1013 1819 1344 1892 παρέπεμψεν
1410 1819 1738 1891 ἀπολογησό-
1778 1836 1817 1888 Β

121 1925 289 1979 μενον
343 1911 462 1980 περὶ
527 1915 626 1959 τῶν
674 1912 963 1980 πρακτέων,
1023 1908 1176 1961 πάλιν
1225 1909 1312 1982 έμε
1373 1907 1736 1964 ἀνεκαλέσατο.

115 1993 222 2055 Ὠς
282 1992 340 2047 δὲ
387 2002 478 2048 τοῦ
569 1996 760 2049 οἰκείου
819 1996 1005 2055 ἐπέϐην
1065 1999 1265 2070 θρόνου,
1328 2003 1455 2050 ποία
1504 2003 1734 2072 γραφική

120 2082 390 2154 ἐξήγησις
414 2091 748 2159 παραστήσει
785 2089 880 2147 τὰς
931 2085 984 2149 ἐξ
1025 2086 1185 2140 αὐτοῦ
1232 2106 1322 2160 μοι
1366 2090 1737 2160 συμπεσούσας

121 2170 261 2243 βίας
289 2191 302 2240 ;
335 2173 504 2226 Θέλων
545 2177 647 2250 γὰρ
683 2177 766 2227 ἱνα
807 2179 893 2228 τὸν
928 2175 1284 2234 Καλοῑωάννην
1325 2175 1547 2249 βασιλέα
1591 2173 1734 2229 ἰδιωι

120 2265 285 2334 τίση,
363 2268 452 2314 καὶ
511 2269 642 2335 μήτε
685 2264 913 2337 εὐφήμην
957 2267 1117 2337 ἔχειν,
1195 2270 1327 2338 μήτε
1382 2270 1732 2338 μνημόσυνον,

120 2354 270 2422 μήτε
318 2349 590 2422 βασιλείας
645 2373 698 2404 τι
756 2361 990 2426 σημεῖον,
1057 2357 1177 2415 τοὺς
1242 2358 1430 2415 κακοὺς
1491 2359 1736 2428 ποιμένας

120 2459 224 2491 χαι
273 2443 392 2502 τοὺς
427 2449 518 2501 τῆς
548 2441 856 2503 Ἐκκλησίας
903 2443 1128 2516 ἐχθροὺς
1181 2443 1369 2516 μᾶλλον
1413 2445 1443 2503 ἦ
1501 2446 1734 2518 προσταί-

119 2548 223 2589 τας
256 2535 538 2603 συνεργοὺς
564 2531 630 2592 εἰς
659 2539 811 2584 τοῦτο
846 2532 1119 2608 ἐχρήσατο
1180 2553 1193 2566 ο
1252 2533 1437 2596 ἤλπιζε
1495 2531 1555 2586 δε
1603 2532 1736 2606 κάμέ

120 2617 274 2679 ἐντὸς
315 2627 414 2671 τῶν
445 2619 644 2674 οἰκείων
694 2621 851 2674 αύτοῦ
900 2621 1102 2694 ἀρκύων
1150 2623 1292 2688 ἄξαι,
1336 2620 1429 2676 διὰ
1465 2627 1524 2675 τὸ
1561 2642 1734 2698 προσ-

119 2707 537 2780 ταλαιπωρῆσαί
561 2729 626 2782 με
651 2718 712 2783 τῇ
760 2709 952 2783 ἐξορίᾳ.
1012 2711 1094 2772 Ὠς
1139 2707 1198 2764 δε
1252 2715 1281 2772 ἡ
1339 2721 1430 2766 τοῦ
1487 2717 1614 2766 Θεοῦ
1657 2713 1734 2764 εύ-

123 2796 445 2868 σπλαγχνίᾶ
494 2807 594 2851 τῶν
659 2799 820 2852 αύτοῦ
896 2797 1138 2871 παγίδων
1195 2799 1449 2876 έρῥύσατό
1500 2822 1584 2875 με,
1647 2814 1737 2862 καὶ

120 2882 258 2938 οὔδε
305 2885 398 2938 κᾶν
439 2889 528 2939 τὸν
601 2892 758 2960 τόμον
814 2888 869 2940 ὃν
935 2893 1088 2942 κακοὶ
1140 2895 1230 2942 καὶ
1285 2895 1464 2964 πικροὶ
1505 2896 1736 2964 ποιμένες

120 2974 388 3032 ἐποίησαν
421 2974 645 3030 ἀκοῦσαι
699 2979 954 3046 ήθέλησα,
1010 2983 1176 3040 πόσας
1214 2986 1474 3042 κακώσοις
1503 2979 1590 3054 ἔμε
1621 2981 1738 3035 έκά-

120 3085 291 3136 κωσε,
344 3072 433 3119 καὶ
493 3071 661 3129 πόσας
715 3087 777 3140 με
831 3067 1029 3140 θλίψεις
1072 3069 1294 3141 ἓθλιψεν,
1349 3067 1464 3123 οἶδε
1515 3073 1736 3124 ταῦταὸ

1565 355 1651 411 ΤΕ
1658 356 1927 415 STAMEN
1929 357 2071 414 TUM
2077 400 2090 412 .

3401 375 3506 430 954

1851 485 2110 540 Joannes
2143 483 2207 540 in
2235 484 2521 542 omnibus
2585 487 2934 560 primatum,
2980 491 3042 548 in
3098 495 3504 566 coronatione,

1850 572 2218 642 laudatione,
2269 590 2581 647 processu,
2639 583 2698 632 et
2746 578 2809 634 in
2863 581 3031 636 omni
3090 582 3206 639 alio
3254 585 3505 655 honore,

1852 661 2226 733 Palleologus
2297 678 2436 720 vero
2502 667 2834 723 secundum
2905 669 3354 746 locum;utque
3390 675 3509 748 ipsi

1852 751 2162 823 pontiﬁces
2193 751 2479 821 foverent,
2536 758 2859 828 tuerentur,
2911 766 3351 834 conservarent,
3411 781 3508 821 cu-

1853 840 2142 896 stodirent
2169 841 2470 898 heredem
2512 843 2764 917 imperii,
2822 862 2933 903 nec
2981 865 3105 905 non
3165 855 3301 923 post
3346 867 3506 908 mor-

1853 930 1972 1025 tem
2001 928 2317 1028 Palaeologi
2341 932 2644 992 traderent
2689 935 2743 990 ei
2793 935 2994 1010 ipsum
3052 954 3295 1012 quoque
3349 940 3506 997 illius

1850 1033 2190 1091 imperium.

1927 1288 2035 1341 VII.
2088 1289 2411 1360 Postquam
2487 1292 2686 1346 autem
2769 1291 3097 1364 assumpsit
3165 1291 3504 1366 imperium,

1855 1376 2378 1450 animadvertique
2389 1375 2556 1433 illum
2573 1378 2747 1451 plura
2766 1380 2964 1452 inique
2975 1397 3162 1454 quam
3175 1389 3354 1440 antea
3369 1400 3507 1457 ope-

1852 1465 1990 1530 rari,
2023 1470 2078 1520 et
2109 1465 2426 1522 verisimile
2453 1482 2522 1522 ex
2554 1466 2735 1523 rebus
2766 1467 2916 1540 ipsis
2943 1469 3068 1525 ﬁeri
3109 1471 3306 1527 adhuc
3358 1489 3506 1546 ope-

1851 1558 2144 1621 raturum,
2175 1570 2298 1626 prae
2338 1555 2753 1626 indignatione
2805 1559 3042 1614 recessi.
3097 1563 3258 1616 Tunc
3310 1561 3506 1633 Ephe-

1854 1643 2053 1698 sinum
2094 1643 2260 1699 illum
2320 1645 2400 1701 ad
2446 1647 2907 1718 patriarchalem
2955 1649 3143 1705 evexit
3196 1649 3503 1708 thronum.

1853 1732 2042 1796 Quem
2073 1748 2212 1788 cum
2252 1733 2460 1789 mortis
2518 1733 2637 1790 falx
2688 1733 3133 1804 demessuisset,
3204 1742 3381 1810 atque
3429 1739 3506 1795 ad

1850 1818 2112 1874 tribunal
2135 1819 2380 1876 alterius
2412 1821 2546 1876 vitae
2603 1823 3050 1895 transmisisset,
3110 1825 3404 1882 rationem
3431 1826 3507 1883 de

1849 1908 2554 1980 operibus'redditurum,
2605 1910 2818 1966 iterum
2857 1914 3160 1970 revocavit
3207 1931 3325 1970 me.
3399 1915 3508 1972 Ubi

1846 2011 1989 2052 vero
2020 1998 2329 2070 proprium
2354 1998 2638 2056 thronum
2673 2002 3016 2071 conscendi,
3047 2018 3327 2075 quaenam
3361 2004 3506 2060 scri-

1846 2091 1951 2158 pta
1985 2087 2248 2142 narratio
2289 2086 2592 2144 exhibebit
2632 2089 2694 2144 in
2735 2105 2889 2162 quas
2927 2105 3033 2162 per
3059 2107 3196 2147 eum
3247 2091 3506 2148 incurre-

1845 2174 1959 2230 rim
1988 2174 2368 2232 difﬁcultates
2397 2177 2424 2232 ?
2456 2177 2669 2232 Volens
2698 2179 2858 2234 enim
2888 2179 3312 2252 imperatorem
3343 2179 3503 2236 Calo-

1843 2264 2138 2320 Joannem
2166 2263 2245 2320 ad
2272 2264 2572 2336 privatum
2611 2270 2832 2322 statum
2861 2267 3153 2338 redigere,
3185 2273 3242 2324 et
3272 2268 3504 2340 privare

1843 2352 2206 2420 laudatione,
2247 2357 2662 2420 monumento,
2704 2355 2990 2428 omnique
3027 2356 3262 2428 imperii
3300 2361 3444 2414 nota
3488 2374 3504 2425 ;

1845 2441 2019 2498 malis
2043 2442 2386 2514 pastoribus
2417 2448 2474 2498 et
2495 2443 2766 2500 Ecclesiae
2790 2445 3068 2502 hostibus
3094 2446 3286 2516 magis
3315 2461 3503 2518 quam

1844 2531 2202 2604 praesulibus
2249 2535 2306 2587 et
2361 2533 2628 2604 patronis
2679 2533 2740 2589 in
2786 2534 2902 2590 hoc
2949 2534 3328 2606 adjutoribus
3356 2551 3502 2591 usus

1845 2625 1934 2677 est
1969 2638 1982 2675 :
2025 2621 2308 2694 sperabat
2339 2626 2538 2678 autem
2579 2622 2758 2678 etiam
2792 2639 2888 2680 me
2925 2623 3082 2680 intra
3121 2639 3264 2680 suos
3301 2639 3503 2680 casses

1845 2700 2344 2782 inducere,‘quod
2371 2711 2428 2766 in
2475 2710 2679 2768 exsilio
2712 2712 2930 2768 multas
2957 2728 3258 2770 aerumnas
3304 2717 3503 2786 pertu—

1844 2799 2066 2856 lissem.
2105 2812 2126 2850 t
2149 2815 2256 2856 um
2298 2815 2436 2856 vero
2476 2800 2576 2856 Dei
2613 2801 3020 2858 misericordia
3059 2817 3154 2858 me
3193 2818 3230 2858 a
3266 2803 3498 2876 laqueis

1847 2890 1975 2960 ejus
2031 2887 2323 2960 liberavit,
2381 2893 2438 2945 et
2469 2905 2666 2962 neque
2723 2889 2815 2945 vel
2865 2895 3095 2946 tomum
3132 2906 3314 2963 quem
3335 2892 3504 2964 pravi

1847 2978 2109 3051 saevique
2148 2982 2418 3050 pastores
2468 2979 2848 3034 confecerant
2884 2979 3092 3034 audire
3122 2979 3302 3045 volui,
3355 2984 3505 3052 quot

1846 3066 2018 3122 malis
2050 3082 2147 3122 me
2176 3065 2490 3133 vexaverit,
2532 3067 2772 3140 quantis
2802 3066 3247 3123 calamitatibus
3272 3067 3500 3124 aﬂlixe-

121 3151 581 3229 πανδερκέστατος
637 3155 919 3230 ὀφθαλμός.
975 3160 1106 3210 flori;
1166 3158 1408 3231 μενέλεγέ
1458 3179 1569 3231 μοι,
1627 3161 1735 3213 Ούκ

1857 3156 1942 3223 rit,
1973 3155 2142 3212 novit
2169 3155 2274 3228 qui
2304 3155 2512 3211 omnia
2558 3161 2874 3213 contuetur
2901 3155 3130 3212 oculus.
3163 3156 3502 3229 Aliquando

122 3242 360 3317 ἀπέλθῃς
420 3244 494 3305 εἰς
539 3249 634 3304 τήν
687 3251 933 3316 Νίκαιαν,
990 3246 1100 3299 ἐπεὶ
1151 3249 1738 3312 Κωνσταντινουπόλεως

121 3331 530 3407 ἐχειροτονήθης
584 3356 598 3368 ·
663 3337 786 3387 ποτε
841 3332 900 3388 δε
958 3335 1089 3388 ἄλλα
1150 3344 1245 3399 τῆς
1305 3337 1467 3390 αὐτοῦ
1520 3335 1737 3400 διπλόης

122 3421 280 3484 ἄξια.

203 3510 286 3570 Η’.
336 3511 422 3575 Ὠς
481 3509 541 3566 δὲ
591 3515 620 3571 ἠ
699 3514 1241 3578 Κωνσταντινούπολις
1300 3515 1581 3591 ἐκρατήθη,
1645 3521 1734 3570 καὶ

119 3604 264 3676 πρὸς
313 3601 474 3660 αὐτὴν
532 3600 904 3676 ἀπηρχόμεθα,
962 3612 1069 3664 πῶς
1119 3604 1240 3677 ύμῖν
1287 3611 1616 3678 παραστήσω
1647 3609 1738 3666 τὰς

119 3693 272 3744 κατὰ
325 3694 383 3743 τὸ
435 3694 713 3765 Σκουτάριν
774 3694 888 3763 (Η)
959 3691 1015 3755 ἐξ
1070 3693 1229 3746 αὐτοῦ
1279 3693 1598 3756 ἐπελθούσας
1647 3714 1737 3768 μοι

125 3779 368 3850 θλίψειςς
408 3789 514 3842 πῶς
551 3785 644 3843 τὰς
674 3779 797 3854 βίας
827 3800 840 3850 ;
875 3779 1076 3854 βιάζων
1107 3801 1170 3855 με
1202 3781 1459 3856 ὀνομάσαι
1483 3786 1738 3859 πατριάρ⁹

123 3889 241 3941 χήν
273 3871 361 3921 τὸν
385 3868 522 3937 ςὰπὸ
552 3871 774 3942 Ἐφέσου
831 3871 1038 3937 ἐκεῖνον,
1099 3875 1190 3923 καὶ
1243 3876 1364 3934 τοὺς
1389 3873 1512 3946 παρ’
1578 3873 1736 3925 αὐτοῦ

125 3963 561 4034 χειροτονηέντας
613 3957 879 4036 ἁρχειρεῖς
957 3965 1046 4012 καὶ
1113 3964 1261 4035 ἱερεῖς
1313 3967 1404 4014 καὶ
1463 3958 1738 4024 διακόνους

127 4044 392 4111 δέξασθαι
422 4070 433 4080 ·
469 4047 512 4101 εἰ
551 4044 610 4101 δὲ
639 4054 709 4121 μή
742 4068 822 4120 γε,
849 4048 1080 4101 κωλυτέα
1124 4069 1214 4121 μοι
1245 4046 1305 4108 ἦν
1342 4052 1372 4108 ἠ
1413 4057 1738 4104 Κωνσταντι-

122 4137 419 4200 νουπόλεως
457 4134 682 4198 εἴσοδος.
733 4137 821 4201 Ὠς
879 4134 938 4191 δε
995 4141 1256 4196 πειθήνιον
1312 4139 1416 4211 ούχ
1447 4139 1581 4213 ἐώρα
1624 4159 1687 4212 με
1721 4161 1733 4172 ·

125 4223 312 4287 οὐδεὶς
363 4228 464 4301 γὰρ
523 4234 624 4278 τῶν
689 4229 814 4300 παρ’
879 4226 1071 4280 ἐκείνου
1101 4230 1563 4301 χειροτονηθέντων
1619 4247 1713 4280 συν

125 4314 500 4388 ελεττούργησέ
573 4333 683 4386 μοι,
763 4313 868 4366 ἀλλ’
951 4313 1332 4388 ἀποτροπαίους
1402 4319 1492 4367 καὶ
1550 4311 1738 4388 βδελυ-

125 4409 303 4468 κτούς,
337 4407 407 4464 ὡς
461 4407 549 4456 καὶ
610 4405 773 4476 θέμις,
825 4405 1043 4465 τούτους
1108 4403 1251 4476 εἶχον
1299 4426 1311 4438 ·

124 4496 486 4567 παρεχώρησέ
541 4511 630 4564 μοι
681 4498 774 4550 τήν
851 4489 1081 4549 εἴσοδον.
1128 4493 1288 4546 Πάλιν
1344 4490 1402 4546 δὲ
1457 4499 1734 4567 σκαιωρίαρ

124 4585 220 4633 καὶ
250 4581 405 4632 πάλιν
444 4582 648 4652 ἄπειροι
705 4586 963 4641 κακώσεις
1000 4581 1116 4632 κατ’
1171 4580 1296 4653 ἐμοῦ
1362 4577 1436 4633 ἐν’
1470 4589 1532 4653 τῇ
1588 4588 1734 4634 Κων-

1373 4403 1635 4476 ἁγανακτή
1647 4423 1738 4464 σας

129 4668 559 4721 σταντινουπόλει
587 4668 710 4741 παρ’
737 4668 896 4720 αύτοῦ
927 4667 1180 4740 ἐγένοντο.

203 4757 286 4812 Θ’.
317 4757 403 4819 Ὦς
434 4759 535 4830 γὰρ
564 4761 652 4809 τὸν
704 4758 865 4810 αὐτοῦ
946 4757 1194 4816 αὐθέντην
1249 4755 1473 4830 βασιλέα
1512 4756 1735 4816 ἠθέλησε

131 4854 398 4918 φονεῦσαι,
469 4849 532 4906 ὡς
577 4853 649 4920 μή
710 4867 761 4898 τι
829 4846 1044 4919 κώλυμα
1103 4851 1279 4918 φανείη
1353 4845 1408 4910 ἐξ
1479 4847 1624 4920 ἐμοῦ,
1679 4850 1734 4900 αἱ

133 4940 420 5008 σκαιωρίαι
457 4936 571 4989 κατ’
627 4936 752 5009 ἐμοῦ
821 4935 1237 4995 σύνεπλάκησαν.
1295 4935 1377 4996 Ὡς
1437 4933 1495 4989 δε
1534 4939 1735 5010 μάταια

203 5113 324 5198 (Ιοξ
381 5111 648 5198 ἰξύφήμην.
729 5115 825 5198 ξεί
881 5113 1106 5198 εὐφήμη,
1141 5115 1544 5198 ,εὐφη-μισμόςκ
1581 5115 1733 5198 εὑρη-

131 5183 228 5258 μία
260 5191 360 5258 τῶν
392 5183 672 5258 ὀνομὰτων,
707 5183 955 5258 εὐφημίας
986 5183 1044 5240 et
1070 5183 1256 5258 913;"),
1293 5183 1491 5258 Latine
1521 5183 1727 5243 lauda-

133 5256 237 5328 tio,
253 5261 311 5310 et
328 5255 554 5328 laudes,
571 5255 765 5328 fausta
777 5255 1120 5328 acclamatio
1142 5255 1592 5328 imperatoribus
1605 5257 1730 5313 ﬁeri

134 5325 328 5401 ξοΙὶῑζι.
398 5325 908 5401 Ηῃάθωεύφημεῖν,
953 5325 1282 5401 ἐπευφημεῖν,
1346 5327 1727 5401 ξπευφημίζειν,

135 5397 193 5451 la
201 5397 411 5470 udqre,
441 5398 614 5470 laudi
618 5397 720 5470 aus
735 5397 852 5468 αξη*
848 5414 1069 5465 amare,
1085 5397 1248 5455 bene
1261 5397 1330 5454 ac
1343 5397 1584 5454 feliciter
1597 5416 1728 5470 pre-

133 5468 277 5542 cari,
301 5467 512 5542 faustis
533 5467 1059 5525 acclamationibus
1080 5471 1382 5542 prosequi,
1403 5467 1730 5542 acclamare

134 5536 193 5621 in
223 5539 434 5621 laudes
455 5539 850 5621 imperatoris,
864 5536 1170 5621 [amita-re.
1195 5536 1342 5621 Item
1361 5541 1728 5621 εὐφημίεξσθαι.

135 5607 556 5690 εύφημηθήναι,“’
597 5607 1130 5690 acclamationibus
1191 5607 1732 5690 salutari._'Dicitur

137 5681 316 5737 etiam
359 5685 418 5734 τὸ
451 5681 820 5754 πολυχρόνιον,
855 5685 921 5736 τὰ
965 5682 1310 5757 πολυχρόνια,
1334 5686 1363 5743 ή
1397 5683 1728 5758 πολυχρόνη-

1845 3244 2092 3318 quidem
2147 3245 2346 3301 aiebat
2391 3244 2537 3300 mihi
2593 3249 2606 3298 ε
2671 3248 2798 3302 Non
2850 3245 3036 3302 abeas
3103 3245 3359 3302 Nicream
3397 3245 3502 3317 qui

1847 3333 2445 3407 Constantinopoleos
2487 3334 2802 3391 ordinatus
2850 3351 2913 3391 es
2946 3354 2959 3404 ;
2992 3334 3321 3408 aliquando
3360 3349 3500 3392 vero

1846 3423 1984 3490 alia,
2017 3423 2204 3494 digna
2226 3423 2414 3497 ipsius
2434 3425 2714 3482 versutia.

1919 3511 2038 3567 VII.
2077 3515 2366 3568 Caeterum
2410 3517 2761 3586 recuperata
2802 3513 3337 3586 Constantinopoli,
3389 3528 3498 3570 no-

1842 3600 2060 3673 bisque
2113 3617 2181 3658 eo
2234 3600 2531 3674 profectis,
2589 3603 2899 3674 quomodo
2951 3602 3124 3659 vobis
3178 3618 3500 3676 repraesen-

1844 3691 1988 3747 tabo
2040 3690 2346 3760 angustias
2391 3706 2528 3763 quin
2577 3691 2721 3746 mihi
2775 3707 2848 3746 ex
2900 3707 2970 3748 eo
3029 3691 3108 3747 ad
3165 3692 3500 3747 Scutarium

1846 3781 2374 3852 supervenerunt?
2398 3780 2708 3853 quomodo
2737 3780 2860 3836 vim
2887 3780 2915 3834 ?
2948 3779 3204 3850 Urgebat
3228 3784 3293 3836 ut
3313 3780 3498 3850 Ephe~

1845 3870 2041 3923 sinum
2081 3868 2248 3923 illum
2292 3869 2668 3924 nominarem
2699 3868 3122 3940 patriarcham,
3153 3872 3336 3940 atque
3367 3883 3496 3923 sus-

1843 3957 2102 4030 ciperem
2151 3957 2460 4013 ordinatos
2505 3957 2583 4012 ab
2610 3972 2698 4036 .eo
2747 3956 3076 4028 pontiﬁces,
3131 3956 3496 4026 sacerdotes,

1843 4047 2131 4103 diaconos
2165 4064 2178 4113 ;
2212 4047 2301 4102 sin
2359 4047 2578 4114 minus,
2612 4045 3026 4119 prohibendus
3074 4047 3223 4102 mihi
3253 4052 3379 4104 erat
3406 4047 3497 4103 in-

1843 4152 2085 4208 gressus
2140 4135 2703 4209 Constantinopolis.
2757 4136 2972 4191 Videns
3001 4140 3202 4192 autem
3254 4151 3351 4192 me
3389 4151 3497 4193 ne-

1844 4241 2153 4298 quaquam
2189 4223 2553 4294 morigerum
2587 4244 2600 4293 ;
2633 4224 2833 4280 nullus
2865 4224 3025 4280 enim
3052 4241 3256 4282 eorum
3285 4225 3390 4300 qui
3419 4224 3498 4282 ab

1844 4315 1942 4372 illo
1973 4315 2230 4370 ordinati
2259 4314 2515 4380 fuerant,
2555 4313 3233 4385 mihicomministravit,
3263 4316 3366 4371 sed
3387 4331 3498 4388 pro

1844 4405 2191 4460 aversandis
2230 4403 2795 4476 abominandisque,
2827 4409 3006 4476 prout
3044 4422 3154 4477 par
3186 4411 3333 4475 erat,
3364 4407 3497 4464 illos

1841 4494 2028 4551 habui
2062 4513 2076 4562 ;
2110 4494 2458 4563 indignatus
2518 4494 2814 4550 concessit
2842 4495 2988 4550 mihi
3015 4495 3376 4568 ingressum,
3428 4500 3498 4552 At

1844 4582 2357 4655 Constantinopoli
2425 4583 2637 4639 iterum
2693 4583 2834 4646 doli,
2893 4583 3108 4640 iterum
3165 4585 3498 4642 innumerae

1842 4672 2192 4727 vexationes
2215 4671 2502 4727 adversus
2523 4687 2618 4727 me
2636 4687 2743 4744 per
2763 4688 2900 4727 eum
2925 4679 3369 4744 processerunt.

1914 4764 1998 4817 IX.
2039 4761 2294 4826 Quando
2347 4761 2507 4816 enim
2563 4760 2880 4817 dominum
2935 4778 3111 4818 suum
3143 4778 3213 4818 ac
3243 4763 3496 4834 impera-

1840 4853 2031 4906 torem
2080 4849 2262 4905 voluit
2307 4849 2654 4916 interﬁcere,
2686 4865 2762 4906 ne
2800 4850 2966 4923 quod
2996 4850 3495 4922 impedimentum

1838 4955 1910 4994 ex
1944 4954 2038 4994 me
2067 4937 2336 5005 oriretur,
2369 4938 2611 4996 fraudes
2667 4939 2956 4995 adversus
2995 4955 3091 4994 me
3123 4938 3493 4995 concinnata:

1843 5135 1946 5195 εις,
1995 5114 2445 5195 πολυχρονᾶσθαι,
2494 5119 2566 5195 ‘et
2613 5115 3107 5195 πολυχρονεῖσθται,
3178 5112 3494 5195 πολυχρονιτ

1844 5186 1970 5255 ξειν,
2004 5185 2228 5259 βοᾴνντό
2265 5186 2635 5259 πολυχρόνιον·
2689 5185 2841 5251 Otila.
2885 5186 3109 5259 Μυιιοε
3147 5185 3366 5259 annos,"
3396 5187 3495 5242 Ad

1837 5255 2055 5314 multos
2092 5255 2316 5314 annos.
2368 5255 2455 5318 εἰς’
2490 5257 2654 5310 πολλὰ
2705 5260 2814 5324 ἔτη,
2861 5255 3028 5309 πολλά
3069 5261 3130 5314 τὴ
3182 5259 3292 5323 ἔτη,
3340 5255 3494 5314 inter

1835 5328 2045 5384 laudes
2057 5334 2114 5384 et
2125 5328 2586 5402 acclamationes
2600 5332 2842 5402 caateras
2863 5327 3171 5384 vociferari
3193 5329 3492 5402 praecipue

1836 5416 1972 5455 mos
1996 5405 2144 5472 erat.
2163 5405 2350 5471 Atque
2378 5400 2505 5454 haec
2527 5399 2897 5472 pervulgata.

1909 5471 2022 5544 (Η)
2067 5475 2136 5544 Te
2175 5469 2474 5544 Σκὸυτάριν.
2509 5469 2873 5544 Scutarium.
2926 5469 3066 5524 Vide
3114 5486 3236 5544 pra:
3267 5471 3492 5544 cmteris

1835 5540 2082 5598 inﬁnitae
2107 5540 2381 5598 lectionis
2402 5547 2459 5597 et
2489 5541 2776 5597 doctrina;
2795 5540 2985 5596 virum
3015 5540 3291 5598 Cafolum
3325 5543 3490 5598 Fres-

1835 5614 2004 5669 nium
2029 5613 2120 5684 Ad
2147 5613 2619 5684 Villharduinum
2642 5627 2704 5684 p,
2725 5615 2847 5668 286.
2877 5613 3204 5669 Dorotheus
3233 5617 3491 5670 Monem-

1834 5683 2126 5742 basiensis
2147 5684 2207 5740 in
2231 5685 2489 5757 Synopsi
2510 5683 2811 5754 historica,
2835 5687 3108 5759 Σκούταρι.
