3988 6322
489 373 594 430 955

1411 365 1692 424 ARSENII
1729 362 1834 421 ΟΡ.
1876 358 2353 420 ΡΑἸἮΙΑΒΟΗΔΕ
2389 359 2923 418 TESTAMBNTUM.

3757 361 3864 416 955

491 500 646 554 sunt.
685 494 800 553 Sed
851 498 994 552 tunc
1021 491 1230 551 omnia
1256 491 1318 549 in
1341 506 1568 548 vanum
1595 489 1952 546 reciderunt.
1981 490 2144 545 Post-
2177 491 2204 546 Α

2262 506 2424 559 πάντα
2459 512 2529 574 τῷ
2587 506 2701 556 τότε
2733 502 3124 576 ἀπεφοὶνθησαν⁴⁹
3211 506 3301 554 καὶ
3361 502 3493 572 μετά
3522 506 3702 553 ταῦτα
3750 503 3862 561 τοὺς

489 601 562 643 ea
619 584 825 642 oculos
872 583 1100 639 domini
1145 598 1216 639 ac
1261 579 1640 654 imperatoris
1686 579 1776 634 sui
1822 594 1961 636 cum
2005 576 2145 634 eﬁ‘o-

491 675 694 743 disset,
723 688 940 746 resque
972 671 1118 727 mihi
1147 677 1290 728 nota
1323 670 1478 727 facta
1525 673 1702 735 esset,
1739 667 2147 725 excommuni-

491 762 708 821 cationi
743 777 882 818 eum
923 761 1172 833 subjeci.
1215 762 1577 832 Optaveram
1617 763 1818 815 autem
1857 761 1922 813 ut
1961 756 2148 829 paeni-

490 850 737 908 tentiam
816 854 1038 920 ageret,
1109 849 1487 921 multumque
1537 863 1692 904 onus
1764 845 2145 914 tributorum,

489 940 869 1013 vectigalium
917 956 949 996 e
993 939 1376 1005 commercio,
1431 937 1687 994 aliarum
1740 935 2146 1008 iniquitatum,

489 1035 730 1103 propter
784 1028 1137 1101 hujusmodi
1191 1018 1505 1100 peccatum
1569 1026 1881 1090 minueret,
1945 1024 2147 1096 sicque

488 1117 663 1174 venia
708 1118 1055 1174 donaretur.
1105 1119 1320 1172 Verum
1369 1115 1515 1189 quia
1568 1113 1986 1187 paenitentiam
2026 1128 2148 1169 non

490 1207 769 1273 ostendit,
793 1222 902 1262 nec
925 1206 1192 1280 aliquam
1212 1205 1513 1262 malorum
1535 1204 1952 1268 minutionem,
1976 1204 2148 1274 quin‘

490 1297 614 1352 imo
636 1296 1138 1362 additamentum,
1169 1295 1220 1351 ei
1246 1309 1368 1351 non
1399 1293 1601 1367 ignovi
1631 1309 1643 1358 ;
1673 1291 1778 1347 sed
1809 1297 1947 1364 post
1974 1287 2149 1346 trien'

490 1385 662 1441 nium
708 1401 914 1442 coram
951 1383 1326 1457 patriarchis,
1371 1381 1787 1456 metropolitis,
1833 1384 2046 1436 senatu
2091 1381 2150 1435 et

491 1475 657 1531 omni
717 1474 894 1539 clero,
949 1473 1120 1530 illum
1179 1489 1253 1529 ex
1311 1471 1560 1529 ecclesia
1619 1471 1785 1542 ejeci,
1855 1474 2147 1542 tanquam

493 1563 812 1634 indignum
850 1562 955 1634 qui
992 1563 1053 1618 in
1097 1577 1233 1618 eam
1271 1561 1697 1631 ingrederetur,
1747 1562 1829 1616 Ex
1877 1573 1949 1614 eo
1993 1562 2144 1614 tem-

491 1667 637 1725 pore
698 1656 1040 1707 commenta
1085 1650 1377 1707 adversus
1419 1665 1538 1718 me,
1586 1665 1722 1720 quae
1767 1650 2146 1704 commentus

494 1745 583 1797 est
637 1740 762 1795 sine
809 1739 1278 1818 accusatoribus,
1339 1739 1464 1796 sine
1518 1737 1786 1805 testibus,
1845 1753 1919 1794 ex
1977 1735 2143 1792 nudo

2255 593 2550 666 ὀφθαλμούς
2581 599 2674 646 τοῦ
2714 593 2962 646 αύθέντου
2997 596 3086 645 καὶ
3149 590 3402 664 βασιλέως
3456 590 3628 642 αὐτοῦ
3680 589 3864 662 ἐξώρυ-

2255 683 2328 753 ξε,
2386 687 2474 736 καὶ
2535 686 2767 754 γνωστὸν
2857 702 2947 755 μοι
2994 689 3143 735 τοῦτο
3199 679 3409 752 ἐγένετο,
3456 687 3532 749 τῷ
3583 678 3862 753 ἀφορισμῷ

2257 773 2408 826 αὐτὸν
2469 771 2843 826 καθυπέϐαλον.
2885 771 3100 824 Ἦθελον
3139 767 3199 822 δὲ
3245 771 3327 821 ἶνα
3375 771 3662 842 μετάνοιαν
3715 764 3866 820 iurisi-

2257 862 2430 930 ξηται,
2481 864 2570 913 καὶ
2619 865 2712 919 τὴν
2795 859 2987 918 πολλὴν
3069 858 3346 932 βαρύτητα
3399 865 3497 909 τῶν
3547 861 3732 932 φόρων
3787 862 3864 909 καὶ

2255 953 2575 1023 κουμερκίων
2627 953 2718 1001 καὶ
2797 948 2976 1024 ἑτέρων
3051 944 3271 1001 ἀδικιῶν
3333 942 3427 998 διὰ
3474 949 3568 1002 τὴν
3619 948 3865 1001 τοιαύτην

2257 1038 2515 1111 ἁμαρτίαν
2559 1036 2871 1108 ἓκκὸψηται,
2929 1041 3018 1089 καὶ
3070 1036 3204 1088 οὕτω
3265 1035 3679 1107 συγχωρηθείη.
3711 1034 3795 1094 Ὦς
3815 1030 3868 1085 5”:

2257 1129 2529 1200 μετάνοιαν
2566 1125 2660 1178 ούκ
2690 1121 2967 1193 ἕδείκνυεν,
3024 1121 3149 1178 ούδέ
3197 1143 3315 1176 τινα
3343 1122 3570 1180 ἐκκοπὴν
3611 1131 3728 1174 τῶν
3778 1141 3866 1172 κα-

2257 1224 2380 1286 κῶν,
2433 1213 2561 1266 ἀλλὰ
2606 1218 2696 1266 καὶ
2743 1213 2933 1286 μᾶλλον
2999 1213 3326 1287 προσθήκην,
3395 1210 3453 1262 ού
3510 1215 3872 1282 συνεχώρησα

2256 1304 2395 1375 αύτῷ
2428 1325 2441 1338 ο
2466 1303 2594 1356 ἀλλὰ
2621 1305 2752 1376 μετά
2797 1307 3022 1377 τριετίαν
3079 1301 3290 1354 ὶνώπιον
3347 1307 3448 1352 τῶν
3503 1309 3863 1374 πατριαρχῶν

2255 1397 2345 1446 καὶ
2387 1401 2487 1446 τῶν
2534 1391 2929 1466 μητροπολιτῶν
2983 1395 3072 1443 καὶ
3122 1398 3218 1451 τῆς
3278 1389 3581 1461 συγκλήτου
3638 1395 3740 1441 καὶ
3787 1394 3872 1440 τοῦ

2255 1481 2416 1533 αύτοῦ
2446 1479 2663 1552 κλήρου,
2714 1478 2769 1532 ἔκ
2825 1486 2922 1541 τῆς
2971 1477 3252 1541 ἔκκλησίας
3299 1484 3483 1530 τοῦτον
3523 1475 3775 1539 ἐξέϐαλον
3813 1478 3873 1535 ὡς

2255 1569 2472 1633 ἀπάξιον
2501 1577 2594 1632 τῆς
2646 1572 2776 1643 πρὸς
2821 1569 2983 1628 αὐτὴν
3015 1564 3244 1622 εἰσόδου.
3281 1566 3493 1620 ’Ἑκτοτε
3553 1569 3606 1617 αἱ
3674 1585 3875 1618 σκαιω-

2251 1664 2364 1735 ρίαι
2418 1659 2532 1711 κατ’
2586 1657 2732 1731 ἐμοῦ,
2780 1654 2837 1718 ἃς
2898 1653 2966 1715 δὴ
3007 1662 3097 1708 καὶ
3138 1656 3494 1729 ἐσκαιώρησεν
3543 1657 3669 1707 ἄνευ
3716 1674 3878 1712 κατη-

2251 1754 2419 1822 γόρων
2465 1752 2555 1800 καὶ
2588 1749 2886 1822 μαρτύρων,
2945 1744 3046 1798 ἀπὸ
3103 1745 3260 1817 ψιλοῦ
3309 1749 3468 1818 μόνου
3518 1744 3705 1815 λόγου.
3753 1750 3884 1796 Tou-

492 1829 787 1885 duntaxat
814 1827 1108 1884 sermone.
1157 1831 1274 1885 Hoc
1312 1833 1418 1895 est,
1449 1827 1682 1884 decrevi
1717 1825 2142 1882 communione
2172 1844 2204 1898 Ε

2262 1842 2424 1890 τέστιν
2456 1838 2626 1912 ὥρισα
2655 1843 2970 1894 κοινωνῆσαι
3009 1841 3130 1897 τοῦς
3169 1842 3262 1887 τοῦ
3294 1833 3578 1887 σουλτάνου
3617 1830 3834 1893 παῖδας
3870 1838 3882 1850 '

491 1917 779 1989 impertiri
829 1916 1044 1973 sultani
1101 1933 1336 1991 pueros.
1398 1916 1660 1974 Ecclesia
1711 1931 1807 1972 me
1841 1915 2067 1988 expulit
2124 1934 2137 1974 :

491 2005 673 2078 idque
703 2022 841 2064 cum
872 2007 1308 2064 sacratissimus
1337 2006 1572 2063 Pisidiae
1601 2005 1978 2078 metropolita
2003 2004 2145 2060 scri-

490 2100 594 2167 pto
631 2097 941 2154 confessus
976 2097 1207 2169 fuisset,
1249 2097 1417 2170 quod
1441 2097 1571 2170 ipse
1615 2096 1746 2152 illos
1787 2095 2149 2167 baptizasset

491 2189 546 2242 et
577 2187 1004 2243 communione
1033 2187 1322 2244 donasset
1359 2203 1374 2253 ;
1408 2201 1520 2256 ego
1551 2201 1690 2242 vero
1721 2200 1828 2257 per
1861 2185 2149 2256 scriptum

489 2275 795 2348 professus
827 2291 1045 2343 essem,
1068 2293 1164 2332 me
1195 2276 1538 2332 nullatenus
1568 2275 1630 2330 id
1659 2275 1828 2330 scire.

565 2366 624 2420 Χ.
665 2367 846 2421 Porro
884 2369 1024 2436 post
1059 2365 1360 2434 exsilium,
1396 2363 1558 2420 mille
1596 2362 1963 2418 mihirursus
1995 2361 2150 2418 intu-

489 2452 556 2508 lit
574 2452 908 2509 calumnias
928 2457 986 2509 et
1005 2469 1327 2509 aerumnas.
1353 2451 1657 2508 Interdum
1682 2451 1946 2524 quidem,
1977 2442 2154 2523 quasi

489 2540 864 2598 insidiatores
909 2541 1264 2598 excitassem
1294 2541 1398 2615 qui
1431 2556 1571 2597 eum
1600 2540 1964 2597 occiderent.
1997 2541 2152 2605 Quo-

489 2631 646 2687 circa
684 2630 922 2687 mmcha
971 2631 1242 2703 synodus
1268 2629 1908 2687 excommunicationis
1935 2644 2149 2685 censu-

490 2735 624 2775 ram
655 2719 717 2775 in
755 2735 853 2775 me
883 2719 1078 2776 emisit
1107 2738 1122 2788 ;
1153 2735 1223 2776 ac
1252 2735 1365 2790 ego
1393 2721 1594 2791 ipsum
1625 2735 1722 2775 me
1747 2719 2151 2790 segregationi

492 2807 757 2878 subdidi,
784 2807 833 2864 si
853 2807 928 2864 de
947 2823 1260 2882 quoquam
1282 2808 1582 2881 ejusmodi
1607 2823 1802 2864 essem
1824 2808 2104 2864 conscius
2131 2827 2149 2879 ;

491 2896 584 2952 sin
613 2897 840 2968 minus,
869 2897 1186 2954 calumnias
1213 2903 1484 2954 auctores
1513 2897 2012 2970 insidiarumque,
2052 2897 2150 2952 iis-

489 3001 610 3059 que
646 2986 923 3044 credulos
952 2988 1470 3044 excommunicavi
1532 2993 1589 3043 et
1623 2987 2146 3044 anathematizavi.

489 3077 616 3133 Alio
676 3093 815 3134 vero
860 3082 1127 3152 tempore
1175 3081 1480 3148 Barangos
1523 3081 1896 3144 Narmaram,
1946 3077 2149 3133 locum

489 3166 680 3223 exsilii
724 3167 862 3235 mei,
891 3168 1068 3239 misit,
1112 3167 1516 3224 custodituros
1545 3183 1642 3223 me
1675 3184 1688 3233 ;
1718 3172 1847 3223 tum
1875 3166 2149 3222 innume-
2181 3200 2220 3254 ρ

488 3255 704 3312 rabilia
740 3255 888 3312 mihi
914 3255 1303 3313 incommoda
1346 3256 1704 3313 conciliavit.
1750 3256 1970 3313 Omitto
2015 3271 2150 3326 qua;

489 3343 569 3400 ad
609 3345 970 3402 Tricocciam
1015 3346 1334 3417 pertinent,
1392 3361 1577 3418 quem
1609 3345 1686 3400 ad
1717 3345 1972 3401 modum
2005 3344 2152 3400 mihi

491 3447 700 3488 eorum
749 3433 1003 3489 insuttus
1049 3434 1425 3506 imposuerit.
1483 3437 1632 3490 Nam
1677 3433 1724 3488 si
1773 3448 2153 3505 quaecunque

488 3519 551 3576 in
581 3535 677 3576 me
707 3520 954 3591 peregit,
986 3526 1045 3578 et
1077 3521 1370 3578 adversus
1411 3521 1734 3578 Ecclesiam
1774 3521 1878 3577 Dei
1911 3521 2153 3578 molitus

491 3612 600 3672 est,
648 3607 865 3665 referre
894 3610 1278 3682 contendero,
1313 3615 1692 3667 enarrantem
1742 3609 1976 3667 deﬁciet
2007 3615 2153 3667 tem-

489 3713 631 3769 pus.
663 3698 742 3753 De
785 3698 986 3754 multis
1029 3715 1172 3755 vero
1201 3715 1398 3772 pauca
1425 3699 1868 3772 repraesentavi,
1909 3703 2154 3772 propter

494 3785 790 3842 sermonis
823 3786 1154 3844 satietatem
1188 3792 1246 3844 et
1274 3787 1660 3845 nimietatem.
1698 3803 1835 3860 quae
1867 3788 2153 3844 nimirum

492 3872 738 3931 inimica
760 3879 852 3932 est
874 3876 1147 3934 auribus.
1175 3876 1456 3933 Dicebam
1485 3880 1706 3942 tamen,
1741 3875 1833 3932 Ab
1862 3875 1977 3932 hoc
2004 3880 2154 3932 tem-

491 3979 636 4036 pore
689 3965 938 4022 satiatus
979 3966 1244 4023 amentia
1273 3971 1330 4023 et
1361 3965 1678 4044 tyrannide
1710 3981 1852 4038 erga
1899 3981 1994 4022 me
2035 3981 2154 4023 ser-

493 4069 722 4126 vosque
767 4055 887 4124 Dei,
927 4055 1178 4127 desinet,
1235 4062 1371 4127 aget
1407 4055 1842 4128 paenitentiam,
1879 4060 1944 4110 ut
1981 4055 2156 4111 venia

493 4142 705 4200 donari
733 4144 944 4216 possit.

567 4233 652 4286 XI.
689 4232 803 4290 Sed
847 4235 1139 4306 quoniam
1193 4234 1519 4290 Ecclesiam
1547 4234 1646 4290 Dei
1703 4235 1874 4290 vertit
1905 4233 1964 4289 in
1997 4248 2102 4306 spe
2125 4263 2153 4276 -

493 4321 738 4377 luncam
787 4321 1108 4391 latronum,
1152 4326 1210 4378 et
1237 4322 1496 4396 lupanar
1531 4323 1714 4388 ;item
1770 4339 1952 4394 quem
1984 4323 2152 4394 prius

495 4409 1161 4480 excommunicaveram,
1177 4411 1236 4465 in
1253 4411 1396 4466 sede
1408 4427 1546 4467 mea
1565 4410 1895 4480 collocavit,
1917 4425 2152 4467 necnon

499 4496 575 4552 ad
589 4495 750 4552 illam
763 4495 1128 4567 impietatem
1144 4499 1683 4569 omnimodamque
1703 4497 2019 4570 perﬁdiam
2030 4515 2153 4571 qua

497 4585 683 4641 Latini
725 4589 1003 4642 tenentur
1049 4591 1300 4642 conatus
1350 4591 1438 4643 est
1481 4586 1780 4644 adducere
1831 4587 2153 4644 Ecclesiam

498 4675 619 4742 Dei,
643 4690 780 4747 qua:
806 4675 1104 4732 immenso
1126 4676 1420 4747 sanguine
1448 4680 1585 4734 ante
1607 4681 1664 4734 et
1680 4682 1818 4752 post
1847 4677 2147 4734 Christum

498 4780 569 4821 ac
605 4781 713 4838 per
758 4765 1053 4822 Christum
1094 4781 1383 4838 magnam
1420 4766 1679 4824 hostiam
1726 4767 1863 4824 fuso
1906 4767 2153 4824 collecta

496 4854 606 4910 fuit
664 4872 678 4910 :
730 4855 979 4911 demum
1034 4857 1337 4926 ingentem
1399 4857 1874 4931 persecutionem
1943 4862 2154 4913 contra

497 4945 774 5001 eamdem
797 4945 1124 5002 Ecclesiam
1153 4946 1443 5010 excitavit,
1476 4952 1615 5019 post
1635 4952 1720 5004 tot
1745 4962 1940 5004 annos
1967 4963 2001 5002 a
2026 4961 2154 5019 per-

498 5033 901 5090 secutionibus
931 5051 943 5089 :
968 5040 1286 5108 eapropter
1305 5036 1990 5092 excommunicationem
2020 5051 2154 5108 pro-

495 5123 697 5194 tendo,
727 5123 822 5179 cui
860 5123 990 5196 ipse
1019 5123 1273 5194 subjecit
1303 5140 1365 5180 se
1393 5124 1638 5197 propria
1666 5124 1988 5187 voluntate,
2021 5139 2154 5197 pro-

570 5267 684 5341 (t2)
724 5269 1066 5341 _qud77ouc.
1129 5271 1308 5324 Erant
1350 5268 1602 5338 Barangi
1649 5283 1754 5324 seu
1794 5269 2056 5338 Varangi
2099 5272 2158 5326 et

498 5337 1219 5419 Varingi,jmperatorum
1250 5337 1606 5419 Graecorugi
1628 5341 1940 5419 stipatores
1965 5337 2022 5395 et
2056 5357 2156 5396 sa-

499 5406 724 5483 tellites.
761 5406 940 5483 Deiis
969 5415 1105 5481 post
1135 5410 1475 5483 Meursium,
1503 5406 1831 5483 Fabroturn
1862 5409 2152 5483 aliosque,

499 5477 671 5559 docte
684 5493 754 5559 ac
769 5477 1122 5559 dilligenter,
1138 5481 1438 5559 utomnia,
1458 5477 1615 5536 idem
1637 5481 1908 5559 Fresnius
1928 5477 2151 5553 nos’ter,

503 5549 758 5625 historia:
783 5551 1114 5625 Byzantines
1137 5551 1460 5608 illustrator
1478 5553 1838 5625 praecipuus.

573 5620 692 5693 (l3)
723 5620 838 5694 _To‘z'
866 5628 968 5694 τῆςΔ
1030 5627 1355 5694 Γρικοκκίας.
1409 5620 1679 5694 Εἱροῐιό
1722 5622 1825 5694 de,
1860 5623 2157 5680 Tricoccia

503 5705 635 5749 arce
673 5691 843 5749 circa
908 5691 1184 5758 Nicaeam,
1226 5698 1283 5748 et
1327 5691 1719 5764 Tricocciotis,
1767 5693 2155 5768 Nicanosque

2252 1935 2348 1988 τῆς
2375 1926 2693 1988 Ἐκκλησίας
2718 1944 2780 1998 με
2811 1923 3038 1987 ἐξώθησε
3080 1945 3093 1958 ·

3139 1927 3227 1976 καὶ
3282 1931 3452 1976 ταῦτα
3471 1930 3562 1974 τοῦ
3616 1941 3885 1995 πανιερω·

2254 2017 2414 2068 τάτου
2475 2014 2860 2088 μητροπολίτου
2930 2009 3221 2075 Πισσιδίας
3279 2011 3548 2085 ἐγγράφως
3613 2010 3884 2083 ὁμολογή-

2261 2123 2446 2167 σαντος
2481 2107 2544 2164 ὡς
2574 2102 2761 2165 ἐκεῖνος
2809 2107 2900 2154 καὶ
2939 2101 3187 2155 ἐϐάπτισε
3246 2104 3466 2162 τούτους
3510 2105 3602 2153 καὶ
3660 2099 3880 2152 ἐκοινω-

2258 2212 2385 2252 νησε
2421 2214 2435 2226 ·
2468 2192 2640 2266 κάμοῦ
2685 2211 2739 2244 τι
2791 2190 3064 2266 ἐγγράφως
3112 2190 3531 2263 ὁμολογήσαντος
3569 2194 3637 2261 μή
3679 2185 3885 2242 εἰδέναι

2261 2302 2324 2356 με
2351 2286 2410 2334 τὸ
2443 2281 2653 2334 σύνολον
2693 2288 2870 2338 τοῦτο.

2334 2369 2388 2427 Γ.
2421 2373 2566 2426 Μετά
2597 2368 2656 2423 δε
2700 2374 2794 2428 τὴν
2849 2368 3049 2442 ἐξορίαν
3097 2373 3290 2444 μυρίας
3335 2372 3424 2420 καὶ
3489 2366 3640 2420 πάλιν
3693 2385 3886 2419 σκαιω-

2261 2465 2374 2534 ρίας
2415 2466 2504 2513 καὶ
2562 2459 2763 2531 θλίψεις
2818 2478 2908 2532 μοι
2948 2458 3193 2530 ἐπήνεγκε
3245 2501 3257 2513 .
3306 2460 3429 2510 ποτε
3469 2460 3580 2529 μὶν,
3634 2459 3713 2517 ὡς
3773 2456 3882 2508 ἐπι-

2263 2549 2474 2611 ϐούλους
2537 2546 2572 2602 δ
2578 2553 2854 2620 ιεγείραντι
2892 2555 2984 2601 τοῦ
3041 2548 3198 2600 αύτὸν
3252 2554 3496 2619 φονεῦσαι
3525 2567 3538 2580 ·
3572 2546 3688 2599 ὅθεν
3721 2551 3818 2598 καὶ
3850 2549 3878 2603 ἡ

2261 2635 2653 2711 μοιχοσύνοδος
2699 2637 2989 2712 ἀφορισμόν
3075 2657 3162 2710 μοι
3251 2635 3574 2699 ἐξαπέστειλε
3633 2656 3646 2667 ·
3731 2634 3882 2706 κάγὼ

2261 2727 2511 2780 ὑπέϐαλον
2592 2725 2814 2798 ἐμαυτὸν
2891 2725 2960 2786 εἰς
3042 2724 3331 2799 ἀφορισμόν
3414 2724 3456 2776 εἰ
3522 2728 3768 2776 τοιοῦτόν
3835 2743 3885 2775 τι

2264 2812 2487 2869 σύνοιδα
2514 2832 2526 2845 ·
2563 2815 2606 2868 εἰ
2637 2812 2697 2868 δὲ
2727 2819 2823 2888 μὴ,
2873 2818 2995 2875 τοὺς
3049 2819 3480 2889 σκαιωρὴσαντας
3509 2818 3600 2866 καὶ
3656 2811 3884 2865 ἐπιϐου-

2259 2905 2606 2978 λευσαμίνους
2683 2909 2773 2958 καὶ
2862 2907 3248 2966 πιστεύσαντας
3319 2907 3406 2956 καὶ
3485 2902 3738 2978 ἀφώρισα
3792 2891 3888 2954 καἱ

2261 2993 2610 3066 ἀνεθεμάτισα
2639 3015 2652 3027 ·
2685 2993 2861 3046 ἄλλοτε
2906 2989 2967 3046 δὲ
2996 2994 3301 3068 Βαράγγους
3329 2993 3439 3064 (l2)
3479 2991 3548 3053 εἰς
3588 2994 3673 3044 τὸν
3741 2999 3885 3063 Ναρ-

2261 3091 2432 3157 μαραν
2481 3082 2534 3135 ὃν
2585 3081 2894 3157 ἐξωρίσθην,
2955 3081 3222 3135 ἀπέστειλε
3260 3081 3603 3154 φυλάττοντάς
3646 3100 3741 3152 με,
3793 3086 3884 3133 καὶ

2261 3177 2450 3247 μυρίας
2507 3171 2702 3242 θλίψεις
2777 3191 2869 3244 μοι
2920 3171 3284 3245 προύξένησεν.
3342 3170 3438 3224 Ἐῶ
3506 3172 3609 3244 γὰρ
3658 3172 3734 3221 τὰ
3785 3177 3882 3231 τῆς

2259 3265 2576 3333 Τρικοκκίας
2619 3263 2756 3331 (l3),
2782 3269 2889 3321 πῶς
2947 3260 3019 3322 εἰς
3071 3259 3155 3333 ἐμὲ
3213 3264 3303 3312 καὶ
3353 3266 3444 3318 τήν
3498 3258 3702 3311 ἐκείνων
3767 3259 3888 3313 ἐπα-

2260 3352 2515 3408 νάστασιν
2593 3348 2919 3404 ἐπιτέθεικεν.
2972 3349 3034 3402 Εἰ
3102 3351 3203 3422 γὰρ
3261 3349 3432 3401 πάντα
3484 3350 3586 3400 ὅσα
3640 3367 3738 3420 μοι
3792 3368 3888 3401 πε-

2260 3444 2479 3508 ποίηκε,
2532 3441 2623 3489 καὶ
2651 3438 2753 3489 ὅσα
2803 3439 2938 3488 κατὰ
2985 3446 3080 3500 τῆς
3107 3444 3200 3489 τοῦ
3240 3443 3373 3490 Θεοῦ
3413 3435 3735 3499 Ἐκκλησίας
3764 3436 3889 3509 ἐμη-

2264 3531 2561 3600 χανήσατο,
2621 3524 2963 3598 ἀγωνίσωμαι
3047 3524 3449 3598 ἀφηγήσασθαι,
3525 3523 3792 3596 ἐπιλείψει
3831 3545 3891 3598 με

2267 3614 2613 3689 διηγούμενον
2669 3617 2695 3667 ὁ
2772 3620 2987 3688 χρόνος.
3063 3616 3150 3668 Ἐκ
3211 3623 3310 3666 τῶν
3385 3613 3581 3667 πολλῶν
3629 3611 3690 3666 δε
3735 3615 3893 3686 ὀλίγα

2263 3701 2625 3781 παρεδήλωσα
2659 3702 2752 3758 διὰ
2807 3708 2894 3756 τὸν
2937 3711 3030 3757 τοῦ
3079 3704 3236 3776 λόγου
3283 3707 3433 3778 κόρον
3464 3725 3477 3737 ·
3511 3700 3694 3762 ἐπειδὴ
3733 3709 3892 3779 κόρος

2263 3794 2420 3866 λόγου
2461 3793 2706 3866 πολέμιος
2766 3800 2964 3853 ἀκοαῖς.
3021 3792 3228 3865 Ἔλεγον
3289 3789 3370 3860 δὲ,
3434 3791 3535 3844 ἀπὸ
3581 3811 3644 3863 γε
3672 3800 3772 3844 τοῦ
3804 3800 3891 3844 νῦν

2265 3884 2532 3958 κορεσθεὶς
2555 3891 2646 3943 τῆς
2676 3881 2921 3943 ἀπονοίας
2970 3885 3060 3934 καὶ
3115 3877 3429 3954 τυραννίδος
3464 3889 3562 3942 τῆς
3613 3884 3753 3953 πρὸς

2263 3977 2352 4025 καὶ
2379 3981 2478 4024 τῶν
2508 3980 2600 4024 τοῦ
2641 3979 2776 4026 Θεοῦ
2827 3968 3052 4042 δούλων,
3121 3975 3210 4024 καὶ
3262 3973 3516 4024 παύσεται
3567 3974 3660 4022 καὶ
3722 3990 3886 4042 μετα-

2262 4066 2462 4127 νοήσει,
2496 4065 2584 4114 καὶ
2609 4067 2927 4134 συγγνώμης
2959 4059 3226 4124 ἀξιωθείη.

2335 4237 2435 4293 ΙΑ’.
2477 4237 2620 4291 Ἐπεὶ
2673 4235 2732 4290 δὲ
2790 4243 2884 4296 τὴν
2940 4244 3032 4289 τοῦ
3082 4236 3216 4291 Θεοῦ
3264 4235 3576 4294 Ἐκκλησίαν
3617 4237 3879 4294 σπήλαιον

2264 4325 2619 4402 ἀπειργάσατο
2670 4325 2899 4399 λῃστῶν,
2978 4330 3069 4378 καὶ
3116 4332 3348 4400 πορνεῖον
3409 4345 3421 4358 ·

2261 4418 2747 4490 προαφωρισμένον,
2818 4414 2890 4476 εἰς
2935 4418 3020 4466 τὸν
3075 4416 3252 4489 Θρόνον
3297 4433 3397 4486 μου
3454 4412 3668 4466 ἐκάθισε
3726 4435 3737 4446 ·
3788 4420 3876 4466 καὶ

3482 4329 3567 4376 καὶ
3623 4325 3679 4376 ὃν
3729 4323 3877 4396 εἶχον

2262 4505 2329 4566 εἰς
2371 4509 2564 4562 ταύτην
2617 4508 2711 4562 τὴν
2768 4502 3008 4556 ἀσέϐειαν
3050 4509 3139 4556 καὶ
3194 4502 3414 4561 παντελῆ
3479 4500 3735 4554 ἀπιστιαν
3785 4508 3875 4560 τὴν

2261 4603 2360 4646 τῶν
2405 4597 2634 4646 Λατίνων
2711 4596 3009 4664 ἠγωνίσατο
3071 4597 3164 4650 τὴν
3214 4599 3306 4644 τοῦ
3366 4598 3500 4645 Θεοῦ
3549 4591 3874 4650 Ἐκκλησίαν

2261 4682 2402 4752 ἄξαι,
2452 4687 2545 4740 τήν
2597 4681 2988 4754 συνειλεγμένην
3045 4685 3255 4756 μυρίοις
3300 4682 3485 4752 οἱμασι
3542 4687 3658 4742 τοῖς
3688 4686 3790 4755 πρό
3816 4699 3875 4751 γε

2261 4779 2496 4845 Χριστοῦ
2535 4774 2626 4823 καὶ
2681 4773 2812 4843 μετά
2887 4774 3118 4844 Χριστὸν
3162 4775 3252 4822 καὶ
3295 4770 3456 4822 αύτοῦ
3512 4776 3606 4821 τοῦ
3644 4769 3874 4843 μεγάλου

2265 4863 2486 4933 θύματος
2521 4881 2532 4894 ο
2561 4864 2648 4912 καὶ
2708 4863 2866 4932 μέγαν
2923 4856 3159 4932 διωγμὸν
3220 4859 3337 4910 κατ’
3393 4857 3558 4919 αὐτῆς
3610 4864 3872 4925 κεκίνηκε,

2261 4951 2556 5003 παυθίντων
2623 4956 2716 5000 τῶν
2755 4944 3000 5021 διωγμῶν
3045 4951 3146 5023 πρό
3203 4951 3407 5020 χρόνων
3459 4946 3659 4999 πολλῶν
3712 4969 3726 4981 ·
3785 4953 3875 5001 καὶ

2263 5038 2495 5092 ἓπιτείνω
2546 5041 2629 5090 τὸν
2707 5036 3015 5112 ἀφορισμόν,
3067 5038 3120 5090 ὃν
3207 5040 3362 5098 αὐτὸς
3427 5036 3595 5107 ἐαυτῷ
3653 5037 3875 5090 ὑπέϐαλε

2265 5125 2338 5181 δι’
2361 5128 2551 5180 οἰκείαν
2581 5127 2772 5199 ὄρεξιν,
2815 5123 2891 5180 δι’
2937 5127 3129 5180 οἰκείαν
3181 5125 3491 5195 ἀπόλαυσιν,
3543 5122 3620 5178 δι’
3679 5127 3873 5180 οἰκείαν

2265 5273 2503 5328 montes
2517 5268 2981 5325 incolentibus.li
2992 5273 3127 5328 post
3136 5268 3604 5325 excaecationem
3616 5268 3870 5325 Joannis

2267 5341 2556 5405 Lascaris,
2580 5340 2869 5412 adversus
2895 5339 3234 5412 Michaelem
3266 5339 3684 5412 Palaeologum
3701 5355 3873 5412 arma

2265 5417 2569 5483 ceperunt,
2589 5417 2654 5483 ut
2670 5411 2916 5466 refertur
2937 5428 2974 5467 a
3004 5411 3251 5482 Georgio
3278 5411 3868 5483 Pachymere,lib.m,

2266 5482 2398 5555 cap;
2461 5487 2540 5551 i3,
2591 5482 2704 5555 pubi
2753 5489 3150 5555 Tptxoxxubrazg
3200 5482 3492 5555 nominat.
3549 5488 3869 5554 Τρικοκκίας

2266 5552 2466 5624 autem
2484 5552 2636 5608 arcis
2659 5552 3021 5609 mentionem
3042 5553 3180 5608 facit
3200 5552 3303 5608 lib.
3326 5569 3444 5624 xm,
3462 5552 3601 5623 cap.
3619 5558 3686 5608 33
3706 5569 3869 5624 ;quae

2213 5690 2215 5692 η
2264 5625 2388 5680 duo
2417 5623 2548 5679 loca
2572 5624 2723 5679 inter
2761 5640 2822 5680 se
2873 5624 3091 5680 collata
3119 5623 3618 5679 Tricocciotarum
3641 5623 3864 5679 nomen

2263 5694 2577 5764 illustrant,
2593 5694 3250 5764 hominibusinsigniter
3269 5694 3538 5752 litteratis
3547 5694 3866 5751 obscurum
