3988 6322
121 417 247 472 957

127 536 312 604 δόξαν
355 545 445 594 καὶ
473 543 531 593 τὸ
575 540 808 615 ἀνάθεμα
866 562 879 576 ·

126 637 374 704 σατανᾲ,
421 634 594 694 καθὼς
657 637 747 686 καὶ
811 635 868 686 τὸ
925 637 1174 707 πρότερον
1240 633 1393 693 αὐτὸς
1435 633 1602 705 ἑαυτῷ
1666 630 1701 686 δ
1707 636 1759 686 ιὰ

132 728 246 773 τῶν
329 723 603 797 ἓπιορκιῶν
664 718 1032 798 παραδέδωκε,
1111 725 1200 774 καὶ
1258 728 1346 774 νῦν
1395 719 1489 775 διὰ
1525 730 1617 775 τοῦ
1669 730 1760 784 τῆς

133 810 469 873 Ἐχχλησίας
521 807 759 884 διωγμοῦ
793 833 806 845 ·
850 815 933 864 καὶ
1000 815 1118 871 τοὺς
1177 815 1248 884 μὴ
1311 810 1576 885 ἀρχιερεῖς
1639 815 1758 874 τοὺς

137 903 639 978 συγκατατεθέντας·
684 905 775 954 καὶ
871 901 1281 974 ὑπογράψαντας
1355 902 1424 964 εἰς
1473 906 1564 960 τὴν
1634 901 1755 956 ἀσέ-

141 989 316 1058 ϐειαν,
385 995 474 1042 καὶ
501 993 624 1052 τοὺς
661 992 942 1065 ἄρχοντας,
1000 994 1122 1053 τοὺς
1171 997 1609 1064 συνεργήσαντας,
1668 996 1758 1044 καὶ

130 1083 257 1140 τοὺς
327 1081 496 1155 ἱερεῖς,
588 1085 678 1134 καὶ
759 1084 876 1142 τοὺς
931 1080 1295 1157 εὐμοιροῦντας
1368 1086 1606 1153 γνώσεως
1667 1086 1756 1135 καὶ

136 1169 638 1238 συγκατατεθίντας.
693 1171 792 1223 Τὸν
853 1165 913 1221 δὲ
953 1168 1198 1242 ἀγοραῖον
1226 1169 1348 1222 λαὸν
1386 1173 1476 1222 καὶ
1539 1171 1754 1244 ἄμοιρον

134 1260 399 1328 γνώσεως,
434 1260 523 1308 καὶ
585 1262 657 1330 μὴ
727 1254 908 1311 εἰδότα
943 1255 1112 1321 δεξιὸν
1176 1259 1206 1318 ἣ
1239 1257 1531 1333 ἀριστερὸν,
1565 1262 1629 1320 ὡς
1658 1280 1756 1333 μα-

144 1344 316 1405 θητής
355 1351 446 1397 τοῦ
479 1349 677 1420 Κυρίου
707 1364 808 1418 μου
838 1353 932 1398 τοῦ
969 1347 1161 1422 πράου,
1201 1345 1332 1418 λέγω
1373 1346 1513 1418 αὐτῷ
1547 1368 1559 1381 ο
1592 1369 1620 1397 ‹‹
1653 1349 1755 1401 Κύ-

139 1451 246 1507 ριε,
274 1436 344 1506 μὴ
377 1438 579 1506 στήσῃς
605 1433 777 1496 αὐτοῖς
812 1439 907 1493 τὴν
947 1435 1206 1509 ἁμαρτίαν
1234 1438 1450 1494 ταύτην.
1486 1457 1512 1486 ››

225 1607 326 1665 ῙΒ’.
357 1607 574 1682 Ἀφίημι
594 1613 684 1663 καὶ
721 1615 829 1672 τοῖς
869 1607 1106 1683 ἀδελφοῖς
1180 1631 1279 1685 μου
1318 1618 1430 1674 τοῖς
1486 1610 1754 1687 συνεξαρι-

149 1699 328 1752 σθεῖσί
395 1717 485 1770 μοι
549 1703 639 1752 καὶ
695 1705 1158 1774 συμπαραμείνασι
1195 1702 1307 1774 μετ’
1365 1701 1488 1765 ἐμοῦ
1541 1701 1614 1764 εἰς
1664 1703 1753 1762 τὰς

153 1786 351 1859 Θλίψεις
386 1807 507 1861 μου,
541 1791 586 1842 εἶ
609 1808 661 1841 τι
699 1790 802 1863 ἄρα
837 1793 1114 1863 κέκτημαι.
1146 1795 1246 1844 Καὶ
1272 1791 1298 1842 ὁ
1355 1790 1546 1864 μέλλων
1585 1790 1752 1864 ὀχλῆ-

1180 417 1524 475 GEORGIUS
1563 417 2027 476 ACROPOLITA.
2074 451 2143 461 —
2179 420 2480 478 NOTiTiA.

935 544 1026 595 καὶ
1075 538 1424 616 παραδίδωμι
1470 549 1651 596 τοῦτον
1705 546 1778 614 τῷ

1869 544 2000 616 prio
2013 544 2253 618 placito,
2268 544 2516 618 propria
2529 543 2818 600 sententia
2835 563 2849 613 ;
2865 543 3155 616 protendo
3169 542 3512 613 anathema,

3404 420 3506 474 958

1867 638 1923 688 et
1946 633 2116 689 illum
2140 634 2314 690 trado
2353 633 2612 704 Satante,
2665 633 2818 688 sicut
2861 636 3039 688 antea
3088 632 3289 702 ipsum
3317 648 3380 687 se
3410 647 3516 704 per

1864 723 2129 794 perjuria
2181 722 2444 792 tradidit,
2505 737 2786 794 nuncque
2851 721 3028 777 tradit
3079 735 3186 792 per
3242 721 3516 778 Ecclesiae

1863 811 2360 883 persecutionem.
2393 810 2581 866 Etiam
2612 812 2846 866 Satanae
2877 809 3050 865 trado
3078 809 3355 864 homines
3404 825 3514 866 ne-

1863 915 2175 972 quaquam
2212 899 2523 972 pontiﬁces
2572 898 2909 963 habendos,
2937 897 3042 970 qui
3089 903 3515 955 consenserunt

1863 989 2466 1061 subscripseruntque
2490 988 2816 1060 impietati;
2844 987 2975 1060 pari
3004 986 3187 1042 modo
3215 1001 3513 1058 proceres,

1861 1078 1967 1152 qui
1996 1078 2215 1134 dedere
2244 1077 2681 1134 adminiculum
2708 1095 2721 1145 ;
2754 1077 2894 1132 item
2925 1075 3286 1146 sacerdotes,
3334 1091 3513 1132 cunc-

1862 1171 2076 1240 tosque
2105 1167 2379 1223 conscios
2409 1183 2480 1223 ac
2509 1181 2881 1223 assensores.
2909 1165 3075 1230 Quod
3107 1180 3250 1221 vero
3286 1168 3517 1236 spectat

1863 1256 1944 1312 ad
1972 1256 2280 1326 vulgarem
2312 1255 2628 1328 populum,
2671 1255 3023 1326 cognitionis
3055 1257 3381 1326 expertem,
3410 1268 3514 1310 ne-

1861 1346 2139 1402 scientem
2157 1345 2305 1418 quid
2331 1344 2609 1400 dextrum
2633 1344 2706 1400 sit
2727 1343 2820 1400 vel
2838 1343 3145 1398 sinistrum
3174 1360 3186 1397 :
3221 1347 3514 1415 tanquam

1860 1434 2191 1508 discipulus
2216 1433 2515 1490 mansueti
2533 1434 2769 1489 Domini
2799 1433 2936 1499 mei,
2961 1432 3096 1488 dico
3124 1431 3264 1489 huic
3289 1452 3302 1489 :
3337 1453 3366 1481 «
3398 1433 3512 1489 Do-

1859 1523 2043 1590 mine,
2078 1539 2154 1579 ne
2189 1527 2414 1578 statuas
2445 1521 2557 1577 illis
2587 1523 2702 1578 hoc
2741 1524 3056 1594 peccatum
3087 1522 3128 1574 ⁸.
3162 1542 3190 1571 ››

1930 1611 2043 1668 ΧΙΙ.
2078 1610 2380 1684 Quidquid
2408 1610 2714 1682 possideo,
2745 1609 3019 1682 relinquo
3042 1609 3324 1665 fratribus
3361 1608 3514 1666 meis

1858 1699 1964 1774 qui
1996 1716 2232 1756 mecum
2271 1699 2514 1771 relegati
2542 1699 2799 1767 fuerunt,
2841 1714 3202 1770 mecumque
3230 1714 3512 1771 perman-

1859 1794 2062 1846 serunt
2090 1790 2150 1846 in
2182 1789 2620 1846 calamitatibus
2641 1788 2812 1844 meis.
2842 1790 2908 1844 Et
2926 1787 3033 1860 qui
3061 1803 3270 1843 eorum
3295 1803 3512 1860 quem-

153 1880 248 1929 σαί
276 1897 390 1929 τινα
438 1879 653 1946 τούτων,
695 1879 840 1940 ὅστις
893 1879 998 1953 ἄρα
1034 1885 1122 1932 καὶ
1153 1882 1251 1946 εἴη,
1288 1881 1370 1932 ἵνα
1406 1882 1478 1932 ἔνι
1503 1882 1601 1933 ὑπό
1633 1878 1753 1932 ἁνα-

1860 1894 2036 1952 quam
2050 1894 2265 1934 vexare
2277 1877 2338 1934 in
2351 1877 2610 1934 animum
2624 1875 3294 1949 induxerit,quicunque
3307 1873 3400 1931 ille
3414 1875 3509 1947 sit,

152 1969 358 2038 θέματι,
402 1971 491 2019 καὶ
548 1970 679 2040 μετὰ
706 1975 798 2020 τοῦ
825 1966 1007 2022 Ἰούδα
1058 1971 1088 2028 ἡ
1142 1973 1292 2043 μερὶς
1357 1969 1536 2025 αὐτοῦ.
1600 1969 1752 2022 Ἀλλά

1860 1967 2224 2024 anathemati
2245 1966 2612 2038 subjiciatur,
2641 1966 2833 2038 sitque
2863 1981 3003 2037 pars
3023 1966 3154 2036 ejus
3180 1980 3317 2020 cum
3336 1964 3508 2021 Juda.

145 2060 241 2108 καὶ
298 2057 323 2107 ὁ
388 2054 667 2128 βουληθεὶς
723 2059 1057 2131 μεταγράψαι
1136 2077 1236 2131 μου
1284 2063 1379 2117 τὴν
1457 2058 1749 2112 τελευταίαν

150 2141 428 2216 βούλησιν,
470 2149 562 2197 καὶ
602 2141 695 2197 διὰ
731 2145 907 2208 λέξεων
964 2147 1145 2222 ἑτέρων
1174 2150 1261 2199 τὸν
1307 2154 1424 2199 νοῦν
1463 2150 1549 2200 τὸν
1578 2145 1750 2219 ἐγκεί-

145 2251 304 2306 μενον
331 2235 553 2309 πειραθῇ
586 2234 920 2307 μεταλλάξαι,
983 2238 1133 2299 ὅστις
1188 2237 1292 2310 ἄρα
1339 2240 1429 2288 καὶ
1485 2239 1583 2304 εἴη,
1652 2240 1750 2290 εἴτε

144 2321 609 2390 ἐκκλησιαπικός,
641 2326 741 2376 εἴτε
779 2325 982 2398 ἄρχων,
1027 2328 1127 2378 εἶτε
1187 2333 1283 2388 τῆς
1347 2325 1506 2388 ἄλλης
1539 2330 1746 2400 μοίρας,

146 2414 287 2464 ἔστω
324 2415 413 2464 καὶ
442 2411 588 2473 οὗτος
617 2413 717 2466 ὑπό
742 2416 801 2466 τὸ
833 2412 1081 2487 ἀνάθεμα.

223 2537 246 2570 ⁴
274 2539 398 2591 Act.
429 2551 529 2607 v11,
560 2537 647 2593 60.

1857 2057 1972 2113 Sed
2004 2060 2063 2113 et
2091 2056 2140 2112 si
2159 2056 2294 2129 quis
2310 2071 2656 2128 supremam
2675 2071 2872 2111 meam
2901 2055 3266 2109 voluntatem
3291 2053 3512 2109 descri—

1852 2144 2054 2202 bendo
2081 2143 2332 2201 voluerit
2357 2159 2758 2216 corrumpere,
2783 2158 2852 2198 ac
2881 2157 2988 2216 per
3016 2141 3134 2198 alia
3154 2139 3341 2197 verba
3368 2139 3508 2196 insi-

1854 2239 1982 2291 tum
2011 2249 2260 2290 sensum
2281 2237 2652 2290 commutare
2679 2230 3012 2299 tentaverit,
3057 2231 3109 2286 is
3135 2229 3384 2304 quilibet
3411 2230 3505 2296 sit,

1855 2339 1961 2380 seu
2007 2322 2462 2394 ecclesiasticus,
2499 2339 2607 2379 seu
2651 2321 3059 2392 magistratus,
3089 2321 3214 2375 sive
3265 2319 3507 2377 alterius

1854 2412 2232 2481 conditionis,
2274 2412 2348 2470 sit
2375 2412 2594 2485 pariter
2632 2411 2746 2468 sub
2783 2411 3185 2468 anathemate.

139 2709 3494 2750 ω

1284 2871 1457 2919 ANNO
1503 2870 1731 2920 DOMINI
1775 2872 2364 2920 MCCXV-MCCLXXXII.

626 3065 1652 3221 GEORGIUS
1758 3065 3063 3220 AGROPOLITA

1580 3500 2058 3597 NOTITIA,

1037 3701 1296 3772 (Fabric.
1339 3702 1756 3760 Bibliothecra
1787 3703 1988 3760 Greca
2016 3701 2112 3758 ed.
2146 3701 2367 3772 Harles,
2401 3705 2440 3758 t.
2474 3699 2612 3772 VII).

211 4030 500 4103 Georgius
524 4031 865 4105 Acropolita
891 4033 1226 4106 (proprium
1248 4032 1364 4088 hoc
1385 4030 1628 4087 familiae
1651 4031 1749 4099 (a),
1781 4045 1903 4086 non
1935 4030 2141 4102 patriae
2169 4027 2441 4100 nomen),
2488 4030 2658 4100 pater
2684 4027 2794 4082 fuit
2843 4021 3214 4081 Constantini
3243 4023 3506 4092 Acropo-

129 4119 264 4176 litae
286 4119 389 4191 (b),
419 4121 524 4192 qui
545 4121 810 4193 parentis
841 4122 1117 4196 exemplo
1147 4137 1405 4194 magnus
1433 4120 1741 4191 logotheta
1768 4121 1839 4192 (c)
1866 4119 1926 4174 in
1957 4118 2098 4174 aula
2125 4117 2456 4187 CPolitana,
2505 4115 2610 4171 sed
2638 4114 2806 4170 Mich.
2837 4111 3151 4182 Palaeologi
3182 4109 3372 4180 gratia
3425 4108 3506 4166 ob

129 4208 524 4282 repudiatam
542 4212 630 4266 Jo.
665 4210 857 4280 Becci,
886 4211 1268 4284 patriarchae,
1300 4227 1436 4266 cum
1474 4209 1690 4266 Latinis
1711 4208 2100 4265 concordiam
2121 4205 2356 4272 excidit,
2389 4205 2621 4278 scriptis
2648 4203 2936 4260 adversus
2968 4200 3228 4268 Latinos,
3251 4197 3505 4270 aliisque

129 4299 574 4366 monumentis,
589 4301 814 4372 quibus
829 4306 1174 4358 sanctorum
1189 4301 1542 4357 memoriam
1557 4300 1640 4371 (εἰ)
1655 4298 1992 4361 celebravit,
2007 4299 2260 4368 novique
2272 4294 2701 4364 Metaphrastae
2712 4308 2933 4350 nomen
2947 4289 3169 4356 meruit,
3195 4288 3391 4345 clarus
3405 4288 3510 4358 (1)-

131 4385 400 4452 Quando
430 4392 632 4444 autem
673 4405 709 4446 a
734 4388 1128 4446 Volaterrano
1155 4394 1209 4446 et
1233 4392 1319 4444 Jo.
1353 4389 1719 4460 Cuspiniano
1748 4387 2089 4460 Acropolita
2119 4386 2356 4454 citatur,
2387 4387 2560 4457 pater
2590 4382 2872 4451 Georgius
2904 4379 3265 4449 intelligitur,
3323 4391 3506 4450 quem

131 4474 419 4533 Labbeus
442 4476 505 4532 in
534 4479 906 4549 Protreptico
933 4479 1014 4535 ad
1037 4480 1388 4549 Hist.Byz.,
1422 4494 1481 4551 p.
1524 4481 1612 4544 49,
1644 4481 1799 4532 recte
1829 4476 2081 4545 monuit,
2111 4475 2280 4531 illum
2308 4465 2510 4546 ipsum
2541 4489 2668 4529 esse
2689 4474 3013 4529 Prwtorem
3037 4470 3299 4533 Gracia,
3330 4467 3505 4524 Chro-

126 4564 263 4621 nici
294 4579 331 4621 a
352 4564 671 4623 Theodoro
702 4568 939 4624 Lascari
957 4567 1155 4624 exorsi
1178 4572 1234 4624 et
1254 4567 1316 4623 in
1335 4571 1576 4640 recepta
1605 4581 1640 4622 a
1661 4565 1830 4622 Mich.
1855 4563 2182 4634 Palaeologo
2207 4563 2372 4621 CPoli
2388 4561 2711 4618 desinentis
2734 4565 3061 4626 auctorem,
3084 4574 3267 4632 quem
3290 4559 3506 4612 testem

129 4653 400 4711 subinde
422 4655 562 4712 citat
581 4659 674 4713 Jo.
709 4655 1110 4714 Leunclavius
1136 4658 1197 4713 in
1213 4658 1528 4714 Pandectis
1553 4656 1838 4712 Historia
1862 4653 2124 4711 Turcicas
2151 4669 2165 4720 ;
2192 4668 2336 4710 nam
2358 4656 2414 4709 et
2446 4649 2846 4723 Acropolitam
2867 4649 3216 4722 Ephraemus
3235 4646 3298 4703 in
3329 4644 3505 4703 Chro-

204 4816 292 4889 (τι)
322 4814 463 4889 Vide
496 4815 766 4889 Allatium
788 4818 876 4873 De
905 4817 1193 4889 Georgiis,
1221 4832 1281 4889 p.
1315 4817 1452 4889 355.
1475 4819 1531 4871 et
1581 4815 1747 4871 Han-

129 4885 368 4951 ckium,
391 4887 478 4944 De
496 4888 643 4957 Byz.
670 4903 871 4944 rerum
883 4885 1292 4958 scriptoribds,
1313 4886 1417 4943 lib.
1437 4904 1473 4942 ι.
1499 4902 1631 4958 cap.
1655 4890 1743 4952 33,

129 4959 361 5024 (ΡΑΒΒ.)
382 4958 532 5012 Add.
555 4961 622 5014 G.
663 4962 815 5016 Cave
836 4961 993 5015 Hist.
1020 4959 1260 5014 litt.SS.
1287 4959 1478 5025 Eccl.,
1508 4963 1652 5012 tom.
1677 4959 1744 5024 ll,

129 5042 191 5098 p.
219 5031 329 5083 312
356 5047 369 5096 ;
395 5031 454 5085 C.
476 5029 743 5086 Oudinus
760 5031 818 5085 in
840 5031 1056 5086 Comm.
1081 5030 1154 5086 de
1167 5029 1268 5085 SS.
1290 5030 1455 5095 eccl.,
1480 5034 1623 5084 tom.
1651 5029 1742 5092 Ill,

125 5113 190 5172 ρ.
228 5101 356 5167 465,
383 5098 751 5172 Hamberger
776 5103 832 5157 Ζ.
864 5104 952 5166 Ν.,
986 5102 1074 5167 ιν,
1097 5118 1157 5171 p.
1188 5105 1290 5156 835
1313 5115 1470 5172 sqq.,
1501 5104 1556 5155 et
1588 5099 1745 5156 Saxii

131 5168 349 5252 Οινξςηηζ
383 5185 439 5252 ιι2
465 5185 525 5241 p.
561 5168 687 5228 316⁷.
719 5171 944 5252 (ΗΑ-ῃ.)

199 5239 284 5310 (b)
311 5239 701 5311 Pachymeres
721 5239 782 5298 in
803 5239 987 5299 Mich.
1012 5242 1346 5312 Palzologo
1366 5244 1453 5299 Vl.
1475 5244 1560 5296 26.
1594 5243 1742 5312 Con-

127 5307 786 5436 il'fr68Papebrochium,
849 5318 998 5371 tom.
1057 5315 1170 5378 VII,
1236 5307 1374 5368 A'ct.
1430 5313 1523 5369 SS.
1589 5311 1739 5378 Maii,

128 5395 776 5527 Ptggnﬁonstantinum
803 5454 1227 5527 Acropolitam,
1260 5453 1505 5527 perinde
1541 5458 1610 5527 ut
1639 5468 1744 5524 pa.

129 5524 284 5577 trem
302 5525 641 5594 Georgium,
656 5526 894 5582 codices
910 5524 1046 5580 mss.
1062 5524 1354 5593 magnum
1372 5524 1740 5594 logothetam

129 5598 370 5660 vocant,
397 5601 454 5651 et
477 5611 549 5652 ex
577 5596 693 5652 illis
718 5597 986 5667 Allatius,
1021 5596 1370 5653 Lambecius
1391 5597 1470 5667 [ν.
1499 5596 1578 5652 ad
1612 5601 1736 5652 not.

1857 4814 1962 4885 d.],
1993 4814 2240 4885 Gaveus,
2263 4816 2380 4885 etc.
2407 4812 2521 4885 sed
2550 4815 2607 4868 et
2626 4809 2995 4882 Pachymeri,
3026 4808 3244 4885 Vlll,_8,
3280 4819 3506 4885 memo-

1854 4877 2020 4956 ratur
2044 4877 2305 4938 ﬂammis
2330 4883 2623 4956 traditum
2640 4877 2965 4956 σύγγραμμα
2994 4886 3084 4956 τοῦ
3107 4878 3329 4956 παλαιοᾷ
3345 4877 3502 4956 μεγά-

1853 4955 1943 5028 λου
1975 4955 2246 5028 λογοθξτου
2264 4961 2356 5028 τοῦ
2386 4948 3070 5028 ’ᾼκροπολίτόυξδὲῂὶοηίε
3101 4949 3318 5028 .magni
3346 4948 3502 5028 logo-

1857 5016 2051 5096 thetae,
2079 5025 2154 5081 ad
2186 5016 2631 5081 distinctionem
2651 5016 2870 5096 nempe
2889 5020 3146 5096 iunioris
3179 5016 3384 5086 magni
3415 5016 3502 5096 l_o-

1855 5087 2130 5175 gothetaa,
2165 5096 2536 5152 Constantini
2561 5091 3056 5175 Acropolitaa‘til‘ii.
3079 5091 3154 5144 de
3168 5104 3296 5175 quo
3314 5087 3505 5175 verba

1855 5161 2249 5240 Fachym'ertei
2263 5182 2576 5240 perperam
2625 5161 2744 5240 acci
2753 5164 2837 5240 pit
2861 5161 3129 5240 Allatius,
3145 5161 3243 5240 pc
3269 5173 3504 5240 copsep-

1850 5254 1940 5305 su,
1974 5228 2032 5308 p'.
2067 5242 2191 5293 780.
2225 5228 2524 5308 Q'uae'ipse
2545 5228 2855 5308 rectius’de
2881 5239 3046 5305 patre
3074 5230 3375 5308 intellegit,
3395 5228 3499 5284 lib.

1851 5255 1940 5305 su,
2020 5279 2032 5292 .
2068 5255 2191 5293 'IUU.
2225 5255 2368 5303 uuae
2396 5255 2524 5308 Ipse
2545 5255 2760 5291 rectius
2781 5255 2855 5289 ue
2881 5255 3046 5305 patre
3074 5255 3375 5299 uueuexu,
3395 5255 3498 5284 ιω.

1851 5312 1937 5367 De
1959 5255 2246 5379 georgiis,
2271 5325 2331 5380 p.
2375 5311 2496 5364 358.
2529 5307 2947 5380 Pachymeres,
2986 5309 3133 5380 tom.
3183 5303 3228 5380 I_,
3276 5300 3380 5380 lib.
3419 5316 3498 5380 ιχ,

1853 5397 1902 5437 c.
1924 5385 2012 5452 28,
2057 5372 2376 5452 p.'2l3,'de
2407 5377 2654 5452 Georgio
2684 5372 2992 5452 logotheta
3021 5393 3034 5430 :
3071 5373 3145 5452 ξς)
3176 5373 3249 5436 εἰς
3301 5372 3504 5446 loyce:-

1850 5472 1944 5514 τας
1997 5445 2162 5524 μέῖγας
2195 5445 2300 5524 Ῠκαὶ
2385 5445 2661 5524 σοφὸςήτὰ
2709 5447 2958 5519 μάλιστα,
3032 5445 3164 5503 πλὴν
3212 5445 3503 5518 κατημελη-

1850 5517 2012 5596 μένωξ
2035 5517 2133 5596 τῷν
2163 5523 2230 5596 είς
2263 5517 2570 5596 συνείᾷὴσιν
2599 5517 2755 5591 ἔχων.

1921 5595 2002 5668 (d)
2035 5593 2281 5650 Allatius
2309 5593 2394 5648 De
2417 5592 2750 5648 Simeonum
2780 5591 3039 5658 scriptis,
3071 5604 3130 5661 p.
3172 5591 3285 5644 109.

207 5735 286 5806 (1)
318 5735 461 5794 Vide
492 5752 677 5811 supra
707 5739 818 5796 col.
853 5741 977 5810 809,
1012 5738 1117 5796 ubi
1142 5741 1378 5797 exstant
1416 5737 1788 5797 Constantini
1818 5735 2172 5810 Acropolitee
2205 5733 2426 5808 scripta
2455 5749 2591 5807 qua
2620 5736 2958 5807 supersunt.
2993 5735 3143 5788 Emr.
