3988 6322
557 250 659 311 963
1814 247 2164 309 GEORGIUS
2203 227 2660 309 ACROPOLl’l‘A.
3819 252 3912 304 964

543 377 927 436 Precationes
965 376 1096 445 XIII,
1137 389 1292 446 quas
1338 373 1600 430 Michaeli
1641 372 1993 443 Palaaologo,
2039 373 2251 430 urbem
2301 373 2507 445 Cpolin
2568 373 2832 440 intranti,
2874 387 2937 428 se
3003 372 3424 444 composuisse
3475 376 3707 440 narrat,
3775 376 3908 428 c.87

543 469 828 524 Historiae
851 470 908 522 et
937 466 1139 520 Oratio
1159 465 1232 519 de
1260 469 1493 531 recepta
1521 462 1698 532 Cpoli
1727 463 1899 532 cujus
1931 468 2354 532 argumentum
2387 479 2518 536 cap.
2551 465 2620 518 89
2652 461 2850 530 refert,
2888 462 3335 519 interciderunt.
3371 461 3693 518 Addantur
3727 480 3742 516 :

620 557 822 612 Oratio
844 557 905 610 in
928 554 1213 622 templum
1244 552 1572 607 Dominicz
1609 553 2061 607 resurrectionis
2090 552 2584 618 mstauratum,in
2625 552 2926 622 cod.3088,
2969 551 3335 624 publ.Paris.
3377 552 3729 622 Logotheta
3760 553 3903 608 dein.

547 646 784 715 Georgii
797 643 1153 711 Acropotitae
1174 640 1414 698 iambici
1444 657 1648 697 versus
1680 640 1853 708 LXIII,
1875 640 1978 712 qui
2027 646 2166 697 sunt
2211 641 2576 697 Praefationis
2640 641 2773 696 loco
2827 641 2890 696 in
2937 639 3227 696 Theodori
3287 640 3556 696 Lascaris
3596 640 3904 709 Epistolas.

542 737 688 790 Tum
725 730 990 787 Lascaris
1021 729 1283 802 epistolas
1312 733 1401 797 38,
1435 728 1512 785 ad
1546 744 1838 799 magnum
1864 727 2296 800 philosophum
2331 731 2494 784 Dom°
2529 730 2744 800 Georg.
2784 730 3200 799 Acropolitam
3242 733 3378 784 ante
3405 729 3735 785 Marcionis
3764 729 3905 799 lega-

544 823 766 879 tionem
799 821 876 876 ad
906 820 1201 875 Joannem
1233 818 1484 884 Ducam,
1527 817 1855 889 Florentiae,
1876 817 1938 873 in
1968 818 2099 873 cod.
2135 819 2409 885 Laurent,
2435 817 2638 875 Medic.
2672 823 2760 886 35,
2797 817 2944 891 plut.
2979 821 3044 873 59
3088 833 3276 890 quem
3322 817 3574 889 copiose
3641 823 3906 874 recenset

543 909 797 965 Bandin.
830 909 891 963 in
923 913 1018 964 cat
1051 950 1063 964 .
1097 908 1276 964 codd.
1302 909 1400 963 Gr.
1438 909 1503 962 Η.
1533 923 1593 978 p.
1632 911 1733 961 555
1768 922 1860 978 sq.

616 999 918 1070 Ἐπιτάφιος
954 1004 1027 1067 τῷ
1063 993 1291 1069 ἀοιδίμῳ
1333 994 1550 1068 βασιλεί
1573 1003 1712 1067 κυρῷ
1757 994 1964 1066 Ἰωάννῃ
2041 1003 2114 1066 τῷ
2177 1007 2191 1048 t

2329 1016 2348 1068 ξι
2409 998 2472 1051 in
2534 995 2673 1054 cod.
2741 997 3012 1054 Naniano
3076 997 3202 1064 281,
3267 1011 3328 1052 n.
3396 998 3518 1052 109.
3589 998 3665 1056 V.
3733 996 3904 1061 Catal,

541 1086 834 1144 codd.Gr.
869 1090 1039 1156 Nan.,
1073 1101 1213 1158 pag.
1252 1089 1376 1141 474.

609 1175 1111 1250 Ερισηροσκώληκος
1152 1176 1387 1245 Georgii
1440 1173 1775 1245 Logothetw
1837 1171 2184 1245 interpolato

2333 1189 2358 1229 e
2412 1190 2473 1231 se
2530 1175 2709 1248 ipso:
2776 1175 3078 1251 Παραϐολαὶ
3143 1176 3280 1228 κατὰ
3338 1177 3575 1250 Μάρκον,
3612 1175 3908 1242 Leidaz,in

538 1264 686 1332 bibl,
730 1264 900 1337 publ.
932 1264 1082 1320 inter
1111 1263 1289 1319 codd.
1323 1263 1595 1318 Vossian.
1629 1261 1774 1317 Vide
1797 1261 1978 1318 Catal.
2033 1261 2190 1317 illius
2214 1261 2385 1329 bibl.,
2419 1278 2479 1336 p.
2513 1268 2637 1331 402,
2665 1281 2728 1321 n.
2781 1270 2871 1324 17.

609 1353 872 1425 Gregorii
893 1352 1242 1409 Nazianzeni
1271 1353 1567 1408 orationes
1597 1356 1682 1418 16,
1717 1366 1856 1406 cum
1881 1350 2183 1422 perpetuis
2223 1350 2484 1424 scholiis,
2514 1352 2575 1409 in
2607 1359 2832 1411 catenae
2860 1353 3112 1410 modum
3141 1352 3719 1424 contextis,Georgii
3744 1355 3911 1410 Acro-

532 1445 764 1514 politae,
790 1442 1047 1500 Maximi
1075 1443 1430 1511 confessoris
1453 1446 1506 1497 et
1557 1439 1778 1496 Basilii
1827 1439 2078 1505 minimi,
2122 1441 2404 1496 Caesareae
2458 1441 2744 1515 episcopi,
2795 1443 2930 1499 cod.
2980 1442 3271 1506 Naniano,
3321 1443 3458 1496 cod.
3485 1444 3581 1498 64.
3632 1443 3786 1498 Vid.
3822 1445 3908 1498 Ca-

537 1532 637 1589 tal.
668 1532 844 1589 codd.
879 1535 972 1588 Gr.
1005 1535 1151 1588 Nan.
1195 1545 1336 1603 pag.
1375 1533 1493 1585 114.
1525 1527 1676 1586 Add.
1704 1527 1861 1584 infra
1889 1528 1963 1584 de
2017 1528 2297 1598 Gregorio
2325 1529 2596 1587 Nazianz.
2654 1531 2758 1588 lib.
2814 1549 2870 1600 ν,
2905 1548 3040 1605 cap.
3093 1535 3178 1599 13,
3207 1529 3325 1586 vol.
3380 1528 3484 1597 Vll,
3517 1531 3726 1602 p.540
3780 1531 3909 1587 edit.

536 1626 652 1680 vet.
724 1627 895 1677 HARL.

891 1709 1074 1767 Iedex
1097 1709 1507 1779 episcoporum
1537 1713 1591 1764 et
1617 1707 1876 1764 aliorum
1899 1707 2318 1778 quorumdam,
2350 1708 2415 1764 in
2448 1709 2816 1780 Acropotitz
2835 1709 3109 1768 Historia
3146 1712 3634 1765 memoratarum.

1533 1795 1824 1869 (Numeris
1839 1795 2055 1868 capita,
2089 1811 2211 1852 non
2241 1798 2478 1868 paginae
2509 1797 2948 1873 designantur.)

607 1889 947 1962 Acropolita
975 1887 1049 1944 de
1081 1903 1142 1943 se
1172 1902 1304 1959 cap.
1336 1887 1427 1957 27,
1460 1889 1550 1954 29,
1581 1887 1669 1956 32,
1724 1888 1812 1952 39,
1865 1888 1935 1937 Τὸ
1958 1888 2102 1955 γένος
2143 1905 2181 1937 π

2334 1888 2436 1957 vis,
2485 1903 2674 1958 genus
2725 1889 2855 1960 ejus
2896 1889 3124 1950 illustre
3148 1898 3238 1952 32.
3273 1891 3630 1966 Imperatori
3661 1891 3909 1962 iunctus

536 1978 842 2045 afﬁnitate,
874 1982 961 2034 70.
985 1975 1384 2049 Imperatoris,
1415 1974 1664 2030 Joannis
1720 1975 1999 2036 Vatatzaa,
2035 1975 2280 2028 nomine
2305 1974 2586 2046 epistolas
2633 1978 2870 2051 scripsit
2894 1983 2953 2036 et
3004 1981 3460 2054 imperatorium
3509 1978 3786 2050 sigillum
3806 1977 3907 2032 im-

531 2068 767 2140 pressit,
798 2069 886 2134 44,
919 2069 1006 2121 49.
1034 2065 1222 2121 Judex
1239 2065 1312 2120 de
1342 2063 1509 2121 Mich.
1540 2064 1866 2128 Comneno,
1891 2065 1979 2118 50.
2009 2065 2072 2117 ln
2097 2062 2388 2134 Theodori
2414 2065 2694 2131 Junioris,
2722 2083 2906 2140 quem
2927 2068 2991 2125 in
3013 2069 3211 2143 logica
3253 2070 3572 2144 disciplina
3634 2068 3912 2124 institue-

530 2161 640 2227 rat,
664 2155 1140 2226 indignationem
1171 2152 1395 2219 incidit,
1430 2155 1520 2208 63.
1553 2151 1614 2207 Ei
1639 2149 2076 2218 reconciliatur,
2117 2151 2260 2206 ibid.
2323 2155 2535 2210 Praetor
2593 2156 2925 2214 Occidentis
2970 2161 3352 2230 constitutus,
3386 2164 3474 2232 66,
3523 2163 3614 2227 67,
3646 2161 3742 2222 68,
3813 2159 3900 2211 70.

501 2245 867 2316 ;AMichaele
892 2243 1178 2317 perduelli
1213 2246 1443 2315 captus,
1474 2244 1564 2306 72,
1601 2244 1670 2294 79
1695 2244 1781 2298 83.
1813 2239 2064 2310 Legatus
2091 2238 2168 2295 ad
2200 2242 2638 2313 Constantium,
2667 2245 3060 2316 Bulgarorum
3080 2249 3437 2322 principem,
3490 2250 3578 2304 84.
3631 2242 3908 2300 Michaeli

533 2336 840 2390 Comneno
861 2333 1108 2389 solemni
1119 2349 1220 2388 um
1245 2346 1492 2404 precum
1513 2327 2104 2385 tredecimformulas
2138 2331 2592 2404 componitpost
2613 2340 2855 2407 captam
2880 2337 3110 2410 Cpolin,
3135 2342 3219 2394 87.
3241 2338 3534 2396 Orationis
3563 2335 3637 2392 de
3659 2339 3907 2406 recepta

534 2423 739 2494 Copoli
767 2425 1210 2492 argumentum,
1234 2421 1322 2475 89.
1349 2422 1538 2474 Duces
1570 2417 1946 2473 exercituum
1975 2433 2085 2474 nec
2111 2419 2360 2476 omnino
2408 2420 2748 2480 laudandos
2790 2425 3042 2499 judicat,
3117 2443 3228 2484 nec
3280 2425 3737 2503 vituperandos,
3798 2423 3902 2478 sed

533 2512 738 2567 omnia
763 2511 862 2565 Dei
881 2514 1032 2566 nutu
1050 2509 1199 2571 ﬁeri,
1232 2511 1322 2575 44,
1346 2511 1438 2563 46.

601 2599 977 2656 Andronicus
1003 2599 1367 2666 Comnenus,
1409 2594 1707 2650 Michaelis
1742 2594 1891 2666 imp.
1919 2593 2096 2664 ﬁlius,
2125 2597 2215 2651 89.

601 2687 983 2744 Andronicus
1005 2685 1251 2754 Muzalo,
1282 2700 1544 2754 magnus
1565 2683 1953 2750 domesticus,
1986 2687 2074 2740 63.

601 2777 998 2845 Andronicus,
1031 2775 1346 2833 Sardensis
1375 2773 1714 2846 episcopus,
1744 2777 1836 2830 84.

601 2867 903 2934 Arsenius,
935 2883 967 2924 e
988 2866 1292 2923 monacho
1319 2881 1443 2920 una
1471 2863 1854 2920 hebdomade
1885 2863 2200 2935 diaconus,
2225 2865 2508 2922 sacerdos
2556 2872 2613 2924 et
2668 2869 3031 2940 patriarcha,
3074 2876 3161 2929 53.
3185 2871 3566 2930 Theodorum
3589 2869 3903 2941 juniorem

528 2958 697 3025 ibid.,
730 2962 789 3014 et
813 2957 982 3014 Mich.
1005 2957 1379 3013 Comnenum
1408 2957 1675 3025 coronat,
1709 2959 1800 3010 77.
1824 2953 2160 3026 Depositus,
2190 2954 2278 3008 84.
2305 2954 2637 3027 Nicephoro
2667 2959 2957 3016 exstincto
2982 2960 3196 3018 iterum
3227 2961 3558 3025 restitutus,
3581 2958 3736 3015 ibid.
3788 2956 3903 3014 Sed

529 3048 694 3120 Cpoli
709 3053 949 3120 recepta
968 3047 1211 3116 absens,
1237 3049 1324 3101 88.

597 3141 795 3194 Aurea
835 3137 1017 3205 Bulla,
1058 3151 1096 3193 a
1117 3138 1346 3192 Joanne
1372 3137 1536 3192 Duca
1563 3135 1714 3206 imp.
1740 3130 2228 3190 Melenicensibus
2257 3131 2422 3204 data,
2449 3137 2544 3193 44.
2575 3135 2703 3194 Alia
2721 3135 3038 3196 ﬁrmandis
3062 3137 3686 3198 Thessalonicensium
3709 3136 3893 3211 privi-

531 3226 722 3299 legiis,
753 3230 843 3282 45.

601 3315 871 3372 Balduini
889 3315 1036 3386 imp.
1091 3313 1381 3371 interfecti
1450 3315 1634 3385 caput
1682 3310 1896 3367 Joanni
1941 3310 2086 3381 regi,
2125 3325 2236 3384 pro
2295 3311 2536 3384 poculo,
2601 3317 2685 3370 13.
2742 3315 2925 3388 Regia
2986 3317 3245 3389 insignia
3305 3318 3470 3392 Cpoli
3521 3318 3730 3389 capta,
3811 3318 3894 3372 86.

600 3403 1019 3460 Constantinus
1049 3401 1371 3468 Cabasilas,
1395 3401 1667 3458 Achridis
1696 3399 1984 3469 Bulgaria;
2007 3399 2521 3474 archiepiscopus,
2544 3405 2633 3460 80.

597 3494 856 3549 Joannes
881 3494 1247 3558 Camaterus,
1264 3490 1609 3562 patriarcha
1629 3487 1822 3560 Cpol.,
1844 3503 1979 3561 cap.
2009 3493 2062 3544 6.

598 3580 940 3652 Canipanus
970 3575 1360 3642 δυσνούστατος
1390 3581 1526 3633 κατὰ
1550 3582 1638 3631 τὸν
1663 3579 1891 3649 κωμικὸν
1915 3577 2173 3650 (Aristop

1550 3582 1638 3631 τὸν
1663 3579 1891 3649 κωμικὸν
1915 3577 2259 3650 (Aristoph)
2289 3579 2334 3632 εἰ
2368 3599 2456 3633 και
2505 3586 2578 3656 μὴ
2604 3583 3002 3658 κλεπτίστατος,
3033 3589 3120 3643 48.

600 3669 963 3743 Chrysopus,
984 3671 1122 3740 equi
1141 3683 1386 3735 nomen,
1412 3674 1500 3725 61.

599 3759 998 3829 Constantius,
1015 3759 1486 3831 Mesopotamita,
1509 3755 1889 3830 metropolita
1917 3755 2480 3829 Thessalonicensis,
2512 3763 2600 3818 21.

598 3849 881 3908 Cosmidii
910 3849 1342 3906 monasterium
1363 3864 1550 3923 prope
1570 3849 1972 3912 Blachermas,
2015 3846 2101 3900 88.

599 3941 751 3996 Crux
775 3939 1162 4013 imperatoria
1199 3953 1237 3995 a
1265 3938 1530 4010 Bulgaris
1570 3944 1764 4012 capta,
1800 3941 1890 3996 11.

599 4032 756 4106 Κύριε
785 4028 1013 4095 ἐλέησον,
1047 4028 1269 4084 centies
1289 4028 1626 4100 repetitum,
1663 4031 1752 4085 88.

598 4119 949 4190 Demetrius,
981 4117 1272 4188 Bulgaria:
1292 4118 1808 4192 archiepiscopus,
1838 4119 1928 4176 21.
1949 4120 2266 4192 Αὐτόνομος,
2300 4116 2441 4174 ibid.
2474 4115 2672 4188 [Alius
2693 4117 3047 4192 Demetrius,
3073 4118 3368 4177 Theodori
3393 4117 3577 4187 ﬁlius,
3611 4117 3888 4192 despota,

527 4222 662 4280 cap.
699 4207 818 4280 45.]

596 4298 702 4352 Per
725 4293 994 4351 dulleum
1028 4297 1083 4350 et
1113 4293 1339 4350 ferrum
1369 4294 1638 4352 candens
1669 4296 1972 4368 purgatio,
2017 4301 2104 4354 50.
2145 4303 2171 4350 Δ

2310 4297 2488 4349 «vat-mu
2542 4295 2792 4368 ἔγγελχος
2817 4312 2925 4370 per
2952 4297 3164 4356 mortis
3191 4299 3497 4357 intentata
3525 4301 3885 4370 praesentem

525 4387 799 4440 mentum
822 4382 1099 4455 quaestio,
1131 4382 1276 4438 ibid.

598 4471 896 4542 Ἐγδιύκλιος
918 4467 1222 4542 παίδευσις,
1248 4474 1338 4526 29.
1362 4473 1723 4545 Μαθημάτιων
1755 4477 1846 4528 καί
1870 4473 2169 4551 ὑψηλοτέρα
2188 4482 2287 4530 τῶν
2323 4473 2486 4546 λόγων
2519 4469 2818 4546 παίδευσις,
2866 4477 2954 4531 32.

596 4563 836 4617 Festum
860 4559 1420 4630 Transﬁgurationis
1456 4561 1688 4633 Christi,
1726 4567 1814 4618 63.

593 4649 879 4720 Georgius
891 4648 1072 4718 Clida,
1097 4648 1280 4720 Cyzici
1304 4650 1705 4722 metropolita,
1754 4655 1844 4708 88.

595 4739 929 4796 Germanus
956 4736 1318 4810 patriarcha,
1342 4741 1428 4808 33,
1450 4742 1540 4794 42.

593 4827 890 4887 Gradibus
918 4827 998 4884 ad
1026 4825 1289 4884 Ecclesia
1310 4826 1624 4899 prohibitis
1655 4828 1963 4888 connubia
1984 4829 2444 4904 imperatoribus
2466 4829 2914 4903 permittuntur,
2938 4835 3025 4889 50.

594 4920 888 4995 Γράμματα
925 4916 1169 4992 ἐρωτικά,
1201 4919 1290 4973 68.

593 5006 911 5081 Hyacinthi
943 5005 1373 5064 monasterium
1395 5009 1478 5074 10,
1516 5009 1599 5078 18,
1619 5010 1708 5064 42.

592 5097 996 5170 Imperatoriae
1036 5096 1266 5163 litteras,
1293 5095 1478 5152 rubro
1517 5098 1905 5168 consignatae,
1935 5096 2026 5166 26,
2095 5101 2184 5154 38.
2252 5101 2602 5170 imperator,
2635 5102 2805 5156 scuto
2834 5097 3126 5170 insidens,
3161 5097 3593 5172 proclamatur,
3653 5099 3748 5166 53,
3798 5102 3884 5153 77.

594 5187 782 5256 Irene,
804 5186 1184 5259 imperatoris
1208 5201 1397 5256 soror,
1430 5201 1491 5241 1n
1519 5187 1854 5243 monastico
1877 5187 2085 5243 habitu
2112 5187 2377 5259 Eulogia,
2405 5191 2492 5245 86.

590 5277 871 5340 Joannes,
895 5274 1444 5346 Hierosolymorum
1473 5291 1594 5342 rex,
1609 5279 1871 5332 27.Hunc
1891 5276 2192 5346 octoginta
2212 5292 2406 5335 annos
2421 5281 2632 5335 natum
2653 5280 2709 5334 et
2729 5276 2889 5334 mole
2906 5277 3173 5352 corporis
3187 5277 3538 5350 viribusque
3551 5276 3877 5349 insignem,

523 5361 667 5419 vidit
696 5369 751 5418 et
779 5365 1030 5420 miratus
1055 5368 1146 5419 est
1169 5363 1524 5436 Acropolita,
1566 5364 1711 5420 ibid.

593 5449 959 5523 Joannicius,
993 5453 1314 5524 episcopus
1342 5451 1897 5524 Philadelphiensis,
1941 5458 2030 5513 84.

591 5540 849 5596 Joannes
885 5543 1185 5607 Macrotes,
1216 5551 1338 5612 quo
1369 5541 1449 5598 ad
1477 5541 1756 5614 epistolas
1785 5545 1992 5616 magni
2017 5546 2308 5603 momenti
2333 5544 2684 5605 scribendas
2723 5562 2866 5604 usus
2890 5547 3149 5605 Joannes
3216 5548 3485 5606 Vatatzes
3534 5544 3726 5618 imp.,
3777 5546 3866 5599 48.

521 5628 712 5688 Iudex
748 5629 824 5690 de
853 5628 1021 5687 Mich.
1055 5631 1403 5700 Commeno,
1437 5634 1524 5690 50.
