3988 6322
112 310 226 363 965
1658 305 1953 363 NOTITIA.
3378 305 3478 369 965

185 427 498 501 Josephus
530 427 1001 500 Mesopotamita,
1031 428 1487 498 grammaticus.
1514 430 1602 485 49.

182 516 593 587 Jurisjurandi
622 515 904 584 formula,
946 520 1021 589 μὰ
1048 522 1165 579 τοὺς
1190 517 1393 589 λόγους,
1424 523 1513 575 65.

183 606 424 663 Manuel
446 606 734 676 Lascaris,
759 605 912 662 inter
942 608 1276 664 monachos
1306 607 1543 664 Maximi
1573 622 1796 664 nomen
1825 608 2096 675 adscivit,
2126 610 2211 664 59.
2247 608 2729 678 Protosebastus,
2759 615 2850 668 60.

182 694 446 763 Manuel,
477 694 1031 752 Thessalonicensis
1071 696 1274 768 episc.,
1312 699 1398 752 84.

182 783 443 852 Manuel,
466 783 828 855 patriarcha,
867 788 951 840 18.
987 785 1221 841 Maximi
1248 800 1580 857 successor,
1627 788 1713 842 19.
1770 787 1913 841 Vere
1961 784 2046 840 vir
2095 785 2511 858 philosophus,
2558 788 2701 844 ibid.
2757 788 2973 845 Pietate
3040 789 3313 859 insignis,
3360 790 3490 871 lice.

106 871 347 928 litteras
378 888 595 944 parum
624 872 836 929 doctus
859 877 917 929 et
945 875 1117 930 uxori
1140 875 1410 945 junctus,
1444 875 1531 934 51.
1564 877 1825 930 Mortuus
1856 873 2038 946 paulo
2073 879 2208 931 ante
2237 875 2662 947 imperatorem
2685 879 2977 933 Joannem
3026 880 3347 946 Vataztem,
3399 884 3463 936 53

182 960 543 1028 Methodius,
570 961 922 1017 monasterii
944 962 1257 1033 Hyacinthi
1290 961 1504 1031 abbas,
1549 963 1891 1035 patriarcha
1920 979 2025 1035 per
2046 966 2162 1020 tres
2186 979 2425 1020 menses
2450 964 2639 1037 Cpol.,
2669 968 2757 1022 42.

182 1048 387 1105 Mariae
417 1049 788 1119 Hodegetriaa
818 1050 1047 1120 imago,
1074 1055 1166 1107 88.

182 1136 486 1193 Michaelis
516 1137 864 1207 archangeli
902 1138 1224 1211 templum,
1247 1144 1339 1207 22,
1370 1143 1459 1195 85.

181 1224 433 1281 Michael
452 1226 848 1282 Auctorianus
876 1229 1233 1298 patriarcha.
1295 1228 1377 1283 19.
1436 1231 1630 1299 Λόγοις
1684 1248 1756 1281 τυ·

1909 1251 1983 1301 ον,
2042 1234 2127 1283 καὶ
2184 1232 2359 1292 πάσης
2415 1241 2621 1306 γραφῆς
2672 1235 2913 1308 ἔμπειρος
2968 1241 3065 1297 τῆς
3118 1254 3172 1289 τε
3228 1237 3484 1309 ἡμετέρας

124 1318 217 1365 καὶ
246 1320 349 1375 τῆς
381 1315 618 1389 θύραθεν,
644 1317 697 1370 6.
3389 1328 3486 1396 δεξῖῂ

183 1401 438 1458 Michael
487 1402 832 1459 Comnenus
883 1403 1253 1475 Palseologus
1283 1405 1705 1477 purgationem
1732 1422 1840 1479 per
1865 1408 2086 1465 ferrum
2113 1409 2381 1465 candens
2403 1410 2728 1482 prudenter
2759 1411 3039 1479 declinat,
3078 1416 3165 1469 50.
3195 1414 3335 1484 Ejus
3354 1414 3488 1486 epi-

113 1490 295 1561 stola,
328 1494 415 1549 64.
450 1492 680 1564 Scripto
717 1496 881 1549 tomo
911 1508 948 1549 a
976 1494 1315 1565 patriarcha
1345 1498 1400 1551 et
1425 1494 1553 1550 aliis
1583 1496 1880 1569 episcopis
1909 1498 1988 1554 ad
2013 1499 2332 1572 imperium
2354 1500 2804 1573 suscipiendum
2832 1502 3134 1573 invitatur,
3179 1506 3267 1561 76.
3334 1503 3491 1575 Cpoli

114 1586 364 1651 recepta
390 1579 799 1651 patriarcham
821 1582 884 1637 in
916 1586 1158 1638 tronum
1186 1583 1460 1652 restituit,
1492 1585 1583 1641 89.

186 1668 703 1738 Morotheodorus,
727 1674 784 1726 7.

188 1760 368 1814 Joan.
390 1758 635 1827 Muzalo,
662 1775 693 1815 e
714 1761 971 1833 mystico
1003 1762 1363 1832 monachus,
1395 1765 1484 1818 40.

194 1846 484 1918 Georgius
511 1848 756 1918 Muzalo,
783 1849 876 1908 75.

192 1935 576 1993 Andronicus
604 1937 857 2009 Muzalo,
886 1941 979 1994 63.

197 2024 601 2097 Mitylenensis
628 2027 1140 2101 archiepiscopus,
1175 2031 1263 2083 74.

196 2116 487 2184 Nazarzei,
518 2130 631 2187 pro
660 2116 998 2186 monachis,
1030 2119 1117 2172 42.

199 2212 576 2284 Nicephorus
600 2212 1328 2286 Alyates,grammaticus,
1360 2216 1448 2269 49.
1474 2212 1791 2270 Praefectus
1831 2209 2096 2281 caniclei,
2126 2211 2219 2279 75,
2246 2213 2334 2265 79.

196 2301 571 2373 Nicephorus
593 2301 968 2369 Blemmides,
991 2302 1388 2375 philosophus
1426 2302 1975 2366 excellentissimus,
2010 2300 2072 2355 in
2099 2299 2307 2368 logicis
2336 2297 2687 2371 Acropolitas
2708 2303 3060 2372 praeceptor,
3121 2307 3209 2359 32.
3263 2306 3487 2362 Praece-

130 2392 268 2461 ptor
291 2387 474 2445 etiam
494 2388 787 2447 Theodori
806 2390 1063 2445 Junioris
1092 2390 1264 2462 imp.,
1286 2390 1759 2463 patriarchatum
1791 2388 1953 2446 CPol.
1986 2390 2229 2460 respuit,
2254 2392 2339 2444 53.
2370 2388 2588 2459 Ephesi
2616 2392 2912 2457 versatus,
2946 2392 3035 2445 87.

196 2477 569 2549 Nicephorus
600 2493 673 2535 ex
703 2478 1080 2552 metropolita
1110 2479 1408 2551 Ephesino
1428 2480 1790 2552 patriarcha,
1823 2482 1910 2536 84.
1943 2482 2072 2535 Non
2100 2492 2208 2550 per
2227 2492 2457 2533 annum
2495 2477 2814 2548 integrum,
2848 2478 2992 2535 ibid.

198 2567 597 2638 Nicephorus,
631 2568 1052 2638 Tarchoniata,
1083 2582 1343 2638 magnus
1367 2567 1753 2636 domesticus,
1776 2573 1864 2633 36,
1905 2572 1993 2624 40.

200 2655 503 2725 Nicolaus,
536 2656 808 2714 medicus
832 2658 1053 2725 bonus,
1081 2657 1481 2730 philosopha),
1503 2658 1693 2728 rudis,
1724 2662 1811 2714 39.
1842 2657 2132 2729 Dignitate
2159 2654 2478 2722 actuarius,
2502 2654 2624 2711 sive
2636 2655 2907 2713 medicus
2926 2657 3325 2732 imperatoris,
3339 2660 3484 2718 ibid.

198 2746 548 2803 Palmarum
578 2746 675 2802 die
698 2746 1123 2820 triumphantis
1159 2762 1327 2805 more
1358 2748 1571 2804 urbem
1590 2747 1826 2818 ingredi
1855 2746 2061 2804 solitus
2088 2746 2434 2818 imperator,
2462 2748 2547 2799 52.

200 2836 391 2907 Papa,
413 2838 469 2902 2,
498 2836 585 2900 14,
617 2835 698 2891 I7.

201 2924 564 2981 Patriarchsa
586 2925 665 2981 ab
690 2925 1155 2999 imperatoribus
1180 2926 1433 2984 libenter
1453 2927 1849 2995 asciscuntur,
1871 2927 1976 2999 qui
2004 2922 2313 2981 desideriis
2362 2937 2572 2978 eorum
2621 2937 2743 2979 non
2787 2922 3181 2996 refragantur,
3235 2928 3324 2981 42.
3374 2928 3488 2983 Nec

133 3014 315 3070 nimis
344 3015 606 3085 sapiant,
638 3020 724 3071 53.

204 3102 499 3174 Pelagius,
531 3103 785 3174 legatus,
818 3105 943 3161 sive
976 3105 1222 3163 nuntius
1251 3105 1552 3179 pontiﬁcis
1579 3108 1773 3178 Rom.,
1801 3111 1885 3162 17.

202 3193 376 3248 Joan.
410 3191 796 3264 Petraliphas,
826 3208 1086 3264 magnus
1110 3194 1529 3262 chartularius,
1550 3196 1674 3252 sive
1704 3192 2117 3262 cancellarius,
2140 3192 2228 3261 37,
2258 3194 2350 3247 40.

204 3280 447 3337 Phidias
480 3282 823 3350 statuarius,
856 3287 944 3353 50,

206 3370 457 3437 Phocas,
480 3370 861 3443 metropolita
894 3371 1451 3444 Philadelphiensis,
1485 3376 1574 3430 50.

206 3457 394 3515 Poeta
415 3458 773 3531 (Homerus),
798 3465 887 3529 55,
910 3465 999 3529 63,
1034 3465 1126 3517 69.
1419 3447 1428 3456 ’

205 3547 526 3605 Praxiteles
552 3550 891 3618 statuarius,
932 3550 1022 3606 50.

211 3636 549 3693 Proverbia:
582 3637 700 3692 Ἐπὶ
731 3638 889 3713 ξυροῦ
916 3643 980 3695 in
1036 3641 1165 3697 acie
1216 3641 1548 3710 novaculae,
1603 3644 1657 3711 9,
1713 3645 1781 3697 65

1921 3661 1946 3693 ν
2008 3645 2168 3710 στενῷ
2217 3652 2311 3693 res
2346 3637 2410 3693 in
2460 3636 2752 3707 angustiis
2808 3638 3163 3708 constitutae,
3223 3644 3309 3696 59.
3376 3642 3496 3707 ,Επὶ

138 3724 322 3796 κύϐου,
356 3742 600 3793 securaa,
638 3728 780 3783 ibid.
811 3727 1056 3803 Στρεϐλόν
1097 3728 1266 3795 ξύλον,
1328 3728 1505 3783 οὓποτ’
1556 3728 1727 3803 ὀρθὸν,
1777 3734 1866 3782 καὶ
1916 3731 1941 3783 ὁ
1994 3726 2201 3798 Αἰθίωψ
2246 3726 2340 3779 οὐκ
2403 3721 2541 3779 οἶδεν
2597 3725 2978 3794 λευκαίνεσθαι,
3038 3730 3127 3784 49·
3183 3733 3348 3788 Σκηνὴ
3405 3736 3498 3783 τοῦ

142 3810 408 3889 δράματος
453 3815 521 3876 εἰς
571 3812 872 3891 τραγῳδίαν
924 3821 1320 3890 μεμοκφωμένη,
1389 3821 1481 3876 63.
1564 3817 1721 3893 Ἐρὼν
1768 3817 1924 3890 am,
2010 3819 2100 3887 84,
2151 3820 2397 3890 Φρόνημα
2475 3819 2564 3868 καὶ
2634 3812 2770 3876 εἶδος
2851 3814 3155 3891 τυραννίδος
3225 3816 3387 3884 ἀξιον,
3470 3816 3498 3870 δ

142 3909 273 3975 φησί
302 3924 382 3965 τις
413 3911 513 3957 τῶν
548 3904 803 3972 παλαιῶν,
833 3909 899 3961 65
955 3910 1250 3969 Φυζακινῆς
1306 3904 1491 3978 ἐλάφου
1558 3903 1784 3980 κραδίην
1839 3908 1999 3979 ἔχων,
2056 3909 2139 3962 59.
2195 3906 2290 3957 Διά
2345 3908 2530 3978 μικρὸν
2590 3923 2642 3956 τι
2695 3900 2877 3976 κέρδος
2920 3908 2978 3956 τὸ
3037 3904 3204 3977 φιλίας
3248 3903 3499 3980 ἀπορῥίπ-

140 4012 238 4047 των
268 3999 361 4047 καὶ
399 3999 708 4047 καταπᾱτῶν
738 3994 1006 4065 κύπελλον,
1034 3998 1332 4054 70.Πᾶσαν
1362 4000 1612 4069 μηχανὴν
1643 4000 1734 4050 καὶ
1778 3998 1950 4052 πάντα
1999 3992 2166 4048 κάλων
2227 3999 2405 4064 κινεῖν,
2453 3995 2543 4048 81.
2595 3994 2693 4047 Τὸν
2734 3997 2852 4068 περὶ
2903 3992 3093 4065 ψυχῆς
3142 3996 3373 4067 τρέχειν,
3403 3996 3495 4050 81.

208 4080 530 4158 Σωσάνδρων
559 4084 1014 4157 monasterium,
1044 4085 1136 4142 88.

212 4173 401 4230 Studii
435 4174 890 4241 monasterium,
923 4177 1009 4230 88.

210 4263 556 4320 Theodorus
577 4263 782 4320 Junior
813 4264 984 4336 imp.,
1007 4262 1153 4326 ἀετὸς
1184 4266 1356 4337 ταχὺς
1385 4280 1423 4322 a
1443 4263 1728 4322 militibus
1751 4264 2112 4339 appellatus,
2141 4266 2228 4320 58.
2260 4260 2429 4319 Morti
2477 4260 2714 4317 vicinus
2773 4261 2837 4317 in
2883 4260 3253 4334 paenitentiae
3312 4262 3500 4320 ﬁdem

142 4352 425 4411 monachi
461 4351 656 4409 induit
674 4353 973 4422 habitum,
1006 4354 1095 4409 74.

201 4440 546 4499 Theodorus
564 4444 994 4514 Exapterygus,
1006 4441 1357 4516 Acropolitm
1369 4447 1719 4517 praeceptor,
1730 4442 1795 4501 in
1839 4441 2279 4503 mathematicis
2292 4440 2416 4499 non
2427 4439 2761 4499 admodum
2775 4444 3091 4514 prmstans,
3112 4439 3176 4497 in
3187 4439 3500 4499 rhetoricis

146 4531 442 4602 egregius,
468 4534 556 4587 32.

213 4620 562 4677 Theodorus
598 4621 881 4691 Irenicus,
922 4622 1283 4695 cognomine
1308 4624 1521 4695 Copas,
1554 4621 1913 4697 patriarcha,
1946 4625 2009 4679 19

213 4706 304 4766 Ad
333 4708 711 4767 Theodorum
737 4711 1288 4784 Contostephanum
1317 4712 1628 4769 instructio
1657 4711 1804 4784 imp.
1836 4711 2082 4769 Joannis
2094 4712 2366 4781 Vatatzae,
2395 4709 2613 4783 scripto
2627 4709 2868 4780 tradita,
2890 4709 3201 4783 quomodo
3215 4709 3405 4768 aciem
3419 4706 3499 4766 ad

147 4813 352 4855 versus
374 4798 606 4855 Latinos
630 4814 1015 4871 componere,
1055 4800 1303 4873 quando
1337 4804 1394 4858 et
1421 4799 1527 4857 ubi
1566 4799 1890 4871 conﬂigere
1918 4801 2182 4870 deberet,
2201 4803 2293 4856 48.

213 4886 453 4944 Trinobi
481 4887 804 4961 epiacopus
819 4888 1132 4962 αὐτονομίας
1165 4890 1267 4961 jus
1283 4893 1341 4947 et
1370 4890 1728 4963 patriarcha:
1758 4906 1983 4947 nomen
2013 4889 2127 4947 sibi
2148 4888 2435 4959 vindicat,
2458 4892 2549 4946 33.

214 4977 549 5050 szrithon,
583 4992 843 5049 magnus
866 4978 1303 5049 charitularius,
1326 4981 1417 5035 45.

217 5067 398 5122 Xerus
422 5066 799 5138 metropolita
828 5067 1134 5139 Naupacti,
1166 5070 1257 5135 49,

211 5154 560 5226 Acropolitaa
590 5155 668 5210 ab
696 5154 906 5211 Allatio
935 5155 1263 5229 subjicitur,
1294 5172 1349 5229 p.
1390 5159 1488 5212 146
1506 5185 1578 5199 -
1596 5157 1722 5218 186:
1752 5162 2015 5211 ΙΩΗΛΟΥ
2041 5156 2311 5213 JOELIS
2329 5155 2831 5227 Chronographia
2888 5152 3340 5223 compendiaria
3388 5150 3495 5225 (4),

144 5257 236 5298 res
260 5244 607 5299 brevissime
634 5244 1040 5316 perstringens
1061 5250 1117 5301 et
1158 5246 1570 5301 successiones
1600 5246 1942 5319 principum
1972 5246 2050 5301 ab
2072 5245 2215 5301 orbe
2264 5244 2505 5301 condito
2550 5260 2744 5316 usque
2802 5242 2881 5299 ad
2927 5244 3168 5315 captam
3218 5257 3255 5296 a
3305 5240 3505 5298 latinis

146 5346 303 5389 anno
330 5334 465 5387 1204
496 5332 721 5403 CPolin,
748 5333 908 5390 circa
924 5333 1089 5406 quod
1115 5339 1352 5407 tempus
1382 5334 1607 5390 vixisse
1656 5340 1865 5392 auctor
1906 5336 2033 5408 ipse
2053 5334 2310 5402 videtur,
2352 5336 2506 5389 certe
2562 5347 2684 5387 non
2725 5332 2829 5387 diu
2884 5336 3020 5403 post
3057 5329 3363 5401 scripsisse
3398 5329 3499 5402 (ιι),

148 5426 281 5492 post
316 5422 475 5477 hanc
515 5422 1062 5492 chronographiam
1089 5423 1355 5494 sequitur
1383 5425 1444 5478 in
1475 5422 1688 5479 eodem
1716 5424 2022 5481 volumine
2062 5438 2203 5495 pag.
2239 5425 2468 5477 187-199
2489 5420 2732 5475 Joannis
2767 5419 2990 5476 Canani
3012 5420 3093 5490 (ὁ)
3130 5420 3369 5473 Ἰωάννου
3410 5426 3504 5472 τοῦ

218 5511 301 5586 (να)
324 5509 491 5586 Qonf.
518 5512 667 5586 Cave
694 5510 851 5566 Hist.
887 5510 1001 5567 litt.
1031 5510 1140 5567 SS.
1173 5512 1340 5577 eccl.,
1390 5515 1533 5568 tom.
1557 5513 1622 5583 II,
1667 5527 1731 5586 p.
2019 5512 2103 5585 (ὁ)
2126 5511 2282 5567 Vixit
2302 5512 2504 5586 circ.‘a
2542 5509 2865 5586 (3hr._142_1.
2892 5512 2954 5565 V.
2999 5510 3155 5586 Sagii
3205 5511 3411 5567 Onam.
3432 5508 3504 5582 II,

156 5579 287 5656 281.
320 5581 541 5656 (Hum)
734 5653 749 5656 Α
814 5654 845 5656 Α
1002 5655 1005 5656 ν
1606 5579 1617 5583 ⁷
1667 5579 1690 5586 “

1930 5600 1991 5656 p.
2015 5579 2119 5639 407
2161 5597 2250 5654 sq.
2276 5587 2334 5639 et
2354 5580 2461 5654 qui
2491 5580 2569 5636 ad
2592 5595 2662 5637 eo
2690 5579 3018 5638 laudantur
3049 5581 3277 5655 (Hann)

224 5652 297 5726 (1)
318 5655 523 5712 Exstat
545 5656 691 5711 tom.
720 5653 1035 5713 CXXXVIII.
1068 5657 1224 5713 Enrr.
