3988 6322
558 267 660 326 967
1838 275 2116 333 GEORGII
2156 275 2626 334 ACROPOLITE.
3826 273 3914 327 96-8

559 401 789 447 Κανανοῦ
863 391 1118 466 διήγησις
1168 402 1415 470 περὶτοῦ
1469 397 1517 450 ἐν
1569 401 2104 455 Κωνσταντινούπόλεί
2167 407 2434 474 γεγονότος
2505 401 2730 472 πολέμου
2781 399 2915 452 κανὰ
2973 400 3030 449 τὸ
3090 395 3220 457 ζυιλ⁹
3291 398 3416 460 ἔτος,
3476 397 3559 448 ὅτε
3631 396 3677 447 ὀ⁹
3757 402 3915 468 Δελφίς

559 485 657 554 ράτ
715 486 832 544 “si;
879 489 1136 558 παρέπεσε
1201 490 1360 558 ταύτῃ
1412 490 1544 558 μετὰ
1588 483 1856 560 δυνάμεως
1913 489 2151 565 βαρείας,
2214 497 2301 544 καὶ
2365 490 2647 564 παρολίσγον
2732 491 2926 544 ταύτην
3010 486 3231 560 ἐκράτει,
3312 485 3429 557 εἰμή
3527 487 3557 543 ἡ
3633 486 3914 559 ὑπέραν-θος

559 577 745 646 Μὴτηρ
766 580 855 623 τοῦ
886 578 1077 644 Κυρίου
1103 594 1297 632 ταύτην
1351 574 1580 648 ἐφύλαξε·
1640 579 1930 634 Narratio
1974 580 2047 636 de
2095 581 2134 636 bl

2338 581 2634 636 7Politano
2678 579 2828 635 anni
2870 577 2945 632 ab
3001 577 3138 631 orbe
3186 575 3423 630 condito
3473 573 3641 640 6930,
3704 574 3913 631 Christi

560 661 717 722 1422,
750 676 880 716 cum
911 664 1156 719 Amurat
1185 665 1322 721 Beis
1353 666 1497 734 (sive
1518 671 1798 724 Amurate
1824 669 2142 725 secundus.
2186 672 2511 726 Turcarum
2553 667 2898 739 imperator)
2948 681 3083 722 cum
3129 666 3592 734 fortissimorum
3659 664 3913 719 militum

556 749 898 826 exercitulin
911 768 1039 811 eam
1053 755 1296 823 irrupit,
1315 770 1494 825 quam
1512 761 1564 811 et
1583 764 1980 827 expugnasset
1996 760 2218 830 utique,
2237 761 2359 814 nisi
2367 757 2924 814 immaculatissima
2939 757 3048 812 Dei
3063 755 3257 810 Mater
3271 758 3708 808 conservasset.
3724 754 3916 807 Aitan-

556 847 675 900 tem
707 846 1000 914 Cananus,
1030 845 1244 901 urbem
1273 849 1692 901 conservatam
1723 861 1856 902 esse
1883 847 2036 904 mira
2065 849 2121 903 S.
2146 847 2338 904 Mariae
2359 863 2496 919 ope,
2526 863 2685 919 quae,
2709 845 2989 902 violaceis
3018 844 3240 900 amicta
3291 841 3562 898 vestibus
3621 846 3689 898 et
3751 858 3914 914 super

550 934 1012 1016 propugnacula
1028 932 1449 1001 deambulans,
1464 934 1740 990 hostibus
1754 940 2042 992 terrorem
2063 952 2134 992 ac
2151 952 2457 992 summam
2481 936 2938 1008 trepidationem
2955 931 3292 990 incusserit.
3309 928 3522 989 Ἐπειδὴ
3545 928 3608 983 δὲ
3638 931 3694 983 οἰ
3746 930 3913 1002 ἐχθρεέ

554 1026 644 1073 καὶ
674 1022 908 1096 πολέμιοι
959 1025 1101 1096 ὑμῶν
1151 1018 1388 1075 δέδωκαν
1433 1028 1726 1096 μαρτυρίαν
1783 1027 2047 1096 τοιαύτην,
2102 1027 2237 1078 πάνυ
2297 1024 2439 1077 ἐστὶν
2491 1023 2845 1096 ἁληγέστατον
2902 1025 2962 1074 τό
3024 1025 3200 1095 θαῦμα
3251 1029 3346 1082 τῆς
3403 1024 3712 1091 Παναγίας.
3782 1018 3913 1072 ’Ἐλε-

551 1129 610 1182 γε
653 1114 752 1186 ’γὰρ
797 1113 822 1164 ό
882 1115 1160 1172 Mne-uim;
1217 1113 1555 1186 πατριάρχης
1599 1121 1699 1165 τῶν
1754 1117 2015 1189 Τούρκων,
2066 1116 2149 1166 ὅτε
2228 1116 2258 1172 ἡ
2345 1113 2490 1174 πόλις
2566 1112 2865 1187 ἕκπρόκειτό
2949 1110 3073 1185 παρ’
3154 1113 3296 1182 ἡμῶν
3393 1107 3912 1181 αἱχμαλωτισθῆνιι,

553 1203 617 1262 ὡς
647 1204 695 1253 οἱ
736 1206 886 1274 σοφοὶ
921 1209 1015 1264 τῆς
1043 1207 1265 1274 Περσίας
1296 1201 1368 1264 εἰς
1393 1205 1476 1254 τόν
1515 1206 1696 1276 καιρὸν
1748 1211 1840 1255 τοῦ
1897 1205 2126 1275 Μωάμεθ
2183 1201 2590 1277 ἐψηφοφόρησαν
2647 1207 2766 1277 περὶ
2821 1203 3031 1270 τούτοῦ,
3088 1204 3178 1252 καὶ
3229 1195 3374 1272 εὖρον
3434 1200 3515 1250 ὃτι
3566 1197 3646 1257 εἰς
3701 1201 3767 1249 τό
3825 1201 3915 1256 ἔτος

554 1292 753 1340 καὶτὸν
811 1299 950 1362 μῆνα
1001 1295 1090 1342 καὶ
1137 1295 1226 1348 τὴν
1276 1291 1472 1363 ἡμέραν
1529 1293 1618 1361 (24
1663 1292 1936 1362 Augusti)
1995 1295 2193 1353 ταύτης
2247 1302 2344 1355 τῆς
2397 1294 2534 1367 ὧρας
2589 1293 2619 1349 ἠ
2681 1291 2826 1351 πόλις
2873 1290 2997 1364 παρ’
3043 1291 3189 1362 ἡμῶν
3243 1293 3514 1361 πρόκειται
3571 1289 3917 1361 κρατηθῆναι,

552 1381 639 1428 καὶ
691 1377 860 1450 ἔμελλε
915 1386 1064 1431 τοῦτο
1110 1381 1350 1450 γενέσθαι
1405 1382 1540 1431 κατὰ
1587 1387 1680 1438 τῆν
1735 1377 1956 1452 δύναμιν
2013 1390 2110 1434 τῶν
2169 1381 2417 1456 ἀστέρων,
2469 1386 2559 1433 καὶ
2609 1385 2703 1439 τὴν
2727 1385 2918 1452 τέχνην
2975 1388 3073 1432 τῶν
3126 1378 3481 1453 ἀστρονόμων,
3516 1377 3560 1429 ei
3610 1380 3696 1448 μὴ
3758 1378 3788 1434 ἡ
3846 1397 3921 1446 γυ-

551 1471 706 1517 ναῖκα
743 1465 906 1524 ἐκείνη
957 1469 986 1525 ἡ
1041 1467 1160 1530 ὀξέα
1203 1475 1436 1542 φοροῦσα
1490 1471 1578 1520 καὶ
1620 1475 1986 1544 περιπατοῦσα
2040 1478 2133 1523 τοῦ
2180 1473 2413 1544 κάστρου
2507 1474 2598 1522 καὶ
2681 1478 2778 1522 τῶν
2852 1472 3225 1542 προμαχιόνων
3301 1465 3467 1519 ἐπάνω
3545 1464 3766 1537 ἀφόϐως
3843 1472 3919 1517 τοῦ

554 1555 775 1628 πολεμου
819 1560 914 1614 τὴν
964 1558 1098 1629 ὤραν
1139 1555 1300 1615 ἐκείνη
1351 1556 1628 1632 ἀντέπραξε
1681 1561 1768 1620 τὰς
1821 1557 2070 1633 δυνάμεις
2121 1569 2220 1612 τῶν
2270 1561 2482 1635 ἄστρων
2544 1559 2633 1611 καί
2678 1563 2773 1617 τὴν
2831 1562 3023 1631 τέχνην
3071 1566 3170 1610 τῶν
3219 1555 3566 1631 ἀστρολόγων.
3622 1554 3778 1612 Πλὴν
3842 1554 3920 1606 a-Jz

554 1642 654 1696 ἀπό
696 1653 817 1716 γῆς,
867 1641 991 1696 οὐδὲ
1043 1645 1096 1707 ἐξ
1142 1645 1421 1718 ἀνθρώπων
1464 1651 1558 1704 την
1615 1644 1837 1722 δύναμιν
1886 1647 2047 1722 εἶχεν,
2100 1649 2206 1702 ἀλλ’
2260 1650 2315 1713 ἐξ
2365 1650 2585 1723 ούρανοῦ
2641 1653 2731 1700 καὶ
2778 1647 3001 1722 ἀοράτόυ
3063 1644 3346 1718 δυνάμεως.
3397 1644 3622 1716 Ὁμοίως
3699 1649 3796 1697 καὶ
3867 1648 3924 1694 tu

555 1736 921 1805 στρατεύματα
968 1736 1138 1787 πάντα
1189 1744 1288 1788 τῶν
1369 1739 1609 1809 Τούρκων
1697 1736 2137 1814 ἐσύνεμαρτύρουν
2217 1737 2436 1814 ἐνόρκως
2517 1742 2604 1790 τὸν
2674 1740 2990 1810 Μηρσαίτην
3055 1735 3267 1803 ἐκεῖνον,
3296 1738 3386 1786 καὶ
3429 1729 3754 1805 ἐδιηγοῦντο
3809 1741 3925 1805 πρὸς

549 1823 768 1892 πάντας,
823 1823 902 1874 ὃτι
954 1831 1045 1875 τοῦ
1097 1823 1318 1896 πολέμου
1387 1832 1479 1883 τῆν
1518 1824 1675 1900 ὥραν,
1741 1829 1860 1880 ὅταν
2048 1830 2277 1903 Θράσους
2325 1832 2414 1880 καὶ
2467 1829 2633 1900 ὁρμῆς
2696 1825 2992 1899 ἀκρατὴτοῡ
3039 1826 3270 1898 ἔφθασαν
3322 1823 3394 1885 εἰς
3442 1824 3508 1875 τὰ
3582 1827 3754 1894 τείχη
3839 1830 3922 1874 τοῦ

549 1912 804 1984 κάστρου,
835 1913 916 1964 ἵνα
945 1911 1203 1966 ἀναϐῶσιν
1237 1913 1423 1982 ἐπάνω,
1486 1920 1576 1967 καὶ
1629 1911 1862 1978 διώξωσι
1909 1919 2034 1979 τούς
2098 1922 2389 1990 Ρωμαίους,
2447 1923 2535 1970 καὶ
2589 1921 2681 1975 τήν
2724 1917 2872 1969 πόλιν
2927 1913 3379 1987 αἰχμαλωτίσουν,
3440 1916 3551 1964 τότε
3611 1908 3764 1964 εἶδον
3834 1931 3914 1982 7v-

547 2007 700 2052 ναίκα
757 2000 872 2064 όξὶα
915 2003 1093 2076 ῥοῡχα
1139 2010 1417 2078 φοροῦσαν,
1469 2009 1558 2056 καὶ
1606 2013 2003 2078 περιπατοῡσαυ
2068 2005 2237 2058 ἐπάνω
2281 2014 2379 2058 τῶν
2436 2009 2832 2078 προμαχιονίων
2879 2012 2970 2058 τοῦ
3029 2003 3126 2067 ἔξω
3183 2004 3439 2076 κάστρου.
3535 2005 3641 2053 Καὶ
3721 2004 3919 2056 ταύτῃ

550 2086 762 2154 ἰδόντες,
802 2097 983 2152 σκότος
1026 2097 1115 2144 καὶ
1161 2097 1349 2165 τρόμος
1399 2098 1489 2146 καὶ
1528 2091 1678 2165 φόϐος
1733 2092 1874 2166 ἄφνω
1929 2094 2002 2156 είς
2061 2097 2155 2157 τὰς
2207 2094 2390 2166 ψυχὰς
2449 2095 2654 2153 εἰσῆλθε
2704 2104 2803 2146 τῶν
2851 2097 3078 2164 ’πάντων²
3132 2112 3222 2144 και
3260 2094 3391 2164 πρὸς
3449 2094 3616 2162 φυγήν
3679 2089 3921 2159 ἔϐλεψαν,

545 2183 635 2231 καὶ
668 2179 739 2242 εἰς
762 2179 980 2254 πόλεμον
1013 2177 1136 2234 οὐδὲ
1161 2181 1284 2242 ὅλως
1333 2187 1419 2234 καὶ
1475 2181 1575 2234 ἀπὸ
1625 2179 1894 2255 δυνάμεως
1943 2203 1998 2236 τε
2052 2189 2142 2236 καὶ
2204 2188 2414 2255 τέχνης.
2474 2185 2575 2244 Τῆς
2629 2186 2878 2255 γυναικὸς
2923 2184 3024 2258 γὰρ
3084 2181 3282 2241 ἐκείνης
3336 2178 3519 2250 ἕγαϐον
3547 2183 3642 2236 τήν
3702 2175 3922 2254 (iulia,

544 2273 634 2320 καὶ
655 2268 978 2343 ἠλευθερώθη
1012 2272 1041 2328 ἡ
1075 2270 1240 2340 πόλις,
1272 2271 1421 2326 Cum
1449 2286 1586 2327 vero
1613 2271 1804 2327 hostes
1828 2278 2008 2343 atque
2037 2273 2118 2329 ad

2345 2275 2375 2328 fi
2422 2274 2616 2329 nostri
2667 2273 2777 2329 hoc
2828 2273 3156 2329 testimonia
3207 2285 3314 2325 suo
3371 2267 3920 2337 constabiliverint,

544 2357 733 2412 multa
763 2359 1132 2414 verissimum
1166 2359 1392 2415 esthoc
1420 2361 1805 2423 sanctissimae
1835 2361 2089 2430 Virginis
2141 2364 2522 2419 miraculum.
2573 2363 2847 2432 Namque
2888 2361 3194 2420 Mersaita,
3241 2361 3363 2415 sive
3402 2359 3776 2426 patriarcha
3840 2352 3919 2429 (π)

552 2443 1651 2516 Turcarum,afﬁmabat,propositam
1685 2453 1826 2504 tunc
1840 2449 2160 2519 illisfuisse
2179 2452 2482 2508 civitatem
2503 2453 2584 2508 ad
2602 2448 3394 2522 pradam,quemadmodum
3417 2447 3536 2502 viri
3558 2446 3922 2502 doctiPerstr

545 2537 724 2588 aetate
747 2533 1073 2590 Mahometi
1089 2536 1546 2592 calcutaverant
1574 2537 1950 2607 invenerant,
1979 2554 2093 2610 que
2127 2539 2236 2596 hoc
2264 2556 2444 2613 anno,
2475 2556 2696 2606 mense,
2727 2541 2843 2607 die,
2873 2540 3107 2611 dieique
3135 2539 3287 2594 hora
3315 2535 3518 2592 urbem
3543 2549 3582 2591 a
3606 2534 3783 2590 nobis
3830 2536 3921 2590 de-

546 2618 890 2677 bellandam
921 2636 1059 2690 esse;
1093 2628 1147 2678 et
1170 2623 1451 2692 futurum
1480 2625 1544 2680 id
1568 2631 1700 2681 erat
1713 2627 1954 2682 omnino
1967 2633 2270 2686 astrorum
2302 2632 2363 2687 vi
2387 2637 2442 2687 et
2465 2637 2945 2687 astronomorum
2963 2628 3248 2697 artiﬁcio;
3265 2627 3369 2682 sed
3387 2625 3700 2682 mulierem
3725 2626 3916 2688 illam,

544 2710 822 2765 violaceis
838 2710 1092 2767 vestibus
1105 2713 1517 2782 amictam,per
1526 2721 1790 2770 castrum
1801 2714 2364 2789 obambulantem,et
2375 2735 2558 2789 super
2569 2718 3024 2791 propugnacula
3035 2713 3918 2786 intrepide,dumpugnainiba-

543 2802 664 2862 tur,
696 2800 811 2854 vim
831 2806 1132 2857 astrorum
1156 2801 1470 2870 obtudisse,
1485 2809 1540 2859 et
1552 2805 1986 2874 astrologorum
2001 2809 2562 2880 artiﬁciazquamvis
2586 2810 2699 2865 illa
2723 2824 2837 2864 non
2865 2823 2900 2864 a
2918 2814 3082 2862 terra
3098 2820 3288 2876 neque
3302 2819 3377 2861 ea:
3389 2801 3872 2871 hominibus,sed
3893 2817 3917 2856 ε

543 2890 756 2946 ctelaet
771 2891 1484 2962 invisibilipotestatevim
1497 2895 1820 2951 obtinebat.
1854 2897 2149 2952 Similiter
2173 2898 2470 2953 exercitus
2501 2898 2773 2954 universi
2809 2897 3141 2952 Turcarum
3162 2889 3577 2964 jurejurando
3607 2890 3917 2946 Μενδαίων

543 2978 767 3035 dictum
781 2981 1239 3049 conﬁrmabant,
1268 2989 1321 3038 et
1349 2984 1622 3039 omnibus
1636 2985 1997 3054 narrabant,
2017 3001 2242 3055 pugna:
2266 2987 2433 3053 hora,
2468 2987 2606 3042 dum
2634 3001 2767 3042 cum
2789 2985 3043 3041 audacia
3061 2990 3112 3040 et
3126 2985 3368 3051 impetu,
3385 2981 3491 3052 qui
3504 2981 3776 3036 coerceri
3799 2995 3915 3035 non

532 3073 800 3135 poterat,
837 3070 918 3126 ad
929 3086 1123 3127 muros
1145 3073 1332 3127 castri
1355 3080 1774 3142 pervenerant,
1792 3080 1857 3129 ut
1886 3075 2301 3140 ascenderant,
2329 3076 2995 3146 Graecosquefugarent,
3027 3072 3347 3143 urbemque
3377 3068 3916 3138 caperent,vidisse

539 3158 870 3214 mulierem.
905 3161 1183 3216 violaceis
1207 3161 1462 3217 vestibus
1487 3163 1782 3231 indutam,
1813 3163 2294 3220 deambulantem
2323 3179 2508 3234 super
2532 3165 2994 3234 propugnacula
3016 3162 3330 3220 exterioris
3359 3159 3567 3228 castri;
3626 3173 3754 3228 qua
3793 3160 3915 3214 visa

537 3247 740 3304 statim
771 3248 1045 3315 tenebris,
1071 3250 1364 3318 procella,
1393 3251 1622 3318 timore,
1654 3266 1724 3307 ac
1745 3259 2001 3308 tremore
2029 3257 2331 3322 correptos
2356 3269 2555 3310 omnes
2579 3255 2643 3309 in
2667 3254 2879 3323 fugam
2910 3267 2970 3308 se
2997 3257 3052 3307 et
3076 3265 3196 3307 non
3224 3249 3300 3306 ab
3332 3248 3552 3304 bellum
3582 3246 3844 3310 dedisse,
3869 3253 3913 3302 et

540 3335 603 3389 vi
628 3336 984 3407 inﬂuz‘uque
1005 3337 1170 3393 illius
1199 3339 1467 3395 mulieris
1495 3339 1880 3408 formidinem
1909 3342 2025 3396 sibi
2059 3343 2406 3411 immissum,
2425 3349 2481 3399 et
2503 3343 2707 3399 urbem
2735 3342 3072 3398 liberatam.
3129 3337 3404 3396 Similiter
3465 3334 3766 3392 traditum
3813 3345 3912 3411 est,

539 3423 807 3480 Heraclio
838 3424 1215 3496 imperitante
1243 3427 1447 3482 CPolin
1479 3427 1758 3498 precibus
1791 3429 2182 3485 sanctissimae
2207 3430 2458 3502 Virginis
2505 3431 2821 3488 liberatam
2878 3430 2958 3486 ab
3005 3428 3350 3486 obsidiones
3403 3427 3762 3494 Persarum,
3801 3441 3914 3497 quo

537 3515 769 3598 spectat
799 3512 1088 3584 scriptum
1111 3516 1308 3569 Grece
1329 3520 1384 3571 et
1417 3516 1612 3571 Latine
1643 3517 1859 3572 editum
1885 3533 1922 3573 a
1951 3519 2327 3590 Combeﬁsio,
2355 3527 2500 3578 tom.
2528 3523 2571 3575 11
2599 3520 2881 3577 Auctarii
2906 3520 3065 3587 novi,
3097 3533 3240 3590 pag.
3259 3520 3382 3582 805,
3411 3514 3493 3566 Ἐν
3528 3520 3641 3576 τοῖς
3700 3519 3916 3588 Χρόνθιξ

553 3598 838 3672 Ηρακλείου
868 3605 1107 3673 Χοσρόης
1139 3602 1420 3677 Σάρϐαρον,
1453 3609 1564 3660 etc.
1599 3605 1690 3660 Sic
1719 3605 1994 3678 Adolpho
2018 3609 2103 3673 ιν,

2364 3609 2656 3679 Ηοιεαιὶω,
2690 3624 2746 3664 a.
2779 3610 3011 3675 c.1227,
3041 3605 3334 3662 adversus
3359 3605 3556 3658 Danos
3587 3603 3912 3672 pugnanti,

534 3687 724 3758 aiunt,
758 3689 948 3744 visam
976 3689 1037 3746 in
1054 3690 1318 3747 nubibus
1331 3693 1385 3749 S.
1405 3693 1645 3750 Mariam
1659 3694 2068 3764 Magdalenam
2097 3697 2175 3768 (b)
2189 3713 2433 3754 ammno
2449 3699 2469 3768 j
2483 3698 2667 3754 ubare
2681 3700 3092 3770 protegentem
3113 3695 3306 3767 ipsius
3319 3689 3909 3764 copias,dextraque,

531 3775 729 3834 levata
754 3777 866 3834 illis
898 3777 1370 3848 benedicentem,
1399 3781 1459 3837 in
1496 3781 1700 3839 hostes
1733 3799 1872 3840 vero
1902 3785 2104 3841 radios
2136 3785 2364 3842 solares
2403 3787 2810 3843 vehementius
2855 3786 3339 3858 retorquentem.i
3350 3779 3464 3838 Sed
3502 3782 3558 3835 et
3608 3780 3908 3836 Zosimus-

530 3867 805 3924 ethnicus
860 3869 1132 3942 scriptor,
1161 3869 1262 3926 lib.
1282 3887 1334 3942 v,
1371 3887 1504 3944 cap.
1527 3876 1580 3939 6,
1614 3873 1837 3942 scribit,
1870 3873 2190 3943 Alaricnm,
2214 3890 2288 3931 ne
2316 3876 2575 3932 Athenas
2597 3892 2737 3933 cum
2757 3875 3021 3931 exercitu
3053 3875 3392 3946 occuparet,
3409 3868 3776 3925 deterritum
3789 3884 3906 3925 esse

533 3963 856 4030 conspecta
885 3958 1162 4030 Minerva,
1187 3967 1422 4018 armata
1452 3961 1886 4018 obambulante
1910 3963 2072 4018 urbis
2103 3979 2309 4020 muros
2336 3969 2391 4020 et
2421 3964 2666 4031 Achille,
2693 3969 2882 4021 stante
2905 3967 3042 4020 ante
3068 3961 3311 4026 moenia,
3333 3957 3622 4029 additque
3644 3971 3901 4013 causam

528 4045 694 4103 illam
718 4053 964 4104 servatae
994 4049 1242 4106 civitatis
1262 4050 1615 4122 neutiquam
1646 4067 1683 4106 a
1707 4066 1770 4107 se
1800 4052 2100 4124 prmtermi

2324 4069 2374 4110 cn
2389 4053 2801 4126 fuisse,utpote
2826 4055 3080 4128 θεοπριπῇ
3095 4071 3214 4106 τινα
3234 4049 3416 4115 οὖσαν,
3435 4050 3526 4100 καὶ
3547 4052 3620 4106 εἰς
3640 4045 3899 4100 εὐσέϐειαν

531 4139 649 4196 τοὺς
679 4135 964 4199 ἀκούοντας
992 4137 1332 4210 καλουμένην.

597 4278 685 4365 tul
705 4280 894 4365 quam
923 4280 1101 4365 hodie
1141 4280 1462 4365 lion/tium
1507 4280 1700 4365 solent
1732 4298 2114 4365 nuncupare,
2229 4284 2429 4365 gensis
2452 4284 2710 4365 appelat
2722 4301 2914 4355 papas
2929 4293 2986 4365 e_t_
3013 4286 3374 4365 apostolicos
3386 4297 3513 4340 suae
3533 4296 3652 4365 g_en
3667 4284 3772 4336 (is.

528 4344 690 4428 hunc
709 4351 1128 4428 patriarcham
1154 4344 1479 4428 Turcarum
1502 4354 1868 4428 vocatetiam
1886 4344 1972 4426 p.‘
1991 4344 2115 4412 292.
2227 4344 2431 4428 cissim
2463 4344 2588 4421 fuit,
2619 4344 2906 4428 cui'papa
2931 4344 3224 4414 diceretur
3246 4357 3300 4410 Il
3324 4356 3487 4410 Gran
3533 4344 3754 4428 fTurco
3807 4351 3891 4404 dei

531 4416 698 4498 Αὐτὸς
722 4415 781 4470 δὲ
819 4422 844 4471 ό
873 4424 1116 4492 μέθιστος
1160 4423 1468 4498 καὶ-πολύς
1523 4423 1644 4494 παρ’
1698 4415 1903 4485 ἐκείνοις
1954 4429 1980 4478 ό
2039 4428 2106 4479 εύι

2314 4415 2584 4496 .ristiani,
2632 4431 2689 4483 et
2727 4415 3073 4485 Illabometis
3100 4431 3169 4484 Ill
3221 4428 3457 4498 legatus
3492 4497 3497 4498 ν
3537 4423 3889 4498 ιθοῐιὶηιιζιι,

529 4492 680 4571 γξνὴς
733 4494 1073 4571 πατριάρχης
1125 4493 1178 4545 ὃν
1231 4492 1386 4571 γεῖχον
1438 4492 1780 4568 προοράτικόν
1836 4502 1947 4571 καὶΔ
1986 4518 2104 4571 προ-

2315 4497 2429 4553 ΙΙὶιΒ
2444 4492 2600 4571 regis
2617 4498 2973 4570 ministrum,
2990 4492 3606 4571 magnum'Vizirium
3630 4493 3890 4568 appella-

530 4563 696 4641 Zn‘rnv
738 4563 986 4641 τούνομαί
1021 4563 1334 4638 Μηρσαῖτης
1403 4563 1486 4636 τῇ
1539 4563 1767 4641 Πξρσικῇ
1843 4563 2105 4641 διαλέκτῳ.

2227 4571 2327 4641 vit,
2361 4563 2618 4641 utrefert
2643 4571 2785 4625 Tan.
2811 4563 2996 4628 Faber
3018 4563 3567 4641 ad'Longinum,p.
3619 4563 3703 4641 17—.

530 4583 696 4640 φητην
738 4583 966 4636 τουνομα
1021 4583 1334 4638 Μηρσαιτης
1403 4583 1463 4636 τῃ
1539 4583 1767 4637 ιιερσικῃ
1843 4583 2113 4641 οίιαλεκτῳ.
2227 4583 2327 4636 νη,
2361 4583 2996 4628 utretert'l‘an.r'aber
3018 4583 3096 4629 ad
3125 4583 3488 4640 Longinum,
3555 4609 3567 4621 .
3619 4583 3704 4621 ιι.

530 4632 938 4712 Saepiusidem
964 4640 1241 4713 Cananus
1263 4639 2116 4713 memoratTurcarumquoyi-
2271 4639 2378 4713 7(b)
2404 4640 2540 4695 Vide
2574 4641 2958 4713 Lambecium
2979 4645 3079 4700 lib.
3129 4661 3166 4698 ιι
3212 4643 3430 4700 Rerum
3478 4583 3891 4708 [gemburgen-

523 4721 649 4826 ςους
668 4707 791 4761 sive
822 4710 1172 4775 monachos,
1198 4712 1378 4766 etiam
1410 4723 1529 4762 uno
1560 4707 1801 4763 nomine
1825 4707 2096 4786 Τουρκοκα

560 4777 789 4826 σ’γέοουε-
829 4781 1104 4826 Similitnr
1155 4781 1473 4826 Chnlinhas
1519 4780 1842 4826 Turcarum
1879 4784 2095 4826 [Imman-

1584 4707 1801 4763 iornine
1825 4707 2118 4786 Τουρκοκα-
2224 4707 2378 4768 sium
2405 4727 2464 4784 p.
2488 4714 2546 4768 41
2587 4727 2712 4784 seq.
2746 4712 2886 4773 edit.
2930 4717 3159 4788 primm.

1584 4793 1842 4826 lrcarnm
1879 4784 2116 4826 llrcnnr-

560 4777 790 4847 ογέρους.
829 4781 1104 4841 Similiter
1155 4781 1473 4854 Chaliphas
1519 4780 1844 4836 Turcarum
1879 4777 2116 4857 Ursper-
