3988 6322
92 328 247 383 981
340 285 355 299 ’
1677 320 1987 383 ANNALEE

1903 321 2028 377 .ES.
3110 369 3112 371 .
3462 326 3567 382 982

86 458 237 512 τῆς
264 458 365 503 τῶν
404 452 652 524 Φράσριων
709 452 793 515 [Ρ.
841 448 898 519 3]
938 446 1134 523 ἀρχῆς,
1180 446 1236 499 ἐκ
1284 445 1334 501 δ’
1380 450 1591 502 Ἐνετῶν
1640 451 1800 522 ἕτεροι
1830 450 1875 502 Α
1913 461 1985 516 ge

1913 452 2101 516 gerat,
2140 448 2247 520 qui
2277 453 2416 505 tunc
2447 451 2677 506 tantam
2713 464 2993 505 summus
3028 448 3307 507 sacerdos
3351 449 3568 505 seniori

96 543 237 591 καί
288 538 342 601 ἐξ
394 538 555 591 ἄλλων
606 537 770 602 ἄλλοι,
821 542 912 589 καὶ
980 539 1009 595 ἡ
1080 540 1342 610 πρόφασις
1395 542 1463 599 είς
1516 536 1800 608 ἐλευθεριαν
1914 539 1987 593 Ro

1914 539 2113 593 Romae
2143 524 2397 609 praeerat
2427 556 2441 605 ;
2481 553 2684 611 quem,
2720 538 2801 593 uti
2831 536 3121 602 dixeram,
3154 553 3265 610 pro
3317 541 3568 610 paterno

92 637 241 690 τῆς
303 627 644 704 Ἰερουσαλήμ.
697 625 956 693 amota,
1014 629 1140 678 ὅπου
1196 628 1222 677 6
1281 631 1533 700 κυριαχος
1601 627 1804 696 τυγχά-
1912 626 1987 681 im

1912 626 2164 698 imperio
2183 626 2597 700 recuperando
2615 626 2824 683 lsaacii
2844 620 3001 681 ﬁlius
3024 625 3275 698 supplici
3298 625 3569 683 oratione

98 737 210 772 νει
271 720 448 789 τάφος,
509 713 570 775 ἦν
626 712 684 768 δί
744 716 770 767 ὅ
837 718 1055 777 τούτους
1130 718 1477 789 συναθροίσας
1519 717 1540 750 ⁹
1610 716 1721 787 (13)
1775 715 1801 766 ὁ
1910 731 1982 770 ex

1910 714 2217 771 exorabat.
2265 714 2669 771 Adolescentis
2711 714 3014 786 precibus,
3065 713 3190 770 imo
3220 713 3568 786 promissio-

96 808 519 883 ἀρχιερατιχῶς
590 812 681 866 τῆς
760 803 1113 878 πρεσϐυτέρας
1214 807 1594 877 προϊστάμενος
1680 805 1802 856 Ῥώ·
1910 819 1981 859 ru

1910 819 2046 860 rum
2101 804 2320 877 (neque
2352 804 2513 860 enim
2547 804 2766 873 exigua
2801 802 3097 876 pollicitus
3137 802 3353 871 fuerat)
3380 818 3565 875 expe-

104 915 265 967 μης,
318 900 392 963 ὃν,
459 901 529 957 ὡς
573 898 923 968 προειρὴκιιν,
980 896 1108 964 ύπέρ
1164 902 1257 953 τῆς
1312 902 1570 968 πατρικῆς
1626 891 1800 967 ἀρχῆς
1908 897 1987 947 ctt

1908 892 2166 947 ctatione
2178 897 2375 947 motus
2388 892 2699 965 copiarum
2724 890 2978 947 ducibus
2993 892 3278 962 juvenem
3295 891 3567 948 commit-

106 989 154 1035 ὁ
219 992 315 1038 τοῦ
369 985 637 1038 Ἰσαακίου
706 982 988 1052 ἐξελιπάρει
1059 986 1191 1052 υίὸς,
1260 990 1372 1043 ταῖς
1432 981 1799 1055 παρακλήσεσί
1909 981 1987 1051 tit,

1909 981 1994 1051 tit,
2017 986 2080 1037 ut
2108 982 2161 1052 ’1
2192 994 2330 1037 eum
2357 980 2432 1037 de
2459 982 2554 1039 via
2583 981 2936 1038 decedentes
2993 983 3244 1053 paterno
3294 979 3447 1036 solio
3475 995 3564 1037 re-

1906 1070 2232 1135 stituerent,
2262 1075 2538 1143 sumptus
2559 1071 2684 1128 sive
2705 1070 2764 1125 in
2785 1070 2993 1125 itinere
3015 1069 3136 1125 sive
3155 1069 3319 1141 apud
3342 1070 3563 1140 Byzan-

1906 1160 2017 1217 tios
2069 1175 2240 1216 mora
2282 1160 2557 1232 impenso
2585 1159 2663 1216 ab
2692 1160 2825 1232 ipso
2855 1158 3244 1240 susciperent.
3291 1158 3561 1215 Triremi-

109 1080 235 1125 τοῦ
264 1070 453 1134 παιδὸς
503 1069 838 1133 δυσωπηθεὶς
874 1072 900 1122 6
952 1072 1191 1137 πάπποις,
1232 1071 1461 1143 μάλιστα
1493 1071 1537 1106 ¹⁰
1582 1067 1640 1123 δὲ
1683 1078 1798 1132 ταῖς

113 1163 501 1234 ὑποσχεσεσιν
553 1160 867 1233 (ἐτύγχανον
930 1162 1029 1234 γὰρ
1098 1157 1169 1212 ἀὸ
1170 1180 1280 1234 ραι,
1314 1162 1333 1230 (
1361 1160 1492 1231 14),
1561 1155 1794 1232 παραδί-

116 1246 282 1302 δωσι
352 1254 439 1302 τὸν
520 1245 692 1303 παῖδα
763 1244 868 1308 τοῖς
922 1250 1147 1321 ἡγεμόσι
1215 1257 1315 1300 τῶν
1384 1249 1791 1321 στρατευμάτον,

115 1340 200 1400 ὡς
263 1338 321 1391 ἀν
384 1338 538 1392 αὐτὸν
612 1346 707 1400 τῆς
777 1342 1117 1410 προκειμένης
1178 1336 1504 1400 ἐκνεύσαντες
1562 1346 1632 1389 τῶ
1688 1356 1793 1389 πα-

112 1448 298 1501 τρικῳ
348 1429 799 1499 ἐγκαταστήσαιεν
859 1428 900 1461 ¹¹
965 1428 1148 1502 Θρὸνω,
1192 1425 1503 1499 ἀναλώματα
1558 1446 1611 1479 τι
1668 1427 1794 1501 παρ’

1902 1249 2018 1304 bus
2068 1249 2268 1321 itaque
2311 1254 2366 1305 et
2403 1248 2655 1306 navibus
2711 1247 3071 1304 conscensis:
3123 1246 3558 1304 secundissimo

1902 1338 2225 1411 rapacibus
2262 1338 2453 1395 ventis
2483 1339 2600 1395 acti
2630 1338 2857 1412 Cpolim
2885 1339 3243 1411 perveniunt
3274 1354 3288 1394 :
3321 1336 3405 1393 ibi
3434 1353 3559 1394 ma-

1903 1428 2180 1485 nifestant
2198 1427 2661 1495 adolescentem,
2682 1432 2916 1500 patrata
2936 1426 3180 1497 scelera,
3203 1431 3363 1484 unde
3382 1432 3560 1483 enata

121 1518 300 1570 οιύτοῦ
374 1516 575 1570 λάϐοιεν
632 1517 804 1570 ὁπόσα
875 1515 936 1566 ἂν
981 1515 1097 1568 καθ’
1152 1512 1277 1567 ὁδὸν
1334 1515 1649 1568 ανα).ώσαιεν
1703 1535 1793 1567 και
1894 1516 1987 1588 jus

1903 1516 2073 1588 iussa
2099 1515 2395 1589 pontiﬁcis
2444 1523 2580 1573 ante
2629 1516 2835 1573 oculos
2864 1515 3138 1572 omnium
3188 1519 3560 1589 proponunt.

118 1608 309 1659 ὁπόσα
372 1610 490 1681 περὶ
560 1609 653 1663 τὴν
722 1609 1113 1658 Κωνσταντίνου
1189 1600 1563 1677 βραδύναντας.
1636 1605 1790 1662 Ἀνή-

114 1698 354 1767 χθησαν
403 1692 490 1747 οὖν
566 1694 711 1747 οὗτοι
774 1699 1010 1768 τριήρεσι
1092 1712 1146 1745 τε
1204 1698 1296 1745 καὶ
1357 1698 1511 1745 ναυσὶ
1566 1692 1786 1757 κοίλαις.

118 1785 278 1839 Ἐπιι
330 1782 388 1838 δὴ
452 1793 513 1856 τῇ
580 1789 969 1837 Κωνσταντίνου
1040 1782 1395 1856 προσώκει).αν
1450 1782 1683 1854 εύτυχώς
1740 1782 1787 1834 ἐν

118 1878 396 1946 πνεύμασι
469 1879 646 1946 φοροῑς
699 1873 812 1941 (15)
889 1875 1225 1943 πεποιημένοι
1304 1876 1397 1929 τὴν
1483 1868 1667 1923 ἁνοδον
1719 1871 1783 1931 η,

112 1962 455 2034 γνωρίζουσι
507 1969 612 2023 τοῖς
674 1960 776 2013 ἐκεῖ
826 1961 871 1996 ¹⁸
932 1965 1019 2013 τὸν
1064 1957 1256 2032 μαῖδα,
1302 1965 1394 2019 τὴν
1444 1956 1677 2027 ἀδικίαν,
1723 1964 1788 2013 τὰ

116 2047 234 2103 διὰ
287 2060 454 2103 ταῦτα
521 2058 614 2102 τοῦ
680 2050 876 2123 Ῥώμης
936 2049 1242 2122 ἐντάλματα.
1304 2055 1481 2125 Μέχρι
1532 2054 1622 2123 μὲν
1698 2056 1786 2103 οὑν

110 2161 267 2202 τινος
317 2140 464 2213 λοσγοι
514 2160 568 2193 τε
620 2138 673 2203 ἐξ
722 2139 1019 2213 ἀμφοτέρων
1088 2141 1131 2175 ¹¹⁸
1184 2137 1503 2210 ἐγεγόνεισαν
1544 2149 1643 2192 τῶν
1694 2159 1784 2213 με·

108 2236 223 2303 ρῆν
275 2234 365 2282 καί
402 2231 579 2302 μάχαι
606 2231 742 2282 κατοί
796 2231 991 2302 χερσόν
1034 2231 1148 2300 (19)
1200 2233 1447 2302 ἰσχυραὶ,
1499 2227 1784 2302 ξυμϐάσεις

110 2339 178 2371 τε
225 2318 282 2371 ἐκ
338 2318 619 2384 πρεσϐειῶν
680 2313 796 2370 οὐδ’
853 2316 982 2380 ὅλως
1048 2316 1363 2372 συνέϐαινον.
1418 2317 1555 2371 Ἐπεὶ
1628 2315 1687 2371 δέ
1756 2320 1781 2369 6

115 2407 379 2480 βασιλεὺς
453 2406 679 2470 Ἀλέξιος
749 2414 860 2468 τοῖς
937 2410 1193 2469 τοιούτοις
1258 2406 1535 2465 ἀπώκνησε
1609 2409 1780 2481 προέγ-

117 2517 283 2569 μασι,
368 2496 601 2569 μάλιστα
651 2492 711 2548 δὲ
768 2495 1016 2569 ἀπείρηκε
1067 2504 1178 2558 τοῖς
1233 2496 1373 2559 ἐντὸς
1428 2516 1502 2559 εις
1567 2500 1777 2568 σύγχυ-

1814 1830 1861 1884 Β

1902 1606 2216 1675 Congressi
2244 1611 2387 1662 sunt
2414 1622 2519 1678 per
2546 1605 2728 1662 breve
2758 1610 2995 1677 tempus
3030 1623 3043 1672 ;
3078 1604 3381 1677 colloquia
3409 1604 3562 1659 inter

1901 1692 2115 1752 ambas
2153 1701 2352 1768 partes
2388 1700 2811 1769 processerunt
2846 1712 2859 1760 ;
2890 1692 3109 1765 praeliis
3147 1709 3256 1749 nec
3296 1697 3561 1749 contem-

1900 1783 2116 1839 nendis
2140 1784 2216 1840 ad
2240 1784 2450 1840 urbem
2473 1783 2804 1840 decernunt
2830 1802 2843 1851 ;
2877 1782 2991 1841 Sed
3010 1781 3409 1854 legationibus
3431 1781 3559 1838 irri-

1901 1872 1971 1927 tis
2026 1873 2269 1943 gravius
2311 1872 2621 1930 dissident.
2672 1872 2770 1929 His
2800 1872 3127 1946 imperator
3156 1870 3395 1926 Alexius
3424 1870 3555 1926 ani-

1897 1979 2064 2018 mum
2088 1962 2491 2035 despondens,
2523 1962 2670 2036 quin
2695 1962 2817 2017 imo
2859 1960 3307 2017 tractationibus
3331 1960 3554 2016 civium

1894 2051 2158 2108 confusis
2180 2050 2292 2106 illis
2310 2051 2557 2123 quidem
2578 2067 2648 2107 ac
2669 2049 2914 2106 lubricis
2941 2048 3551 2120 diﬂidens,contemp-

1893 2140 1965 2195 tis
2015 2139 2417 2211 neglectisque
2461 2138 2743 2195 omnibus
2773 2138 2982 2210 fugam
3012 2137 3279 2210 arripuit,
3335 2140 3548 2209 sponte

1890 2228 2158 2302 quidem,
2200 2227 2305 2285 sed
2343 2227 2610 2284 illubenti
2637 2228 2861 2299 animo,
2890 2244 3031 2283 cum
3060 2225 3205 2282 illud
3231 2224 3546 2281 enuntias-

1891 2322 1997 2384 set,
2033 2322 2094 2372 ut
2122 2317 2294 2374 auriti
2329 2321 2507 2374 testes
2538 2316 2818 2383 referunt,
2848 2339 2869 2366 ι
2901 2315 3086 2372 David
3115 2315 3260 2385 fuga
3289 2314 3544 2371 salutem

1889 2405 2002 2461 sibi
2058 2407 2304 2478 peperit,
2362 2426 2390 2454 ››
2436 2421 2557 2462 una
2606 2420 2813 2461 secum
2871 2409 2926 2460 et
2980 2420 3166 2461 uxore
3217 2408 3273 2459 et
3322 2402 3547 2476 ingenti

1890 2494 2285 2568 pecuniarum
2301 2494 2356 2550 vi
2372 2511 2443 2550 ex
2465 2493 2851 2567 imperatorio
2871 2492 3081 2549 mrario
3103 2496 3332 2549 avecta.

113 2605 207 2638 σιν
266 2584 621 2638 ἀποϐλέπουσι
666 2590 755 2637 καί
802 2594 1021 2637 νοσοῦσι
1058 2589 1118 2637 τὸ
1165 2586 1413 2651 ἄστατον,
1464 2589 1530 2637 τά
1575 2588 1745 2638 πάντα
1776 2589 1985 2661 χαίρειν
2016 2583 2176 2647 ἐάσας
2224 2586 2335 2656 (19)
2367 2591 2503 2656 φυγῇ
2538 2580 2809 2657 ἐχρήσατο
2835 2582 2960 2635 ἑκὼν
2984 2580 3258 2654 ἀέκουτίγι
3298 2583 3445 2653 θυμῷ
3478 2580 3546 2645 ’³,

106 2683 281 2726 τοῦτο
330 2672 397 2731 δὴ
440 2676 484 2709 ⁸⁸
515 2693 834 2749 προσειπων,
862 2677 931 2734 ὡς
978 2676 1029 2726 οἶ
1058 2672 1338 2736 ἀκηκοότες
1391 2677 1640 2747 ἕφασκαν,
1683 2678 1742 2727 τὸ
1773 2697 1802 2726 ‹‹
1836 2670 2003 2727 Δαϐὶδ
2034 2679 2207 2746 φυγὼν
2242 2674 2355 2744 (18)
2403 2671 2596 2743 ἐσώθη,
2636 2694 2658 2721 ι
2716 2674 3170 2746 προσεπαγόμενός
3222 2690 3275 2723 τι
3328 2690 3417 2722 και
3453 2672 3548 2727 τὴν

103 2771 352 2834 γυναῖκα
401 2766 517 2832 (19)
569 2768 659 2815 καὶ
704 2768 961 2836 χρήμανα
989 2771 1082 2815 τοῦ
1112 2761 1395 2836 βασιλικοῦ
1424 2768 1661 2835 ταμιείου
1702 2765 1874 2819 ἱκανοί.

189 2889 212 2924 ³
250 2889 689 2965 συναθροίσας-
712 2888 812 2965 __’°
841 2886 1093 2965 μάλιστα]
1136 2886 1441 2965 ἀθροίσαςὸ
1469 2890 1702 2965 πάπποις,
1735 2889 1762 2941 ὃ
1789 2895 1899 2965 rei;
1922 2888 2400 2965 «apauliias_atfo_ﬁ
2428 2884 2617 2965 παιδὸς
2654 2881 3142 2965 καταδυσοιπηθιὶς,
3174 2883 3365 2965 piper
3380 2885 3456 2965 _D.
3503 2885 3546 2921 ¹¹

105 2954 529 3017 καταστήσαιιν.
566 2963 628 3014 D.
693 2960 753 3031 _”
783 2954 1126 3031 πέποιημένον
1155 2954 1249 3017 τῆν
1275 2955 1461 3011 ἄνοδον
1488 2975 1608 3015 om.
1643 2960 1708 3016 D.
1789 2962 1834 3031 ¹Ϋ
1862 2959 1987 3012 huic

1903 2954 2027 3012 ιεῖσε
2055 2963 2117 3016 D.
2198 2962 2242 2994 ”
2269 2958 2321 3022 ἐξ
2351 2957 2649 3031 ἀμφοτέρων
2677 2960 2813 3028 post
2836 2958 3034 3028 μάχαι,
3067 2954 3308 3031 omissis
3333 2963 3435 3006 τῶν
3456 2973 3550 3031 tt!-

108 3035 304 3086 κῶνθῐ
323 3033 543 3082 χατὰ-ι
557 3028 854 3083 συνέϐαινον
880 3033 941 3085 D.
979 3027 1049 3065 “¹³
1067 3029 1192 3082 ἑκὼν
1211 3062 1279 3071 -
1297 3031 1442 3103 θυμῷ
1464 3046 1586 3086 om.
1616 3034 1675 3086 1).
1734 3032 1779 3066 ίθ
1799 3028 1867 3089 δὴ
1890 3037 1947 3087 et
1971 3047 2111 3086 mox
2128 3032 2194 3092 ὡς
2215 3034 2273 3083 τὸ
2290 3036 2347 3086 et
2367 3027 2905 3103 np'oasna76uw6;+
2924 3030 3317 3080 Κωνσταντίνου
3334 3039 3458 3082 om.
3481 3027 3542 3082 Ο.

1030 3153 1373 3221 Theodori
1423 3154 1671 3222 Dousze
1719 3163 1784 3221 et
1844 3153 2098 3222 Leonis
2144 3152 2381 3221 Allatii
2432 3162 2636 3220 notae.

106 3310 242 3354 non
275 3294 566 3368 equitum,
598 3299 665 3368 et
697 3294 951 3368 militum
1002 3310 1323 3352 numerum
1359 3295 1559 3368 habes
1614 3297 1778 3368 apud
1810 3304 1852 3359 C
1892 3298 2153 3352 maxime
2180 3297 2416 3353 forman
2432 3295 2657 3351 foedera
2677 3294 3338 3368 constitutagﬂeductus
3361 3293 3544 3362 inpa-

105 3365 403 3422 eumdém
424 3365 796 3434 Choniatam,
816 3365 1117 3421 Andream
1143 3367 1476 3423 Dandolum
1499 3365 1668 3424 Hist;
1685 3369 1781 3424 Ve-

105 3443 243 3493 net.
272 3437 376 3508 lib.
403 3453 459 3505 κ,
524 3452 658 3508 cap.
708 3440 738 3491 3
770 3442 827 3491 et
845 3436 1018 3492 alios.
1061 3436 1233 3493 Plura
1263 3438 1487 3493 ducum
1533 3440 1782 3495 nomine.

107 3507 285 3579 apud
331 3507 623 3563 Jacobum
682 3510 977 3579 Meyerum
1029 3508 1091 3562 in
1147 3510 1373 3564 Annal.
1435 3510 1778 3565 Flandricis

117 3580 282 3634 1203.
329 3586 464 3635 ALL.

189 3650 309 3719 (t3)
387 3648 485 3700 Ἦν

108 3719 455 3805 admodum
477 3724 679 3805 noster
698 3719 1309 3805 Acropolitancausam.
1324 3723 1587 3805 Cpolitan
1606 3719 1781 3805 elipe-

108 3791 363 3846 ditionis
395 3792 457 3864 in
484 3793 820 3864 Romanum
855 3791 1221 3864 pontificem.
1254 3799 1317 3848 ut
1359 3791 1418 3848 in
1448 3810 1586 3849 eum
1628 3791 1777 3850 Grae-

107 3877 327 3917 corum
365 3863 503 3917 odia
531 3862 760 3932 excitet,
790 3862 1047 3935 co'njicit;
1080 3879 1265 3935 quam
1299 3866 1491 3935 magis
1522 3866 1779 3933 ingenue

107 3935 178 3989 in
212 3935 459 3988 Venetos
491 3940 546 3988 et
570 3948 777 3988 eorum
804 3932 1019 3989 ducem
1054 3932 1427 4003 Dandulum;
1448 3932 1681 4000 Graecis,
1717 3943 1780 3991 ut

110 4004 405 4071 diximus,
435 4004 895 4064 infensissimos.
928 4005 1024 4059 alii
1055 4005 1333 4061 referunt.
1370 4006 1622 4062 Danduli
1653 4023 1780 4062 ma-

111 4075 331 4148 chinas
368 4080 423 4130 et
462 4081 640 4148 artes,
693 4075 912 4148 quibus
960 4076 1211 4131 classem
1262 4076 1426 4132 illam
1478 4078 1771 4148 instruxit,

112 4145 408 4220 Choniata
440 4145 777 4220 minutatim
803 4153 1027 4201 narrat.
1064 4148 1335 4220 Alienum
1368 4145 1776 4220 pontificislnL

114 4216 377 4272 nocentii
400 4218 672 4271 animum
713 4217 791 4271 ab
833 4233 902 4270 ea
932 4218 1329 4288 expeditione.
1373 4216 1559 4288 quam
1609 4236 1771 4274 sum-

114 4235 377 4272 nocemu
400 4235 672 4271 animum
713 4235 791 4271 an
833 4235 902 4270 ea
932 4235 1329 4288 expeditione.
1421 4236 1559 4275 nam
1609 4236 1771 4274 sum-

114 4288 234 4342 mis
278 4287 603 4359 conatibus
643 4289 1007 4359 procurabat
1050 4290 1315 4344 marcbio
1355 4235 1771 4347 laontisferrati

115 4358 476 4423 Bonifacius,
498 4358 640 4414 satis
662 4358 836 4413 nobis
862 4358 1128 4414 indicant
1151 4360 1423 4428 ejusdem
1450 4362 1772 4417 Innocentii

111 4429 198 4485 ad
229 4428 494 4483 Alexium
530 4429 744 4502 litterae
762 4436 841 4502 et
881 4435 1089 4485 auctor
1130 4431 1265 4486 ilius
1307 4439 1573 4487 actorum
1618 4450 1631 4487 :
1672 4435 1770 4502 Ip-

111 4517 178 4556 se
192 4515 346 4565 vero,
364 4500 649 4565 marchio,
664 4500 738 4556 de
750 4501 1014 4557 Francia
1026 4504 1191 4569 perA
1205 4504 1565 4559 lemanniam
1579 4500 1772 4559 trans-

112 4574 267 4626 itum
296 4571 459 4641 fecit,
499 4570 612 4645 ubi
651 4585 815 4645 cum“
842 4572 1128 4645 Philippo
1184 4574 1333 4629 duce
1372 4575 1616 4639 Sueviw,
1672 4592 1770 4645 qui

109 4656 175 4698 se
218 4656 407 4707 regem

588 3644 648 3701 δί
721 3650 747 3700 ὁ
809 3651 1025 3724 τούτους
1096 3653 1465 3724 συναθροίσας.
1532 3651 1781 3721 Maligna

113 4727 193 4768 ne
215 4715 263 4766 Α
277 4714 497 4767 lexium
518 4715 809 4768 sororium
828 4729 1021 4769 suum.
1043 4715 1238 4782 ﬁlium
1262 4716 1532 4771 videlicet
1558 4717 1771 4772 Isaacii

114 4784 417 4856 quondam
441 4784 738 4856 Cpolitani
762 4786 1142 4853 imperatoris
1170 4790 1342 4855 cuius
1362 4802 1623 4844 sororem
1649 4791 1770 4855 ipse

113 4854 441 4927 Philippus
465 4854 731 4927 duxerat
754 4858 815 4909 in
848 4870 1116 4921 umorem,
1146 4872 1181 4913 a
1203 4854 1366 4925 foedo
1405 4854 1772 4927 captivitatis

110 4926 417 4997 ergastulo
442 4924 763 4995 fugientem
791 4927 998 4982 reduci
1025 4924 1244 4997 faceret
1264 4924 1489 4996 Cpolim
1517 4931 1593 4985 ab
1608 4945 1771 4987 exer-

110 4998 237 5053 citu
257 4996 594 5052 Christiano
619 5004 698 5053 ad
727 4996 1108 5054 obtinendum
1124 5001 1433 5067 imperium
1450 5004 1767 5059 Romaniae.

110 5070 199 5123 De
221 5082 337 5137 quo
363 5082 496 5122 cum
520 5068 673 5123 idem
698 5069 968 5124 mare/tio
994 5071 1074 5125 ad
1102 5086 1396 5126 summum
1436 5075 1771 5141 pontiﬁcem

107 5141 463 5217 accessisset,
493 5141 668 5217 carpit
695 5154 901 5217 .agere
928 5144 1247 5217 a‘remotis.
1282 5143 1399 5199 Sed
1431 5159 1561 5217 cum
1603 5145 1773 5199 intel—

117 5211 354 5266 lexisset
386 5211 571 5278 ipsius
599 5212 866 5266 animum
899 5212 981 5268 ad
1010 5214 1120 5267 hoc
1148 5229 1269 5268 non
1309 5230 1429 5269 esse
1457 5216 1769 5281 directum,

111 5281 405 5349 expeditis
432 5285 682 5349 negotiis
720 5283 802 5337 ad
825 5286 1020 5339 crucis
1047 5285 1307 5353 ofﬁcium
1337 5287 1773 5353 pertinentibus

112 5353 195 5408 ad
219 5356 471 5420 prapria
498 5357 800 5408 remeavit.
835 5354 976 5409 Vide
1004 5355 1093 5409 de
1114 5357 1225 5410 hac
1251 5357 1462 5411 eadem
1488 5372 1547 5410 re
1580 5364 1773 5411 Anna-

119 5428 212 5497 les
230 5422 615 5497 doctissimos
648 5424 873 5479 Oderici
908 5426 1195 5497 Raynaldi
1240 5427 1315 5481 ad
1349 5442 1579 5482 annum
1616 5432 1769 5488 1203.

115 5495 220 5568 qui
273 5493 546 5568 pluribus
598 5498 935 5552 Romanum
991 5493 1334 5568 pontiﬁcem
1368 5501 1773 5555 aGraecorum

122 5566 422 5622 calumnia
461 5566 690 5622 liberat.
722 5572 859 5622 ALL.

197 5638 310 5707 .15)
366 5638 694 5721 Έτύγχαναν
776 5641 876 5729 γὰρ
943 5634 1105 5714 ἁδραί
1165 5640 1431 5713 Suntque
1491 5641 1554 5696 in
1619 5641 1775 5697 hanc

459 4642 708 4712 gerebat,
751 4642 1062 4699 dicebatur
1099 4644 1375 4699 habuisse
1430 4642 1767 4711 tractatum,
1806 4654 1849 4708 D

1891 3371 1975 3423 tri
1977 3384 2071 3423 am
2084 3370 2133 3423 Α
2147 3370 2808 3438 ιειωίιιε,ίιηρθναιονᾳιιε
2821 3372 2927 3422 aut
2939 3367 3099 3422 solus
3110 3370 3214 3438 aut
3225 3380 3358 3421 cum
3366 3369 3547 3438 patre

1887 3441 1940 3494 si
1982 3447 2275 3509 superstes
2294 3440 2688 3501 inveniretur,
2706 3436 3105 3504 constitutus,
3130 3436 3545 3493 Graecanicam

1887 3511 2212 3566 Ecclesium
2237 3517 2288 3568 et
2312 3512 2662 3580 religionem
2684 3511 2969 3565 Romana;
2996 3509 3283 3565 Ecclesiae
3304 3512 3413 3565 aut
3435 3522 3541 3580 ca-

1891 3583 2113 3637 tholico
2124 3579 2741 3651 ﬁtuisubjiceretfro
2753 3581 2991 3637 damnis
3003 3579 3543 3652 insupegquzdant

1894 3653 2114 3709 Venetis
2136 3669 2314 3724 quam
2341 3650 2596 3709 Francis
2620 3652 2838 3724 ubique
2856 3652 3193 3724 constitutis
3207 3650 3546 3724 Hemanuel

1889 3727 2064 3793 imper
2081 3722 2215 3779 ator
2225 3725 2455 3792 pridem
2474 3722 3049 3793 intulerat,triginta
3059 3722 3547 3778 milliaaurimar

1889 3796 2030 3850 chos
2054 3797 2420 3852 dissolveret.
2444 3795 2829 3863 Principibus
2849 3808 2987 3850 vero
3011 3793 3407 3862 expeditionis
3435 3805 3543 3863 na-

1888 3867 2008 3921 vali
2027 3868 2306 3936 impensa:
2324 3862 2718 3936 satis/ticeret,
2741 3866 2806 3936 in
2821 3880 2941 3936 qua
2961 3870 3136 3936 erant
3150 3864 3375 3936 vendis
3394 3862 3542 3936 obli-

1885 3939 2081 4006 gati.B
2108 3932 2327 3991 londus
2362 3932 2568 3992 decad.
2604 3939 2666 4002 Il,
2697 3935 2800 3990 lib.
2832 3932 2880 3987 'vi
2909 3953 2922 3998 ;
2956 3940 3013 3991 et
3044 3932 3391 4006 Sabellicus.
3422 3932 3540 3987 Eu-

1883 4005 2052 4063 nead.
2106 4008 2204 4075 IX,
2250 4007 2349 4062 lib.
2379 4023 2414 4061 v
2459 4025 2471 4061 :
2519 4007 2836 4061 Moverunt
2867 4006 3087 4061 ducum
3113 4005 3345 4075 animos
3368 4016 3541 4071 pueri

1886 4079 2174 4147 lacrymze
2185 4073 2238 4134 et
2258 4084 2461 4133 tenera
2483 4082 2645 4143 aetas,
2665 4078 2763 4131 cui
2769 4077 2959 4146 facile
2965 4073 3534 4146 favorconciliatur,

1882 4149 1985 4205 sed
2004 4152 2194 4218 magis
2203 4151 2453 4217 praemia
2466 4162 2599 4218 quae
2608 4148 3116 4216 promittebantur
3124 4162 3146 4201 :
3153 4160 3298 4218 nam
3310 4150 3538 4213 prater

1882 4225 2098 4276 ca'tera
2122 4235 2253 4289 spes
2270 4217 2756 4288 praetendebatur
2777 4218 2913 4285 fore
2946 4225 3015 4273 ut
3036 4218 3095 4289 si
3122 4217 3371 4289 Alexim
3399 4230 3535 4289 cum

1875 4298 2056 4361 patre
2085 4287 2396 4359 imperium
2432 4294 2859 4360 recuperasset,
2895 4288 3244 4360 Cpolittana
3263 4287 3536 4344 Ecclesia

1883 4366 2162 4418 Romanae
2176 4362 2591 4432 subjiceretur.
2614 4365 2748 4432 Ann.

1951 4433 2062 4505 (15)
2105 4430 2372 4505 Πνεύμασι
2427 4438 2620 4505 φοροίς.
2674 4430 2965 4505 Choniata
3012 4445 3080 4505 Ρ.
3120 4436 3245 4505 717,
3306 4434 3369 4486 15
3393 4431 3531 4505 Aps.

1951 4445 2062 4505 (15)
2106 4445 2372 4505 Πνεῦμασι
2427 4445 2620 4505 φοροίς.
2674 4445 2965 4487 unoniata
3120 4445 3245 4496 7n,
3306 4445 3369 4486 in
3393 4445 3531 4511 ann.

1878 4506 2292 4630 de([ir,6)Ah::xat
2340 4507 2473 4557 κατὰ
2519 4507 2755 4576 χέρσοιν.
2802 4502 2943 4558 Vide
3078 4502 3368 4567 oniatam,
3426 4498 3535 4557 1b!-

1921 4591 2037 4630 em.
2068 4582 2199 4632 ALL.

1952 4649 2065 4717 (17)
2112 4650 2199 4719 ῨΤὰ
2251 4649 2422 4699 πάντα
2474 4648 2680 4719 χαίρειν
2725 4642 2938 4719 βρίσας..
3213 4648 3350 4719 ρος(
3421 4659 3533 4719 pq-

1881 4714 2063 4796 gnam
2079 4714 2513 4796 detrectatam’,
2536 4714 2591 4773 et
2620 4716 2782 4772 malo
2806 4717 2983 4796 genio
3002 4717 3065 4772 in
3089 4714 3299 4796 fugam
3326 4714 3536 4796 impel-

1880 4785 2055 4856 lente,
2077 4790 2136 4844 in
2157 4790 2445 4861 palatium
2461 4785 2740 4861 reversus
2761 4785 2900 4843 cum
2922 4794 3087 4861 Irene
3106 4785 3229 4843 tilia
3250 4791 3309 4842 et
3325 4785 3535 4861 decem

1882 4861 2011 4915 auri
2059 4855 2575 4925 ceu'tenariis,cum
2629 4858 2744 4914 a‘lio
2784 4864 3001 4927 ornatu
3028 4855 3413 4929 imperatorio
3462 4871 3537 4929 ex

1881 4931 2154 5003 pretiosis
2180 4932 2432 5003 gemmis
2460 4937 2516 4985 et
2537 4930 2871 5003 perspicuis
2897 4926 3536 5003 margaritis,_sub_pri-

1882 4996 2045 5057 inam
2062 4996 2251 5057 noctis
2266 5001 2528 5071 vigiliam
2540 4996 2857 5056 Debéltum
2877 4996 3204 5056 contendit.
3224 4996 3534 5067 Cboniata,

1880 5089 1940 5145 p.
1966 5078 2101 5145 7723.
2125 5077 2223 5145 ‘24._
2247 5079 2379 5145 A_LL.

1951 5144 2068 5213 (18)
2122 5141 2288 5196 Δαϐὶδ
2338 5148 2510 5216 φυγών
2577 5145 2802 5216 Regum
2836 5140 2939 5195 lib.
3005 5154 3342 5216 cap.‘x_xm
3386 5156 3400 5195 :
3437 5142 3537 5216 ⁸ιιιξιὶ

1951 5163 2068 5213 (ιδ)
2122 5163 2281 5196 nemo
2338 5163 2510 5265 φυζων
2579 5163 2802 5211 negum
2836 5163 2939 5195 un.
3005 5163 3140 5211 cap-
3204 5163 3340 5195 χχιιι
3386 5163 3400 5195 ;
3447 5163 3534 5192 και

1883 5215 2151 5286 ἀπηγγέλη
2182 5224 2255 5285 τῷ
2285 5219 2415 5267 Σαού
2476 5215 2558 5265 ὅτι
2607 5210 2969 5286 διασέσῳσται
3017 5207 3184 5286 Δαϐὶδ
3324 5209 3534 5286 ΔΚιῑλοξε

1882 5282 2021 5342 Nun
2031 5282 2361 5358 tiatumque
2378 5291 2463 5341 est
2486 5285 2659 5358 Sauli
2670 5283 2830 5358 quod
2838 5284 3068 5353 fugsset
3079 5282 3279 5358 David
3293 5283 3366 5358 de
3378 5282 3539 5358 Qeila

1882 5365 1940 5414 et
1968 5359 2237 5413 salvatus
2259 5352 2433 5413 esset.
2470 5358 2533 5411 Et
2560 5352 2760 5421 libfll,
2794 5352 2929 5425 cap,
2959 5370 3057 5421 xv,
3090 5353 3245 5421 fugit
3282 5353 3361 5409 ab
3388 5352 3538 5425 facie

1884 5428 2222 5485 Absalonis.
2266 5442 2596 5497 omnesque
2617 5441 2779 5493 suos,
2799 5424 2955 5497 quos
2992 5425 3415 5497 Hierosolymis
3435 5424 3541 5497 ha-

1885 5499 2086 5565 bebat,
2119 5506 2183 5555 ut
2208 5499 2440 5569 fugiant
2459 5495 2731 5553 hortatur
2758 5515 2772 5564 ;
2821 5495 2947 5569 quo
2974 5501 3203 5570 spectat
3229 5495 3539 5569 inscriptio

1887 5570 2107 5626 Psalmi
2136 5587 2214 5626 in.
2265 5571 2482 5625 Douss.
3424 5614 3429 5619 .

1955 5640 2074 5714 (19)
2101 5644 2205 5701 Τὴν
2252 5647 2495 5713 γυναῖκα.
2531 5642 2612 5696 De
2655 5654 2843 5696 uxore
2878 5637 2965 5695 ne'
3005 5638 3257 5696 verbum
3293 5637 3541 5712 quidem
