3988 6322
1650 319 1997 378 ΛΝΝΔΙιΕὸ.

91 442 202 495 τὴν
277 437 681 491 Φιλιππούπολιν
756 437 1066 509 ἀφικόμενος
1145 444 1234 492 καὶ
1295 445 1365 512 μὴ
1443 443 1570 514 πρὸς
1662 450 1760 493 τὼν

1873 445 2046 500 nieus
2075 461 2184 502 nec
2219 447 2300 504 ad
2327 448 2546 505 accolis
2576 453 2858 522 exceptus
2895 453 3340 525 Mosynupolim
3385 471 3523 512 cou-

92 527 392 601 οἰκητὸρων
458 523 669 598 δεχθεὶς
718 527 802 580 ἐπὶ
861 532 954 585 τὴν
1007 529 1402 582 Μοσυνούπολιν
1474 528 1762 602 ἀφικνεῖται

91 614 319 668 κάκεῖσε
361 619 451 676 τὰς
507 612 785 691 διατριϐὰς
842 615 1083 672 ἐποιεῖτο.
1148 617 1372 680 Ἀλέξιος
1433 615 1492 671 δὲ
1549 621 1574 670 ὁ
1631 622 1762 671 Δού-

96 724 205 765 κας
258 705 393 776 (31),
451 704 504 766 ὃς
541 709 628 757 τὸν
681 707 790 757 υἱὸν
843 714 934 758 τοῦ
989 706 1254 759 Ἰσαακίου
1294 707 1556 761 ἀπέκτεινε
1623 710 1758 780 (32),

99 793 422 866 βοῡλόμενος
456 792 510 846 ἐκ
566 790 767 856 κήδους
824 794 964 866 αὐτῷ
1020 799 1499 870 προσαρμόσασθαι
1552 797 1662 869 ἅμα
1710 817 1763 850 τε

98 885 194 934 τὸν
252 891 343 934 τοῦ
391 883 657 936 Ἰσαακίου
703 885 814 934 υἱὸν
871 888 1145 956 πεφόνευκε
1196 891 1284 937 καὶ
1337 886 1447 957 ἅμα
1510 891 1603 944 τὴν
1671 893 1761 938 τοῦ

100 971 374 1045 βασιλέως
452 972 678 1036 ’Δλεείου
742 975 999 1047 θυγατέρα
1065 971 1324 1028 Εὺδοκιαν
1391 977 1760 1048 προσηγάγετο

100 1061 172 1122 εἰς
225 1069 474 1132 γυναῖκα,
531 1063 764 1120 ὑστάτην
823 1059 984 1114 οὖσαν
1034 1071 1134 1116 τῶν
1199 1066 1490 1137 θυγατέρων
1548 1065 1758 1121 ἐκείνου.

96 1156 252 1222 Τρεῖς
281 1152 384 1224 γὰρ
429 1150 542 1221 (33)
601 1152 846 1223 ὑπῆρχον
895 1151 1054 1222 αὐτῷ,
1090 1156 1180 1204 καὶ
1231 1154 1261 1210 ἡ
1312 1157 1403 1225 μὲν
1449 1159 1620 1227 πρώιη
1671 1149 1760 1206 Εἷ-

96 1241 238 1311 ρὴνη
282 1241 701 1312 χατωνὸμάζετο,
769 1241 800 1299 ἢ
844 1247 935 1294 καὶ
1002 1239 1159 1314 ἀνδρὶ
1238 1243 1534 1306 συνέζευξεν
1614 1243 1759 1297 Ἀλε-

98 1328 196 1399 ξίῳ
224 1337 299 1400 τῷ
329 1328 688 1401 Παλαιολογῳ,
730 1330 784 1382 ὃν
835 1335 925 1381 καὶ
970 1327 1235 1388 δεσπότην
1299 1335 1412 1399 (34)
1465 1337 1756 1404 τετίμηκεν·

97 1417 184 1488 [Ρ-
218 1417 275 1490 5]
330 1416 457 1470 ἀλλὰ
499 1423 770 1492 προῴχετο
819 1414 969 1479 οὗτος
1025 1427 1120 1480 τῆς
1185 1425 1572 1473 Κωνσταντίνου
1623 1420 1759 1472 ἁλώ-

105 1526 259 1569 σεως.
293 1506 351 1560 Ἠ
410 1503 470 1560 δὲ
535 1505 751 1582 δευτέρα
805 1507 1031 1561 ἐκαλεῖτο
1078 1515 1253 1576 Ἄννα,
1311 1510 1378 1570 εἰς
1435 1512 1494 1568 ἣν
1555 1506 1759 1564 Θεόδω-

101 1617 193 1669 ρον
266 1600 353 1650 τὸν
427 1599 700 1672 Λάσκαριν
789 1597 1226 1672 ἐπεγάμϐρευσεν.
1307 1599 1372 1653 Ἡ
1476 1597 1535 1653 δὲ
1606 1604 1756 1672 τρίτη

102 1683 347 1740 Eudoxio:
415 1688 831 1759 κατωνομάζετο,
909 1690 971 1746 ἦν
1049 1691 1150 1762 πρὸ
1229 1696 1415 1761 καιροῦ
1487 1691 1513 1740 ὁ
1586 1691 1758 1764 πατὴρ

105 1775 270 1836 αὐτῆς
319 1783 392 1847 τῷ
439 1775 603 1850 κράλῃ
658 1776 769 1847 (35)
823 1776 1034 1852 Σερϐίας
1093 1779 1410 1842 συνέζευξαν.
1474 1780 1593 1832 Ἐπί
1658 1798 1762 1830 τινι

1873 532 2040 603 fugit,
2067 535 2169 590 ubi
2190 552 2391 592 moras
2415 537 2704 594 trahebat.
2732 545 2802 594 At
2840 542 3032 596 Ducas
3098 541 3350 598 Alexius.
3410 544 3515 616 qui

1872 621 2062 679 ﬁlium
2085 624 2289 680 lsaacii
2310 627 2820 696 peremerat,illius
2846 627 3195 686 afﬁnitatem
3218 631 3516 698 ambiens,

1872 711 2067 767 statim
2093 719 2271 786 atque
2297 714 2557 770 Alexium
2581 716 2900 786 jugulavit,
2921 718 3304 789 imperatoris
3334 722 3525 778 Alexii

1869 799 2056 856 ﬁliam
2083 802 2430 873 Eudociam,
2464 803 2722 860 ﬁliarum
2751 804 2908 862 illius
2964 813 3357 878 postremam,
3407 811 3520 867 sibi

1871 889 1933 944 in
1962 891 2344 948 matrimonio
2369 893 2586 963 junxit.
2617 896 2752 949 Tres
2773 894 2993 950 etenim
3034 894 3186 952 ﬁlias
3237 914 3518 971 succepe-

1869 986 1979 1046 rat,
2009 995 2268 1050 quarum
2291 982 2484 1052 prima
2524 986 2684 1038 lrene
2712 983 3064 1054 Palteologo,
3109 986 3215 1058 qui
3251 986 3518 1058 despotm

1869 1067 2157 1137 dignitate
2176 1069 2522 1124 honestatus
2542 1077 2678 1127 ante
2704 1071 3102 1144 direptionem
3131 1074 3296 1131 urbis
3334 1077 3518 1134 vitam

1867 1155 2122 1226 ﬁnierat,
2153 1157 2498 1226 collocatur;
2523 1159 2787 1216 secunda
2820 1167 2992 1217 Anna
3053 1162 3369 1220 Theodoro
3417 1167 3519 1220 La-

1871 1244 2023 1300 scari
2063 1245 2391 1317 desponsa;
2417 1247 2742 1303 Eudociam
2773 1251 3003 1305 tertiam
3017 1251 3394 1322 impuberem
3418 1253 3521 1309 ad-

1868 1333 1987 1389 huc
2030 1349 2141 1388 nec
2201 1340 2501 1390 maturam
2534 1336 2660 1393 viro
2695 1337 2837 1392 crali
2865 1338 3081 1394 Servios
3128 1348 3381 1412 nuptam
3420 1342 3519 1397 de-

1869 1421 2056 1488 derat,
2080 1439 2267 1495 quam
2302 1425 2421 1495 ille,
2458 1430 2521 1480 ut
2548 1426 2768 1496 aiebat,
2800 1428 3003 1482 nescio
3034 1429 3095 1482 in
3143 1445 3265 1500 quo
3311 1430 3519 1501 depre-

1869 1509 2122 1566 hensam
2152 1511 2304 1582 patri
2329 1512 2574 1578 remisit,
2615 1530 2751 1568 cum
2797 1530 2919 1586 quo
2958 1520 3190 1572 aetatem
3238 1517 3514 1588 degebat.

1871 1600 2013 1654 Eam
2071 1601 2266 1655 Ducas
2320 1599 2580 1663 Alexius,
2645 1601 2887 1659 exclusa
2949 1604 3211 1675 propria,
3269 1622 3518 1663 uxorem

1869 1686 2061 1743 duxit.
2102 1688 2216 1743 Sed
2242 1689 2442 1761 potitis
2476 1689 2635 1745 Italis
2661 1691 2942 1763 Byzantio
2973 1693 3114 1749 inde
3135 1709 3338 1750 secum
3367 1695 3520 1751 inter

1868 1776 1988 1833 alia
2035 1793 2284 1833 uxorem
2331 1777 2604 1833 deferens
2656 1781 2926 1847 excessit,
2972 1782 3304 1855 certiorque
3329 1783 3519 1840 factus

1025 1875 1366 1943 Theodori
1417 1877 1667 1944 Dousae
1715 1884 1781 1942 ct
1826 1874 2074 1942 Leonis
2123 1875 2356 1942 Allatii
2407 1888 2607 1946 notae.

179 1993 233 2054 (3
245 1989 522 2064 )Ἀλέξιος
540 1986 575 2042 δ
578 1992 600 2042 's
614 1991 640 2041 ὁ
657 1993 874 2052 Δούκας.
892 1989 1278 2064 [[ολυομίλητος
1291 1991 1346 2042 ἐκ
1362 1997 1536 2064 πρώης
1553 1996 1757 2064 τρξχός,

104 2065 196 2136 atati.
243 2061 504 2133 ῥυηφινής
560 2080 628 2136 εις
679 2066 856 2136 κοίτας
909 2059 1268 2136 δειαγῦμσνος,
1308 2059 1410 2136 καῖ
1451 2059 1760 2136 κουριδίους

106 2129 336 2202 ἀλόχους
358 2129 528 2202 ’παρά
555 2129 722 2205 δίκην-
767 2129 1228 2205 ἀποπεμψαμένος,
1277 2129 1586 2205 Οὴοῃῆἂῐέ..
1621 2141 1758 2189 ALL.

181 2207 298 2271 (32)
356 2205 500 2259 Cum
567 2203 871 2259 Nicolaum
934 2203 1249 2260 'Canebum
1317 2204 1760 2260 adolescentem

108 2274 387 2329 seditiose
401 2273 665 2346 Byzantii
678 2275 1138 2346 inaugurassent
1151 2282 1206 2330 et
1221 2276 1479 2330 lsaacius
1494 2277 1760 2330 animam

105 2352 335 2412 ageret,
367 2345 607 2400 Alexius
643 2345 1009 2402 Bonifacium
1036 2346 1446 2402 marchionem
1491 2347 1759 2413 accersit,

108 2416 336 2488 quibus
375 2416 569 2488 visum
614 2422 703 2488 est
747 2418 1005 2488 Latinas,
1039 2417 1313 2473 cohortes
1355 2419 1415 2472 in
1468 2416 1758 2488 palatium

109 2486 538 2559 admittendas,
579 2487 799 2559 quibus
832 2487 1108 2543 Canebus
1155 2486 1636 2559 submoveretur.
1695 2487 1760 2542 Id

111 2573 248 2611 cum
270 2557 650 2613 nuntiassent
666 2557 1233 2629 Ducaslilurtzuphlo,
1260 2575 1398 2613 cum
1421 2558 1620 2614 multis
1635 2559 1758 2612 suis

111 2629 406 2700 cognatis,
440 2635 494 2683 et
523 2629 794 2700 spadone
810 2628 960 2685 ﬁsco
982 2628 1260 2700 praefecto
1290 2629 1403 2683 sibi
1424 2629 1755 2697 conciliato,

111 2698 528 2763 defectionem,
556 2698 742 2771 quam
761 2701 890 2770 jam
932 2698 1135 2771 animo
1169 2700 1429 2768 fovebat,
1465 2700 1756 2771 exclusit:

110 2785 379 2842 namque
410 2770 768 2842 intempesta
791 2776 962 2826 nocte
1018 2770 1282 2826 Alexium
1316 2787 1571 2841 puerum
1615 2770 1758 2842 adit,

112 2841 318 2912 aitque
348 2841 640 2913 cognatos
671 2842 820 2913 ejus,
856 2841 1264 2913 bipenniferos
1297 2842 1611 2913 Barbaros,
1634 2841 1762 2913 plu-

112 2911 327 2992 resque
352 2911 576 2992 aliosin
603 2912 828 2992 (oribus
858 2911 984 2992 esse
1009 2913 1248 2992 adeum
1278 2912 1357 2992 ob
1389 2911 1760 2992 initam_cum

115 2982 337 3037 Latinis
355 2983 818 3040 familiaritatem
839 2989 895 3038 et
907 2983 1229 3039 amicitiam
1246 2982 1758 3040 obtruncandum.

1871 1991 2198 2067 prandium
2223 1998 2557 2067 sumpserat
2593 1994 2790 2067 Judae,
2821 2000 2875 2048 et
2898 1995 3306 2064 clavaferrea,
3337 2011 3517 2067 quam

1876 2061 2110 2117 tenebat
2139 2063 2200 2116 in
2213 2077 2398 2118 manu
2431 2065 2623 2120 latera
2634 2066 2938 2120 morientis
2958 2071 3015 2120 ct
3025 2061 3218 2122 costas
3238 2061 3519 2123 inaudita

1874 2133 2229 2218 crudelitate
2241 2134 2591 2218 confringit.
2607 2150 2862 2218 casuque
2880 2139 3082 2218 vitam,
3097 2151 3277 2218 quam
3306 2138 3518 2218 laqueo

1873 2207 2517 2273 extorserat,conﬁngit
2531 2212 2887 2274 ereptam,ac
2901 2207 3147 2276 imperia
3157 2209 3520 2276 liscpultura

1876 2289 2150 2347 concessa
2193 2277 2582 2347 propalatum
2633 2277 2936 2347 omnibus,
3018 2279 3208 2333 scelus
3282 2279 3517 2347 funeris

1877 2346 2103 2420 [tonare
2124 2346 2500 2420 dissimulat.
2553 2346 2756 2420 Scias“
2770 2362 3034 2420 quoque,
3064 2346 3289 2420 lector,
3309 2353 3520 2420 praeter

1875 2415 2137 2470 historici
2175 2416 2358 2471 ﬁdem
2418 2433 2452 2470 a
2509 2415 2814 2472 nonnullis
2881 2415 3076 2474 notari
3150 2415 3520 2475 Guntherum

1876 2485 2177 2560 appellare
2220 2486 2612 2560 Murciphlum
2651 2495 2998 2558 tyrannum,
3057 2490 3228 2560 cujus
3263 2489 3518 2546 consilio

1877 2557 2059 2611 Alexii
2107 2562 2274 2626 pater
2330 2557 2506 2614 antea
2559 2557 2895 2614 obciecatus
2956 2565 3012 2614 et
3086 2557 3147 2615 in
3221 2575 3520 2617 carcerem

1875 2629 2181 2698 conjectus
2211 2627 2562 2703 fuerat,cum
2596 2644 2666 2684 eo
2687 2631 2971 2701 temporis
2995 2630 3522 2703 Murtzuphlinulla

1876 2706 2030 2774 esset
2075 2699 2239 2774 apud
2291 2699 2711 2774 imperatorem
2784 2699 3125 2765 auctoritas,
3159 2699 3522 2774 etfpraecipui

1875 2767 2033 2823 illius
2092 2767 2397 2824 facinoris
2425 2776 2698 2825 auctores
2747 2777 3104 2827 censeantur
3178 2767 3522 2828 Theodorus

1878 2842 2095 2915 grana,
2128 2842 2411 2915 Georgius
2442 2840 3108 2915 Palaeologusnloannes
3129 2843 3516 2915 Petraliphas,

1879 2911 2218 2966 Constantin
2231 2911 2303 2965 us
2313 2911 2536 2966 Raulus
2550 2918 2606 2966 et
2626 2912 2868 2967 Michael
2886 2911 3358 2969 Cantacuzenusf
3383 2921 3518 2970 ALL.

1950 2983 2061 3046 (33)
2089 2988 2235 3056 Tpst;
2261 2985 2384 3056 γάρ.
2413 2983 2722 3048 Choniata,
2751 2997 2889 3056 pag.
2917 2984 3066 3056 _673,_
3098 2989 3184 3056 17Ζ
3219 2985 3522 3056 _Georgius
3591 3027 3594 3029 λ

116 3053 207 3108 Sic
240 3069 496 3135 puerum
519 3054 786 3135 territum
811 3056 1172 3135 complexus
1190 3069 1296 3125 per
1311 3059 1546 3135 portam
1560 3053 1760 3135 pleris-
1791 3052 1834 3108 Ο
1879 3051 2148 3135 i’hranza
2175 3051 2280 3135 lib.
2315 3051 2353 3121 1',
2383 3068 2518 3123 cap.
2555 3059 2602 3132 t_,
2641 3051 2852 3135 praeter
2869 3053 3124 3135 historiae
3153 3054 3336 3110 ﬁdem
3367 3051 3520 3110 duas

113 3124 516 3197 queignotam
537 3126 598 3180 in
613 3124 1142 3197 tentoriuquuod
1159 3124 1218 3180 in
1242 3124 1464 3196 palatio
1475 3124 1757 3190 habebat,

113 3195 289 3268 quasi
318 3195 674 3268 liberaturus
704 3195 1080 3268 perducit,‘et
1098 3195 1494 3268 compedibus
1529 3197 1760 3268 injectis

114 3267 172 3338 in
202 3267 574 3322 teterrimum
590 3267 891 3323 careerem
937 3268 1192 3338 conjicit,
1242 3267 1304 3322 et
1348 3267 1459 3322 sibi
1499 3267 1763 3338 insignia

115 3336 348 3409 imperii
363 3339 569 3406 sumit,
601 3354 711 3393 nec
732 3354 852 3394 non
883 3339 961 3394 ab
990 3336 1120 3394 aliis
1145 3337 1564 3409 imperatorde
1598 3353 1762 3393 more

114 3408 543 3480 consalutatur;
579 3425 688 3465 nec
726 3409 914 3465 multo
972 3415 1108 3480 post
1145 3425 1181 3480 a
1237 3408 1587 3480 satellitibus
1637 3409 1761 3463 suis

115 3479 422 3551 Canabum
453 3485 698 3551 captum
724 3481 1008 3536 custodia:
1030 3479 1226 3536 tradit.
1257 3481 1463 3535 Alexio
1479 3479 1762 3551 deinceps

112 3564 302 3632 puero
319 3549 422 3632 bis
434 3549 735 3632 venenum
761 3552 1121 3632 propinavit,
1152 3551 1318 3632 quod
1339 3567 1481 3632 cum
1508 3549 1602 3632 ille
1635 3549 1758 3630 tum

115 3622 304 3676 astatis
337 3621 551 3678 robore
580 3627 709 3677 tum
741 3621 1047 3687 antidotis,
1085 3621 1308 3688 quibus
1353 3621 1648 3688 utebatur,
1684 3621 1758 3675 vi-

115 3692 309 3756 cisset,
325 3708 462 3765 eum
479 3693 698 3764 laqueo
720 3694 963 3765 tandem
979 3691 1280 3765 prmfocat,
1298 3707 1432 3765 men
1442 3707 1505 3746 se
1527 3691 1760 3764 imperii

117 3769 305 3833 sexto,
337 3763 430 3818 die
461 3763 693 3819 octavo.
731 3763 1012 3832 Blondus,
1045 3767 1126 3820 De
1149 3765 1324 3833 gestis
1385 3763 1761 3818 Venetorum:

117 3832 190 3887 Et
200 3849 479 3904 puerum,
491 3836 794 3898 Alexium,
810 3851 980 3906 quem
992 3832 1201 3891 datum
1232 3835 1316 3890 bis
1335 3849 1624 3889 venenum
1639 3850 1760 3889 non

117 3906 439 3977 occiderat,
462 3907 598 3962 eliso
609 3912 856 3977 gutture
866 3922 1051 3962 manu
1061 3907 1314 3974 propria
1365 3907 1619 3977 necavit.
1663 3907 1762 3960 Sa-

119 3973 354 4048 bellius,
384 3973 654 4034 Ennead.
685 3977 746 4033 1x
783 3977 938 4032 libro
958 3973 1166 4048 quinto
1214 3994 1226 4030 :
1263 3975 1759 4046 Murtzuphlusest

119 4046 338 4118 itaque,
372 4050 531 4119 quod
557 4050 817 4104 maxime
843 4046 1102 4119 optabat,
1133 4055 1501 4114 consecutus,
1524 4053 1590 4100 ut
1618 4062 1760 4119 pars

120 4117 238 4188 una
250 4117 661 4174 multitudinis
676 4135 808 4175 eum
828 4117 1180 4188 praefectum
1199 4120 1382 4185 urbis,
1397 4119 1592 4173 altera
1612 4117 1756 4173 belli

116 4187 344 4257 ducem,
375 4193 554 4246 tertia
571 4187 993 4259 imperatorem
1020 4191 1370 4246 declararit.
1397 4191 1529 4256 Ipse
1567 4189 1644 4244 ab
1690 4203 1758 4244 ea

117 4259 526 4317 declaratione
563 4264 870 4331 confestim
894 4263 1222 4318 satellitum
1255 4261 1757 4330 propinquorum-

114 4345 226 4403 que
249 4338 496 4389 caterva
552 4335 808 4403 stipatus
831 4349 953 4389 esse
981 4348 1057 4388 ex
1080 4331 1324 4401 publico
1355 4332 1659 4398 proripuit
1693 4333 1756 4385 in

1877 3123 2146 3179 Alexium
2179 3123 2987 3194 Comnenumimperatorem
3007 3123 3161 3179 ﬁlias
3192 3140 3517 3194 generasse

1877 3194 2100 3261 scribit,
2128 3209 2384 3265 quarum
2398 3201 2546 3250 natu
2565 3195 2948 3264 grandiorem
2965 3196 3196 3252 Irenem
3234 3197 3518 3252 vocabulo

1868 3280 2182 3337 purpurea
2195 3266 2445 3322 induere
2455 3266 2946 3334 sandaliajussit.
2963 3266 3122 3337 quod
3141 3267 3334 3332 illam,
3349 3273 3404 3323 et
3420 3268 3522 3322 cui

1871 3336 2357 3404 desponderetur,
2387 3351 2746 3392 successores
2767 3344 2820 3392 et
2852 3336 3118 3394 hteredes
3138 3345 3270 3406 post
3291 3338 3518 3393 obitum

1868 3423 2041 3480 suum
2061 3408 2369 3480 foreconsl
2377 3409 2638 3480 ituisset,
2652 3413 2764 3465 etc.
2782 3427 2794 3473 ;
2819 3408 3131 3480 exscripsit
3151 3425 3224 3464 ex
3237 3411 3514 3480 Gregora,

1870 3478 1974 3532 lib.
2009 3495 2082 3532 ιγ.
2111 3478 2559 3536 Volaterannus.
2584 3477 2686 3533 lib.
2719 3495 2879 3544 χχιιι,
2905 3477 3033 3534 non
3053 3479 3287 3536 minora
3315 3477 3515 3536 turbat

1871 3549 1950 3603 ab
1975 3549 2104 3604 aliis
2135 3549 2521 3619 scriptoribus
2549 3549 2928 3605 dissentiens:
2965 3552 3214 3606 Διετίας
3252 3551 3517 3607 Murtzu-

1865 3621 2050 3688 phlus
2077 3627 2484 3689 cognomento,
2509 3628 2572 3674 ut
2589 3627 2899 3677 estauctor
2920 3622 3294 3690 Acropolita,
3315 3622 3510 3689 ﬁliam

1867 3694 2111 3764 Annam
2178 3691 2478 3764 Theodoro
2546 3694 2791 3764 Lascari
2840 3694 3078 3759 locavit;
3147 3694 3519 3764 fugatusque

1871 3762 2103 3831 deinde,
2141 3763 2231 3817 uti
2263 3763 2546 3823 diximus,
2576 3778 2612 3818 a
2641 3763 2836 3818 Gallis
2894 3779 3016 3819 una
3068 3762 3201 3818 cum
3260 3762 3518 3832 conjuge

1873 3833 2275 3905 Euphrosyna
2303 3841 2357 3888 et
2389 3833 3159 3905 generofui't.Acropolites,
3183 3849 3360 3905 quem
3385 3836 3516 3904 ipse

1872 3903 2096 3967 laudat,
2140 3919 2260 3958 non
2293 3905 2373 3959 ait
2401 3905 2584 3958 Alexii
2624 3903 2967 3974 Murtzuphli
3034 3903 3220 3959 tiliam
3275 3903 3514 3959 Annam

1869 3974 2180 4046 Theodoro
2215 3975 2444 4046 Lascari
2477 3974 2753 4040 locatam,
2788 3974 2891 4028 sed
2925 3974 3105 4046 Alexii
3140 3976 3516 4046 imperatoris

1872 4046 2074 4099 lsaacii
2102 4043 2495 4115 fratriﬁliam:
2522 4060 2663 4100 nam
2695 4061 2881 4115 agens
2913 4045 2997 4115 de
3037 4043 3276 4115 ﬁliabus
3335 4046 3514 4115 hujus

1869 4115 2072 4188 Alesii,
2097 4118 2126 4173 ἡ
2159 4112 2217 4168 δὲ
2249 4112 2488 4188 δευτέρα,
2541 4112 2762 4188 scribit,
2796 4114 3042 4188 ’ἐκαλεῖτο
3089 4114 3267 4188 Ἄννα,
3319 4116 3391 4176 εἰς
3417 4112 3511 4175 ⁷ιῖιν

1869 4184 2149 4259 Θεόδωροι(
2169 4192 2254 4238 τόν
2281 4184 2551 4259 Λάσααριν
2581 4185 3015 4259 ἐπεγάγμϐρψσεν.
3056 4187 3380 4259 Nullusque
3408 4192 3516 4259 gest

1867 4259 2016 4330 inter
2043 4257 2357 4330 scriptores
2382 4257 2614 4312 Griecos
2643 4257 2748 4328 qui
2776 4257 2834 4311 in
2883 4258 2994 4330 hoc
3041 4258 3120 4313 ab
3170 4257 3510 4330 Acropolita

1866 4327 2194 4408 dissentiat.
2211 4329 2352 4408 Quis
2371 4343 2548 4408 porro
2561 4327 2737 4407 aequo
2749 4331 2951 4408 animo
2968 4327 3163 4394 ferret,
3177 4327 3514 4408 dummodo

112 4402 585 4473 Alexiidomum,
630 4399 710 4460 ἀί
756 4420 1032 4473 puerum,
1080 4399 1252 4472 quem
1310 4408 1485 4457 antea
1535 4416 1755 4456 veneno
1790 4403 1833 4455 D
1867 4401 1926 4454 in
1984 4399 2164 4473 rebus
2263 4401 2476 4454 Grmcis
2526 4400 2775 4473 omnino
2850 4401 3096 4473 jejunus
3165 4415 3304 4473 Anon
3409 4401 3511 4473 sit,

109 4475 355 4538 petitum
384 4491 600 4531 necare
621 4491 744 4530 non
766 4477 976 4543 potuit,
1018 4476 1160 4530 eliso
1217 4477 1461 4542 gutture
1503 4474 1755 4540 propria

108 4547 340 4601 necavit
367 4561 574 4607 manu,
603 4546 774 4602 homo
797 4553 913 4602 tam
934 4547 1197 4614 perﬁdus
1226 4559 1404 4614 quam
1427 4545 1705 4612 ingratus
1739 4561 1752 4610 ;

109 4619 453 4686 peperitque
501 4633 798 4673 summum
846 4618 1070 4672 lsaacii
1098 4616 1752 4686 beneﬁciumsummam

110 4684 618 4753 ingratitudinem.
655 4689 776 4755 llic,
822 4694 886 4743 ut
908 4687 1157 4748 videtur,
1192 4685 1486 4741 Sabellius
1517 4684 1752 4740 Alexios

109 4758 435 4835 confundit.
477 4762 747 4835 Namque
774 4756 1447 4835 AlexiushMurtsuphlus
1479 4756 1750 4835 Alexium

112 4829 312 4884 lsaacii
342 4828 532 4885 ﬁlium
558 4827 691 4885 neci
723 4829 981 4884 tradidit.
1019 4829 1520 4884 Beneﬁciatamen
1547 4827 1752 4882 lsaacii

109 4897 320 4971 collata
343 4900 548 4956 Alexio
576 4917 697 4958 non
736 4899 1105 4971 Murtzuphlo
1150 4900 1332 4971 fuere,
1395 4897 1501 4971 sed
1549 4897 1752 4971 Alexio

111 4965 289 5037 fratri,
302 4972 464 5043 quod
490 4971 682 5043 etipse
701 4965 992 5028 Sabellius
1005 4985 1189 5043 supra
1207 4968 1534 5043 vid_erat_,de
1549 4968 1750 5043 Alexio

109 5052 291 5108 puero
310 5040 510 5099 lsaacii
531 5040 652 5098 ﬁlio
670 5058 992 5098 sermonem
1003 5040 1258 5097 habens:
1278 5040 1392 5106 Qui
1414 5041 1750 5095 Isaac/tium

110 5118 356 5183 patrem,
375 5116 547 5183 cujus
561 5115 834 5180 beneﬁcio
855 5129 1075 5182 magno
1097 5114 1237 5183 auri
1253 5113 1518 5179 pondere
1540 5110 1750 5179 fuisset

109 5181 241 5238 olim
254 5199 292 5240 a
306 5181 512 5241 Turcis
526 5185 884 5253 redemptus,
899 5181 1079 5254 atque
1091 5185 1174 5238 ita
1188 5182 1447 5237 humane
1461 5187 1752 5236 tractatus

107 5258 167 5307 ut
184 5258 454 5323 quamvis
479 5258 876 5312 multominor
896 5261 1046 5310 natu
1075 5261 1239 5318 esset,
1283 5255 1500 5310 vixerit
1553 5260 1748 5308 tamen

104 5335 327 5393 semper
371 5343 506 5383 cum
549 5342 614 5382 eo
655 5328 990 5394 imperante
1028 5341 1104 5382 ea:
1152 5341 1344 5396 aequo,
1421 5323 1617 5378 subita
1693 5325 1754 5379 vi

105 5406 440 5467 Oppressum
452 5400 737 5467 privasset
754 5398 1097 5460 luminibus,
1114 5397 1418 5464 privatum
1453 5396 1750 5450 artissime

106 5464 402 5534 vinxisset,
429 5464 695 5525 vinctum
726 5471 787 5524 in
806 5469 1034 5536 fwdum
1067 5484 1137 5523 ac
1195 5474 1414 5522 tetrum
1453 5481 1749 5521 carcerem

105 5541 458 5610 coniecisset.
494 5539 671 5595 Addit
689 5540 1012 5596 Balduiuus
1029 5539 1200 5610 epist.
1221 5537 1299 5593 ad
1316 5536 1746 5610 Innocentium:

104 5605 279 5682 Nocte
314 5613 501 5680 igitur
529 5613 868 5682 insequenti
895 5605 1203 5666 dominum
1269 5624 1442 5664 suum
1490 5608 1752 5682 latenter

105 5675 308 5750 laqueo
336 5675 615 5752 'su/rocat
659 5675 723 5738 in
775 5697 1018 5739 carcere
1083 5697 1218 5737 cum
1266 5694 1388 5750 quo
1454 5683 1581 5748 ipso
1657 5679 1752 5735 die

1868 4471 2329 4541 Euphrosynam
2388 4486 2636 4541 uxorem
2694 4469 2976 4541 ejusdem,
3016 4471 3199 4526 Alcxii
3281 4470 3508 4539 Angeli,

1867 4540 2074 4613 lsaacii
2093 4540 2557 4613 fratri_s,uxorem
2573 4540 2688 4595 dici
2703 4540 3172 4613 Murtzuphli,cuj
3183 4542 3516 4598 usEudocia

1865 4612 2046 4667 Alexii
2078 4611 2282 4680 Angeli
2314 4617 2680 4668 memoratur
2710 4611 2737 4666 ‘l
2768 4617 2904 4668 ALL.

1934 4683 2049 4754 (34)
2080 4685 2347 4751 Despotce
2369 4682 2815 4754 nomine,quod
2846 4685 2911 4754 in
2930 4684 3044 4738 hoc
3070 4683 3269 4739 libello
3293 4684 3512 4754 saepius

1863 4753 2136 4823 oceurrit,
2173 4756 2229 4808 in
2260 4754 2398 4810 aula
2415 4753 2722 4825 Cpolitana
2756 4753 3125 4810 vocabantur
3151 4755 3274 4818 tilii,
3307 4753 3512 4809 fratres

1863 4825 2062 4894 generi
2079 4826 2476 4897 imperatoris,
2493 4825 2947 4897 sebastocrator,
2979 4827 3176 4897 Caesar
3201 4826 3511 4897 etpatriar-

1863 4897 2010 4952 ch83.
2041 4895 2317 4952 Sed—xum}
2346 4896 2534 4966 ἐξοχὴν
2570 4897 2650 4952 ita
2681 4896 2874 4951 dictus
2926 4896 3030 4951 fuit
3090 4895 3324 4966 imperii
3381 4909 3512 4948 suc-

1863 4983 2085 5045 cessor,
2117 4967 2375 5045 ﬁliorum
2404 4972 2550 5023 natu
2588 4967 2912 5045 masimus.
2963 4969 3407 5045 Nonnunquam
3455 4969 3511 5020 et

1863 5037 1993 5092 aliis
2061 5038 2431 5108 principibus
2490 5037 2764 5093 amicitiae
2817 5042 2920 5092 aut
2982 5035 3285 5108 afﬁnitatis
3369 5050 3510 5108 ergo

1863 5106 2429 5174 deferebant/Quae
2498 5108 2702 5163 omnia
2735 5107 3180 5162 accuratissime
3230 5106 3514 5162 Meursius

1863 5179 2206 5235 observavit
2235 5180 2294 5234 in
2327 5179 2644 5235 Glossario.
2677 5181 2891 5233 Dousa.

1934 5252 2048 5329 (3_5)
2106 5251 2309 5329 Κράλης
2336 5267 2460 5306 rex.
2501 5249 2853 5329 Indemuquod
2888 5247 3250 5329 Polonﬂorum
3307 5247 3513 5314 lingua

1864 5321 2156 5395 ονὀιετάν-
2180 5322 2374 5395 ,ψάλτῃ
2407 5321 2618 5394 Σερϐίας
2656 5321 3021 5395 Nicephorus
3053 5322 3340 5395 Gregoras
3392 5334 3513 5395 non

1865 5392 2050 5448 semel
2081 5391 2374 5456 nominat;
2435 5391 2491 5447 et
2520 5395 2544 5443 ό
2587 5391 2783 5458 κρά)ης
2818 5391 3105 5464 ΔΟὐγγρροις
3167 5393 3226 5446 in
3266 5392 3512 5464 sancito

1862 5464 2510 5537 quodamipatriarchae
2544 5462 2829 5537 anonymi
2875 5462 3036 5534 apud
3068 5462 3511 5537 Leunclavium,

1949 5537 2098 5591 Jure
2119 5533 2662 5614 Greco-“Romano;
2676 5533 2928 5614 ξιρὰλαινα
2969 5537 3188 5614 νςᾳίνξᾳ
3216 5533 3512 5614 Gregorii)",

1861 5605 1964 5661 lib.
2008 5623 2114 5678 ivu,
2163 5606 2415 5678 κραλίτξα
2457 5605 2540 5678 in
2616 5605 2912 5678 Chronico
2997 5606 3352 5678 Cpolitanod
3399 5605 3512 5673 ms:

1861 5677 2027 5748 apud
2053 5675 2387 5735 Meursium.
2405 5677 2605 5733 Niceta
2629 5677 2687 5732 in
2725 5676 2926 5734 Alexio
2947 5675 3273 5745 Comneno,
3296 5675 3401 5745 lib,
3434 5691 3516 5760 ιιι,
