3988 6322
1675 318 2024 377 ANNALES.

121 441 226 495 τὴν
301 437 708 490 Φιλιππούπολιν
782 436 1092 508 ἀφικόμενος
1171 443 1259 491 καὶ
1321 444 1392 511 μὴ
1470 441 1596 514 πρὸς
1688 449 1786 492 τὼν

1900 443 2072 499 nieus
2101 460 2211 501 nec
2246 446 2326 504 ad
2354 447 2572 504 accolis
2602 452 2884 522 exceptus
2922 452 3367 524 Mosynupolim
3411 470 3550 511 cou-

123 526 418 600 οὶκητόρων
485 523 696 597 δεχθεὶς
744 526 828 579 ἐπὶ
888 532 981 585 τὴν
1034 528 1428 581 Μοσυνούπολιν
1501 527 1789 601 ἀφικνεῖται

122 613 345 668 κάκεῖσε
388 618 477 675 τὰς
533 611 811 690 διατριϐὰς
868 614 1110 672 ἐποιεῖτο.
1175 616 1399 680 Ἀλέξιος
1460 615 1518 671 δὲ
1575 620 1601 670 ὁ
1658 621 1788 670 Δού-

127 723 232 765 κας
284 704 420 776 (31),
477 704 530 766 ὃς
567 708 654 756 τὸν
706 707 816 756 υἱόν
870 713 960 757 τοῦ
1015 705 1280 758 Ἰσαακίον
1320 705 1582 760 ἀπέκτεινε
1649 710 1784 779 (32),

131 791 449 865 βοῡλόμενος
482 792 537 845 ἐκ
593 789 794 855 κήδους
850 793 990 865 αὐτῷ
1046 798 1525 870 προσαρμόσασθαι
1579 797 1689 869 ἅμα
1736 817 1789 849 τε

130 885 224 934 τὸν
280 890 370 934 τοῦ
418 882 683 936 Ἰσαακίου
729 884 840 935 υἱὸν
897 887 1171 955 πεφόνευκε
1223 890 1312 936 καὶ
1364 886 1474 957 ἅμα
1537 891 1629 943 τὴν
1698 893 1788 938 τοῦ

131 970 402 1044 βασιὶέως
478 971 705 1034 ’Δλεξίου
768 975 1026 1046 θυγατέρα
1093 971 1350 1026 Εὺὸοκιαν
1417 977 1786 1047 προσηγάγετο

131 1059 202 1122 εἰς
253 1068 500 1132 γυναῖκα,
558 1063 791 1119 ὑστοίτην
849 1057 1011 1113 οὖσαν
1061 1070 1161 1114 τῶν
1225 1065 1516 1136 θυγατέρων
1575 1065 1784 1121 ἐκείνου.

126 1155 281 1222 Τρεῖς
309 1151 410 1224 γὰρ
456 1150 568 1220 (33)
628 1151 872 1222 ὑπῆρχον
921 1149 1081 1222 αὐτῷ,
1116 1155 1206 1203 καὶ
1257 1153 1288 1208 ἠ
1339 1155 1430 1223 μὲν
1476 1159 1647 1226 πρώιη
1698 1149 1787 1205 Εἶ-

128 1241 268 1311 ρὴνη
309 1240 728 1312 κατωνὸμοὶζετο,
796 1240 827 1298 ἢ
871 1245 962 1292 καὶ
1029 1237 1185 1313 ἀνδρὶ
1265 1241 1561 1304 συνέζευξεν
1640 1242 1785 1296 Ἀλε-

129 1328 227 1398 ξίῳ
254 1336 325 1399 τῷ
357 1327 714 1400 Παλαιολογῳ,
757 1329 811 1381 ὃν
861 1334 952 1380 καὶ
997 1325 1262 1388 δεσπότην
1327 1334 1440 1400 (34)
1492 1336 1782 1403 τετίμηκεν·

129 1417 215 1487 [Ρο
248 1417 302 1488 5]
357 1415 484 1468 ἀλλὰ
526 1423 797 1492 προῴχετο
845 1413 995 1478 οὗτος
1051 1427 1147 1479 τῆς
1211 1424 1599 1472 Κωνσταντίνου
1649 1420 1786 1471 ἁλώ-

136 1525 287 1568 σεως.
319 1505 378 1560 Ἠ
437 1502 496 1559 δε
562 1503 777 1581 δευτέρα
832 1506 1058 1560 ἐκαλεῖτο
1105 1514 1280 1576 ⁹Δυνοι,
1337 1509 1405 1569 εἰς
1461 1512 1522 1567 ἦν
1582 1505 1786 1563 Θεόδω-

131 1615 224 1668 ρον
294 1599 380 1648 τὸν
454 1598 726 1671 Λάσκαριν
815 1595 1252 1672 ἐπεγάμϐρευσεν.
1334 1598 1398 1652 Ἡ
1503 1596 1562 1652 δὲ
1633 1603 1784 1671 τρίτη

133 1681 374 1738 Eudoxio:
441 1687 857 1758 κατωνομάζετο,
936 1688 998 1746 ἣν
1075 1691 1176 1761 πρὸ
1256 1695 1442 1760 καιροῦ
1514 1689 1540 1739 ὁ
1614 1689 1785 1764 πάτηρ

135 1774 298 1835 αὐτῆς
345 1782 418 1847 τῷ
466 1775 629 1849 κράλῃ
685 1775 796 1846 (35)
850 1774 1061 1851 Σερϐίας
1120 1779 1437 1841 συνέζευξεν.
1501 1778 1620 1830 Ἐπί
1684 1797 1788 1829 τινι.

1899 531 2066 602 fugit,
2095 533 2195 590 ubi
2216 551 2418 591 moras
2441 537 2731 593 trahebat.
2758 543 2828 592 At
2866 541 3059 595 Ducas
3125 540 3378 597 Alexius.
3436 544 3541 616 qui

1898 621 2088 678 ﬁlium
2113 624 2316 680 Isaacii
2337 626 2847 696 peremerat,illius
2873 626 3222 685 afﬁnitatem
3243 631 3542 698 ambiens,

1898 712 2094 767 statim
2120 718 2298 784 atque
2324 713 2584 770 Alexium
2607 715 2926 785 jugulavit,
2949 717 3330 788 imperatoris
3360 721 3551 778 Alexii

1896 799 2083 856 ﬁliam
2110 801 2457 873 Eudociam,
2490 803 2748 859 ﬁliarum
2778 803 2934 860 illius
2991 811 3384 877 postremam,
3434 810 3546 866 sibi

1897 889 1960 944 in
1989 891 2371 946 matrimonio
2396 891 2612 962 junxit.
2644 895 2778 948 Tres
2799 893 3019 950 etenim
3061 893 3213 951 ﬁlias
3263 913 3544 970 succepe-

1895 985 2006 1045 rat,
2036 994 2294 1050 quarum
2318 981 2510 1051 prima
2550 985 2712 1037 lrene
2738 982 3091 1052 Palteologo,
3136 986 3242 1056 qui
3278 985 3544 1057 despotic

1896 1067 2183 1136 dignitate
2203 1069 2548 1124 honestatus
2568 1075 2705 1126 ante
2731 1071 3128 1143 direptionem
3158 1073 3323 1130 urbis
3361 1075 3544 1132 vitam

1894 1154 2149 1225 ﬁnierat,
2180 1156 2525 1225 collocatur;
2549 1159 2814 1215 secunda
2847 1165 3019 1216 Anna
3079 1161 3395 1218 Theodoro
3443 1165 3545 1220 La-

1897 1243 2050 1299 scari
2089 1244 2418 1316 desponsa;
2445 1246 2770 1302 Eudociam
2799 1249 3030 1304 tertiam
3044 1249 3421 1322 impuberem
3445 1251 3548 1308 ad-

1895 1333 2014 1388 huc
2057 1348 2167 1388 nec
2227 1339 2529 1390 maturam
2561 1335 2688 1392 viro
2721 1336 2864 1392 crali
2891 1338 3108 1393 Servios
3155 1347 3408 1411 nuptam
3447 1341 3545 1396 de-

1895 1420 2082 1487 derat,
2107 1437 2294 1494 quam
2329 1423 2448 1494 ille,
2485 1429 2548 1479 ut
2575 1424 2794 1496 aiebat,
2827 1427 3030 1482 nescio
3060 1427 3121 1482 in
3170 1443 3292 1499 quo
3337 1429 3544 1500 depre-

1895 1509 2148 1565 hensam
2178 1510 2330 1581 patri
2356 1511 2601 1578 remisit,
2641 1529 2777 1567 cum
2823 1529 2945 1585 quo
2984 1519 3217 1571 aetatem
3265 1517 3541 1587 degebat.

1897 1599 2040 1653 Eam
2099 1601 2292 1654 Ducas
2347 1598 2607 1662 Alexius.
2672 1601 2914 1657 exclusa
2976 1603 3238 1674 propria,
3295 1621 3544 1662 uxorem

1896 1685 2088 1742 duxit.
2129 1687 2243 1742 Sed
2269 1688 2469 1760 potitis
2502 1689 2662 1745 italis
2688 1691 2969 1761 Byzantio
2999 1691 3140 1748 inde
3161 1708 3364 1748 secum
3393 1695 3546 1751 inter

1895 1775 2014 1832 alia
2061 1791 2310 1832 uxorem
2358 1776 2630 1833 deferens
2683 1780 2952 1845 excessit,
2999 1781 3330 1854 certiorque
3355 1782 3545 1839 factus

1053 1874 1393 1941 Theodori
1443 1877 1693 1943 Dousa:
1742 1883 1808 1940 et
1854 1873 2101 1940 Leonis
2151 1874 2382 1941 Allatii
2433 1887 2634 1944 notae.

209 1988 549 2064 (3i)'AliEtoc
567 1985 602 2041 δ
605 1992 626 2041 'e
641 1991 667 2040 ὁ
684 1991 900 2050 Δούκας.
919 1988 1305 2064 [ξολυομίλητος
1319 1991 1374 2041 ἐκ
1388 1995 1562 2063 πρώης
1580 1995 1785 2064 τριχὸς,

272 2060 531 2132 ῥυηφενής
587 2079 654 2135 εις
705 2065 882 2135 κοίτας
936 2057 1296 2135 δεικνῦμενος,
1334 2057 1436 2135 κοιὶ¹
1478 2057 1788 2135 κουριδίους

134 2128 555 2202 ἁλὸχόυς’παρὰ
581 2128 747 2204 δίκην*
793 2128 1255 2204 ἀποπεμψάμενος,
1305 2128 1612 2204 Choniata.
1648 2141 1785 2188 ALL.

211 2201 324 2268 (32)
383 2204 528 2258 Cum
593 2201 898 2258 Nicolaum
960 2201 1276 2258 'Can'ebum
1344 2203 1786 2258 adolescentem

133 2273 414 2328 seditiose
428 2273 692 2345 Byzantii
705 2273 1165 2343 inaugurassent
1179 2281 1233 2329 et
1248 2275 1506 2330 Isaacius
1520 2276 1786 2330 animam

131 2350 362 2412 ageret,
394 2343 633 2399 Alexius
669 2345 1035 2401 Bon‘il'acium
1063 2345 1473 2401 marchionem
1518 2345 1786 2412 accersit,

135 2415 364 2487 quibus
402 2416 595 2487 visum
641 2421 730 2487 est
773 2417 1032 2487 Latinas,
1067 2416 1341 2472 cohortes
1383 2417 1442 2470 in
1495 2415 1786 2487 palatium

135 2485 565 2558 admittendas,
606 2485 825 2558 quibus
858 2486 1136 2542 Canebus
1184 2485 1663 2558 submoveretur.
1722 2487 1788 2541 Id

137 2571 278 2611 cum
298 2557 678 2612 nuntiassent
693 2557 1261 2628 DuceeMurtzuphlo,
1287 2574 1425 2612 cum
1448 2558 1648 2613 multis
1662 2558 1785 2612 suis

137 2627 434 2699 cognatis,
467 2633 522 2682 et
551 2628 821 2698 spadone
836 2628 987 2684 ﬁsco
1009 2627 1288 2699 praefecto
1318 2629 1430 2684 sibi
1451 2629 1782 2696 conciliato,

135 2697 555 2763 defectu-nem,
582 2697 769 2770 quam
787 2700 916 2769 jam
959 2697 1162 2770 animo
1195 2700 1456 2768 fovebat,
1491 2699 1743 2754 exclusit
1770 2716 1783 2754 :

135 2784 406 2841 namque
437 2769 794 2841 intempesta
817 2775 988 2826 nocte
1046 2769 1309 2826 Alexium
1343 2787 1598 2840 puerum
1643 2770 1785 2834 adit,

136 2840 346 2911 aitque
376 2840 667 2913 cognatos
698 2841 846 2913 ejus,
883 2841 1292 2913 bipenniferos
1323 2841 1638 2913 Barbaros,
1661 2841 1789 2913 plu-

136 2910 355 2991 resque
380 2910 602 2991 alios_in
629 2911 855 2991 (oribus
885 2910 1012 2991 esse
1036 2912 1276 2991 adeum
1305 2911 1384 2991 ob
1414 2910 1787 2991 initamﬁum

141 2981 366 3036 Latinis
383 2981 844 3038 familiaritatem
865 2988 922 3038 et
934 2983 1256 3038 amicitiam
1275 2981 1785 3038 obtruncandum.

1897 1990 2225 2066 prandium
2249 1997 2584 2066 sumpserat
2619 1993 2816 2066 Judae,
2848 1998 2901 2047 et
2925 1995 3332 2063 clavaferrea,
3364 2011 3544 2066 quam

1903 2060 2136 2116 tenebat
2166 2061 2227 2115 in
2240 2076 2425 2117 manu
2457 2063 2964 2119 lateramorientis
2985 2060 3245 2121 etcostas
3265 2060 3545 2122 inaudita

1902 2132 2256 2217 crudelitate
2268 2133 2617 2217 confringit.
2633 2149 2889 2217 casuque
2906 2138 3108 2216 vitam,
3124 2150 3303 2217 quam
3332 2137 3545 2217 laqueo

1899 2208 2227 2258 extorserat
2237 2205 2544 2271 ,conﬁngit
2557 2211 2913 2272 ereptam,ac
2928 2205 3174 2274 imperia
3184 2205 3546 2275 lisepultura

1903 2287 2176 2328 concessa
2220 2275 2609 2346 propalatum
2660 2276 2962 2346 omnibus,
3044 2277 3234 2332 scelus
3309 2277 3544 2346 funeris

1903 2346 2130 2418 [tonare
2151 2345 2527 2418 dissimulat.
2579 2344 3061 2418 Sciasuquoque,
3109 2344 3316 2412 lector,
3335 2352 3547 2418 praeter

1901 2415 2163 2469 historici
2201 2415 2385 2471 ﬁdem
2444 2432 2479 2469 a
2537 2415 2841 2470 nonnullis
2907 2415 3103 2473 notari
3177 2415 3547 2474 Guntherum

1903 2485 2204 2559 appellare
2247 2485 2639 2559 Murciphlum
2678 2493 3024 2557 tyrannum,
3083 2489 3255 2559 cujus
3290 2488 3544 2544 consilio

1903 2555 2086 2611 Aléxii
2134 2561 2302 2627 pater
2357 2555 2533 2613 antea
2586 2555 2922 2613 obcmcatus
2981 2564 3039 2613 et
3113 2555 3173 2614 in
3248 2574 3546 2615 carcerem

1903 2628 2208 2698 conjectus
2238 2627 2589 2702 f_ue_rat,cum
2623 2643 2693 2683 eo
2714 2629 2997 2699 temporis
3022 2629 3550 2702 Murtzuphlinulla

1903 2706 2057 2773 esset
2102 2699 2266 2773 apud
2317 2700 2738 2773 imperatorem
2811 2701 3152 2765 auctoritas,
3185 2699 3549 2773 etfpraecipui

1901 2767 2060 2823 illius
2119 2767 2424 2824 facinoris'
2452 2776 2725 2824 auctores
2773 2776 3132 2826 censeantur
3205 2767 3548 2828 Theodorus

1905 2841 2122 2914 Brana,
2155 2842 2437 2914 Georgius
2469 2840 3134 2914 Palaeologus,._|oannes
3156 2842 3543 2914 Petraliphas,

1905 2911 2246 2965 Constantin
2258 2910 2563 2966 us’Raulus
2576 2917 2633 2966 et
2652 2912 2894 2966 Michael
2912 2910 3386 2968 Cantacuzenus:
3411 2920 3544 2968 ALL.

1977 2983 2089 3047 (33)
2116 2987 2262 3055 Τρεις
2288 2984 2412 3055 γάρ.
2440 2982 2748 3048 Choniata,
2777 2997 2916 3055 pag.
2944 2983 3093 3055 r673,
3125 2989 3210 3055 17Σ
3246 2983 3548 3055 _Georgius

139 3052 237 3108 Sic
269 3068 523 3133 puerum
546 3053 813 3133 territum
837 3055 1199 3133 complexus
1218 3069 1323 3125 per
1339 3059 1573 3133 portam
1587 3053 1787 3133 pleris-
1819 3051 1861 3108 C
1905 3051 2174 3133 Phranza
2202 3051 2308 3133 lib.
2341 3051 2380 3121 i',
2411 3068 2545 3122 cap.
2582 3058 2628 3130 ι,
2667 3051 2880 3133 praeter
2895 3053 3151 3133 historiae
3179 3053 3363 3109 ﬁdem
3394 3053 3546 3109 duas

135 3124 542 3196 queignotam
563 3125 626 3180 in
640 3124 1170 3196 tentoriuquuod
1187 3124 1246 3179 in
1269 3124 1491 3196 palatio
1503 3124 1784 3196 habebat,

136 3195 318 3267 quasi
346 3195 701 3267 liberaturus
730 3195 1106 3266 perducit,’et
1126 3196 1521 3267 compedibus
1556 3195 1788 3267 injectis

137 3266 201 3319 in
233 3266 600 3321 teterrimum
617 3282 918 3322 carcerem
964 3267 1220 3337 conjicit,
1267 3266 1332 3322 et
1375 3266 1486 3321 sibi
1527 3266 1790 3334 insignia

138 3337 375 3408 imperii
391 3338 596 3405 sumit,
627 3353 738 3392 nec
759 3353 878 3393 non
910 3339 988 3394 ab
1017 3338 1148 3393 aliis
1172 3337 1592 3408 imperatorde
1625 3353 1790 3392 more

136 3407 570 3474 consalutatur;
607 3424 715 3464 nec
752 3408 941 3464 multo
998 3413 1136 3479 post
1173 3424 1210 3463 a
1264 3407 1615 3464 satellitibus
1665 3408 1788 3462 suis

137 3479 450 3550 Cenabum
479 3485 725 3550 captum
750 3480 1035 3535 custodia:
1058 3479 1254 3534 tradit.
1285 3480 1490 3550 Alexio
1507 3479 1789 3550 deinceps

134 3565 330 3632 puero
348 3548 761 3632 bisvenenum
787 3551 1148 3632 propinavit,
1180 3549 1347 3632 qpod
1367 3566 1507 3632 cum
1535 3549 1630 3632 ille
1663 3548 1785 3629 tum

136 3621 332 3675 aetatis
363 3621 578 3678 robore
607 3627 736 3677 tum
768 3620 1075 3686 antidotis,
1112 3620 1336 3686 quibus
1380 3620 1676 3686 utebatur,
1711 3620 1786 3674 vi-

137 3693 336 3756 cisset,
352 3707 490 3765 eum
507 3693 726 3764 laqueo
747 3693 991 3765 tandem
1006 3690 1308 3765 praefocat,
1325 3706 1461 3765 men
1470 3706 1533 3746 se
1555 3690 1788 3763 imperii

138 3767 333 3828 sexto,
364 3763 457 3818 die
488 3769 720 3819 octavo.
758 3763 1039 3832 Blondus,
1073 3765 1153 3819 De
1176 3765 1352 3832 gestis
1413 3763 1788 3818 Venetorum:

139 3833 219 3887 Et
231 3849 506 3906 puerum,
519 3836 820 3897 Alea-ium,
837 3851 1007 3906 quem
1019 3836 1229 3890 datum
1260 3835 1344 3889 bis
1363 3847 1652 3888 venenum
1667 3849 1787 3888 non

137 3905 466 3976 occiderat,
488 3906 625 3961 eliso
636 3905 883 3976 gutture
893 3922 1078 3961 manu
1089 3906 1342 3974 propria
1393 3906 1646 3976 necavit.
1691 3906 1790 3960 Sa-

141 3975 382 4048 bellius,
411 3975 681 4033 Ennead.
710 3977 772 4032 lX
810 3976 965 4032 libro
985 3978 1194 4048 quinto
1242 3993 1254 4029 :
1291 3975 1787 4045 Murtzuphlusest

140 4047 365 4118 itaque,
399 4049 558 4119 quod
584 4049 844 4104 maxime
870 4047 1128 4118 aptabat,
1160 4054 1528 4113 consecutus,
1551 4052 1616 4100 ut
1645 4061 1788 4119 pars

141 4116 270 4172 una
281 4116 689 4175 multitudinis
702 4135 835 4174 eum
854 4116 1207 4187 praefectum
1226 4119 1410 4184 urbis,
1425 4119 1619 4172 altera
1640 4116 1784 4172 belli

135 4187 371 4257 ducem,
403 4193 581 4245 tertia
599 4193 1021 4258 imperatorem
1048 4190 1398 4245 declararit.
1425 4190 1556 4256 Ipse
1595 4189 1670 4243 ab
1717 4203 1786 4243 ea

136 4259 553 4317 declaratione
589 4262 898 4330 confestim
921 4262 1249 4317 satellitum
1283 4261 1785 4330 propinquorum-

133 4345 257 4400 que
279 4338 522 4388 caterva
579 4334 835 4402 stipatus
859 4347 980 4389 esse
1009 4347 1084 4388 ex
1108 4332 1352 4401 publica
1382 4331 1684 4398 proripuit
1720 4331 1784 4384 in

131 4397 612 4460 Alea‘iidomum.
656 4397 737 4459 ac
784 4419 1059 4472 puerum,
1108 4397 1279 4472 quem
1338 4397 1512 4456 antea
1554 4397 1782 4456 veneno
1818 4399 1953 4454 Din
2011 4397 2190 4472 rebus
2289 4397 2503 4453 Graécis
2553 4397 2802 4472 omnino

125 4474 382 4542 petitum
411 4489 627 4530 necare
649 4491 772 4530 non
793 4476 1004 4543 potuit,
1046 4476 1188 4530 eliso
1245 4476 1488 4541 gutture
1531 4473 1782 4540 propria

125 4546 368 4599 necavit
394 4560 600 4607 manu,
629 4546 802 4601 homo
824 4553 940 4601 tam
961 4546 1224 4613 perﬁdus
1254 4558 1431 4613 quam
1455 4545 1732 4612 ingratus
1765 4560 1779 4609 ;

124 4619 480 4686 peperitque
529 4632 825 4672 summum
873 4617 1098 4672 Isaacii
1126 4615 1469 4686 beneﬁcium
1486 4629 1780 4686 summam

125 4683 646 4754 ingratitudincm.
683 4688 803 4754 Hic,
849 4693 913 4742 ut
935 4686 1185 4747 videtur,
1219 4684 1513 4740 Sabellius
1544 4683 1778 4739 Alexios

121 4757 462 4830 confundit.
505 4761 774 4830 Namque
801 4755 1474 4830 Alexiusildurtzuphlus
1506 4755 1777 4830 Alexium

125 4827 340 4884 Isaacii
368 4828 559 4884 ﬁlium
587 4825 718 4884 neci
750 4829 1008 4884 tradidit.
1046 4828 1547 4883 Beneﬁciatamen
1575 4825 1779 4881 Isaacii

122 4897 348 4970 collata
370 4900 575 4954 Alexio
603 4916 725 4956 non
764 4898 1132 4970 Murtzuphlo
1178 4899 1361 4970 fuere,
1422 4896 1528 4970 sed
1576 4895 1778 4970 Alexio

123 4968 492 5042 {ratri,quod
518 4971 598 5026 eti
647 4987 710 5026 se
729 4967 1099 5027 Sabelliussu
1149 4985 1216 5024 ra
1234 4967 1562 5034 viderat,de
1576 4967 1778 5022 Alexio

123 5055 320 5096 Duero
339 5043 539 5096 Isaacii
557 4988 680 5096 ﬁlio
698 5057 1019 5096 sermonem
1031 4986 1225 5096 haben
1237 5057 1286 5094 s:
1306 5039 1419 5096 Oui
1441 5039 1777 5094 Isaac/tium

122 5055 320 5112 puero
339 5039 539 5098 Isaacii
557 5039 680 5097 ﬁlio
698 5057 1019 5097 sermonem
1031 5039 1225 5096 haben
1237 5057 1286 5094 s:
1306 5039 1419 5105 Qui
1441 5039 1777 5112 Isaac/tium

120 5109 384 5180 patrem,
402 5115 575 5182 cujus
589 5114 861 5180 beneﬁcio
882 5128 1102 5180 magno
1125 5113 1264 5167 auri
1279 5111 1544 5178 pondere
1567 5109 1777 5177 fuisset

118 5182 270 5237 olim
283 5198 321 5238 a
335 5183 540 5240 Turcis
553 5185 911 5252 redemptus,
927 5194 1106 5254 atque
1118 5185 1202 5238 ita
1215 5182 1474 5236 humane
1487 5186 1780 5235 tractatus

118 5259 192 5309 ut
210 5257 482 5324 quamvis
507 5257 903 5332 multominor
923 5261 1073 5310 natu
1103 5260 1266 5318 esset,
1310 5254 1543 5332 vixerit.
1572 5259 1781 5332 tamen

113 5322 355 5393 seraper
399 5341 534 5382 cum
577 5341 642 5381 eo
683 5327 1017 5394 imperante
1055 5341 1132 5381 ea:
1179 5339 1370 5394 aequo,
1448 5322 1644 5377 subita
1720 5323 1779 5377 vi

113 5411 468 5463 opprmsum
480 5399 767 5466 privasset
782 5397 1124 5459 luminibus,
1141 5397 1445 5463 privatum
1479 5395 1777 5448 artissime

116 5467 428 5534 vinxisset,
457 5471 724 5524 vinctum
754 5469 816 5523 in
833 5469 1061 5536 foedum
1093 5482 1164 5522 ac
1221 5473 1440 5520 tetrum
1479 5480 1776 5536 carcerem

112 5540 486 5609 coniecisset.
523 5538 699 5593 Addit
717 5535 1038 5594 Balduinus
1056 5538 1226 5608 epist.
1249 5535 1326 5592 ad
1343 5535 1773 5609 Innocentium:

111 5607 307 5666 Nocte
341 5612 528 5678 igitur
558 5612 896 5680 insequenti
923 5607 1230 5665 dominum
1296 5623 1469 5662 suum
1517 5607 1779 5680 latenter

113 5683 334 5752 laqueo
389 5682 644 5751 su/focat
687 5678 752 5737 in
803 5696 1045 5738 carcere
1110 5695 1245 5736 cum
1293 5693 1415 5749 quo
1481 5681 1608 5746 ipso
1684 5678 1780 5734 die

1904 3123 2173 3194 Alexium
2206 3123 3013 3193 Comnenumimperatorem
3034 3123 3188 3179 tilias
3219 3138 3544 3194 generasse

1905 3193 2128 3261 scribit,
2155 3208 2412 3264 quarum
2425 3201 2573 3248 natu
2592 3194 2974 3263 grandiorem
2990 3193 3239 3250 Irenem'
3261 3195 3544 3252 vocabulo

1897 3279 2210 3336 purpurea
2221 3265 2471 3320 induere
2482 3265 2972 3334 sandaliajussit.
2990 3266 3148 3336 quod
3166 3266 3361 3331 illam,
3376 3271 3431 3322 et
3447 3266 3549 3321 cui

1898 3335 2384 3403 desponderetur.
2414 3350 2772 3390 successores
2793 3343 2846 3391 et
2879 3335 3144 3393 hteredes
3165 3343 3297 3404 post
3317 3337 3544 3392 obitum

1895 3423 2068 3480 suum
2089 3408 2396 3480 foreAconst
2404 3407 2666 3480 ituisseg.
2679 3412 2790 3464 etc.
2808 3426 2821 3472 ;
2845 3422 2913 3461 ex
2923 3407 3158 3480 scripsit
3177 3423 3250 3463 ex
3264 3410 3541 3480 Gregora,

1897 3477 2001 3531 lib.
2037 3494 2109 3531 iv.
2138 3477 2586 3535 Volaterannus.
2610 3476 2714 3532 lib.
2746 3493 2906 3543 χχιιι,
2930 3476 3060 3533 non
3079 3478 3314 3535 minora
3343 3476 3542 3534 turbat

1898 3547 1976 3602 ab
2003 3548 2131 3602 aliis
2162 3547 2548 3618 scriptoribus
2576 3548 2954 3603 dissentiens:
2990 3553 3030 3604 Α
3048 3551 3242 3606 lectius
3278 3550 3542 3606 Murtzu-

1892 3620 2077 3687 phlus
2105 3625 2511 3688 cognomento,
2535 3626 2599 3674 ut
2616 3625 2925 3676 estauctor
2947 3621 3322 3689 Acropolita,
3343 3621 3537 3688 ﬁliam

1893 3694 2138 3762 Annam
2205 3690 2506 3745 Theodoro
2573 3692 2818 3762 Lascari
2867 3693 3106 3759 locavit;
3173 3693 3546 3762 fugatusque

1899 3761 2130 3829 deinde,
2168 3762 2258 3816 uti
2290 3763 2574 3821 diximus.
2603 3777 2639 3816 a
2669 3761 2862 3816 Gallis
2921 3778 3042 3817 una
3095 3777 3228 3817 cum
3287 3761 3544 3831 conjuge

1900 3832 2302 3904 Euphrosyna
2330 3838 2385 3887 et
2415 3832 3185 3904 gener0fuit.Acropolites,
3209 3848 3388 3904 quem
3413 3834 3544 3902 ipse

1899 3902 2123 3965 laudat,
2167 3919 2287 3957 non
2320 3904 2400 3958 ait
2428 3903 2610 3956 Alexii
2651 3903 2993 3972 Murtzuphli
3061 3902 3246 3958 ﬁliani
3302 3908 3542 3958 Annam

1897 3973 2207 4044 Theodoro
2242 3975 2471 4028 Lascari
2503 3973 2780 4038 locatam,
2815 3973 2916 4026 sed
2951 3973 3131 4044 Alexii
3167 3975 3544 4044 imperatoris

1900 4045 2101 4098 Isaacii
2129 4043 2300 4113 fratri
2317 4043 2522 4106 tiliam;
2549 4059 2691 4098 nam
2722 4059 2908 4113 agens
2949 4043 3024 4097 de
3064 4043 3303 4103 filiabus
3362 4044 3542 4113 hujus

1895 4114 2099 4187 Alegii,
2125 4117 2154 4171 ὴ
2186 4111 2244 4166 δὲ
2276 4111 2515 4187 δευτέρα,
2569 4111 2789 4187 scribit,
2823 4112 3068 4187 Αέκαλεῖτο
3116 4114 3294 4187 "Assa,
3346 4116 3417 4175 εἰς
3445 4111 3456 4113 ἡ
3477 4115 3538 4174 ἣν

1896 4183 2176 4258 Θεόδωρον.
2196 4191 2280 4236 τον
2308 4183 2578 4258 Λάσκαριν
2607 4184 3042 4258 ἐπεγάῗμϐρενσεν.
3084 4185 3407 4258 Nullusque
3435 4191 3543 4258 est

1894 4258 2043 4329 inter
2070 4256 2384 4329 scriptores
2409 4256 2641 4311 Graecos
2671 4257 2774 4326 qui
2804 4258 2862 4310 in
2910 4257 3021 4329 hoc
3067 4257 3147 4311 ab
3197 4256 3538 4329 AcrOpolita

1894 4326 2221 4382 dissentiat.
2237 4327 2378 4392 Quis
2397 4343 2575 4398 porro
2588 4343 2764 4398 aequo
2775 4330 2977 4382 animo
2995 4326 3189 4393 ferret,
3204 4326 3540 4383 dummodo

2457 4399 2503 4452 is
2553 4399 2802 4453 omnino
2877 4399 3122 4467 jejunus
3208 4414 3332 4454 non
3435 4400 3538 4467 sit,

1895 4414 1953 4453 in
2011 4414 2190 4452 renus
2289 4414 2503 4453 urmcis
2553 4414 2802 4453 omnino
2855 4414 3122 4522 Jejunus
3208 4414 3332 4454 non
3435 4414 3536 4467 sit,

1895 4469 2356 4540 Euphrosynam
2415 4485 2664 4540 uxorem
2706 4468 2851 4540 ejus
2898 4485 3006 4540 em,
3044 4470 3226 4525 Alexii
3308 4469 3536 4538 Angeli,

1894 4539 2102 4612 lsaacii
2120 4539 2584 4612 fratris,uxorem
2601 4539 2716 4594 dici
2730 4539 3198 4612 Murtzuphli,cuj
3210 4541 3542 4596 usEudocia

1893 4611 2074 4666 Alexii
2105 4610 2309 4678 Angeli
2342 4616 2708 4666 memoratur
2737 4611 2764 4665 ‘I
2796 4615 2931 4666 ALL.

1961 4681 2076 4753 (34)
2107 4684 2375 4750 Despotte
2396 4681 2842 4753 nomine,quod
2874 4683 2929 4736 in
2959 4683 3072 4738 hoc
3097 4683 3296 4738 libello
3319 4682 3540 4753 saepius

1890 4752 2163 4821 oceurrit,
2200 4753 2256 4808 in
2287 4753 2426 4809 aula
2443 4752 2749 4824 Cpolitana
2783 4753 3152 4809 vocabantur
3178 4753 3300 4817 lilii,
3333 4752 3540 4807 fratres

1891 4823 2090 4896 generi
2107 4823 2503 4896 imperatoris,
2520 4823 2974 4896 sebastocrator,
3006 4826 3203 4896 Caesar
3228 4831 3284 4878 et
3297 4824 3537 4896 patriar-

1890 4895 2037 4950 chae.
2069 4893 2344 4951 Sed'xasa‘t
2373 4895 2562 4965 ἐξοχὴν
2597 4895 2678 4950 ita
2708 4895 2901 4950 dictus
2953 4895 3058 4949 fuit
3118 4893 3351 4964 imperii
3407 4907 3539 4946 suc-

1890 4982 2112 5043 cessor,
2145 4965 2402 5043 filiorum
2433 4972 2578 5022 natu
2615 4965 2939 5043 masimus.
2991 4968 3433 5043 ngnunquam
3482 4966 3538 5017 et

1891 5037 2020 5090 aliis
2087 5033 2458 5106 principibus
2518 5036 2791 5092 amicitias
2844 5039 2947 5090 aut
3010 5033 3312 5089 afﬁnitatis
3395 5048 3537 5106 ergo

1891 5053 2020 5090 ams
2129 5053 2458 5106 rmcupmus
2518 5053 2791 5092 aIIIIClUtB
2844 5053 2947 5090 aut
3010 5053 3312 5089 ammiaus
3395 5053 3537 5102 ergo

1890 5053 2257 5163 deferebant.
2316 5111 2457 5172 Quae
2526 5107 2730 5162 omnia
2761 5105 3207 5161 accuratissime
3257 5103 3541 5160 Meursius

1891 5178 2233 5234 observavit
2263 5179 2322 5233 in
2354 5178 2671 5233 Glossario.
2704 5180 2918 5231 Dousa.

1961 5251 2075 5322 (35)
2134 5249 2337 5322 Kpu'ln;
2363 5266 2488 5305 rex.
2529 5248 2686 5322 [dem
2717 5247 2881 5322 quod
2916 5245 3277 5322 Polonorum
3333 5245 3540 5312 lingua

1892 5318 2184 5394 ενοι-Τὸν
2208 5321 2402 5394 sapiam
2436 5319 2645 5394 stipata;
2683 5318 3048 5394 N_iceph0_rus
3081 5319 3368 5394 Gregoras
3419 5332 3540 5394 non

1893 5390 2078 5446 semel
2109 5389 2402 5454 nominat;
2463 5389 2519 5446 ei
2548 5393 2572 5440 ὁ
2616 5389 2811 5456 κρά)ης
2844 5389 3133 5462 Dirr/pta;
3195 5391 3252 5444 in
3293 5389 3539 5462 sancito

1889 5463 2156 5534 quodam
2187 5463 2537 5534 patriarcha:
2572 5460 2856 5534 anonymi
2902 5459 3064 5531 apud
3095 5460 3538 5534 Leunclavium,

1890 5530 1950 5611 in
1977 5535 2126 5589 Jure
2146 5530 2690 5611 Griecoiltomanoi
2704 5530 2957 5611 genialia
2997 5535 3215 5611 νςᾳὺιᾳ
3243 5530 3539 5611 Gregorio,

1889 5603 1992 5660 lib.
2049 5622 2142 5670 vn,
2191 5604 2444 5676 κραλίτζα
2486 5605 2567 5676 in
2643 5604 2940 5676 Chronico
3025 5603 3381 5676 Cpolitano__
3427 5603 3538 5670 ms;

1890 5675 2055 5747 apud
2081 5673 2414 5734 Meursium.
2433 5675 2632 5731 Niceta
2657 5673 2715 5728 in
2751 5673 2954 5732 Alexio
2976 5676 3301 5743 Comneno,
3323 5673 3429 5742 lib,
3462 5688 3543 5756 Ill,
