3988 6322
43 354 182 409 997
1628 356 1806 412 ΔΝΝΑ

1869 356 1974 412 es.
3395 331 3504 418 σοι

41 479 230 529 τιανά
283 482 414 550 μέχι
464 485 548 531 ro?
603 475 874 531 Αοπαδίου
922 480 1082 532 αὐτοῦ
1140 477 1396 541 δεσπότας
1453 479 1735 552 ἐγίνωσκον
1773 483 1806 534 Α

1869 483 2008 535 ὐηι.
2024 480 2218 544 Quare
2230 479 2909 552 imperatorTheodorus
2931 482 2992 538 in
3016 500 3286 542 summas
3307 501 3503 557 angu-

49 566 330 633 ’Ῑταλούς,
389 566 514 620 ἀλλά
551 587 609 639 γε
663 565 730 626 δή
789 573 878 620 καὶ
933 578 1030 630 τῆς
1079 572 1315 630 Βιθυνίας
1367 571 1537 622 πάντα
1575 573 1737 642 μέχρι

1869 569 1992 623 itias
2019 567 2317 623 adductus
2339 574 2449 623 est.
2491 572 2605 624 Nec
2644 569 2845 624 minus
2869 586 2904 625 a
2926 573 3140 627 Graecis
3161 573 3306 645 ipsis
3334 591 3505 646 urge-

1848 657 2043 712 batur.
2095 658 2406 712 Enimvero
2440 659 2497 712 in
2549 658 2995 729 perturbatione
3034 661 3144 734 14
3187 679 3256 718 ac
3287 665 3507 720 confu-

1849 745 2013 802 sione
2042 746 2359 818 Cpolitanae
2405 747 2754 818 direptionis
2784 748 2923 804 hinc
2966 751 3102 805 inde
3134 751 3285 806 alius
3325 759 3504 826 atque

1846 833 1997 889 alius
2026 849 2160 889 cum
2194 835 2485 889 exercitus
2518 834 2823 898 ducerent,
2858 838 2979 892 sive
3009 839 3186 894 etiam
3218 840 3320 911 qui
3371 841 3502 896 aliis

1846 927 2215 993 praestarent,
2242 927 2474 994 partem
2505 939 2692 994 quam
2715 925 2827 995 ipsi
2853 927 3348 997 moderabantur,
3382 930 3504 986 sive

1848 1010 1908 1065 id
1946 1027 2017 1065 ex
2051 1011 2386 1081 semetipsis
2420 1017 2732 1079 tentantes,
2775 1014 2897 1070 sive
2929 1015 3006 1070 ab
3060 1017 3279 1073 accolis
3321 1019 3382 1074 in
3417 1020 3503 1076 lo-

1847 1115 2055 1154 corum
2071 1099 2615 1171 propugnationem
2632 1103 2918 1170 accersiti,
2938 1104 3112 1161 veluti
3126 1106 3503 1164 dominatum

1846 1188 2157 1260 proprium
2188 1187 2588 1259 occupabant.
2611 1189 2702 1245 Sic
2728 1191 3074 1247 Theodorus
3105 1201 3504 1262 cognomento

1848 1276 2337 1331 Morotheodorus
2367 1277 2836 1349 Philadelphiam
2863 1278 3199 1337 dominatui
3231 1299 3340 1339 suo
3368 1284 3506 1340 sub-

1841 1366 2001 1436 jecit.
2035 1364 2194 1419 Alius
2237 1365 2374 1420 item
2429 1373 2828 1435 cognomento
2878 1369 3110 1425 Sabbas
3156 1372 3506 1444 Sampsonis

1849 1454 2059 1509 urbem
2087 1471 2222 1508 cum
2256 1454 2346 1508 his
2373 1471 2508 1526 quae
2539 1455 2902 1526 adjacebant
2936 1459 3142 1514 tenuit.
3176 1460 3507 1532 Paphlago-

1851 1544 2012 1598 niam
2047 1543 2386 1598 universam
2421 1544 2606 1599 David
2639 1546 2821 1600 Alexii
2851 1548 3232 1618 Trapezuntis
3277 1550 3505 1605 domini

59 1638 449 1704 τυγχανόντων
479 1635 641 1705 αὐτῷ.
672 1636 1036 1707 Παφλαγονίας
1064 1633 1121 1688 δὲ
1143 1639 1315 1696 πάσης
1487 1634 1738 1709 ἐγκρατὴς

1869 1635 2047 1698 'rater,
2071 1635 2176 1705 qui
2205 1639 2264 1688 et
2291 1649 2550 1702 magnus
2584 1636 2922 1691 Comnenus
2950 1637 3298 1708 vocabatur,
3321 1641 3506 1711 impe-

62 1725 131 1781 ἧν
185 1721 377 1789 Δαϐίδ,
431 1721 644 1796 ἁδελφὸς
699 1727 765 1776 ὢν
809 1725 1036 1788 Ἀλεξίου
1085 1735 1176 1778 τοῦ
1213 1735 1304 1786 τῆς
1354 1730 1739 1800 Τραπεζοῦντος

1869 1723 2066 1778 'atoris
2098 1721 2418 1777 Andronici
2441 1738 2632 1794 nepos
2666 1729 2913 1797 uterque
2937 1725 3013 1780 ab
3044 1726 3198 1781 illius
3224 1727 3344 1783 ﬁlio
3376 1743 3509 1799 pro-

61 1818 460 1882 κρατήσαντος,
509 1813 560 1875 ὃς
611 1820 700 1866 καὶ
748 1819 911 1886 μέγας
981 1816 1271 1886 ὠνομάζετο
1341 1818 1624 1886 Κομνηνὸς,
1691 1814 1738 1865 οἳ
1771 1832 1806 1885 Β

1869 1816 2090 1881 gnatus,
2124 1810 2399 1865 obtinuit.
2433 1812 2750 1882 Propterea
2772 1813 2830 1867 in
2857 1814 3140 1869 maximis
3169 1815 3508 1870 turbinibus

45 661 157 707 καὶ
222 654 588 728 Νικομηδείας
658 658 840 718 αὐτῆς.
905 658 1156 711 Ἐντεῦθεν
1207 657 1473 712 ἐστενοῡτο
1526 658 1656 711 πολὺ
1710 659 1736 709 ὁ

53 743 334 816 βασιλεὺς
403 743 695 818 Θεόδωρος.
755 744 922 799 Οὐδέν
982 745 1041 799 δὲ
1092 750 1244 806 ἧττον
1297 769 1385 800 και
1441 752 1567 823 πρὸς
1639 755 1736 799 τῶν

49 839 330 904 Ρωμαίων
351 834 709 896 κατεϐιάζετο,
744 837 826 888 Ἐν
847 839 946 909 γὰρ
977 845 1038 910 τῇ
1090 841 1358 908 συγχύσει
1413 845 1504 897 τῆς
1556 843 1733 889 Κωνσ-

50 929 322 975 ταντίνου
344 924 580 986 ἁλώσεως
603 924 807 976 ἄλλοθεν
830 925 981 986 ἄλλος
1024 928 1264 998 ἡγεμόνες
1315 923 1444 978 εἶναι
1488 931 1738 996 τυχόντες

52 1014 88 1069 ἦ
159 1018 261 1064 καὶ
304 1016 352 1064 οἱ
395 1021 492 1065 τῶν
533 1012 694 1065 ἄλλων
740 1014 1058 1086 προῦχοιτες
1097 1018 1164 1076 ὡς
1203 1015 1393 1067 οἰκείαν
1438 1013 1612 1088 ἀρχὴν
1642 1020 1736 1072 τὴν

51 1102 153 1172 ὑφ’
219 1101 434 1164 ἑαυτοὺς
486 1101 750 1154 ἐποιοῦντο
816 1110 1021 1176 χώραν,
1053 1107 1082 1160 ἧ
1143 1103 1196 1166 ἐξ
1243 1105 1406 1156 αὐτῶν
1460 1104 1530 1166 εἰς
1585 1111 1738 1155 τοῦτο

54 1191 410 1263 ὁρμήσαντες
466 1192 495 1249 ἢ
543 1197 632 1244 καὶ
677 1194 819 1264 παρά
865 1201 963 1244 τῶν
1007 1192 1289 1261 οἰκητόρων
1339 1193 1738 1264 μετακληθέντες

56 1279 141 1340 εἰς
166 1284 261 1337 τὴν
285 1287 378 1340 τῆς
409 1285 589 1353 χώρας
641 1277 997 1352 δεφενδενσιν,
1054 1283 1253 1333 Αὐτίκα
1317 1278 1590 1354 Θεόδωρός
1624 1282 1736 1350 (54)

53 1387 146 1432 τε,
206 1368 262 1419 ὃν
327 1374 417 1420 καὶ
482 1367 898 1443 Μωροθεόδωρον
953 1369 1250 1435 ἐπεκάλουν,
1309 1370 1489 1443 ἅρχων
1539 1367 1599 1426 ἧν
1643 1379 1740 1430 τῆς

60 1453 406 1529 Φιλαδέλφου
451 1458 664 1518 πόλεως,
722 1460 890 1531 ἔτερος
946 1456 1004 1511 δὲ
1061 1459 1263 1514 Σάϐϐας
1307 1459 1588 1515 τοὺπίκλην
1646 1467 1737 1510 τοῦ

60 1543 277 1604 ἄστεως
316 1543 570 1606 ἕδέσποζε
606 1555 698 1597 τοῦ
775 1547 998 1618 Σαμψὼν
1038 1551 1168 1619 μετὰ
1205 1552 1294 1599 καὶ
1359 1556 1458 1599 τῶν
1514 1547 1738 1603 πλησίον

62 1908 165 1950 τοῦ
212 1899 474 1972 βασίλεως
523 1899 858 1976 Ἀνδρονίκου
912 1903 1154 1976 ὑπῆρχον
1209 1905 1429 1973 ἔγγονοι,
1492 1902 1740 1960 Μανουὴλ

63 1998 142 2058 τῷ
175 1993 369 2040 τούτου
404 1992 670 2060 τεχθέντες
704 1993 823 2060 υἱῷ.
852 1994 945 2043 Διά
974 1993 1143 2043 ταῦτα
1181 1991 1230 2042 ἐν
1261 1991 1419 2063 πολλῇ
1479 2010 1739 2062 στενοχω-

60 2084 161 2174 ρίᾳ
196 2081 268 2130 τὰ
309 2081 597 2152 πράγματα
650 2081 848 2154 ὑπῆρξε
899 2089 969 2151 τῷ
1021 2079 1232 2152 βασιλεῖ
1282 2077 1539 2153 Θεοδώρῳ
1594 2078 1738 2152 [ΡΠ]

85 2167 240 2219 Αλλὰ
296 2170 382 2219 τὸν
427 2173 517 2240 μέν
569 2166 986 2243 Μωροθεόδωρον
1041 2175 1130 2222 καὶ
1194 2173 1280 2221 τὸν
1338 2167 1537 2220 Σάϐϐαν
1596 2169 1741 2240 εὐχε-

65 2265 176 2327 ρῶς
261 2256 524 2328 μετῆλθεν,

68 2364 126 2396 τε
203 2348 402 2406 παντὸς
473 2343 799 2419 Μαιάνδρου,

601 2259 871 2309 κάντεῦθεν
912 2255 1185 2320 ἐδέσποξέν
1258 2254 1423 2319 ἀδεῶς
1465 2256 1742 2310 Κελϐιανοῡ

880 2343 1243 2418 Φιλαδελφείας

148 2432 222 2491 η’.
285 2433 422 2487 Ἀλλ’
485 2437 704 2488 ενταῡθά
757 2455 848 2506 μοι
890 2436 916 2487 ὀ
962 2435 1114 2508 λόγος
1170 2435 1529 2508 ἀναμεινάτω·
1589 2437 1740 2487 ἰστω-

71 2531 252 2594 ρῆσαι
313 2524 412 2596 γὰρ
472 2521 714 2594 βούλεται
758 2526 823 2574 τὰ
892 2532 963 2593 τῷ
1042 2521 1254 2595 βασιλεῖ
1321 2523 1530 2594 Ἀλεξίῳ
1610 2543 1741 2594 συρι-

74 2609 271 2677 ϐάντα,
303 2608 412 2668 ἤδη
451 2607 636 2663 δὲκαὶ
683 2607 843 2663 τᾶλλα
899 2615 965 2663 τὰ
1023 2612 1106 2664 ἐπὶ
1156 2621 1216 2686 τῇ
1267 2615 1460 2686 ἑσπέρα
1505 2614 1742 2684 γενέσθαι

77 2701 383 2769 φθάσαντα.
443 2701 684 2771 ’Δφίκετο
739 2705 852 2773 μὲν,
898 2703 965 2762 ὡς
1026 2701 1268 2775 εἰρήκειν,
1325 2701 1393 2761 εἰς
1477 2700 1742 2754 Θεσσαλο-

74 2795 235 2847 νίκην
290 2791 316 2839 ὁ
373 2788 638 2861 εἰρημένος
693 2789 943 2862 βασιλεὺς
1007 2790 1245 2852 Ἀλέξιος,
1309 2795 1400 2842 καὶ
1468 2786 1742 2860 ὑπεδέχθη

79 2882 233 2950 παρὰ
270 2885 367 2938 τῆς
397 2878 556 2930 αὐτοῦ
584 2883 808 2951 νύμφης,
865 2879 896 2937 ἣ
952 2879 1018 2942 ἐξ
1062 2880 1313 2952 Οὓγγρων
1372 2882 1460 2951 μὲν
1510 2881 1740 2952 ὥρμητο,

1852 1917 1921 1956 ac
1968 1898 2243 1953 ﬂuctibus
2296 1914 2388 1954 res
2438 1900 2817 1970 imperatoris
2860 1902 3151 1958 Theodori
3189 1904 3504 1969 nutabant,

1851 1990 1954 2061 qui
2000 1989 2258 2060 primum
2291 1987 2539 2058 quidem
2588 1990 3109 2046 Morotheodorum
3139 1997 3195 2047 et
3242 1993 3506 2048 Sabbam

1852 2077 2024 2133 facile
2053 2077 2369 2148 oppressit,
2411 2076 2666 2148 ideoque
2698 2083 2822 2134 tuto
2875 2085 2931 2134 et
2978 2081 3102 2136 sine
3132 2085 3294 2136 metu
3325 2082 3506 2137 totius

1857 2165 2097 2221 Celtiani
2151 2164 2421 2220 Maeandri
2470 2165 2895 2238 Philadelphia:
2947 2172 3003 2224 et
3049 2170 3508 2228 Neocastrorum

1856 2253 2330 2310 dominationem
2360 2252 2616 2309 tenebat.

1342 2351 1431 2398 καὶ
1494 2349 1851 2420 Νεοκάστρων.

1923 2435 1973 2487 8.
2012 2431 2125 2488 Sed
2149 2431 2246 2486 hic
2271 2431 2584 2504 paululum
2611 2434 2945 2490 coercenda
2973 2436 3165 2492 oratio
3191 2441 3314 2492 est:
3340 2453 3511 2493 nam-

1852 2537 1970 2593 que
2019 2520 2165 2575 mihi
2209 2521 2269 2574 in
2309 2521 2512 2576 animo
2566 2528 2675 2592 est,
2731 2539 2867 2594 quae
2914 2523 3255 2596 imperatori
3306 2525 3509 2583 Alexio

1854 2610 2174 2680 contigere,
2190 2626 2424 2665 necnon
2444 2617 2612 2680 gesta
2632 2612 2690 2666 in
2714 2613 3031 2669 Occidente
3062 2614 3292 2686 reliqua
3313 2631 3510 2672 recen-

1854 2715 2004 2755 cere.
2054 2699 2380 2770 Appulerat
2420 2700 2746 2772 imperator
2776 2701 3012 2757 Alexius
3045 2704 3130 2759 uti
3164 2719 3351 2776 supra
3379 2721 3509 2760 me-

1855 2788 2107 2857 moravi,
2158 2788 2664 2855 Thessalonicam,
2700 2797 3103 2863 exceptusque
3134 2797 3220 2849 est
3267 2810 3303 2850 a
3332 2811 3510 2860 nuru,

1856 2893 2070 2948 genere
2116 2878 2362 2949 quidem
2409 2879 2665 2947 Ungara,
2726 2881 2833 2934 sed
2885 2881 3229 2953 imperatori
3281 2885 3510 2940 Isaacio

80 2966 486 3040 ἐπεγαμϐρευθη
545 2964 604 3020 δὲ
658 2977 728 3038 τῷ
785 2968 997 3040 βασιλεῖ
1045 2969 1291 3040 Ἰσαακίῳ
1335 2971 1467 3041 μετὰ
1523 2972 1617 3026 τὴν
1655 2977 1745 3027 τῆς
1776 2967 1806 3021 C

1869 2971 1992 3039 post
2021 2967 2223 3022 uxoris
2252 2967 2482 3022 obitum
2514 2967 2898 3039 desponsata,
2930 2971 3174 3026 muliere
3202 2973 3399 3042 specie
3428 2974 3512 3028 ni-

80 3059 340 3127 γυναικὸς
394 3057 553 3108 αὐτοῦ
605 3057 864 3126 τελευτὴν,
925 3057 984 3115 ἢν
1060 3063 1148 3109 καὶ
1207 3061 1396 3130 ὡραίαν
1462 3059 1596 3109 πάνυ
1672 3065 1745 3126 τῷ

83 3143 220 3197 εῖδει
261 3145 310 3196 οἰ
376 3142 676 3207 κατιδόντες
743 3149 963 3218 ἔφασκον
1027 3145 1178 3200 εἶναι.
1246 3153 1356 3198 Tw
1421 3155 1548 3217 γοῦν
1612 3146 1744 3197 Ἰτα-

81 3235 184 3286 λῶν
262 3234 336 3295 εὶς
404 3235 744 3306 πολυμέρειαν
815 3239 881 3288 τὰ
940 3243 1035 3296 τῆς
1108 3231 1398 3306 Ῥωμαίδος
1471 3235 1744 3308 κληρωσα-

1856 3058 2044 3111 mium
2068 3057 2308 3125 egregia
2335 3073 2404 3112 ac
2426 3059 2666 3125 decora,
2695 3062 2756 3112 ut
2791 3059 2834 3126 1
2851 3058 2900 3129 5
2929 3061 3032 3129 qui
3054 3059 3218 3114 illam
3241 3061 3513 3116 viderant

1857 3144 1998 3200 fassi
2028 3151 2185 3200 sunt.
2218 3144 2306 3200 Ab
2338 3145 2495 3199 italis
2523 3145 2724 3216 itaque
2747 3148 3018 3202 Romana
3047 3147 3270 3204 ditione
3293 3149 3353 3204 in
3383 3149 3512 3222 plu-

1855 3235 2040 3288 rimas
2063 3238 2262 3304 partes
2287 3248 2356 3288 ac
2377 3233 2651 3288 homines
2672 3232 2884 3300 divisa,
2918 3235 3239 3292 Balduinus
3260 3237 3513 3294 Flander

1014 3386 1356 3453 Theodori
1406 3386 1656 3452 Dousaa
1706 3394 1772 3452 et
1823 3382 2068 3451 Leonis
2117 3381 2351 3449 Allatii
2400 3395 2604 3450 notae.

85 3554 553 3629 emendandum
577 3557 732 3629 Βάρις
773 3575 826 3607 τε
849 3572 877 3629 :_
920 3555 998 3629 ad
1037 3571 1222 3629 quam
1265 3555 1747 3629 emendationem

88 3625 242 3681 mihi
277 3629 505 3698 Nicetas
529 3625 722 3682 facem
740 3625 1091 3698 praeluxitin
1123 3626 1385 3698 Manuale
1423 3629 1750 3693 Comneno,

87 3698 190 3752 lib.
220 3713 304 3776 11:
341 3695 492 3757 Πόλις
526 3702 674 3776 ,κατὰ
734 3695 826 3754 τὴν
881 3707 978 3776 re?»
1033 3697 1507 3768 Αἱγαιοπελαγιτών
1564 3703 1752 3776 χώραν

87 3768 412 3838 τειχίζεται.
464 3769 603 3840 Βάρη
687 3774 775 3819 καὶ.
856 3769 1062 3821 Αὕλωία
1143 3771 1466 3842 παρωνύμως
1556 3768 1605 3827 ἐς
1658 3768 1756 3842 ξέτι

92 3837 440 3910 ὠνομασμενη
489 3837 657 3894 Ruris
691 3856 833 3908 ergo
858 3840 933 3894 ad
977 3837 1245 3906 Egaeum
1287 3837 1538 3910 pelagus
1589 3837 1751 3902 urbs,

92 3909 235 3981 quas
266 3914 321 3982 et
348 3911 801 3982 Aulom'a,circa
819 3910 1004 3982 Helles
1020 3918 1274 3982 pontum
1289 3909 1526 3965 alicubi.
1547 3913 1752 3964 Dousa.

170 3981 290 4052 (54)
356 3977 652 4052 Θεόδωρος,
694 3977 1040 4052 Theodorus
1087 3986 1484 4050 cognomento
1516 3983 1755 4052 Mangaj

93 4050 281 4122 ph‘as,
313 4052 502 4122 patria
539 4050 1089 4122 Philadelphiensis,
1120 4058 1291 4107 aetate
1325 4051 1527 4106 lsaacii
1550 4050 1754 4122 Angeli

96 4121 394 4178 Comneni
431 4137 685 4191 regnum
731 4121 1040 4186 affectans,
1091 4123 1352 4193 primum
1399 4122 1528 4192 ejus
1592 4121 1758 4176 urbis

106 4193 353 4264 plebem
386 4193 850 4248 audacissimam
873 4193 982 4264 sibi
1009 4193 1759 4263 conciliatetjurejurando

110 4263 406 4335 astringit,
446 4264 745 4335 Lydisque
784 4263 1069 4319 omnibus
1109 4265 1184 4319 ad
1234 4264 1624 4320 defectionem
1655 4264 1760 4318 im-

108 4334 300 4406 pulsis
331 4335 559 4409 regium
591 4334 812 4409 nomen
841 4336 1148 4406 usurpavit
1168 4340 1609 4409 etargenteam
1635 4351 1759 4409 mo-
1795 4357 1837 4409 Ι)

106 4413 317 4477 netatn
351 4421 487 4477 cum
541 4407 803 4475 imagine
839 4423 948 4462 sua
989 4407 1296 4477 percussit.
1349 4406 1550 4461 Derisa
1596 4406 1760 4477 initio

107 4476 363 4531 defectio
402 4475 537 4550 fuit.
587 4479 734 4533 Cum
777 4475 1174 4550 postmodum
1206 4475 1762 4550 augescere_t,_nil_1il

107 4549 522 4602 cunctandum
545 4553 710 4602 ratus
731 4547 992 4603 Isaacius
1015 4549 1322 4603 hominem
1341 4547 1759 4603 Philadelphia:

106 4618 368 4673 obsidet.
398 4618 543 4674 Cum
565 4618 848 4674 diuturna
879 4619 1190 4674 obsidione
1226 4618 1436 4674 urbem
1474 4619 1551 4674 ad

108 4690 333 4761 tionem
368 4689 723 4761 compellere
755 4705 876 4744 non
908 4690 1473 4761 posset._paciscitur
1504 4689 1575 4744 iis
1622 4705 1759 4761 con-

105 4760 439 4831 ditionibus
458 4759 880 4815 utTheodorus
904 4759 1190 4831 depositis
1208 4761 1374 4831 regni
1397 4759 1757 4831 insignibus,

105 4829 388 4955 grivatim
423 4837 562 4898 agat
591 4831 866 4903 civesque
890 4832 941 4886 ei
973 4829 1223 4902 pareant
1243 4829 1306 4887 ut
1337 4832 1587 4903 prius,et
1605 4829 1761 4885 obsi-

149 4903 288 4955 ibus
321 4903 580 4955 acceptis
620 4902 967 4955 szantium
1005 4902 1331 4955 revertitur.
1391 4904 1520 4955 Non
1569 4901 1759 4955 multo

149 4903 288 4957 ibus
321 4903 580 4973 acceptis
620 4901 1353 4973 Byzantium’revertiturf
1391 4904 1520 4957 Non
1569 4901 1759 4957 multo

107 4977 244 5045 post
259 4972 512 5045 Basilius
528 4972 792 5045 Batatzes
806 4973 1094 5045 plurimos
1117 4973 1465 5045 Mangapbas
1487 4973 1753 5045 conjura-

105 5050 197 5098 tos
231 5043 650 5116 largitionibus
672 5043 951 5115 corrupit,
990 5044 1312 5116 effecitque
1330 5043 1390 5099 ut
1415 5043 1558 5098 urbe
1577 5043 1758 5116 pelle-

106 5122 268 5170 retur
299 5132 311 5180 ;
337 5112 443 5195 qui
469 5115 545 5169 ad
577 5112 992 5195 Chaicosrbem
1027 5112 1759 5195 iconii'sultanum_profuf

108 5200 215 5252 gus
231 5185 452 5241 auxilia
466 5191 672 5257 contra
687 5190 985 5242 Romanos
1003 5202 1124 5241 non
1138 5187 1495 5257 impetravit.
1505 5185 1760 5257 obtinuit

106 5262 310 5312 tamen
357 5262 420 5311 ut
467 5257 636 5329 Turci
664 5256 854 5329 liberi,
889 5257 992 5328 qui
1025 5273 1167 5312 arcu
1199 5256 1253 5312 et
1305 5257 1582 5329 pharetra
1629 5256 1759 5310 freti

106 5329 412 5383 Romanos
462 5327 919 5398 praedabantur,
969 5327 1424 5396 asciscerentur,
1489 5327 1579 5384 Sic
1636 5342 1759 5382 non

28 5467 29 5470 η
105 5399 306 5468 parvis
333 5397 488 5470 copii
515 5399 830 5454 contractis
879 5397 1164 5470 Phryges,
1211 5399 1602 5470 Laodicenses
1649 5414 1760 5454 nec

104 5467 224 5525 non
254 5467 636 5525 Colossenses
661 5467 1295 5526 innumeris'cladibus
1325 5469 1542 5536 aﬂ‘ecit,
1588 5485 1757 5524 man-

104 5541 271 5612 cipiis
301 5541 519 5596 civium
575 5557 820 5596 suorum
855 5546 908 5596 et
945 5541 1231 5611 jumentis
1281 5540 1759 5612 abductis,iareis

104 5611 308 5684 aestivo
328 5618 596 5684 tempore
618 5611 894 5684 incensis,
915 5619 971 5666 et
992 5612 1306 5684 obviisqui
1324 5611 1562 5684 busque
1577 5611 1759 5684 hosti-

102 5682 219 5738 lem
248 5683 312 5739 in
337 5682 592 5739 modum
619 5683 901 5740 tractatis.
939 5682 1242 5740 Michaelis
1280 5682 1524 5756 quoque
1569 5682 1758 5740 archi-

1638 4618 1760 4672 edi-

1861 3552 2102 3625 strategi
2122 3552 2430 3624 templum,
2447 3567 2601 3625 opus
2613 3553 2948 3609 maximum
2965 3559 3020 3610 et
3032 3555 3509 3623 celeberrimum,

1861 3624 2100 3695 incendi
2118 3639 2334 3695 passus
2357 3626 2460 3678 est.
2485 3624 2865 3680 Postmodum
2879 3626 2956 3681 ad
2975 3626 3278 3683 sultanum
3301 3628 3507 3684 rediit:

1865 3694 2740 3765 sedimperatorlargitionibus
2768 3696 3290 3766 impetravitutille
3317 3699 3514 3754 deser-

1865 3772 1959 3821 tus
1972 3765 2260 3838 asultano
2277 3782 2346 3838 ac
2368 3766 2638 3838 proditus
2659 3767 2736 3821 ad
2761 3783 2823 3820 se
2843 3765 3193 3836 mitteretur,
3214 3786 3284 3824 ea
3310 3775 3512 3825 tamen

1866 3837 2204 3908 conditione
2221 3843 2281 3890 ut
2293 3837 2677 3908 defectionem
2691 3851 2800 3892 nec
2814 3838 3004 3908 capite
3018 3855 3128 3894 nec
3141 3840 3514 3895 mutilatione

1866 3907 2230 3978 laesioneque
2258 3907 2433 3962 ullius
2463 3907 2720 3962 membri
2747 3907 2950 3962 lueret.
2979 3910 3110 3973 Qua
3129 3909 3203 3964 de
3225 3925 3412 3964 causa
3433 3910 3512 3965 ad

1867 3979 2225 4061 diuturnum
2251 3993 2550 4061 carcerem
2593 3984 2686 4032 est
2727 3978 3074 4057 damnatus.
3122 3981 3269 4035 Cum
3311 3980 3518 4061 displi-

1869 4050 2088 4104 cuisset
2118 4049 2334 4120 sultani
2373 4048 2642 4120 fratibus,
2675 4049 2780 4120 qui
2804 4064 3060 4117 regnum
3089 4066 3230 4105 cum
3260 4066 3331 4106 eo
3369 4048 3511 4106 divi-

1869 4128 2086 4194 serant,
2119 4119 2282 4190 quod
2305 4119 2613 4174 hominem
2640 4119 2958 4194 profugum
2990 4128 3046 4176 et
3066 4121 3396 4194 supplicem
3410 4138 3512 4194 pe-

1870 4192 2061 4272 cuniae
2092 4206 2274 4273 eausa
2305 4194 2724 4273 Romanorum.
2739 4191 3086 4273 imperatori
3123 4191 3512 4273 ptfodidissent,

1871 4261 2243 4336 iracundiam
2268 4276 2476 4336 eorum
2497 4260 2770 4336 placavit.
2793 4260 3064 4333 Namque
3084 4260 3284 4336 aiebat
3313 4264 3514 4336 pacifi-

1871 4333 2118 4406 cationis
2147 4348 2288 4403 ergo
2314 4331 2480 4406 illum
2500 4331 2503 4332 ⁷
2525 4332 2844 4406 remisisse,
2877 4331 2998 4406 non
3019 4405 3024 4406 ί
3049 4331 3424 4406 prodidisse;
3461 4339 3518 4391 et

1870 4404 2177 4478 hominem
2200 4418 2421 4478 vagum
2445 4404 2513 4478 in
2527 4404 2781 4478 patriam
2807 4404 3149 4476 restituisse,
3175 4413 3364 4478 utnec
3385 4407 3516 4478 ipse

1871 4476 2021 4532 alios
2070 4490 2180 4546 nec
2223 4474 2422 4546 ipsum
2462 4474 2557 4530 alii
2622 4474 3144 4546 prosequerentur;
3196 4477 3301 4533 Hic
3349 4474 3516 4533 Efico

1871 4548 2028 4602 circa
2057 4545 2464 4617 Adramytium
2497 4545 2696 4620 agenti
2725 4545 2896 4620 arma
2932 4547 3126 4614 infert,
3153 4553 3209 4604 et
3242 4549 3516 4620 inexspe-

1870 4622 2027 4673 ctato
2057 4616 2414 4692 superventu
2441 4622 2498 4672 et
2525 4616 2901 4692 mtiltitudine
2948 4620 3216 4692 primum
3265 4616 3516 4692 quidem

1869 4694 2150 4744 terrorem
2185 4688 2408 4750 incutit,
2444 4687 2548 4742 sed
2575 4687 2790 4743 Errico.
2815 4687 2968 4743 cum'
2995 4691 3186 4747 Martis
3226 4687 3356 4746 alea
3399 4697 3516 4746 ten-

1870 4759 2056 4814 tanda
2091 4757 2407 4820 videretur,
2424 4765 2560 4814 ante
2575 4759 2736 4814 aleos
2758 4766 2815 4815 et
2836 4776 2939 4820 per
2963 4762 3226 4817 mediam
3249 4762 3512 4817 hostium

1869 4830 2058 4904 aciem
2072 4829 2351 4904 cumsuis
2363 4835 2784 4904 perrumpente
2805 4829 3154 4904 dissipatur:
3170 4849 3311 4904 nam
3330 4832 3514 4886 Graeci

1869 4901 2098 4974 equites
2145 4900 2522 4974 adhprimam
2580 4901 2922 4974 Latinorum
2960 4900 3419 4974 impressionem
3460 4906 3518 4958 et

1867 4971 2180 5028 hastarum
2209 4971 2593 5027 directionem
2627 4973 2934 5027 concitatis
2978 4971 3148 5042 eq’uis
3201 4971 3512 5042 fugientes,

1868 5043 2175 5115 pedestres
2189 5044 2429 5115 ordines
2444 5042 2718 5115 hostibus
2746 5042 3137 5098 trucidandos
3152 5042 3517 5114 reliquerunt

1869 5113 1926 5170 et
1957 5114 2324 5184 spoliandos.
2352 5117 2432 5168 Ex
2463 5113 2686 5184 Niceta.
2725 5119 2856 5168 ALL.

1941 5181 2056 5255 (5'5)
2106 5185 2468 5256 Παφλαγονιας
2543 5181 2610 5243 δὴ
2683 5203 2903 5256 among,
2957 5184 3144 5240 David
3215 5183 3514 5256 siquidem

1871 5261 1926 5311 et
1955 5255 2190 5310 Alexius
2221 5256 2452 5323 fratres,
2483 5255 2747 5326 Manuele
2780 5255 3101 5310 Andronici
3126 5255 3362 5326 tyranni
3403 5258 3514 5312 Ro-

1872 5342 2190 5382 manorum
2223 5327 2342 5382 ﬁlio
2374 5327 2514 5394 nati,
2541 5325 2689 5380 alter
2720 5326 2891 5380 Ponti
2936 5325 3277 5382 Heracleam
3328 5332 3385 5382 et
3420 5331 3519 5383 Pa-

1869 5397 2260 5468 phlagoniam
2289 5401 2706 5468 occupaverat,
2750 5396 2896 5452 alter
2943 5397 3183 5452 Alexius
3232 5397 3516 5456 (Enetum

1869 5474 1926 5524 et
1958 5469 2238 5541 Sinopem
2272 5469 2451 5524 urbes
2483 5475 2543 5541 et
2578 5471 3005 5541 Trapezuntem
3051 5470 3166 5525 Sed
3207 5470 3516 5541 quomodo

1869 5537 2308 5620 egpedit—ionem
2344 5537 2578 5618 Lucaris
2593 5538 2665 5620 in
2689 5537 2992 5620 Davidem
3033 5537 3380 5620 lfatino'rum.
3417 5557 3520 5597 au-

1851 5610 2022 5685 .xiliis
2050 5611 2263 5685 fultum
2284 5610 2880 5685 susceperiteumque
2899 5611 3306 5685 debellaverit,
3323 5611 3518 5670 disces

1870 5697 1903 5738 e
1928 5682 2125 5739 Niceia
2152 5683 2214 5738 in
2248 5681 2555 5740 Balduino.
2586 5688 2720 5738 ALL.
