3988 6322
91 347 225 401 1001

1603 351 1697 407 AN
1703 348 1946 406 NALES.

3320 350 3459 407 l002

86 487 249 530 ουτος
273 470 402 541 μετὰ
432 473 527 527 τὴν
561 477 658 532 τῆς
707 476 1096 524 Κωνσταντίνου
1145 471 1342 525 ἅλωσιν
1393 477 1703 548 νεωτερίσας

1830 473 1925 529 :ibi
1971 472 2175 545 parari
2210 471 2493 543 audisset,
2546 487 2674 529 sese
2721 472 3115 542 subterduxit,
3163 476 3221 530 et
3254 489 3460 546 parvas

88 557 211 610 καθ’
264 557 462 625 ἑαυτὸν,
519 564 610 612 καὶ
662 561 914 633 Κορίνθου
981 563 1165 634 ἄρχων
1236 567 1327 614 καὶ
1402 570 1501 614 τῶν
1588 567 1703 635 περὶ

88 650 292 705 ταύτην
334 657 548 723 χωρῶν,
602 653 667 711 ὡς
707 656 798 703 καὶ
844 651 1025 725 ἐτέρων
1097 654 1278 727 ἕτεροι.
1364 655 1565 726 Μικρὸν
1645 649 1703 704 δὲ

89 741 184 789 καὶ
265 742 372 798 τοῖς
453 738 619 792 ἐκεῖσε
648 737 1092 815 προσδιατρίψας,
1147 746 1298 813 γνοὺς
1340 744 1484 815 παρά
1553 761 1702 794 τινων

92 826 162 887 ὡς
184 824 499 880 ἁλίσκεσθαι
527 828 716 900 μέλλει,
774 826 998 905 ἀπέδρα.
1054 831 1142 884 Ἐκ
1196 827 1596 904 Λογγιϐαρδίας
1646 827 1706 883 δὲ

91 933 207 967 τισι
263 915 535 988 ξυντυχών
595 917 885 987 ἁλίσκεται,
931 923 1064 993 πρὸς
1114 924 1200 972 τὸν
1281 917 1704 995 πρωτεξάδελφον

93 1003 261 1056 αὐτοῦ
326 1005 551 1077 Μιχαὴλ
594 1009 690 1070 τὰς
742 1014 979 1071 κινήσεις
1050 1012 1374 1082 ποιούμενος·
1460 1010 1523 1068 ἦν
1604 1011 1703 1084 γὰρ

94 1088 243 1153 οὗτος
270 1097 387 1146 τότε
437 1099 625 1167 μέρους
680 1101 817 1158 τινὸς
871 1106 966 1159 τῆς
1018 1098 1249 1161 παλαιᾶς
1295 1097 1541 1171 Ἠπείρου
1588 1101 1703 1171 (62)

92 1186 367 1254 κρατήσας
394 1188 484 1236 καὶ
515 1182 679 1237 πολλὰ
701 1187 809 1248 τοῖς
836 1190 967 1261 πρὸς
1014 1188 1081 1239 τὰ
1137 1186 1305 1240 ἐκεῖσε
1363 1191 1493 1263 μέρη
1543 1185 1704 1260 ἀφιγ-

93 1272 266 1341 μένοις
324 1271 539 1334 Ἰταλοῖς
588 1276 837 1349 παρέχων
893 1277 1201 1349 πράγματα.
1258 1283 1357 1328 Και
1418 1273 1480 1334 ἦν
1556 1273 1706 1339 οὗτος

101 1356 438 1415 δυναστεύων
486 1372 578 1425 τῆς
643 1367 895 1425 τοιαύτης
968 1371 1174 1439 χώραςυ
1257 1365 1552 1419 Ἰωαννίνων
1602 1369 1705 1441 ’γὰρ

98 1444 240 1520 ἦρχε
286 1455 379 1502 καὶ
426 1450 626 1524 Ἀρτης
665 1456 754 1504 καὶ
801 1456 963 1526 μέχρι
1020 1456 1360 1508 Ναυπάκτου.
1424 1452 1515 1515 Ὠς
1581 1461 1706 1525 ⁴γοῦν

97 1537 229 1588 ἑάλω
288 1541 431 1613 παρά
479 1549 580 1592 τῶν
636 1538 1021 1615 Λογγιϐάρδων
1075 1543 1100 1593 6
1153 1539 1401 1614 βασιλεὺς
1457 1542 1705 1609 Ἀλέξιος,

96 1630 187 1678 καὶ
243 1624 620 1701 ἁπεμπολεῖται
677 1630 803 1703 παρ’
857 1630 1025 1682 αὐτῶν
1084 1633 1291 1703 σύναμα
1342 1640 1405 1704 τῇ
1475 1634 1705 1704 γυναικί.

97 1716 310 1794 Μικρὸν
339 1715 399 1772 δὲ
441 1720 573 1791 μετὰ
623 1726 716 1771 τοῦ
777 1719 1001 1791 Μιχαὴλ
1056 1725 1528 1796 προσκαρτερήσας
1580 1719 1709 1794 βού-

1812 561 2350 632 Longobardorum
2379 561 2589 617 manui
2616 562 2984 635 impingens,
3019 562 3168 619 dum
3199 563 3281 620 ad
3324 577 3465 621 con-

1810 649 2121 706 sobrinum
2152 648 2496 707 Michaelem
2539 649 2868 720 contendit,
2923 650 3174 723 capitur.
3218 650 3489 709 Michael-

1812 739 2037 811 Buippe
2069 738 2227 811 parti
2252 739 2464 795 veteris
2495 739 2653 808 Epiri
2684 743 2824 795 tunc
2855 739 3142 812 temporis
3182 739 3466 798 domina-

1809 827 2172 895 batur,lta]is
2188 827 2347 884 circa
2359 843 2430 884 ea
2444 827 2579 884 loca
2590 828 3042 885 excurrentibus
3053 830 3096 898 ι
3106 829 3164 900 6
3178 827 3467 885 molestus

1812 932 2244 990 operosusque.
2277 917 2398 989 Hic,
2429 917 2704 990 inquam,
2734 910 3175 992 usquequaque
3218 915 3468 974 Michael

1811 1006 2258 1073 dominabatur,
2307 1022 2449 1062 cum
2491 1005 2801 1063 Joanninis
2842 1010 2899 1064 et
2934 1010 3089 1063 Artaa
3133 1021 3324 1080 usque
3385 1004 3466 1064 ad
3536 1070 3543 1076 ,

1812 1099 2188 1169 Naupactum
2198 1095 2542 1169 imperaret.
2551 1098 2770 1170 Captus
2783 1097 2986 1170 itaque
2997 1111 3035 1154 a
3048 1095 3463 1169 Longobardis

1812 1185 2143 1258 imperator
2169 1184 2406 1242 Alexius
2431 1185 2743 1258 pretioque
2772 1187 3143 1259 redemptus,
3170 1200 3297 1242 una
3320 1199 3464 1243 cum

1813 1275 2070 1346 conjuge
2103 1273 2184 1331 ad
2210 1274 2517 1331 sultanum
2546 1274 2726 1331 Iconii
2755 1274 3117 1333 Jathatinem
3139 1274 3256 1332 sibi
3291 1273 3466 1331 fami-

1812 1363 2062 1420 liaritate
2087 1366 2299 1421 notum
2329 1363 2628 1436 proﬁcisci
2655 1362 2967 1421 deliberat:
2984 1378 3252 1437 namque
3268 1364 3465 1422 Jatha-

1813 1452 1964 1509 tines
1994 1468 2026 1508 e
2056 1450 2256 1508 fratris
2290 1456 2431 1508 tunc
2455 1452 2975 1510 Musulmanarum
3017 1468 3221 1510 rerum
3258 1452 3466 1510 mode-

1814 1541 2026 1598 ratoris
2093 1540 2379 1599 manibus
2441 1540 2676 1612 fugiens
2735 1542 3029 1615 profugus
3090 1542 3320 1615 Cpolim
3366 1557 3474 1615 ap-

1815 1632 1997 1705 pellit,
2038 1636 2443 1704 exceptusque
2510 1631 2589 1688 ab
2635 1631 2996 1705 imperatore
3045 1631 3251 1689 Alexio
3299 1646 3474 1690 sacro

1814 1721 2082 1778 initiatur
2144 1721 2387 1778 lavacro
2444 1721 2726 1795 ﬁliusque
2784 1722 3128 1795 adoptatur.
3177 1723 3281 1778 Hic
3329 1736 3471 1779 cum

96 1810 242 1863 λεται
269 1811 399 1883 πρὸς
444 1810 531 1861 τὸν
592 1814 686 1860 τοῦ
740 1806 956 1860 Ἰκονίου
1014 1808 1291 1862 σουλτάνον
1342 1808 1598 1878 ἀπελθεῖν,
1656 1810 1709 1862 ὃν

1830 1813 2174 1882 .mperatore
2203 1808 2411 1865 Alexio
2438 1809 2604 1883 Cpoli
2627 1809 2889 1880 fugiente
2918 1825 3043 1867 una
3071 1807 3327 1881 aufugit.
3352 1812 3472 1866 Nec

100 1900 398 1956 Ἰαθατίνην
427 1897 543 1969 (63)
587 1896 872 1969 ὠνόμαζον.
931 1897 1028 1950 Ἦν
1077 1901 1178 1972 γὰρ
1231 1901 1399 1970 τούτῳ
1454 1901 1707 1962 συνήθης·

100 1991 125 2041 6
174 1991 281 2063 γὰρ
323 1987 587 2062 εἰρημένος
634 1985 929 2048 Ἰαθατίνης
975 1989 1067 2048 τὰς
1121 1994 1214 2040 τοῦ
1267 1984 1491 2061 ἀδελφοῦ
1549 1988 1709 2041 αὐτοῦ

98 2085 292 2151 χεῖρας
320 2072 554 2150 ἀποδρὰς
580 2075 857 2136 ’Λζατίνου
885 2077 1247 2150 κατάρχοντος
1301 2086 1371 2149 τῷ
1431 2081 1546 2130 τότε
1608 2086 1708 2130 τῶν

97 2165 546 2238 Μουσουλμάνων,
619 2166 790 2237 φυγὰς
870 2168 1015 2239 παρὰ
1130 2170 1222 2225 την
1319 2171 1707 2219 Κωνσταντίνου

101 2261 300 2329 ᾤχετο,
328 2259 420 2308 καὶ
443 2262 517 2325 τῷ
563 2252 777 2327 βασιλεῖ
821 2251 1174 2308 ὑποδέδεκται
1233 2255 1464 2329 Ἀλεξίῳ,
1521 2255 1713 2329 βαπτί-

102 2346 248 2407 ζεταί
274 2364 330 2397 τε
356 2342 478 2418 παρ’
533 2343 694 2395 αὐτοῦ
747 2347 837 2396 καὶ
891 2345 1203 2397 υἱοθετείται
1264 2346 1333 2379 ⁸ο·
1387 2346 1442 2407 ὃς
1497 2351 1587 2398 καὶ
1635 2352 1710 2418 τῷ

104 2434 324 2509 βασιλεῖ
384 2433 593 2505 Ἀλεξίῳ
677 2429 983 2508 συναπέδρα
1057 2430 1350 2509 ἂποδράντι
1411 2441 1507 2493 τῆν
1576 2440 1713 2487 Κων-

107 2528 381 2577 σταντίνου
447 2524 515 2577 “.
577 2521 711 2575 Ἀλλ’
758 2522 842 2593 [Ρ.
903 2522 957 2593 8]
1006 2525 1148 2575 οὔπω
1200 2527 1398 2594 συχναὶ
1446 2522 1712 2599 παρῆλθον

1816 1898 2005 1954 multo
2030 1902 2166 1971 post
2185 1899 2275 1954 vir
2294 1898 2548 1971 quidam
2570 1898 2727 1955 clam
2753 1898 2834 1955 ad
2856 1899 3060 1972 ipsum
3079 1898 3472 1971 proﬁciscens

1816 1986 2012 2044 fratris
2069 1987 2301 2044 obitum
2373 1987 2607 2043 nuntiat
2660 2006 2675 2056 ;
2724 1987 2831 2060 qui
2908 1987 3011 2043 vili
3065 1988 3129 2044 in
3183 1991 3348 2045 veste
3398 2002 3472 2045 ac

1817 2075 2150 2149 squallente
2213 2090 2353 2132 cum
2378 2076 2590 2132 nuntio
2619 2075 2729 2132 iter
2758 2076 3113 2147 ingreditur.
3167 2078 3244 2136 Et
3278 2092 3318 2134 ο,
3345 2075 3471 2134 suis

1817 2164 2092 2236 cognitus
2119 2167 2433 2221 Persarum
2462 2163 2827 2237 principatui
2872 2168 3105 2237 praeest,
3154 2164 3469 2224 Theodoro

1815 2253 2164 2326 imperatori
2213 2252 2354 2309 belli
2401 2252 2851 2310 discriminibus
2894 2269 3054 2326 saepe
3101 2252 3323 2311 afﬂicto
3362 2252 3470 2311 de-

1816 2342 2167 2415 bilitatoque
2191 2357 2315 2399 non
2344 2341 2531 2398 modo
2556 2341 2947 2399 auxiliaribus
2976 2342 3187 2416 copiis,
3220 2341 3329 2399 sed
3364 2342 3471 2399 fes-

1818 2431 1959 2488 dere
1984 2431 2165 2488 etiam
2180 2435 2359 2503 pacto
2378 2431 2639 2502 (Annam
2659 2430 2823 2487 enim
2842 2430 3286 2504 imperatricem
3305 2445 3475 2490 sero!

1818 2536 1949 2593 rem
1979 2519 2405 2592 compellabat)
2431 2518 2707 2592 apprime
2736 2519 3067 2592 proﬁcuus.

105 2614 320 2686 ἡμέραι,
365 2615 455 2664 καὶ
504 2609 795 2683 ἀφικνεῖται
826 2613 957 2684 πρὸς
1001 2610 1157 2663 αὐτὸν
1210 2609 1337 2684 ἀνὴρ
1388 2613 1560 2686 κρύφα
1602 2613 1810 2684 μηνύων
1854 2609 1995 2680 αὐτῷ
2047 2612 2134 2661 τὸν
2182 2615 2275 2662 τοῦ
2329 2604 2554 2680 ἀδελφοῦ
2609 2608 2770 2661 αὐτοῦ
2808 2612 2966 2685 μόρον
2999 2629 3014 2643 ο
3047 2609 3105 2672 ὅς
3143 2612 3236 2662 καὶ
3287 2608 3478 2685 ῥάκεσι

103 2706 377 2774 πενιχροῖς
411 2698 713 2772 ἐσταλμένος
756 2700 870 2772 μετ’
896 2698 1055 2751 αὐτοῦ
1087 2698 1395 2772 ἀφικνεῖται,
1441 2700 1532 2752 καί
1576 2708 1686 2762 τοῖς
1724 2700 1883 2753 αὐτοῦ
1921 2700 2192 2760 καταστὰς
2217 2703 2477 2771 γνώριμος
2523 2699 2844 2772 Περσάρχης
2873 2697 3262 2772 ἓπιφημίζεται.
3314 2694 3479 2761 Οὗτος

103 2794 194 2843 καὶ
220 2797 300 2861 τῷ
328 2787 535 2862 βασιλει
563 2784 828 2863 Θεσδὼρῳ
850 2790 899 2839 ἓν
944 2806 1058 2840 τισι
1082 2796 1283 2863 καιροῖς
1314 2791 1762 2863 στενοχωρηθέντι
1789 2790 1837 2825 ’⁸³
1864 2793 2138 2862 χρήσιμος
2169 2786 2410 2860 ἀνεφάνη,
2445 2791 2761 2861 συμμαχίαν
2798 2784 2928 2851 δοὺς
2952 2792 3043 2842 καὶ
3070 2789 3139 2841 τὰ
3166 2787 3239 2850 εἰς
3272 2789 3479 2863 εἰρήνην

106 2879 456 2951 σπεισάμενος
494 2878 542 2913 ⁸³
570 2898 584 2911 ’
616 2877 686 2939 ὠς
714 2873 941 2950 ἀδελφὴν
971 2876 1069 2951 γὰρ
1102 2881 1196 2935 τὴν
1236 2875 1496 2951 βασιλίδα
1516 2876 1711 2932 ’Ἅνναν
1750 2877 2032 2950 ὠνόμαζεν.

176 2969 222 3022 θ’
283 2971 424 3041 Πρὸς
472 2974 653 3020 τοῦτον
724 2968 756 3026 ἠ
832 2972 984 3019 πᾶσα
1042 2963 1250 3026 σπουδή
1307 2975 1402 3020 τοῦ
1460 2965 1788 3040 βασιλέωςε

116 3057 333 3123 Δλεξιου
426 3058 707 3129 ἀφικέσθαι
799 3062 1005 3128 προσῆν

110 3145 272 3200 ἐλθεῖν
329 3148 475 3221 παρὰ
519 3149 608 3198 τὸν
659 3143 885 3219 βασιλέα
926 3150 1018 3198 καὶ
1061 3145 1296 3219 γαμϐρὸς
1339 3142 1613 3222 Θεοδωρον
1644 3147 1713 3202 “.

104 3228 369 3308 Ἐφοδίοις
410 3235 535 3307 γοῦν
593 3233 801 3310 ἀπάρας
871 3242 967 3296 τῆς
1031 3242 1123 3287 τοῦ
1182 3235 1407 3308 Μιχαὴλ
1469 3243 1567 3307 γῆς
1625 3239 1715 3288 καὶ

108 3333 247 3400 φορῷ
294 3326 636 3398 χρησάμενος
690 3326 942 3396 πνεύματι
992 3331 1053 3396 τῇ
1110 3331 1203 3386 τῆς
1256 3323 1506 3381 Ἀττάλου
1554 3342 1716 3397 προσ-

107 3419 357 3488 ὡρμισεν.
437 3414 825 3486 ’Δσμενέστατα
896 3419 1022 3485 γοῦν
1098 3415 1243 3487 παρὰ
1321 3420 1411 3466 τοῦ
1494 3412 1715 3466 σουλτὰν

105 3499 518 3577 προσδέδεκται.
544 3502 603 3555 Ὀ
636 3501 885 3575 βασιλεὺς
922 3498 982 3555 δε
1013 3499 1284 3577 Θεόδωρος
1331 3499 1514 3575 διῆγεν
1552 3505 1602 3555 εν
1647 3511 1711 3576 τῇ

105 3595 328 3664 Νικαία,
386 3596 477 3644 καὶ
513 3590 764 3665 πρεσϐεία
815 3594 943 3667 πρὸς
1005 3598 1098 3644 τοῦ
1156 3591 1376 3644 σουλτὰν
1427 3592 1541 3664 (64)
1590 3591 1715 3666 παρ’

110 3681 266 3734 αὐτὸν
326 3679 615 3754 ἀφικνεῖται
685 3684 780 3738 τὴν
848 3687 942 3733 τοῦ
1009 3678 1268 3753 βασιλέως
1322 3684 1413 3733 καὶ
1470 3682 1715 3755 πενθεροῦ

108 3770 445 3845 γνωριζουσα
491 3768 688 3843 ἄφιξιν,
735 3773 826 3821 καὶ
855 3771 921 3829 ὡς
968 3765 1153 3829 ἄδικος
1202 3772 1274 3821 εἶν
1333 3768 1531 3831 ξενικῆς
1577 3767 1716 3822 ἕπει-

106 3859 369 3933 λημμένος
422 3858 620 3934 ἀρχῆς.
667 3858 977 3933 Ἐταράχθη
1023 3858 1134 3931 (65)
1165 3867 1290 3930 γοῦν
1346 3857 1431 3911 ἐπὶ
1483 3865 1592 3921 τοῖς
1629 3856 1716 3912 λό-

107 3969 221 4020 γοις
264 3950 292 4001 6
328 3948 594 4022 βασιλεύς,
633 3953 723 4001 καὶ
775 3944 888 4008 δέος
941 3947 1079 4017 αὐτῷ
1129 3950 1359 4019 ἑπεισῄει
1414 3947 1542 4019 οὐχὶ
1587 3965 1717 4020 σμι-

108 4041 232 4111 κρὸν
274 4059 289 4071 ·
320 4039 346 4090 6
375 4041 466 4111 μὲν
494 4039 595 4110 ’γὰρ
631 4036 851 4089 σουλτὰν
881 4040 1146 4111 πρόφασιν
1197 4032 1311 4107 εἶχε
1360 4039 1448 4089 τὸν
1491 4034 1717 4108 βασιλέα

106 4127 359 4196 Ἀλέξων,
389 4135 452 4199 τῇ
506 4123 565 4180 δὲ
608 4125 826 4198 ἀληθείᾳ
866 4128 1062 4187 σκοπὸς
1107 4121 1168 4182 ἦν
1217 4125 1358 4196 αὐτῷ
1399 4131 1574 4178 πᾶσαν
1623 4130 1716 4184 τὴν

114 4217 381 4291 Ῥωμαίων
441 4212 799 4290 καταδραμεῖν
865 4219 955 4266 καὶ
1031 4213 1462 4272 καταληῖσασθαι
1528 4218 1558 4273 ἤ
1625 4218 1715 4267 καὶ

1056 3077 1070 3090 ·
1117 3052 1211 3108 έδυ
1219 3059 1538 3129 σανασχέτει
1614 3057 1717 3130 γὰρ

1898 2972 1950 3023 9.
1982 2966 2073 3023 Ad
2098 2966 2261 3023 hunc
2304 2969 2373 3023 ut
2418 2965 2729 3023 accederet
2779 2981 2893 3023 sua
2944 2966 3144 3024 studia
3188 2965 3481 3025 convertit

1824 3056 2033 3113 omnia
2059 3055 2299 3112 Alexius
2325 3055 2693 3128 imperator:
2723 3055 2803 3111 ad
2841 3055 3268 3128 imperatorem
3315 3054 3479 3112 enim

1824 3149 1883 3203 et
1893 3145 2560 3217 generumTheodorum
2584 3144 2831 3202 moleste
2850 3144 3475 3203 accedebat.Comme-

1825 3238 1959 3291 atus
1985 3234 2187 3308 itaque
2212 3233 2558 3290 subvehens
2587 3248 2622 3290 e
2650 3232 2874 3290 ditione
2934 3232 3232 3290 Michaelis
3276 3233 3475 3300 solvit,

1823 3329 1880 3380 et
1911 3323 2016 3394 17
2054 3323 2246 3379 ventis
2294 3337 2548 3396 cperam
2588 3321 2878 3379 dantibus
2924 3321 3005 3381 ad
3046 3321 3223 3380 Attali
3259 3321 3477 3380 urbem

1823 3410 2151 3479 descendit,
2175 3415 2233 3468 et
2249 3427 2439 3485 quam
2458 3402 2851 3485 cupidissime
2871 3427 2910 3468 a
2923 3411 3164 3469 sultano
3183 3411 3376 3484 excipi
3384 3415 3479 3469 tur

1822 3499 2062 3558 interim
2118 3500 2329 3558 Nicaeae
2381 3500 2698 3557 Theodoro
2740 3499 3088 3575 imperatori
3150 3499 3394 3573 degenti
3439 3515 3481 3558 a

1824 3589 2060 3646 sultano
2073 3588 2295 3660 legatio
2318 3589 2729 3663 mittitur,quae
2741 3594 2799 3647 et
2816 3590 3197 3664 imperatoris
3212 3593 3268 3647 et
3286 3588 3479 3647 soceri

1822 3678 2123 3736 nontiaret
2152 3677 2501 3751 adventum,
2533 3683 2592 3735 et
2613 3692 2803 3749 quam
2830 3678 3093 3751 injustus
3112 3683 3273 3736 esset
3292 3677 3473 3736 alieni

1822 3767 2194 3841 principatus
2216 3772 2562 3840 occupator.
2577 3766 2980 3825 Conturbatus
3002 3768 3208 3825 animo
3220 3768 3478 3840 impera-

1826 3861 1919 3913 tor
1944 3855 2127 3911 nimis
2143 3854 2302 3911 male
2326 3855 2525 3911 timuit
2548 3860 2707 3912 totus
2725 3858 2784 3914 S.
2805 3855 3086 3913 Sultanus
3100 3856 3263 3912 enim
3282 3854 3479 3927 specie

1822 3944 2255 4018 propugnandi
2275 3944 2484 4008 Alexii,
2516 3960 2579 4000 re
2605 3949 2800 4001 autem
2819 3944 2959 4017 ipsa
2976 3947 3280 4001 Romanos
3299 3959 3479 4014 agros

1824 4050 2037 4093 omnes
2061 4049 2375 4091 excurrere
2398 4033 2876 4107 populabundus
2901 4039 2959 4091 et
2984 4034 3192 4091 ditioni
3228 4033 3475 4092 Persica!

1825 4123 2049 4181 addere
2065 4122 2338 4179 animum
2361 4122 2700 4179 induxerat.
2724 4125 3022 4197 Erantque
3059 4139 3155 4180 res
3182 4122 3476 4180 Theodori

1824 4213 1886 4269 in
1916 4217 2179 4284 angusto
2204 4213 2426 4286 oppido
2456 4217 2693 4285 coactae,
2725 4219 2783 4270 et
2807 4218 2874 4270 ut
2896 4214 3064 4271 aiunt
3085 4214 3148 4271 in
3185 4213 3315 4271 acie
3360 4229 3476 4270 no-

110 4305 211 4358 ὐπὸ
266 4305 410 4380 ξςῖρα
460 4305 810 4370 ποιήσασθαι,
852 4308 941 4355 καὶ
994 4299 1055 4361 ἧν
1104 4301 1187 4355 ἐπὶ
1237 4311 1433 4378 χυροῦ,
1492 4306 1524 4354 ὅ
1566 4322 1714 4376 φασι,

1830 4301 2276 4369 vaculte.Quare
2297 4302 2640 4359 convocatis
2665 4301 2792 4359 suis
2804 4303 3088 4360 omnibus
3103 4303 3474 4377 explorabat,

109 4403 182 4466 τῷ
220 4393 433 4468 βασιλεῖ
482 4390 735 4468 Θεοδώρῳ
792 4394 858 4445 τὰ
912 4394 1219 4468 πράγματα.
1276 4397 1582 4465 Συναγαγὼν
1629 4388 1716 4445 οὖν

111 4488 233 4546 τοὺς
291 4483 453 4536 αὐτοῦ
519 4482 757 4558 ἐπειρᾶτο
824 4484 1040 4548 τούτων,
1105 4484 1205 4534 εἴτε
1262 4484 1402 4554 αὐτῷ
1460 4485 1717 4557 προσανέ-

112 4592 301 4645 χοντες
348 4570 408 4623 ἆν
465 4572 561 4624 εἶεν
616 4573 718 4623 εἴτε
772 4578 846 4641 τῷ
897 4572 1125 4644 πενθερῷ
1165 4570 1322 4623 αὐτοῦ
1373 4578 1446 4642 τῷ
1508 4569 1720 4643 βασιλεῖ

1824 4391 1886 4448 in
1917 4407 2172 4448 suamne
2207 4407 2286 4447 an
2314 4392 2376 4447 in
2405 4391 2591 4448 soceri
2620 4392 3000 4465 imperatoris
3023 4392 3212 4450 Alexii
3240 4396 3476 4466 partem

1829 4480 2046 4540 abituri
2067 4482 2314 4538 essent?
2336 4481 2418 4537 Illi
2433 4496 2645 4538 omnes
2656 4497 2781 4539 uno
2801 4497 2903 4540 ore
2941 4482 3124 4540 veluti
3165 4498 3240 4541 ex
3254 4487 3478 4540 tessera

1826 4569 2175 4641 inclamare,
2194 4576 2299 4627 aut
2319 4587 2442 4628 una
2475 4586 2615 4628 cum
2640 4587 2712 4628 eo
2758 4587 2823 4629 se
2836 4573 3037 4630 vivere
3057 4576 3163 4632 aut
3180 4587 3305 4631 una
3325 4570 3482 4630 mori

185 4674 236 4746 ⁸9
267 4673 431 4744 φυγὰς
454 4703 525 4711 —
549 4670 736 4746 υἱσθε]
770 4668 820 4732 ἐς
852 4669 1235 4746 Ἀλέξιον-ᾖκε
1264 4676 1446 4722 τοῦτον
1499 4674 1588 4746 καὶ
1630 4669 1756 4744 παρ’
1803 4670 2156 4746 αὐτοῦ’-υἱώ.
2204 4670 2267 4724 D.
2327 4671 2371 4706 "
2408 4665 2712 4746 ﬁnad‘pu’wr
2744 4679 2868 4746 fr};
2916 4675 3305 4727 Κωνσταντίνου
3352 4686 3480 4730 om.

114 4746 181 4801 D.
214 4737 814 4818 ⁴²’ἔνέστενοχωρηθὲντι
839 4756 961 4798 om.
988 4743 1053 4797 D.
1085 4741 1133 4776 ‘3
1158 4745 1248 4794 καὶ
1270 4772 1343 4782 -
1372 4737 1718 4814 σπεισάμενος

1830 4744 1932 4797 ι.1).
1965 4742 2013 4777 ’δ”
2041 4745 2171 4814 πρὸς
2200 4772 2271 4781 -
2291 4737 2575 4817 Θεόδωρον
2590 4757 2713 4799 om.
2741 4744 2807 4800 D.

964 4837 1307 4907 Theodori
1356 4839 1607 4907 Dousaa
1655 4848 1724 4908 et
1769 4839 2018 4908 Leonis
2063 4838 2302 4908 Allatii
2348 4847 2551 4909 notae.

119 4957 331 5042 cedere
344 4955 576 5042 cogitur
591 4970 603 5021 ;
629 4959 686 5011 et
706 4953 837 5036 aliis
848 4954 1029 5042 etiam
1046 4953 1322 5042 cladibus
1334 4954 1559 5012 fractus
1582 4970 1721 5042 cum

116 5033 307 5100 Argos
329 5032 385 5100 et
410 5025 665 5100 ﬁnitima
680 5025 907 5100 oppida
929 5030 1219 5100 occupata
1234 5042 1375 5100 esse
1401 5030 1725 5100 cernereta

120 5096 491 5167 marcbione,
520 5098 581 5152 in
614 5096 1038 5153 Acrocorintho
1068 5096 1247 5154 veluti
1274 5097 1338 5153 in
1368 5101 1538 5153 antro
1578 5102 1633 5153 et
1662 5097 1724 5151 in

121 5170 414 5243 spelunca
444 5167 724 5243 seqabdi‘t,
754 5167 829 5243 in_
866 5167 1059 5224 arduo
1098 5173 1299 5225 monte
1317 5168 1451 5243 gito
1486 5184 1557 5224 ac
1582 5167 1725 5243 fere

119 5238 606 5314 inexpugnabili,
628 5240 717 5294 vir
743 5238 1122 5314 inhumanus
1162 5255 1233 5295 ac
1272 5238 1509 5306 efferus,
1529 5238 1726 5314 _cladi-

121 5314 240 5369 bus
268 5309 542 5383 'urbium,
592 5309 910 5367 hominum
956 5309 1222 5383 caedibus
1264 5315 1319 5367 et
1362 5310 1726 5383 populorum

122 5382 563 5455 direptionibus
598 5396 980 5455 summopere
1009 5382 1303 5455 gaudens,
1345 5382 1465 5454 qui
1488 5397 1726 5455 nespa-

124 5451 402 5511 triaisute
422 5451 670 5525 Nauplio
692 5451 975 5525 pepercit,
996 5457 1053 5509 et
1071 5451 1722 5525 Nicolaum—Corinthio.

125 5522 668 5598 archiepiscopum,
695 5522 892 5598 'cﬁ_m_
946 5522 1539 5598 quohreconciliatus
1607 5523 1728 5580 fue-

124 5601 242 5663 rat,
272 5593 424 5652 inter
474 5593 685 5668 epulas
728 5593 927 5668 eﬂ‘osis
966 5593 1153 5651 oculis
1180 5594 1465 5668 primum,
1516 5601 1727 5668 postea

128 5668 205 5724 de
233 5684 380 5741 rupe
414 5665 824 5740 praecipitavit.

631 5756 878 5812 PATROL.
921 5757 1021 5813 Gn.
1063 5756 1207 5813 CXL.

1897 4955 2012 5031 (62)
2050 4954 2185 5031 Ἦν-
2205 4955 2303 5028 γὰρ
2360 4951 2522 5031 οὗτο-ς-
2551 4957 2669 5009 τότε
2705 4958 2889 5031 μέρους
2909 4958 3084 5031 *τινος
3109 4961 3205 5017 τῆς
3227 4953 3479 5031 παλαιᾶς.

1831 5025 2113 5096 Biendus,
2144 5025 2230 5098 De
2257 5025 2435 5098 gestis
2470 5025 2844 5095 Venetorum,
2875 5026 3122 5083 ridicule
3142 5025 3293 5098 satis
3314 5026 3482 5098 pari-

1833 5103 1923 5155 ter
1951 5096 2274 5171 Goﬂ'redus'
2314 5099 2388 5171 de
2441 5097 2621 5171 Villa,
2672 5098 2962 5171 Gallicus,
2995 5096 3190 5171 quiin
3238 5096 3483 5153 Achaiae

1825 5170 2181 5239 principatu
2214 5170 2523 5226 Dominico
2579 5168 2653 5225 de
2703 5169 2767 5227 la
2805 5170 2963 5226 Dosa
3000 5168 3380 5237 successerat,
3425 5170 3483 5223 et

1832 5240 2094 5298 Michael
2124 5242 2452 5297 Comnenos
2480 5240 2721 5296 ἄνδρας
2784 5240 3000 5296 nobilis
3044 5255 3180 5297 cum
3235 5239 3487 5308 Pelopo-

1833 5326 1991 5377 neso,
2023 5327 2188 5369 nunc
2224 5313 2432 5369 Morea
2454 5311 2638 5379 ἀει-ια,
2668 5326 2779 5380 per
2797 5312 3079 5381 fraudem
3114 5312 3344 5368 Venetae
3366 5309 3481 5367 rei—

1831 5382 2088 5454 publicae
2111 5384 2622 5453 obedientiamque
2644 5382 3114 5454 spoponderunt.
3142 5384 3290 5438 ALL.

1904 5455 2021 5526 (63)
2050 5456 2358 5526 Ἰαθατίνην.
2387 5452 2703 5526 Gregoras,
2714 5452 2817 5526 lib.
2849 5468 2893 5508 ι.
2921 5468 2982 5526 p.
3016 5460 3102 5510 l7.
3129 5459 3263 5510 ALL.

1907 5523 2019 5600 (64)
2049 5525 2311 5600 Πρεσϐεία
2331 5527 2458 5600 πρὸς
2480 5529 2573 5576 τοῦ
2595 5523 2838 5600 σουλτάν.
2871 5523 3161 5598 Gregoras
3207 5541 3280 5582 ex
3303 5526 3485 5582 Acro-

1837 5596 2049 5670 polita,
2077 5596 2185 5652 sua
2215 5596 2446 5670 habuit,
2485 5610 2544 5667 p.
2590 5599 2674 5650 i7.
2715 5600 2852 5652 ALL.

1910 5669 2017 5741 (65)
2041 5668 2367 5742 Ἐταράχθη,
2400 5669 2711 5739 Gregoras,
2742 5682 2803 5742 p.
2837 5671 2923 5724 i7.
2953 5671 3090 5726 ALL.
