3988 6322
579 301 715 356 1003
1851 297 2133 356 GEORGII
2168 298 2656 358 ACROPOLITIE.
3499 297 3518 310 ’
3822 313 3928 366 100i

574 398 744 454 velle.
782 398 1112 458 Recollecto
1129 401 1308 472 igitur
1338 397 1542 455 animo
1577 395 1958 452 subdtiorum
1979 397 2149 453 vocib

2350 395 2571 470 Ἀλεξίῳ.
2604 401 2670 451 Οἱ.
2724 396 2783 452 δὶ
2835 397 3071 454 πανσυδὶ
3137 407 3234 473 ιιιᾷ
3284 411 3447 475 φωνῇ’,
3503 406 3570 465 ὡς
3627 405 3689 457 ἐκ
3742 414 3925 480 γνώμης

573 486 1107 560 imperatorNicasa
1138 490 1277 556 exit,
1311 504 1513 544 secum
1547 486 1812 556 legatum
1838 485 2055 541 sultani
2081 502 2148 542 co

2348 492 2484 558 μιᾶς,
2553 487 2582 546 ἢ
2641 488 2808 560 συζῇν
2864 489 3004 560 αὐτῷ
3061 491 3090 549 ἦ
3151 492 3534 546 συναπολέσθαι
3618 495 3923 568 εἰρήκεισεο.

570 577 1132 651 vehens,ocyusque
1153 574 2043 652 apprOperausPhiladelphiam
2059 592 2145 632 σοι

2351 575 2639 649 Βαρσαλέος
2668 585 2792 649 γοῦν
2822 577 2937 652 (66)
2969 579 2993 631 6
3026 577 3270 652 βασιλεὺς
3299 589 3406 642 τοῖς
3459 591 3557 634 τῶν
3616 585 3724 635 ἃπό
3793 594 3926 660 χεῖρα

568 672 705 740 pat.
740 667 1020 725 Sultanus
1047 683 1181 724 cum
1204 668 1563 742 imperatore
1583 665 1808 735 Alexio,
1830 681 2012 738 quem
2045 666 2137 722 vel

2348 667 2504 736 tia-you;
2560 669 2822 738 γενόμενος
2869 674 2964 729 τῆς
3014 673 3236 731 Νικαίας
3289 667 3439 733 ἐξήει,
3490 673 3634 743 ἔχων
3698 678 3794 724 καὶ
3859 678 3923 726 τόν

565 757 976 813 Romanorum
999 772 1203 814 escam
1235 773 1439 814 secum
1483 754 1880 824 conducebat,
1926 755 1986 809 iu
2025 759 2140 811 Ant

2346 761 2425 806 τοῦ
2462 754 2683 808 σουλτὰν
2734 755 2948 829 πρέσϐιν
3002 759 3114 829 μεθ’
3159 757 3364 813 ἑαυτοῦ.
3391 763 3706 834 Ταχύτερόν
3765 759 3822 815 δί
3868 773 3921 834 τῷ

568 845 768 902 chiam
797 845 1030 919 irrupit.
1079 854 1175 903 Est
1204 862 1277 904 ea
1335 846 1543 903 civitas
1599 844 1895 902 Menandro
1937 844 2143 916 adjace

2345 838 2514 917 ῗρόμῳ
2543 846 2884 918 χρησάμενος
2913 844 3201 918 ἀφικνεῖται
3245 855 3305 920 τῇ
3366 845 3724 922 Φιλαδέλφου.
3779 851 3834 903 ’0
3877 848 3920 904 0‘":

566 933 844 1008 illiusque
861 935 1170 1008 potiundae
1193 935 1572 1009 propositum
1594 937 1736 992 erat.
1755 933 1897 989 Hinc
1927 933 2141 990 machii

2342 931 2553 986 τουλτὰν
2585 932 2774 1008 ἐπάρας
2809 934 2924 1006 μεθ’
2963 935 3147 988 ἑαυτοῦ
3198 941 3288 990 καὶ
3348 937 3401 989 ὃν
3456 940 3528 999 ὡς
3574 935 3774 1014 δέλεαρ
3831 940 3917 992 έπε-

567 1022 801 1082 adactis
830 1023 1042 1081 urbem
1069 1025 1403 1098 premebat,
1452 1024 1564 1095 18
1609 1027 1663 1080 et
1692 1026 1927 1080 tantum
1969 1038 2094 1079 non
2122 1039 2142 1079 ε

2342 1025 2506 1095 ρέρετο
2551 1021 2777 1096 βασιλέα
2835 1023 3078 1092 Ἀλέξων,
3129 1030 3224 1084 τὴν
3281 1022 3462 1098 ἔφοδον
3521 1025 3570 1080 ἐν
3629 1028 3917 1100 Ἀντιοχείᾳ

565 1118 754 1186 perat.
788 1114 962 1180 Quod
991 1115 1418 1188 pertimescens
1437 1113 1781 1170 Theodorus
1815 1113 2034 1186 (neque
2055 1113 2140 1168 eni

2341 1116 2630 1170 πεποίηται·
2687 1111 2830 1174 πόλις
2891 1110 2950 1166 δὲ
3039 1117 3172 1173 αὕτη
3275 1120 3459 1188 χώρας
3555 1120 3916 1191 προκαθημέπ

556 1202 822 1261 dubium
853 1208 980 1261 erat
1001 1203 1148 1277 quin
1196 1220 1268 1261 ea
1313 1203 1564 1260 subacta
1609 1202 1846 1258 sultano
1885 1200 2116 1258 nullum

2341 1197 2637 1274 Mmdvd‘pou
2667 1200 2803 1274 (67).
2840 1208 3053 1277 Κρατείν
3081 1199 3140 1256 δὲ
3173 1205 3222 1256 οἱ
3261 1206 3458 1266 ταύτης
3515 1201 3577 1263 ἧν
3639 1208 3668 1258 ό
3725 1213 3916 1267 οπο-στος.

564 1298 877 1366 posterum
906 1295 1405 1366 impedimentum
1435 1293 1604 1364 foret,
1631 1307 1755 1366 quo
1780 1291 1980 1348 minus
2007 1294 2139 1348 Bon

2344 1291 2422 1342 1ιὰ
2458 1297 2624 1343 ταῦτα
2680 1295 2770 1344 καὶ
2823 1290 3074 1355 ἑλεπόλεις
3120 1291 3381 1351 ἐστήσατο
3435 1299 3528 1347 καὶ
3585 1294 3805 1370 ἐπόρθει
3843 1302 3919 1354 τ·ὶῖ

563 1383 628 1440 ni
654 1383 894 1457 imperii
918 1383 1220 1456 reliquum
1252 1382 1596 1451 debellaret)
1655 1387 1712 1438 et
1759 1380 1940 1437 veluti
1969 1380 2030 1436 in
2060 1382 2138 1436 cu]

2347 1379 2492 1434 πόλιν.
2528 1385 2628 1433 Καὶ
2663 1377 2724 1439 ἧν
2755 1400 2815 1452 γε
2844 1381 2974 1440 αὓτη
3009 1381 3058 1434 έν
3089 1390 3212 1455 χρῷ
3242 1391 3334 1436 τοῦ
3369 1383 3583 1440 ἁλῶναι.
3623 1384 3697 1439 Ὀ
3728 1383 3798 1445 δὴ
3849 1391 3922 1438 καὶ

561 1470 701 1530 belli
732 1473 892 1529 exitu
944 1474 1157 1545 posito,
1211 1472 1338 1530 sive
1393 1476 1459 1528 ut
1502 1470 1700 1527 verius
1735 1470 1954 1538 dicam,
2006 1469 2136 1526 Chri

2346 1465 2566 1531 Γεδιὼςὸ
2597 1468 2847 1541 βασιλεὺς
2891 1468 3166 1546 Θεόδωρος
3216 1479 3300 1538 (ῆν
3337 1475 3440 1548 γὰρ
3493 1479 3586 1527 καὶ
3642 1474 3831 1536 ἀληθὲς
3871 1479 3921 1537 ὣς

559 1561 812 1632 domini,
832 1562 1006 1633 cujus
1035 1577 1256 1618 nomen
1278 1560 1457 1617 veluti
1477 1565 1765 1618 tesseram
1787 1563 1843 1615 et
1864 1559 2102 1629 signum
2133 1576 2134 1581 π

2344 1557 2368 1610 ri.
2386 1561 2577 1619 ταύτης
2631 1557 2914 1633 ἐκράτησεν
2971 1562 2997 1612 6
3048 1558 3465 1628 σουλτὰν,οὑδεν
3521 1563 3583 1615 ἂν
3642 1565 3795 1636 αὐτῷ
3847 1566 3919 1634 ἐμ-

560 1666 674 1708 nos
703 1650 1196 1722 circumferimus,
1228 1650 1509 1723 praesidio
1553 1650 1744 1719 nisus,
1765 1664 2021 1724 propere
2069 1664 2132 1704 ce

2344 1643 2496 1700 τοδών
2555 1655 2647 1700 τοῦ
2689 1654 2762 1721 μὴ
2815 1655 2992 1702 πᾶσαν
3047 1654 3142 1708 τὴν
3192 1659 3294 1703 τῶν
3339 1649 3607 1725 Ῥωμαίων
3665 1660 3919 1730 χειρώσα-

560 1745 674 1811 rat,
703 1743 870 1814 prius
900 1741 1245 1811 commisso,
1277 1757 1352 1798 ne
1373 1741 1508 1814 quis
1540 1743 1791 1811 attegias
1817 1744 1921 1795 aut
1945 1738 2135 1795 sarcin

2346 1737 2470 1807 rem)
2496 1741 2587 1789 καὶ
2616 1733 2724 1789 οἶον
2765 1736 2852 1790 ἐπὶ
2905 1737 3067 1790 κύϐου
3115 1742 3203 1791 τόν
3253 1738 3472 1812 πόλεμον
3519 1743 3652 1808 θεὶς,
3718 1742 3750 1801 ἣ

557 1829 651 1886 vel
663 1829 812 1904 quid
835 1830 1026 1886 simile
1042 1831 1246 1904 praelio
1271 1831 1475 1887 inutile
1495 1846 1619 1904 prae
1657 1828 2009 1887 necessariis
2049 1831 2132 1884 ten

2346 1845 2404 1879 ,ον
2457 1824 2662 1888 ἀληθῶς
2714 1826 2871 1879 εἰπεῖν
2930 1826 3014 1880 έπὶ
3064 1835 3134 1898 τῷ
3173 1833 3405 1902 Δεσπότη
3467 1829 3754 1904 θοιρῥήσας
3805 1839 3921 1906 Χρι-

555 1919 718 1977 victu
746 1920 1082 1993 vestituque
1113 1920 1428 1977 deferrent.
1477 1919 1776 1976 Exercitus
1825 1919 1971 1975 bina
2023 1918 2125 1974 mil

2346 1923 2448 1986 ττῷ,
2477 1915 2538 1967 οὗ
2563 1918 2658 1974 τὴν
2681 1914 2867 1974 κλῆσιν
2916 1918 2982 1978 ὡς
3031 1919 3308 1990 σύσσημόν
3361 1937 3412 1970 τι
3466 1918 3496 1977 ἢ
3553 1918 3843 1994 σφραγῖδα
3882 1922 3921 1972 οἱ

556 2009 876 2068 hominum
905 2026 1030 2067 non
1051 2011 1398 2083 excedebat,
1429 2027 1691 2084 quorum
1711 2007 2036 2078 octingenti
2058 2012 2131 2063 Ita

2345 2003 2545 2066 ὐσεϐεἰς
2595 2005 2917 2078 ἐπιφέρομεν,
2985 2004 3290 2060 έπισπεύδει
3356 2011 3442 2060 τὸν
3515 2004 3750 2084 δρόμον,
3800 2030 3920 2084 παρ-

555 2097 668 2155 viri
716 2099 941 2156 strenui
970 2103 1028 2156 et
1082 2115 1270 2156 manu
1328 2099 1531 2166 fortes,
1589 2104 1656 2156 ut
1715 2097 1953 2156 occasio
2009 2095 2130 2169 pale

2345 2093 2566 2166 ιγγείλας
2594 2090 2800 2166 μηδένα
2838 2095 2867 2155 ᾖ
2903 2099 3094 2156 σκευὴν
3138 2101 3303 2170 φέρειν
3356 2097 3386 2156 ἦ
3437 2099 3609 2170 ἀχθος
3669 2101 3702 2159 ἦ
3767 2101 3920 2174 ἕτερον

544 2188 716 2264 iecit,
733 2190 946 2264 reliqui
975 2191 1226 2247 Romani
1255 2189 1439 2248 fuere.

2345 2203 2370 2235 ἰ
2394 2191 2494 2235 τῶν
2524 2182 2582 2236 οὐ
2612 2182 3019 2237 λυσιτελούντων
3062 2185 3111 2238 έν
3166 2195 3240 2257 τῷ
3295 2185 3523 2259 πολέμῳ,
3577 2188 3710 2240 ἄνευ
3759 2194 3920 2262 μέντοι

551 2287 658 2334 τῶν
699 2278 994 2353 ἀναγκαίων
1021 2288 1218 2355 τροφῆς
1259 2286 1452 2355 μικρᾶς
1515 2282 1605 2331 καὶ
1653 2275 1952 2351 ἐνδύματος,
2002 2276 2099 2330 Ἦν
2167 2271 2226 2328 δέ
2281 2271 2416 2325 ἅπαν
2473 2273 2585 2344 (68)
2630 2272 2771 2345 αὐτῷ
2823 2277 2882 2327 τό
2940 2276 3240 2349 στράτευμα
3285 2276 3352 2337 εἰς
3405 2273 3728 2348 δισχιλίους
3784 2280 3922 2351 ἠριθ-

542 2373 804 2442 -μημένον,
858 2367 926 2420 ὧν
970 2368 1275 2421 ὀκτακόσιοι
1312 2372 1402 2441 μὲν
1464 2367 1671 2436 Ἰταλοὶ,
1739 2364 1922 2441 ἄνδρες
1967 2372 2188 2439 γενναῖοι
2247 2365 2339 2416 καὶ
2391 2365 2486 2420 τήν
2535 2370 2696 2438 χεῖρα
2748 2365 3009 2440 σθεναροὶ,
3067 2367 3135 2428 ὡς
3163 2366 3188 2417 6
3242 2363 3323 2438 [Ρ.
3357 2365 3413 2437 9]
3467 2370 3657 2442 καιρὸς
3747 2365 3919 2434 ἔδειξε,

555 2464 785 2531 Ρωμαῖοι
814 2454 874 2511 δὲ
900 2460 950 2510 οἱ
974 2457 1147 2511 λοιποὶ
1177 2457 1485 2530 ἐτύγχανον,

631 2551 718 2606 10.
757 2550 944 2619 Prope
967 2546 1168 2619 itaque
1217 2546 1589 2603 Antiochiam
1641 2545 1832 2602 factus
1881 2545 2206 2618 imperator

2395 2540 2448 2592 ι’·
2501 2539 2687 2613 Ἐγγύς
2739 2561 2838 2595 που
2880 2549 3006 2614 γοῦν
3058 2547 3328 2616 γενόμενος
3381 2545 3490 2616 (69)
3537 2554 3633 2608 τῆς
3727 2547 3920 2604 Ἀντιο-

553 2637 798 2694 Porsam
817 2636 1106 2707 legatum,
1129 2641 1194 2692 ut
1215 2641 1506 2694 remearet
1535 2635 1608 2692 ad
1638 2636 1974 2700 dominum,
2007 2635 2128 2691 dim

2349 2634 2468 2702 τείας
2497 2631 2523 2682 6
2568 2630 2815 2703 βασιλεὺς
2863 2631 3053 2705 ἀφίησι
3107 2636 3194 2685 τόν
3246 2633 3463 2708 πρέσϐιν
3515 2640 3735 2712 Πέρσην
3793 2640 3924 2709 παρὰ

555 2725 641 2783 tit.
695 2725 793 2782 ille
845 2725 1080 2782 sultano
1130 2726 1368 2782 nuntiat
1433 2725 1810 2798 imperatoris
1870 2740 2130 2781 accessm

2348 2723 2401 2772 όν
2429 2724 2669 2794 σφέτερον
2722 2720 2999 2794 ἀφικέσθαι
3057 2719 3340 2783 δεσπότην·
3409 2730 3499 2778 καὶ
3579 2727 3636 2789 ὃς
3735 2728 3923 2786 ἀπῆλθε

554 2816 784 2872 creditu
809 2817 1057 2874 omnino
1103 2815 1428 2884 difﬁcilem,
1485 2816 1638 2874 adeo
1676 2821 1742 2872 ut
1780 2817 2129 2889 imperatore

2341 2815 2406 2863 ιαὶ
2449 2814 2632 2881 μηνύει
2670 2821 2743 2864 τῶ
2807 2812 3027 2866 σουλτὰν
3082 2818 3176 2874 τὴν
3233 2822 3324 2868 τοῦ
3381 2814 3640 2888 βασιλέως
3723 2817 3916 2892 ἔσοδον,

551 2907 680 2978 jam
710 2905 920 2963 adesse
944 2905 1340 2976 jurejurando
1360 2906 1720 2962 conﬁrmare
1747 2921 1989 2962 necesse
2034 2905 2126 2961 fue

2341 2897 2612 2954 Γύσπιστον
2666 2900 2838 2973 έκείνῷ
2896 2904 3008 2973 (70)
3053 2907 3188 2956 πάνυ
3242 2909 3642 2978 τυγχάνουσαν.
3709 2910 3916 2982 Ὀρκοις

552 2994 816 3066 legatum
826 2995 945 3052 .His
957 2995 1174 3052 auditis
1195 2995 1465 3052 sultanus
1479 3012 1666 3068 quam
1684 2994 1987 3051 celerrime
1999 2994 2127 3051 coll:

2346 2997 2440 3042 ὀῦν
2467 2989 2700 3044 ἐϐεϐαίου
2739 2993 2766 3044 6
2817 2991 3038 3066 πρέσϐις
3085 2995 3150 3054 ὡς
3207 2993 3356 3066 έγγῦς
3402 2997 3429 3047 6
3489 2995 3759 3069 βασιλεὺς
3805 3003 3921 3073 πάρ-

555 3085 630 3142 tis
661 3086 848 3158 copiis
890 3086 950 3141 in
997 3085 1187 3143 aciem
1236 3085 1485 3143 militem
1537 3086 1709 3142 excit.
1761 3086 2025 3142 Primum
2079 3087 2130 3142 lt

2345 3099 2479 3135 στιν.
2505 3087 2683 3134 Ταῦτα
2717 3081 2804 3134 οὖν
2833 3080 3066 3144 ἀκηκοὼς
3093 3084 3120 3135 ό
3184 3083 3406 3138 σουλτὰν
3458 3087 3596 3158 (71),
3677 3092 3751 3151 ὡς
3820 3061 3919 3161 εἶχε

559 3174 776 3232 sultani
802 3175 1042 3233 ordines
1067 3175 1322 3232 nimium
1345 3175 1566 3232 multos
1584 3176 1958 3247 adoriuntur,
1988 3193 2058 3232 ac
2084 3192 2134 3231 ω

2342 3169 2536 3240 ·άχους,
2590 3172 2684 3231 τὰς
2741 3167 2986 3244 δυνάμεις
3061 3173 3274 3244 συνάγει
3355 3179 3447 3227 καὶ
3526 3181 3917 3249 παρατάττεται

558 3279 674 3321 nus
701 3265 912 3322 validas
941 3263 1334 3337 viriliorisque
1352 3265 1538 3322 animi
1581 3265 1948 3320 facinoribus
1982 3264 2129 3320 effec

2342 3260 2446 3331 πρὸς
2483 3261 2571 3310 τὸν
2617 3259 2855 3332 πόλεμον.
2897 3262 3252 3332 Ἐμπίπτουσι
3305 3270 3428 3334 γοῦν
3488 3264 3604 3334 (72)
3672 3274 3795 3327 ταῖς
3839 3271 3917 3318 τοῦ

560 3353 682 3409 fere
696 3369 908 3409 omnes
926 3352 1315 3419 occumbunt,
1335 3370 1474 3410 cum
1496 3353 1686 3409 multo
1704 3353 1902 3425 plures
1927 3370 1996 3410 ac
2018 3354 2135 3410 mu]

2341 3345 2539 3399 Γουλτὰν
2569 3356 2769 3422 πρῶτον
2797 3345 3082 3423 δυνάμεσιν
3122 3351 3332 3408 Ἰταλοί.
3394 3352 3528 3406 Ἀλλ’
3586 3349 3648 3410 ἧν
3716 3359 3780 3408 τό
3833 3364 3916 3407 τῶν

557 3443 1002 3498 numerosiores
1029 3440 1511 3497 obtruncassent.
1539 3443 1918 3513 Exsuperatis
1942 3458 1974 3498 a
1999 3446 2132 3500 Mus:

2343 3436 2736 3508 1ουσουλμάνων
2782 3437 2974 3500 πλῆθος
3049 3439 3200 3494 πολύ.
3260 3439 3427 3514 Ἔργα
3516 3437 3576 3494 δέ
3665 3452 3918 3519 κρατερᾶς

554 3547 740 3588 mano
772 3530 928 3587 Italis
963 3530 1129 3586 nullo
1167 3531 1406 3602 negotio
1456 3535 1863 3587 Romanorum
1912 3533 2128 3588 exercit

2342 3527 2496 3598 ςειρὸς
2525 3521 2872 3598 ἑνδειξάμενοι
2926 3533 3016 3580 καὶ
3084 3533 3433 3602 γενναιοτέρας
3480 3529 3670 3602 ψυχῆς
3723 3531 3917 3606 σχεδόν

552 3636 700 3676 usus
730 3623 836 3685 est,
862 3620 1034 3691 cujus
1065 3619 1260 3692 potior
1279 3635 1420 3692 pars
1463 3619 1696 3689 fugiens
1748 3628 1912 3690 terga
1953 3627 2127 3677 verte:

2342 3616 2567 3665 πίπτουσι
2590 3615 2796 3685 πάντες,
2850 3612 3285 3691 ἁπειροπλασίους
3335 3617 3514 3691 ξίφους
3556 3621 3716 3692 ἔργον
3775 3629 3917 3680 ποιή-

559 3709 853 3782 19pauci
909 3725 972 3764 se
1002 3708 1205 3765 sistere
1242 3723 1465 3780 pugnae
1495 3709 1722 3765 exitum
1765 3715 2134 3782 exspectante

2341 3721 2509 3764 ἀντες.
2566 3709 2676 3756 Τῶν
2732 3711 2856 3776 γοῦν
2912 3705 3116 3758 Ἰταλῶν
3172 3709 3221 3759 οἱ
3275 3707 3689 3781 Μουσουλμάνοι
3781 3732 3916 3784 περι-

547 3800 652 3856 Ubi
683 3799 956 3856 sultanus
1002 3813 1272 3872 pugnam
1326 3797 1724 3870 indipiscitur,
1774 3799 2122 3872 imperatore

2339 3796 2567 3864 πενόμενοι
2612 3793 2737 3867 ῥᾷον
2793 3799 2884 3847 καὶ
2934 3803 3033 3847 τῶν
3087 3794 3386 3869 Ῥωμαὺιῶν
3442 3795 3698 3870 ἐκράτουν
3763 3798 3914 3853 δυνά-

543 3889 818 3960 vestigat.
860 3889 1195 3944 Haerentem
1233 3887 1400 3944 illum
1447 3893 1626 3960 atque
1662 3888 1979 3944 attonitum
2027 3905 2118 3962 qu:

2337 3899 2459 3934 ιεων·
2511 3887 2600 3934 καὶ
2663 3885 2711 3935 οἱ
2765 3885 2856 3955 μεν
2912 3881 3287 3959 προτροπάδην
3341 3888 3573 3959 ἔφευγον,
3619 3886 3804 3960 ὀλίγοι
3860 3888 3912 3943 δε

545 3979 711 4052 piam
731 3979 1052 4034 ministrat.
1079 3977 1171 4033 Sic
1197 3977 1491 4033 celeritate
1511 3992 1634 4049 qua
1654 3979 2120 4050 poterat,fcorp01

2330 3974 2606 4044 καρτέρουν
2670 3974 2730 4023 τὸ
2787 3972 2924 4033 τέλος
2999 3981 3090 4034 τῆς
3164 3979 3349 4047 μάχης
3426 3974 3905 4052 ἆποσκομούμενοι.

541 4067 761 4124 robore
773 4066 967 4122 ﬁdens
985 4066 1044 4121 in
1059 4066 1461 4137 imperatorem
1475 4065 1718 4137 rapitur.
1738 4068 1809 4122 Se
1821 4082 2116 4135 cognoscu

2330 4065 2402 4118 Τῆς
2422 4062 2606 4131 μάχης
2652 4057 2738 4113 οὖν
2798 4060 3053 4136 έγκρατὴς
3099 4068 3362 4137 γενόμενος
3418 4065 3534 4139 (73)
3589 4068 3614 4118 6
3678 4068 3905 4122 σουλτέσ

539 4155 820 4221 invicem,
849 4160 905 4210 et
924 4155 1156 4227 primus
1181 4153 1451 4210 sultanus
1471 4153 1642 4210 clava
1662 4155 2114 4228 caputimperat<

2327 4147 2474 4208 ζήτει
2503 4152 2590 4201 τὸν
2621 4148 2867 4222 βασιλέα,
2903 4155 2994 4203 καὶ
3025 4148 3266 4206 δείκνυσί
3295 4173 3377 4216 τις
3430 4161 3611 4207 τοῦτον
3653 4156 3807 4228 αὐτῷ
3857 4158 3902 4210 ἐν

537 4235 618 4290 ris
635 4235 785 4290 ferit.
812 4235 910 4289 Ille
924 4234 1103 4306 plaga
1123 4233 1406 4304 vertigine
1425 4239 1734 4306 correptus
1761 4250 1920 4306 equo
1935 4236 2108 4308 (quip

2327 4242 2575 4309 ιμηχανίᾳ
2629 4242 2916 4310 γενόμενον,
2962 4238 3052 4303 Ὡς
3099 4239 3212 4313 εἶχε
3263 4249 3388 4314 ’γοῦν
3460 4245 3688 4315 τάχους,
3779 4252 3902 4321 πρὸς

537 4339 729 4395 equus
759 4323 936 4378 etiam
970 4322 1170 4394 plaga,
1207 4322 1401 4378 nescio
1427 4338 1506 4378 an
1531 4323 1764 4386 iterata,
1807 4325 2112 4380 exsternitt

2327 4327 2381 4376 ὸν
2426 4325 2651 4398 βασιλέα
2701 4329 2859 4402 ὁρμᾷ,
2913 4335 2975 4400 τῇ
3028 4337 3120 4382 τοῦ
3181 4335 3423 4403 σώματος
3480 4331 3639 4404 ἰσχύῖ
3697 4334 3899 4409 θαρρῶν

533 4412 796 4479 decidit;
828 4427 951 4485 quo
979 4411 1332 4469 deturbatus
1388 4417 1446 4469 et
1485 4411 1684 4469 divino
1733 4412 1957 4470 auxilio
1998 4415 2108 4471 vel:

2325 4415 2372 4467 π’
2399 4414 2560 4486 αὐτῷ.
2588 4415 2858 4488 Ἐγνωσαν
2911 4413 2999 4471 οὖν
3048 4418 3321 4496 έκάτέρους
3369 4419 3602 4495 ἑκάτεροι
3648 4423 3725 4481 ⁸⁵.
3805 4429 3900 4478 Καὶ

601 4537 648 4572 ⁴⁵
677 4537 908 4609 ἔγνωσαν
936 4567 1007 4578 -
1031 4535 1262 4610 ἑκάτεροι
1291 4551 1412 4593 om.
1443 4539 1507 4592 D.

1408 4677 1749 4747 Theodori
1799 4681 2050 4752 Dousae
2099 4695 2166 4752 et
2212 4683 2462 4754 Leonis
2511 4683 2746 4754 Allatii
2794 4695 3000 4755 notae.

583 4855 702 4926 (66)
734 4843 1048 4927 Θαρσάλέως
1075 4857 1219 4922 γοῦν.
1253 4850 1564 4927 Gregoras,
1601 4865 1664 4921 p.
1696 4852 1777 4927 i8_.
1807 4857 1945 4927 ALL.

2322 4855 2602 4927 laystrum
2624 4851 2858 4927 trajicit,
2884 4860 3008 4913 tam
3032 4855 3282 4927 longum
3299 4856 3407 4915 iter
3437 4861 3559 4915 tam
3579 4857 3757 4917 brevi
3779 4860 3897 4919 die-

584 4871 702 4926 (συ)
734 4871 1048 4926 ωαρσαιιεως
1075 4871 1219 4922 γουν.
1253 4871 1564 4919 uregoras,
1601 4871 1664 4921 p.
1696 4871 1777 4907 ιδ.
1807 4871 1945 4909 ALL.
2287 4871 2602 4926 uaystrum
2624 4871 2712 4911 ira
2741 4871 2858 4919 lclt.
2884 4871 3008 4913 tam
3032 4871 3259 4927 longua

584 4927 695 4999 (97)
725 4918 1275 5003 Iumdvé‘pou.‘an-na_
1313 4921 1636 5003 Commena,
1679 4924 2000 5003 ᾼίξχιάᾀοε
2052 4924 2160 4980 lib.
2281 4871 2763 5003 rumiutervalllo
2790 4942 3088 5003 emensus.
3123 4933 3259 5003 ALL.

509 4990 609 5074 3n}
653 4990 687 5052 τ’
750 4990 987 5068 Ποταμός
1040 4990 1099 5046 δὲ
1147 4995 1172 5074 6
1228 4990 1531 5074 Μαίανδρος
1565 4998 1697 5074 ’περὶ
1751 4999 1978 5074 Φρυγίαν
2035 5015 2084 5048 σθ

2350 4999 2815 5074 (ῖρλΔύσπισυι-ον
2868 4996 3064 5074 ἐκείνῳ.
3124 5001 3436 5072 Gregoras,
3487 5016 3552 5074 p.
3607 5001 3672 5057 18
3751 5007 3892 5062 ALL.

508 5067 759 5129 λιώτατος
821 5065 1067 5139 ποταμῶν
1145 5065 1402 5132 ἁπάντων,
1442 5065 1449 5068 ’
1495 5069 1583 5116 καὶ
1659 5065 1874 5138 καμπὰς
1922 5085 2083 5140 συνεχ

1948 5075 2164 5140 υνεχεῖς
2347 5065 2462 5138 (71)
2485 5067 2544 5143 _'O
2576 5068 2815 5124 σουλτάν.
2880 5065 3174 5143 Gregoras
3199 5065 3269 5143 ρΪ
3293 5065 3523 5129 19.Ᾰιῐῖ.

507 5143 875 5215 παρόμοιος.-
948 5210 966 5215 _
1131 5210 1158 5215 _
1560 5210 1613 5215 __
1687 5210 1696 5215 Α

2485 5140 2839 5215 ’.ξμπίπτουσι
2868 5140 3016 5215 γοτᾷνξ
3050 5140 3346 5215 Gregoras
3393 5159 3454 5215 p.
3515 5147 3599 5200 19.
3653 5145 3894 5215 Rarum

578 5207 691 5286 (ϐξ)
717 5209 812 5286 ᾟν
845 5207 904 5286 ei“;
933 5210 1088 5264 ἅπαν.
1123 5210 1433 5275 Gregoras,
1459 5221 1519 5286 p.
1553 5210 1638 5260 18.
1670 5210 1808 5286 ALL.
2075 5277 2112 5286 __
2266 5207 2647 5286 fortitudinis,
2679 5207 2885 5286 rarum
2899 5212 3139 5286 virtutis
3168 5207 3785 5286 bellicee'exemplum
3817 5219 3830 5274 ε
3858 5234 3892 5274 ο

753 5281 933 5351 Ἐγγύς
995 5301 1095 5332 που
1147 5287 1312 5358 γοῦν.
1359 5277 1647 5357 γενόμενος.
1717 5281 1988 5358 Namque
2056 5277 2148 5358 die

2316 5281 2500 5337 Jimos
2525 5277 2850 5358 aeternitate
2878 5283 3113 5354 dignos,
3167 5301 3380 5358 quamp
3412 5277 3698 5358 sibi_ipsi
3779 5305 3891 5345 sua

497 5348 678 5407 tertio
711 5348 950 5423 superat
995 5348 1212 5406 montis
1253 5348 1486 5420 Olympi
1530 5348 1858 5416 angustias,
1892 5348 2042 5421 quas
2086 5350 2148 5406 in
2260 5358 2448 5408 morte
2477 5369 2789 5425 perperere
2825 5355 2897 5409 lo
2945 5348 3058 5410 cor
3101 5348 3212 5411 ora
3277 5355 3457 5413 cedro
3510 5348 3706 5426 digna
3850 5375 3884 5416 ο

497 5423 828 5477 maximam
873 5428 1156 5479 porrectae
1198 5418 1636 5479 longitudinem
1695 5420 2027 5479 Bithvniam
2089 5427 2145 5478 et
2256 5423 2468 5479 plagas
2489 5424 2622 5479 illas
2654 5425 2834 5479 stellis
2863 5425 3010 5479 iDsis
3043 5371 3386 5479 iﬂustriores
3422 5425 3498 5479 ιῶ
3531 5437 3630 5479 τῆς
3683 5433 3884 5479 etiam»:

493 5420 828 5501 maximam
873 5428 1156 5501 porrectae
1198 5420 1636 5501 longitudinem
1681 5420 2027 5501 iiithyniam
2089 5427 2145 5478 et
2255 5420 2622 5501 plagas'illa's
2648 5425 2838 5501 stellis
2863 5425 3010 5497 ipsis
3043 5420 3386 5501 illustriores
3422 5425 3498 5501 ξῶ
3531 5420 3630 5490 τῖς
3683 5433 3890 5501 φύσεως

487 5493 813 5573 Pbrygiam
841 5490 1156 5573 utramque
1188 5491 1629 5573 disterminant,
1676 5490 1776 5546 illa
1804 5490 2006 5573 versus
2057 5509 2142 5573 se-
2251 5490 2618 5573 ξτεριε-σδτεροί
2648 5495 2660 5551 i
2690 5496 2842 5573 mori
2882 5490 3222 5573 potuerunt.
3282 5499 3440 5556 vinci
3496 5504 3603 5555 aut
3644 5490 3885 5573 pedem

483 5561 886 5639 ptentrionem
926 5561 1282 5639 declinante,
1341 5561 1454 5639 bis
1481 5577 1690 5616 versus
1737 5563 2050 5639 meridiem
2081 5569 2139 5639 et
2245 5561 2463 5639 referre
2484 5561 2608 5622 non
2637 5561 2976 5639 potuern'nt.
3013 5571 3150 5625 ALL.

482 5631 759 5694 austrum
781 5633 909 5691 sitis
937 5649 952 5701 ε
976 5648 1098 5705 quo
1119 5632 1216 5688 die
1243 5631 1563 5689 undecimo
1585 5647 1722 5689 cum
1741 5635 2128 5708 pervenisset,
2312 5637 2431 5712 (73)
2456 5631 2768 5710 Gregoras,
2798 5653 2857 5712 p.
2892 5641 2982 5696 20.
3010 5643 3146 5697 ALL.
