3988 6322
77 368 236 424 1005

1568 372 1908 428 ANNALES.

3309 378 3450 434 1006

78 493 105 542 ό
322 492 539 544 σουλτὰν
605 494 796 567 κορύνῃ
872 493 1008 544 κατὰ
1056 491 1277 564 κεφαλῆς
1330 492 1541 552 πλήττει
1589 497 1680 548 τὸν

1793 495 1994 562 fultus,
2021 501 2250 554 erectus
2272 481 2594 572 strictoque
2619 497 2819 570 gladio
2852 498 3075 555 sultani
3100 498 3240 556 inde
3266 515 3462 560 rever-

79 579 323 653 βασιλὶα,
371 587 460 634 καὶ
513 586 690 634 πίπτει
735 589 825 633 τοῦ
876 582 1036 632 ἵππου
1072 603 1084 614 ·
1130 578 1190 640 ἧν
1243 585 1344 657 γὰρ
1409 591 1469 656 τῇ
1548 583 1678 657 βολῇ

81 667 502 732 σκοτοδινιάσας.
533 667 928 742 Συνεμποδίσθη
959 673 1084 745 γὰρ,
1116 672 1185 731 ὦς
1234 692 1383 743 φασι,
1438 680 1500 745 τῇ
1547 671 1678 747 βολῇ

1791 585 2279 659 si,injurioseque
2301 587 2736 645 conclamantis
2752 609 2778 637 «
2796 587 2996 660 Capite
3013 588 3196 656 hunc,
3221 611 3242 640 ι
3264 595 3458 663 poste-

1793 674 1980 729 riores
2007 690 2201 748 equm,
2257 693 2382 749 qua
2433 676 2688 734 immani
2735 675 2831 732 ille
2880 675 3232 745 vehebatur,
3273 679 3460 750 pedes

1796 761 1988 817 caedit.
2044 763 2310 835 Indeque
2378 768 2628 837 tanqum
2678 780 2710 820 e
2771 764 2917 820 turri
2968 763 3181 835 dejecti
3237 766 3459 824 sultani

1791 857 1975 925 caput
2003 854 2271 909 humeris
2304 855 2598 914 avellitur:
2622 871 2657 912 a
2682 871 2952 928 quonam
2965 870 3107 911 vero
3118 855 3455 915 abscissum

1791 941 1884 1007 sit,
1917 957 2112 1014 neque
2139 941 2466 1015 imperator
2495 944 2624 1016 ipse
2655 959 2850 1016 neque
2873 959 2945 998 ex
2973 943 3045 998 iis
3073 943 3178 1016 qui
3203 945 3456 1004 aderant

1788 1029 2093 1102 quispiam
2121 1031 2444 1103 perspexit.
2468 1032 2782 1089 Potissima
2806 1033 3008 1105 itaque
3034 1033 3125 1089 sui
3152 1037 3317 1104 parte
3346 1034 3453 1093 de-

1787 1117 2145 1187 victus,cum
2160 1117 2311 1175 ultra
2321 1120 2601 1192 progredi
2613 1136 2751 1176 cum
2763 1119 3029 1176 millibus
3040 1120 3208 1177 haud
3223 1128 3451 1194 posset,

1788 1202 2114 1278 imperator
2141 1207 2376 1264 devicit.
2426 1207 2569 1264 Hinc
2611 1208 2890 1266 relaxatis
2931 1208 3148 1266 animis
3197 1212 3451 1270 Romani

1788 1293 2174 1366 respirarunt.
2200 1299 2487 1369 Perpetuo
2509 1313 2773 1370 namque
2794 1297 3148 1356 Musulmani
3173 1315 3313 1356 cum
3337 1303 3446 1358 Ro-

1789 1383 2009 1454 manis,
2057 1400 2375 1456 nunquam
2425 1387 2828 1443 rescindendo
2887 1387 3164 1444 amicitiae
3225 1387 3448 1447 foedere

1792 1472 1999 1528 sociati
2021 1478 2161 1529 sunt
2188 1493 2200 1542 ;
2224 1491 2346 1547 quo
2377 1491 2414 1532 a
2433 1476 2677 1532 Persicis
2708 1476 2929 1548 pugnis
2959 1476 3110 1533 liber
3128 1477 3451 1550 imperator

1793 1561 2074 1618 Italorum
2091 1562 2308 1634 praeliis
2325 1563 2586 1619 animum
2609 1564 2977 1621 advertebat.
2995 1566 3455 1639 Comprehendit

73 1659 283 1727 γνόντος
330 1654 449 1727 μήθ’
531 1654 698 1727 ἐτέρου
754 1662 856 1706 τῶν
910 1657 1288 1727 συμπαρόντων
1345 1663 1417 1726 τῷ
1473 1653 1686 1727 βασιλεῖ

1793 1654 1852 1706 et
1875 1667 2152 1708 socerum
2183 1651 2452 1708 Alexium
2483 1653 2544 1708 in
2571 1653 2718 1723 acie,
2759 1670 2943 1727 quem
2991 1654 3194 1711 debito
3224 1655 3455 1714 honore

72 1747 224 1817 παρὰ
246 1752 335 1796 τοῦ
382 1749 826 1818 κεκαρατόμηται.
865 1749 1008 1814 Νικᾷ
1061 1751 1186 1816 γοῦν
1225 1743 1449 1798 ἐντεῦθεν
1501 1745 1527 1796 ὁ
1582 1743 1682 1817 βα-

1793 1739 2074 1797 aﬂ‘ectum
2105 1741 2362 1798 Nicaeam
2390 1742 2542 1799 cond
2554 1743 3176 1818 uxit,insignibusque
3205 1745 3459 1818 impera-

76 1833 253 1894 σιλεὺς
280 1836 337 1886 τὸ
363 1833 603 1886 πλεῖστον
655 1831 997 1906 ἐξηττημένος
1031 1854 1042 1866 ι
1081 1829 1205 1886 οὐδε
1245 1835 1346 1908 ’γὰρ
1406 1830 1545 1905 εἶχεν
1598 1832 1681 1886 ἐπὶ

1794 1828 1956 1886 toriis
2019 1830 2135 1900 20
2192 1830 2517 1902 spoliatum
2569 1831 2632 1888 in
2670 1832 2990 1904 Hyacinthi
3023 1835 3458 1893 monasterium

1790 1919 2098 1990 relegavit,
2137 1919 2242 1975 ubi
2279 1924 2337 1976 et
2365 1921 2525 1977 diem
2577 1937 2755 1978 suum
2785 1921 2950 1979 obiit.
3011 1923 3240 1994 Conjux
3298 1923 3456 1981 illius

69 2018 239 2065 Τοῦτο
286 2019 398 2072 τοῖς
443 2011 719 2084 Ῥωμαίοις
765 2015 880 2083 (75)
952 2009 1232 2083 ἀναψυχῆς
1299 2010 1494 2082 ἐγένετο
1558 2014 1682 2084 πρό-

1793 2009 2186 2082 Euphrosyne
2211 2009 2273 2066 in
2311 2015 2454 2068 Arta
2486 2011 2654 2079 urbe,
2687 2011 2749 2067 in
2795 2027 2920 2085 qua
2965 2015 3022 2069 et
3068 2012 3306 2086 sepulta
3343 2017 3450 2091 est,

69 2119 236 2172 φασις
287 2121 298 2133 ·
342 2096 575 2160 σπονδὰς
628 2103 727 2174 γὰρ
797 2099 1021 2152 ἐντεῦθεν
1087 2098 1379 2174 ἀρρήκτους
1433 2102 1482 2152 οἱ
1536 2107 1687 2158 Maus

1793 2098 1914 2155 vita
1943 2097 2215 2154 excessit.

71 2189 359 2262 σουλμάνοι
387 2192 518 2262 μετὰ
540 2189 804 2261 Ῥωμαίων
827 2187 1100 2247 ἐποίησαν.
1125 2188 1382 2242 Ἐντεῦθεν
1402 2197 1493 2250 τῆς
1515 2187 1680 2241 ἐκεῖσε
1699 2189 1883 2261 μάχης
1905 2186 2194 2261 ἐκεχειρίαν
2216 2189 2371 2259 ἔσχεν
2394 2189 2420 2240 ό
2449 2187 2724 2261 βασιλεὺς,
2748 2195 2859 2250 τοῖς
2887 2184 2937 2241 δ’
2963 2188 3168 2243 Ἰταλῶν
3197 2189 3444 2265 πολέμοις

68 2277 744 2354 ἐσχόλαζεν.Προσελάϐετο
767 2275 826 2331 δὲ
841 2280 956 2350 (76)
968 2282 1057 2330 καὶ
1073 2281 1158 2330 τὸν
1176 2279 1414 2351 πενθερὸν
1428 2278 1584 2330 αὐτοῦ
1597 2281 1684 2331 τὸν
1698 2275 1923 2350 βασιλέα
1939 2275 2160 2339 Ἀλέξων
2177 2275 2227 2328 ἐν
2244 2285 2305 2336 τῆ
2331 2279 2484 2350 μάχῃ
2509 2279 2667 2352 εὑρὼν
2687 2281 2856 2331 καὶτὰ
2872 2278 3047 2332 εἰκότα
3057 2281 3180 2352 τιμή
3192 2300 3306 2348 σας,
3317 2279 3453 2341 ἀπή-

66 2372 204 2440 γαγέ
222 2387 276 2421 τε
295 2368 366 2430 εἰς
390 2373 636 2439 Νίκαιαν,
661 2373 750 2420 καί
766 2376 865 2419 τῶν
885 2365 1174 2440 βασιλικῶν
1191 2371 1521 2441 παρασήμων
1544 2364 1775 2429 ὶκδύσας
1796 2365 1844 2418 ἐν
1866 2374 1926 2438 τῇ
1948 2373 2038 2418 τοῦ
2059 2364 2330 2418 Ὑακίνθου
2352 2374 2480 2439 μονῇ
2507 2363 2708 2439 διάγειν
2728 2365 3008 2436 ἐκέλευσεν,
3033 2370 3155 2422 ἔνθα
3175 2374 3264 2422 καὶ
3295 2371 3383 2429 θνή
3395 2388 3453 2422 σ-

67 2477 150 2509 κει
180 2479 194 2490 ·
228 2459 258 2515 ἡ
290 2460 391 2531 γὰρ
426 2458 655 2529 σύζυγος
683 2457 843 2509 αὐτοῦ
872 2457 1176 2530 Εὐφροσύνη
1209 2457 1320 2528 (77)
1342 2455 1390 2508 ἐν
1419 2465 1481 2529 τῇ
1515 2464 1612 2519 τῆς
1640 2455 1840 2529 "April;
1878 2453 2176 2512 ἐτελεύτησε
2203 2460 2379 2530 χώρᾳ,
2411 2457 2533 2508 ἔνθα
2572 2461 2661 2509 καὶ
2686 2457 2712 2509 ὁ
2737 2460 2909 2532 νεκρὸς
2958 2458 3121 2520 αὐτῆς
3169 2461 3444 2517 κατετέθη.

144 2545 232 2602 ια’.
293 2550 612 2620 Περιεγένετο
644 2543 702 2598 δὲ
731 2551 820 2598 καὶ
878 2547 904 2597 ὁ
956 2543 1209 2618 βασιλεὺς
1266 2543 1542 2619 Θεόδωρος
1597 2550 1689 2597 καὶ

1871 2545 1926 2599 lt
1968 2543 2308 2614 Proﬂigavit
2346 2543 2630 2617 deinceps
2673 2545 3000 2618 imperator
3023 2546 3368 2604 Theodorus
3397 2551 3456 2605 et

66 2643 165 2687 τοῦ
206 2643 300 2696 τῆς
357 2635 714 2708 Παφλαγονίας
780 2637 894 2706 (78)
949 2642 1262 2709 κρατοῦντος
1315 2632 1498 2702 Δανῖδ,
1599 2640 1688 2688 καὶ

71 2723 374 2797 Ηράκλειαν
455 2729 822 2798 παρεστήσατο
894 2729 984 2776 καὶ
1063 2722 1360 2798 ’Ἄμαστριν
1440 2728 1531 2776 καὶ
1591 2728 1685 2782 τήν

78 761 225 811 καὶὸ
257 763 426 825 ἰππος,
480 760 573 812 οὐκ
617 756 720 812 οἶδ’
773 759 817 811 εἰ
850 764 941 812 καὶ
998 762 1183 811 τούτου
1238 757 1483 836 δευτέραν
1541 765 1683 837 παρὰ

77 856 176 900 τοῦ
225 849 438 902 σουλτὰν
494 848 732 910 λαϐόντος
776 848 1003 920 πληγήν.
1037 847 1174 911 Ἐξω
1229 846 1280 901 δ’
1337 847 1424 902 οὖν
1477 859 1568 903 τοῦ
1601 855 1682 904 ἰπ-

76 939 241 989 πουό
280 937 527 1011 βασιλεὺς
562 944 831 1010 γενόμενος
879 943 969 990 καὶ
1009 939 1114 990 οἷον
1151 938 1374 1012 ῥωσθεὶς
1413 943 1512 992 ὑπὸ
1555 943 1682 994 θειοο

74 1031 232 1100 τέρας
260 1023 544 1100 δυναμεως,
573 1026 655 1080 ἐπὶ
684 1023 854 1089 πόδας
888 1028 1098 1088 σταθεὶς
1148 1031 1242 1085 τὴν
1270 1029 1476 1087 σπάθην
1512 1029 1682 1098 ἐξάγει

71 1124 172 1201 τοῦ
226 1116 450 1183 κουλεοῡ,
478 1123 568 1170 καὶ
624 1124 716 1169 τοῦ
759 1116 978 1170 σουλτὰν
1023 1113 1222 1170 ἐνθένδε
1253 1123 1563 1191 πραφέντος
1593 1123 1690 1172 καὶ

73 1205 395 1280 ὑϐριστικῶς
433 1206 742 1269 ἐπειποντος,
785 1229 813 1256 (ι
855 1205 1052 1261 Λάϐετε
1103 1211 1325 1271 τουτονὶ,
1387 1231 1415 1257 ››
1465 1209 1681 1267 πλήττει

72 1302 199 1358 τοὺς
225 1297 492 1360 ὀπισθίους
536 1294 702 1358 πόδας
740 1306 835 1360 τῆς
884 1304 976 1350 τοῦ
1010 1297 1229 1351 σουλτὰν
1262 1299 1422 1350 ἵππου
1453 1299 1479 1351 ὀ
1521 1297 1677 1371 βασι-

71 1389 194 1450 λεύς
231 1407 242 1419 ·
295 1387 495 1448 θηλείας
542 1383 601 1439 δέ
656 1385 911 1459 ἐπωχεῖτο
942 1391 1032 1439 καὶ
1078 1387 1478 1461 ὑπερμεγέθους.
1510 1387 1597 1450 Ὠς
1628 1387 1682 1441 ἔκ

73 1479 281 1549 πύργου
320 1484 440 1548 ⁹γοῦν
473 1478 498 1528 ὁ
532 1476 752 1528 σουλτὰν
798 1475 1198 1544 καταϐάλλεται,
1254 1481 1344 1528 καί
1387 1479 1436 1529 οἱ
1490 1477 1682 1549 αἰφνή-

79 1563 177 1618 δον
218 1564 328 1637 (74)
383 1567 412 1623 ἡ
466 1565 655 1637 κεφαλή
713 1563 1068 1638 ἀπονέμνεται,
1118 1570 1250 1636 μήτε
1293 1572 1382 1618 τοῦ
1425 1564 1684 1638 βασιλέως

531 1654 698 1729 ἐτέρου
754 1662 856 1706 τῶν
910 1657 1288 1728 συμπαρόντων
1345 1663 1417 1726 τῷ
1473 1653 1686 1728 βασιλεῖ

71 1926 142 1974 τὰ
226 1926 406 1996 πρόσω
500 1929 694 1997 χωρεῖν
777 1925 910 1995 μετὰ
989 1927 1208 1995 μετρίων
1287 1920 1678 1994 ἐλλελειμμένος.

1799 2633 2085 2690 Davidem
2111 2631 2898 2705 Paphlagoniaedominum,
2933 2639 2990 2691 et
3013 2635 3075 2692 in
3100 2639 3456 2708 potestatem

1796 2721 2013 2792 redigit
2059 2720 2422 2789 Heracleam,
2483 2723 2826 2791 Amastrim,
2860 2727 2995 2782 loca
3022 2724 3084 2780 in
3147 2725 3230 2781 eis
3275 2730 3457 2798 atque

66 2821 252 2866 πᾶσαν
302 2813 453 2889 πέριξ
480 2820 665 2887 χώραν
693 2817 784 2865 καὶ
839 2814 906 2865 τὰ
955 2811 1224 2884 πολίχνια.
1277 2813 1436 2864 Πάλιν
1481 2809 1540 2865 δὲ
1596 2832 1687 2885 μοι

1795 2810 2088 2884 oppidula
2109 2811 2334 2866 omnia.
2350 2813 2609 2867 Rursum
2632 2828 2842 2869 cursus
2866 2814 3154 2870 orationis
3176 2814 3238 2870 id
3258 2818 3461 2887 postu-

63 2907 134 2956 τὰ
163 2912 265 2965 τῆς
295 2905 529 2976 ἱστορίας
575 2901 822 2975 βούλεται
852 2904 916 2954 τὰ
976 2900 1025 2954 ἐν
1076 2909 1136 2973 τῇ
1178 2901 1374 2974 ἑσπέρᾳ
1421 2900 1687 2974 ξυμϐάντα

1793 2899 1876 2957 lat
1909 2903 1974 2956 ut
2011 2916 2148 2972 quae
2202 2903 2372 2972 gesta
2422 2904 2562 2956 sunt
2616 2900 2675 2956 in
2706 2901 3013 2958 occidente
3043 2918 3319 2960 enarrem
3346 2920 3359 2958 :
3391 2907 3457 2961 ut

65 2969 512 3067 συγγράψασθαι.
575 2969 657 3064 (Ρ.
725 2995 807 3059 10]
854 2989 964 3044 Ἰνα
995 2986 1054 3042 δέ
1079 2969 1169 3064 μοι
1215 2992 1244 3049 ή
1305 2969 1516 3064 ίστορία
1577 2997 1688 3053 τοίς

1794 3005 1932 3045 vero
1952 2969 2507 3045 his—toriawomnibus
2527 2990 2845 3063 perspicua
2865 2991 2960 3062 sit,
2983 3007 3182 3064 pauca
3205 2992 3454 3065 quidem

59 3089 236 3135 πᾶσιν
291 3085 578 3153 εὔγνωστος
636 3083 734 3151 εἴη,
791 3076 908 3132 δέον
966 3079 1097 3152 ὀλίγ’
1157 3081 1293 3132 ἄττα
1341 3078 1681 3155 προεξειπεῐν,

135 3178 247 3225 Τοῦ
318 3168 579 3244 βασιλέως
645 3169 913 3224 Ἰσαακίου
963 3177 1060 3231 τῆς
1131 3173 1520 3222 Κωνσταντίνου
1570 3167 1685 3241 (79)

1795 3077 2176 3152 praedicenda
2198 3081 2356 3134 sunt.

1866 3169 2014 3224 Cum
2064 3166 2388 3239 imperator
2433 3166 2695 3224 Isaacius
2766 3183 2896 3227 rem
2960 3172 3191 3243 regeret
3261 3169 3454 3245 Cpoli-

965 3284 1310 3353 Theodori
1361 3285 1610 3352 Dousze
1658 3293 1724 3352 et
1773 3282 2020 3352 Leonis
2070 3281 2301 3351 Allatii
2349 3292 2554 3351 notae.

141 3430 262 3503 (74)
293 3435 394 3511 Καί
440 3426 807 3511 οξ-αἰφνηδόν.
859 3431 1150 3511 Gregoras
1202 3432 1425 3511 tamen,
1482 3443 1555 3511 ρ..
1589 3429 1680 3498 21,

58 3498 158 3584 ait
183 3498 368 3584 caput
390 3498 614 3584 sultani
662 3505 1012 3584 amputasse
1037 3499 1441 3584 :l‘heodoru‘m.
1485 3498 1681 3584 idque

55 3577 246 3631 hasta
259 3570 327 3628 in
353 3574 541 3629 altum
562 3570 784 3628 elatum
807 3571 1082 3628 barbaris
1107 3570 1462 3626 exercitibus
1483 3570 1682 3626 osten-

57 3646 266 3702 disse.
305 3649 440 3700 ALL.

139 3715 263 3789 (75)
330 3722 493 3768 Τοῦτο
563 3723 673 3777 τοῖς
741 3713 1032 3787 Ῥωμαίοις.

57 3792 213 3844 ALL.

163 3861 258 3928 '76)
294 3855 646 3931 Προσελάϐετο
682 3853 763 3910 δε.
793 3859 1107 3931 Gregoras,
1139 3870 1199 3931 p_.
1240 3858 1330 3910 2i.
1365 3858 1498 3931 ALp.

163 3924 258 3999 77)
307 3924 631 4002 Εὖφροσυνη.
668 3931 826 4002 _Erat
878 3927 1029 4002 virili
1084 3924 1288 4002 animo
1338 3926 1568 3993 mulier,
1602 3924 1681 4002 ab

52 3995 203 4074 ipsa
235 3995 450 4074 natura
469 3999 1022 4074 dicendisuavitate
1045 3998 1578 4074 etleporerrnata,
1601 3995 1680 4051 ad

53 4067 391 4146 praesentia
409 4072 631 4146 optime
649 4069 1128 4146 administranda
1147 4067 1299 4146 e’tead
1321 4067 1518 4146 futura
1548 4083 1678 4146 pro-

51 4139 332 4198 videntia
351 4139 756 4204 solertissima,
777 4140 906 4194 aliis
936 4141 1114 4195 rebus
1142 4139 1438 4194 teterrima
1460 4139 1636 4209 pestis
1663 4155 1676 4192 :

53 4221 286 4288 praeter
316 4215 475 4288 enim
532 4211 890 4288 exquisitum
931 4216 1206 4265 ornatum
1249 4209 1549 4288 et_luxum
1593 4225 1678 4263 re-

53 4281 258 4354 gium,
283 4292 339 4339 et
356 4285 412 4339 in
436 4281 724 4338 mutando
743 4288 980 4354 recepto
1001 4287 1156 4354 statu
1174 4291 1229 4335 et
1253 4281 1430 4354 rebus
1455 4296 1678 4354 novan-

1113 3716 1424 3785 Gregoras,
1475 3729 1536 3786 p.
1589 3717 1677 3768 21.

1791 3426 1975 3552 A(78)
2031 3432 2134 3480 Τοῦ
2195 3434 2286 3487 τῆς
2359 3425 2741 3500 Παφλαγονίας.
2805 3427 2948 3484 Vide
3021 3443 3208 3502 supra
3277 3445 3330 3487 c.
3383 3434 3440 3486 7.

1839 3514 1921 3552 LL.

1839 3514 1921 3553 LL.

1861 3570 1970 3641 (79)
2074 3569 2361 3642 Ἰσαιιιικίου⁸
2447 3577 2540 3622 τοῦ
2646 3574 3056 3642 Κωνσταντίνου.
3138 3571 3264 3642 Hic,
3340 3572 3442 3629 de-

1788 3639 1995 3696 functa
2026 3656 2235 3712 uxore,
2272 3639 2420 3696 Belua
2460 3640 2732 3710 Ungariaa
2769 3642 2926 3712 regis
2953 3641 3140 3698 ﬁliam
3170 3639 3442 3700 nondum

1789 3727 1981 3796 annos
2005 3710 2214 3767 decem
2247 3716 2453 3796 natam
2478 3727 2586 3783 per
2637 3710 2867 3793 legatos
2910 3713 3122 3796 ambit.
3155 3716 3444 3796 sumptus

1785 3783 2154 3854 nuptiarum,
2189 3797 2263 3854 ne
2298 3782 2429 3854 ﬁsci
2466 3782 2727 3854 pecunia
2779 3783 2853 3854 in,
2888 3783 3066 3840 simili
3104 3782 3444 3841 celebritate

1788 3853 2176 3926 minueretur,
2211 3853 2290 3926 ab
2320 3853 2580 3926 urbibus
2605 3859 2660 3909 et
2688 3853 3025 3926 provinciis
3062 3854 3289 3926 affatim
3318 3856 3441 3911 exi-

1790 3923 1912 3993 git:
1953 3924 2056 3979 sed
2103 3923 2392 3979 Anc'nialo
2433 3923 2722 3995 ﬁnitimas
2766 3924 3093 3995 praesertim
3149 3924 3354 3981 afﬂixit
3386 3931 3444 3981 et

1791 3995 1977 4068 Haemi
2024 3995 2244 4068 montis
2289 3994 2558 4068 accolas,
2584 3993 2657 4068 _0i
2717 3993 2893 4047 Μυσοὶ
2948 4000 3208 4068 πρότερον
3245 3997 3445 4068 ὠνομά-

1791 4066 1960 4134 ζοντο,
1987 4068 2097 4116 νυνὶ
2143 4061 2201 4117 δὲ
2252 4065 2450 4136 Βλάχοι
2494 4064 2886 4132 κικλήσκονται,
2917 4061 2999 4122 ait
3027 4061 3438 4124 Ch'oniata.'Hi

1789 4137 1953 4209 prius
1974 4135 2483 4209 etiamuRomanis
2523 4135 2759 4203 infensi,
2809 4153 2915 4209 per
2961 4153 3209 4192 causam
3241 4137 3440 4194 abacti

1789 4205 2021 4279 pecoris
2049 4205 2268 4279 etalias
2290 4207 2630 4279 vexationes
2659 4205 2857 4279 aperte
2882 4206 3186 4266 deﬁciunt.
3219 4215 3440 4264 Aucto-

1788 4278 1881 4334 res
1921 4278 2268 4332 defectionis
2301 4278 2461 4332 fuere
2495 4278 2784 4333 Petrus’et
2820 4279 3042 4333 Alanus
3090 4279 3322 4336 fratres.
3360 4284 3438 4336 Ne

51 4350 178 4422 dis,
200 4357 426 4428 quibus
451 4350 1090 4428 maritumesupe'rabat,
1112 4351 1676 4428 ingenioimpudici-
1717 4371 1759 4423 υ
1792 4352 2160 4428 tamen~sine
2208 4365 2390 4428 causa
2438 4365 2529 4402 res
2581 4366 2770 4428 novas
2825 4350 3046 4428 moliri
3075 4351 3437 4418 viderentur,

51 4429 158 4484 tiae
187 4422 415 4499 probro
448 4431 628 4499 atque
655 4422 1200 4499 infamiamaritum
1218 4422 1674 4499 dehonestabat.

50 4494 206 4555 Haec
236 4499 439 4569 itaque
465 4494 679 4569 limites
711 4495 1042 4550 transiliens
1074 4499 1131 4569 et
1160 4494 1676 4569 superiorum_Au-

48 4563 388 4641 gustarufn
410 4568 682 4641 instituta
703 4572 1093 4641 contemnens
1115 4563 1433 4641 imperium
1450 4564 1506 4618 in
1524 4563 1676 4641 dues

46 4635 668 4721 principatusdivisit
700 4653 930 4709 :neque
968 4636 1128 4692 enim
1152 4637 1475 4762 imperator
1497 4635 1675 4715 quid:

46 4711 207 4762 mnd
259 4716 388 4762 erat
424 4710 658 4762 libitum
690 4707 1039 4762 mandabat.
1083 4707 1186 4762 sed
1218 4723 1232 4761 ι
1263 4707 1316 4762 la
1336 4711 1515 4762 etiam
1550 4721 1675 4762 Dari

44 4707 207 4785 Quid
259 4707 388 4785 erat
423 4710 658 4785 libitum
690 4707 1039 4778 mandabat,
1083 4707 1186 4785 sed
1218 4707 1316 4785 illa
1336 4707 1515 4785 etiam
1550 4707 1677 4772 pari

44 4776 419 4840 auctoritate
431 4797 569 4852 quae
582 4779 713 4852 visa
729 4785 896 4852 erant
908 4776 1253 4852 peragebat,
1268 4778 1390 4833 imo
1399 4776 1676 4852 aliquan-

44 4800 87 4840 a
98 4797 419 4838 uctoruate
479 4797 569 4836 uae
583 4797 713 4835 Visa
729 4797 896 4835 erant
908 4797 1253 4852 peragebat,
1268 4797 1390 4833 imo
1404 4797 1675 4848 auquan-

43 4855 138 4928 do
171 4869 290 4928 pro
320 4797 699 4928 suaiibidine
736 4849 892 4928 illius
925 4849 1122 4928 jussis.
1158 4847 1579 4928 intercedebat.
1614 4851 1675 4902 ln

41 4918 473 4993 legationibus
500 4920 812 4994 audiendis
833 4918 954 4977 duo
978 4920 1239 4994 pretiosa
1260 4919 1408 4994 sol_ia
1428 4918 1677 4994 conjun-

43 4989 389 5069 gebantur,
417 4999 478 5069 et
496 4993 597 5048 illa
619 4993 833 5069 marito
856 4989 996 5069 cum
1020 5005 1250 5069 magno
1265 4989 1585 5069 splendore
1607 5005 1675 5069 ac

42 5063 222 5141 pileo
246 5063 505 5136 gemmis
522 5069 578 5119 et
591 5063 923 5141 perspicuis
947 5063 1285 5141 margaritis
1305 5064 1517 5141 ornato
1535 5063 1677 5115 assi-

43 5131 277 5212 Elebat,
303 5131 620 5212 ettorques
645 5131 1106 5212 pretiosissimos
1133 5131 1392 5212 decolle
1425 5146 1675 5212 suspen-

41 5201 271 5286 debat.
288 5214 329 5286 ᾼ
341 5201 630 5286 liquando
644 5201 1041 5286 etiaminaliis
1054 5201 1390 5286 palatiissej
1401 5201 1679 5286 un‘ct‘i‘per

42 5283 225 5336 vices
243 5271 942 5346 adorabantur,subditis
956 5275 1034 5330 ab
1051 5271 1407 5347 imperatore
1419 5271 1497 5347 ad
1515 5271 1677 5347 illam

42 5349 446 5407 salutandam
462 5343 912 5404 transeuntibus
926 5343 1188 5415 etgenua
1212 5344 1564 5400 submissius
1579 5343 1680 5398 ile-

41 5429 191 5478 cten
203 5418 674 5477 tibus.Nonnulli
691 5419 870 5474 etiam
904 5417 1282 5490 imperatoris
1314 5415 1678 5490 consangui-

41 5493 178 5561 nei,
200 5491 313 5564 qui
335 5506 608 5564 summos
624 5486 1007 5564 magistratus
1020 5488 1324 5557 gerebant,
1351 5486 1677 5564 imperatri-

41 5566 142 5620 cis
163 5557 532 5630 splendidas
555 5565 612 5616 et
636 5557 787 5616 altas
808 5560 1043 5616 lecticas
1069 5565 1357 5630 tanquam
1379 5557 1681 5630 mancipia

42 5628 378 5690 subibant.
413 5635 493 5688 Ex
516 5632 804 5688 Choniata
830 5632 893 5687 in
916 5631 1118 5688 Alexio
1150 5628 1474 5687 Comneno.
1507 5628 1610 5684 lib.
1638 5644 1676 5682 ι.

44 5713 198 5766 ALL.

1789 4421 1952 4494 apud
1980 4423 2310 4494 Cupressos
2359 4420 2778 4494 imperatorem
2829 4421 3072 4486 adeunt,
3105 4428 3439 4494 rogantque

1788 4490 2218 4566 utlegionibus
2249 4490 2532 4566 Romanis
2582 4496 3021 4566 aversarentur,
3057 4499 3117 4566 et
3141 4490 3439 4566 praedium

1787 4561 1985 4633 exigtii
2014 4562 2237 4617 reditus
2276 4561 2335 4617 in
2368 4565 2571 4618 Haemo
2594 4568 2795 4618 monte
2831 4563 2951 4635 sibi
2985 4561 3436 4635 assignaretur.

1789 4637 1866 4689 Re
1895 4649 2018 4690 non
2061 4636 2398 4706 impetrata,
2427 4639 2492 4689 ut
2519 4634 2864 4706 contempti,
2895 4633 3288 4692 defectionem
3329 4635 3442 4691 do-

1788 4721 1956 4777 mum
1969 4704 2188 4777 reversi
2203 4706 2588 4777 minantur,et
2610 4704 2990 4777 potissimum
3010 4709 3242 4763 Asanus
3257 4707 3441 4762 homo

1786 4775 2094 4848 audacior,
2121 4775 2226 4848 qui
2254 4791 2324 4832 eo
2375 4776 2519 4848 ipso
2556 4775 2822 4848 tempore
2854 4775 2965 4848 iob,
3000 4777 3440 4848 impudentiam

1783 4846 2030 4903 Joannis
2063 4845 2557 4919 sebastocratoris
2585 4845 2758 4919 jussu
2777 4846 3044 4919 colaphis
3065 4845 3434 4919 impingitur.

1787 4916 2170 4975 Contumeliis
2199 4918 2379 4974 etiam
2401 4916 2608 4974 irritati
2636 4916 3034 4974 homines—isti
3075 4916 3284 4974 nefarii
3305 4931 3438 4986 gra-

1784 4988 2099 5044 vissimum
2175 4988 2235 5044 in
2295 4991 2595 5045 Romanos
2667 4987 3009 5045 incendium
3055 4990 3434 5044 suscitarunt.

1788 5058 2167 5132 Bulgari_rei
2209 5058 2557 5132 difﬁcultate
2611 5059 2902 5132 perterriti
2958 5058 3159 5132 ab__eo
3215 5062 3437 5114 conatu

1787 5128 2209 5202 abhorrebant.
2245 5131 2389 5202 Hinc
2430 5128 2657 5202 fratres,
2682 5134 2746 5186 ut
2791 5128 3185 5202 popularibus
3207 5133 3436 5185 metum

1787 5201 2134 5274 adimerent,
2187 5201 2300 5257 sub
2342 5201 2950 5274 ADemetrii'martyris
2997 5201 3243 5256 nomine
3279 5205 3438 5274 ptem.

1787 5271 1952 5344 plum
1986 5271 2304 5342 aediﬁcant,
2337 5272 2399 5327 in
2442 5287 2564 5344 quo
2591 5271 3162 5344 multos'coegerunt
3189 5271 3293 5344 qui
3320 5271 3438 5344 dae:

1787 5342 2098 5416 moniacos
2145 5343 2433 5416 exquisite
2463 5342 3015 5416 'exprimerent,_ct
3060 5342 3259 5399 furore
3323 5342 3441 5400 acti

1789 5413 2283 5486 proloquerentur
2321 5413 2654 5469 libertatem
2705 5413 2973 5482 Bulgaris
3012 5417 3197 5486 Deum
3227 5431 3440 5471 conce-

1788 5484 1948 5556 dere,
1978 5484 2188 5541 Christi
2219 5489 2543 5556 martyrem
2578 5486 2940 5540 Demetrium
2965 5484 3238 5555 neglecta
3266 5486 3443 5543 Thes-

1791 5555 2056 5630 salonica
2082 5560 2140 5611 et
2190 5555 3087 5630 Romanorum_consuetudine
3148 5557 3226 5630 ad
3277 5558 3444 5630 ipsos

1789 5627 2154 5700 pervenisse,
2181 5627 2526 5698 adjuturum
2558 5625 2636 5700 ad
2658 5643 2832 5698 opus.
2861 5629 3010 5684 Tum
3040 5644 3110 5684 ac
3158 5628 3206 5684 si
3229 5625 3444 5700 majori

1792 5698 2000 5772 spiritu
2055 5698 2403 5755 inﬂarentur
2469 5699 3052 5773 exagitarenturque,
3111 5698 3444 5772 majoribus
