3988 6322
533 377 667 432 1007

1809 368 2093 424 GEORGII
2121 366 2585 425 ACROPOLITzE

3782 379 3924 433 1003

522 505 746 560 tanam,
773 512 961 554 uxore
988 496 1324 560 demortua,
1346 507 1535 564 quam
1557 507 1739 565 supra
1759 492 2041 548 diximus.
2069 493 2179 547 Un-
2211 492 2257 546 A

2299 495 2673 568 κατάρχοντος,
2706 501 2793 549 καὶ
2833 506 2930 560 τῆς
2966 509 3199 573 γαμετῆς
3249 504 3512 564 θανούσης
3550 502 3750 569 αὐτοῦ,
3800 502 3922 571 ἐγά-

528 605 740 661 garam
776 589 1150 657 Ungarorum
1172 583 1458 656 principis
1484 581 1669 638 ﬁliam
1710 597 1962 638 uxorem
1991 581 2179 637 duxit.

527 680 674 734 Cum
709 676 1030 747 appararet
1057 670 1300 743 nuptias
1329 685 1556 742 easque
1590 670 1808 740 regias,
1850 669 2184 740 magniﬁcis

525 781 766 840 quoque
799 761 1142 834 sumptibus
1167 761 1452 818 decorare
1473 760 1754 818 decrevit.
1787 760 1931 816 Hinc
1966 775 2038 815 ex
2055 759 2185 815 uni-

524 870 699 912 versa
718 857 1127 910 Romanorum
1157 850 1379 907 ditione
1409 850 1692 924 pecudes,
1723 865 1859 906 sues
1887 865 1958 906 ac
1997 850 2184 905 boves

529 943 1074 1015 congregabantur.
1108 940 1224 998 Sed
1252 956 1392 996 cum
1419 941 1641 996 harum
1682 955 1885 996 rerum
1911 937 2188 1010 Bulgaria

531 1034 805 1092 omnium
835 1031 1206 1089 feracissima
1246 1029 1342 1098 sit,
1388 1029 1651 1102 plurima
1703 1043 1947 1102 quoque
1990 1028 2068 1084 ab
2116 1042 2190 1084 ea

533 1123 1031 1197 deposcebantur.
1066 1119 1303 1190 Bulgari
1350 1123 1408 1176 et
1445 1124 1622 1176 antea
1668 1119 1914 1192 quidem
1960 1112 2189 1177 inimici

532 1213 840 1283 Romanis,
871 1211 1106 1282 illisque
1135 1209 1463 1266 multorum
1518 1208 1835 1276 bellorum,
1886 1210 2189 1282 captivita-

532 1307 682 1369 tum,
715 1301 1084 1358 excidiorum
1113 1299 1355 1356 urbium
1386 1303 1443 1355 et
1467 1298 1724 1355 aliorum
1772 1304 2192 1357 sexcentorum

532 1391 994 1449 infortuniorum
1021 1406 1125 1462 per
1145 1405 1338 1446 annos
1369 1388 1573 1461 plures
1597 1405 1800 1458 causa,
1833 1389 2078 1445 tandem
2115 1389 2193 1446 ab

530 1482 892 1556 imperatore
907 1480 1141 1550 Basilio,
1161 1496 1343 1552 quem
1357 1495 1479 1535 non
1499 1478 1680 1534 aliam
1695 1478 1773 1535 ob
1793 1495 2041 1536 causam
2063 1479 2194 1534 Bul-

531 1576 917 1644 garoctonum
953 1571 1168 1625 dictum
1190 1569 1345 1625 fama
1373 1571 1548 1641 atque
1572 1569 1680 1639 21
1711 1569 2012 1625 auditione
2035 1584 2198 1626 acce-

527 1662 752 1735 pimus,
784 1658 1063 1715 debellati
1089 1659 1168 1714 ad
1192 1657 1572 1730 imperatoris
1604 1675 1798 1730 usque
1817 1659 2020 1715 lsaacii
2041 1663 2196 1715 tem-

528 1765 680 1822 pora
703 1748 989 1805 Romanis
1020 1747 1240 1804 tributa
1268 1746 1635 1821 pendebant.
1668 1750 1814 1804 Tum
1842 1747 1921 1804 ob
1952 1763 2023 1805 ea
2057 1764 2193 1821 quae

2289 601 2409 654 γετο
2463 585 2530 646 εὶς
2606 595 2832 657 γυναῖκα
2885 594 2977 648 τὴν
3024 590 3082 649 ἣν
3128 598 3476 666 προειρήκειν,
3530 591 3586 655 ἐξ
3640 593 3924 663 Οὐγγρίας

2291 673 2620 746 ὡρμημένην,
2679 678 2938 754 θυγατέρα
2992 676 3152 733 οὖσαν
3202 689 3293 734 τοῦ
3342 690 3442 733 τῶν
3503 684 3777 755 Οὔγγρων
3827 682 3922 752 εἰρ-

2291 781 2500 833 χοντος.
2526 762 2664 818 Ἐπεὶ
2709 762 2768 818 δὲ
2825 768 2994 840 ἑμελλε
3032 773 3118 822 τὸν
3165 775 3331 843 γάμον
3387 779 3554 823 ποιεῖν
3603 775 3707 822 καὶ
3749 771 3919 840 ὑπῆρ-

2292 869 2392 922 χον
2423 853 2574 916 οὗτος
2633 853 2933 927 βασιλικὸς,
2981 857 3228 931 ἀξιόλογα
3267 855 3375 912 ἔδει
3423 862 3672 931 γενέσθαι
3736 862 3919 911 τούτου

2292 943 2360 992 τὰ
2416 941 2745 1016 ἀναλώματα.
2811 945 3070 1001 Ἐντεῦθεν
3125 947 3179 1012 ἐξ
3230 949 3442 1012 ἁπάσης
3500 957 3596 1010 τῆς
3635 948 3917 1020 Ῥωμαίων

2295 1027 2559 1105 ἐπαρχίας
2587 1033 2825 1107 πρόϐατά
2849 1056 2902 1088 τε
2930 1042 3020 1089 καὶ
3049 1044 3232 1112 χοῖροι
3279 1043 3368 1091 καὶ
3416 1037 3532 1111 βόες
3596 1043 3918 1109 συνήγοντοο

2293 1125 2434 1174 Ἐπεὶ
2465 1118 2525 1174 δὲ
2548 1122 2705 1176 πλείω
2752 1133 2850 1177 τῶν
2896 1125 3058 1178 ἄλλων
3092 1129 3123 1185 ἠ
3160 1127 3463 1201 Βουλγάρων
3510 1131 3692 1203 τρέφει
3729 1135 3920 1195 ταῦτα,

2297 1217 2386 1264 καὶ
2433 1212 2590 1266 πλείω
2635 1217 2780 1289 παρὰ
2837 1219 3032 1279 ταύτης
3083 1215 3395 1291 ἀπητούντο.
3444 1222 3513 1270 Τό
3573 1213 3635 1270 δὲ
3681 1217 3919 1288 Βουλτὶ-

2298 1320 2401 1376 ρων
2447 1302 2600 1374 φῦλον
2648 1303 2762 1375 (80)
2816 1303 3102 1358 ἔκσπονδον
3156 1310 3244 1380 μεν
3293 1310 3360 1359 τὰ
3395 1315 3582 1380 πρῶτα
3632 1305 3921 1378 Ῥωμαίοις

2301 1389 2474 1443 τελοῦν
2521 1397 2611 1444 καὶ
2681 1393 2909 1466 πολέμων
2970 1395 3166 1448 πολλῶν
3211 1396 3452 1470 πρόξενον
3521 1399 3755 1468 γεγονὸς
3834 1396 3925 1446 t3-

2302 1488 2413 1544 τοίς
2460 1478 2908 1557 ἀνδραποδισμῶν
2964 1505 3018 1537 τε
3075 1490 3165 1538 καὶ
3217 1486 3453 1538 ἁλώσεων
3529 1486 3649 1554 (81)
3725 1485 3923 1536 πόλεων

2302 1575 2392 1623 καὶ
2417 1576 2614 1645 μυρίων
2655 1572 2817 1625 ἄλλων
2855 1571 3056 1644 δεινῶν,
3085 1579 3173 1627 καὶ
3228 1583 3394 1628 ταῦτα
3437 1577 3486 1628 ἓν
3540 1574 3764 1634 πολλοῖς
3816 1581 3924 1634 τοῖς

2303 1662 2483 1727 ἔτεσιν,
2543 1661 2747 1715 ὕστατα
2815 1666 2960 1739 παρὰ
2998 1672 3088 1716 τοῦ
3142 1662 3400 1738 βασιλέως
3457 1663 3746 1717 Buculeion
3808 1664 3921 1734 (32}

2303 1757 2599 1824 χειροῦται,
2659 1751 2712 1803 ὃν
2763 1748 2856 1804 διὰ
2935 1760 3101 1805 ταῦτα
3166 1753 3612 1828 Βουλγαροκτόνον
3676 1752 3713 1810 ἡ
3774 1756 3922 1823 οὐμι-

531 1839 1005 1896 memoravimus
1030 1836 1417 1894 rebellionem
1437 1837 1782 1906 moliantur,
1810 1841 1868 1893 et
1894 1837 1971 1893 ab
1993 1843 2191 1894 Asano
2225 1846 2257 1904 Ε

2301 1836 2527 1894 ἐκάλεσε.
2575 1844 2753 1914 Μέχρι
2781 1849 2907 1913 γοῦν
2946 1850 3036 1895 τοῦ
3086 1841 3339 1916 βασιλέως
3397 1842 3671 1896 Ἰσαακίου
3727 1841 3929 1911 {In-6;»-

533 1928 737 1984 nescio
758 1943 880 2000 quo
905 1942 1151 1983 suasore
1171 1932 1348 1999 atque
1369 1927 1720 2000 impulsore,
1747 1926 2033 1982 omnibus
2053 1943 2189 1999 quae

534 2018 689 2075 intra
718 2021 991 2074 Haemum
1021 2017 1102 2074 ad
1132 2017 1393 2073 Histrum
1422 2033 1617 2089 usque
1643 2022 1964 2073 excurrunt
1998 2017 2060 2072 in
2087 2032 2190 2090 po-

533 2109 808 2165 testatem
836 2107 1110 2177 redactis,
1139 2107 1303 2177 regio
1328 2111 1675 2179 occupatur.
1700 2109 1778 2162 Eo
1804 2122 1899 2162 res
1919 2108 2188 2164 Romana

537 2215 727 2273 quam
754 2198 1019 2255 maxime
1050 2195 1271 2254 aﬂlicta
1299 2200 1427 2254 est:
1465 2195 1694 2267 Bulgari
1734 2210 2000 2269 namque
2047 2212 2187 2252 cum

535 2290 770 2364 Scytha:
813 2293 1056 2344 mutuas
1101 2302 1316 2359 operas
1378 2285 1781 2352 tradidissent,
1814 2286 1985 2342 multi
2011 2285 2186 2342 malis

536 2383 839 2438 Romanos
851 2381 1164 2434 vexarunt.
1178 2379 1494 2448 Propterea
1504 2375 1851 2445 indignatus
1865 2376 2190 2449 imperator

537 2469 796 2526 lsaacius
809 2467 870 2522 in
882 2481 1072 2522 unum
1090 2463 1346 2520 collectis
1362 2464 1549 2536 copiis
1569 2464 1856 2520 adversus
1878 2481 1982 2521 eos
1997 2466 2187 2522 aciem

536 2557 720 2626 ducit,
751 2560 808 2612 et
853 2553 1154 2610 maritima
1206 2558 1663 2626 praetergressus
1704 2558 1885 2626 atque
1923 2570 2030 2627 per
2083 2557 2189 2612 Me-

535 2645 865 2704 sembriam
879 2642 1530 2700 civitatemiterfaciens
1554 2644 2184 2715 Haamumingreditur.

492 2763 500 2767 -
530 2741 765 2792 Asanus
799 2737 937 2790 cum
967 2733 1228 2790 exercitu
1247 2732 1308 2788 in
1339 2733 1628 2805 oppidulo
1659 2734 1752 2789 cui
1793 2750 2014 2790 nomen
2057 2734 2192 2791 Stri-

531 2827 695 2884 nabo
738 2826 1093 2882 immoratur
1125 2841 1138 2891 ;
1169 2828 1225 2879 et
1271 2823 1596 2895 imperator
1643 2824 1881 2880 Alexius
1926 2825 2192 2882 tentoriis

535 2916 672 2972 ﬁxis
702 2915 986 2986 Bulgaros
1017 2912 1275 2969 obsidet.
1314 2913 1428 2970 Sed
1457 2913 1535 2969 ab
1559 2913 1672 2969 illis
1701 2914 1979 2970 eluditur.
2031 2917 2194 2970 Unus

535 3006 695 3062 enim
749 3021 820 3061 ex
887 3003 1001 3060 illis
1058 3001 1433 3072 transfugam
1501 3003 1792 3059 simulans
1847 3000 2195 3076 imperatori

536 3094 895 3167 Scytharum
924 3092 1313 3165 irruptionem
1343 3091 1674 3149 denuntiat.
1707 3096 2037 3165 Imperator
2057 3109 2196 3151 con-

2298 1932 2470 2001 ροντό
2525 1934 2666 2002 γένος
2704 1931 2860 1983 ἐτέλει
2910 1929 3204 2005 Ῥωμαίοις,
3260 1928 3353 1984 διὰ
3401 1927 3460 1984 δε
3509 1935 3606 1989 τὴν
3661 1933 3926 1986 τοιαύτην

2296 2023 2558 2093 πρόφασιν
2613 2020 2949 2093 μεμελέτηκεν
2993 2019 3298 2096 ἀνταρσίαν,
3351 2026 3440 2074 καὶ
3494 2018 3797 2072 ἀνίσταταί
3853 2038 3928 2077 τις

2293 2110 2456 2160 Ἀσὰν
2483 2110 2599 2180 (83)
2630 2113 2858 2183 τοῦνομα
2880 2115 2968 2163 καὶ
3005 2109 3272 2184 βασιλεύει
3319 2119 3412 2172 τῆς
3459 2115 3669 2184 χώρας,
3708 2109 3924 2161 ἅπαντα

2294 2201 2359 2251 τὰ
2388 2197 2526 2262 ἐντὸς
2580 2207 2671 2252 τοῦ
2704 2201 2870 2274 Αἴμου
2924 2205 3090 2276 μέχρι
3140 2206 3230 2254 καὶ
3281 2209 3373 2254 τοῦ
3403 2199 3620 2275 Ἴστρου
3655 2201 3752 2272 ὑφ’
3815 2200 3926 2252 ἐαυ-

2293 2291 2378 2341 τὸν
2430 2291 2801 2362 ποιησάμενος.
2881 2291 2970 2344 Ἐκ
3014 2295 3202 2344 τούτου
3256 2291 3348 2344 οὐκ
3415 2289 3567 2361 ὀλίγα
3621 2292 3926 2362 πράγματα

2291 2383 2560 2449 Ῥωμαίοις
2621 2377 2800 2442 ξυνέϐη
2865 2401 2878 2413 ·
2937 2383 3146 2452 ἔχοντες
3203 2381 3306 2453 γὰρ
3364 2381 3413 2431 οἱ
3475 2378 3786 2451 Βούλγαροι
3869 2382 3925 2429 τὸ

2297 2470 2545 2521 Σκυθικὸν
2618 2472 2902 2542 σύμμαχον
2958 2469 3121 2522 πολλὰ
3209 2468 3412 2522 ἐποίουν
3646 2466 3928 2540 Ῥωμαίων

2299 2555 2462 2614 δεινά.
2491 2566 2574 2632 Τῷ
2604 2579 2684 2612 τοι
2714 2563 2803 2612 καὶ
2841 2561 2866 2612 ὁ
2895 2557 3146 2633 βασιλεὺς
3188 2558 3558 2632 ἀγανακτήσας
3616 2558 3924 2620 Ἰσαάκιος,

2297 2652 2356 2701 τὸ
2424 2657 2523 2701 τῶν
2591 2649 2854 2722 Ῥωμαίων
2935 2650 3070 2702 ἅπαν
3153 2654 3460 2722 συναγαγὼν
3518 2649 3594 2710 εἰς
3645 2649 3698 2701 ἓν
3767 2649 3926 2721 στρα-

2298 2758 2483 2811 τευμα,
2515 2738 2630 2791 κατ’
2658 2739 2825 2791 αὐτῶν
2888 2742 3096 2814 ἐχώρει.
3152 2744 3258 2799 Τὴν
3315 2747 3438 2812 γοῦν
3496 2737 3770 2811 παράλιον
3831 2757 3924 2788 πα-

2299 2832 2423 2902 ριὼν
2480 2833 2569 2880 καὶ
2627 2823 2718 2880 διὰ
2795 2836 2886 2889 τῆς
2947 2827 3293 2902 Μεσημϐρίας
3349 2828 3539 2888 πόλεως
3595 2832 3698 2886 τὴν
3736 2823 3921 2879 δίοδον

2301 2919 2651 2990 ποιησάμενος
2706 2921 2806 2970 ἔσω
2864 2927 2956 2970 τοῦ
3019 2920 3186 2992 Αἴμου
3242 2923 3462 2990 γίνεται.
3517 2917 3577 2969 Ὀ
3633 2914 3698 2970 δὲ
3756 2917 3920 2969 Ἀσὲῠ

2302 3009 2434 3079 μετὰ
2461 3015 2553 3058 τοῦ
2597 3007 2684 3059 ὑπ’
2715 3007 2871 3059 αὐτὸν
2907 3010 3288 3083 στρατεύματος
3320 3006 3456 3069 ἐντὸς
3501 3014 3594 3059 τοῦ
3628 3006 3922 3078 πολιχνίου

2305 3095 2364 3148 ού
2388 3091 2456 3154 δὴ
2485 3099 2543 3147 τὸ
2602 3099 2762 3169 ὄνομα
2816 3095 3086 3172 Στρίναϐος
3143 3097 3457 3169 εἰσέρχεται,
3498 3097 3626 3148 ἔνθα
3685 3101 3786 3148 καὶ
3840 3097 3926 3153 τὰς

539 3183 816 3242 turbatus
840 3181 1072 3274 nuntio,
1098 3180 1234 3237 licet
1258 3180 1352 3274 die
1381 3182 1647 3253 sequenti
1667 3183 2026 3274 oppidulum
2055 3183 2195 3274 sub-
2228 3217 2257 3274 ί

2307 3188 2497 3246 σκηνὰς
2544 3187 2890 3258 ποιησάμενος
2928 3188 2954 3238 ὁ
3005 3185 3254 3258 βασιλεύς
3299 3185 3559 3246 Ἰσαάκιος
3587 3189 3722 3246 τοὺς
3769 3185 3922 3238 Βουλ-

541 3275 782 3328 acturus
808 3273 980 3336 esset,
1012 3267 1146 3324 loco
1195 3267 1368 3335 cedit,
1415 3283 1524 3324 nec
1571 3284 1706 3324 eam
1750 3286 1936 3342 quam
1983 3273 2197 3330 inierat

535 3360 689 3416 redit
708 3359 888 3422 viam,
937 3356 1313 3412 sed‘delusus
1343 3372 1380 3412 a
1409 3356 1663 3426 Bulgaro
1714 3358 2052 3418 breviorem
2083 3380 2194 3420 nec

538 3445 917 3503 inconsultus
961 3444 1326 3515 aggreditur.
1368 3446 1847 3514 Progredientem
1898 3450 2099 3524 itaque
2138 3453 2196 3510 et

531 3535 595 3592 in
625 3539 886 3606 angusta
915 3533 1126 3590 semita
1168 3532 1543 3590 laborantem
1576 3535 1808 3606 Bulgari
1837 3541 2192 3610 aggrediun-

532 3629 646 3692 tur,
677 3622 922 3678 militem
945 3621 1224 3689 fundunt,
1252 3626 1733 3696 apparatumque
1760 3641 2004 3684 omnem
2029 3629 2196 3688 belli-

531 3729 672 3770 cum
701 3711 1147 3784 deprmdantur,
1169 3710 1365 3782 ipsam
1389 3712 1570 3768 etiam
1607 3713 1983 3786 imperatoris
2003 3721 2197 3793 supel-

528 3801 782 3859 lectilem
796 3801 1107 3874 diripiunt.
1131 3803 1211 3856 Ex
1229 3801 1513 3857 Romanis
1531 3802 1734 3874 plures
1759 3806 2074 3875 caesisunt;
2093 3814 2198 3883 qui

532 3891 1035 3964 cumimperatore
1059 3895 1378 3947 evaserant
1399 3892 1512 3961 22
1533 3894 1710 3964 pauci
1731 3894 2048 3952 admodum
2072 3899 2196 3955 iue-

532 3997 596 4040 re
631 3987 687 4039 et
710 3997 957 4055 prorsus
988 3981 1156 4037 nudi.
1192 3983 1311 4037 llac
1339 3981 1600 4050 victoria,
1633 3984 1838 4055 praeda
1868 3987 2192 4060 spoliisque

534 4075 947 4129 Romanorum
985 4069 1222 4142 Bulgari
1275 4071 1453 4125 nimis
1480 4075 1535 4126 et
1580 4072 1903 4130 insolenter
1957 4076 2193 4134 animos

537 4159 1176 4231 sublevaruntzquippe
1188 4175 1259 4216 ex
1275 4158 1418 4231 ipsis
1438 4159 1832 4232 imperatoriis
1854 4163 2191 4235 insignibus

537 4249 890 4322 pretiOsiora
911 4248 1374 4320 conquisierant,
1398 4253 1455 4304 et
1475 4255 1687 4321 praeter
1711 4267 1784 4308 ea
1803 4253 2000 4323 regias
2014 4271 2192 4328 pyra~

540 4336 761 4406 midas,
783 4336 1017 4408 phialas
1049 4336 1328 4403 celebres,
1361 4339 1638 4409 pecuniae.
1657 4341 1775 4397 vim
1803 4342 2184 4417 immensam,

2301 3276 2499 3346 γάρους
2544 3274 2848 3350 ἐπολιόρκει.
2931 3281 3451 3349 Καταστρατηγεῖται
3513 3272 3571 3328 δὲ
3632 3276 3769 3350 παρ’
3835 3275 3920 3325 πὶ·

2304 3372 2440 3416 τῶν·
2495 3373 2593 3416 τῶν
2650 3385 2731 3426 τις
2781 3365 3084 3439 Βουλγάρων
3130 3368 3232 3442 γάρ
3298 3372 3628 3442 προσωπεῖον
3691 3361 3918 3421 ύπενδυς

2305 3449 2540 3526 φυγάδος
2610 3452 2899 3525 ἀφικνεῖται
2965 3457 3109 3530 παρὰ
3163 3459 3250 3509 τὸν
3311 3454 3533 3529 βασιλέα
3579 3460 3678 3508 καὶ
3731 3459 3917 3528 gurria

2305 3542 2441 3613 αὐτῷ
2470 3545 2674 3596 Σκυθῶν
2699 3541 2904 3617 ἔφοδον,
2963 3546 2989 3598 ὁ
3038 3542 3096 3598 δε
3149 3543 3399 3618 βασιλεύς
3451 3554 3521 3616 τῷ
3575 3543 3724 3616 λόγῳ
3767 3547 3923 3617 6991;-

2308 3633 2426 3698 θεὶς,
2477 3637 2566 3684 καὶ
2617 3641 2784 3686 ταῦτα
2828 3638 2922 3692 τὴν
2975 3633 3222 3687 ἐπιοῦσαν
3269 3638 3328 3687 τὸ
3378 3634 3658 3706 πολίχνιον
3719 3654 3925 3706 χειρω-

2309 3722 2506 3773 σασθαι
2557 3721 2772 3794 μέλλων,
2805 3721 3155 3776 ἀπανίσταται
3206 3731 3298 3776 τοῦ
3354 3728 3542 3779 τόπου,
3611 3723 3734 3776 Οὐκ
3788 3723 3928 3786 £513).-

2310 3811 2390 3862 θεν
2437 3806 2524 3862 οὖν
2572 3815 2665 3870 τὴν
2696 3811 2757 3870 ἣν
2801 3810 3012 3871 ἐπῆλθεν
3070 3809 3214 3884 ὁδὸν,
3265 3812 3371 3866 ἀλλ’
3418 3812 3770 3876 ἐξαπατηθεὶς
3828 3816 3920 3865 ύπὲ

2305 3907 2396 3952 τοῦ
2427 3899 2721 3975 Βουλγάρου
2753 3905 2847 3961 τὴν
2879 3907 3172 3976 ταχυτέραν
3221 3907 3369 3976 τάχα
3422 3899 3677 3966 διεξιέναι
3737 3902 3924 3976 βεϐού-

2302 3987 2496 4047 λευται.
2576 3992 3038 4063 Ἐπεισγίπτουσιν
3108 3989 3196 4044 οὖν
3277 3992 3414 4063 αὐτῷ
3479 3989 3828 4067 διερχομένου
3879 3997 3921 4046 οἱ

2303 4077 2586 4152 Βούλγαροι
2660 4078 2744 4133 ἐπί
2806 4099 2908 4133 τινι
2968 4089 3210 4153 στενωπῷ
3269 4079 3544 4155 γενομένῳ,
3601 4088 3699 4136 καὶ
3758 4104 3920 4137 κατα-

2300 4165 2487 4220 λύουσι
2510 4172 2566 4222 τό
2617 4170 2704 4222 ὑπ’
2753 4170 2907 4223 αὐτὸν
2937 4171 3073 4225 οἶπαν
3103 4173 3421 4245 στράτευμα,
3450 4176 3543 4225 καὶ
3593 4173 3918 4227 σκυλεύουσι

2298 4265 2475 4310 πᾶσαν
2527 4263 2622 4317 τὴν
2680 4269 2777 4321 τῆς
2839 4267 3090 4334 στρατιᾶς
3138 4260 3456 4329 ἀποσκευὴν,
3514 4261 3650 4315 ἀλλὰ
3705 4261 3776 4323 δή
3832 4269 3917 4316 καὶ

2297 4352 2391 4406 τὴν
2442 4356 2533 4401 τοῦ
2605 4347 2863 4422 βασιλέως
2913 4351 3093 4420 αὐτοῦ,
3148 4357 3411 4405 Πίπτουσι
3465 4347 3525 4404 δε
3580 4352 3777 4406 πολλοὶ
3821 4362 3916 4405 τῶν

540 4425 738 4499 ipsam
754 4425 933 4482 etiam
947 4425 1391 4498 imperatoriam
1409 4443 1668 4499 crucem,
1689 4446 1876 4503 quam
1906 4435 2189 4493 sacerdos
2216 4437 2257 4496 l]

2299 4439 2576 4512 Ῥωμαίων.
2650 4441 2715 4491 Οἱ
2765 4436 2825 4493 δε
2890 4437 3232 4505 διασωθέντες
3302 4443 3435 4515 μετὰ
3496 4448 3592 4494 τοῦ
3657 4441 3916 4517 βασιλεως

1399 4604 1740 4676 Theodori
1788 4610 2039 4682 Dousae
2088 4624 2153 4682 et
2200 4617 2450 4686 Leonis
2497 4617 2984 4688 Allatii'notae.

526 4781 779 4840 vocibus
810 4780 1180 4839 clamitarent
1197 4783 1327 4854 jam
1349 4785 1535 4842 armis
1560 4785 1868 4848 Romanos
1896 4792 2188 4852 invaden-

525 4856 658 4926 dos,
699 4860 903 4926 captOS
935 4871 1146 4910 omnes
1179 4855 1257 4912 ad
1287 4872 1477 4912 unum
1497 4858 1885 4920 inclementer
1914 4866 2187 4923 occiden-

525 4927 663 5004 dos,
684 4943 834 5004 pace
856 4931 912 4982 et
936 4927 1125 4998 pretio
1149 4928 1498 5004 repudiatis.
1526 4932 1629 5004 illis
1652 4937 1776 5004 tota
1805 4950 1952 5004 gens
1985 4939 2184 4994 conci-

524 5003 645 5055 tata
677 4997 755 5080 ad
783 4997 956 5081 arma
977 4997 1255 5081 cucurrit,
1289 5005 1344 5080 et
1365 5015 1430 5055 ex
1456 5001 1621 5081 initio
1643 4997 2011 5081 defectionis,
2047 5025 2182 5081 quae

524 5070 837 5152 auspicata
863 5069 1119 5152 fuerunt,
1139 5071 1356 5152 animis
1386 5073 1626 5152 magnis
1654 5069 2180 5152 constabiliuntur,

522 5140 709 5196 Deum
732 5140 989 5196 libertati
1022 5157 1147 5195 suae
1183 5142 1400 5198 favere.
1443 5140 1572 5203 ALL.

889 5209 946 5264 δὲ
1007 5211 1308 5286 Βουλγάρων
1359 5214 1534 5287 φῦλον.
1586 5219 1899 5291 Gregoras,
1959 5221 2067 5278 lib.
2122 5240 2174 5294 Π,

571 5325 582 5336 .
615 5301 702 5339 20.
732 5301 865 5338 ALL.

521 5297 1269 5429 p.(§(l)5_Al’_‘iItlvd‘pa7rad‘ia-pdw
1353 5377 1406 5409 τε
1505 5363 1594 5411 καὶ
1692 5359 1950 5418 ἁλώσεων.
2037 5366 2176 5429 Qua)

518 5423 680 5503 mala
709 5423 941 5503 Bulgari
958 5427 1018 5481 in
1035 5423 1275 5503 Qrmcos
1288 5433 1570 5503 eteorum
1587 5431 1858 5503 regiones
1875 5423 2176 5492 intulerint

511 5495 689 5548 variis
713 5498 1188 5580 egcursionibiis,
1223 5499 1373 5580 aliis
1411 5506 1604 5580 atque
1629 5495 1758 5580 aliis
1807 5504 2082 5572 ducibus,
2119 5513 2175 5564 et

512 5581 722 5646 eorum
750 5565 1034 5646 historiae,
1058 5570 1249 5646 donec
1282 5586 1317 5625 a
1340 5565 1552 5646 Basilio
1575 5573 2006 5646 Bulgaroctono
2050 5565 2173 5634 tan-

510 5636 650 5692 dem
673 5637 787 5692 fusi
820 5654 890 5694 ac
924 5639 1201 5696 debellati
1227 5647 1380 5709 sunt,
1433 5643 1592 5700 unde
1621 5636 1713 5700 illi
1754 5662 1977 5704 nomen
2038 5649 2170 5706 Bul-

505 5712 837 5778 garoctono
861 5709 992 5766 fuit.
1035 5715 1172 5766 ALL.

2371 4798 2476 4869 (82)
2524 4801 2603 4872 De
2637 4797 2852 4872 Basilio
2908 4799 3340 4871 Bulgaroctono
3371 4803 3588 4872 praeter
3629 4807 3911 4860 nostrum

2296 4870 2703 4959 écropo‘litam
2727 4871 2849 4959 agit
2869 4870 3180 4959 Greg’or‘asz
3204 4872 3358 4956 libro
3378 4870 3658 4959 ‘s’e‘cund‘o
3686 4890 3702 4941 ;
3726 4876 3914 4959 Z‘ona:

2293 4956 2414 5019 ras,
2439 4942 2759 5019 Cedrenus,
2778 4946 3038 5019 Joannes
3055 4947 3279 5019 Tzetzes
3314 4945 3372 4999 in
3398 4943 3631 5019 _Chiliad_
3653 4961 3668 5009 ;
3693 4946 3914 5019 reliqui

2293 5010 2414 5067 fere
2445 5028 2659 5086 omnes
2704 5010 2966 5070 historici
3007 5015 3204 5071 Graeci.
3244 5017 3323 5071 De
3362 5010 3914 5086 ejuscadavere'et

2293 5083 2929 5166 sepulturautieorgius
2985 5083 3408 5166 l’achymeres,
3445 5085 3621 5166 lib.__i,
3657 5103 3738 5166 ρ(
3787 5093 3909 5166 1‘2}.

2290 5155 2469 5240 Eorro
2499 5155 2783 5240 Basil_ium
2805 5155 2866 5212 in
2894 5157 3108 5240 epdem
3139 5155 3360 5240 templo
3374 5155 3911 5240 _‘sepulturn.tradit

2292 5225 2874 5303 gedlfeI-lus‘:Ta?ﬁvat
2895 5223 2971 5303 ’δὲ
2996 5223 3312 5303 παρεκάλεσε
3332 5223 3627 5303 τὸν-ἔαυτοῦ
3653 5227 3906 5303 ἀδελφὸν,

2289 5294 2452 5376 ᾓνααὶ
2475 5293 2740 5370 διάδοχον
2772 5299 3010 5376 κατῷιιπε
3037 5293 3137 5376 τῆς
3172 5300 3366 5376 ἀρχῆς,
3423 5298 3498 5376 ἐν-
3528 5309 3600 5371 τῷ
3657 5293 3810 5354 κατᾶ
3854 5297 3905 5354 το

2285 5365 2544 5444 Ἕϐδομον
2568 5365 2680 5444 ναῷ
2707 5379 2798 5423 τοῦ
2850 5365 3214 5442 εύαγγελίστού
3238 5365 3361 5424 ’καί
3401 5365 3665 5444 θεολόγον,
3721 5380 3791 5428 ‘0
3837 5372 3900 5432 δὲ

2285 5443 2507 5510 γέγονεν.
2546 5443 2682 5510 ALL.

2354 5513 2466 5592 (83)
2494 5513 2676 5592 ἈσάνἸ
2699 5512 3097 5592 Defe_c_t_ionem
3121 5515 3532 5592 Bulgarorum,
3564 5516 3901 5592 expeditio

2283 5596 2423 5637 nem
2449 5585 2510 5637 in
2537 5599 2638 5657 e_os
2663 5585 2866 5657 lsaacii
2887 5585 3264 5657 imperatoris
3310 5585 3659 5642 admoduui
3706 5588 3899 5645 infeli-

2283 5668 2434 5732 cem,
2459 5659 2528 5732 _et_
2551 5653 2779 5732 damna
2809 5653 3284 5716 illata—Romanis
3313 5657 3446 5714 fuse
3497 5661 3899 5732 prosequitur

2283 5723 2592 5784 Choniata.
2625 5725 2759 5782 ALL.
