3988 6322
142 260 293 319 1021

1670 259 2023 321 ANNALES.

3386 271 3522 328 {022

142 390 246 440 καὶ
281 388 470 458 Πέτρον
520 381 597 455 (9)
648 383 776 455 μετά
827 384 1085 456 μεγίστης
1140 389 1390 458 στρατιᾶς
1433 383 1488 447 ἐξ
1533 384 1756 448 Ἰταλίας

1864 384 2282 458 claratumque
2311 384 2470 442 circa
2498 386 2713 444 eadem
2733 388 2869 448 loca
2897 390 3347 464 imperatorem,
3377 396 3522 466 Dyr-

144 477 451 550 ὀρμώμενον
497 477 587 525 καὶ
635 475 705 533 ὡς
747 475 877 547 πρὸς
925 477 1020 532 τὴν
1079 474 1617 528 Κωνσταντινούπολιν
1669 495 1758 528 πε-

140 569 432 637 ποιημένον
502 567 596 620 τὴν
685 558 888 629 δίοδον,
971 560 1376 636 ἀνηγορευμένον
1463 567 1594 638 πρὸς
1664 572 1756 616 τοῦ

143 654 347 706 πάππα
389 653 504 722 (10)
549 655 640 703 καὶ
699 648 941 722 βασιλέα,
1002 651 1164 704 αὐτοῦ
1243 672 1343 704 που
1425 656 1754 724 γεγενημένον

144 743 647 816 προχειρωσοὲμενόν
676 758 731 792 τε
758 744 848 792 καὶ
874 739 1000 792 αὐτὸ
1048 743 1108 792 τὸ
1170 739 1466 816 Δυῤῥοίχιον
1510 745 1756 812 γενναίως

143 830 696 904 χατετροπώσατο,[Ρ.
733 829 818 903 14]
841 829 899 881 Ὀ
1051 829 1138 882 οὖν
1167 831 1342 904 ῥηθεὶς
1383 835 1575 904 Πέτρος
1619 851 1756 902 γαμ-

149 919 282 993 ϐρὸς
327 923 566 994 ὑπῆρχεν
633 918 711 971 ἐπ’
763 915 958 992 ἀδελφῇ
1008 928 1100 972 τοῦ
1145 927 1359 994 πρώτως
1405 919 1754 993 βασιλεύσαν-

144 1029 238 1071 τος
270 1009 324 1062 ἐκ
352 1017 442 1062 τοῦ
467 1013 700 1063 Λατίνων
749 1012 932 1083 μέρους
989 1005 1306 1062 Βοιλδουῑνου
1361 1015 1451 1062 καὶ
1497 1017 1589 1062 τοῦ
1644 1009 1754 1082 μετ’

147 1099 312 1152 αὐτὸν
366 1098 540 1173 Ἐῥρῆ,
565 1097 789 1150 ἐκαλεῖτο
843 1094 903 1150 δε
960 1100 990 1156 ἠ
1041 1098 1209 1150 αὐτῶν
1269 1096 1462 1172 ἀδελφὴ
1516 1098 1752 1167 Ἰολέντα,

146 1187 206 1251 ἐξ
233 1189 294 1249 ἧς
345 1184 529 1249 παῖδες
581 1195 654 1257 τῷ
699 1191 874 1260 Πέτρῳ
925 1190 1228 1258 γεγένηνταὶ
1273 1189 1477 1260 τρεῖς,ὃ
1527 1207 1581 1240 τε
1638 1187 1755 1242 Φίλ-

149 1275 713 1349 ιππος,ὁ”Ρομπέρτος
753 1280 839 1328 καὶ
895 1277 921 1328 6
975 1272 1289 1338 Βαλδουῐνος
1341 1278 1413 1345 ⁷³,
1464 1275 1531 1328 ὧν
1584 1278 1610 1328 6
1663 1281 1752 1349 μέν

139 1365 456 1439 Ῥομπέρτος
501 1369 592 1417 καὶ
645 1366 671 1416 6
719 1361 1034 1427 Βαλδουῖνος
1085 1373 1182 1427 τῆς
1228 1371 1615 1419 Κωνσταντίνου
1668 1365 1753 1438 βε-

146 1454 517 1521 ϐασιλεύκασι,
552 1461 645 1506 τοῦ
685 1460 889 1527 πρώτου
935 1454 1103 1507 αὐτῶν
1157 1451 1379 1527 ἀδελφοῦ
1431 1463 1523 1507 τοῦ
1576 1455 1754 1508 Φιλιπ-

143 1563 253 1598 που
295 1551 368 1614 τῷ
416 1540 621 1615 ἀδελφῷ
659 1542 952 1618 Ῥομπέρτῳ
1000 1553 1095 1606 τῆς
1153 1543 1421 1616 βασιλείας
1497 1563 1750 1617 παραχω-

142 1637 426 1708 ρήσαντος.
463 1631 730 1705 ’Υπῆρχον
789 1628 850 1685 δέ
894 1651 1048 1704 σφισι
1103 1637 1193 1684 καὶ
1241 1629 1480 1704 ἀδελφαὶ,
1537 1633 1605 1684 ὧν
1653 1638 1750 1706 μία

1863 474 2110 530 rhachio
2127 479 2545 547 praeoccupato
2567 475 2789 534 fortiter
2813 479 2875 536 in
2901 481 3108 550 fugam
3124 483 3522 540 vertit.Petrus

1863 580 2130 620 sororem
2156 563 2333 636 primi
2363 579 2435 619 ex
2474 564 2692 621 Latinis
2744 568 3015 624 Balduini
3065 575 3122 625 et
3153 572 3520 628 successoris

1863 651 2019 708 illius
2046 653 2194 708 Erici
2221 651 2332 708 sibi
2350 653 2732 711 matrimonio
2749 657 3052 726 junxerat.
3078 659 3277 714 Sorori
3299 675 3522 718 nomen

1863 742 2106 797 Jolentaa
2133 741 2260 808 fuit,
2293 757 2363 797 ex
2390 758 2514 815 qua
2557 747 2672 799 tres
2717 748 2918 801 Petrus
2964 752 3307 820 susceperat
3343 748 3519 817 ﬁlios,

1864 832 2230 904 Philippum,
2266 832 2590 889 Robertum
2619 838 2676 890 et
2704 835 3082 906 Balduinum,
3117 853 3378 909 quorum
3407 842 3520 896 Ro-

1862 921 2070 976 bertus
2101 926 2158 977 et
2201 921 2546 990 Balduinus,
2601 939 2738 978 cum
2789 925 3020 996 primus
3071 942 3278 982 eorum
3340 926 3520 984 frater

1864 1009 2172 1081 Philippus
2202 1009 2456 1066 Roberto
2497 1010 2956 1069 administrandi
2986 1014 3217 1087 imperii
3257 1020 3523 1088 potesta-

1864 1103 1982 1155 tem
2005 1098 2256 1160 fecisset,
2283 1097 2481 1170 Cpolis
2512 1100 2819 1172 regionem
2844 1107 3181 1159 tenuerunt.
3208 1106 3290 1159 Ex
3311 1121 3521 1162 eorum

1864 1187 2171 1242 sororibus
2209 1187 2387 1243 Maria
2443 1187 2756 1245 Theodoro
2794 1190 3141 1262 imperatori
3178 1192 3513 1266 c0pulatur.

1863 1275 2069 1341 Porro,
2095 1291 2277 1347 quem
2301 1291 2485 1347 supra
2515 1277 2845 1344 innuimus,
2868 1280 3238 1350 Theodorus,
3266 1282 3522 1337 exercitu

1862 1370 2089 1430 coacto,
2109 1368 2274 1420 Petro
2297 1363 2611 1437 paululum
2635 1367 3068 1438 Dyrrhachium
3091 1373 3520 1441 praetergresso

1861 1458 1918 1509 et
1940 1453 2090 1508 inter
2119 1453 2330 1508 Albani
2361 1453 2673 1523 angustias
2711 1456 2975 1512 adducto
3000 1473 3128 1513 sese
3149 1459 3418 1531 opponit.
3434 1459 3520 1515 lbi

1859 1542 2151 1598 Theodori
2177 1542 2463 1598 Comneni
2494 1543 2708 1598 milites
2745 1545 3088 1602 Latinorum
3128 1549 3336 1620 copias
3373 1552 3518 1604 stre-

1859 1646 1976 1686 nue
1998 1630 2279 1696 fundunt,
2301 1631 2609 1703 oppressis
2634 1633 2948 1699 universis,
2975 1636 3091 1707 29
3122 1635 3274 1692 adeo
3307 1641 3374 1692 ut
3391 1652 3516 1694 om-

141 1729 326 1797 Μαρια
351 1718 431 1789 ἦν,
463 1721 495 1793 ᾖ
529 1724 787 1792 συνεζύγη
831 1722 856 1772 6
905 1719 1152 1794 βασιλεὺς
1205 1719 1494 1796 Θεόδωρος.
1547 1721 1606 1774 Ὀ
1657 1726 1746 1795 μεν

1860 1720 2458 1792 nes'comprehensos
2474 1720 2724 1777 vinculis
2742 1722 3056 1794 alligarint,
3082 1725 3520 1796 impedimenta

142 1807 237 1863 οὖν
280 1807 533 1871 δηλωθεὶς
582 1807 854 1884 Θεόδωρος
911 1811 981 1876 7‘,
1037 1813 1211 1873 καθὼς
1257 1811 1502 1886 εἰρήκειν,
1556 1816 1614 1863 τὸ
1668 1812 1748 1864 οἰ-

141 1906 284 1952 κεῖον
321 1897 635 1974 παραλαϐὼν
691 1902 992 1972 στράτευμα
1041 1897 1396 1952 ἀντιτάττεται
1441 1907 1514 1969 τῷ
1570 1903 1746 1975 Πέτρῳ

139 1993 332 2064 μικρὸν
361 1985 800 2065 ὑπερπηδήσαντι
831 1993 890 2042 τὸ
916 1988 1211 2064 Δυρῥάχιον
1255 1995 1344 2042 καὶ
1391 1988 1440 2041 ἒν
1485 1997 1598 2050 ταῖς
1653 1997 1746 2042 τοῦ

1859 1809 2249 1881 abripuerint,
2270 1809 2593 1882 ipsumque
2620 1811 2799 1867 etiam
2826 1811 3251 1884 imperatorem
3277 1815 3518 1870 Petrum

1858 1899 2058 1969 gladio
2090 1898 2468 1970 peremerint.
2503 1902 2618 1955 Hac
2645 1900 2893 1957 victoria
2921 1918 3015 1957 res
3051 1905 3320 1960 Romana
3348 1903 3517 1960 haud

1856 1987 2178 2044 minimum
2213 1987 2523 2044 sublevata
2554 1993 2659 2044 est.

137 2077 397 2132 ’Δλϐανοῡ
451 2074 783 2152 δυσχωρίαις
839 2083 1175 2151 γεγενημένῳ.
1215 2086 1422 2133 Νικῶσι
1467 2086 1593 2150 γοῦν
1678 2081 1812 2131 κατὰ
1880 2078 2068 2150 κράτος
2149 2078 2198 2112 ’³⁵
2265 2079 2314 2128 οἱ
2381 2085 2474 2129 τοῦ
2549 2084 2817 2150 Κομνηνοῦ
2910 2076 3187 2153 Θεοδώρου
3271 2084 3330 2133 τὸ
3409 2088 3512 2134 τῶν

139 2172 381 2222 Λατίνων
437 2168 756 2240 στράτευμα,
799 2170 866 2230 ὡς
921 2169 1115 2228 πάντας
1166 2165 1337 2243 ἄρδην
1383 2165 1660 2239 δεσμώτας
1706 2175 1928 2227 ποιῆσαι
1981 2169 2074 2218 σὺν
2115 2172 2248 2218 πᾶσι
2306 2169 2536 2233 σκεύεσι,
2607 2172 2696 2220 καὶ
2783 2168 2938 2220 αὐτὸν
3014 2165 3074 2221 δὲ
3131 2172 3218 2221 τὸν
3286 2169 3516 2243 βασίλέα

137 2262 334 2330 Πέτρον
364 2258 510 2332 ἔργον
539 2261 810 2330 μαχαίρας
837 2259 1080 2328 γενέσθαι
1111 2258 1244 2328 (Η).
1276 2264 1436 2310 Τοῦτο
1465 2253 1532 2315 δὴ
1565 2263 1678 2310 τότε
1695 2261 1832 2330 μέγα
1859 2264 1970 2318 τοῖς
1995 2256 2268 2330 Ῥωμαίοις
2300 2255 2522 2329 ἐγεγόνει
2558 2255 2828 2330 βοήθημα.

211 2400 262 2434 ⁷³
291 2405 382 2453 καὶ
405 2400 896 2476 προχειρωσοξμενον
921 2403 1003 2476 τὸΔ
1037 2399 1354 2476 Δυρράχιον,
1397 2398 1451 2451 ix
1495 2406 1588 2451 τοῦ
1632 2402 1866 2476 Λατένων
1909 2402 2098 2476 μέρους
2160 2394 2476 2476 ῌαλδουῖνου
2527 2404 2616 2451 καὶ
2670 2405 2764 2476 τοῦ
2792 2401 2931 2476 -μετ’
2986 2400 3142 2476 αιξτὸν
3197 2400 3352 2476 Ἐῤῥῆ

218 2421 262 2434 ’⁸³
291 2421 382 2453 και
405 2421 896 2476 προχειρωσαμενον
921 2421 979 2451 το
1037 2421 1354 2474 Δυρραχιον,
1397 2421 1451 2451 εκ
1495 2421 1588 2451 του
1632 2421 1866 2453 Λατίνων
1909 2421 2098 2473 μερους
2161 2421 2473 2451 ὕαλσουινου
2527 2421 2616 2451 και
2670 2421 2764 2451 του
2820 2421 2913 2471 μετ
2986 2421 3142 2452 αυτον
3434 2421 3514 2454 ω’

136 2475 300 2547 ναέως
349 2477 808 2547 ποιῆται-ροντιιῐισοιτοἶ
839 2469 1096 2547 ΑΓαμϐρός
1234 2469 1324 2547 (ἦν)
1355 2472 1380 2522 6
1439 2475 1630 2547 Πέτρος
1682 2466 1998 2547 Βαλδουῐνου
2047 2469 2108 2547 in
2138 2467 2361 2547 fideli”)
2393 2469 2628 2547 Ἰολέντᾳ,
2685 2469 2737 2532 ἐξ
2787 2467 2871 2547 ἧς-
2917 2469 3102 2533 παῖδες
3145 2472 3285 2543 αὐτῷ
3335 2421 3514 2527 sigm-

3434 2417 3515 2454 εν.

133 2562 253 2610 πος,
275 2537 583 2621 Ῥομπέρέος
601 2547 692 2595 καὶ
721 2537 1030 2603 Βαλδουῖνοξ
1061 2545 1124 2599 D.
1149 2545 1198 2577 7"
1223 2545 1248 2594 6
1282 2539 1340 2594 δὲ
1367 2550 1457 2602 τῆς
1477 2537 1718 2614 Ἠἆτείρου
1752 2538 2026 2617 Θεοδωρος
2049 2545 2108 2593 τὸ
2135 2543 2201 2597 D.
2247 2537 2460 2594 ποιατὰ
2480 2537 2670 2615 κρατος
2694 2557 2816 2598 om.
2841 2544 2905 2597 D.

1028 2630 1372 2698 Theodori
1423 2631 1673 2699 Dousa!
1723 2640 1786 2698 et
1834 2629 2082 2699 Leonis
2131 2629 2366 2696 Allatii
2416 2639 2620 2698 notae.

214 2749 486 2822 (9)_'_'Ev6a
521 2752 612 2800 καὶ
667 2751 878 2822 Πέτρον,
937 2750 1109 2822 anno
1175 2747 1310 2802 1219
1365 2746 1626 2822 Honorio
1679 2749 1748 2801 ΠΙ

134 2819 359 2892 pontii.
382 2822 550 2892 Rom.
566 2817 789 2892 Petrus
813 2817 908 2872 hic
932 2820 1372 2892 Cortenaeusex
1393 2819 1606 2874 comite
1627 2822 1746 2892 _An-

136 2888 540 2961 iisiodorensi
557 2888 747 2961 factus
777 2889 1103 2961 imperator
1133 2889 1500 2960 Cpolitanus,
1513 2959 1519 2961 Α
1531 2888 1747 2961 eadem

136 2963 258 3033 hac
273 2962 496 3033 pagina
509 2960 795 3033 diciturin
809 2959 1013 3033 praelio
1026 2959 1342 3033 confossus
1355 2959 1738 3033 occubuisse.

136 3024 516 3111 Alantdnius
531 3024 839 3111 Bontinius
877 3031 1310 3111 (Herutfngar:
1354 3030 1634 3111 pedali.“
1664 3029 1747 3111 lib

138 3104 242 3172 vii)
273 3102 456 3183 tradit
471 3104 670 3175 ipsum
687 3103 748 3158 in
768 3101 1481 3183 Theodoripyrrhachini
1511 3101 1747 3183 tyranni

139 3190 385 3231 carcere
399 3172 550 3230 diem
571 3191 739 3230 suum
753 3172 994 3239 obiisse,
1010 3173 1124 3229 Iole
1140 3172 1368 3230 interim
1387 3173 1506 3228 sive
1521 3172 1747 3228 Iolanta

137 3245 462 3318 imperium
476 3245 528 3327 ej
538 3245 1084 3326 “administrante
1095 3245 1207 3300 Alii
1222 3245 1284 3300 in
1307 3243 1620 3328 Thessalia;
1633 3243 1748 3299 sal-

136 3317 282 3396 tbus
295 3320 675 3396 praeterlurisi
688 3315 902 3396 urandi
919 3315 1268 3396 religionem
1282 3320 1338 3371 et
1360 3314 1542 3396 fidem
1561 3385 1577 3396 _
1595 3320 1742 3370 inte-

1858 2745 1950 2827 t_is,
1993 2745 2216 2827 carceri
2284 2745 2727 2827 mancipantur.
2758 2747 3058 2827 heguntur
3097 2747 3175 2804 ad
3226 2746 3512 2827 eumdem

1855 2816 2234 2889 Theodorum
2284 2816 2536 2889 Honorii
2567 2816 2858 2889 epistolae,
2900 2817 3120 2889 quibus
3173 2834 3310 2874 eum
3363 2819 3513 2875 tanti

1855 2887 2138 2959 facinoris
2181 2892 2444 2958 accusat,
2523 2887 3018 2959 hortaturque—iit
3053 2889 3318 2959 legatum
3352 2890 3513 2945 sedis

1855 2958 2503 3040 apostolicaeetPetrum
2519 2959 2732 3039 eximat
2761 2958 3080 3040 vinculiset
3101 2958 3328 3041 solutos
3345 2959 3512 3040 abire

1856 3035 2012 3085 Sinat
2042 3047 2056 3087 :
2081 3033 2138 3086 et
2156 3045 2218 3085 ni
2249 3033 2474 3087 pareat.
2527 3045 2724 3084 minas
2776 3045 3158 3087 RraViSSimas
3182 3035 3412 3087 incutit.
3445 3033 3514 3087 Et

1856 3045 2012 3085 Sinai
2042 3047 2056 3096 ;
2081 3045 2218 3086 etni
2249 3045 2474 3101 pareat,
2527 3045 2724 3084 minas
2776 3045 3158 3098 graViSSimas
3182 3045 3412 3087 incutit.
3445 3045 3512 3087 Et

1853 3100 2137 3156 liberasse
2162 3099 2834 3173 postmodumlegatum
2859 3099 3229 3173 pontiﬁcium
3247 3115 3512 3173 comper-

1857 3177 1982 3226 tum
1999 3177 2105 3226 est.
2139 3170 2216 3226 De
2244 3174 2412 3227 Petro
2432 3170 2609 3242 quid,
2639 3175 2836 3226 actum
2858 3170 2958 3242 sit,
2993 3171 3170 3227 silent
3225 3170 3508 3228 historici.

1855 3242 2112 3314 Dubium
2135 3243 2335 3314 itaque
2364 3241 2562 3314 est’an
2590 3241 2658 3314 in
2678 3241 2929 3314 vinculis
2961 3257 2992 3296 e
3014 3243 3168 3314 ivivis
3189 3242 3513 3314 excesserit

1853 3329 1932 3369 an
1971 3312 2554 3368 libertati—restitutus
2581 3313 2776 3384 fuerit.
2822 3315 2986 3368 Certe
3009 3313 3260 3384 imperio
3309 3313 3503 3370 reddi-

135 3383 382 3460 reptum
413 3383 699 3460 scribunt,
727 3390 786 3443 et
813 3391 934 3442 toto
977 3383 1222 3442 biennio
1252 3386 1312 3442 in
1343 3385 1741 3460 squalidoque
1771 3387 1813 3443 C
1854 3389 1947 3460 tus
1976 3399 2098 3440 non
2120 3388 2226 3440 est.
2247 3384 2574 3460 Rich‘ai'dus
2595 3383 2670 3440 de
2693 3385 2909 3460 sancto
2931 3383 3226 3460 Germano
3250 3385 3309 3460 in
3329 3385 3511 3460 Chro-

136 3456 380 3516 carcere
417 3458 732 3528 fatigatum
772 3473 842 3513 ac
880 3473 1033 3528 pene
1064 3464 1339 3514 enectum
1379 3456 1741 3513 tandemfob

136 3534 488 3587 truncatum
519 3544 647 3584 esse
669 3544 830 3585 anno
861 3529 1016 3585 t22t.
1067 3529 1282 3584 DOUSA.

210 3602 364 3674 (101)
455 3601 889 3674 Ἀνηγορευμένον
958 3603 1229 3674 πρὸς-τοῦ
1288 3601 1507 3674 ποξππα..
1553 3596 1742 3674 Latini

137 3667 464 3744 scriptores
476 3667 601 3744 rem
619 3667 785 3744 aliter
798 3667 1073 3744 narrant,
1095 3671 1291 3744 ferunt
1313 3669 1612 3744 siquidem
1643 3667 1743 3724 de-

137 3739 349 3814 functo
389 3743 636 3814 Henrico
657 3742 977 3814 imperium
1019 3741 1188 3814 abiis
1226 3741 1330 3813 qui
1363 3739 1534 3814 Cpoli
1573 3744 1744 3794 erant

136 3813 411 3870 delatum
454 3813 634 3868 fuisse
659 3811 903 3868 Andreae
953 3813 1224 3882 Ungariae
1246 3811 1376 3882 regi
1405 3811 1498 3866 vel
1536 3825 1742 3882 socero

136 3885 305 3941 illius
335 3883 536 3940 comiti
566 3887 734 3940 Petro
772 3881 1260 3953 AntisiodOrensi,
1285 3881 1360 3954 de
1389 3897 1512 3954 quo
1543 3881 1740 3954 statim

137 3955 415 4012 Andreas
441 3954 1115 4026 pontiﬁcemHonorium
1141 3951 1531 4026 lllc’ertiorem
1549 3951 1741 4007 reddi-

137 4027 249 4083 dit.
275 4025 476 4082 Petrus
505 4031 708 4082 tamen
739 4025 1072 4097 potioribus
1104 4025 1402 4097 suffragiis
1433 4029 1677 4097 vocatus
1709 4039 1741 4079 e

137 4097 344 4154 Galliis
375 4100 624 4153 Romam
642 4093 778 4151 cum
802 4112 987 4152 uxore
1008 4102 1064 4152 et
1083 4096 1216 4151 ﬁliis
1245 4102 1302 4151 et
1320 4095 1436 4150 alio
1457 4093 1742 4150 comitatu

138 4169 408 4231 advolat,
426 4173 484 4224 et
501 4167 580 4222 ab
596 4168 852 4223 Honorio
866 4167 1205 4223 diademate
1218 4168 1472 4236 cingitur
1484 4165 1540 4220 in
1558 4165 1742 4220 eccle-

137 4240 231 4296 sia
246 4241 302 4296 S.
322 4238 613 4294 Laurentii
627 4245 793 4310 extra
805 4253 1030 4310 muros,
1052 4238 1272 4310 nequid
1282 4238 1302 4308 j
1315 4236 1741 4310 urisOrientale

135 4313 462 4380 imperium
486 4310 545 4364 in
564 4309 938 4380 Occidentale
951 4325 1084 4380 com
1095 4306 1337 4379 parasse
1352 4306 1662 4380 videretur,
1688 4312 1744 4380 et

135 4397 216 4438 ne
230 4378 522 4453 Cpolitani
538 4379 888 4453 patriarcha:
900 4380 921 4451 j
933 4378 1288 4453 iiribusinnn
1298 4378 1472 4453 gendi
1493 4378 1742 4453 Orientis

133 4449 519 4524 imperatoris
541 4449 886 4524 detractum
904 4449 914 4451 ἡ
933 4449 1543 4524 videretur.llonoriiis
1583 4449 1739 4524 epis-

135 4521 263 4580 tola
277 4524 353 4578 ad
372 4522 776 4594 partiarcham
812 4522 1186 4594 Cpolitanum
1211 4539 1222 4576 :
1243 4523 1364 4594 Nos
1379 4526 1576 4576 autem
1611 4521 1742 4575 licet

132 4593 840 4666 pluriesdenegassemus
861 4593 1096 4666 eisdem,
1124 4607 1197 4648 ne
1239 4593 1741 4666 quis_pos_set_qu_e-

133 4662 288 4722 nivis
308 4666 380 4722 de
424 4662 728 4732 superfluo
772 4663 1101 4731 suspicari.
1169 4662 1329 4734 quod
1365 4663 1427 4734 in
1459 4662 1738 4734 Ecclesiae

135 4738 476 4805 Cpolitanae
510 4733 1465 4809 prarjudiciwn‘faceremus,quia
1497 4733 1738 4809 timeba-

136 4803 246 4865 tur
265 4823 300 4864 a
340 4803 546 4866 multis
569 4803 663 4873 ne,
677 4806 829 4862 sisic
844 4805 1008 4861 nobis
1029 4806 1314 4874 confusus
1334 4803 1346 4805 ’
1372 4803 1736 4860 abscederet.

134 4895 261 4936 non
281 4880 474 4934 solum
497 4878 609 4933 sibi
628 4877 731 4934 sed
752 4877 1024 4932 universo
1039 4877 1287 4943 imperio
1302 4891 1486 4946 grave
1506 4876 1740 4942 dispen-

134 4952 308 5007 dium
347 4949 698 5017 immineret,
730 4948 1254 5004 condescendentes
1298 4947 1537 5002 tandem
1575 4947 1733 5014 ipsos

133 5024 264 5079 sine
287 5028 388 5076 tuo
415 5023 508 5076 vel
527 5019 774 5075 alterius
800 5019 1162 5088 praejudicio
1190 5019 1282 5073 vel
1303 5025 1646 5085 contempsit
1676 5017 1738 5071 in

130 5093 383 5151 ecclesia
409 5093 476 5147 Β.
497 5090 800 5146 Laurentii
819 5089 966 5154 foris
987 5105 1186 5145 muros
1236 5089 1402 5144 urbis
1456 5089 1739 5144 duximus

129 5162 483 5221 solemniter
519 5161 912 5217 coronandos.
955 5163 1019 5216 Et
1047 5160 1384 5232 uthmajorq
1412 5160 1736 5232 auctoritas

130 5236 379 5302 negotio
405 5232 738 5297 acceddrct,
786 5232 1068 5287 comitem
1111 5229 1194 5285 illi
1249 5230 1414 5285 dedit
1442 5230 1736 5286 Joannem

130 5306 474 5364 Columnan
506 5305 590 5359 tit.
627 5305 681 5358 S.
718 5303 1020 5358 Praxedis.
1064 5319 1186 5356 ALL.

209 5378 322 5447 (11)
347 5375 531 5449 Ἔργον
557 5379 804 5449 μαχαίρᾲα
831 5375 1091 5449 γενέσθαι.
1142 5376 1258 5449 Ηφρ
1301 5387 1545 5443 quoque
1572 5371 1739 5449 aliter

129 5442 385 5504 narrant
408 5442 745 5518 scriptores
762 5442 1075 5518 Lat_ini,qui
1105 5442 1370 5518 scribunt
1397 5442 1516 5498 non
1541 5442 1735 5504 armis,

131 5520 240 5576 sed
262 5515 599 5589 proditione
615 5515 936 5589 etperiidia
955 5515 1310 5589 a’Theodor_o_
1328 5516 1625 5589 Comneno
1639 5529 1736 5589 ca-

132 5584 332 5663 ptum;
347 5605 490 5663 nam
511 5584 726 5663 cumih
753 5587 850 5663 via
871 5586 1225 5663 fmduscuin
1247 5584 1564 5663 Theodoro
1582 5585 1737 5663 iniis-

133 5655 244 5726 set,
278 5655 562 5716 invitatur
582 5674 618 5713 a
637 5659 967 5721 Theodoro,
992 5663 1049 5713 et
1075 5657 1143 5728 in,
1164 5655 1438 5712 convivio
1463 5661 1587 5712 tum
1609 5655 1737 5728 ipse

133 5739 257 5794 tum
272 5732 506 5805 legatus
517 5729 855 5804 capiuntur,
865 5728 1105 5802 reliquis
1122 5727 1341 5800 fugatis
1365 5732 1466 5784 aut
1483 5727 1734 5800 prostra-

1853 3455 2010 3519 nico,
2085 3471 2246 3510 nunc
2309 3455 2574 3519 primum
2635 3470 2671 3510 a
2725 3454 3075 3511 doctissimo
3128 3455 3504 3512 Ferdinando

1854 3525 2098 3595 Ughello
2125 3527 2182 3581 in
2209 3525 2401 3582 Italiae
2421 3541 2608 3582 sacrae
2645 3531 2791 3580 tom.
2827 3528 2892 3580 lll
2917 3527 3280 3592 edito,anno
3323 3527 3459 3582 1217
3494 3543 3509 3583 :

1851 3599 2058 3654 Petrus
2070 3598 2118 3652 A
2130 3597 2556 3654 ltissodorensis
2579 3612 2762 3654 comes
2788 3598 2849 3653 in
2875 3597 3072 3668 Cpolis
3094 3597 3511 3668 imperatorem

1851 3671 2070 3725 electus
2117 3676 2221 3724 est.
2256 3670 2501 3724 Romam
2529 3670 2766 3724 veniens
2795 3685 2926 3723 cum
2969 3677 3241 3727 consorte
3299 3686 3407 3725 sua
3430 3669 3505 3725 ab

1850 3740 2115 3794 Honorio
2145 3755 2307 3809 papa
2337 3740 2504 3808 apud
2551 3740 2605 3794 S.
2658 3741 3050 3795 Laurentium
3103 3748 3280 3797 extra
3303 3755 3505 3797 muros

1853 3811 2016 3865 urbis
2038 3811 2100 3864 in
2131 3811 2550 3878 imperatorem
2578 3815 2631 3866 et
2651 3811 3090 3877 imperatricem
3113 3818 3510 3868 coronantur.

1854 3881 1967 3948 Qui
1977 3896 2226 3950 regnum
2245 3884 2540 3936 intrantes
2565 3887 2617 3936 et
2631 3896 2690 3936 se
2708 3882 3122 3937 Brundusium
3138 3883 3510 3950 conferentes

1851 3968 1985 4008 cum
2017 3952 2258 4007 honesto
2288 3953 2542 4007 militari
2565 3955 2854 4016 exercitu,
2892 3953 2976 4006 ibi
2994 3952 3295 4008 dominum
3327 3954 3512 4008 Joan-

1851 4037 1984 4079 nem
2004 4023 2076 4078 de
2103 4021 2396 4078 Columna
2419 4022 2586 4078 card.
2612 4024 2674 4077 in
2689 4021 2858 4090 Cpol.
2898 4023 3160 4092 legatum
3187 4029 3506 4080 venturum

1851 4100 2220 4162 exspectant,
2281 4109 2415 4148 cum
2481 4108 2596 4163 quo
2664 4093 2930 4162 infausto
3006 4097 3201 4150 omine
3261 4094 3504 4164 navigio

1853 4165 2317 4232 transfretantes
2334 4165 2415 4219 ad
2425 4170 2667 4232 portum
2701 4165 3078 4232 Dyrrhachii
3088 4170 3505 4234 pervenerunt.

1854 4236 1968 4302 Qui
1990 4251 2179 4303 pravo
2207 4235 2378 4290 ducti
2402 4235 2669 4290 consilio‘
2696 4236 3079 4303 imperatrice
3098 4251 3193 4292 eos
3222 4251 3329 4305 per
3342 4251 3511 4292 mare

1848 4313 2158 4376 praeeunte
2169 4307 2250 4362 ad
2261 4307 2556 4361 civitatem
2573 4306 3248 4376 Byzantium,obsidere,
3257 4313 3310 4364 et
3325 4323 3514 4377 expu-

1851 4393 2040 4448 gnare
2057 4377 2465 4446 praamderunt
2526 4377 3077 4448 Dyrrhachiumet
3121 4394 3254 4434 cum
3293 4394 3512 4447 parum

1852 4447 2206 4519 proﬁcerent
2242 4489 2371 4519 .....,
2415 4448 2490 4504 ab
2541 4447 2845 4504 obsidione
2883 4451 3144 4504 civitatis
3203 4451 3390 4519 ipsius
3429 4450 3514 4506 di-

1851 4518 2040 4589 gressi
2067 4525 2223 4575 sunt.
2270 4518 2382 4584 Qui
2429 4526 2698 4575 errantes
2764 4534 2872 4588 per
2909 4521 3084 4576 devia
3123 4533 3177 4576 et
3209 4518 3511 4578 eandensa

1851 4593 2137 4646 sili‘arum
2153 4606 2186 4662 α
2203 4591 2420 4646 ϐνῖεσὶε
2435 4591 2742 4657 intercepti
2753 4592 2992 4651 sunt.de
3003 4592 3214 4662 quibus
3228 4593 3516 4649 nonnulli

1852 4664 1914 4717 in
1927 4661 2230 4730 oregladii
2239 4662 2820 4730 perierunl,nonulli
2830 4677 2966 4718 vero
2983 4661 3149 4732 capti
3161 4670 3298 4719 sunt
3315 4670 3366 4720 et
3382 4678 3512 4720 car-

1779 4736 1822 4788 D
1852 4733 2329 4803 ceralisqualore
2359 4748 2482 4788 una
2497 4749 2626 4788 cum
2647 4735 2773 4803 ipso
2806 4733 3166 4804 imperatore
3192 4751 3513 4804 consump-

1851 4805 1914 4859 ti.
1955 4805 2086 4870 Ipse
2113 4805 2292 4859 etiam
2314 4805 2645 4860 cardinalis
2677 4810 2889 4872 captus
2911 4811 2992 4860 est
3015 4811 3070 4861 et
3100 4805 3389 4861 detentus.
3407 4805 3510 4860 Hic

1852 4875 2058 4929 miscet
2070 4876 2272 4928 omnia
2287 4880 2411 4931 ettu
2421 4876 2549 4932 rbat
2564 4874 2919 4932 BlondusDe
2932 4877 3110 4943 gestis
3129 4877 3510 4932 Venetorum:

1848 4947 2109 5002 Joannes
2139 4961 2301 5001 nunc
2332 4947 2660 5014 imperator
2700 4946 2926 5002 Venetis
2948 4947 3324 5012 promiserat,
3351 4948 3403 5002 si
3432 4946 3508 5002 ab

1848 5019 1927 5072 eis
1940 5017 2258 5087 quianoli
2271 5017 2612 5073 detulerunt
2631 5032 2760 5071 cum
2777 5017 2983 5073 habito
3002 5032 3037 5071 a
3050 5019 3328 5086 pontiﬁce
3343 5033 3506 5074 exer-

1847 5089 1968 5143 citu
1999 5087 2229 5156 Cpolim
2244 5088 2688 5156 deportaretur,
2713 5088 3152 5155 Dyrrhachium
3169 5089 3249 5143 eis
3266 5104 3507 5158 recupe-

1848 5174 2003 5227 rare,
2035 5174 2215 5229 quam
2242 5159 2444 5214 urbem
2485 5158 2819 5214 Theodorus
2845 5159 3117 5226 Epirotes
3139 5160 3310 5228 furto
3331 5160 3509 5216 dolis-

1846 5245 1958 5302 que
1969 5232 2380 5302 surripuerat.
2392 5230 2812 5286 Debellaturus
2827 5234 3024 5302 autem
3055 5230 3509 5302 Dyrrhachium

1846 5300 2173 5369 imperator
2189 5301 2330 5356 hinc
2348 5301 2530 5355 [olem
2550 5315 2819 5364 amarem,
2845 5300 2986 5355 inde
3003 5300 3377 5358 cardinalem
3400 5302 3510 5359 Co-

1849 5373 2114 5428 lumnam
2132 5371 2358 5438 Cpolim
2396 5372 2582 5440 jussit
2641 5371 2943 5439 accedere,
2993 5372 3388 5440 inchoataque
3419 5379 3505 5432 est

1849 5390 2114 5428 cumnam
2132 5390 2358 5438 UPOLUn
2396 5390 2582 5440 JUSSU
2641 5390 2943 5439 acceaere,
2993 5390 3269 5429 inchoata
3317 5390 3388 5431 ue
3419 5390 3505 5432 εει

1845 5443 2088 5505 obsidio,
2121 5449 2173 5498 et
2204 5444 2668 5510 oppugnationes
2683 5455 2792 5508 per
2807 5441 2930 5496 dies
2948 5443 3078 5512 fere
3093 5390 3361 5513 singuyos
3420 5447 3508 5501 in-

1846 5521 2109 5570 tentatae.
2138 5514 2253 5569 Sed
2282 5515 2484 5568 urbem
2515 5513 2700 5584 veteri
2717 5528 2910 5584 muro,
2936 5530 3104 5584 quem
3149 5516 3398 5572 Venetus
3423 5519 3507 5573 inp

1845 5591 2174 5640 staurassel
2186 5627 2198 5648 ,
2218 5585 2511 5640 munitam
2533 5583 2871 5640 Theodorus
2890 5583 3078 5642 milite
3093 5588 3410 5645 abundans
3433 5603 3508 5644 ea:

1845 5655 2032 5726 Epiro
2058 5656 2227 5726 ﬁdeli
2251 5655 2438 5726 facile
2465 5654 2836 5726 defensabat,
2871 5658 3019 5714 adeo
3071 5664 3134 5714 ut
3186 5661 3509 5732 imperator
