3988 6322
107 437 136 488 1
152 437 288 490 O25

1641 439 1981 494 ANNALES.

3361 448 3500 503 1026

102 557 323 634 Ἐῤῥῆς
372 558 536 612 πολλὰ
617 563 904 632 πράγματα
993 564 1232 634 παρέσχε
1309 561 1577 634 Ῥωμαίοις
1649 566 1739 615 καὶ

1865 561 2109 633 nilitem,
2135 578 2256 635 quo
2286 562 2468 620 fultus
2495 580 2633 619 cum
2664 580 2788 619 suae
2840 564 3096 620 nationis
3154 566 3506 626 hominibus

102 647 280 719 αὐτῷ
318 656 390 719 τῷ
423 647 636 720 βασιλεί
669 646 946 724 Θεοδώρῳ.
1000 646 1260 723 Ἀνδρείος
1317 652 1417 724 γὰρ
1473 650 1562 719 ὢν,
1621 656 1740 722 περὶ

103 738 323 809 μάχας
391 737 694 813 ὀξύρροπος,
747 745 836 791 καὶ
887 743 1295 811 τεταπεινωμένα
1357 742 1423 792 τὰ
1467 748 1566 792 τῶν
1615 739 1741 793 Ῥω-

103 831 308 900 μαίων
335 828 484 902 ὀρῶν,
517 832 607 880 καὶ
630 828 862 900 μάλιστα
890 827 944 891 ἐξ
971 830 1020 864 ⁸⁰
1064 831 1182 882 ὅτου
1233 833 1320 881 τὸν
1380 828 1598 882 σουλτὰν
1659 848 1742 882 πε-

107 919 377 988 φόνευκεν
431 917 457 968 6
523 915 775 990 βασιλεὺς
853 915 1144 992 Θεόδωρος·
1229 922 1342 972 τότε
1408 920 1509 993 γὰρ
1574 921 1633 971 τὸ
1686 916 1742 970 ἐκ

108 1007 391 1078 Φράγκων
437 1009 634 1079 προσὸν
725 1006 866 1078 αὐτῷ
937 1006 1224 1060 ἀπολώλεκε
1319 1009 1639 1082 στράτευμα,
1692 1005 1742 1059 ἐν

108 1094 158 1165 ᾧ
195 1099 304 1147 καὶ
344 1097 439 1156 τὰς
493 1098 627 1170 πρὸς
678 1099 800 1157 τοὺς
837 1098 1098 1169 ὁμογενεῖς
1149 1095 1472 1171 τεθαρῥηκὼς
1519 1094 1580 1155 ἦν
1635 1097 1743 1170 μά-

106 1203 265 1254 χας.
298 1183 397 1245 Οὕς
421 1188 512 1236 καὶ
553 1185 579 1235 6
607 1183 856 1258 βασιλεὺς
910 1185 1096 1260 Ἐρρῆς
1142 1181 1355 1238 ἐδεδὶει·
1406 1185 1588 1238 πολλοὶ
1639 1188 1741 1259 γὰρ

108 1268 278 1330 ἦσαν
317 1272 599 1348 ὀνομαστοὶ
625 1272 727 1326 ἀπὸ
765 1294 818 1327 τε
843 1279 1019 1346 γένους
1043 1273 1144 1328 ἀπὸ
1168 1293 1222 1327 τε
1276 1279 1378 1348 μὴν
1432 1284 1526 1337 τῆς
1581 1294 1744 1343 προσ-

110 1364 304 1423 ούσης
333 1360 545 1424 ἐκείνοις
606 1361 849 1437 ἀνδρίας.
909 1367 1003 1417 Διά
1053 1371 1241 1433 ταῦτα,
1303 1365 1370 1426 ὦς
1414 1383 1544 1436 φασι
1589 1384 1741 1432 τινες,

109 1455 221 1503 καὶ
255 1455 350 1510 τὴν
371 1459 464 1504 τοῦ
492 1450 750 1525 βασιλέως
779 1459 926 1512 νίκην
958 1453 1197 1516 ἀκηκοὼς
1226 1455 1252 1506 6
1293 1453 1497 1528 Ἐρρἧς,
1557 1457 1744 1506 (Navi-

111 1559 317 1611 κηται,
349 1559 380 1594 ›
410 1543 524 1614 ἔφη,
557 1565 585 1593 ‹‹
621 1544 646 1594 6
669 1545 964 1618 Λάσκαρις,
992 1543 1052 1596 οὗ
1079 1543 1393 1601 νενίκηκεν.»
1430 1541 1509 1614 [Ρ.
1537 1544 1620 1614 15]
1636 1542 1746 1596 Ἰνα

112 1637 263 1701 γοῦν
302 1634 373 1702 μὴ
395 1629 556 1682 πολὺν
618 1636 901 1684 κατατείνω
945 1631 1092 1704 λόγον
1147 1639 1237 1693 τῆς
1288 1634 1543 1707 ἱστορίας,
1603 1632 1746 1683 τοῦτ’

116 1720 189 1770 ἄν
261 1723 414 1791 μόνον
498 1719 654 1772 εἰπὼν
702 1725 763 1773 1'6
808 1727 908 1773 πᾶν
960 1727 1386 1795 παραστήσαιμι·
1442 1724 1606 1794 μεχρι
1655 1725 1746 1774 καὶ⁹

117 1803 304 1860 αὐτοῦ
343 1815 436 1860 τοῦ
465 1814 742 1881 Νυμφαίου
768 1809 886 1884 (16)
915 1812 1008 1872 τὰς
1057 1813 1254 1872 σκηνὰς
1309 1811 1334 1862 6
1388 1809 1574 1884 Ἐῥρἣς
1624 1808 1746 1868 ἐπή-

1849 650 2136 707 audacter
2156 650 2382 707 bellum
2413 651 2791 721 conserebat,
2825 656 2880 707 et
2914 669 3097 724 quem
3179 655 3508 728 imperator

1849 739 2050 794 Ericus
2081 739 2386 795 metuebat
2411 740 2577 812 quod
2609 741 2669 796 in
2709 757 2780 796 eo
2811 745 2868 796 et
2890 757 3104 810 genere
3155 745 3392 801 nobiles
3453 752 3510 804 et

1846 829 1997 886 irato
2029 829 2136 884 sibi
2178 830 2420 899 ingenio
2477 831 2701 887 viribus
2764 831 3030 888 valentes
3096 835 3509 906 conspiceren-

1849 923 1961 989 tur,
2005 918 2280 990 perdidit.
2308 922 2609 987 Praeterea,
2645 924 2710 976 ut
2733 920 2978 992 quidem
3019 928 3380 990 memorant,
3431 925 3508 982 de

1848 1007 2226 1079 imperatoris
2251 1007 2495 1064 victoria
2533 1009 2746 1064 certior
2773 1007 2986 1078 factus,
3018 1013 3342 1081 «Lascaris,
3363 1035 3390 1064 ››
3413 1030 3510 1071 ex-

1851 1096 2092 1165 clamat,
2134 1119 2162 1147 ί(
2193 1096 2383 1152 victus
2415 1101 2520 1165 est,
2552 1112 2676 1153 non
2705 1097 2861 1153 vicit.
2912 1121 2942 1148 »
2994 1099 3106 1155 Sed
3155 1116 3231 1156 ne
3282 1101 3506 1159 diutius

1853 1185 2184 1242 orationem
2215 1185 2581 1257 protraham,
2624 1185 2717 1241 vel
2744 1186 2860 1242 hoc
2902 1187 3028 1244 solo
3059 1205 3152 1245 res
3178 1191 3507 1263 conspicua

1854 1276 1978 1331 erit.
2018 1274 2418 1346 Nymphaeum
2440 1289 2650 1346 usque,
2672 1291 2809 1331 cum
2839 1275 3038 1332 nullus
3059 1279 3501 1350 adversaretur,

1855 1368 2054 1420 castra
2067 1363 2480 1435 posuitEricus
2496 1382 2509 1431 ;
2525 1363 2783 1436 indeque
2795 1365 3051 1434 rediens,
3068 1369 3284 1439 partim
3299 1370 3508 1440 praeda

1855 1458 2025 1526 parta
2044 1453 2284 1525 opimus
2317 1467 2386 1508 ac
2442 1457 2700 1522 saturus,
2747 1455 3024 1525 partima
3063 1455 3371 1514 laboribus
3420 1459 3504 1514 fe-

1854 1543 1992 1598 riari
2021 1548 2236 1614 optans
2267 1545 2482 1613 {neque
2513 1542 2672 1597 enim
2699 1542 2760 1598 in
2801 1544 3161 1600 sustinendis
3208 1547 3504 1604 bellorum

1855 1631 2282 1689 certaminibus
2317 1631 2522 1687 Latina
2549 1633 2713 1687 natio
2734 1632 3058 1704 perdurat),
3081 1652 3219 1690 cum
3250 1636 3508 1709 impera-

1853 1725 1979 1778 tore
2015 1720 2324 1776 Theodoro
2378 1719 2575 1775 foedus
2619 1720 3360 1798 iniit;concordatumque
3416 1731 3509 1784 est

1856 1809 2078 1865 Cimeni
2109 1810 2218 1881 (sic
2240 1809 2401 1864 enim
2431 1825 2606 1865 mons
2635 1810 2886 1866 Achirao
2910 1810 3198 1883 adjacens
3239 1815 3504 1887 appella-

119 1895 284 1960 ξατο,
345 1896 459 1950 κατ’
512 1896 729 1972 ἐρημίαν
791 1897 1001 1965 πολλὴν,
1058 1896 1268 1961 οὐδενὸς
1333 1897 1618 1958 κωλύοντος
1674 1899 1743 1956 ⁸1.

1865 1899 1968 1969 tur)
1996 1899 2272 1954 universa
2296 1903 2353 1953 et
2381 1898 2579 1969 ipsam
2620 1899 2945 1956 Achiraum
2981 1917 3016 1956 a
3048 1902 3264 1959 Latinis
3316 1905 3505 1976 possi-

129 1985 374 2039 Ἐκεῖθέν
399 2006 456 2039 τε
507 1987 844 2062 ὑποστρεψας
903 1992 963 2041 τό
993 1991 1082 2062 μεν
1147 1997 1252 2050 τοῖς
1303 1989 1613 2063 κρατηθεῖσι
1662 2007 1745 2040 κο-

122 2078 366 2150 ρεσθεὶς,
431 2079 491 2130 τὸ
545 2074 604 2130 δε
659 2083 748 2130 καὶ
808 2079 1097 2155 ἐκεχειρίαν
1151 2078 1394 2139 ἐθελήσας
1439 2076 1610 2130 λαϐεῖν
1665 2077 1745 2150 (οὐ

114 2168 244 2240 γὰρ
301 2166 433 2238 ἄγαν
516 2171 823 2240 καρτερικὸν
866 2171 926 2220 τὸ
975 2171 1256 2222 Λατινικὸν
1318 2167 1471 2240 φῦλον
1526 2167 1573 2218 ἐν
1630 2173 1744 2228 ταῖς

123 2257 354 2328 μάχαις
381 2257 698 2315 καθέστηκεν
729 2258 820 2327 ³³),
856 2257 928 2318 εἰς
957 2256 1242 2331 ξυμϐάσεις
1298 2257 1421 2316 ἦλθε
1468 2258 1600 2329 μετὰ
1654 2262 1745 2308 τοῦ

123 2343 403 2416 βασιλέως
473 2342 773 2421 Θεοδώρου.
841 2351 942 2400 Καὶ
1001 2349 1334 2421 συνεφωνήθη
1391 2349 1457 2400 τὰ
1510 2349 1601 2419 μεν
1654 2353 1745 2398 τοῦ

125 2440 339 2506 Κιμινᾶ
361 2437 534 2487 πάντα
566 2435 722 2506 (οὕτω
746 2437 845 2511 γὰρ
902 2439 960 2489 τὸ
1006 2437 1118 2513 ὃρος
1182 2436 1414 2489 καλεῖται
1467 2439 1527 2488 τὸ
1591 2434 1747 2507 ἐγγυς

123 2531 228 2584 τῆς
264 2523 570 2597 Ἀχυρσξους
604 2525 890 2597 τυγχάνον)
921 2528 1052 2597 μετὰ
1088 2530 1179 2578 καὶ
1218 2525 1380 2588 αὐτῆς
1437 2534 1531 2587 τῆς
1585 2525 1748 2596 Ἀχυ⁴

122 2612 296 2685 ράους
342 2615 487 2688 παρὰ
534 2620 627 2666 τοῦ
678 2622 775 2666 τῶν
832 2617 1078 2687 Φράγκων
1126 2618 1306 2687 γένους
1364 2611 1744 2682 δεσπόζεσθαι,

121 2703 222 2754 τὸν
253 2697 316 2754 δέ
360 2701 600 2774 Κάλαμον
655 2704 826 2775 (κώμη
881 2699 942 2756 δέ
993 2701 1134 2756 ἐστιν
1185 2706 1212 2756 6
1269 2703 1529 2775 Κάλαμος,
1578 2700 1631 2764 ἐξ
1685 2698 1743 2754 οὖ

1853 1989 1998 2055 deri,
2025 1988 2336 2044 Calamum
2367 2004 2509 2044 vero
2538 1988 2625 2059 (id
2661 1989 2955 2061 oppidum
2978 1995 3082 2057 est,
3108 2009 3180 2048 ex
3209 2010 3333 2065 quo
3362 1998 3507 2052 Neo-

1854 2083 2187 2134 castrorum
2218 2077 2419 2134 thema
2461 2077 2694 2134 initium
2749 2079 2951 2149 sumit)
3011 2081 3349 2138 inhabitum
3401 2083 3504 2140 de-

1855 2167 1965 2223 seri
1989 2182 2155 2239 ;quas
2178 2170 2567 2238 sequerentur
2585 2167 2700 2223 sub
2713 2167 2954 2224 arbitrio
2976 2185 3104 2224 esse
3124 2170 3503 2243 imperatoris

1852 2256 2144 2314 Theodori
2164 2272 2177 2311 :
2197 2271 2270 2312 ea
2292 2259 2461 2312 erant
2479 2258 2819 2327 Neocastra,
2854 2256 3223 2330 Celbianum,
3247 2261 3501 2333 Chliara,

1853 2347 2271 2415 Pergamus,et
2289 2360 2426 2416 quas
2448 2360 2484 2400 a
2503 2343 2684 2400 latere
2704 2350 2872 2400 erant
2887 2346 3141 2416 Magidia
3158 2353 3214 2403 et
3241 2349 3502 2421 Opiscia.

1854 2437 2066 2490 Praeter
2093 2434 2223 2489 haec
2263 2433 2418 2489 alius
2449 2433 2629 2489 etiam
2658 2434 2918 2504 regionis
2947 2435 3272 2508 imperator
3315 2439 3502 2495 Theo-

1853 2523 2038 2579 dorus
2066 2523 2177 2594 31
2217 2522 2665 2589 dominabatur,
2711 2539 2848 2596 quae
2898 2539 2935 2580 a
2981 2525 3246 2598 Lopadio
3284 2527 3504 2598 princi-

1852 2613 2022 2686 pium
2043 2611 2276 2668 habens
2299 2614 2545 2668 Prusam
2572 2611 2953 2684 Nieaaamque
2975 2629 3084 2668 suo
3114 2614 3346 2671 ambitu
3367 2631 3504 2672 con-

1854 2703 2012 2758 tinet.
2043 2703 2106 2757 Et
2136 2701 2220 2757 sic
2242 2700 2551 2756 Theodoro
2580 2701 2926 2773 imperatori
2955 2718 3048 2757 res
3074 2709 3395 2760 cesserant.

122 2793 186 2842 1'6
219 2809 327 2843 των
353 2794 692 2865 Νεοκάστρων
723 2793 840 2859 (17)
873 2793 1100 2865 ἄρχεται
1137 2793 1288 2865 θέμα)
1317 2797 1480 2865 μένειν
1509 2793 1707 2856 ἄοικον,
1735 2793 1800 2844 τὰ
1832 2789 1891 2844 δὲ
1921 2790 2140 2843 ἐντεῦθεν
2166 2792 2310 2864 παρὰ
2337 2797 2429 2841 τοῦ
2473 2788 2730 2862 βασιλέως
2788 2788 3065 2864 Θεοδώρου
3126 2788 3501 2854 δεσπὸζεσθαιο

122 2893 448 2964 Νεὸκαστρα
474 2885 532 2941 δὲ
561 2897 726 2943 ταῦτα
748 2886 808 2948 ἧν
839 2895 929 2942 καὶ⁹
961 2889 1234 2944 Κελϐιανὸν
1265 2889 1470 2962 Χλίαρά
1499 2907 1549 2942 τε
1575 2895 1664 2942 καὶ
1696 2893 1963 2963 Πέργαμος
2001 2894 2089 2940 καὶ
2118 2890 2184 2939 τὰ
2212 2887 2444 2960 πλαγίως
2474 2886 2754 2960 ἐγκείμενα,
2797 2886 3039 2960 Μαγίδιά
3069 2908 3121 2941 τε
3149 2895 3238 2942 καὶ
3287 2890 3507 2962 Ὀψίκια

123 2975 269 3050 (18).
303 2981 535 3052 Ὺπῆρχε
559 2975 618 3032 δὲ
639 2983 728 3032 καὶ
749 2978 873 3039 ἄλλη
908 2985 1065 3052 χώρα
1089 2981 1136 3015 ⁸³
1167 2987 1239 3050 τῷ
1269 2978 1482 3052 βασιλεῖ
1511 2975 1819 3053 Θεοδωρῳξή
1851 2977 1950 3031 ἀπὸ
1981 2985 2070 3031 τοῦ
2099 2974 2372 3030 Λοπαδίου
2397 2975 3027 3051 ἀρχομένη,καιΠροῦσαν
3049 2978 3508 3052 περιλαμϐάνουσα

124 3071 225 3119 καὶ
253 3072 502 3122 Νίκαιαν.
529 3073 630 3122 Καὶ
659 3068 794 3122 οὕτω
823 3073 914 3142 μὲν
946 3068 1128 3132 ξυνέϐη
1155 3078 1228 3141 τῷ
1261 3067 1474 3142 βασιλεί
1497 3065 1754 3144 Θεοδώρῳ
1783 3070 1850 3121 τὰ
1879 3070 2165 3144 πράγματα
2190 3068 2257 3122 ⁸⁴.

206 3155 376 3220 ις’,Ὀ
411 3152 472 3209 δὲ
500 3157 760 3232 εἰρημένος
823 3156 1008 3233 Ἐῥρἧς
1049 3157 1186 3230 (19),
1258 3158 1301 3210 εἰ
1363 3162 1452 3210 καὶ
1508 3160 1744 3231 Φράγκος
1780 3159 1820 3216 C

127 3247 190 3296 τὸ
237 3248 383 3317 γένος
475 3245 777 3319 ἐτύγχανεν,
860 3246 965 3300 ἀλλ’
1022 3244 1110 3300 οὖν
1169 3243 1274 3308 τοῖς
1327 3247 1600 3320 Ῥωμαίοις
1655 3252 1744 3300 καὶ

130 3331 404 3406 ἰθαγενέσι
467 3342 562 3397 τῆς
638 3341 1028 3389 Κωνσταντίνου
1107 3335 1410 3411 ἱλαρώτερον
1498 3339 1746 3409 προσεφέ-

126 3440 275 3497 ρετο,
309 3426 401 3476 καὶ
426 3422 646 3486 πολλοὺς
687 3421 802 3498 εἶχε
835 3429 957 3488 τοὺς
1012 3427 1103 3497 μὲν
1159 3432 1268 3486 τοῖς
1326 3423 1568 3498 μεγάλοις
1618 3427 1744 3478 τού-

126 3529 224 3564 του
263 3517 718 3586 συντεταγμένους,
749 3519 869 3575 τοὺς
896 3511 955 3566 δὲ
993 3521 1102 3575 τοῖς
1153 3520 1515 3588 στρατιώταις,
1568 3517 1627 3566 1'6
1686 3510 1744 3567 δὲ

127 3604 310 3652 κοινὸν
354 3600 548 3663 πλῆθος
638 3604 703 3662 ὡς
765 3602 948 3655 οἰκεῖον
992 3602 1108 3675 (20)
1163 3610 1390 3676 περιεῖπε
1440 3601 1584 3659 λαόν.
1645 3606 1745 3655 Καὶ

127 3692 234 3762 γὰρ
308 3695 700 3764 περιγενόμενος
750 3700 848 3743 τῶν
915 3691 1211 3764 Ῥωμαϊκῶν
1273 3691 1466 3744 ἀστέων
1529 3698 1744 3746 Λεντια-

127 3788 230 3831 νῶν
263 3798 319 3832 τε
348 3785 438 3833 καὶ
470 3787 818 3854 Ποιμανηνοῡ,
852 3786 941 3834 καὶ
961 3778 1158 3856 ἄνδρας
1221 3785 1307 3834 τὸν
1353 3788 1514 3855 Ἀρην
1566 3786 1741 3834 πνέον-

127 3887 220 3929 τας
274 3873 366 3922 καὶ
440 3871 566 3944 ἔργά
651 3869 830 3942 ψυχῆς
904 3875 1137 3942 γενναίας
1211 3866 1597 3944 ἐνδειξαμένους
1676 3873 1742 3933 ὡς

134 3959 352 4031 ἕρμαιόν
390 3979 443 4011 τι
467 3956 678 4023 ἐδέξατο
718 3959 958 4034 ἒφευρών.
992 3960 1074 4014 Ἐν
1103 3962 1202 4037 γὰρ
1260 3964 1317 4013 τὸ
1374 3969 1474 4012 τῶν
1532 3964 1746 4014 Λεαντί-

135 4067 235 4101 νων
262 4049 397 4101 ἄστυ
440 4049 572 4102 ὥστε
621 4053 711 4102 καὶ
775 4055 920 4108 σήτει
984 4057 1161 4122 φαγεῖν
1224 4052 1586 4121 κατηάγκασεν
1630 4049 1743 4122 (21)

147 4244 162 4258 ο

212 4173 262 4207 ⁸ο
291 4170 552 4244 βασιλέως
571 4172 788 4278 ἓΙϊαλώιὲ⁵
805 4173 1118 4278 Ῥἓιιπέρτου
1150 4169 1531 4278 ἀδελφήν.ἹΚαὶ
1568 4176 1654 4224 τὸν
1701 4174 1831 4225 Θέἰον
1856 4173 1957 4278 γὰρ

212 4248 446 4278 νάρκης-η
504 4247 573 4278 ...ι
610 4263 728 4278 ...ι-ρ.
792 4247 814 4278 ε
845 4243 864 4278 2.
931 4247 969 4278 n
1026 4246 1072 4278 si
1103 4246 1217 4278 ..ης-ν
1257 4265 1399 4278 έν...
1434 4249 1607 4278 sum...
1634 4260 1731 4278 nm
1793 4246 1834 4278 n
1899 4245 1919 4278 8

139 4244 270 4302 ἠττή
284 4223 475 4312 ima;
490 4223 743 4316 1.11.55;
754 4223 1078 4307 mnia
1097 4223 1217 4297 si;
1228 4223 1619 4304 "5.9.3.955;
1634 4223 1772 4300 om:
1788 4223 1878 4316 n'
1899 4245 1919 4278 ⁸

1928 3160 2011 3212 16.
2041 3155 2157 3213 Sed
2181 3155 2380 3211 Ericus
2406 3155 2540 3211 licet
2571 3154 2746 3211 Italus
2786 3170 3022 3225 genere,
3064 3159 3365 3213 Romanos
3417 3161 3506 3214 ta-

1853 3261 1989 3302 men
2024 3249 2079 3301 et
2105 3244 2454 3318 Byzantinos
2471 3243 2784 3314 indigenas
2796 3244 3088 3316 placidius
3115 3245 3505 3319 sedatiusque

1854 3334 2344 3408 amplectebatur,
2378 3337 2432 3389 et
2461 3349 2533 3389 ex
2556 3332 2669 3388 illis
2687 3333 2887 3406 plures
2907 3334 3058 3390 inter
3077 3334 3364 3407 primates
3387 3335 3505 3391 col-

1851 3424 2172 3495 locaverat,
2229 3422 2378 3480 alios
2435 3422 2587 3478 inter
2662 3422 2912 3479 militem
2989 3423 3508 3494 adnumeraverat,

1853 3513 2090 3586 plebem
2123 3528 2260 3569 vero
2289 3511 2473 3568 veluti
2521 3510 2834 3584 proprium
2892 3513 3188 3585 populum
3242 3513 3506 3570 fovebat.

1855 3602 2085 3658 Etenim
2115 3605 2399 3658 Romanis
2440 3600 2689 3657 urbibus
2726 3603 3021 3659 Lentianis
3048 3619 3116 3659 ac
3142 3604 3511 3661 Pmmaneno

1854 3692 2276 3765 expugnantis,
2291 3691 2453 3747 viros
2466 3691 2527 3746 in
2551 3690 2663 3746 illis
2679 3693 2924 3748 Martem
2937 3693 3234 3765 spirantes
3265 3697 3321 3748 et
3340 3693 3510 3748 editis

1854 3780 2223 3838 facinoribus
2254 3779 2590 3850 singulares
2612 3785 2826 3852 praeter
2843 3797 3014 3853 spem
3030 3781 3304 3837 inventos
3327 3781 3388 3836 in
3416 3781 3512 3835 lu-

1855 3885 1954 3925 cro
1981 3868 2311 3940 deputavit.
2345 3871 2495 3924 Nam
2526 3867 2822 3924 Lentianis
2852 3883 2975 3924 non
3004 3868 3190 3924 modo
3227 3867 3509 3924 custodes

1857 3973 2151 4031 aquarum
2193 3957 2445 4029 penuria
2472 3955 2699 4026 aﬂlixit,
2727 3972 2936 4011 verum
2959 3956 3205 4012 etfamis
3231 3956 3384 4012 adeo
3414 3972 3513 4012 ex-

1855 4047 2135 4103 cruciavit
2163 4052 2225 4102 ut
2255 4051 2562 4102 scutorum
2599 4061 2711 4102 nec
2765 4060 2890 4100 non
2948 4045 3296 4115 sagulorum
3325 4045 3510 4118 pelles

2088 4170 2097 4182 1
2118 4171 2129 4182 ρ

2018 4170 2200 4245 Ἐῤῥῆν
2261 4171 2286 4222 6
2341 4169 2650 4245 Ῥόμπερτος
2700 4165 3176 4245 διεδέξατο-πολλὰ
3228 4169 3512 4245 Ῥωμαίους

1968 4238 2140 4314 τόλμὲν
2165 4273 2236 4282 -—-
2263 4238 2578 4314 καθέστηκεν
2604 4257 2724 4297 om.
2844 4242 2899 4314 _'3
2929 4242 2994 4292 τά
3026 4238 3075 4292 δ’
3103 4238 3334 4294 ἐντεῦθεν
3359 4239 3507 4314 τάδε,

136 4310 467 4388 Νεόκαστρα,
498 4310 798 4386 Κελϐιάνὸν,
827 4316 1032 4391 Χλίαρά
1050 4336 1103 4369 τε
1129 4321 1218 4368 καὶ
1247 4321 1516 4389 Πέργαμος
1549 4321 1639 4368 καὶ
1670 4320 1737 4367 τὰ
1763 4314 1993 4386 πλαγίως
2025 4310 2291 4385 ἐγκείμενα
2317 4310 2531 4365 Μαλδία
2566 4332 2621 4364 τε
2649 4317 2737 4364 καὶ
2765 4311 2984 4382 Ὀψίκια
3022 4332 3097 4365 πα
3134 4315 3166 4365 ἁ
3211 4319 3303 4364 τοῦ
3354 4311 3513 4386 βασι-

137 4385 264 4439 λέως
295 4384 574 4439 Θεοδώρου
603 4383 978 4439 δεσπόζεσθαι.
1009 4387 1242 4439 ’Υπῆογε
1274 4384 1332 4439 δὲ
1364 4390 1528 4439 τούτω
1557 4391 1646 4439 καὶ
1674 4384 1798 4439 ἆλλη
1830 4391 1983 4439 γώοα
2007 4387 2036 4439 ἡ
2073 4385 2138 4439 Ι).
2172 4387 2218 4419 ⁸⁸
2259 4390 2348 4437 καὶ
2374 4385 2507 4436 οὕτω
2538 4415 2605 4423 ——
2626 4386 2913 4439 πράγματα
2943 4400 3058 4439 em.

137 4385 264 4450 λὲως
295 4383 574 4460 Θεοδώρου
603 4383 978 4449 δεσπόζεσθαιξ
1009 4387 1242 4464 ’Υπῆρχε
1274 4383 1332 4440 δέ
1360 4383 1528 4459 τοῦτῳ
1557 4391 1646 4439 καὶ
1674 4384 1798 4444 ἆλλη
1827 4383 1983 4461 χώρα
2007 4387 2036 4444 ἡ
2057 4383 2138 4440 ⁷Ι).
2166 4383 2218 4419 ⁸⁸
2259 4390 2348 4437 καὶ
2374 4385 2507 4436 οὕτω
2538 4415 2605 4423 ——
2626 4386 2913 4458 πράγματα
2943 4400 3058 4440 em.
3084 4383 3151 4439 D.

1028 4528 1370 4598 Theodori
1419 4529 1670 4598 Dousa:
1719 4536 1785 4597 et
1831 4527 2083 4598 Leonis
2131 4525 2367 4596 Allatii
2415 4535 2619 4596 notae.

205 4691 528 4763 (lOlMixpi
556 4692 647 4742 καὶ
691 4687 853 4763 αὐτοῦ
902 4695 994 4740 τοῦ
1023 4691 1383 4763 ’Νυμηφαίοω
1437 4686 1744 4763 MultaJde
1777 4689 1822 4742 D

135 4759 620 4834 expeditionibus
650 4761 1000 4817 Latinorum
1018 4759 1082 4818 in
1113 4759 1346 4817 Oriente
1367 4765 1573 4816 narrat
1599 4759 1746 4817 Cho-

133 4831 301 4890 niata
323 4832 386 4888 in
414 4831 730 4888 Balduino.
763 4836 898 4887 ALL.

202 4903 322 4975 (17)
376 4905 738 4976 Νεοκάστρὼν.
824 4909 1000 4959 Anna
1086 4903 1412 4972 Comnena,
1473 4901 1577 4958 lib.
1631 4910 1741 4960 xiv.

132 4979 270 5031 ALL.

203 5047 318 5118 (18)
345 5041 576 5114 Μολδία,
617 5051 707 5098 καὶ
765 5044 969 5118 ὸψίκια.
996 5046 1083 5118 ΒΘ
1148 5045 1429 5118 themate
1468 5044 1746 5118 Obsequii

132 5112 317 5190 supra
347 5112 630 5190 quedam
662 5112 967 5174 attulimus
989 5117 1050 5172 in
1078 5117 1256 5186 notis,
1285 5112 1494 5170 Μολδία
1519 5112 1744 5172 videtur

131 5189 462 5244 Moldaria.
488 5191 700 5244 DOUSA.

195 5261 311 5335 (19)
341 5259 546 5335 Ἐῥρῆς.
580 5259 852 5335 Balduini
893 5258 1074 5335 frater
1120 5262 1258 5335 post
1302 5263 1558 5335 mortem
1621 5257 1745 5314 Bal-

129 5329 299 5386 duini
328 5329 515 5387 tenuit
545 5330 984 5410 etgubernavit
1013 5329 1334 5410 imperium
1365 5329 1742 5410 Cpolitanum

130 5417 560 5474 aunumﬁunum
574 5409 879 5474 etmenses
891 5401 1153 5474 quatuor
1167 5401 1399 5473 absque
1414 5401 1741 5474 imperato-

126 5476 210 5530 rio
244 5473 416 5530 titulo
446 5491 459 5540 ;
493 5473 718 5528 nemini
747 5473 929 5539 enim,
961 5473 1041 5528 ita
1083 5474 1368 5528 referente
1425 5473 1641 5543 Niceta,
1676 5486 1736 5543 p.

128 5544 672 5617 847,7popularium
706 5560 957 5617 suorum
1003 5545 1172 5617 regni
1202 5542 1738 5617 inaugurationem

130 5613 476 5673 condonare
505 5615 960 5686 voluerunt,nisi
1012 5615 1283 5686 Balduini
1319 5621 1511 5672 morte
1538 5613 1739 5686 exploc

125 5687 451 5759 rata,qu9d
487 5701 870 5759 summopere
899 5685 1161 5745 laudans
1191 5685 1483 5744 Choniata
1512 5687 1574 5742 in
1593 5685 1737 5742 suos

129 5757 361 5818 Graecos
386 5757 708 5816 invehitur.
738 5757 879 5814 ALL.

1928 4689 2049 4759 (20),
2095 4690 2178 4759 Τὸ-
2223 4683 2280 4740 δὲ
2324 4757 2333 4759 4
2371 4690 2538 4739 κοινὸν
2589 4685 2780 4749 πλῆθος
2838 4690 2908 4750 ὡς
2987 4689 3198 4746 οἰκεῖον.

1853 4757 2098 4815 ωἱιιείη
2123 4757 2412 4814 Chronico
2441 4775 2453 4812 :

1996 4829 2125 4902 Μεθ’
2152 4831 2204 4881 ὅν
2225 4831 2495 4902 κατάρχει
2523 4833 2758 4881 Λατίνιον
2785 4839 2883 4882 τῶν
2900 4830 2962 4902 Ῠέν
2997 4831 3141 4884 πόλει

1999 4899 2413 4975 βλῆσινλΈῤῥῆς
2434 4899 2690 4975 σύναιμος
2728 4910 2792 4952 ῶν
2827 4899 3162 4970 Βαλδουΐνου,

1999 4972 2154 5046 Ἀνὴρ
2186 4971 2378 5046 ἱλαρὸς,
2415 4971 2623 5044 εὐμενὴς
2642 4974 2923 5046 λὺπηκὸοις,

2024 5040 2161 5116 Πρὸς
2192 5040 2250 5095 δε
2270 5040 2571 5116 ’στρατηγὸς
2604 5043 2813 5116 εὐσθενη
2827 5064 2866 5109 ς,
2893 5043 3196 5116 τολμητίας,

2000 5091 2313 5189 Ὀξύβροπὸς
2341 5091 2397 5166 τε
2427 5091 2762 5190 πρόςῖμσέχας
2787 5091 3102 5190 ’ἀντιπάλωη

1996 5191 2096 5260 βαι
2125 5182 2444 5260 ’σίτρατίώτας
2467 5182 2742 5257 γεννάδας,
2772 5184 3084 5260 ῥωμαλέους,

1991 5255 2243 5318 ’Έλληνας
2279 5255 2487 5328 ἄνδρας
2506 5255 2940 5328 συντεταγμένους
2979 5258 3137 5327 ἄγων,

2015 5277 2243 5318 ιΛΛηνας
2279 5277 2370 5309 ανο
2417 5277 2473 5318 ας
2506 5277 2940 5328 συντεταγμενους
2979 5277 3137 5327 αγων,

1993 5329 2284 5403 Ἐπίλεκτον
2319 5277 2561 5401 φάςιαγγα
2588 5333 2677 5380 καὶ
2709 5332 3004 5403 νικηφόρον,
3035 5334 3167 5403 ᾼιι.

1924 5400 2034 5471 (21)
2103 5401 2184 5453 Ἐν
2263 5396 2361 5473 γάρ
2426 5396 2506 5473 τδ
2540 5407 2638 5450 τῶν
2692 5396 2979 5451 Λεαντίνων
3023 5401 3156 5473 ἄστυ
3226 5396 3510 5473 ὥστε-καὶ

1853 5470 2219 5544 σήτειφαγεῐν
2269 5470 2680 5540 κατηνάγκασεν.
2733 5473 3057 5544 corruptus
3115 5470 3306 5526 locus.
3369 5471 3511 5527 Sen-

1851 5560 1984 5615 sum
2014 5541 2497 5615 qualemcunque
2529 5541 2952 5615 expressimus.
3002 5543 3067 5597 In
3125 5558 3246 5615 quo
3308 5545 3510 5615 tamen

1849 5613 2152 5687 nobismet
2169 5616 2314 5687 ip51s
2344 5613 2466 5687 non
2489 5613 2902 5668 satisfecimus.
2932 5613 3342 5687 Neque’etiam
3363 5614 3511 5670 ami-

1849 5685 1957 5743 cis.
1990 5685 2256 5751 Quorum
2284 5685 3010 5758 princepsDusarumque
3036 5685 3116 5741 ac
3183 5685 3510 5758 mulierum

1849 5771 2042 5826 amor,
2073 5755 2304 5815 Petrus’
2338 5755 2662 5814 Scriverius
2711 5755 2877 5815 aliud
2911 5755 3271 5832 suspicatus
3327 5756 3510 5814 latere

3278 4687 3514 4760 Ephrae-
