3988 6322
496 417 637 474 1027

1757 408 2041 463 GEORGII
2077 406 2558 464 ACROPOLITE.

3767 414 3896 466 102$

501 539 819 596 comedere
849 537 1149 610 compulsi
1181 537 1317 592 sint.
1343 537 1574 590 Murum
1628 531 1809 586 etiam
1865 531 2162 602 machinis
2191 533 2236 585 Α
2272 551 2340 583 τα
2393 531 2424 583 ἀ

2272 551 2340 583 τα
2393 531 2496 583 ἀπὸ
2553 539 2650 582 τῶν
2701 528 2944 584 ἀσπίδων
2991 536 3080 584 καὶ
3136 527 3452 604 ἐφεστρίδων
3509 533 3723 602 αὐτῶν,

500 630 759 685 admotis
783 629 928 684 soelo
957 625 1552 699 a3quatum,ideoque
1579 625 1746 676 vaste
1778 636 1847 675 ac
1862 620 2162 692 profunde

496 717 761 774 hiantem
795 731 951 771 unus
984 721 1119 787 post
1146 715 1329 770 alium
1358 711 1636 768 incendio
1661 710 1825 778 ligna
1886 724 2162 780 superge-

499 821 638 862 rens
672 821 776 877 per
806 805 1210 877 quadraginta
1257 803 1384 858 dies
1429 798 1836 855 defenderent.
1894 797 2160 853 Tandem

494 895 643 950 urbe
660 893 1235 966 perdomita,nullus
1261 908 1334 946 ex
1357 888 1773 946 defensoribus
1796 892 2009 959 preter
2034 902 2161 956 ger-

493 998 746 1039 manum
774 982 1157 1054 imperatoris
1196 981 1464 1046 fratrem,
1495 983 1552 1034 et
1579 979 1686 1048 qui
1709 976 1991 1032 exercitui
2012 991 2160 1047 prta.

493 1077 618 1129 erat
651 1071 1107 1132 Dermocaitem,
1153 1074 1210 1125 et
1263 1066 1669 1136 Palaaologum
1722 1065 2158 1130 Andronicum,

494 1163 589 1218 cui
618 1164 844 1218 lrenem
868 1161 1058 1218 ﬁliam
1081 1161 1428 1232 imperator,
1448 1162 1512 1212 ut
1529 1160 1704 1211 antea
1725 1155 2007 1224 diximus,
2040 1158 2159 1211 col-

492 1251 814 1317 locaverat,
847 1251 1037 1323 pretio
1092 1249 1439 1320 redemptus
1504 1250 1612 1301 est.
1666 1245 1819 1310 Quin
1875 1243 2160 1300 omnibus

495 1341 696 1397 Ericus
727 1341 788 1396 in
813 1357 1003 1396 unum
1027 1337 1506 1396 convocatisetin
1527 1341 1754 1390 turmas
1785 1349 1854 1390 ac
1885 1335 2160 1389 cohortes

492 1430 815 1502 dissipatis,
849 1429 1106 1485 ducibus
1138 1428 1252 1499 32
1287 1443 1360 1481 ex
1385 1424 1599 1480 eodem
1631 1438 1846 1492 genere
1892 1422 2159 1492 assigna-

494 1519 585 1587 tis,
620 1519 895 1574 omnium
942 1517 1350 1589 principatum
1381 1511 1854 1584 Theophilopulo
1907 1512 2158 1582 Georgio

493 1607 811 1674 commisit,
845 1610 899 1662 et
923 1604 1304 1662 orientalium
1353 1602 1616 1674 partium
1663 1600 2004 1657 custodiam
2055 1599 2158 1656 de-

492 1697 827 1753 mandavit.

568 1877 652 1928 17.
687 1873 810 1929 Sub
838 1872 952 1928 hoc
987 1871 1253 1944 Byzantii
1283 1870 1618 1943 imperante
1646 1869 1725 1926 ad
1758 1869 2030 1938 reginam
2064 1884 2160 1924 ur-

2271 626 2360 672 καὶ
2384 629 2564 691 τεῖχος
2607 621 2664 672 οὐ
2728 617 3178 693 μικροδιάστατον
3230 627 3342 680 ταῖς
3396 620 3673 674 ὒεπὸὶεσι
3738 643 3895 674 κατα-

2271 713 2449 778 πεσὸν,
2500 712 2631 780 μετὰ
2693 715 2951 782 μεγίστης
2995 716 3248 783 πυρκαϊᾶς
3299 713 3716 782 τεσσαράκοντα

2269 818 2366 872 ρας
2413 797 2689 870 ἐφύλαττον
2729 806 2899 869 τοῦτο,
2957 795 3246 871 ἀμοιϐαδὸν
3296 807 3352 858 τῆ
3405 807 3658 874 πυρκαΞᾲ
3711 821 3896 874 προσῖ-

2269 890 2646 961 πισωρεύοντες
2728 887 2872 949 ξύλα.
2930 890 3284 961 Κρηηθέντος
3342 896 3469 958 γοῦν
3530 898 3630 941 τοῦ
3697 889 3894 952 ἄστεως

2270 973 2440 1036 οὐδεὶς
2467 975 2520 1038 ἐξ
2559 976 2726 1028 αὐτῶν
2757 975 3068 1030 ἀπολέλυται
3098 978 3241 1049 εἰμὴ
3283 981 3431 1049 μόνος
3491 980 3518 1030 ὁ
3567 987 3670 1031 τοῦ
3731 979 3891 1052 βασι-

2267 1065 2386 1126 λέως
2416 1063 2738 1138 αὐτάδελφος
2785 1070 2874 1118 καὶ
2924 1067 2951 1118 ὁ
3000 1066 3069 1128 εἰς
3124 1068 3350 1138 ἡγεμόνα
3403 1074 3498 1118 τοῦ
3563 1072 3893 1142 στρατεύμαο

2267 1174 2353 1216 τος
2410 1159 2716 1227 τεταγμένος
2769 1159 3118 1229 Δερμοκαῖτης
3171 1160 3261 1208 καὶ
3291 1158 3316 1208 ὁ
3365 1156 3738 1229 Παλαιολογος
3793 1159 3892 1212 ’Δνο

2269 1240 2528 1316 δρόνικος,
2572 1247 2737 1305 ὅν,ὡς
2789 1246 2814 1295 ὁ
2854 1241 3015 1315 λόγος
3057 1246 3285 1316 πέφθακε
3340 1241 3613 1313 δηλῶσαι,
3678 1253 3776 1299 xxi
3829 1249 3892 1309 εἰς

2266 1339 2355 1391 τὴν
2373 1336 2635 1406 θυγατέρα
2659 1333 2821 1384 αὐτοῦ
2849 1333 3074 1407 Εἰρήνην
3093 1331 3330 1405 γαμϐρὸν
3351 1335 3376 1386 ὁ
3424 1332 3696 1405 βασιλεὺς
3731 1355 3890 1410 προσ-

2267 1422 2494 1479 ελάϐετο.
2525 1425 2723 1483 Πάντας
2769 1418 2829 1474 δε
2882 1425 3000 1482 τούς
3057 1421 3244 1484 ἄλλους
3307 1423 3333 1474 ὁ
3386 1421 3579 1497 Ἐῥρἦς
3641 1423 3892 1487 συλλεξά-

2265 1531 2409 1583 μενος
2439 1517 2528 1563 καὶ
2549 1514 2681 1563 κατὰ
2712 1510 2826 1571 ἴλας
2887 1511 3164 1580 συντάξας,
3233 1515 3324 1563 καὶ
3376 1513 3650 1583 ὁμογενεῖς
3715 1514 3892 1573 αὐτοῖς

2263 1597 2536 1675 παραδοὺς
2578 1602 2852 1672 ἡγεμόνας,
2908 1601 3181 1672 ὑπερέχειν
3231 1596 3291 1652 δὲ
3344 1602 3550 1653 πάντων
3605 1605 3706 1654 τὸν
3768 1611 3891 1656 6m-

2267 1689 2576 1762 φιλοπουλον
2637 1695 2888 1762 Γεώργιον
2968 1691 3399 1763 παρασκευάσας,
3452 1697 3552 1748 τήν
3595 1699 3714 1743 τῶν
3778 1691 3891 1745 ἀνα-

2265 1788 2479 1831 τολικῶν
2504 1787 2670 1852 μερῶν
2698 1777 2930 1850 φυλακὴν
2961 1777 3140 1838 αὐτοῖς
3165 1776 3512 1832 ἐνεπίστευσε.

2338 1867 2426 1928 ῖς.
2473 1869 2661 1920 Τουτοῖ
2696 1863 2755 1919 δε
2812 1865 2936 1918 τοῦ⁹
2967 1866 3102 1941 Ερρῆ
3156 1874 3252 1928 τῆς
3302 1872 3715 1921 Κωνσταντὶνου
3777 1889 3895 1922 κατ-

490 1960 660 2018 bium
693 1977 729 2017 a
756 1977 998 2016 summo
1034 1960 1316 2033 pontifice
1347 1959 1568 2031 praesul
1599 1958 1733 2029 (ipsi
1763 1957 2026 2026 legatum
2071 1957 2159 2012 in-
2194 1976 2238 2028 Β
2269 1955 2424 2031 ἀρχοὶ

2269 1955 2522 2031 ἀρχοντος
2582 1955 2844 2013 ἀπεστάλη
2918 1958 3061 2028 παρὰ
3133 1962 3226 2008 τοῦ
3322 1958 3513 2009 πάππα
3588 1962 3741 2033 πρὸς
3799 1964 3888 2017 τὴν

491 2049 764 2120 digitant)
796 2049 1072 2119 Pelagius
1102 2049 1346 2104 nomine
1376 2063 1550 2120 papae
1581 2047 2010 2119 praerogativas
2035 2055 2160 2102 om’

489 2155 596 2197 nes
627 2139 889 2196 referens
941 2138 1257 2210 ablegatur
1285 2155 1297 2194 :
1324 2153 1592 2209 namque
1649 2136 1882 2192 calceos
1943 2135 2160 2192 rubros

2269 2041 2536 2118 βασιλίδα
2585 2053 2684 2096 τῶν
2748 2043 2941 2097 πόλεων
3027 2045 3323 2118 ἀρχιερεὺς,
3399 2047 3452 2097 ὃν
3507 2051 3602 2098 καὶ
3662 2047 3894 2119 λεγοίτην

2268 2135 2418 2188 αὐτοί
2444 2154 2593 2207 φασι,
2625 2133 2852 2206 τοῦνομα
2882 2133 3130 2204 Πελάγιον
3194 2136 3328 2205 (22),
3379 2134 3589 2188 ἅπαντα
3634 2140 3716 2189 τά
3763 2158 3894 2210 πρε-

1380 2233 1720 2301 Theodori
1769 2233 2018 2300 Dousa:
2069 2242 2134 2300 et
2183 2233 2431 2300 Leonis
2479 2231 2713 2298 Allatii
2763 2242 2967 2299 notaa.

490 2343 765 2400 adhibuit
786 2341 1317 2398 familiarissimum
1341 2341 1447 2396 sibi
1477 2355 1985 2411 communemque
2008 2339 2155 2411 ami-

494 2430 634 2470 cum
669 2419 942 2470 nostrum
976 2413 1276 2469 Danielem
1307 2412 1609 2467 Heinsium
1639 2429 1652 2477 ;
1684 2410 1977 2482 cui‘viror
2008 2410 2154 2482 quid

492 2487 728 2557 Graece,
760 2485 908 2557 quid
938 2486 1156 2540 Latinae
1180 2483 1461 2557 _deb_eant
1511 2483 1736 2547 litterae,
1795 2479 2155 2537 limatissimi

490 2556 628 2628 ejus
647 2554 864 2626 ingenii
895 2555 1263 2628 immortales
1301 2554 1477 2628 foetus
1500 2568 2034 2628 “summorumque
2083 2568 2154 2628 ac

490 2623 1028 2684 eruditissimorum
1058 2626 1375 2682 hominum
1401 2626 1474 2680 de
1497 2623 1595 2679 illo
1621 2623 1847 2694 judicia
1911 2623 2153 2680 abunde

489 2703 798 2776 testantur,
827 2703 884 2753 et
909 2697 1120 2776 sentiet
1150 2696 1415 2776 maximo
1441 2712 1580 2751 cum
1614 2693 2020 2776 emolumento
2049 2711 2152 2776 po-

489 2770 744 2825 steritas.
773 2772 826 2824 ls
857 2769 1200 2839 conjectura
1231 2784 1302 2823 ex
1332 2772 1602 2838 tempore
1631 2773 1816 2839 nata,_
1837 2771 1894 2821 et
1947 2766 2151 2839 divina

487 2855 738 2912 prorsus
755 2841 860 2907 (ita
881 2837 1156 2912 melleus
1184 2842 1364 2912 amet)
1393 2837 2152 2912 divinationedepravatis-

491 2907 714 2968 simum
727 2911 888 2967 hunc
903 2911 1104 2966 locum
1126 2909 1708 2982 itainterpolandum
1723 2907 1912 2963 dixit:
1941 2908 2021 2982 ’βξ
2047 2912 2148 2981 γὰρ

486 2991 561 3052 τῷ
633 2991 731 3036 τῶν
809 2983 1292 3052 Λεαντίνωννοῖστει
1376 2976 1438 3033 οὗ
1498 2985 1650 3052 μόνον
1714 2982 1900 3052 σπάνις
1955 2976 2150 3042 ὕδατος

487 3050 609 3116 τοὺς
670 3054 1032 3128 φυλάσσοντας
1103 3051 1392 3128 efﬂaverat
1444 3050 1594 3128 λιρίός
1666 3069 1739 3117 τε,
1787 3050 1918 3128 ὥστε
1965 3069 2147 3128 σκυτο-

489 3119 686 3198 φαγείν’
727 3127 1120 3198 κατηνάγκασεν
1191 3123 1292 3198 άπὸ
1351 3119 1611 3198 uani-dor:
1673 3127 1763 3198 atati
1830 3119 2147 3198 ἐφεστρίδιον

489 3195 680 3253 αὐτῶν.
705 3199 824 3252 Hoc
878 3195 1028 3251 est:
1064 3195 1132 3250 In
1185 3196 1613 3252 Leantinorum
1656 3195 1876 3264 quippe
1929 3195 2148 3262 oppido

487 3268 654 3324 haud
670 3273 904 3323 tantum
927 3267 1360 3337 aquaepenuria
1375 3265 1781 3334 praesidiarios
1796 3265 2043 3337 urgebat
2077 3280 2149 3337 ac

481 3339 696 3408 fames,
719 3339 866 3393 adeo
889 3344 953 3392 ut
974 3335 1312 3406 clypeorum
1344 3344 1410 3408 et
1427 3351 1709 3408 sagarum
1732 3335 1887 3389 caria
1912 3336 2148 3408 mande-

487 3405 644 3474 rent,
681 3423 884 3464 verum
916 3405 1114 3475 etiam,
1157 3412 1291 3475 etc.,
1323 3407 1418 3462 vel
1447 3405 1524 3460 ad
1579 3405 1828 3460 verbum
1879 3406 2026 3461 adeo
2084 3412 2146 3461 ut

487 3479 712 3558 clgpeis
733 3494 814 3558 ac.
833 3479 991 3558 sagis
1020 3478 1185 3558 coria
1225 3478 1615 3558 manducare“
1667 3482 2037 3546 cogerentur.
2071 3480 2146 3534 De

487 3551 660 3620 cujus
686 3548 954 3620 lectionis
978 3549 1314 3620 veritatene
1347 3548 1551 3620 dubita
1579 3549 1790 3620 Dousa.

558 3618 670 3691 (22)
702 3619 972 3691 ιιελάγιον.
1003 3618 1129 3691 Fuit
1179 3619 1272 3674 hic
1323 3619 1592 3691 Pelagius
1650 3618 1968 3691 episcopus
2019 3635 2146 3691 care

488 3689 706 3762 dinalis
736 3689 1028 3760 Albanus,
1056 3689 1288 3755 legatus
1318 3690 1385 3762 in,
1412 3689 1580 3762 Syria
1604 3694 1660 3744 et
1687 3689 1984 3762 'IEgypto,
2044 3689 2146 3762 ubi

485 3761 652 3842 obiit,
669 3762 1077 3842 sub_Honorio
1103 3762 1168 3842 l_Il
1191 3761 1404 3842 pontii.
1429 3761 1595 3842 130m.
1624 3761 1936 3842 presbjtter
1955 3761 2146 3842 cardi-

485 3833 640 3888 nalis
666 3833 814 3888 tituli
847 3833 967 3889 sive
1007 3830 1268 3888 ecclesiae
1325 3835 1381 3889 S.
1443 3830 1740 3886 Praxedis.
1790 3830 1932 3886 Vide
1989 3833 2146 3888 Onu-

483 3903 662 3960 frium
694 3905 1005 3961 Paninium
1036 3911 1092 3960 et
1115 3903 1429 3959 Alfonsum
1460 3902 1806 3958 Ciaconium
1841 3901 1897 3956 in
1949 3903 2144 3972 ponti-

483 3975 668 4030 ficum
698 3982 754 4032 et
778 3975 1172 4031 cardinalium
1196 3975 1465 4030 historia.
1495 3973 1753 4028 Jacobus
1780 3972 1854 4027 de
1899 3973 2147 4029 Vitriaco

485 4049 845 4102 Acconensis
864 4049 1020 4102 circa
1047 4045 1144 4101 illa
1164 4052 1433 4117 tempora
1452 4047 1770 4117 episcopus
1805 4044 1862 4096 in
1895 4044 2147 4117 epistola

483 4117 561 4172 ad
583 4118 976 4185 Lotharingos
996 4134 1159 4177 suos.
1181 4118 1254 4172 de
1291 4115 1569 4188 captione
1607 4115 1890 4188 Damiataa
1907 4127 1930 4185 ;
1952 4115 2149 4188 Igitur

481 4189 654 4243 nonis
677 4189 1050 4252 Novembris,
1082 4186 1390 4243 Salvatore
1429 4186 1640 4242 mundi
1677 4194 1987 4253 regnante,
2048 4187 2148 4241 do-

484 4261 642 4314 mino
670 4261 846 4314 Petro
871 4259 1202 4314 Albanensi
1228 4259 1495 4326 episcopo
1526 4258 1870 4326 apostolicae
1889 4258 2042 4313 sedis
2073 4258 2149 4313 le-

482 4336 623 4399 gato
653 4331 991 4384 solemniter
1019 4330 1321 4398 vigilante,
1357 4345 1516 4384 anno
1547 4329 1761 4399 gratiae
1797 4332 1928 4382 1219
1968 4335 2146 4397 capta

484 4405 570 4455 est
609 4400 907 4454 Damiata.
941 4403 1171 4454 Petrum
1205 4401 1364 4454 hunc
1386 4400 1667 4454 eumdem
1717 4414 1853 4452 cum
1914 4401 2147 4467 Pelagio

483 4469 723 4524 credere
744 4471 889 4525 quid
910 4472 1110 4525 vetat?
1140 4474 1228 4524 An
1260 4485 1382 4524 non
1427 4475 1482 4524 et
1513 4470 1595 4524 sic
1645 4469 2097 4525 rescribendum
2119 4470 2147 4524 ?

483 4539 701 4612 Pelagii
726 4539 1080 4612 Albanensis
1102 4541 1367 4612 episcopi
1395 4556 1464 4612 ac
1486 4540 1679 4612 legati
1703 4539 1916 4612 diserte
1941 4543 2144 4596 memi-

483 4610 570 4667 nit
599 4609 659 4664 in
688 4610 900 4666 eadem
926 4609 1170 4666 historia
1200 4609 1489 4666 Oliverius
1521 4609 1908 4665 scholasticus
1971 4612 2143 4667 Colo-

481 4681 710 4754 niensis
742 4681 910 4754 epist.
946 4681 1023 4754 ad
1051 4680 1469 4754 Engelbertum
1522 4681 1869 4754 archiepise.
1937 4683 2140 4738 Colon.

485 4728 1033 4809 ἓὶλῖεἷὶῐιεὲῗλζβαῖὧ
1051 4728 1915 4822 ’ῖηυεῇὶῖἐίἑῖᾖεῶτῖὲίἱπῖελόινε
1938 4728 2141 4810 Ξᾶᾘὶἱὶ
2181 4728 2224 4783 ι)

481 4839 630 4880 num
668 4829 820 4880 1219.
854 4824 1088 4896 Aliique
1111 4824 1426 4895 scriptores
1448 4824 1844 4891 consentiunt,
1903 4830 2023 4880 tam
2047 4842 2143 4881 ve-

481 4899 633 4968 teres
653 4911 829 4968 quam
845 4900 1147 4968 recentes;
1203 4911 1274 4950 ex
1292 4910 1544 4968 quorum
1560 4909 1808 4968 numero
1827 4896 2144 4968 videantur

481 4965 700 5022 Paulus
725 4967 1009 5032 Emilius,
1043 4967 1273 5022 Histor.
1313 4965 1560 5023 'Gallor.
1598 4965 1702 5021 lib.
1733 4983 1812 5027 v1,
1863 4972 1918 5022 et
1974 4967 2141 5023 Ubbo

481 5038 772 5110 Emmius,
793 5039 939 5110 alter.
970 5038 1250 5094 Frisiear.
1284 5036 1386 5092 lib.
1422 5054 1539 5110 vui,
1573 5043 1837 5110 recentes
1894 5038 2139 5110 quidem

480 5108 664 5180 amabo
705 5109 809 5164 sed
840 5109 1139 5178 elegantes
1171 5113 1227 5164 et
1257 5109 1518 5164 accurati
1551 5108 2139 5180 scriptores.r‘Verum

483 5179 652 5234 Ubbo
683 5186 879 5235 noster
907 5181 1139 5236 variare
1193 5185 1464 5235 auctores
1512 5180 1570 5233 in
1624 5179 1912 5250 pcntiﬁcii
1961 5179 2140 5249 legati

480 5251 724 5322 nomine
749 5251 1014 5322 adnotat,
1032 5250 1331 5322 quosdam
1355 5250 1685 5322 Pelagium,
1710 5251 2012 5322 quosdam
2035 5254 2140 5307 Co-

480 5318 753 5390 lumnam
785 5318 1138 5390 ingerentes,
1196 5321 1478 5386 Blondus,
1511 5318 1756 5377 ’Historl
1813 5320 2025 5376 decad.
2075 5325 2138 5389 11,

479 5389 581 5446 lib.
603 5403 728 5462 vn;
759 5389 1080 5454 Bonﬁnius,
1114 5395 1250 5448 Rer.
1292 5394 1523 5462 Ungar.
1566 5391 1774 5446 decad.
1809 5391 1975 5456 Il,lib
2036 5409 2138 5454 vn.

481 5465 539 5516 et
564 5461 660 5516 alii
682 5462 1046 5518 cardinalem
1076 5461 1431 5518 Columnam
1461 5463 1557 5517 hic
1616 5467 1973 5530 agnoscunt.
2035 5467 2140 5520 Cu-

481 5531 795 5605 spinianus
826 5534 1138 5594 (Platinam
1169 5534 1252 5605 in,
1295 5536 1420 5588 Vita
1461 5533 1698 5605 Honorii
1757 5533 1825 5588 lll
1877 5537 2137 5605 secutus)

478 5602 564 5677 ip)
587 5604 753 5658 Petro
786 5604 1258 5677 Antisiodorensi
1293 5605 1439 5677 imp.
1472 5604 1780 5677 Cpolitano
1811 5623 1828 5677 :7
1856 5605 1960 5661 Est
2014 5602 2140 5662 tum

478 5674 737 5746 Joannes
769 5675 1099 5746 cardinalis
1120 5675 1190 5729 de
1213 5674 1503 5746 Columna
1516 5674 1758 5746 legatus
1792 5676 2138 5733 declaratus

476 5743 576 5831 {ab
599 5745 867 5804 Honorio
895 5745 1197 5818 ponti‘ics)
1226 5745 1308 5803 ad
1327 5746 1491 5804 Arias
1524 5743 1618 5804 res
1691 5747 2133 5823 reformandas,

2262 2354 2394 2394 cum
2407 2338 2586 2408 copiis
2619 2338 2694 2394 ab
2705 2338 3046 2394 Innocentio
3069 2338 3364 2395 excitatis.
3375 2340 3452 2394 De
3467 2338 3726 2409 Pelagio
3741 2356 3893 2397 δ,ηο-

2261 2426 2484 2482 nymus
2506 2409 2784 2482 Historiae
2812 2410 3124 2482 orientalis
3145 2417 3199 2465 et
3229 2411 3782 2482 CaptzADamiatz
3805 2429 3888 2467 sc-

2259 2480 2446 2552 riptor
2473 2481 2638 2552 apud
2662 2481 2922 2536 Vincent.
2947 2480 3384 2552 Bellovacens.,
3416 2480 3586 2552 Spec.
3617 2484 3885 2539 Πέδιον..

2258 2551 2537 2621 lib.xxx{,
2572 2554 2716 2607 {38:
2788 2551 3058 2607 Damiata
3117 2551 3324 2609 multis
3397 2551 3719 2609 laboribus
3793 2571 3887 2610 ca-

2256 2629 2363 2692 pta
2388 2627 2441 2680 et
2475 2638 2585 2692 per
2603 2638 2828 2680 annum
2862 2623 2954 2679 vel
2984 2623 3244 2690 amplius
3263 2638 3300 2679 a
3331 2623 3558 2679 nostuis
3579 2640 3882 2693 possessa,

2256 2695 2630 2764 postmodum
2667 2695 2900 2763 Pelagio
2931 2694 3239 2750 cardinali
3275 2698 3330 2750 et
3361 2695 3554 2764 legato
3592 2698 3883 2765 Templa-

2257 2766 2366 2820 riis
2386 2772 2438 2822 et
2475 2765 2905 2833 Hospitalariis
2935 2771 3170 2836 totoque
3197 2765 3462 2821 exercitu
3493 2767 3884 2824 Christiano-

2258 2853 2390 2910 rum
2414 2844 2657 2910 erecepto
2672 2852 2809 2910 rege
2829 2837 3203 2910 Hierusalem
3221 2837 3586 2910 Joanﬁne,qui
3601 2839 3673 2893 ob
3694 2854 3881 2910 quam

2255 2909 2393 2963 dam
2448 2908 2808 2964 discordiam
2852 2907 3012 2963 inter
3051 2907 3248 2975 ipsum
3267 2913 3322 2963 et
3362 2907 3616 2978 legatum
3648 2907 3879 2966 mbtam

2255 2979 2330 3034 ab
2368 2979 2634 3035 exercitu
2669 2978 2925 3037 recessit.
2957 2993 2994 3034 a
3023 2978 3289 3033 Soldano
3315 2993 3424 3047 per
3459 2979 3880 3048 infortunium

2255 3051 2446 3117 captis
2463 3056 2516 3105 et
2532 3051 2800 3118 graviter
2816 3050 3072 3118 aﬁlictis,
3087 3049 3323 3105 reddita
3337 3057 3420 3106 est
3431 3051 3729 3119 paganis.
3759 3052 3877 3108 Dis-

2254 3121 2470 3177 cordias
2500 3121 2680 3191 hujus
2706 3121 2972 3176 fomitem
2995 3136 3072 3175 an
3097 3120 3328 3186 fortem,
3353 3120 3466 3176 nisi
3486 3121 3680 3190 fallor,
3739 3124 3880 3180 satis

2254 3192 2478 3264 liquere
2497 3193 2774 3248 existimo
2787 3209 2857 3247 ex
2873 3191 3119 3247 historia
3140 3191 3301 3246 Pauli
3317 3191 3551 3264 Emilii,
3574 3209 3778 3264 quem
3799 3195 3876 3249 vi-

2253 3261 2477 3318 deloco
2491 3279 2672 3328 supra
2690 3263 2866 3318 citato
2888 3268 3056 3328 ;etex
3072 3278 3143 3317 eo
3160 3264 3352 3328 Meyer
3364 3261 3441 3318 ad
3459 3261 3690 3318 annum
3707 3269 3875 3322 122t.

2258 3337 2442 3408 DOUSA
2455 3332 2829 3408 .——_Pelagius
2841 3333 3043 3408 cardin
3052 3332 3158 3408 alis
3173 3332 3528 3408 Albanen‘sis
3541 3335 3877 3408 episcopus

2254 3405 2486 3473 legatus
2503 3404 2936 3461 ablnnocentio
2970 3405 3038 3460 lll
3070 3404 3278 3475 Cpolin
3305 3404 3598 3470 mittitur,‘
3623 3404 3876 3462 sum'ma

2254 3477 2610 3558 auctoritate
2622 3477 2966 3558 instructus,
2981 3479 3045 3530 ut
3057 3479 3313 3558 Graecos.
3333 3475 3685 3558 qui‘Latinis
3698 3493 3876 3558 pare-

2253 3545 2465 3617 bant,a
2487 3547 2806 3602 schismate
2831 3547 3154 3618 abduceret
3176 3545 3453 3618 atque—ad
3472 3545 3776 3618 Ecclesiae
3805 3550 3876 3604 si-

2254 3615 2412 3673 num
2448 3622 2774 3673 revocaret.
2796 3615 3297 3673 Narrathocidem
3315 3615 3670 3688 Sabellicus,
3687 3622 3876 3675 Eune-

2256 3689 2366 3761 ad.
2390 3688 2586 3761 IX,lib.
2602 3706 2638 3742 v
2664 3707 2675 3744 :
2697 3689 2993 3761 Henricus
3008 3689 3337 3761 imperator
3361 3688 3736 3746 Christiana:
3755 3693 3876 3761 pie-

2256 3760 2396 3814 tatis
2423 3760 2974 3816 observantissimus
3001 3775 3062 3815 se
3089 3760 3429 3822 adiutorem
3465 3761 3733 3828 praebuit
3757 3760 3875 3819 7R0-

2253 3832 2420 3886 mani
2437 3832 2754 3899 pontiﬁcis,
2778 3832 2971 3900 legato
2983 3831 3063 3886 ad
3075 3831 3183 3886 hoc
3198 3831 3557 3900 Byzantium
3572 3834 3783 3899 misso,
3809 3840 3871 3888 ut

2257 3902 2490 3957 Graecos
2511 3903 2898 3973 subigeretad
2923 3904 3203 3958 Romanu
3232 3902 3510 3958 Ecclesia:
3530 3903 3724 3959 ritum
3747 3921 3871 3960 sus-

2254 3973 2611 4038 cipiendum.
2661 3975 2764 4028 Via:
2784 3988 2852 4028 ea
2875 3988 2965 4028 res
2992 3974 3218 4028 moveri
3256 3979 3446 4042 coepta
3475 3981 3578 4043 est,
3616 3991 3761 4032 cum
3791 3992 3871 4032 se-

2255 4043 2400 4098 ditio
2431 4047 2639 4113 ingens
2671 4045 2967 4100 civitatem
2997 4044 3236 4104 invasit.
3269 4046 3486 4100 Graecis
3527 4047 3867 4103 reclaman-

2256 4115 2410 4168 tibus
2435 4115 2816 4183 imperatoris
2837 4115 3099 4184 ofﬁcium
3127 4130 3249 4171 esse
3269 4131 3440 4170 arma
3469 4131 3717 4187 curare,
3746 4135 3865 4173 non

2253 4200 2462 4249 sacra;
2497 4187 2640 4240 satis
2661 4202 2954 4254 superque
2982 4203 3016 4239 α
3035 4202 3092 4241 se
3113 4187 3343 4252 datum,
3367 4187 3469 4257 qui
3492 4202 3670 4242 suam
3705 4191 3867 4256 passi

2254 4265 2440 4312 essent
2463 4258 2788 4312 Ecclesiam
2823 4259 3102 4312 Romanu
3130 4259 3455 4327 subjectam
3485 4262 3859 4314 renuntiari.

2254 4329 2316 4382 Η
2316 4328 2548 4383 enricus
2567 4330 2736 4384 relict
2744 4329 2790 4383 is
2805 4345 2934 4384 cum
2955 4344 3061 4384 sua
3073 4329 3408 4398 pertinacia
3427 4330 3654 4384 Graecis
3668 4333 3753 4386 ad
3765 4332 3840 4385 im
3853 4360 3866 4370 -

2253 4399 2405 4466 perii
2443 4400 2920 4455 constitutionem
2976 4401 3361 4456 convertitur.
3405 4400 3470 4454 Id
3496 4405 3710 4457 tamen
3745 4417 3864 4457 non

2255 4473 2595 4543 Graecorum
2619 4472 2988 4543 pertinacia,
3019 4471 3123 4543 sed
3152 4470 3329 4543 legati
3365 4470 3783 4543 imprudentia
3810 4477 3864 4527 et

2253 4541 2518 4615 nimioin
2551 4540 2730 4596 rebus
2753 4541 3159 4615 exsequendis
3177 4541 3422 4615 ardore,
3443 4540 3644 4615 colligi
3670 4548 3866 4615 potest

2254 4627 2326 4668 ex
2356 4612 2484 4685 aliis
2518 4629 2761 4685 quoque
2790 4612 3044 4682 hujusce
3071 4612 3286 4682 Pelagii
3309 4612 3690 4685 actionibus:
3715 4617 3864 4670 Nam

2253 4683 2770 4754 plerique’omnes,
2804 4689 2868 4740 ut
2898 4688 3099 4739 narrat
3123 4683 3484 4754 Spondanus
3505 4699 3674 4740 anno
3707 4687 3860 4749 122-1,

2256 4753 2434 4809 num.’
2463 4756 2544 4816 19,
2589 4755 2882 4811 Damiatae
2916 4753 3247 4810 amissionis
3296 4753 3543 4811 dedecus
3576 4755 3643 4809 in
3694 4757 3864 4812 Pela-

2253 4826 2417 4898 gium
2463 4825 2761 4894 rejiciunt,
2805 4826 2909 4898 qui
2945 4831 3158 4882 contra
3187 4826 3449 4882 omnium
3497 4826 3862 4882 militarium

2253 4897 2471 4952 ducum
2501 4896 2872 4964 sententiam,
2888 4896 3013 4966 ipse
3031 4912 3236 4953 earum
3258 4912 3459 4953 rerum
3477 4897 3861 4966 inexpertus,

2254 4968 2615 5024 alienissimo
2646 4973 2906 5037 tempore
2930 4968 2989 5024 vi
3017 4983 3406 5024 censurarum
3433 4968 3728 5024 adversus
3744 4970 3864 5024 sul-

2255 5044 2456 5120 tanum
2487 5045 2688 5120 castra
2718 5054 2950 5120 movere
2972 5039 3311 5120 inconsulte
3331 5040 3609 5120 coegerit,
3639 5046 3699 5095 et
3728 5046 3863 5120 tan_-

2255 5115 2377 5182 tum
2406 5126 2524 5165 non
2551 5111 2950 5182 ignavissimaa
2975 5111 3153 5166 morti
3175 5111 3265 5182 rel
3288 5110 3644 5182 turpissimae
3681 5112 3862 5167 servi-

2254 5181 2369 5235 tuti
2420 5181 2901 5250 ﬂorentissimum
2969 5181 3451 5237 Christianorum
3530 5182 3861 5238 exercitum

2251 5252 2550 5321 objecerit.
2570 5268 2684 5323 quo
2717 5253 2808 5308 vel
2846 5258 2970 5307 tum
2993 5253 3333 5308 universam
3363 5252 3602 5322 Syriam
3629 5260 3684 5308 et
3713 5269 3863 5309 com-

2252 5323 2505 5378 modiori
2543 5330 2804 5392 tempore
2845 5324 3020 5380 etiam
3061 5326 3375 5393 Egi/ptum
3405 5331 3457 5379 et
3491 5324 3858 5393 Babylonem

2253 5400 2552 5465 totumque
2570 5395 2863 5450 Orientem
2886 5395 3212 5464 subjugare
3229 5395 3595 5464 facillimam
3619 5395 3858 5463 fuisset.

2252 5467 2366 5538 Nec
2405 5467 2605 5538 minus
2645 5466 2758 5521 hac
2801 5481 2911 5520 sua
2936 5465 3229 5538 legatione
3269 5466 3545 5538 asperius
3578 5465 3857 5522 functum

2252 5536 2966 5617 fuiss‘eLadeoquaneque
2988 5537 3166 5617 ap_ud_
3183 5537 3261 5591 im
3271 5536 3630 5617 peratoram.
3656 5552 3856 5617 neque

2251 5607 2413 5684 apud
2435 5607 2670 5663 Graecos
2690 5607 2917 5684 aliquid
2947 5607 3642 5684 profecisse‘traditidem
3663 5607 3855 5684 Spon-

2250 5677 2446 5736 danus
2468 5694 2628 5736 anno
2660 5677 2988 5735 1213'nuni.
3019 5681 3108 5751 24,
3138 5680 3278 5738 ALL.
