3988 6322
106 320 261 378 1029

1731 319 1918 374 ΔΝΝΑ
1928 317 2070 374 LES.

3354 325 3491 382 1030

103 449 276 518 νόμια
303 451 394 497 τοῦ
418 444 612 498 πάππα
657 446 892 516 φέροντα·
947 440 1270 516 ἐρυθροϐαφῆ
1316 440 1426 512 (23)
1469 445 1558 492 καὶ
1613 441 1750 513 γὰρ.

1857 439 2142 511 nduebat,
2169 455 2366 514 neque
2395 442 2915 499 diversicoloribus
2940 444 3305 504 indumentis
3334 449 3491 505 ami-

107 531 406 588 ὑπεδέδετο
433 530 643 600 πέδιλα,
675 531 730 584 ἐκ
753 541 848 594 τῆς
876 531 1038 592 αὐτῆς
1076 527 1134 583 δὲ
1159 529 1238 604 [Ρ.
1269 529 1356 602 16]
1401 534 1589 604 χροιᾶς
1630 533 1720 581 καὶ

108 627 187 676 τὰ
236 620 505 696 ἐνδύματα
529 621 660 695 εἶχε,
706 619 1116 695 καὶήὶφεστρὶς
1166 616 1224 672 δὲ
1269 626 1360 671 τοῦ
1413 624 1572 671 ὶππου
1630 622 1722 670 καὶ

111 714 189 766 τὰ
244 712 439 786 χαλινά
485 721 557 784 τῷ
611 712 828 784 τοιοῦτῳ
877 709 1158 763 ἐϐάπτοντο
1215 714 1483 784 χρώματι.
1533 707 1727 770 Ἠθους

118 799 186 856 δὴ
221 807 400 875 τυχὼν
457 799 775 875 ἀγριωτέρου
825 804 914 852 καὶ
958 797 1231 871 ἀλαζονείᾳ
1276 803 1544 872 χρώμενος
1565 797 1727 850 πολλὰ

120 889 278 945 δεινά
323 887 610 954 ἐνεδείξατο
688 889 774 942 ἐπὶ
815 895 920 949 τοῖς
962 896 1057 950 τῆς
1111 892 1498 941 Κωνσταντίνου
1577 886 1725 944 οἰκή-

116 1000 300 1056 τορσι.
332 981 488 1038 Καὶή
520 979 721 1051 σκῆψις
761 980 829 1041 ὡς
879 977 1105 1050 εὔλογος·
1162 976 1424 1048 ἠνάγκαζε
1475 980 1566 1028 καὶ
1623 978 1724 1048 γὰρ

113 1074 252 1132 τοὺς
303 1071 503 1131 πάντας
537 1077 600 1129 τῆ
645 1075 738 1129 τῆς
793 1065 1145 1142 πρεσϐυτέρας
1189 1064 1384 1138 Ῥωμης
1456 1063 1726 1136 ὑποκύψαι

117 1161 390 1232 {moror/ﬁ.
447 1160 704 1213 Ἐντεῦθεν
779 1159 1146 1230 καθείργνυντο
1252 1160 1498 1228 μοναχοὶ,
1578 1157 1727 1228 ἱερεῖς

119 1246 464 1322 ἐδεσμοῦντο,
522 1252 614 1300 καὶ
685 1250 807 1308 ναὸς
859 1246 992 1306 ἅπας
1050 1244 1354 1299 ἐκέκλειστο.
1424 1249 1523 1298 Καὶ
1571 1242 1632 1303 ἧν
1676 1243 1725 1297 ἐν

117 1338 269 1410 αὐτῷ
296 1335 444 1390 δυοῖν
473 1339 704 1411 θάτερον,
733 1337 763 1396 ἦ
799 1335 1120 1409 ὁμολογῆσαι
1174 1336 1262 1386 τὸν
1313 1335 1530 1386 πάππαν
1588 1343 1725 1409 πρῶ-

114 1446 212 1480 τον
254 1426 505 1502 ἀρχιερέα
543 1426 650 1499 (24)
706 1428 797 1477 καὶ
851 1426 1039 1477 τούτου
1092 1426 1184 1482 τὴν
1231 1426 1439 1496 μνήμην
1495 1421 1542 1473 ἐν
1601 1425 1727 1496 ἱερο-

119 1515 414 1578 τελεστίαις
444 1521 606 1568 ποιεῖν
629 1514 768 1586 (25),
809 1517 840 1572 ἦ
903 1515 1117 1567 θάνατον
1170 1508 1299 1564 εἶναι
1355 1518 1426 1582 τῷ
1479 1516 1550 1584 μὴ
1603 1507 1729 1564 δια-

116 1604 440 1680 πραξαμένῳ
464 1593 617 1656 τοῦτο
645 1605 704 1655 τὸ
730 1601 1006 1675 ἐπιτίμιον.
1056 1607 1220 1655 Τοῦτο
1269 1600 1335 1661 εἰς
1397 1599 1733 1674 βαρυθυμίαν

119 1690 225 1767 ἧγε
253 1697 376 1756 τοὺς
426 1693 698 1765 οἰκήτορας
749 1699 844 1754 τῆς
898 1693 1310 1757 Κωνσταντίνου,
1369 1694 1460 1742 καὶ
1505 1690 1736 1762 μάλιστα

1834 529 2123 594 ciebatur,
2155 530 2427 601 quinimo
2474 531 2612 604 equi
2648 532 2927 603 sagulum
2955 540 3011 592 et
3040 533 3228 593 fraena
3278 538 3491 595 eodem

1832 618 2252 676 inﬁciebantur
2271 636 2521 676 veneno.
2550 624 2615 677 Et
2644 638 2782 677 cum
2809 623 3079 680 moribus
3105 630 3260 682 esset
3284 627 3495 684 imma-

1831 707 2120 775 nioribus,
2177 708 2366 765 fastus
2396 725 2466 765 ac
2521 709 2848 766 insolentiae
2879 711 3113 785 plenus,
3147 714 3403 772 nimium
3430 717 3492 772 in

1834 797 2190 868 Byzantinos
2248 797 2460 854 smviit.
2497 801 2563 854 Et
2594 800 2966 872 propositum
2997 818 3034 858 a
3063 803 3290 860 ratione
3322 804 3491 861 aber-

1833 900 1963 942 rare
1998 901 2119 942 non
2145 885 2466 942 videbatur
2492 909 2504 942 :
2537 903 2748 944 omnes
2775 891 2956 954 enim,
2988 894 3049 947 ut
3082 893 3260 948 veteri
3287 892 3494 950 Roma

1835 974 1986 1030 colla
2045 974 2425 1046 subjicerent,
2477 976 2892 1049 compellebat.
2924 979 3066 1035 Hinc
3097 982 3380 1037 monachi
3432 983 3495 1038 in

1833 1079 2134 1121 carcerem
2155 1065 2427 1136 impingi,
2448 1066 2787 1123 sacerdotes
2807 1068 2868 1124 in
2902 1069 3158 1139 vincula,
3182 1076 3238 1127 et
3273 1072 3497 1145 templa

1834 1153 2040 1210 omnia
2067 1153 2320 1222 occludi,
2348 1170 2458 1210 nec
2478 1161 2690 1227 praeter
2714 1156 2844 1212 haec
2868 1157 2990 1214 duo
3014 1159 3250 1216 tertium
3276 1162 3455 1218 statui

1833 1242 2054 1299 etenim
2079 1243 2174 1298 vel
2201 1259 2426 1316 papam
2453 1245 2720 1316 primum
2745 1247 3017 1303 omnium
3045 1249 3391 1321 pontiﬁcem
3415 1250 3498 1309 fa-

1835 1335 2120 1400 terentur,
2171 1331 2452 1404 illiusque
2499 1333 2651 1389 inter
2695 1350 3002 1392 sacrorum
3063 1336 3356 1396 solemnia
3377 1355 3499 1394 me-

1837 1419 2091 1476 moriam
2116 1419 2396 1487 facerent,
2421 1420 2511 1476 vel
2531 1421 2635 1494 qui
2661 1421 2720 1478 id
2745 1423 3116 1496 abnuissent,
3140 1431 3328 1484 morte
3349 1443 3496 1500 pen-

1839 1508 2048 1564 derent
2094 1524 2361 1580 poenam.
2390 1513 2509 1566 Hoc
2539 1511 2804 1582 Byzantii
2835 1513 3072 1585 accolae,
3109 1522 3165 1572 et
3219 1501 3370 1573 inter
3395 1533 3498 1574 eos

1841 1597 2068 1670 primas
2089 1597 2446 1665 obtinentes,
2471 1601 2612 1670 angi
2639 1617 2706 1657 ex
2717 1602 3085 1676 cruciarique
3111 1605 3315 1663 animo
3337 1611 3393 1662 et
3421 1605 3500 1664 ad

1845 1687 2080 1743 Ericum
2128 1687 2551 1760 imperatorem
2598 1690 2864 1762 profecti,
2900 1695 3096 1759 «Nos,
3145 1716 3174 1745 »
3199 1695 3498 1768 inquiunt,

119 1791 233 1836 τῶν
281 1782 446 1836 ἄλλων
497 1785 621 1844 τοὺς
675 1783 1028 1857 προῦχοντας,
1082 1782 1132 1832 οἵ
1183 1783 1273 1831 καὶ
1318 1782 1445 1851 πρὸς
1496 1783 1583 1831 τὸν
1632 1778 1732 1852 βα-

1855 1799 1871 1827 ι
1910 1776 2028 1832 alio
2057 1792 2272 1847 genere
2319 1777 2430 1834 orti
2460 1778 2766 1852 aliumque
2817 1780 3110 1838 habentes
3154 1784 3502 1856 pontiﬁcem

128 1872 283 1926 σιλὲα
327 1870 510 1947 Ἐῤῥῆν
592 1868 884 1943 ἆφιφμένοι,
939 1891 967 1920 ‹‹
1011 1868 1187 1940 Ἡμεῖς
1263 1870 1374 1940 μὶν,
1428 1891 1457 1918 ››
1516 1871 1735 1940 ἔφασαν,

127 1983 163 2012 ε(
271 1959 426 2012 ἄλλου
493 1962 754 2032 γεγονότες
820 1961 1014 2031 γένους,
1099 1961 1189 2008 καὶ
1261 1955 1410 2008 ἄλλον
1485 1956 1738 2031 ἀρχιερέα

127 2054 364 2125 ἔχοντες,
435 2049 653 2112 ἑαυτοὺς
728 2056 801 2121 τῷ
848 2050 1028 2124 κράτει
1085 2066 1178 2100 σου
1235 2046 1556 2120 ὑπετάξαμεν
1602 2051 1736 2101 ὥστε

127 2147 444 2214 σωματικῶς
510 2140 796 2212 κατάρχειν
878 2139 1045 2210 ἡμῶν,
1101 2135 1161 2189 οὐ
1217 2139 1320 2209 μήν
1371 2155 1428 2207 γε
1488 2135 1738 2209 ψυχικῶς

123 2235 222 2284 καὶ
266 2236 645 2302 πνευματικῶς.
701 2232 796 2280 Σοῦ
888 2229 978 2297 μεν
1052 2227 1151 2298 γὰρ
1216 2223 1265 2276 ἐν
1326 2224 1532 2298 πολέμῳ
1584 2227 1738 2302 ὑπερ-

126 2319 428 2392 μαχεῖσθαι
468 2326 568 2370 τῶν
656 2315 972 2389 ἀναγκαίων,
1043 2322 1144 2366 τῶν
1218 2309 1266 2366 δ’
1341 2315 1602 2389 ἡμετέρων
1658 2313 1736 2366 ἐκ·

128 2415 324 2467 στῆναι
386 2406 727 2480 σεϐασμάτων
799 2409 890 2457 καὶ
957 2404 1364 2476 θρησκευμάτων
1435 2411 1532 2455 τῶν
1603 2399 1738 2456 ἁδυ-

122 2498 295 2550 νάτων
349 2498 518 2554 πάντη
571 2497 906 2552 καθέστηκεν.
952 2490 1019 2546 Ἠ
1085 2499 1207 2564 γοῦν
1258 2491 1416 2545 λῦσον
1473 2494 1598 2566 ἡμῖν
1669 2495 1737 2545 τὰ

127 2586 410 2640 ἐπελθόντα
439 2581 605 2653 δεινὰ,
655 2593 686 2644 ἢ
739 2585 860 2657 ἄφες
918 2584 989 2645 ὡς
1029 2580 1324 2655 ἓλευθέρους
1365 2580 1415 2634 ἐν
1464 2588 1569 2643 τοῖς
1625 2582 1736 2635 ἰθα-

127 2678 335 2747 γενέα-ιν
365 2674 618 2748 ἀφῖχθαι,
653 2695 682 2724 >)
705 2672 864 2726 Ταῦτ’
889 2669 1050 2741 εἶπον,
1074 2670 1304 2732 κάκεῖνος
1357 2675 1427 2744 μὴ
1485 2669 1734 2744 βουλόμε-

129 2783 216 2825 νος
267 2763 316 2817 ἕν
361 2767 604 2838 στερήσει
650 2763 893 2835 γενέσθαι
946 2762 1208 2814 τοσούτων
1272 2759 1440 2812 καλῶν
1491 2762 1734 2833 κάγαθῶν

134 2853 448 2928 ἀνθρώπων,
491 2857 582 2906 καὶ
631 2852 845 2912 ἄκοντος
893 2857 986 2903 τοῦ
1040 2849 1308 2924 εἰρημένου
1351 2848 1567 2920 λεογάτου
1615 2851 1736 2911 τούς

1843 1866 2355 1938 nosmetiimperio
2387 1871 2488 1922 tuo
2519 1873 2576 1924 et
2601 1871 2876 1940 potestati
2903 1870 3290 1942 subjecimus,
3338 1874 3421 1931 ita
3441 1877 3504 1930 ut

1841 1955 1904 2012 in
1917 1971 2189 2028 corpora,
2206 1970 2328 2011 non
2343 1954 2404 2011 in
2425 1958 2696 2013 animum
2710 1962 2767 2014 et
2783 1959 3057 2031 spiritum
3073 1960 3493 2020 dominareris.

1843 2049 2112 2117 Namque
2142 2046 2204 2100 in
2238 2046 2318 2100 tui
2347 2045 2780 2114 defensionem,
2813 2047 2959 2103 dum
3002 2048 3222 2106 bellum
3253 2052 3499 2122 geritur,

1845 2134 1959 2206 33
1989 2134 2395 2206 arma'capere
2425 2149 2670 2191 necesse
2701 2139 2786 2192 est
2815 2155 2828 2192 :
2861 2141 2921 2193 at
2944 2139 3162 2194 nostris
3204 2140 3414 2197 ritibus
3445 2143 3502 2197 et

1843 2222 2627 2294 cteremoniismtjcedamus
2683 2224 2812 2282 ﬁeri
2845 2227 3093 2284 omnino
3123 2229 3349 2302 nequit.
3385 2232 3503 2285 Aut

1842 2312 2042 2385 itaque
2072 2328 2182 2368 nos
2233 2311 2312 2369 ab
2343 2313 2575 2382 urgenti
2605 2313 2948 2371 discrimine
3004 2315 3212 2388 libera,
3245 2322 3349 2375 aut
3374 2323 3501 2376 tan-

1842 2419 2030 2476 quam
2057 2402 2257 2458 liberis
2296 2401 2375 2458 ad
2427 2402 2745 2472 indigenas
2794 2403 3121 2462 editionem
3151 2407 3313 2464 dato.
3344 2427 3373 2458 ν
3409 2408 3502 2464 Sic

1842 2492 2042 2549 locuti.
2075 2491 2174 2547 llle
2205 2508 2344 2547 cum
2372 2496 2458 2548 tot
2487 2491 2690 2564 probis
2717 2492 3081 2566 optimisque
3113 2496 3250 2552 viris
3281 2497 3505 2569 privari

1842 2581 2047 2648 nollet,
2081 2581 2260 2638 etiam
2290 2580 2471 2636 invito
2491 2579 2688 2650 legato
2720 2582 2942 2654 templa
2967 2585 3269 2656 reseravit,
3297 2586 3502 2642 vincu-

1844 2670 1915 2728 lis
1945 2670 2356 2743 custodiisque
2385 2671 2716 2727 monachos
2746 2687 2814 2727 ac
2847 2672 3185 2730 sacerdotes
3211 2674 3501 2742 liberavit,

1846 2765 1901 2816 et
1949 2765 2383 2832 tempestatem,
2417 2775 2542 2831 qua
2594 2765 2733 2816 tunc
2767 2762 3113 2832 Byzantium
3141 2764 3502 2835 jactabatur,

1848 2849 2097 2904 sedavit.
2131 2848 2286 2904 Multi
2334 2864 2477 2903 vero
2533 2864 2606 2904 ex
2658 2850 2994 2918 monachis,
3027 2856 3354 2926 antequam
3374 2852 3504 2909 haec

1018 2930 1369 3005 Theodori
1418 2938 1668 3005 Dousaa
1716 2949 1782 3006 et
1829 2938 2078 3005 Leonis
2127 2937 2361 3004 Allatii
2413 2947 2612 3005 notae.

161 3121 172 3132 .
206 3049 344 3132 (‘23)_
380 3045 873 3132 'Epuepoﬁapii'.‘Ex
903 3061 1104 3132 rer‘u‘m
1137 3045 1738 3132 Latinarumignora-
1772 3047 1811 3102 C
1851 3043 2553 3132 tractanruint‘prientales;
2575 3046 2983 3132 Quonomine
3011 3046 3253 3132 haecad
3283 3047 3448 3132 i‘psos
3470 3064 3508 3106 a

129 3115 548 3199 tione'fact'um
566 3123 654 3199 est
668 3115 734 3199 ut
753 3116 1282 3199 Acropolita,q_uod
1303 3132 1373 3199 ex
1399 3131 1565 3199 more
1585 3115 1740 3199 illius

128 3191 333 3263 gentis
347 3188 838 3263 esset,ad_fastum_
853 3186 1739 3263 etinsolen’tiamtraheret._Quis

129 3257 299 3320 Enim
330 3262 517 3318 nescit
535 3260 719 3316 rubra
740 3259 1093 3329 indumenta
1117 3263 1173 3313 et
1201 3257 1430 3329 reliqua
1463 3258 1738 3314 cardina-

123 3334 284 3406 lium
313 3330 897 3406 supellectilisrubro
919 3327 1358 3406 colore_inﬁcis.
1385 3331 1512 3406 Non
1538 3334 1738 3385 tamen

122 3404 274 3480 inde
294 3399 580 3480 sequitur,
609 3401 955 3480 quicunque
977 3399 1139 3480 apud
1163 3415 1295 3455 eam
1320 3400 1624 3480 nationem
1647 3416 1739 3480 r_u-

122 3475 258 3532 bris
283 3469 528 3530 utu'ntur
545 3469 836 3540 vestibus,
857 3469 1203 3527 cardinales
1230 3486 1358 3526 esse
1380 3475 1445 3526 ut
1466 3471 1739 3539 nugacis-

125 3546 286 3602 sime
317 3550 627 3615 argutatur
654 3543 973 3615 Zacharias
1005 3544 1308 3615 Gergenus
1336 3543 1411 3615 _in
1435 3557 1551 3615 sua
1579 3543 1739 3615 Cate-

123 3616 318 3680 chesi,
341 3611 604 3685 quicum
631 3614 881 3669 vidisset
908 3611 1148 3685 papam
1159 3614 1221 3685 in
1248 3613 1390 3685 sede
1415 3611 1628 3685 deferri
1659 3612 1737 3667 ab

121 3683 483 3745 hominibus
515 3685 710 3740 rubris
741 3683 1737 3753 amictisVvestibus,inconsiderate

122 3763 187 3816 et
213 3757 394 3831 plane
419 3755 672 3831 ridicule
699 3754 1027 3831 enuntiavit
1061 3769 1284 3831 papam
1330 3755 1736 3831 cardinalium

120 3825 398 3903 quatuor
435 3827 698 3884 humeris
729 3825 973 3903 subvehi
1009 3825 1268 3903 satellito
1312 3825 1622 3903 stipatum,
1650 3827 1737 3876 τὸν

127 3893 398 3980 animum
417 3903 666 3980 τέσσαρες
688 3895 1020 3970 καρδινάλεις
1039 3898 1108 3980 με
1131 3893 1470 3980 δορνφόρομς.
1492 3898 1635 3977 ALL:

204 3971 323 4043 (24)
370 3974 468 4024 Τὸν
493 4041 501 4043 _
523 3966 700 4022 πάπαν
756 3966 962 4043 πρῶτον
1029 3966 1300 4043 ᾇρχιερέα.
1329 3966 1337 3970 ⁷
1361 3970 1585 4043 Nempe
1609 3966 1738 4036 jam

129 4038 283 4100 olim
299 4038 387 4114 de
417 4041 679 4114 primatu
705 4038 1004 4114 contentio
1023 4038 1345 4114 _fin't__inter
1400 4039 1735 4114 Rowanum

128 4107 485 4188 pontiﬁce-tn
503 4118 566 4188 _et
585 4110 988 4188 patriarcham
1011 4108 1392 4188 §po_l_itanur_n_
1408 4126 1421 4174 ;
1441 4124 1626 4188 quam
1643 4107 1741 4188 de:

134 4179 287 4241 cidit
304 4179 674 4239 Justinianus
696 4189 752 4237 et
771 4184 972 4237 Romae
1003 4179 1229 4252 Cpolim
1261 4179 1531 4250 subjecit.
1577 4179 1743 4252 Patet

135 4272 215 4312 ex
241 4254 484 4311 Novella
509 4258 631 4310 131.
658 4254 810 4308 Fecit
831 4253 987 4306 idem
1036 4250 1261 4305 Phocas
1285 4255 1532 4319 rogante
1573 4250 1740 4305 Boni-

133 4327 298 4403 facio
326 4326 606 4403 pontiﬁce
632 4341 648 4388 ;
675 4324 748 4403 d_e
776 4339 898 4403 quo
931 4320 1146 4376 Paulus
1168 4321 1607 4403 Warnefridus,
1657 4323 1741 4376 De

1851 3115 2430 3197 pontiﬁce_Romano
2454 3114 2690 3197 videtur
2700 3117 2979 3197 instituta
3011 3114 3350 3197 legatio,_d'e
3382 3135 3508 3191 qua

1849 3185 2099 3254 insignis
2128 3186 2464 3256 Logothetee
2486 3185 2674 3242 locus.
2697 3187 2806 3242 Sed
2830 3185 3099 3256 Pelagius
3122 3189 3355 3256 legatus
3377 3185 3504 3246 sur-

1850 3257 1944 3330 dis_
1977 3257 2212 3330 cecinit,
2242 3255 2479 3330 favente
2524 3255 3221 3330 Cpolitanisimperatore
3257 3261 3505 3318 Henrico

1851 3327 2121 3403 Balduini
2150 3327 2343 3403 fratre.
2363 3327 2725 3403 Quanquam
2739 3345 2899 3403 anno
2917 3327 3345 3403 t215,tempore
3362 3333 3508 3387 Con-

1851 3344 2121 3384 ualauim
2150 3344 2343 3383 ireire.
2363 3344 2725 3454 Quanquam
2739 3345 2899 3384 anno
2917 3344 3345 3403 1215,tempore
3362 3344 3508 3387 uou-

1851 3399 1964 3480 c_i_lii
1991 3398 2261 3480 Romani,
2297 3399 2538 3480 Οτξίεῃξα
2568 3400 3087 3480 is_Ecclesia,_qu_o
3130 3408 3316 3480 antea
3336 3403 3510 3480 iaau-

1849 3471 2037 3526 ditum
2059 3470 2270 3539 fuit.se
2287 3470 2585 3526 subditam
2608 3472 2887 3528 Romanae
2913 3470 3191 3529 Ecclesia:
3215 3473 3506 3531 exhibuit.

1848 3542 2003 3597 Nam
2036 3541 2204 3610 Cpoli
2223 3542 2341 3596 duo
2360 3541 2425 3595 in
2441 3543 2858 3610 patriarcham
2883 3544 3055 3600 electi
3075 3546 3318 3600 Romam
3341 3559 3508 3602 vene-

1849 3619 2014 3685 runt,
2044 3627 2188 3683 quos
2216 3612 2414 3685 ambos
2436 3628 2600 3685 papa
2621 3614 2869 3669 consilio
2899 3617 3304 3672 cardinalium
3329 3617 3508 3685 depo-

1847 3684 1990 3751 suit,
2028 3689 2081 3738 et
2115 3683 2355 3739 tertium
2387 3684 2693 3739 substituit
2722 3691 2776 3741 et
2801 3685 3094 3742 investivit
3127 3693 3183 3742 et
3213 3689 3290 3742 ad
3317 3683 3508 3744 sedem

1842 3753 2158 3881 pgoprianm
2179 3753 2426 3812 remisit.
2449 3755 2639 3811 Refert
2677 3754 2837 3811 idem
2863 3757 3199 3813 monachus
3220 3759 3280 3812 in
3301 3761 3508 3814 Anna-

1873 3841 1894 3878 ι
1940 3841 2028 3880 us.
2125 3840 2291 3880 ouss.

1873 3825 2028 3880 idus.
2080 3828 2291 3880 Douss.

1921 3895 2051 3966 (25).
2142 3899 2347 3972 foci-op
2457 3900 2551 3952 τὴν
2655 3901 2863 3968 μνήμην
2898 3967 2908 3972 _
2959 3896 3007 3948 ἄν
3117 3897 3508 3972 ἱεροτᾳελεστίαις

1850 3965 2106 4044 ἐκφωνξῑν.
2142 3968 2260 4022 Hac
2289 3967 2364 4020 de
2421 3982 2503 4032 re,
2555 3965 2774 4044 nempe
2797 3974 2867 4044 ‘ut
2894 3967 2955 4022 in
3010 3965 3196 4044 sacris
3246 3969 3503 4041 hymno-

1849 4038 1960 4092 aiis
1990 4039 2330 4109 Graecorum
2361 4052 2537 4109 papae
2561 4038 2810 4092 Romani
2841 4039 3063 4093 mentio
3105 4039 3271 4095 ﬁeret
3290 4038 3356 4094 'et
3382 4056 3504 4095 me-

1850 4107 2041 4182 moria
2079 4107 2387 4182 coleretur,
2445 4107 2750 4182 diuturna,
2807 4112 2872 4182 ut
2901 4115 2958 4182 et
2985 4109 3083 4182 ‘de
3113 4111 3375 4182 primatu
3407 4111 3505 4182 (de

1850 4194 1972 4252 quo
1999 4180 2126 4248 jam
2179 4179 2807 4252 diximusycontentiq
2844 4179 2952 4235 fuit
2978 4179 3132 4252 inter
3184 4179 3504 4238 Ecclesiam

1852 4249 2188 4305 Romanam
2241 4254 2297 4322 et
2327 4249 2720 4322 Cpolitanam,
2775 4250 3133 4322 duravitque
3162 4268 3232 4308 ea
3257 4253 3334 4307 ad
3364 4258 3505 4308 tem-

1853 4336 2004 4393 pora
2029 4320 2321 4395 Michaelis
2348 4320 2684 4395 Palmologi,
2708 4321 2821 4395 sub
2849 4338 2971 4395 quo
3001 4320 3334 4395 composita
3363 4339 3506 4378 con-

138 4399 304 4454 Gest.
329 4390 736 4462 'Longobard.
760 4390 880 4466 lib.
943 4408 1158 4464 iv,cap.
1194 4395 1280 4447 37.
1316 4394 1740 4466 Romanusque
1772 4400 1815 4454 1)
1857 4390 2144 4466 troversia
2190 4390 2288 4446 illa
2315 4391 2612 4466 unitaeque
2649 4390 2923 4466 Ecclesiae
2981 4395 3093 4449 etsi
3141 4390 3339 4466 heque
3393 4395 3510 4450 ista

133 4467 410 4542 pontifegt
430 4481 666 4537 semper
681 4465 1004 4542 primatum
1024 4462 1286 4542 asserere
1305 4462 1551 4542 studuit,
1561 4462 1742 4542 recla-

134 4533 347 4597 inante
374 4537 510 4594 licet
527 4533 584 4592 et
603 4533 858 4591 multum
885 4537 1256 4606 repugnante
1278 4533 1745 4606 patriarcha,do-

131 4626 253 4668 nec
287 4609 402 4664 sub
425 4606 718 4664 Balduino
743 4605 995 4662 Flandro
1026 4609 1204 4678 capta
1244 4605 1390 4665 urbe
1419 4605 1745 4678 fugatoque

182 4680 482 4738 atriarcha
513 4680 739 4748 Graeco,
767 4677 1365 4748 VenetoqueThoma
1393 4678 1746 4748 mauroceno

182 4697 482 4738 atrlarcna
513 4697 739 4748 υτωοο,
777 4697 1108 4748 venetoque
1146 4697 1365 4732 Inoma
1393 4697 1746 4732 ΜΕΠΓΟΟΘΠΟ

130 4697 368 4822 Fprimo
411 4767 484 4806 ex
510 4750 755 4822 Latinis“
778 4747 1382 4822 patriarcha)_electo,
1427 4747 1746 4822 orientalis

134 4768 152 4822 ι
213 4768 368 4807 rlmo
411 4768 484 4806 ex
510 4768 728 4806 Latinis
778 4768 1372 4821 patriarcna)elecw,
1427 4768 1746 4804 unemaux

133 4768 438 4888 ἔοι-ἰθεῖα,
480 4823 652 4891 cujus
673 4821 813 4876 olim
840 4818 1179 4891 metropolis
1199 4823 1331 4875 erat
1355 4819 1572 4891 Cpolis,
1612 4833 1747 4874 cum

131 4895 505 4971 imperatore
518 4890 572 4971 et
590 4891 864 4971 universo
884 4890 1131 4971 imperio
1153 4891 1278 4971 ejus
1309 4890 1495 4971 capiti
1512 4905 1618 4971 suo
1637 4891 1748 4971 130-

132 4961 624 5033 manopontiﬁci.
644 4962 795 5018 sicut
807 4962 929 5031 fuit
951 4961 1598 5033 antiquitusrenodata,
1630 4962 1746 5033 Ro-

132 5032 343 5094 mante
353 5032 631 5092 Ecclesiae
650 5048 772 5090 sese
790 5048 911 5089 esse
939 5032 1125 5100 ﬁliam
1152 5039 1590 5102 recognoceret;
1624 5032 1748 5099 ipse

136 5108 323 5166 etiam
341 5106 700 5177 patriarcha
737 5105 875 5160 huic
908 5103 1185 5177 aspirans
1206 5103 1372 5172 operi
1396 5108 1449 5158 et
1479 5104 1746 5177 applau-

134 5181 310 5243 dens.
327 5173 386 5235 se
413 5176 729 5248 dignitatis
757 5189 881 5231 sua?
897 5173 1158 5248 pallium
1185 5188 1464 5248 asummo
1486 5175 1747 5248 Romano

130 5250 313 5322 ponti
351 5244 495 5322 ﬁce'
513 5254 916 5322 recepturum,
945 5244 1569 5322 promitteret_._Ve_rba
1608 5249 1754 5322 sunt-

135 5315 373 5378 Henrici
402 5319 527 5390 (qui
565 5321 797 5390 Meyero
838 5320 925 5390 est
951 5315 1398 5390 Hugo)__comitis
1432 5315 1505 5369 de
1531 5317 1746 5390 sancto

135 5391 352 5460 Paulo,
382 5385 460 5445 ei
485 5385 750 5460 epistola
776 5387 998 5460 scripta
1019 5385 1202 5460 Cpoli,
1223 5402 1409 5460 quam
1426 5385 1748 5441 annalibus

137 5462 266 5519 suis
287 5457 494 5516 inserit
522 5457 876 5515 Godefridus
897 5457 1261 5529 monachus}
1285 5458 1389 5529 qui
1411 5462 1601 5513 exstat
1635 5461 1745 5513 Re-

135 5550 278 5591 rum
298 5531 785 5588 Germanicarum
803 5533 966 5584 tomo
990 5527 1340 5584 Freheriano
1361 5529 1574 5599 primo.
1615 5531 1747 5584 Haec

135 5604 492 5664 acciderunt
516 5617 678 5658 anno
709 5605 859 5657 1203.
891 5599 1004 5657 Sed
1029 5600 1246 5664 statim,
1274 5603 1337 5655 ut
1359 5599 1604 5669 videtur,
1621 5599 1746 5655 dis-

136 5677 303 5735 siluit
332 5675 466 5732 haac
494 5672 834 5740 concordia,
865 5671 1200 5743 jugumque
1231 5669 1606 5727 Occidentale
1648 5670 1748 5727 de-

1855 4463 1998 4536 unio
2030 4462 2451 4536 perseverayit.
2496 4465 2792 4536 _Haec_tria
2849 4469 2975 4536 tum
3028 4462 3509 4536 paciscebantur,

1857 4535 2050 4606 primo
2073 4538 2136 4588 ut
2164 4549 2200 4589 a
2222 4533 2544 4608 Cpolitanis
2572 4534 2634 4608 in
2662 4534 3006 4608 hymnodiis
3031 4533 3227 4608 ‘papae
3256 4537 3510 4592 Romani

1855 4605 1992 4678 eum
2023 4609 2282 4678 quatuor
2309 4605 2661 4676 patriarchis
2687 4605 2910 4662 mentio
2936 4605 3421 4674 ﬁeretfsecundo
3448 4611 3513 4663 ut

1853 4675 2062 4750 liceret
2083 4675 2268 4731 cuivis
2298 4675 2840 4750 Romamveterem
2872 4683 3161 4750 tanquam
3189 4680 3388 4750 majus
3415 4678 3512 4733 tri-

1853 4746 2042 4820 bunal
2064 4761 2409 4820 provocare,
2443 4747 2617 4820 tertio
2643 4752 2706 4804 ut
2735 4763 2912 4820 papas
2961 4746 3231 4804 Romano
3271 4746 3337 4820 in
3382 4763 3509 4804 om-

1853 4817 2032 4892 nibus
2068 4816 2405 4892 deferretur
2433 4816 3112 4892 principatuszuetores
3142 4819 3511 4892 Nicephorus

1855 4891 2145 4960 Gregoras
2174 4890 2658 4960 Histor.gByzant'.
2689 4890 2791 4946 lib.
2827 4895 2878 4957 5,
2926 4892 3209 4960 Georgius
3239 4890 3512 4960 Phranza

1855 4959 2126 5031 Chronici
2157 4959 2474 5016 Orientalis
2497 4960 2600 5016 lib.
2637 4966 2683 5031 1,
2719 4976 2851 5031 cap.
2882 4964 2934 5019 6.
2968 4959 3253 5031 Georgius
3286 4959 3512 5031 Pachy-

1855 5031 2077 5087 merius
2097 5030 2158 5085 in
2186 5031 2484 5102 Excerptis
2527 5029 2734 5087 Hister.
2786 5029 2869 5086 Iib
2898 5035 2949 5093 5,
2979 5029 3216 5102 aliique.
3249 5031 3364 5088 Sed
3386 5029 3512 5102 non

1857 5106 2142 5174 steterunt
2188 5100 2397 5174 postea
2444 5101 2560 5174 hoc
2616 5107 2813 5174 pacto;
2840 5101 3046 5174 prisci,
3098 5100 3161 5156 et
3213 5100 3513 5174 pontiﬁcis

1855 5171 2212 5228 memoriam
2243 5171 2549 5242 dedignati
2582 5171 2722 5228 sunt
2753 5189 2765 5239 ;
2801 5172 3021 5227 ideirco
3053 5171 3258 5228 monet
3287 5171 3515 5228 Palaao-

1853 5243 2028 5314 logos
2054 5243 2114 5298 in
2135 5243 2387 5314 epistola
2417 5243 2736 5315 cardinalis
2754 5243 3110 5315 _Bessari_on,
3135 5243 3513 5315 inculcatque

1855 5312 2272 5396 repugnat-Eum:
2300 5322 2392 5396 τοιξ
2421 5315 2628 5367 πάππα.
2666 5313 2808 5368 Vide
2849 5312 3290 5396 'erudissimum
3333 5312 3512 5396 Meur:

1857 5383 2009 5441 siu‘m
2042 5383 2102 5442 in
2129 5386 2430 5441 Glossario
2481 5401 2624 5440 voce
2664 5386 3020 5456 πατριάρχης,
3073 5391 3135 5456 et
3157 5385 3218 5440 in
3248 5386 3405 5441 notis
3435 5383 3515 5440 ad

1855 5457 2167 5529 epistolam
2194 5456 2357 5529 illam
2380 5455 2744 5529 Bessarionis
2789 5455 2990 5529 Greeco
3012 5455 3360 5529 barbaram,
3391 5471 3517 5511 una

1856 5525 2009 5602 cum
2025 5528 2264 5602 illustris
2307 5526 2576 5602 Hesychii
2624 5525 2929 5602 opusculis
2982 5544 3162 5602 super
3198 5525 3422 5589 editam
3460 5531 3518 5585 et

1855 5599 2199 5656 doctissime
2221 5597 2600 5670 explicatam.
2615 5597 2834 5669 Dousa.
