3988 6322
69 328 233 384 1033
1587 322 1644 374 Al

1883 320 1932 376 S.
3321 317 3458 374 1034

66 450 222 521 ὑπὲρ
255 448 488 507 ὀκταετές
527 446 589 504 ἦν
619 447 775 503 ἡνίκα
802 447 828 497 6
861 443 1112 518 βασιλεὺς
1167 449 1256 498 καὶ
1318 448 1485 518 πατὴρ
1536 444 1641 496 αύτ‹

1886 446 2138 516 iperator
2164 442 2510 500 Theodorus
2551 443 2816 500 Lascaris
2865 458 3058 500 annos
3104 440 3374 515 quinque
3403 441 3461 498 et

69 538 382 596 ἐτεθνήκει.
420 539 516 588 Διά
542 555 610 589 πο
644 534 875 608 ἀμοιρεῖν
921 544 1046 607 γοῦν
1122 535 1276 587 αὐτόν
1329 534 1537 609 ἄρρενος
1590 535 1644 586 ἐν·

1887 534 2209 604 ιθότδεὶηίει
2230 538 2287 590 et
2301 533 2581 605 amplius,
2605 534 2800 590 minor
2821 533 3261 606 quinquaginta
3280 535 3462 588 natus

72 627 186 680 ϐου
214 628 426 700 γονῆςὸ
470 625 554 678 ἐπὶ
580 634 642 684 τῆ
679 627 901 698 θυγατρὶ
945 625 1179 700 γαμϐρός
1245 624 1405 676 αὑτοῦ
1453 631 1548 685 τῆς
1607 624 1640 696 β

1887 625 2079 693 cessit,
2111 640 2140 678 e
2173 623 2309 692 vita,
2339 623 2548 680 decem
2571 630 2626 680 et
2655 628 2790 680 octo
2833 623 3121 694 regnavit,
3185 636 3460 694 corpore,

79 717 299 780 σιλείάς
362 716 687 790 κληρονομεῖ.
730 715 825 767 Ἦν
877 712 935 767 δὲ
989 717 1013 766 ό
1082 713 1332 787 βασιλεύς
1381 711 1648 787 Θεόδωρος

1884 713 1918 766 d
1947 727 2069 767 non
2104 712 2379 778 nimium,
2429 713 2706 784 pusillus,
2774 712 3081 768 moderate
3129 709 3459 780 nigricante

85 809 397 880 Λάσκαρις,
440 807 593 858 ὁπότε
646 808 704 856 τὸ
750 804 888 865 τέλος
942 806 1070 875 ἔσχε
1129 811 1220 855 τοῦ
1267 803 1411 875 βίου,
1463 812 1562 854 τῶν
1617 806 1660 875 μ]

1883 802 2114 858 omissa
2134 801 2345 869 barba,
2388 802 2494 857 sed
2516 818 2650 874 quae
2680 803 2742 858 in
2765 801 3044 858 extremis
3068 799 3458 870 scinderetur,

78 896 493 968 τεσσαράκοντα
549 897 697 946 πέντε
780 892 902 946 ἐτῶν
955 895 1268 968 ὑπερέκεινα,
1350 891 1566 945 ἐλάττων
1648 914 1653 941 ι

1884 892 2015 958 ιτὶἰε,
2047 891 2151 946 sed
2177 907 2523 964 parumper,
2564 892 2770 960 oculis,
2822 907 3090 964 praeceps
3142 891 3202 947 in
3227 889 3459 963 proelia,

79 992 200 1036 τῶν
232 988 567 1050 πεντήκοντα,
603 980 921 1054 βασιλεύσας
951 981 1005 1033 ἐκ
1063 985 1257 1033 τούτων
1316 982 1402 1039 ἔτη
1475 980 1540 1040 ιη’
1569 982 1654 1052 (30

1888 999 1918 1038 e
1951 998 2021 1037 ac
2047 981 2286 1038 Veneris
2319 983 2657 1054 impatiens,
2706 985 2767 1039 in
2818 983 3171 1039 muneribus
3219 980 3463 1038 muniﬁ-

81 1073 199 1126 Ἶὶν
229 1069 289 1126 δὲ
318 1076 377 1125 τό
443 1080 594 1144 σῶμα
643 1074 850 1144 μικρὸς,
913 1071 1007 1124 ούκ
1047 1070 1178 1142 ἀγαν
1233 1067 1311 1141 δὲ,
1381 1070 1656 1143 μελάγχροη

1891 1071 2045 1127 ntior
2080 1090 2093 1126 :
2127 1071 2350 1143 quibus
2378 1073 2539 1128 enim
2577 1073 2658 1128 illi
2685 1073 3036 1130 collubitum
3066 1075 3210 1140 erat,
3248 1071 3466 1142 ingens

86 1161 177 1234 ἐφ’
211 1163 406 1228 ἱκανόν,
462 1161 760 1232 καθειμένον
815 1161 950 1231 ἔχων
1002 1162 1060 1210 τὸ
1112 1162 1302 1230 γένειον
1354 1164 1443 1210 καὶ
1485 1163 1599 1231 περὶ
1650 1177 1661 1208 1

1889 1159 1945 1215 [τί
1979 1160 2068 1215 vis
2097 1160 2458 1229 donabatur,
2486 1165 2552 1218 ut
2580 1163 2782 1219 statim
2813 1162 3080 1234 opulenti
3122 1161 3464 1219 evaderent.

88 1252 267 1318 ἄκρον
325 1249 660 1321 σχιζόμενον,
748 1247 825 1300 ἐπ’
887 1247 1058 1319 ὀλίγον
1131 1247 1521 1320 ἑτερόφθαλμος,
1584 1266 1663 1321 πρ‹

1893 1248 2035 1318 ignis
2102 1249 2390 1305 adversus
2437 1251 2612 1307 Italos
2654 1255 2711 1308 et
2757 1251 2968 1308 Persas
3011 1250 3468 1324 quammaxime

90 1359 195 1400 τας
229 1341 413 1412 μάχας
438 1337 575 1408 ὀξὺς,
623 1339 790 1410 θυμοῦ
844 1357 898 1390 τε
945 1337 1055 1409 (51)
1098 1342 1187 1389 καὶ
1235 1333 1556 1410 ἀφροδισίων
1623 1337 1665 1394 ir

1893 1337 2214 1405 nflictatus,
2263 1340 2460 1411 prima
2511 1345 2715 1397 tamen
2766 1341 3020 1397 Romani
3075 1339 3309 1412 imperii
3336 1340 3468 1413 ipse

89 1434 356 1500 τώμενος,
427 1426 836 1501 ἐλευθεριώτερος
893 1424 941 1478 ἓν
1013 1433 1124 1486 ταῖς
1191 1422 1432 1498 δωρεαῖς·
1479 1425 1554 1484 οἷς
1608 1426 1664 1495 γά

1893 1427 2394 1499 ndamentajecit,
2444 1429 2537 1484 cui
2591 1445 2627 1486 a
2677 1430 2959 1486 Romanis
3009 1429 3468 1502 quammaxime

93 1519 168 1569 ἄν
201 1515 472 1589 βούλοιτο,
501 1515 632 1569 πολὺ
662 1518 720 1567 τό
764 1520 990 1589 χρυσίον
1055 1511 1286 1580 ἐδίδοτο,
1329 1517 1397 1575 ὡς
1427 1513 1476 1566 ἐν
1531 1513 1661 1585 ἀκαρ

1893 1516 1935 1587 5
1970 1517 2172 1584 gratiae
2211 1518 2506 1574 habendae
2538 1523 2692 1574 sunt.
2743 1519 3020 1591 Sepultus
3060 1519 3169 1574 fuit
3203 1519 3266 1574 in
3316 1521 3468 1592 Hya-

92 1609 327 1666 τούτους
380 1605 636 1658 πλουτεῐν.
705 1604 1136 1677 Τεταλαιπώρηκε
1212 1600 1270 1655 δὲ
1337 1602 1667 1674 πάμπολλαι

1892 1605 2000 1659 1thi
2018 1609 2400 1673 monasterio,
2423 1607 2521 1662 ubi
2542 1613 2599 1664 et
2623 1608 2948 1681 imperator
2959 1609 3202 1664 AIexius
3232 1609 3467 1681 positus

94 1702 226 1756 ταῖς
253 1696 456 1766 μάχαις
486 1701 601 1754 ταῖς
624 1712 678 1746 τε
705 1695 836 1766 πρὸς
881 1693 1106 1753 Ἰταλοὺς
1160 1695 1250 1743 καὶ
1310 1695 1426 1751 τοὺς
1485 1695 1669 1764 Πέρσαι

1670 1712 1707 1751 ς.
1818 1691 2012 1748 fuerat
2037 1699 2093 1749 et
2122 1695 2469 1767 imperatrix
2497 1705 2668 1753 Anna
2699 1697 2945 1754 thalami
2976 1713 3245 1753 consors.

92 1785 285 1856 Ἀρχὴ
309 1791 432 1854 γοῦν
463 1777 606 1842 οὗτος
635 1780 856 1853 ἐγεγόνει
882 1789 975 1842 τῆς
1004 1789 1103 1832 τῶν
1127 1779 1390 1852 Ῥωμαίων
1423 1777 1617 1854 ἀρχῆς,
1732 1784 1821 1832 καὶ
1847 1781 2035 1840 πολλὴν
2067 1786 2229 1858 χάριν
2259 1784 2423 1855 ἅφλειν
2462 1793 2571 1846 τοῖς
2597 1785 2871 1858 Ῥωμαίοις
2895 1785 3029 1838 πάνυ
3063 1781 3177 1838 δέον
3203 1786 3472 1846 καθέστη-

94 1875 211 1926 κὲν.
243 1871 500 1929 Κατετέθη
535 1868 594 1924 δὲ
621 1872 645 1922 6
672 1874 848 1943 νεκρὸς
881 1870 1040 1922 αὐτοῦ
1071 1868 1120 1921 ἐν
1143 1877 1205 1928 τῆ
1239 1877 1331 1921 τοῦ
1365 1870 1634 1921 Ὑακίνθου
1665 1877 1819 1940 μονῆ,
1854 1872 1974 1924 ἔνθα
2001 1877 2091 1924 καὶ
2127 1875 2151 1924 6
2211 1872 2459 1945 βασιλεὺς
2523 1874 2749 1940 Ἀλέξιος
2800 1877 3054 1929 τέθαπται
3077 1879 3167 1928 καὶ
3199 1876 3229 1934 ἡ
3261 1872 3475 1951 βασιλὶς

94 1970 272 2025 Ἀννα
301 1972 331 2029 ἡ
366 1972 554 2022 τούτου
588 1969 839 2040 σύζυγος.

180 2058 268 2114 ιϐ’.
301 2061 480 2120 Καθὼς
517 2066 642 2130 γοῦν
699 2059 937 2132 εἰρήκειν,
992 2059 1122 2129 μετὰ
1180 2061 1275 2115 τὴν
1329 2056 1566 2114 τελευτήν
1617 2055 1755 2111 aui-1

1899 2059 1980 2114 19.
2014 2061 2538 2125 Quemadmodum
2567 2077 2710 2133 ergo
2741 2063 3036 2135 dixi,post
3058 2062 3215 2118 illius
3239 2060 3474 2119 obitum

92 2157 200 2203 τοῦ
240 2148 643 2222 ἐπιλαμϐάνεται
689 2155 788 2198 τῶν
835 2145 1132 2219 Ῥωμαϊκῶν
1191 2150 1468 2219 σκήπτρων
1535 2145 1667 2198 Ἰωάτ

1902 2149 2072 2204 ιωᾶηὶ
2098 2151 2330 2223 imperii
2362 2151 2772 2219 gubernacula
2791 2155 3049 2208 Joannes
3072 2155 3265 2208 Ducas
3291 2162 3477 2222 gener

95 2259 201 2300 νης
242 2240 268 2289 6
309 2240 503 2299 Δούκας
533 2238 558 2288 6
610 2235 840 2310 γαμϐρὸς
897 2235 1079 2304 αὐτοῦ,
1142 2237 1375 2306 στεφθεὶς
1426 2237 1569 2309 παρὰ
1619 2255 1670 2286 το

1889 2237 1975 2292 ius
2002 2240 2266 2312 suscipit,
2299 2257 2336 2297 a
2368 2241 2632 2297 Manuele
2657 2241 3019 2313 patriarcha,
3061 2240 3163 2313 qui
3208 2239 3464 2296 Maximo

95 2329 450 2400 πατριάρχου
480 2325 728 2384 Μανουήλ
773 2327 908 2396 (32),
941 2324 995 2386 ὃς
1051 2328 1137 2377 τὸν
1186 2324 1424 2396 Μάξιμον
1476 2321 1670 2386 διεδέξι

1897 2334 2210 2399 ccesserat,
2256 2334 2596 2386 coronatus.
2647 2335 2916 2403 Namque
2959 2335 3096 2403 post
3114 2329 3471 2402 patriarchae

95 2436 182 2470 το.
219 2419 364 2469 Μετὰ
385 2418 486 2490 γὰρ
537 2420 630 2473 τὴν
667 2414 904 2472 τελευτὴν
959 2421 1051 2467 τοῦ
1101 2415 1438 2487 πατριάρχου
1491 2418 1670 2485 Μιχαὲ

1899 2417 2121 2474 chaelis
2177 2435 2492 2475 excessum
2564 2420 2824 2476 lrenicus
2866 2419 3238 2486 Theodorus,
3290 2418 3387 2473 cui
3435 2433 3474 2475 ε.

100 2508 132 2559 ὁ
195 2505 469 2580 Εῖρηνικος
531 2500 802 2578 Θεόδωρος
877 2511 949 2574 τῷ
1008 2510 1384 2576 πατριαρχικῷ
1449 2499 1675 2575 ἕνίδρυτι

1898 2507 2122 2580 erisque
2154 2511 2329 2581 Copee
2358 2525 2582 2565 nomen
2611 2509 2870 2565 inditum
2894 2508 3108 2578 fuerat,
3138 2509 3199 2564 in
3219 2506 3473 2580 patriar-

103 2598 302 2670 θρόνῳ,
335 2596 384 2655 ὃς
413 2599 503 2646 καὶ
534 2599 724 2655 Κωπᾶς
751 2593 865 2663 (33)
919 2593 1018 2644 ὑπὸ
1070 2599 1168 2642 τῶν
1226 2591 1421 2644 πολλῶν
1465 2589 1678 2642 ἐκαλεῖτε

1903 2613 2000 2652 am
2019 2598 2270 2668 eligitur;
2296 2603 2430 2671 post
2442 2614 2634 2656 annos
2647 2615 2749 2655 sex
2766 2615 2836 2655 eo
2854 2599 3171 2656 demortuo
3187 2597 3474 2655 Maximus

102 2687 246 2758 μετὰ
277 2681 335 2737 δε
373 2683 638 2742 ἐνιαυτούς
677 2680 729 2744 ἓξ
755 2679 868 2752 (34)
899 2679 1089 2733 ἐκείνου
1122 2682 1207 2731 τὸν
1266 2678 1382 2752 βίον
1441 2678 1677 2732 ἀπολιπότ

1899 2688 2162 2743 onachus
2189 2688 2586 2759 patriarchale
2610 2687 2830 2744 solium
2856 2688 3146 2756 ascendit,
3166 2686 3474 2760 gynaeceio

99 2794 201 2836 τος
229 2775 255 2826 ὁ
309 2776 539 2846 μοναχὸς
597 2770 832 2843 Μάξιμος
890 2770 1004 2840 (35)
1044 2769 1112 2829 εἰς
1167 2771 1252 2821 τὸν
1326 2772 1674 2843 πατριαρχικέ

1905 2776 2082 2848 lpans
2106 2793 2175 2831 ac
2199 2777 2673 2849 supparasitans,
2698 2781 2755 2834 et
2770 2777 2894 2834 vice
2914 2793 3089 2834 versa
3101 2793 3174 2833 ex
3191 2791 3260 2833 eo
3277 2791 3480 2834 assen-

103 2864 361 2936 ἀνάγεται
420 2864 615 2938 θρόνον,
673 2862 963 2935 θεραπεύων
1018 2863 1112 2916 τήν
1165 2855 1578 2930 γυναικωνῖτιδα
1628 2878 1678 2910 κι

1905 2865 2081 2920 :iones
2110 2869 2166 2920 et
2183 2864 2508 2922 blanditias
2535 2881 2851 2938 aucupans
2886 2884 2900 2922 :
2923 2882 3119 2939 neque
3140 2866 3300 2922 enim
3317 2864 3480 2922 aliud

107 2956 218 3006 ὑπὸ
249 2955 440 3012 ταύτης
469 2952 989 3025 ἀντιθεραπευόμενος
1021 2969 1033 2981 ·
1069 2943 1219 3000 οὐδὲν
1269 2950 1369 3021 γάρ
1395 2947 1516 2999 ἄλλο
1549 2944 1608 3004 ἦν
1659 2967 1682 2998 τ

1907 2954 2052 3010 min
2082 2959 2209 3010 tam
2247 2953 2503 3010 sublime
2556 2955 2793 3011 culmen
2843 2959 3141 3012 evexerat.
3193 2953 3308 3010 Sed
3346 2956 3482 3026 post

107 3047 192 3104 είς
219 3045 414 3099 ταύτην
445 3038 766 3092 άναϐιϐᾶσοιν
807 3038 961 3090 αὐτόν
997 3041 1088 3096 τὴν
1128 3041 1412 3109 περιωπήν.
1458 3033 1682 3089 Ἐπιϐιοί

1905 3061 2067 3100 enses
2090 3061 2195 3100 sex
2216 3044 2488 3112 moritur,
2510 3049 2566 3101 et
2587 3043 2818 3101 Manuel
2837 3045 2898 3100 in
2919 3043 3303 3117 patriarchali
3332 3043 3480 3101 solio

111 3128 182 3185 δὲ
206 3139 374 3204 μῆνας
403 3129 457 3192 ἕξ
487 3128 598 3200 (36)
629 3127 856 3198 τελευτᾷ,
900 3131 991 3179 καὶ
1023 3128 1048 3178 6
1074 3125 1314 3182 Μανουηλ
1350 3126 1462 3196 (37)
1516 3129 1588 3187 είς
1633 3127 1686 3176 τό

1906 3133 2173 3199 llocatur,
2197 3149 2334 3188 vere
2363 3133 2454 3188 vir
2473 3133 2890 3206 philosophus,
2917 3136 2980 3190 ut
3000 3132 3422 3207 apparebat,et
3443 3147 3481 3190 α

110 3200 510 3296 πατριάρχικόν
555 3216 798 3290 ἀνάγεται
846 3217 1044 3291 θρόνον,
1091 3214 1388 3287 φιλόσοφος,
1423 3217 1487 3274 ὡς
1527 3210 1685 3266 ἐδόκει

1227 3233 1388 3287 τοφος,
1423 3217 1487 3274 ὡς
1527 3210 1718 3282 ἐδόκει,
1751 3200 1790 3255 C
1829 3223 2033 3281 multis
2060 3238 2131 3279 eo
2162 3223 2406 3279 nomine
2433 3200 2802 3280 honestatus.

112 3312 190 3362 ὧν
216 3313 309 3362 καὶ
339 3310 440 3361 ὑπὸ
465 3305 661 3360 πολλῶν
687 3306 1197 3378 κατονομαζόμεπος·

193 3398 236 3452 κ’
277 3399 372 3452 Ἐπ’
427 3393 486 3451 δὲ
535 3399 603 3450 τὰ
651 3395 951 3468 Βουλγάρων
989 3398 1079 3446 καὶ
1114 3389 1264 3455 αὖθις
1317 3396 1342 3445 6
1394 3392 1543 3464 λόγος
1600 3391 1722 3444 ἀνα-

1899 3390 1990 3444 20.
2025 3387 2138 3444 Sed
2171 3384 2252 3442 ad
2305 3400 2400 3442 res
2454 3384 2793 3456 Bulgaricas
2834 3383 3175 3442 redeamus.
3236 3383 3474 3442 Primus

114 3496 311 3564 χωρεῖ.
342 3486 402 3539 Ὀ
429 3494 634 3562 πρῶτος
692 3483 939 3558 βασιλεὺς
1015 3491 1114 3535 τῶν
1183 3481 1489 3556 Βουλγάρων
1563 3481 1689 3535 Ἀσά

1902 3479 2223 3548 ilgarorum
2238 3493 2344 3532 rex
2359 3479 2592 3532 Asanus
2607 3476 2760 3532 duos
2774 3475 2987 3532 habuit
3003 3475 3176 3543 ﬁlios,
3190 3477 3477 3533 Joannem

116 3575 222 3631 δύο
249 3579 402 3649 ἔσχεν
423 3577 589 3642 υἱούς,
638 3577 725 3627 τὸν
777 3574 1022 3631 Ἰωάννην
1076 3577 1165 3624 καὶ
1220 3575 1309 3623 τόν
1356 3567 1691 3645 Ἀλέξανδρον

1905 3565 2331 3622 Alexandrum.
2361 3565 2567 3637 Itaque
2593 3564 2802 3633 Borila,
2828 3565 3000 3635 cujus
3022 3579 3207 3637 supra
3222 3564 3477 3622 mentio-

111 3675 224 3722 Τοῦ
249 3674 374 3740 γοῦν
413 3665 679 3740 εἰρημένου
714 3663 902 3739 Βορίλα
929 3663 1041 3734 (38)
1088 3659 1373 3734 βασιλικῶς
1409 3668 1508 3713 τῶν
1558 3659 1686 3712 Βουλ

1909 3674 1969 3712 m
1990 3656 2260 3726 fecimus,
2282 3655 2441 3727 regie
2464 3654 2729 3724 Bulgaris
2744 3654 3098 3727 imperante,
3118 3654 3303 3710 Asani
3318 3653 3477 3710 ﬁlius

109 3759 295 3831 γάρων
322 3757 684 3830 κατάρχοντος
713 3753 847 3824 (39),
882 3753 908 3804 6
938 3758 1030 3804 τοῦ
1089 3751 1248 3803 Ἀσαν
1307 3752 1420 3811 υἱός
1478 3750 1684 3808 Ἰωάννη

1901 3761 2081 3803 annes
2104 3745 2248 3815 fuga
2278 3760 2339 3799 se
2361 3743 2666 3816 abripiens
2687 3743 2748 3800 in
2769 3746 2960 3799 Rusos
2978 3741 3476 3814 confugit,ibique

118 3842 390 3922 φυγαδείᾳ
439 3845 773 3917 χρησάμενος
829 3840 912 3894 ἐπὶ
967 3842 1034 3892 τά
1088 3848 1186 3892 τῶν
1252 3839 1454 3892 Ῥώσων
1533 3845 1693 3912 χωρεῖ

1902 3850 1936 3890 ιι·
1973 3839 2212 3906 tempus
2246 3832 2492 3904 aliquod
2523 3835 2950 3899 commoratus,
2980 3835 3038 3886 et
3066 3844 3477 3888 convenarum

116 3939 291 3990 ἐκεῖσε
319 3953 373 3987 τε
401 3938 592 4008 χρόνον
623 3931 697 4004 ἐφ’
730 3933 902 3983 ἱκανὸν
942 3925 1240 4000 διαμείνας,
1291 3931 1382 3980 καί
1437 3947 1582 3987 τινας
1623 3935 1691 3978 τῶ

1903 3939 2125 3979 isorum
2151 3921 2456 3978 nonnullis
2479 3921 2538 3977 in
2565 3937 2756 3976 unum
2788 3919 3106 3990 congestis,
3162 3923 3478 3993 paternam

119 4019 434 4098 συγκλύδων
458 4027 659 4076 Ῥὡσων
709 4023 800 4073 σὺν
853 4018 1019 4089 ἑαυτῷ
1070 4021 1421 4091 περιαγαγὼν,
1478 4020 1574 4075 τὴν
1625 4035 1694 4068 πα

1908 4010 2239 4066 areditatem
2268 4008 2546 4080 reposcit,
2569 4009 2684 4080 36
2712 4011 2769 4064 et
2795 4007 2857 4062 in
2880 4005 3136 4062 Borilam
3155 4021 3327 4062 arma
3356 4021 3483 4061 sus-

118 4117 315 4190 τρικήν
345 4111 674 4165 ἀνακαλεῖται
729 4108 1072 4184 κληρονομίαν
1121 4112 1209 4158 καὶ
1257 4105 1468 4177 πολεμεῖ
1516 4113 1588 4176 τῷ
1637 4112 1693 4157 Βι

1910 4101 1992 4169 >it,
2015 4104 2073 4156 et
2094 4099 2292 4167 vincit,
2312 4097 2719 4170 dominusque
2741 4096 2807 4152 ﬁt
2825 4111 2948 4152 non
2965 4095 3195 4166 exiguae
3221 4093 3485 4166 regionis

120 4203 251 4278 ρίλα
277 4206 365 4255 καὶ
392 4207 514 4272 νικᾷ
539 4207 740 4266 τοῦτον,
790 4203 879 4250 καὶ
931 4202 1112 4270 χώρας
1167 4194 1262 4246 ούκ
1320 4193 1496 4264 ὀλίγης
1543 4193 1695 4266 ἑγκρο

1913 4189 2058 4245 ιτὶιεε
2107 4186 2433 4243 Trinobum
2481 4187 2789 4256 ingressus
2830 4189 3061 4256 septem
3101 4199 3298 4240 annos
3329 4183 3488 4240 obsi-

123 4272 481 4364 τὴς-γίνεται.
525 4296 583 4343 ’0
651 4284 710 4341 δε
760 4287 976 4360 Βορίλας
1040 4281 1185 4337 ἔνδον
1265 4283 1561 4356 εἰσέρχεται
1636 4303 1692 4335 το

1910 4295 2068 4336 mem
2095 4276 2343 4332 sustinet
2377 4295 2388 4344 ;
2422 4279 2642 4332 etcum
2672 4273 2817 4330 socii
2855 4272 3163 4343 defatigati
3214 4289 3485 4330 succum-

121 4379 402 4457 Τρινόϐου,
427 4384 518 4432 καὶ
557 4377 640 4431 ἐπὶ
670 4377 799 4430 ἐπτὰ
844 4377 982 4428 ἔτεσι
1037 4378 1296 4446 τειχήρης
1351 4372 1696 4448 πολιορκεῖται

1916 4372 2064 4436 rent,
2089 4366 2168 4423 ad
2200 4365 2389 4421 Asani
2412 4367 2703 4421 Joannem
2742 4361 3050 4418 deﬁciunt.
3077 4363 3302 4419 Borilas
3350 4362 3491 4419 inde

119 4474 274 4526 Ἐπεὶ
327 4465 386 4522 δὲ
438 4467 701 4540 ἀπέκαμον
756 4468 804 4518 οἱ
863 4468 1100 4524 συνόντες
1174 4462 1336 4532 αὐτῷ,
1415 4469 1486 4531 τῷ
1561 4463 1694 4515 Ἀσά

1912 4462 1988 4515 ter
2055 4455 2405 4526 fugiendum
2455 4453 2864 4527 deprehensus
2920 4451 2998 4510 ab
3039 4454 3268 4510 Joanne
3298 4451 3487 4510 oculis

123 4561 339 4633 Ἰωάννῃ
390 4561 800 4632 προσέρχονται.
864 4556 1068 4625 Φεύγων
1096 4548 1156 4604 δὲ
1229 4550 1548 4602 ἀλίσκεταιό
1626 4558 1692 4603 Βο

1914 4549 2087 4614 ditur,
2112 4525 2316 4618 sicque
2337 4525 2616 4600 universa
2635 4543 2858 4600 ditione
2879 4542 3269 4614 Bulgarorum
3299 4542 3488 4602 Joan-

123 4649 282 4726 ρίλας
319 4652 410 4701 καὶ
469 4649 612 4722 παρὰ
661 4652 755 4698 τοῦ
806 4642 1042 4698 Ἰωάννου
1090 4639 1388 4712 τυφλοῦται,
1438 4644 1528 4692 καὶ
1567 4640 1698 4692 ούτω

1597 4640 1728 4703 ύτως
1843 4655 1949 4695 nes
1975 4637 2214 4710 potitur.
2244 4637 2312 4692 Et
2338 4635 2466 4691 haec
2491 4633 2740 4707 quidem
2768 4633 2845 4691 de
2879 4633 3172 4707 Bulgaris.

1005 4780 1346 4850 Theodori
1394 4782 1646 4850 Dousze
1693 4789 1760 4849 et
1805 4781 2057 4849 Leonis
2105 4777 2342 4846 Allatii
2390 4786 2594 4845 notae.

233 4932 326 5006 30)
362 4931 488 4992 Ἐτη
520 4929 606 4991 ιη’.
642 4931 951 4998 Gregoras,
974 4941 1034 4999 p,
1063 4927 1154 4996 24,
1179 4927 1314 4981 ALL.

207 4937 324 5079 (31)
364 5009 490 5079 Περὶ
518 5006 608 5066 τὰς
629 5003 807 5075 μάχας
847 4997 966 5062 ὀξὺς
999 4999 1167 5071 θυμοῦ
1196 5015 1269 5052 τε.
1303 4998 1595 5069 Gregoras
1631 4995 1739 5051 lib.

1916 4924 2028 4995 (35)
2057 4921 2296 4994 Μάξιμος
2356 4925 2611 4992 μοναχὸς.
2675 4918 2775 4975 Hic
2822 4919 3000 4975 antea
3049 4917 3306 4988 praeerat
3356 4929 3490 4971 mo-

1915 4994 2112 5051 isterio
2141 5003 2236 5079 τίὲν
2266 4994 2613 5067 Ἀκοιμήτων,
2645 4994 2712 5046 ut
2757 4993 2846 5047 est
2890 4989 2952 5044 in
2993 4987 3209 5045 Notitia
3249 4987 3490 5059 patriar-

233 4987 324 5077 ἐξ)
364 4987 490 5079 ηξρὶ
518 4987 608 5066 τάς
629 4987 807 5075 μάχᾶς
847 4987 1167 5071 ὀξὺ’ς“όυμοὶ)
1196 5015 1269 5052 τε.
1303 4998 1595 5069 Gregoras
1631 4995 1739 5051 lib.

1928 4987 2112 5051 Laterio
2141 4987 2236 5079 τ’τξν
2266 4987 2613 5067 Ἀκόιμήτωη
2645 4994 2712 5046 ut
2757 4993 2846 5047 est
2890 4989 2952 5044 in
2993 4987 3209 5045 NOtitia
3249 4987 3503 5059 patriar-

127 5067 398 5154 n,p.'24.
430 5067 564 5132 ALL.
629 5067 639 5075 ’
704 5067 746 5074 ⁷⁷
935 5140 945 5150 α
1065 5067 1075 5071 “
1424 5067 1437 5069 ⁷
1481 5139 1492 5150 ⁸
1707 5136 1717 5148 .
1852 5067 2124 5122 charum.
2160 5067 2376 5121 DOUSA.
2606 5132 2663 5146 Η
2927 5129 2938 5140 Ι
3464 5127 3476 5140 υ

209 5149 326 5223 (32)
357 5147 608 5223 Dehisce
627 5137 1746 5223 patiliarchishManuele,‘Mammo,Mi-
1928 5138 2036 5209 (36)
2089 5144 2272 5223 Μῇναὲ
2347 5135 2420 5223 ἐξ.
2492 5137 2708 5191 Notitla
2787 5128 3269 5218 patriarcharum
3324 5127 3507 5187 tradit

129 5209 1746 5286 chael'e,Theodoi'o,Cpolitanis,Nicaeaetamenseden-
1855 5223 2094 5286 menses
2137 5211 2449 5286 8.7DOUS‘A.
2506 5276 2566 5286 ___
2737 5277 2746 5286 ί
2801 5211 2824 5286 ξ

132 5269 1001 5357 ἶῶἶιξξᾶἱὶῖῐῖιῖεᾞὸὶιτὼὶιαγ1η
1024 5269 1203 5357 opere
1224 5281 1515 5357 nosti-ode
1541 5295 1749 5357 perpe-
1861 5351 1872 5357 _
1931 5279 2139 5357 (ξυνιεῖς)
2185 5277 2464 5357 Μανουήλη
2506 5276 2607 5332 Hic
2664 5277 2757 5357 est
2801 5269 3033 5329 Manuel
3086 5270 3510 5346 Charitopulus

133 5346 246 5422 {de
273 5346 582 5434 utriusque
596 5346 1299 5434 Ecclesim,0‘ccidentalis
1322 5346 1746 5434 .e‘tpr‘ientalis,
1857 5351 1920 5408 in
1936 5346 2162 5434 jlfoxtitia
2187 5348 2682 5434 patriarcharum.
2719 5346 2926 5434 DoUSA.

138 5371 246 5422 tua
273 5368 582 5434 utriusque
596 5368 886 5421 Ecclesxae,
904 5368 1299 5411 Ucc1aentaus
1327 5368 1385 5409 et
1411 5368 1746 5416 urientans,
1857 5368 1920 5408 1n
1950 5368 2162 5408 mouua
2187 5368 2682 5473 patriarcnarum.
2719 5368 2926 5400 υυυδλ.
3199 5414 3209 5425 ι

138 5433 564 5501 consensione,
596 5447 669 5487 ex
698 5427 1032 5504 quorlector
1062 5429 1241 5504 petat,
1268 5424 1336 5504 ‘si
1363 5424 1719 5504 libet._ALL._
1931 5423 2045 5495 (38)
2076 5428 2196 5504 B_opi
2230 5423 2468 5503 a..D1Xlt
2515 5433 2709 5504 supra
2736 5419 2804 5472 ut
2856 5417 3239 5487 occupaverit
3301 5414 3513 5487 Bulga-

214 5505 329 5574 (33)
367 5490 572 5564 Kmatg'.
625 5505 689 5558 In
716 5490 954 5556 ‘Notitia
1009 5490 1488 5569 patriarcharum
1541 5498 1751 5554 Κουπᾶς

1241 5496 1488 5552 charum
1541 5498 1751 5554 Κουπᾶς
1860 5490 2066 5574 Γοξιῃῂ
2088 5490 2443 5574 imperium,
2475 5507 2525 5546 c.
2678 5491 2816 5569 ALL:

139 5556 610 5636 diciturfnou'sa
623 5556 682 5628 ί
1009 5556 1031 5569 ³
1937 5565 2048 5636 (39)
2084 5568 2163 5620 De
2185 5556 2332 5634 fuga
2352 5556 2598 5636 Joannis
2629 5558 2818 5617 Asani
2843 5556 2951 5615 ﬁlii
2979 5573 3166 5633 supra
3187 5558 3310 5632 agit
3328 5558 3513 5619 Acro-

216 5649 334 5721 (34)
385 5653 506 5721 Μετ’
545 5644 808 5721 ἐνιαυτούς
872 5639 952 5704 ἕξ.
1013 5638 1224 5721 Νοῐὶῐὶδ.
1276 5637 1756 5721 patriarcharum

1034 5638 1224 5696 iotitia
1276 5637 1756 5721 patriarcharum
1861 5635 2050 5709 polita
2081 5653 2130 5694 c.
2168 5639 2231 5692 l2
2262 5639 2319 5692 et
2354 5638 2437 5692 13.
2472 5635 2609 5688 ALL.

142 5710 820 5780 tradiivixisse-tantum
848 5725 992 5768 ann.
1012 5715 1032 5767 l
1063 5725 1256 5768 mens.
1278 5710 1313 5766 4
1333 5710 1460 5768 dies
1484 5713 1752 5768 5.DOUSA.

432 5767 819 5848 ὗῖἔιιὸῖξῐ
841 5783 996 5841 CXL.
1120 5767 1123 5768 ⁷
1246 5767 1249 5768 ⁷
1411 5767 1416 5768 ί
1526 5767 1531 5768 ί
3181 5767 3249 5824 33
