3988 6322
29 424 202 479 1041
1587 412 1682 468 ΛΝ

1795 410 1930 469 LES.
3323 411 3463 470 1042

47 546 461 606 Ἑλλήσποντον
490 545 682 604 ταύτας
729 545 947 602 ἔστησεν
997 540 1047 594 ἓν
1076 543 1216 612 τόπῳ
1262 537 1319 600 ὃς
1352 535 1536 600 Ὀλκός
1583 535 1890 610 ὀνομάζεται
1915 537 1984 605 ⁸⁵,
2017 539 2107 589 καὶ
2151 531 2210 594 ἧν
2258 533 2424 589 πολλὰ
2464 537 2710 607 παρέχων
2759 533 2932 596 αὐτοῖς
2977 534 3280 610 πράγματα,
3323 535 3462 590 κατά

31 632 230 689 δύσιν
265 638 566 710 ὁρμώμενος
594 638 684 686 καὶ
717 632 854 686 λείαν
898 634 966 685 τὰ
1011 629 1213 684 ἐκείνων
1242 630 1563 702 ποιούμενος,
1594 628 1800 703 πορθῶν
1828 644 1883 678 τε
1911 628 1969 679 τό
1999 633 2098 679 τῶν
2128 621 2382 680 Μαδύτυν
2411 625 2548 678 ἄστυ
2586 629 2676 677 καὶ
2716 627 2811 684 τήν
2858 623 3230 679 Καλλιούπολιν
3259 629 3349 679 καὶ
3386 625 3456 680 τὰ

37 725 440 801 παραιγιάλια
468 725 631 776 τάντα
657 729 770 786 τοῖς
795 721 1012 784 Ἰταλοῖς
1038 721 1275 794 ύπόφορα
1303 721 1444 774 ὄντα.

134 813 251 887 κγ’.
285 815 376 868 Ἐν
420 816 657 866 τουτοισὶ
699 809 758 865 δι
810 815 948 873 ὄντος
993 818 1088 864 τοῦ
1127 808 1383 883 βασιλέως
1432 807 1686 872 Ἰωάννου,

1873 806 1962 861 23.
2008 806 2156 860 Cum
2201 803 2330 861 haec
2370 805 2572 873 ageret
2617 803 2943 876 imperator
2994 804 3278 874 Joannes,
3310 803 3457 861 acri-

43 908 157 956 καὶ
218 903 466 979 ἀκρατῶς
520 906 824 976 μαχομένου
878 907 984 962 τοῖς
1036 899 1252 962 Ἰταλοῖς
1289 900 1420 951 κατά
1465 917 1520 950 τε
1569 900 1694 970 χέρ-

53 1012 166 1046 σον
216 997 318 1045 καὶ
369 992 658 1059 θάλασσαν,
707 997 1046 1065 σκευωρεῖται
1101 992 1264 1060 τούτῳ
1319 986 1583 1046 ἐπιϐουλή.
1634 985 1692 1037 Ὀ

53 1077 134 1134 δὶ
178 1083 386 1140 ταύτην
433 1083 824 1154 συστησάμενος
852 1075 1274 1156 πρωτεξάδελφος
1304 1074 1365 1136 ἦν
1394 1083 1488 1129 τοῦ
1526 1075 1692 1148 βασι-

50 1169 201 1232 λέως
263 1172 291 1224 6
346 1175 641 1244 Νεστόγγος
691 1167 1046 1245 Ἀνδρόνικος.
1097 1169 1295 1221 Οὑτοσὶ
1357 1163 1416 1220 δὲ
1461 1170 1552 1218 καὶ
1597 1168 1692 1222 τὴν

53 1267 134 1318 τῆ
149 1281 173 1321 ς
243 1265 546 1333 συγγενείας
600 1263 790 1332 σχέσιν
844 1259 969 1333 παρ’
1022 1255 1173 1312 οὐδὲν
1219 1258 1418 1329 θέμενος
1475 1255 1691 1307 καὶτὸν

56 1357 168 1409 τῆς
226 1349 405 1421 φιλίας
462 1348 765 1424 ἀπορρήξας
823 1344 1019 1420 δεσμόν
1073 1345 1355 1418 ἀνταρσίαν
1413 1345 1550 1396 κατά
1601 1349 1692 1395 τοῦ

56 1435 518 1512 πρωτεξαδελφου
575 1437 830 1511 βασιλέως
888 1435 1226 1510 βεϐούλευται
1267 1436 1339 1500 9°,
1392 1434 1528 1506 ἔχων
1575 1425 1694 1484 συν⁴

59 1531 228 1603 εργὸν
283 1527 356 1590 εἰς
404 1534 558 1580 τοῦτο
601 1531 688 1579 τὸν
747 1522 966 1598 ἀδελφόν
1020 1525 1281 1578 Ἰσαάκιον
1333 1527 1423 1575 καὶ
1491 1521 1693 1596 ἑτέρους

55 1624 179 1670 τῶν
248 1615 509 1689 ἐπιφανῶν
569 1616 662 1669 οὐκ
713 1614 941 1687 ὀλίγους,
1004 1619 1090 1667 τόν
1143 1633 1198 1666 τε
1245 1610 1582 1685 Φλαμούλιον,
1637 1611 1690 1662 ὃν

57 1709 242 1778 μέγαν
298 1705 670 1778 ἑταιρειάρχην
725 1703 812 1778 [Ρ.
856 1703 950 1777 20]
1011 1705 1037 1755 6
1096 1701 1341 1775 βασιλεὺς
1395 1705 1687 1773 τετίμηκεν,

61 1799 166 1848 τόν
211 1799 620 1868 Ταρχανειῶτην
655 1790 972 1862 Συναδηνόν,
1012 1795 1100 1845 τόν
1132 1791 1213 1845 ἐπ’
1259 1787 1454 1863 ἀδελφῇ
1506 1793 1690 1843 τούτου

61 1883 323 1958 γαμϐρόν
385 1887 684 1953 Στασηνόν,
737 1886 826 1935 τόν
891 1885 1168 1956 Μακρηνόν
1235 1885 1324 1933 καὶ
1383 1879 1570 1940 ἄλλους
1625 1879 1691 1940 εἰς

61 1973 280 2034 πλῆθος
319 1976 406 2026 τόν
460 1971 679 2046 ἀριθμόν
704 1973 850 2024 θτοθε.
883 1972 1114 2044 Ἐγένετο
1144 1967 1203 2023 δὲ
1247 1971 1278 2028 ἡ
1321 1967 1565 2027 ἐπιϐουλή
1597 1987 1692 2021 πο-

61 2063 364 2136 λυήμερος.
417 2063 505 2117 Ἐν
554 2069 616 2136 τῇ
675 2061 954 2134 Λαμψάκῳ
1011 2057 1070 2114 δὲ
1117 2057 1317 2132 διάγων
1366 2061 1391 2110 ό
1444 2057 1694 2132 βασιλεύς

1798 893 2035 966 busque
2086 892 2262 949 Italos
2316 891 2535 966 prmliis
2588 895 2746 948 terra
2799 891 3071 966 marique
3127 891 3452 964 divexaret,

1798 983 2032 1040 insidiae
2057 983 2192 1039 vitae
2219 982 2375 1039 illius
2400 984 2706 1055 parantur.
2749 981 3052 1039 Facinoris
3085 986 3293 1038 auctor
3330 985 3457 1040 erat

1800 1075 2134 1144 Nestongus
2159 1071 2536 1128 Andronicus
2560 1070 2938 1144 imperatoris
2959 1070 3378 1129 consobrinus.
3400 1073 3456 1128 Is

1799 1161 2116 1219 artissima:
2157 1161 2463 1218 afﬁnitatis
2507 1159 2930 1232 conjunctione
2967 1160 3240 1232 neglecta
3286 1175 3453 1235 spre-

1798 1251 1992 1325 tisque
2017 1251 2291 1308 amicitiae
2313 1250 2554 1323 juribus
2583 1250 2646 1307 in
2676 1249 3109 1308 consobrinum
3136 1267 3317 1308 suum
3346 1251 3456 1310 im-

1797 1346 2134 1416 peratorem
2165 1341 2457 1413 conjurat,
2491 1340 2919 1412 conjurationis
2957 1344 3234 1399 consorte
3273 1342 3452 1401 fratre

1799 1431 2024 1488 Isaacio
2050 1434 2106 1486 et
2129 1446 2251 1486 non
2283 1429 2493 1502 paucis
2525 1445 2595 1486 ex
2619 1429 2987 1502 proceribus.
3022 1429 3141 1504 40
3170 1434 3286 1489 Nec
3314 1431 3452 1490 dee-

1797 1525 1934 1578 rant
1974 1519 2208 1576 sceleris
2247 1519 2565 1592 participes
2603 1517 2973 1576 Phlamulius
3011 1520 3221 1592 magni
3268 1520 3450 1578 bette-

1796 1609 2045 1666 riarchaa
2075 1608 2362 1681 dignitate
2408 1607 2702 1664 beneﬁcio
2740 1607 3118 1680 imperatoris
3159 1608 3450 1668 condeco-

1797 1703 1983 1768 ratus,
2017 1697 2375 1770 Synadenus
2403 1696 2816 1765 Tarchaniota,
2858 1697 3079 1754 sororis
3121 1696 3280 1754 illius
3314 1713 3450 1756 ma-

1795 1788 1964 1856 ritus,
2007 1789 2314 1856 Stasenus,
2365 1789 2670 1843 Macrenus
2718 1785 2939 1860 aliique
2992 1785 3448 1860 quamplurimi.

1798 1879 1945 1934 Cum
1975 1891 2116 1933 vero
2159 1891 2266 1949 per
2301 1875 2522 1932 multos
2552 1875 2680 1932 dies
2711 1876 3045 1948 conjuratio
3077 1876 3452 1950 protrahere-

1797 1970 1910 2032 tur,
1939 1965 2249 2038 Lampsaci
2282 1965 2509 2036 degens
2546 1965 2875 2038 imperator
2908 1969 3162 2023 conatus
3210 1964 3452 2040 conspi-

1797 2056 2058 2113 rantium
2083 2055 2334 2119 rescivit,
2360 2059 2417 2111 et
2441 2054 2784 2112 triremibus
2809 2070 2885 2111 ne
2905 2053 2984 2112 ab
3010 2055 3168 2112 italis
3194 2071 3454 2129 occupa-

66 2153 337 2225 μανθάνει
394 2159 573 2206 ταῦτα.
634 2156 771 2226 Πυρὲ⁹
829 2147 916 2203 οὖν
976 2152 1066 2212 τάς
1114 2153 1346 2224 τριήρεις
1398 2146 1686 2199 καταναλώ-

1797 2150 2002 2202 rentur
2033 2143 2450 2213 concrematis,
2476 2143 2635 2201 bello
2663 2143 2990 2201 domestico
3021 2143 3217 2216 magis
3258 2159 3450 2218 quam

70 2261 206 2307 σοις,
258 2241 344 2292 ἶνα
391 2245 462 2312 μὴ
515 2247 622 2300 τοῖς
677 2238 893 2300 Ἰταλοῖς
944 2241 1046 2292 ύπό
1100 2245 1260 2313 χεῖρα
1313 2241 1558 2308 γένοιντο,
1599 2239 1690 2288 καὶ

65 2335 516 2407 προύργιαίτερον
561 2334 648 2383 τόν
705 2332 892 2383 ἔσωθεν
940 2329 1158 2402 πόλεμον
1206 2333 1387 2404 κρίνας
1432 2334 1525 2380 τοῦ
1573 2326 1690 2390 ἔξω-

72 2423 186 2491 θεν,
256 2418 462 2494 ἀπάρας
529 2417 716 2472 ἐκεῖθεν
783 2419 867 2471 ἐπὶ
931 2423 1026 2477 τὴν
1095 2419 1390 2492 Ἀχυράους
1454 2415 1687 2489 ἀφίκετο.

69 2511 318 2562 κάκεῖθεν
394 2513 490 2568 τὴν
556 2507 790 2572 ἐξέτασιν
861 2516 956 2570 τῆς
1021 2506 1301 2569 ἐπιϐουλῆς
1379 2507 1685 2564 ἐποιήσατο.

70 2602 184 2652 Καὶ
224 2598 363 2656 ἦσαν
417 2599 466 2649 οἱ
514 2600 811 2669 συνωμόται
858 2597 1044 2658 πάντες
1084 2601 1201 2658 ταῖς
1254 2591 1432 2657 δίκαις
1461 2596 1687 2647 ὑπεύθυ-

67 2705 176 2740 νοι.
220 2685 362 2739 Ἀλλ’
419 2687 446 2737 6
504 2683 756 2757 βασιλεὺς
809 2683 1284 2758 φιλανθρωπότερον
1345 2690 1456 2745 τοῖς
1516 2686 1690 2755 νόμοις

69 2774 373 2847 ἐχρήσατο,
425 2779 514 2826 καὶ
561 2777 649 2826 τόν
689 2777 779 2846 μὶν
832 2778 1130 2844 Νεστόγγον
1185 2772 1447 2825 Ἰσαάκιον
1493 2771 1688 2844 τυφλώο

73 2883 164 2917 σει
207 2860 560 2924 καταδικάζει
603 2867 695 2915 καὶ
753 2866 1090 2938 χειροκοπίᾳ,
1146 2863 1396 2923 ὡσαύτως
1455 2865 1546 2912 καὶ
1598 2865 1686 2913 τόν

71 2957 360 3028 Μακρηνόν
394 2974 408 2986 ο
477 2951 805 3025 ἆξελήλεγκτο
869 2955 971 3027 γὰρ
1035 2953 1100 3012 ὡς
1156 2950 1405 3012 πολλάκις
1449 2949 1686 3025 ἐφώρμη-

74 3061 163 3107 σε,
213 3044 351 3094 κατά
403 3050 560 3094 νῶτον
615 3043 895 3114 τυγχάνων
944 3047 1036 3093 τοῦ
1085 3038 1366 3112 βασιλέως,
1408 3038 1686 3111 ἐφελκύσαι

75 3136 177 3190 τὴν
226 3133 432 3190 σπάθην
479 3135 570 3184 καὶ
617 3130 943 3206 καταῤῥάξαι
994 3134 1221 3203 καιρίαν.
1264 3132 1364 3182 Καὶ
1409 3127 1586 3189 ἱλλους
1626 3123 1686 3180 δέ

72 3227 226 3282 τινᾶς
286 3229 500 3295 μικραῖς
547 3229 748 3282 ποιναῖς
799 3218 1187 3285 καθυπέϐαλεν,
1235 3222 1356 3280 τούς
1412 3214 1471 3270 δὲ
1535 3218 1685 3270 πλεί-

77 3329 246 3372 στους
297 3309 487 3383 ἀφῆκεν
543 3313 772 3383 εἱρκταῖς
821 3313 987 3382 μέχρι
1031 3313 1164 3370 τινός
1220 3306 1565 3383 περικλείσας,
1593 3312 1684 3360 καὶ

75 3399 241 3452 αὐτὸν
295 3395 364 3458 δὴ
410 3402 496 3451 τόν
552 3403 888 3474 πρωτουργόν
941 3405 1030 3458 τῆς
1091 3396 1382 3462 ἐπιϐουλῆς,
1442 3399 1530 3448 τόν
1593 3401 1683 3448 καὶ

73 3487 355 3562 βασιλείας
410 3486 685 3560 ἐφείμενον,
741 3490 829 3539 τόν
889 3488 1186 3558 Νεστόγγον
1247 3482 1582 3557 Ἀνδρόνικον
1632 3487 1680 3520 ³³

70 3577 123 3631 ἐν
177 3585 250 3648 τῷ
293 3583 522 3652 φρουρίῳ
578 3585 673 3638 τῆς
724 3581 1042 3648 Μαγνησίας
1095 3574 1434 3628 συνέκλεισεν.
1483 3581 1682 3626 Τοσοῦ-

71 3686 166 3719 τον
211 3667 242 3723 ἡ
292 3674 387 3726 τῆς
437 3664 638 3737 ἀγάπης
679 3669 866 3736 σχέσις
890 3669 976 3717 τόν
1018 3663 1244 3738 βασιλεα
1273 3670 1364 3715 τοῦ
1394 3671 1682 3722 κακοποιῆ-

77 3746 178 3808 σάι
228 3761 406 3807 τοῦτον
454 3753 770 3806 ἓκῶλυσεν¹.
815 3753 910 3816 Ὃς
965 3759 1055 3806 καὶ
1102 3772 1197 3826 μετ
1245 3751 1416 3824 ὀλίγον
1455 3748 1679 3826 ἀπέδρα,

68 3846 138 3904 ὡς
193 3847 280 3914 μέν
332 3862 466 3905 τινες
521 3845 764 3916 ἔφασκον,
814 3842 1019 3901 θελήσει
1070 3849 1162 3894 τοῦ
1219 3839 1478 3914 βασιλέως
1537 3840 1680 3894 ἐλευ-

73 3934 365 4006 θεριωτερον
447 3930 645 4004 βαίνειν
729 3938 912 3983 τοῦτον
993 3930 1512 4003 παρακελευσαμένου
1590 3935 1680 3982 καὶ

74 4022 184 4073 οἷον
247 4018 432 4091 κλέψαι
491 4027 674 4073 τοῦτον
742 4024 837 4078 τήν
906 4023 1170 4093 σωτηρίαν
1234 4017 1676 4092 βουλευσαμένου.

76 4109 199 4171 Ὀς-
227 4113 314 4160 καὶ
368 4112 549 4170 νυκτός
605 4113 779 4181 φυγὼν
841 4107 925 4161 ἐπὶ
981 4111 1045 4161 τὰ
1106 4117 1205 4159 τῶν
1258 4107 1679 4180 Μουσουλμάνων

83 4197 373 4270 ἐφώρμησε,
426 4203 515 4250 καὶ
566 4193 748 4269 διῆγεν
793 4195 958 4250 ἐκεῖσε
1005 4198 1214 4270 μέχρι²
1258 4205 1352 4259 τῆς
1401 4197 1561 4250 αὑτοῦ
1602 4216 1682 4250 τε-

85 4287 283 4348 λευτῆς.
339 4289 594 4341 Ἐντεῦθεν
653 4288 679 4338 6
739 4285 986 4358 βασιλεὺς
1050 4291 1518 4361 προσεκτικώτερον
1589 4284 1680 4357 ἐχ-

88 4381 215 4452 ρᾶτο
265 4383 371 4437 τοῖς
421 4377 720 4450 πρόιγμασι,
752 4380 843 4428 καὶ
902 4383 991 4434 τῆς
1042 4378 1296 4450 προτέρας
1335 4373 1680 4447 ἐλευθεριότη-

87 4483 171 4524 τος
207 4463 298 4516 ούκ
353 4462 666 4516 ἀντεποιεῖτο
691 4464 736 4534 ³,
769 4463 996 4536 φύλακας
1048 4482 1101 4515 τε
1151 4468 1265 4534 περὶ
1323 4464 1478 4515 αὐτόν
1526 4465 1677 4522 ἔστης

92 4573 149 4606 σε
193 4557 279 4606 καὶ
332 4557 585 4629 φρουροὺς
635 4556 833 4628 νύκτωρ
891 4572 944 4605 τε
1001 4557 1090 4604 καὶ
1147 4552 1261 4625 μεθ’
1316 4554 1511 4625 ἠμραν
1567 4560 1672 4614 τοῖς

1797 2239 2040 2293 externo
2082 2232 2522 2304 invigilandum
2550 2237 2740 2304 ratus,
2771 2232 2909 2290 inde
2939 2232 3246 2306 digressus
3273 2232 3450 2291 Achi-

1795 2339 1971 2380 raum
2003 2322 2411 2396 proﬁciscitur,
2445 2322 2648 2395 ibique
2676 2322 3071 2396 questionem,
3108 2326 3175 2379 ut
3202 2337 3452 2380 consor-

1795 2417 1884 2471 tes
1917 2413 2153 2470 sceleris
2183 2411 2609 2477 indicarentur,
2642 2412 2863 2469 habet:
2897 2416 2954 2470 et
2979 2411 3277 2484 coniurati
3323 2427 3452 2469 om-

1797 2518 1904 2559 nes
1925 2502 2177 2559 convicti
2197 2501 2702 2575 condemnatique
2723 2505 2879 2558 sunt.
2902 2506 3175 2559 Attamen
3194 2502 3453 2576 impera-

1794 2597 1888 2650 tor
1914 2592 2335 2649 humaniorem
2364 2607 2427 2647 se
2455 2591 2732 2665 praebens
2758 2593 3123 2663 Nestongum
3152 2591 3448 2650 lsaacium

1793 2681 2021 2739 lumine
2060 2686 2117 2738 et
2146 2697 2334 2737 manu
2364 2681 2617 2750 mutilat,
2645 2683 2985 2737 Macrenum
3027 2696 3304 2755 quoque;
3339 2697 3450 2740 saa-

1793 2771 1930 2844 pius
1977 2771 2138 2826 enim
2188 2786 2325 2826 cum
2366 2785 2404 2826 a
2433 2773 2598 2839 tergo
2630 2769 3008 2844 imperatoris
3050 2774 3206 2828 esset
3232 2775 3290 2828 et
3314 2769 3450 2842 gla-

1793 2860 1963 2916 dium
2004 2859 2293 2929 stringere
2337 2863 2393 2916 et
2422 2859 2641 2915 vulnus
2675 2859 2943 2930 inﬂigere
2990 2859 3161 2916 letale
3191 2863 3451 2918 tentasse

1792 2949 2206 3022 deprehensus
2252 2953 2363 3005 est.
2414 2948 2572 3003 Alios
2615 2947 2820 3004 itidem
2863 2948 3202 3005 mitioribus
3247 2948 3448 3022 poenis

1793 3039 2082 3105 multavit,
2106 3037 2398 3111 plurimos
2423 3036 2500 3092 ad
2522 3041 2760 3110 tempus
2787 3037 3038 3093 detrusit
3065 3037 3126 3093 in
3155 3053 3446 3105 carceres,

1793 3131 1850 3182 et
1904 3127 2105 3198 ipsum
2153 3123 2610 3197 conspirationis
2659 3128 2969 3180 auctorem
3021 3129 3078 3180 et
3125 3123 3449 3197 imperium

1792 3216 2174 3272 aﬂ'ectantem
2207 3218 2573 3284 Nestongum
2607 3213 3017 3270 Andronicum
3047 3215 3356 3287 Magnesia
3385 3215 3450 3272 in

1792 3321 1993 3362 arcem
2033 3303 2336 3375 relegavit.
2363 3303 2455 3359 Sic
2484 3303 2708 3359 amoris
2745 3301 3036 3359 illecebrae
3075 3302 3153 3359 ab
3178 3301 3290 3358 illis
3321 3317 3448 3361 ma-

1789 3394 2104 3451 leﬁciendo
2181 3394 2606 3465 imperatorem
2678 3393 3044 3450 abstraxere.
3107 3395 3446 3466 Nestongus

1721 3514 1762 3570 ρ
1791 3485 1973 3557 paulo
1997 3486 2134 3557 post
2173 3481 2422 3554 aufugit,
2455 3485 2519 3538 ut
2555 3481 2805 3555 quidam
2848 3481 3109 3551 tradunt,
3142 3487 3445 3541 annuente

1789 3574 2169 3646 imperatore,
2201 3571 2305 3644 qui
2341 3571 2512 3627 illum
2543 3570 2788 3628 liberius
2831 3571 3040 3642 vagari
3079 3587 3260 3645 posse
3289 3587 3443 3646 prm-

1789 3667 2046 3735 ceperat,
2072 3665 2134 3716 ut
2162 3659 2432 3733 quodam
2463 3659 2646 3717 modo
2679 3659 2936 3717 salutem
2965 3659 3294 3718 suffuratus
3313 3676 3444 3719 esse

1787 3751 2102 3807 videretur.
2128 3753 2313 3806 Noctu
2341 3748 2438 3804 ille
2465 3748 2528 3804 in
2549 3748 2756 3819 fugam
2782 3750 3087 3822 conjectus
3118 3750 3440 3809 Musulma-

1786 3857 1899 3897 nos
1946 3838 2242 3904 convenit,
2270 3839 2423 3894 inter
2459 3837 2570 3910 41
2617 3853 2770 3910 quos
2809 3837 2889 3894 ad
2927 3842 3264 3896 extremum
3303 3840 3440 3895 vitm

1786 3930 2012 3986 exitum
2055 3931 2292 3983 aetatem
2338 3925 2528 3981 duxit.
2581 3926 2726 3981 Hinc
2778 3925 3103 3998 imperator
3159 3926 3443 3983 attentius

1785 4017 1966 4075 rebus
1987 4016 2333 4082 advertere;
2367 4013 2651 4070 omnibus
2688 4015 2768 4071 ad
2797 4030 2860 4070 se
2899 4013 3166 4070 adeundi
3195 4015 3442 4073 faculta-

1788 4111 1926 4176 tem,
1957 4122 2081 4178 qua
2124 4104 2290 4177 prius
2324 4102 2646 4160 utebantur
2675 4102 2970 4170 liberiore,
3000 4117 3311 4170 coercere;
3343 4118 3444 4160 cu-

1789 4195 1990 4254 stodes
2013 4210 2083 4252 ac
2104 4193 2331 4264 vigiles,
2347 4191 2450 4265 qui
2472 4196 2653 4249 noctu
2675 4191 3055 4266 interdiuque
3077 4208 3141 4248 se
3165 4207 3238 4250 ac
3261 4193 3443 4251 ratio-

1785 4302 1892 4343 nes
1909 4301 2049 4341 suas
2066 4283 2473 4352 defenderent,
2485 4281 2726 4338 addere.
2746 4282 2860 4339 Sed
2876 4281 3151 4338 omnium
3178 4282 3443 4342 maxime

1785 4373 2134 4447 imperatrix
2163 4375 2348 4441 Irene,
2380 4370 2653 4427 moribus
2679 4386 2750 4427 ac
2773 4370 3016 4442 ingenio
3054 4369 3352 4445 mascula,
3384 4375 3442 4430 et

1786 4481 1925 4520 cum
1950 4461 2234 4519 omnibus
2273 4460 2464 4532 magis
2501 4460 2661 4532 regie
2686 4476 2871 4534 quam
2897 4476 3008 4534 par
3031 4463 3160 4520 erat
3196 4476 3440 4520 conver-

1784 4569 1944 4621 sans,
1972 4551 2052 4608 ad
2076 4549 2556 4608 conservandum
2584 4565 2726 4606 eum
2754 4550 3122 4608 incumbere.

89 4641 278 4696 ἐκείνου
307 4646 666 4717 προσέχοντας
697 4643 738 4696 ‘.
780 4641 1029 4695 Μάλιστα
1056 4637 1114 4694 δέ
1153 4645 1270 4714 περὶ
1308 4649 1476 4693 ταῦτα
1519 4646 1795 4697 συνέτεινεν
1824 4645 1854 4702 ἡ
1891 4640 2100 4714 βασιλὶς
2128 4640 2344 4714 Εἰρήνη,
2378 4637 2784 4716 ἀῤῥενιιητότερον
2829 4643 2888 4694 τό
2929 4637 3051 4702 ἦθος
3092 4642 3301 4714 ἔχουσα
3343 4641 3440 4694 καὶ

89 4739 195 4793 τοῖς
221 4738 349 4784 πᾶσι
379 4730 789 4807 βασιλικώτερον
819 4729 1233 4802 ἐντυγχάνουσα.

163 4821 242 4882 Εἰς
288 4822 547 4884 συνθήκας
588 4818 647 4875 δὲ
704 4820 1011 4882 θελήσαντες
1041 4819 1200 4874 ἐλθεῖν
1232 4822 1281 4872 οἱ
1320 4819 1506 4874 Ἰταλοὶ
1558 4819 1680 4874 ἀπέ-
1715 4823 1760 4878 D

89 4911 247 4965 λυσαν
273 4911 293 4945 ⁵
333 4913 460 4984 πρὸς
495 4913 580 4964 τόν
621 4909 848 4983 βασιλέα
889 4914 980 4962 καὶ
1027 4913 1085 4962 τό
1130 4917 1229 4962 τῶν
1279 4915 1466 4981 Πηγῶν
1516 4911 1674 4964 ἄστυ.

94 5003 191 5054 Καὶ
234 4998 359 5052 οὕτω
413 4995 480 5058 δὴ
533 4999 643 5072 μετ’
684 4997 852 5050 αὐτῶν
891 4999 918 5050 6
975 4997 1222 5071 βασιλεὺς
1273 4999 1514 5058 Ἰωάννης
1547 4997 1680 5071 εἰρή-

92 5107 279 5156 νενσεν,
303 5089 504 5140 πάντων
562 5097 661 5140 τῶν
704 5090 835 5160 πρός
890 5091 1034 5139 νότον
1082 5089 1543 5160 ὑποχωρησάντων
1592 5090 1682 5138 αύ-

93 5186 162 5249 τῷ
192 5182 434 5242 Λατίνων,
467 5179 542 5229 ἑτι
573 5174 633 5230 δε
677 5179 1000 5253 κρατούντων
1043 5180 1172 5251 πρός
1215 5175 1409 5250 Βοῤῥᾱν
1449 5176 1516 5227 τὰ
1543 5175 1680 5233 πλη-

98 5270 202 5318 σίον
243 5270 358 5318 ὄντα
404 5274 496 5327 τῆς
554 5264 1145 5328 Κωνσταντινουπόλεως
1193 5269 1284 5318 καὶ
1332 5271 1396 5337 τῇ
1447 5270 1539 5316 τοῦ
1589 5271 1683 5317 Νι-

97 5351 263 5428 κομήδ
266 5374 343 5416 ους
367 5354 512 5408 πόλει
541 5353 840 5427 ἐγγίζοντα.

1861 4818 1987 4876 Itali
2024 4817 2260 4874 interim
2301 4833 2442 4874 cum
2479 4818 2837 4890 imperatore
2863 4817 3250 4876 concordiam
3291 4830 3436 4875 con-

1786 4909 2029 4964 ﬁrmare
2065 4906 2333 4964 volentes
2375 4912 2568 4964 castro
2616 4911 2908 4980 Pegarum
2939 4923 3201 4979 cessere;
3232 4907 3438 4980 sicque

1788 5012 1926 5054 cum
1949 4997 2032 5051 eis
2055 4998 2316 5052 Joannes
2337 4996 2663 5069 imperator
2682 5012 2894 5069 pacem
2919 4996 3278 5068 composuit,
3295 5011 3438 5054 cum

1787 5084 1867 5142 ad
1908 5088 2192 5140 Austrum
2235 5083 2518 5139 omnibus
2565 5083 3031 5153 renuntiassent,
3062 5081 3173 5139 sed
3215 5081 3438 5155 adhuc,

1787 5189 1924 5247 quae
1978 5172 2138 5229 circa
2192 5175 2438 5230 Boream
2488 5171 2694 5229 afﬁnia
2741 5171 2906 5246 Cpoli
2961 5175 3133 5230 erant
3185 5171 3440 5247 urbique

1788 5262 2229 5320 Nicomediensi
2257 5261 2554 5336 proxima,
2581 5261 2920 5319 retinerent.

165 5498 210 5532 9⁵
239 5493 284 5547 ἐν
310 5527 375 5536 -
410 5495 734 5568 ,ὀνομάζεται
780 5511 902 5552 om.
957 5496 1021 5550 D.
1101 5495 1149 5568 99
1181 5495 1362 5546 οὗτοσὶ
1405 5523 1473 5534 --
1519 5492 1686 5568 βεϐούῖ

1800 5513 1855 5547 αι
1901 5509 2023 5550 om.
2063 5497 2128 5551 D.
2202 5495 2329 5568 PL"
2373 5497 2460 5568 τόν
2504 5513 2558 5548 τε
2602 5525 2672 5568 -_—
2710 5493 2927 5568 ἀριθμόν
2970 5509 3092 5552 om.
3125 5497 3221 5568 D.A
3268 5495 3317 5532 ⁹⁹
3348 5495 3439 5549 τὸν

101 5571 376 5654 Νεστόγγον
405 5549 738 5642 Ἀνδρόνικον
777 5583 898 5654 om.
938 5569 996 5621 Ο.
1031 5597 1100 5651 —‘
1132 5567 1146 5600 ¹
1179 5574 1428 5618 τοσοῦτον
1464 5549 1529 5606 -ί
1558 5565 1812 5654 ἐκώλυσεν
1843 5582 1964 5622 om.
1999 5569 2064 5623 Ο.
2141 5569 2162 5603 ²
2191 5566 2246 5628 ὃς
2275 5571 2364 5619 καὶ
2393 5567 2582 5639 ύστρον
2613 5549 2966 5654 ἀπέδραιπερὶ
2993 5566 3438 5650 ιξιουσουλμάνους

102 5645 183 5714 καὶ
203 5635 306 5714 ,ἦν’
329 5637 437 5714 ἐκεῖ
464 5635 630 5714 μέχρι
669 5642 734 5695 D.
811 5639 835 5674 ³
865 5643 956 5692 καὶ
981 5669 1054 5680 -
1079 5635 1394 5692 ἀντεποιεῖτο
1443 5652 1566 5694 om.
1598 5640 1662 5694 D.

104 5709 274 5764 Ἰταλοὶ
309 5709 659 5768 συνελθεῖνἮ.

1741 5638 1764 5674 ⁸
1807 5641 2008 5711 νύκτωρ
2048 5668 2119 5680 --
2152 5638 2508 5712 προσέχοντας
2537 5654 2662 5696 om.
2693 5638 2761 5696 D.

2838 5640 2860 5675 ⁵
2910 5637 2964 5694 δ’
3007 5637 3339 5703 ἐθελήσαντες
3385 5641 3438 5693 οἱ
