3988 6322
112 401 274 455 1045

1648 392 1995 452 ANNALES.

3361 386 3501 450 1046

104 525 215 577 Θεν
250 528 345 576 τοῦ
372 519 563 595 Ἕϐρου
618 514 969 593 κατέδραμον,
1007 518 1163 572 ἄνετα
1214 519 1374 593 εὑρὼν
1415 519 1584 571 πάντα
1636 522 1718 571 καὶ

1838 517 2163 591 decipiens,
2218 517 2435 592 opibus
2492 534 2738 593 nempe,
2790 519 3066 587 fortunis,
3106 515 3502 590 dignitatibus

104 609 318 685 μηδενὶ
375 614 604 686 φρουρίῳ
668 610 1142 683 περιφραγνύμενα.
1195 607 1372 663 Ἔνθεν
1428 628 1509 660 τοι
1552 610 1593 644 ¹¹
1657 600 1745 662 καὶ

104 706 253 776 περὶ
284 698 677 774 Διδυμότοιχον
734 702 955 771 γεγονὼς
994 696 1043 749 ἐν
1083 697 1141 749 οὐ
1198 696 1366 767 πολλῷ
1421 703 1600 773 χρόνῳ
1634 695 1741 771 βα-

114 789 306 852 σιλεὺς
361 788 706 862 ἐπεφημίζετο
768 789 983 839 τούτων.
1046 786 1377 858 Ἀφικόμενος
1432 782 1492 839 δὲ
1528 791 1617 839 καὶ
1650 786 1737 839 ἐπὶ

111 883 225 937 τήν
272 875 704 952 ’Δδριανούπολιν
738 876 878 951 εὗρεν
927 875 1065 937 ἐντός
1120 878 1207 928 τόν
1262 872 1556 934 δηλωθέντα
1594 875 1736 934 Ἰσῆν

106 970 213 1020 τόν
279 969 730 1042 πρωτοστράτορα
793 970 884 1018 καὶ
946 968 1035 1017 τόν
1112 965 1396 1037 Καμύτξην
1451 985 1583 1037 μετα
1646 972 1735 1017 τοῦ

126 1060 525 1131 στρατεύματος
558 1063 653 1110 τοῦ
710 1053 968 1129 βασιλέως
1007 1054 1264 1108 Ἰωάννου.
1322 1054 1615 1115 Απατηλοῖς
1674 1051 1733 1107 δε

112 1144 298 1218 λόγοις
338 1148 383 1183 ¹³
449 1149 567 1207 τοὺς
630 1144 907 1219 οἰκήτορας
983 1143 1235 1210 ὑπελθὼν,
1304 1147 1372 1205 ὡς
1438 1143 1732 1197 πλουτίσειε

112 1237 346 1297 τούτους
399 1236 576 1311 οἶκρως
635 1239 726 1287 καὶ
775 1243 874 1287 τῶν
922 1232 1086 1285 ἄλλων
1138 1232 1400 1305 Ῥωμαίων
1448 1232 1728 1305 ὑπερύψω-

114 1342 281 1393 σειεν,
324 1327 488 1378 πείθει
533 1326 593 1376 τὸ
788 1330 882 1375 τοῦ
940 1321 1201 1395 βασιλέως
1255 1320 1520 1394 ἐξαγαγεῖν
1572 1323 1729 1396 στρά-

114 1432 296 1485 τευμα
349 1413 465 1481 ἔξω,
527 1412 681 1465 αὐτόν
746 1409 806 1465 δέ
867 1412 1184 1483 εἰσαγαγεῖν.
1226 1410 1496 1482 Ἐξάγεται
1548 1407 1635 1465 οὖν
1701 1412 1727 1462 6

110 1505 539 1577 ⁴ιε’ρωτοστράτωρ
576 1502 716 1563 Ἰσῆς
750 1507 841 1555 καὶ
870 1503 896 1554 6
948 1501 1233 1574 Καμύτζης
1284 1503 1413 1574 μετὰ
1466 1508 1559 1552 τοῦ
1599 1519 1727 1553 συν-

112 1595 270 1654 όντος
304 1594 503 1653 τούτοις
554 1593 960 1666 στρατεύματος,
1003 1589 1087 1643 έπὶ
1116 1592 1288 1663 ὅρκοις
1339 1609 1430 1643 του
1487 1595 1558 1662 μή
1612 1609 1728 1642 τινα

112 1679 310 1734 παθεῖν
346 1684 541 1734 τούτων
597 1678 763 1735 δεινόν
815 1700 887 1733 τι.
921 1679 1237 1743 Ἐξελθόντες
1274 1675 1362 1733 οὖν
1392 1681 1417 1731 6
1454 1683 1545 1752 μὲν
1587 1699 1728 1752 πρω-

118 1772 434 1847 τοστράτωρ
474 1766 600 1823 ούδέ
627 1769 753 1829 ὅλως
788 1772 875 1822 τὸν
922 1762 1186 1842 Κομνηνόν
1226 1765 1499 1842 Θεόδωρον
1550 1771 1725 1822 τεθέα-

1849 607 2104 681 aliisque
2125 612 2426 666 Romanos
2447 614 2693 665 caeteros
2708 626 2894 683 quam
2917 610 3179 667 maxime
3199 608 3291 665 sui
3313 622 3502 666 causa

1849 697 2586 771 superaturos,persuadet
2610 697 2986 772 imperatoris
3003 697 3249 754 militem
3261 696 3495 768 ejicere,

1846 802 2024 842 suum
2080 787 2410 844 admittere.
2465 790 2659 852 Quare
2714 791 3108 860 protostrator
3154 790 3273 842 lses
3311 789 3495 858 atque

1845 877 2152 949 Camytzes
2199 892 2339 932 cum
2371 877 2629 933 exercitu
2674 876 2995 949 pelluntur,
3036 892 3176 933 cum
3223 874 3383 931 cives
3427 888 3491 930 se

1840 964 2008 1036 prius
2027 965 2422 1036 jurejurando
2443 965 2787 1035 alligassem
2800 964 3027 1022 nemini
3041 964 3337 1021 damnum
3364 961 3492 1020 illa-

1840 1056 2025 1108 turos.
2059 1053 2237 1124 Pulsi,
2270 1057 2665 1126 protostrator
2693 1056 3067 1125 Comnenum
3108 1052 3489 1111 Theodorum

1836 1157 1913 1198 ne
1927 1141 2708 1216 viditquidem(namqueita
2720 1143 3486 1215 convenerunt),Camytzes

1838 1245 1977 1286 cum
2005 1231 2087 1286 illi
2117 1232 2494 1299 occurrisset,
2526 1246 2724 1305 neque
2754 1247 2913 1305 equo
2952 1231 3263 1288 descendit
3289 1243 3488 1304 neque

1838 1319 1921 1375 uti
1944 1320 2115 1376 decet
2130 1319 2555 1392 imperatorem
2577 1320 2871 1378 adoravit.
2887 1322 3080 1387 Quare
3104 1319 3194 1377 ira
3210 1319 3489 1376 incitatus

1833 1409 2178 1466 Theodorus
2208 1410 2472 1479 (volebat
2494 1411 2655 1467 enim
2686 1427 2749 1467 se
2778 1412 2857 1469 ab
2889 1411 3176 1468 omnibus
3203 1410 3487 1467 Romanis

1832 1498 2257 1570 imperatorem
2280 1499 2546 1569 agnosci,
2570 1515 2710 1555 cum
2735 1503 2792 1555 et
2821 1499 3147 1571 imperator
3167 1498 3483 1571 diceretur)

1834 1588 2203 1657 gravissimis
2226 1588 2458 1660 injuriis
2488 1588 2682 1644 virum
2713 1587 2999 1655 cumulat,
3015 1603 3355 1661 parumque
3383 1586 3490 1645 ab-

1833 1675 1943 1731 fuit
1957 1677 2104 1748 quin
2122 1676 2302 1733 etiam
2320 1677 2534 1750 plagas
2551 1676 2861 1748 inﬂigeret.
2872 1679 2992 1733 Hoc
3013 1678 3390 1749 Camytzss,ut
3405 1674 3486 1734 ab

1830 1766 2190 1837 imperatore
2221 1767 2481 1823 honores
2513 1770 3000 1840 consequeretur,
3031 1766 3094 1822 in
3115 1782 3302 1822 causa
3328 1764 3440 1823 fuit
3465 1780 3483 1823 ε

104 1879 210 1913 ται
236 1862 412 1931 (τοῦτο
462 1862 565 1932 γὰρ
602 1856 669 1917 δὴ
716 1858 893 1920 αὐτοῖς
945 1862 1396 1931 συμπεφώνηται),
1448 1859 1475 1910 6
1515 1855 1575 1911 δέ
1616 1865 1717 1912 Κα-

1830 1871 1973 1912 nam
2000 1860 2065 1911 ut
2083 1871 2326 1911 rursum
2357 1855 2736 1928 Hellesponto
2765 1855 3161 1928 praeterlapso
3182 1854 3263 1911 ad
3289 1854 3483 1926 impe-

105 1950 330 2021 μύτζης
383 1951 658 2020 συντυχὼν
689 1948 831 2017 αὐτῷ
882 1947 976 1999 ούκ
1024 1946 1188 2005 ἀπέϐη
1238 1955 1329 1999 τοῦ
1384 1948 1543 1999 ῖππου
1601 1944 1725 2001 οὐδε

1832 1949 2091 2001 ratorem
2113 1961 2436 2012 accessere,
2450 1960 2712 2015 magnus
2732 1945 3126 2001 hetaeriarcha
3149 1960 3272 2001 non
3296 1943 3481 2001 aliam

1828 2033 1909 2090 ob
1943 2051 2190 2091 causam
2221 2038 2531 2107 Camytzes
2559 2034 2837 2091 efﬁcitur.
2883 2036 3226 2091 Comnenus
3276 2033 3479 2107 itaque

1828 2122 2172 2179 Theodorus
2183 2123 2568 2196 Adrianopoli
2585 2128 2880 2196 occupata
2896 2138 3019 2179 non
3038 2122 3361 2180 minimum
3378 2138 3476 2181 res

1828 2211 2006 2268 Italas
2034 2212 2324 2268 turbavit:
2356 2228 2493 2281 quin
2523 2212 2642 2286 44
2662 2211 2923 2268 enimilli
2952 2211 3257 2281 tenebant,
3271 2211 3480 2269 omnia

1828 2300 2072 2357 adortus
2103 2305 2161 2358 et
2180 2301 2526 2373 Byzantium
2545 2302 2742 2374 ipsam
2766 2316 2959 2373 usque
2980 2299 3481 2373 profectus,quid-

1828 2390 1976 2462 quid
1999 2395 2168 2447 extra
2189 2390 2397 2447 urbem
2426 2395 2689 2463 erat,pro
2708 2389 2955 2447 arbitrio
2977 2389 3163 2461 duxit,
3190 2393 3249 2446 et
3274 2389 3484 2463 opima

1828 2478 2037 2550 praeda
2057 2484 2269 2535 auctus
2285 2477 2363 2535 ad
2378 2478 2534 2535 fores
2556 2478 3012 2551 Byziae,ingente
3033 2478 3253 2534 Latinis
3271 2478 3485 2536 timore

1828 2568 2069 2639 injecto,
2130 2569 2416 2641 pervenit.
2475 2571 2639 2625 Tunc
2692 2568 2972 2642 temporis
3031 2573 3089 2625 et
3137 2567 3483 2637 Aseldecae,

1828 2657 1965 2713 tiliae
1995 2658 2372 2729 imperatoris
2392 2656 2683 2714 Theodori
2706 2657 2977 2713 Lascaris
3003 2657 3279 2728 maritus,
3313 2657 3393 2713 ab
3411 2655 3485 2712 iis

1827 2746 1933 2817 qui
1962 2763 2101 2802 cum
2134 2750 2439 2804 Comneno
2464 2746 2775 2803 Theodoro
2806 2751 2977 2802 erant
3008 2746 3183 2803 hasta
3200 2745 3485 2817 jugulum

1827 2834 2050 2905 feritur,
2079 2836 2419 2909 vulnusque
2442 2836 2657 2893 lethale
2695 2835 3025 2893 indicatum
3055 2852 3092 2893 a
3124 2836 3315 2909 perito
3344 2840 3484 2893 tan-

92 2925 277 2979 πολλὰ
301 2931 543 3001 παρέσχε
570 2926 653 2997 [Ρ.
696 2927 788 2998 22]
824 2933 930 2987 τοῖς
979 2925 1195 2987 Ἰταλοῖς
1232 2928 1540 3000 πράγματα.
1586 2932 1718 2979 Κατ-

1830 2926 1968 2983 dem
1990 2927 2226 2983 medico
2254 2931 2518 2983 sanatur.
2544 2926 2768 2982 Exhinc
2786 2930 2997 2998 postea
3019 2930 3145 2982 erat
3168 2942 3286 2982 vox
3311 2939 3483 2999 aspe-

94 3011 308 3088 έδραμε
327 3018 428 3088 γὰρ
459 3017 631 3068 πάντα
658 3018 725 3068 τὰ
743 3016 832 3068 ὑπ’
856 3014 1056 3068 ἐκείνων
1081 3020 1530 3091 κρατούμενα,καὶ
1556 3020 1718 3090 μέχρι

1830 3017 1966 3086 rior,
1998 3032 2106 3072 nec
2136 3016 2270 3073 colli
2299 3016 2607 3082 vertebrae,
2633 3020 2696 3072 ut
2716 3020 2912 3080 antea,
2944 3014 3107 3072 ﬂexu
3142 3014 3370 3071 faciles.

92 3108 199 3157 καὶ
242 3103 406 3167 αὐτῆς
435 3111 529 3167 τῆς
551 3104 746 3167 Βιξύης
773 3108 1041 3177 γενόμενος
1070 3107 1129 3156 τό
1161 3104 1256 3167 ἔξω
1290 3108 1521 3177 κατέσχε
1549 3113 1639 3156 τοῦ
1670 3106 1883 3175 ἄστεως,
1916 3109 2005 3156 καὶ
2047 3104 2184 3157 λείαν
2214 3103 2404 3162 πολλὴν
2439 3102 2624 3157 έκεῖθεν
2664 3102 2948 3161 ἐποιήσατο
2972 3105 3048 3172 η,
3074 3105 3166 3156 καὶ
3191 3105 3357 3177 μέχρι
3390 3105 3482 3156 καὶ

93 3200 208 3244 τῶν
262 3192 433 3245 πυλῶν
484 3200 576 3254 τῆς
630 3198 1019 3246 Κωνσταντίνου
1053 3194 1160 3264 (53)
1214 3199 1528 3261 κατήντησε,
1565 3198 1654 3246 καὶ
1682 3199 1865 3246 πτοίαν
1894 3193 2086 3251 πολλὴν
2114 3202 2225 3255 τοῖς
2264 3197 2509 3254 Λατίνοις
2555 3191 2751 3245 ἐνέϐαλε
2786 3193 2849 3243 ¹’¹.
2882 3196 3008 3245 Τότε
3043 3187 3112 3249 δὴ
3152 3195 3243 3244 καὶ
3271 3192 3298 3244 6
3331 3190 3484 3246 ’Δσὶλ

91 3283 291 3350 Δεκαὲ,
327 3280 385 3343 ὃς
410 3290 473 3354 τῇ
510 3284 732 3355 θυγατρὶ
759 3291 850 3335 τοῦ
895 3281 1156 3355 βασιλέως
1185 3279 1461 3355 Θεοδώρου
1492 3291 1583 3335 τοῦ
1612 3287 1916 3359 Λασκάριος
1947 3287 2205 3355 συνεζύγη
2231 3284 2297 3349 ιδ,
2327 3284 2428 3335 ὑπὸ
2468 3302 2606 3343 τινος
2634 3290 2733 3334 τῶν
2763 3288 2855 3334 τοῦ
2896 3288 3165 3355 Κομνηνοῦ
3205 3277 3484 3357 Θεοδώρου

92 3367 298 3443 δόρατι
323 3370 522 3443 ἐπλήγη
573 3375 661 3423 τόν
688 3372 977 3445 τράχηλον.
1012 3376 1111 3425 Καὶ
1146 3374 1207 3444 ᾖν
1234 3376 1299 3433 ὡς
1328 3368 1474 3435 ἔδοξε
1509 3375 1576 3424 τὰ
1605 3381 1699 3434 τῆς
1739 3371 1902 3445 βολῆς
1941 3371 2111 3444 ἐκείνῳ
2145 3374 2430 3445 θανάσιμα,
2488 3370 2593 3423 ἀλλ’
2634 3373 2735 3423 ὑπὸ
2762 3390 2852 3423 του
2896 3379 2998 3423 τῶν
3053 3370 3241 3444 ἰατρῶν
3269 3371 3487 3445 τεθερά-

86 3477 312 3512 πευται.
341 3458 439 3512 Ἦν
462 3456 520 3513 δὲ
544 3464 604 3512 τό
631 3459 733 3514 ἀπὸ
763 3457 920 3514 τοῦδε
949 3465 1254 3536 τραχυτέρα
1292 3462 1453 3513 αὐτοῦ
1480 3462 1510 3519 ἡ
1541 3466 1677 3533 φωνή
1706 3467 1796 3515 καὶ
1826 3462 1921 3515 οὐκ
1949 3462 2177 3536 εὐχερῶς
2213 3464 2263 3514 οἱ
2287 3469 2380 3513 τοῦ
2408 3460 2681 3536 τραχήλου
2711 3464 3044 3533 στρεφόμενοι
3073 3455 3380 3513 σπόνδυλοι.

173 3546 267 3602 κε’.
330 3549 511 3610 Οὕτως
589 3545 678 3602 οὖν
746 3548 1048 3614 ἒπαυξὴσας
1122 3558 1226 3611 τοῖς
1298 3553 1606 3622 πράγμασιν
1680 3554 1706 3603 ό

1893 3556 1989 3607 25.
2034 3553 2130 3609 Sic
2168 3566 2312 3623 ergo
2347 3551 2530 3609 rebus
2566 3564 2863 3623 prospere
2916 3550 3097 3621 gestis
3134 3548 3482 3607 Theodorus

89 3641 375 3710 Κομνηνός
439 3634 714 3711 Θεόδωρος
784 3637 966 3697 ἐπειδὴ
1045 3641 1244 3714 ὀμορών
1310 3637 1531 3710 ἐγεγόνει
1601 3648 1713 3701 τοῖς

1830 3641 2186 3708 Comnenus,
2215 3657 2355 3697 cum
2394 3656 2505 3696 suo
2548 3640 2801 3712 imperio
2857 3638 3012 3696 ﬁnes
3064 3638 3248 3696 iidem
3277 3640 3478 3696 essent

91 3725 424 3800 Βουλγάροις
451 3729 519 3795 ³9,
573 3727 644 3789 εὶς
690 3723 919 3788 σπονδάς
948 3746 1002 3780 τε
1047 3728 1268 3786 συνῆλθε
1296 3736 1368 3798 τῷ
1425 3737 1526 3780 τῶν
1560 3728 1713 3781 Βουλ-

1830 3744 1893 3785 ac
1935 3729 2233 3801 Bulgaris,
2258 3730 2454 3786 fcedus
2483 3745 2621 3784 eum
2655 3728 3051 3798 Bulgarorum
3078 3743 3217 3800 rege
3246 3729 3481 3786 Joanne

88 3817 281 3889 γάρων
318 3814 529 3888 βασιλεῖ
562 3815 768 3889 Ἰωάννη
803 3824 877 3887 τῷ
906 3818 1092 3887 Ἀσὰν,
1136 3817 1189 3868 ὃν
1233 3819 1438 3889 φθάσας
1487 3819 1513 3869 6
1565 3817 1714 3887 λόγος

1830 3824 2041 3885 Asano,
2071 3820 2277 3891 qui,ut
2300 3819 2441 3886 dixi,
2461 3823 2597 3890 post
2626 3818 2884 3875 Borilam
2916 3816 3184 3887 Bulgaris
3203 3820 3482 3890 prmerat,

92 3908 281 3977 εἴρηκε
309 3907 443 3977 μετὰ
481 3909 568 3957 τόν
609 3905 823 3979 Βορίλαν
888 3903 1206 3978 βασιλεῦσαι
1260 3914 1358 3969 τῆς
1404 3915 1503 3959 τῶν
1561 3906 1712 3959 Βουλ-

1830 3908 1967 3976 init;
1995 3908 2276 3979 illiusque
2303 3907 2429 3964 ﬁlia
2456 3907 2636 3963 Maria
2656 3921 2728 3961 ex
2757 3905 2966 3978 pellice
2995 3909 3281 3976 suscepta
3303 3904 3484 3962 fratri

90 3996 302 4067 γάρων,
368 4000 458 4047 καὶ
536 3999 836 4066 συγγένειαν
900 3998 1032 4068 μετά
1103 3998 1291 4048 τούτου
1364 4001 1612 4055 πεποίηκε
1662 3997 1710 4032 ²⁰

1830 4013 1934 4053 suo
1959 3996 2213 4052 Manueli
2232 3996 2600 4069 desponsata
2629 3993 2918 4051 afﬁnitate
2936 3992 3070 4064 conj
3080 3992 3342 4063 ungitur.
3359 3993 3477 4051 Sed

90 4081 521 4156 προσλαϐόμενος
575 4083 661 4136 ἐπὶ
714 4091 785 4154 τῷ
839 4080 1044 4156 ἀδελφῷ
1088 4088 1274 4137 τούτου
1332 4085 1579 4144 Μανουὴλ
1615 4090 1708 4144 τὴν

1830 4087 1979 4143 enim
1997 4086 2261 4159 Angelus
2281 4085 2625 4142 Theodorus
2641 4100 2780 4140 cum
2800 4087 3002 4139 Asano
3017 4084 3245 4140 Joanne
3265 4082 3471 4141 condi-

104 2038 190 2099 ὡς
262 2035 471 2109 βασιλεῖ
525 2038 935 2109 προσεκύνησεν.
1009 2036 1098 2097 Εἰς
1153 2035 1180 2087 ὃ
1245 2033 1635 2110 βαρυθυμὴσας
1694 2036 1719 2087 6

110 2128 394 2199 Κομινηνός
432 2121 702 2200 Θεόδωρος
742 2124 996 2192 (ἐϐούλετο
1050 2127 1149 2199 γὰρ
1194 2126 1264 2186 ὡς
1313 2123 1539 2197 βασιλέα
1591 2124 1720 2177 ἐκεῖ-

102 2233 202 2267 νον
258 2218 453 2275 πάντας
499 2216 640 2285 ἔχειν
678 2212 982 2286 Ῥωμαίους,
1040 2212 1244 2288 ἐπείπερ
1298 2220 1388 2265 καὶ
1445 2217 1514 2276 ὡς
1564 2212 1720 2286 βασι-

95 2303 230 2364 λεὺς
277 2303 580 2376 ἐφημίςετο)
624 2302 794 2378 ὕϐρεις
828 2322 881 2355 τε
913 2306 1130 2374 κατέχεε
1183 2310 1274 2355 τοῦ
1324 2299 1516 2376 ἀνδρὸς
1551 2307 1643 2355 καὶ
1674 2304 1719 2339 ¹³

101 2399 314 2468 μικροῦ
361 2391 422 2445 ἂν
475 2397 567 2445 καὶ
611 2391 813 2463 πληγὰς
852 2390 1076 2445 ἐπέθετο.
1126 2399 1289 2444 Τοῦτο
1335 2400 1408 2462 τῷ
1462 2392 1715 2465 Καμύτζῄ

105 2480 329 2556 ἀφορμὴ
386 2479 610 2553 ἐγεγόνει
667 2484 793 2553 πρὸς
852 2483 939 2532 τόν
985 2478 1210 2553 βασιλέα
1246 2488 1440 2553 τιμῆς·
1501 2483 1570 2541 ὡς
1616 2483 1718 2555 γὰρ

96 2567 263 2631 αὖθις
332 2573 420 2623 τόν
473 2569 845 2629 Ἑλλήσποντον
903 2566 1216 2643 διεπέρασαν
1286 2575 1376 2622 καὶ
1433 2574 1559 2645 πρός
1631 2573 1719 2622 τόν

104 2658 348 2734 βασιλέα
398 2657 660 2732 ἀφίκοντο,
693 2664 851 2733 μέγας
891 2658 1259 2734 ἐταιρειάρχῃς
1289 2659 1400 2725 (52)
1432 2655 1525 2711 διὰ
1553 2666 1721 2711 ταῦτα

98 2750 132 2802 ὁ
173 2748 460 2821 Καμύτζης
490 2751 536 2785 ¹⁴
587 2753 881 2821 τετίμηται.
912 2748 971 2801 Ὀ
1028 2752 1295 2820 Κομνηνός
1352 2745 1439 2800 οὖν
1494 2745 1714 2802 Θεόδω-

93 2856 199 2913 ρος
260 2836 516 2910 ἐγκρατὴς
559 2838 603 2874 ³⁵
660 2842 751 2889 καὶ
813 2844 906 2898 τῆς
966 2833 1442 2912 Ἀδρεανουπόλεως
1497 2841 1720 2909 γεγονὼς

101 4174 374 4246 θυγατέρα
432 4171 591 4224 αὐτοῦ
649 4177 880 4248 Μαρίαν,
938 4176 1054 4237 ἣτις
1109 4174 1167 4227 ἐκ
1220 4174 1491 4236 παλλακῆς
1537 4174 1707 4246 ἐκείνῳ

94 4265 404 4335 γενέννηται
444 4263 511 4316 ²¹.
550 4260 609 4314 Ὀ
665 4264 756 4334 μὲν
804 4257 892 4313 οὖν
950 4261 1200 4334 Ἀγγελος
1259 4264 1372 4333 (54)
1435 4261 1707 4337 Θεόδωρος

90 4353 195 4412 τὰς
222 4353 353 4423 μετὰ
406 4357 499 4402 τοῦ
535 4350 695 4402 ’Δσὰν
727 4352 965 4403 Ἰωάννου
1025 4348 1253 4412 σπονδὰς
1298 4349 1577 4421 διαλύσας,
1619 4354 1706 4405 οἶα

92 4440 291 4501 ἐκεῖνος
345 4438 472 4512 ἀνὴρ
531 4440 845 4514 θρασύτερος
890 4445 981 4492 καὶ
1034 4440 1373 4513 ἀτακτότερον
1432 4448 1705 4515 φερόμενος

92 4530 157 4583 ού
189 4532 343 4603 μόνον
383 4527 432 4581 ἒν
472 4527 782 4601 βασιλείοις,
834 4528 962 4581 ἀλλὰ
990 4535 1079 4581 καὶ
1114 4529 1161 4581 ἐν
1187 4537 1349 4583 πσᾶιν
1384 4531 1555 4593 ἁπλῶς
1597 4539 1702 4592 τοῖς

88 4617 401 4687 πολιτικοῖς,
464 4622 554 4670 καὶ
604 4618 747 4689 θαμὰ
806 4617 1139 4693 παραϐαίνων
1188 4623 1309 4680 τοὺς
1368 4622 1550 4693 ὅρκους
1610 4625 1702 4673 καὶ

88 4702 489 4783 παρασπονδῶν
554 4712 659 4767 τοῖς
732 4705 781 4758 έν
854 4713 1115 4778 γειτόνων,
1192 4711 1326 4760 κατὰ
1395 4709 1698 4784 Βουλγάρων

87 4801 286 4870 χωρεῖ,
325 4794 512 4853 πολλὴν
550 4797 900 4867 συναθροίσας
926 4800 1021 4853 τὴν
1074 4799 1324 4871 στρατιὰν
1362 4800 1417 4850 ἔκ
1470 4817 1525 4851 τε
1569 4798 1696 4851 Ῥω-

1817 4176 2081 4232 tionibus
2117 4192 2189 4232 ac
2216 4173 2596 4248 pactionibus
2617 4172 2996 4246 perturbatis,
3015 4187 3157 4228 cum
3177 4171 3468 4230 audacior

1816 4269 1990 4335 esset,
2025 4269 2206 4337 atque
2228 4263 2626 4320 inordinatius
2651 4277 2775 4318 non
2798 4260 2996 4317 solum
3035 4260 3098 4317 in
3123 4260 3310 4331 regia,
3356 4261 3466 4320 sed

1812 4354 1873 4409 in
1904 4354 2034 4411 aliis
2056 4354 2309 4424 negotiis
2330 4351 2604 4409 civilibus
2628 4367 2761 4407 sese
2784 4350 3164 4417 immisceret,
3179 4365 3464 4426 saepeque

1807 4443 2235 4514 jusjurandum
2267 4442 2384 4516 45
2416 4440 2743 4511 negligeret
2764 4438 3070 4512 fidemque
3098 4438 3361 4505 violaret.
3399 4440 3483 4525 in.

1811 4532 1952 4587 afﬁn
1962 4550 2024 4587 es
2047 4534 2330 4603 Bulgaros
2350 4531 2569 4604 pedem
2589 4534 2876 4600 movet,et
2890 4546 2963 4586 ex
2984 4529 3267 4587 Romanis
3282 4534 3464 4604 atque

1809 4621 1971 4676 ltalis
1988 4621 2291 4690 ingentem
2308 4620 2561 4676 militem
2585 4621 2991 4689 exaggerat,et
3008 4617 3462 4693 Adrianopolim

1807 4715 2262 4782 praetergressus
2280 4710 2342 4765 in
2364 4708 2733 4781 superiorem
2754 4711 2991 4780 partem
3018 4707 3194 4763 Hebri
3219 4708 3462 4779 agmine

1806 4799 1986 4855 ducto
2028 4815 2167 4855 cum
2220 4798 2494 4870 Bulgaris
2537 4798 2844 4871 poscebat,
2888 4797 2994 4853 sed
3049 4797 3298 4854 exitium
3345 4798 3461 4857 sibi

168 4974 210 5008 ιι
251 4976 341 5061 ,εξεί
369 5003 439 5012 _
463 4991 544 5025 τοι
582 4973 807 5061 D,
857 4974 933 5061 .1!
967 4968 1264 5061 Ἀδριανοιᾷ
1291 4979 1395 5061 ⁸καί
1417 4976 1576 5048 εὑρὼν
1605 4977 1663 5027 τὸ
1696 4977 1994 5061 στράτευμα
2022 4983 2112 5029 τοῦ
2144 4975 2690 5061 βασιλέωςὶῐωάγνου,
2728 4979 2820 5027 καὶ
2860 4971 3147 5061 ἀπατηλοῖς
3173 4972 3349 5058 λόγοῖς
3386 4976 3456 5033 D.

89 5046 140 5083 ιδ
168 5040 444 5116 Θεόδωρος
471 5074 541 5084 -
573 5040 763 5116 ἀνδρός
785 5048 876 5097 καὶ
899 5060 1022 5099 om.
1065 5040 1129 5101 1).

1209 5044 1485 5130 “ﬁnies-16
1516 5049 1703 5130 murra.
1734 5044 1820 5099 Ᾰιό
1850 5044 2072 5130 ἐτίμήθη
2119 5044 2270 5130 παρα
2286 5057 2378 5101 τοῦ
2407 5047 2667 5130 βρισιλέωξς
2709 5050 2868 5119 μέγας
2897 5044 3265 5130 έταιρειάρχης
3295 5048 3321 5099 ό
3352 5053 3456 5130 Κέ-

2418 5121 2463 5155 ¹⁶
2492 5123 2582 5171 καὶ
2634 5117 2867 5171 λείανν-
2897 5117 3181 5175 ἐποιήσατο
3225 5132 3348 5174 om.
3382 5118 3452 5175 D.

82 5116 312 5193 ρίύτξης.
351 5102 410 5193 ί)ε
429 5102 498 5193 ’.Δ
519 5115 563 5193 [⁵
595 5116 621 5167 ὁ
664 5102 762 5168 όῦν⁷
781 5118 1072 5193 *Κομνηνός
1100 5122 1333 5193 γεγονὼς
1348 5122 1437 5193 καὶ
1464 5126 1555 5178 τῆς
1587 5102 1871 5190 Ἀδριανοῦ
1896 5192 1902 5193 7
1928 5102 2204 5193 ἓγὲράτὴέ
2236 5122 2305 5178 D.

87 5183 132 5225 Π
160 5189 348 5268 καὶᾎ-
388 5184 587 5268 ἐνέϐαλε
613 5201 739 5243 om.
881 5183 892 5189 ’
929 5188 973 5222 ¹⁸
1003 5183 1280 5268 Aufert)“;
1311 5190 1563 5268 θυθατρός
1591 5183 2327 5268 τούΛασκάρεόςίΘεοδώρου
2366 5192 2597 5263 σύζυγος
2619 5192 2685 5247 1).
2765 5189 2809 5225 ¹⁹
2837 5183 3016 5247 ἐπειδὴ
3042 5219 3112 5229 -
3140 5188 3458 5265 Βουλγάροις

84 5274 218 5317 om.
260 5259 326 5313 D.
402 5258 451 5293 ²⁰
480 5258 534 5311 ὃν
560 5289 627 5300 -
661 5263 908 5317 πεποίηκε
937 5275 1059 5316 om.
1091 5262 1156 5316 D.
1234 5262 1278 5296 ²¹
1319 5262 1430 5321 ἣτις
1458 5258 1524 5302 -'-
1548 5265 1718 5333 γεγένν

1833 5282 1850 5314 ι
1879 5258 2000 5318 dm.
2040 5265 2103 5318 Ο.

1070 5385 1391 5446 Theodori
1423 5387 1658 5448 Dousa)
1689 5391 1753 5448 et
1779 5386 2013 5449 Leonis
2041 5388 2261 5449 Allatii
2288 5391 2477 5448 notua.

162 5514 275 5589 (52)
310 5515 936 5591 Mér/agis'ratpstdtpxnc.
974 5517 1053 5572 De
1090 5516 1204 5573 hac
1234 5518 1521 5591 dignitate
1559 5517 1690 5575 vide

89 5587 459 5663 Giessarium
512 5587 741 5645 Meursii
775 5587 853 5644 in
903 5589 1132 5663 ἑταιρεία
1183 5594 1272 5642 καὶ
1303 5589 1690 5662 ἑταιρειάρχης.

93 5661 486 5804 ngam”:
523 5735 612 5786 καὶ
640 5737 742 5784 τῶν
770 5729 943 5795 πυλῷν
969 5740 1070 5805 τῆφ
1098 5738 1163 5788 Κ.
1196 5733 1507 5805 Gregoras,
1536 5747 1597 5806 p.
1628 5738 1694 5791 27

1803 5523 1857 5574 et
1884 5524 1972 5575 28.
2007 5523 2141 5575 ALL.

1807 5662 1855 5716 Α
1878 5594 1989 5663 (54)
2017 5590 2076 5644 ὀ
2105 5595 2194 5665 μὲν
2234 5587 2320 5644 οὖν
2349 5587 2617 5662 Ἄγγελος.
2650 5588 2892 5645 Brevius
2917 5590 3228 5664 Gregoras,
3255 5607 3318 5667 p.
3343 5595 3445 5655 28.

1863 5680 1947 5716 LL.

1862 5680 1947 5719 LL.
