3988 6322
494 354 632 412 1047

1799 349 2079 407 GEORGII
2117 349 2572 407 ACROPOLITAS

3749 351 3872 409 10118

495 492 796 554 quaerens,
861 475 988 534 acie
1021 473 1386 545 "conﬂigere.
1430 473 1754 531 Videbatur
1812 475 1974 532 enim
2028 475 2141 532 sibi

2283 480 2422 528 ιαίων
2484 482 2964 552 συγκεκροτημένην
3023 481 3114 531 καὶ
3159 475 3368 533 Ἰταλῶν
3398 477 3474 532 ’³.
3520 477 3879 552 Παραμεί-ῥιις

497 568 792 640 Bulgaros
824 567 1036 623 timore
1076 564 1335 638 percitos
1387 579 1782 637 nequaquam
1835 565 1928 622 vel
1956 565 2154 622 solum

501 659 596 716 sui
617 655 910 714 exercitus
932 655 1224 726 impetum
1247 653 1555 709 sustinere.
1571 658 1776 710 Atnon
1798 654 1881 710 sic
1898 655 2155 724 Bulgari,

502 745 611 803 sed
638 750 871 800 Asanus
896 742 1160 798 Joannes
1185 740 1439 813 perﬁdia
1474 757 1544 797 ac
1574 741 1795 798 foedere
1827 745 1904 798 ab
1929 743 2155 813 Angelo

501 833 814 893 Theodoro
825 832 1014 889 fracto
1026 831 1226 904 potius
1243 846 1428 903 quam
1441 832 1699 904 propriis
1710 832 1937 888 viribus
1950 832 2152 905 fretus,

501 938 691 999 parva
721 921 834 978 sibi
863 920 1140 977 auxiliari
1170 936 1359 976 manu
1387 937 1419 975 e
1451 921 1682 993 Scythis
1721 922 2040 991 conducta,
2080 937 2156 976 ne

501 1028 756 1073 numero
777 1011 1027 1085 quidem
1073 1010 1351 1078 millenis,
1386 1011 1787 1068 conﬁdentius
1816 1013 1879 1068 in
1921 1013 2158 1069 conﬂic-

501 1107 632 1161 tum
657 1101 968 1173 agebatur,
1004 1101 1177 1170 signo
1207 1100 1389 1156 etiam
1415 1100 1677 1169 militari,
1701 1106 1824 1158 uta
1846 1102 2156 1159 nonnullis

501 1192 811 1251 memoriae
868 1186 1178 1264 proditum
1237 1193 1344 1260 est,
1405 1189 1802 1261 jurejurando
1867 1191 2159 1249 Theodori

503 1283 726 1355 scripto
757 1295 1055 1354 appenso.
1094 1282 1162 1336 Et
1190 1278 1338 1336 forte
1366 1279 1523 1335 circa
1558 1279 1759 1336 locum
1793 1281 1986 1338 Hebro
2014 1298 2158 1354 pro-

505 1373 764 1441 ximum,
822 1387 1006 1444 quem
1064 1369 1504 1428 Clocotinilzam
1562 1371 1890 1442 appellant,
1945 1371 2160 1428 milites

508 1461 778 1520 adversis
806 1459 993 1531 signis
1017 1459 1269 1525 irruunt,
1298 1462 1354 1514 et
1384 1463 1450 1514 ut
1475 1459 1660 1515 verbo
1700 1461 1939 1530 singula
1969 1461 2159 1534 expri.

511 1567 702 1621 mam,
731 1549 1069 1606 debellatur
1093 1563 1130 1604 a
1160 1547 1428 1618 Bulgaris
1456 1535 1512 1604 et
1539 1549 1774 1622 Scythis
1794 1551 2161 1619 Theodorus,

512 1645 572 1700 et
595 1641 674 1698 ab
698 1639 972 1696 hostibus
1003 1653 1123 1694 una
1155 1653 1294 1693 cum
1322 1654 1395 1695 eo
1419 1653 1543 1694 non
1559 1640 1738 1710 pauci
1765 1639 1920 1696 illius
1951 1640 2163 1697 afﬁnes

512 1733 573 1788 et
630 1729 918 1798 dignitate
970 1726 1284 1799 conspicui
1349 1730 1406 1783 et
1456 1727 1711 1784 illustres
1760 1729 1893 1799 viri,
1953 1745 2163 1786 eorum

2264 562 2350 618 οὖν
2402 569 2496 624 τὴν
2536 564 2816 640 Ἀδριανοῦ
2869 569 2955 621 ἐπὶ
3007 570 3073 620 τὰ
3123 569 3228 621 οἶνω
3264 574 3356 620 τοῦ
3390 565 3588 642 Ἕϐρου
3636 570 3740 624 τὴν
3788 586 3878 618 πε-

2263 660 2402 729 ρείαν
2479 655 2716 723 ἐποιεῖτο,
2787 658 2958 719 ζητῶν
3033 660 3164 730 μετὰ
3235 656 3544 730 Βουλγάρων
3617 655 3878 730 συρῥῆξαι

2263 744 2501 817 πόλεμον.
2549 746 2749 807 Ἐζητει
2808 743 2866 800 δὲ
2897 748 3000 819 ἄρα
3026 749 3112 800 τὸν
3168 747 3326 800 αὐτοῦ
3377 745 3589 820 ὄλεθρον
3624 746 3697 795 ³³.
3733 742 3877 798 Ἐδο-

2264 853 2342 887 κει
2381 839 2470 886 καὶ
2499 837 2601 908 γὰρ
2631 837 2697 897 ὡς
2729 833 2846 890 οὐδ’
2889 836 3012 896 ὅλως
3062 839 3113 889 οἱ
3165 835 3452 909 Βούλγαροι
3481 834 3878 897 ὑποπτήξειν-ις

2265 928 2359 982 τὴν
2426 925 2592 999 ὁρμὴν
2649 929 2737 978 καὶ
2791 930 2951 998 μόνην
3000 935 3090 986 τῆς
3120 927 3167 962 ³⁸
3232 930 3476 1000 στρατιᾶς
3527 924 3701 976 αὐτοῦ
3761 925 3877 975 ἁτε-

2268 1019 2462 1069 σταῐεν.
2521 1014 2643 1085 Οὐχ
2691 1015 2826 1068 οὕτω
2879 1012 2938 1068 δὲ
2994 1020 3084 1068 καὶ
3144 1017 3194 1067 oi
3255 1014 3543 1087 Βούλγαροι
3568 1014 3646 1079 ³⁵,
3707 1012 3869 1065 ἁῦἰῐ

2269 1103 2428 1156 Ἀσάν
2475 1102 2710 1164 Ἰωάννης
2757 1111 2872 1167 ταῖς
2926 1104 3212 1179 ἐπιορκίαίς
3257 1109 3348 1156 καὶ
3392 1111 3509 1166 ταῖς
3567 1121 3872 1176 παρασπε-

2269 1192 2464 1254 δήσεσι
2515 1204 2606 1249 τοῦ
2658 1197 2903 1270 Ἀγγέλου
2953 1195 3222 1273 Θεοδώρου
3285 1197 3474 1270 μᾶλλον
3537 1196 3875 1272 τεθαρῥῃεςς

2268 1285 2298 1344 ἦ
2357 1293 2469 1347 ταῖς
2506 1290 2770 1361 σφετέραις
2829 1284 3133 1361 δυνάμεσιν,
3185 1287 3359 1359 ὁϐίγον
3415 1307 3467 1339 τι
3521 1290 3875 1358 συμμαχικόν

2269 1375 2373 1427 ἀπὸ
2413 1378 2619 1428 Σκυθῶν
2689 1376 2924 1449 εἰληφὼς,
2964 1377 3059 1430 οὐκ
3116 1383 3187 1439 εἰς
3237 1375 3449 1449 χιλίους
3503 1379 3872 1449 μετρούμενον,

2273 1462 2676 1538 θαρραλεώτερον
2735 1465 2804 1526 εἰς
2854 1470 2948 1524 τὴν
3009 1467 3192 1538 μάχην
3257 1463 3477 1538 ἐφέρετο,
3521 1466 3589 1525 ὥς
3628 1469 3778 1536 φασί
3805 1483 3878 1515 τι-

2270 1572 2367 1614 νες,
2425 1558 2513 1606 καὶ
2569 1561 2630 1626 τῇ
2696 1559 2902 1627 σημαία
2963 1558 3048 1608 τόν
3088 1557 3343 1628 ἔγγραφον
3399 1556 3554 1628 ὅρκον
3611 1556 3737 1623 (55)
3797 1561 3878 1605 τοῦ

2272 1638 2548 1714 Θεοδώρου
2611 1640 2976 1716 ἀπαιωρησας.
3042 1648 3143 1697 Καὶ
3181 1641 3249 1702 δὴ
3312 1648 3431 1717 περὶ
3466 1663 3567 1695 που
3612 1647 3714 1695 τὸν
3757 1663 3881 1714 ταρ-

2272 1729 2440 1804 ἐϐριον
2495 1736 2648 1784 τόπον
2699 1732 3120 1802 (Κλοκοτινίτζαν
3150 1733 3306 1786 αὐτόν
3339 1732 3696 1804 ὀνομάζουσι)
3757 1732 3882 1803 ξιμ-

511 1816 873 1891 supelleclile
900 1832 938 1873 a
965 1815 1234 1885 Bulgaris
1256 1815 1647 1889 depopulata,
1664 1817 2164 1890 capiuntur,Asa;

2283 1819 2526 1874 ϐάλλουσι
2572 1823 2639 1873 τὰ
2671 1825 3055 1896 στρατεύματα,
3098 1828 3188 1876 καὶ
3235 1825 3304 1885 ὡς
3354 1821 3401 1874 ἓν
3455 1829 3631 1897 μικρῷ
3673 1825 3744 1874 τό
3788 1828 3886 1873 πᾶν

508 1922 628 1964 nus
657 1921 797 1963 cum
847 1904 1228 1962 multitudine
1260 1910 1437 1977 capta
1481 1906 1808 1963 humanius
1849 1924 1913 1964 se
1953 1923 2164 1978 gerens

507 1995 805 2071 potiorem
834 1995 1149 2069 copiarum
1189 1999 1446 2068 partem,
1489 2001 1544 2052 et
1574 2012 1677 2052 eos
1703 1996 1820 2069 46
1865 1998 2166 2070 praecipue

507 2087 614 2160 qui
642 2085 859 2143 humili
900 2085 1036 2142 loco
1068 2084 1195 2142 nati
1251 2091 1676 2152 convenerant,
1716 2086 1931 2143 liberat
1984 2088 2166 2160 inque

509 2192 716 2235 eorum
749 2167 976 2249 op'pida
998 2191 1068 2231 ac
1094 2174 1278 2232 urbes
1304 2175 1681 2245 dimittit,seu
1705 2192 1774 2232 ex
1793 2177 2166 2234 humanitate

507 2267 572 2325 id
599 2270 846 2337 gereret,
880 2281 986 2321 seu
1014 2267 1079 2320 ut
1115 2264 1229 2320 hac
1270 2265 1501 2321 ratione
1559 2265 1706 2322 utila
1751 2265 1865 2321 sibi
1920 2283 2167 2340 compa-

511 2372 656 2415 rans
690 2359 746 2411 et
790 2353 1129 2411 commodis
1159 2353 1283 2408 suis
1339 2359 1483 2426 apta
1529 2354 1918 2427 disponeret:
1959 2372 2167 2413 eorum

514 2459 782 2516 namque
804 2443 1142 2499 dominium
1170 2442 1282 2498 sibi
1298 2442 1646 2499 defectionis
1667 2449 1902 2516 tempus
1919 2445 2170 2501 circum-

518 2538 800 2607 spectans
865 2531 1249 2587 moliebatur.
1297 2532 1546 2603 Votique
1609 2548 1859 2605 compos
1924 2535 2171 2592 effectus

517 2628 663 2681 est:
732 2621 957 2694 quippe
1013 2635 1169 2692 quos
1237 2619 1364 2692 ipse
1432 2622 1927 2692 persequebatur,
1995 2627 2171 2681 Marte

515 2713 831 2771 incruento
886 2709 1040 2766 colla
1091 2725 1303 2765 omnes
1336 2709 1696 2767 subdebant.
1747 2712 1830 2768 Illi
1886 2715 2064 2769 etiam
2109 2730 2171 2770 se

517 2800 800 2860 submisit
822 2799 1268 2872 Adrianopolis,
1291 2815 1416 2856 non
1436 2801 1624 2856 multo
1654 2808 1789 2873 post
1810 2803 2174 2876 Didymotoe-

515 2890 720 2958 chum,
743 2887 1023 2946 Bolerum
1049 2893 1265 2960 totum,
1292 2889 1578 2963 deinceps
1601 2892 1805 2961 Serrae,
1824 2893 2169 2963 Pelagonia,

512 2980 781 3053 Prilapus
795 2982 852 3036 et
864 2980 998 3035 loca
1010 2979 1464 3035 contermina.M
1471 2995 1586 3051 agn
1594 2996 1693 3036 am
1714 2982 1854 3037 item
1869 2980 2061 3038 Blachi
2072 2999 2170 3039 am

515 3069 775 3128 excurrit
821 3067 1240 3140 Elbanumque
1280 3074 1541 3141 occupat
1579 3075 1635 3126 et
1673 3087 1864 3143 usque
1905 3071 2169 3144 Illyrium

2273 1918 2638 1978 παραστῆσαι,
2671 1915 2807 1964 κατὰ
2835 1914 3025 1986 κράτος
3050 1914 3098 1948 ²⁶
3151 1917 3359 1964 νικᾶται
3408 1914 3554 1984 παρὰ
3587 1920 3698 1963 τῶν
3733 1910 3886 1963 B09}.-

2272 2000 2445 2070 γάρων
2471 2004 2561 2052 καὶ
2598 2008 2698 2051 τῶν
2755 2004 2963 2054 Σκυθῶν
2994 2004 3019 2054 ό
3046 2003 3089 2036 ²’¹
3125 1998 3417 2076 Θεόδωρος,
3452 2004 3542 2052 καὶ
3577 1998 3886 2072 συλλαμὲά-

2273 2106 2414 2140 νεται
2469 2091 2559 2161 μὲν
2606 2092 2750 2163 παρὰ
2805 2098 2904 2142 τῶν
2941 2090 3198 2163 πολεμίων
3245 2090 3409 2158 οὗτος,
3459 2089 3557 2142 οὐκ
3611 2088 3796 2160 ὀλίγοι
3833 2085 3888 2141 δὲ

2274 2181 2364 2228 καὶ
2388 2184 2487 2228 τῶν
2530 2187 2825 2251 προσγενῶν
2853 2180 2900 2214 ⁸³
2932 2179 3092 2232 αὐτοῦ
3129 2183 3219 2230 καὶ
3257 2187 3354 2231 τῶν
3401 2177 3450 2230 ἐν
3499 2177 3635 2230 τελει
3687 2196 3751 2230 τε
3803 2183 3892 2228 καὶ

2274 2261 2531 2336 λόγάδων,
2588 2271 2677 2318 καὶ
2738 2269 2804 2318 τὰ
2860 2267 3061 2320 ἐκείνων
3112 2270 3282 2320 πάντα
3332 2267 3444 2319 λεία
3479 2274 3592 2329 τοῖς
3647 2266 3890 2336 Bonl-fci-

2275 2373 2386 2427 ροις
2441 2353 2654 2426 ἐγένετο.
2712 2355 3208 2430 Φιλανθρωποτέρως
3279 2352 3338 2408 δε
3389 2361 3508 2430 περὶ
3570 2358 3632 2407 τό
3691 2355 3892 2408 ἁλωθιτ

2280 2442 2474 2504 πλῆθος
2507 2444 2553 2478 ²⁹
2587 2445 2612 2495 ό
2653 2444 2819 2496 Ἀσὰν
2861 2442 3111 2506 διατεθεὶς
3141 2449 3261 2505 τοὺς
3314 2444 3522 2505 πλείους
3573 2452 3676 2496 τῶν
3733 2463 3895 2518 στρα-

2277 2535 2536 2604 τευμάτων
2567 2575 2580 2600 ,
2675 2538 2766 2586 καὶ
2841 2534 3072 2606 μάλιστα
3142 2538 3258 2594 τοὺς
3329 2530 3726 2608 χυδαιοτέρςυς
3804 2538 3899 2585 καὶ

2282 2619 2578 2693 σύγκλυδας
2617 2623 2686 2688 ³ο,
2737 2621 2990 2696 ἐλευθεροῖ
3039 2628 3128 2675 καὶ
3164 2627 3296 2699 πρὸς
3349 2625 3444 2684 τὰς
3505 2623 3707 2675 ἑαυτῶν
3767 2622 3896 2674 ἁπο-

2279 2717 2468 2783 πέμπει
2499 2715 2678 2773 κὼμας
2729 2731 2780 2764 τε
2828 2717 2920 2764 καὶ
2969 2711 3137 2773 πόλεις
3162 2713 3232 2780 ³¹,
3281 2713 3429 2784 τάχα
3479 2714 3570 2784 μὲν
3612 2717 3670 2764 τό
3716 2711 3897 2783 φιλάδε-

2282 2803 2482 2874 θρωπον
2549 2797 2943 2874 ἐνδεικνύμενος,
3005 2803 3152 2873 τάχα
3225 2797 3284 2854 δὲ
3356 2805 3446 2853 καὶ
3508 2803 3568 2853 τό
3625 2806 3896 2874 συμφέρον

2280 2891 2364 2962 [Ρ.
2405 2891 2494 2962 23]
2533 2893 2698 2963 τούτῳ
2756 2896 3243 2966 πραγματευόμενος
3273 2913 3287 2926 ·
3344 2890 3578 2944 ἐϐούλετο
3635 2897 3732 2944 καὶ
3792 2897 3895 2966 γὰρ

2282 2977 2543 3033 δεσπόσαι
2603 2989 2703 3034 τῶν
2742 2986 3009 3050 τοιούτων,
3062 2992 3152 3043 τῆς
3202 2978 3496 3055 Ῥωμαιῗκης
3538 2981 3725 3055 ἀρχῆς
3767 2980 3896 3034 ἁπο-

2281 3071 2492 3132 σπάσας
2527 3071 2598 3125 ³³.
2658 3072 2736 3122 Οὖ
2801 3077 2891 3124 καὶ
2949 3074 3236 3144 τετύχηκεν
3269 3092 3281 3104 ·
3339 3069 3446 3124 ἐπεὶ
3496 3074 3736 3146 καὶγὰρ
3778 3072 3894 3123 κατ’

509 3160 742 3234 rapinis
772 3158 980 3216 omnia
1006 3161 1222 3215 vastat.
1277 3161 1426 3216 Cum
1463 3175 1608 3215 vero
1646 3176 1782 3233 quae
1813 3161 1926 3217 sibi
1966 3162 2164 3219 animo

2283 3160 2448 3212 αὐτῶν
2501 3164 2718 3213 κατόπιν
2776 3160 2984 3235 ἐχώρει,
3035 3164 3202 3213 πάντα
3253 3159 3505 3233 ἀναιμωτὶ
3559 3163 3735 3231 τούτῳ
3772 3162 3894 3214 ὑπέ-

511 3253 913 3324 proposuerat
949 3247 1167 3319 majori
1205 3263 1278 3303 ex
1333 3252 1499 3320 parte
1548 3250 1907 3322 complesset
1958 3251 2168 3323 dispo-

514 3339 852 3410 suissetque
890 3351 1002 3408 pro
1041 3335 1308 3402 arbitrio,
1349 3337 1575 3409 patrias
1614 3338 1845 3410 repetiit
1875 3340 2072 3410 sedes,
2113 3344 2172 3395 et

514 3425 773 3484 castellis
830 3423 1134 3480 nonnullis
1190 3425 1254 3479 in
1309 3425 1649 3482 custodiam
1706 3443 1776 3483 ac
1832 3427 2170 3484 dominium

513 3519 930 3574 Romanorum
995 3513 1232 3584 relictis,
1294 3514 1595 3588 plerisque
1660 3516 1772 3572 sibi
1830 3519 2169 3588 reservatis,

517 3604 738 3663 milites
767 3603 832 3659 in
866 3601 984 3658 illis
1013 3618 1084 3658 ac
1124 3602 1309 3659 duces
1340 3609 1808 3677 quaestoresque,
1854 3607 1958 3679 qui
1997 3609 2173 3664 vecti-

521 3693 682 3767 galia
703 3697 760 3749 et
786 3691 1008 3748 tributa
1038 3692 1358 3762 exigerent,
1383 3694 1724 3764 constituit;
1756 3696 2176 3770 indicatusque

521 3786 610 3840 est
633 3781 712 3839 ab
744 3779 1030 3838 omnibus
1058 3785 1202 3837 tunc
1243 3782 1532 3854 temporis
1562 3782 1934 3841 admirabilis
1965 3792 2020 3842 et
2050 3791 2176 3842 tuto

517 3873 896 3944 fortunatus;
925 3886 1122 3944 neque
1148 3875 1309 3928 enim
1331 3872 1393 3928 in
1427 3872 1791 3930 domesticos
1831 3875 2032 3944 gladio
2065 3892 2174 3931 saa-

520 3963 648 4032 viit,
683 3976 882 4035 neque
911 3962 1324 4017 Romanorum
1351 3977 1412 4016 se
1439 3963 1704 4019 caedibus
1731 3963 1958 4037 polluit,
1991 3970 2056 4022 ut
2075 3964 2178 4038 qui

522 4057 660 4111 ante
691 4068 830 4109 eum
863 4051 1130 4123 Bulgaris
1164 4051 1633 4110 dominabantur
1662 4061 2003 4111 sueverant.
2036 4057 2179 4113 Ilinc

519 4158 647 4200 non
675 4158 714 4199 a
743 4141 1012 4212 Bulgaris
1042 4142 1227 4198 modo
1253 4141 1359 4197 sed
1387 4143 1672 4199 Romanis
1702 4144 1958 4217 aliisque
1998 4147 2181 4216 genti

521 4231 639 4289 bus
668 4231 888 4287 charus
917 4246 986 4286 ac
1017 4230 1255 4286 intimus
1283 4231 1640 4290 habebatur.

2277 3270 2489 3321 πιπτον,
2547 3256 2636 3303 καὶ
2681 3254 2881 3322 γίνεται
2925 3253 3016 3323 μὲν
3072 3249 3159 3301 ὑπ’
3213 3249 3367 3302 αὐτὸν
3415 3251 3446 3308 ἡ
3480 3246 3796 3323 Ἀδριανοῦ,
3838 3248 3892 3301 ἐι

2280 3347 2372 3391 τοῦ
2407 3335 2606 3410 σχεδόν
2634 3335 2692 3392 δε
2717 3343 2806 3391 καὶ
2836 3342 2892 3391 τὸ
2914 3336 3321 3411 Διδυμότοιχον,
3351 3336 3461 3391 εἶτα
3484 3338 3699 3411 Βολερόν
3727 3339 3888 3400 εἰπεῖν,

2282 3428 2487 3504 Σέῥραι,
2547 3428 2835 3500 Πελαγονία
2871 3433 2960 3481 καί
3017 3427 3282 3503 Πρίλαπος
3319 3431 3406 3479 καὶ
3459 3426 3613 3500 πέριξ
3670 3431 3888 3480 τούτων.

2284 3515 2592 3592 Κατ-έδραμε
2649 3514 2708 3570 δὲ
2764 3522 2851 3569 καὶ
2888 3525 2981 3578 τῆς
3037 3517 3266 3589 μεγάλης
3303 3515 3539 3588 Βλαχίας
3577 3517 3721 3586 (56),
3767 3516 3892 3569 ἀλλὰ

2283 3612 2372 3660 καὶ
2423 3615 2517 3659 τού
2557 3606 2800 3660 Ἐλϐάνου
2856 3609 3240 3682 κατακυριεύει,
3289 3611 3378 3658 καὶ
3435 3609 3599 3678 μέχρι
3655 3614 3750 3658 τοῦ
3804 3607 3893 3659 Ἰλ-

2281 3696 2498 3770 λυρικοῦ
2543 3698 2634 3757 τὰς
2681 3695 2820 3756 λείας
2871 3703 3028 3749 ποιεῖ.
3073 3696 3206 3748 Ἐπεὶ
3267 3692 3325 3747 δὲ
3362 3699 3422 3746 τὸ
3451 3694 3580 3747 πολὺ
3623 3703 3719 3747 τοῦ
3763 3694 3891 3767 βου-

2284 3785 2531 3858 λεύματος
2557 3786 2941 3859 κατειργάσατο
2993 3788 3081 3837 καὶ
3127 3787 3192 3845 ὡς
3244 3785 3428 3855 ἠγάπα
3463 3785 3530 3835 τὰ
3570 3785 3693 3836 καθ’
3733 3785 3894 3836 car-.3762

2287 3871 2509 3942 διέθετο,
2578 3874 2649 3936 εἰς
2713 3877 2834 3934 τοὺς
2896 3874 3114 3934 οἰκείους
3176 3872 3475 3935 ἐπανέςευξε
3519 3877 3733 3941 τόπους,
3779 3876 3896 3926 τινὰ

2286 3968 2374 4037 μὲν
2423 3972 2523 4017 τῶν
2589 3967 2843 4038 φρουρίων
2907 3961 3283 4022 καταλελοιπὼς
3336 3964 3435 4014 ὑπὸ
3482 3961 3752 4034 Ῥωμαίων
3820 3960 3900 4015 6‘s-

2292 4054 2604 4117 σπόξεσθαι,
2672 4055 2737 4105 τὰ
2799 4050 2956 4104 πλείω
3024 4048 3084 4103 δὲ
3144 4051 3230 4123 ὑφ’
3271 4050 3451 4103 ἑαυτὸν
3510 4054 3896 4124 ποιησάμενος,

2293 4148 2614 4217 στρατιώτας
2647 4140 2694 4193 ἐν
2724 4143 2924 4202 τούτοις
2962 4139 3122 4202 τάξας
3158 4144 3248 4191 καὶ
3276 4144 3605 4214 στρατηγοὺς
3636 4144 3732 4192 xui
3782 4147 3900 4200 τούς

2291 4233 2754 4306 εἰσπραττομένους
2792 4233 2858 4282 τὰ
2915 4226 3155 4303 δημόσια
3185 4228 3582 4302 φορολογὴματα
3609 4229 3683 4284 ³³.
3712 4228 3902 4292 Ἔδοξε

523 4327 650 4393 γοῦν
679 4326 789 4381 τοῖς
835 4324 971 4372 πᾶσι
1002 4323 1118 4372 τότε
1147 4325 1236 4372 καὶ
1278 4322 1581 4393 θαυμαστὸς
1607 4327 1690 4374 καὶ
1734 4325 1992 4397 μακάριος
2024 4346 2036 4358 ·
2079 4325 2136 4377 οὐ
2165 4326 2266 4398 γὰρ
2295 4324 2493 4398 ἐχρᾶτο
2521 4325 2820 4394 μαχαίραις
2862 4318 2909 4370 ἐν
2949 4326 3056 4380 τοῖς
3087 4319 3311 4385 οἰκείοις,
3351 4314 3466 4370 οὐδ’
3489 4316 3772 4391 ἐχραίνετο
3816 4323 3902 4392 96-

527 4429 637 4474 νοις
663 4410 992 4481 Ῥωμαϊκοῖς,
1021 4412 1085 4471 ὡς
1115 4413 1164 4462 oi
1187 4414 1288 4484 πρό
1328 4411 1483 4464 αὐτοῦ
1518 4421 1617 4464 τῶν
1651 4413 1952 4487 Βουλγάρων
1979 4416 2045 4471 ³⁸.
2080 4415 2258 4468 Ἔνθεν
2309 4433 2391 4466 τοι
2419 4417 2508 4464 καὶ
2537 4411 2595 4462 ού
2637 4414 2790 4482 μόνον
2828 4411 2973 4484 παρὰ
3016 4407 3339 4483 Βουλγάρων,
3384 4406 3512 4460 ἁλλὰ
3549 4413 3640 4460 καὶ
3669 4410 3722 4444 ³⁵
3762 4415 3903 4482 παρὰ

518 4482 798 4574 Ῥωμαίων
824 4497 1041 4571 ἐφιλεῖτο
1062 4502 1176 4566 (57)
1203 4519 1294 4551 και
1316 4499 1498 4574 ἑτέρων
1528 4499 1681 4554 ἐθνῶν
1701 4502 1770 4557 3‘.

608 4620 882 4701 "arcuit:
908 4620 1209 4701 —_’Iru):a:w
1239 4639 1360 4701 om.
1395 4626 1462 4680 D.
1522 4625 1587 4701 __’3
1627 4625 1795 4686 ἐζήτει
1825 4657 1892 4667 -
1919 4626 2121 4701 ὄλεθρον
2151 4641 2273 4683 om.
2315 4627 2380 4681 D.
2422 4697 2432 4701 Α
2458 4624 2506 4659 ﬂ
2531 4627 2621 4675 xui
2647 4619 2815 4701 ἐδόκει
2841 4624 2982 4701 ὡς-οῐ
3018 4621 3301 4701 Βο-ύλγαροι
3340 4620 3746 4701 ,ύπλοπτηξαντες
3782 4620 3902 4701 οἱδὶ

479 4667 485 4672 ’
533 4697 628 4770 τῂν
659 4667 948 4770 eiEi-Ls;
980 4667 1890 4770 θ’.’“’ἀῖὀ5)ξίὲτ”ὲοτξλγοῖἕρὶ’Ἔπη.
1919 4667 1989 4754 ΒΣ

2068 4701 2114 4734 ²⁶
2146 4702 2303 4770 ᾡς-
2331 4697 2520 4770 κράτος
2564 4711 2685 4750 om.

534 4768 584 4806 ³⁸
609 4765 888 4842 ααισυλλ.
919 4796 992 4807 --
1022 4765 1344 4842 προσγενῶν]
1372 4766 1427 4830 ὃς
1459 4765 1868 4842 συλλαμϐάνεται
1893 4775 1983 4823 καὶ
2002 4770 2106 4842 οὐκ
2137 4769 2304 4842 ὀλίγοι
2327 4765 2725 4842 τῶνᾷσυγγενῶν
2754 4769 2818 4820 D.

2883 4695 2926 4767 ετ
2959 4697 3103 4767 παρὰ
3330 4695 3356 4744 ό
3383 4692 3635 4764 Ἄγγελος
3674 4699 3788 4756 νέος
3832 4699 3895 4752 D.

2897 4765 2944 4840 εν
2970 4765 3089 4840 πέμ
3115 4796 3183 4805 _
3205 4765 3408 4840 Ῑτλῇᾂρς
3434 4780 3554 4820 om.
3589 4767 3649 4820 D.
3737 4768 3790 4802 3°
3820 4770 3902 4818 xui

577 4839 770 4894 άλιστα
793 4870 862 4881 --
886 4835 1343 4914 συγκλυδαςβοωί
1361 4841 1423 4895 D.
1494 4841 1539 4875 θί
1570 4835 1660 4893 καὶ
1683 4845 1810 4914 πρὸς
1835 4873 1902 4882 -
1931 4841 2102 4903 πόλεις
2132 4858 2164 4897 0

2283 4844 2339 4896 Ι).
2361 4911 2372 4914 Δ
2411 4840 2459 4874 82
2607 4869 2678 4877 .-.
2703 4835 3019 4914 άπερ-πυξίοις
3036 4835 3266 4914 ⁷οῑζιηι).
3407 4840 3638 4896 καὶτοὺς
3659 4868 3736 4914 :-
3757 4858 3902 4913 φορο-

577 4860 770 4894 αΑιστα
793 4870 862 4881 —
886 4860 1188 4911 συγκλυσας
1207 4860 1328 4895 om.
1361 4860 1423 4895 υ.
1494 4860 1539 4875 υι
1570 4861 1660 4893 και
1683 4861 1810 4914 προς
1835 4873 1902 4882 -
1931 4860 2102 4903 πόλεις
2132 4860 2164 4897 0

532 4860 811 4988 λογήματα
828 4926 950 4969 om.
979 4911 1047 4970 D.
1122 4911 1171 4946 3‘
1194 4909 1496 4984 Ῥωμαϊκοῖς
1515 4943 1584 4952 -
1607 4912 1910 4986 Βουλγάρων
1942 4930 2063 4970 om.
2098 4915 2164 4970 D.

2283 4860 2339 4896 U.
2411 4860 2458 4874 ⁹⁴⁹
2489 4860 2583 4900 της
2607 4869 2678 4877 ⁸-
2703 4860 3019 4898 αποσπασας
3049 4860 3170 4891 UH].
3202 4860 3266 4892 υ.
3329 4860 3377 4870 ’⁷
3407 4860 3497 4888 χαι
3518 4860 3638 4896 τους
3659 4868 3734 4878 --·

2283 4915 2286 4945 ί
2318 4911 2377 4964 ού
2405 4941 2476 4952 —
2501 4914 2590 4962 xui
2615 4924 2738 4966 om.
2772 4910 2836 4963 D.
2915 4909 2962 4944 ³⁵
2992 4912 3082 4960 καὶ
3112 4907 3291 4983 ἐτέρων
3321 4908 3475 4962 ἐθνῶν
3505 4924 3632 4965 om.
3663 4910 3734 4964 Ι).

1509 5010 1829 5073 Theodori
1861 5013 2095 5073 Dousae
2127 5016 2190 5071 et
2214 5009 2446 5072 Leonis
2472 5007 2688 5069 Allatii
2715 5011 2905 5068 notae.

611 5119 722 5247 Ἕὸ)
755 5125 830 5192 Τῇ
875 5120 1081 5192 σημαία
1129 5120 1217 5170 τόν
1269 5119 1522 5199 ἔγγραφον
1561 5120 1730 5200 ὅρκον.
1767 5118 2072 5200 Pleraque
2109 5117 2185 5199 si:
2215 5122 2260 5176 D

611 5208 622 5247 ι
668 5207 704 5247 a
730 5194 1012 5247 exempla
1041 5189 1206 5247 apud
1232 5189 1383 5245 alios
1414 5191 1733 5246 historicos
1762 5205 2196 5247 1nven1es.ou1-

537 5189 704 5248 milia
730 5189 1012 5261 exempla
1041 5189 1206 5261 apud
1232 5189 1383 5245 alios
1414 5189 1733 5246 historicos
1762 5189 2196 5260 invenies,qui-

536 5261 656 5320 bus
687 5262 1068 5332 cognoscitur
1087 5276 1215 5316 rem
1241 5261 1403 5332 male
1421 5261 1671 5316 cessisse
1689 5261 1972 5332 perjuris:
1999 5275 2196 5332 neque

543 5335 704 5390 enim
723 5331 906 5389 ﬁdem
934 5331 1562 5404 frangitihomini,iqui
1577 5331 1972 5404 jurejurando
2000 5331 2196 5404 foedus

543 5408 625 5476 et,
653 5410 834 5476 pacta
881 5403 1275 5476 constabilita
1299 5403 1749 5476 amolitur’,‘sed
1771 5403 1908 5476 Deo,
1944 5404 2049 5474 qui
2085 5403 2197 5457 has

546 5474 800 5558 injurias
857 5474 1489 5557 pulchre'ulciscitur.
1525 5474 1640 5556 'Cf.
1690 5474 2054 5546 Nicephorus
2093 5489 2197 5545 pa-

549 5546 829 5612 triarcha,
862 5562 922 5600 1n
952 5547 1267 5602 Brevzarzo
1319 5547 1620 5611 hzslorzco,
1653 5561 1712 5616 p.
1747 5549 1813 5600 24
1859 5549 1900 5600 υ
1953 5544 2049 5601 ed.
2093 5547 2200 5600 Lu-

552 5633 709 5692 par.,
742 5618 816 5674 de
844 5617 1177 5673 Iustiniano
1204 5616 1325 5672 tilio
1353 5617 1741 5673 Constantini.
1775 5621 1910 5673 ALL.

2371 5114 2484 5188 (3.6)
2535 5121 2639 5175 Τῆς
2666 5113 2895 5185 μεγάλης
2925 5111 3154 5188 Βλαχίοςς
3185 5110 3288 5188 (ᾳ).
3321 5110 3645 5188 Thessaliae
3682 5127 3904 5188 nempe

2301 5181 2614 5256 montana,
2647 5181 2780 5256 quin
2811 5181 3718 5256 magna‘BlaChiaAdicebantur.
3750 5181 3904 5240 Nice-

2303 5262 2395 5313 tas
2422 5257 2482 5312 in
2514 5253 2818 5327 Balduino,
2842 5272 2904 5327 p.
2931 5253 3060 5310 841.
3097 5255 3240 5310 Hinc
3269 5253 3427 5327 illius
3451 5253 3719 5324 regionis
3751 5270 3903 5311 asse-

2303 5329 2408 5385 claa
2437 5325 2900 5399 Μεγαλοϐλαχῐται
2934 5332 3223 5381 vocantur
3242 5341 3279 5382 a
3299 5325 3720 5397 Pachymerio,
3749 5327 3902 5392 lib.1,

2304 5405 2712 5456 can.30.ALL.

2399 5472 2494 5548 57)
2535 5472 2685 5548 Παρὰ
2720 5467 2983 5548 Ῥωμαίων
3043 5467 3276 5548 ἐφιλεῖτο.
3303 5467 3473 5548 ‘Hinc
3510 5466 3720 5540 plures
3762 5469 3905 5548 ejus-

2304 5539 2444 5597 dem
2474 5539 2692 5597 laudes
2733 5544 2790 5596 et
2819 5539 3128 5612 praeconia
3160 5539 3322 5611 apud
3353 5539 3586 5595 Graecos
3619 5539 3899 5612 posterio-

2304 5630 2418 5669 res.
2460 5617 2597 5669 ALL.

609 5725 686 5790 (ο)
711 5723 786 5778 Cf.
817 5721 1036 5774 Bandur.
1065 5721 1399 5774 animadvers.
1428 5724 1479 5774 in
1504 5723 1810 5774 Constantini
1835 5724 2140 5790 Porphyrog.
2167 5725 2243 5774 De
2281 5721 2452 5773 Thom.
2487 5722 2524 5772 1.
2551 5737 2584 5781 ι,
2614 5735 2664 5784 p.
2695 5720 2753 5771 10
2779 5719 2831 5769 in
2859 5726 2990 5771 temo
3017 5725 3184 5770 nostro
3217 5716 3369 5770 CXII.
