3988 6322
83 369 267 428 1049

1638 372 1981 432 ANNALES.

3344 386 3486 447 1050

177 515 275 558 κς.
329 494 472 550 Ἐπεὶ
521 501 669 567 γοῦν,
727 499 796 560 ὡς
841 497 868 549 6
911 496 1062 568 λόγος
1112 495 1411 572 ἱστόρησεν,
1459 498 1484 550 ὁ
1527 496 1720 570 ’Ἀγγε-

1900 498 2012 572 47
2039 500 2491 559 26.Theodorus
2521 504 2876 576 Angelus,ut
2894 505 3166 576 dixi,una
3195 491 3334 566 cum
3356 511 3487 570 aliis

77 582 190 645 λος
275 581 546 660 Θεόδωρος
601 585 826 660 λάφυρον
895 584 1119 659 ἆγεγόνει
1186 588 1318 659 μετὰ
1376 591 1466 640 καὶ
1531 586 1721 641 λοιπῶν

81 680 495 750 προσηκόντων
547 683 620 747 τῷ
669 694 804 748 γενει
850 675 1097 750 ἐκκρίτων
1155 673 1358 752 ἀνδρῶν
1408 684 1481 748 τῷ
1539 677 1721 746 Ἄσαν,

85 761 421 838 ἐφρουρεῖτο
447 767 539 836 μὲν
577 765 700 840 παρ’
745 765 926 830 αὐτοῦ,
954 765 1327 842 ἐφιλοφρονεῖτο
1358 763 1418 820 δὲ
1447 772 1514 820 τα
1538 766 1724 826 πολλά.

88 857 218 907 Καὶ
251 861 410 907 τοῦτο
441 850 503 912 ἦν
533 853 617 907 ἐπὶ
657 854 784 907 πολύ
805 876 819 889 ο
852 854 961 908 ἐπεὶ
995 852 1054 908 δὲ
1097 857 1168 918 εἰς
1195 859 1263 909 τὰ
1299 859 1434 909 οἶκοι
1457 875 1724 931 νεωτερισ-

86 950 237 1014 μοῖς
255 944 504 1016 χρᾶσθαι
521 944 564 978 ετ
581 949 880 1019 πεφώραται
902 944 1034 1016 (58),
1053 944 1295 1018 ἐκτυφλοῐ
1321 945 1474 998 αὐτὸν
1498 947 1523 997 6
1543 947 1719 1001 Ἀσὰν.

83 1030 166 1085 Ὀ
225 1030 322 1105 μὲν
379 1029 466 1085 οὖν
521 1029 739 1106 ἁδελφὸς
792 1033 952 1086 αὐτοῦ
987 1035 1237 1094 Μανουὴλ
1282 1037 1308 1087 6
1347 1034 1619 1107 ”Αγγελος,
1669 1035 1724 1098 ὃς

91 1117 425 1192 δεσποτικῷ
487 1120 741 1195 ἀξιώματι
799 1125 943 1199 παρὰ
997 1131 1090 1177 τοῦ
1147 1121 1372 1196 ἀδελφοῦ
1430 1123 1720 1198 ἐτετίμητο,

93 1217 259 1284 φυγῇ
315 1212 651 1285 χρησάμενος
731 1213 888 1270 ἠνικα
949 1214 1008 1264 τὸ
1068 1213 1352 1285 Ῥωμαϊκὸν
1424 1211 1722 1286 ἰπετρίπετο

94 1300 425 1372 στράτευμα
488 1299 556 1367 ³⁸,
625 1299 712 1352 ἰπὶ
786 1303 880 1360 τὴν
947 1300 1337 1360 Θεσσαλονικην
1413 1300 1570 1375 ἀπῄει
1633 1309 1724 1358 καὶ

98 1384 392 1451 δεσπότης
441 1389 754 1462 ὠνομάζετο,
811 1394 1006 1454 ταύτης
1063 1411 1118 1444 τε
1174 1395 1422 1466 κυριεύων
1479 1397 1564 1446 καὶ
1622 1403 1722 1447 τῶν

94 1482 236 1550 περὶ
269 1477 454 1548 αὐτὴν,
493 1477 728 1553 ἐρυθροῖς
778 1477 837 1533 δέ
879 1482 1158 1555 γράμμασι
1201 1479 1293 1544 τὰς
1337 1481 1496 1534 αὐτοῦ
1526 1483 1724 1558 γραφὰς

96 1563 372 1641 ἐπεκύρου
403 1568 471 1623 ³⁵.
510 1571 642 1642 Πρὸς
672 1571 726 1622 ὃν
772 1573 862 1622 καὶ
892 1567 1173 1641 ἁπὲσκωψέ
1216 1589 1292 1631 τις
1333 1579 1432 1622 τῶν
1461 1571 1724 1647 πρέσϐεων

95 1657 266 1728 παρά
317 1663 410 1710 τοῦ
463 1655 723 1730 βασιλέως
764 1657 998 1711 Ἰωάννου
1051 1656 1382 1728 ἀποσταλεὶς,
1431 1662 1500 1723 ὡς
1538 1661 1627 1724 Εἰς
1667 1665 1723 1716 σε

98 1744 312 1818 μᾶλλον
365 1745 586 1819 ἁρμόσει
632 1749 690 1800 τό
747 1747 819 1810 εἰς
880 1755 1112 1822 Χριστόν
1154 1746 1612 1822 ψαλτῳδούμενον,
1665 1755 1723 1806 σε

1834 585 2118 644 afﬁnibus
2143 593 2200 645 et
2230 589 2371 645 viris
2401 590 2732 648 illustribus
2761 594 2838 650 ab
2865 596 3066 651 Asano
3103 596 3366 669 spolium
3401 599 3487 656 fa-

1832 680 1963 732 ctus
1992 676 2052 732 in
2078 677 2414 736 custodiam
2435 681 2776 752 conjicitur;
2793 683 3143 740 cuiAsanus
3166 687 3394 758 prolixe
3415 704 3486 746 ac

1831 765 2092 836 benigne
2122 771 2178 823 et
2221 767 2300 822 ad
2344 770 2592 826 multum
2641 775 2879 844 tempus
2909 772 3168 830 favebat.
3205 777 3318 832 Sed
3345 793 3485 834 cum

1832 853 1998 911 domi
2017 858 2184 912 novis
2232 857 2414 914 rebus
2443 859 2672 915 inhiare
2712 861 3225 933 deprehendisset,
3258 864 3485 921 lumine

1831 943 2044 1014 privat.
2078 942 2279 1000 Frater
2308 945 2466 1001 illius
2509 947 2737 1003 Manuel
2767 949 3048 1020 Angelus,
3099 951 3364 1024 despotee
3399 951 3487 1008 di-

1832 1032 2054 1103 gnitate
2097 1048 2132 1089 a
2170 1032 2348 1090 fratre
2401 1036 2847 1104 cohonestatus,
2891 1038 3102 1109 fugam
3140 1041 3484 1110 meditatus,

1832 1136 1971 1177 cum
2004 1124 2308 1179 Romanus
2327 1123 2498 1181 miles
2524 1130 2688 1196 terga
2706 1131 2977 1196 verteret,
2999 1129 3483 1187 Thessalonicam

1829 1224 2104 1266 reversus
2121 1210 2374 1284 despota
2398 1214 2750 1285 vocabatur,
2775 1216 2931 1272 illius
2953 1222 3008 1274 et
3027 1217 3295 1275 locorum
3321 1219 3485 1290 adja-

1831 1299 2093 1355 centium
2125 1299 2423 1369 dominus,
2465 1303 2937 1378 scriptionesque
2989 1323 3131 1364 suas
3167 1308 3485 1380 purpureis

1833 1388 2278 1446 characteribus
2334 1392 2751 1462 consignabat.
2804 1398 2869 1450 lu
2897 1411 3072 1468 quem
3121 1401 3177 1452 et
3229 1397 3482 1453 Joannis

1831 1477 2209 1549 imperatoris
2237 1478 2474 1549 legatus
2499 1496 2624 1536 non
2647 1482 2948 1541 inurbana
2972 1484 3282 1542 dicacitate
3293 1486 3483 1557 jacta-

1831 1565 1936 1634 vit,
1965 1565 2027 1621 in
2057 1582 2196 1623 eum
2226 1568 2448 1625 scilicet
2487 1571 2685 1640 magis
2734 1573 2926 1644 aptari
2973 1589 3153 1645 posse
3202 1575 3370 1647 quod
3407 1574 3483 1630 de

1833 1654 2062 1710 Christo
2092 1656 2155 1712 in
2206 1657 2454 1714 Psalmis
2499 1658 2732 1730 legitur,
2767 1679 2797 1714 ε
2836 1666 2892 1716 te
2921 1677 3125 1732 regem
3180 1667 3238 1718 et
3266 1663 3483 1736 despo-

1834 1747 1977 1800 tam.
2012 1765 2041 1794 »
2067 1747 2135 1802 Et
2179 1761 2249 1800 ex
2280 1760 2351 1801 eo
2377 1752 2643 1820 tempore
2672 1749 2934 1819 Angelus
2976 1750 3207 1807 Manuel
3230 1751 3486 1823 reliquo-

95 1838 198 1888 τὸν
254 1833 480 1908 βασιλέα
521 1841 608 1889 καὶ
641 1833 922 1896 δεσπότην.
959 1841 1057 1891 Καὶ
1113 1838 1176 1897 ἦν
1207 1840 1298 1911 μὲν
1348 1842 1404 1891 τὸ
1439 1838 1539 1893 ἀπὸ
1567 1837 1722 1894 τοῦδε

1837 1847 1967 1888 rum
2013 1831 2078 1890 in
2115 1833 2465 1890 occidentali
2498 1835 2679 1908 plaga
2708 1838 3073 1911 oppidorum
3122 1855 3194 1895 ac
3241 1839 3488 1897 urbium

99 1925 133 1976 6
197 1923 454 1996 Ἀγγελος
505 1926 753 1985 Μανουὴλ
808 1934 907 1979 τῶν
959 1926 1416 2000 εναπολειφθεισῶν
1467 1932 1600 2003 πρὸς
1657 1932 1723 1983 τὰ

101 2009 316 2066 δυτικὰ
366 2018 496 2089 μέρη
536 2023 725 2088 χωρῶν
770 2020 859 2068 καὶ
901 2015 1092 2069 πόλεων
1137 2016 1417 2089 ἐγκρατὴς,
1476 2023 1548 2091 μὴ
1581 2022 1725 2094 παρὰ

100 2110 215 2155 τῶν
262 2104 567 2177 Βουλγάρων
606 2108 664 2157 τὸ
698 2104 907 2158 σύνολον
960 2104 1347 2179 ἇνοχλούμενος,
1393 2105 1504 2160 imi
1547 2116 1609 2181 τῇ
1667 2107 1723 2161 ἐκ

101 2189 443 2255 παλλακίδος
465 2200 558 2245 τοῦ
586 2192 749 2249 Ἀσὰν
780 2195 1172 2256 συνεκοιτάζετο
1206 2196 1446 2269 θυγατρί.

184 2280 289 2342 κζ’.
326 2280 484 2338 Ἀλλά
529 2281 615 2336 ἐπὶ
651 2287 773 2346 τοὺς
827 2282 874 2335 ἐν
922 2291 984 2357 τῇ
1037 2290 1421 2338 Κῶνσταντίνου
1468 2290 1724 2348 Λατίνους

105 2369 306 2422 ἐλθέτω
359 2375 447 2423 καὶ
492 2368 638 2433 αὖθις
688 2374 714 2424 ό
760 2379 854 2433 τῆς
913 2375 1150 2447 ἱστορίας
1197 2376 1385 2447 εἱρμός.
1445 2377 1512 2428 Οἱ
1563 2374 1611 2427 ἓν
1666 2383 1720 2448 τῇ

108 2461 662 2514 Κωνσταντινουπόλει
749 2458 929 2520 ἐπειδὴ
961 2507 976 2532 ,
1050 2466 1119 2524 ὡς
1210 2469 1622 2539 προειρήκαμεν,
1697 2467 1723 2515 6

108 2550 454 2624 Ῥομπίρτος,
515 2549 569 2602 ὃν
620 2553 689 2612 ὡς
752 2549 978 2624 βασιλέα
1028 2551 1053 2604 6
1109 2551 1261 2624 λόγος
1315 2555 1456 2624 ἔχειν
1512 2556 1723 2616 τούτους

111 2637 374 2710 ἱστόρησε
427 2638 496 2709 ‘0,
548 2643 637 2692 τὸν
701 2641 927 2715 Εὔριπον
982 2641 1286 2694 καταλαϐὼν
1348 2642 1723 2715 τετελεύτηκεν,

109 2726 453 2800 ἐναπελείφθη
489 2725 546 2781 δὲ
577 2730 602 2781 6
647 2725 866 2803 ἁδελφὸς
1063 2730 1223 2784 αὐτοῦ
1281 2728 1594 2795 Βαλδουῖνος
1649 2735 1725 2786 ἔτι

109 2815 313 2890 ἀφῆλιξ
363 2817 450 2888 ὢν,
507 2817 780 2872 στέλλουσι
834 2819 1111 2892 πρεσϐείαν
1164 2823 1296 2897 πρὸς
1350 2823 1589 2881 Ἰωὰννὴν
1636 2824 1723 2875 τὸν

108 2905 496 2979 ὀνομαζόμενον
552 2908 923 2982 Ἰεροσολύμων
973 2909 1115 2985 ῥῆγα
1170 2911 1236 2982 ⁶¹,
1285 2916 1459 2983 φήμην
1499 2929 1553 2964 τε
1603 2910 1724 2964 πολ-

106 2994 204 3054 λὴν
264 2995 535 3068 αύχουντα
574 2997 694 3072 περί
738 3001 828 3060 τὰς
861 3017 1242 3072 στρατιωτικας
1278 2996 1538 3072 μεθόδους
1569 2998 1725 3075 βρια-

1831 1921 2114 1978 dominus
2141 1920 2501 1994 habebatur,
2532 1941 2568 1982 a
2606 1926 2872 1997 Bulgaris
2896 1928 3062 1985 nulla
3098 1929 3374 1984 molestia
3398 1928 3485 1985 la-

1832 2012 2106 2079 cessitus,
2143 2011 2291 2068 dum
2328 2014 2458 2086 ejus
2485 2016 2937 2072 matrimonium
2965 2032 3106 2074 cum
3137 2018 3316 2074 Asani
3359 2017 3486 2073 ﬁlia

1830 2101 2074 2172 vigeret.

1902 2283 1991 2335 27.
2026 2281 2239 2335 Verum
2270 2279 2333 2336 in
2365 2281 2718 2353 Byzantinos
2748 2282 2923 2339 Italos
2947 2298 3154 2339 rursus
3193 2283 3484 2340 orationis

1833 2369 2045 2424 seriem
2072 2374 2514 2426 convertemus.
2550 2371 2864 2442 Cpolitani,
2897 2387 3054 2443 cum,
3091 2378 3154 2429 ut
3181 2378 3318 2429 ante
3346 2388 3486 2428 nar-

1831 2458 2122 2524 ravimus,
2143 2457 2455 2526 Robertus,
2478 2475 2661 2532 quem
2680 2459 2858 2516 veluti
2875 2462 3297 2533 imperatorem
3314 2476 3488 2517 vene-

1831 2546 2141 2616 rabantur,
2172 2547 2458 2620 Euripum
2489 2547 2794 2620 profectus
2841 2550 3198 2622 exspirasset
3217 2554 3276 2605 et
3307 2549 3488 2607 frater

1832 2636 1962 2707 ejus
1985 2635 2311 2692 Balduinus
2329 2653 2479 2709 puer
2497 2636 2615 2710 48
2637 2637 2834 2694 adhuc
2857 2655 2928 2694 ac
2949 2638 3229 2711 impubes
3250 2654 3487 2694 reman-

1834 2725 2026 2790 sisset,
2055 2725 2132 2781 ad
2147 2725 2443 2781 Joannem
2463 2727 3006 2799 Hierosolymorum
3023 2744 3227 2798 regem
3248 2727 3488 2784 militari

1832 2814 2174 2888 prudentia,
2190 2819 2254 2870 ut
2274 2819 2414 2871 tunc
2437 2814 2602 2872 fama
2622 2815 2870 2884 ferebat,
2895 2816 3284 2887 singularem,
3298 2833 3488 2874 manu

1832 2903 2102 2960 validum
2153 2903 2533 2977 multumque
2585 2905 2738 2961 inter
2789 2921 2930 2961 suos
2977 2906 3175 2977 specie
3220 2908 3488 2979 corporis

1834 2993 2218 3060 eminentem,
2249 2991 2480 3063 legatos
2511 2993 2830 3059 destinant,
2849 2998 2914 3049 ut
2937 2994 3017 3050 ad
3047 2994 3178 3050 illos
3201 2995 3487 3051 concede-

108 3088 207 3160 ρόν
235 3085 318 3156 (Ρ.
368 3087 460 3156 24)
510 3105 564 3138 τε
591 3093 752 3160 χεῖρα
801 3091 891 3139 καὶ
938 3095 1010 3158 τῷ
1049 3089 1254 3160 μεγέθει
1308 3090 1432 3149 τοὺς
1477 3089 1592 3140 κατ’
1637 3088 1724 3140 αύ-

1837 3087 1924 3140 ret
1946 3088 2002 3139 et
2026 3081 2222 3155 Cpolis
2243 3081 2563 3155 imperator
2592 3083 3043 3150 acclamaretur,
3073 3099 3168 3139 res
3199 3083 3262 3139 in
3290 3100 3364 3140 ea
3403 3085 3490 3140 uti

108 3177 206 3226 τὸν
259 3173 655 3248 ὑπερϐὰλλοντα,
705 3177 775 3236 ὡς
826 3176 886 3227 ἄν
943 3195 1002 3248 γε
1058 3174 1294 3248 ἀφίκοιτο
1350 3180 1482 3250 πρὸς
1539 3176 1728 3249 αύτούς

109 3268 209 3316 καὶ
239 3261 482 3336 βασιλεύς
512 3265 1096 3326 Κωνσταντινουπόλεως
1122 3267 1410 3338 φημισθείη
1451 3269 1542 3319 καὶ
1579 3265 1728 3342 ἄρξαι

113 3357 191 3416 ὡς
227 3353 560 3429 αὐτοκράτωρ
602 3362 701 3407 τῶν
740 3355 807 3417 εἰς
853 3355 1015 3414 αὐτὴν
1064 3356 1132 3424 ⁸³,
1190 3353 1600 3428 ἔπιγαμϐρεύσοι
1669 3353 1729 3410 δε

113 3442 288 3514 ἐαυτῷ
327 3447 410 3495 καὶ
439 3446 526 3496 τὸν
553 3447 606 3495 ὄν
638 3440 778 3516 εἶχεν
810 3444 884 3507 εἰς
907 3449 1002 3502 τὴν
1047 3443 1414 3518 κληρονομίαν,
1449 3447 1518 3506 ὡς
1549 3445 1724 3516 ᾤοντο,

114 3529 430 3587 Βαλδουῖνον
463 3534 701 3606 (ὑπῆρχε
729 3535 829 3606 γὰρ
864 3542 937 3605 τῷ
960 3534 1090 3609 ῥήγὶ
1121 3539 1211 3586 καὶ
1245 3535 1565 3609 θυγάτριον),
1597 3538 1728 3607 μετὰ

116 3619 184 3676 δὲ
227 3626 319 3680 τὴν
364 3628 458 3674 τοῦ
517 3621 677 3697 ῥηγός
733 3620 1022 3676 ἀποϐίωσιν
1075 3621 1388 3696 βασιλεύσοι
1447 3627 1641 3676 τούτων
1700 3624 1726 3675 6

115 3705 453 3780 Βαλδουῖνος,
481 3711 642 3775 αὔξην
703 3708 1155 3786 προσδεδεγμένος
1205 3721 1296 3773 τῆς
1333 3711 1560 3780 ἡλικίας,
1617 3711 1721 3766 ἐπεὶ

114 3805 212 3854 καὶ
241 3801 266 3852 6
289 3801 388 3874 ῥὴξ
434 3800 620 3875 ἔξωρος
648 3801 779 3872 ἄγαν
808 3801 890 3868 ἦν,
921 3806 1041 3875 περί
1065 3821 1164 3855 που
1193 3804 1258 3854 τὰ
1287 3798 1613 3874 ὀγδοήκοντα
1637 3804 1723 3860 ἔτη

116 3891 152 3949 ἢ
183 3896 272 3942 καὶ
297 3888 453 3942 πλείω
481 3893 674 3943 τούτων
706 3887 740 3942 δ
746 3889 1000 3952 ιαϐιὼσας
1026 3891 1094 3948 ⁴⁸.
1114 3891 1202 3953 Ὠς
1232 3896 1322 3944 καὶ
1353 3891 1510 3953 αὐτὸς
1534 3898 1726 3944 τούτων

121 3977 284 4048 εἶδον,
319 3979 728 4052 ύπερεξεπλάγην
758 3983 817 4033 τὸ
855 3987 947 4032 τοῦ
978 3977 1163 4054 ἀνδρὸς
1194 3980 1241 4033 ἐν
1267 3982 1410 4054 πάσῃ
1445 3977 1480 4034 δ
1485 3980 1728 4033 ιαπλάσει

120 4072 246 4130 τοὺς
297 4067 480 4130 ἄλλους
529 4068 929 4142 ὑπερϐάλλοντος
965 4068 1094 4122 πολὺ
1141 4070 1273 4122 κατά
1324 4089 1384 4141 γε
1428 4077 1596 4143 μῆκος
1638 4062 1728 4121 καὶ

122 4158 341 4220 πλάτος.
378 4159 620 4212 Ξυνέθετο
647 4159 774 4230 γοῦν
801 4161 827 4211 6
863 4157 965 4234 ρὴξ
995 4157 1113 4230 (60)
1154 4166 1217 4231 τῇ
1251 4158 1520 4232 πρεσϐείᾳ,
1560 4163 1651 4212 καὶ
1680 4159 1728 4194 ⁸⁸

123 4245 501 4321 καταλαμϐάνει
571 4252 666 4307 τὴν
730 4252 1142 4316 Κωνσταντίνου,
1209 4252 1302 4307 τὴν
1364 4252 1574 4320 πορείαν
1637 4243 1731 4300 δια

1834 3172 2159 3244 imperator
2211 3170 2522 3237 obtineret,
2556 3187 2664 3227 nec
2712 3187 2834 3227 non
2873 3170 3079 3242 ﬁliam,
3132 3187 3315 3243 quam
3359 3172 3489 3244 ipse

1837 3266 2199 3335 susceperat,
2231 3262 2543 3330 Balduino,
2577 3262 2748 3319 sicuti
2772 3263 2887 3335 ipsi
2915 3263 3358 3330 existimabant,
3380 3263 3490 3319 im-

1836 3353 1984 3426 perii
1999 3351 2242 3416 haeredi,
2266 3351 2369 3426 qui
2387 3356 2591 3408 tamen
2608 3356 2741 3424 post
2759 3368 2898 3408 eum
2919 3357 3089 3408 astate
3103 3353 3230 3424 jam
3249 3357 3490 3408 matura

1835 3458 1905 3499 ac
1935 3442 2167 3512 integra
2193 3443 2534 3512 imperaret,
2568 3442 2629 3498 in
2668 3441 3120 3498 matrimonium
3147 3441 3486 3498 collocaret.

1835 3532 2002 3588 mtas
2033 3531 2189 3603 regis
2216 3531 2470 3586 nimium
2497 3536 2866 3602 processerat
2894 3531 3052 3586 circa
3092 3547 3288 3587 annos
3323 3536 3489 3588 octo-

1834 3621 1998 3691 ginta
2015 3619 2106 3676 vel
2124 3619 2274 3676 ultra
2285 3619 2431 3687 nati,
2444 3636 2622 3692 quem
2632 3619 2968 3676 admodum
2979 3624 3035 3676 et
3049 3620 3178 3692 ipse
3187 3636 3327 3676 eum
3344 3619 3487 3689 vidi,

1833 3715 1890 3766 et
1900 3709 2228 3766 admiratus
2246 3725 2381 3765 sum
2397 3709 2504 3764 viri
2521 3709 2928 3782 undequaque
2946 3715 3216 3766 exactam
3231 3709 3486 3766 molem:

1833 3799 2115 3854 humanae
2131 3798 2292 3854 enim
2313 3797 2746 3867 magnitudinis
2758 3798 3008 3854 modum
3025 3797 3398 3868 longitudine
3419 3813 3488 3854 ac

1831 3887 2144 3944 latitudine
2169 3887 2304 3960 plus
2335 3887 2520 3944 nimio
2574 3892 2931 3944 excesserat.
2972 3890 3091 3942 Rex
3119 3887 3330 3957 legatis
3359 3886 3488 3942 ani-

1835 3993 2001 4034 mum
2035 3977 2304 4046 advertit,
2336 3978 2563 4049 iterque
2590 3992 2697 4048 per
2725 3992 2892 4032 mare
2921 3977 3232 4045 ingressus
3258 3974 3486 4048 Cpolim

1833 4066 2029 4122 venit:
2058 4081 2253 4138 neque
2285 4065 2445 4121 enim
2486 4064 2826 4132 multitudo,
2857 4081 2979 4137 qua
3011 4063 3126 4120 sibi
3152 4068 3348 4120 tutum
3377 4064 3488 4121 iter

1836 4159 2102 4213 terrestre
2130 4155 2369 4224 faceret,
2383 4155 2757 4228 suppetebat.
2778 4157 2925 4213 Cum
2949 4154 3160 4226 Cpolim
3182 4160 3485 4227 penetras-

1837 4250 1940 4316 set,
1972 4261 2169 4318 neque
2200 4244 2408 4316 egredi
2441 4259 2636 4317 neque
2680 4245 2910 4317 primus
2948 4259 3220 4317 pugnam
3250 4241 3484 4302 ’tentare

199 4426 240 4461 ³⁷
274 4425 410 4478 Ἐπεὶ
449 4455 517 4465 -
545 4423 834 4508 χρᾶσθαι]
863 4425 1191 4500 Ἐφρουρείτο
1238 4420 1324 4477 οὖν
1351 4426 1377 4476 6
1406 4423 1648 4497 Ἀγγελος
1679 4420 1952 4492 Θεόδωρος
1980 4425 2124 4496 παρὰ
2163 4429 2255 4475 τοῦ
2295 4422 2836 4530 Ἀσὰνῃφιλοφὲόννοζξ.
2890 4428 2991 4476 Καὶ
3021 4421 3130 4476 ἐπεὶ
3163 4426 3477 4530 νεωτξρίζωῗν

290 4497 337 4530 ιε
372 4497 554 4530 mea...
587 4527 635 4530 μ
688 4515 988 4530 ..-λης-,νη
1020 4512 1118 4530 ηπ.
1188 4499 1229 4530 n
1355 4497 1402 4530 :9
1447 4496 1818 4530 gummi-5..-...
1863 4494 2097 4530 ἐνηιιηητρ
2135 4497 2412 4530 manu--.
2510 4515 2522 4527 .
2739 4501 2762 4530 Α
2837 4496 2868 4530 :.
2915 4525 2982 4530 _
3036 4497 3285 4530 της-λη-.
3356 4497 3382 4530 ,ς
3463 4497 3477 4530 ~.

129 4499 199 4553 D.
290 4497 337 4532 ³⁸
372 4497 554 4570 Ἠνίκα
587 4497 636 4536 ἑ-
688 4497 990 4570 στράτευμα
1020 4497 1140 4570 011).

129 4571 428 4642 Ῥομπέρτος
456 4569 481 4642 6
511 4577 606 4629 τῆς
646 4566 1038 4642 Κωνσταντίνου
1075 4566 1322 4642 βασιλεύς
1374 4570 1436 4623 D.

1355 4497 1402 4532 :9
1447 4494 1820 4569 δῇρμαζόμενος
1862 4494 2097 4569 ἐρυθροῖς
2135 4497 2416 4569 γράμμασι
2459 4494 2522 4550 Βλ

2655 4491 2677 4568 ἒ
2714 4494 2871 4548 Ἀλλὰ
2915 4525 2982 4537 -
3035 4491 3326 4568 ἱστόρησε]
3356 4497 3382 4546 ό
3425 4491 3486 4548 δὲ

1559 4570 1574 4602 ¹
1610 4565 1766 4655 ρπῆγοιιε
1809 4565 1908 4618 τῶν
1932 4565 2330 4656 ’Ἱεροσολύμωγ
2368 4569 2431 4632 D,
2465 4567 2706 4656 omissis
2747 4572 2922 4654 φήμην
2971 4565 3481 4656 -ὶύπερϐάλὶοντω

1932 4635 1955 4652 φ

131 4643 181 4683 ‘1
211 4635 387 4692 καὶ’-
412 4640 574 4697 αὐτὴν
605 4655 729 4698 om.
764 4642 828 4696 D.
905 4641 951 4675 ⁸³
980 4635 1403 4713 ἐπιγαμϐρεύσας
1427 4635 1486 4692 δὲ
1503 4635 1872 4709 τοῦτοναὺτῷ,
1906 4635 1955 4691 εἶ
1999 4635 2144 4712 εγὰρ
2179 4635 2452 4711 θυγάτρια,
2483 4644 2571 4692 καὶ
2597 4641 2682 4692 ἵνα
2706 4635 2839 4711 μετὰ
2857 4643 2949 4697 τὴν
2981 4635 3483 4692 τοὺτου’ἀποϐίωσιν

135 4711 417 4764 Βασιλεύση
450 4710 602 4764 πάλιν
631 4711 804 4764 αὐτός.
849 4709 946 4764 Ἦν
974 4714 1072 4764 ’γὰρ
1098 4710 1126 4764 ό
1174 4709 1272 4764 ὁὴξ
1301 4715 1450 4764 όῦτος
1490 4715 1609 4764 περί
1650 4729 1750 4764 που
1802 4712 1870 4763 τὰ
1895 4658 2218 4764 ὀγδοήκοντα
2244 4715 2334 4763 καὶ
2363 4714 2492 4764 πρὸς
2542 4713 2628 4764 ἔτη
2661 4714 2751 4764 καὶ
2779 4713 3051 4764 ύπεοόοιος
3083 4711 3150 4764 D.
3229 4711 3276 4746 “
3315 4713 3386 4764 ὡς
3417 4738 3483 4752 —-

1113 4710 1125 4726 θ

133 4711 417 4788 βασιλεύσῃ
450 4710 602 4788 πάλιν
631 4711 804 4772 αύτὸς.
849 4709 946 4764 Ἦν
974 4709 1147 4786 γὰρό-
1169 4709 1272 4788 ῥῆξ
1301 4715 1450 4773 οὗτος
1490 4715 1609 4780 περί
1650 4729 1750 4764 που
1802 4712 1870 4763 τὰ
1895 4709 2218 4782 ὀγδοήκοντα
2244 4709 2492 4786 καὶπρὸς
2542 4713 2628 4770 ἔτη
2661 4709 2751 4764 καὶ
2779 4713 3051 4785 ὑπερόριος
3083 4711 3150 4767 D.

129 4781 374 4856 πρεσϐείᾳ
397 4781 492 4835 καί
519 4798 646 4840 om.
678 4785 744 4840 D.

3229 4711 3276 4746 ιι
3315 4713 3483 4771 ὡς..

1108 4906 1420 4969 Theodori
1443 4909 1667 4970 Dousa).
1699 4911 1761 4968 et
1788 4906 2014 4968 Leonis
2043 4906 2258 4968 Allatii
2291 4912 2478 4968 notae.

204 5060 722 5136 (58)_Ns_m‘rapwpoig
750 5059 991 5132 χρᾶσθαι
1031 5061 1351 5136 πεφώραται.
1383 5055 1724 5136 Acropolita

1842 5125 1861 5136 _
1908 5055 2021 5136 (.59)
2067 5056 2132 5107 ’0
2196 5052 2440 5136 ἀδελφός.
2477 5056 2893 5136 __l3aldui_num
2949 5019 3484 5136 fratre_m_Boberti

134 5127 255 5188 non
285 5127 668 5202 statim'po'st
719 5127 992 5202 pugnam
1032 5127 1405 5202 excaecatum
1451 5127 1636 5202 fuisse
1688 5144 1725 5183 a

138 5202 381 5274 Bulgaro
411 5197 838 5274 Theodoru'm,'_
857 5201 966 5256 sed
1013 5200 1178 5256 domi
1196 5203 1526 5274 postquam
1554 5197 1722 5274 illum

138 5271 456 5345 excepisset
506 5271 962 5345 humanissime,
1003 5287 1144 5345 cum
1191 5271 1535 5345 Theodorus
1589 5273 1725 5341 post

139 5340 310 5401 etiam
326 5348 572 5416 accepta
587 5343 879 5416 beneﬁcia
899 5359 992 5398 res
1007 5340 1723 5416 innovaredeprehensus

141 5420 312 5472 esset.
352 5412 664 5485 Gregoras,
694 5413 734 5472 l.
762 5431 801 5479 ι,
831 5430 955 5469 rem
989 5413 1222 5485 videtur
1252 5412 1419 5468 aliter
1456 5427 1720 5485 narrare.

143 5489 210 5542 Et
235 5483 557 5543 Bichardus
583 5502 613 5542 e
637 5483 843 5541 sancto
867 5489 1160 5540 Germano
1183 5483 1244 5539 in
1267 5484 1551 5539 Chronico
1579 5504 1590 5539 :
1617 5483 1725 5539 Εο-

143 5560 266 5616 dem
291 5573 484 5614 mense
510 5559 708 5629 Aprili
730 5557 794 5629 in
838 5558 1182 5613 ercorum
1222 5555 1467 5629 imperio
1489 5556 1722 5626 factum

144 5637 226 5688 est
247 5630 522 5700 prwlium
549 5627 708 5685 inter
738 5628 993 5697 Graecos,
1016 5629 1076 5700 ιη
1097 5643 1211 5697 quo
1231 5627 1563 5684 Comnenus
1579 5641 1724 5697 cap-

145 5699 340 5760 tus’est
362 5706 420 5756 et
447 5708 702 5774 utroque
719 5700 942 5757 lumine
977 5699 1242 5756 orbatus.
1275 5703 1410 5756 ALL.

1835 5125 1974 5182 facit
1993 5125 2352 5199 Acropolita',
2380 5128 2686 5184 Matthaeus
2719 5126 2971 5183 Parisius
2999 5125 3060 5199 in
3082 5127 3314 5199 Histor.
3357 5125 3480 5180 An-

1833 5199 1998 5268 glic,
2030 5196 2244 5256 ﬁliu—m.
2277 5200 2340 5254 In
2371 5215 2442 5254 eo
2466 5199 2833 5254 concordant
2853 5212 2992 5252 eum
3012 5196 3196 5252 fuisse
3226 5211 3483 5268 puerum

1834 5267 1942 5342 nec
1972 5269 2216 5326 ferendo
2245 5269 2410 5326 oneri
2434 5285 2663 5342 parem.
2699 5268 2790 5326 Sic
2818 5283 3062 5340 quoque
3081 5267 3344 5324 histdrici
3374 5270 3482 5324 La-

1832 5340 1964 5396 tini.
1995 5345 2137 5397 ALL.

1904 5415 2017 5485 (6Q)
2046 5414 2288 5485 Ξύνέθετο
2326 5419 2450 5484 γοῦν
2480 5411 2506 5463 ὁ
2533 5410 2655 5485 pst.
2683 5409 3016 5485 Richardus
3044 5426 3081 5466 a
3108 5411 3203 5485 S._
3189 5411 3482 5485 Germano

1832 5481 1894 5537 in
1918 5484 2240 5551 Chronico;
2287 5481 2457 5556 Anno
2499 5481 2782 5556 i‘z3l_rex
2805 5482 3106 5556 quondam
3145 5482 3482 5556 Hierosoly-

1834 5555 2097 5610 mitanus
2143 5555 2306 5624 apud
2350 5556 2529 5610 Beate
2576 5554 2656 5609 ad
2695 5554 2917 5622 papam
2961 5554 3144 5620 vadit,
3191 5554 3265 5610 de
3311 5558 3481 5622 cujus

1834 5641 2078 5682 assensu
2109 5626 2331 5681 obtinet
2366 5632 2429 5680 ut
2456 5641 2589 5681 cum
2616 5626 2745 5695 ﬁlio
2772 5627 3144 5697 imperatoris
3175 5625 3484 5696 Cpotitam'

1835 5697 1907 5754 de
1933 5699 2066 5766 ﬁlia
2107 5711 2216 5754 sua
2256 5697 2598 5764 contrahat,
2633 5703 2689 5755 et
2724 5698 2850 5769 ipse
2889 5699 2962 5757 sit
3011 5704 3258 5756 curator
3297 5699 3479 5768 impe-
