3988 6322
523 346 660 402 1051

1828 340 2112 400 GEORGII
2145 340 2605 400 ACROPOLITE

3782 343 3801 393 l
3813 341 3901 393 052

521 468 816 527 audebat:
845 471 937 526 sat
957 469 1114 526 enim
1141 468 1222 525 illi
1247 472 1554 542 comperta
1571 471 1698 525 erat
1716 468 1965 525 Joannis
1985 468 2158 540 impe-

2284 465 2541 528 θαλὰττης
2567 468 2868 526 πεποιηκώς
2888 485 2901 499 ·
2927 460 3049 518 οὐδὲ
3073 465 3174 538 γὰρ
3200 461 3312 537 εἶχε
3337 464 3462 518 λαὸν
3483 463 3821 536 ἀξιόχρεων,
3845 483 3900 524 s;

521 558 736 615 ratoris
765 558 848 614 rei
894 557 1162 614 militaris
1191 574 1434 614 summa
1477 557 1794 630 prudentia
1841 563 1896 614 et
1932 557 1994 613 in
2024 572 2171 613 con-

522 647 686 704 ﬂictu
711 662 850 702 cum
879 646 1150 703 hostibus
1179 647 1486 718 ingenium
1512 663 1694 719 supra
1719 651 1964 704 caeteros
1993 645 2172 701 soler-

522 737 847 793 tissimum.
897 737 1086 800 Quare
1125 741 1310 792 semet
1340 736 1540 809 ipsum
1583 735 1985 806 aggressionis
2013 734 2170 790 illius

520 824 855 890 incusabat,
883 824 1002 897 49
1029 830 1085 881 et
1113 825 1280 897 quod
1309 841 1532 882 manus
1562 826 1726 898 operi
1757 825 2054 896 injecisset
2077 839 2091 890 ;
2114 826 2172 880 et

518 913 678 970 male
707 929 811 970 eos
850 929 1115 970 asserere
1155 914 1572 981 contendebat,
1619 915 1669 970 si
1716 914 1828 988 ipsi
1859 919 2060 971 tamen
2090 913 2172 969 ita

522 1007 803 1060 sentirent
831 1019 1028 1076 neque
1069 1004 1268 1077 ipsum
1295 1009 1537 1077 propter
1563 1005 1808 1076 propria
1847 1001 2173 1059 commoda

519 1087 898 1165 proritarent,
928 1109 1068 1150 eum
1111 1093 1188 1149 ad
1217 1093 1351 1150 loca
1379 1109 1763 1150 accessurum
1802 1093 2004 1162 fuisse,
2033 1108 2170 1165 quae

520 1181 804 1238 dominus
842 1181 1081 1238 illorum
1129 1198 1200 1238 ac
1235 1184 1560 1255 imperator
1605 1183 2028 1238 administrare
2074 1196 2172 1237 ne-

519 1271 723 1326 sciret:
757 1287 1022 1344 namque
1055 1273 1329 1345 apprime
1360 1272 1634 1334 callebat,
1666 1272 1943 1344 dictoque
1972 1270 2171 1327 ﬁrma-

517 1359 643 1429 bat,
674 1361 908 1416 etiamsi
939 1361 1136 1417 decies
1167 1365 1250 1417 tot
1294 1361 1428 1417 loca
1461 1361 1540 1417 ad
1578 1361 1911 1432 regendum
1956 1359 2170 1416 .loanni

516 1448 851 1522 imperatori
880 1454 1280 1523 suppeterent,
1311 1451 1534 1523 optime
1564 1466 1702 1506 eum
1723 1450 1824 1506 illa
1849 1465 2024 1521 agere
2046 1465 2168 1505 mo-

517 1537 715 1595 derari
755 1539 1022 1611 tuerique
1078 1539 1156 1595 ab
1209 1539 1483 1595 hostibus
1532 1539 1706 1595 scire.
1764 1538 1895 1594 Sive
1952 1539 2168 1595 etenim

515 1624 736 1682 horum
758 1642 964 1694 causa,
995 1627 1120 1682 sive
1151 1627 1330 1684 etiam
1355 1627 1520 1700 quod
1547 1627 2169 1701 Cpolitanisluxuriari

519 1715 745 1771 deliciis
774 1732 844 1771 ac
869 1716 1046 1772 bonis
1073 1717 1344 1773 animum
1371 1718 1617 1790 implere
1633 1717 1826 1784 vellet,
1846 1716 1998 1773 duos
2017 1717 2076 1773 in
2099 1732 2169 1774 ea

2279 556 2341 607 ἄν
2369 574 2426 628 γε
2451 555 2876 630 πεζοπορήσειεν.
2899 555 3040 608 Ἐπεὶ
3072 550 3132 606 δί
3169 553 3454 606 καταλάϐοι
3484 558 3581 612 τὴν
3626 559 3895 606 [ismara-

2278 649 2447 711 τίνου,
2475 644 2570 696 οὐκ
2601 643 2832 716 εὐχερῶς
2862 639 3002 715 εἶχεν
3042 642 3226 705 ἐξιέναι
3255 648 3345 696 καὶ
3375 647 3568 716 μάχης
3599 641 3894 716 κατάρξαι·

2277 737 2367 786 καὶ
2395 734 2496 807 γὰρ
2525 731 2715 804 ἐπέγνω
2746 735 2832 785 τὸν
2860 733 2906 768 “
2937 731 3162 805 βασιλέα
3192 732 3415 792 Ἰοάννην
3454 750 3895 805 στρατηγικωτα-

2276 825 2364 874 τὸν
2395 841 2448 874 τε
2485 826 2606 874 ὄντα
2633 827 2721 874 καὶ
2749 817 2866 883 ταῖς
2895 820 3098 894 ἐχθρῶν
3129 823 3335 894 μάχαις
3363 818 3815 894 εὐμεθοδώτατον
3837 823 3894 874 ⁸⁸.

2278 909 2558 984 Ἐμέμφετο
2586 918 2711 983 γοῦν
2734 911 2913 964 ἑαυτὸν
2933 919 3028 974 τῆς
3059 909 3424 985 ἐγχειρήσεως,
3445 915 3542 963 καὶ
3573 912 3660 963 ὃτι
3683 916 3894 982 πρώτως

2276 1007 2369 1052 τοῦ
2394 1002 2543 1072 ἔργου
2583 999 2874 1066 ἐπεϐάλετο,
2915 1005 3004 1053 καὶ
3038 1008 3210 1060 κακῶς
3240 1003 3430 1072 ἔφασκε
3466 1004 3595 1062 τοὺς
3626 999 3891 1071 λέγοντας,

2278 1089 2383 1160 εἰγε
2433 1094 2521 1142 καὶ
2561 1089 2722 1150 οὕτως
2759 1088 3116 1162 ὑπελάμϐανον
3161 1094 3252 1142 καὶ
3300 1090 3394 1142 οὐκ
3446 1089 3710 1162 ἠρέθιζον
3755 1090 3889 1140 αὐτὰ)

2279 1174 2372 1230 διὰ
2401 1181 2458 1230 τὸ
2489 1183 2642 1250 σφίσι
2673 1182 2953 1252 συμφέρον,
2981 1182 3046 1239 ὡς
3073 1177 3357 1231 καταλάϐοι
3385 1178 3446 1230 ἂν
3477 1179 3555 1240 εἰς
3584 1184 3816 1251 χώρους
3838 1175 3891 1228 ἔτι

2277 1266 2370 1318 οὐκ
2401 1267 2680 1320 ἐπίσταται
2709 1269 2896 1345 ἄρχειν
2926 1269 2952 1320 6
2992 1267 3070 1321 ἐπ’
3117 1267 3292 1328 αὐτοῖς
3343 1266 3685 1340 βασιλεύῶν·
3739 1268 3892 1327 καλῶς

2275 1357 2377 1430 γὰρ
2409 1355 2620 1427 ἐγνώκει
2645 1362 2736 1408 καὶ
2763 1357 2928 1428 ἔλεγεν
2975 1361 3039 1417 ὡς
3064 1356 3107 1408 εἰ
3138 1353 3271 1409 δέκα
3312 1364 3564 1409 τοσοῦτοι
3598 1365 3787 1431 χῶροι
3832 1364 3893 1425 τῷ

2279 1443 2492 1516 βασιλεῖ
2518 1445 2728 1519 Ἰωάννῃ
2753 1449 2882 1520 πρὸς
2908 1442 3216 1499 δεσποτείαν
3244 1445 3511 1518 ὑπῆρχον,
3539 1445 3731 1505 καλῶς
3751 1447 3894 1503 ἠπίσ-

2275 1552 2398 1586 τατο
2419 1536 2612 1587 τούτων
2640 1537 2928 1609 καταρχειν
2957 1539 3045 1586 καὶ
3075 1533 3368 1607 βασιλεύειν
3397 1539 3486 1586 καὶ
3520 1533 3829 1596 διασώζειν
3851 1536 3896 1585 ὲκ

2276 1631 2376 1676 τῶν
2407 1622 2629 1697 ἐχθρῶν.
2681 1627 2796 1677 Εἴτε
2844 1631 2970 1695 γοῦν
3003 1621 3096 1676 διὰ
3151 1631 3318 1676 ταῦτα
3369 1627 3469 1676 εἴτε
3496 1628 3591 1676 καὶ
3621 1632 3895 1698 τρυφῆσαι

2279 1711 2351 1774 εἰς
2406 1714 2565 1786 ἄκρον
2629 1713 2675 1765 ἐν
2732 1719 2840 1775 τοῖς
2895 1721 2994 1773 τῆς
3045 1717 3437 1767 Κωνσταντίνου
3496 1711 3895 1786 βεϐουλημένος

518 1820 713 1862 annos
743 1807 954 1878 exegit.
986 1807 1250 1863 Tandem
1276 1808 1616 1864 triremibus
1644 1807 1951 1880 apparatis
1973 1813 2030 1862 et
2053 1807 2158 1863 col-

2278 1801 2473 1868 καλοῖς,
2530 1799 2628 1856 δὺο
2674 1801 2939 1864 ἐνιαυτοὺς
2978 1803 3021 1838 ‘7
3070 1803 3179 1874 (61)
3238 1802 3380 1865 ἐντὸς
3432 1803 3596 1863 αὐτῆς
3645 1799 3892 1860 διήνυσε.

514 1893 701 1959 lectis,
729 1895 811 1950 uti
840 1900 1090 1967 poterat,
1122 1896 1332 1968 copiis,
1387 1897 1446 1952 in
1479 1897 1775 1952 orientem
1793 1896 2169 1967 progreditur

517 1987 574 2040 et
595 1984 757 2055 apud
785 1987 1183 2058 Lampsacum
1206 1990 1446 2059 portum
1469 1987 1643 2059 capit;
1668 1989 1895 2043 Joanne
1915 1986 2168 2058 impera-

516 2076 642 2128 tore
683 2073 901 2130 abello
945 2091 1082 2130 cum
1129 2074 1360 2132 Caesare.
1399 2075 1646 2144 Gabala,
1695 2091 1875 2148 quem
1925 2079 2172 2147 propter

516 2165 745 2218 motam
776 2163 1129 2221 seditionem
1158 2164 1580 2230 debellaverat,
1612 2169 1780 2236 gesto
1802 2165 2171 2221 continenter

513 2267 790 2322 regresso
802 2297 814 2308 .

529 2448 541 2452 “
585 2450 1034 2518 28.1mperator
1084 2447 1146 2503 in
1188 2447 1402 2504 Stadiae
1446 2448 1719 2520 partibus
1769 2448 2168 2504 tabernaculis

513 2535 743 2609 positis,
777 2536 1183 2591 Andronicum
1216 2536 1616 2607 Palaeologum
1647 2552 1939 2607 magnum
1965 2537 2168 2593 dome-

513 2624 749 2689 sticum,
783 2623 858 2679 de
899 2640 1021 2696 quo
1054 2641 1237 2697 supra
1267 2626 1552 2694 diximus,
1586 2626 1773 2698 copiis
1801 2643 1870 2682 ac
1906 2625 2165 2682 ducibus

512 2713 746 2769 traditis
780 2713 839 2769 in
865 2713 1126 2770 insulam
1155 2714 1433 2771 Rhodum
1465 2732 1603 2771 cum
1636 2715 1996 2772 triremibus.
2029 2733 2166 2790 qum

514 2801 659 2857 satis
701 2806 918 2870 essent,
947 2808 1002 2860 et
1035 2803 1166 2859 aliis
1206 2803 1459 2860 navibus
1490 2805 1753 2876 dimittit,
1803 2811 1866 2861 ut
1910 2805 2168 2861 validius

513 2889 791 2946 rebellem
820 2891 1128 2948 invaderet
1158 2897 1215 2948 et
1242 2893 1463 2949 militiae
1485 2910 1641 2966 quos
1668 2898 1918 2950 noverat
1939 2894 2168 2950 artibus

512 2980 897 3051 opprimeret.
929 2983 1064 3037 Haec
1095 2997 1233 3038 cum
1271 2983 1353 3039 ita
1398 2983 1658 3055 perfecta
1687 2987 1902 3050 essent,
1953 2997 2167 3055 resque

512 3073 721 3124 contra
748 3072 1039 3126 Caesarem
1067 3086 1177 3144 pro
1205 3073 1495 3128 sententia
1520 3072 1895 3145 imperatoris
1924 3071 2168 3128 Joannis

2277 1896 2448 1962 Μογις
2469 1899 2594 1962 γοῦν
2623 1897 2854 1967 τριήρεις
2882 1892 3234 1965 οἰκονομήσας
3262 1897 3352 1945 καὶ
3383 1896 3699 1964 στράτευμα
3734 1912 3894 1944 συνει-

2280 1982 2511 2054 θροίσας,
2557 1983 2676 2033 ὅσον
2721 1983 2834 2052 εἶχε
2877 1985 3002 2054 πρὸς
3044 1977 3268 2054 δύναμιν
3305 1981 3375 2049 ⁸⁸,
3412 1983 3553 2033 κατὰ
3595 1982 3668 2016 ⁸⁸⁸
3703 1989 3802 2041 τῆς
3838 1982 3894 2032 ἕω

2277 2068 2538 2142 ἐχώρησε,
2566 2075 2656 2122 καὶ
2682 2073 2873 2145 περίτό
2894 2079 2990 2132 τῆς
3010 2069 3302 2141 Λαυψὰκου
3324 2068 3634 2143 ἐλλιμενίξει
3654 2076 3888 2143 νεώριον,

2275 2167 2557 2234 προσεχῶς
2581 2167 2654 2229 τῷ
2680 2165 2796 2212 τότε
2823 2167 2917 2212 τοῦ
2946 2157 3206 2232 βασιλέως
3250 2160 3488 2214 Ἰωάννου
3524 2158 3596 2211 ἁκ
3627 2169 3737 2221 τῆς
3763 2162 3893 2210 κατὰ

2273 2256 2364 2300 τοῦ
2396 2253 2664 2323 Καίσαρος
2713 2247 2920 2300 Γαϐαλᾶ
2971 2253 3159 2322 ’μαχης
3203 2247 3660 2324 ὑποστρέψαντος,
3718 2251 3777 2301 ὃν
3805 2245 3890 2300 διὰ

2273 2341 2614 2410 νεωτερισμὸν
2649 2336 2952 2409 ἐμαχέσατο
2964 2380 2976 2392 .

2347 2442 2450 2501 κη’.
2483 2445 2543 2496 Ὀ
2565 2430 2655 2516 μίὲν
2687 2440 2774 2495 οὖν
2796 2442 3047 2516 βασιλεὺς
3068 2446 3266 2516 περὶτὰ
3281 2451 3373 2504 τῆς
3395 2441 3629 2506 Σταϐίας
3649 2448 3778 2516 κέρη
3807 2445 3888 2502 τὰς

2277 2538 2560 2593 σκηνώσεις
2601 2536 2906 2605 ποιούμενος
2953 2541 3025 2604 τῷ
3064 2532 3400 2605 Παλαιολόγῳ
3457 2531 3812 2609 Ἀνδρονίκῳ,
3841 2533 3888 2584 ὃν

2274 2620 2436 2693 μίγαν
2494 2619 2804 2695 δομέστικον
2846 2618 2978 2694 εἶχε,
3025 2622 3146 2696 ωερί
3185 2622 3246 2674 οὗ
3294 2627 3385 2674 καὶ
3423 2622 3618 2698 μικρόν
3666 2625 3883 2696 πρόσθεν

2275 2710 2496 2784 εἰρήκειν
2529 2713 2596 2780 δ’,
2636 2713 2698 2763 τὰ
2752 2714 3120 2784 στρατεύματα
3169 2716 3258 2764 καὶ
3308 2716 3423 2773 ὀὺς
3477 2713 3884 2785 στρατὴγουςεθ

2273 2797 2562 2875 παραδοὺς,
2591 2805 2680 2852 καὶ
2717 2799 2800 2852 ἐπὶ
2837 2804 2932 2860 τὴν
2955 2809 3114 2862 νῆσον
3156 2796 3335 2854 Ῥόδον
3366 2805 3638 2877 τριήρεσιν
3690 2805 3882 2862 ἱκαναῖς

2273 2894 2363 2941 καὶ
2399 2888 2607 2952 λοιπαῖς
2628 2889 2995 2952 ἐξαποστείλας
3015 2891 3058 2925 ⁵¹
3089 2895 3294 2950 ναυσίν,
3325 2891 3372 2943 εἶ
3389 2909 3496 2951 πως
3524 2889 3878 2966 βριαρὼτερον

2277 2976 2532 3035 ἐπιτεθείη
2577 2986 2650 3048 τῷ
2706 2975 2978 3050 ἀποστάτῃ
3011 2983 3100 3031 καὶ
3147 2977 3521 3049 καταϐλάψειιν
3543 2981 3621 3014 δι’
3655 2981 3732 3040 οἷς
3779 2975 3878 3030 οἶδε

2274 3065 2444 3137 λόγοις
2496 3074 2591 3128 τῆς
2619 3071 2956 3141 στρατηγίας,
3016 3063 3195 3126 ἐπειδὴ
3253 3076 3420 3120 ταῦτα
3461 3068 3600 3120 οὕτω
3651 3068 3872 3142 συμϐαίη

513 3158 919 3230 successisset,
961 3175 1073 3215 nec
1117 3176 1238 3216 non
1292 3161 1546 3217 relatum
1585 3161 1668 3217 illi
1711 3161 1921 3217 fuisset
1964 3176 2158 3231 regem

2277 3161 2364 3208 καὶ
2420 3159 2555 3208 κατὰ
2614 3160 2809 3208 σκοπὸν
2865 3157 3070 3230 ’Ῑωὰννῃ
3130 3164 3203 3228 τῷ
3255 3155 3466 3230 βασιλεῖ
3515 3160 3580 3209 τα
3623 3161 3748 3231 περί
3797 3161 3876 3208 τὸν

517 3245 632 3319 50
664 3248 826 3319 Cpoli
852 3248 1054 3318 egredi
1080 3265 1151 3305 eo
1177 3249 1380 3306 animo
1403 3255 1466 3306 ut
1487 3250 1886 3322 Lampsacum
1911 3249 2169 3323 appelle-

509 3340 599 3389 ret
628 3335 829 3408 ibique
861 3337 1154 3393 aduersus
1180 3337 1487 3395 Romanos
1514 3339 1877 3409 conﬂigeret,
1911 3355 2049 3394 cum
2075 3339 2167 3394 his

510 3435 665 3493 quos
695 3440 898 3479 secum
921 3425 1186 3482 habebat
1216 3427 1542 3499 imperator
1571 3427 2167 3500 admodumlpaucos

512 3510 849 3581 (potissima
879 3527 1144 3586 namque
1172 3515 1463 3570 exercitus
1490 3530 1632 3586 pars
1663 3515 1873 3587 prcelio
1905 3531 1974 3571 ac
2013 3520 2165 3571 tem-

510 3603 742 3673 pestate
752 3601 1006 3658 hiberna
1023 3601 1242 3660 afﬂicta
1259 3604 1511 3659 domum
1523 3607 1939 3675 remeaverat),
1954 3607 2164 3677 Lamp-

512 3704 720 3746 sacum
759 3692 904 3764 petit
932 3697 986 3749 et
1017 3692 1181 3766 apud
1218 3694 1522 3765 Sigrenem
1553 3698 1748 3750 castra
1775 3698 2052 3752 metatur.

581 3994 669 4049 29.
702 3995 858 4050 Tunc
889 3995 1170 4068 temporis
1205 3999 1262 4052 et
1287 3995 1416 4069 ipse
1446 4013 1483 4054 a
1519 3997 1870 4069 parentibus
1899 3996 2161 4053 sedecim

510 4096 704 4137 annos
729 4087 906 4140 natus
936 4088 991 4140 et
1015 4100 1087 4140 ex
1108 4085 1396 4156 encyclia,
1418 4101 1602 4158 quam
1623 4087 1837 4157 vulgus
1860 4101 2162 4156 gramma-

509 4170 690 4226 ticam
722 4177 894 4228 vocat
915 4173 1246 4229 litteratura
1286 4174 1607 4232 instructus
1633 4175 1712 4230 ad
1737 4177 2161 4246 imperatorem

511 4258 730 4313 mittor.
763 4262 931 4316 Pater
960 4263 1142 4318 etiam
1173 4279 1203 4317 e
1232 4262 1576 4318 Latinorum
1607 4263 1887 4320 manibus
1931 4280 1994 4320 se
2026 4279 2159 4319 sur-

508 4347 701 4418 ripere
753 4348 1108 4421 decreverat,
1166 4350 1299 4408 licet
1356 4351 1434 4407 ab
1497 4352 1614 4408 illis
1667 4357 1724 4408 et
1790 4353 2158 4425 sumptuosis

509 4433 798 4504 impensis
819 4441 875 4493 et
891 4437 1100 4494 ofﬁciis
1115 4444 1172 4494 et
1191 4438 1516 4510 beneﬁciis,
1534 4441 1758 4513 quibus
1777 4458 1916 4498 eum
1931 4443 2159 4515 prolixe

2278 3249 2521 3318 Καίσαρα
2571 3249 2790 3316 γένοιτο,
2823 3243 3050 3306 ἀκούσας
3093 3239 3270 3297 δὲκαὶ
3315 3247 3379 3304 ὡς
3411 3246 3436 3296 6
3475 3245 3576 3319 ῥηξ
3609 3245 3751 3308 ἐξῄει
3794 3253 3875 3303 τῆς

2276 3339 2668 3388 Κωνσταντίνου
2685 3340 2775 3387 καὶ
2802 3333 2997 3410 βουλὴν
3015 3337 3133 3406 ἔχοι
3157 3334 3493 3408 προσοκεῖλαι
3509 3331 3573 3392 τῆ
3599 3334 3876 3408 Λαμψάκῳ

2273 3421 2424 3476 κάκεῖ
2448 3422 2660 3486 ἐξελθεῖν
2708 3428 2795 3475 καὶ
2819 3422 3088 3496 Ῥωμαίοίς
3136 3423 3434 3496 πολεμῆσαι
3464 3424 3581 3496 μεθ’
3611 3423 3684 3475 ὧν
3728 3428 3874 3494 ἔτυχε

2275 3509 2479 3585 διάγειν
2511 3514 2535 3565 6
2568 3511 2812 3586 βασιλεὺς
2840 3512 2928 3586 [Ρ.
2960 3511 3054 3585 25]
3085 3512 3275 3583 (ὀλίγοι
3313 3510 3373 3566 δὲ
3403 3513 3540 3572 ἦσαν
3569 3509 3740 3579 οὗτοι,
3773 3513 3870 3566 ἐπεὶ

2272 3605 2330 3654 τὸ
2352 3601 2481 3654 πολὺ
2502 3610 2596 3664 τῆς
2629 3599 2878 3677 στρατῖἄς
2900 3609 2962 3674 τῇ
2987 3603 3139 3674 μάχῃ
3164 3607 3254 3655 καὶ
3282 3599 3344 3675 τῇ
3369 3602 3478 3675 ὥρᾳ
3507 3610 3601 3655 τοῦ
3617 3611 3871 3676 χειμῶνος

2271 3691 2727 3767 τεταλαιπωρηκὸς
2768 3691 2851 3744 ἐπὶ
2886 3693 2954 3743 τὰ
2997 3691 3130 3742 οἴκοι
3162 3691 3362 3766 ἐφέρετο
3395 3692 3491 3762 5’),
3538 3699 3711 3765 χωρεῖ
3751 3699 3870 3765 προς

2271 3785 2365 3838 τὴν
2428 3779 2744 3853 Λάμψακον,
2789 3785 2880 3833 καὶ
2933 3787 3041 3843 τοῖς
3099 3788 3190 3841 τῆς
3247 3787 3503 3854 Σιγρηνῆς
3561 3785 3748 3854 μέρεσι
3786 3782 3865 3839 τὰς

2274 3872 2466 3930 σκηνὰς
2490 3875 2742 3942 πήγνυσι.

2340 3997 2449 4052 κθ¹.
2488 4000 2611 4049 Τότε
2640 3999 2729 4048 καὶ
2756 3994 2909 4056 αὐτὸς
2946 3998 3076 4070 πρὸς
3107 4003 3206 4048 τῶν
3247 3999 3433 4067 γονέων
3483 3995 3538 4048 ἐκ
3592 4005 3693 4059 τῆς
3742 4002 3856 4049 Κων-

2271 4089 2542 4138 σταντίνου
2594 4083 2889 4141 ἀπεστάλην
2946 4093 3017 4156 τῷ
3078 4083 3288 4157 βασιλεί
3352 4081 3754 4146 εκκαιδεκαέτης
3803 4086 3860 4134 ὧν

2267 4179 2358 4228 καί
2415 4183 2502 4226 νῦν
2566 4183 2662 4236 τῆς
2715 4174 2991 4246 ἐγκυκλίου
3041 4174 3156 4248 (62)
3209 4173 3603 4246 ἀπηλλαγμένος
3647 4171 3858 4228 παιδώ-

2271 4283 2415 4336 σεως,
2480 4265 2541 4323 ἣν
2602 4268 2976 4336 γραμματικὴν
3051 4265 3500 4336 κατονομαζουσιν
3568 4265 3619 4316 οἰ
3673 4264 3854 4317 πολλοὶ.

2270 4353 2539 4408 Ἐϐούλετο
2589 4350 2648 4406 δὲ
2689 4373 2781 4426 μοι
2810 4358 2898 4405 καί
2935 4354 2960 4406 6
2998 4358 3172 4427 πατὴρ
3214 4353 3381 4428 λάθρα
3417 4362 3514 4414 τῆς
3562 4363 3663 4406 τῶν
3709 4361 3855 4408 Λατι-

2267 4464 2363 4494 νων
2423 4442 2780 4502 ἀπολισθῆσαι
2822 4447 3040 4517 χειρός·
3100 4440 3334 4518 ἰσχυρῶς
3380 4445 3481 4516 γὰρ
3531 4444 3659 4518 παρ’
3710 4443 3856 4495 αὐτῶν

582 4614 630 4648 ⁸⁵
661 4632 776 4695 iam
819 4611 906 4695 ουν
935 4619 1030 4673 τήν
1071 4618 1608 4695 Κωνστανῖινούπολιν
1639 4621 1664 4672 6
1693 4618 1795 4694 ῥὴξ
1814 4626 1903 4674 καὶ
1932 4627 2002 4695 μὴ
2045 4624 2183 4693 ἔχων
2206 4621 2329 4674 λαὸν
2364 4619 2658 4694 ἀξιόμαχον
2680 4620 2774 4673 οὐκ
2805 4620 3035 4695 εὐχερῶς
3074 4619 3214 4692 εἶχεν
3256 4620 3460 4688 ἐξιέναι,
3505 4621 3745 4693 ἐπιγνοὺς
3782 4624 3856 4671 τὸν

509 4684 579 4760 D:
658 4687 704 4720 te
730 4705 784 4739 τε
805 4691 879 4760 ἐι
907 4693 995 4760 καὶ
1021 4719 1088 4760 g—
1117 4685 1534 4760 εὐμεθοδωτατον
1573 4684 1702 4760 om:
1731 4693 1793 4747 D.

511 4756 665 4834 αὐτὸν
699 4766 768 4828 τῷ
789 4757 1003 4832 βασιλεῖ
1031 4756 1409 4834 ἀντιφέρεσθαι.
1444 4765 1553 4815 Λύο
1584 4759 1670 4815 οὖν
1702 4762 1964 4825 ἐνιαυτοὺς
1992 4768 2054 4819 D.

509 4919 623 4956 κατ.
653 4900 733 4958 ⁷1).

1891 4691 1940 4727 ⁸⁷⁷
1970 4691 2029 4745 δὲ
2058 4691 2154 4754 τῆς
2183 4691 2535 4764 ἐγχειρήσεως,
2560 4691 2743 4764 ἑαυτὸν
2782 4691 2872 4744 καὶ
2891 4691 3071 4753 κακῶς
3101 4691 3292 4764 ἔφασκε
3319 4698 3448 4745 νοεῖν
3477 4691 3610 4753 τοὺς
3632 4693 3857 4764 λέγοντας

2134 4767 2180 4838 Ψ
2214 4760 2559 4838 συναθροίσας
2598 4795 2665 4803 —
2697 4760 2921 4835 δύναμιν
2947 4780 3086 4838 om.
3120 4760 3187 4819 ῧ.

508 4859 577 4869 —
608 4829 978 4910 :Epjxstvgm;
1013 4834 1076 4888 D.
1131 4829 1468 4910 ,Ψκαὶ-τούς
1499 4839 1823 4910 στρατηγοὺς
1851 4851 1978 4891 om.
2015 4838 2080 4890 D.
2149 4909 2154 4910 γ

2277 4829 2484 4910 ριήρεσι
2509 4839 2598 4910 καὶ
2639 4839 2811 4910 ναυσί
2833 4829 3040 4897 στείλας
3077 4837 3140 4891 ι).

835 4903 884 4938 ⁵³
915 4900 992 4964 οἷς
1017 4934 1070 4945 -
1120 4903 1346 4980 ἐφέρετο]
1374 4910 1461 4959 καὶ
1502 4900 1611 4960 ἐπεὶ
1639 4900 1807 4959 ταῦτα
1827 4912 1970 4974 κατὼ
2001 4909 2195 4960 σκοπὸν
2227 4900 2414 4966 συνέϐη
2437 4915 2508 4977 τῷ
2536 4905 2750 4980 βασιλεῖ
2781 4908 2843 4962 D.

3283 4765 3353 4836 ‘3:
3387 4768 3478 4823 τὴν
3521 4767 3586 4836 Df
3668 4766 3717 4800 "
3748 4767 3852 4836 περὶ

3219 4835 3288 4871 ⁸¹⁰
3315 4833 3406 4908 βρ.
3438 4838 3526 4888 τὸν
3564 4833 3853 4892 ἁποστάτὴν

1494 5031 1806 5094 Theodori
1835 5035 2062 5095 Dousae
2094 5038 2154 5094 et
2183 5033 2410 5094 Leonis
2437 5033 2648 5093 Allatii
2681 5038 2869 5094 notae.

507 5177 605 5253 rii,
621 5177 826 5253 donec
849 5180 913 5253 iri
935 5181 1159 5253 majori
1175 5183 1530 5253 constitutus
1557 5188 1728 5239 aetate
1747 5184 2059 5253 perveniat
2080 5183 2162 5239 ad
2200 5181 2244 5236 D
2283 5182 2563 5252 Regestis.
2606 5183 2748 5253 ALL.

511 5249 860 5319 legitimam.
882 5249 1053 5308 Mare
1081 5252 1246 5321 apud
1282 5255 1552 5310 Venetias
1582 5249 1815 5310 intrahs
1842 5255 2008 5311 vadit
2033 5256 2156 5311 cot-

511 5322 634 5392 lato
652 5325 922 5392 exercitu
948 5323 1190 5392 Cpolim.
1209 5329 1352 5380 .ALL.

579 5390 695 5515 €61)
725 5395 822 5444 Δύο
857 5390 1136 5455 ἐνιαυτούς.
1180 5397 1302 5451 [loc
1345 5395 1605 5451 duorum
1645 5411 1942 5451 annorum
1974 5396 2155 5452 inter-

579 5459 667 5515 L10
694 5463 986 5515 Joannem
1040 5480 1242 5515 recem
1302 5466 1357 5515 in
1406 5466 1605 5515 Galliis
1637 5467 1957 5515 exercitum
1991 5483 2152 5515 anm-

509 5459 986 5519 vallo'Joannem
1040 5480 1243 5535 regem
1299 5466 1360 5522 in
1406 5466 1605 5524 Galliis
1637 5467 1960 5522 exercitum
1991 5483 2152 5523 com-

506 5545 753 5658 Barasse
783 5539 840 5590 et
866 5535 924 5592 in
974 5536 1200 5591 Italiam
1243 5553 1306 5593 se
1333 5538 1411 5593 ad
1450 5538 1792 5610 pontiﬁcem
1836 5539 2155 5595 contulisse

557 5607 703 5658 cate.
733 5603 977 5658 tandem
1009 5607 1253 5658 Venetiis
1275 5609 1480 5658 conias
1511 5610 1868 5658 imposuisse
1898 5610 2154 5658 navibus

557 5603 1253 5684 eate,_tandem__Venetiis
1275 5603 1480 5684 copias
1506 5610 1868 5684 imposuisse
1895 5610 2154 5684 navibus

508 5677 566 5731 et
594 5674 821 5747 Cpolim
851 5675 1231 5750 applicuisse,
1264 5674 1466 5737 scribit
1493 5674 1825 5752 Gregorius.
1860 5683 2062 5740 Nonus
2091 5681 2155 5740 in

2333 5254 2448 5327 (62)
2481 5261 2586 5316 Τῆς
2615 5252 2915 5324 ἐγκυκλίου,
2952 5258 3120 5310 Anna
3160 5254 3485 5327 Gomnena,
3527 5253 3730 5327 libav.
3760 5255 3853 5311 Hi-

2263 5323 2408 5400 star.
2453 5332 2572 5388 Τοῖς
2621 5323 3022 5400 προϊσταλιέένοις
3068 5331 3162 5400 τήν
3194 5324 3463 5400 ἐγκύκλὶον
3518 5323 3852 5381 παιδεύεσθαι

2263 5393 2526 5468 παιδείαν,
2561 5401 2616 5453 et
2657 5392 2824 5449 ταῦτα
2849 5392 2912 5450 ’δὲ
2941 5397 3072 5468 λέγω
3102 5392 3372 5468 ἀχθομένη
3419 5392 3513 5449 διὰ
3549 5402 3645 5455 τὴν
3683 5417 3850 5452 παντε-

2262 5467 2323 5528 λῆ
2366 5477 2470 5542 τῇς⁸
2506 5467 2780 5542 ἐγκυκλίου
2829 5464 3177 5542 παιδ-εὖσεωξ
3208 5464 3484 5542 ἀέιὲλειανα
3516 5470 3852 5542 Encycliam

2263 5539 2655 5620 eruditionem
2683 5540 3144 5620 improprie‘bic
3165 5539 3630 5620 Grammaticam
3644 5539 3851 5620 intelli-

2263 5611 2347 5685 git
2371 5615 2573 5666 noster
2622 5609 2981 5685 Acropolita,
3016 5609 3151 5666 licet
3196 5610 3296 5667 alii
3333 5611 3503 5668 aliter
3532 5617 3847 5685 exponant.

2264 5682 2348 5739 Cf.
2377 5685 2605 5740 Tzetzes
2631 5681 2877 5741 Chiliad.
2904 5686 2958 5755 2,
2992 5698 3051 5741 v.
3072 5685 3193 5740 522.
3225 5686 3360 5740 ALL.
