3988 6322
143 387 304 446 1053

1727 386 2072 446 ΑΝΝΑιΕε·

3384 400 3523 456 I054-

138 513 466 589 ἐκεκράτητο
527 517 644 573 ταῖς
703 517 804 562 τῶν
875 508 1217 584 ἀναλωμάτων
1288 507 1584 583 δαψιλείαις
1662 516 1737 565 καῖ

1865 513 2197 570 admodum
2223 515 2764 587 prosequebantur,
2797 517 3177 590 detineretur,
3228 536 3340 577 nec
3391 521 3518 580 leve

139 611 264 665 ταῖς
294 609 435 675 σφῶν
469 597 768 666 δεξιώσεσι,
811 604 901 652 καί
945 603 1002 654 τὸ
1058 601 1250 660 πολλὴν
1299 603 1438 674 ἔχειν
1492 607 1608 678 περί
1665 603 1754 655 αύ-

141 696 238 744 τὸν
299 693 588 764 ὑπηρεσίαν
647 694 802 742 τέκνα
850 709 906 742 τε
958 691 1272 762 θεράποντάς
1320 711 1376 744 τε
1437 696 1529 744 καὶ
1599 695 1752 768 θερα-

140 779 402 843 παινίδας
425 781 518 834 οὐκ
549 779 721 853 ὀλίγον
779 778 938 833 ἐποίει
980 782 1147 852 τούτῳ
1198 784 1257 833 τὸ
1310 779 1569 854 ἆμποδών.
1617 781 1755 836 Ἀλλ’

139 873 210 930 ἦν
247 871 390 941 αύτῷ
419 872 556 923 κατὰ
581 877 699 922 νοῦν
725 877 796 940 τῷ
825 875 961 936 τότε,
994 872 1162 931 καθὼς
1219 869 1280 922 ἂν
1326 873 1429 945 ἄρα
1487 868 1753 945 δυνάμεως

146 966 349 1035 σχοίη,
377 961 419 1013 εἰ
456 956 658 1025 δεήσει,
703 956 1186 1035 παρακινδυνεῦσαί
1235 963 1368 1033 πρὸς
1417 965 1511 1021 τὴν
1569 961 1755 1026 ἐξελευ-

145 1070 236 1103 σιν
266 1055 358 1103 καὶ
385 1047 692 1107 ἀποπλῆσαι
715 1052 772 1101 τὸ
819 1045 1266 1122 σπουδαζόμενον.
1330 1051 1423 1102 Διά
1469 1070 1551 1103 τοι
1601 1059 1753 1104 τοῦτο

135 1138 286 1213 κάμε
329 1141 454 1212 πρὸς
514 1141 601 1191 τὸν
681 1145 970 1211 κρατοῦντα
1047 1143 1403 1213 προπέπομφε.
1489 1139 1753 1194 Κεκώλυκε

141 1225 210 1282 δὲ
241 1235 424 1281 τοῦτον
475 1230 627 1288 νόσος
678 1225 886 1300 βαρεῖά⁹
937 1229 1164 1300 ἡμιθνὴς
1228 1230 1328 1302 γὰρ
1399 1224 1598 1300 σχεδόν
1662 1234 1752 1282 καὶ

137 1319 405 1394 ἠμίξηρος
467 1321 705 1389 γεγονὼς,
775 1322 892 1392 περὶ
959 1313 1056 1369 δύο
1121 1337 1220 1370 που
1285 1320 1372 1376 ἔτη
1447 1327 1507 1392 τῇ
1603 1317 1746 1392 κλίνη

131 1406 788 1483 προσπεπατταλευμένος,
843 1405 1056 1459 ἀπέλιπε
1096 1414 1188 1459 τοῦ
1249 1405 1394 1480 βίου,
1454 1407 1611 1468 αὐτὸς
1691 1405 1751 1461 δὲ

131 1495 512 1570 ἑναπελείφθην
554 1503 665 1559 τοῖς
711 1494 1018 1569 ἀνακτόροις
1081 1498 1401 1569 προμηθείας
1468 1495 1750 1569 βασιλικῆς

134 1585 468 1651 ἀξιούμενος.

217 1607 298 1639 ιου
342 1607 468 1648 ενος.

217 1675 279 1730 λ’.
300 1607 396 1738 fitac;
445 1681 571 1747 γοῦν
629 1676 836 1747 ἔφημεν,
894 1672 1198 1726 καταλαϐὼν
1245 1675 1271 1726 ό
1323 1673 1426 1749 ρὴξ
1485 1674 1745 1744 Ἰωάννης,

131 1767 172 1818 ὁ
236 1771 325 1819 καὶ
402 1763 650 1839 βασιλεὺς
719 1765 1308 1826 Κωνσταντινουπόλεως
1379 1765 1746 1839 φημιζόμενος,
1822 1749 1825 1751 ’

127 1860 242 1915 τήν
290 1853 585 1927 Λάμψακον
638 1857 756 1927 περὶ
817 1857 903 1906 τόν
979 1853 1116 1905 οὕτω
1196 1873 1301 1915 πως
1373 1853 1746 1927 ὀνομαζόμενον
1779 1871 1817 1925 Β

126 1948 300 1998 τόπον
343 1943 522 1997 Ὁλκόν
578 1945 672 2005 τὰς
723 1950 846 2003 νῆας
893 1945 1080 1996 τούτου
1133 1944 1484 2017 καθώρμισεν.
1545 1943 1604 1996 Ὁ
1687 1941 1745 1997 δὲ

131 2033 398 2107 βασιλεὺς
439 2033 682 2094 Ἰωάννης
730 2031 838 2085 ἐπεὶ
884 2037 956 2106 μὴ
1010 2030 1122 2104 εἶχε
1174 2033 1286 2105 μεθ’
1346 2033 1531 2087 ἑαυτοῦ
1582 2053 1743 2109 στρα-

123 2127 227 2176 τόν
260 2122 550 2195 ἀξιόμαχον
579 2121 814 2174 κωλῦσαι
841 2125 1010 2192 τούτῷ
1039 2127 1132 2180 τὴν
1163 2119 1338 2185 ἔξοδον
1367 2119 1441 2175 δι’
1481 2121 1542 2186 ἃς
1599 2123 1743 2197 εἰρή-

124 2232 248 2265 κειν
279 2212 451 2274 αἰτίας
479 2212 550 2278 ⁸³,
591 2207 836 2283 μεθόδοις
889 2218 1270 2285 στρατηγικαῖς
1319 2213 1429 2284 μεθ’
1479 2211 1547 2264 ὧν
1605 2213 1743 2284 εἶχεν

127 2302 330 2374 ὀλίγων
371 2304 463 2364 τὰς
517 2309 616 2354 τῶν
665 2301 920 2373 πολεμίων
969 2305 1197 2361 κινήσεις
1258 2299 1495 2358 ἐκώλυεν.
1557 2301 1743 2365 Ἐξῆλ-

131 2393 233 2444 Θον
259 2399 381 2462 γοῦν
412 2393 461 2444 οἱ
483 2397 700 2444 Λατῖνοι
744 2394 834 2442 καὶ
878 2391 904 2442 ό
955 2393 1149 2443 τούτων
1197 2390 1298 2465 ῥὴξ
1337 2390 1594 2457 Ἰωάννης,
1653 2397 1743 2445 καὶ

130 2477 399 2533 ἐϐάδισαν
429 2483 518 2553 μεν
546 2483 740 2540 τόπους
782 2482 927 2542 τινὰς
967 2479 1390 2554 παραιγιαλίους.
1451 2477 1592 2533 osa“;
1641 2483 1740 2556 γὰρ

129 2567 404 2629 ἠδύναντο
469 2573 786 2644 μακρότερον
848 2575 948 2620 τῶν
1007 2577 1144 2628 νηῶν
1197 2568 1364 2621 αὐτῶν
1424 2569 1738 2630 ἀποστῆναιο

131 2663 162 2712 ὀ
212 2661 314 2731 γὰρ
363 2660 792 2732 ἁντιστρατηγῶν
845 2658 1023 2720 αὐτοῖς
1085 2656 1334 2731 βασιλεὺς
1407 2657 1741 2717 ἐπηκολούθει

127 2755 234 2802 καὶ
287 2750 498 2823 ύπῆρχε
569 2745 736 2811 δεινός
809 2751 938 2820 μετά
1000 2753 1188 2822 μικρᾶς
1257 2767 1390 2800 πανυ
1476 2745 1741 2822 δυνάμεως

126 2840 492 2911 ἀναχαιτίσαι
517 2841 632 2898 τούς
667 2835 926 2900 ἐναντίους
983 2837 1054 2896 ⁵³.
1101 2836 1160 2889 Ὀ
1207 2839 1296 2909 μὲν
1345 2834 1432 2890 οὖν
1491 2837 1738 2911 βασιλεὺς

124 2933 260 3002 περὶ
291 2930 378 2989 τὰς
406 2934 506 2979 τῶν
539 2925 738 3000 βουνῶν
783 2926 1038 3000 ὑπωρείας
1083 2925 1302 2980 ἐποιεῖτο
1359 2929 1451 2990 τὰς
1502 2933 1735 3001 πορείας,

121 3021 260 3092 περὶ
314 3013 372 3070 δὲ
416 3018 504 3077 τὰς
561 3017 738 3078 ἠῑόνας
777 3018 826 3068 οἱ
881 3015 1097 3072 Ἰταλοί.
1149 3015 1354 3087 Ὀλίγον
1401 3016 1488 3068 ούν
1546 3021 1736 3090 χρόνον

125 3103 538 3168 διαϐιϐάσαντες
570 3103 619 3156 ἐν
738 3112 831 3158 τοῦ
875 3103 1133 3178 βασιλέως
1168 3105 1520 3178 παραιγιαλίῳ
1582 3111 1737 3181 χώρᾳ

122 3195 309 3267 (οὔπω
350 3196 451 3268 γὰρ
501 3189 840 3267 παρέδραμον
894 3197 1129 3268 τέτταρες
1181 3193 1356 3265 μῆνες)
1427 3198 1517 3246 καὶ
1567 3193 1736 3266 ὀλίγον

120 3288 294 3337 τόπον
343 3286 668 3343 πατήσαντες
693 3281 819 3352 (ἀπὸ
870 3284 971 3357 γὰρ
1030 3291 1124 3345 τῆς
1186 3281 1484 3355 Λαμψάκου
1571 3286 1736 3355 μέχρι

119 3378 227 3426 καὶ
279 3379 378 3424 τῶν
431 3377 707 3447 Κεγχριῶν
764 3372 812 3407 ⁵⁸
866 3369 1155 3444 ἀφίκοντο),
1207 3374 1393 3444 μικρὸν
1459 3371 1488 3430 ἦ
1568 3368 1734 3445 μηδεν

121 3462 454 3535 λυμήναντες
489 3461 814 3534 (προύφθασε
841 3462 942 3534 γὰρ
1000 3461 1026 3512 ὁ
1066 3458 1317 3533 βασιλεὺς
1367 3463 1432 3513 τὰ
1492 3457 1732 3534 χρειώδη

121 3554 309 3604 πάντα
366 3557 474 3612 τοῖς
542 3549 886 3625 ὑψηλοτέροις
939 3554 1114 3610 τόποις
1170 3547 1567 3622 διασώσασθαι)
1650 3549 1734 3603 ἐπὶ

122 3643 190 3693 τὸ
239 3647 339 3690 τῶν
386 3645 574 3710 Πηγῶν
629 3638 910 3714 ἐχώρησαν
967 3640 1124 3705 ἄστυ,
1180 3641 1228 3691 ἔν
1281 3643 1434 3711 μόνον
1491 3641 1732 3714 φρούριον

120 3730 539 3802 χειρωσάμενοι,
591 3727 618 3780 ὃ
679 3724 982 3802 Κεραμιδᾶς
1039 3727 1370 3801 ὀνομάζεται,
1443 3732 1562 3801 περί
1630 3747 1730 3780 που

118 3821 257 3880 τοὺς
279 3815 497 3889 βουνούς
526 3813 848 3889 διακείμενον
874 3825 964 3878 τῆς
1012 3820 1268 3880 Κυζίκου.
1332 3814 1491 3888 Εἶχον
1541 3812 1601 3870 δὲ
1641 3821 1732 3870 καὶ

117 3909 220 3968 τὰς
252 3913 374 3968 ναῦς
408 3907 577 3960 αὐτῶν
632 3905 870 3979 ἑτοίμους
919 3907 986 3968 εἰς
1031 3910 1126 3966 τὴν
1188 3910 1578 3960 Κωνσταντίνου
1627 3926 1729 3959 πα-

116 3996 463 4065 λινοστῆσαι,
519 3999 620 4049 Καὶ
669 3998 872 4068 ᾤχοντο
917 3995 978 4048 ἂν
1037 3999 1297 4068 αἰσχύνης
1364 4000 1454 4049 καὶ
1537 3999 1730 4070 ζημίας

119 4085 540 4158 πεπληρωμένοι,
575 4085 720 4158 εἰμὴ
771 4092 865 4138 τοῦ
912 4094 1012 4139 τῶν
1065 4092 1256 4158 Πηγῶν
1308 4087 1500 4148 ἄστεως
1558 4105 1729 4160 περιε-

116 4180 334 4247 γένοντο
362 4183 424 4247 τῇ
456 4174 644 4248 κλοπῇ·
677 4175 804 4249 ἀνὴρ
825 4176 928 4248 γάρ
987 4195 1064 4237 τις
1121 4171 1288 4238 δεινός
1336 4174 1739 4251 ὄιναλόῥιχοῖσθαι¹

118 4284 261 4337 προς
302 4262 637 4339 ἀκρωνυχίας
688 4272 882 4343 πετρῶν
938 4264 1016 4335 [P'
1075 4264 1170 4338 26]
1223 4261 1346 4317 ὁδόν
1397 4263 1592 4341 ἐφεῦρε,
1652 4262 1726 4318 δι’

119 4350 186 4416 ἧς
220 4353 573 4426 ὡπλισμένους
594 4357 851 4413 Λατίνους
882 4354 928 4388 ⁵⁵
957 4352 1027 4414 εἰς
1057 4358 1152 4411 τὴν
1207 4352 1482 4428 ἀκρόπολιν
1539 4359 1726 4418 νυκτὸς

121 4440 450 4508 ἀνεϐίϐασεν,
484 4443 534 4494 οἳ
571 4447 657 4494 καὶ
717 4448 828 4502 τοίς
879 4440 1092 4513 φύλαξιν
1149 4444 1332 4514 αἴφνης
1385 4441 1726 4496 ἐπεισπεσόν-

118 4551 206 4593 τες
238 4532 428 4593 αύτούς
462 4550 514 4584 τε
567 4530 842 4603 ἐφόνευσαν
899 4536 989 4584 καὶ
1046 4529 1176 4584 εἶλον
1235 4535 1292 4583 τό
1345 4532 1501 4588 άστυ.
1557 4540 1723 4586 Τοῦτο

118 4625 260 4694 πρὸς
316 4620 499 4693 βραχύ
551 4624 640 4693 μὲν
696 4621 770 4682 εὶς
852 4617 1052 4673 δειλίαν
1135 4620 1417 4694 Ῥωμαίους
1504 4621 1719 4676 ἐνέϐαλε·

118 4708 327 4783 πλήρης
350 4711 451 4784 γὰρ
488 4710 550 4768 ἧν
592 4711 622 4767 ἡ
678 4709 827 4770 πόλις
882 4705 1084 4783 ἀνδρῶν
1152 4709 1318 4762 καλῶν
1379 4729 1432 4763 τε
1483 4709 1726 4784 κάγαθῶν

120 4797 227 4850 κάκ
275 4806 371 4850 τῶν
413 4802 852 4872 περιφωεστέρων
906 4796 955 4849 ἐν
1031 4805 1378 4872 στρατιώταις
1438 4801 1505 4854 ⁵⁸.
1583 4800 1728 4855 Ἀλλ’

119 4888 150 4944 ἡ
214 4894 310 4940 τοῦ
359 4886 619 4960 βασιλέως
685 4891 804 4960 περὶ
853 4889 919 4940 τὰ
982 4895 1200 4940 τοιαῦτα
1285 4888 1556 4960 οἰκονομία
1637 4895 1728 4943 καὶ

122 4978 590 5051 στρατηγικωτάτη
623 4973 855 5038 δεινότης
908 4980 1004 5035 τὴν
1059 4984 1155 5028 τῶν
1201 4976 1462 5049 Ῥωμαίων
1524 4975 1726 5045 ,δειλίαν

117 5083 235 5118 τοτε
269 5065 628 5130 ἀπετινάξατο,
665 5069 754 5118 καὶ
785 5065 857 5126 εἰς
904 5068 1088 5118 πτοίαν
1148 5065 1337 5137 μᾶλλον
1385 5069 1504 5128 τούς
1562 5072 1724 5120 Λατί-
1789 5080 1794 5084 ”

1763 4575 1810 4632 D

1864 608 2018 660 esset
2031 603 2377 660 domesticae
2391 604 2769 677 supellectilis
2781 607 3247 680 amplitudo,tilii
3257 654 3272 678 ,
3285 609 3514 680 famuli,

1862 692 2227 766 famulaeque
2243 693 2742 766 impedimentum
2769 712 2782 750 :
2806 695 2868 752 in
2892 713 2961 752 ea
2978 697 3368 756 nihilominus
3387 717 3518 773 per-

1863 781 2062 838 stabat
2089 782 2400 850 sententia,
2443 783 2493 838 si
2519 785 2766 856 quando
2798 785 3049 842 facultas
3098 792 3279 857 esset,
3333 789 3515 846 etiam

1861 871 2016 928 vires
2045 876 2417 928 exserturum
2433 877 2490 927 et
2501 872 2724 929 exitum
2749 879 3115 931 tentaturum
3141 880 3198 932 et
3225 883 3516 950 concepta

1860 965 2004 1017 vota
2019 961 2345 1028 obiturum,
2359 961 2616 1034 ideoque
2627 979 2725 1018 me
2739 963 2816 1018 ad
2837 964 3257 1036 imperatorem
3281 967 3514 1038 praemi-

1862 1055 2036 1107 serat.
2073 1051 2185 1108 Sed
2215 1050 2464 1106 morbus
2483 1053 2684 1122 gravis
2707 1058 2959 1110 conatus
2979 1055 3288 1128 intercepit
3310 1074 3323 1111 :
3346 1073 3514 1114 nam-

1861 1155 1980 1212 que
2009 1156 2164 1212 pene
2176 1141 2497 1197 semivivus
2515 1146 2572 1198 et
2601 1143 2803 1199 media
2824 1143 2916 1199 sui
2933 1149 3101 1216 parte
3123 1145 3239 1202 fere
3257 1147 3514 1203 exsicca-

1863 1231 1981 1298 tus,
2011 1245 2324 1302 annosque
2346 1229 2577 1287 circiter
2600 1231 2755 1287 duos
2776 1232 2928 1290 lecto
2949 1233 3241 1302 detentus,
3263 1236 3512 1294 tandem

1857 1318 2045 1373 vitam
2065 1318 2284 1376 amisit.
2309 1321 2438 1391 Ipse
2455 1336 2594 1376 vero
2619 1321 2680 1376 in
2703 1322 2844 1379 aula
2860 1323 3246 1396 imperatorio
3268 1329 3512 1398 sumptu

1857 1407 2212 1465 necessariis
2252 1409 2631 1482 providebar.

1925 1675 2015 1732 30.
2050 1677 2171 1731 Rex
2195 1676 2354 1732 enim
2381 1679 2663 1744 Joannes,
2693 1681 2758 1735 ut
2785 1677 3012 1736 dictum
3051 1684 3158 1749 est,
3211 1681 3317 1753 qui
3366 1681 3509 1739 item

1856 1763 2206 1836 Cpolitanus
2231 1765 2558 1838 imperator
2607 1767 3075 1836 acclamabatur,
3105 1772 3509 1842 Lampsacum

1855 1853 2148 1925 appulsus
2178 1854 2238 1909 in
2259 1853 2461 1911 locum
2487 1856 2734 1912 Holcum
2758 1857 2984 1914 dictum
3004 1873 3188 1914 naves
3219 1875 3358 1916 suas
3391 1860 3500 1932 51

1855 1942 2160 1999 subduxit.
2191 1945 2456 2000 Joannes
2484 1951 2685 2002 autem
2724 1946 3069 2019 imperator,
3120 1964 3259 2004 cum
3312 1949 3390 2006 ad
3419 1966 3510 2006 re-

1855 2032 2190 2089 sistendum
2221 2049 2292 2089 ac
2345 2034 2703 2091 descensum
2751 2037 3205 2108 impediendum
3247 2038 3328 2094 ob
3374 2042 3506 2110 jam

1851 2121 2042 2178 dictas
2091 2138 2306 2180 causas
2359 2125 2565 2196 copias
2625 2139 2749 2182 non
2805 2125 3074 2196 haberet,
3149 2127 3506 2186 militaribus

1851 2213 2082 2269 artibus
2113 2229 2253 2269 cum
2293 2214 2508 2285 exiguo
2541 2216 2729 2272 milite
2781 2216 3042 2273 hostium
3091 2223 3290 2274 motus
3318 2219 3505 2291 repri-

1852 2301 2074 2358 mebat.
2100 2303 2544 2360 Descenderunt
2567 2305 2751 2360 Latini
2772 2309 2828 2361 et
2847 2320 3056 2362 eorum
3077 2322 3180 2362 rex
3216 2309 3500 2380 Joannes,

1851 2406 2077 2464 perque
2106 2389 2240 2448 loca
2277 2391 2560 2463 quaedam
2599 2393 2899 2450 maritima
2928 2393 3038 2450 iter
3091 2395 3500 2466 intendebant,

1851 2495 1990 2535 cum
2021 2495 2058 2534 a
2094 2479 2352 2549 navigiis
2403 2480 2708 2536 discedere
2736 2482 2944 2553 procul
2991 2497 3114 2538 non
3169 2483 3498 2540 auderent:

1848 2583 1996 2624 nam
2021 2583 2125 2625 eos
2177 2568 2444 2625 adversis
2491 2569 2679 2642 copiis
2735 2570 3062 2642 imperator
3119 2571 3499 2644 sequebatur,

1848 2657 2092 2730 ingenio
2122 2663 2436 2730 promptus
2464 2663 2521 2714 et
2545 2674 2699 2726 acer,
2731 2659 2838 2731 qui
2884 2676 3025 2716 cum
3082 2676 3269 2732 parva
3323 2661 3502 2718 etiam

1847 2746 2308 2804 manuhostium
2331 2746 2594 2819 impetus
2616 2747 3019 2820 propulsaret.
3038 2751 3367 2821 imperator
3395 2765 3501 2822 per

1846 2834 2080 2891 radices
2111 2834 2429 2905 montium,
2457 2835 2583 2891 Itali
2609 2851 2716 2908 per
2758 2836 2956 2894 littora
3003 2837 3114 2894 iter
3171 2837 3499 2898 habebant.

1847 2925 2064 2980 Parum
2092 2924 2294 2997 itaque
2316 2924 2376 2979 in
2403 2940 2510 2980 ora
2525 2925 2827 2981 maritima
2851 2927 3199 2998 imperatori
3229 2927 3502 2998 subjecta

1845 3012 2202 3069 commorati
2212 3013 2433 3085 (neque
2445 3013 2595 3069 enim
2612 3018 2894 3085 quattuor
2905 3031 3134 3071 menses
3157 3018 3498 3088 exegerant)

1845 3117 1957 3158 nec
1977 3101 2164 3158 multo
2186 3101 2413 3158 calcato
2436 3101 2584 3171 solo,
2610 3118 2748 3158 cum
2769 3119 2805 3158 a
2831 3104 3164 3174 Lampsaco
3182 3103 3498 3161 Cenchrias

1845 3205 2036 3263 usque
2053 3206 2128 3246 ne
2154 3189 2403 3246 minimo
2423 3190 2669 3263 quidem
2708 3190 2934 3247 damno
2956 3191 3139 3248 illlato
3173 3193 3498 3264 processis-

1846 3283 1977 3336 sent
2009 3280 2295 3352 (namque
2334 3279 2660 3353 imperator
2711 3280 3200 3337 eminentioribus
3219 3279 3364 3336 locis
3392 3296 3497 3338 ne-

1844 3369 2107 3426 cessaria
2155 3384 2412 3442 quaeque
2467 3374 2642 3426 antea
2697 3369 2997 3426 conducta
3047 3370 3107 3425 in
3160 3370 3497 3428 custodiam

1845 3458 2212 3534 tradiderat),
2236 3458 2315 3515 ad
2336 3461 2626 3529 Pegarum
2655 3459 2949 3532 oppidum
2969 3459 3283 3532 deﬂexere,
3317 3461 3496 3517 unico

1843 3550 2079 3605 tantum
2110 3547 2375 3619 castello,
2409 3547 2504 3604 cui
2531 3549 2856 3604 Ceramidae
2883 3564 3109 3606 nomen
3173 3553 3279 3618 est,
3338 3549 3498 3606 circa

1843 3637 2031 3709 Cyzici
2052 3637 2210 3694 coles
2233 3639 2371 3704 sito,
2413 3637 2670 3695 devicto.
2728 3641 2920 3695 Naves
2961 3653 3103 3695 vero
3156 3644 3494 3712 promptas,

1841 3727 2065 3800 quibus
2091 3744 2153 3784 se
2196 3727 2426 3801 Cpolim
2490 3729 2862 3797 reducerent,
2909 3728 3237 3797 habebant,
3298 3733 3355 3786 et
3408 3744 3497 3786 re-

1841 3821 2145 3874 meassent
2175 3817 2378 3890 utique
2417 3817 2656 3890 probris
2673 3833 2745 3874 ac
2773 3817 3014 3874 damnis
3043 3817 3223 3890 pleni,
3247 3817 3309 3872 ni
3333 3817 3494 3874 furto

1839 3908 2133 3977 Pegarum
2153 3907 2447 3980 oppidum
2462 3911 2936 3980 expugnassent.
2949 3907 3046 3962 Vir
3063 3906 3224 3961 enim
3241 3904 3494 3978 quidam

1840 4009 2124 4050 saxorum
2154 4000 2457 4069 praerupta
2477 3994 2764 4052 scandere
2779 3995 2984 4051 dexter
3009 4010 3080 4050 ac
3102 3994 3288 4050 solers
3323 3993 3491 4052 viam

1836 4085 2079 4156 invenit,
2110 4101 2218 4158 per
2261 4101 2449 4158 quam
2501 4089 2682 4142 noctu
2724 4086 2836 4158 52
2884 4085 2946 4140 in
2983 4099 3184 4141 arcem
3224 4087 3488 4141 armatos

1838 4173 2013 4230 Italos
2035 4173 2383 4242 introduxit,
2405 4173 2512 4246 qui
2550 4174 2881 4247 improvisa
2918 4173 3249 4246 irruptione
3295 4177 3488 4230 custo-

1835 4263 2015 4320 dibus
2061 4262 2483 4320 contrucidatis
2550 4263 2846 4336 oppidum
2925 4267 3316 4335 occuparunt.
3367 4265 3489 4319 Hoc

1835 4352 2118 4410 Romanis
2139 4367 2263 4408 non
2291 4368 2508 4425 parum
2536 4353 2765 4408 timoris
2790 4353 3038 4409 incussit
3068 4369 3081 4407 :
3134 4352 3279 4408 urbs
3325 4352 3488 4408 enim

1837 4457 1908 4498 ea
1934 4442 2076 4497 viris
2111 4441 2315 4514 probis
2346 4457 2415 4498 ac
2440 4442 2617 4498 bonis
2650 4447 2706 4498 et
2728 4442 2880 4498 inter
2909 4441 3124 4499 milites
3154 4441 3486 4499 celebriori-

1837 4531 1952 4587 bus
2010 4530 2383 4587 abundabat.
2445 4533 2660 4586 Verum
2717 4531 3093 4604 imperatoris
3147 4532 3305 4588 circa
3359 4532 3488 4588 haec

1838 4620 2158 4692 prudentia
2183 4625 2241 4675 et
2285 4621 2610 4692 plusquam
2655 4621 2930 4677 militaris
2959 4620 3249 4677 calliditas
3276 4624 3488 4679 Roma-

1836 4725 2055 4765 norum
2132 4709 2380 4783 quidem
2433 4713 2660 4765 metum
2717 4710 2995 4780 excussit,
3076 4709 3296 4766 Latinis
3344 4726 3486 4767 vero

1837 4800 2132 4872 majorem
2153 4799 2536 4856 formidinem
2565 4800 2781 4871 injecit,
2805 4805 2862 4856 et
2889 4815 3046 4872 quos
3081 4799 3196 4872 ipsi
3229 4800 3486 4872 impetus

1836 4905 1907 4944 ex
1933 4889 2140 4961 praeda
2164 4888 2321 4945 facta
2348 4903 2658 4960 sumpsere
2688 4888 2963 4945 inhibuit.
2995 4887 3186 4956 Quare
3213 4903 3351 4944 cum
3380 4904 3485 4960 pa-

1833 4994 1970 5034 rum
2010 4983 2114 5034 aut
2141 4977 2310 5047 nihil,
2334 4981 2398 5034 ut
2424 4977 2655 5034 dictum
2679 4982 2789 5049 est,
2810 4977 3218 5050 profecissent,
3252 4976 3485 5048 Cpolim

1832 5071 2220 5125 reverterunt.

119 5171 236 5214 νους
283 5152 494 5223 ἐνέϐαλε,
531 5158 620 5206 καὶ
648 5163 742 5216 τῆς
767 5173 822 5207 τε
854 5163 1082 5227 φυσικῆς
1119 5155 1282 5229 ῥοπῆς
1312 5159 1402 5208 καὶ
1435 5164 1526 5218 τῆς
1554 5155 1793 5220 ἁλώσεως
1821 5166 1920 5211 τῶν
1947 5159 2374 5230 κατασχεθέντων
2394 5159 2728 5230 γεγενημένης
2761 5158 2938 5230 σφίσιν
2983 5155 3150 5228 ὁρμῆς
3200 5152 3478 5213 ἀνέστειλε.

123 5247 225 5294 Καὶ
267 5242 592 5318 ὑπέστρεψαν
645 5243 712 5305 εἰς
741 5247 834 5300 τὴν
869 5249 1278 5311 Κωνσταντίνου,
1311 5248 1516 5318 μικρὸν,
1539 5248 1607 5306 ὡς
1628 5248 1816 5320 ἔφημεν
1844 5246 1874 5306 ἣ
1901 5243 2052 5300 οὐδὲν
2079 5246 2412 5320 εἰργασμένοι
2441 5245 2516 5300 ⁵⁷.

191 5330 292 5389 λα’.
349 5331 407 5385 Ὀ
464 5336 554 5404 μὲν
614 5332 701 5384 όῦν
754 5329 1008 5405 βασιλεὺς
1073 5332 1332 5395 Ἰωάννης.
1383 5332 1468 5386 οἷα
1537 5333 1726 5397 ἐκεῖνος

124 5414 294 5483 δεινός
342 5419 567 5497 ὶφευρεῐν
613 5418 872 5494 μεθόδους
931 5420 979 5473 ἐν
1034 5425 1380 5497 περιστάσεσι
1448 5429 1620 5476 σῶσαί
1669 5444 1725 5478 τε

195 5643 266 5677 ⁵⁸*
296 5643 530 5696 κωλῦσαι
556 5675 628 5686 -—
653 5649 820 5707 αἰτίας
874 5660 996 5702 om.
1039 5647 1104 5701 Ι).

127 5711 362 5785 θρώπους
389 5721 521 5772 Λατ.
557 5719 622 5773 D.

1181 5646 1230 5681 ⁵³
1259 5649 1348 5698 καὶ
1376 5677 1448 5686 ——
1475 5645 1735 5711 ἐναντίους
1789 5663 1909 5704 om.
1965 5650 2030 5705 D.

699 5718 748 5752 ⁵⁸
785 5719 888 5770 κάκ
911 5748 982 5758 -
1017 5721 1365 5793 στρατιώταις
1392 5732 1514 5776 om.
1547 5721 1615 5778 D.
1647 5721 1691 5756 ⁵⁷
1725 5724 1815 5772 καὶ
1842 5724 1912 5781 είς
1935 5751 2006 5761 -
2030 5722 2358 5792 εἰργασμένοι
2389 5733 2513 5776 om.
2547 5721 2612 5776 Ι).

1904 5341 1990 5393 31.
2025 5339 2355 5408 Imperator
2379 5337 2637 5391 Joannes
2672 5332 3160 5405 impendentibus
3204 5333 3481 5406 periculis

1831 5430 1888 5481 et
1915 5425 2099 5482 rebus
2130 5425 2192 5482 in
2222 5429 2554 5481 extremum
2576 5423 2849 5480 adductis
2879 5421 3200 5480 discrimen
3245 5439 3482 5482 succur-

2135 5648 2183 5682 ⁵⁸
2214 5647 2376 5718 ἄχρις
2419 5650 2509 5698 καὶ
2551 5653 2650 5698 τῶν
2702 5649 2978 5720 Κεγχρέων
3006 5647 3072 5704 D.
3152 5647 3200 5684 ⁵⁵
3232 5646 3360 5703 ὠπλ.
3395 5647 3479 5702 ἀν-
