3988 6322
516 356 652 416 1055

1793 347 2076 404 GEORGlI
2107 344 2585 405 ΛΟΒΟΡΟΓῙΤΔΞ.

3768 348 3894 406 1055

510 497 642 540 rere
671 480 986 555 perspicax
1007 482 1064 536 et
1087 480 1317 547 acutus,
1348 479 1414 533 ut
1452 490 1594 532 suos
1630 474 1779 535 tueri
1827 489 1897 530 ac
1927 487 2164 530 servare

2276 474 2335 524 τό
2399 470 2606 539 οἰκεῖον,
2666 472 2792 548 ὑπὲρ
2846 469 2907 526 οὗ
2963 477 3054 527 καὶ
3104 471 3334 536 πλείονος
3390 470 3562 527 έδεῖτο
3630 475 3808 546 λόγου
3833 477 3889 544 ⁵⁵,

513 577 737 644 posset,
757 570 922 643 quod
943 574 998 625 et
1018 567 1212 637 magis
1233 567 1486 637 dignum
1507 563 1984 621 consideratione
2015 567 2164 630 erat,

513 664 572 717 et
596 662 798 717 hostes
828 658 1154 727 inﬁrmare,
1175 661 1232 713 et
1257 671 1365 728 per
1384 655 1512 712 hac
1531 654 1654 710 duo
1668 654 1912 727 propria
1931 657 2164 710 consta-

512 749 723 814 biliret,
757 752 821 803 ut
867 747 1052 804 ambo
1110 746 1440 819 perﬁceret,
1486 745 1738 800 modum
1775 744 2022 800 invenit.
2083 745 2166 798 Ex

511 837 883 910 imperatrice
906 839 1068 892 [rene
1088 835 1279 891 ﬁlium
1307 838 1671 906 susceperat,
1703 833 1798 889 cui
1846 833 1924 888 ab
1972 832 2163 904 impe-

509 930 706 982 ratore
735 926 1046 982 Theodoro
1075 924 1310 981 Lascari
1358 930 1576 996 patruo
1625 938 1848 979 nomen
1894 921 2160 985 dederat,

510 1015 790 1072 undecim
818 1017 947 1086 jam
969 1030 1162 1071 annos
1210 1029 1281 1070 eo
1310 1013 1596 1086 temporis
1646 1017 1876 1068 natum.
1926 1013 2164 1067 Asanus

509 1105 651 1162 item
680 1105 928 1161 ﬁliolam
953 1103 1164 1160 habuit
1192 1102 1473 1159 Helenam
1503 1100 1768 1166 nomine,
1800 1101 1878 1156 ab
1928 1102 2165 1169 Ungara

511 1202 730 1260 ortam,
760 1211 1123 1252 novennem.
1157 1195 1489 1266 Imperator
1511 1192 1588 1248 ad
1643 1196 1910 1247 Asanum
1945 1189 2162 1261 Bulga-

507 1301 714 1342 rorum
740 1285 1064 1357 principem
1092 1289 1358 1340 oratores
1387 1281 1581 1349 mittit,
1637 1284 1701 1336 ut
1725 1280 2162 1352 sponsaliorum

508 1373 663 1430 inter
698 1373 810 1446 53
845 1389 1064 1446 pueros
1091 1377 1148 1428 et
1194 1371 1345 1427 inter
1397 1386 1459 1426 se
1511 1369 1814 1426 afﬁnitatis
1859 1369 2162 1424 mentione

508 1462 754 1518 inducta
779 1461 854 1517 de
871 1467 1081 1517 mutuo
1110 1460 1330 1516 auxilio
1360 1458 1703 1530 mutuisque
1746 1457 1896 1513 inter
1935 1473 1998 1512 se
2039 1461 2161 1514 tra-

508 1551 723 1606 dendis
740 1551 940 1623 operis
964 1565 1306 1606 sermonem
1330 1552 1732 1604 consererent.
1754 1552 1988 1602 Asanus
2005 1545 2162 1615 lega-

508 1639 735 1696 tionem
765 1639 1064 1711 approbat
1094 1655 1108 1705 ;
1140 1643 1319 1709 pacta
1349 1642 1644 1694 conventa
1668 1636 2066 1692 conﬁciuntur
2107 1638 2163 1692 et

503 1727 897 1800 jurejurando
927 1728 1378 1784 conﬁrmantur.

581 1912 667 1962 32.
715 1909 876 1962 Tunc
951 1905 1097 1962 mihi
1182 1907 1620 1964 mathematum
1685 1912 1744 1964 et
1800 1907 2162 1964 sublimioris

510 1997 836 2069 disciplina
853 2011 1057 2053 amore
1068 1998 1280 2067 excito,
1295 1997 1577 2054 omnibus
1589 1999 1784 2055 valere
1791 1999 1812 2070 j
1824 1998 1996 2065 ussis,
2040 2012 2163 2053 una

509 2102 650 2142 cum
681 2085 808 2143 aliis
837 2087 1340 2154 adolescentibus,
1365 2087 1447 2144 ita
1466 2093 1769 2144 annuente
1803 2089 2161 2160 imperatore

509 2178 687 2247 atque
718 2178 1092 2248 Exapterygo
1143 2175 1455 2232 Theodoro
1513 2176 1894 2245 informante,
1954 2177 2162 2249 logica

509 2264 768 2319 scientia
820 2264 1017 2320 aditus
1054 2265 1329 2336 foresque
1377 2265 1744 2337 aperiuntur.
1829 2268 1974 2321 Cum
2026 2272 2162 2322 ante

509 2352 932 2424 imperatorem
965 2355 1481 2421 convenissemus,
1505 2355 1564 2410 in
1597 2371 1692 2410 me
1732 2356 2000 2410 oratione
2023 2371 2162 2410 con-

508 2456 684 2496 versa
720 2441 1048 2512 imperator
1084 2441 1233 2497 dixit
1271 2460 1282 2496 :
1319 2464 1368 2496 ».
1396 2445 1511 2498 Hos
1563 2443 1756 2500 Nicaa
1813 2443 2163 2517 desumptos

509 2530 858 2601 praeceptori
889 2529 1104 2585 tradidi
1138 2547 1151 2585 :
1181 2530 1284 2585 tibi
1313 2546 1345 2586 e
1370 2531 1559 2586 domu
1601 2548 1737 2588 mea
1784 2537 2050 2604 accepto,
2101 2537 2166 2590 ut

509 2633 633 2673 una
661 2633 798 2672 cum
824 2616 921 2674 his
951 2618 1347 2688 instruereris,
1375 2619 1716 2676 facultatem
1744 2622 1874 2678 feci.
1909 2623 2164 2679 Ostende

510 2704 712 2778 itaque
744 2711 798 2762 te
827 2722 966 2763 vere
990 2722 1020 2762 e
1043 2723 1178 2763 mea
1197 2707 1385 2763 domu
1402 2725 1707 2779 egressum
1730 2710 1935 2778 fuisse,
1960 2713 2162 2784 sicque

509 2795 893 2852 mathematis
918 2795 1200 2852 incumbe
1222 2814 1233 2851 :
1251 2797 1565 2854 militarem
1586 2799 1746 2854 enim
1767 2800 1942 2856 vitam
1961 2806 2163 2856 secuto

507 2888 657 2955 quot
683 2900 755 2939 ex
782 2884 1134 2941 liberalitate
1158 2885 1538 2958 imperatoris
1563 2887 1864 2960 stipendia
1881 2889 2160 2945 constitui

509 2978 808 3045 poterunt,
841 2978 926 3030 tot
960 2974 1066 3030 tibi
1113 2979 1218 3031 aut
1267 2991 1391 3032 non
1450 2976 1639 3032 multo
1691 2977 1866 3049 plura
1921 2982 2165 3050 propter

507 3061 748 3118 familia
773 3063 1192 3120 claritudinem
1219 3071 1594 3138 supererunt.
1639 3071 1710 3122 At
1754 3067 1856 3122 ubi
1896 3067 2162 3139 philoso-

506 3151 663 3223 phia
707 3152 1050 3210 insinuatus
1102 3154 1400 3224 frugiferis
1444 3155 1663 3227 opibus
1703 3161 1758 3211 te
1795 3156 2157 3228 impleveris,

507 3255 763 3311 magnos
792 3241 1053 3298 honores
1104 3259 1173 3298 ac
1221 3243 1540 3313 dignitates
1591 3244 1694 3299 tibi
1754 3245 2158 3316 comparabis.

507 3330 776 3401 Namque
797 3330 1236 3386 inter-homines
1263 3333 1528 3388 maxime
1549 3333 1827 3389 omnium
1849 3334 2159 3404 conspicui

506 3417 855 3489 pracellunt
900 3420 1222 3492 imperator
1289 3426 1468 3494 atque
1537 3422 1957 3495 philosophus.
1985 3446 2012 3473 ‹‹
2042 3427 2160 3480 Hac

506 3505 735 3562 ratione
759 3507 898 3582 aula
923 3524 1199 3578 egressus
1224 3512 1580 3582 praceptori
1606 3526 1703 3566 me
1728 3511 1929 3567 dedidi
1966 3528 2160 3569 annos

506 3599 735 3666 septem
749 3597 1022 3652 etdecem
1039 3602 1248 3654 natum
1277 3603 1718 3655 .Verumtamen
1745 3603 2156 3674 Exapterygus

505 3684 568 3740 in
593 3684 975 3742 mathematis
997 3703 1117 3744 non
1141 3688 1473 3745 admodum
1504 3690 1849 3761 prastabat,
1884 3692 1987 3747 sed
2011 3691 2160 3748 mul-

505 3776 632 3830 tum
650 3773 908 3832 dicendo
930 3777 1137 3840 valuit,
1155 3783 1359 3850 utpote
1372 3779 1681 3836 rhetoricis
1700 3781 1908 3837 studiis
1942 3784 2159 3842 eximie

502 3861 806 3919 institutus
827 3869 883 3920 et
913 3865 992 3921 ad
1016 3865 1424 3939 eloquendum
1451 3869 1781 3941 composite
1833 3887 1949 3926 usu
1979 3878 2158 3944 atque

503 3951 746 4021 ingenio
772 3959 1181 4026 comparatus,
1205 3955 1462 4028 ideoque
1477 3957 1872 4014 nomenillius
1896 3959 2156 4017 celeber-

502 4039 725 4096 rimum
767 4041 883 4114 54
925 4043 1051 4100 fuit.
1101 4047 1180 4100 Eo
1221 4045 1558 4114 demortuo,
1608 4052 1928 4120 postquam
1977 4051 2154 4106 nobis

503 4135 854 4201 poematum
876 4133 1166 4204 ambages
1197 4135 1556 4206 explicasset
1583 4142 1639 4192 et
1665 4138 1954 4194 orationis
1975 4141 2158 4196 conﬁ-

504 4218 732 4274 cienda
749 4225 938 4276 artem
958 4222 1318 4289 tradidisset,
1345 4224 1422 4280 ad
1449 4224 1842 4282 Blemmidem
1868 4227 2155 4300 Nicepho-

503 4321 662 4375 rum,
692 4323 816 4378 quo
865 4310 1170 4366 neminem
1225 4312 1286 4366 in
1340 4313 1769 4385 philosophicis
1825 4315 2155 4389 disciplinis

2273 559 2622 633 ἀναχαιτίσαι
2648 580 2703 614 τε
2732 565 2823 614 καὶ
2854 565 2912 614 τό
2943 563 3255 628 ὑπεναντίον,
3317 567 3387 624 ὡς
3436 563 3500 615 ἂν
3561 561 3602 616 δ
3609 565 3650 616 ι’
3709 563 3890 637 ἀμφοῖν

2272 653 2340 702 τὰ
2394 651 2562 704 οἰκεία
2602 654 2929 724 κρατυνοιτο,
2997 655 3228 726 εὑρίσκει
3303 658 3492 728 τρόπον
3565 651 3892 729 ἀποπληρω-

2271 742 2415 792 τικόν
2454 747 2561 792 τοῖν
2602 736 2768 793 δυοῖν.
2816 742 3093 813 Ἐγεννήθη
3146 745 3247 815 γὰρ
3300 743 3440 813 αὐτῷ
3499 743 3626 814 (63)
3685 745 3801 804 υίὸς
3843 744 3889 796 ἐκ

2272 836 2369 889 τῆς
2409 825 2694 900 βασιλίδος
2750 829 2989 902 Εἰρήνης,
3043 828 3084 902 ᾧ
3129 837 3218 884 καὶ
3267 831 3448 892 κλῆσις
3502 839 3603 884 τοῦ
3670 833 3885 883 ﬁcia-rw

2272 921 2362 970 καὶ
2415 915 2675 990 βασιλέως
2721 915 2962 993 Θεδώρου
3004 927 3094 972 τοῦ
3144 922 3444 995 Λασκάριος
3505 920 3880 973 Enniana-5"

2273 1003 2544 1061 ἑνδέκατον
2571 1004 2631 1060 δέ
2684 1011 2734 1060 οἱ
2793 1011 2906 1069 ἔτος
2946 1013 3062 1062 τότε
3110 1010 3314 1069 ἠνύετο.
3369 1015 3468 1063 Καὶ
3522 1010 3550 1061 ὀ
3603 1011 3788 1062 Ἀσάν
3834 1005 3881 1059 δε

2275 1099 2553 1169 θυγάτριον
2614 1100 2792 1170 ἔσχεν,
2854 1097 3021 1157 Ἑλένη
3081 1099 3212 1158 αὐτῆ
3268 1103 3516 1171 τοῦνομα,
3577 1100 3744 1171 παρὰ
3801 1106 3882 1158 τῆς

2272 1183 2326 1247 ἓξ
2377 1186 2630 1260 Οὗγγρων
2681 1188 3017 1258 γαμηθείσης
3063 1186 3226 1258 αὐτῷ·
3279 1189 3482 1240 ἔννατον
3537 1191 3639 1239 καὶ
3723 1189 3875 1255 ταύτῃ

2271 1277 2385 1336 ἔτος
2434 1282 2516 1333 ἣν.
2579 1275 2858 1349 Πρεσϐείαν
2908 1284 3031 1348 γοῦν
3085 1276 3279 1330 στέλλει
3331 1278 3358 1330 ό
3411 1275 3686 1350 βασιὶέὺς
3759 1280 3878 1349 πρός

2269 1365 2355 1416 τόν
2401 1363 2702 1440 Βουλγάρων
2757 1367 2996 1438 ἄρχοντα
3036 1366 3220 1434 Ἄσαν,
3277 1371 3367 1418 καὶ
3422 1371 3732 1438 μνηστείας
3795 1373 3883 1414 τῶν

2270 1449 2475 1505 παίδων
2539 1457 2846 1526 μνημονεύει
2897 1459 2988 1506 καί
3031 1463 3126 1517 τῆς
3165 1455 3352 1528 ἀμφοῖν
3421 1459 3763 1526 ᾶγχιστείας
3805 1458 3884 1505 καὶ

2271 1549 2364 1594 τοῦ
2415 1539 2488 1594 δι’
2543 1542 2786 1604 ἀλλήλους
2839 1553 3210 1617 συνασπισμοῦ
3279 1565 3333 1598 τε
3412 1550 3501 1597 καὶ
3580 1548 3883 1618 συγκροτή-

2274 1650 2398 1692 σεως
2436 1633 2503 1667 ⁶⁰·
2564 1637 2662 1686 Καὶ
2715 1630 2933 1704 δέχεται
2978 1635 3004 1686 ό
3060 1632 3223 1688 Ἀσὰν
3278 1639 3371 1692 τὴν
3419 1631 3742 1709 πρεσϐείαν,
3804 1635 3883 1683 καί

2269 1719 2590 1793 πληροῦνται
2628 1723 2683 1774 αἱ
2711 1727 3024 1795 συμφωνίαι.
3049 1728 3150 1776 Καὶ
3189 1725 3274 1776 ἐπὶ
3321 1725 3526 1785 τούτοις
3576 1727 3678 1774 καὶ
3745 1723 3885 1797 ὅρκοι

2199 1801 2240 1858 Β
2269 1809 2471 1883 προῦϐη
2480 1829 2576 1862 σαν
2597 1813 2664 1866 ⁶¹.

2340 1897 2442 1971 λβ·
2493 1904 2620 1953 Τότε
2669 1908 2794 1972 γοῦν
2835 1905 2926 1954 καὶ
2975 1900 3129 1962 αὐτὸς
3177 1903 3330 1974 ἔρωτι
3371 1909 3468 1954 τῶν
3542 1902 3883 1972 perenniter;

2272 1989 2426 2051 ἁλοὺς
2471 1996 2561 2043 καὶ
2614 1999 2709 2051 τῆς
2771 1989 3095 2066 ἀφηλοτέρας
3149 1999 3249 2044 τῶν
3293 1991 3458 2063 λόγων
3517 1987 3880 2052 παιδεύσεως,

2269 2087 2378 2142 τοῖς
2427 2085 2562 2132 πᾶσι
2617 2084 2825 2154 χαίρειν
2869 2080 3044 2148 εἰπὼν,
3088 2081 3339 2154 θελήματι
3393 2088 3484 2133 τοῦ
3556 2088 3886 2154 κρατοῦντος

2271 2171 2402 2242 μετὰ
2452 2174 2542 2222 καί
2598 2169 2777 2242 ἐτέρων
2834 2172 3090 2244 μειράκων
3158 2171 3225 2231 εἰς
3301 2169 3394 2232 τὰς
3483 2177 3587 2222 τῶν
3649 2169 3882 2240 λογικῶν

2271 2253 2642 2330 παιδευμάτων
2687 2259 2841 2331 θύρας
2900 2263 3228 2333 παρήγγισα,
3303 2255 3599 2318 Παιδωτὴς
3681 2254 3752 2310 δέ
3825 2257 3881 2314 ὴν

2273 2349 2397 2419 ἡμῖν
2434 2348 2460 2399 ό
2513 2346 2891 2422 Ἐξαπτέρυγος
2941 2345 3212 2421 Θεόδωρος
3272 2348 3410 2421 (64)⁶
3473 2347 3617 2401 Ἐπεὶ
3677 2342 3746 2400 δι
3803 2349 3883 2418 ἒμ-

2273 2438 2495 2510 προσθεν
2551 2446 2643 2490 τοῦ
2693 2436 2956 2510 βασίλέως
3005 2437 3343 2511 συνήλθομεν,
3399 2442 3528 2511 πρός
3583 2457 3646 2510 με
3714 2443 3880 2498 τείνας

2272 2529 2359 2578 τόν
2389 2526 2538 2597 λόγον
2568 2528 2593 2578 ὁ
2621 2525 2871 2598 βασιλεὺς
2901 2527 3116 2600 εἰρηκει,
3139 2531 3208 2590 ὡς
3244 2530 3472 2589 Τούτους
3520 2530 3612 2599 μὲν
3666 2527 3733 2578 έκ
3792 2531 3883 2580 Νι-

2272 2621 2424 2676 καίας
2460 2614 2626 2668 λαϐὼν
2670 2624 2742 2686 τῷ
2798 2612 3158 2689 διδασκαλείῳ
3203 2613 3504 2690 παρέδωκα,
3563 2619 3621 2668 σε
3672 2612 3741 2668 δί
3792 2622 3880 2668 τοῦ

2273 2705 2397 2778 ἐμοῦ
2419 2705 2642 2758 ἐκϐαλὼν
2679 2708 2822 2758 οἳκου
2868 2711 3105 2759 τουτοισί
3166 2714 3442 2778 συναφῆκα
3487 2701 3877 2773 διδάσκεσθαι,

2274 2796 2443 2857 Δεῖξον
2482 2793 2570 2848 οὖν
2622 2798 2690 2857 ὡς
2747 2794 2950 2858 ἀληθῶς
3000 2803 3092 2856 τῆς
3139 2793 3262 2868 ἐμῆς
3314 2795 3484 2856 οἰκίας
3539 2794 3733 2868 ἐξῄεις,
3793 2799 3877 2847 καὶ

2273 2885 2467 2938 οὑτωσί
2513 2894 2613 2938 τῶν
2684 2887 3007 2958 μαθημάτων
3081 2883 3466 2944 ἀντιποιήθητι·
3546 2893 3876 2957 Στρατιώτης

2275 2978 2365 3047 μὲν
2385 2977 2486 3048 γὰρ
2517 2977 2575 3027 τό
2620 2971 2947 3047 ἐπιτήδευμα
2989 2980 3208 3047 γεγονὼς
3261 2977 3432 3028 ὁπόσα
3487 2974 3547 3027 ἂν
3602 2977 3767 3047 ἔσχες
3813 2979 3876 3027 τὰ

2271 3073 2362 3116 τοῦ
2418 3069 2722 3140 σιτηρεσίου
2773 3067 2918 3140 παρὰ
3007 3073 3098 3126 τῆς
3183 3063 3468 3137 βασιλικῆς
3555 3061 3872 3133 δεξιὼσεως,

2202 3161 2242 3216 C
2270 3163 2505 3207 τοσαῦτα
2532 3153 2592 3206 ἃν
2623 3158 2801 3215 ἶσωςῆ
2833 3159 2922 3208 καὶ
2971 3153 3140 3226 ὀλίγον
3193 3155 3351 3208 πλείω
3397 3174 3483 3208 σοι
3527 3151 3624 3207 διὰ
3667 3164 3732 3208 τό
3785 3163 3873 3208 τοῦ

2267 3248 2441 3315 γένους
2495 3247 2766 3318 περιφανὲς
2831 3247 3000 3296 ἔσται.
3068 3243 3329 3316 Ἔμπλεως
3415 3240 3475 3297 δε
3562 3243 3876 3317 φιλοσοφίας

2268 3337 2440 3406 φανεὶς
2493 3333 2726 3405 μεγάλων
2793 3331 3062 3406 agmen-9
3121 3342 3222 3385 τῶν
3276 3341 3436 3406 τιμῶν
3500 3353 3557 3386 τε
3607 3339 3700 3386 καὶ
3776 3344 3872 3386 τῶν

2264 3430 2448 3497 γερῶν.
2499 3427 2646 3494 μόνοι
2697 3425 2798 3495 γὰρ
2855 3422 3093 3475 ἁπάντων
3148 3422 3430 3496 ἀνθρώπων
3455 3422 3872 3496 ὀνομαστότατοι

2269 3510 2521 3586 βασιλεὺς
2567 3516 2658 3564 καὶ
2707 3512 2998 3585 φιλόσοφος.
3051 3512 3201 3565 Οὕτω
3249 3515 3342 3585 μὲν
3396 3519 3491 3564 τῶν
3572 3510 3870 3586 ἀνακτόρων

2266 3605 2625 3675 ὑποχωρήσας
2672 3606 2736 3663 ὡς
2784 3599 3115 3655 διδασκάλου
3172 3606 3334 3677 φέρων
3383 3600 3616 3655 ἐνέϐαλον
3665 3602 3864 3672 ἑαυτὸν,

2267 3689 2708 3746 έπτακαιδεκατον
2752 3691 2857 3751 ira;
2906 3693 3066 3762 ἄγων.
3121 3690 3220 3744 Ἦν
3270 3688 3330 3744 δι
3376 3691 3545 3756 οὗτος,
3597 3694 3670 3753 ὡς
3727 3695 3864 3764 ῖφην,

2267 3782 2292 3834 ὃ
2343 3781 2733 3856 Ἐξαπτέρυγος,
2780 3779 2909 3856 ἀνὴρ
2966 3781 3024 3833 οὐ
3077 3783 3211 3833 πάνυ
3269 3783 3359 3853 μεν
3439 3783 3742 3853 ἐπιστήμων
3820 3781 3866 3834 ἐν

2265 3878 2369 3931 τοῖς
2425 3871 2755 3942 μαθήμασιν,
2813 3870 2888 3941 [Ρ·
2944 3869 3039 3940 27]
3095 3867 3291 3940 ἀγαθός
3323 3864 3382 3922 δι
3455 3869 3692 3942 φράζειν,
3784 3869 3864 3922 οἷα

2262 3961 2543 4036 ῥητορικῆς
2629 3961 2899 4032 κατάκρως
2974 3955 3316 4034 ἐνδιατρίψας
3390 3958 3568 4031 λόγοις
3637 3965 3727 4013 καὶ
3809 3965 3862 4014 τό

2264 4049 2550 4121 ίξαγγέλειν
2621 4048 2814 4120 εὐφυῶς
2877 4048 3232 4122 μεμελετηκὼς
3321 4053 3412 4102 καὶ
3506 4049 3701 4103 πολλοῦ
3773 4047 3861 4104 διὰ

2262 4148 2413 4194 τοῦτο
2466 4138 2746 4212 ἠξιωμένος
2807 4138 3078 4211 ὀνόματος.
3131 4139 3352 4192 Ἐκείνου
3411 4135 3472 4192 δὲ
3519 4139 3858 4199 τελευτήσαν-

2262 4249 2350 4292 τος
2401 4231 2533 4301 μετὰ
2583 4233 2676 4286 τὴν
2735 4227 2803 4290 εἰς
2857 4229 2998 4300 ἡμᾶς
3046 4236 3144 4281 τῶν
3204 4229 3511 4300 ποιημάτων
3575 4236 3856 4302 σαφήνειαν

2263 4324 2352 4371 καί
2383 4323 2474 4376 τὴν
2523 4325 2619 4378 τῆς
2676 4325 2774 4369 τῶν
2829 4316 2992 4388 λόγων
3040 4321 3228 4390 τέχνης
3288 4313 3666 4388 διδασκαλίαν,
3721 4324 3860 4394 παρὰ

506 4396 978 4466 prastantiorcm
1019 4399 1320 4466 novimus,
1351 4417 1447 4457 me
1477 4403 1673 4474 ipsum
1703 4404 1944 4475 contuli,
1962 4409 2156 4479 etqui-

2270 4411 2353 4460 τόν
2404 4403 2700 4479 Βλεμμίδην
2749 4409 3046 4480 Νικηφόρον
3100 4407 3238 4478 (65),
3288 4406 3341 4458 ὃν
3392 4411 3506 4459 τότε
3563 4410 3753 4470 πάντες
3795 4414 3863 4464 οἷι

576 4491 624 4526 ⁵³
665 4492 791 4576 ὑπὲρ
817 4522 888 4577 —_—
915 4491 1084 4581 lo'zoun
1097 4511 1220 4581 om‘.
1393 4499 1450 4581 _5’
1482 4497 1666 4557 κλῆσιν
1683 4508 1787 4581 ¹τοῦ
1818 4503 2033 4581 πάππου
2067 4502 2342 4581 Θεοδώρου
2374 4503 2633 4581 ἐμεθέτετο
2661 4503 2727 4558 D.

2823 4505 2871 4579 f5?
2902 4504 3102 4556 ἔννατον
3129 4535 3214 4579 —_
3231 4509 3494 4579 συγκροτή
3505 4523 3638 4566 σεως
3670 4507 3862 4560 στέλλει

505 4560 593 4614 οὖν
620 4560 958 4636 πρόςτοῡτον
981 4560 1009 4617 ό
1050 4565 1297 4639 βασιλεύς
1326 4570 1444 4643 ὑρερ
1475 4575 1752 4641 μνηστείας
1775 4580 1874 4624 τῶν
1899 4571 2104 4628 παίδων
2131 4580 2197 4634 Ι),
2249 4560 2316 4614 ’σι
2353 4560 2442 4628 κάξ
2478 4575 2564 4630 πλ.
2605 4606 2678 4616 -
2703 4574 3007 4648 προῦϐησαν
3037 4591 3158 4632 om.
3185 4577 3248 4631 D.

1390 4717 1734 4788 Theodori
1781 4722 2033 4793 Dousa
2081 4734 2146 4794 et
2193 4726 2446 4796 Leonis
2493 4727 2732 4795 Allatii
2779 4735 2982 4795 nota.

573 4876 689 4947 (63)
721 4875 998 4958 Ἐγεννήθη
1047 4879 1178 4958 νέῳΔ
1207 4876 1367 4950 αὐτῷ.
1479 4880 1699 4958 Eadem
1748 4886 2161 4958 prosequitur

504 4949 795 5028 Gregoras
835 4964 893 5028 ρ.
927 4953 1016 5015 29,
1065 4949 1287 5028 catera
1319 4949 1710 5028 conveniunt.
1748 4949 2044 5028 lntcrsunt
2073 4963 2160 5015 ta-

501 5034 643 5099 men
674 5021 823 5099 inter
844 5021 1161 5099 Gregoram
1179 5027 1233 5078 et
1246 5023 1642 5099 A_cro_politam
1662 5042 1674 5078 :
1695 5040 1838 5099 nam
1857 5027 1916 5099 in
1945 5030 2158 5099 Grego-

503 5089 777 5172 ra_legati
791 5106 860 5172 ex
878 5089 1144 5172 Bulgaris
1158 5089 1420 5172 veniuui',
1438 5095 1845 5172 inacropolita
1865 5097 1943 5172 ab
1971 5089 2156 5172 impe-

501 5166 697 5238 ratore
724 5163 1073 5238 mittuntur;
1106 5165 1166 5219 in
1197 5167 1456 5234 Gregora
1495 5167 1616 5222 ﬁlia
1659 5163 1889 5238 Bulgari
1938 5163 2157 5228 Helena

504 5232 788 5307 decennis
819 5239 926 5307 est,
953 5235 1013 5289 in
1043 5232 1379 5307 Acropolita
1409 5238 1719 5302 novennis,
1751 5232 1886 5296 XLL.

576 5304 692 5383 (.64)
722 5301 1009 5383 Θεόδωρος.
1045 5307 1178 5375 Legi
1200 5301 1400 5383 nescio
1429 5309 1573 5383 quid
1603 5301 1818 5383 hujus“
1839 5311 2150 5383 Theodori,

507 5374 612 5451 sed
643 5374 936 5451 memoria
964 5393 1086 5433 non
1116 5374 1379 5451 suggerit
1405 5374 1718 5451 quodnam
1764 5380 1910 5436 illud
1945 5374 2151 5439 fuerit?

506 5448 585 5525 ad
614 5460 708 5500 res
740 5450 942 5502 tamen
986 5448 1444 5506 mathematicas
1501 5456 1804 5522 spectasse
1861 5454 2150 5525 suspicor.

505 5522 640 5573 ALL.

574 5587 802 5670 (6532‘Pe
835 5587 1160 5670 Blemmide
1189 5589 1460 5670 pluribus
1490 5591 1633 5670 alibi
1664 5592 1929 5670 egimus.
1983 5581 2154 5670 Edita

507 5656 648 5714 sunt
675 5656 832 5714 illius
865 5656 1279 5732 Philosophica
1299 5663 1603 5733 etLogica,
1621 5667 1677 5720 et
1701 5656 2003 5724 orationes
2017 5668 2153 5724 dua

2265 4886 2342 4943 de
2370 4887 2752 4960 processione
2777 4888 3024 4960 Spiritus
3038 4885 3233 4960 sancti
3248 4903 3367 4960 per
3395 4887 3567 4944 mein
3592 4889 3860 4947 Latinum

2267 4959 2654 5032 versa.Multo
2676 4959 2846 5032 plura
2863 4965 3006 5032 sunt
3031 4959 3092 5014 in
3114 4959 3508 5032 bibliOthecis.
3545 4960 3741 5032 Penes
3773 4978 3862 5018 me

2267 5031 2476 5103 suntej
2490 5027 2696 5103 usdeni
2724 5031 2934 5094 oratio,
2959 5034 3134 5083 ὁποῖον
3157 5101 3167 5103 _
3189 5027 3270 5084 δεῖ
3311 5029 3440 5103 εἶναι
3458 5102 3464 5103 7
3484 5035 3575 5084 τόν
3617 5030 3860 5103 βασιλέα,

2264 5107 2322 5156 et
2361 5101 2608 5157 historia
2653 5102 2727 5157 de
2777 5107 2986 5158 sancto
3033 5101 3214 5158 Paulo
3261 5108 3320 5158 et
3372 5102 3501 5158 aliis
3563 5101 3858 5172 Patribus,

2263 5172 2368 5244 qui
2393 5173 2453 5228 in
2485 5175 2652 5229 Latro
2676 5179 2878 5244 monte
2906 5173 3235 5228 solitariam
3260 5173 3447 5229 vitam
3473 5177 3861 5244 egerunt,ele-

2265 5243 2616 5320 gantissime
2647 5249 2702 5320 et
2736 5243 2814 5320 ad
2842 5244 3157 5320 antiquum
3201 5260 3448 5320 succum
3498 5243 3857 5320 conscripta.

2263 5317 2326 5387 l_n
2354 5316 2634 5387 vaticana
2653 5314 2867 5387 legitur
2895 5314 3191 5387 ejusdem:
3222 5321 3393 5387 ᾼόγος
3424 5314 3478 5377 ὃς
3507 5314 3769 5387 ἐπεστάλη
3795 5329 3859 5387 τῷ

2265 5383 2496 5457 βασιλεῖ,
2556 5383 2835 5458 βασιλικός
2900 5383 3100 5447 κληθεὶς
3119 5383 3386 5461 *ἀνδριάς
3455 5390 3570 5461 ἔστι
3644 5385 3706 5443 δε
3777 5383 3858 5441 καί

2262 5455 2566 5528 μονασταίς
2608 5462 2696 5509 καὶ
2744 5463 2900 5528 παντὶ
2967 5455 3256 5528 σπουδαίῳ
3307 5457 3600 5521 λυσιτελής.
3645 5461 3854 5516 Princi-

2264 5527 2451 5606 pium:
2513 5533 2685 5606 Νόμος
2717 5527 2969 5606 ⁵ἀρχῆθεν
3026 5527 3324 5606 sufﬂativa
3395 5536 3506 5591 τοῖς
3581 5534 3853 5606 πράγμασι

2264 5550 2451 5598 pium:
2513 5550 2685 5600 Πομος
2737 5550 2969 5603 αρχηυεν
3026 5550 3091 5581 συ
3138 5550 3324 5582 οαινων
3395 5550 3466 5582 τοι

2262 5602 2381 5661 τούς
2407 5605 2665 5661 ὑπηκόους
2686 5600 2936 5674 εἰσφέρειν
2965 5607 3038 5672 τῷ
3065 5550 3295 5674 βῗισιλεί.
3332 5607 3466 5657 ALL'
