  <div class='ocr_page' id='page_1' title='image "/cluster/home/n/w/nwhite01/storage/ocr_20150623/140/pst.000005714568/574.png"; bbox 0 0 3988 6322; ppageno 0'>
   <div class='ocr_carea' id='block_1_1' title="bbox 132 361 280 418">
    <p class='ocr_par' dir='ltr' id='par_1_1' title="bbox 132 361 280 418">
     <span class='ocr_line' id='line_1_1' title="bbox 132 361 280 418; baseline -0.014 -1"><span class='ocrx_word' id='word_1_1' title='bbox 132 361 280 418; x_wconf 69' lang='grc'>1057</span> 
     </span>
    </p>
   </div>
   <div class='ocr_carea' id='block_1_2' title="bbox 1654 362 1978 420">
    <p class='ocr_par' dir='ltr' id='par_1_2' title="bbox 1654 362 1978 420">
     <span class='ocr_line' id='line_1_2' title="bbox 1654 362 1978 420; baseline 0.006 -2"><span class='ocrx_word' id='word_1_2' title='bbox 1654 362 1978 420; x_wconf 72' lang='lat' dir='ltr'>ANNALES</span> 
     </span>
    </p>
   </div>
   <div class='ocr_carea' id='block_1_3' title="bbox 3356 365 3494 424">
    <p class='ocr_par' dir='ltr' id='par_1_3' title="bbox 3356 365 3494 424">
     <span class='ocr_line' id='line_1_3' title="bbox 3356 365 3494 424; baseline 0.029 -4"><span class='ocrx_word' id='word_1_3' title='bbox 3356 365 3494 424; x_wconf 75' lang='grc'>1058</span> 
     </span>
    </p>
   </div>
   <div class='ocr_carea' id='block_1_4' title="bbox 122 483 1760 564">
    <p class='ocr_par' dir='ltr' id='par_1_4' title="bbox 122 483 1731 562">
     <span class='ocr_line' id='line_1_4' title="bbox 122 483 1731 562; baseline 0.001 -22"><span class='ocrx_word' id='word_1_4' title='bbox 122 483 298 560; x_wconf 84' lang='grc' dir='ltr'>δαμεν</span> <span class='ocrx_word' id='word_1_5' title='bbox 354 485 650 561; x_wconf 74' lang='grc' dir='ltr'>τελεώτερον</span> <span class='ocrx_word' id='word_1_6' title='bbox 703 492 804 537; x_wconf 87' lang='grc' dir='ltr'>τῶν</span> <span class='ocrx_word' id='word_1_7' title='bbox 866 485 1028 538; x_wconf 76' lang='grc' dir='ltr'>ἄλλων</span> <span class='ocrx_word' id='word_1_8' title='bbox 1089 487 1140 539; x_wconf 79' lang='grc' dir='ltr'>ἐν</span> <span class='ocrx_word' id='word_1_9' title='bbox 1197 494 1314 548; x_wconf 85' lang='grc' dir='ltr'>ταῖς</span> <span class='ocrx_word' id='word_1_10' title='bbox 1361 490 1496 540; x_wconf 87' lang='grc' dir='ltr'>κατὰ</span> <span class='ocrx_word' id='word_1_11' title='bbox 1530 488 1731 562; x_wconf 76' lang='grc' dir='ltr'>φιλοσοο</span> 
     </span>
    </p>
   </div>
   <div class='ocr_carea' id='block_1_5' title="bbox 1877 483 3506 564">
    <p class='ocr_par' dir='ltr' id='par_1_5' title="bbox 1877 489 3506 564">
     <span class='ocr_line' id='line_1_5' title="bbox 1877 489 3506 564; baseline 0.002 -20"><span class='ocrx_word' id='word_1_12' title='bbox 1877 504 2085 562; x_wconf 90' lang='lat' dir='ltr'>unque</span> <span class='ocrx_word' id='word_1_13' title='bbox 2114 505 2236 546; x_wconf 89' lang='lat' dir='ltr'>una</span> <span class='ocrx_word' id='word_1_14' title='bbox 2261 505 2500 546; x_wconf 88' lang='lat' dir='ltr'>mecum</span> <span class='ocrx_word' id='word_1_15' title='bbox 2530 489 2738 561; x_wconf 89' lang='lat' dir='ltr'>logicis</span> <span class='ocrx_word' id='word_1_16' title='bbox 2769 491 3277 564; x_wconf 84' lang='lat' dir='ltr'>speculationibus</span> <span class='ocrx_word' id='word_1_17' title='bbox 3306 494 3506 548; x_wconf 83' lang='lat' dir='ltr'>atten-&#39;</span> 
     </span>
    </p>
   </div>
   <div class='ocr_carea' id='block_1_6' title="bbox 717 573 1736 646">
    <p class='ocr_par' dir='ltr' id='par_1_6' title="bbox 717 573 1736 646">
     <span class='ocr_line' id='line_1_6' title="bbox 717 573 1736 646; baseline 0.003 -21"><span class='ocrx_word' id='word_1_18' title='bbox 717 573 970 646; x_wconf 78' lang='grc' dir='ltr'>ἐφοίτησά</span> <span class='ocrx_word' id='word_1_19' title='bbox 1022 595 1076 628; x_wconf 90' lang='grc' dir='ltr'>τε</span> <span class='ocrx_word' id='word_1_20' title='bbox 1119 576 1276 638; x_wconf 79' lang='grc' dir='ltr'>αὐτὸς</span> <span class='ocrx_word' id='word_1_21' title='bbox 1325 582 1415 629; x_wconf 87' lang='grc' dir='ltr'>καὶ</span> <span class='ocrx_word' id='word_1_22' title='bbox 1470 579 1584 630; x_wconf 83' lang='grc' dir='ltr'>ὅσοι</span> <span class='ocrx_word' id='word_1_23' title='bbox 1641 581 1736 630; x_wconf 80' lang='grc' dir='ltr'>σύν</span> 
     </span>
    </p>
   </div>
   <div class='ocr_carea' id='block_1_7' title="bbox 125 663 1737 740">
    <p class='ocr_par' dir='ltr' id='par_1_7' title="bbox 125 663 1737 740">
     <span class='ocr_line' id='line_1_7' title="bbox 125 663 1737 740; baseline 0.001 -24"><span class='ocrx_word' id='word_1_24' title='bbox 125 664 248 738; x_wconf 73' lang='grc' dir='ltr'>ἐμοὶ</span> <span class='ocrx_word' id='word_1_25' title='bbox 291 665 546 719; x_wconf 71' lang='grc' dir='ltr'>ἐτελοῦντο</span> <span class='ocrx_word' id='word_1_26' title='bbox 602 667 670 716; x_wconf 82' lang='grc' dir='ltr'>τὰ</span> <span class='ocrx_word' id='word_1_27' title='bbox 718 663 921 736; x_wconf 88' lang='grc' dir='ltr'>λογικά.</span> <span class='ocrx_word' id='word_1_28' title='bbox 979 670 1078 718; x_wconf 81' lang='grc' dir='ltr'>Καὶ</span> <span class='ocrx_word' id='word_1_29' title='bbox 1128 667 1154 718; x_wconf 88' lang='grc' dir='ltr'><strong><em>ὁ</em></strong></span> <span class='ocrx_word' id='word_1_30' title='bbox 1203 671 1320 740; x_wconf 84' lang='grc' dir='ltr'>περὶ</span> <span class='ocrx_word' id='word_1_31' title='bbox 1383 669 1526 739; x_wconf 78' lang='grc' dir='ltr'>ἡμῶν</span> <span class='ocrx_word' id='word_1_32' title='bbox 1585 666 1737 738; x_wconf 91' lang='grc' dir='ltr'>λόγος</span> 
     </span>
    </p>
   </div>
   <div class='ocr_carea' id='block_1_8' title="bbox 127 752 1730 832">
    <p class='ocr_par' dir='ltr' id='par_1_8' title="bbox 127 752 1730 832">
     <span class='ocr_line' id='line_1_8' title="bbox 127 752 1730 832; baseline 0.001 -26"><span class='ocrx_word' id='word_1_33' title='bbox 127 760 299 828; x_wconf 77' lang='grc' dir='ltr'>μέχρι</span> <span class='ocrx_word' id='word_1_34' title='bbox 328 757 582 808; x_wconf 79' lang='grc' dir='ltr'>τοσούτου</span> <span class='ocrx_word' id='word_1_35' title='bbox 633 758 786 806; x_wconf 87' lang='grc' dir='ltr'>νυνί·</span> <span class='ocrx_word' id='word_1_36' title='bbox 857 752 1072 817; x_wconf 73' lang='grc' dir='ltr'>ἐσαῦθις</span> <span class='ocrx_word' id='word_1_37' title='bbox 1125 753 1184 808; x_wconf 68' lang='grc' dir='ltr'>δε</span> <span class='ocrx_word' id='word_1_38' title='bbox 1233 757 1333 813; x_wconf 85' lang='grc' dir='ltr'>ὅπη</span> <span class='ocrx_word' id='word_1_39' title='bbox 1381 761 1618 832; x_wconf 86' lang='grc' dir='ltr'>παρείκοι</span> <span class='ocrx_word' id='word_1_40' title='bbox 1669 763 1730 829; x_wconf 76' lang='grc' dir='ltr'>τῇ</span> 
     </span>
    </p>
   </div>
   <div class='ocr_carea' id='block_1_9' title="bbox 129 841 952 918">
    <p class='ocr_par' dir='ltr' id='par_1_9' title="bbox 129 841 952 918">
     <span class='ocr_line' id='line_1_9' title="bbox 129 841 952 918; baseline 0.006 -25"><span class='ocrx_word' id='word_1_41' title='bbox 129 843 346 917; x_wconf 80' lang='grc' dir='ltr'>ἱστορίᾳ</span> <span class='ocrx_word' id='word_1_42' title='bbox 368 841 636 918; x_wconf 82' lang='grc' dir='ltr'>παρεμϐλη</span> <span class='ocrx_word' id='word_1_43' title='bbox 647 845 862 901; x_wconf 76' lang='grc' dir='ltr'>θήσεται</span> <span class='ocrx_word' id='word_1_44' title='bbox 881 844 952 898; x_wconf 74' lang='grc'>⁸³.</span> 
     </span>
    </p>
   </div>
   <div class='ocr_carea' id='block_1_10' title="bbox 202 929 1734 1008">
    <p class='ocr_par' dir='ltr' id='par_1_10' title="bbox 202 929 1734 1008">
     <span class='ocr_line' id='line_1_10' title="bbox 202 929 1734 1008; baseline 0.001 -24"><span class='ocrx_word' id='word_1_45' title='bbox 202 932 305 1004; x_wconf 87' lang='grc' dir='ltr'>λγ’.</span> <span class='ocrx_word' id='word_1_46' title='bbox 361 933 505 985; x_wconf 84' lang='grc' dir='ltr'>Ἐπεὶ</span> <span class='ocrx_word' id='word_1_47' title='bbox 545 929 625 999; x_wconf 66' lang='grc' dir='ltr'>δε,</span> <span class='ocrx_word' id='word_1_48' title='bbox 679 935 749 994; x_wconf 83' lang='grc' dir='ltr'>ὡς</span> <span class='ocrx_word' id='word_1_49' title='bbox 836 937 1181 1007; x_wconf 84' lang='grc' dir='ltr'>προειρήκειν,</span> <span class='ocrx_word' id='word_1_50' title='bbox 1239 939 1330 986; x_wconf 85' lang='grc' dir='ltr'>καὶ</span> <span class='ocrx_word' id='word_1_51' title='bbox 1384 932 1571 1008; x_wconf 79' lang='grc' dir='ltr'>ἀμφοῖν</span> <span class='ocrx_word' id='word_1_52' title='bbox 1625 941 1734 986; x_wconf 78' lang='grc' dir='ltr'>τοῖν</span> 
     </span>
    </p>
   </div>
   <div class='ocr_carea' id='block_1_11' title="bbox 128 1018 1733 1096">
    <p class='ocr_par' dir='ltr' id='par_1_11' title="bbox 128 1018 1733 1096">
     <span class='ocr_line' id='line_1_11' title="bbox 128 1018 1733 1096; baseline 0.001 -22"><span class='ocrx_word' id='word_1_53' title='bbox 128 1021 404 1094; x_wconf 76' lang='grc' dir='ltr'>βασιλέοιν</span> <span class='ocrx_word' id='word_1_54' title='bbox 444 1023 500 1074; x_wconf 85' lang='grc' dir='ltr'>αἱ</span> <span class='ocrx_word' id='word_1_55' title='bbox 540 1018 766 1074; x_wconf 84' lang='grc' dir='ltr'>σπονδαὶ</span> <span class='ocrx_word' id='word_1_56' title='bbox 816 1029 908 1083; x_wconf 83' lang='grc' dir='ltr'>τῆς</span> <span class='ocrx_word' id='word_1_57' title='bbox 941 1021 1304 1095; x_wconf 86' lang='grc' dir='ltr'>συμϐιϐάσεως</span> <span class='ocrx_word' id='word_1_58' title='bbox 1353 1028 1602 1096; x_wconf 75' lang='grc' dir='ltr'>γένοιντο,</span> <span class='ocrx_word' id='word_1_59' title='bbox 1662 1031 1733 1094; x_wconf 85' lang='grc' dir='ltr'>τῷ</span> 
     </span>
    </p>
   </div>
   <div class='ocr_carea' id='block_1_12' title="bbox 124 1107 1734 1188">
    <p class='ocr_par' dir='ltr' id='par_1_12' title="bbox 124 1107 1734 1188">
     <span class='ocr_line' id='line_1_12' title="bbox 124 1107 1734 1188; baseline 0.001 -24"><span class='ocrx_word' id='word_1_60' title='bbox 124 1129 185 1165; x_wconf 85' lang='grc' dir='ltr'>τε</span> <span class='ocrx_word' id='word_1_61' title='bbox 220 1107 436 1176; x_wconf 76' lang='grc' dir='ltr'>βασιλεῖ</span> <span class='ocrx_word' id='word_1_62' title='bbox 458 1130 591 1184; x_wconf 78' lang='grc' dir='ltr'>φημι</span> <span class='ocrx_word' id='word_1_63' title='bbox 614 1111 821 1184; x_wconf 79' lang='grc' dir='ltr'>Ἰωάννῃ</span> <span class='ocrx_word' id='word_1_64' title='bbox 851 1119 924 1182; x_wconf 84' lang='grc' dir='ltr'>τῷ</span> <span class='ocrx_word' id='word_1_65' title='bbox 973 1114 1141 1186; x_wconf 80' lang='grc' dir='ltr'>Δούκᾳ</span> <span class='ocrx_word' id='word_1_66' title='bbox 1195 1118 1284 1166; x_wconf 87' lang='grc' dir='ltr'>καὶ</span> <span class='ocrx_word' id='word_1_67' title='bbox 1334 1121 1406 1184; x_wconf 84' lang='grc' dir='ltr'>τῷ</span> <span class='ocrx_word' id='word_1_68' title='bbox 1458 1120 1734 1188; x_wconf 76' lang='grc' dir='ltr'>κρατοῦντι</span> 
     </span>
    </p>
   </div>
   <div class='ocr_carea' id='block_1_13' title="bbox 121 1199 1732 1277">
    <p class='ocr_par' dir='ltr' id='par_1_13' title="bbox 121 1199 1732 1277">
     <span class='ocr_line' id='line_1_13' title="bbox 121 1199 1732 1277; baseline 0.001 -24"><span class='ocrx_word' id='word_1_69' title='bbox 121 1208 234 1253; x_wconf 84' lang='grc' dir='ltr'>τῶν</span> <span class='ocrx_word' id='word_1_70' title='bbox 288 1199 592 1275; x_wconf 86' lang='grc' dir='ltr'>Βουλγάρων</span> <span class='ocrx_word' id='word_1_71' title='bbox 651 1202 810 1254; x_wconf 83' lang='grc' dir='ltr'>’Λσάν</span> <span class='ocrx_word' id='word_1_72' title='bbox 867 1202 1101 1275; x_wconf 77' lang='grc' dir='ltr'>Ἰωάννῃ,</span> <span class='ocrx_word' id='word_1_73' title='bbox 1161 1201 1510 1277; x_wconf 84' lang='grc' dir='ltr'>προκατέλαϐε</span> <span class='ocrx_word' id='word_1_74' title='bbox 1564 1205 1653 1275; x_wconf 70' lang='grc' dir='ltr'>μεν</span> <span class='ocrx_word' id='word_1_75' title='bbox 1706 1203 1732 1254; x_wconf 98' lang='lat'>6</span> 
     </span>
    </p>
   </div>
   <div class='ocr_carea' id='block_1_14' title="bbox 127 1287 1734 1366">
    <p class='ocr_par' dir='ltr' id='par_1_14' title="bbox 127 1287 1734 1366">
     <span class='ocr_line' id='line_1_14' title="bbox 127 1287 1734 1366; baseline 0.002 -24"><span class='ocrx_word' id='word_1_76' title='bbox 127 1287 388 1362; x_wconf 80' lang='grc' dir='ltr'>βασιλεὺς</span> <span class='ocrx_word' id='word_1_77' title='bbox 417 1289 468 1325; x_wconf 72' lang='grc'>⁸⁸</span> <span class='ocrx_word' id='word_1_78' title='bbox 500 1293 594 1347; x_wconf 83' lang='grc' dir='ltr'>τήν</span> <span class='ocrx_word' id='word_1_79' title='bbox 625 1288 942 1362; x_wconf 76' lang='grc' dir='ltr'>Λάμψακον,</span> <span class='ocrx_word' id='word_1_80' title='bbox 997 1296 1088 1343; x_wconf 83' lang='grc' dir='ltr'>καὶ</span> <span class='ocrx_word' id='word_1_81' title='bbox 1154 1288 1554 1365; x_wconf 79' lang='grc' dir='ltr'>διαπεραιοῦται</span> <span class='ocrx_word' id='word_1_82' title='bbox 1603 1295 1734 1366; x_wconf 85' lang='grc' dir='ltr'>μετὰ</span> 
     </span>
    </p>
   </div>
   <div class='ocr_carea' id='block_1_15' title="bbox 117 1374 1736 1454">
    <p class='ocr_par' dir='ltr' id='par_1_15' title="bbox 117 1374 1736 1454">
     <span class='ocr_line' id='line_1_15' title="bbox 117 1374 1736 1454; baseline 0.003 -24"><span class='ocrx_word' id='word_1_83' title='bbox 117 1385 230 1430; x_wconf 83' lang='grc' dir='ltr'>τῶν</span> <span class='ocrx_word' id='word_1_84' title='bbox 261 1377 458 1430; x_wconf 89' lang='grc' dir='ltr'>οἰκείων</span> <span class='ocrx_word' id='word_1_85' title='bbox 490 1374 759 1450; x_wconf 79' lang='grc' dir='ltr'>δυνάμεων</span> <span class='ocrx_word' id='word_1_86' title='bbox 812 1379 882 1440; x_wconf 85' lang='grc' dir='ltr'>εἰς</span> <span class='ocrx_word' id='word_1_87' title='bbox 940 1380 1333 1449; x_wconf 75' lang='grc' dir='ltr'>Καλλιούπολιν,</span> <span class='ocrx_word' id='word_1_88' title='bbox 1384 1386 1475 1434; x_wconf 81' lang='grc' dir='ltr'>καὶ</span> <span class='ocrx_word' id='word_1_89' title='bbox 1526 1382 1736 1454; x_wconf 77' lang='grc' dir='ltr'>πολεμεῖ</span> 
     </span>
    </p>
   </div>
   <div class='ocr_carea' id='block_1_16' title="bbox 119 1466 1732 1544">
    <p class='ocr_par' dir='ltr' id='par_1_16' title="bbox 119 1466 1732 1544">
     <span class='ocr_line' id='line_1_16' title="bbox 119 1466 1732 1544; baseline 0.002 -26"><span class='ocrx_word' id='word_1_90' title='bbox 119 1469 187 1518; x_wconf 84' lang='grc' dir='ltr'>τὸ</span> <span class='ocrx_word' id='word_1_91' title='bbox 229 1468 384 1532; x_wconf 80' lang='grc' dir='ltr'>ἄστυ,</span> <span class='ocrx_word' id='word_1_92' title='bbox 446 1466 694 1529; x_wconf 74' lang='grc' dir='ltr'>ἑλεπόλεις</span> <span class='ocrx_word' id='word_1_93' title='bbox 745 1471 967 1539; x_wconf 80' lang='grc' dir='ltr'>στήσας,</span> <span class='ocrx_word' id='word_1_94' title='bbox 1022 1474 1113 1522; x_wconf 80' lang='grc' dir='ltr'>καὶ</span> <span class='ocrx_word' id='word_1_95' title='bbox 1155 1468 1204 1522; x_wconf 74' lang='grc' dir='ltr'>ἓν</span> <span class='ocrx_word' id='word_1_96' title='bbox 1261 1470 1320 1522; x_wconf 83' lang='grc' dir='ltr'>ού</span> <span class='ocrx_word' id='word_1_97' title='bbox 1352 1469 1519 1542; x_wconf 85' lang='grc' dir='ltr'>πολλῷ</span> <span class='ocrx_word' id='word_1_98' title='bbox 1555 1476 1732 1544; x_wconf 83' lang='grc' dir='ltr'>χρόνῳ</span> 
     </span>
    </p>
   </div>
   <div class='ocr_carea' id='block_1_17' title="bbox 123 1555 1735 1630">
    <p class='ocr_par' dir='ltr' id='par_1_17' title="bbox 123 1555 1735 1630">
     <span class='ocr_line' id='line_1_17' title="bbox 123 1555 1735 1630; baseline 0.002 -22"><span class='ocrx_word' id='word_1_99' title='bbox 123 1563 411 1630; x_wconf 83' lang='grc' dir='ltr'>χειροῦται</span> <span class='ocrx_word' id='word_1_100' title='bbox 439 1563 612 1628; x_wconf 87' lang='grc' dir='ltr'>τοῦτο,</span> <span class='ocrx_word' id='word_1_101' title='bbox 654 1565 750 1619; x_wconf 81' lang='grc' dir='ltr'>τῆς</span> <span class='ocrx_word' id='word_1_102' title='bbox 776 1565 876 1608; x_wconf 87' lang='grc' dir='ltr'>τῶν</span> <span class='ocrx_word' id='word_1_103' title='bbox 932 1563 1204 1611; x_wconf 84' lang='grc' dir='ltr'>Βενετίκων</span> <span class='ocrx_word' id='word_1_104' title='bbox 1269 1555 1540 1621; x_wconf 79' lang='grc' dir='ltr'>διασώσας</span> <span class='ocrx_word' id='word_1_105' title='bbox 1581 1567 1735 1612; x_wconf 92' lang='grc' dir='ltr'>τοῦτο</span> 
     </span>
    </p>
   </div>
   <div class='ocr_carea' id='block_1_18' title="bbox 123 1645 1736 1720">
    <p class='ocr_par' dir='ltr' id='par_1_18' title="bbox 123 1645 1736 1720">
     <span class='ocr_line' id='line_1_18' title="bbox 123 1645 1736 1720; baseline 0.001 -23"><span class='ocrx_word' id='word_1_106' title='bbox 123 1649 314 1719; x_wconf 75' lang='grc' dir='ltr'>χειρός</span> <span class='ocrx_word' id='word_1_107' title='bbox 353 1646 420 1700; x_wconf 72' lang='grc'>⁸⁵.</span> <span class='ocrx_word' id='word_1_108' title='bbox 481 1648 626 1698; x_wconf 68' lang='grc' dir='ltr'>Μετὰ</span> <span class='ocrx_word' id='word_1_109' title='bbox 683 1653 837 1698; x_wconf 90' lang='grc' dir='ltr'>τοῦτο</span> <span class='ocrx_word' id='word_1_110' title='bbox 893 1645 1276 1720; x_wconf 82' lang='grc' dir='ltr'>καταλαμϐάνει</span> <span class='ocrx_word' id='word_1_111' title='bbox 1333 1652 1426 1706; x_wconf 84' lang='grc' dir='ltr'>τήν</span> <span class='ocrx_word' id='word_1_112' title='bbox 1481 1647 1736 1701; x_wconf 78' lang='grc' dir='ltr'>Καλλιού-</span> 
     </span>
    </p>
   </div>
   <div class='ocr_carea' id='block_1_19' title="bbox 126 1733 1739 1811">
    <p class='ocr_par' dir='ltr' id='par_1_19' title="bbox 126 1733 1739 1811">
     <span class='ocr_line' id='line_1_19' title="bbox 126 1733 1739 1811; baseline 0.001 -24"><span class='ocrx_word' id='word_1_113' title='bbox 126 1733 284 1787; x_wconf 82' lang='grc' dir='ltr'>πολιν</span> <span class='ocrx_word' id='word_1_114' title='bbox 313 1737 399 1786; x_wconf 89' lang='grc' dir='ltr'>καὶ</span> <span class='ocrx_word' id='word_1_115' title='bbox 437 1735 464 1786; x_wconf 90' lang='lat'>6</span> <span class='ocrx_word' id='word_1_116' title='bbox 496 1734 655 1788; x_wconf 80' lang='grc' dir='ltr'>’Λσὰν</span> <span class='ocrx_word' id='word_1_117' title='bbox 684 1738 777 1787; x_wconf 87' lang='grc' dir='ltr'>σύν</span> <span class='ocrx_word' id='word_1_118' title='bbox 805 1743 866 1808; x_wconf 78' lang='grc' dir='ltr'>τῇ</span> <span class='ocrx_word' id='word_1_119' title='bbox 902 1736 1067 1808; x_wconf 79' lang='grc' dir='ltr'>οἰκείᾳ</span> <span class='ocrx_word' id='word_1_120' title='bbox 1120 1745 1319 1810; x_wconf 76' lang='grc' dir='ltr'>γαμετῇ</span> <span class='ocrx_word' id='word_1_121' title='bbox 1380 1745 1442 1811; x_wconf 72' lang='grc' dir='ltr'>τῇ</span> <span class='ocrx_word' id='word_1_122' title='bbox 1497 1737 1552 1801; x_wconf 71' lang='grc' dir='ltr'><em>ἐξ</em></span> <span class='ocrx_word' id='word_1_123' title='bbox 1603 1740 1739 1810; x_wconf 76' lang='grc' dir='ltr'>Οὔγ-</span> 
     </span>
    </p>
   </div>
   <div class='ocr_carea' id='block_1_20' title="bbox 123 579 641 648">
    <p class='ocr_par' dir='ltr' id='par_1_20' title="bbox 123 579 641 648">
     <span class='ocr_line' id='line_1_20' title="bbox 123 579 641 648; baseline -0.002 -20"><span class='ocrx_word' id='word_1_124' title='bbox 123 581 252 648; x_wconf 76' lang='grc' dir='ltr'>φίαν</span> <span class='ocrx_word' id='word_1_125' title='bbox 303 579 641 648; x_wconf 70' lang='grc' dir='ltr'>ἐπιστήμαις,</span> 
     </span>
    </p>
   </div>
   <div class='ocr_carea' id='block_1_21' title="bbox 1845 577 3498 652">
    <p class='ocr_par' dir='ltr' id='par_1_21' title="bbox 1845 577 3498 652">
     <span class='ocr_line' id='line_1_21' title="bbox 1845 577 3498 652; baseline 0.002 -19"><span class='ocrx_word' id='word_1_126' title='bbox 1845 577 2090 634; x_wconf 88' lang='lat' dir='ltr'>debant.</span> <span class='ocrx_word' id='word_1_127' title='bbox 2123 581 2188 635; x_wconf 87' lang='lat' dir='ltr'>Et</span> <span class='ocrx_word' id='word_1_128' title='bbox 2216 579 2290 635; x_wconf 92' lang='lat' dir='ltr'>de</span> <span class='ocrx_word' id='word_1_129' title='bbox 2325 595 2421 634; x_wconf 92' lang='lat' dir='ltr'>me</span> <span class='ocrx_word' id='word_1_130' title='bbox 2451 580 2585 652; x_wconf 88' lang='lat' dir='ltr'>ipso</span> <span class='ocrx_word' id='word_1_131' title='bbox 2609 579 2737 635; x_wconf 64' lang='lat' dir='ltr'>haec</span> <span class='ocrx_word' id='word_1_132' title='bbox 2767 579 2828 635; x_wconf 93' lang='lat' dir='ltr'>in</span> <span class='ocrx_word' id='word_1_133' title='bbox 2861 581 3137 652; x_wconf 68' lang='lat' dir='ltr'>praesenti</span> <span class='ocrx_word' id='word_1_134' title='bbox 3162 581 3303 637; x_wconf 82' lang='lat' dir='ltr'><strong>satis</strong></span> <span class='ocrx_word' id='word_1_135' title='bbox 3336 580 3498 637; x_wconf 81' lang='lat' dir='ltr'>dicta</span> 
     </span>
    </p>
   </div>
   <div class='ocr_carea' id='block_1_22' title="bbox 1846 669 3499 742">
    <p class='ocr_par' dir='ltr' id='par_1_22' title="bbox 1846 669 3499 742">
     <span class='ocr_line' id='line_1_22' title="bbox 1846 669 3499 742; baseline 0.001 -18"><span class='ocrx_word' id='word_1_136' title='bbox 1846 669 2084 724; x_wconf 80' lang='lat' dir='ltr'>sintzin</span> <span class='ocrx_word' id='word_1_137' title='bbox 2133 674 2440 740; x_wconf 89' lang='lat' dir='ltr'>posterum</span> <span class='ocrx_word' id='word_1_138' title='bbox 2483 685 2623 726; x_wconf 88' lang='lat' dir='ltr'>vero</span> <span class='ocrx_word' id='word_1_139' title='bbox 2668 669 2918 742; x_wconf 88' lang='lat' dir='ltr'>reliqua,</span> <span class='ocrx_word' id='word_1_140' title='bbox 2975 671 3080 726; x_wconf 91' lang='lat' dir='ltr'>ubi</span> <span class='ocrx_word' id='word_1_141' title='bbox 3123 687 3251 727; x_wconf 91' lang='lat' dir='ltr'>sese</span> <span class='ocrx_word' id='word_1_142' title='bbox 3303 670 3499 728; x_wconf 84' lang='lat' dir='ltr'>tulerit</span> 
     </span>
    </p>
   </div>
   <div class='ocr_carea' id='block_1_23' title="bbox 1844 759 2786 830">
    <p class='ocr_par' dir='ltr' id='par_1_23' title="bbox 1844 759 2786 830">
     <span class='ocr_line' id='line_1_23' title="bbox 1844 759 2786 830; baseline 0.003 -16"><span class='ocrx_word' id='word_1_143' title='bbox 1844 759 2104 830; x_wconf 84' lang='lat' dir='ltr'>occasio,</span> <span class='ocrx_word' id='word_1_144' title='bbox 2138 759 2396 816; x_wconf 65' lang='lat' dir='ltr'>historiae</span> <span class='ocrx_word' id='word_1_145' title='bbox 2429 759 2786 817; x_wconf 90' lang='lat' dir='ltr'>inserentur.</span> 
     </span>
    </p>
   </div>
   <div class='ocr_carea' id='block_1_24' title="bbox 1917 937 3500 1010">
    <p class='ocr_par' dir='ltr' id='par_1_24' title="bbox 1917 937 3500 1010">
     <span class='ocr_line' id='line_1_24' title="bbox 1917 937 3500 1010; baseline -0.001 -17"><span class='ocrx_word' id='word_1_146' title='bbox 1917 941 2003 994; x_wconf 88' lang='lat'>33.</span> <span class='ocrx_word' id='word_1_147' title='bbox 2037 938 2182 993; x_wconf 90' lang='lat' dir='ltr'>Cum</span> <span class='ocrx_word' id='word_1_148' title='bbox 2212 938 2436 1010; x_wconf 86' lang='lat' dir='ltr'>itaque,</span> <span class='ocrx_word' id='word_1_149' title='bbox 2467 941 2533 994; x_wconf 92' lang='lat' dir='ltr'>ut</span> <span class='ocrx_word' id='word_1_150' title='bbox 2569 937 2992 1010; x_wconf 77' lang='lat' dir='ltr'>praedixeram,</span> <span class='ocrx_word' id='word_1_151' title='bbox 3024 937 3206 994; x_wconf 90' lang='lat' dir='ltr'>ambo</span> <span class='ocrx_word' id='word_1_152' title='bbox 3235 939 3500 994; x_wconf 80' lang='lat' dir='ltr'>Joannes</span> 
     </span>
    </p>
   </div>
   <div class='ocr_carea' id='block_1_25' title="bbox 1845 1026 3499 1099">
    <p class='ocr_par' dir='ltr' id='par_1_25' title="bbox 1845 1026 3499 1099">
     <span class='ocr_line' id='line_1_25' title="bbox 1845 1026 3499 1099; baseline 0.001 -18"><span class='ocrx_word' id='word_1_153' title='bbox 1845 1027 2038 1083; x_wconf 90' lang='lat' dir='ltr'>Ducas</span> <span class='ocrx_word' id='word_1_154' title='bbox 2069 1027 2397 1099; x_wconf 81' lang='lat' dir='ltr'>imperator</span> <span class='ocrx_word' id='word_1_155' title='bbox 2441 1031 2496 1084; x_wconf 88' lang='lat' dir='ltr'>et</span> <span class='ocrx_word' id='word_1_156' title='bbox 2527 1033 2758 1084; x_wconf 81' lang='lat' dir='ltr'>Asanus</span> <span class='ocrx_word' id='word_1_157' title='bbox 2800 1031 3056 1083; x_wconf 87' lang='lat' dir='ltr'>Joannes</span> <span class='ocrx_word' id='word_1_158' title='bbox 3105 1026 3499 1096; x_wconf 87' lang='lat' dir='ltr'>Bulgarorum</span> 
     </span>
    </p>
   </div>
   <div class='ocr_carea' id='block_1_26' title="bbox 1843 1115 3501 1189">
    <p class='ocr_par' dir='ltr' id='par_1_26' title="bbox 1843 1115 3501 1189">
     <span class='ocr_line' id='line_1_26' title="bbox 1843 1115 3501 1189; baseline -0.001 -16"><span class='ocrx_word' id='word_1_159' title='bbox 1843 1133 1946 1173; x_wconf 87' lang='lat' dir='ltr'>rex</span> <span class='ocrx_word' id='word_1_160' title='bbox 1975 1115 2038 1171; x_wconf 91' lang='lat' dir='ltr'>in</span> <span class='ocrx_word' id='word_1_161' title='bbox 2072 1131 2258 1172; x_wconf 90' lang='lat' dir='ltr'>unum</span> <span class='ocrx_word' id='word_1_162' title='bbox 2287 1115 2507 1172; x_wconf 74' lang='lat' dir='ltr'>foedere</span> <span class='ocrx_word' id='word_1_163' title='bbox 2545 1116 2663 1172; x_wconf 92' lang='lat' dir='ltr'>icto</span> <span class='ocrx_word' id='word_1_164' title='bbox 2693 1117 3133 1186; x_wconf 87' lang='lat' dir='ltr'>convenissent,</span> <span class='ocrx_word' id='word_1_165' title='bbox 3178 1118 3501 1189; x_wconf 82' lang='lat' dir='ltr'>imperator</span> 
     </span>
    </p>
   </div>
   <div class='ocr_carea' id='block_1_27' title="bbox 1845 1205 3502 1278">
    <p class='ocr_par' dir='ltr' id='par_1_27' title="bbox 1845 1205 3502 1278">
     <span class='ocr_line' id='line_1_27' title="bbox 1845 1205 3502 1278; baseline 0 -17"><span class='ocrx_word' id='word_1_166' title='bbox 1845 1207 2244 1277; x_wconf 86' lang='lat' dir='ltr'>Lampsacum</span> <span class='ocrx_word' id='word_1_167' title='bbox 2299 1209 2704 1278; x_wconf 66' lang='lat' dir='ltr'>praeoccupat,</span> <span class='ocrx_word' id='word_1_168' title='bbox 2751 1210 2807 1262; x_wconf 93' lang='lat' dir='ltr'>et</span> <span class='ocrx_word' id='word_1_169' title='bbox 2851 1205 3040 1277; x_wconf 86' lang='lat' dir='ltr'>copiis</span> <span class='ocrx_word' id='word_1_170' title='bbox 3121 1205 3502 1277; x_wconf 89' lang='lat' dir='ltr'>Calliupolim</span> 
     </span>
    </p>
   </div>
   <div class='ocr_carea' id='block_1_28' title="bbox 1841 1294 3505 1368">
    <p class='ocr_par' dir='ltr' id='par_1_28' title="bbox 1841 1294 3505 1368">
     <span class='ocr_line' id='line_1_28' title="bbox 1841 1294 3505 1368; baseline 0.001 -18"><span class='ocrx_word' id='word_1_171' title='bbox 1841 1294 2081 1366; x_wconf 65' lang='lat' dir='ltr'>trajicit,</span> <span class='ocrx_word' id='word_1_172' title='bbox 2113 1294 2461 1368; x_wconf 88' lang='lat' dir='ltr'>adactisque</span> <span class='ocrx_word' id='word_1_173' title='bbox 2497 1295 2792 1351; x_wconf 88' lang='lat' dir='ltr'>machinis</span> <span class='ocrx_word' id='word_1_174' title='bbox 2825 1294 3136 1351; x_wconf 89' lang='lat' dir='ltr'>castellum</span> <span class='ocrx_word' id='word_1_175' title='bbox 3167 1294 3414 1363; x_wconf 81' lang='lat' dir='ltr'>invadit,</span> <span class='ocrx_word' id='word_1_176' title='bbox 3446 1297 3505 1351; x_wconf 89' lang='lat' dir='ltr'>et</span> 
     </span>
    </p>
   </div>
   <div class='ocr_carea' id='block_1_29' title="bbox 1840 1383 3550 1456">
    <p class='ocr_par' dir='ltr' id='par_1_29' title="bbox 1840 1383 3550 1456">
     <span class='ocr_line' id='line_1_29' title="bbox 1840 1383 3550 1456; baseline -0.001 -17"><span class='ocrx_word' id='word_1_177' title='bbox 1840 1399 1964 1439; x_wconf 94' lang='lat' dir='ltr'>non</span> <span class='ocrx_word' id='word_1_178' title='bbox 1997 1383 2184 1440; x_wconf 91' lang='lat' dir='ltr'>multo</span> <span class='ocrx_word' id='word_1_179' title='bbox 2224 1388 2360 1456; x_wconf 91' lang='lat' dir='ltr'>post</span> <span class='ocrx_word' id='word_1_180' title='bbox 2404 1399 2434 1439; x_wconf 93' lang='lat' dir='ltr'>e</span> <span class='ocrx_word' id='word_1_181' title='bbox 2465 1383 2828 1440; x_wconf 83' lang='lat' dir='ltr'>Venetorum</span> <span class='ocrx_word' id='word_1_182' title='bbox 2858 1383 3141 1440; x_wconf 90' lang='lat' dir='ltr'>manibus</span> <span class='ocrx_word' id='word_1_183' title='bbox 3165 1387 3500 1456; x_wconf 88' lang='lat' dir='ltr'>recuperat.</span> <span class='ocrx_word' id='word_1_184' title='bbox 3531 1423 3550 1437; x_wconf 93' lang='lat'>.</span> 
     </span>
    </p>
   </div>
   <div class='ocr_carea' id='block_1_30' title="bbox 1842 1472 3505 1542">
    <p class='ocr_par' dir='ltr' id='par_1_30' title="bbox 1842 1472 3505 1542">
     <span class='ocr_line' id='line_1_30' title="bbox 1842 1472 3505 1542; baseline 0 -14"><span class='ocrx_word' id='word_1_185' title='bbox 1842 1475 1979 1528; x_wconf 89' lang='lat' dir='ltr'>Post</span> <span class='ocrx_word' id='word_1_186' title='bbox 2003 1473 2132 1528; x_wconf 67' lang='lat' dir='ltr'>haec</span> <span class='ocrx_word' id='word_1_187' title='bbox 2158 1478 2396 1528; x_wconf 80' lang='lat' dir='ltr'>Asanus</span> <span class='ocrx_word' id='word_1_188' title='bbox 2435 1489 2574 1528; x_wconf 91' lang='lat' dir='ltr'>cum</span> <span class='ocrx_word' id='word_1_189' title='bbox 2605 1489 2788 1529; x_wconf 91' lang='lat' dir='ltr'>uxore</span> <span class='ocrx_word' id='word_1_190' title='bbox 2820 1473 2999 1530; x_wconf 87' lang='lat' dir='ltr'>Maria</span> <span class='ocrx_word' id='word_1_191' title='bbox 3031 1475 3271 1542; x_wconf 87' lang='lat' dir='ltr'>Ungara</span> <span class='ocrx_word' id='word_1_192' title='bbox 3301 1478 3357 1528; x_wconf 92' lang='lat' dir='ltr'>et</span> <span class='ocrx_word' id='word_1_193' title='bbox 3380 1472 3505 1529; x_wconf 86' lang='lat' dir='ltr'>ﬁlia</span> 
     </span>
    </p>
   </div>
   <div class='ocr_carea' id='block_1_31' title="bbox 1845 1562 3503 1635">
    <p class='ocr_par' dir='ltr' id='par_1_31' title="bbox 1845 1562 3503 1635">
     <span class='ocr_line' id='line_1_31' title="bbox 1845 1562 3503 1635; baseline 0 -17"><span class='ocrx_word' id='word_1_194' title='bbox 1845 1562 2064 1619; x_wconf 81' lang='lat' dir='ltr'>Helena</span> <span class='ocrx_word' id='word_1_195' title='bbox 2131 1562 2506 1635; x_wconf 86' lang='lat' dir='ltr'>Calliupolim</span> <span class='ocrx_word' id='word_1_196' title='bbox 2558 1562 2740 1632; x_wconf 89' lang='lat' dir='ltr'>venit,</span> <span class='ocrx_word' id='word_1_197' title='bbox 2795 1563 2899 1618; x_wconf 90' lang='lat' dir='ltr'>ubi</span> <span class='ocrx_word' id='word_1_198' title='bbox 2951 1578 3092 1618; x_wconf 91' lang='lat' dir='ltr'>cum</span> <span class='ocrx_word' id='word_1_199' title='bbox 3144 1563 3503 1634; x_wconf 88' lang='lat' dir='ltr'>imperatore</span> 
     </span>
    </p>
   </div>
   <div class='ocr_carea' id='block_1_32' title="bbox 1848 1651 3505 1724">
    <p class='ocr_par' dir='ltr' id='par_1_32' title="bbox 1848 1651 3505 1724">
     <span class='ocr_line' id='line_1_32' title="bbox 1848 1651 3505 1724; baseline 0 -16"><span class='ocrx_word' id='word_1_200' title='bbox 1848 1667 2190 1708; x_wconf 88' lang='lat' dir='ltr'>sermonem</span> <span class='ocrx_word' id='word_1_201' title='bbox 2215 1653 2472 1708; x_wconf 88' lang='lat' dir='ltr'>conserit</span> <span class='ocrx_word' id='word_1_202' title='bbox 2497 1671 2509 1707; x_wconf 90' lang='lat'>:</span> <span class='ocrx_word' id='word_1_203' title='bbox 2534 1652 2880 1724; x_wconf 85' lang='lat' dir='ltr'>ibidemque</span> <span class='ocrx_word' id='word_1_204' title='bbox 2908 1651 3232 1708; x_wconf 86' lang='lat' dir='ltr'>amicitiam</span> <span class='ocrx_word' id='word_1_205' title='bbox 3258 1657 3505 1724; x_wconf 88' lang='lat' dir='ltr'>uterque</span> 
     </span>
    </p>
   </div>
   <div class='ocr_carea' id='block_1_33' title="bbox 1848 1741 3505 1814">
    <p class='ocr_par' dir='ltr' id='par_1_33' title="bbox 1848 1741 3505 1814">
     <span class='ocr_line' id='line_1_33' title="bbox 1848 1741 3505 1814; baseline 0 -16"><span class='ocrx_word' id='word_1_206' title='bbox 1848 1742 2229 1798; x_wconf 87' lang='lat' dir='ltr'>conﬁrmant.</span> <span class='ocrx_word' id='word_1_207' title='bbox 2272 1742 2372 1798; x_wconf 87' lang='lat' dir='ltr'>Hic</span> <span class='ocrx_word' id='word_1_208' title='bbox 2403 1741 2848 1814; x_wconf 86' lang='lat' dir='ltr'>Hellespontum</span> <span class='ocrx_word' id='word_1_209' title='bbox 2879 1757 3003 1797; x_wconf 91' lang='lat' dir='ltr'>non</span> <span class='ocrx_word' id='word_1_210' title='bbox 3033 1742 3278 1812; x_wconf 82' lang='lat' dir='ltr'>trajecit,</span> <span class='ocrx_word' id='word_1_211' title='bbox 3304 1742 3410 1798; x_wconf 91' lang='lat' dir='ltr'>sed</span> <span class='ocrx_word' id='word_1_212' title='bbox 3444 1742 3505 1798; x_wconf 90' lang='lat' dir='ltr'>in</span> 
     </span>
    </p>
   </div>
   <div class='ocr_carea' id='block_1_34' title="bbox 125 1824 1760 1903">
    <p class='ocr_par' dir='ltr' id='par_1_34' title="bbox 125 1824 1740 1903">
     <span class='ocr_line' id='line_1_34' title="bbox 125 1824 1740 1903; baseline 0.003 -28"><span class='ocrx_word' id='word_1_213' title='bbox 125 1842 276 1898; x_wconf 64' lang='grc' dir='ltr'>γρων</span> <span class='ocrx_word' id='word_1_214' title='bbox 305 1827 486 1898; x_wconf 81' lang='grc' dir='ltr'>Μαρίᾳ</span> <span class='ocrx_word' id='word_1_215' title='bbox 511 1824 558 1860; x_wconf 82' lang='grc'>⁸³</span> <span class='ocrx_word' id='word_1_216' title='bbox 586 1828 677 1876; x_wconf 85' lang='grc' dir='ltr'>καὶ</span> <span class='ocrx_word' id='word_1_217' title='bbox 703 1832 766 1890; x_wconf 77' lang='grc' dir='ltr'>τῇ</span> <span class='ocrx_word' id='word_1_218' title='bbox 802 1827 1021 1899; x_wconf 81' lang='grc' dir='ltr'>θυγατρὶ</span> <span class='ocrx_word' id='word_1_219' title='bbox 1074 1825 1241 1900; x_wconf 75' lang='grc' dir='ltr'>Ἑλένη</span> <span class='ocrx_word' id='word_1_220' title='bbox 1297 1829 1366 1894; x_wconf 74' lang='grc'>⁸⁸,</span> <span class='ocrx_word' id='word_1_221' title='bbox 1424 1831 1514 1880; x_wconf 85' lang='grc' dir='ltr'>καὶ</span> <span class='ocrx_word' id='word_1_222' title='bbox 1565 1832 1740 1903; x_wconf 85' lang='grc' dir='ltr'>συνέρ-</span> 
     </span>
    </p>
   </div>
   <div class='ocr_carea' id='block_1_35' title="bbox 1877 1824 3508 1903">
    <p class='ocr_par' dir='ltr' id='par_1_35' title="bbox 1877 1830 3508 1902">
     <span class='ocr_line' id='line_1_35' title="bbox 1877 1830 3508 1902; baseline 0 -16"><span class='ocrx_word' id='word_1_223' title='bbox 1877 1830 2191 1902; x_wconf 74' lang='lat' dir='ltr'>Zalliupolis</span> <span class='ocrx_word' id='word_1_224' title='bbox 2231 1831 2504 1902; x_wconf 86' lang='lat' dir='ltr'>partibus</span> <span class='ocrx_word' id='word_1_225' title='bbox 2537 1831 2845 1886; x_wconf 87' lang='lat' dir='ltr'>remansit.</span> <span class='ocrx_word' id='word_1_226' title='bbox 2877 1833 3140 1887; x_wconf 87' lang='lat' dir='ltr'>Joannes</span> <span class='ocrx_word' id='word_1_227' title='bbox 3183 1830 3508 1902; x_wconf 82' lang='lat' dir='ltr'>imperator</span> 
     </span>
    </p>
   </div>
   <div class='ocr_carea' id='block_1_36' title="bbox 127 1913 1742 1988">
    <p class='ocr_par' dir='ltr' id='par_1_36' title="bbox 127 1913 1742 1988">
     <span class='ocr_line' id='line_1_36' title="bbox 127 1913 1742 1988; baseline 0.002 -24"><span class='ocrx_word' id='word_1_228' title='bbox 127 1931 296 1985; x_wconf 85' lang='grc' dir='ltr'>χεται</span> <span class='ocrx_word' id='word_1_229' title='bbox 355 1913 422 1973; x_wconf 81' lang='grc' dir='ltr'>εἰς</span> <span class='ocrx_word' id='word_1_230' title='bbox 478 1913 851 1967; x_wconf 80' lang='grc' dir='ltr'>Καλλιούπολιν</span> <span class='ocrx_word' id='word_1_231' title='bbox 911 1916 955 1950; x_wconf 74' lang='grc'>⁸⁷</span> <span class='ocrx_word' id='word_1_232' title='bbox 1007 1923 1079 1986; x_wconf 80' lang='grc' dir='ltr'>τῷ</span> <span class='ocrx_word' id='word_1_233' title='bbox 1133 1915 1361 1988; x_wconf 83' lang='grc' dir='ltr'>βασιλεῖ,</span> <span class='ocrx_word' id='word_1_234' title='bbox 1422 1921 1512 1969; x_wconf 81' lang='grc' dir='ltr'>καὶ</span> <span class='ocrx_word' id='word_1_235' title='bbox 1563 1918 1628 1969; x_wconf 81' lang='grc' dir='ltr'>τὰ</span> <span class='ocrx_word' id='word_1_236' title='bbox 1671 1917 1742 1978; x_wconf 83' lang='grc' dir='ltr'>εἰς</span> 
     </span>
    </p>
   </div>
   <div class='ocr_carea' id='block_1_37' title="bbox 131 1999 1741 2078">
    <p class='ocr_par' dir='ltr' id='par_1_37' title="bbox 131 1999 1741 2078">
     <span class='ocr_line' id='line_1_37' title="bbox 131 1999 1741 2078; baseline 0.002 -25"><span class='ocrx_word' id='word_1_237' title='bbox 131 2000 312 2074; x_wconf 75' lang='grc' dir='ltr'>φιλίαν</span> <span class='ocrx_word' id='word_1_238' title='bbox 350 2000 636 2078; x_wconf 79' lang='grc' dir='ltr'>ἀμφότεροι</span> <span class='ocrx_word' id='word_1_239' title='bbox 699 1999 1133 2077; x_wconf 76' lang='grc' dir='ltr'>διαπράττονται,</span> <span class='ocrx_word' id='word_1_240' title='bbox 1192 2005 1359 2067; x_wconf 79' lang='grc' dir='ltr'>Οὗτος</span> <span class='ocrx_word' id='word_1_241' title='bbox 1414 2009 1500 2066; x_wconf 67' lang='grc' dir='ltr'>μὲν</span> <span class='ocrx_word' id='word_1_242' title='bbox 1543 2002 1630 2058; x_wconf 81' lang='grc' dir='ltr'>οὖν</span> <span class='ocrx_word' id='word_1_243' title='bbox 1683 2005 1741 2058; x_wconf 88' lang='grc' dir='ltr'>ού</span> 
     </span>
    </p>
   </div>
   <div class='ocr_carea' id='block_1_38' title="bbox 132 2086 1742 2167">
    <p class='ocr_par' dir='ltr' id='par_1_38' title="bbox 132 2086 1742 2167">
     <span class='ocr_line' id='line_1_38' title="bbox 132 2086 1742 2167; baseline 0.002 -22"><span class='ocrx_word' id='word_1_244' title='bbox 132 2086 417 2164; x_wconf 81' lang='grc' dir='ltr'>διεπέρασε</span> <span class='ocrx_word' id='word_1_245' title='bbox 501 2095 588 2144; x_wconf 81' lang='grc' dir='ltr'>τόν</span> <span class='ocrx_word' id='word_1_246' title='bbox 645 2091 1039 2163; x_wconf 78' lang='grc' dir='ltr'>Ἑλλήσποντον,</span> <span class='ocrx_word' id='word_1_247' title='bbox 1119 2091 1225 2145; x_wconf 79' lang='grc' dir='ltr'>ἀλλ’</span> <span class='ocrx_word' id='word_1_248' title='bbox 1281 2096 1469 2167; x_wconf 76' lang='grc' dir='ltr'>ἔμεινεν</span> <span class='ocrx_word' id='word_1_249' title='bbox 1534 2093 1582 2146; x_wconf 75' lang='grc' dir='ltr'>ἓν</span> <span class='ocrx_word' id='word_1_250' title='bbox 1634 2101 1742 2156; x_wconf 87' lang='grc' dir='ltr'>τοῖς</span> 
     </span>
    </p>
   </div>
   <div class='ocr_carea' id='block_1_39' title="bbox 127 2179 1743 2256">
    <p class='ocr_par' dir='ltr' id='par_1_39' title="bbox 127 2179 1743 2256">
     <span class='ocr_line' id='line_1_39' title="bbox 127 2179 1743 2256; baseline 0.002 -24"><span class='ocrx_word' id='word_1_251' title='bbox 127 2189 230 2241; x_wconf 77' lang='grc' dir='ltr'>τῆς</span> <span class='ocrx_word' id='word_1_252' title='bbox 276 2179 692 2242; x_wconf 80' lang='grc' dir='ltr'>Καλλιουπόλεως</span> <span class='ocrx_word' id='word_1_253' title='bbox 721 2186 930 2256; x_wconf 78' lang='grc' dir='ltr'>μέρεσιν</span> <span class='ocrx_word' id='word_1_254' title='bbox 961 2183 1030 2218; x_wconf 69' lang='grc'>⁸⁸*</span> <span class='ocrx_word' id='word_1_255' title='bbox 1092 2184 1116 2234; x_wconf 89' lang='grc' dir='ltr'>ό</span> <span class='ocrx_word' id='word_1_256' title='bbox 1167 2179 1225 2236; x_wconf 68' lang='grc' dir='ltr'>δὲ</span> <span class='ocrx_word' id='word_1_257' title='bbox 1276 2181 1520 2256; x_wconf 83' lang='grc' dir='ltr'>βασιλεὺς</span> <span class='ocrx_word' id='word_1_258' title='bbox 1568 2184 1743 2237; x_wconf 87' lang='grc' dir='ltr'>Ἰωάν-</span> 
     </span>
    </p>
   </div>
   <div class='ocr_carea' id='block_1_40' title="bbox 127 2270 1742 2348">
    <p class='ocr_par' dir='ltr' id='par_1_40' title="bbox 127 2270 1742 2348">
     <span class='ocr_line' id='line_1_40' title="bbox 127 2270 1742 2348; baseline 0.003 -27"><span class='ocrx_word' id='word_1_259' title='bbox 127 2288 228 2331; x_wconf 81' lang='grc' dir='ltr'>νης</span> <span class='ocrx_word' id='word_1_260' title='bbox 252 2275 346 2328; x_wconf 80' lang='grc' dir='ltr'>τήν</span> <span class='ocrx_word' id='word_1_261' title='bbox 375 2270 536 2322; x_wconf 76' lang='grc' dir='ltr'>αὐτοῦ</span> <span class='ocrx_word' id='word_1_262' title='bbox 564 2271 792 2342; x_wconf 79' lang='grc' dir='ltr'>σύζυγον</span> <span class='ocrx_word' id='word_1_263' title='bbox 817 2275 910 2324; x_wconf 78' lang='grc' dir='ltr'>σὺν</span> <span class='ocrx_word' id='word_1_264' title='bbox 933 2279 995 2345; x_wconf 79' lang='grc' dir='ltr'>τῇ</span> <span class='ocrx_word' id='word_1_265' title='bbox 1033 2273 1251 2348; x_wconf 88' lang='grc' dir='ltr'>θυγατρὶ</span> <span class='ocrx_word' id='word_1_266' title='bbox 1273 2271 1442 2347; x_wconf 74' lang='grc' dir='ltr'>Ἑλένη</span> <span class='ocrx_word' id='word_1_267' title='bbox 1481 2272 1648 2326; x_wconf 88' lang='grc' dir='ltr'>λαϐὼν</span> <span class='ocrx_word' id='word_1_268' title='bbox 1694 2276 1742 2311; x_wconf 74' lang='grc' dir='ltr'><strong>⁸ο</strong></span> 
     </span>
    </p>
   </div>
   <div class='ocr_carea' id='block_1_41' title="bbox 131 2355 1744 2435">
    <p class='ocr_par' dir='ltr' id='par_1_41' title="bbox 131 2355 1744 2435">
     <span class='ocr_line' id='line_1_41' title="bbox 131 2355 1744 2435; baseline 0.002 -23"><span class='ocrx_word' id='word_1_269' title='bbox 131 2355 544 2434; x_wconf 80' lang='grc' dir='ltr'>διαπεραιοῦται</span> <span class='ocrx_word' id='word_1_270' title='bbox 603 2359 674 2421; x_wconf 89' lang='grc' dir='ltr'>εἰς</span> <span class='ocrx_word' id='word_1_271' title='bbox 732 2360 1046 2433; x_wconf 79' lang='grc' dir='ltr'>Λάμψακον,</span> <span class='ocrx_word' id='word_1_272' title='bbox 1135 2362 1255 2414; x_wconf 76' lang='grc' dir='ltr'>ἔνθα</span> <span class='ocrx_word' id='word_1_273' title='bbox 1313 2358 1374 2420; x_wconf 76' lang='grc' dir='ltr'>ἧν</span> <span class='ocrx_word' id='word_1_274' title='bbox 1431 2364 1460 2421; x_wconf 80' lang='grc' dir='ltr'>ἡ</span> <span class='ocrx_word' id='word_1_275' title='bbox 1531 2361 1744 2435; x_wconf 85' lang='grc' dir='ltr'>βασιλὶς</span> 
     </span>
    </p>
   </div>
   <div class='ocr_carea' id='block_1_42' title="bbox 129 2447 1742 2525">
    <p class='ocr_par' dir='ltr' id='par_1_42' title="bbox 129 2447 1742 2525">
     <span class='ocr_line' id='line_1_42' title="bbox 129 2447 1742 2525; baseline 0.002 -25"><span class='ocrx_word' id='word_1_276' title='bbox 129 2449 355 2521; x_wconf 84' lang='grc' dir='ltr'>Εἰρήνη,</span> <span class='ocrx_word' id='word_1_277' title='bbox 389 2454 478 2502; x_wconf 80' lang='grc' dir='ltr'>καὶ</span> <span class='ocrx_word' id='word_1_278' title='bbox 505 2448 769 2521; x_wconf 87' lang='grc' dir='ltr'>πληροῦσι</span> <span class='ocrx_word' id='word_1_279' title='bbox 797 2454 892 2508; x_wconf 85' lang='grc' dir='ltr'>τήν</span> <span class='ocrx_word' id='word_1_280' title='bbox 926 2459 1024 2502; x_wconf 84' lang='grc' dir='ltr'>τῶν</span> <span class='ocrx_word' id='word_1_281' title='bbox 1075 2447 1279 2504; x_wconf 82' lang='grc' dir='ltr'>παίδων</span> <span class='ocrx_word' id='word_1_282' title='bbox 1334 2452 1386 2486; x_wconf 87' lang='grc'>⁷⁰</span> <span class='ocrx_word' id='word_1_283' title='bbox 1444 2454 1742 2525; x_wconf 75' lang='grc' dir='ltr'>συνάφειαν,</span> 
     </span>
    </p>
   </div>
   <div class='ocr_carea' id='block_1_43' title="bbox 129 2539 1743 2615">
    <p class='ocr_par' dir='ltr' id='par_1_43' title="bbox 129 2539 1743 2615">
     <span class='ocr_line' id='line_1_43' title="bbox 129 2539 1743 2615; baseline 0.002 -24"><span class='ocrx_word' id='word_1_284' title='bbox 129 2545 236 2591; x_wconf 85' lang='grc' dir='ltr'>τοῦ</span> <span class='ocrx_word' id='word_1_285' title='bbox 265 2539 600 2611; x_wconf 87' lang='grc' dir='ltr'>πατριάρχου</span> <span class='ocrx_word' id='word_1_286' title='bbox 636 2544 896 2613; x_wconf 83' lang='grc' dir='ltr'>Γερμανοῦ</span> <span class='ocrx_word' id='word_1_287' title='bbox 933 2541 1001 2592; x_wconf 79' lang='grc' dir='ltr'>τὰ</span> <span class='ocrx_word' id='word_1_288' title='bbox 1050 2547 1141 2600; x_wconf 87' lang='grc' dir='ltr'>τῆς</span> <span class='ocrx_word' id='word_1_289' title='bbox 1199 2539 1480 2615; x_wconf 88' lang='grc' dir='ltr'>ἱερολογίας</span> <span class='ocrx_word' id='word_1_290' title='bbox 1506 2543 1552 2576; x_wconf 84' lang='grc'>⁷¹</span> <span class='ocrx_word' id='word_1_291' title='bbox 1609 2542 1743 2595; x_wconf 85' lang='grc' dir='ltr'>τελέ-</span> 
     </span>
    </p>
   </div>
   <div class='ocr_carea' id='block_1_44' title="bbox 135 2627 1743 2704">
    <p class='ocr_par' dir='ltr' id='par_1_44' title="bbox 135 2627 1743 2704">
     <span class='ocr_line' id='line_1_44' title="bbox 135 2627 1743 2704; baseline 0.002 -25"><span class='ocrx_word' id='word_1_292' title='bbox 135 2646 345 2688; x_wconf 87' lang='grc' dir='ltr'>σαντος.</span> <span class='ocrx_word' id='word_1_293' title='bbox 373 2633 500 2680; x_wconf 83' lang='grc' dir='ltr'>Τότε</span> <span class='ocrx_word' id='word_1_294' title='bbox 525 2633 614 2680; x_wconf 87' lang='grc' dir='ltr'>καὶ</span> <span class='ocrx_word' id='word_1_295' title='bbox 660 2629 686 2680; x_wconf 89' lang='lat'>6</span> <span class='ocrx_word' id='word_1_296' title='bbox 716 2628 966 2704; x_wconf 88' lang='grc' dir='ltr'>Τρινόϐου</span> <span class='ocrx_word' id='word_1_297' title='bbox 1027 2627 1303 2704; x_wconf 80' lang='grc' dir='ltr'>ἀρχιερεύς</span> <span class='ocrx_word' id='word_1_298' title='bbox 1357 2630 1474 2703; x_wconf 88' lang='grc'>(66)</span> <span class='ocrx_word' id='word_1_299' title='bbox 1503 2632 1602 2683; x_wconf 78' lang='grc' dir='ltr'>ὑπὸ</span> <span class='ocrx_word' id='word_1_300' title='bbox 1655 2635 1743 2683; x_wconf 87' lang='grc' dir='ltr'>τόν</span> 
     </span>
    </p>
   </div>
   <div class='ocr_carea' id='block_1_45' title="bbox 131 2717 1744 2793">
    <p class='ocr_par' dir='ltr' id='par_1_45' title="bbox 131 2717 1744 2793">
     <span class='ocr_line' id='line_1_45' title="bbox 131 2717 1744 2793; baseline 0.002 -25"><span class='ocrx_word' id='word_1_301' title='bbox 131 2725 237 2778; x_wconf 87' lang='grc' dir='ltr'>τῆς</span> <span class='ocrx_word' id='word_1_302' title='bbox 296 2717 882 2779; x_wconf 80' lang='grc' dir='ltr'>Κωνσταντινουπόλεως</span> <span class='ocrx_word' id='word_1_303' title='bbox 927 2717 1080 2771; x_wconf 86' lang='grc' dir='ltr'>τελῶν</span> <span class='ocrx_word' id='word_1_304' title='bbox 1135 2718 1419 2792; x_wconf 76' lang='grc' dir='ltr'>αὐτονομίᾳ</span> <span class='ocrx_word' id='word_1_305' title='bbox 1473 2724 1744 2793; x_wconf 87' lang='grc' dir='ltr'>τετίμηται</span> 
     </span>
    </p>
   </div>
   <div class='ocr_carea' id='block_1_46' title="bbox 129 2805 1742 2884">
    <p class='ocr_par' dir='ltr' id='par_1_46' title="bbox 129 2805 1742 2884">
     <span class='ocr_line' id='line_1_46' title="bbox 129 2805 1742 2884; baseline 0.002 -26"><span class='ocrx_word' id='word_1_306' title='bbox 129 2811 230 2858; x_wconf 77' lang='grc' dir='ltr'>καὶ</span> <span class='ocrx_word' id='word_1_307' title='bbox 285 2808 627 2882; x_wconf 76' lang='grc' dir='ltr'>πατριδιρχης</span> <span class='ocrx_word' id='word_1_308' title='bbox 697 2805 1104 2880; x_wconf 79' lang='grc' dir='ltr'>ἀναγορεύεσθαι</span> <span class='ocrx_word' id='word_1_309' title='bbox 1163 2812 1398 2884; x_wconf 78' lang='grc' dir='ltr'>κέκριται</span> <span class='ocrx_word' id='word_1_310' title='bbox 1481 2807 1742 2882; x_wconf 85' lang='grc' dir='ltr'>βασιλικῷ</span> 
     </span>
    </p>
   </div>
   <div class='ocr_carea' id='block_1_47' title="bbox 131 2892 1742 2974">
    <p class='ocr_par' dir='ltr' id='par_1_47' title="bbox 131 2892 1742 2974">
     <span class='ocr_line' id='line_1_47' title="bbox 131 2892 1742 2974; baseline 0.002 -27"><span class='ocrx_word' id='word_1_311' title='bbox 131 2900 231 2948; x_wconf 83' lang='grc' dir='ltr'>καὶ</span> <span class='ocrx_word' id='word_1_312' title='bbox 264 2892 527 2966; x_wconf 84' lang='grc' dir='ltr'>συνοδικῷ</span> <span class='ocrx_word' id='word_1_313' title='bbox 555 2903 626 2966; x_wconf 86' lang='grc' dir='ltr'>τῷ</span> <span class='ocrx_word' id='word_1_314' title='bbox 660 2898 984 2968; x_wconf 86' lang='grc' dir='ltr'>θεσπίσματι</span> <span class='ocrx_word' id='word_1_315' title='bbox 1033 2897 1105 2964; x_wconf 76' lang='grc'>⁷³,</span> <span class='ocrx_word' id='word_1_316' title='bbox 1154 2899 1381 2972; x_wconf 87' lang='grc' dir='ltr'>χάριτας</span> <span class='ocrx_word' id='word_1_317' title='bbox 1433 2906 1532 2950; x_wconf 88' lang='grc' dir='ltr'>τῶν</span> <span class='ocrx_word' id='word_1_318' title='bbox 1581 2899 1742 2974; x_wconf 82' lang='grc' dir='ltr'>πρού-</span> 
     </span>
    </p>
   </div>
   <div class='ocr_carea' id='block_1_48' title="bbox 131 2984 1743 3062">
    <p class='ocr_par' dir='ltr' id='par_1_48' title="bbox 131 2984 1743 3062">
     <span class='ocr_line' id='line_1_48' title="bbox 131 2984 1743 3062; baseline 0.001 -26"><span class='ocrx_word' id='word_1_319' title='bbox 131 2989 343 3057; x_wconf 82' lang='grc' dir='ltr'>χόντων</span> <span class='ocrx_word' id='word_1_320' title='bbox 401 2984 747 3037; x_wconf 81' lang='grc' dir='ltr'>ἁποτινύντων</span> <span class='ocrx_word' id='word_1_321' title='bbox 807 2992 880 3056; x_wconf 84' lang='grc' dir='ltr'>τῷ</span> <span class='ocrx_word' id='word_1_322' title='bbox 939 2985 1242 3059; x_wconf 86' lang='grc' dir='ltr'>Βουλγὰρων</span> <span class='ocrx_word' id='word_1_323' title='bbox 1303 2988 1524 3062; x_wconf 81' lang='grc' dir='ltr'>ἄρχοντι</span> <span class='ocrx_word' id='word_1_324' title='bbox 1584 2987 1743 3040; x_wconf 83' lang='grc' dir='ltr'>Ἀσὰν</span> 
     </span>
    </p>
   </div>
   <div class='ocr_carea' id='block_1_49' title="bbox 131 3069 1745 3148">
    <p class='ocr_par' dir='ltr' id='par_1_49' title="bbox 131 3069 1745 3148">
     <span class='ocr_line' id='line_1_49' title="bbox 131 3069 1745 3148; baseline 0.002 -22"><span class='ocrx_word' id='word_1_325' title='bbox 131 3081 235 3126; x_wconf 86' lang='grc' dir='ltr'>τοῦ</span> <span class='ocrx_word' id='word_1_326' title='bbox 265 3069 458 3135; x_wconf 80' lang='grc' dir='ltr'>κήδους</span> <span class='ocrx_word' id='word_1_327' title='bbox 487 3073 633 3127; x_wconf 78' lang='grc' dir='ltr'>ἕνεκα</span> <span class='ocrx_word' id='word_1_328' title='bbox 661 3079 750 3127; x_wconf 82' lang='grc' dir='ltr'>καὶ</span> <span class='ocrx_word' id='word_1_329' title='bbox 790 3083 880 3136; x_wconf 83' lang='grc' dir='ltr'>τῆς</span> <span class='ocrx_word' id='word_1_330' title='bbox 929 3074 1095 3147; x_wconf 78' lang='grc' dir='ltr'>φιλίας</span> <span class='ocrx_word' id='word_1_331' title='bbox 1151 3076 1220 3130; x_wconf 79' lang='grc'>⁷³.</span> <span class='ocrx_word' id='word_1_332' title='bbox 1278 3075 1418 3130; x_wconf 83' lang='grc' dir='ltr'>Ἐπεὶ</span> <span class='ocrx_word' id='word_1_333' title='bbox 1467 3084 1590 3148; x_wconf 84' lang='grc' dir='ltr'>γοῦν</span> <span class='ocrx_word' id='word_1_334' title='bbox 1644 3079 1745 3130; x_wconf 85' lang='grc' dir='ltr'>ὅσα</span> 
     </span>
    </p>
   </div>
   <div class='ocr_carea' id='block_1_50' title="bbox 132 3162 1744 3238">
    <p class='ocr_par' dir='ltr' id='par_1_50' title="bbox 132 3162 1744 3238">
     <span class='ocr_line' id='line_1_50' title="bbox 132 3162 1744 3238; baseline 0.002 -23"><span class='ocrx_word' id='word_1_335' title='bbox 132 3162 190 3226; x_wconf 74' lang='grc' dir='ltr'>ἐς</span> <span class='ocrx_word' id='word_1_336' title='bbox 247 3166 311 3215; x_wconf 82' lang='grc' dir='ltr'>τὰ</span> <span class='ocrx_word' id='word_1_337' title='bbox 367 3171 584 3215; x_wconf 81' lang='grc' dir='ltr'>τοιαῦτα</span> <span class='ocrx_word' id='word_1_338' title='bbox 638 3167 776 3238; x_wconf 71' lang='grc' dir='ltr'>φέρει</span> <span class='ocrx_word' id='word_1_339' title='bbox 859 3163 1210 3238; x_wconf 88' lang='grc' dir='ltr'>πεπλήρωται,</span> <span class='ocrx_word' id='word_1_340' title='bbox 1269 3166 1298 3222; x_wconf 85' lang='grc' dir='ltr'>ἡ</span> <span class='ocrx_word' id='word_1_341' title='bbox 1375 3167 1466 3237; x_wconf 70' lang='grc' dir='ltr'>μὲν</span> <span class='ocrx_word' id='word_1_342' title='bbox 1531 3164 1744 3238; x_wconf 82' lang='grc' dir='ltr'>βασιλὶς</span> 
     </span>
    </p>
   </div>
   <div class='ocr_carea' id='block_1_51' title="bbox 130 3252 1747 3328">
    <p class='ocr_par' dir='ltr' id='par_1_51' title="bbox 130 3252 1747 3328">
     <span class='ocr_line' id='line_1_51' title="bbox 130 3252 1747 3328; baseline 0.001 -22"><span class='ocrx_word' id='word_1_343' title='bbox 130 3252 335 3327; x_wconf 82' lang='grc' dir='ltr'>Εἰρήνη</span> <span class='ocrx_word' id='word_1_344' title='bbox 367 3256 454 3305; x_wconf 90' lang='grc' dir='ltr'>τόν</span> <span class='ocrx_word' id='word_1_345' title='bbox 496 3255 608 3304; x_wconf 84' lang='grc' dir='ltr'>υἱὸν</span> <span class='ocrx_word' id='word_1_346' title='bbox 640 3255 772 3325; x_wconf 87' lang='grc' dir='ltr'>μετά</span> <span class='ocrx_word' id='word_1_347' title='bbox 795 3260 892 3312; x_wconf 84' lang='grc' dir='ltr'>τῆς</span> <span class='ocrx_word' id='word_1_348' title='bbox 922 3255 1128 3325; x_wconf 80' lang='grc' dir='ltr'>νύμφης</span> <span class='ocrx_word' id='word_1_349' title='bbox 1164 3252 1400 3306; x_wconf 85' lang='grc' dir='ltr'>λαϐοῦσα</span> <span class='ocrx_word' id='word_1_350' title='bbox 1447 3262 1556 3316; x_wconf 86' lang='grc' dir='ltr'>τοῖς</span> <span class='ocrx_word' id='word_1_351' title='bbox 1602 3255 1747 3328; x_wconf 68' lang='grc' dir='ltr'>ἑῴοις</span> 
     </span>
    </p>
   </div>
   <div class='ocr_carea' id='block_1_52' title="bbox 134 3338 1745 3415">
    <p class='ocr_par' dir='ltr' id='par_1_52' title="bbox 134 3338 1745 3415">
     <span class='ocr_line' id='line_1_52' title="bbox 134 3338 1745 3415; baseline 0.001 -19"><span class='ocrx_word' id='word_1_352' title='bbox 134 3339 465 3415; x_wconf 77' lang='grc' dir='ltr'>συνδιῃτᾶτο</span> <span class='ocrx_word' id='word_1_353' title='bbox 493 3346 714 3415; x_wconf 82' lang='grc' dir='ltr'>χώροις,</span> <span class='ocrx_word' id='word_1_354' title='bbox 749 3343 996 3404; x_wconf 82' lang='grc' dir='ltr'>ὧσαύτως</span> <span class='ocrx_word' id='word_1_355' title='bbox 1029 3338 1088 3394; x_wconf 65' lang='grc' dir='ltr'>δὲ</span> <span class='ocrx_word' id='word_1_356' title='bbox 1145 3348 1234 3395; x_wconf 87' lang='grc' dir='ltr'>καὶ</span> <span class='ocrx_word' id='word_1_357' title='bbox 1287 3345 1317 3402; x_wconf 81' lang='grc' dir='ltr'>ἡ</span> <span class='ocrx_word' id='word_1_358' title='bbox 1350 3351 1442 3395; x_wconf 91' lang='grc' dir='ltr'>τοῦ</span> <span class='ocrx_word' id='word_1_359' title='bbox 1494 3345 1544 3380; x_wconf 73' lang='grc'>⁶¹⁴</span> <span class='ocrx_word' id='word_1_360' title='bbox 1581 3345 1745 3398; x_wconf 83' lang='grc' dir='ltr'>Ἀσὰν</span> 
     </span>
    </p>
   </div>
   <div class='ocr_carea' id='block_1_53' title="bbox 134 3429 1746 3507">
    <p class='ocr_par' dir='ltr' id='par_1_53' title="bbox 134 3429 1746 3507">
     <span class='ocr_line' id='line_1_53' title="bbox 134 3429 1746 3507; baseline 0.002 -23"><span class='ocrx_word' id='word_1_361' title='bbox 134 3434 373 3503; x_wconf 87' lang='grc' dir='ltr'>σύζυγος</span> <span class='ocrx_word' id='word_1_362' title='bbox 421 3429 469 3482; x_wconf 77' lang='grc' dir='ltr'>ἐν</span> <span class='ocrx_word' id='word_1_363' title='bbox 526 3438 636 3493; x_wconf 84' lang='grc' dir='ltr'>τοῖς</span> <span class='ocrx_word' id='word_1_364' title='bbox 697 3430 906 3492; x_wconf 85' lang='grc' dir='ltr'>οἰκείοις</span> <span class='ocrx_word' id='word_1_365' title='bbox 961 3435 1138 3492; x_wconf 87' lang='grc' dir='ltr'>τόποις</span> <span class='ocrx_word' id='word_1_366' title='bbox 1213 3431 1551 3507; x_wconf 72' lang='grc' dir='ltr'>ὑπέστρεψεν,</span> <span class='ocrx_word' id='word_1_367' title='bbox 1607 3435 1632 3486; x_wconf 90' lang='lat'>6</span> <span class='ocrx_word' id='word_1_368' title='bbox 1687 3431 1746 3488; x_wconf 73' lang='grc' dir='ltr'>δε</span> 
     </span>
    </p>
   </div>
   <div class='ocr_carea' id='block_1_54' title="bbox 132 3517 1744 3596">
    <p class='ocr_par' dir='ltr' id='par_1_54' title="bbox 132 3517 1744 3596">
     <span class='ocr_line' id='line_1_54' title="bbox 132 3517 1744 3596; baseline 0.002 -24"><span class='ocrx_word' id='word_1_369' title='bbox 132 3519 396 3595; x_wconf 82' lang='grc' dir='ltr'>βασιλεὺς</span> <span class='ocrx_word' id='word_1_370' title='bbox 437 3520 676 3583; x_wconf 83' lang='grc' dir='ltr'>Ἰωάννης</span> <span class='ocrx_word' id='word_1_371' title='bbox 726 3525 817 3573; x_wconf 83' lang='grc' dir='ltr'>καὶ</span> <span class='ocrx_word' id='word_1_372' title='bbox 871 3521 897 3572; x_wconf 89' lang='lat'>6</span> <span class='ocrx_word' id='word_1_373' title='bbox 939 3519 1098 3573; x_wconf 81' lang='grc' dir='ltr'>’Λσὰν</span> <span class='ocrx_word' id='word_1_374' title='bbox 1146 3523 1240 3583; x_wconf 85' lang='grc' dir='ltr'>τὰς</span> <span class='ocrx_word' id='word_1_375' title='bbox 1270 3520 1460 3583; x_wconf 86' lang='grc' dir='ltr'>οἰκείας</span> <span class='ocrx_word' id='word_1_376' title='bbox 1498 3517 1744 3596; x_wconf 87' lang='grc' dir='ltr'>δυνάμεις</span> 
     </span>
    </p>
   </div>
   <div class='ocr_carea' id='block_1_55' title="bbox 127 3605 1746 3687">
    <p class='ocr_par' dir='ltr' id='par_1_55' title="bbox 127 3605 1746 3687">
     <span class='ocr_line' id='line_1_55' title="bbox 127 3605 1746 3687; baseline 0.001 -24"><span class='ocrx_word' id='word_1_377' title='bbox 127 3609 656 3683; x_wconf 75' lang='grc' dir='ltr'>προσειληφοτεςκαὶ</span> <span class='ocrx_word' id='word_1_378' title='bbox 711 3608 864 3682; x_wconf 79' lang='grc' dir='ltr'>ἄμφω</span> <span class='ocrx_word' id='word_1_379' title='bbox 920 3613 1015 3667; x_wconf 77' lang='grc' dir='ltr'>τήν</span> <span class='ocrx_word' id='word_1_380' title='bbox 1061 3605 1279 3668; x_wconf 81' lang='grc' dir='ltr'>δυτικήν</span> <span class='ocrx_word' id='word_1_381' title='bbox 1335 3611 1447 3681; x_wconf 87' lang='lat'>(67)</span> <span class='ocrx_word' id='word_1_382' title='bbox 1487 3608 1746 3687; x_wconf 79' lang='grc' dir='ltr'>κατέδρα-</span> 
     </span>
    </p>
   </div>
   <div class='ocr_carea' id='block_1_56' title="bbox 132 3695 1747 3773">
    <p class='ocr_par' dir='ltr' id='par_1_56' title="bbox 132 3695 1747 3773">
     <span class='ocr_line' id='line_1_56' title="bbox 132 3695 1747 3773; baseline 0.001 -22"><span class='ocrx_word' id='word_1_383' title='bbox 132 3719 240 3773; x_wconf 82' lang='grc' dir='ltr'>μον</span> <span class='ocrx_word' id='word_1_384' title='bbox 271 3704 472 3773; x_wconf 86' lang='grc' dir='ltr'>χώραν,</span> <span class='ocrx_word' id='word_1_385' title='bbox 505 3700 675 3756; x_wconf 80' lang='grc' dir='ltr'>ὁπόση</span> <span class='ocrx_word' id='word_1_386' title='bbox 701 3695 762 3758; x_wconf 81' lang='grc' dir='ltr'>ήν</span> <span class='ocrx_word' id='word_1_387' title='bbox 798 3705 908 3760; x_wconf 88' lang='grc' dir='ltr'>τοῖς</span> <span class='ocrx_word' id='word_1_388' title='bbox 955 3703 1200 3760; x_wconf 87' lang='grc' dir='ltr'>Λατίνοις</span> <span class='ocrx_word' id='word_1_389' title='bbox 1240 3695 1582 3757; x_wconf 75' lang='grc' dir='ltr'>δουλεύουσα.</span> <span class='ocrx_word' id='word_1_390' title='bbox 1645 3706 1747 3754; x_wconf 77' lang='grc' dir='ltr'>Καὶ</span> 
     </span>
    </p>
   </div>
   <div class='ocr_carea' id='block_1_57' title="bbox 131 3787 1746 3864">
    <p class='ocr_par' dir='ltr' id='par_1_57' title="bbox 131 3787 1746 3864">
     <span class='ocr_line' id='line_1_57' title="bbox 131 3787 1746 3864; baseline 0.001 -22"><span class='ocrx_word' id='word_1_391' title='bbox 131 3789 283 3842; x_wconf 81' lang='grc' dir='ltr'>λείαν</span> <span class='ocrx_word' id='word_1_392' title='bbox 320 3791 410 3861; x_wconf 66' lang='grc' dir='ltr'>μὲν</span> <span class='ocrx_word' id='word_1_393' title='bbox 455 3787 642 3847; x_wconf 78' lang='grc' dir='ltr'>πολλὴν</span> <span class='ocrx_word' id='word_1_394' title='bbox 699 3791 1010 3846; x_wconf 74' lang='grc' dir='ltr'>ἐποιήσαντο</span> <span class='ocrx_word' id='word_1_395' title='bbox 1059 3789 1107 3823; x_wconf 74' lang='grc'>⁷⁵</span> <span class='ocrx_word' id='word_1_396' title='bbox 1137 3793 1224 3841; x_wconf 83' lang='grc' dir='ltr'>καὶ</span> <span class='ocrx_word' id='word_1_397' title='bbox 1272 3790 1479 3841; x_wconf 85' lang='grc' dir='ltr'>Σκυθῶν</span> <span class='ocrx_word' id='word_1_398' title='bbox 1529 3790 1746 3864; x_wconf 81' lang='grc' dir='ltr'>ἐρημίαν</span> 
     </span>
    </p>
   </div>
   <div class='ocr_carea' id='block_1_58' title="bbox 133 3877 1749 3952">
    <p class='ocr_par' dir='ltr' id='par_1_58' title="bbox 133 3877 1749 3952">
     <span class='ocr_line' id='line_1_58' title="bbox 133 3877 1749 3952; baseline 0 -20"><span class='ocrx_word' id='word_1_399' title='bbox 133 3881 227 3948; x_wconf 82' lang='grc' dir='ltr'>(τὸ</span> <span class='ocrx_word' id='word_1_400' title='bbox 276 3886 366 3938; x_wconf 79' lang='grc' dir='ltr'>τῆς</span> <span class='ocrx_word' id='word_1_401' title='bbox 402 3883 686 3952; x_wconf 87' lang='grc' dir='ltr'>παροιμίας</span> <span class='ocrx_word' id='word_1_402' title='bbox 740 3879 789 3913; x_wconf 84' lang='grc'>⁷⁶</span> <span class='ocrx_word' id='word_1_403' title='bbox 837 3877 1013 3949; x_wconf 86' lang='grc' dir='ltr'>εἰπεῖν)</span> <span class='ocrx_word' id='word_1_404' title='bbox 1076 3881 1169 3936; x_wconf 80' lang='grc' dir='ltr'>τήν</span> <span class='ocrx_word' id='word_1_405' title='bbox 1218 3877 1426 3931; x_wconf 79' lang='grc' dir='ltr'>ἅπασαν</span> <span class='ocrx_word' id='word_1_406' title='bbox 1493 3877 1749 3952; x_wconf 80' lang='grc' dir='ltr'>ἀπειργά-</span> 
     </span>
    </p>
   </div>
   <div class='ocr_carea' id='block_1_59' title="bbox 137 3963 1747 4040">
    <p class='ocr_par' dir='ltr' id='par_1_59' title="bbox 137 3963 1747 4040">
     <span class='ocr_line' id='line_1_59' title="bbox 137 3963 1747 4040; baseline 0 -20"><span class='ocrx_word' id='word_1_407' title='bbox 137 3986 328 4031; x_wconf 88' lang='grc' dir='ltr'>σαντο,</span> <span class='ocrx_word' id='word_1_408' title='bbox 363 3972 511 4040; x_wconf 72' lang='grc' dir='ltr'>σφίσι</span> <span class='ocrx_word' id='word_1_409' title='bbox 542 3963 601 4019; x_wconf 75' lang='grc' dir='ltr'>δὲ</span> <span class='ocrx_word' id='word_1_410' title='bbox 632 3967 803 4027; x_wconf 70' lang='grc' dir='ltr'>αὐτοῖς</span> <span class='ocrx_word' id='word_1_411' title='bbox 849 3967 985 4018; x_wconf 80' lang='grc' dir='ltr'>κατὰ</span> <span class='ocrx_word' id='word_1_412' title='bbox 1036 3969 1151 4026; x_wconf 84' lang='grc' dir='ltr'>τούς</span> <span class='ocrx_word' id='word_1_413' title='bbox 1197 3967 1382 4040; x_wconf 86' lang='grc' dir='ltr'>ὅρκους</span> <span class='ocrx_word' id='word_1_414' title='bbox 1409 3968 1455 4002; x_wconf 88' lang='grc'>⁷⁷</span> <span class='ocrx_word' id='word_1_415' title='bbox 1490 3970 1557 4020; x_wconf 82' lang='grc' dir='ltr'>τὰ</span> <span class='ocrx_word' id='word_1_416' title='bbox 1610 3969 1747 4026; x_wconf 85' lang='grc' dir='ltr'>οἶστη</span> 
     </span>
    </p>
   </div>
   <div class='ocr_carea' id='block_1_60' title="bbox 135 4053 1748 4132">
    <p class='ocr_par' dir='ltr' id='par_1_60' title="bbox 135 4053 1748 4132">
     <span class='ocr_line' id='line_1_60' title="bbox 135 4053 1748 4132; baseline 0 -22"><span class='ocrx_word' id='word_1_417' title='bbox 135 4062 240 4111; x_wconf 85' lang='grc' dir='ltr'>καὶ</span> <span class='ocrx_word' id='word_1_418' title='bbox 269 4061 360 4115; x_wconf 86' lang='grc' dir='ltr'>τήν</span> <span class='ocrx_word' id='word_1_419' title='bbox 397 4062 580 4132; x_wconf 82' lang='grc' dir='ltr'>χώραν</span> <span class='ocrx_word' id='word_1_420' title='bbox 617 4053 650 4109; x_wconf 83' lang='grc' dir='ltr'>δ</span> <span class='ocrx_word' id='word_1_421' title='bbox 656 4060 1000 4129; x_wconf 87' lang='grc' dir='ltr'>ιεμερίσαντο.</span> <span class='ocrx_word' id='word_1_422' title='bbox 1034 4059 1135 4108; x_wconf 78' lang='grc' dir='ltr'>Καὶ</span> <span class='ocrx_word' id='word_1_423' title='bbox 1199 4055 1574 4118; x_wconf 87' lang='grc' dir='ltr'>Καλλιούπολις</span> <span class='ocrx_word' id='word_1_424' title='bbox 1637 4060 1748 4130; x_wconf 66' lang='grc' dir='ltr'>μὲν,</span> 
     </span>
    </p>
   </div>
   <div class='ocr_carea' id='block_1_61' title="bbox 137 4143 1750 4220">
    <p class='ocr_par' dir='ltr' id='par_1_61' title="bbox 137 4143 1750 4220">
     <span class='ocr_line' id='line_1_61' title="bbox 137 4143 1750 4220; baseline -0.001 -21"><span class='ocrx_word' id='word_1_425' title='bbox 137 4145 260 4200; x_wconf 84' lang='grc' dir='ltr'>ἐπεὶ</span> <span class='ocrx_word' id='word_1_426' title='bbox 288 4150 375 4198; x_wconf 74' lang='grc' dir='ltr'>καὶ</span> <span class='ocrx_word' id='word_1_427' title='bbox 431 4148 530 4218; x_wconf 85' lang='grc' dir='ltr'>πρὸ</span> <span class='ocrx_word' id='word_1_428' title='bbox 585 4153 677 4206; x_wconf 82' lang='grc' dir='ltr'>τῆς</span> <span class='ocrx_word' id='word_1_429' title='bbox 735 4143 1077 4205; x_wconf 87' lang='grc' dir='ltr'>συνελεύσεως</span> <span class='ocrx_word' id='word_1_430' title='bbox 1133 4153 1226 4197; x_wconf 90' lang='grc' dir='ltr'>τοῦ</span> <span class='ocrx_word' id='word_1_431' title='bbox 1256 4145 1420 4200; x_wconf 83' lang='grc' dir='ltr'>Ἀσὰν</span> <span class='ocrx_word' id='word_1_432' title='bbox 1464 4144 1609 4220; x_wconf 85' lang='grc' dir='ltr'>παρᾶ</span> <span class='ocrx_word' id='word_1_433' title='bbox 1658 4153 1750 4199; x_wconf 90' lang='grc' dir='ltr'>τοῦ</span> 
     </span>
    </p>
   </div>
   <div class='ocr_carea' id='block_1_62' title="bbox 1851 1919 3510 1992">
    <p class='ocr_par' dir='ltr' id='par_1_62' title="bbox 1851 1919 3510 1992">
     <span class='ocr_line' id='line_1_62' title="bbox 1851 1919 3510 1992; baseline 0 -18"><span class='ocrx_word' id='word_1_434' title='bbox 1851 1935 1988 1975; x_wconf 92' lang='lat' dir='ltr'>cum</span> <span class='ocrx_word' id='word_1_435' title='bbox 2015 1935 2200 1974; x_wconf 89' lang='lat' dir='ltr'>uxore</span> <span class='ocrx_word' id='word_1_436' title='bbox 2240 1924 2297 1975; x_wconf 88' lang='lat' dir='ltr'>et</span> <span class='ocrx_word' id='word_1_437' title='bbox 2341 1919 2466 1974; x_wconf 87' lang='lat' dir='ltr'>ﬁlia</span> <span class='ocrx_word' id='word_1_438' title='bbox 2515 1919 2735 1976; x_wconf 83' lang='lat' dir='ltr'>Helena</span> <span class='ocrx_word' id='word_1_439' title='bbox 2765 1921 3188 1992; x_wconf 88' lang='lat' dir='ltr'>Lampsacum,</span> <span class='ocrx_word' id='word_1_440' title='bbox 3241 1919 3345 1975; x_wconf 90' lang='lat' dir='ltr'>ubi</span> <span class='ocrx_word' id='word_1_441' title='bbox 3383 1921 3510 1976; x_wconf 85' lang='lat' dir='ltr'>erat</span> 
     </span>
    </p>
   </div>
   <div class='ocr_carea' id='block_1_63' title="bbox 1851 2007 3508 2080">
    <p class='ocr_par' dir='ltr' id='par_1_63' title="bbox 1851 2007 3508 2080">
     <span class='ocr_line' id='line_1_63' title="bbox 1851 2007 3508 2080; baseline -0.001 -17"><span class='ocrx_word' id='word_1_442' title='bbox 1851 2011 2016 2064; x_wconf 90' lang='lat' dir='ltr'>lrene</span> <span class='ocrx_word' id='word_1_443' title='bbox 2047 2007 2413 2080; x_wconf 89' lang='lat' dir='ltr'>imperatrix,</span> <span class='ocrx_word' id='word_1_444' title='bbox 2473 2014 2718 2064; x_wconf 89' lang='lat' dir='ltr'>remeat.</span> <span class='ocrx_word' id='word_1_445' title='bbox 2775 2011 2841 2065; x_wconf 88' lang='lat' dir='ltr'>Et</span> <span class='ocrx_word' id='word_1_446' title='bbox 2884 2023 3211 2080; x_wconf 89' lang='lat' dir='ltr'>puerorum</span> <span class='ocrx_word' id='word_1_447' title='bbox 3266 2009 3508 2080; x_wconf 91' lang='lat' dir='ltr'>nuptias</span> 
     </span>
    </p>
   </div>
   <div class='ocr_carea' id='block_1_64' title="bbox 1853 2096 3507 2170">
    <p class='ocr_par' dir='ltr' id='par_1_64' title="bbox 1853 2096 3507 2170">
     <span class='ocr_line' id='line_1_64' title="bbox 1853 2096 3507 2170; baseline 0 -18"><span class='ocrx_word' id='word_1_448' title='bbox 1853 2103 2173 2170; x_wconf 90' lang='lat' dir='ltr'>apparant,</span> <span class='ocrx_word' id='word_1_449' title='bbox 2199 2114 2336 2153; x_wconf 93' lang='lat' dir='ltr'>cum</span> <span class='ocrx_word' id='word_1_450' title='bbox 2356 2099 2685 2153; x_wconf 89' lang='lat' dir='ltr'>Germanus</span> <span class='ocrx_word' id='word_1_451' title='bbox 2706 2096 3045 2170; x_wconf 88' lang='lat' dir='ltr'>patriarcha</span> <span class='ocrx_word' id='word_1_452' title='bbox 3066 2097 3178 2169; x_wconf 84' lang='lat'><strong>55</strong></span> <span class='ocrx_word' id='word_1_453' title='bbox 3206 2097 3360 2153; x_wconf 90' lang='lat' dir='ltr'>inter</span> <span class='ocrx_word' id='word_1_454' title='bbox 3377 2112 3507 2153; x_wconf 90' lang='lat' dir='ltr'>rem</span> 
     </span>
    </p>
   </div>
   <div class='ocr_carea' id='block_1_65' title="bbox 1852 2185 3509 2259">
    <p class='ocr_par' dir='ltr' id='par_1_65' title="bbox 1852 2185 3509 2259">
     <span class='ocr_line' id='line_1_65' title="bbox 1852 2185 3509 2259; baseline 0 -17"><span class='ocrx_word' id='word_1_455' title='bbox 1852 2185 2122 2242; x_wconf 87' lang='lat' dir='ltr'>divinam</span> <span class='ocrx_word' id='word_1_456' title='bbox 2162 2187 2512 2259; x_wconf 88' lang='lat' dir='ltr'>nuptiarum</span> <span class='ocrx_word' id='word_1_457' title='bbox 2545 2187 2932 2242; x_wconf 62' lang='lat' dir='ltr'>caeremonias</span> <span class='ocrx_word' id='word_1_458' title='bbox 2949 2187 3318 2243; x_wconf 87' lang='lat' dir='ltr'>absolvisset.</span> <span class='ocrx_word' id='word_1_459' title='bbox 3346 2189 3509 2242; x_wconf 88' lang='lat' dir='ltr'>Tunc</span> 
     </span>
    </p>
   </div>
   <div class='ocr_carea' id='block_1_66' title="bbox 1855 2276 3510 2350">
    <p class='ocr_par' dir='ltr' id='par_1_66' title="bbox 1855 2276 3510 2350">
     <span class='ocr_line' id='line_1_66' title="bbox 1855 2276 3510 2350; baseline 0.001 -19"><span class='ocrx_word' id='word_1_460' title='bbox 1855 2280 1914 2332; x_wconf 88' lang='lat' dir='ltr'>et</span> <span class='ocrx_word' id='word_1_461' title='bbox 1941 2277 2180 2333; x_wconf 88' lang='lat' dir='ltr'>Trinobi</span> <span class='ocrx_word' id='word_1_462' title='bbox 2208 2276 2429 2350; x_wconf 69' lang='lat' dir='ltr'>praesul</span> <span class='ocrx_word' id='word_1_463' title='bbox 2459 2277 2765 2350; x_wconf 89' lang='lat' dir='ltr'>Cpolitano</span> <span class='ocrx_word' id='word_1_464' title='bbox 2795 2277 3094 2333; x_wconf 87' lang='lat' dir='ltr'>obnoxius</span> <span class='ocrx_word' id='word_1_465' title='bbox 3123 2277 3510 2349; x_wconf 87' lang='lat' dir='ltr'>imperatorio</span> 
     </span>
    </p>
   </div>
   <div class='ocr_carea' id='block_1_67' title="bbox 1854 2365 3509 2438">
    <p class='ocr_par' dir='ltr' id='par_1_67' title="bbox 1854 2365 3509 2438">
     <span class='ocr_line' id='line_1_67' title="bbox 1854 2365 3509 2438; baseline 0.001 -18"><span class='ocrx_word' id='word_1_466' title='bbox 1854 2381 1924 2421; x_wconf 92' lang='lat' dir='ltr'>ac</span> <span class='ocrx_word' id='word_1_467' title='bbox 1956 2365 2246 2438; x_wconf 85' lang='lat' dir='ltr'>synodico</span> <span class='ocrx_word' id='word_1_468' title='bbox 2279 2365 2538 2431; x_wconf 89' lang='lat' dir='ltr'>decreto,</span> <span class='ocrx_word' id='word_1_469' title='bbox 2570 2371 2635 2421; x_wconf 88' lang='lat' dir='ltr'>ut</span> <span class='ocrx_word' id='word_1_470' title='bbox 2663 2371 2863 2421; x_wconf 84' lang='lat' dir='ltr'>Asano</span> <span class='ocrx_word' id='word_1_471' title='bbox 2902 2366 3292 2438; x_wconf 87' lang='lat' dir='ltr'>Bulgarorum</span> <span class='ocrx_word' id='word_1_472' title='bbox 3345 2367 3509 2438; x_wconf 91' lang='lat' dir='ltr'>prin-</span> 
     </span>
    </p>
   </div>
   <div class='ocr_carea' id='block_1_68' title="bbox 1855 2453 3507 2526">
    <p class='ocr_par' dir='ltr' id='par_1_68' title="bbox 1855 2453 3507 2526">
     <span class='ocr_line' id='line_1_68' title="bbox 1855 2453 3507 2526; baseline 0.001 -18"><span class='ocrx_word' id='word_1_473' title='bbox 1855 2453 1970 2526; x_wconf 90' lang='lat' dir='ltr'>cipi</span> <span class='ocrx_word' id='word_1_474' title='bbox 2001 2453 2308 2509; x_wconf 81' lang='lat' dir='ltr'>aﬂ&#39;initatis</span> <span class='ocrx_word' id='word_1_475' title='bbox 2347 2457 2406 2510; x_wconf 88' lang='lat' dir='ltr'>et</span> <span class='ocrx_word' id='word_1_476' title='bbox 2445 2454 2723 2510; x_wconf 64' lang='lat' dir='ltr'>amicitiae</span> <span class='ocrx_word' id='word_1_477' title='bbox 2774 2470 2962 2510; x_wconf 87' lang='lat' dir='ltr'>causa</span> <span class='ocrx_word' id='word_1_478' title='bbox 3018 2455 3507 2526; x_wconf 87' lang='lat' dir='ltr'>gratiﬁcarentur,</span> 
     </span>
    </p>
   </div>
   <div class='ocr_carea' id='block_1_69' title="bbox 1856 2542 3512 2615">
    <p class='ocr_par' dir='ltr' id='par_1_69' title="bbox 1856 2542 3512 2615">
     <span class='ocr_line' id='line_1_69' title="bbox 1856 2542 3512 2615; baseline 0.001 -17"><span class='ocrx_word' id='word_1_479' title='bbox 1856 2559 1967 2598; x_wconf 90' lang='lat' dir='ltr'>suo</span> <span class='ocrx_word' id='word_1_480' title='bbox 1990 2543 2123 2614; x_wconf 90' lang='lat' dir='ltr'>jure</span> <span class='ocrx_word' id='word_1_481' title='bbox 2150 2543 2348 2599; x_wconf 87' lang='lat' dir='ltr'>vivere</span> <span class='ocrx_word' id='word_1_482' title='bbox 2376 2547 2442 2598; x_wconf 59' lang='lat' dir='ltr'>et.</span> <span class='ocrx_word' id='word_1_483' title='bbox 2461 2542 2813 2615; x_wconf 71' lang='lat' dir='ltr'>patriarchae</span> <span class='ocrx_word' id='word_1_484' title='bbox 2851 2543 3095 2599; x_wconf 90' lang='lat' dir='ltr'>nomine</span> <span class='ocrx_word' id='word_1_485' title='bbox 3126 2543 3512 2600; x_wconf 87' lang='lat' dir='ltr'>condecorari</span> 
     </span>
    </p>
   </div>
   <div class='ocr_carea' id='block_1_70' title="bbox 1853 2630 3512 2705">
    <p class='ocr_par' dir='ltr' id='par_1_70' title="bbox 1853 2630 3512 2705">
     <span class='ocr_line' id='line_1_70' title="bbox 1853 2630 3512 2705; baseline 0.001 -18"><span class='ocrx_word' id='word_1_486' title='bbox 1853 2632 2126 2688; x_wconf 88' lang='lat' dir='ltr'>obtinuit.</span> <span class='ocrx_word' id='word_1_487' title='bbox 2160 2632 2260 2687; x_wconf 82' lang='lat' dir='ltr'>His</span> <span class='ocrx_word' id='word_1_488' title='bbox 2293 2647 2433 2701; x_wconf 90' lang='lat' dir='ltr'>ergo</span> <span class='ocrx_word' id='word_1_489' title='bbox 2461 2647 2531 2687; x_wconf 88' lang='lat' dir='ltr'>ac</span> <span class='ocrx_word' id='word_1_490' title='bbox 2558 2630 2852 2688; x_wconf 90' lang='lat' dir='ltr'>similibus</span> <span class='ocrx_word' id='word_1_491' title='bbox 2881 2631 3127 2704; x_wconf 84' lang='lat' dir='ltr'>expletis</span> <span class='ocrx_word' id='word_1_492' title='bbox 3164 2632 3512 2705; x_wconf 88' lang='lat' dir='ltr'>imperatrix</span> 
     </span>
    </p>
   </div>
   <div class='ocr_carea' id='block_1_71' title="bbox 1854 2719 3511 2792">
    <p class='ocr_par' dir='ltr' id='par_1_71' title="bbox 1854 2719 3511 2792">
     <span class='ocr_line' id='line_1_71' title="bbox 1854 2719 3511 2792; baseline 0.002 -19"><span class='ocrx_word' id='word_1_493' title='bbox 1854 2721 2019 2776; x_wconf 91' lang='lat' dir='ltr'>Irene</span> <span class='ocrx_word' id='word_1_494' title='bbox 2050 2736 2190 2776; x_wconf 93' lang='lat' dir='ltr'>cum</span> <span class='ocrx_word' id='word_1_495' title='bbox 2241 2719 2365 2776; x_wconf 87' lang='lat' dir='ltr'>ﬁlio</span> <span class='ocrx_word' id='word_1_496' title='bbox 2418 2736 2487 2777; x_wconf 92' lang='lat' dir='ltr'>ac</span> <span class='ocrx_word' id='word_1_497' title='bbox 2539 2736 2766 2792; x_wconf 90' lang='lat' dir='ltr'>sponsa</span> <span class='ocrx_word' id='word_1_498' title='bbox 2812 2720 2873 2776; x_wconf 92' lang='lat' dir='ltr'>in</span> <span class='ocrx_word' id='word_1_499' title='bbox 2923 2721 3312 2778; x_wconf 87' lang='lat' dir='ltr'>orientalibus</span> <span class='ocrx_word' id='word_1_500' title='bbox 3363 2721 3511 2777; x_wconf 89' lang='lat' dir='ltr'>locis</span> 
     </span>
    </p>
   </div>
   <div class='ocr_carea' id='block_1_72' title="bbox 1851 2807 3510 2877">
    <p class='ocr_par' dir='ltr' id='par_1_72' title="bbox 1851 2807 3510 2877">
     <span class='ocr_line' id='line_1_72' title="bbox 1851 2807 3510 2877; baseline 0 -13"><span class='ocrx_word' id='word_1_501' title='bbox 1851 2807 2227 2877; x_wconf 89' lang='lat' dir='ltr'>versabatur,</span> <span class='ocrx_word' id='word_1_502' title='bbox 2258 2809 2438 2865; x_wconf 85' lang='lat' dir='ltr'>Asani</span> <span class='ocrx_word' id='word_1_503' title='bbox 2469 2825 2620 2864; x_wconf 90' lang='lat' dir='ltr'>uxor</span> <span class='ocrx_word' id='word_1_504' title='bbox 2649 2809 2708 2864; x_wconf 90' lang='lat' dir='ltr'>in</span> <span class='ocrx_word' id='word_1_505' title='bbox 2757 2810 2928 2865; x_wconf 91' lang='lat' dir='ltr'>sedes</span> <span class='ocrx_word' id='word_1_506' title='bbox 2956 2826 3098 2866; x_wconf 90' lang='lat' dir='ltr'>suas</span> <span class='ocrx_word' id='word_1_507' title='bbox 3130 2826 3369 2866; x_wconf 89' lang='lat' dir='ltr'>reversa</span> <span class='ocrx_word' id='word_1_508' title='bbox 3397 2814 3510 2867; x_wconf 84' lang='lat' dir='ltr'>est.</span> 
     </span>
    </p>
   </div>
   <div class='ocr_carea' id='block_1_73' title="bbox 1851 2897 3512 2970">
    <p class='ocr_par' dir='ltr' id='par_1_73' title="bbox 1851 2897 3512 2970">
     <span class='ocr_line' id='line_1_73' title="bbox 1851 2897 3512 2970; baseline 0.001 -16"><span class='ocrx_word' id='word_1_509' title='bbox 1851 2899 2109 2954; x_wconf 82' lang='lat' dir='ltr'>Joannes</span> <span class='ocrx_word' id='word_1_510' title='bbox 2149 2897 2433 2970; x_wconf 89' lang='lat' dir='ltr'>deinceps</span> <span class='ocrx_word' id='word_1_511' title='bbox 2473 2899 2798 2970; x_wconf 84' lang='lat' dir='ltr'>imperator</span> <span class='ocrx_word' id='word_1_512' title='bbox 2837 2904 2892 2953; x_wconf 84' lang='lat' dir='ltr'>et</span> <span class='ocrx_word' id='word_1_513' title='bbox 2933 2904 3164 2955; x_wconf 84' lang='lat' dir='ltr'>Asanus</span> <span class='ocrx_word' id='word_1_514' title='bbox 3201 2899 3512 2956; x_wconf 86' lang='lat' dir='ltr'>conductis</span> 
     </span>
    </p>
   </div>
   <div class='ocr_carea' id='block_1_74' title="bbox 1854 2986 3511 3060">
    <p class='ocr_par' dir='ltr' id='par_1_74' title="bbox 1854 2986 3511 3060">
     <span class='ocr_line' id='line_1_74' title="bbox 1854 2986 3511 3060; baseline 0.001 -17"><span class='ocrx_word' id='word_1_515' title='bbox 1854 2987 2042 3059; x_wconf 89' lang='lat' dir='ltr'>copiis</span> <span class='ocrx_word' id='word_1_516' title='bbox 2074 2991 2322 3058; x_wconf 90' lang='lat' dir='ltr'>uterque</span> <span class='ocrx_word' id='word_1_517' title='bbox 2347 2986 2660 3042; x_wconf 89' lang='lat' dir='ltr'>occiduam</span> <span class='ocrx_word' id='word_1_518' title='bbox 2689 2987 2955 3059; x_wconf 84' lang='lat' dir='ltr'>plagam,</span> <span class='ocrx_word' id='word_1_519' title='bbox 2985 3005 3120 3060; x_wconf 75' lang='lat' dir='ltr'>quas</span> <span class='ocrx_word' id='word_1_520' title='bbox 3145 2989 3362 3044; x_wconf 88' lang='lat' dir='ltr'>Latinis</span> <span class='ocrx_word' id='word_1_521' title='bbox 3390 3004 3511 3044; x_wconf 83' lang='lat' dir='ltr'>ser-</span> 
     </span>
    </p>
   </div>
   <div class='ocr_carea' id='block_1_75' title="bbox 1854 3075 3510 3148">
    <p class='ocr_par' dir='ltr' id='par_1_75' title="bbox 1854 3075 3510 3148">
     <span class='ocr_line' id='line_1_75' title="bbox 1854 3075 3510 3148; baseline 0 -15"><span class='ocrx_word' id='word_1_522' title='bbox 1854 3076 2070 3143; x_wconf 87' lang='lat' dir='ltr'>viebat,</span> <span class='ocrx_word' id='word_1_523' title='bbox 2102 3079 2508 3140; x_wconf 80' lang='lat' dir='ltr'>excurrerunt,</span> <span class='ocrx_word' id='word_1_524' title='bbox 2533 3075 2879 3148; x_wconf 80' lang='lat' dir='ltr'>ingentique</span> <span class='ocrx_word' id='word_1_525' title='bbox 2906 3075 3043 3131; x_wconf 89' lang='lat' dir='ltr'>inde</span> <span class='ocrx_word' id='word_1_526' title='bbox 3065 3080 3272 3148; x_wconf 66' lang='lat' dir='ltr'>praeda</span> <span class='ocrx_word' id='word_1_527' title='bbox 3295 3076 3510 3148; x_wconf 89' lang='lat' dir='ltr'>depor-</span> 
     </span>
    </p>
   </div>
   <div class='ocr_carea' id='block_1_76' title="bbox 1856 3163 3510 3237">
    <p class='ocr_par' dir='ltr' id='par_1_76' title="bbox 1856 3163 3510 3237">
     <span class='ocr_line' id='line_1_76' title="bbox 1856 3163 3510 3237; baseline -0.001 -13"><span class='ocrx_word' id='word_1_528' title='bbox 1856 3170 1977 3224; x_wconf 88' lang='lat' dir='ltr'>tata</span> <span class='ocrx_word' id='word_1_529' title='bbox 2016 3165 2352 3237; x_wconf 84' lang='lat' dir='ltr'>Scythicam</span> <span class='ocrx_word' id='word_1_530' title='bbox 2425 3163 2830 3233; x_wconf 86' lang='lat' dir='ltr'>solitudinem,</span> <span class='ocrx_word' id='word_1_531' title='bbox 2872 3169 2936 3221; x_wconf 91' lang='lat' dir='ltr'>ut</span> <span class='ocrx_word' id='word_1_532' title='bbox 2984 3165 3304 3237; x_wconf 90' lang='lat' dir='ltr'>proverbio</span> <span class='ocrx_word' id='word_1_533' title='bbox 3354 3169 3510 3236; x_wconf 88' lang='lat' dir='ltr'>utar,</span> 
     </span>
    </p>
   </div>
   <div class='ocr_carea' id='block_1_77' title="bbox 1853 3251 3513 3326">
    <p class='ocr_par' dir='ltr' id='par_1_77' title="bbox 1853 3251 3513 3326">
     <span class='ocr_line' id='line_1_77' title="bbox 1853 3251 3513 3326; baseline 0.001 -15"><span class='ocrx_word' id='word_1_534' title='bbox 1853 3255 2203 3311; x_wconf 87' lang='lat' dir='ltr'>universam</span> <span class='ocrx_word' id='word_1_535' title='bbox 2267 3251 2609 3322; x_wconf 85' lang='lat' dir='ltr'>effecerunt,</span> <span class='ocrx_word' id='word_1_536' title='bbox 2697 3253 2953 3309; x_wconf 91' lang='lat' dir='ltr'>urbibus</span> <span class='ocrx_word' id='word_1_537' title='bbox 3006 3269 3076 3310; x_wconf 91' lang='lat' dir='ltr'>ac</span> <span class='ocrx_word' id='word_1_538' title='bbox 3134 3256 3396 3326; x_wconf 90' lang='lat' dir='ltr'>regione,</span> <span class='ocrx_word' id='word_1_539' title='bbox 3445 3257 3513 3313; x_wconf 92' lang='lat' dir='ltr'>ut</span> 
     </span>
    </p>
   </div>
   <div class='ocr_carea' id='block_1_78' title="bbox 1850 3344 3509 3419">
    <p class='ocr_par' dir='ltr' id='par_1_78' title="bbox 1850 3344 3509 3419">
     <span class='ocr_line' id='line_1_78' title="bbox 1850 3344 3509 3419; baseline 0.001 -19"><span class='ocrx_word' id='word_1_540' title='bbox 1850 3344 2246 3417; x_wconf 89' lang='lat' dir='ltr'>jurejurando</span> <span class='ocrx_word' id='word_1_541' title='bbox 2286 3347 2708 3413; x_wconf 88' lang='lat' dir='ltr'>convenerant,</span> <span class='ocrx_word' id='word_1_542' title='bbox 2738 3344 2851 3400; x_wconf 93' lang='lat' dir='ltr'>sibi</span> <span class='ocrx_word' id='word_1_543' title='bbox 2880 3345 3106 3400; x_wconf 88' lang='lat' dir='ltr'>divisis.</span> <span class='ocrx_word' id='word_1_544' title='bbox 3164 3345 3509 3419; x_wconf 89' lang='lat' dir='ltr'>Calliupolis</span> 
     </span>
    </p>
   </div>
   <div class='ocr_carea' id='block_1_79' title="bbox 1854 3432 3510 3506">
    <p class='ocr_par' dir='ltr' id='par_1_79' title="bbox 1854 3432 3510 3506">
     <span class='ocr_line' id='line_1_79' title="bbox 1854 3432 3510 3506; baseline 0 -16"><span class='ocrx_word' id='word_1_545' title='bbox 1854 3449 1991 3490; x_wconf 92' lang='lat' dir='ltr'>cum</span> <span class='ocrx_word' id='word_1_546' title='bbox 2017 3438 2154 3489; x_wconf 88' lang='lat' dir='ltr'>ante</span> <span class='ocrx_word' id='word_1_547' title='bbox 2183 3432 2511 3489; x_wconf 86' lang='lat' dir='ltr'>adventum</span> <span class='ocrx_word' id='word_1_548' title='bbox 2557 3433 2741 3489; x_wconf 78' lang='lat' dir='ltr'>Asani</span> <span class='ocrx_word' id='word_1_549' title='bbox 2771 3439 3117 3506; x_wconf 84' lang='lat' dir='ltr'>expugnata</span> <span class='ocrx_word' id='word_1_550' title='bbox 3144 3432 3364 3500; x_wconf 85' lang='lat' dir='ltr'>fuisset,</span> <span class='ocrx_word' id='word_1_551' title='bbox 3398 3433 3510 3490; x_wconf 89' lang='lat' dir='ltr'>sub</span> 
     </span>
    </p>
   </div>
   <div class='ocr_carea' id='block_1_80' title="bbox 1855 3521 3513 3595">
    <p class='ocr_par' dir='ltr' id='par_1_80' title="bbox 1855 3521 3513 3595">
     <span class='ocr_line' id='line_1_80' title="bbox 1855 3521 3513 3595; baseline 0.001 -17"><span class='ocrx_word' id='word_1_552' title='bbox 1855 3521 2236 3595; x_wconf 89' lang='lat' dir='ltr'>imperatoris</span> <span class='ocrx_word' id='word_1_553' title='bbox 2297 3526 2591 3595; x_wconf 88' lang='lat' dir='ltr'>potestate</span> <span class='ocrx_word' id='word_1_554' title='bbox 2675 3523 2856 3578; x_wconf 88' lang='lat' dir='ltr'>venit.</span> <span class='ocrx_word' id='word_1_555' title='bbox 2927 3523 3113 3579; x_wconf 90' lang='lat' dir='ltr'>Simili</span> <span class='ocrx_word' id='word_1_556' title='bbox 3177 3524 3408 3580; x_wconf 87' lang='lat' dir='ltr'>ratione</span> <span class='ocrx_word' id='word_1_557' title='bbox 3455 3525 3513 3580; x_wconf 90' lang='lat' dir='ltr'>et</span> 
     </span>
    </p>
   </div>
   <div class='ocr_carea' id='block_1_81' title="bbox 1856 3611 3508 3683">
    <p class='ocr_par' dir='ltr' id='par_1_81' title="bbox 1856 3611 3508 3683">
     <span class='ocr_line' id='line_1_81' title="bbox 1856 3611 3508 3683; baseline -0.001 -14"><span class='ocrx_word' id='word_1_558' title='bbox 1856 3611 2111 3683; x_wconf 84' lang='lat' dir='ltr'>Madyta,</span> <span class='ocrx_word' id='word_1_559' title='bbox 2166 3615 2220 3667; x_wconf 93' lang='lat' dir='ltr'>et</span> <span class='ocrx_word' id='word_1_560' title='bbox 2295 3611 2492 3666; x_wconf 91' lang='lat' dir='ltr'>omnis</span> <span class='ocrx_word' id='word_1_561' title='bbox 2543 3611 2636 3667; x_wconf 92' lang='lat' dir='ltr'>cui</span> <span class='ocrx_word' id='word_1_562' title='bbox 2693 3611 3064 3668; x_wconf 88' lang='lat' dir='ltr'>Chersoneso</span> <span class='ocrx_word' id='word_1_563' title='bbox 3119 3627 3344 3670; x_wconf 91' lang='lat' dir='ltr'>nomen</span> <span class='ocrx_word' id='word_1_564' title='bbox 3399 3617 3508 3668; x_wconf 91' lang='lat' dir='ltr'>est.</span> 
     </span>
    </p>
   </div>
   <div class='ocr_carea' id='block_1_82' title="bbox 1857 3700 3512 3773">
    <p class='ocr_par' dir='ltr' id='par_1_82' title="bbox 1857 3700 3512 3773">
     <span class='ocr_line' id='line_1_82' title="bbox 1857 3700 3512 3773; baseline 0.002 -18"><span class='ocrx_word' id='word_1_565' title='bbox 1857 3700 2129 3757; x_wconf 89' lang='lat' dir='ltr'>Habebat</span> <span class='ocrx_word' id='word_1_566' title='bbox 2156 3705 2444 3773; x_wconf 65' lang='lat' dir='ltr'>praeterea</span> <span class='ocrx_word' id='word_1_567' title='bbox 2461 3701 2786 3772; x_wconf 89' lang='lat' dir='ltr'>imperator</span> <span class='ocrx_word' id='word_1_568' title='bbox 2803 3706 2859 3756; x_wconf 91' lang='lat' dir='ltr'>et</span> <span class='ocrx_word' id='word_1_569' title='bbox 2879 3701 3022 3758; x_wconf 87' lang='lat' dir='ltr'>Cissi</span> <span class='ocrx_word' id='word_1_570' title='bbox 3051 3707 3334 3772; x_wconf 91' lang='lat' dir='ltr'>castrum,</span> <span class='ocrx_word' id='word_1_571' title='bbox 3357 3707 3413 3758; x_wconf 92' lang='lat' dir='ltr'>et</span> <span class='ocrx_word' id='word_1_572' title='bbox 3433 3701 3512 3758; x_wconf 91' lang='lat' dir='ltr'>ad</span> 
     </span>
    </p>
   </div>
   <div class='ocr_carea' id='block_1_83' title="bbox 1863 3789 3510 3861">
    <p class='ocr_par' dir='ltr' id='par_1_83' title="bbox 1863 3789 3510 3861">
     <span class='ocr_line' id='line_1_83' title="bbox 1863 3789 3510 3861; baseline 0 -15"><span class='ocrx_word' id='word_1_573' title='bbox 1863 3789 2106 3846; x_wconf 87' lang='lat' dir='ltr'>ﬂuvium</span> <span class='ocrx_word' id='word_1_574' title='bbox 2121 3790 2224 3861; x_wconf 90' lang='lat' dir='ltr'>qui</span> <span class='ocrx_word' id='word_1_575' title='bbox 2242 3790 2473 3846; x_wconf 82' lang='lat' dir='ltr'>Maritza</span> <span class='ocrx_word' id='word_1_576' title='bbox 2495 3805 2531 3845; x_wconf 92' lang='lat' dir='ltr'>a</span> <span class='ocrx_word' id='word_1_577' title='bbox 2560 3789 2762 3845; x_wconf 91' lang='lat' dir='ltr'>multis</span> <span class='ocrx_word' id='word_1_578' title='bbox 2783 3795 3032 3845; x_wconf 88' lang='lat' dir='ltr'>vocatur</span> <span class='ocrx_word' id='word_1_579' title='bbox 3056 3789 3206 3846; x_wconf 88' lang='lat' dir='ltr'>ﬁnes</span> <span class='ocrx_word' id='word_1_580' title='bbox 3226 3791 3510 3846; x_wconf 83' lang='lat' dir='ltr'>extendit.</span> 
     </span>
    </p>
   </div>
   <div class='ocr_carea' id='block_1_84' title="bbox 1855 3877 3510 3952">
    <p class='ocr_par' dir='ltr' id='par_1_84' title="bbox 1855 3877 3510 3952">
     <span class='ocr_line' id='line_1_84' title="bbox 1855 3877 3510 3952; baseline 0.001 -19"><span class='ocrx_word' id='word_1_581' title='bbox 1855 3879 2084 3934; x_wconf 88' lang='lat' dir='ltr'>Potitus</span> <span class='ocrx_word' id='word_1_582' title='bbox 2108 3883 2195 3932; x_wconf 92' lang='lat' dir='ltr'>est</span> <span class='ocrx_word' id='word_1_583' title='bbox 2223 3878 2300 3934; x_wconf 91' lang='lat' dir='ltr'>ad</span> <span class='ocrx_word' id='word_1_584' title='bbox 2330 3879 2459 3933; x_wconf 69' lang='lat' dir='ltr'>hinc</span> <span class='ocrx_word' id='word_1_585' title='bbox 2481 3881 2538 3934; x_wconf 91' lang='lat' dir='ltr'>et</span> <span class='ocrx_word' id='word_1_586' title='bbox 2571 3881 2774 3933; x_wconf 92' lang='lat' dir='ltr'>monte</span> <span class='ocrx_word' id='word_1_587' title='bbox 2803 3879 2986 3948; x_wconf 90' lang='lat' dir='ltr'>Gano,</span> <span class='ocrx_word' id='word_1_588' title='bbox 3013 3877 3073 3933; x_wconf 93' lang='lat' dir='ltr'>in</span> <span class='ocrx_word' id='word_1_589' title='bbox 3102 3894 3225 3950; x_wconf 91' lang='lat' dir='ltr'>quo</span> <span class='ocrx_word' id='word_1_590' title='bbox 3256 3878 3510 3952; x_wconf 85' lang='lat' dir='ltr'>oppidu-</span> 
     </span>
    </p>
   </div>
   <div class='ocr_carea' id='block_1_85' title="bbox 1855 3965 3510 4037">
    <p class='ocr_par' dir='ltr' id='par_1_85' title="bbox 1855 3965 3510 4037">
     <span class='ocr_line' id='line_1_85' title="bbox 1855 3965 3510 4037; baseline 0.001 -14"><span class='ocrx_word' id='word_1_591' title='bbox 1855 3966 1980 4024; x_wconf 91' lang='lat' dir='ltr'>lum</span> <span class='ocrx_word' id='word_1_592' title='bbox 2019 3966 2324 4034; x_wconf 79' lang='lat' dir='ltr'>exstruxit,</span> <span class='ocrx_word' id='word_1_593' title='bbox 2355 3966 2526 4037; x_wconf 90' lang='lat' dir='ltr'>cujus</span> <span class='ocrx_word' id='word_1_594' title='bbox 2557 3965 2616 4021; x_wconf 91' lang='lat' dir='ltr'>in</span> <span class='ocrx_word' id='word_1_595' title='bbox 2649 3966 2983 4022; x_wconf 89' lang='lat' dir='ltr'>custodiam</span> <span class='ocrx_word' id='word_1_596' title='bbox 3017 3966 3176 4022; x_wconf 88' lang='lat' dir='ltr'>misit</span> <span class='ocrx_word' id='word_1_597' title='bbox 3202 3967 3510 4025; x_wconf 89' lang='lat' dir='ltr'>Nicolaum</span> 
     </span>
    </p>
   </div>
   <div class='ocr_carea' id='block_1_86' title="bbox 1859 4054 3511 4126">
    <p class='ocr_par' dir='ltr' id='par_1_86' title="bbox 1859 4054 3511 4126">
     <span class='ocr_line' id='line_1_86' title="bbox 1859 4054 3511 4126; baseline 0.001 -15"><span class='ocrx_word' id='word_1_598' title='bbox 1859 4055 2202 4122; x_wconf 88' lang='lat' dir='ltr'>Cotertzem,</span> <span class='ocrx_word' id='word_1_599' title='bbox 2248 4055 2442 4110; x_wconf 90' lang='lat' dir='ltr'>virum</span> <span class='ocrx_word' id='word_1_600' title='bbox 2496 4054 2767 4126; x_wconf 90' lang='lat' dir='ltr'>plurimis</span> <span class='ocrx_word' id='word_1_601' title='bbox 2823 4054 3047 4126; x_wconf 86' lang='lat' dir='ltr'>proeliis</span> <span class='ocrx_word' id='word_1_602' title='bbox 3075 4057 3418 4124; x_wconf 87' lang='lat' dir='ltr'>exercitum,</span> <span class='ocrx_word' id='word_1_603' title='bbox 3449 4057 3511 4114; x_wconf 91' lang='lat' dir='ltr'>in</span> 
     </span>
    </p>
   </div>
   <div class='ocr_carea' id='block_1_87' title="bbox 1860 4142 3512 4216">
    <p class='ocr_par' dir='ltr' id='par_1_87' title="bbox 1860 4142 3512 4216">
     <span class='ocr_line' id='line_1_87' title="bbox 1860 4142 3512 4216; baseline 0.002 -17"><span class='ocrx_word' id='word_1_604' title='bbox 1860 4144 2080 4216; x_wconf 85' lang='lat' dir='ltr'>quibus</span> <span class='ocrx_word' id='word_1_605' title='bbox 2113 4143 2266 4200; x_wconf 90' lang='lat' dir='ltr'>adeo</span> <span class='ocrx_word' id='word_1_606' title='bbox 2297 4145 2652 4216; x_wconf 70' lang='lat' dir='ltr'>priestiterat</span> <span class='ocrx_word' id='word_1_607' title='bbox 2681 4147 2745 4200; x_wconf 91' lang='lat' dir='ltr'>ut</span> <span class='ocrx_word' id='word_1_608' title='bbox 2787 4142 2900 4216; x_wconf 79' lang='lat'>56</span> <span class='ocrx_word' id='word_1_609' title='bbox 2936 4144 3100 4216; x_wconf 90' lang='lat' dir='ltr'>apud</span> <span class='ocrx_word' id='word_1_610' title='bbox 3124 4161 3335 4201; x_wconf 90' lang='lat' dir='ltr'>omnes</span> <span class='ocrx_word' id='word_1_611' title='bbox 3365 4146 3512 4203; x_wconf 89' lang='lat' dir='ltr'>illud</span> 
     </span>
    </p>
   </div>
   <div class='ocr_carea' id='block_1_88' title="bbox 143 4230 1760 4326">
    <p class='ocr_par' dir='ltr' id='par_1_88' title="bbox 143 4230 1752 4307">
     <span class='ocr_line' id='line_1_88' title="bbox 143 4230 1752 4307; baseline 0 -21"><span class='ocrx_word' id='word_1_612' title='bbox 143 4233 476 4307; x_wconf 75' lang='grc' dir='ltr'>βασιλέως⁷³</span> <span class='ocrx_word' id='word_1_613' title='bbox 507 4231 656 4303; x_wconf 77' lang='grc' dir='ltr'>ἰάλω,</span> <span class='ocrx_word' id='word_1_614' title='bbox 698 4235 798 4285; x_wconf 84' lang='grc' dir='ltr'>ὑπὸ</span> <span class='ocrx_word' id='word_1_615' title='bbox 853 4235 940 4284; x_wconf 86' lang='grc' dir='ltr'>τόν</span> <span class='ocrx_word' id='word_1_616' title='bbox 1014 4230 1239 4305; x_wconf 73' lang='grc' dir='ltr'>βασιλέα</span> <span class='ocrx_word' id='word_1_617' title='bbox 1286 4231 1499 4306; x_wconf 79' lang='grc' dir='ltr'>ἐγένετο,</span> <span class='ocrx_word' id='word_1_618' title='bbox 1566 4236 1752 4307; x_wconf 88' lang='grc' dir='ltr'>ὁμοίως</span> 
     </span>
    </p>
   </div>
   <div class='ocr_carea' id='block_1_89' title="bbox 1877 4230 3513 4326">
    <p class='ocr_par' dir='ltr' id='par_1_89' title="bbox 1877 4232 3513 4310">
     <span class='ocr_line' id='line_1_89' title="bbox 1877 4232 3513 4310; baseline 0.001 -20"><span class='ocrx_word' id='word_1_619' title='bbox 1877 4233 2170 4304; x_wconf 69' lang='lat' dir='ltr'>vulgatum</span> <span class='ocrx_word' id='word_1_620' title='bbox 2197 4232 2372 4289; x_wconf 83' lang='lat' dir='ltr'>fuerit</span> <span class='ocrx_word' id='word_1_621' title='bbox 2402 4232 2707 4288; x_wconf 89' lang='lat' dir='ltr'>neminem</span> <span class='ocrx_word' id='word_1_622' title='bbox 2744 4248 2943 4305; x_wconf 90' lang='lat' dir='ltr'>neque</span> <span class='ocrx_word' id='word_1_623' title='bbox 2968 4239 3103 4290; x_wconf 89' lang='lat' dir='ltr'>ante</span> <span class='ocrx_word' id='word_1_624' title='bbox 3147 4251 3287 4290; x_wconf 90' lang='lat' dir='ltr'>eum</span> <span class='ocrx_word' id='word_1_625' title='bbox 3317 4251 3513 4310; x_wconf 90' lang='lat' dir='ltr'>neque</span> 
     </span>
    </p>
   </div>
   <div class='ocr_carea' id='block_1_90' title="bbox 139 4320 1748 4398">
    <p class='ocr_par' dir='ltr' id='par_1_90' title="bbox 139 4320 1748 4398">
     <span class='ocr_line' id='line_1_90' title="bbox 139 4320 1748 4398; baseline 0 -22"><span class='ocrx_word' id='word_1_626' title='bbox 139 4329 240 4378; x_wconf 82' lang='grc' dir='ltr'>καὶ</span> <span class='ocrx_word' id='word_1_627' title='bbox 289 4320 519 4377; x_wconf 83' lang='grc' dir='ltr'>Μάδυτα</span> <span class='ocrx_word' id='word_1_628' title='bbox 547 4327 636 4375; x_wconf 83' lang='grc' dir='ltr'>καὶ</span> <span class='ocrx_word' id='word_1_629' title='bbox 694 4328 844 4376; x_wconf 85' lang='grc' dir='ltr'>πᾶσα</span> <span class='ocrx_word' id='word_1_630' title='bbox 906 4323 937 4380; x_wconf 80' lang='grc' dir='ltr'>ἡ</span> <span class='ocrx_word' id='word_1_631' title='bbox 999 4321 1352 4394; x_wconf 75' lang='grc' dir='ltr'>ὀνομαζομένη</span> <span class='ocrx_word' id='word_1_632' title='bbox 1402 4322 1748 4398; x_wconf 75' lang='grc' dir='ltr'>Χερρόνησος.</span> 
     </span>
    </p>
   </div>
   <div class='ocr_carea' id='block_1_91' title="bbox 220 4409 1728 4484">
    <p class='ocr_par' dir='ltr' id='par_1_91' title="bbox 220 4409 1728 4484">
     <span class='ocr_line' id='line_1_91' title="bbox 220 4409 1728 4484; baseline -0.001 -18"><span class='ocrx_word' id='word_1_633' title='bbox 220 4414 273 4449; x_wconf 68' lang='grc'><strong><em>⁸⁸</em></strong></span> <span class='ocrx_word' id='word_1_634' title='bbox 297 4418 494 4466; x_wconf 82' lang='grc' dir='ltr'>Τότε-</span> <span class='ocrx_word' id='word_1_635' title='bbox 513 4411 1008 4484; x_wconf 82' lang='grc' dir='ltr'>παρεμϐληθήσεται</span> <span class='ocrx_word' id='word_1_636' title='bbox 1060 4427 1184 4484; x_wconf 92' lang='lat' dir='ltr'>om.</span> <span class='ocrx_word' id='word_1_637' title='bbox 1226 4414 1307 4484; x_wconf 89' lang='lat' dir='ltr'>_D.</span> <span class='ocrx_word' id='word_1_638' title='bbox 1419 4413 1468 4450; x_wconf 71' lang='grc'>⁸³</span> <span class='ocrx_word' id='word_1_639' title='bbox 1525 4409 1728 4475; x_wconf 70' lang='grc' dir='ltr'>δε-εἰς</span> 
     </span>
    </p>
   </div>
   <div class='ocr_carea' id='block_1_92' title="bbox 142 4431 1026 4555">
    <p class='ocr_par' dir='ltr' id='par_1_92' title="bbox 142 4431 1026 4555">
     <span class='ocr_line' id='line_1_92' title="bbox 220 4431 1008 4484; baseline -0.008 -17"><span class='ocrx_word' id='word_1_640' title='bbox 220 4431 272 4449; x_wconf 74' lang='grc'>’³</span> <span class='ocrx_word' id='word_1_641' title='bbox 297 4431 494 4466; x_wconf 79' lang='grc' dir='ltr'>ἰὀτε-</span> <span class='ocrx_word' id='word_1_642' title='bbox 513 4432 586 4464; x_wconf 93' lang='grc' dir='ltr'>πα</span> <span class='ocrx_word' id='word_1_643' title='bbox 623 4431 780 4484; x_wconf 76' lang='grc' dir='ltr'>εμωη</span> <span class='ocrx_word' id='word_1_644' title='bbox 791 4431 850 4469; x_wconf 71' lang='lat' dir='ltr'>rm</span> <span class='ocrx_word' id='word_1_645' title='bbox 863 4431 1008 4462; x_wconf 83' lang='grc' dir='ltr'>σεται</span> 
     </span>
     <span class='ocr_line' id='line_1_93' title="bbox 142 4431 1026 4555; baseline -0.007 -16"><span class='ocrx_word' id='word_1_646' title='bbox 142 4494 253 4539; x_wconf 86' lang='grc' dir='ltr'>τῶν</span> <span class='ocrx_word' id='word_1_647' title='bbox 289 4485 488 4537; x_wconf 86' lang='grc' dir='ltr'>οἰκείων</span> <span class='ocrx_word' id='word_1_648' title='bbox 514 4485 540 4535; x_wconf 91' lang='lat'>6</span> <span class='ocrx_word' id='word_1_649' title='bbox 577 4431 826 4555; x_wconf 66' lang='grc' dir='ltr'>βασιλεὺς</span> <span class='ocrx_word' id='word_1_650' title='bbox 855 4484 928 4542; x_wconf 81' lang='grc' dir='ltr'>εἰς</span> <span class='ocrx_word' id='word_1_651' title='bbox 961 4483 1026 4538; x_wconf 89' lang='lat' dir='ltr'>D.</span> 
     </span>
    </p>
   </div>
   <div class='ocr_carea' id='block_1_93' title="bbox 144 4554 976 4618">
    <p class='ocr_par' dir='ltr' id='par_1_93' title="bbox 144 4554 976 4618">
     <span class='ocr_line' id='line_1_94' title="bbox 144 4554 976 4618; baseline -0.002 -8"><span class='ocrx_word' id='word_1_652' title='bbox 144 4560 192 4594; x_wconf 87' lang='grc'>⁶⁷</span> <span class='ocrx_word' id='word_1_653' title='bbox 234 4555 310 4618; x_wconf 85' lang='grc' dir='ltr'>εἰς</span> <span class='ocrx_word' id='word_1_654' title='bbox 336 4554 709 4608; x_wconf 76' lang='grc' dir='ltr'>Καλλιούπολιν</span> <span class='ocrx_word' id='word_1_655' title='bbox 747 4569 870 4609; x_wconf 91' lang='lat' dir='ltr'>om.</span> <span class='ocrx_word' id='word_1_656' title='bbox 912 4556 976 4608; x_wconf 91' lang='lat' dir='ltr'>D.</span> 
     </span>
    </p>
   </div>
   <div class='ocr_carea' id='block_1_94' title="bbox 144 4621 1778 4686">
    <p class='ocr_par' dir='ltr' id='par_1_94' title="bbox 144 4621 1778 4686">
     <span class='ocr_line' id='line_1_95' title="bbox 144 4621 1778 4686; baseline -0.001 -5"><span class='ocrx_word' id='word_1_657' title='bbox 144 4627 322 4681; x_wconf 88' lang='grc' dir='ltr'>λαϐὼν</span> <span class='ocrx_word' id='word_1_658' title='bbox 351 4629 415 4682; x_wconf 83' lang='lat'>1).</span> <span class='ocrx_word' id='word_1_659' title='bbox 524 4627 574 4662; x_wconf 76' lang='grc' dir='ltr'>⁷ο</span> <span class='ocrx_word' id='word_1_660' title='bbox 599 4625 890 4686; x_wconf 83' lang='grc' dir='ltr'>πληροῦται</span> <span class='ocrx_word' id='word_1_661' title='bbox 918 4627 985 4676; x_wconf 83' lang='grc' dir='ltr'>τὰ</span> <span class='ocrx_word' id='word_1_662' title='bbox 1011 4631 1103 4676; x_wconf 86' lang='grc' dir='ltr'>τοῦ</span> <span class='ocrx_word' id='word_1_663' title='bbox 1129 4621 1327 4686; x_wconf 86' lang='grc' dir='ltr'>κήδους</span> <span class='ocrx_word' id='word_1_664' title='bbox 1350 4621 1682 4678; x_wconf 76' lang='grc' dir='ltr'>τῶν”παίδων</span> <span class='ocrx_word' id='word_1_665' title='bbox 1716 4628 1778 4680; x_wconf 91' lang='lat' dir='ltr'>D.</span> 
     </span>
    </p>
   </div>
   <div class='ocr_carea' id='block_1_95' title="bbox 146 4695 1713 4771">
    <p class='ocr_par' dir='ltr' id='par_1_95' title="bbox 146 4695 1713 4771">
     <span class='ocr_line' id='line_1_96' title="bbox 146 4695 1713 4771; baseline -0.001 -17"><span class='ocrx_word' id='word_1_666' title='bbox 146 4698 322 4770; x_wconf 84' lang='grc' dir='ltr'>οδικῷ</span> <span class='ocrx_word' id='word_1_667' title='bbox 351 4697 656 4771; x_wconf 74' lang='grc' dir='ltr'>ψηφίσματι</span> <span class='ocrx_word' id='word_1_668' title='bbox 695 4695 790 4771; x_wconf 36' lang='lat' dir='ltr'>DL</span> <span class='ocrx_word' id='word_1_669' title='bbox 866 4695 922 4771; x_wconf 79' lang='grc'>⁷³</span> <span class='ocrx_word' id='word_1_670' title='bbox 951 4698 1180 4770; x_wconf 85' lang='grc' dir='ltr'>χάριτας</span> <span class='ocrx_word' id='word_1_671' title='bbox 1201 4728 1271 4737; x_wconf 92' lang='grc'>--</span> <span class='ocrx_word' id='word_1_672' title='bbox 1296 4697 1468 4771; x_wconf 66' lang='grc' dir='ltr'>φιλίας</span> <span class='ocrx_word' id='word_1_673' title='bbox 1495 4713 1616 4771; x_wconf 75' lang='lat' dir='ltr'>pm.</span> <span class='ocrx_word' id='word_1_674' title='bbox 1649 4700 1713 4754; x_wconf 85' lang='grc' dir='ltr'>Ι).</span> 
     </span>
    </p>
   </div>
   <div class='ocr_carea' id='block_1_96' title="bbox 147 4769 1705 4842">
    <p class='ocr_par' dir='ltr' id='par_1_96' title="bbox 147 4769 1705 4842">
     <span class='ocr_line' id='line_1_97' title="bbox 147 4769 1705 4842; baseline 0 -17"><span class='ocrx_word' id='word_1_675' title='bbox 147 4769 349 4831; x_wconf 85' lang='grc' dir='ltr'>ήσαντο</span> <span class='ocrx_word' id='word_1_676' title='bbox 405 4769 536 4825; x_wconf 57' lang='grc' dir='ltr'>οωζ</span> <span class='ocrx_word' id='word_1_677' title='bbox 569 4771 634 4825; x_wconf 92' lang='lat' dir='ltr'>D.</span> <span class='ocrx_word' id='word_1_678' title='bbox 743 4769 793 4804; x_wconf 76' lang='grc'>⁷⁸</span> <span class='ocrx_word' id='word_1_679' title='bbox 824 4769 882 4819; x_wconf 87' lang='grc' dir='ltr'>τό</span> <span class='ocrx_word' id='word_1_680' title='bbox 912 4777 1006 4829; x_wconf 80' lang='grc' dir='ltr'>τῆς</span> <span class='ocrx_word' id='word_1_681' title='bbox 1034 4769 1340 4842; x_wconf 86' lang='grc' dir='ltr'>παροιμίας]</span> <span class='ocrx_word' id='word_1_682' title='bbox 1370 4771 1438 4829; x_wconf 87' lang='grc' dir='ltr'>ὡς</span> <span class='ocrx_word' id='word_1_683' title='bbox 1488 4769 1606 4831; x_wconf 79' lang='grc' dir='ltr'>ἔπος</span> <span class='ocrx_word' id='word_1_684' title='bbox 1639 4771 1705 4825; x_wconf 84' lang='grc' dir='ltr'>Ι).</span> 
     </span>
    </p>
   </div>
   <div class='ocr_carea' id='block_1_97' title="bbox 146 4843 538 4904">
    <p class='ocr_par' dir='ltr' id='par_1_97' title="bbox 146 4843 538 4904">
     <span class='ocr_line' id='line_1_98' title="bbox 146 4843 538 4904; baseline 0 -6"><span class='ocrx_word' id='word_1_685' title='bbox 146 4843 278 4904; x_wconf 81' lang='grc' dir='ltr'>λίως</span> <span class='ocrx_word' id='word_1_686' title='bbox 310 4856 431 4898; x_wconf 91' lang='lat' dir='ltr'>om.</span> <span class='ocrx_word' id='word_1_687' title='bbox 469 4843 538 4898; x_wconf 92' lang='lat' dir='ltr'>D.</span> 
     </span>
    </p>
   </div>
   <div class='ocr_carea' id='block_1_98' title="bbox 1137 4481 1787 4558">
    <p class='ocr_par' dir='ltr' id='par_1_98' title="bbox 1137 4481 1787 4558">
     <span class='ocr_line' id='line_1_99' title="bbox 1137 4481 1787 4558; baseline 0.008 -25"><span class='ocrx_word' id='word_1_688' title='bbox 1137 4483 1184 4558; x_wconf 60' lang='lat'>§‘</span> <span class='ocrx_word' id='word_1_689' title='bbox 1216 4481 1489 4558; x_wconf 65' lang='grc' dir='ltr'>ᾁνασώσας</span> <span class='ocrx_word' id='word_1_690' title='bbox 1518 4490 1696 4558; x_wconf 87' lang='grc' dir='ltr'>χειρός</span> <span class='ocrx_word' id='word_1_691' title='bbox 1722 4481 1787 4538; x_wconf 79' lang='grc' dir='ltr'>Ι).</span> 
     </span>
    </p>
   </div>
   <div class='ocr_carea' id='block_1_99' title="bbox 1096 4553 1864 4628">
    <p class='ocr_par' dir='ltr' id='par_1_99' title="bbox 1096 4553 1864 4628">
     <span class='ocr_line' id='line_1_100' title="bbox 1096 4553 1864 4628; baseline 0.004 -23"><span class='ocrx_word' id='word_1_692' title='bbox 1096 4553 1142 4588; x_wconf 69' lang='grc'>⁸³</span> <span class='ocrx_word' id='word_1_693' title='bbox 1180 4553 1619 4628; x_wconf 50' lang='grc' dir='ltr'>ούτος-μέρεσιί</span> <span class='ocrx_word' id='word_1_694' title='bbox 1643 4571 1765 4611; x_wconf 90' lang='lat' dir='ltr'>om.</span> <span class='ocrx_word' id='word_1_695' title='bbox 1800 4556 1864 4609; x_wconf 90' lang='lat' dir='ltr'>D.</span> 
     </span>
    </p>
   </div>
   <div class='ocr_carea' id='block_1_100' title="bbox 1803 4691 2788 4772">
    <p class='ocr_par' dir='ltr' id='par_1_100' title="bbox 1803 4691 2788 4772">
     <span class='ocr_line' id='line_1_101' title="bbox 1803 4691 2788 4772; baseline 0.004 -24"><span class='ocrx_word' id='word_1_696' title='bbox 1903 4691 2122 4772; x_wconf 63' lang='grc' dir='ltr'>διῃτᾷτο</span> <span class='ocrx_word' id='word_1_697' title='bbox 2152 4701 2389 4772; x_wconf 77' lang='grc' dir='ltr'>χωρίοις,</span> <span class='ocrx_word' id='word_1_698' title='bbox 2427 4697 2458 4754; x_wconf 83' lang='grc' dir='ltr'>ἡ</span> <span class='ocrx_word' id='word_1_699' title='bbox 2495 4691 2554 4748; x_wconf 74' lang='grc' dir='ltr'>δὲ</span> <span class='ocrx_word' id='word_1_700' title='bbox 2593 4704 2683 4749; x_wconf 86' lang='grc' dir='ltr'>τοῦ</span> 
     </span>
    </p>
   </div>
   <div class='ocr_carea' id='block_1_101' title="bbox 1819 4769 2785 4842">
    <p class='ocr_par' dir='ltr' id='par_1_101' title="bbox 1819 4769 2785 4842">
     <span class='ocr_line' id='line_1_102' title="bbox 1819 4769 2785 4842; baseline 0.002 -22"><span class='ocrx_word' id='word_1_701' title='bbox 1819 4769 1865 4804; x_wconf 87' lang='grc'>⁷⁷</span> <span class='ocrx_word' id='word_1_702' title='bbox 1925 4769 2061 4820; x_wconf 88' lang='grc' dir='ltr'>κατὰ</span> <span class='ocrx_word' id='word_1_703' title='bbox 2115 4769 2251 4829; x_wconf 75' lang='grc' dir='ltr'>τοὺς</span> <span class='ocrx_word' id='word_1_704' title='bbox 2299 4770 2480 4842; x_wconf 85' lang='grc' dir='ltr'>ὅρκους</span> <span class='ocrx_word' id='word_1_705' title='bbox 2536 4782 2662 4825; x_wconf 91' lang='lat' dir='ltr'>om.</span> <span class='ocrx_word' id='word_1_706' title='bbox 2716 4769 2785 4822; x_wconf 94' lang='lat' dir='ltr'>D.</span> 
     </span>
    </p>
   </div>
   <div class='ocr_carea' id='block_1_102' title="bbox 1859 4320 3518 4395">
    <p class='ocr_par' dir='ltr' id='par_1_102' title="bbox 1859 4320 3518 4395">
     <span class='ocr_line' id='line_1_103' title="bbox 1859 4320 3518 4395; baseline 0.002 -17"><span class='ocrx_word' id='word_1_707' title='bbox 1859 4328 1996 4395; x_wconf 91' lang='lat' dir='ltr'>post</span> <span class='ocrx_word' id='word_1_708' title='bbox 2019 4338 2158 4377; x_wconf 91' lang='lat' dir='ltr'>eum</span> <span class='ocrx_word' id='word_1_709' title='bbox 2189 4320 2370 4377; x_wconf 87' lang='lat' dir='ltr'>fuisse</span> <span class='ocrx_word' id='word_1_710' title='bbox 2399 4321 2504 4394; x_wconf 89' lang='lat' dir='ltr'>qui</span> <span class='ocrx_word' id='word_1_711' title='bbox 2525 4325 2609 4376; x_wconf 93' lang='lat' dir='ltr'>tot</span> <span class='ocrx_word' id='word_1_712' title='bbox 2629 4336 2699 4376; x_wconf 92' lang='lat' dir='ltr'>ac</span> <span class='ocrx_word' id='word_1_713' title='bbox 2725 4325 2891 4377; x_wconf 89' lang='lat' dir='ltr'>tanta</span> <span class='ocrx_word' id='word_1_714' title='bbox 2920 4321 3186 4378; x_wconf 79' lang='lat' dir='ltr'>facinora</span> <span class='ocrx_word' id='word_1_715' title='bbox 3210 4323 3304 4379; x_wconf 87' lang='lat' dir='ltr'>vel</span> <span class='ocrx_word' id='word_1_716' title='bbox 3333 4327 3518 4380; x_wconf 86' lang='lat' dir='ltr'>atten-</span> 
     </span>
    </p>
   </div>
   <div class='ocr_carea' id='block_1_103' title="bbox 1815 4407 3516 4486">
    <p class='ocr_par' dir='ltr' id='par_1_103' title="bbox 1815 4407 3516 4486">
     <span class='ocr_line' id='line_1_104' title="bbox 1815 4407 3516 4486; baseline 0.001 -21"><span class='ocrx_word' id='word_1_717' title='bbox 1815 4409 1867 4466; x_wconf 84' lang='grc' dir='ltr'>δ’</span> <span class='ocrx_word' id='word_1_718' title='bbox 1899 4415 1952 4464; x_wconf 86' lang='grc' dir='ltr'>αἱ</span> <span class='ocrx_word' id='word_1_719' title='bbox 1982 4407 2179 4464; x_wconf 80' lang='grc' dir='ltr'>σποδαὶ</span> <span class='ocrx_word' id='word_1_720' title='bbox 2210 4409 2454 4482; x_wconf 71' lang='grc' dir='ltr'>ἐγενοντο,</span> <span class='ocrx_word' id='word_1_721' title='bbox 2520 4407 2921 4484; x_wconf 83' lang='grc' dir='ltr'>διαπεραιοῦται</span> <span class='ocrx_word' id='word_1_722' title='bbox 2955 4409 3009 4463; x_wconf 88' lang='grc' dir='ltr'>ἐκ</span> <span class='ocrx_word' id='word_1_723' title='bbox 3050 4411 3350 4486; x_wconf 71' lang='grc' dir='ltr'>Λαμψάκου</span> <span class='ocrx_word' id='word_1_724' title='bbox 3382 4415 3516 4486; x_wconf 81' lang='grc' dir='ltr'>μετὰ</span> 
     </span>
    </p>
   </div>
   <div class='ocr_carea' id='block_1_104' title="bbox 1902 4465 3512 4557">
    <p class='ocr_par' dir='ltr' id='par_1_104' title="bbox 1902 4465 3512 4557">
     <span class='ocr_line' id='line_1_105' title="bbox 1902 4465 3512 4557; baseline 0.005 -24"><span class='ocrx_word' id='word_1_725' title='bbox 1902 4485 1950 4519; x_wconf 76' lang='grc'>⁵⁵</span> <span class='ocrx_word' id='word_1_726' title='bbox 1985 4490 2046 4557; x_wconf 72' lang='grc' dir='ltr'>τῇ</span> <span class='ocrx_word' id='word_1_727' title='bbox 2070 4465 2636 4557; x_wconf 12' lang='grc' dir='ltr'>,ἐξ-ΟύγγρωίΜαρία</span> <span class='ocrx_word' id='word_1_728' title='bbox 2666 4465 2785 4538; x_wconf 57' lang='lat' dir='ltr'>om.</span> <span class='ocrx_word' id='word_1_729' title='bbox 2831 4485 2893 4537; x_wconf 87' lang='lat' dir='ltr'>D.</span> <span class='ocrx_word' id='word_1_730' title='bbox 3008 4484 3055 4518; x_wconf 81' lang='grc'>⁶⁶</span> <span class='ocrx_word' id='word_1_731' title='bbox 3083 4465 3250 4557; x_wconf 62' lang='grc' dir='ltr'>Ἑλένη</span> <span class='ocrx_word' id='word_1_732' title='bbox 3283 4465 3408 4542; x_wconf 76' lang='grc' dir='ltr'>οω”.</span> 
     </span>
    </p>
   </div>
   <div class='ocr_carea' id='block_1_105' title="bbox 1978 4545 3518 4630">
    <p class='ocr_par' dir='ltr' id='par_1_105' title="bbox 1978 4545 3518 4630">
     <span class='ocr_line' id='line_1_106' title="bbox 1978 4545 3518 4630; baseline 0.001 -24"><span class='ocrx_word' id='word_1_733' title='bbox 1978 4545 2032 4589; x_wconf 61' lang='grc' dir='ltr'>δεῖ</span> <span class='ocrx_word' id='word_1_734' title='bbox 2057 4556 2082 4606; x_wconf 86' lang='lat'>6</span> <span class='ocrx_word' id='word_1_735' title='bbox 2113 4550 2200 4605; x_wconf 84' lang='grc' dir='ltr'>οὖν</span> <span class='ocrx_word' id='word_1_736' title='bbox 2231 4545 2389 4605; x_wconf 68' lang='grc' dir='ltr'>’Ᾱσάν</span> <span class='ocrx_word' id='word_1_737' title='bbox 2417 4559 2508 4612; x_wconf 84' lang='grc' dir='ltr'>τήν</span> <span class='ocrx_word' id='word_1_738' title='bbox 2545 4545 2708 4605; x_wconf 67' lang='grc' dir='ltr'>αὑτοῦ</span> <span class='ocrx_word' id='word_1_739' title='bbox 2751 4559 2983 4630; x_wconf 69' lang='grc' dir='ltr'>γαμετήν</span> <span class='ocrx_word' id='word_1_740' title='bbox 3012 4558 3181 4608; x_wconf 85' lang='grc' dir='ltr'>καὶτὸ</span> <span class='ocrx_word' id='word_1_741' title='bbox 3229 4545 3518 4630; x_wconf 71' lang='grc' dir='ltr'>’θυγάτριον</span> 
     </span>
    </p>
   </div>
   <div class='ocr_carea' id='block_1_106' title="bbox 1891 4624 3518 4699">
    <p class='ocr_par' dir='ltr' id='par_1_106' title="bbox 1891 4624 3518 4699">
     <span class='ocr_line' id='line_1_107' title="bbox 1891 4624 3518 4699; baseline 0.002 -23"><span class='ocrx_word' id='word_1_742' title='bbox 1891 4627 1938 4699; x_wconf 52' lang='grc'>⁷]</span> <span class='ocrx_word' id='word_1_743' title='bbox 1983 4625 2346 4698; x_wconf 85' lang='grc' dir='ltr'>ἱεροτελεστίας</span> <span class='ocrx_word' id='word_1_744' title='bbox 2379 4626 2448 4699; x_wconf 68' lang='lat' dir='ltr'>D.</span> <span class='ocrx_word' id='word_1_745' title='bbox 2507 4691 2524 4699; x_wconf 77' lang='lat'>_</span> <span class='ocrx_word' id='word_1_746' title='bbox 2556 4626 2604 4663; x_wconf 72' lang='grc'>⁷³</span> <span class='ocrx_word' id='word_1_747' title='bbox 2646 4624 2892 4698; x_wconf 14' lang='grc' dir='ltr'>τετίμηήτο</span> <span class='ocrx_word' id='word_1_748' title='bbox 2951 4624 3214 4699; x_wconf 86' lang='grc' dir='ltr'>βασιλικῷ</span> <span class='ocrx_word' id='word_1_749' title='bbox 3263 4624 3352 4681; x_wconf 84' lang='grc' dir='ltr'>καί</span> <span class='ocrx_word' id='word_1_750' title='bbox 3393 4624 3518 4699; x_wconf 13' lang='grc' dir='ltr'>,συν-</span> 
     </span>
    </p>
   </div>
   <div class='ocr_carea' id='block_1_107' title="bbox 2899 4698 3520 4752">
    <p class='ocr_par' dir='ltr' id='par_1_107' title="bbox 2899 4698 3520 4752">
     <span class='ocr_line' id='line_1_108' title="bbox 2899 4698 3520 4752; baseline 0.003 -2"><span class='ocrx_word' id='word_1_751' title='bbox 2899 4699 2949 4733; x_wconf 78' lang='grc'>⁷⁸</span> <span class='ocrx_word' id='word_1_752' title='bbox 2980 4703 3069 4750; x_wconf 83' lang='grc' dir='ltr'>καὶ</span> <span class='ocrx_word' id='word_1_753' title='bbox 3119 4698 3258 4751; x_wconf 87' lang='grc' dir='ltr'>λείαν</span> <span class='ocrx_word' id='word_1_754' title='bbox 3287 4731 3355 4740; x_wconf 93' lang='lat'>--</span> <span class='ocrx_word' id='word_1_755' title='bbox 3382 4698 3520 4752; x_wconf 83' lang='grc' dir='ltr'>ἐποι-</span> 
     </span>
    </p>
   </div>
   <div class='ocr_carea' id='block_1_108' title="bbox 2905 4769 3518 4845">
    <p class='ocr_par' dir='ltr' id='par_1_108' title="bbox 2905 4769 3518 4845">
     <span class='ocr_line' id='line_1_109' title="bbox 2905 4769 3518 4845; baseline 0 -23"><span class='ocrx_word' id='word_1_756' title='bbox 2905 4770 2954 4804; x_wconf 79' lang='grc'>⁷⁸</span> <span class='ocrx_word' id='word_1_757' title='bbox 3011 4773 3154 4845; x_wconf 81' lang='grc' dir='ltr'>παρὰ</span> <span class='ocrx_word' id='word_1_758' title='bbox 3203 4778 3295 4824; x_wconf 90' lang='grc' dir='ltr'>τοῦ</span> <span class='ocrx_word' id='word_1_759' title='bbox 3355 4769 3518 4842; x_wconf 90' lang='grc' dir='ltr'>βασι-</span> 
     </span>
    </p>
   </div>
   <div class='ocr_carea' id='block_1_109' title="bbox 1039 4960 2622 5031">
    <p class='ocr_par' dir='ltr' id='par_1_109' title="bbox 1039 4960 2622 5031">
     <span class='ocr_line' id='line_1_110' title="bbox 1039 4960 2622 5031; baseline 0.001 -3"><span class='ocrx_word' id='word_1_760' title='bbox 1039 4960 1381 5030; x_wconf 88' lang='lat' dir='ltr'>Theodori</span> <span class='ocrx_word' id='word_1_761' title='bbox 1427 4962 1676 5031; x_wconf 66' lang='lat' dir='ltr'>Dousaa</span> <span class='ocrx_word' id='word_1_762' title='bbox 1725 4971 1792 5030; x_wconf 90' lang='lat' dir='ltr'>et</span> <span class='ocrx_word' id='word_1_763' title='bbox 1836 4961 2088 5031; x_wconf 90' lang='lat' dir='ltr'>Leonis</span> <span class='ocrx_word' id='word_1_764' title='bbox 2136 4961 2370 5030; x_wconf 88' lang='lat' dir='ltr'>Allatii</span> <span class='ocrx_word' id='word_1_765' title='bbox 2420 4970 2622 5030; x_wconf 69' lang='lat' dir='ltr'>notae.</span> 
     </span>
    </p>
   </div>
   <div class='ocr_carea' id='block_1_110' title="bbox 228 5101 1766 5179">
    <p class='ocr_par' dir='ltr' id='par_1_110' title="bbox 228 5101 1766 5179">
     <span class='ocr_line' id='line_1_111' title="bbox 228 5101 1766 5179; baseline -0.006 -14"><span class='ocrx_word' id='word_1_766' title='bbox 228 5108 348 5179; x_wconf 82' lang='grc'>(66)</span> <span class='ocrx_word' id='word_1_767' title='bbox 391 5105 451 5160; x_wconf 85' lang='grc' dir='ltr'>Ὁ</span> <span class='ocrx_word' id='word_1_768' title='bbox 522 5103 774 5179; x_wconf 71' lang='grc' dir='ltr'>Τρινόϐου</span> <span class='ocrx_word' id='word_1_769' title='bbox 803 5101 1097 5179; x_wconf 73' lang='grc' dir='ltr'>ἀρχιερεύς.</span> <span class='ocrx_word' id='word_1_770' title='bbox 1145 5103 1486 5176; x_wconf 81' lang='lat' dir='ltr'>Acropolita</span> <span class='ocrx_word' id='word_1_771' title='bbox 1539 5105 1639 5157; x_wconf 78' lang='grc' dir='ltr'>ὑπὸ</span> <span class='ocrx_word' id='word_1_772' title='bbox 1679 5107 1766 5179; x_wconf 81' lang='grc' dir='ltr'>τὸν</span> 
     </span>
    </p>
   </div>
   <div class='ocr_carea' id='block_1_111' title="bbox 157 5175 1766 5246">
    <p class='ocr_par' dir='ltr' id='par_1_111' title="bbox 157 5175 1766 5246">
     <span class='ocr_line' id='line_1_112' title="bbox 157 5175 1766 5246; baseline -0.004 -10"><span class='ocrx_word' id='word_1_773' title='bbox 157 5175 750 5238; x_wconf 73' lang='grc' dir='ltr'>Κώνσταντινουπόλεως</span> <span class='ocrx_word' id='word_1_774' title='bbox 803 5175 976 5240; x_wconf 74' lang='grc' dir='ltr'>τελῶν,</span> <span class='ocrx_word' id='word_1_775' title='bbox 1036 5175 1325 5245; x_wconf 84' lang='lat' dir='ltr'>Gregoras</span> <span class='ocrx_word' id='word_1_776' title='bbox 1370 5183 1441 5246; x_wconf 85' lang='grc' dir='ltr'>τῷ</span> <span class='ocrx_word' id='word_1_777' title='bbox 1489 5180 1610 5237; x_wconf 80' lang='grc' dir='ltr'>τέως</span> <span class='ocrx_word' id='word_1_778' title='bbox 1665 5177 1766 5229; x_wconf 87' lang='grc' dir='ltr'>ύπό</span> 
     </span>
    </p>
   </div>
   <div class='ocr_carea' id='block_1_112' title="bbox 157 5246 1764 5325">
    <p class='ocr_par' dir='ltr' id='par_1_112' title="bbox 157 5246 1764 5325">
     <span class='ocr_line' id='line_1_113' title="bbox 157 5246 1764 5325; baseline -0.002 -19"><span class='ocrx_word' id='word_1_779' title='bbox 157 5257 249 5306; x_wconf 84' lang='grc' dir='ltr'>τὸν</span> <span class='ocrx_word' id='word_1_780' title='bbox 296 5251 718 5325; x_wconf 62' lang='grc' dir='ltr'>ἀρχιεπίσκοπον</span> <span class='ocrx_word' id='word_1_781' title='bbox 773 5255 880 5325; x_wconf 44' lang='grc' dir='ltr'>τῆς.</span> <span class='ocrx_word' id='word_1_782' title='bbox 929 5250 1141 5325; x_wconf 69' lang='grc' dir='ltr'>πρώτής</span> <span class='ocrx_word' id='word_1_783' title='bbox 1184 5246 1338 5325; x_wconf 74' lang='grc' dir='ltr'>τελῷν</span> <span class='ocrx_word' id='word_1_784' title='bbox 1366 5249 1764 5310; x_wconf 84' lang='grc' dir='ltr'>Ἰουστινιανῆς.</span> 
     </span>
    </p>
   </div>
   <div class='ocr_carea' id='block_1_113' title="bbox 159 5317 1406 5392">
    <p class='ocr_par' dir='ltr' id='par_1_113' title="bbox 159 5317 1406 5392">
     <span class='ocr_line' id='line_1_114' title="bbox 159 5317 1406 5392; baseline -0.004 -12"><span class='ocrx_word' id='word_1_785' title='bbox 159 5327 230 5380; x_wconf 90' lang='lat' dir='ltr'>Et</span> <span class='ocrx_word' id='word_1_786' title='bbox 261 5317 553 5378; x_wconf 31' lang='lat' dir='ltr'>consentit</span> <span class='ocrx_word' id='word_1_787' title='bbox 588 5317 1047 5392; x_wconf 60' lang='lat' dir='ltr'>Ephraemius&#39;in</span> <span class='ocrx_word' id='word_1_788' title='bbox 1079 5317 1406 5392; x_wconf 74' lang='lat' dir='ltr'>Chronico:</span> 
     </span>
    </p>
   </div>
   <div class='ocr_carea' id='block_1_114' title="bbox 233 5388 1328 5464">
    <p class='ocr_par' dir='ltr' id='par_1_114' title="bbox 233 5388 1328 5464">
     <span class='ocr_line' id='line_1_115' title="bbox 233 5388 1328 5464; baseline -0.005 -17"><span class='ocrx_word' id='word_1_789' title='bbox 233 5401 320 5464; x_wconf 82' lang='grc' dir='ltr'>Τῷ</span> <span class='ocrx_word' id='word_1_790' title='bbox 360 5388 652 5464; x_wconf 77' lang='grc' dir='ltr'>τηνικαῦτα</span> <span class='ocrx_word' id='word_1_791' title='bbox 673 5391 1033 5462; x_wconf 83' lang='grc' dir='ltr'>ποιμενὰρχης</span> <span class='ocrx_word' id='word_1_792' title='bbox 1056 5388 1328 5464; x_wconf 64' lang='grc' dir='ltr'>Τρινόϐου,</span> 
     </span>
    </p>
   </div>
   <div class='ocr_carea' id='block_1_115' title="bbox 235 5461 1253 5536">
    <p class='ocr_par' dir='ltr' id='par_1_115' title="bbox 235 5461 1253 5536">
     <span class='ocr_line' id='line_1_116' title="bbox 235 5461 1253 5536; baseline -0.007 -18"><span class='ocrx_word' id='word_1_793' title='bbox 235 5461 322 5535; x_wconf 77' lang='grc' dir='ltr'>Τῷ</span> <span class='ocrx_word' id='word_1_794' title='bbox 355 5463 674 5536; x_wconf 57' lang='grc' dir='ltr'>Βουλγαρίας</span> <span class='ocrx_word' id='word_1_795' title='bbox 700 5461 1026 5536; x_wconf 78' lang='grc' dir='ltr'>ὑποκείμενος</span> <span class='ocrx_word' id='word_1_796' title='bbox 1049 5461 1253 5536; x_wconf 38' lang='grc' dir='ltr'>,θρόνῳ,</span> 
     </span>
    </p>
   </div>
   <div class='ocr_carea' id='block_1_116' title="bbox 239 5519 1342 5606">
    <p class='ocr_par' dir='ltr' id='par_1_116' title="bbox 239 5519 1342 5606">
     <span class='ocr_line' id='line_1_117' title="bbox 239 5519 1342 5606; baseline -0.007 -16"><span class='ocrx_word' id='word_1_797' title='bbox 239 5519 354 5591; x_wconf 65' lang='grc' dir='ltr'>Ούκ</span> <span class='ocrx_word' id='word_1_798' title='bbox 386 5531 472 5588; x_wconf 84' lang='grc' dir='ltr'>οἶδ</span> <span class='ocrx_word' id='word_1_799' title='bbox 493 5519 1132 5606; x_wconf 39' lang='grc' dir='ltr'>’ὃπως-κέκροιτσσυνόδου</span> <span class='ocrx_word' id='word_1_800' title='bbox 1171 5519 1342 5606; x_wconf 71' lang='grc' dir='ltr'>κρίσει</span> 
     </span>
    </p>
   </div>
   <div class='ocr_carea' id='block_1_117' title="bbox 241 5603 1396 5679">
    <p class='ocr_par' dir='ltr' id='par_1_117' title="bbox 241 5603 1396 5679">
     <span class='ocr_line' id='line_1_118' title="bbox 241 5603 1396 5679; baseline -0.006 -18"><span class='ocrx_word' id='word_1_801' title='bbox 241 5610 582 5679; x_wconf 84' lang='grc' dir='ltr'>Θεσπίσματί</span> <span class='ocrx_word' id='word_1_802' title='bbox 610 5623 663 5658; x_wconf 90' lang='grc' dir='ltr'>τε</span> <span class='ocrx_word' id='word_1_803' title='bbox 693 5603 783 5656; x_wconf 85' lang='grc' dir='ltr'>τοῦ</span> <span class='ocrx_word' id='word_1_804' title='bbox 811 5611 1118 5679; x_wconf 76' lang='grc' dir='ltr'>κρατοῦντος</span> <span class='ocrx_word' id='word_1_805' title='bbox 1156 5603 1396 5654; x_wconf 78' lang='grc' dir='ltr'>Αύσόνων</span> 
     </span>
    </p>
   </div>
   <div class='ocr_carea' id='block_1_118' title="bbox 242 5673 1393 5752">
    <p class='ocr_par' dir='ltr' id='par_1_118' title="bbox 242 5673 1393 5752">
     <span class='ocr_line' id='line_1_119' title="bbox 242 5673 1393 5752; baseline -0.004 -21"><span class='ocrx_word' id='word_1_806' title='bbox 242 5683 423 5752; x_wconf 74' lang='grc' dir='ltr'>Τιμήν</span> <span class='ocrx_word' id='word_1_807' title='bbox 452 5673 791 5752; x_wconf 79' lang='grc' dir='ltr'>πατριάρχου</span> <span class='ocrx_word' id='word_1_808' title='bbox 816 5673 877 5747; x_wconf 72' lang='grc' dir='ltr'>γε</span> <span class='ocrx_word' id='word_1_809' title='bbox 899 5679 992 5729; x_wconf 84' lang='grc' dir='ltr'>καὶ</span> <span class='ocrx_word' id='word_1_810' title='bbox 1015 5673 1201 5734; x_wconf 82' lang='grc' dir='ltr'>κλῆσιν</span> <span class='ocrx_word' id='word_1_811' title='bbox 1233 5677 1393 5746; x_wconf 76' lang='grc' dir='ltr'>ἔχειν,</span> 
     </span>
    </p>
   </div>
   <div class='ocr_carea' id='block_1_119' title="bbox 1951 5101 3523 5178">
    <p class='ocr_par' dir='ltr' id='par_1_119' title="bbox 1951 5101 3523 5178">
     <span class='ocr_line' id='line_1_120' title="bbox 1951 5101 3523 5178; baseline 0.003 -19"><span class='ocrx_word' id='word_1_812' title='bbox 1951 5101 2068 5168; x_wconf 83' lang='grc' dir='ltr'>Κήδ</span> <span class='ocrx_word' id='word_1_813' title='bbox 2071 5125 2156 5166; x_wconf 85' lang='grc' dir='ltr'>ους</span> <span class='ocrx_word' id='word_1_814' title='bbox 2184 5109 2420 5178; x_wconf 69' lang='grc' dir='ltr'>τενόντων</span> <span class='ocrx_word' id='word_1_815' title='bbox 2444 5113 2551 5178; x_wconf 66' lang='grc' dir='ltr'>τῶνΔ</span> <span class='ocrx_word' id='word_1_816' title='bbox 2563 5104 2886 5178; x_wconf 87' lang='grc' dir='ltr'>κρατούντων</span> <span class='ocrx_word' id='word_1_817' title='bbox 2913 5107 2962 5178; x_wconf 77' lang='grc' dir='ltr'>οί</span> <span class='ocrx_word' id='word_1_818' title='bbox 2979 5105 3162 5177; x_wconf 77' lang='grc' dir='ltr'>χάριν.</span> <span class='ocrx_word' id='word_1_819' title='bbox 3185 5105 3523 5178; x_wconf 68' lang='grc' dir='ltr'>ᾼοεοροιὶῐιι</span> 
     </span>
    </p>
   </div>
   <div class='ocr_carea' id='block_1_120' title="bbox 1873 5175 3521 5249">
    <p class='ocr_par' dir='ltr' id='par_1_120' title="bbox 1873 5175 3521 5249">
     <span class='ocr_line' id='line_1_121' title="bbox 1873 5175 3521 5249; baseline 0.001 -17"><span class='ocrx_word' id='word_1_820' title='bbox 1873 5177 2204 5249; x_wconf 20' lang='lat' dir='ltr'>memoriae,</span> <span class='ocrx_word' id='word_1_821' title='bbox 2236 5177 2413 5249; x_wconf 80' lang='lat' dir='ltr'>lapsu</span> <span class='ocrx_word' id='word_1_822' title='bbox 2463 5175 2558 5232; x_wconf 90' lang='lat' dir='ltr'>vel</span> <span class='ocrx_word' id='word_1_823' title='bbox 2597 5175 2823 5249; x_wconf 80' lang='lat' dir='ltr'>parum</span> <span class='ocrx_word' id='word_1_824' title='bbox 2874 5175 3070 5249; x_wconf 79' lang='lat' dir='ltr'>rebus</span> <span class='ocrx_word' id='word_1_825' title='bbox 3105 5175 3521 5234; x_wconf 78' lang='lat' dir='ltr'>ecclesiasticis</span> 
     </span>
    </p>
   </div>
   <div class='ocr_carea' id='block_1_121' title="bbox 1875 5246 3523 5373">
    <p class='ocr_par' dir='ltr' id='par_1_121' title="bbox 1875 5246 3523 5373">
     <span class='ocr_line' id='line_1_122' title="bbox 1875 5246 3523 5373; baseline 0.001 -69"><span class='ocrx_word' id='word_1_826' title='bbox 1875 5248 2137 5328; x_wconf 81' lang='lat' dir='ltr'>intentus</span> <span class='ocrx_word' id='word_1_827' title='bbox 2190 5246 2322 5303; x_wconf 71' lang='lat' dir='ltr'>haec</span> <span class='ocrx_word' id='word_1_828' title='bbox 2366 5247 2442 5302; x_wconf 89' lang='lat' dir='ltr'>de</span> <span class='ocrx_word' id='word_1_829' title='bbox 2477 5246 2738 5328; x_wconf 38' lang='lat' dir='ltr'>&#39;Ternobi</span> <span class='ocrx_word' id='word_1_830' title='bbox 2793 5246 3381 5373; x_wconf 63' lang='lat' dir='ltr'>episcopioscripsit.</span> <span class='ocrx_word' id='word_1_831' title='bbox 3442 5250 3523 5305; x_wconf 87' lang='lat' dir='ltr'>De</span> 
     </span>
     <span class='ocr_line' id='line_1_123' title="bbox 1875 5319 3523 5373; baseline 0 0"><span class='ocrx_word' id='word_1_832' title='bbox 1875 5319 2127 5373; x_wconf 83' lang='lat' dir='ltr'>Ternobi</span> <span class='ocrx_word' id='word_1_833' title='bbox 2179 5324 2532 5373; x_wconf 82' lang='lat' dir='ltr'>autonomia</span> <span class='ocrx_word' id='word_1_834' title='bbox 2579 5333 2698 5373; x_wconf 89' lang='lat' dir='ltr'>nos.</span> <span class='ocrx_word' id='word_1_835' title='bbox 2737 5320 2917 5373; x_wconf 79' lang='lat' dir='ltr'>etiam</span> <span class='ocrx_word' id='word_1_836' title='bbox 2973 5335 3008 5373; x_wconf 92' lang='lat' dir='ltr'>a</span> <span class='ocrx_word' id='word_1_837' title='bbox 3051 5319 3134 5373; x_wconf 87' lang='lat' dir='ltr'>b1.</span> <span class='ocrx_word' id='word_1_838' title='bbox 3183 5320 3523 5373; x_wconf 83' lang='lat' dir='ltr'>Ternobum</span> 
     </span>
    </p>
   </div>
   <div class='ocr_carea' id='block_1_122' title="bbox 1874 5317 3524 5385">
    <p class='ocr_par' dir='ltr' id='par_1_122' title="bbox 1874 5317 3524 5385">
     <span class='ocr_line' id='line_1_124' title="bbox 1874 5317 3524 5385; baseline 0.003 -11"><span class='ocrx_word' id='word_1_839' title='bbox 1874 5319 2127 5375; x_wconf 92' lang='lat' dir='ltr'>Ternobi</span> <span class='ocrx_word' id='word_1_840' title='bbox 2179 5318 2532 5375; x_wconf 88' lang='lat' dir='ltr'>autonomia</span> <span class='ocrx_word' id='word_1_841' title='bbox 2579 5333 2698 5373; x_wconf 89' lang='lat' dir='ltr'>nos.</span> <span class='ocrx_word' id='word_1_842' title='bbox 2737 5317 2917 5374; x_wconf 84' lang='lat' dir='ltr'>etiam</span> <span class='ocrx_word' id='word_1_843' title='bbox 2973 5317 3134 5385; x_wconf 84' lang='lat' dir='ltr'>alibi,</span> <span class='ocrx_word' id='word_1_844' title='bbox 3183 5317 3524 5378; x_wconf 70' lang='lat' dir='ltr'>Ternobum</span> 
     </span>
    </p>
   </div>
   <div class='ocr_carea' id='block_1_123' title="bbox 1876 5387 3526 5462">
    <p class='ocr_par' dir='ltr' id='par_1_123' title="bbox 1876 5387 3526 5462">
     <span class='ocr_line' id='line_1_125' title="bbox 1876 5387 3526 5462; baseline 0.002 -17"><span class='ocrx_word' id='word_1_845' title='bbox 1876 5405 2054 5462; x_wconf 88' lang='lat' dir='ltr'>porro</span> <span class='ocrx_word' id='word_1_846' title='bbox 2105 5390 2376 5462; x_wconf 84' lang='lat' dir='ltr'>omnium</span> <span class='ocrx_word' id='word_1_847' title='bbox 2426 5387 2612 5462; x_wconf 67' lang='lat' dir='ltr'>Haemi</span> <span class='ocrx_word' id='word_1_848' title='bbox 2650 5388 2892 5462; x_wconf 81' lang='lat' dir='ltr'>urbium</span> <span class='ocrx_word' id='word_1_849' title='bbox 2943 5389 3415 5462; x_wconf 86' lang='lat' dir='ltr'>munitissimam</span> <span class='ocrx_word' id='word_1_850' title='bbox 3468 5395 3526 5450; x_wconf 87' lang='lat' dir='ltr'>et</span> 
     </span>
    </p>
   </div>
   <div class='ocr_carea' id='block_1_124' title="bbox 1876 5458 3524 5533">
    <p class='ocr_par' dir='ltr' id='par_1_124' title="bbox 1876 5458 3524 5533">
     <span class='ocr_line' id='line_1_126' title="bbox 1876 5458 3524 5533; baseline 0.002 -17"><span class='ocrx_word' id='word_1_851' title='bbox 1876 5458 2426 5533; x_wconf 66' lang='lat' dir='ltr'>praestantissimam</span> <span class='ocrx_word' id='word_1_852' title='bbox 2452 5459 2594 5533; x_wconf 86' lang='lat' dir='ltr'>dicit</span> <span class='ocrx_word' id='word_1_853' title='bbox 2622 5458 2950 5533; x_wconf 83' lang='lat' dir='ltr'>Choniata,_</span> <span class='ocrx_word' id='word_1_854' title='bbox 2969 5460 3030 5516; x_wconf 92' lang='lat' dir='ltr'>in</span> <span class='ocrx_word' id='word_1_855' title='bbox 3059 5464 3280 5519; x_wconf 88' lang='lat' dir='ltr'>montis</span> <span class='ocrx_word' id='word_1_856' title='bbox 3308 5464 3524 5520; x_wconf 85' lang='lat' dir='ltr'>vertice</span> 
     </span>
    </p>
   </div>
   <div class='ocr_carea' id='block_1_125' title="bbox 1878 5529 3238 5601">
    <p class='ocr_par' dir='ltr' id='par_1_125' title="bbox 1878 5529 3238 5601">
     <span class='ocr_line' id='line_1_127' title="bbox 1878 5529 3238 5601; baseline 0.002 -13"><span class='ocrx_word' id='word_1_857' title='bbox 1878 5529 2074 5598; x_wconf 78' lang='lat' dir='ltr'>sitam,</span> <span class='ocrx_word' id='word_1_858' title='bbox 2105 5532 2264 5601; x_wconf 80' lang='lat' dir='ltr'>ﬁmis</span> <span class='ocrx_word' id='word_1_859' title='bbox 2289 5529 2722 5586; x_wconf 89' lang='lat' dir='ltr'>circumdatam</span> <span class='ocrx_word' id='word_1_860' title='bbox 2753 5531 3074 5601; x_wconf 79' lang='lat' dir='ltr'>mcenibus,</span> <span class='ocrx_word' id='word_1_861' title='bbox 3103 5539 3238 5591; x_wconf 84' lang='lat' dir='ltr'>ALL.</span> 
     </span>
    </p>
   </div>
   <div class='ocr_carea' id='block_1_126' title="bbox 1947 5599 3147 5677">
    <p class='ocr_par' dir='ltr' id='par_1_126' title="bbox 1947 5599 3147 5677">
     <span class='ocr_line' id='line_1_128' title="bbox 1947 5599 3147 5677; baseline 0.009 -24"><span class='ocrx_word' id='word_1_862' title='bbox 1947 5602 2170 5677; x_wconf 85' lang='grc' dir='ltr'>(67)Τήν</span> <span class='ocrx_word' id='word_1_863' title='bbox 2200 5599 2442 5660; x_wconf 77' lang='grc' dir='ltr'>δυτικὴν.</span> <span class='ocrx_word' id='word_1_864' title='bbox 2477 5604 2786 5672; x_wconf 90' lang='lat' dir='ltr'>Gregoras,</span> <span class='ocrx_word' id='word_1_865' title='bbox 2808 5617 2868 5674; x_wconf 91' lang='lat' dir='ltr'>p.</span> <span class='ocrx_word' id='word_1_866' title='bbox 2896 5606 2983 5660; x_wconf 89' lang='grc'>30.</span> <span class='ocrx_word' id='word_1_867' title='bbox 3010 5599 3147 5664; x_wconf 70' lang='lat' dir='ltr'>ALL.</span> 
     </span>
    </p>
   </div>
  </div>
