3988 6322
1795 300 2080 359 GEORGII
2115 299 2592 358 ACROPOLITE.

510 367 643 424 1059

3757 306 3881 360 1060

504 421 644 494 tarit
662 435 889 492 felicius
917 435 1010 494 vel
1027 433 1373 508 prosperius
1391 429 1657 503 gesserit,
1682 432 1745 484 ut
1766 426 1906 482 inde
1937 426 2153 483 Latinis

2267 421 2397 497 Εἶχε
2419 421 2479 478 δὲ
2508 427 2533 476 6
2574 424 2822 498 βασιλεὺς
2847 431 2936 479 καὶ
2986 429 3044 480 τὸ
3088 433 3181 479 τοῦ
3221 434 3423 482 Κισσού
3459 431 3744 503 φρούριον,
3800 439 3876 481 καί

505 527 612 600 qui
657 527 720 582 in
758 525 1004 582 Tzurulo
1037 529 1207 582 erant
1254 521 1495 593 negotia
1539 518 1876 576 facesseret.
1922 521 2156 572 Asanus

505 615 800 672 dictorum
817 614 1086 670 locorum
1105 617 1306 686 partes
1332 608 1671 682 superiores
1693 606 1770 663 ad
1800 604 2157 678 Aquilonem

508 704 707 760 tenuit.
744 705 807 757 Et
823 701 899 757 ad
916 702 1082 774 ipsos
1100 715 1294 773 usque
1322 697 1514 770 Cpolis
1546 696 1994 752 murosJoanne
2019 707 2158 762 rege

504 792 566 848 in
591 791 703 846 illis
736 790 1043 846 adsidente
1074 794 1131 845 et
1179 790 1440 844 intuente
1495 789 1745 856 uterque
1804 781 2159 854 perveniens

502 880 806 951 ingentem
832 879 1107 934 timorem
1144 877 1360 934 Latinis
1385 875 1662 946 injecere,
1688 887 1907 944 resque
1949 885 2158 927 eorum

502 970 564 1026 in
618 975 952 1025 extremum
1013 967 1333 1024 discrimen
1399 964 1720 1020 deduxere.
1783 964 1963 1018 Porro
2021 977 2157 1016 cum

502 1064 832 1117 autumnus
859 1057 1242 1130 praeteriisset
1272 1071 1343 1112 ac
1380 1054 1573 1110 hiems
1602 1053 1866 1117 instaret,
1899 1053 2160 1107 Joannes

499 1151 827 1222 imperator
878 1151 1056 1219 atque
1093 1151 1328 1202 Asanus
1387 1147 1714 1216 postquam
1768 1141 1921 1197 inter
1987 1155 2047 1195 se
2085 1138 2160 1194 de

500 1237 778 1309 gerendis
821 1235 1273 1301 deliberassent,
1315 1238 1552 1288 Asanus
1611 1231 1854 1304 quidem
1907 1225 2162 1286 domum

497 1327 831 1393 revertitur,
865 1326 1194 1397 imperator
1220 1324 1281 1380 in
1314 1323 1611 1380 Orientem
1650 1318 2017 1376 transfertur.

2265 519 2431 590 μέχρι
2483 522 2720 587 ποταμοῦ
2771 515 2824 567 ὃν
2888 517 3159 590 Μαρίτζαν
3227 518 3251 568 ό
3320 517 3478 578 πολὺς
3529 523 3878 591 μετονομάζει

2264 603 2388 664 λαός
2417 606 2482 656 τὰ
2514 605 2559 638 ’⁷9
2595 607 2790 680 σύνορα
2844 607 3005 658 ἔθετο.
3053 606 3341 678 Ἐκράτησε
3375 603 3432 660 δὲ
3464 613 3557 661 καὶ
3588 616 3689 660 τοῦ
3747 614 3878 682 ὄρους

2265 701 2356 746 τοῦ
2393 695 2578 761 Γάνου,
2611 699 2702 746 καὶ
2731 693 2779 746 ἐν
2811 695 2952 766 αύτῷ
2989 692 3231 768 ἐδείματο
3262 702 3351 749 καὶ
3401 697 3717 769 πολίχνιον,
3775 701 3880 750 ἔνθα

2267 785 2461 834 καὶτὸν
2528 784 2820 857 Κοτέρτζην
2873 784 3126 837 Νικόλαον
3184 786 3452 858 φυλάττειν
3506 787 3601 858 [Ρ.
3643 788 3742 859 28]
3797 788 3879 849 ἐξέ-

2267 871 2436 944 πεμψε
2473 877 2564 925 καὶ
2601 875 2888 946 πράγματα
2930 880 3180 949 παρέχειν
3246 880 3489 937 Λατίνοις
3535 883 3664 938 τοῖς
3725 875 3777 928 ἐν
3828 885 3873 946 τῇ

2265 960 2596 1034 Τζουρουλῷ,
2629 958 2799 1034 ἄνδρα
2847 963 3054 1025 πολλοῖς
3099 964 3543 1038 κατεξητασμένον
3615 964 3875 1038 πολέμοις,

2267 1054 2358 1102 καὶ
2398 1048 2443 1110 ἐς
2481 1058 2730 1103 τοσοῦτον
2769 1047 3196 1125 εὐδοκιμήσαντα
3257 1057 3328 1116 ὡς
3364 1055 3567 1116 πάντας
3639 1057 3878 1110 τοιαύτη-ι

2270 1135 2427 1202 δόξαν
2467 1144 2584 1214 περὶ
2614 1142 2798 1192 τούτου
2832 1149 3005 1214 σχεῖν,
3058 1148 3184 1215 μήτε
3249 1145 3349 1217 πρὸ
3381 1142 3545 1195 αὐτοῦ
3588 1149 3745 1216 μήτε
3794 1151 3874 1216 μὲν

2267 1229 2378 1300 μετ’
2410 1228 2566 1280 αὐτὸν
2597 1229 2746 1282 ἄλλον
2783 1238 3003 1302 φανῆναι
3030 1235 3282 1293 τοιούτοις
3343 1235 3510 1305 ἔργοις
3565 1233 3876 1306 ἐγιεχειρεο

2267 1321 2398 1369 κότα
2433 1318 2464 1376 ἦ
2521 1326 2753 1372 τοσαῦτα
2816 1323 3198 1393 κατωρθωκότα
3244 1321 3314 1376 ⁸ο.
3366 1320 3425 1373 Ὀ
3480 1318 3544 1374 δὲ
3588 1321 3774 1376 Ἀσὲιν
3825 1326 3878 1373 τὰ

497 1418 732 1491 ὑπεράνω
783 1423 883 1468 τῶν
935 1414 1212 1488 εἰρημένων
1267 1417 1456 1484 χώρων
1523 1414 1614 1462 καὶ
1665 1412 1794 1482 πρὸς
1847 1406 2041 1482 Βορρᾶν
2101 1407 2310 1458 νεύοντα
2381 1407 2466 1478 ὑφ’
2525 1407 2703 1460 ἑαυτόν
2781 1411 2958 1480 ἔσχεν.
3017 1413 3196 1481 Μέχρι
3249 1413 3338 1482 μὶν
3395 1407 3484 1462 οὖν
3532 1415 3634 1463 καὶ
3723 1412 3874 1464 αὐτῶν

497 1514 597 1558 τῶν
649 1512 840 1577 τειχῶν
889 1511 984 1563 τῆς
1035 1505 1424 1556 Κωνσταντίνου
1483 1504 1571 1552 καὶ
1623 1497 1905 1572 ἀμφότεροι
1956 1499 2369 1567 κατηντήκεσαν,
2445 1504 2538 1548 τοῦ
2613 1498 2776 1572 ῥηγός
2826 1499 3061 1552 Ἰωάννου
3106 1499 3183 1552 ἐπ’
3250 1500 3416 1552 αὐτῶν
3483 1502 3874 1574 καθερζομένεν

493 1599 582 1648 καὶ
633 1597 978 1669 καθορῶντος,
1030 1596 1119 1644 καὶ
1174 1595 1358 1643 πτοίαν
1396 1589 1582 1648 πολλὴν
1637 1595 1742 1648 τοῖς
1809 1590 2048 1647 Λατίνοις
2107 1583 2357 1653 ἐνέϐαλον,
2423 1591 2513 1638 καὶ
2567 1585 2615 1638 ἐν
2656 1597 2813 1660 στενῷ
2864 1585 3058 1661 κομιδῆ
3119 1592 3184 1641 τὰ
3255 1591 3367 1642 κατ’
3424 1590 3624 1652 αύτούς
3695 1593 3878 1645 ἔθεντο.

499 1684 640 1736 Ἐπεὶ
667 1681 725 1736 δὲ
775 1685 800 1734 6
855 1689 947 1734 τοῦ
1004 1686 1304 1755 μετοπώρου
1356 1677 1617 1753 πάρερῥύη
1671 1679 1852 1752 καιρός
1909 1680 2000 1728 καὶ
2040 1676 2080 1709 ⁸⁸
2141 1675 2167 1726 6
2223 1679 2423 1747 χειμὼν
2481 1677 2717 1748 ἤγγιζεν,
2780 1675 3016 1739 ἀλλήλοις
3073 1679 3448 1752 συνταξάμενοι
3506 1682 3535 1732 ὃ
3588 1699 3654 1732 τε
3721 1679 3880 1752 βασι-

493 1772 611 1834 λεύς
639 1773 880 1831 Ἰωάννης
915 1771 1060 1822 καὶὸ
1117 1769 1330 1824 Ἀσὰνὸ
1516 1767 1584 1828 εἰς
1627 1771 1722 1824 τὴν
1779 1769 1971 1818 οἰκείαν
2011 1768 2192 1838 χώραν
2254 1772 2353 1816 τῶν
2413 1764 2714 1838 Βουλγάρων
2778 1774 2964 1841 χωρεῖ,
3021 1769 3046 1820 ό
3109 1764 3170 1820 δε
3239 1768 3482 1829 Βασιλεὺς
3546 1768 3600 1830 ἐς
3668 1774 3774 1826 τὴν
3827 1771 3882 1822 ἔω

498 1858 726 1934 διαπερᾴ
754 1861 822 1916 ³³.

567 1954 656 2008 34.
689 1950 872 2021 Cujus
903 1949 1060 2004 ﬁlius
1081 1947 1429 2004 Theodorus
1449 1961 1587 2002 cum
1606 1945 1805 2002 adhuc
1827 1943 2152 2000 immatura
2181 1939 2230 1996 Β

499 2044 658 2096 esset
683 2043 874 2105 aetate,
895 2042 1098 2111 utpote
1117 2037 1221 2109 qui
1237 2053 1466 2093 annum
1486 2034 1893 2104 undecimum,
1919 2036 1983 2089 ut
2003 2031 2151 2087 dixi-

493 2145 655 2196 mus,
674 2143 795 2184 non
814 2127 1127 2184 excederet
1142 2142 1280 2181 cum
1299 2126 1567 2195 reginam
1586 2123 1865 2180 Helenam
1887 2121 2149 2187 duceret,

495 2217 724 2289 integer
741 2217 818 2274 ab
835 2216 1204 2289 imperatrice
1221 2219 1384 2271 lrene
1399 2231 1524 2270 una
1543 2230 1679 2269 cum
1704 2211 1903 2285 puella
1919 2225 2150 2267 conser-

497 2307 757 2364 vabatur
783 2324 796 2362 :
827 2306 1178 2362 colebantur
1197 2305 1357 2360 enim
1379 2303 1458 2359 ab
1479 2318 1550 2358 ea
1572 2302 1741 2374 pueri
1763 2306 1940 2373 atque
1963 2299 2149 2356 infor-

494 2396 843 2464 mabantur,
892 2400 1185 2466 tanquam
1233 2409 1369 2464 quae
1405 2392 1712 2464 ingenium
1760 2406 1830 2445 ac
1869 2393 2149 2444 naturam

493 2486 786 2556 optimam
812 2488 988 2540 nacta
1005 2482 1065 2538 in
1081 2497 1262 2537 omne
1281 2481 1513 2536 bonum
1530 2480 1800 2535 animum
1817 2477 2146 2534 inclinaret.

492 2574 672 2645 Igitur
691 2573 1033 2630 Latinorum
1052 2587 1147 2626 res
1165 2570 1420 2626 nimium
1440 2571 1500 2625 in
1523 2574 1844 2640 angustum
1867 2566 2142 2640 deducta,

492 2663 752 2720 duorum
774 2662 953 2716 etiam
973 2661 1403 2732 imperatorum
1427 2659 1713 2715 afﬁnitate
1729 2658 1790 2713 in
1813 2661 2146 2714 extremum

490 2750 684 2808 fastus
705 2749 801 2806 ille
822 2750 1140 2821 depressus
1161 2753 1270 2804 est.
1299 2750 1416 2804 Rex
1435 2747 1711 2803 interium
1733 2747 1992 2803 Joannes
2014 2763 2142 2802 cum

491 2855 615 2898 non
636 2839 741 2895 diu
757 2838 1021 2906 vixisset,
1049 2837 1155 2909 5'7
1181 2853 1253 2892 ex
1273 2835 1620 2892 hominibus
1636 2836 1905 2892 sublatus
1925 2851 2145 2906 genero

493 2945 602 2986 suo
627 2928 921 2985 Balduino
953 2926 1326 2999 Cpolitanum
1353 2926 1671 2998 imperium
1703 2925 2144 2981 hmreditarium

489 3019 746 3090 reliquit.
768 3022 1006 3074 Asanus
1035 3022 1352 3089 pactorum
1378 3032 1515 3088 quae
1540 3031 1678 3071 cum
1703 3014 1934 3072 Joanne
1959 3014 2143 3087 impe-

487 3111 683 3165 ratore
706 3111 985 3163 sanxerat
1008 3109 1318 3177 pertaesus,
1346 3119 1617 3176 quanam
1640 3103 1868 3160 ratione
1891 3102 2076 3160 ﬁliam
2107 3119 2144 3160 a

487 3197 704 3254 marito
724 3197 1034 3254 Theodoro
1061 3195 1420 3268 imperatore
1448 3193 1727 3250 evelleret
1743 3197 1799 3249 et
1828 3193 1926 3249 alii
1955 3193 2140 3250 collo-

2335 1938 2440 1996 λδ’.
2475 1942 2617 1997 Ἐπεὶ
2647 1940 2705 1998 δὲ
2732 1946 2758 1997 6
2787 1948 2900 2007 υίὸς
2926 1946 3087 1999 αὐτοῦ
3134 1943 3407 2021 Θεόδωρος
3462 1946 3668 2019 ἀφῆλιξ
3741 1946 3890 2018 ἐτύγ-

2262 2051 2421 2102 χανεν
2459 2033 2548 2100 ὢν,
2589 2030 2858 2088 ἑνδέκατον
2913 2038 3014 2108 γὰρ
3065 2032 3273 2094 διήνυεν
3325 2038 3455 2106 ἔτος,
3523 2039 3714 2111 ὥσπερ
3770 2040 3888 2109 Equu-

2261 2141 2350 2194 μεν
2411 2123 2542 2194 (68),
2612 2125 2769 2182 ἡνίκα
2827 2133 2888 2198 τῇ
2967 2123 3212 2198 βασιλίδι
3263 2125 3430 2198 Ἑλένῃ
3475 2125 3523 2186 ἐς
3584 2131 3884 2179 συνουσίαν

2260 2211 2432 2282 ἔμενον
2467 2209 2640 2270 ἀτελῆ.
2683 2213 2964 2286 Ἀνὴγοντο
2995 2210 3055 2266 δε
3108 2217 3248 2288 παρὰ
3301 2223 3396 2276 τῆς
3452 2211 3748 2287 βασιλίδος
3801 2217 3884 2267 Εἰ-

2257 2305 2422 2374 ρήνης
2457 2306 2548 2354 καὶ
2615 2299 2969 2372 ἐπαιδεύοντο,
3023 2304 3108 2356 οἶα
3181 2302 3343 2362 ἐκείνη
3395 2307 3594 2376 φύσεως
3666 2303 3884 2375 ἀγαθῆς

2257 2398 2504 2462 τυχοῦσα
2539 2396 2630 2444 καὶ
2675 2395 2807 2465 πρὸς
2865 2393 3000 2446 ἅπαν
3057 2392 3210 2445 καλὸν
3258 2391 3586 2449 ἐπινεύουσα.
3637 2396 3727 2446 Τὰ
3785 2397 3882 2465 μὲν

2257 2478 2345 2531 οὖν
2374 2487 2474 2531 τῶν
2512 2485 2745 2533 Λατίνων
2784 2484 3068 2556 πράγματα
3120 2482 3402 2540 συνεστάλη
3446 2501 3498 2534 τε
3536 2487 3656 2535 τότε
3714 2482 3877 2548 πολὺ,

2255 2572 2344 2620 καὶ
2391 2577 2460 2640 τῷ
2517 2567 2672 2629 κήδει
2734 2578 2831 2623 τῶν
2893 2567 2990 2623 δύο
3047 2571 3441 2646 αὐτοκρατόρων
3499 2571 3573 2632 εἰς
3620 2575 3878 2623 ταπεινὸν

2255 2658 2388 2729 ἄγαν
2417 2665 2800 2712 κατεπεπτώκει
2831 2662 2888 2712 τὸ
2938 2664 3174 2735 φρόνημα
3211 2660 3282 2714 ⁸³.
3314 2659 3371 2712 Ὀ
3427 2656 3487 2712 δὲ
3531 2659 3635 2734 ρήξ
3681 2660 3874 2712 Ἰωάν-

2253 2767 2346 2808 νης
2405 2752 2590 2820 μικρὸν
2647 2747 2926 2810 ἐπιϐιώσας
3000 2749 3052 2812 ἐξ
3118 2748 3395 2823 ἀνθρώπων
3482 2748 3714 2820 ἐγένετο,
3782 2756 3875 2806 τήν

2253 2843 2344 2896 τῆς
2411 2837 2994 2900 Κωνσταντινουπόλεως
3073 2838 3311 2901 ἐξουσίαν
3367 2846 3438 2909 τῷ
3503 2837 3671 2890 αὑτοῦ
3735 2859 3873 2910 γαμ-

2253 2923 2360 3000 ϐρῷ
2408 2935 2480 2998 τῷ
2512 2924 2806 2999 Βαλδουῖνῳ
2857 2929 2922 2989 ὡς
2970 2927 3158 3003 κλῆρον
3209 2927 3523 2983 καταλιπών.
3574 2927 3633 2980 Ὁ
3695 2924 3765 2980 δέ
3815 2948 3872 2999 γε

2253 3013 2414 3066 Ἀσὰν
2491 3015 2771 3087 μετάμελος
2854 3015 2936 3068 ἐπὶ
2984 3023 3096 3076 ταῖς
3144 3023 3236 3068 τοῦ
3295 3013 3554 3088 βασιλέως
3615 3015 3870 3068 Ἰωάννου

2255 3106 2553 3176 συνθήκαις,
2587 3108 2656 3166 ὡς
2707 3104 2886 3178 ἐφάνη,
2931 3110 3197 3179 γενόμενος
3251 3109 3439 3181 τρόπον
3487 3105 3669 3165 ἐζήτει
3726 3110 3872 3168 ὅπως

2251 3191 2310 3244 ἂν
2349 3198 2444 3252 τὴν
2495 3196 2756 3268 θυγατέρα
2801 3193 3084 3268 ἀποσπάσῃ
3144 3202 3235 3248 τοῦ
3304 3195 3537 3266 συζύγου
3593 3193 3872 3267 βασιλέως

488 3290 650 3344 caret
677 3285 989 3369 quaerebat
1016 3301 1029 3339 :
1063 3286 1473 3340 Romanorum
1511 3299 1776 3355 namque
1805 3283 1866 3338 in
1894 3283 2142 3338 meliora

2251 3289 2342 3334 τοῦ
2369 3279 2646 3356 Θεοδώρου
2694 3289 2782 3336 και
2821 3282 2972 3359 ἑτέρῳ
3023 3286 3219 3342 ταύτην
3262 3280 3500 3356 κηδεύσῃ
3549 3305 3564 3316 ·
3597 3293 3702 3336 τῶν
3760 3289 3867 3360 γὰρ

486 3389 874 3448 progressum
938 3371 1326 3437 formidabat,
1429 3372 1620 3441 gentis
1675 3371 1804 3442 ipse
1856 3371 2140 3428 Romanis

487 3463 766 3522 obnoxiae
822 3466 1168 3535 occupator.
1255 3461 1562 3518 Meditatur
1616 3461 1822 3533 itaque
1869 3477 2138 3532 causam,

481 3555 709 3626 justam
730 3550 894 3606 illam
911 3550 1157 3623 quidem
1179 3553 1360 3621 atque
1382 3549 1788 3621 conspicuam,
1815 3555 1878 3606 ut
1899 3550 2139 3607 videba-

485 3648 605 3709 tur,
659 3639 796 3695 licet
856 3642 1133 3711 expertos
1184 3653 1506 3710 rerumque
1564 3652 1785 3708 gnaros
1822 3637 2140 3694 consilium

485 3728 750 3787 hominis
802 3741 925 3784 non
983 3726 1326 3799 praeteriret.
1386 3725 1550 3783 Mittit
1602 3725 1678 3782 ad
1721 3727 2140 3798 imperatorem

485 3824 665 3893 atque
694 3815 1126 3891 imperatricem
1179 3814 1428 3885 legatos,
1460 3815 1564 3887 qui
1593 3814 1878 3871 referrent
1905 3831 1966 3870 se
2001 3832 2140 3872 cum

484 3924 688 3974 uxore,
718 3907 866 3963 dum
889 3904 1342 3977 Adrianopolim
1364 3904 1638 3970 venisset,
1662 3904 1899 3961 ﬁliolam
1925 3905 2140 3962 intueri

482 3997 632 4056 velle
654 4001 710 4054 et
728 4001 979 4070 paterna
1003 3993 1445 4051 necessitudine
1473 3993 1752 4067 amplecti
1778 3993 2138 4050 exosculari-

481 4102 619 4160 que,
678 4085 935 4158 aliaque,
989 4084 1072 4139 uti
1129 4099 1238 4155 par
1315 4099 1448 4139 esse
1530 4083 1782 4150 videtur,
1873 4083 2135 4156 explere,

480 4191 842 4247 rursumque
865 4189 924 4228 se
941 4188 1074 4228 eam
1093 4172 1171 4227 ad
1189 4187 1428 4228 socrum
1448 4178 1505 4228 et
1524 4176 1866 4229 consortem
1886 4172 2134 4229 thalami

480 4265 894 4320 remissurum.
953 4264 1212 4317 Joannes
1265 4261 1592 4333 imperator
1662 4267 1719 4317 et
1787 4262 2137 4334 imperatrix

480 4351 665 4417 lrene,
689 4352 796 4407 etsi
836 4350 1104 4406 fabulam
1133 4350 1210 4407 ad
1235 4351 1526 4407 amussim
1557 4350 1842 4408 callerent
1873 4356 1927 4408 et
1955 4351 2134 4425 plane

480 4441 727 4498 technas
756 4455 828 4496 ac
857 4439 1168 4496 machinas
1197 4444 1612 4510 cognocerent,
1655 4441 1893 4497 mittunt
1915 4443 2130 4498 ninilo-

479 4528 682 4585 minus
711 4527 789 4583 ad
815 4529 1088 4583 Asanum
1112 4527 1299 4582 ﬁliam
1348 4529 1462 4584 hoc
1492 4529 1820 4597 enuntiato,
1855 4552 1882 4580 «
1931 4531 1978 4586 si
2035 4531 2130 4588 ille

2248 3369 2511 3444 Ῥωμαίων
2543 3368 2735 3426 ἐδεδίει
2789 3375 2924 3425 πάνυ
2987 3377 3076 3431 τὴν
3131 3371 3178 3433 ές
3215 3377 3280 3425 τὰ
3325 3371 3512 3445 βελτίω
3560 3374 3609 3409 ⁸⁵
3665 3393 3867 3448 προκο-

2249 3465 2372 3527 πὴν,
2415 3463 2591 3523 ἔθνους
2628 3463 2810 3536 ἄρχων
2842 3464 3259 3534 ὑποτεταγμένον
3289 3462 3446 3514 πάλαι
3475 3461 3765 3534 Ῥωμαίοις
3795 3465 3870 3505 στρ

2250 3555 2537 3608 Σκὴπτεται
2564 3559 2690 3623 γοῦν
2720 3551 2912 3620 αἰτίαν,
2953 3552 3022 3614 ώς
3078 3546 3249 3603 ἐδοκει
3307 3553 3418 3623 μὲν,
3469 3549 3700 3622 εὔλογον,
3769 3553 3865 3605 κᾶν

2247 3639 2340 3693 οὐκ
2395 3639 2632 3694 ἐλάνθανε
2695 3643 2816 3702 τοὺς
2868 3639 3238 3712 ἐπισταμένους
3311 3642 3377 3691 τὰ
3430 3641 3732 3715 πράγματα
3792 3643 3860 3706 ⁸⁸,

2245 3734 2334 3781 καὶ
2361 3728 2659 3782 ἀποστέλλει
2688 3728 2931 3804 πρέσϐεις
2956 3732 3086 3804 πρὸς
3130 3732 3212 3781 τὸν
3243 3726 3467 3801 βασιλέα
3517 3734 3611 3781 καὶ
3668 3735 3771 3788 τήν
3813 3732 3860 3766 ε’

2247 3816 2526 3891 βασιλίδα,
2577 3821 2644 3881 ὡς
2697 3817 2805 3872 ἐπεὶ
2855 3818 3164 3877 πλησιάσειε
3219 3826 3281 3892 τῇ
3325 3814 3608 3891 Ἀδριανοῦ
3640 3820 3690 3854 9ο
3725 3818 3860 3892 βού-

2244 3907 2386 3960 λεται
2416 3909 2572 3971 αύτός
2598 3927 2652 3960 τε
2681 3913 2770 3961 καὶ
2809 3910 2838 3966 ἡ
2887 3910 3117 3980 σύζυγος
3154 3910 3213 3960 τὸ
3265 3909 3540 3982 θυγάτριον
3599 3903 3736 3959 ἰδεῖν
3765 3914 3856 3960 καὶ

2244 4004 2510 4072 πατρικῶς
2590 3995 3010 4069 περιπτύξασθαι
3063 4001 3154 4048 καὶ
3217 3997 3285 4049 τὰ
3345 3996 3520 4048 εἰκότα
3565 3995 3858 4070 πληρῶσαι

2244 4090 2334 4138 καὶ
2391 4082 2536 4146 αὖθις
2584 4084 2892 4157 ἀποπέμψαι
2937 4089 3068 4158 πρὸς
3117 4088 3205 4137 τόν
3263 4086 3500 4160 πενθερὸν
3543 4091 3639 4137 καὶ
3692 4088 3857 4147 σύζυ-

2243 4195 2334 4247 γον
2367 4177 2437 4230 “.
2475 4174 2535 4227 Ὀ
2586 4178 2676 4248 μὲν
2723 4171 2810 4228 οὖν
2860 4173 3109 4247 βασιλεὺς
3148 4175 3360 4236 Ἰωάνης
3415 4179 3505 4226 καὶ
3554 4177 3584 4232 ἡ
3638 4174 3855 4248 βασιλὶς

2243 4265 2460 4338 Εἰρήνη,
2513 4270 2684 4318 καίτοι
2739 4285 2799 4336 γε
2878 4263 3103 4338 ἀκριϐῶς
3157 4262 3348 4325 εἰδότες
3411 4267 3468 4316 τὸ
3533 4260 3722 4337 δρᾶμα
3762 4273 3854 4318 καὶ

2241 4355 2482 4426 καθαρῶς
2555 4356 2845 4423 ἐπιγνόντες
2911 4355 2959 4388 9⁸
3013 4358 3106 4410 τὴν
3162 4356 3468 4425 σκευωρίαν,
3531 4355 3673 4425 ὅμως
3725 4360 3852 4426 πέμο

2241 4461 2403 4495 πουσι
2441 4444 2571 4516 πρὸς
2607 4445 2694 4494 τὸν
2757 4442 2918 4495 Ἀσὰν
2973 4445 3066 4499 τὴν
3111 4444 3387 4515 θυγατέρα,
3434 4443 3583 4494 ταῦτ’
3644 4444 3852 4516 εἰρηκό-

2239 4551 2317 4593 τες
2343 4534 2410 4593 ὡς
2464 4532 2507 4583 εἰ
2532 4535 2624 4590 τὴν
2684 4533 2944 4604 θυγατέρα
2984 4533 3253 4603 κατάσχοι
3315 4534 3406 4582 καὶ
3462 4538 3556 4583 τοῦ
3612 4538 3853 4605 νομίμως

475 4617 665 4674 ﬁliam
687 4615 1024 4673 retinuisset
1045 4620 1100 4672 et
1125 4633 1162 4672 a
1185 4615 1449 4687 legitimo
1479 4619 1733 4690 conjuge
1766 4625 2125 4692 separasset,
2153 4644 2164 4703 1

2247 4621 2624 4693 συζευχθέντος
2650 4620 3053 4693 ἀποστερήσειεν
3085 4620 3152 4687 9³,
3187 4622 3300 4672 ἔστι
3347 4623 3470 4682 Θεὸς
3507 4621 3533 4671 6
3581 4623 3651 4672 τὰ
3678 4625 3852 4674 πὰντα

476 4722 607 4764 esse
671 4708 882 4771 Deum,
954 4705 1058 4778 qui
1133 4705 1338 4762 omnia
1397 4707 1706 4780 conspicit,
1767 4725 2125 4783 pmnamque

545 4870 594 4904 79
627 4872 792 4944 μέχρι
822 4873 920 4944 ’τού
973 4874 1212 4944 ποταμοῦ
1275 4869 1548 4944 Μαρίιζζρῑς
1595 4871 1658 4944 ἰζά
1715 4873 1778 4926 D-

473 4939 562 4992 λὺν
591 4939 784 5014 χρόνον
813 4940 939 5014 ῥπέιΔ
952 4947 1053 5014 τῶν
1089 4939 1385 5014 Ῥωμαϊκῶν
1403 4941 1553 5014 ⁸έάλω
1603 4939 1896 5014 δυνάμενων
1930 4946 1992 5000 D.

473 5015 541 5064 τὰ
569 5006 722 5074 οἶκοι,
765 5012 790 5063 ό
817 5006 876 5063 δὲ
906 5008 1155 5098 βασιλεὺς
1185 5006 1258 5072 εἰς
1285 5011 1349 5062 ἕω
1390 5008 1693 5082 διεπέρασεν
1736 5006 1813 5069 ἶ).

477 5087 866 5136 Κωνσταντίνου
897 5085 968 5145 ὡς
999 5085 1062 5138 D.

474 5151 786 5228 αποσπάσῃ.
816 5160 926 5206 Τῶν
953 5156 1016 5209 D.
1058 5224 1088 5228 _
1130 5155 1178 5190 ⁸³
1205 5153 1344 5228 ές

469 5225 518 5300 ου
547 5223 747 5278 στέλλεί
770 5228 902 5300 πρὸς
929 5229 1022 5300 τὴν
1055 5224 1121 5280 D.
1235 5225 1293 5300 ’°_
1323 5223 1750 5300 ’Λδριανουπόλει
1800 5231 1863 5293 D,

474 5293 764 5368 έπιγνόντες
794 5293 860 5353 D.
973 5297 1024 5333 9⁸
1057 5301 1147 5350 καὶ
1171 5327 1242 5337 ——
1271 5293 1672 5372 ἀποστερήσειε-δ
1697 5315 1818 5355 om.
1843 5301 1909 5355 D.

1417 5153 1563 5207 ελτίω
1600 5171 1721 5212 om.
1775 5153 1836 5212 D;

1893 4873 1954 4947 3°77
1994 4872 2398 4947 κατωρθωκότα]
2447 4881 2600 4926 τοῦτο
2680 4869 2739 4926 δὲ
2778 4876 2848 4947 τό,
2892 4879 2989 4934 τῆς
3051 4871 3364 4947 Ἰῖςουρουλώ
3427 4872 3486 4925 ού

2107 4945 2150 4981 ﬂ
2179 4947 2205 4996 6
2233 4977 2304 4985 —
2327 4945 2417 4997 καὶ
2465 4961 2586 5000 om.
2631 4947 2695 5000 Β.

1927 5015 1980 5091 δέ
2017 5015 2158 5069 Ἐπεὶ
2183 5047 2255 5056 -
2281 5021 2520 5091 φρόνημα
2548 5032 2669 5091 qm.
2704 5017 2767 5071 D.

1174 5084 1225 5160 "_
1248 5090 1363 5160 ταξς
1385 5073 1680 5160 curer-imi;
1708 5085 1800 5138 τοῦ
1831 5083 2091 5160 βασιλέως
2129 5073 2518 5160 φανεὶξ”τρόπον
2568 5085 2735 5148 ἐζήτει
2781 5083 2816 5139 δ
2822 5086 2854 5138 ι’
2911 5073 3399 5160 οὖλτὸίθύγάτριον
3451 5094 3544 5139 τοῦ

1950 5159 2208 5232 θῖῗέθνους
2236 5190 2308 5200 -
2332 5159 2606 5232 Ῥωμαίοις
2629 5174 2750 5214 om.
2795 5160 2858 5232 ΒΖ

1977 5229 2023 5264 ⁹¹
2055 5235 2145 5282 καὶ
2201 5233 2266 5284 τὰ
2291 5261 2363 5273 -
2395 5229 2625 5302 σύζυγον
2663 5245 2784 5287 om.
2837 5231 2902 5285 D.

2237 4711 2428 4788 ἐφορῶν
2457 4715 2547 4764 καὶ
2577 4715 2830 4786 τιμωρίαν
2877 4709 3079 4782 ἐπάγων
3111 4710 3196 4782 [ρ.
3255 4709 3369 4782 92.]
3415 4717 3529 4772 τοίς
3579 4715 3709 4773 τοὺς
3761 4714 3848 4784 ὄρ-

3598 4893 3692 4926 ετα
3742 4895 3847 4927 πο·-

2809 4945 2857 4980 ⁸²
2919 4943 3288 5016 συνταξάμενοι
3344 4946 3370 4996 ὁ
3409 4943 3718 5016 μενΑἈσὰν
3779 4947 3848 5006 εἰς

2882 5016 3057 5103 etv-“‘3‘
3103 5012 3323 5104 ζὰμϐρῷ
3391 5012 3845 5104 Βαλόἱουῖνῳντὴν

2971 5158 3540 5232 θείως-πράγματα
3591 5175 3718 5216 om.
3755 5158 3840 5216 ⁷Ι).

3015 5231 3064 5264 9³
3117 5231 3165 5282 οἱ
3224 5225 3310 5282 οὖν
3362 5225 3604 5302 βασιλεῖς
3663 5236 3845 5284 καίτοι

1362 5457 1702 5526 Theodori
1753 5459 2004 5528 Dousa:
2053 5470 2119 5527 et
2163 5459 2416 5530 Leonis
2467 5461 2699 5530 Allatii
2747 5469 2950 5531 notae.

544 5618 651 5691 (68)
681 5615 937 5691 Ἐφημεν.
977 5618 1118 5691 Cap.
1144 5619 1238 5676 31.
1276 5622 1408 5676 ALL.
