3988 6322
51 340 201 397 1061

1584 336 1926 395 ANNALES.

3308 339 3444 396 1062

47 482 191 526 κους
250 462 644 539 παραϐαίνουσι
715 467 804 515 καὶ
851 463 941 523 τὰς
993 463 1271 528 συνθήκας,
1315 461 1377 525 ἇς
1428 461 1511 514 ἐπὶ
1565 469 1679 533 Θεῷ

1801 460 2181 533 iurisiurandi
2209 464 2266 517 et
2288 459 2585 517 foederum
2643 467 2758 517 sub
2790 463 2936 517 teste
2983 461 3104 518 Deo
3161 462 3444 520 initorum

49 556 307 628 μάρτυρι
362 557 770 619 συνεστήσαντο,
822 549 1154 608 διαλύουσιν.
1190 551 1249 604 Ὀ
1296 554 1386 624 μεν
1410 547 1496 604 οὑν
1523 551 1679 604 Βούλ-

47 662 232 716 γαρος
266 644 318 678 9³
354 647 446 700 τήν
479 644 739 714 θυγατέρα
793 640 960 694 λαϐὼν
1011 645 1202 712 ᾤχετο,
1259 645 1380 702 τοὺς
1409 641 1682 714 ἑπομένους

53 731 201 804 αὐτῇ
261 734 455 792 πάντας
493 730 921 805 ὀπισθορμήτους
960 736 1205 794 ποιήσας,
1243 735 1334 782 καὶ
1378 735 1464 783 τόν
1512 730 1681 801 Αἷμον

56 816 262 880 διαϐὰς
295 820 487 894 ἐχώρει
540 818 625 872 ἐπὶ
676 822 764 872 τὸν
815 817 1080 892 Τρίνοϐον,
1140 818 1426 880 κλαιούσης
1468 820 1558 890 μεν
1588 825 1684 880 τῆς

53 909 231 961 αὑτοῦ
315 910 574 982 θυγατρός
636 913 727 960 καὶ
797 907 1196 982 ὀλοφυρομένης,
1280 911 1368 960 καὶ
1436 909 1684 981 πενθερᾶς

49 1002 151 1050 καὶ
185 993 473 1070 βασιλίδος
511 997 736 1073 Εἰρήνης
759 1003 849 1051 και
902 1005 994 1050 τοῦ
1040 996 1276 1068 συζύγου
1330 996 1442 1050 λίαν
1490 994 1684 1050 ἐποδυ-

51 1090 292 1161 ρομένης
320 1089 407 1138 τὸν
437 1088 714 1159 χωρισμόν
742 1087 812 1155 ³⁵,
840 1086 924 1139 ὅτε
955 1090 1083 1158 φασὶ
1131 1089 1219 1137 τὸν
1264 1085 1424 1138 Ἀσάν
1454 1087 1684 1162 προσλα-

55 1173 285 1247 ϐόμενον
365 1175 528 1234 αὐτὴν
592 1183 685 1236 τῆς
741 1175 901 1228 αὑτοῦ
993 1169 1294 1249 ἐφεστρίδος
1395 1177 1684 1250 ἔμπροσθεν

57 1262 383 1317 ἐπικαθίσαι
416 1268 507 1316 καὶ
542 1263 592 1300 9⁸
620 1263 787 1334 τύψαι
824 1266 959 1316 κατὰ
988 1262 1180 1338 κόρρης
1234 1270 1344 1324 τοῖς
1401 1260 1685 1328 δακτύλοις

57 1357 153 1405 καὶ
215 1351 569 1412 ἐπαπειλήσαι
625 1349 822 1420 δεινῶς,
901 1352 944 1405 εἰ
998 1357 1069 1425 μή
1111 1360 1235 1425 σιγῇ
1289 1357 1428 1427 φέρει
1485 1355 1586 1406 ὅσα
1635 1356 1684 1407 οἱ

66 1438 167 1494 διὰ
196 1439 397 1515 βουλῆς
427 1441 567 1494 ἐστιν
589 1439 666 1494 ἐπ’
702 1441 832 1501 αὑτῆ
868 1438 1268 1517 διαπράξασθαι
1308 1443 1380 1500 ⁸⁷.

136 1530 227 1587 λε’.
292 1530 418 1584 Κατ’
471 1529 629 1583 ἐκεῖνο
690 1539 877 1604 καιροῦ
911 1533 1089 1583 καὶτὸ
1141 1539 1240 1583 τῶν
1295 1533 1501 1584 Σκυθῶν
1567 1533 1678 1603 (69)

61 1624 239 1692 γένος,
314 1628 413 1672 τῶν
471 1622 752 1695 Ταρτάρων
817 1619 938 1692 (70)
991 1616 1437 1692 καταδραμόντων
1490 1621 1679 1686 αὑτῶν,

61 1711 259 1762 ὁπόσοι
287 1711 348 1761 τὸ
379 1709 517 1781 ξίφος
573 1711 774 1762 ἐκείνων
807 1707 1070 1781 ἐξέφυγον,
1119 1707 1298 1770 ἀσκοῖς
1342 1713 1431 1762 τὸν
1475 1709 1681 1786 Ἵστρον

64 1794 460 1872 διαπεράσατες
485 1801 681 1859 τέκνοις
732 1798 780 1833 9⁸
830 1797 942 1871 ἅμα
990 1802 1082 1851 καὶ
1133 1798 1360 1870 γυναιξὶ,
1408 1804 1497 1852 καὶ
1534 1798 1679 1852 ἀκόν-
1714 1819 1753 1874 Β

63 1907 165 1939 των
221 1887 527 1960 Βουλγάρων
599 1886 806 1960 (πολλαὶ
876 1890 974 1963 γὰρ
1059 1889 1302 1962 ὑπῆρχον
1365 1887 1683 1960 χιλιοστύες)

64 1979 188 2038 τοὺς
242 1984 335 2036 τῆς
380 1972 705 2037 Μακεδονίας
759 1982 968 2050 χώρους
1021 1975 1317 2040 κατέλαϐον,
1377 1979 1426 2028 οὶ
1455 1980 1544 2049 μεν
1564 1983 1682 2050 περί

66 2069 152 2117 τόν
182 2063 372 2139 Ἕϐρον
413 2069 501 2117 καὶ
544 2067 610 2117 τὰ
652 2063 819 2118 ἐκεῖσε
873 2062 1037 2118 πεδία
1086 2067 1180 2126 τὰς
1231 2068 1387 2138 νομὰς
1438 2069 1681 2138 ποιούμεο

68 2174 168 2224 νοι,
198 2157 248 2207 οἱ
281 2151 341 2207 δὲ
372 2159 489 2230 περὶ
527 2157 593 2206 τὰ
639 2159 914 2229 κατωτέρω
971 2159 1103 2228 μέρη
1157 2159 1248 2208 καὶ
1303 2159 1391 2207 τόν
1446 2158 1680 2227 ποταμόν

71 2243 122 2295 ὃν
169 2246 200 2302 ἡ
257 2239 438 2315 χύδην
497 2244 691 2318 ῥέουσα
741 2243 964 2316 γλῶττα,
1021 2245 1254 2318 καθάπερ
1309 2245 1519 2317 ἔφημεν,
1573 2251 1681 2297 Maz-

72 2333 259 2404 ρίτζαν
283 2332 650 2405 κατονομάζει.
685 2337 787 2386 Καὶ
831 2335 932 2407 γὰρ
967 2335 1106 2386 ἔστιν
1162 2335 1230 2395 ὡς
1261 2331 1460 2394 ἀληθῶς
1495 2331 1682 2408 Ἕϐρος

75 2427 242 2495 μέχρι
289 2427 378 2473 καὶ
429 2431 519 2482 τῆς
577 2423 744 2495 Αἵμου
794 2424 880 2493 (α)
911 2424 1006 2483 τὰς
1058 2418 1326 2495 ἐκδρομὰς
1355 2425 1680 2495 ποιούμενος,

75 2511 311 2562 κάκεῖθεν
393 2509 477 2562 ἐπὶ
548 2514 607 2562 τὸ
659 2510 877 2582 Αἰγαῖον
933 2510 1117 2586 ἐκρέων
1175 2511 1417 2583 πέλαγος.
1475 2513 1557 2564 ὅτι
1623 2509 1682 2565 δε

80 2597 442 2671 συμϐάλλουσι
499 2601 667 2671 τούτῳ
719 2605 809 2652 καὶ
861 2601 1024 2673 ἕτεροι
1086 2606 1314 2674 ποταμοὶ
1373 2605 1463 2653 καὶ
1519 2605 1683 2674 μείζω

78 2695 342 2754 ποιοῦσιν,
373 2686 662 2741 ἐναλλάττει
694 2696 805 2751 τοῖς
854 2697 1174 2762 παροικοῦσι
1219 2695 1310 2742 καὶ
1360 2693 1587 2763 τοῦνομα
1609 2693 1678 2746 9⁸.

81 2774 316 2837 Ἐλήῑζον
343 2772 430 2828 οὑν
459 2779 527 2829 τὰ
549 2776 600 2828 ἐν
626 2773 928 2850 Μακεδονίᾳ
954 2780 1143 2845 πάντα,
1194 2782 1284 2831 καὶ
1336 2781 1400 2839 ὡς
1435 2777 1483 2830 ἐν
1528 2778 1684 2850 ὀλίγῳ

82 2866 250 2940 ἔρημα
302 2867 471 2918 πάντα
522 2874 623 2917 τῶν
687 2866 972 2939 οἰκητόρων
1028 2865 1302 2935 ἐποίησαν,
1355 2872 1446 2920 καὶ
1479 2870 1684 2920 Σκυθῶν

84 2952 302 3027 ἐρημίαν
351 2957 431 3026 (τό
485 2963 581 3016 ’ῆς
637 2962 924 3029 παροιμίας
986 2956 1136 3030 ἐρεῖν)
1203 2958 1592 3030 ἀπειργάσαντο
1641 2958 1684 3026 ¹,

83 3047 168 3095 καὶ
219 3042 504 3115 πολιχνίων
554 3040 613 3096 δε
643 3045 814 3097 ὁπόσα
850 3047 1095 3120 ὑπῆρχον
1142 3044 1430 3117 εὑχείρωτα
1481 3045 1686 3118 πολέμῳ

85 3135 449 3204 περιεγένοντο.
545 3137 645 3186 Καὶ
724 3132 1012 3205 ἐφονεύοντο
1089 3136 1180 3205 μὲν
1255 3133 1452 3202 πολλοὶ,
1526 3133 1685 3187 ἐσκυ-

85 3218 286 3273 λεύοντο
321 3217 380 3274 δε
431 3222 616 3282 πάντες
670 3227 760 3274 καὶ
814 3222 1243 3296 ᾐχμαλωτίξοντο
1296 3228 1385 3276 καὶ
1434 3222 1685 3296 ἀπημπο-

87 3307 262 3362 λοῦντο
311 3307 360 3360 ἐν
406 3317 516 3371 τοῖς
566 3311 805 3382 μείζοσιν
851 3313 1088 3379 οἷστισιν,
1140 3312 1246 3363 οἷον
1292 3319 1354 3384 τῇ
1410 3313 1432 3347 ²
1474 3309 1682 3386 ’Δδρια-

153 3399 205 3434 9⁸
227 3401 375 3474 ἔσται
408 3401 535 3474 Θεὸς
563 3403 948 3474 τιμωρόςηΚαὶ
1033 3399 1322 3474 Ιξοὺλγαρος
1354 3403 1420 3456 D.

1717 3175 1758 3232 C

1791 549 2187 606 violatoribus
2226 549 2459 619 inﬂigit.
2499 572 2528 599 ››
2563 549 2677 606 Sed
2732 549 3027 621 Bulgarus
3055 555 3294 622 recepta
3321 551 3448 608 ﬁlia

1791 638 2242 705 abiit,omnibus
2255 655 2390 694 eam
2403 638 2790 711 sequentibus
2802 639 3080 694 recessim
3109 640 3223 712 58
3237 639 3447 696 cedere

1791 728 2030 798 coactis,
2089 743 2161 784 ac
2246 729 2520 782 ileemum
2593 733 3053 800 praetergressus
3120 729 3445 786 Trinobum

1791 817 2209 874 contendebat.
2247 819 2392 874 Cum
2416 817 2890 889 illacrymaretur
2909 817 3032 874 ﬁlia
3053 819 3103 889 ej
3113 817 3444 891 ularetque.

1791 922 1975 978 seque
2001 921 2037 962 a
2089 921 2282 973 socro,
2330 905 2705 978 imperatrice
2762 906 2947 974 Irene,
2981 912 3159 979 atque
3188 909 3446 979 conjuge

1793 1001 2134 1068 separatam
2156 1011 2284 1050 esse
2319 996 2496 1050 anxie
2559 1011 2628 1050 ac
2654 995 2910 1051 nimium
2938 995 3248 1062 indoleret,
3281 995 3446 1054 fama

1791 1090 1879 1141 est
1905 1089 2173 1141 Asanum
2204 1099 2340 1139 eam
2362 1089 2498 1140 ante
2524 1083 2616 1138 sui
2629 1085 2764 1156 equi
2789 1083 3066 1154 sagulum
3097 1084 3441 1152 collocasse,

1791 1173 2114 1246 digitisque
2146 1172 2206 1228 in
2232 1171 2446 1229 faciem
2467 1173 2853 1245 percussisse,
2887 1173 3180 1229 minatum
3212 1175 3442 1243 acriter,

1785 1262 1852 1339 Ini
1882 1262 2116 1318 silentio
2137 1266 2376 1334 raptum
2403 1261 2598 1330 ferret,
2631 1277 2692 1318 se
2716 1262 2777 1317 in
2805 1278 2940 1319 eam
2965 1262 3173 1320 omnia
3194 1279 3330 1336 quae
3361 1262 3443 1319 illi

1790 1351 2013 1426 probro
2051 1355 2252 1407 essent
2289 1355 2730 1407 exsecuturum.

1863 1536 1949 1589 35.
1985 1531 2096 1587 Per
2126 1529 2287 1586 idem
2310 1534 2548 1604 tempus
2576 1530 2934 1603 Scytharum
2962 1546 3108 1602 gens
3140 1531 3218 1589 ab
3233 1548 3442 1588 excur~

1790 1619 2026 1677 sionibu
2035 1636 2062 1675 s
2071 1662 2085 1686 ,
2102 1618 2428 1676 latrociniis
2442 1636 2512 1676 ac
2524 1622 2902 1676 Tartarorum
2915 1620 3182 1677 caedibus
3193 1621 3438 1694 reliqua,

1789 1727 1929 1767 cum
1944 1709 2078 1766 ﬁliis
2101 1715 2158 1766 et
2178 1709 2494 1782 uxoribus,
2518 1709 2784 1780 Bulgaris
2805 1711 2939 1767 licet
2953 1710 3438 1782 reclamantibus,

1789 1814 1930 1856 cum
2003 1800 2322 1855 innumera
2407 1803 2563 1855 esset
2611 1798 2954 1866 multitudo,
3017 1798 3251 1855 utribus
3300 1803 3443 1857 Istro

1790 1892 2090 1961 superato,
2129 1887 2483 1945 Macedoniae
2507 1887 2642 1944 loca
2687 1893 3095 1961 occuparunt:
3153 1888 3253 1944 alii
3289 1889 3445 1947 circa

1791 1978 2046 2034 Hebrum
2069 1981 2125 2034 et
2146 1983 2413 2051 aequatas
2431 1977 2559 2048 agri
2583 1977 2857 2050 planities
2879 1977 3066 2033 victus
3087 1978 3203 2035 sibi
3223 1995 3444 2052 suppe-

1788 2067 2001 2136 ditant,
2060 2066 2159 2123 alii
2207 2067 2267 2122 in
2318 2066 2452 2122 loca
2498 2066 2798 2135 inferiora,
2849 2071 2906 2123 et
2960 2068 3214 2123 ﬂuvium
3260 2084 3444 2139 quem

1784 2157 2130 2234 communis
2177 2155 2404 2226 lingua,
2455 2161 2522 2212 ut
2549 2156 2836 2224 diximus,
2880 2156 3180 2213 Maritzam
3228 2172 3442 2213 vocare

1789 2245 1954 2316 solet,
1982 2245 2351 2314 deferuntur,
2385 2244 2612 2300 Hebrus
2660 2261 2924 2317 namque
2964 2261 3026 2301 re
3087 2250 3145 2301 et
3200 2245 3444 2302 nomine

1789 2350 1982 2406 usque
2006 2333 2282 2390 Haemum
2300 2335 2570 2400 excurrit,
2611 2333 2870 2406 indeque
2890 2334 2952 2389 in
2983 2333 3256 2404 Egaeum
3284 2333 3442 2408 pela-

1789 2439 1901 2496 gus
1924 2423 2329 2489 inﬂuit.Quod
2359 2438 2500 2478 vero
2530 2422 2589 2478 in
2618 2439 2757 2479 eum
2796 2422 2894 2479 alii
2920 2423 3086 2478 ﬂuvii
3105 2423 3446 2496 ingrediun-

1791 2517 1885 2568 tur
1928 2517 1985 2568 et
2021 2512 2349 2568 auctiorem
2387 2511 2666 2578 reddunt,
2697 2511 2946 2568 nomina
2973 2511 3336 2580 accolarum,
3363 2511 3448 2568 uti

1793 2617 1924 2657 sese
1950 2600 2226 2666 oﬁerunt,
2249 2599 2461 2655 induit.
2489 2599 2790 2672 Diripuere
2827 2600 3030 2672 itaque
3079 2601 3285 2656 omnia
3309 2616 3446 2672 qua)

1791 2691 1855 2746 in
1906 2688 2254 2747 Macedonia
2327 2694 2517 2756 erant,
2577 2688 2732 2746 adeo
2779 2694 2842 2745 ut
2884 2689 3137 2745 minimo
3182 2695 3447 2762 tempore

1793 2779 2073 2836 universa
2093 2777 2420 2835 cultoribus
2447 2777 3103 2851 spoliatadesolaretur,
3132 2784 3189 2835 et
3205 2780 3448 2852 Scytha-

1790 2885 1928 2926 rum
1962 2867 2077 2940 59
2109 2867 2387 2934 solitudo,
2417 2871 2478 2922 ut
2498 2867 2816 2939 proverbio
2838 2868 3071 2936 dicitur,
3095 2867 3447 2925 eﬁceretur.

1794 2956 2106 3029 Oppidulis
2170 2956 2311 3012 item
2355 2961 2534 3028 captu
2600 2956 2874 3012 facilibus
2927 2956 3083 3013 bello
3147 2973 3269 3013 non
3317 2959 3447 3015 sine

1795 3045 2124 3102 multorum
2169 3051 2364 3116 strage
2415 3045 2581 3116 potiti
2628 3050 2806 3100 sunt:
2839 3046 3061 3116 rapinis
3097 3062 3167 3101 ac
3196 3046 3448 3118 popula~

1794 3133 2058 3191 tionibus
2089 3133 2297 3190 omnia
2325 3137 2557 3190 vastata
2599 3133 2743 3201 ;viri
2774 3133 2836 3189 in
2875 3133 3218 3190 servitutem
3255 3134 3448 3191 abacti

1795 3223 1857 3280 in
1883 3221 2215 3294 majoribus
2247 3220 2522 3290 urbibus,
2543 3222 2949 3295 Adrianopoli,
2976 3222 3446 3294 Didymotaecho,

1792 3306 1991 3383 Bizya,
2040 3309 2376 3383 Calliupoli.
2429 3315 2486 3366 et
2536 3310 2586 3366 si
2613 3326 2751 3384 qua:
2793 3311 2910 3367 alia
2959 3315 3084 3368 erat
3134 3327 3449 3368 murorum

1499 3401 1547 3436 ³⁵
1593 3405 1683 3452 καὶ⁹

1801 3401 1960 3474 νθερᾶς
1982 3430 2053 3439 -
2083 3403 2360 3474 χωρισμόν
2392 3414 2513 3455 om.
2547 3400 2610 3454 Ι).
2689 3399 2736 3474 θξ
2760 3407 2863 3474 τῆς
2884 3431 2955 3474 e—
2983 3403 3072 3452 καὶ
3099 3416 3224 3456 om.
3257 3403 3360 3474 I_).A
3399 3399 3444 3434 ⁸⁷

92 3467 223 3521 εἰ-
255 3465 789 3546 διαπραξασθαιόω.
821 3473 886 3527 D.
922 3542 930 3546 _
962 3471 1010 3506 ³⁸
1038 3465 1446 3546 διαπὶρᾶσαντες
1475 3477 1568 3546 καῖ
1612 3474 1702 3524 τόν
1744 3465 1909 3546 ᾼῖμὸν
1940 3465 2402 3546 ὑπερπηδήσαντες
2458 3474 2651 3531 τέκνοις
2707 3472 2772 3526 D.
2807 3473 2898 3546 _”
2952 3476 3069 3546 περὶ
3115 3475 3203 3524 τόν
3266 3469 3450 3546 Ἕϐρον

91 3569 153 3583 -
181 3538 435 3614 τοῦνομα]
467 3547 584 3614 περι
615 3546 710 3601 τήν
738 3542 1010 3617 Μαρίτξαν
1041 3543 1106 3598 D.
1185 3538 1206 3578 ι’
1235 3547 1325 3594 καὶ
1353 3545 1423 3605 ὡς
1447 3574 1518 3584 -—-
1547 3541 1703 3616 ἀπειρι

1801 3538 1932 3596 ἀντο
1961 3538 2086 3600 om.
2127 3545 2196 3599 D.
2270 3545 2291 3578 ³
2320 3549 2430 3603 τοῖς
2459 3572 2531 3584 —
2557 3549 2620 3615 τῇ
2653 3557 2774 3599 om.
2804 3544 2873 3598 D.

983 3718 1326 3787 Theodori
1373 3718 1626 3788 Dousaa
1675 3729 1741 3788 et
1789 3719 2034 3788 Leonis
2079 3718 2319 3788 Allatii
2368 3727 2571 3786 notae.

157 3912 277 3984 (69)
294 3912 519 3987 Σκυθῶν.
540 3911 705 3987 ‘Cum
733 3914 996 3970 Joannes
1029 3915 1222 3987 Ducas
1247 3928 1448 3987 rerum
1475 3914 1685 3987 potire-

97 3986 205 4058 tur,
233 3983 889 4058 m_axima_Scytharum
920 3984 1244 4058 multitudo
1273 3985 1353 4058 ab
1384 3983 1690 4058 Hyperbo-

99 4056 205 4126 reis
239 4053 431 4110 eﬂusa
455 4055 534 4110 ad
552 4053 836 4126 Caspium
855 4071 1020 4111 mare
1045 4055 1375 4121 descendit,
1399 4053 1690 4112 eteorum

102 4125 245 4181 duce
263 4125 576 4182 Sitziscane
597 4125 880 4181 defuncto
895 4126 1000 4182 ﬁlii
1021 4128 1154 4195 ejus
1186 4127 1442 4184 Chalaus
1458 4132 1516 4183 et
1529 4128 1688 4184 Tele-

102 4210 284 4266 puges
309 4197 599 4269 exercitus
620 4197 1173 4269 dividunt.Chalaus
1199 4198 1482 4269 Caspium
1514 4203 1570 4254 et
1601 4202 1688 4254 la-

102 4273 321 4340 xartem
336 4267 585 4323 ﬂuvium
602 4268 675 4323 ad
702 4268 1196 4340 Septemtrionem
1216 4267 1559 4340 relinquens
1582 4285 1690 4340 per

104 4337 445 4412 inferiorem,
463 4340 661 4412 Asiam
686 4337 995 4412 descendit
1017 4337 1689 4412 ;Telepugeslimitibus

105 4394 325 4482 imperii
357 4409 450 4482 sui
481 4411 812 4482 constitutis
844 4394 1414 4466 meridiemiver‘susi
1443 4394 1688 4467 Caucasi
1720 4394 1764 4448 Ῐ)

109 4480 508 4536 cacuminibus
535 4487 590 4536 et
609 4480 891 4553 deinceps
908 4482 1077 4554 mari
1093 4482 1327 4553 Caspio,
1349 4497 1455 4554 per
1475 4485 1692 4554 massa-

109 4557 365 4620 getarum
383 4573 408 4606 ρ
421 4559 439 4606 t
452 4551 944 4607 Sauromatarum
957 4551 1264 4622 regionem
1278 4551 1689 4622 proﬁciscitur,

111 4623 434 4704 subigitque
448 4626 654 4704 gentes
669 4637 880 4704 omnes
897 4639 1034 4704 quae
1064 4623 1390 4704 Emotidem
1406 4623 1690 4704 paludem

111 4697 156 4746 et
170 4693 413 4749 Tanaim
435 4693 804 4749 accolebant.
832 4693 1052 4766 Deinde
1077 4694 1257 4750 Tanai
1281 4693 1566 4766 superato
1590 4694 1694 4749 ad-

111 4777 306 4836 versus
319 4766 639 4836 Europaeas
656 4769 862 4836 gentes
879 4764 1099 4836 multas
1126 4780 1196 4821 ac
1219 4764 1415 4822 varias
1433 4772 1490 4822 et
1506 4767 1694 4822 exiis-

113 4832 495 4910 dem__Scythis
515 4832 681 4910 ortas
697 4834 990 4910 impetum
1012 4835 1336 4910 facit,un
1358 4837 1696 4910 impressio-

114 4919 176 4960 ne
213 4905 312 4961 illa
338 4905 1032 4978 perterritaeumutandas
1079 4907 1192 4962 sibi
1218 4905 1402 4978 sedes
1444 4905 1695 4964 censue-

115 4983 268 5032 runt:
284 4976 476 5034 neque
493 4976 651 5033 enim
668 4976 782 5033 illis
795 4978 935 5034 satis
946 4977 1181 5034 ﬁduciae
1195 4977 1273 5034 ad
1298 4978 1695 5034 resistendum

117 5053 268 5122 erat,_
292 5048 396 5103 sed
429 5063 639 5122 omnes
680 5055 736 5104 et
766 5054 970 5122 gentes
1009 5053 1065 5103 et
1094 5048 1272 5122 urbes
1316 5049 1698 5122 trepidabant

118 5117 540 5192 etvelutspicte
562 5120 622 5174 in
647 5117 793 5175 area
804 5119 1166 5192 terebantur,
1213 5120 1377 5192 Unde
1397 5117 1455 5176 ἐι
1471 5121 1530 5176 hi
1553 5123 1694 5192 Scy-

119 5187 261 5267 thico
277 5187 430 5267 bello
449 5189 770 5267 desperato
793 5191 1048 5267 pellibus
1065 5191 1239 5267 palea
1261 5191 1450 5263 plenis
1472 5207 1581 5263 pro
1605 5187 1697 5267 r'a-

121 5259 264 5316 tibus
293 5263 382 5316 usi
418 5259 872 5317 cum—uxoribus
900 5267 954 5318 et
978 5259 1178 5317 liberis
1210 5259 1422 5318 Istrum
1452 5259 1697 5319 transie-

119 5337 261 5399 runt,
283 5347 392 5389 nec
424 5333 592 5389 brevi
620 5337 888 5406 tempore
920 5333 982 5388 in
1023 5333 1271 5390 Thracia
1317 5333 1696 5406 aberrarunt,

1800 3913 2080 3986 idoneam
2113 3913 2224 3986 sibi
2248 3913 2545 3986 coloniam
2563 3915 2922 3986 qumrentes,
2947 3911 3156 3968 decem
3183 3913 3448 3970 millibus

1797 3985 1962 4041 haud
1985 3985 2315 4056 pauciores.
2351 3985 2434 4040 Ex
2464 3985 2741 4056 Gregora.
2774 3989 2911 4056 ALL.

1872 4052 2002 4127 (70)'
2039 4059 2116 4110 De
2163 4052 2840 4127 Tartarorum_colluvie
2883 4058 2940 4109 et
2975 4052 3254 4127 barbarie
3299 4055 3450 4112 varii

1799 4124 1975 4182 varia
2001 4127 2383 4197 scripserunt,
2426 4125 2768 4197 Haithonus
2783 4124 3126 4197 Armenius,
3155 4126 3214 4180 in
3248 4128 3450 4182 Orien-

1803 4199 1916 4253 tali
1929 4195 2201 4254 Historia
2217 4217 2231 4264 ;
2247 4197 2522 4252 Marcusl’
2536 4196 2710 4252 aulus
2722 4195 3001 4260 Venetus,
3026 4196 3088 4250 in
3105 4197 3446 4266 Itinerario;

1803 4268 2132 4323 Alexander
2145 4269 2470 4338 Gagninus,
2490 4267 2549 4323 in
2561 4269 2871 4324 Sarmatia
2881 4267 3201 4337 Europcea,
3219 4273 3451 4324 etcom-

1801 4339 2002 4411 plures
2023 4339 2141 4394 alii.
2176 4341 2453 4411 Omnium
2472 4338 2937 4411 luculentisrsime
2959 4338 3305 4394 Vincentius
3336 4339 3450 4394 Bel-

1801 4409 2100 4473 vacensis,
2157 4411 2218 4465 in
2276 4410 2438 4479 Spes.
2489 4411 2716 4465 Hister.
2757 4409 2860 4465 lib.
2907 4425 3047 4464 xxxi
3109 4415 3167 4466 et
3193 4426 3347 4466 xxxii
3379 4427 3454 4467 ex

1807 4482 2044 4554 Simone
2061 4479 2136 4536 de
2151 4482 2368 4554 Sancto
2385 4481 2667 4554 Quintino
2684 4486 2739 4536 et
2752 4482 2978 4554 Joanne
2991 4480 3065 4535 de
3077 4479 3450 4554 Planocarpi;

1803 4552 2082 4624 quaedam
2115 4553 2294 4608 etiam
2324 4567 2397 4607 ex
2428 4551 2688 4624 Historia
2727 4553 3127 4624 Tartarorum.
3172 4554 3286 4624 Hos
3316 4551 3454 4608 Vin-

1802 4622 1977 4678 centii
1999 4628 2272 4678 auctores
2295 4629 2565 4678 secutum
2595 4623 2770 4678 video
2787 4627 2920 4677 Ant.
2953 4622 3290 4678 Bonﬁnium
3315 4625 3452 4680 Rer.

1806 4695 2030 4765 Ungar.
2064 4693 2277 4749 decad.
2311 4711 2367 4760 ιι,
2401 4693 2506 4751 lib.
2539 4693 2804 4765 vm.ﬂubi
2837 4694 3060 4765 statim”
3086 4693 3148 4748 in
3184 4695 3352 4750 initio
3376 4694 3452 4750 de

1801 4763 2097 4821 mirandis
2128 4768 2506 4822 Tartarorum
2523 4764 2794 4836 moribus
2815 4763 3108 4836 nonnulla
3128 4766 3450 4836 praemittit,

1804 4838 2180 4908 Ungarorum
2211 4841 2378 4908 gesta
2405 4851 2544 4908 cum
2573 4835 2718 4908 ipsis
2756 4834 2912 4908 bella
2933 4834 3454 4908 postcommemoé

1803 4904 2062 4963 raturas.
2093 4904 2397 4973 Illic‘vide,
2431 4907 2480 4962 si
2504 4904 2755 4962 fortasse
2805 4904 3061 4960 ulla—tibi
3119 4904 3308 4960 libido
3367 4910 3457 4962 est

1803 4977 2207 5050 cognoscendi
2225 4977 2474 5050 bipedes
2503 4976 2925 5050 nequissimos,
2961 4975 3256 5035 homines.
3289 4979 3353 5050 ut
3374 4975 3458 5050 ita

1803 5046 2024 5120 dicam,
2055 5063 2176 5105 non
2195 5046 2490 5119 homines,
2534 5046 2639 5120 aut
2659 5048 2856 5120 potius
2884 5061 3110 5120 magna
3133 5051 3301 5120 parte
3327 5046 3457 5120 bei-

1802 5119 1954 5188 luas,
1980 5122 2028 5175 si
2064 5135 2216 5191 vera.
2240 5124 2376 5176 sunt
2417 5117 2554 5191 quas
2582 5117 2752 5191 defiis
2803 5117 2984 5186 vulgo
3030 5117 3346 5191 traduntur
3377 5117 3456 5191 ab

1803 5191 1918 5246 illis
1944 5187 2050 5263 qui
2080 5197 2182 5263 aut
2205 5190 2318 5263 ipsi
2341 5187 2579 5261 gentem
2609 5187 2907 5263 viderunt,
2929 5193 3032 5244 aut
3053 5203 3089 5244 a
3117 5187 3236 5244 ﬁde
3257 5188 3456 5261 dignis

1804 5277 1877 5319 ea
1903 5261 2039 5335 quae
2070 5261 2334 5319 referunt
2363 5275 2666 5334 accepere.
2696 5261 2912 5317 Dousa.

180 5503 263 5579 (al
287 5503 628 5579 Legendum
659 5507 746 5561 est
768 5513 861 5579 τῆς
883 5507 1058 5561 Αἴνου.
1077 5503 1306 5579 Hebrus
1326 5505 1486 5562 enim
1505 5519 1629 5579 non
1649 5505 1728 5563 ad
1755 5505 2028 5579 Hmmgum
2056 5504 2205 5573 ﬂuit,
2242 5503 2349 5579 sed
2369 5500 3242 5579 ab_eo_descen_dit,labiturque
3261 5519 3459 5579 usque

126 5574 192 5649 ad
207 5573 412 5649 @num
438 5574 656 5649 urbem
686 5577 841 5632 mari
869 5580 1052 5646 Aigeo
1086 5577 1449 5649 appositam,
1473 5583 1530 5634 et
1551 5578 1725 5648 juxta
1749 5592 1887 5649 eam
1911 5577 1974 5632 in
2007 5592 2175 5634 mare
2203 5577 2338 5633 exit.
2397 5575 2480 5632 Cf.
2543 5573 2694 5630 Frid.
2752 5574 2916 5632 Tafel
2937 5574 3000 5631 in
3030 5573 3460 5644 Dissertatiéne

129 5643 189 5703 de
218 5646 629 5704 Thessalonica
646 5649 890 5721 ejusque
917 5643 1087 5719 a'gro,
1117 5643 1396 5719 Bérolini,
1423 5643 1580 5715 1839',
1620 5648 1828 5722 p.301.
1867 5650 2018 5704 Emr.
