3988 6322
534 342 669 399 1063

1806 333 2090 389 GEORGII
2117 329 2583 388 ACROPOLITJE

3803 304 3941 408 «osi!

532 466 821 523 tutiorum
847 466 1000 519 strue
1033 459 1400 517 circumdata
1431 461 1533 515 aut
1555 457 1959 514 habitantium
1989 455 2184 513 multi-
2221 463 2240 513 Λ

2304 455 2553 524 νουπόλει,
2611 464 2682 528 τῷ
2731 454 3113 532 Λιδυμοτοίχῳ
3183 463 3226 530 ³,
3284 471 3345 536 τῇ
3413 463 3617 537 Βιζὺῃ,
3669 468 3746 532 τῇ
3811 461 3916 513 Eri...

533 555 739 611 tudine
779 552 1193 622 circumsepta,
1220 548 1506 605 divenditi
1539 552 1696 604 sunt.

605 832 693 885 36.
723 831 869 886 Cum
890 827 1018 884 haec
1048 827 1126 883 ita
1155 826 1560 893 succederent,
1585 825 1772 881 Latini
1793 839 2037 898 quoque
2059 839 2187 897 per-

533 923 712 992 petuo
767 917 829 972 in
858 933 968 973 nos
999 916 1138 972 odio
1155 933 1225 972 ac
1249 916 1442 972 furore
1473 914 1923 980 inﬂammati,et
1945 919 2189 986 propter

533 1023 717 1080 quam
737 1007 797 1062 in
823 1023 925 1062 eos
947 1009 1205 1062 Joannes
1225 1006 1548 1078 imperator
1568 1010 1623 1060 et
1648 1008 1884 1060 Asanus
1908 1003 2188 1076 irruptio-

531 1111 672 1153 nem
690 1096 970 1165 fecerant,
989 1102 1045 1152 et
1061 1095 1301 1150 urbium
1325 1111 1394 1151 ac
1415 1094 1777 1166 oppidorum
1789 1093 2188 1167 privationem

533 1186 727 1256 magis
752 1202 821 1242 ac
846 1185 1037 1255 magis
1057 1183 1289 1250 infensi,
1323 1189 1530 1239 nostra
1548 1181 1937 1253 aggrediendi
1957 1195 2190 1254 nosque

533 1275 913 1348 opprimendi
927 1275 1301 1331 occasionem
1315 1272 1835 1346 quaerebantetad
1849 1272 2003 1328 vires
2016 1269 2194 1328 amis-

536 1381 636 1422 sas
661 1364 1085 1421 instaurandas
1110 1365 1254 1419 satis
1273 1362 1418 1418 illud
1447 1367 1965 1434 peropportunum
1993 1361 2192 1418 visum

534 1457 644 1509 est.
678 1453 937 1508 Primum
971 1452 1083 1508 sibi
1115 1457 1380 1507 Asanum
1407 1450 1747 1521 conciliant,
1774 1466 1911 1506 cum
1937 1466 2059 1523 quo
2089 1465 2192 1522 pa-

535 1558 664 1600 cem
690 1547 1062 1616 componunt
1087 1559 1100 1608 ;
1121 1543 1403 1614 deinceps
1425 1542 1676 1614 Scythas
1701 1539 2018 1610 barbaros,
2037 1556 2194 1598 erro-

534 1648 660 1702 nes,
683 1632 1030 1705 peregrinos
1043 1637 1099 1687 et
1121 1631 1387 1687 advenas
1408 1629 1788 1686 munusculis
1811 1629 2064 1700 exiguis,
2089 1631 2193 1686 sed

535 1721 916 1778 uberioribus
931 1719 1434 1793 promissionibus
1447 1719 1672 1776 illectos
1698 1719 1812 1774 sibi
1829 1718 2189 1785 adsciscunt,

2299 544 2559 598 λιουπόλει
2623 552 2713 599 καὶ
2769 550 2814 600 εἴ
2870 567 2922 599 τι
2979 548 3100 602 ἄλλο
3166 547 3227 610 ἦν
3278 557 3510 625 τείχεσιν
3546 552 3916 625 ἐρυμνοτέρως

2299 635 2645 709 ὠχυρωμένον
2699 642 2790 690 καὶ
2846 647 2920 710 τῷ
2987 638 3171 699 πλήθει
3248 650 3346 695 τῶν
3398 641 3710 694 οἰκούντων
3771 641 3918 711 i535:-

2296 722 2534 796 λισμένον
2567 726 2609 779 ⁸.

2367 811 2475 868 λθῖ
2521 814 2660 867 Ἐπεὶ
2703 821 2829 887 γοῦν
2878 816 3013 868 οὕτω
3038 825 3205 870 ταῦτα
3265 818 3476 887 συνέϐη,
3509 822 3576 872 τὸ
3621 827 3746 870 τῶν
3781 823 3922 870 Λατί-

2296 920 2392 953 νων
2417 907 2560 973 γένος
2602 901 2681 956 ἀεὶ
2722 905 2842 957 καθ’
2872 907 3017 978 ἡμῶν
3066 913 3253 981 μανίαν
3298 913 3592 984 τρέφοντες,
3665 913 3772 960 καὶ
3827 916 3924 978 χεῖ-

2297 1011 2386 1064 ρον
2453 989 2511 1045 δε
2563 989 2876 1056 διατεθέντες
2957 992 3051 1048 διὰ
3096 1001 3189 1056 τὴν
3234 1001 3335 1074 πρὸ
3385 1005 3587 1074 μικροῦ
3642 1005 3920 1070 γενομὸττ

2300 1086 2453 1152 σφίσι
2482 1084 2626 1157 παρά
2655 1103 2710 1136 τε
2739 1091 2830 1136 τοῦ
2871 1083 3132 1157 βασιλέως
3171 1087 3406 1140 Ἰωάννου
3460 1092 3556 1140 καὶ
3612 1095 3728 1140 τοῦ
3777 1087 3924 1140 ’Δσὲτ

2299 1168 2482 1242 ἔφοδον
2513 1178 2600 1226 καὶ
2625 1182 2720 1226 τῶν
2750 1183 2940 1248 χωρῶν
2965 1181 3054 1228 καὶ
3083 1185 3182 1228 τῶν
3227 1177 3507 1250 πολιχνίων
3568 1178 3767 1228 αὐτῶν
3835 1181 3923 1228 πέ-

2299 1279 2479 1334 ρησιν,
2527 1266 2709 1336 καιρὸν
2762 1263 2980 1325 ἐζήτουν
3039 1264 3494 1340 ἐπιχειρήσασθαι
3553 1269 3694 1320 καθ’
3769 1269 3923 1338 ἡμῶν,

2302 1351 2531 1424 εὑρόντες
2583 1360 2655 1424 τῷ
2708 1358 2822 1406 τότε
2875 1350 3177 1427 δυνάμενον,
3228 1359 3299 1418 ὡς
3357 1361 3539 1428 ᾤοντο,
3605 1361 3710 1415 τὴν
3777 1357 3923 1412 ἔπεα

2300 1442 2506 1503 τούτοις
2558 1440 2997 1499 ἀνακαλέσασθαι.
3045 1450 3144 1498 Καὶ
3227 1454 3409 1521 πρῶτα
3459 1448 3554 1520 μὲν
3609 1450 3710 1500 τὸν
3774 1446 3926 1499 ’Δσατ

2301 1529 2695 1600 ὑποποιοῦνται,
2726 1537 2816 1585 καὶ
2837 1536 3003 1606 τούτῳ
3043 1537 3109 1586 τὰ
3158 1538 3288 1610 πρὸς
3345 1535 3552 1610 εἰρήνην
3585 1537 3609 1571 ⁵
3672 1533 3924 1589 σπένδον-

2302 1637 2389 1670 ται
2427 1641 2439 1651 ·
2465 1621 2641 1672 ἔπειτα
2671 1617 2730 1674 δε
2762 1626 2856 1674 σὺν
2883 1623 3022 1694 αὐτῷ
3052 1628 3141 1676 καὶ
3170 1629 3288 1686 τοὺς
3328 1627 3544 1693 Σκύθας,
3611 1624 3926 1700 βαρϐάρους

2301 1703 2496 1782 ἄνδρας
2553 1708 2746 1773 ἀλήτας
2796 1731 2851 1764 τε
2902 1716 2992 1764 καὶ
3048 1709 3333 1779 ἐπήλυδας,
3391 1721 3610 1788 μικροῖς
3663 1734 3794 1766 τισι
3834 1720 3929 1773 τοῖς

537 1811 1036 1883 agendorumque
1062 1809 1176 1865 sibi
1201 1810 1396 1865 socios
1415 1809 1697 1880 allegant.
1715 1809 1857 1865 Hinc
1871 1810 2107 1880 magnis
2119 1826 2194 1866 ex
2224 1827 2240 1881 ι

2304 1803 2634 1874 χαρίσμασι,
2692 1807 3032 1878 μακροτέραις
3090 1799 3150 1856 δέ
3197 1823 3256 1875 γε
3311 1811 3422 1864 ταῖς
3471 1806 3866 1876 ὑποσχέσεσιν
3912 1805 3929 1836 ⁸

539 1900 773 1972 Scythis
805 1905 862 1956 et
908 1899 1178 1969 Bulgaris
1215 1898 1608 1955 auxiliaribus
1643 1899 1829 1972 copiis
1865 1899 2192 1956 recollectis

536 1988 665 2045 Itali
681 2005 802 2045 una
823 2004 1034 2044 omnes
1051 1987 1228 2044 simul
1250 1988 1542 2046 adversus
1563 1991 1853 2045 Joannem
1874 1987 2195 2060 imperato-

535 2094 668 2134 rem
699 2079 888 2136 aciem
941 2079 1260 2135 instruunt.
1319 2081 1384 2134 Et
1431 2095 1568 2134 cum
1615 2093 1800 2151 prope
1838 2077 2194 2134 'l‘zurulense

536 2169 657 2241 ϐο
671 2175 934 2225 castrum
948 2169 1283 2240 esset,vires
1297 2168 1374 2224 ad
1388 2168 1447 2224 id
1460 2167 1940 2240 oppugnandum
1955 2183 2199 2224 conver-

538 2263 688 2328 tunt,
711 2259 926 2314 eodem
949 2263 1151 2314 Asano
1182 2262 1472 2329 praesente
1495 2274 1634 2313 cum
1657 2261 1743 2312 tot
1764 2256 2019 2312 millenis
2053 2259 2194 2330 Scy-

537 2348 778 2403 tharum
805 2352 861 2402 et
889 2347 1280 2417 Bulgarorum
1305 2351 1360 2400 et
1381 2345 1594 2402 Italicis
1620 2345 1935 2401 machinis.
1963 2345 2195 2402 'l‘zuruli

539 2435 811 2491 custodia
829 2435 1161 2506 Nicephoro
1184 2433 1614 2502 Tarchaniotee,
1636 2434 1740 2506 qui
1762 2449 1793 2490 e
1813 2449 2026 2489 mensa
2056 2439 2196 2490 tunc

539 2529 667 2580 erat
697 2523 1092 2595 imperatoris,
1117 2522 1510 2595 postmodum
1539 2538 1799 2592 magnus
1829 2523 2196 2579 domesticus

540 2617 775 2668 creatus
795 2616 904 2680 est,
931 2612 1134 2681 magni
1151 2611 1465 2668 domestici
1493 2610 1816 2683 Palmologi
1835 2627 2036 2682 gener,
2057 2629 2195 2669 cum

540 2701 804 2775 primum
826 2700 981 2756 illius
1009 2701 1196 2757 ﬁliam
1237 2699 1477 2756 Mariam
1503 2699 1616 2755 sibi
1646 2701 1868 2772 nuptiis
1890 2700 2196 2772 adjunxis-

541 2794 646 2860 set,
682 2789 760 2845 ab
790 2789 1146 2861 imperatore
1177 2791 1405 2845 Joanne
1426 2788 1794 2844 demandata
1816 2789 2025 2846 fuerat.
2062 2792 2198 2848 Erat

537 2879 932 2936 Tarchaniota
972 2879 1143 2934 miles
1183 2882 1473 2950 praestans
1531 2883 1586 2934 et
1629 2878 1892 2950 optimus
1949 2879 2092 2948 dux,
2141 2883 2198 2938 et

539 2968 724 3024 divini
744 2967 998 3040 praasidii
1024 2967 1347 3040 saepissime
1362 2967 1675 3040 particeps,
1705 2972 1766 3023 ut
1784 2967 2198 3042 exituﬁneque

539 3073 740 3114 rerum
777 3061 1050 3130 patenter
1076 3057 1333 3112 innotuit
1374 3073 1386 3110 :
1421 3071 1687 3129 namque
1735 3073 1875 3112 eum
1926 3057 2195 3130 plerique

538 3147 840 3219 aspirante
863 3147 1053 3216 magis
1075 3145 1312 3202 fortuna
1327 3161 1420 3201 res
1443 3144 1751 3202 absolvere
1773 3161 1957 3218 quam
1979 3146 2195 3203 robore

2304 1888 2370 1948 εἰς
2428 1889 2638 1951 ἑαυτοὺς
2681 1891 2891 1944 ἕλκουσι
2935 1897 3025 1946 καὶ
3095 1894 3504 1966 συμπράκτορας
3585 1903 3696 1946 τῶν
3775 1897 3930 1965 ἔργω

2301 1986 2534 2034 ποιοῦσι.
2593 1985 2694 2033 Καὶ
2738 1976 2807 2039 δὴ
2856 1987 3171 2054 συμμαχίαν
3198 1985 3456 2040 τοσαύτην
3497 1984 3554 2035 ἔκ
3632 2002 3692 2036 τε
3721 1984 3932 2036 Σκυθῶν

2303 2073 2393 2120 καὶ
2450 2068 2754 2143 Βουλγάρων
2784 2071 2804 2104 ⁷
2838 2073 3233 2146 συνηθροικότες
3259 2074 3307 2124 οἱ
3340 2071 3527 2125 Ἰταλοὶ
3565 2074 3751 2144 ὁμόσε
3802 2074 3932 2124 κατὰ

2305 2165 2395 2210 τοῦ
2427 2156 2688 2230 βασιλέως
2717 2160 2956 2212 Ἰωάννου
3013 2168 3305 2234 χωροῦσιν.
3357 2159 3434 2234 [Ρ.
3496 2165 3595 2236 30]
3671 2164 3830 2215 Ἐπεὶ
3881 2159 3931 2213 δὲ

2307 2252 2486 2318 σφίσιν
2535 2250 2589 2301 ἐκ
2646 2255 2738 2301 τοῦ
2809 2246 3008 2321 σχεδὸν
3051 2253 3108 2302 τὸ
3155 2258 3253 2312 τῆς
3305 2250 3646 2325 Τζουρουλοῦ
3706 2253 3729 2286 ³
3796 2252 3926 2302 ἆστλ

2305 2336 2579 2409 ἐτύγχανε,
2621 2338 2737 2390 κατ’
2783 2336 2974 2391 ἐκείνου
3023 2343 3116 2397 τὴν
3163 2342 3348 2412 μὰχην
3397 2342 3611 2407 ἑστῶσι,
3669 2345 3930 2414 παρόντος

2305 2426 2728 2499 αὑτοπροσώπως
2765 2429 2785 2462 ⁹
2824 2432 2914 2480 καὶ
2963 2435 3053 2480 τοῦ
3100 2429 3265 2482 Ἀσάν
3327 2432 3455 2501 μετὰ
3495 2432 3782 2482 τοσούτων
3845 2450 3925 2500 χι.

2303 2515 2578 2587 λιοστύων,
2615 2525 2714 2568 τῶν
2755 2519 3016 2570 Σκυθικῶν
3057 2523 3147 2570 καὶ
3184 2526 3282 2569 τῶν
3337 2518 3716 2593 Βουλγαρικῶν
3765 2539 3926 2591 στραο

2303 2608 2586 2678 τευμοίτωι,
2624 2611 2714 2658 καὶ
2767 2615 2867 2658 τῶν
2914 2606 3188 2667 ,Ἰταλικῶν
3251 2610 3686 2681 μηχανημάτων.
3727 2608 3832 2661 Ἦν
3874 2605 3926 2659 δέ

2303 2703 2392 2755 τῆς
2430 2695 2758 2771 Τζουρουλοῦ
2815 2697 2861 2731 ¹⁰
2909 2699 3002 2754 τὴν
3047 2699 3274 2770 φρουρὰν
3319 2699 3462 2772 παρὰ
3502 2704 3596 2749 τοῦ
3656 2694 3924 2768 ﬂoruisse;

2303 2783 2542 2837 Ἰωάννου
2586 2780 3034 2857 προσδεδεγμένος
3070 2787 3095 2836 ό
3124 2792 3527 2858 Ταρχανειώτης
3583 2791 3923 2861 Νικηφόρος.

2306 2876 2361 2938 ὃς
2399 2878 2437 2911 ¹¹
2499 2874 2582 2928 ἐπὶ
2639 2882 2732 2937 τῆς
2782 2877 3043 2948 τραπέζης
3099 2875 3211 2944 (71)
3255 2882 3348 2927 τοῦ
3397 2872 3668 2948 βασιλέως
3711 2879 3922 2950 ὑπῆρχε

2305 2970 2438 3030 τότε,
2501 2969 2662 3036 μέγας
2721 2959 2780 3016 δε
2839 2959 3149 3036 δομέστικος
3201 2968 3474 3032 τετίμηται
3544 2968 3782 3038 ὕστερον
3860 2967 3918 3026 ¹²,

2303 3053 2534 3127 γαμϐρὸς
2565 3050 2706 3126 δεηῆν
2736 3060 2826 3105 τοῦ
2875 3052 3100 3125 μεγάλου
3159 3048 3476 3125 δομεστίκου
3535 3061 3631 3106 τοῦ
3695 3055 3922 3107 Παλαισ-

2303 3142 2459 3215 λόγου
2491 3142 2574 3196 ἐπὶ
2605 3150 2664 3216 τῇ
2698 3148 2876 3218 πρώτῃ
2928 3142 3086 3195 αὑτοῦ
3144 3144 3365 3218 Θυγατρὶ
3412 3147 3615 3219 Μαρίᾳ.
3649 3143 3760 3197 Ἦν
3790 3141 3855 3196 δε
3898 3143 3920 3194 ὁ

539 3209 865 3292 ρι’ωἱὶὶίετὶ
895 3209 1103 3308 peritia
1141 3234 1347 3290 hostes
1401 3250 1688 3306 superare
1738 3209 2192 3295 existimabant.
2227 3211 2240 3262 ⁴

2304 3236 2704 3306 Ταρχανειώτης
2781 3235 2871 3284 καὶ
2951 3238 3278 3304 στρατιώτης
3356 3209 3512 3294 καλὸς
3564 3237 3657 3284 καὶ
3719 3231 3920 3305 ἀγαθὸς

537 3326 864 3396 Postquam
895 3329 1156 3380 castrum
1181 3321 1898 3395 amilitccircumseptum
1911 3327 2015 3394 est,
2039 3324 2193 3380 arie-

540 3418 628 3468 tes
661 3417 1076 3484 tormentaque
1120 3411 1278 3466 Italis
1331 3411 1577 3468 adfuere
1616 3411 1808 3468 multa
1864 3416 1920 3468 et
1971 3413 2191 3482 valida,

539 3499 762 3572 quibus
783 3515 904 3554 non
930 3501 1044 3556 hoc
1066 3499 1262 3555 solum
1285 3499 1390 3555 sed
1415 3499 1653 3556 altiores
1691 3500 1872 3556 etiam
1905 3518 2108 3559 muros
2139 3505 2197 3559 et

538 3589 900 3660 ingentiores
925 3589 1105 3645 urbes
1129 3593 1446 3661 quassatas
1469 3589 1815 3648 diruissent.
1846 3593 2007 3647 Tunc
2038 3593 2196 3662 cogi—

538 3679 792 3735 tationes
805 3694 1058 3748 magnas
1070 3678 1195 3734 etin
1211 3676 1435 3734 bellicis
1448 3678 1836 3751 disponendis
1847 3679 2197 3738 industriam

541 3782 663 3823 una
702 3782 838 3822 cum
872 3767 1068 3833 sociis,
1101 3766 1207 3839 qui
1245 3782 1277 3822 e
1317 3782 1528 3822 mensa
1566 3771 1710 3833 erat,
1772 3767 2030 3824 dilucide
2053 3771 2196 3826 satis

539 3856 991 3913 demonstravit.
1017 3858 1233 3912 Verum
1258 3859 1448 3912 totum
1476 3854 1537 3910 id
1568 3855 1784 3912 divinae
1806 3858 1906 3929 opi
1936 3857 2195 3914 tribuen-

537 3943 686 4002 dum
711 3949 821 4002 est.
856 3949 1004 4002 Nam
1045 3944 1440 4002 Tarchaniota
1467 3945 1528 4000 in
1557 3950 1835 4002 externas
1876 3947 2190 4005 machinas

539 4036 686 4093 alias
715 4037 842 4109 ipse
872 4035 1354 4102 machinabatur,
1379 4040 1434 4090 et
1456 4039 1632 4090 tantae
1652 4035 1964 4108 copiarum
1986 4036 2189 4094 multi-

537 4126 728 4183 tudini
744 4126 928 4182 robur
949 4141 1020 4181 ac
1039 4125 1311 4181 animum
1358 4141 1494 4197 quae
1519 4124 1581 4180 in
1611 4127 1914 4182 immensa
1932 4125 2188 4183 militum

537 4215 913 4272 multitudine
924 4214 1167 4286 reperiri
1184 4219 1454 4286 possent,
1473 4215 1774 4286 opposuit.
1789 4217 1923 4271 Haec
1941 4217 2189 4273 anxium

539 4320 610 4362 ac
639 4304 957 4360 sollicitum
969 4303 1280 4360 habebant
1293 4306 1584 4360 Joannem
1597 4305 2040 4376 imperatorem,
2064 4321 2187 4362 non

537 4397 772 4449 tantum
810 4393 884 4448 de
917 4398 1116 4449 castro
1154 4393 1690 4465 pertimescentem,
1723 4394 1828 4448 sed
1894 4398 2187 4467 tanquam

538 4496 778 4537 summo
800 4480 1040 4550 ingenio
1061 4485 1115 4535 et
1137 4480 1457 4552 prudentia
1475 4479 1690 4536 bellica
1719 4481 2039 4553 praeditum
2065 4483 2179 4555 61

539 4569 964 4642 suspicantem,
999 4568 1046 4623 si
1077 4571 1339 4625 castrum
1387 4569 1465 4624 ab
1517 4567 1796 4624 hostibus
1853 4576 2183 4642 caperetur,
2226 4557 2270 4613 Ῑ)

536 4673 915 4732 quascunque
944 4657 1071 4729 ipse
1101 4656 1163 4712 in
1193 4656 1500 4713 occidente
1532 4657 1886 4729 possideret,
1933 4674 2186 4730 pessum

609 4749 631 4783 ³
668 4757 741 4818 τῷ
782 4743 1317 4818 Διδυμοτοίχῳίοω.
1361 4747 1426 4801 D.

1805 4892 1847 4926 “
1913 4891 1988 4963 ὃς]
2046 4893 2072 4943 ὁ
2134 4891 2200 4959 Ι),

535 4893 601 4948 Β.
685 4892 730 4928 ιο
755 4887 986 4966 ἐφρούρει
1022 4887 1081 4942 δὲ
1101 4893 1195 4948 τὴν
1231 4887 1540 4966 Τζουρουλὼ
1567 4891 1620 4966 -ό
1661 4891 1724 4966 Βτ

1503 4747 1525 4781 ι
1554 4750 1645 4836 καέ
1697 4747 1848 4836 εἰητ-
1893 4748 2312 4836 ἠσφαλισμέμον]
2343 4754 2432 4802 καὶ
2479 4755 2590 4836 τοῖς
2641 4748 2879 4836 μείζοσιν
2929 4749 3146 4836 ἄοπεσξξ
3191 4750 3254 4836 D:

536 4835 658 4877 om.
849 4821 871 4855 ⁸
893 4804 1176 4905 Fugaci?
1207 4817 1565 4888 ὑποσχέσεσιν
1747 4819 1766 4853 ⁷
1805 4818 1862 4871 έκ
1899 4804 2240 4947 έ-’Βοωῖοὲρ

536 4893 601 4947 D.
685 4892 730 4928 ¹⁰
755 4890 986 4947 ἔφοουρει
1022 4887 1081 4942 δε
1101 4893 1195 4947 τὴν
1231 4887 1540 4947 Τζουρουλὼ
1593 4907 1620 4941 ο
1661 4891 1724 4946 D.
1805 4892 1847 4926 ¹¹
1913 4891 1988 4947 ὃς]
2046 4911 2072 4943 ο
2185 4934 2200 4947 .

2304 4804 2312 4868 :
2366 4836 2489 4903 ραι,
2541 4804 2649 4876 n’.‘

2305 4908 2507 4947 mlSSIS
2558 4899 2649 4944 τοῦ

2265 4907 2507 4948 OIDISSIS
2558 4907 2651 4944 του

2305 3324 2594 3397 στρατηγὸς
2680 3320 2746 3388 ¹³,
2800 3323 2891 3372 καὶ
2940 3319 3128 3382 πολλῆς
3203 3319 3535 3373 ἕπαπολαύων
3615 3329 3724 3383 τῆς
3777 3325 3924 3397 παρὰ

2306 3417 2439 3466 Θεοῦ
2495 3407 2830 3480 ἀντιληψεως,
2891 3411 3063 3472 καθὼς
3101 3414 3190 3462 καὶ
3242 3414 3405 3486 μέχρι
3451 3409 3626 3472 τέλους
3689 3409 3919 3483 ἐπέγνω-

2308 3519 2430 3553 σται
2459 3499 2692 3572 μάλιστα
2749 3520 2762 3533 ·
2816 3504 2905 3552 καὶ
2952 3501 3055 3574 γὰρ
3100 3495 3271 3552 έδόκει
3309 3507 3418 3561 τοῖς
3446 3499 3647 3561 πολλοῖς
3682 3501 3919 3572 εὐτυχίᾳ

2304 3591 2712 3664 κατορθούμενος
2757 3592 2824 3641 τὰ
2869 3588 3031 3641 πολλὰ
3076 3590 3106 3648 ἣ
3158 3585 3412 3663 εὐανδρίᾳ
3468 3594 3557 3642 καὶ
3604 3597 3918 3666 στρατηγίᾳ

2304 3688 2402 3732 τῶν
2455 3678 2691 3732 ίναντίων
2770 3683 3159 3754 περιγενόμενος
3210 3680 3274 3733 ¹⁴.
3325 3680 3470 3731 Ἐπεὶ
3515 3676 3575 3731 δὲ
3626 3688 3706 3750 τῷ
3764 3682 3914 3732 ἄστει

2302 3770 2741 3842 παρεκαθίσαντο,
2791 3769 3158 3840 μηχανήματά
3207 3787 3263 3820 τε
3334 3772 3423 3820 καὶ
3498 3767 3762 3831 ἑλεπόλεις
3811 3777 3914 3829 τοῖς

2303 3855 2518 3918 Ἰταλοῖς
2573 3855 2895 3929 ἐγεγόνεισαν
2946 3855 3134 3909 πολλαί
3189 3875 3242 3910 τε
3280 3862 3370 3910 καὶ
3425 3856 3671 3930 ἰσχυραὶ,
3725 3859 3797 3920 ὡς
3839 3862 3909 3930 μὴ

2300 3951 2452 4020 μόνον
2481 3942 2763 4004 τηλικοῦδε
2791 3946 2993 4008 ἄστεως
3019 3947 3382 4020 περιγενέσθαι
3415 3945 3738 4017 ἰσχύουσαι,
3789 3946 3914 3999 ἀλλὰ

2297 4041 2388 4089 καὶ
2438 4035 2766 4110 ὑψηλοτέρων
2815 4043 3007 4107 τειχῶν
3058 4040 3148 4087 καὶ
3201 4034 3638 4110 εὖμεγεθεστέρων
3686 4036 3911 4106 πόλεων,

2295 4130 2412 4178 τότε
2439 4128 2498 4177 τὸ
2519 4132 2749 4197 γενναῖον
2798 4129 3037 4199 φρόνημα
3087 4128 3173 4176 καὶ
3231 4128 3323 4183 τὴν
3375 4129 3735 4200 στρατηγικὴν
3793 4128 3913 4196 μεθ.

2295 4210 2470 4268 οδείαν
2522 4217 2651 4286 μετὰ
2679 4221 2778 4266 τῶν
2821 4217 2915 4266 σὺν
2946 4213 3085 4286 αὐτῷ
3124 4214 3150 4266 ὁ
3206 4211 3290 4266 ἐπὶ
3346 4221 3436 4274 τῆς
3483 4217 3760 4287 τραπέζης
3787 4214 3911 4287 λαμο

2294 4312 2436 4376 πρῶς
2465 4300 2773 4366 ἐνεδείξατο.
2814 4301 2909 4355 Ἦν
2959 4299 3018 4355 δε
3047 4306 3106 4355 τὸ
3137 4302 3250 4355 ὅλον
3279 4310 3375 4364 τῆς
3420 4311 3514 4355 τοῦ
3571 4310 3712 4356 Θεοῦ
3779 4303 3909 4356 ἄντι-

2293 4390 2502 4464 λὴψεως
2536 4392 2650 4463 (72)
2681 4413 2692 4424 ·
2729 4391 3128 4464 ἀντεμηχανᾶτο
3173 4393 3274 4464 γὰρ
3317 4387 3462 4444 ἔνδον
3514 4392 3539 4443 ό
3565 4397 3913 4464 Ταρχανειώ-

2297 4502 2393 4544 της
2417 4489 2525 4542 τοῖς
2557 4481 2737 4545 ἔξωθεν
2767 4485 3175 4554 μηχανήμασιν,
3206 4485 3296 4533 καὶ
3327 4489 3389 4554 τῇ
3447 4485 3678 4555 τοσαύτη
3714 4483 3912 4542 πληθύῐ

2298 4579 2391 4634 τῆς
2433 4577 2681 4644 στρατιᾶς
2735 4568 3040 4642 ἀντεπεξῆγε
3097 4573 3153 4624 τὸ
3200 4565 3448 4644 ἀνδρικὸν
3496 4570 3544 4623 ἐν
3599 4571 3914 4635 πολλου-τοίς

2299 4661 2431 4733 ἄγαν
2469 4667 2581 4722 τοῖς
2619 4664 2966 4732 στρατιώταις
3007 4659 3074 4716 ¹⁵.
3130 4659 3213 4712 Ἐν
3265 4659 3550 4732 ἀμηχανίᾳ
3577 4657 3639 4713 δε
3661 4658 3724 4719 ἦν
3759 4663 3788 4713 ὁ
3823 4661 3914 4734 ῥα-

3335 4749 3464 4824 ⁶μτά
3525 4753 3654 4822 πρὸς
3695 4749 3909 4824 εἰρήνην

2541 4823 2604 4876 D.
2642 4819 2652 4822 ’
2683 4819 3063 4895 ’-Τζουρουλῲ
3102 4819 3172 4874 D.
3247 4821 3269 4856 ⁸
3313 4819 3755 4895 αιξτοπροσώπως
3785 4839 3907 4895 om.

2706 4889 2968 4962 βασιλέως
3021 4892 3256 4964 ὑπῆρχε.
3335 4893 3379 4926 ¹²
3432 4889 3588 4963 μὲγας
3652 4923 3728 4934 —
3776 4894 3908 4946 ὕστε

535 4969 644 5038 ρον]
673 4968 764 5038 καὶ
787 4957 1004 5038 ἶς’στέρον
1026 4981 1190 5034 μεγας
1219 4957 1532 5038 δομεστικσς
1567 4960 1635 5016 D.
1716 4961 1760 4997 ¹³
1789 4966 1880 5015 καὶ
1906 4957 2102 5035 ἀγαθὸς
2131 4957 2420 5038 στρατηγὸς
2444 4979 2566 5020 om.
2599 4962 2670 5018 D.
2706 4957 2716 4962 ’
2749 4964 2795 4999 ¹⁴
2824 4964 2999 5025 καθὼς
3050 4957 3542 5037 -’περιγενόμενός
3579 4977 3707 5020 om.
3740 4967 3786 5021 D
3865 4966 3907 5000 ⁸⁵

537 5034 846 5108 ἆντεπεξῆγε
868 5034 938 5078 -ἔ
964 5039 1307 5108 στρατιώταις
1331 5048 1452 5089 om.
1489 5034 1552 5087 D.

1428 5119 1769 5190 Theodori
1818 5121 2068 5191 Dousa;
2118 5132 2184 5192 et
2230 5123 2483 5192 Leonis
2531 5121 2767 5192 Allatii
2814 5131 3018 5192 notae.

609 5250 806 5321 (7l)’0
833 5250 918 5304 ἐπὶ
954 5256 1043 5310 τῆς
1069 5247 1358 5322 τραπέζης.
1409 5245 1674 5316 Dignitas
1725 5246 1786 5302 in
1832 5248 2192 5322 Byzantino-

537 5319 674 5380 rum
705 5319 1137 5394 imperatorum
1190 5319 1335 5394 aula
1385 5333 1505 5373 non
1527 5319 2063 5394 _postremo___loc_o_
2092 5319 2198 5394 ha-

538 5394 662 5449 bita
693 5388 1062 5463 estfutapud
1086 5389 1500 5463 Curopalatem
1526 5388 1805 5463 legimus.
1842 5389 2194 5463 Witichindo

539 5468 632 5520 est
651 5479 866 5520 mensa:
885 5460 1288 5529 ministrator,
1307 5460 1435 5516 aliis
1456 5460 1723 5529 dapifer.
1756 5461 1943 5532 Quem
1961 5460 2194 5532 dapife-

539 5539 710 5612 ratus:
735 5534 1026 5612 honorem
1059 5549 1167 5612 seu
1194 5532 1608 5612 Praefectum?
1645 5546 1868 5612 φετιεὲ
1910 5531 2194 5612 iamiam

541 5605 654 5661 sub
673 5604 1030 5661 Contantino
1058 5601 1272 5671 Magno
1297 5603 1381 5658 ita.
1409 5601 1742 5658 distributis
1764 5601 1979 5658 ofﬁciis
2019 5603 2191 5659 insti-

540 5681 732 5736 tutam
761 5680 817 5733 et
845 5674 1075 5731 Russiee
1099 5673 1353 5746 principi
1377 5673 1776 5744 assignatam,
1805 5677 1873 5731 ut
1897 5673 2016 5732 alia
2039 5674 2192 5744 aliis,

2302 5252 2548 5306 testatur
2560 5246 3381 5321 Nicephorus_Gregoras,lib.
3410 5264 3503 5320 vn,
3531 5264 3668 5321 cap.
3686 5251 3741 5305 8.
3766 5251 3905 5306 Vide

2304 5323 2370 5377 V.
2389 5323 2449 5376 C.
2473 5319 2807 5400 Marquardi
2827 5319 3712 5400 Freheri‘Qrigine‘sfalatyigs,
3737 5327 3903 5400 parte

2303 5407 2341 5458 ι,
2366 5407 2498 5463 cap.
2531 5392 2596 5445 15
2614 5390 2934 5447 ’τεηονειῑιε
2966 5390 3330 5460 editionis,et
3354 5392 3587 5448 Meursii
3616 5390 3818 5451 Gloss.
3846 5395 3902 5448 in

2305 5467 2643 5535 Λομίστικος.
2678 5465 2894 5519 Dousa.

2377 5531 2662 5605 (772)7Tﬁg
2726 5541 2818 5586 τοῦ
2895 5540 3028 5586 Θεοῦ
3091 5531 3430 5605 ἀντιλήψεως,
3505 5537 3635 5591 Non
3712 5551 3895 5605 arma,

2305 5604 2410 5686 sed
2429 5604 2743 5686 peigratia
2767 5609 2857 5686 est
2881 5619 3020 5686 qua}
3058 5604 3308 5686 pugnat,
3350 5608 3660 5678 Gregoras,
3712 5624 3774 5680 p.
3814 5604 3895 5671 83,

2304 5675 2379 5732 de
2411 5675 2613 5734 Alexio
2635 5675 3079 5749 Stratego'pulo.‘
3095 5675 3232 5733 ALL.
