3988 6322
62 322 211 375 1065

1583 318 1908 375 ANNALES

3311 325 3449 382 1066

58 443 248 507 σιλεύς
279 444 537 512 Ἰωάννης,
581 444 641 497 οὐ
698 452 947 497 τοσοῦτον
977 451 1078 496 τῶν
1132 443 1181 495 ἐν
1219 452 1291 514 τῷ
1342 444 1492 495 ἄστει
1522 443 1674 517 ὑπερ-

1815 448 1955 498 tura.
1987 440 2403 498 Delectabatur
2432 441 2670 499 interim
2701 442 2763 497 in
2794 458 2867 499 eo
2899 445 3310 517 expugnando
3341 448 3449 503 ad-

58 542 334 605 αγωνιῶν,
374 533 481 587 ἀλλ’
542 535 586 569 ¹⁶
617 531 789 603 εἰδὼς,
821 534 909 586 οἵα
948 536 1179 607 ἐχέφρων
1214 540 1304 587 καὶ
1361 538 1568 594 συνετὸς
1610 534 1678 585 τὰ

57 624 300 697 πολέμια
339 625 407 692 Π,
460 627 525 685 ὡς
568 624 612 676 εἰ
679 628 736 677 τὸ
787 626 924 677 ἄστυ
1001 627 1146 697 παρὰ
1189 633 1290 676 τῶν
1342 624 1579 677 ἐναντίων
1634 625 1675 659 1⁸

61 712 241 784 ἁλῴη,
276 709 483 786 φροῦδα
516 715 686 766 πάντα
711 716 776 766 τὰ
805 712 853 765 ίν
874 721 936 786 τῇ
967 710 1120 766 δύσει
1149 715 1315 785 τούτῳ
1344 716 1680 786 τυγχάνοντα

63 806 333 874 ⁴γένοιντο.
361 807 498 863 Τέως
545 799 633 856 οὖν
683 804 867 874 ἠγάπα
920 802 1110 876 μᾶλλον
1167 802 1215 855 ἐν
1263 807 1429 875 τούτῳ
1486 803 1679 863 ἐπτοῆ-

72 893 209 945 σθαι
235 895 357 954 τοὺς
378 892 655 965 πολεμίους
706 897 795 945 καὶ
852 896 910 945 τὸ
961 892 1091 945 πολὺ
1129 900 1221 953 τῆς
1259 894 1431 968 ῥύμης
1498 897 1679 965 σφίσιν

68 980 527 1034 ἐναποκόπτεσθαι
577 1002 590 1014 ·
644 981 787 1055 ἔμελε
822 984 923 1055 γὰρ
980 982 1122 1053 αύτῷ
1175 981 1365 1054 μάλλον
1396 985 1462 1034 τὰ
1508 980 1558 1034 ἓν
1613 988 1677 1054 τῇ

68 1072 165 1143 ἕῳ,
245 1072 316 1123 ὧν
393 1071 660 1146 ἐλευθέρων
732 1073 1073 1146 ὑπαρχόντων
1132 1080 1224 1133 τῆς
1284 1075 1469 1145 μάχης
1510 1072 1682 1125 πλεῖον

69 1160 227 1232 αὐτῷ
249 1164 429 1222 τὸτῆς
480 1161 798 1235 εὐφροσύνης
834 1161 997 1220 ὑπῆν.
1065 1161 1505 1235 Πολιορκουμένου
1558 1169 1683 1234 γοῦν

70 1258 177 1303 τοῦ
259 1251 455 1311 ἄστεως
533 1249 862 1323 Τζουρουλοῦ
919 1254 1105 1323 αἴφνης
1147 1249 1293 1310 ἐπήει
1344 1257 1559 1323 μήνυμα
1609 1258 1682 1321 τῷ

74 1339 250 1392 Ἀσάν
270 1342 336 1400 ὡς
362 1341 393 1397 ἡ
449 1341 680 1411 σύζυγος
731 1340 892 1392 αὐτοῦ
929 1342 960 1399 ἡ
1003 1339 1058 1403 ἐξ
1115 1344 1367 1415 Οὔγγρων
1397 1340 1449 1403 ἐξ
1480 1339 1683 1416 ἀνθρώ-

73 1449 193 1482 πων
238 1427 452 1500 ἐγένετο,
492 1428 816 1487 τετελεύτηκε
866 1427 926 1481 δὲ
968 1431 1102 1483 κατὰ
1143 1434 1301 1483 ταυτὸ
1340 1434 1430 1483 καὶ
1467 1427 1603 1483 παιδ
1610 1449 1685 1482 ιον

76 1518 249 1570 αὐτοῦ
296 1522 387 1569 καί
454 1520 481 1570 6
527 1519 780 1588 Τρινόϐου
840 1517 1148 1582 έπίσκοπος.
1215 1524 1507 1592 Θεομηνίαν
1563 1527 1686 1592 γοῦν

77 1608 419 1680 ἡγησάμενος
463 1615 631 1660 ταῦτα
665 1614 795 1682 πυρὶ
833 1607 1071 1681 ἀφανίζει
1125 1611 1218 1670 τὰς
1270 1608 1542 1678 ἑλεπόλεις,
1599 1615 1688 1663 καὶ

78 1699 161 1757 ὡς
186 1693 299 1769 εἶχε
329 1693 527 1770 δρόμου
582 1695 666 1750 ἐπὶ
703 1701 791 1749 τὸν
844 1697 1090 1771 Τρίνοϐον
1135 1699 1291 1752 ίκετο.
1351 1704 1518 1752 Μόνοι
1563 1706 1688 1770 γοῦν

82 1784 509 1859 ἀπολελειμμένοι
531 1789 579 1839 οἱ
610 1785 815 1853 Ἰταλοὶ,
849 1786 957 1840 ἐπεὶ
1005 1792 1076 1860 μή
1136 1786 1491 1859 ἀποχρώντως
1543 1786 1690 1860 εἶχον

86 1876 169 1938 εἰς
213 1880 308 1933 την
353 1883 447 1928 τοῦ
492 1877 690 1938 ἄστεως
744 1875 1107 1949 πολιόρκησιν,
1162 1875 1389 1929 κάκεῖνοι
1426 1882 1520 1936 τὴν
1575 1878 1688 1930 κατ’

86 1965 262 2018 αὐτῶν
290 1968 473 2038 μάχην
501 1965 789 2027 λελοιπότες
816 1966 867 2029 ές
916 1970 1011 2025 τὴν
1067 1972 1458 2020 Κωνσταντίνου
1516 1972 1692 2040 ᾤχον-

86 2073 175 2109 το.
234 2053 579 2128 Ἠλευθέρωτο
650 2061 776 2127 γοῦν
818 2058 878 2107 τὸ
953 2056 1088 2108 ἄστυ
1141 2065 1238 2116 τῆς
1296 2064 1397 2108 τῶν
1456 2056 1694 2109 ἱνάντίων

90 2142 416 2217 πολιορκίας,
445 2148 535 2197 καὶ
574 2143 988 2218 συνηλευθέρωτο
1033 2149 1125 2197 καὶ
1173 2147 1199 2197 6
1241 2144 1321 2198 ἐπὶ
1379 2154 1469 2207 τῆς
1510 2149 1697 2220 τραπέ-

95 2235 200 2296 ζης
252 2238 677 2305 Ταρχανειώτης,
716 2239 1013 2309 Νικηφόρος
1069 2232 1117 2286 ἐν
1175 2237 1381 2297 τούτοις
1443 2238 1577 2288 κατὰ
1601 2241 1696 2294 τὴν

90 2321 283 2381 κλῆσιν
310 2320 582 2395 ἀναφανεὶς
614 2325 680 2376 1⁸.
738 2321 797 2374 ’0
965 2319 1052 2375 οὖν
1084 2323 1265 2385 Ἀσὰν,
1298 2320 1482 2382 ἐπειδὴ
1531 2327 1696 2397 τούτῳ

90 2413 166 2464 τὰ
186 2409 543 2486 προρρηθέντα
597 2410 888 2485 ξυμϐέϐηκε
945 2415 1154 2486 λυπηρὰ
1207 2414 1278 2481 ²⁰,
1336 2411 1562 2475 εὐσεϐῶς
1606 2418 1697 2466 καὶ

91 2498 238 2572 μάλα
287 2499 482 2562 οἰηθεὶς
534 2504 607 2565 ὡς
633 2498 726 2554 διὰ
770 2504 840 2554 τὰ
875 2501 1214 2577 παραϐασίας
1265 2510 1366 2554 τῶν
1417 2504 1581 2576 ὅρκων
1630 2500 1696 2554 ὧν

93 2591 231 2661 μετὰ
257 2597 349 2642 τοῦ
394 2587 648 2662 βασιλέως
689 2591 924 2643 Ἰωάννου
977 2591 1209 2653 ξυνέθετο
1259 2590 1340 2663 [Ρ.
1396 2591 1487 2664 3t]
1519 2596 1610 2644 καὶ
1637 2594 1696 2644 τό

97 2676 413 2733 ἀποσπάσαι
464 2684 561 2739 τὴν
637 2682 895 2755 θυγατέρα
945 2688 1038 2734 τοῦ
1115 2681 1351 2752 συζύγου
1420 2678 1697 2753 Θεοδώρου

95 2773 256 2820 ταυτὶ
316 2774 563 2840 γένοιντο,
622 2769 906 2843 μετάμελος
983 2768 1067 2823 ἐπὶ
1147 2773 1353 2832 τούτοις
1430 2774 1700 2843 γενόμενος

94 2856 340 2932 πρέσϐεις
390 2858 758 2921 ἐξαπεστάλκει
807 2862 934 2932 πρὸς
979 2862 1067 2911 τόν
1137 2857 1379 2932 βασιλέα,
1430 2858 1608 2912 ἕαῦτόν
1645 2878 1702 2912 τε

1782 532 2081 589 versarios
2110 532 2418 602 retardari,
2440 548 2771 605 eorumque
2790 534 3169 606 potissimam
3190 536 3450 609 impetus

1785 626 2013 694 partem
2043 622 2338 691 confringi
2371 636 2550 679 :nam
2589 623 2978 679 orientalibus
3036 626 3217 681 rebus
3248 627 3449 698 potius

1785 710 2054 767 animum
2091 710 2459 780 advertebat,
2488 728 2643 784 quas
2678 727 2817 768 cum
2857 728 2893 769 a
2929 712 3088 769 bello
3142 714 3447 772 immunes

1787 800 2176 873 conspiceret,
2202 801 2394 871 magis
2417 802 2622 857 animo
2636 802 2945 871 gestiebat.
2971 804 3120 860 Dum
3134 804 3448 861 obsidetur

1788 889 2023 945 Tzuruli
2052 892 2334 956 castrum,
2366 891 2568 946 Asano
2607 891 2927 964 derepente
2959 893 3269 951 nuntiatur
3297 909 3447 950 uxo-

1789 994 1916 1035 rem
1930 981 2233 1049 Ungaram
2244 978 2307 1034 in
2320 978 2468 1034 vivis
2481 995 2612 1036 esse
2624 979 3121 1048 desiisse,eodem
3134 986 3444 1041 momento

1790 1073 1847 1124 et
1865 1067 2117 1123 ﬁliolum
2163 1066 2352 1140 ipsius
2402 1071 2461 1123 et
2516 1068 2754 1125 Trinobi
2804 1070 3159 1144 episcopum
3189 1072 3446 1131 obiisse.

1791 1157 1930 1213 ldeo
1952 1156 2219 1212 Numinis
2246 1155 2399 1212 iram
2419 1161 2583 1214 ratus
2614 1162 2912 1216 tormenta
2926 1160 3064 1231 igne
3080 1165 3447 1230 concremat,

1791 1251 1849 1303 et
1867 1262 2052 1319 quam
2076 1246 2360 1302 citissime
2390 1247 2718 1304 Trinobum
2764 1248 2937 1306 redit.
2970 1251 3152 1321 Igitur
3180 1251 3289 1308 soli
3322 1251 3451 1309 Itali

1793 1352 1930 1393 cum
1959 1335 2036 1391 ad
2054 1335 2458 1392 obsidendum
2474 1342 2734 1394 castrum
2754 1354 2827 1394 ex
2859 1355 2921 1395 se
2941 1354 3065 1396 non
3086 1340 3447 1412 sufﬁcerent,

1792 1442 1974 1500 quam
1988 1426 2048 1481 in
2062 1428 2358 1482 Romanos
2370 1427 2799 1485 constituerant
2812 1444 3073 1501 pugnam
3085 1431 3444 1499 dirimentes,

1794 1514 2024 1587 Cpolim
2050 1519 2623 1582 revertuntur,etarx
2642 1517 2741 1573 illa
2759 1518 2837 1574 ab
2849 1519 3110 1575 hostium
3130 1521 3445 1577 obsidione

1794 1605 2100 1661 liberatur.
2116 1605 2225 1669 Qui
2244 1621 2274 1660 e
2291 1620 2502 1662 mensa
2521 1611 2648 1662 erat
2671 1608 3065 1664 Tarchaniota
3080 1609 3451 1683 Nicephorus

1796 1694 1858 1750 in
1887 1693 1981 1749 his
2008 1692 2346 1762 victoriam,
2370 1695 2536 1766 quod
2565 1696 2772 1768 utique
2803 1713 2980 1753 suum
3010 1714 3233 1755 nomen
3255 1699 3450 1769 infert,

1721 1817 1760 1871 Β
1800 1783 2076 1855 adeptus.
2101 1789 2333 1839 Asanus
2355 1800 2499 1857 ergo
2512 1786 2821 1858 postdicta
2843 1787 3098 1845 adversa
3119 1805 3190 1845 ac
3211 1789 3460 1846 infortu-

1800 1879 1942 1930 nata
1953 1875 2049 1944 pie
2062 1873 2397 1931 admodum
2413 1874 2760 1946 concipiens
2774 1881 3018 1949 propter
3029 1878 3319 1935 violatum
3331 1881 3352 1951 j
3364 1895 3461 1936 us-

1796 1964 2677 2038 juraadum,quodimperatori
2692 1967 2909 2023 Joanni
2933 1966 3461 2039 dederat,etfiliam

1806 2072 1843 2112 a
1863 2056 2111 2112 thalami
2137 2057 2412 2111 consorte
2442 2054 2752 2111 Theodoro
2764 2059 3001 2126 raptam
3021 2056 3151 2113 haec
3179 2058 3462 2133 ﬁeri,pos-

1802 2146 2052 2202 nitentia
2063 2145 2278 2201 ductus
2297 2143 2408 2199 cad
2419 2146 2724 2199 uceatores
2738 2143 2914 2200 mittit
2926 2144 3002 2200 ad
3013 2145 3461 2220 imperatorem,

1806 2235 2213 2307 semetipsum
2242 2231 2479 2288 sceleris
2524 2246 2819 2288 accusans
2873 2238 2931 2289 et
2952 2240 3129 2306 pacta
3157 2241 3456 2296 conventa

1804 2322 2610 2397 reposcens,deprecansque
2637 2322 2756 2393 62
2791 2322 2908 2378 sibi
2935 2324 3177 2381 veniam
3210 2324 3465 2398 ﬂagitioa

1804 2427 1937 2470 rum
1960 2416 2221 2469 Joannes
2252 2411 2580 2483 imperator
2634 2415 2921 2483 lreneque
2960 2412 3465 2485 imperatrix,tan-

1805 2519 1990 2575 quam
2004 2502 2108 2575 qui
2125 2502 2185 2556 in
2200 2501 2393 2570 magis
2406 2500 2505 2572 pia
2519 2516 2587 2555 ac
2602 2499 2797 2569 magis
2813 2500 3019 2557 divina
3031 2503 3462 2576 prospicerent,

1804 2592 2033 2663 legatos
2046 2590 2368 2662 excipiunt,
2384 2605 2495 2645 nec
2509 2587 2707 2644 verbis
2724 2605 2851 2645 rem
2864 2590 3221 2663 prolatando
3232 2609 3464 2650 rursum

1803 2679 2229 2754 jusjurandum
2240 2677 2659 2751 comprobant,
2669 2693 3071 2752 sponsamque
3085 2681 3355 2739 Helenam
3367 2698 3465 2739 re-

1807 2775 2037 2843 petunt,
2061 2784 2198 2840 quas
2226 2767 2305 2824 ad
2327 2783 2567 2823 socrum
2607 2771 2664 2823 et
2691 2767 3012 2840 conjugem
3051 2770 3222 2841 redit,
3255 2776 3313 2828 et
3349 2788 3472 2846 pax

1810 2860 2022 2915 iterum
2059 2857 2213 2912 inter
2237 2859 2539 2912 Romanos
2570 2860 2627 2912 et
2648 2856 2936 2926 Bulgaros
2963 2860 3290 2930 peragitur

98 2946 374 3010 ἑξουθενῶν
401 2957 499 3010 τῆς
516 2953 769 3011 κακίστης
789 2947 1018 3022 πράξεως
1041 2951 1247 3010 καὶτὰς
1277 2950 1536 3009 συνθήκας
1576 2947 1986 3020 ἀνακαλούμενος
2010 2948 2054 2982 ²¹
2082 2950 2172 2997 καὶ
2205 2950 2518 3016 συγγνώμην
2542 2953 2641 2996 τῶν
2667 2950 3030 3019 πεπραγμένον
3060 2951 3364 3021 αἰτούμενος
3393 2951 3462 3004 ³³.

96 3034 171 3088 Ὀ
208 3039 298 3109 μεν
336 3040 424 3090 οὖν
453 3036 695 3100 ϐασιλεὺς
722 3039 957 3099 Ἰωάννης
985 3042 1075 3091 καὶ
1104 3040 1134 3097 ἡ
1182 3036 1393 3111 βασιλὶς
1421 3043 1636 3113 Είρηνη,
1679 3046 1765 3090 οῖα
1792 3041 1973 3090 ἐκεῖνοι
2001 3039 2127 3110 πρὸς
2169 3036 2236 3086 τὰ
2273 3032 2612 3107 εύσεϐὲστερα
2648 3038 2740 3086 καὶ
2773 3036 3006 3109 θίιότερα
3037 3037 3085 3071 ³³
3118 3036 3475 3104 ἀπονεύοντες,

98 3129 353 3197 υέχονταί
406 3145 458 3179 τε
497 3131 593 3185 τὴν
637 3126 940 3201 πρεσϐείαν,
988 3132 1078 3179 καὶ
1121 3123 1245 3180 οὐδε
1275 3131 1343 3187 εἰς
1372 3125 1605 3200 μακρούς
1636 3125 1856 3180 ἐλθόντεὶ
1885 3126 2068 3197 λόγους
2109 3126 2231 3185 τούς
2274 3141 2330 3175 τε
2359 3122 2540 3198 ὅρκους
2586 3126 2673 3175 καὶ
2718 3119 2870 3184 αὖθις
2910 3121 3139 3178 πεδοῦσι
3169 3126 3217 3162 ²⁵
3247 3130 3338 3179 καὶ
3382 3131 3477 3187 τὴν

92 3216 307 3287 νύμφην
334 3213 536 3273 Ἑλένην
578 3214 980 3271 ἀνακαλόῦνται.
1023 3215 1421 3270 Ἀποστελλεται
1467 3224 1593 3289 γοῦν
1620 3215 1751 3275 αὕτη
1784 3219 1914 3291 πρὸς
1952 3233 2007 3267 τε
2044 3216 2132 3266 τὸν
2163 3217 2400 3285 πεντερόν
2452 3216 2542 3265 καὶ
2570 3215 2657 3265 τὸν
2699 3214 2948 3286 σύζυγον,
2980 3218 3071 3268 καὶ
3104 3221 3279 3288 ειρήνη
3312 3215 3476 3281 πάλιν

99 3306 266 3377 μέσον
287 3302 545 3377 Ῥωμαίων
572 3325 626 3358 τε
648 3310 739 3358 καὶ
767 3305 1072 3381 Βουλγάρων
1093 3306 1162 3358 ³⁵.

174 3392 274 3454 λζ’.
335 3393 394 3446 Ὀ
440 3397 532 3467 μὲν
587 3394 676 3446 οὖν
730 3403 828 3457 τῆς
867 3397 1102 3469 ἱστορίας
1156 3391 1349 3468 δρόμος
1395 3393 1468 3468 ἐφ’
1532 3394 1704 3470 ἑτέραν
1735 3394 1775 3449 C

96 3486 344 3556 τρέπεται
365 3487 461 3542 τὴν
482 3480 604 3537 ὁδόν
629 3488 720 3537 καὶ
746 3486 814 3538 τὰ
857 3488 977 3559 περὶ
1029 3491 1126 3537 τῶν
1164 3482 1213 3535 έν
1265 3491 1329 3557 τῇ
1384 3488 1707 3537 Κωνσταντί-

101 3591 197 3624 νου
229 3567 553 3645 διασαφήσει
575 3594 591 3608 ·
613 3570 956 3646 πολυσχιδῶς
1006 3576 1108 3648 γὰρ
1155 3562 1273 3626 τότε
1318 3582 1417 3626 τῶν
1463 3575 1708 3646 πραγμά-

99 3681 207 3714 των
239 3666 576 3734 κεκινημένων
608 3658 705 3716 διὰ
735 3666 796 3716 τὸ
819 3661 1158 3737 πολυαρχίαν
1208 3662 1256 3713 ἐν
1286 3668 1419 3715 πᾶσι
1442 3664 1704 3735 γενέσθαι,

102 3750 357 3813 ποικίλως
387 3748 587 3804 δεῖκαὶ
613 3754 681 3805 τὰ
724 3759 816 3806 τοῦ
857 3751 1016 3824 λόγου
1067 3753 1471 3826 στστρέφεσθαι.
1507 3751 1565 3804 Ὀ
1617 3753 1707 3824 μὶν

105 3837 200 3893 οὖν
247 3837 575 3909 Βαλδουίνος,
607 3840 661 3894 ὃν
690 3842 718 3894 6
744 3841 899 3913 λόγος
928 3839 1246 3914 βασιλεῦσαι
1288 3848 1381 3901 τῆς
1438 3847 1708 3894 Κωνσταν-

103 3933 255 3983 τίνου
310 3934 616 4005 προείρηκεν
652 3932 723 4001 ³⁸,
767 3930 1061 4004 ἀπειρηκὼν
1115 3929 1165 3982 ἐν
1224 3937 1334 3991 ταῖς
1389 3933 1519 4002 πρός
1582 3928 1708 3982 Ῥω·-

107 4023 301 4092 μαίους
330 4021 555 4092 μάχαις,
583 4019 771 4093 μᾶλλον
811 4015 870 4073 δε
890 4026 952 4092 τῇ
982 4022 1113 4094 πρὸς
1160 4021 1247 4071 τὸν
1290 4016 1513 4092 βασιλέα
1538 4018 1710 4071 Ἰωάν-

105 4127 201 4166 νην
279 4107 598 4167 έναντιότητι
653 4108 728 4177 (ές
795 4112 981 4182 μικρὸν
1040 4110 1142 4182 γὰρ
1200 4110 1265 4160 τὰ
1320 4108 1511 4160 ἐκείνου
1566 4108 1711 4181 παρὰ

107 4197 675 4251 τούτου⁶συνέσταλται
701 4198 796 4270 ³⁷),
845 4201 971 4271 πρὸς
1020 4201 1105 4250 τὸν
1147 4204 1246 4248 τῶν
1300 4199 1548 4271 Φράγκων
1581 4196 1710 4249 ἀπο-

111 4276 410 4352 δεδημήκει
456 4279 616 4353 ῥῆγα,
684 4282 1138 4353 προσῳκειωμένον
1199 4279 1367 4349 τούτῳ
1413 4279 1530 4329 καθ’
1581 4278 1712 4350 αἷμα

110 4369 170 4421 ού
202 4373 310 4443 μὴν
348 4368 477 4424 ἀλλά
530 4373 620 4423 καὶ
667 4370 732 4429 ὡς
783 4366 1106 4441 ξυμφυλέτην
1160 4368 1293 4439 ἄγαν
1330 4385 1386 4419 τε
1439 4365 1713 4439 Ῥωμαίοις

112 4456 308 4535 ἐχθρὸν
338 4479 429 4512 και
467 4459 679 4533 βοηθεῖν
719 4454 815 4511 διὰ
850 4465 1015 4511 ταῦτα
1046 4458 1248 4529 ἕτοιμον
1273 4457 1340 4528 ³⁸,
1376 4461 1466 4509 καὶ
1500 4476 1711 4530 συμμα-

110 4553 244 4619 χίαν
276 4549 426 4609 ζητεῖ
452 4548 737 4620 ἀξιόλογον,
768 4552 860 4601 καὶ
888 4546 1227 4619 ἐπιτυγχάνει
1257 4553 1348 4599 τοῦ
1387 4547 1436 4583 ²⁸
1470 4553 1668 4599 σκοποῦ
1696 4567 1709 4579 ·

112 4642 204 4691 καὶ
234 4636 364 4691 ένού
393 4638 564 4710 πολλῳ
607 4642 784 4713 χρόνῳ
839 4636 1087 4700 ἑξήκοντα
1137 4631 1384 4708 χιλιάδες
1437 4637 1714 4710 συνηθροί-

116 4729 326 4788 σθησαν
382 4732 652 4803 Φράγκων,
711 4727 772 4780 ἶν’
838 4729 976 4788 ὅπως
1014 4728 1169 4779 κατά
1201 4725 1464 4799 Ῥωμαίων
1528 4731 1715 4802 χωρή-

118 4836 286 4871 σωσιν
314 4820 383 4873 ⁸⁰.
424 4819 571 4877 Ἐπεὶ
610 4816 671 4873 δὲ
702 4818 797 4872 οὐκ
825 4815 888 4877 ἧν
918 4817 1097 4879 αὐτοῖς
1143 4813 1398 4892 εὕδρομος
1447 4812 1542 4877 διὰ
1583 4824 1717 4875 νηῶν

116 4908 148 4965 ἡ
188 4905 340 4980 ὁδὸς,
365 4917 462 4973 τῆς
492 4909 767 4982 ἀναγωγῆς
789 4909 1263 4983 προσαπαιτούσης
1311 4906 1469 4960 πλείω
1524 4909 1556 4964 ἤ
1585 4907 1719 4959 κατὰ

118 4990 347 5072 δύναμιν
407 5002 495 5052 τὸν
560 5000 751 5070 μισθὸν
796 4998 867 5062 δι,
924 5005 1019 5059 τῆς
1087 4998 1290 5070 χέρσου
1359 5000 1454 5054 τὴν
1508 4998 1719 5070 πορείαν

115 5096 410 5145 ποιοῦνται.
457 5092 556 5160 Καὶ
610 5084 679 5147 δὴ
729 5088 825 5149 τὰς
880 5087 986 5139 ἄνω
1035 5083 1456 5159 παραμείψαντες
1508 5084 1722 5145 Γαλλίας

188 5269 237 5304 ιε
267 5271 327 5320 οὐ
359 5297 425 5308 ...
457 5264 563 5318 ἀλλ’
595 5279 715 5335 qm,
746 5265 813 5335 D7,
891 5264 937 5299 ¹’²
964 5259 1050 5316 οἶα
1076 5291 1143 5304 -
1176 5261 1403 5335 πολέμια
1428 5277 1550 5319 om.
1589 5264 1654 5317 D.

113 5355 236 5396 om.
269 5342 333 5395 E.
409 5340 459 5374 ²⁰
487 5333 667 5395 ἐπειδὴ
698 5366 768 5376 —
790 5334 1000 5409 λυπηρά
1020 5350 1143 5390 om.
1175 5333 1252 5409 _D.

114 5443 180 5484 τ·-
210 5413 506 5484 αίτούμενος
535 5424 656 5465 om.
712 5410 776 5484 DA:

126 5627 174 5663 3°
201 5628 269 5680 ἶν’
299 5655 369 5672 --
399 5623 726 5701 χωρὴσωσιν
754 5637 876 5690 om,
912 5623 979 5681 D.

344 5732 597 5791 PATROL.
631 5731 733 5788 Gn.
755 5728 906 5787 CXL.

1734 5262 1779 5297 '3
1808 5264 1953 5336 παρὰ
1982 5270 2079 5336 τῶν
2119 5262 2356 5336 ἐναντίῳ
2405 5276 2527 5336 ΟΙΠἔ
2558 5264 2623 5316 D.

1331 5335 1377 5409 3:
1408 5337 1492 5385 καὶ
1521 5338 1618 5395 τὴς
1644 5331 1903 5396 κακίστης
1927 5334 2160 5409 πράξεως
2189 5338 2282 5393 τὴν
2310 5331 2469 5392 ἧτταν
2501 5331 2926 5409 ἀνακαλούμενος,
2954 5331 3024 5390 ’οξ

879 5402 942 5442 ’θ’
969 5410 1019 5458 οί
1047 5413 1135 5457 οῦν
1162 5402 1400 5477 βασιλεῖς
1426 5409 1556 5479 πρὸς
1605 5408 1671 5457 τὰ
1710 5407 1942 5479 θειότερα
1966 5402 2041 5464 Ὀ.

114 5477 510 5551 ἀνακαλούνται,
549 5477 931 5551 καὶῗστέλλεται
976 5479 1172 5551 αὐτοῖς,
1204 5482 1294 5528 καὶ
1324 5477 1498 5551 εἰρήνη
1532 5482 1722 5551 νίνεται
1778 5477 1936 5550 μέσον
1979 5480 2143 5531 αύτῶν
2176 5481 2240 5533 D.

121 5550 323 5618 δουῖνος
354 5556 417 5611 D.
494 5547 538 5588 ’7
574 5550 762 5624 μᾶλλον
793 5580 862 5589 -
901 5547 1244 5624 συνέσταλται
1281 5547 1403 5604 om.
1442 5549 1509 5605 D.
1586 5549 1634 5584 ³⁸
1668 5550 1732 5602 σύ
1773 5547 1830 5590 5—
1876 5551 2079 5623 ἕτοιμον
2105 5565 2230 5607 om.
2264 5550 2328 5608 D.

1886 3395 1978 3447 37.
2022 3391 2135 3448 Sed
2173 3390 2434 3446 historiae
2489 3389 2669 3445 series
2727 3389 2845 3447 alio
2883 3390 3162 3461 deﬂectit,
3222 3394 3280 3449 et
3332 3408 3471 3467 quas

1817 3478 2579 3551 Cpoliagebanturnarrare
2611 3480 2817 3549 gestit:
2853 3495 3120 3554 namque
3151 3497 3293 3539 cum
3327 3486 3472 3539 tunc

1814 3569 2102 3641 temporis
2128 3567 2208 3624 ob
2235 3567 2436 3624 varios
2465 3567 2693 3641 ubique
2731 3568 3104 3642 principatus
3146 3570 3210 3627 in
3250 3571 3470 3629 multas

1817 3657 1997 3713 etiam
2026 3662 2226 3730 partes
2246 3672 2341 3712 res
2379 3657 2585 3713 divisas
2629 3660 3019 3727 agitarentur,
3071 3661 3232 3717 varie
3290 3660 3472 3718 etiam

1817 3746 2103 3802 orationis
2163 3760 2382 3816 corpus
2415 3744 2922 3803 conformandum
2971 3751 3077 3803 est.
3144 3748 3469 3805 Balduinus

1816 3851 2001 3908 quem
2032 3851 2215 3907 supra
2235 3834 2426 3891 oratio
2447 3843 2651 3890 nostra
2673 3835 2839 3907 Cpoli
2869 3837 3197 3907 imperasse
3218 3836 3473 3893 demon-

1819 3929 2131 3993 straverat,
2158 3923 2240 3980 ob
2269 3922 2581 3979 conﬂictus
2612 3939 2757 3995 erga
2799 3927 3105 3980 Romanos
3160 3930 3217 3982 et
3243 3924 3480 3998 potissi-

1819 4029 1988 4069 mum
2010 4018 2255 4085 propter
2284 4012 2375 4067 sui
2405 4012 2821 4068 adversarium
2845 4015 3138 4070 Joannem
3157 4014 3479 4087 imperato-

1818 4102 2078 4174 rem,qui
2093 4101 2152 4156 in
2168 4104 2492 4170 angustum
2509 4100 2888 4157 dominatum
2904 4101 3058 4157 illius
3077 4106 3476 4171 contraxerat,

1819 4190 2098 4247 diffidens
2128 4205 2197 4246 ac
2211 4189 2388 4262 plane
2408 4189 2763 4260 desperans,
2782 4190 2861 4247 ad
2888 4194 3253 4249 Francorum
3276 4207 3483 4263 regem

1821 4280 1934 4336 sibi
1961 4278 2249 4336 afﬁnitate
2286 4278 2676 4349 conjunctum
2722 4283 2779 4335 et
2828 4280 3102 4351 ejusdem
3140 4282 3373 4352 generis
3422 4284 3481 4338 et

1819 4369 2106 4426 Romanis
2148 4367 2644 4437 infensissimum,
2693 4368 2951 4442 ideoque
2992 4372 3297 4444 suppetias
3328 4371 3481 4429 ferre

1820 4461 2124 4531 paratum,
2158 4456 2573 4529 proﬁciscitur,
2607 4472 2981 4532 operamque
3010 4458 3169 4517 illius
3198 4474 3309 4516 nec
3340 4475 3483 4517 con-

1821 4546 2212 4604 temnendam
2239 4546 2451 4619 poscit.
2479 4547 2563 4603 Fit
2579 4548 2703 4604 voti
2725 4563 2998 4621 compos,
3032 4555 3092 4606 et
3114 4549 3271 4608 intra
3298 4549 3482 4607 breve

1822 4642 2061 4711 tempus
2081 4639 2444 4693 Francorum
2458 4637 2770 4708 sexaginta
2788 4637 2994 4707 millia,
3020 4644 3085 4695 ut
3098 4639 3158 4696 in
3177 4643 3484 4697 Romanos

1823 4742 1994 4784 arma
2017 4730 2319 4799 caperent,
2340 4725 2492 4782 lecta
2518 4731 2678 4783 sunt.
2712 4728 2778 4782 Et
2807 4743 2948 4783 cum
2964 4728 3220 4800 navigiis
3240 4729 3339 4786 via
3370 4727 3484 4784 dif-

1824 4818 1996 4874 ﬁcilis
2020 4817 2527 4889 esset(largiorem
2558 4817 2718 4873 enim
2734 4817 2852 4889 63
2884 4834 3070 4892 quam
3099 4819 3216 4891 ipsi
3238 4833 3486 4892 possent

1838 4905 2022 4963 facere
2065 4907 2410 4979 impensam
2485 4905 2696 4962 similis
2754 4908 3056 4977 navigatio
3094 4906 3485 4980 postulabat),

1828 4995 2091 5054 terrestri
2114 4996 2320 5052 itinere
2372 4994 2531 5052 viam
2593 4996 2824 5066 ineunt,
2882 4996 3221 5068 superiores
3275 4995 3490 5055 Callias

1832 5084 2192 5157 trajicientes
2212 5099 2620 5158 percursaque
2652 5084 2821 5141 Italia
2839 5100 2945 5157 per
2965 5084 3197 5142 radices
3248 5083 3493 5159 Alpium

2731 5262 2776 5339 '_9
2806 5266 3196 5339 Niznpo'pogf—
3226 5261 3495 5337 ἀναφανείς

3102 5336 3150 5370 ²²
3181 5341 3270 5389 καὶ
3303 5336 3466 5407 συγγν
3478 5375 3493 5389 .

2145 5408 2193 5441 ³³
2238 5411 2327 5458 καὶ
2350 5400 2684 5481 πεδοῦσε
2709 5400 2829 5459 om.
2883 5400 2946 5460 [λ.
3024 5407 3072 5442 ²⁵
3100 5409 3306 5481 νύμφην
3334 5400 3495 5481 αὖθις

2345 5479 2393 5513 26
2511 5480 2600 5548 μεν
2628 5470 2715 5527 οὖν
2736 5507 2808 5554 -_-—
2845 5470 3176 5554 προεὶρηκεν]
3214 5470 3242 5532 6'
3274 5477 3333 5532 δὲ
3366 5478 3495 5554 Ba}-

2421 5548 2470 5583 39
2500 5551 2812 5620 συμμαχίας
2845 5548 3084 5614 ζητήσας
3114 5548 3273 5626 έὶυχε
3300 5558 3394 5605 τοῦ
3426 5552 3494 5609 D.

3149 5732 3217 5790 24
