3988 6322
553 296 690 351 1067

1867 281 2150 340 GEORGII
2171 279 2629 340 ACROPOLI'L‘E

3805 288 3924 341 £063

549 416 866 476 Ostricium
885 416 1362 489 proﬁciscuntur,
1395 415 1450 468 et
1469 425 1575 484 per
1607 407 1929 479 Ungariam
1954 405 2201 462 commi-
2238 443 2249 462 ι

2313 410 2403 458 καὶ
2436 402 2724 468 διελθόντες
2764 411 2856 465 τήν
2920 407 3139 461 Ἰταλίαν
3197 403 3291 459 διὰ
3341 415 3440 459 τῶν
3492 409 3780 482 ὑπωρειῶν
3840 419 3920 461 τῶν

548 510 790 578 grantes
819 508 1031 562 Istrum
1081 507 1339 572 tranant,
1378 506 1436 557 et
1474 497 1740 570 Bulgaris
1766 496 2199 563 immiscentur,

547 595 834 653 omnibus
865 599 1158 668 tanquam
1185 591 1396 651 amicis
1426 594 1485 648 et
1539 587 1823 646 afﬁnibus
1862 585 1992 655 usi;
2019 584 2203 657 quiet

545 690 790 759 propter
818 686 1192 757 semetipsos,
1215 699 1325 739 nec
1355 681 1558 738 minus
1577 679 1639 735 in
1677 693 1789 734 nos
1819 675 2029 733 odium
2055 673 2201 730 ami-

543 774 782 830 cissime
809 789 846 830 a
871 773 1143 830 locorum
1181 771 1444 829 dominis
1482 766 1933 841 excipiebantur
1965 763 2200 834 Bulgari

539 861 867 920 faaderibus
892 879 1030 920 cum
1051 862 1334 920 Romanis
1353 859 1565 934 spretis
1588 857 1929 914 facultatem
1960 851 2199 910 Francis

539 951 731 1009 fecere
760 967 867 1025 per
893 957 1184 1008 montana
1204 967 1315 1008 sua
1333 946 1705 1014 transeundi,
1733 944 1908 1018 quasi
1935 943 1987 998 vi
2019 945 2199 1014 atque

538 1039 798 1098 factione
829 1041 1020 1099 coacti
1045 1041 1374 1098 dedissent.
1407 1039 1499 1097 Sic
1528 1035 1761 1094 Tzuruli
1791 1049 1950 1090 arxa
1982 1030 2199 1088 Latinis

537 1131 1034 1204 oppugnantibus
1045 1147 1184 1187 cum
1205 1129 1565 1202 Scytharum
1584 1123 1977 1183 auxiliaribus
2009 1119 2198 1193 copiis

535 1235 779 1277 rursum
801 1224 1199 1294 expugnatur.
1215 1222 1378 1276 Tunc
1392 1233 1529 1275 eam
1549 1212 2198 1273 custodiebatloannes

538 1308 905 1382 Petraliphas
939 1309 1149 1380 magni
1189 1305 1531 1364 cancellarii
1573 1303 1860 1375 dignitate
1907 1319 1944 1358 a
1970 1303 2197 1357 Joanne

539 1398 898 1470 imperatore
910 1397 1246 1465 decoratus,
1273 1397 1358 1454 vir
1376 1395 1656 1452 maximis
1678 1391 1944 1465 corporis
1968 1391 2195 1447 viribus

540 1492 599 1545 et
627 1503 664 1545 a
687 1503 876 1561 puero
924 1487 1278 1544 militaribus
1321 1485 1572 1557 negotiis
1601 1483 1891 1540 exercitus
1927 1497 1950 1536 .·
1987 1496 2196 1536 verum

539 1577 880 1635 Latinarum
909 1576 1219 1648 copiarum
1251 1574 1621 1632 abundantia
1637 1578 1694 1629 et
1712 1573 2030 1628 innumera
2061 1571 2198 1641 Scy-

538 1665 779 1722 tharum
816 1665 904 1720 vis
944 1669 1503 1737 tormentorumque
1531 1663 1792 1736 spissum
1833 1675 1902 1716 ac
1928 1657 2198 1714 validum

538 1754 700 1812 Italis
736 1753 1102 1810 deditionem
1139 1753 1393 1827 paravit.
1435 1752 1697 1810 Tradunt
1727 1747 2002 1806 nonnulli
2041 1746 2196 1802 clam

537 1843 773 1916 aliquos
793 1842 1184 1900 defectionem
1199 1843 1514 1900 meditatos
1527 1842 1782 1914 ideoque
1802 1837 2198 1912 improvisum

539 1933 1004 2006 expugnationis
1024 1933 1430 2007 pertimuisse.
1457 1931 1644 1988 Latini
1663 1933 1862 2003 itaque
1882 1926 2198 1984 Tzurulum

538 2039 770 2096 cepere,
788 2024 914 2080 etin
927 2040 999 2082 ea
1016 2027 1319 2082 Romanos
1357 2023 1829 2096 comprehensos
1846 2036 1984 2076 cum
2007 2021 2198 2074 Petra-

535 2112 703 2186 lipha
729 2111 849 2186 64
867 2113 1118 2170 vinculis
1159 2113 1432 2185 alligatos
1459 2118 1515 2169 et
1543 2111 1772 2184 Cpolim
1803 2109 2094 2166 deductos
2110 2106 2201 2163 fa-

537 2201 873 2260 miliaribus
903 2203 1317 2260 vendiderunt.
1352 2203 1504 2258 Dum
1522 2200 1896 2258 obsideretur
1933 2197 2010 2255 ab
2043 2196 2200 2253 Italis

539 2289 848 2358 Tzurulus,
867 2293 1132 2349 Joannes
1152 2293 1482 2364 imperator
1513 2290 1712 2347 multis
1743 2287 2086 2344 triremibus
2115 2286 2200 2341 fa-

541 2377 787 2435 bricatis
812 2383 868 2435 et
888 2380 1146 2436 exercitu
1185 2396 1308 2436 non
1353 2379 1570 2448 exiguo
1627 2393 1833 2433 secum
1900 2374 2200 2431 conducto

544 2465 722 2523 Italos
773 2466 1253 2537 aggrediebatur.
1320 2470 1365 2521 A
1410 2465 1756 2522 Nicomedia
1799 2463 2114 2519 discedens
2145 2467 2202 2519 et

548 2553 872 2611 Characem
887 2560 1344 2627 praetergressus
1368 2555 1728 2626 Dacibyzam
1757 2558 1971 2626 praeter
1996 2567 2202 2624 exspe-

547 2643 871 2699 ctationem
900 2649 1322 2716 oppugnatam
1345 2645 1680 2716 occupavit.
1731 2646 2016 2698 Praeterea
2037 2647 2092 2697 et
2114 2641 2201 2697 Ni-

547 2732 744 2788 cetiati
763 2731 1071 2789 castellum
1087 2733 1148 2788 in
1169 2749 1342 2790 suam
1355 2736 1712 2806 potestatem
1737 2731 1982 2802 redegit.
2019 2730 2200 2786 Infor-

546 2824 792 2877 tunatus
819 2821 1208 2878 nihilominus
1229 2823 1289 2878 in
1313 2822 1653 2879 triremibus
1685 2821 1814 2890 fuit,
1842 2837 1978 2876 cum
2007 2835 2112 2890 qui
2141 2820 2202 2874 in

545 2909 657 2967 illis
671 2909 2200 2983 conﬂigebantbelloessentinexpertiatqueinsueti,

546 3003 604 3056 et
651 3000 926 3073 lsphreus
991 3001 1305 3058 Armenius
1361 3000 1539 3057 classi
1587 3005 1886 3073 praeesset,
1953 2999 2075 3056 cira
2106 3015 2202 3055 res

2312 492 2543 548 ’Ἄλπεων
2575 495 2644 557 εἰς
2684 499 2742 548 τό
2802 495 3097 569 Ὀστρίκιον
3155 495 3416 568 ἀφίκοντο,
3471 502 3561 549 καὶ
3621 503 3724 554 τὴν

2307 589 2462 658 γρίαν
2493 585 2930 660 παραγγείλαντες
2977 583 3271 659 διαπερῶσι
3327 589 3413 638 τὸν
3461 585 3708 660 Ἵστρον,
3750 595 3844 638 καί
3868 597 3913 644 τέ

2311 674 2614 750 Βουλγάρων
2661 681 2984 750 προσέσχον,
3021 681 3156 728 πᾶσι
3184 677 3273 747 μὲν
3331 677 3400 736 ὡς
3446 675 3627 748 φίλοις
3677 682 3774 729 καὶ
3811 697 3921 746 ια’-,γι

2306 767 2478 835 γενέσι
2507 764 2622 817 καθ’
2654 761 2778 817 όδόν
2803 771 3077 839 γρὼμενοι,
3103 770 3193 818 καὶ
3246 761 3340 816 διὰ
3394 772 3523 836 σφᾶς
3562 769 3666 838 μὲν
3723 766 3917 835 αὐτοὺς,

2309 852 2414 924 οὐχ
2444 853 2598 911 ἧττον
2650 849 2709 906 δε
2764 859 2854 906 καὶ
2886 850 2980 906 διὰ
3006 858 3101 912 τήν
3148 857 3281 926 πρὸς
3327 855 3468 926 ἡμᾶς
3509 857 3723 929 ἔχθραν
3773 855 3921 926 67:15-

2309 949 2586 1016 φρονοῦντο
2636 946 2777 1016 παρὰ
2834 951 2935 995 τῶν
2999 946 3137 996 κατὰ
3186 946 3377 1005 τόπους
3443 948 3815 1017 κροτονύντων
3867 951 3918 996 τὰ

2307 1030 2554 1103 μάλιστα.
2590 1033 2657 1088 Οἱ
2704 1035 2795 1104 μὲν
2855 1033 2942 1085 οὖν
2995 1034 3278 1108 Βούλγαροι
3328 1035 3424 1095 τὰς
3467 1037 3608 1106 μετὰ
3663 1032 3916 1106 Ῥωμαίων

2311 1117 2540 1181 σπονδὰς
2606 1126 2957 1196 πρεωρακότες
2993 1119 3174 1176 ἄδειαν
3230 1132 3340 1187 τοῖς
3413 1127 3692 1200 Φράγκοις
3770 1120 3917 1177 δεδω-

2306 1229 2434 1262 κασι
2487 1206 2582 1262 διὰ
2610 1219 2710 1262 τῶν
2740 1213 2869 1284 ὅρων
2909 1211 3078 1264 αὐτῶν
3117 1214 3165 1250 ³³
3194 1211 3436 1282 διελθεῖν,
3485 1223 3563 1266 τῶ
3619 1211 3806 1267 δοκεῖν

2307 1300 2474 1352 αὐτῶν
2521 1299 2821 1373 βιασθέντες
2877 1307 2972 1362 τήν
3017 1302 3228 1363 ἐκϐολήν
3268 1306 3338 1360 ³³.
3387 1309 3456 1358 T6
3491 1308 3587 1377 μιν
3645 1301 3742 1357 οὖν
3798 1306 3915 1357 im

2305 1397 2395 1450 τῆς
2442 1390 2771 1465 Τζουρουλοῦ
2849 1397 2939 1444 καί
2997 1389 3150 1454 αὖθις
3206 1393 3335 1446 έάλω
3424 1393 3919 1468 ἐκστρατευσάντων

2306 1479 2422 1531 κατ’
2451 1479 2616 1532 αὐτῶν
2677 1489 2774 1532 τῶν
2815 1485 3049 1534 Λατίνων
3089 1487 3178 1536 καὶ
3219 1485 3656 1556 συμμαχούντων
3717 1487 3918 1544 τούτοις

2307 1573 2526 1621 καὶτῶν
2551 1571 2757 1622 Σκυθῶν
2797 1571 2866 1637 ³⁵,
2901 1571 2973 1632 εἰς
3021 1570 3252 1642 φυλακήν
3305 1569 3365 1625 δε
3412 1569 3473 1632 ἦν
3505 1578 3630 1626 τότε
3661 1575 3689 1626 ό
3741 1580 3922 1648 Πετρα-

2308 1658 2454 1730 λίφας
2511 1659 2775 1723 Ἰωάννης,
2807 1659 2862 1711 όν
2913 1660 2960 1695 ³⁵
3009 1665 3165 1734 μέγας
3211 1660 3602 1736 χαρτουλάριος
3643 1666 3768 1735 (73)
3815 1670 3922 1737 πρός

2240 1750 2393 1812 Βτόν
2453 1745 2676 1820 βασιλέα
2724 1750 2944 1807 Ιωάννήν
3002 1754 3267 1822 τετίμήτο,
3319 1748 3446 1823 ἁνήρ
3514 1759 3770 1823 γενναῖος
3844 1758 3923 1814 τις

2308 1845 2469 1912 χεῖρα
2518 1844 2607 1891 καὶ
2649 1839 2948 1913 πολεμικοῖς
2995 1842 3276 1914 πράγμασι
3312 1839 3785 1914 κατεξητασμένος
3823 1863 3924 1894 παι-

2312 1925 2460 1980 δόθεν
2489 1929 2536 1963 “
2563 1949 2576 1962 ο
2604 1932 2663 1980 τό
2714 1925 2775 1982 δε
2818 1938 2908 1990 τῆς
2948 1936 3236 1992 Λατινικῆς
3283 1926 3552 2003 δυνάμεως
3609 1937 3805 2004 περιόν
3852 1938 3925 1983 ui

2309 2021 2369 2070 τὸ
2419 2017 2797 2092 ἁπειροπληθες
2837 2027 2937 2072 τῶν
2995 2022 3200 2073 Σκυθῶν
3257 2023 3442 2073 καὶτὸ
3487 2029 3592 2072 τῶν
3654 2021 3926 2075 έλεπῶεω

2314 2112 2512 2180 συχνόν
2552 2127 2605 2160 τε
2650 2114 2742 2160 καὶ
2800 2112 3048 2184 καρτερόν
3090 2107 3171 2182 [Ρ.
3212 2108 3303 2184 32]
3358 2107 3709 2184 παραδοῦναι
3759 2121 3924 2165 τοῦτω

2308 2201 2367 2248 τό
2393 2199 2528 2250 ἄστυ
2559 2205 2668 2260 τοῖς
2698 2198 2913 2260 Ἰταλοῖς
2945 2203 3314 2256 πεποιήκεσαν.
3361 2205 3498 2254 Φασὶ
3553 2196 3614 2252 δέ
3667 2221 3817 2264 τινες
3852 2209 3926 2253 καί

2309 2283 2602 2359 προδοσίαν
2661 2287 2938 2359 μελετῆσοί
2982 2307 3124 2350 τινας
3189 2291 3380 2364 κρύφα,
3421 2287 3715 2343 κάντεῦθεν
3779 2310 3925 2347 πτοη-

2313 2376 2465 2434 θήναι
2515 2379 2574 2428 τό
2607 2374 2900 2452 ἀπρόοπτον
2938 2386 3034 2438 τῆς
3071 2377 3310 2440 ἁλώσεως
3358 2379 3425 2433 ³⁷.
3460 2381 3526 2432 Οἱ
3703 2377 3802 2432 οὖν
3833 2388 3924 2434 Δι-

2309 2472 2441 2517 τῖνοι
2465 2469 2556 2524 τήν
2595 2466 2918 2539 Τζουρουλόν
2965 2465 3339 2541 ἐχειρώσαντο,
3369 2472 3459 2520 καὶ
3507 2467 3602 2520 τοῦ
3657 2467 3716 2520 ἓν
3766 2474 3918 2542 ταύτῃ

2307 2553 2588 2626 Ῥωμαίους
2639 2555 2844 2627 σὺναμα
2899 2563 2970 2626 τῷ
3022 2555 3314 2631 Πετραλίφᾳ
3387 2553 3671 2629 δεσμώτας
3732 2563 3923 2630 ἤγαγεν

2311 2643 2382 2704 εἰς
2410 2648 2504 2702 τὴν
2538 2648 2953 2714 Κωνσταντίνου,
2987 2649 3077 2697 καὶ
3115 2649 3248 2718 πρός
3300 2647 3416 2706 τούς
3471 2644 3708 2706 οἰκείους
3739 2648 3922 2707 αὐτοῦς

2311 2731 2724 2805 ἀπημπόλησαν.
2788 2736 2891 2788 Τοῦ
2953 2729 3014 2786 δε
3055 2734 3253 2797 ἄστεως
3329 2742 3423 2796 τῆς
3486 2735 3803 2810 Τζορου).οῦ
3846 2757 3920 2789 πο-

2311 2821 2674 2896 λιορκουμενου
2746 2824 2872 2895 παρ’
2961 2823 3187 2894 Ἰταλων,
3259 2828 3292 2877 ό⁹
3361 2823 3612 2898 βασιλεὺς
3684 2828 3921 2889 Ἰωάνης

2313 2917 2542 2987 τριήρεις
2589 2915 2764 2974 ἱκανὰς
2812 2915 3270 2987 συσκευασάμενος
3320 2919 3410 2966 καί
3462 2916 3782 2990 στράτευμα
3840 2919 3918 2970 οὐκ

2315 3000 2487 3072 ολίγον
2534 3002 2646 3075 μεθ’
2701 3001 2882 3055 ἑαυτοῦ
2940 3001 3248 3077 προσλαϐὼν
3315 3006 3450 3056 κατὰ
3527 3014 3630 3057 τῶν
3724 3006 3918 3060 Ἰταλῶν

544 3088 830 3147 militares
861 3089 1014 3147 ultra
1034 3107 1222 3163 quam
1251 3105 1362 3164 par
1405 3095 1531 3147 erat
1578 3089 1836 3159 segnior.
1885 3093 2032 3144 Ante
2064 3105 2200 3145 eum
2233 3112 2249 3165 ι

2315 3091 2592 3164 ἐπεχείρει.
2651 3091 2782 3145 Ἀπὸ
2831 3094 2921 3164 μὲν
2975 3088 3062 3144 οὖν
3126 3100 3220 3154 τῆς
3293 3089 3655 3166 Νικομήδείας
3725 3094 3920 3169 ἀπάρας

547 3177 782 3236 Manuel
798 3179 1230 3252 Contophreus,
1253 3179 1341 3236 vir
1367 3195 1549 3236 manu
1581 3184 1818 3252 potens,
1849 3183 2004 3234 terra
2029 3178 2205 3234 mari-

547 3282 668 3340 que
692 3268 935 3324 Martem
965 3267 1220 3340 spirans,
1241 3268 1573 3325 triremium
1612 3271 1737 3324 erat
1777 3266 2146 3338 gubernator
2187 3285 2200 3322 :

552 3354 662 3411 sed
691 3371 831 3412 cum
848 3361 987 3413 ante
1016 3372 1246 3428 paucos
1267 3356 1395 3412 dies
1419 3356 1496 3414 de
1517 3356 1708 3413 classe
1730 3355 2020 3412 audacior
2049 3355 2206 3412 illius

553 3460 692 3500 cum
718 3443 1077 3516 imperatore
1099 3446 1443 3516 congressio
1491 3445 1694 3502 fuisset
1735 3452 2024 3518 (namque
2045 3446 2205 3502 dixe-

553 3537 646 3591 rat
666 3531 877 3589 ltalicis
904 3533 1248 3590 triremibus
1272 3550 1586 3609 nunquam
1615 3539 1840 3602 nostra,
1855 3535 1987 3590 licet
2016 3535 2205 3591 multo

553 3621 756 3694 plures
769 3620 1035 3691 fuissent,
1059 3623 1341 3695 cumipse
1367 3623 1688 3680 ambarum
1710 3623 2025 3679 facultates
2050 3624 2203 3696 opti-

553 3726 652 3768 me
673 3717 962 3774 nosceret,
993 3712 1239 3769 obviare
1257 3713 1350 3768 vel
1387 3712 1676 3770 obsistere
1729 3714 1950 3786 posse),
1997 3713 2206 3786 praefe-

553 3803 723 3858 ctura
743 3800 1030 3873 spoliatus
1061 3805 1165 3870 est,
1190 3817 1378 3875 quam
1403 3801 1464 3858 in
1482 3817 1544 3858 se
1567 3801 1846 3874 lsphreus
1867 3806 2201 3874 receperat,

551 3889 728 3947 valde
752 3890 1096 3948 miseranda
1123 3893 1367 3948 victoria
1383 3896 1698 3965 superatus
1725 3909 1738 3947 :
1765 3907 1902 3947 cum
1924 3892 2084 3946 enim
2112 3891 2207 3947 tri-

552 3979 720 4050 ginta
742 3981 1010 4038 triremes
1047 3981 1428 4050 conduceret,
1451 3997 1488 4038 a
1539 3980 1828 4038 tredecim
1870 3980 2206 4036 debellatus

553 4072 661 4136 est,
697 4074 902 4143 totque
931 4069 1006 4126 de
1029 4071 1151 4126 suis
1163 4077 1313 4143 quot
1334 4075 1503 4127 erant
1527 4070 1793 4127 hostium
1816 4069 2015 4126 amisit
2039 4087 2052 4125 :
2091 4069 2204 4125 sin-

553 4157 709 4228 gulas
749 4158 909 4215 enim
941 4159 1206 4228 singulas
1227 4175 1365 4216 cum
1386 4160 1530 4233 ipsis
1559 4158 1906 4216 hominibus
1937 4165 1994 4214 et
2021 4159 2206 4214 armis

555 4246 812 4318 spolium
826 4248 944 4319 65
960 4247 1302 4306 retulerunt.
1321 4251 1385 4305 Et
1397 4249 1523 4305 haec
1538 4249 1783 4321 quidem
1807 4249 1888 4303 ita
1901 4264 1963 4303 se
1979 4247 2209 4304 habue-

552 4348 639 4390 re.
655 4334 982 4406 Imperator
994 4350 1132 4391 vero
1145 4337 1400 4392 Joannes
1415 4353 1623 4392 rursus
1638 4352 1775 4392 cum
1790 4340 1986 4391 Asano
2001 4351 2206 4408 pacem

557 4422 836 4494 sanxit,et
849 4421 1137 4479 afﬁnitate
1150 4424 1328 4480 ambo
1341 4424 2015 4480 vinciebantur.Asanus
2030 4439 2208 4496 quam

554 4510 646 4568 vis
658 4511 814 4584 cumj
826 4512 948 4582 urej
959 4513 1190 4569 urando
1201 4513 1429 4570 fcedera
1445 4513 1772 4586 composita
1786 4529 1908 4570 non
1920 4514 2090 4568 nimis
2103 4529 2209 4569 an-

553 4600 650 4658 xie
662 4599 1315 4676 observaret,tanquam
1333 4603 1438 4676 qui
1452 4602 1543 4660 vel
1561 4603 1800 4659 minimo
1815 4603 2210 4661 emolumento

554 4688 668 4747 sibi
699 4690 1007 4762 proposito
1040 4691 1178 4762 jura
1207 4691 1476 4760 violaret,
1509 4693 1568 4748 in
1598 4697 1806 4764 aperto
1833 4699 1890 4749 et
1927 4692 2210 4750 simulate

553 4779 882 4840 amicitiam
897 4780 1152 4853 colebat,
1167 4785 1226 4839 et
1247 4798 1384 4857 qua:
1397 4782 1731 4840 amicorum
1745 4787 1914 4840 erant
1925 4799 2209 4857 exseque-

551 4869 755 4929 batur.

2314 3183 2404 3232 καί
2456 3179 2794 3255 παραμείψας
2844 3183 2931 3234 τόν
2977 3183 3199 3257 χάρακα
3236 3181 3496 3256 ἐπόρθησε
3545 3188 3644 3242 τήν
3706 3184 3920 3238 Δωιίϐν-

2317 3269 2410 3330 ζαν
2435 3272 2536 3344 πρὸ
2575 3277 2782 3345 καιροῦ,
2812 3274 2901 3323 καὶ
2947 3276 3178 3343 κατέσχε
3207 3273 3428 3338 ταύτην,
3483 3277 3712 3346 προσέτι
3756 3271 3818 3328 δε
3843 3280 3919 3327 καὶ

2313 3361 2373 3410 τό
2421 3366 2512 3411 τοῦ
2562 3361 2885 3416 Νικητιάτου
2937 3363 3199 3433 φρούριον,
3260 3367 3350 3414 καὶ
3426 3361 3510 3434 ὑφ’

2313 3454 2467 3500 τοῦτο
2523 3452 2830 3507 πεποίηκον.

3593 3361 3787 3416 έαῦτόν
3841 3370 3919 3415 καὶ

2909 3445 3285 3522 Ἐδυστῦχήσε
3325 3446 3385 3503 δε
3431 3458 3502 3521 τῷ
3554 3455 3681 3505 τότε
3721 3452 3773 3505 έν
3818 3461 3919 3512 ταῖς

2316 3542 2581 3612 τριήρεσιν
2622 3535 3036 3612 ἀπειροπολέμων
3064 3542 3218 3591 ὄντων
3245 3547 3343 3591 τῶν
3399 3537 3447 3591 έν
3514 3539 3708 3602 αὑταῖς
3759 3562 3917 3614 μαχο-

2316 3630 2498 3700 μένων,
2527 3631 2616 3679 καὶ
2641 3635 2733 3680 τοῦ
2774 3628 2944 3702 Ἰσφρὲ
2994 3636 3084 3681 τοῦ
3139 3629 3415 3702 Ἀρμενίου
3473 3629 3539 3690 εἰς
3588 3630 3746 3693 τάξιν
3807 3635 3914 3703 a7:-

2315 3721 2470 3787 μόνος
2541 3715 2592 3768 ἐν
2656 3719 2862 3780 τούτοις
2911 3719 3263 3789 τυγχάνοντος
3308 3722 3400 3770 καὶ
3445 3717 3799 3794 ὀκνηροτέρου
3850 3740 3912 3772 τε·

2315 3805 2518 3865 λοῦντος
2567 3810 2686 3878 περὶ
2733 3808 2800 3858 τὰ
2835 3808 3072 3879 μάχιμα.
3141 3813 3465 3882 Προῦπῆρχε
3523 3803 3584 3860 δι
3653 3813 3754 3868 τὴν
3827 3816 3911 3860 τῶν

2317 3899 2565 3970 τριήρεων
2632 3900 2952 3970 στρατηγίαν
3000 3897 3026 3948 ό
3065 3898 3316 3971 Κοντοφρε
3369 3895 3623 3955 Μανουήλ
3678 3903 3912 3971 περιεζυο

2319 3987 2520 4057 σμένος,
2577 3981 2700 4056 ἁνήρ
2751 3991 2978 4056 γενναῖος
3021 3988 3116 4044 τήν
3166 3993 3327 4058 χεῖρα
3379 4005 3468 4038 και
3533 3984 3712 4060 Ἄρην,
3764 3991 3912 4041 πνέων

2315 4075 2450 4125 κατά
2476 4091 2530 4126 τε
2558 4071 2814 4125 θάλατταν
2857 4077 2945 4126 καὶ
2989 4073 3171 4146 ξηράν.
3225 4073 3378 4126 Ἀλλὰ
3433 4078 3534 4148 πρό
3587 4093 3746 4128 τινων
3804 4078 3914 4148 ips-

2315 4169 2416 4238 ρῶν
2491 4163 2812 4237 θρασυτέρας
2888 4165 2980 4223 τὰς
3045 4158 3292 4226 διαλέξεις
3355 4167 3472 4238 περὶ
3525 4170 3621 4216 τοῦ
3673 4170 3911 4217 ναυτικοῦ

2317 4253 2444 4324 πρὸς
2490 4255 2574 4304 τόν
2614 4249 2839 4324 βασιλέα
2887 4254 3237 4326 ποιησάμενος
3291 4253 3510 4326 (εἰρήκει
3565 4258 3656 4306 καὶ
3703 4257 3810 4329 γὰρ
3856 4257 3911 4314 ὡς

2317 4339 2411 4393 οὐκ
2467 4339 2527 4392 ἆν
2571 4338 2933 4398 ἁντωπήσειαν
3017 4349 3135 4403 ταῖς
3207 4340 3480 4402 Ἰταλικαῖς
3534 4347 3810 4414 τριήρεσιν
3869 4342 3913 4393 αἱ

2317 4431 2582 4502 ἡμέτεραι,
2683 4428 2778 4481 κᾶν
2905 4428 3348 4492 πολλαπταζοιντο
3470 4433 3600 4505 πρὸς
3717 4432 3912 4498 αὐτοὺς,

2317 4515 2544 4592 ἀκριϐῶς
2588 4519 2654 4569 τὰ
2701 4521 2816 4592 περὶ
2862 4515 3052 4590 ἀμφοῖν
3094 4517 3436 4592 έπιστάμενος
3490 4517 3562 4590 ⁸⁸)
3613 4519 3912 4594 παρεσταλε

2316 4615 2408 4667 τῆς
2437 4607 2732 4679 ἡγεμονίας,
2783 4610 2873 4658 καὶ
2926 4606 3101 4680 Ἰσφρε
3147 4606 3307 4666 αὐτήν
3358 4603 3656 4675 διεδέξατο,
3705 4613 3796 4661 καὶ
3839 4610 3915 4666 ἑτ-

2316 4697 2450 4754 τήθή
2486 4691 2645 4753 ἧτταν
2674 4692 2882 4769 σφόδρα
2929 4691 3106 4755 δεινήν
3161 4696 3234 4754 ³9.
3279 4697 3572 4770 Τριάκοντα
3621 4699 3729 4769 γὰρ
3784 4695 3917 4770 ἐξεφ.

2315 4805 2430 4858 χων
2476 4788 2728 4860 τριήρεων
2799 4786 2899 4838 ὑπὸ
2990 4781 3342 4859 τρισκαίδεκα
3415 4783 3762 4854 έκνενίκηται,
3838 4790 3916 4837 καὶ

2315 4877 2577 4936 τοσαύτας
2607 4872 2866 4928 ἀπώλεσεν
2915 4875 3109 4928 ὁπόσαι
3162 4870 3300 4934 ἦσαν
3355 4881 3456 4926 τῶν
3487 4872 3730 4927 ἐναντίων
3767 4896 3780 4909 ·

2683 4427 2778 4481 κᾶν

2241 4461 2286 4518 D

553 4967 651 5020 στῆ
679 4962 782 5034 ’γὰρ
811 4963 1006 5014 τούτων
1043 4965 1166 5035 μίαν
1195 4957 1443 5036 ἕκέρδησι
1484 4960 1708 5036 λάφυρον
1741 4965 1912 5024 αὐτοῖς
1937 4959 2164 5037 ἀνδράσι
2192 4971 2284 5021 καὶ
2327 4965 2526 5028 ὅπλοις.
2572 4970 2671 5020 Καὶ
2708 4973 2873 5018 ταῦτα
2905 4969 3009 5038 μὴν
3040 4967 3196 5038 ἔσχεν
3226 4968 3389 5027 οὕτως
3421 4965 3491 5020 ⁸ο.
3515 4965 3542 5016 ό
3575 4961 3635 5017 δέ
3667 4962 3916 5038 βασιλεὺς

624 5134 673 5216 ξ²
701 5131 796 5189 διὰ
837 5169 908 5178 --
947 5139 1114 5190 αὐτῶν
1143 5153 1263 5216 om_.
1312 5140 1375 5216 Ι),
1481 5138 1530 5216 ³.³
1559 5147 1631 5210 τῷ
1655 5171 1726 5181 -
1757 5139 1963 5200 ἐκιολήν
1995 5157 2114 5197 om.
2150 5145 2215 5198 D.

2311 5146 2342 5179 ”
2387 5141 2719 5216 ξκστρατ.τ-
2745 5144 2950 5196 Σκυθῶν
2981 5157 3101 5199 om.
3147 5144 3210 5198 D.

549 5209 767 5283 πρὸς-
785 5215 1049 5283 τετίμητο.
1084 5215 1187 5262 Τοῦ
1219 5209 1478 5283 βασιλέως
1501 5209 1735 5264 Ἰωάννου
1756 5214 1784 5268 ‘I
1857 5213 1904 5248 ³⁸
1931 5221 2155 5283 γενναῖος
2179 5245 2250 5257 —-
2276 5209 2549 5278 παιδόθεν]
2583 5210 2816 5283 άνδρεῖος
2871 5216 2935 5270 D.

552 5233 677 5280 προς
696 5239 767 5248 ⁵⁵-
785 5233 1049 5282 τετιμητο.
1093 5233 1187 5262 ιον
1219 5233 1478 5282 ρασιΛεως
1519 5233 1735 5264 [ξύκννου
1857 5233 1904 5248 ον
1931 5233 2155 5283 γενναιος
2179 5245 2250 5257 ³·-
2276 5233 2548 5278 παιοουεν]
2583 5233 2674 5266 ανσ

552 5278 784 5350 ὑποψίαν
805 5279 1106 5356 προδόσεως
1133 5283 1197 5338 D.
1275 5282 1321 5317 ³⁸
1343 5283 1437 5334 κοῖν
1460 5313 1531 5323 -—
1551 5284 1909 5356 ἐπιστάμενος]
1929 5303 2019 5336 και
2038 5287 2104 5340 D.
2180 5287 2227 5323 ³9
2261 5283 2421 5347 ἧτταν
2445 5283 2644 5356 φοόδρα
2670 5233 2714 5342 δῖ

3289 5142 3356 5216 ⁸³,
3387 5140 3467 5216 ὅς]
3526 5142 3645 5216 6_D,
3687 5141 3914 5216 omisssi

3013 5215 3056 5249 ³⁷
3089 5233 3195 5286 και,
3215 5245 3286 5286 —_—
3311 5211 3570 5286 άλώοῖεως]
3595 5219 3660 5274 ὡς
3699 5221 3797 5268 καὶ
3837 5211 3916 5266 διὰ

2180 5287 2227 5323 ³9
2261 5283 2421 5347 ἧτταν
2445 5283 2644 5360 φοόδρα
2670 5283 2843 5345 δεινήν
2865 5301 2990 5343 om.
3013 5287 3077 5341 D.
3146 5285 3204 5329 —‘°
3232 5284 3427 5344 έκαστη
3450 5316 3521 5326 ——-
3541 5283 3706 5348 ὃῦτως
3728 5303 3839 5342 om.
3861 5287 3914 5340 D.

1445 5459 1785 5528 Theodori
1835 5461 2086 5530 Dousa:
2136 5473 2201 5531 et
2247 5463 2488 5534 Leonis
2537 5463 2774 5532 Allatii
2822 5473 3025 5533 notas.

628 5596 742 5672 (73)
783 5595 843 5652 Ὀ
870 5602 1030 5673 μέγας
1058 5601 1459 5680 χαρτουλάριος.
1494 5601 1577 5661 De
1600 5602 1716 5662 hac
1743 5603 2030 5676 dignitate
2057 5607 2249 5666 consu

2311 5611 2405 5665 tur
2441 5606 2807 5666 Glossarium
2844 5606 3096 5665 Meursii.
3132 5609 3346 5666 Dousa.
