3988 6322
98 351 117 401 i
130 345 239 404 O69

1634 340 1979 399 ANNALES.

3334 347 3469 405 1070

95 464 341 532 Ἰωάννης
369 474 460 522 καὶ
493 469 639 530 αὖθις
680 471 813 542 μετὰ
841 475 931 520 τοῦ
977 465 1237 540 βασιλέως
1273 465 1432 519 Ἀσάν
1465 469 1672 538 είρὴνην
1704 462 1837 537 εἶχε,
1869 470 1960 517 καί
1990 473 2051 537 τῇ
2088 471 2362 537 συγγενεία
2400 471 2498 519 καὶ
2519 466 2673 539 ἆμφω
2708 465 3064 536 συνεδέδεντο,
3117 468 3211 522 οὐκ
3244 468 3474 545 ἀκριϐῶς

97 565 191 635 μὲν
218 567 312 613 τοῦ
344 560 503 613 Ἀσάν
526 561 619 621 τὰς
647 558 888 632 ἐνόρκους
919 555 1220 629 συμφωνῖαν
1247 555 1587 627 φυλάττοντος
1613 576 1626 588 ·
1657 557 1771 607 ἔστι
1814 558 1911 627 γὰρ
1954 558 2035 606 ὅτε
2074 554 2115 588 ⁴¹
2158 551 2253 606 διὰ
2298 559 2484 630 μικρὸν
2535 552 2720 631 κὲρδος
2761 553 3115 632 παρεσπόνδει
3161 560 3300 630 (79).
3341 563 3474 627 Τέως

97 651 148 702 ἐν
179 658 250 721 τῷ
290 654 487 722 φανερῷ
510 652 599 700 καί
624 647 899 708 πλατυκῶς
928 648 1135 719 ἔστεργε
1162 649 1249 702 τήν
1276 642 1484 715 ἁγάπην
1513 648 1602 696 καὶ
1631 645 1696 696 τά
1725 651 1822 696 τῶν
1863 643 2019 716 φίλων
2059 642 2216 696 ἐποίει
2241 644 2306 679 "-

171 736 358 797 λη’.Ὀ
382 740 474 809 μεν
511 733 600 789 οὖν
651 736 811 790 Ἀσὰν
865 736 1105 797 Ἰωάννης
1153 741 1250 795 τῆς
1305 733 1535 805 συζύγου
1582 752 1701 787 στε-
1739 736 1787 788 Α

98 830 302 903 ρηθεὶς,
343 826 404 885 ἣν
443 824 497 888 ἐξ
527 826 793 901 Οὖγγρίας
825 825 955 878 εἶναι
985 825 1010 876 6
1048 822 1199 894 λόγος
1233 824 1433 895 φθάσας
1494 824 1704 897 ἱστόρη-

100 935 214 978 σεν,
249 915 477 987 ἠγάγετο
508 914 578 977 εἰς
598 920 824 986 γυναῖκα
863 918 958 972 τὴν
1008 914 1271 984 θυγατέρα
1316 918 1407 963 τοῦ
1462 910 1703 983 Ἀγγέλου

102 1000 386 1079 Θεοδώρου
432 1007 528 1062 τὴν
579 1002 826 1078 Εἰρήνην,
877 1001 1034 1059 καλὴν
1081 1020 1141 1052 το
1196 996 1334 1060 εἶδος
1399 1005 1491 1053 καὶ
1560 1001 1706 1072 εὐμε-

99 1097 233 1167 γέθη
264 1095 333 1164 ⁸³,
362 1090 501 1166 μηδέ
546 1096 606 1145 τὸ
658 1099 752 1145 τοῦ
799 1087 1125 1163 αὐταδελφου
1156 1098 1247 1143 τοῦ
1301 1094 1499 1165 πατρὸς
1545 1089 1707 1151 αὐτῆς

100 1193 167 1243 κῆ
179 1179 216 1236 δ
218 1203 273 1245 ος
299 1178 524 1250 ὑπιδὼν,
555 1183 731 1256 ὅτιπερ
754 1189 816 1254 τῇ
862 1183 918 1233 ἐκ
962 1176 1281 1239 παλλακίδος
1331 1178 1489 1231 αὐτοῦ
1544 1180 1708 1250 θυγα-

101 1277 193 1347 τρὶ
226 1271 595 1332 συνηυνάζετο.
624 1269 794 1323 Ἦσαν
819 1266 879 1322 δὲ
907 1278 980 1339 τῷ
1011 1267 1238 1339 Ἀγγέλῳ
1280 1264 1538 1342 Θεοδώρῳ
1592 1274 1712 1319 παῖ-

106 1357 200 1424 δες
220 1360 424 1436 ὀίρῥενες
454 1356 553 1412 δύο
586 1361 653 1427 “,
692 1360 936 1420 Ἰωάννης
975 1362 1064 1410 καὶ
1113 1362 1431 1430 Δημήτριος,
1480 1361 1571 1409 καὶ
1624 1358 1712 1415 θή-

103 1450 243 1503 λειοιι
270 1447 388 1516 δύο,
428 1452 458 1508 ἠ
495 1448 654 1501 ⁸Ἀννα
681 1453 770 1501 καὶ
798 1451 825 1506 ἡ
848 1448 1075 1522 ῥηθείσα
1112 1446 1303 1521 Εἰρήνη
1367 1447 1436 1514 ¹⁶⁵,
1495 1447 1606 1518 μεθ’
1653 1445 1714 1505 ἧς

109 1541 136 1590 6
184 1541 349 1593 ’Δσὰν
404 1534 603 1600 παῖδας
648 1541 921 1609 γεγέννηκε
973 1543 1126 1611 τρεῖς,
1181 1538 1267 1587 τὸν
1320 1534 1565 1606 Μιχαὴλ,
1619 1539 1713 1593 τὴν

107 1624 391 1703 Θεόδωροιν
420 1631 510 1679 καὶ
543 1631 633 1685 τὴν
681 1630 911 1701 Μαρίαν.
994 1623 1252 1682 Ἀπελύθη
1307 1631 1430 1695 γοῦν
1476 1632 1577 1675 τῶν
1633 1620 1717 1676 δε-

109 1726 260 1790 σμῶν
286 1713 379 1770 διά
401 1735 485 1769 τοι
519 1723 672 1769 τοῦτο
693 1717 719 1768 6
740 1713 989 1787 Ἀγγελος
1028 1709 1297 1786 Θεόδωρος
1349 1713 1427 1784 [Ρ.
1480 1713 1570 1784 33]
1625 1718 1716 1766 καὶ

110 1810 405 1861 συναινέσει
429 1813 523 1859 τοῦ
581 1804 824 1878 γαμϐροῦ
883 1804 1046 1857 αὐτοῦ
1102 1810 1194 1856 τοῦ
1247 1802 1408 1856 Ἀσὰν
1461 1801 1717 1876 ἐγκρατὴς

104 1898 351 1969 γενέσθαι
385 1903 477 1957 τῆς
522 1894 909 1955 Θεσσαλονίκης
971 1898 1060 1946 καὶ
1114 1911 1294 1954 πασης
1349 1893 1412 1954 ἧς
1465 1896 1716 1967 πρότερον

108 1981 255 2060 ἦρχε
300 1990 486 2060 χώρας
541 1982 785 2042 ἠθέλησε.
847 1987 949 2036 Καὶ
998 1978 1072 2039 δή
1115 2001 1252 2042 τινας
1315 1980 1519 2052 ὀλίγους
1575 1982 1716 2053 παρὰ

112 2081 212 2127 τοῦ
262 2073 420 2127 Ἀσὰν
488 2070 927 2145 προσλαϐόμενος,
1003 2069 1111 2123 ἐπεὶ
1198 2078 1419 2143 φανερῶς
1502 2078 1718 2128 κινῆσαι

112 2164 304 2236 μάχην
341 2163 475 2213 κατὰ
502 2166 596 2212 τοῦ
626 2156 850 2232 ἀδελφοῦ
878 2158 1038 2212 αὐτοῦ
1064 2158 1311 2217 Μανουηλ
1335 2158 1428 2211 οὐκ
1464 2155 1716 2225 ἠδύνατο,

113 2253 295 2325 κρύφα
348 2255 658 2323 μηχανᾶται
722 2253 817 2307 τήν
885 2248 957 2310 εἰς
1035 2246 1418 2306 Θεσσαλονίκην
1493 2243 1718 2317 εἴσοδον,

118 2338 293 2399 εὐτελῆ
347 2358 463 2392 τινα
538 2337 924 2411 ἀμφιασάμενος
971 2337 1132 2411 ῥάκια
1205 2341 1295 2389 καὶ
1344 2342 1437 2395 τὴν
1514 2332 1723 2389 εἴσοδον

118 2426 421 2499 ὑποκλέψας
473 2434 565 2488 τῆς
625 2425 839 2487 πόλεως.
896 2426 1038 2479 Ἐπεὶ
1092 2423 1152 2478 δὲ
1205 2425 1371 2498 εἰσῄει
1422 2428 1514 2477 καὶ
1583 2444 1723 2478 τισιν

121 2516 423 2589 ἐπεγνώσθη
470 2523 581 2577 τοῖς
636 2516 709 2576 οἶς
766 2513 1021 2578 ἐϐούλετο,
1079 2514 1166 2575 οὓς
1220 2516 1300 2567 ὅτε
1355 2514 1567 2584 εὐτύχει
1621 2512 1725 2586 ἄφί-

120 2607 201 2660 λει
253 2625 307 2658 τε
360 2610 450 2658 καὶ
493 2604 774 2679 εὐηργέτει,
828 2605 942 2677 μεθ’
1007 2605 1075 2654 ὢν
1134 2608 1225 2656 καὶ
1283 2602 1565 2677 τεθάρῥηκε
1630 2607 1726 2661 τήν

121 2698 261 2749 κατὰ
323 2702 414 2748 τοῦ
466 2690 691 2767 ἀδελφοῦ
752 2692 970 2764 σκῆψιν,
1026 2692 1084 2744 οὐ
1138 2693 1327 2745 πολλοῦ
1381 2689 1581 2753 δεηθεὶς
1637 2699 1727 2745 τοῦ

119 2789 324 2861 χρόνον
355 2782 613 2858 ἐγκρατής
643 2802 698 2836 τε
738 2783 892 2845 αὖθις
940 2790 1038 2845 τῆς
1086 2782 1477 2844 Θεσσαλονίκης
1533 2781 1727 2855 ἐγένετο

120 2879 217 2927 καὶ
242 2882 343 2927 τῶν
370 2872 523 2949 πέριξ
548 2872 741 2926 πόλεων
785 2876 877 2925 καὶ
930 2880 1142 2945 χωρῶν.
1204 2871 1448 2932 Βασιλεὺς
1496 2868 1556 2924 δε
1612 2871 1729 2924 ὀνο-

120 2963 393 3036 μάζεσθαι
422 2961 516 3014 οὐκ
545 2961 768 3019 ἠθελησε
812 2956 906 3013 διὰ
953 2965 1010 3012 τό
1067 2968 1168 3012 τῶν
1212 2958 1487 3032 ὀφθαλμῶν
1540 2961 1727 3028 πάθος,

117 3056 213 3104 τὸν
271 3047 331 3103 δε
376 3048 491 3102 υἶὸν
545 3049 707 3103 αὐτοῦ
757 3050 994 3107 Ἰωάννην
1050 3047 1277 3120 βασιλέα
1328 3049 1585 3121 ὠνόμασε,
1642 3053 1733 3101 καὶ

127 3139 373 3216 ἐρυθροῖς
416 3134 652 3200 πεδίλοις
701 3142 817 3199 τοὺς
865 3134 1036 3200 πόδας
1087 3136 1279 3191 ἐκείνου
1341 3134 1594 3209 ὑπέδησε,
1645 3142 1735 3190 καὶ

129 3231 395 3290 τοιούτοις
448 3229 730 3301 γράμμασι
771 3228 1087 3302 ὑπογρὰφειν
1110 3223 1375 3302 διώρισεν,
1453 3227 1607 3279 αὐτόν
1684 3246 1738 3279 τε

136 3315 346 3372 διέπειν
374 3318 441 3369 τὰ
471 3319 619 3369 κοινὰ
647 3320 739 3369 καὶ
777 3312 1033 3387 διεξάγειν
1079 3318 1146 3368 τὰ
1200 3323 1293 3368 τοῦ
1338 3318 1476 3371 υἱοῦ.
1529 3319 1628 3369 Τόν
1686 3312 1736 3368 δ’

134 3402 366 3479 ἀδελφὸν
439 3404 687 3465 Μανουήλ
780 3412 876 3467 τῆς
971 3402 1220 3469 ἐκϐαλὼν,
1313 3409 1402 3457 καὶ
1509 3403 1739 3477 ἐμϐαλών

130 3499 186 3550 ἓν
214 3515 324 3549 τινι
370 3499 596 3570 τριήρει,
644 3498 764 3568 περὶ
818 3498 912 3554 τὴν
945 3493 1178 3547 Αττάλου
1237 3493 1466 3570 ἐξώρισε,
1535 3500 1624 3554 τὴν
1682 3491 1742 3548 δε

134 3587 373 3656 σύζυγον
430 3583 590 3636 αὐτοῦ
650 3587 780 3658 πρὸς
832 3586 917 3637 τόν
971 3586 1174 3658 πατέρα
1223 3583 1384 3636 Ἀσάν
1442 3583 1739 3657 ἐξέπεμψεν.

142 3681 190 3727 0
226 3669 472 3727 δεἊσὰν
504 3675 590 3726 τὸν
634 3674 876 3746 πενθερὸν
925 3672 1117 3745 μᾶλλον
1165 3674 1212 3708 ⁸⁸
1256 3672 1412 3746 ἐφίλει
1469 3670 1742 3746 Θεόδωρον

128 3763 163 3822 ἦ
196 3765 289 3815 τόν
317 3759 552 3837 γαμϐρὸν
603 3760 763 3813 αὐτοῦ
820 3759 1087 3820 Μανουήλο
1143 3761 1458 3833 ὑπερηγάπα
1503 3764 1605 3836 γὰρ
1647 3765 1742 3820 τὴν

132 3851 373 3923 σύζυγον
399 3850 641 3926 Εἰρήνην,
688 3848 794 3921 οὐχ
842 3850 998 3908 ἧττον
1045 3848 1075 3909 ἣ
1136 3849 1407 3911 ’Δντώνιος
1446 3854 1539 3908 τὴν
1594 3848 1745 3903 Κλεο-

127 3941 341 4015 πάτραν
376 3938 532 3997 ¹⁸’¹.Ὀ
575 3942 666 4012 μὲν
729 3934 816 3991 οὖν
869 3937 1117 3997 Μανουὴλ
1159 3947 1222 4012 τῇ
1279 3938 1528 3991 Ἀττάλου
1577 3957 1745 4014 προσ-

127 4029 345 4091 οκεῦας
371 4030 516 4102 παρὰ
540 4025 867 4104 προσδοκίαν
896 4031 1015 4089 τοὺς
1072 4026 1126 4091 ἐξ
1172 4026 1340 4102 Ἀγαρ
1399 4029 1512 4101 εὗρε
1564 4028 1610 4063 ⁸⁸
1666 4048 1745 4101 φι-

125 4119 443 4191 λανθρωπίᾳ
496 4117 687 4191 μᾶλλον
734 4120 861 4190 πρὸς
937 4117 1094 4170 αὐτόν
1162 4122 1554 4192 χρησαμένους·
1636 4116 1746 4171 ἐπεὶ

126 4210 240 4282 γὰρ
299 4206 491 4280 εἰρήκει
536 4209 663 4282 πρὸς
710 4210 797 4259 τόν
860 4205 1087 4279 βασιλέα
1140 4206 1382 4265 Ἰωάννην
1461 4208 1747 4278 τυγχάνειν

134 4298 306 4351 αὐτοῦ
347 4300 441 4355 τὴν
493 4296 681 4370 ὁρμὴν,
735 4300 1126 4371 παρεχώρησαν
1180 4299 1348 4368 τούτῳ
1376 4301 1472 4355 τὴν
1544 4292 1746 4364 δίοδον,

134 4380 550 4459 ἐφοδιασάμενοι
602 4388 985 4456 προσηκόντως.
1040 4382 1262 4436 Ἐκεῖθεν
1319 4387 1450 4457 πρὸς
1512 4387 1597 4436 τὸν
1654 4382 1752 4457 βα-

136 4473 298 4526 σιλέα
344 4470 551 4544 ἀφίκετο
602 4468 771 4543 οὗτος,
839 4476 929 4525 καὶ
987 4473 1013 4524 6
1069 4470 1320 4545 βασιλεὺς
1391 4470 1625 4545 ἀσμένως
1700 4491 1754 4525 τε

135 4569 330 4617 τοῦτον
384 4557 595 4624 ἐδέξατο
642 4565 733 4614 καὶ
796 4562 866 4622 ὡς
926 4565 1378 4636 προσῳκειωμένον
1463 4569 1537 4632 τῷ
1619 4565 1755 4633 γένει

136 4670 235 4704 και
270 4650 338 4712 ὡς
365 4649 528 4702 πάλαι
567 4646 831 4707 δεσπότην
867 4649 1252 4723 ὠνομασμένον,
1315 4647 1443 4714 δοὺς
1497 4646 1557 4703 δὲ
1612 4650 1754 4722 αὐτῷ

135 4748 346 4815 χρῆμα
392 4742 482 4791 καὶ
536 4743 768 4813 τριήρεις
821 4737 875 4801 ἓξ
932 4737 1015 4792 ἐπὶ
1056 4743 1151 4799 τὴν
1219 4740 1447 4812 μεγάλην
1523 4739 1754 4811 Βλαχίαν

141 4828 370 4901 ἀφῆκεν,
413 4829 594 4902 ὅρκους
633 4828 759 4903 παρ’
810 4828 970 4881 αὐτοῦ
1040 4828 1209 4881 λαϐὼν
1278 4825 1578 4904 φρικώδεις,
1652 4825 1755 4890 οἶος

138 4918 340 4979 ἐκεῖνος
384 4921 632 4980 συνέσεως
674 4923 763 4971 καὶ
818 4916 1099 4991 ἀγχινοίας
1149 4917 1354 4993 πλήρης
1400 4919 1469 4971 ὧν
1524 4920 1591 4975 ‘9.
1649 4925 1754 4972 Κα-

136 5004 388 5065 ταλαϐὠν
415 5002 610 5061 οὖντὸν
634 5014 727 5069 τῆς
773 5003 1147 5083 Δημητριάδος
1195 5016 1355 5084 νῶρον
1404 5008 1431 5059 ό
1482 5007 1750 5080 Μανουὴλ,

1890 737 1977 789 38.
2009 732 2109 787 Hic
2141 748 2282 803 ergo
2314 749 2520 799 uxore,
2552 750 2738 806 quam
2763 737 3065 806 Ungaram
3090 736 3271 793 fuisse
3315 753 3471 810 prae-

1814 821 2214 884 narravimus,
2269 823 2536 893 privatus
2615 823 2804 880 ﬁliam
2889 825 3098 895 Angeli
3178 826 3473 883 Theodori

1814 913 2064 976 Irenem,
2100 912 2296 967 forma
2315 912 2707 984 conspicuam
2738 917 2795 969 et
2825 929 3076 987 corpore
3132 930 3468 986 proceram,

1816 1000 2010 1056 fratris
2031 1000 2263 1072 paterni
2285 1001 2894 1072 consanguinitatem,
2920 1004 3025 1076 qui
3055 1020 3195 1060 cum
3214 1005 3337 1062 ﬁlia
3360 1021 3473 1064 sua

1816 1105 1849 1146 e
1877 1088 2091 1161 pellice
2135 1094 2416 1162 suscepta
2468 1089 2753 1160 cubabat,
2785 1091 2952 1149 haud
2990 1095 3296 1159 reveritus,
3359 1094 3475 1151 sibi

1817 1177 2203 1234 matrimonio
2233 1179 2451 1250 jungit.
2504 1181 2682 1237 Erant
2736 1182 3046 1239 Theodoro
3095 1182 3321 1255 Angelo
3367 1182 3477 1240 ﬁlii

1819 1266 2072 1323 masculi
2092 1267 2235 1336 duo,
2261 1270 2519 1324 Joannes
2534 1273 2590 1326 et
2621 1271 2968 1343 Demetrius,
2994 1276 3050 1327 et
3079 1272 3214 1327 dure
3238 1271 3476 1330 feminae

1820 1361 1993 1413 Anna
2024 1364 2080 1413 et
2107 1358 2266 1414 dicta
2298 1359 2484 1428 Irene;
2517 1376 2783 1432 quacum
2813 1366 3048 1418 Asanus
3076 1362 3234 1419 ﬁlios
3266 1363 3480 1420 habuit

1824 1450 1938 1503 tres
1981 1447 2347 1517 Michaelem,
2397 1448 2793 1519 Theodoram,
2843 1451 3111 1508 Mariam.
3159 1453 3479 1524 Propterea

1822 1536 2074 1592 vinculis
2103 1536 2332 1592 solutus
2383 1537 2643 1608 Angelus
2699 1539 3059 1607 Theodorus,
3113 1541 3196 1597 ita
3257 1556 3479 1611 genero

1825 1625 1954 1696 ejus
1984 1628 2183 1681 Asauo
2223 1631 2546 1691 annuente,
2592 1627 3031 1684 Thessalonicae
3073 1633 3133 1685 et
3184 1630 3481 1686 universae

1825 1714 2105 1784 regionis,
2187 1715 2283 1771 cui
2347 1715 2475 1787 ipse
2513 1716 2679 1788 prius
2730 1716 3090 1789 imperabat,
3159 1718 3482 1791 imperium

1824 1817 2178 1874 recuperare
2208 1803 2481 1859 animum
2503 1804 2755 1874 induxit,
2789 1806 3124 1877 paucisque
3160 1806 3239 1863 ab
3281 1811 3481 1864 Asano

1827 1892 2108 1964 acceptis,
2140 1909 2279 1948 cum
2309 1893 2515 1965 palam
2541 1893 2603 1949 in
2638 1893 2881 1950 fratrem
2921 1895 3252 1952 Manuelem
3310 1911 3482 1953 arma

1827 1995 2039 2053 capere
2061 1996 2182 2037 non
2212 1986 2435 2053 posset,
2466 1982 2623 2038 clam
2647 1983 2985 2053 ingressum
3038 1984 3480 2042 Thessalonicae

1758 2089 1798 2142 Β
1829 2069 2092 2127 molitur.
2110 2070 2200 2126 Sic
2223 2069 2478 2126 sordidis
2495 2072 2716 2143 pannis
2746 2073 2997 2128 vestitus
3027 2072 3241 2129 urbem
3265 2073 3481 2130 furtive

1828 2160 2175 2230 ingreditur.
2223 2162 2369 2217 Cum
2423 2176 2567 2217 vero
2624 2161 2847 2234 quibus
2901 2162 3308 2234 concupierat,
3365 2163 3480 2219 illis

1831 2248 2051 2304 scilicet
2069 2264 2221 2320 quos
2240 2252 2370 2321 ipse
2396 2249 2455 2304 in
2485 2249 2665 2305 rebus
2696 2250 2999 2323 prosperis
3029 2251 3143 2307 sibi
3186 2256 3242 2308 et
3277 2264 3484 2309 amore

1831 2342 1889 2394 et
1926 2337 2221 2393 beneﬁcio
2270 2339 2390 2409 66
2453 2337 2822 2409 devinxerat,
2862 2340 3143 2407 innotuit,
3188 2340 3483 2397 adversus

1831 2425 2073 2482 fratrem
2119 2426 2370 2482 consilia
2417 2428 2629 2499 aperit,
2674 2442 2871 2500 neque
2922 2426 3027 2483 diu
3073 2431 3212 2501 post
3279 2444 3491 2484 rursus

1832 2514 2320 2571 Thessalonicam
2351 2519 2408 2571 et
2442 2515 2785 2586 adjacentia
2838 2515 2973 2572 loca
3029 2520 3086 2572 et
3138 2516 3317 2572 urbes
3374 2516 3490 2573 sub

1835 2603 2170 2659 dominium
2228 2602 2639 2675 ditionemque
2699 2619 2877 2660 suam
2925 2603 3083 2659 facit.
3144 2606 3195 2659 Is
3245 2608 3490 2677 propter

1835 2692 2144 2749 oculorum
2159 2692 2620 2748 imminutionem
2633 2692 3011 2766 imperatoris
3025 2709 3239 2750 nomen
3252 2697 3490 2750 recusat

1837 2799 1908 2839 eo
1940 2787 2140 2839 tamen
2166 2785 2459 2839 Joannem
2490 2782 2680 2838 ﬁlium
2712 2784 3064 2840 cohonestet
3093 2787 3149 2839 et
3168 2782 3486 2855 purpureis

1838 2872 2053 2928 calceis
2073 2872 2256 2944 pedes
2268 2872 2422 2927 illius
2435 2872 2854 2943 circumvestit,
2883 2888 3079 2945 neque
3095 2873 3489 2929 dissimilibus

1837 2960 2041 3017 litteris
2102 2960 2478 3016 subscribere
2543 2961 2739 3031 jussit;
2808 2961 2921 3017 sibi
2995 2976 3138 3017 vero
3186 2977 3492 3018 summam

1840 3050 2113 3106 omnium
2142 3064 2341 3105 rerum
2363 3065 2433 3105 ac
2452 3047 2553 3103 ﬁlii
2599 3049 3094 3121 temperationem
3145 3050 3487 3119 reservavit;

1843 3138 2087 3195 fratrem
2117 3138 2447 3196 Manuelem
2473 3138 2765 3208 abrogato
2795 3138 3047 3211 imperio
3095 3139 3157 3195 in
3188 3138 3490 3196 triremem

1844 3227 2193 3299 impositum
2262 3227 2541 3283 Attaliam
2625 3226 2942 3299 ablegavit,
3023 3228 3347 3299 conjugem
3408 3226 3490 3285 ad

1848 3320 2112 3372 Asanum
2134 3320 2367 3389 patrem
2398 3315 2646 3373 remisit.
2673 3322 2912 3373 Asanus
2940 3316 3252 3373 Theodoro
3289 3331 3498 3374 socero

1778 3439 1818 3492 Ο
1848 3420 2034 3478 quam
2052 3419 2271 3475 genero
2302 3403 2553 3460 Manueli
2583 3404 2876 3461 addictior
2922 3411 3088 3462 erat:
3126 3420 3249 3462 non
3298 3406 3501 3461 minus

1852 3493 2012 3549 enim
2041 3493 2171 3564 ipse
2200 3509 2407 3549 amore
2426 3493 2702 3564 conjugis
2732 3494 2915 3552 Irenai
2968 3509 3157 3567 quam
3208 3494 3502 3552 Antonius

1852 3582 2177 3654 Cleopatrae
2204 3582 2653 3654 corripiebatur.
2696 3584 2929 3641 Manuel
2970 3585 3171 3657 itaque
3223 3583 3505 3640 Attaliam

1851 3670 2159 3743 appellans
2191 3669 2268 3726 ab
2300 3671 2608 3741 Agarenis,
2643 3672 2806 3743 quod
2823 3672 2951 3744 ipse
2972 3688 3273 3744 nusquam
3300 3687 3504 3744 spera-

1852 3765 2038 3828 verat,
2083 3760 2520 3815 humanissime
2569 3759 3131 3832 oﬁiciosissimeque
3164 3761 3499 3832 excipitur:

1851 3864 1995 3905 nam
2009 3848 2225 3904 dicenti
2239 3864 2301 3903 se
2314 3848 2392 3903 ad
2402 3851 2692 3905 Joannem
2706 3848 3129 3921 imperatorem
3144 3847 3505 3905 contendere

1852 3941 2214 4007 commeatu,
2250 3936 2331 3991 uti
2356 3952 2469 4008 par
2506 3941 2652 4004 erat,
2685 3936 3136 3993 subministrato
3186 3936 3504 3994 transitum

1852 4026 2091 4083 dedere.
2133 4025 2393 4097 Indeque
2428 4025 2848 4098 imperatorem
2896 4025 3277 4094 conveniens,
3329 4030 3386 4080 et
3422 4024 3509 4081 uti

1856 4131 2071 4186 genere
2099 4116 2457 4182 conjunctus
2481 4118 2538 4169 et
2556 4114 2807 4186 despota
2833 4115 2964 4186 jam
2989 4113 3130 4170 olim
3154 4113 3375 4171 electus
3427 4113 3507 4170 ab

1856 4206 2214 4277 imperatore
2258 4202 2485 4258 lubenti
2527 4203 2730 4259 animo
2780 4204 3007 4274 visitur;
3074 4204 3170 4260 cui
3237 4220 3378 4261 cum
3455 4208 3513 4260 et

1857 4293 2144 4367 pecunias
2169 4297 2225 4348 et
2251 4292 2517 4347 triremes
2557 4308 2662 4348 sex
2702 4293 3062 4364 tradidisset,
3104 4293 3166 4349 id
3221 4309 3515 4363 magnam

1862 4382 2186 4452 Blachiam,
2214 4380 2381 4453 prius
2434 4381 2512 4436 ab
2556 4380 2657 4437 illo
2707 4382 3104 4454 jurejurando
3153 4382 3519 4439 formidabili

1862 4487 2026 4539 sane,
2056 4477 2348 4543 tanquam
2373 4470 2476 4542 qui
2507 4475 2563 4526 et
2588 4472 2906 4543 prudentia
2937 4488 3006 4528 ac
3029 4471 3273 4528 solertia
3329 4471 3520 4534 excel-

1861 4560 2023 4626 leret,
2056 4564 2323 4632 accepto,
2369 4559 2599 4614 direxit.
2648 4560 2757 4615 Ubi
2803 4561 3239 4618 Demetriadem
3291 4559 3524 4619 Manuel

1867 4650 2195 4724 appulisset
2220 4654 2277 4706 et
2304 4649 2516 4705 amicis
2543 4649 2656 4721 67
2715 4665 2787 4705 ac
2840 4649 3236 4708 familiaribus
3281 4651 3361 4707 ad
3411 4650 3523 4707 bos

1867 4739 2072 4796 litteris
2105 4738 2260 4795 datis
2291 4754 2469 4795 suum
2523 4737 2920 4808 signiﬁcasset
2968 4740 3313 4805 adventum,
3372 4738 3523 4794 alios

1871 4827 2374 4901 promissionibus
2394 4826 2798 4895 demulsisset,
2832 4827 2996 4884 nullo
3025 4827 3265 4899 negotio
3316 4825 3525 4898 copias

1873 4916 2126 4987 collegit,
2158 4916 2597 4989 Pbarsalosque
2618 4920 2674 4972 et
2695 4916 3002 4973 Larissam
3027 4920 3084 4971 et
3112 4914 3526 4971 Platamonem

1874 5005 1988 5062 sibi
2069 5005 2443 5077 comparavit
2517 5003 2914 5076 convenitque
3021 5018 3161 5059 cum
3243 5001 3532 5064 fratribus

224 5186 276 5221 ⁴¹
310 5183 404 5237 οὐκ
426 5215 499 5227 —
527 5186 610 5238 ὅτε
634 5184 799 5256 60.136
826 5183 990 5241 Ἀσὰν
1021 5188 1103 5239 ὅτε
1128 5191 1218 5240 καὶ
1246 5188 1311 5241 D.
1390 5187 1437 5221 ⁸³
1469 5188 1594 5247 τέως
1619 5216 1691 5225 -—
1709 5184 1750 5237 ἔτ

1853 5204 1870 5235 ι
1892 5199 2020 5256 om.
2054 5185 2138 5256 D.
2197 5184 2245 5218 ⁸³
2273 5182 2436 5241 καλὴν
2466 5213 2538 5256 g-
2558 5181 2805 5256 εὐμεγέθη
2841 5196 2972 5256 om._
2994 5182 3057 5236 D.
3092 5180 3139 5256 ’ξι
3200 5178 3404 5256 ἄρῥενες
3434 5177 3534 5256 δύο

140 5273 278 5333 ορ).
322 5258 430 5333 D.._
447 5256 512 5333 f3
542 5256 722 5333 θήλεια
751 5255 910 5333 Ἀννα
936 5277 990 5310 τε
1015 5263 1105 5333 καὶ
1130 5257 1321 5333 Εἰρήνη
1363 5259 1424 5312 D.

1504 5258 1551 5292 ‘3
1583 5257 1819 5331 πενθερόν
1841 5254 1998 5309 αὐτοῦ
2024 5254 2214 5309 πάλλον
2237 5257 2302 5309 Ι)-

148 5330 200 5366 δθ
228 5335 347 5391 τοῖς
375 5326 430 5391 ἐξ
446 5325 616 5403 Ἀγαρ
642 5330 853 5402 ἐνέτυχε
879 5329 945 5386 D.
1022 5329 1069 5365 ‘9
1095 5325 1377 5405 φρικώδεις
1408 5360 1479 5369 —
1501 5332 1568 5380 ὤν
1599 5325 1823 5386 οωίΙ).

1057 5487 1399 5558 Theodori
1448 5489 1700 5557 Dousa;
1747 5495 1815 5556 et
1859 5486 2110 5556 Leonis
2156 5485 2395 5554 Allatii
2443 5490 2651 5574 notae.

239 5648 362 5725 (74)
394 5646 811 5725 Παραεσπόνδειο
836 5649 918 5707 Ct‘.
951 5651 1128 5710 Anna
1158 5653 1508 5718 Commena,
1539 5648 1644 5707 lib.
1676 5664 1780 5708 vu.

1810 5648 1951 5705 ALL.

2381 5256 2422 5289 ³⁷
2457 5251 2771 5327 ὑπερηγάπα
2797 5283 2869 5294 ——
2915 5251 3243 5328 Κλεοπάτραν
3268 5251 3410 5311 'om.
3465 5255 3534 5310 D.
3626 5295 3640 5307 .
