3988 6322
509 320 643 377 1071

1865 302 2148 362 GEORGII
2176 303 2639 361 ACROPOLIT/E

3816 306 3932 361 1072

505 441 820 501 Theodora
866 440 922 495 et
975 433 1381 494 Constantino.
1433 434 1582 488 Nam
1605 430 2051 497 Constantinus,
2093 434 2198 486 ut.

2277 426 2500 480 κάκεῖθεν
2531 428 2579 462 ⁵ο
2605 434 2711 488 τοῖς
2750 431 2842 500 μεν
2908 438 3007 482 τῶν
3060 432 3259 485 οἰκείων
3296 441 3538 506 γραφαῖς
3614 436 3730 489 τὴν
3782 430 3927 481 αὔξον

506 532 790 599 diximus,
812 528 1224 599 despota,qua3
1241 520 2155 588 commemoravimus,domina-

506 621 711 690 batur,
733 615 1078 675 Theodorus
1106 615 1233 670 erat
1261 611 1527 677 Joannis,
1568 611 1673 683 qui
1718 609 2157 666 Thessalonicae

510 706 983 775 acclamabatur,
1035 707 1223 778 pater.
1282 704 1430 760 Cum
1482 702 1919 767 convenissent,
1973 702 2155 759 ambo

502 801 715 859 fratres
735 794 988 853 Manueli
1004 792 1261 850 suadent
1280 795 1343 848 ut
1358 790 1731 848 conditiones
1749 795 1804 847 et
1827 792 2152 864 pactiones,

500 906 653 964 quas
674 903 814 945 cum
837 886 1196 959 imperatore
1229 883 1461 939 Joanne
1500 880 1728 953 inierat,
1759 881 2152 953 perturbaret.

501 980 601 1037 Ille
647 977 859 1035 volens
887 974 1125 1032 nolens.
1167 977 1233 1029 ut
1261 970 1366 1045 qui
1393 969 1785 1027 interfuerant
1850 974 1908 1027 et
1953 987 2155 1027 rerum

501 1069 721 1128 harum
734 1064 908 1140 periti
924 1061 1295 1121 asserebant.
1317 1058 1571 1117 consilio
1593 1075 1802 1116 eorum
1833 1061 2152 1133 acquievit;

500 1157 765 1231 indeque
829 1154 982 1211 inter
1028 1168 1134 1209 eos
1183 1150 1442 1208 amicitia
1496 1164 1567 1204 ac
1612 1148 2011 1207 familiaritate
2064 1151 2154 1207 in-

504 1245 863 1309 tercedente,
907 1242 1117 1299 divisis
1171 1239 1425 1297 urbibus
1481 1239 1764 1308 contenti,
1810 1256 1949 1296 cum
2004 1240 2155 1298 Lati-

503 1337 618 1404 nis,
640 1336 746 1410 qui
772 1335 837 1391 in
866 1333 1082 1406 Euripo
1109 1334 1288 1403 atque
1308 1328 1675 1403 Peloponeso
1705 1334 1891 1401 erant,
1931 1330 2155 1388 foedere

499 1424 935 1499 jungebantur.

2265 518 2646 592 παρασημήνας
2694 514 2896 589 ἔφοδον,
2955 523 3072 580 τοὺς
3125 517 3185 573 δὲ
3241 521 3539 585 ὐποθέλξας
3612 527 3757 582 ταῖς
3810 521 3921 572 ὑπο-

2268 627 2539 695 σχέσεσιν,
2590 623 2650 675 οὐ
2693 619 2788 675 διὰ
2835 625 3031 678 πολλῶν
3099 629 3433 701 συνηθροίκει
3520 632 3680 699 περὶ
3781 627 3920 678 αὐτὼ

2268 714 2591 786 στράτευμα,
2675 709 2799 786 ἦρξέ
2844 733 2900 766 τε
2952 716 3235 790 Φαρσάλων
3291 721 3379 767 καὶ
3435 719 3773 788 Λαρὶσσης
3841 719 3915 764 καὶ

2266 801 2613 875 Πλαταμῶνος
2655 808 2745 855 καὶ
2797 812 2897 855 τῶν
2942 810 3061 878 περὶ
3116 813 3301 860 ταῦτα.
3351 802 3484 857 Εἶτα
3541 801 3623 857 δὲ
3688 799 3917 863 armari;

2263 894 2613 964 ποιησάμενος
2640 893 2683 927 ⁵¹
2724 893 2945 951 συνῆλθε
2972 897 3158 947 τούτου
3220 902 3325 956 τοῖς
3366 891 3670 967 ἀδελφοῖς,
3746 902 3822 963 τῷ
3863 913 3907 944 τε

2266 985 2639 1052 Κωνσταντίνῳ
2688 985 2780 1034 καὶ
2812 979 3090 1057 Θεοδώρῳο
3152 985 3178 1035 ό
3221 987 3312 1056 μὲν
3375 986 3481 1057 γὰρ
3566 989 3910 1036 Kac-sanari.

2262 1089 2349 1132 νος
2378 1066 2641 1133 δεσπότης
2672 1071 2739 1137 ⁵³,
2774 1074 2841 1132 ὡς
2880 1074 3091 1144 ἔφημεν,
3155 1081 3223 1124 ῶν
3276 1069 3439 1147 ἦρχεν
3504 1073 3565 1108 ⁵³
3648 1072 3730 1122 ὧν
3784 1070 3907 1145 εἰρέο

2265 1179 2434 1233 κειμεν
2463 1162 2717 1233 ἄρχειν,ό
2749 1156 2809 1213 δὲ
2837 1158 3108 1237 Θεόδωρος
3161 1158 3223 1220 ἦν
3270 1163 3296 1214 ό
3352 1169 3446 1215 τοῦ
3512 1162 3902 1234 φημιζομένων

2264 1247 2312 1301 ἐν
2339 1250 2698 1323 Θεσσαλονίκῃ
2723 1249 2959 1303 Ἰωάννου
2994 1256 3190 1324 πατὴρ.
3253 1252 3394 1304 Ἐπεὶ
3447 1248 3510 1304 δε
3582 1255 3898 1323 cru-arium"

2263 1339 2505 1390 πείθουσι
2556 1343 2646 1390 καὶ
2700 1339 2855 1411 ἄμφω
2900 1344 2972 1392 τὼ
3026 1337 3230 1412 ἀδελφὼ
3289 1344 3375 1392 τὸν
3432 1339 3723 1398 Μανουήλ
3812 1347 3897 1389 τᾶ)

2267 1423 2505 1479 σπονδῶν
2552 1426 2797 1486 ἐκστῆναι
2838 1437 2936 1481 τῶν
2986 1433 3111 1505 πρός
3177 1433 3257 1482 εόν
3310 1427 3542 1501 βασιλέα
3614 1430 3894 1485 Ἰωάννην

498 1522 558 1568 '0
580 1512 640 1570 δε
670 1514 795 1569 ἔκών
820 1512 1002 1579 ἀέκων,
1041 1514 1105 1573 ὡς
1139 1513 1361 1584 ἔφασκον
1384 1511 1432 1561 οἱ
1461 1512 1852 1582 παρατυχόντες
1881 1515 2113 1588 καὶπερὶ
2141 1522 2242 1566 τῶν
2269 1519 2513 1569 τοιούτων
2542 1514 2786 1585 εἰδόντες,
2840 1522 3116 1591 συνῄνεσεν
3141 1518 3311 1571 αὐτῶν
3359 1526 3469 1580 τοῖς
3522 1517 3898 1591 βουλεύμασι,

499 1612 557 1659 Ρ·
595 1606 686 1677 34)
717 1608 807 1657 καὶ
831 1605 890 1654 τό
923 1600 1023 1654 ἀπὸ
1052 1596 1210 1653 τοῦδε
1230 1600 1473 1672 ὑπῆρχον
1505 1595 1893 1672 συνδεδεμένοι,
1923 1609 2040 1664 ταῖς
2078 1622 2342 1678 σφετεραις
2370 1611 2578 1678 χώραις
2605 1612 2716 1666 ταῖς
2740 1626 3142 1680 μεμερισμεναις
3168 1607 3345 1669 αὐτοῖς
3402 1606 3774 1682 ἀρκούμενοι,
3825 1611 3903 1657 καὶ

501 1697 631 1768 μετὰ
659 1701 759 1747 τῶν
781 1691 830 1744 ἓν
868 1690 1213 1761 Πελοπονήσῳ
1234 1693 1324 1742 καὶ
1364 1688 1573 1763 Εὐρίπῳ
1604 1692 1839 1742 Λατίνων
1870 1690 2158 1762 συμϐάσεις
2189 1695 2393 1764 ἔχοντες
2426 1695 2710 1769 εἰρηνικάς·

572 1787 661 1840 39.
690 1784 807 1839 Nec
838 1781 947 1837 diu
971 1783 1111 1853 post
1135 1778 1386 1846 Manuel,
1446 1794 1584 1833 cum
1627 1783 1965 1851 pactorum,
2020 1798 2157 1854 quae
2198 1783 2238 1836 Β

500 1887 639 1931 cum
656 1872 1018 1944 imperatore
1038 1871 1265 1926 Joanne
1278 1867 1609 1941 pepigerat,
1626 1867 1964 1924 violationis
1986 1871 2122 1942 priu
2134 1887 2161 1924 s

502 1978 644 2020 eum
699 1959 1097 2035 paenituisset,
1144 1974 1217 2014 ex
1274 1957 1592 2014 hominum
1664 1958 1783 2014 vita
1856 1959 2157 2029 migravit.

500 2050 853 2125 Imperatrix
880 2049 1059 2119 etiam
1092 2049 1278 2115 Irene,
1304 2046 1517 2103 mulier
1536 2047 1803 2119 prudens
1856 2064 1926 2104 ac
1976 2049 2162 2119 digna

500 2141 776 2215 imperio,
807 2138 1188 2211 multumque
1221 2135 1527 2207 dignitatis
1574 2152 1645 2192 ac
1694 2137 2161 2207 magniﬁcantiee

499 2246 627 2305 prae
658 2246 723 2287 se
744 2229 960 2300 ferens,
991 2244 1063 2285 ex
1092 2227 1206 2283 hac
1225 2226 1408 2283 turba
1436 2230 1494 2281 et
1519 2224 1856 2282 colluvione
1904 2227 2164 2283 decessit

502 2323 585 2377 Ea
608 2319 991 2378 sermonibus
1017 2315 1429 2373 delectabatur
1450 2318 1505 2370 et
1522 2315 1863 2387 sapientum
1883 2332 2161 2386 congres-

503 2408 691 2477 sibus,
737 2423 893 2482 quos
944 2405 1191 2462 maximi
1246 2403 1521 2475 faciebat,
1570 2419 1695 2459 non
1754 2405 1880 2460 sine
1936 2405 2160 2476 gaudio

506 2495 873 2566 attendebat,
901 2498 966 2551 ut
985 2494 1124 2550 hinc
1146 2492 1463 2548 manifeste
1480 2492 1827 2564 percipitur.
1841 2496 1902 2549 -Ν
1910 2510 2010 2550 am
2025 2511 2164 2550 cum

509 2584 599 2643 sol
624 2600 913 2643 cancrum
936 2597 1266 2656 peragrans
1290 2580 1539 2636 meridie
1560 2581 1892 2652 defecisset,
1919 2583 2166 2656 ipseque

506 2689 653 2731 casu
688 2674 752 2730 in
819 2687 1073 2745 regnam
1146 2670 1532 2727 accessissem
1604 2671 1725 2741 68
1796 2671 1950 2743 (loca
2024 2689 2166 2730 vero

506 2763 866 2836 Periclystra
877 2762 1036 2818 dicta
1051 2761 1378 2833 imperator
1393 2775 1531 2814 cum
1552 2759 1927 2832 imperatrice
1949 2762 2168 2818 incole-

503 2852 653 2925 bat),
685 2851 956 2909 defectus
986 2866 1241 2908 causam
1271 2865 1308 2906 a
1356 2865 1452 2905 me
1503 2850 1799 2922 poposcit.
1855 2855 1984 2923 ipse
2038 2857 2164 2908 tum

504 2943 770 3018 primum
799 2941 1177 3016 philosophee
1208 2939 1445 2996 arcanis
1474 2955 1511 2996 a
1543 2939 1810 3012 sapiente
1837 2941 2167 2998 Blemmida

498 3032 769 3091 imbutus
797 3035 1074 3089 accurate
1102 3046 1231 3087 rem
1260 3045 1386 3086 non
1414 3033 1688 3101 poteram
1719 3029 2037 3102 explicare,
2092 3047 2165 3087 ex

2343 1782 2435 1836 λθ’·
2472 1785 2549 1837 Οὐ
2580 1784 2738 1847 πολὺς
2769 1786 3035 1861 παρεῤῥύη
3064 1790 3277 1862 χρόνος,
3320 1792 3409 1840 καὶ
3451 1788 3481 1839 ό
3537 1787 3818 1846 Μανουὲλ
3861 1785 3905 1846 ἐξ

2274 1871 2554 1946 ἀνθρώπων
2602 1872 2816 1946 ἐγένετο,
2888 1875 3185 1949 μεταμελος,
3228 1879 3300 1938 ὡς
3346 1877 3547 1949 ἔλεγον,
3613 1886 3737 1930 τῶν
3808 1896 3902 1929 πα-

2271 1961 2543 2037 ραϐάσεων
2601 1972 2702 2015 τῶν
2756 1968 2886 2039 πρὸς
2934 1968 3021 2017 τὸν
3069 1963 3294 2039 βασιλέα
3363 1970 3674 2039 γενόμενος.
3766 1972 3897 2022 Θνή-

2275 2051 2526 2123 σκει(7ἒ’›)
2555 2048 2614 2104 δὲ
2638 2054 2778 2111 καὶή
2828 2052 3044 2125 βασιλὶς
3087 2054 3298 2127 Εἰρήνη,
3365 2059 3499 2126 γυνή
3558 2062 3903 2129 σωφροναὲ-

2274 2159 2327 2193 re
2355 2144 2441 2192 καὶ
2467 2138 2666 2215 ἀρχικὴ
2699 2142 2807 2214 (76)
2840 2146 2930 2194 καὶ
2968 2143 3098 2194 πολὺ
3142 2146 3201 2195 τὸ
3253 2144 3526 2216 μεγαλεῖον
3594 2142 3901 2198 ἐπιδεικνυ-

2273 2233 2398 2302 μένη
2424 2232 2483 2281 τό
2517 2228 2804 2302 βασίλειον.
2836 2229 3062 2305 Ἐχαιρε
3092 2227 3152 2284 δὲ
3199 2237 3289 2285 καὶ
3340 2232 3519 2304 λόγοις
3573 2240 3679 2286 καὶ
3735 2242 3898 2307 σοφοῖν

2276 2320 2505 2391 ἠκροᾶτο
2544 2319 2657 2391 μεθ’
2715 2316 2932 2385 ἡδονῆς,
2987 2321 3173 2394 Ἐτίμα
3230 2318 3290 2375 δὲ
3342 2324 3569 2385 τούτους
3633 2322 3897 2399 ὑπερϐαὶο

2273 2408 2482 2478 λόντως,
2515 2412 2580 2469 ὡς
2610 2411 2752 2461 ἔστιν
2783 2409 2838 2462 ἐκ
2884 2412 3071 2463 τούτου
3130 2420 3341 2483 γνῶναι.
3400 2416 3505 2465 Καὶ
3561 2415 3675 2485 γὰρ
3750 2412 3899 2465 £21.25-

2273 2497 2407 2569 ψεως
2434 2502 2706 2570 γενομένης
2755 2498 2905 2557 ἡλίου
2972 2504 3054 2553 τόν
3111 2506 3354 2575 καρκίνον
3410 2498 3764 2564 διοδεύοντος
3789 2508 3896 2576 περὶ

2276 2586 2625 2662 μεσημϐρίαν,
2682 2587 2884 2664 ἐπείπερ
2939 2590 3094 2652 αὐτὸς
3147 2590 3283 2642 οὕτω
3344 2589 3553 2664 συμϐὰν
3655 2593 3713 2645 ἐν
3796 2602 3898 2653 τοῖς

2278 2675 2564 2749 βασιλείοις
2599 2677 2828 2736 ἀπῆλθον
2898 2678 3204 2750 (ἐσκηνοῦτο
3257 2676 3316 2733 δὲ
3349 2686 3465 2756 περὶ
3520 2686 3651 2743 τοὺς
3701 2688 3895 2743 τόπους

2276 2764 2366 2827 οὓς
2403 2766 2724 2838 ὀνομάζουσι
2760 2767 3119 2843 Περίκλυστρα
3146 2773 3240 2821 σὺν
3280 2776 3344 2842 τῇ
3374 2767 3631 2841 βασιλίδι
3666 2773 3696 2823 ό
3742 2771 3894 2845 βασις

2275 2855 2433 2927 λεὺς),
2476 2857 2715 2930 ὴρώτηκέ
2761 2876 2824 2930 με
2874 2862 2969 2916 τὴν
3024 2866 3120 2920 τῆς
3167 2856 3437 2930 ἐκλείψεως
3503 2861 3712 2916 αἰτίαν.
3799 2866 3887 2915 Καὶ

2277 2945 2429 3006 αὐτὸς
2505 2949 2595 3018 μὲν
2652 2945 2881 3022 ἀκριϐῶς
2955 2947 3050 3000 οὐκ
3143 2947 3287 3021 εἰχον
3364 2950 3509 3025 (ἄρτι
3602 2955 3706 3003 καὶ
3796 2953 3890 3024 γὰρ

2274 3042 2375 3085 τῶν
2398 3042 2491 3095 τῆς
2511 3034 2815 3107 φιλοσοφίας
2857 3036 3077 3109 ἡψάμην
3126 3038 3314 3111 ὀργίων
3378 3041 3523 3113 παρὰ
3577 3048 3679 3091 τοῦ
3731 3046 3887 3112 σοροῦ

511 3123 870 3197 memetipso
894 3126 1117 3188 tamen,
1148 3121 1317 3193 quod
1342 3134 1452 3192 par
1478 3122 1621 3186 erat,
1645 3119 1975 3177 decernens
2005 3120 2164 3177 lunae

2277 3119 2569 3195 Βλεμμίδου
2619 3120 3016 3197 διδασκόμενος)
3074 3127 3213 3198 ὅμως
3277 3130 3450 3199 μέντοι
3522 3129 3660 3202 παρ’
3736 3129 3888 3182 αὐτοῦ

509 3212 1030 3286 interpositionem
1088 3209 1431 3267 adumbrati
1480 3208 1622 3266 solis
1703 3226 1956 3266 causam
2033 3226 2166 3267 esse

509 3302 775 3371 enuntio,
806 3301 1116 3373 viderique
1142 3299 1331 3356 solem
1356 3298 1611 3356 deficere
1648 3315 1710 3355 re
1755 3316 1895 3357 vera
1940 3300 2167 3357 lumine

511 3406 637 3449 non
650 3390 998 3464 spoliatum,
1026 3388 1132 3444 sed
1144 3388 1343 3462 potius
1364 3388 1517 3444 lunae
1530 3388 1829 3445 defectum
1844 3406 1994 3461 esse,
2019 3390 2167 3446 dum

512 3478 577 3536 in
613 3479 902 3536 umbram
927 3483 1097 3534 terras
1117 3476 1343 3544 incidit,
1367 3477 1866 3549 quandoquidem
1892 3478 1993 3534 illa
2023 3478 2165 3535 solis

516 3568 832 3641 splendore
863 3567 1150 3624 renideat.
1195 3566 1309 3623 Sed
1359 3582 1498 3621 cum
1565 3566 1754 3622 oratio
1812 3567 1872 3622 in
1916 3566 2167 3638 longum

514 3655 978 3730 protraheretur,
1003 3655 1162 3711 dicta
1197 3653 1504 3711 refellebat
1551 3654 1828 3711 Nicolaus
1874 3656 2165 3725 medicus,

513 3746 607 3803 vir
629 3744 974 3803 nullatenus
998 3743 1063 3801 in
1105 3743 1451 3817 philosopia
1501 3748 1796 3810 versatus,
1860 3750 1982 3801 arte
2026 3762 2167 3803 vero

513 3851 702 3908 quam
720 3834 849 3909 ipse
887 3832 1280 3908 proﬁtebatur
1304 3832 1580 3903 eximius,
1632 3839 1689 3890 et
1732 3850 1803 3890 ea
1867 3836 2166 3908 praecipue

511 3940 647 3998 quae
660 3924 1025 3998 experientia
1036 3922 1786 3997 comparetur,imperatrici
1800 3940 2167 3997 summopere

512 4014 750 4084 charus,
815 4019 873 4072 et
920 4014 1227 4072 actuarius
1277 4013 1584 4083 dignitate.
1646 4015 1793 4069 Cum
1819 4013 1912 4069 ille
1965 4015 2167 4087 itaque

511 4109 861 4178 opponeret,
889 4103 1016 4176 ipse
1065 4118 1209 4159 vero
1275 4102 1472 4177 magis
1522 4117 1592 4158 ac
1646 4103 1842 4173 magis
1892 4103 2167 4173 garrulus

511 4191 899 4259 blaterarem,
956 4192 1108 4249 inter
1165 4191 1584 4248 disserendum
1642 4208 1738 4247 me
1818 4193 2167 4265 imperatrix

513 4286 685 4356 μωρὸν
706 4283 881 4355 quasi
911 4298 1170 4354 puerum
1204 4281 1604 4355 compellavit;
1654 4283 2047 4354 postmodum
2096 4301 2167 4342 ac

2275 3220 2347 3283 τῷ
2377 3216 2492 3265 τότε
2522 3214 2642 3265 ὅσον
2669 3209 2729 3271 ἦν
2769 3214 2908 3277 εἰκὸς
2945 3213 3186 3286 ἐπιγνοὺς
3236 3219 3331 3274 τήν
3387 3220 3444 3268 τέ
3498 3223 3593 3276 τῆς
3662 3219 3889 3278 σελήνης

2276 3300 2665 3377 ἐπιπρόσθησιν
2724 3303 2897 3356 αἰτίαν
2949 3313 3047 3366 τῆς
3092 3306 3439 3366 ἑπισκιοὶσεως
3491 3304 3671 3378 ἔλεγον
3740 3306 3885 3374 εἶναι,

2275 3397 2366 3443 καὶ
2399 3388 2569 3444 δοκεῖν
2613 3395 2704 3465 μὲν
2771 3390 3017 3445 ἐκλείπειν
3074 3397 3160 3445 τὸν
3220 3393 3385 3463 ἥλιον,
3439 3393 3534 3447 οὐκ
3600 3393 3782 3455 ἀληθῆ
3835 3393 3889 3448 6":

2278 3481 2407 3533 εἶναι
2455 3485 2548 3540 τὴν
2568 3488 2663 3542 τῆς
2707 3483 2906 3555 φάσεως
2963 3486 3225 3556 στέρησιν,
3289 3483 3477 3556 μᾶλλον
3502 3487 3688 3557 μέντοι
3737 3486 3886 3539 τοῦτο

2276 3575 2370 3628 τὴν
2400 3569 2617 3629 σελήνην
2645 3572 2900 3643 πάσχειν,
2943 3570 3066 3624 ἐπὰν
3107 3580 3179 3644 τῷ
3226 3576 3519 3646 σκιάσματι
3577 3573 3787 3650 ἐμπέσῃ
3814 3584 3880 3645 τῷ

2276 3667 2372 3721 τῆς
2398 3667 2516 3731 γῆς,
2549 3656 2643 3712 διὰ
2669 3663 2729 3713 1'6
2763 3659 2816 3722 ἐξ
2841 3660 2991 3718 ἡλίου
3022 3665 3078 3713 1'6
3114 3665 3304 3733 φέγγός
3350 3661 3555 3734 αὐχεῖν.
3622 3662 3775 3717 Ἐπεὶ
3826 3662 3880 3717 δὲ

2277 3751 2302 3800 ό
2332 3748 2480 3821 λόγος
2524 3748 2607 3802 ἐπὶ
2653 3754 2911 3822 μήκιστον
2969 3755 3314 3823 παρετείνετο,
3372 3750 3606 3823 ἀντέλεγε
3663 3749 3729 3805 δε
3784 3761 3879 3814 τοῖς

2275 3837 2566 3911 λεγομενοις
2596 3840 2621 3890 ό
2659 3839 2837 3915 ἰατρός
2856 3839 3134 3909 Νικόλαος,
3159 3839 3287 3916 ἀνὴρ
3342 3845 3538 3900 ἣκιστα
3596 3844 3689 3914 μὲν
3745 3843 3875 3915 φιλο-

2277 3933 2458 4000 σοφίας
2496 3934 2801 4001 μετασχὼν,
2846 3931 3005 4004 ἄκρος
3035 3927 3094 3983 δὲ
3146 3935 3240 3989 τὴν
3298 3931 3489 3983 οἰκείαν
3542 3935 3742 4003 τέχνην
3793 3937 3876 3984 καί

2275 4018 2506 4091 μάλιστα
2560 4023 2654 4077 τὴν
2708 4016 2802 4071 διὰ
2850 4025 3031 4093 πείράς
3095 4026 3481 4094 γινωσκομένην
3566 4022 3747 4091 (πάνυ
3822 4020 3877 4075 δὲ

2276 4107 2422 4168 οὗτος
2446 4109 2685 4180 ἠγαπᾶτο
2709 4116 2773 4181 τῇ
2816 4106 3085 4181 βασιλίδι,
3149 4108 3461 4185 ἀκτουαρίου
3522 4106 3583 4163 δὲ
3633 4112 3752 4183 εἶχε
3793 4132 3869 4164 τι·

2285 4198 2410 4269 μην)
2440 4197 2643 4250 -ἑπεὶ
2693 4205 2818 4269 γοῦν
2880 4197 3136 4270 ἀντέλεγεν
3195 4199 3362 4267 οὗτος,
3415 4198 3572 4261 αὐτὸς
3621 4196 3681 4252 δε
3737 4202 3873 4254 πλέον

2285 4284 2709 4358 ἐστωμυλλόμην,
2744 4288 2794 4338 ἓν
2852 4295 2924 4359 τῷ
2971 4288 3165 4361 μεταξύ
3215 4295 3314 4340 τῶν
3361 4288 3644 4361 λεγομένων
3703 4292 3869 4342 επεκεὶ-

516 4371 567 4427 si
587 4371 867 4428 indecore
904 4370 1158 4441 fecisset,
1208 4371 1286 4427 ad
1353 4370 1777 4443 imperatorem
1852 4388 2165 4441 conversa,

2282 4375 2397 4428 λεσέ
2424 4394 2486 4448 με
2516 4378 2545 4434 ἡ
2581 4373 2793 4447 βασιλὶς
2819 4380 3013 4451 μωρόν,
3049 4373 3158 4429 εἶτα
3184 4373 3252 4436 δὴ
3287 4379 3356 4439 ὦς
3376 4381 3468 4452 πέρ
3513 4397 3566 4429 τι
3613 4378 3669 4430 οὗ
3718 4399 3870 4454 προσ-

519 4481 547 4511 ‹‹
578 4458 923 4515 Indecenter
946 4459 1149 4531 itaque
1178 4459 1310 4528 feci,
1344 4480 1373 4509 »
1405 4459 1503 4528 ait,
1540 4480 1567 4510 ‹‹
1599 4458 1748 4515 dum
1785 4460 1947 4516 hunc
1997 4467 2169 4538 μωρὸν

516 4547 885 4622 nuncupavi.
900 4568 929 4598 »
950 4549 1020 4604 Et
1037 4546 1382 4620 imperator,
1408 4568 1436 4597 «
1457 4550 1587 4603 Non
1629 4563 1854 4604 novum
1867 4549 2015 4605 illud
2026 4558 2171 4620 est,»

517 4636 717 4711 inquit
765 4653 778 4692 :
844 4658 866 4687 ι
926 4635 1409 4693 adolescentulus
1452 4651 1718 4709 namque
1763 4642 1871 4695 est.
1922 4659 1950 4688 »
2001 4640 2171 4698 Tunc

515 4725 744 4801 quippe
764 4741 930 4783 eram
963 4741 1153 4781 unum
1173 4728 1231 4782 et
1258 4725 1465 4797 viginti
1494 4740 1689 4781 annos
1718 4730 1897 4782 natus
1949 4747 1961 4792 ;
2012 4729 2172 4786 ideo-

517 4832 636 4892 que
650 4815 850 4873 similis
861 4814 1186 4890 appellatio
1196 4815 1362 4872 haud
1379 4814 1730 4872 dedecebat.
1749 4818 1816 4873 Et
1829 4816 2173 4891 imperatrix

2282 4472 2407 4523 ἧκον
2460 4463 2810 4537 ἐργασαμένη,
2881 4468 3011 4539 πρὸς
3095 4469 3182 4518 τόν
3264 4464 3488 4538 βασιλέα
3566 4470 3869 4540 στραφεῖσᾱ,

2283 4575 2310 4603 ‹‹
2344 4553 2609 4626 Ἀπρεπῶς
2637 4557 2740 4627 οῐρα
2771 4554 3013 4627 εἰρήκειν,
3042 4575 3071 4605 )>
3134 4557 3254 4627 ἔφη,
3306 4576 3334 4605 ‹‹
3373 4554 3647 4607 καλέσασα
3696 4563 3870 4609 τοῦτον

2280 4647 2452 4719 μωρόν
2480 4643 2616 4714 (77).
2644 4666 2673 4693 »
2707 4645 2855 4697 Καὶό
2900 4642 3171 4716 βασιλεὺς,
3238 4664 3269 4699 ‹
3310 4644 3387 4697 Οὐ
3434 4649 3634 4713 καινόν,
3701 4649 3872 4722 μειρά-

2280 4753 2389 4786 κιον
2410 4735 2509 4807 γὰρ
2542 4734 2699 4788 ἐστιν.
2754 4754 2784 4784 »
2845 4736 3028 4786 Εἴκοσι
3074 4736 3176 4808 γὰρ
3219 4737 3311 4787 σὺν
3344 4734 3415 4787 ἐνὶ
3462 4738 3577 4788 τότε
3635 4735 3871 4810 ὑπῆρχον

2283 4821 2426 4889 ἑτῶν,
2459 4826 2548 4875 καὶ
2590 4822 2648 4875 οὐ
2702 4824 2920 4896 πάμπαν
2967 4820 3162 4895 ἀπᾴδει
3218 4827 3404 4877 τοὺτοῠ
3451 4826 3511 4875 1'6
3569 4828 3869 4900 πρόσρημα,

586 4944 635 5022 ξς
672 4938 763 5022 οὖν
791 4947 887 5002 τὴν
912 4938 1263 5022 Δημητριάδα
1289 4939 1525 5022 κάκεῖθεν
1555 4943 1639 5022 Ι).¹
1698 4942 1743 5022 ⁵]
1793 4948 2024 5022 καὶ-τῷν
2080 4950 2391 5020 ποισάμενος
2439 4942 2580 5004 add.
2646 4951 2711 5004 D.
2788 4949 2836 4984 ⁵³
2896 4954 3281 5010 Κωνσταντῖνος
3318 4949 3449 5002 ὥστε
3488 4949 3582 5022 μὲν
3613 4944 3784 5007 dim
3809 4950 3869 5005 D.

586 5016 636 5053 ω
666 5010 839 5089 ἧπχεν
866 5047 938 5057 _
966 5010 1158 5088 ﬁsqﬁe
1182 5014 1260 5072 ad
1284 5013 1596 5086 καλούμενος
1624 5015 1755 5085 (σοι.
1789 5017 1925 5072 1074
1958 5019 2089 5087 Bis
2118 5035 2219 5075 om
2244 5010 2312 5077 ἰ).

1404 5139 1747 5206 Theodori
1794 5140 2045 5209 Dousae
2094 5151 2161 5209 et
2208 5142 2462 5211 Leonis
2510 5143 2744 5212 Allatii
2793 5153 2996 5213 notae.

586 5266 701 5337 (75)
729 5270 973 5324 Θνήσκει.
1017 5266 1213 5322 Mortis
1251 5280 1522 5333 causam,
1578 5281 1768 5337 quam
1823 5266 1919 5322 hic
1990 5266 2173 5324 tacuit

519 5336 887 5409 Aeropolita,
909 5341 1115 5393 narrat
1138 5338 1431 5409 Gregoras
1466 5352 1529 5408 p.
1559 5336 1647 5409 [ᾖ.
1675 5340 1814 5391 ALL.

590 5407 973 5484 76“Σωρονική
1045 5426 1110 5484 τε-
1165 5412 1254 5459 καὶ
1307 5407 1530 5484 ἀρχικῂ.
1588 5407 1755 5462 Irene
1798 5411 1855 5462 et
1925 5408 2171 5464 Joannis

520 5477 711 5560 Ducas
730 5477 1007 5560 pietatem
1036 5478 1276 5560 aliaque
1305 5477 1564 5560 a'd;pi‘os
1623 5494 1767 5560 usus
1819 5494 2003 5560 opera
2036 5497 2168 5551 pro-

522 5549 793 5623 sequitur
796 5552 1092 5623 gregoras
1111 5549 1358 5606 ibidem.
1381 5549 1456 5606 de
1478 5550 1592 5606 hac
1614 5552 1826 5607 eadem
1847 5549 2171 5623 Pachy‘me~

523 5619 649 5677 riu—3
681 5620 746 5677 in
771 5620 1047 5678 Historia.
1069 5627 1202 5677 ALL.

2352 5270 2482 5343 (77).
2515 5268 2796 5343 Καλέσασα
2832 5277 3013 5323 τοῦτον
3043 5273 3271 5343 μωρόνη
3288 5272 3463 5326 Anna
3526 5270 3860 5343 Commena,

2278 5340 2504 5396 Histor.
2536 5340 2638 5416 lib.
2669 5346 2868 5416 yHKai
2918 5344 2946 5399 ἡ
2982 5340 3196 5416 δατέρου
3235 5341 3412 5415 ἅτερον
3482 5340 3578 5392 οὐκ
3636 5340 3862 5416 ἐλανᾷανε

2282 5412 2619 5482 σχέσις.Καὶ
2639 5412 2712 5475 εἰς
2748 5414 2895 5487 ἔργον
2954 5411 3112 5465 οὔπω
3262 5411 3353 5474 τῆς
3397 5418 3611 5499 γνώμης
3663 5411 3859 5465 ἀπέϐαι-

2278 5502 2377 5549 νεν,
2424 5485 2558 5535 ἔνθεν
2597 5503 2679 5559 τοι
2725 5482 2819 5536 και
2861 5488 3032 5559 πωρόν
3082 5483 3306 5547 καλέσας
3360 5482 3517 5536 αὐτόν
3567 5482 3855 5538 ἐπυνθάνετο

2277 5553 2458 5627 λέγων,
2479 5559 2543 5608 Τί
2568 5551 2673 5607 ὦδέ
2699 5551 3137 5625 ποὶησων’ἣκεις;
3172 5562 3303 5611 ALL.
