3988 6322
63 359 237 415 1073

1648 354 1971 412 ANNALES

3357 367 3491 423 1074

54 481 229 537 Ἀλλ’
266 484 307 541 ἡ
341 480 581 555 βασιλίς,
609 502 639 532 ι(
666 481 745 535 Οὐ
771 484 965 556 χρεὼν,
998 501 1026 530 ››
1057 481 1210 552 φησί,
1236 497 1265 533 ‹
1297 480 1384 531 τὸν
1411 476 1721 552 φιλοσόφους

1836 500 1865 530 ‹‹
1905 481 1976 537 At
2040 478 2286 537 minime
2329 494 2486 552 opus
2527 483 2616 537 est
2666 480 3118 556 philosophicos
3183 502 3491 552 sermones

57 576 285 643 λόγους
312 574 643 647 προφέροντα
672 574 869 625 οὑτωσί
927 590 989 642 γε
1049 570 1543 645 προσαγορευθῆναι
1586 569 1713 643 παρ’

59 663 269 734 ἡμῶν.
332 682 366 711 n
431 662 588 714 Ταῦτ’
643 659 808 730 εἶπον,
866 662 935 721 ὡς
995 658 1057 711 ἂν
1118 663 1527 735 παραστήσαιμι
1588 660 1722 721 ὅπως

63 770 129 804 τε
161 752 324 810 αὐτὴ
370 750 535 823 ἐφίλει
576 754 699 813 τούς
753 750 940 823 λόγους
995 753 1085 802 καὶ
1114 752 1235 812 τοὺς
1286 749 1472 821 λόγους
1515 746 1723 812 εἰδότας

62 843 328 902 τούτους
383 839 546 914 ἐτίμα.
606 845 838 899 Θνήσκει
888 843 1000 913 μὲν,
1053 842 1123 901 ὡς
1178 842 1320 909 ἔφην,
1396 841 1426 897 ἡ
1512 836 1722 911 βασιλίς

62 930 259 997 αὕτη,
298 926 454 1002 οἶμαι
484 926 544 983 δί
568 934 658 983 καὶ
677 933 772 989 τὴν
815 938 907 982 τοῦ
956 929 1106 988 ἡλίου
1172 927 1401 999 ἔκλειψιν
1451 930 1537 980 τὸν
1597 930 1721 980 ταύ-

63 1031 179 1082 της
226 1026 588 1094 προσημᾶναι
641 1022 879 1075 θάνατον.
940 1024 1043 1073 Καὶ
1095 1023 1336 1091 κομήτης
1382 1014 1442 1070 δὲ
1481 1020 1582 1093 πρὸ
1618 1037 1720 1091 μη-

65 1118 186 1161 νῶν
221 1109 289 1173 ἓξ
308 1112 510 1186 περὶτὰ
541 1112 696 1183 μέρος
726 1107 945 1182 ἀνεφάνη
975 1116 1068 1161 τοῦ
1106 1107 1277 1183 Βοῤῥᾶ
1308 1129 1321 1140 ·
1383 1104 1445 1166 ἧν
1505 1103 1564 1160 δε
1611 1127 1720 1159 πω-

65 1203 321 1270 γωνίας,
380 1202 472 1251 καὶ
525 1194 774 1273 διήρκεσε
812 1207 980 1271 μῆνας
1038 1205 1196 1269 τρεῖς,
1263 1196 1369 1267 ούχ
1454 1196 1525 1250 ἑνὶ
1576 1200 1717 1268 τόπῳ

68 1287 197 1341 ἀλλ’
221 1288 284 1341 ἐν
316 1286 600 1364 διαφόροις
634 1293 955 1362 φαινόμενος.
988 1291 1135 1342 Μετὰ
1199 1286 1385 1361 βραχὺ
1443 1284 1500 1340 δὲ
1555 1292 1645 1339 καὶ
1691 1288 1717 1340 6

70 1378 426 1452 Βουλγάρων
455 1381 639 1452 ἄρχων
693 1380 853 1431 Ἀσὰν
892 1378 947 1441 ἐξ
975 1372 1256 1453 ἀνθρώπων
1310 1375 1523 1448 ἐγένετο,
1593 1374 1715 1451 ἀνὴρ

73 1466 133 1519 ἓν
172 1465 489 1543 βαρϐάροις
518 1469 732 1543 ἄριστος
763 1466 842 1541 [Ρ.
881 1468 969 1539 35]
1019 1466 1313 1539 ἀναφανεὶς,
1370 1465 1464 1518 οὐκ
1521 1464 1569 1517 ἐν
1612 1473 1718 1527 τοῖς

74 1556 314 1618 οἰκείοις
344 1562 521 1630 μόνον,
551 1556 681 1609 ἀλλὰ
701 1576 759 1629 γε
785 1554 850 1615 δὴ
880 1562 970 1609 καὶ
997 1563 1108 1617 τοῖς
1166 1554 1454 1630 ἀλλοτρίοις
1487 1576 1499 1589 ·
1557 1553 1717 1630 ἐχρή-

79 1664 229 1697 σατο
263 1651 364 1698 καὶ
415 1649 517 1720 γὰρ
576 1645 1052 1721 φιλανθρωπότερον
1110 1652 1219 1707 τοῖς
1270 1648 1715 1719 προσερχομένοις

78 1734 242 1806 αὐτῷ
267 1733 517 1806 ἐπήλυσι,
569 1739 654 1788 καὶ
704 1735 937 1809 μάλιστα
991 1742 1101 1796 τοίς
1150 1733 1444 1807 Ῥωμαίοις,
1499 1738 1588 1785 καὶ
1637 1753 1716 1804 φι-

1832 573 2294 642 pertractantem
2317 570 2401 626 sic
2430 586 2466 626 a
2489 570 2665 626 nobis
2696 572 3064 644 compellari.
3099 597 3128 627 ››
3170 577 3312 637 Haec
3355 582 3493 642 ideo

1832 658 2045 715 effatus
2061 675 2194 715 sum
2205 702 2218 726 ,
2234 664 2299 716 ut
2310 663 2606 733 quantum
2619 660 2751 732 ipsa
2765 663 3145 722 sermonibus
3158 662 3494 730 afficeretur

1831 751 1889 804 et
1916 763 2265 805 sermonum
2299 749 2583 804 similium
2615 764 2836 819 gnaros
2863 751 3209 825 honoraret,
3236 757 3490 834 eluceat,

1830 837 2069 894 Moritur
2098 852 2261 909 ergo,
2285 842 2349 893 ut
2377 837 2523 907 dixi,
2546 838 2675 894 haec
2697 839 3064 911 imperatrix,
3095 844 3489 924 existimoque

1830 927 1949 998 96
1982 926 2121 982 solis
2151 926 2445 982 defectum
2500 927 2658 983 illius
2716 933 2973 986 mortem
3030 936 3486 1004 praenuntiasse.

1830 1016 2076 1073 Cometa
2112 1015 2313 1083 etiam,
2369 1030 2442 1071 ex
2484 1031 2694 1073 eorum
2746 1018 2946 1090 specie
2996 1034 3152 1092 quos
3197 1021 3486 1085 barbatos

1829 1104 2104 1173 dicimus,
2135 1109 2271 1161 ante
2319 1120 2424 1161 sex
2474 1120 2712 1162 menses
2766 1107 2827 1163 in
2879 1108 3185 1170 Borealem
3237 1113 3486 1187 plagam

1828 1193 2483 1268 apparuit,suffecitque
2514 1210 2752 1252 menses
2791 1200 2905 1255 tres
2936 1214 3059 1258 non
3086 1219 3208 1260 uno
3236 1204 3301 1261 in
3327 1204 3487 1262 loco-

1827 1283 1931 1340 sed
1965 1283 2082 1339 alio
2126 1288 2307 1356 atque
2353 1284 2470 1341 alio
2523 1284 2865 1355 divagatus.
2924 1291 3041 1347 Nec
3095 1293 3286 1352 multo
3343 1297 3482 1368 post

1830 1372 2221 1441 Bulgarorum
2251 1374 2529 1446 princeps
2593 1378 2828 1432 Asanus
2889 1378 3011 1437 vita
3063 1383 3335 1450 excessit,
3395 1383 3485 1440 vir

1824 1462 1976 1518 inter
2004 1462 2298 1520 barbaros
2328 1464 2613 1536 optimus,
2653 1481 2763 1521 nec
2813 1469 3072 1541 propriis
3130 1472 3317 1530 modo
3378 1472 3486 1529 sed

1825 1551 2035 1608 alienis
2068 1553 2245 1609 etiam
2277 1554 2501 1625 optime
2528 1570 2673 1610 usus
2715 1572 2728 1610 :
2788 1556 3207 1617 humaniorem
3264 1561 3486 1619 etenim

1825 1657 1963 1696 cum
1988 1640 2236 1697 advenis
2250 1640 2328 1697 ad
2347 1657 2485 1698 eum
2501 1645 3014 1719 concurrentibus,
3030 1652 3087 1704 et
3105 1649 3486 1721 potissimum
3504 1690 3522 1707 .

1824 1731 2129 1799 Romanis,
2145 1731 2364 1802 quibus
2382 1731 2701 1801 magniﬁce
2721 1734 3020 1806 stipendia
3031 1738 3486 1810 numerabat,se

76 1824 334 1897 ).οτίμως
395 1825 574 1887 αὐτοῖς
627 1832 850 1899 παρεῖχε
896 1827 963 1877 τὰ
1041 1829 1339 1896 σιτηρέσια.
1419 1822 1560 1875 Ἐπεί
1626 1818 1713 1875 οὖν

1824 1819 2096 1891 praebuit.
2133 1822 2212 1875 Eo
2238 1819 2354 1876 vita
2382 1819 2586 1877 functo
2612 1821 2977 1880 Callimanus
2998 1826 3127 1897 ejus
3147 1842 3220 1884 ex
3247 1829 3488 1899 Ungara.

81 1913 262 1975 αὐτὸς
325 1912 599 1985 ἐτεθνήκει,
654 1917 680 1967 6
734 1916 847 1977 υἱός
903 1915 1083 1981 αὐτοῦ,
1116 1913 1170 1966 ὃν
1223 1913 1543 1984 Καλλιμάνον
1575 1913 1713 1964 ὠπό-

81 2003 295 2074 μαξον,
347 2002 406 2055 ἔκ
448 2012 544 2065 τῆς
602 2004 652 2067 ἐξ
702 2002 956 2076 Οὓγγρων
999 2006 1168 2074 τούτῳ
1211 2005 1573 2075 γεγεννημένος
1619 2006 1712 2067 τὴν

84 2091 285 2165 ἀρχὴν
316 2090 618 2157 ἀνεδέξατο,
648 2093 746 2147 Ἦν
793 2090 852 2146 δε
899 2100 972 2164 τῷ
1019 2095 1237 2163 τοιούτῳ
1289 2090 1594 2163 Καλλιμάνῳ
1623 2096 1713 2144 καὶ

81 2182 552 2255 αὐτοκασιγνήτη,
593 2184 653 2245 ἧς
684 2182 913 2255 τοῦνομα
961 2184 1173 2255 Θάμαρ.
1233 2184 1317 2235 Ἐκ
1375 2177 1435 2233 δὲ
1480 2190 1576 2243 τῆς
1620 2188 1711 2233 τοῦ

80 2270 362 2344 Ἀγγέλου
387 2274 646 2347 θυγατρὸς
690 2280 764 2343 τῷ
794 2272 959 2325 Ἀσὰν
1015 2278 1152 2347 τρεῖς
1205 2267 1395 2331 παῖδες
1449 2273 1712 2341 γεγέννην-

82 2379 201 2431 ται,
242 2360 415 2436 ἅρῥην
446 2363 472 2413 ό
522 2361 764 2434 Μιχαὴλ,
816 2363 873 2413 αἱ
915 2360 1136 2426 θήλειαι,
1188 2362 1252 2420 ὡς
1313 2359 1622 2434 εἰρήκειμεν,
1675 2360 1707 2417 ἡ

83 2455 278 2523 Μαρία
306 2456 400 2503 καὶ
437 2452 468 2510 ἡ
501 2450 759 2505 ⁴Ἀνναβο
802 2452 891 2522 μὲν
941 2450 1029 2502 οὗν
1081 2449 1405 2521 Καλλιμάνος
1460 2453 1554 2506 τὴν
1610 2469 1711 2501 πα-

77 2544 280 2614 τρικήν
309 2538 486 2613 ἀρχὴν
518 2538 912 2611 ἁναζωσάμενος
952 2543 1043 2590 καὶ
1092 2540 1186 2598 τὰς
1223 2540 1354 2610 μετὰ
1407 2543 1497 2589 τοῦ
1551 2535 1710 2609 βασι-

80 2627 215 2691 λέως
268 2629 509 2684 Ἰωάννου
569 2625 802 2690 σπονδὰς
850 2630 1187 2694 ἀνενεώσατο,
1237 2632 1322 2679 καὶ
1372 2629 1517 2699 εἰχον
1573 2626 1711 2700 εἰρὴ-
1756 2669 1763 2674 .

83 2737 182 2776 νην
219 2716 404 2781 ἐντοῖς
424 2720 681 2778 τοιούτοις
721 2720 787 2770 τὰ
830 2718 1139 2790 πράγματα.
1197 2722 1301 2768 Τοῦ
1357 2712 1417 2767 δὲ
1463 2713 1710 2773 Μανουήλ

89 2813 191 2859 τοῦ
246 2804 476 2880 ἀδελφοῦ
518 2803 797 2882 Θεοδώρου
850 2805 1266 2865 τετελευτηκότος
1315 2808 1407 2862 τὴν
1491 2822 1711 2877 κρατου-

96 2898 262 2968 μένην
310 2897 436 2970 παρ’
488 2896 649 2949 αὐτοῦ
696 2901 878 2969 χώραν
927 2897 953 2947 6
1011 2894 1221 2965 ἀνεψιὸς
1277 2893 1436 2946 αὐτοῦ
1486 2893 1711 2965 Μιχαὴλ

96 2988 342 3057 κατέσχε
369 2990 540 3058 καὶτῇ
574 2986 733 3038 αὐτοῦ
784 2989 1126 3060 προσήρμοσε
1182 2988 1373 3055 χώρᾳ·
1443 2987 1533 3034 καὶ
1575 2978 1709 3040 ἦσαν

1822 1907 1978 1963 ﬁlius
2007 1908 2069 1963 in
2092 1908 2407 1965 dominatu
2446 1911 2733 1969 succedit.
2766 1912 3099 1971 Callimano
3127 1932 3297 1974 soror
3330 1921 3481 1988 arat,

1823 1998 1920 2053 cui
1947 1998 2226 2055 Thamari
2269 2014 2511 2055 nomen.
2546 2002 2630 2056 Ex
2656 1999 2780 2057 ﬁlia
2805 2018 2947 2060 vero
2983 2007 3191 2076 Angeli
3238 2010 3481 2065 Asanus

1825 2077 1937 2143 tres
1982 2086 2138 2143 ﬁlios
2210 2093 2574 2161 susceperat,
2644 2089 2952 2149 Michalem
3003 2095 3362 2168 masculum,
3414 2098 3482 2156 ut

1821 2175 2106 2246 diximus,
2136 2177 2379 2234 Mariam
2425 2180 2481 2234 et
2535 2181 2775 2235 Annam
2806 2179 3080 2240 feminas.
3109 2184 3477 2245 Callimanus

1821 2270 2138 2338 paternum
2174 2280 2431 2337 regnum
2457 2282 2778 2341 capessens
2802 2269 3028 2329 fmdera
3071 2289 3211 2330 cum
3248 2277 3478 2337 Joanne

1820 2356 2181 2427 imperatore
2209 2360 2476 2413 renovat.
2513 2358 2727 2432 Sicque
2758 2359 2999 2432 placida
3022 2362 3084 2419 in
3103 2380 3254 2437 pace
3271 2367 3478 2428 omnia

1819 2444 2227 2517 quiescebant.
2316 2447 2580 2503 Manuele
2674 2464 2854 2521 porro
2927 2451 3221 2510 Theodori
3295 2454 3477 2516 fratre

1820 2534 2113 2590 exstincto
2124 2534 2257 2590 loca
2270 2535 2347 2590 ab
2360 2551 2430 2591 eo
2444 2534 2689 2592 obtenta
2701 2537 2944 2594 Michael
2954 2554 3145 2613 nepos
3159 2544 3479 2616 occupavit

1819 2623 2064 2696 suisque
2075 2624 2208 2695 conj
2221 2624 2404 2680 unxit.
2422 2627 2806 2699 Rursumque
2821 2628 3171 2686 Theodorus
3186 2633 3477 2709 Angelus,

1820 2729 1961 2769 cum
1994 2712 2149 2768 ﬁlius
2202 2715 2467 2769 Joannes
2504 2715 2904 2773 Thessalonim
2958 2723 3014 2775 et
3064 2719 3481 2792 adjacentibus

1817 2802 1966 2858 locis
2028 2801 2354 2875 imperator
2403 2802 2852 2873 acclamaretur,
2897 2810 2955 2863 et
3004 2812 3259 2880 patruus
3320 2810 3480 2869 illius

1821 2893 2267 2962 Constantinus,
2298 2892 2548 2965 despota
2576 2898 2634 2948 et
2664 2893 2796 2966 ipse
2830 2895 3148 2965 vocitatus,
3207 2901 3265 2956 et
3288 2914 3479 2974 nepos

1817 2980 2006 3053 ipsius
2028 2980 2279 3037 Michael
2303 2980 2455 3038 inter
2475 2997 2536 3036 se
2560 2998 2776 3054 pacem
2800 2984 3083 3054 agebant.

99 3070 261 3135 αὖθις
289 3074 628 3148 εἰρηνεύοντες
654 3076 681 3127 6
706 3094 759 3127 τε
778 3070 1054 3147 Θεόδωρος
1078 3072 1341 3144 Ἄγγελος,
1367 3075 1452 3124 τὸν
1500 3073 1613 3123 υἱὸν
1659 3070 1818 3123 αὐτοῦ
1859 3070 2098 3128 Ἰωάννην
2154 3073 2290 3142 ἔχων
2338 3070 2386 3123 ἐν
2431 3071 2790 3145 Θεσσαλονίκη
2859 3078 2949 3127 καὶ
3004 3082 3115 3137 τοῖς
3166 3079 3283 3150 περὶ
3305 3075 3472 3138 αὐτὴν

101 3162 787 3236 βασιλικῶςφημιζόμενον,
808 3166 899 3216 καὶ
924 3164 950 3215 6
978 3164 1109 3224 θεῖος
1141 3162 1300 3214 αὐτοῦ
1360 3167 1741 3222 Κωνσταντίνος
1789 3155 2082 3222 δεσόποτης
2124 3165 2212 3212 καὶ
2251 3159 2398 3222 οὗτος
2440 3160 2771 3234 καλούμενος,
2813 3167 2904 3215 καὶ
2962 3164 2988 3216 6
3038 3162 3243 3237 ἀνεψιὸς
3303 3165 3468 3221 αὐτοῦ

100 3251 327 3324 Μιχαὴλ
364 3253 432 3308 ⁵⁸.

178 3339 335 3412 μ’.“Ο
360 3342 450 3412 μεν
496 3339 585 3392 οὖν
633 3337 881 3412 βασιλεύς
928 3339 1191 3405 Ἰωάννης,
1253 3334 1433 3397 ἐπειδὴ
1467 3339 1493 3390 ό
1548 3337 1705 3390 Βούλ-

1889 3339 1975 3393 40.
2001 3340 2330 3410 Imperator
2359 3353 2502 3409 ergo
2548 3340 2831 3411 Joannes,
2864 3343 3069 3398 Asano
3104 3341 3359 3414 Bulgaro
3388 3343 3465 3402 de

101 3449 264 3505 γαρος
313 3430 470 3481 ’ώσὰν
500 3431 550 3465 ⁵³
580 3426 813 3481 ἐκποδὼν
869 3427 1065 3500 ἐγένετο
1102 3434 1192 3481 καὶ
1248 3430 1518 3503 μειράκιον
1570 3424 1708 3500 ἦρχε

103 3526 204 3580 τῆς
259 3526 357 3570 τῶν
411 3518 736 3593 Βουλγάρων,
781 3514 963 3580 ἁδείας
1012 3514 1331 3591 δραξάμενος
1397 3516 1708 3593 ἐπεχείρησε

105 3612 206 3667 τὴν
239 3606 519 3680 βασιλικὴν
549 3607 844 3660 καταλῦσαι
871 3607 1059 3667 κλῆσιν
1118 3612 1211 3666 τὴν
1262 3606 1706 3680 ἐπεφημιζομένην

104 3705 183 3767 τῷ
210 3695 410 3771 Ἰωάννη
472 3704 545 3767 τῷ
597 3698 695 3766 υἱῷ
732 3703 823 3749 τοῦ
874 3695 1146 3768 Ἀγγέλου.
1202 3700 1303 3749 Καὶ
1357 3704 1558 3770 πρῶτον
1603 3714 1706 3768 μη-

103 3788 331 3857 νύμασιν
385 3785 713 3837 ὑποποιεῖται
775 3787 863 3837 τὸν
924 3785 1085 3837 αὐτοῦ
1158 3788 1360 3859 πατέρα
1411 3780 1704 3859 Θεόδωρον.

106 3879 214 3929 Καὶ
243 3870 377 3933 δῆτα
399 3869 501 3934 οἷος
550 3873 737 3936 ἐκεῖνος
799 3872 1103 3949 ἀπροόπτως
1160 3872 1442 3948 ἐπιχειρῶν
1495 3872 1543 3925 ἐν
1599 3879 1708 3935 τοῖς

105 3964 400 4038 πράγμασι,
460 3959 625 4035 μηδέν
667 3982 720 4016 τι
774 3971 871 4016 τῶν
922 3962 1333 4036 συμϐησομένων
1402 3960 1603 4016 ὐπιδὼν
1658 3964 1707 3999 ⁵⁸

108 4055 456 4128 προσέρχεται
483 4060 555 4123 τῷ
596 4051 810 4125 βασιλεῖ
833 4053 1067 4126 Ἰωάννη,
1113 4057 1204 4104 καὶ
1252 4048 1577 4124 ὑποδέχεται
1615 4052 1710 4103 αύ-

110 4145 200 4196 τὸν
253 4141 391 4203 οὗτος
446 4140 681 4215 ἀσμένως
735 4146 827 4194 καὶ
873 4146 1139 4215 τετίμηκε,
1209 4144 1342 4195 θεῖόν
1407 4161 1462 4195 τε
1523 4149 1705 4194 τοῦτον

110 4231 372 4285 ἀποκαλῶν
426 4230 523 4283 κᾶν
575 4238 638 4303 τῇ
686 4230 846 4283 αὐτοῦ
898 4231 1233 4302 συγκαθίζων
1291 4231 1523 4307 τραπέζῃ
1616 4236 1707 4285 καὶ

111 4330 213 4376 τῶν
250 4321 430 4375 λοιπῶν
486 4320 946 4394 φιλοφρονημοίτων
1000 4317 1341 4394 μεταδιδούς.
1435 4322 1573 4375 Ἐπεὶ
1645 4319 1706 4375 δέ

118 4418 289 4463 τοῦτον
313 4409 360 4462 ἓν
387 4416 568 4483 χεροῖν
596 4412 753 4482 ἔσχεν
775 4411 801 4462 6
833 4408 1102 4483 βασιλεὺς,
1140 4409 1297 4481 ἔτυχε
1347 4408 1406 4463 δὲ
1452 4416 1542 4463 καὶ
1593 4419 1706 4473 ταῖς

118 4503 273 4555 αὐτοῦ
301 4497 553 4573 δυνάμεσι
607 4506 726 4561 ταῖς
782 4500 1098 4573 Ῥωμαὶκαῖς
1148 4502 1447 4574 στράτευμα
1485 4501 1704 4574 ἀξιόμα-

118 4608 218 4663 χον
257 4591 524 4663 προστεθὲν
580 4586 636 4640 ἐκ
691 4589 898 4640 Σκυθῶν
954 4590 1188 4658 (τούτους
1248 4593 1348 4662 γὰρ
1414 4594 1514 4665 πρὸ
1575 4590 1706 4665 βραα

1817 3426 2019 3482 medio
2051 3426 2285 3483 sublato
2317 3431 2373 3485 et
2402 3444 2590 3501 puero
2621 3430 2741 3501 7o
2773 3429 3061 3501 Bulgaria;
3109 3431 3467 3504 imperante,

1817 3514 2131 3571 occasione
2183 3519 2420 3588 arrepta
2470 3517 2938 3590 appellationem
2994 3516 3469 3593 imperatoriam,

1816 3618 1939 3675 qua
1967 3606 2226 3660 Joannes
2255 3604 2464 3676 Angeli
2488 3605 2643 3662 ﬁlius
2673 3606 2982 3678 gestiebat,
3012 3607 3230 3665 debere
3256 3608 3369 3667 sibi
3407 3610 3472 3667 in

1816 3693 2020 3750 animo
2030 3696 3046 3768 proponens,primumTheodorum
3065 3697 3223 3755 illius
3236 3703 3471 3773 patrem

1815 3783 2024 3838 nuntio
2057 3784 2369 3841 seductum
2398 3784 2513 3840 sibi
2536 3785 2834 3853 conciliat,
2867 3786 2972 3858 qui
3001 3790 3296 3861 tanquam
3329 3793 3472 3846 tunc

1816 3887 2023 3928 recens
2049 3888 2143 3929 res
2173 3888 2520 3944 aggressus,
2554 3874 2703 3930 nihil
2732 3890 2942 3931 eorum
2964 3890 3099 3947 quae
3125 3877 3473 3948 contingere

1817 3965 2091 4032 poterant
2119 3964 2472 4035 suspicatus,
2502 3963 2582 4020 ad
2608 3965 2900 4019 Joannem
2937 3963 3364 4037 imperatorem
3403 3982 3471 4024 se

1817 4050 2061 4107 confert.
2085 4055 2412 4124 Imperator
2428 4068 2565 4109 eum
2589 4052 2803 4125 excipit
2821 4051 3253 4122 lubentissime,
3277 4055 3469 4116 hono-

1813 4140 1981 4196 ribus
2002 4139 2203 4205 afﬁcit,
2228 4145 2632 4214 patruumque
2656 4156 2881 4197 vocans
2906 4156 3117 4199 mensa
3133 4158 3204 4200 ac
3218 4143 3465 4220 reliquis

1814 4229 2203 4285 humanitatis
2223 4228 2433 4286 ofﬁciis
2459 4229 2944 4287 communicavit.
2970 4233 3294 4306 Postquam
3322 4251 3463 4295 eum

1814 4318 1874 4374 in
1896 4322 2187 4391 potestate
2214 4319 2445 4391 habuit,
2471 4322 2529 4375 et
2565 4335 2689 4376 non
2718 4320 3196 4377 contemnendus
3225 4328 3384 4382 esset
3429 4342 3462 4384 e

1816 4408 2048 4480 Scythis
2096 4409 2407 4478 exercitus,
2474 4424 2630 4481 quos
2699 4424 2824 4465 non
2867 4409 3089 4467 multos
3136 4415 3274 4470 ante
3328 4414 3458 4473 dies

1814 4496 2165 4552 muneribus
2224 4497 2522 4570 variisque
2586 4496 2895 4554 beneﬁciis
2955 4498 3068 4555 sibi
3154 4499 3463 4561 devinctos

1814 4590 1993 4657 atque
2036 4601 2107 4641 ex
2161 4586 2620 4643 immanioribus
2666 4588 2938 4645 moribus
2998 4592 3056 4646 et
3120 4591 3466 4652 Macedonia

122 4683 242 4753 χέος
262 4678 363 4749 (78)
389 4679 432 4712 ⁵⁷
464 4674 651 4752 δώροις
679 4696 734 4730 τε
770 4682 861 4729 καὶ
909 4673 1188 4740 δεξιώσεσι
1235 4678 1502 4740 ποικίλαις
1527 4681 1553 4730 6
1609 4678 1705 4753 βα-

1815 4676 2128 4732 distractos
2172 4677 2232 4731 in
2293 4676 2643 4733 orientalem
2695 4693 2868 4735 oram
2908 4677 3258 4754 deduxerat,
3320 4683 3468 4740 satis

127 4767 285 4827 σιλεύς
311 4766 541 4827 Ἰωάννης
588 4768 887 4840 χειροήθεις
940 4787 994 4819 τε
1031 4772 1307 4825 πεποίηκεν
1348 4767 1401 4830 ἐξ
1430 4770 1477 4805 ⁵⁸
1510 4768 1707 4844 ἀγριω-

123 4861 264 4931 τέρου
285 4864 369 4909 τοῦ
407 4857 586 4923 ἤθους,
643 4860 734 4909 καὶ
783 4865 877 4918 τῆς
927 4853 1238 4909 Μακεδόνων
1295 4856 1567 4911 ἀπέσπασε
1617 4864 1708 4911 καὶ

123 4948 246 5019 πρὸς
270 4947 329 4996 τὰ
355 4952 445 5006 τῆς
484 4945 548 4997 ἔω
600 4946 647 4981 ⁸9
703 4941 980 5017 διεπέρασε
1035 4945 1212 5019 μέρη),
1258 4948 1464 5008 τούτοις
1515 4947 1706 5019 μᾶλλον

126 5034 394 5109 θαρῥὴσας,
420 5038 510 5086 καὶ
548 5030 714 5106 μηδέν
768 5054 819 5086 τι
870 5031 1037 5086 δεινὸν
1083 5033 1137 5085 ἐκ
1187 5034 1490 5110 Βουλγοίρων
1545 5057 1706 5111 προσ·-

122 5121 300 5192 δοκῶν,
332 5127 385 5174 τὸ
413 5125 502 5194 μεν
535 5119 629 5176 διὰ
652 5126 743 5186 τὰς
771 5126 1108 5196 γεγενημένας
1127 5119 1375 5190 σπονδὰς,
1405 5129 1463 5177 τὸ
1511 5122 1569 5178 δὲ
1616 5132 1705 5179 καὶ

121 5211 215 5268 διὰ
239 5215 290 5264 τὸ
312 5213 405 5264 ὑπὸ
435 5217 709 5285 μειρακίου
740 5215 807 5265 τὰ
838 5221 938 5265 τῶν
976 5212 1282 5286 Βουλγάρων
1334 5209 1698 5286 διεξάγεσθαι,

1816 4768 2020 4824 animo
2051 4771 2209 4822 certo
2238 4772 2296 4822 et
2324 4768 2678 4825 conﬁrmato
2707 4769 2855 4825 nihil
2882 4769 2995 4825 sibi
3018 4769 3391 4828 incommodi
3429 4787 3469 4830 a

1817 4856 2086 4926 Bulgaris
2119 4856 2566 4928 pertimescens,
2597 4858 2817 4929 partim
2847 4862 3089 4930 propter
3117 4863 3295 4931 pacta
3324 4875 3465 4916 cum

1817 4947 1901 5003 eis
1931 4946 2095 5016 inita,
2128 4946 2346 5019 partim
2375 4947 2541 5019 quod
2586 4962 2681 5002 res
2729 4947 3123 5017 Bulgarorum
3188 4963 3227 5004 a
3275 4963 3465 5021 puero

1813 5040 2177 5106 regerentur,
2241 5051 2309 5092 ex
2356 5036 2589 5093 Oriente
2644 5035 2906 5103 solvens,
2959 5036 3461 5109 praeternavigato

1816 5123 2211 5197 Hellesponto,
2241 5141 2446 5181 secum
2475 5140 2600 5181 una
2622 5130 2680 5181 et
2708 5127 3117 5182 Romanarum
3146 5125 3462 5199 copiarum

1815 5220 1871 5271 et
1894 5215 2249 5287 Scytharum
2279 5214 2513 5271 auxiliis
2550 5214 2810 5272 advectis
2844 5214 3133 5272 adversus
3167 5217 3462 5274 Joannem

196 5354 240 5390 ⁸⁸
265 5352 498 5436 Μανουήλ
525 5356 623 5436 I_).A
664 5355 1061 5436 εδδᾼσόεζρω.
1236 5356 1284 5436 εξθ
1310 5360 1401 5436 καὶ
1441 5353 1581 5436 θῆτα
1608 5391 1676 5400 -
1705 5356 1932 5436 ὑπιδὼν]
1962 5361 1987 5413 6
2020 5356 2078 5412 δὲ
2124 5361 2191 5415 D.
2267 5359 2310 5394 ⁵⁷
2369 5360 2469 5432 πρὸ
2520 5356 2753 5433 βραχὲος
2817 5373 2941 5416 om.
3007 5361 3075 5419 D.
3150 5360 3199 5397 ⁵⁸
3248 5363 3464 5436 χειροή-

129 5429 225 5488 θεις
248 5429 510 5484 πεποίηκεν
532 5426 557 5478 6
590 5422 838 5499 βασιλεὺς
867 5424 919 5489 ἐξ
945 5428 1009 5482 D.

1088 5428 1135 5461 59
1162 5430 1287 5501 πρὸς
1315 5433 1409 5488 τὴν
1436 5430 1499 5482 ἕω
1532 5432 1597 5489 D.
1637 5431 1865 5487 omisso
1910 5428 2075 5506 ’μερη.

994 5550 1333 5620 Theodori
1383 5554 1634 5623 Dousa:
1683 5565 1749 5622 et
1793 5555 2048 5623 Leonis
2098 5553 2334 5625 Allatii
2383 5562 2586 5621 notaa.

199 5695 300 5767 (78)
324 5693 544 5755 Τούτους
571 5695 673 5770 γὰρ
700 5696 799 5769 πρὸ
827 5691 1078 5770 βραχέος.
1114 5696 1423 5768 Gergoras,
1454 5713 1515 5771 p.
1545 5702 1635 5769 37,
1664 5698 1731 5755 bl‘

1815 5698 2037 5756 issime.
2080 5698 2216 5755 ALL.
