3988 6322
471 304 612 360 1075

1756 293 2043 352 GEORGII
2066 295 2538 353 ACROPOLITJE

3755 304 3867 356 1076

473 425 911 486 Thessalonica:
929 421 1306 497 imperatoris
1331 421 1445 478 sibi
1466 437 1686 477 nomen
1717 422 2123 478 vindicantem
2157 442 2172 474 Α

2255 419 2449 495 Ξιπάρας
2498 430 2584 483 τῆς
2635 423 2698 476 ἓω
2749 426 2774 476 6
2828 424 3079 498 βασιλεὺς
3145 433 3234 480 καὶ
3293 425 3744 503 διαπεραιωθεὶς
3800 431 3867 478 7'}:

478 519 672 576 aciem
703 514 959 572 instruit.
1018 516 1080 568 Et
1147 528 1284 567 cum
1324 511 1586 567 Thraciae
1645 528 1716 567 ac
1771 512 2128 569 Macedoniae

480 607 708 681 oppida
741 608 1102 676 superasset,
1164 601 1581 673 Christopolim
1648 608 1703 657 et
1746 603 2127 674 Strymonem

479 695 823 769 praeteriens
875 692 1136 747 Rentinae
1176 690 1418 746 castello
1458 707 1493 745 a
1523 691 1826 746 nonnullis
1886 691 2131 746 Joannis

481 788 590 855 71
629 781 912 839 militibus
935 779 1230 836 custodito
1261 780 1544 852 applicat,
1571 781 1674 850 qui
1722 797 1833 836 nec
1879 781 2134 852 impera-

483 875 623 931 toris
645 871 889 928 Joannis
919 875 1302 942 comparalos
1331 871 1620 926 exercitus
1650 870 1862 932 intuiti,
1892 870 2134 926 castello

480 962 752 1033 neglecto
773 961 832 1016 in
864 960 1072 1030 fugam
1099 976 1226 1015 sese
1253 959 1657 1030 conjicientes,
1691 961 1912 1016 cursim
1957 962 2132 1016 Thes-

483 1052 812 1110 salonicam
829 1053 1057 1122 petunt.
1085 1050 1351 1115 Quicum
1379 1049 1737 1122 imperatore
1766 1055 1952 1121 erant,
1993 1051 2136 1106 viris

482 1140 873 1200 bellatoribus
886 1155 1144 1195 vacuum
1159 1139 1465 1194 castellum
1481 1144 1776 1211 occupant
1790 1143 1844 1194 et
1860 1139 1918 1194 in
1937 1145 2136 1196 custo-

485 1231 650 1287 diam
670 1229 936 1285 tradunt.
964 1232 1295 1298 Imperator
1321 1227 1635 1283 recollecto
1667 1231 1924 1283 exercitu
1949 1244 2137 1300 prope

485 1318 974 1377 Thessalonicam
1006 1316 1200 1372 stadia
1241 1317 1468 1372 circiter
1489 1321 1622 1372 octo
1684 1323 1878 1372 castra
1926 1319 2093 1388 ponit
2122 1335 2135 1385 ;

485 1422 710 1464 nomen
765 1408 900 1465 loco
959 1406 1228 1461 Provatae
1297 1405 1532 1460 hortus.
1603 1408 1750 1461 Cum
1813 1405 1895 1461 illi
1943 1421 2138 1478 neque

487 1501 785 1557 tormenta
831 1511 1028 1568 neque
1081 1496 1312 1559 arietes,
1364 1495 1587 1567 quibus
1642 1500 1869 1552 tantam
1927 1496 2138 1551 urbem

489 1591 871 1662 oppugnaret
909 1591 962 1640 et
996 1585 1202 1656 prmlio
1255 1585 1368 1639 sibi
1400 1589 1711 1654 assereret,
1736 1589 2139 1656 suppeterent,

489 1678 692 1744 milite,
709 1675 815 1730 sed
832 1675 1126 1746 praecipue
1143 1675 1417 1744 Scythico
1432 1674 1803 1737 excurrebat,
1819 1675 2144 1746 omniaque

490 1768 716 1822 circum
735 1764 870 1819 loca
887 1762 1388 1835 depopulabatur.
1413 1766 1588 1818 Erant
1609 1779 1745 1818 cum
1761 1779 1830 1818 eo
1853 1764 2143 1828 triremes,

489 1854 709 1928 quibus
741 1858 993 1926 prmerat
1018 1851 1252 1908 Manuel
1277 1852 1707 1923 Contophreus.
1741 1852 1852 1907 Viri
1894 1851 2146 1907 illustres

487 1944 912 2016 imperatorem
946 1942 1354 2014 sequebantur
1377 1942 1701 1997 Demetrius
1722 1942 2016 2009 Tornices,
2041 1940 2147 2012 qui

491 2049 796 2089 summam
852 2047 1052 2086 rerum
1115 2029 1496 2102 publicarum
1555 2031 2018 2085 administrabat
2092 2033 2148 2084 et

488 2122 742 2192 negotiis
763 2122 1066 2189 intererat,
1098 2119 1473 2175 Andronicus
1497 2119 1862 2189 Palaeologus
1889 2134 2147 2187 magnus

489 2213 878 2280 domesticus,
907 2210 1220 2282 copiarum
1249 2209 1639 2278 gubernator,
1697 2209 1915 2280 aliique
1958 2208 2146 2263 multo

490 2303 691 2376 plures
726 2302 910 2357 duces
963 2300 1252 2356 militibus
1293 2299 1575 2370 praefecti,
1635 2300 1856 2354 Raulus
1909 2298 2146 2353 Alexius

490 2391 1005 2466 protovestiarius,
1056 2390 1160 2461 qui
1209 2404 1239 2443 e
1308 2404 1521 2444 mensa
1578 2394 1723 2456 erat,
1781 2389 2146 2460 Nic—ephorus

491 2479 908 2546 Tarchaniota,
943 2476 1464 2548 Contostephanus
1511 2478 1980 2548 prolosebastus,
2045 2477 2146 2532 Pe-

490 2567 778 2640 traliphas
805 2582 1063 2637 magnus
1099 2565 1517 2632 chartularius,
1551 2565 1767 2637 aliique
1821 2565 2142 2622 celebrium

489 2673 612 2714 non
640 2656 836 2728 pauci.
873 2655 986 2710 Sed
1015 2656 1274 2709 Joannes
1303 2654 1628 2725 imperator
1671 2654 1805 2709 urbi
1863 2655 2146 2711 adsidens

491 2744 729 2816 agenda
744 2743 1017 2798 omniain
1035 2742 1335 2798 civitatem
1352 2742 1842 2812 moliebatur;nec
1857 2746 1905 2815 7
1921 2745 1971 2814 2
1989 2745 2146 2800 cives

489 2833 938 2907 desponderant
968 2833 1262 2900 animum,
1324 2831 1428 2886 sed
1482 2831 1711 2887 foribus
1769 2834 1991 2901 egressi
2051 2850 2147 2889 ex-

488 2923 869 2981 cursionibus
905 2921 1322 2994 imperatorios
1357 2921 1740 2978 divexabant.
1776 2927 1891 2978 Nec
1923 2923 2145 2979 multos

2240 511 2632 582 Ἑλλήσποντον,
2666 515 2759 574 τὰς
2803 513 2858 566 ἐκ
2929 525 3026 568 τῶν
3073 515 3367 590 Ῥωμαϊκῶν
3437 519 3870 591 στρατευμάτω

2245 595 2489 671 δυνάμεις
2529 604 2737 662 καὶτὰς
2779 601 2834 654 ἐκ
2887 612 2984 657 τῶν
3034 608 3240 658 Σκυθῶν
3295 604 3405 678 μεθ’
3478 605 3708 658 ἑαυτοῦ
3754 607 3870 674 ἔχων

2242 697 2411 763 χωρεῖ
2445 689 2582 742 κατά
2618 699 2708 742 τοῦ
2765 689 2812 742 ἐν
2879 693 3233 768 Θεσσαλονίκῃ
3290 699 3698 767 φημιζομένων
3732 693 3876 765 βάσι-

2241 778 2400 831 λεύειν
2430 781 2686 835 Ἰωάννου.
2711 780 2850 833 Ἐπεὶ
2879 783 2926 817 ⁶⁰
2952 779 3010 834 δὲ
3066 783 3296 856 παρῆλθε
3350 786 3419 835 τὰ
3473 793 3598 844 τῆς
3677 786 3879 856 Θρᾴκης

2243 873 2333 920 καὶ
2359 865 2684 930 Μακεδονίας
2720 875 2917 945 χωρία,
2960 869 3068 930 ἤδη
3125 869 3183 925 δὲ
3232 879 3321 926 καὶ
3363 878 3460 932 τὴν
3530 876 3877 946 Χριστουπο-

2243 956 2322 1008 λιν
2352 959 2651 1031 παρήμειψε
2697 966 2786 1012 καὶ
2844 965 2930 1013 τόν
2997 968 3279 1036 Στρυμόνα,
3337 971 3409 1033 τῷ
3471 968 3746 1038 φρουρίῳ
3801 971 3881 1022 τῆς

2243 1045 2492 1108 Ῥεντίνης
2542 1047 2623 1120 [Ρ·
2691 1048 2783 1122 36]
2847 1055 3106 1125 προσέχεν
3150 1052 3249 1104 ὑπό
3308 1072 3464 1104 τινων

2245 1145 2345 1188 τῶν
2384 1136 2643 1204 Ἰωάννου,
2695 1137 2741 1190 οἳ
2793 1144 2883 1191 καὶ
2936 1142 3034 1214 πρὸ
3082 1147 3172 1193 τοῦ
3232 1144 3296 1193 τὰ
3351 1144 3775 1218 στρατεύματα
3807 1148 3883 1190 τοῦ

3570 1057 3883 1126 napo-aras

2250 1223 2508 1297 βασιλέως
2563 1225 2796 1279 Ἰωάννου
2841 1224 2969 1280 ἰδεῖν
3027 1230 3390 1292 καταλιπόντες
3464 1235 3526 1284 τὸ
3611 1234 3883 1306 φρούρισε,

2249 1325 2382 1388 φυγῇ
2413 1319 2766 1389 χρησάμενοι,
2800 1315 3045 1391 δρομαῖοι
3084 1324 3177 1378 τὴν
3233 1321 3663 1378 Θεσσαύονίκην
3729 1321 3886 1391 εἰσῄε-

2252 1425 2369 1459 σαν.
2410 1405 2638 1480 Ἐρημον
2670 1403 2728 1459 δὲ
2767 1404 2970 1479 ἀνδρῶν
2998 1407 3320 1480 πολεμιστῶν
3375 1412 3638 1483 εὑρόντες
3698 1411 3753 1460 οἱ
3806 1416 3886 1459 τοῦ

2257 1496 2510 1568 βασιλέως
2548 1501 2809 1568 κατέσχον
2843 1498 2968 1550 αὐτὸ
3003 1504 3095 1550 καὶ
3149 1499 3376 1570 φυλακὴν
3435 1500 3887 1572 ἐγκατέστησαν.

2250 1585 2312 1639 ’Θ
2350 1583 2409 1637 δὲ
2441 1585 2690 1658 βασιλεὺς
2711 1592 2802 1644 τὴν
2837 1590 3088 1661 στρατιὰν
3121 1587 3499 1661 συλλεξάμενος
3565 1589 3810 1642 ἅπασαν

2257 1674 2410 1746 ἐγγυς
2482 1695 2580 1727 που
2629 1683 2720 1735 τῆς
2777 1676 3163 1737 Θεσσαλονίκης
3208 1681 3334 1730 ὡσεὶ
3392 1676 3686 1740 σταδίους

2257 1769 2349 1822 τὴν
2383 1768 2579 1822 σκηνὴν
2619 1770 2850 1835 πήγνυσι
2885 1786 2896 1798 ·

3775 1678 3896 1729 ὀκτὼ

2949 1765 3116 1827 κῆπος
3157 1774 3250 1818 τοῦ
3300 1766 3559 1839 Προϐατᾶ
3617 1770 3654 1825 ἡ·
3716 1767 3897 1825 κλῆσις

2257 1861 2350 1905 τοῦ
2388 1857 2548 1905 τόπου
2582 1855 2649 1907 ⁶¹.
2674 1853 2953 1914 Ὲλεπόλεις
2989 1858 3077 1926 μὲν
3115 1860 3206 1907 καὶ
3245 1861 3640 1928 μηχανήματα
3694 1858 3800 1909 οὐκ
3846 1857 3898 1910 ξι

2259 1942 2398 2012 αὐτῷ
2453 1943 2658 2015 εὐχερὲς
2723 1946 2856 1994 κατὰ
2908 1952 3001 2004 τῆς
3057 1947 3319 2006 τοσαύτης
3393 1946 3604 2008 πολέως
3701 1954 3900 2002 στὲσνι

2259 2030 2528 2083 κάντεῦθεν
2559 2034 2690 2103 μετὰ
2731 2035 2916 2104 μάχης
2966 2030 3182 2085 τοιᾶσδε
3225 2037 3614 2108 χειρώσασθαι
3676 2036 3758 2102 ⁵³,

2261 2117 2457 2193 δρομὰς
2491 2117 2549 2173 δὲ
2579 2119 2738 2172 ἐποίει
2776 2118 2868 2173 διὰ
2888 2141 2986 2172 των
3019 2126 3417 2195 στρατευμάτων
3443 2129 3542 2176 καὶ
3599 2127 3682 2176 τὰ
3751 2122 3894 2194 πέριξ

2255 2212 2426 2261 πάντα
2451 2208 2639 2276 ἐληίζε,
2673 2215 2761 2262 καὶ
2796 2210 3027 2282 μάλιστα
3077 2208 3169 2263 διὰ
3227 2221 3324 2263 τῶν
3381 2215 3602 2264 Σκυθῶν
3638 2235 3654 2246 α
3727 2214 3894 2264 πάντα

2254 2307 2379 2371 γοῦν
2409 2299 2544 2351 λείαν
2577 2297 2780 2350 ἐποίουν
2812 2301 2880 2353 ⁸³.
2918 2297 3046 2370 Εἶχε
3094 2297 3153 2353 δὲ
3197 2302 3309 2372 μεθ’
3337 2301 3530 2353 ἑαυτοῦ
3579 2307 3689 2354 καὶ
3743 2307 3892 2374 τριή-

2254 2407 2380 2462 ρεις,
2437 2389 2502 2438 ὧν
2571 2385 2785 2462 ἦρχε·νό
2847 2393 3098 2463 Κοντοφρε
3142 2390 3402 2448 Μανουὴλ.
3462 2388 3772 2465 ’Ἐκκριτοι
3835 2386 3888 2442 δὲ

2255 2485 2326 2547 τῷ
2359 2475 2569 2549 βασιλεῖ
2603 2481 2914 2551 παρείποντο
2953 2475 3183 2550 ἆνδρεςὸ
3245 2483 3498 2553 Τορνίκης
3564 2487 3886 2552 Δημήτριος

2254 2569 2318 2617 τὰ
2363 2569 2509 2618 κοινὰ
2567 2561 2758 2618 διέπων
2817 2571 2906 2618 καὶ
2953 2570 3235 2638 μεσιτεύων
3274 2575 3382 2629 ταῖς
3433 2570 3775 2622 ὑποθέσεσιν
3820 2569 3881 2632 ⁵⁸,

2256 2652 2612 2727 Ἀδρόνικοςὸ
2655 2655 3005 2727 Παλαιολόγος
3058 2658 3130 2724 6⁵,
3189 2661 3245 2718 ἅς
3301 2662 3393 2715 τὴν
3467 2665 3569 2709 τοῦ
3644 2659 3880 2730 μοι-κάλον

2258 2741 2575 2815 δομεστίκου
2607 2747 2978 2817 περιεζώννυτο
3027 2741 3270 2816 δύναμιν,
3330 2747 3395 2797 τὰ
3442 2755 3547 2802 τῶν
3607 2766 3880 2822 στρατευ-

2255 2836 2431 2905 μάτων
2495 2829 2747 2903 διεξάγων
2795 2837 3101 2907 πράγματα,
3153 2840 3243 2885 καὶ
3286 2834 3429 2886 ἄλλοι
3510 2835 3743 2897 πλείους
3817 2836 3877 2896 εἰς

2256 2922 2513 2992 ἡγεμόνας
2552 2919 2976 2992 ἀποτεταγμένοι,
3035 2923 3060 2974 6
3109 2941 3158 2974 τε
3199 2921 3378 2974 Ῥαοὺλ
3445 2922 3690 2986 Ἀλέξιος
3744 2944 3880 2997 πρωι

497 3013 772 3088 postdies
809 3013 1232 3068 Tachariorum
1281 3014 1445 3068 natio
1468 3012 1527 3066 in
1548 3011 1957 3068 Musulmanos
1980 3013 2145 3069 inva-

2255 3009 2608 3082 τοϐεστιὰριος
2637 3009 2724 3079 ὧν,
2755 3011 2780 3061 6
2818 3009 2901 3062 ἐπὶ
2931 3018 3023 3072 τῆς
3049 3014 3312 3085 τραπέζης
3341 3016 3650 3085 Νικηφόρος
3693 3015 3722 3065 6
3750 3019 3877 3084 Ταρ-

489 3104 641 3160 dens
676 3101 885 3176 proelio
917 3118 1055 3157 cum
1097 3100 1208 3156 illis
1239 3100 1487 3156 dimicat
1542 3104 1599 3156 et
1654 3099 1865 3173 fugat;
1908 3101 1980 3156 de
2023 3118 2145 3174 quo

486 3194 816 3266 imperator
843 3191 921 3247 ab
958 3191 1319 3263 imperatore
1349 3190 1657 3246 Theodoro
1685 3191 1826 3255 tilio,
1874 3208 2054 3264 quem
2086 3192 2146 3246 in

487 3285 780 3351 Pegarum
836 3280 1107 3351 partibus
1173 3295 1295 3334 una
1360 3295 1500 3334 cum
1560 3280 1790 3335 Joanne
1847 3280 2147 3337 Muzalone

490 3369 745 3442 mystico
767 3369 1034 3440 quidem,
1059 3367 1206 3422 dum
1230 3384 1368 3424 cum
1395 3368 1561 3424 laicis
1593 3374 2144 3436 connumeraretur,

495 3459 744 3522 sed,tum
762 3456 1311 3522 monacho,homine
1325 3457 1827 3524 navo,industrio,
1844 3459 2148 3530 experien-

493 3546 724 3606 tissimo
755 3550 812 3601 et
838 3545 1019 3600 rebus
1049 3545 1442 3616 imperatoriis
1469 3545 1963 3603 administrandis
2013 3553 2149 3604 ante

496 3637 645 3693 alios
660 3634 1179 3700 excellentissimo,
1201 3634 1547 3690 etMichaele
1585 3635 1897 3692 Libadario
1925 3653 2148 3707 magno

495 3724 904 3794 hetaeriarcha,
937 3723 1280 3796 reliquerat,
1319 3725 1532 3780 certior
1563 3724 1649 3780 fit.
1683 3725 1743 3779 Id
1778 3725 1877 3780 ubi
1908 3742 2150 3798 persen-

497 3817 672 3872 sisset
694 3815 1040 3886 imperator,
1075 3817 1136 3868 ut
1161 3813 1395 3868 silentio
1429 3813 1680 3869 scientes
1702 3819 1965 3872 tenerent
1990 3822 2046 3871 et
2075 3832 2149 3872 ne

496 3904 592 3961 cui
612 3920 738 3960 rem
760 3901 1480 3973 communicarentjubet.
1508 3904 1700 3959 lteriin
1730 3920 1867 3959 cum
1899 3907 2144 3976 Joanne,

494 3995 599 4067 qui
618 3993 1049 4050 Thessalonicae
1097 3997 1244 4063 erat,
1295 3992 1486 4048 foedus
1540 3993 1691 4059 ferit,
1725 4011 1865 4050 cum
1917 4012 2027 4067 pro
2079 4012 2148 4052 eo

495 4084 840 4141 Theodorus
870 4082 1133 4153 Angelus
1153 4083 1397 4139 Joannis
1423 4087 1592 4154 pater
1612 4083 1848 4152 legatus
1869 4085 2150 4140 accessis-

497 4179 602 4231 set.
629 4177 784 4230 Inter
806 4173 933 4229 dies
953 4172 1358 4244 quadraginta
1386 4174 1723 4229 sanctiones
1743 4175 1912 4231 facta:
1941 4181 2076 4230 sunt
2098 4187 2154 4232 et

492 4263 922 4334 jusjurandum
953 4262 1137 4316 ﬁnem
1166 4261 1376 4316 habuit
1405 4279 1416 4316 :
1449 4278 1714 4334 namque
1762 4263 1927 4318 rubri
1969 4265 2154 4320 calcei

500 4349 734 4406 dimissi
761 4355 820 4405 et
840 4349 1165 4404 unionibus
1205 4350 1571 4406 interstincta
1623 4352 1892 4422 pyramis
1975 4369 2155 4424 super

2263 4357 2351 4426 μὲν
2401 4352 2522 4404 ὄντα
2576 4353 2656 4402 ὅτε
2697 4358 2800 4410 τοῖς
2847 4355 3122 4421 κοσμικοῖς
3177 4351 3526 4418 συνετάττετο,

501 4453 690 4511 quam
725 4438 878 4509 lapis
913 4438 1139 4493 rubeus
1179 4439 1496 4506 emicabat,
1531 4456 1666 4511 quas
1723 4441 2152 4512 imperatorum

502 4527 764 4596 insignia
821 4530 998 4594 sunt;
1041 4525 1119 4582 ab
1194 4527 1553 4598 imperatore
1614 4537 1825 4600 postea
1888 4530 2154 4603 despotae

579 4670 626 4706 ⁸ο
653 4667 763 4740 imi
796 4665 854 4721 δὲ
915 4667 1147 4740 παρῆλθν
1179 4700 1248 4740 τ-
1280 4669 1482 4722 ἄπασον
1549 4687 1664 4726 om.
1737 4674 1796 4726 Ο.

2255 3105 2562 3171 χανειωτης,
2597 3101 2621 3150 6
2657 3104 3063 3172 Κοντοστέφανος
3096 3103 3120 3152 6
3150 3106 3242 3159 τὴν
3268 3101 3731 3176 πρωτοσεϐαστοῡ
3765 3105 3876 3169 (79}

2257 3192 2393 3260 ἔχων
2449 3188 2618 3255 αξίαν,
2661 3190 2685 3240 6
2740 3188 3062 3262 Πετραλίφας
3101 3193 3260 3261 μέγας
3297 3190 3699 3264 χαρτουλάριος
3754 3192 3875 3243 ὠνο-

2257 3282 2532 3350 μασμένος,
2610 3282 2699 3330 καὶ
2774 3277 2918 3329 ἄλλοι
2992 3287 3090 3329 τῶν
3165 3277 3418 3351 ἐπιφανῶν
3494 3279 3593 3330 οὐκ
3681 3280 3872 3351 ὀλίγοι.

2254 3367 2312 3419 Ὀ
2361 3370 2450 3439 μὲν
2517 3366 2604 3418 οὖν
2659 3365 2907 3439 βασιλεὺς
2959 3367 3198 3429 Ἰωάννης
3257 3371 3709 3441 πανακαθὴμονος
3785 3372 3870 3432 ⁵⁸⁸,

2258 3461 2358 3509 ὅσα
2418 3457 2475 3514 ἦν
2543 3457 2677 3516 εἰκὸς
2751 3466 2936 3526 ποιεῖν,
2991 3461 3126 3510 κατὰ
3184 3466 3278 3519 τῆς
3335 3458 3550 3520 πόλεως.
3612 3458 3775 3513 Οὐδὲ
3829 3461 3871 3510 οἱ

2258 3545 2397 3607 ἐντός
2423 3543 2688 3598 ἁπωκνουν
2739 3544 3040 3620 ἐράζεσθαι,
3092 3545 3219 3597 ἀλλὰ
3271 3551 3361 3598 καὶ
3401 3547 3547 3598 οὗτοι
3600 3544 3871 3622 ἐκδρομὰς

2255 3643 2353 3687 τῶν
2374 3634 2548 3686 πυλῶν
2583 3635 2798 3697 ἐξιόντες
2826 3638 2962 3686 κατὰ
2991 3644 3089 3686 τῶν
3112 3642 3201 3687 τοῦ
3235 3633 3496 3708 βασιλέως
3527 3637 3577 3671 ⁶⁶
3629 3635 3863 3689 ἐποίουν.

2259 3726 2333 3778 Οὐ
2376 3730 2572 3797 συχναὶ
2602 3725 2866 3798 παρῆλθον
2897 3727 2944 3760 ⁸⁷
2977 3725 3184 3799 ἣμέραι,
3217 3731 3306 3778 καὶ
3337 3730 3392 3777 το
3447 3734 3547 3778 τῶν
3596 3729 3867 3799 Ταχάρων

2259 3818 2398 3876 ἔθνος
2423 3817 2557 3866 κατὰ
2577 3823 2676 3867 τῶν
2702 3814 3124 3886 Μουσουλμανων
3182 3823 3438 3889 χωρῆσαν
3496 3820 3589 3866 καὶ
3636 3816 3867 3888 πόλεμον

2257 3905 2372 3957 κατ’
2404 3904 2570 3956 αὐτῶν
2632 3903 2891 3978 συρρῆξαν
2943 3908 3194 3961 νενίκηκε.
3255 3909 3355 3957 Καὶ
3415 3905 3441 3955 6
3492 3904 3638 3976 λόγος
3691 3909 3870 3977 φθάνει

2258 3998 2384 4067 πρὸς
2443 3997 2530 4046 τὸν
2581 3992 2805 4066 βασιλέα
2854 3989 3198 4064 διαμηνυθεὶς
3251 3993 3297 4028 ⁵⁸
3361 3995 3502 4067 παρὰ
3554 4001 3646 4045 τοῦ
3722 3995 3868 4054 υἰέως

2261 4084 2420 4135 αὐτοῦ
2468 4090 2558 4134 τοῦ
2611 4080 2867 4154 βασιλέως
2917 4077 3193 4154 Θεοδώρου
3228 4102 3240 4114 ⁸
3301 4088 3481 4133 τοῦτον
3524 4083 3628 4154 γὰρ
3714 4103 3873 4134 xm:-

2259 4172 2481 4226 λελοίπει
2510 4173 2721 4245 περὶτὰ
2763 4175 2892 4243 μέρη
2947 4178 3046 4221 τῶν
3095 4177 3282 4242 Πηγῶν
3341 4167 3655 4244 διατρίϐειν,
3728 4170 3869 4243 ἀφεὶς

2261 4264 2369 4335 μετ’
2423 4263 2581 4314 αὑτοῦ
2621 4266 2710 4314 καὶ
2765 4265 2850 4313 τὸν
2911 4259 3235 4321 Μουζάλωνα
3287 4260 3547 4329 Ἰωάννην,
3605 4266 3868 4332 μυστικόν

3615 4353 3740 4401 τότε
3815 4346 3867 4401 δὲ

2264 4437 2603 4515 μοναχόςῆν,
2639 4438 2765 4512 ἀνὴρ
2814 4438 3019 4501 ὀξύνους
3064 4443 3152 4489 καὶ
3202 4434 3518 4512 δραστήριος
3559 4442 3652 4489 καὶ
3699 4437 3866 4509 βασι-

2262 4531 2426 4591 λικοῖς
2463 4539 2564 4582 τῶν
2628 4528 2791 4580 ἄλλων
2845 4528 2992 4580 πλέον
3061 4527 3333 4603 ἐμπρέπων
3393 4529 3698 4600 πράγμασι,
3784 4533 3868 4578 καὶ

1877 4673 1920 4708 ⁶¹
1983 4673 2135 4744 ἐγγύς
2173 4671 2454 4746 -τόπου]
2514 4674 2600 4722 καὶ
2630 4676 2881 4746 Δπήγνυσε
2936 4674 3028 4728 τὴν
3088 4673 3282 4727 σκηνήν
3336 4671 3471 4720 κατὰ
3535 4672 3626 4720 τὸν
3701 4679 3868 4728 κῆπον

505 4747 599 4814 τοῦ
626 4739 888 4814 Προϐατᾱί,
923 4736 1046 4792 ὡσεὶ
1080 4736 1333 4801 σταδίους
1362 4741 1495 4792 ὀκτὼ
1537 4741 1802 4814 ἀπέχοντα
1830 4753 1922 4805 τῆς
1953 4736 2371 4807 Θέοἶσαλονίκηνς
2400 4736 2459 4799 Di.
2540 4745 2588 4778 ⁰²
2618 4739 2710 4814 ιὰ
2735 4736 2744 4741 ⁷
2769 4745 2951 4814 μάχης
3017 4747 3259 4814 πειρᾶται
3319 4760 3468 4814 χειρ.
3524 4741 3592 4814 D_.

3673 4741 3725 4775 ⁵³
3786 4746 3870 4791 καὶ

504 4808 739 4886 μάλιστα
767 4844 831 4853 -
856 4811 1059 4864 ἐποίουν
1086 4828 1206 4886 om.
1244 4815 1306 4867 D.
1385 4815 1431 4849 ⁸⁸
1481 4819 1569 4866 καὶ
1593 4808 1674 4854 —”
1701 4816 2007 4868 ὑποθέσεσιν
2065 4833 2163 4872 0m

2255 4821 2294 4872 ).
2370 4817 2416 4852 ⁸⁵
2471 4817 2496 4867 6
2543 4808 2886 4883 Παλαιολόγος
2945 4808 3275 4885 Ἀνδρόνικος
3319 4808 3496 4886 ’μέγας
3553 4808 3872 4886 depicta;

504 4882 593 4961 ᾧν,
625 4886 650 4937 6
691 4883 798 4961 ἐπεὶ
827 4892 923 4946 τῆς
952 4885 1236 4961 τραπέζης-
1268 4890 1565 4958 Νικηφόρος
1617 4893 2016 4958 Ταρχανιώτης,
2069 4889 2093 4939 6
2150 4887 2583 4961 πρωτοσέϐαστος
2636 4882 3079 4956 Κοντοέττέφανοςί
3127 4885 3151 4934 6
3204 4882 3678 4957 πρωτοϐεστιάριος
3735 4883 3874 4937 Ἀλέ-

505 4955 662 5030 ξιοςὸ
696 4955 903 5030 νῬαοὺλ,
1052 4955 1374 5030 Πετραλίῗας
1419 4955 1580 5028 μέγας
1636 4955 2020 5030 χαρ-τουλάριος
2062 4955 2363 5030 καίάλλοι.
2421 4959 2478 5009 Ὀ
2533 4961 2595 5013 D.
2675 4958 2748 4992 δν

1314 4978 1374 5018 ας
1424 4978 1580 5028 μέγας
1636 4978 2020 5032 χαρτουλαοιος
2062 4979 2150 5010 και
2203 4978 2363 5012 αΛΛοι.
2436 4978 2478 5009 υ
2533 4978 2595 5013 υ.
2675 4978 2723 4992 ν·’
2823 4978 3038 5017 ιωαννης
3095 4978 3225 5026 παρα

1278 4978 1354 5082 Ἡ.
1432 5030 1474 5063 ⁸⁷
1504 5036 1697 5100 συχναὶ
1730 5027 1789 5083 δέ
1819 5051 1874 5085 π.
2054 5031 2101 5066 ⁶⁸
2136 5027 2476 5103 ὃιαμηνυθεὶς
2509 5031 2650 5104 παρὰ
2689 5059 2753 5068 ——
2777 5027 2992 5101 ᾔσθετο]
3025 5028 3050 5079 6
3083 5023 3140 5079 δὲ
3165 5029 3225 5082 D.

505 5027 552 5064 ⁸⁸
581 5029 716 5080 κατὰ
755 5059 822 5069 —
852 5027 1106 5100 βασιλέως
1126 5027 1248 5086 σω.
1285 5027 1354 5082 D.
1426 5027 1474 5063 ⁸⁷
1497 5027 1697 5100 συχναὶ
1716 5027 1789 5083 ’δέ
1819 5051 1874 5085 π.

2802 4957 3038 5017 Ἰωάννης
3095 4956 3523 5027 παρακαθήμενος
3599 4971 3728 5011 om.
3802 4956 3866 5010 D.

1395 5181 1739 5249 Theodori
1791 5183 2040 5250 Dousze
2089 5193 2155 5250 et
2203 5181 2455 5250 Leonis
2505 5180 2744 5250 Allatii
2793 5189 2993 5248 notae.

575 5342 699 5417 (79)-
746 5340 804 5396 Ὀ
844 5340 1296 5417 πρωτοσέᾇαστος.
1347 5341 1456 5398 Adi
1529 5342 1894 5417 Glossarium
1975 5345 2157 5417 Meur-

535 5411 656 5494 ii‘in
687 5413 800 5468 hac
829 5411 1021 5494 v_oce:
1081 5413 1263 5470 facies
1323 5429 1517 5494 operae
1562 5414 1846 5494 pretium.
1909 5414 2156 5494 Reliqua

505 5482 704 5562 δυξοῐῑι
717 5499 852 5562 quae
866 5482 1525 5562 hiccommemorantur
1542 5482 1890 5562 dignitatum
1905 5482 2157 5562 nomina

577 5554 910 5609 functiones
929 5555 1089 5610 idem
1106 5557 1336 5612 amicus
1355 5561 1556 5612 noster
1571 5556 1747 5625 longe
1774 5556 2157 5613 doctissimus

547 5625 641 5685 uis
662 5625 808 5682 locis
825 5627 1268 5683 accuratissime
1287 5627 1559 5699 explicat.
1586 5629 1773 5693 Quem
1795 5629 1987 5686 virum
2012 5643 2159 5702 quo-

2268 5342 2616 5415 tiescunque
2630 5341 2950 5415 nomino,si
2967 5338 3314 5415 eum‘debito
3329 5337 3559 5415 honore
3571 5339 3871 5415 encomiis-

2267 5431 2383 5487 que
2409 5413 2503 5487 ab_
2519 5408 2817 5487 exquisita
2845 5418 2901 5468 et
2927 5410 3236 5487 excellenti
3254 5408 3588 5487 eruditione
3608 5412 3862 5487 repetitis

2267 5481 2388 5541 lion
2412 5481 2858 5555 afﬁciam,scito
2875 5484 3021 5556 quia
3039 5484 3137 5540 illa
3164 5494 3388 5537 nomen
3408 5481 3610 5552 ipsum
3634 5481 3860 5553 praefert

2267 5573 2516 5614 causam
2549 5573 2730 5612 essse.
2761 5557 2974 5612 Douss.
