3988 6322
56 375 80 427 1
91 372 213 428 077

46 499 153 548 τὸν
184 487 527 565 Λιϐαδάριον
567 486 793 560 Μιχαὴλ
846 489 1005 560 μέγαν
1081 484 1453 564 ἐταιρειάρχην
1531 486 1676 542 ὄντα.
1709 487 1754 542 Α

70 592 155 645 Ως
189 589 328 654 γοῦν
356 588 454 642 τῆς
482 583 654 652 φήμης
675 579 700 630 ὁ
735 576 980 650 βασιλεύς
1029 578 1242 650 ᾔσθετο,
1305 596 1508 635 σιωπην
1563 593 1696 648 παρ-

55 671 333 746 αγγείλας
379 673 499 732 τούς
553 665 759 730 εἰδότας
816 669 961 740 οἴγειν
1018 671 1109 720 καὶ
1161 664 1352 741 μηδενὶ
1393 671 1510 741 περὶ
1577 666 1695 718 τού-

55 770 160 815 τοὺ
224 766 494 814 κοινωνεῖν
547 760 615 825 ”,
667 757 734 818 εἰς
807 755 1095 830 συμϐάσεις
1193 759 1326 830 μετά
1389 763 1481 808 τοῦ
1553 753 1694 816 έντὸς

57 851 324 907 Ἰωάννου
378 853 548 924 χωρεί
597 845 816 923 πρέσϐιν
855 846 904 899 ἐν
955 849 1161 909 τούτοις
1212 845 1381 899 λαϐὼν
1433 847 1518 898 τὸν
1595 863 1694 897 πα-

59 945 201 1014 τέρα
235 940 480 994 Ἰωάννου
520 939 608 990 τὸν
658 935 908 1009 ⁴Αγγελον
966 931 1262 1010 Θεόδωρον.
1320 935 1692 1009 Πληρουμένων

59 1037 201 1101 γοῦν
231 1031 445 1102 ἡμερῶν
474 1027 868 1100 τεσσαράκοντα
916 1025 1146 1098 έγένοντο
1205 1028 1261 1078 αἱ
1315 1021 1542 1078 σπονδαὶ
1597 1027 1690 1075 καὶ

1609 359 1954 418 ANNALES.

3334 363 3472 422 1078

1789 483 2078 555 dignitate
2107 479 2566 550 condecoratur,
2599 482 2774 554 cujus
2812 487 2870 541 et
2889 484 3215 544 amicitiam
3245 485 3455 548 coluit.

1803 575 1905 632 His
1935 573 2251 646 completis
2279 573 2606 644 imperator
2625 572 2685 630 in
2718 574 3010 631 Orientem
3043 581 3292 647 remeat,
3325 593 3468 636 cum

1802 664 2036 720 fecisset
2061 667 2125 720 ut
2144 663 2471 735 imperator
2495 661 2748 736 despota
2769 668 2926 720 esset
2949 668 3006 720 et
3026 680 3236 722 servus
3248 685 3266 739 ,'
3283 681 3467 740 quem

1796 751 2214 825 jurejurando,
2243 750 2328 807 uti
2351 750 2533 806 moris
2589 755 2734 819 erat,
2795 751 3197 811 obstrinxerat
3258 770 3468 812 mune-

1801 841 2087 914 ribusque
2132 856 2242 913 pro
2287 839 2572 910 dignitate
2603 840 2719 913 73
2759 839 3060 909 affecerat,
3108 846 3166 900 et
3218 847 3466 900 caeteros

1802 930 1950 986 alios
1979 930 2063 986 illi
2122 929 2426 1000 subjectos
2481 929 2741 1001 pecunia
2797 929 3147 989 donaverat.
3189 933 3338 990 Cum
3392 947 3464 990 eo

1803 1021 1984 1077 etiam
2010 1023 2245 1092 patrem
2261 1017 2639 1075 Theodorum
2661 1019 2918 1093 reliquit.

64 1121 116 1171 οἱ
171 1119 332 1193 ὅρκοι
390 1115 707 1192 προέϐησαν
757 1117 824 1168 τὰ
877 1117 968 1188 μεν
1015 1118 1118 1191 γὰρ
1175 1113 1365 1189 έρυθρὰ
1430 1109 1620 1166 πέδιλα
1663 1112 1780 1181 (80)
1831 1108 2142 1163 ἀπεϐάλλετο
2201 1113 2290 1160 καὶ
2341 1112 2435 1166 τὴν
2499 1111 2890 1184 περιμάργαρον
2945 1107 3244 1184 πυραμίδα,
3303 1111 3372 1173 εἰς
3429 1110 3462 1172 ἣ

64 1212 166 1260 καὶ
235 1207 384 1268 λίθος
440 1207 796 1282 ὗπερκάθηται
849 1209 1109 1274 κόκκινος,
1156 1203 1412 1278 βασιλικά
1471 1210 1635 1255 ταῦτα
1679 1198 1936 1274 σύμϐολα,
1997 1203 2274 1270 τετίμηται
2332 1193 2392 1250 δὲ
2443 1200 2573 1270 πρὸς
2638 1206 2730 1251 τοῦ
2806 1198 3066 1272 βασιλέως
3140 1208 3214 1272 τῷ
3273 1196 3465 1254 δεσπο-

67 1305 211 1369 τικῷ
287 1296 568 1369 ἀξιώματι,
627 1301 718 1348 καὶ
782 1297 958 1358 εὔνους
1016 1297 1234 1367 ἁνεγάνη
1289 1302 1361 1365 τῷ
1426 1291 1656 1366 βασιλεῖ,
1711 1297 1891 1344 Ταῦτα
1951 1285 2012 1342 δὲ
2073 1284 2493 1362 διαπραξάμενος
2574 1287 2653 1358 [Ρ.
2729 1288 2821 1360 57]
2897 1289 2922 1340 ὁ
2991 1287 3243 1359 βασιλεὺς
3302 1289 3462 1344 παλι-

67 1394 259 1441 νοστεί
284 1389 420 1462 πρὸς
446 1391 540 1445 τὴν
601 1385 687 1454 ἔω,
745 1384 1040 1438 καταλιπὼν
1099 1381 1360 1441 δεσπότην
1412 1385 1498 1434 τὸν
1567 1379 1793 1454 βασιλέα
1851 1383 1942 1430 καὶ
1993 1379 2317 1450 ὑποχείριον,
2376 1377 2548 1448 ὅρκοις
2603 1372 2871 1439 συνδήσας
2929 1384 3039 1438 τοῖς
3103 1377 3314 1432 εἰωθόσι
3369 1383 3459 1433 καὶ

72 1473 279 1550 δώροις
336 1475 506 1528 εἰκόσι
589 1471 983 1547 δεξιωσάμενος,
1059 1478 1148 1526 καὶ
1239 1475 1435 1533 πάντας
1517 1474 1638 1532 τοὺς
1717 1468 1804 1522 ὑπ’
1879 1467 2067 1520 ἐκεῖνον
2142 1465 2644 1540 φιλοφρονησάμενος
2731 1471 3004 1540 χρήμασι.
3087 1466 3458 1522 Καταλελοίπει

72 1560 108 1617 δ
113 1568 137 1617 ε
165 1563 281 1638 μετ’
309 1565 471 1618 αὐτοῦ
499 1569 590 1617 καὶ
615 1567 704 1617 τὸν
729 1567 929 1637 πατέρα
957 1564 1144 1616 τούτου
1174 1558 1460 1636 Θεόδωρον.

145 1653 260 1727 μα’.
290 1653 349 1706 ’0
377 1657 466 1727 μὲν
514 1653 602 1706 ούν
649 1652 898 1725 βασιλεὺς
947 1653 1181 1713 Ἰωάννης
1243 1651 1538 1724 κατειλήφει
1588 1656 1683 1710 τὴν

1859 1650 1950 1703 41.
1977 1646 2160 1716 Igitur
2189 1645 2517 1718 imperator
2544 1647 2830 1715 Joannes,
2865 1661 3005 1702 cum
3035 1661 3100 1702 se
3144 1645 3206 1703 in
3252 1646 3456 1704 Orien-

71 1745 164 1798 ἔω.
197 1747 310 1802 Τὴν
350 1750 474 1814 γοῦν
529 1747 827 1815 χειμερινὴν
879 1746 995 1794 τότε
1045 1740 1384 1816 παραμείψας
1448 1742 1585 1814 ὥραν
1634 1743 1682 1792 ἓν

68 1840 147 1900 τῷ
180 1836 470 1903 Νυμφαίῳ,
502 1831 568 1892 ὡς
592 1829 702 1890 ἔθος
739 1826 801 1888 ἦν
866 1830 1027 1901 αύτῷ,
1106 1829 1306 1904 ἀπάρας
1357 1827 1540 1882 έκεῐθεν
1599 1827 1682 1880 ἐπὶ

67 1925 167 1978 τήν
201 1920 503 1993 Λάμψακον
523 1921 627 1993 ᾔει,
655 1921 863 1973 κάκεῖσε
907 1923 966 1972 τὸ
1026 1921 1172 1992 θέρος
1219 1916 1538 1981 διαϐιϐάσας
1593 1921 1682 1970 καὶ

70 2014 171 2068 τὴν
201 2019 302 2072 τῆς
353 2010 556 2083 ὀπωρας
620 2011 776 2082 ὥραν,
835 2008 943 2062 ἐπεὶ
992 2010 1018 2061 ὁ
1065 2014 1266 2082 χειμὼν
1316 2008 1532 2081 ἤρξατο,
1590 2014 1682 2059 τοῦ

69 2105 266 2174 χώρου
294 2098 520 2172 μεταϐὰς
546 2098 632 2151 ἐπὶ
679 2101 746 2151 τὰ
794 2107 894 2151 τῶν
948 2105 1133 2170 Πηγῶν
1190 2097 1378 2174 ἐχώρει
1431 2101 1559 2172 μέρη
1608 2097 1680 2152 ⁷⁰.

71 2193 355 2260 Μεγίστου
385 2185 446 2242 δε
465 2197 718 2261 χειμῶνος
755 2191 1062 2263 πεπείραται
1090 2187 1207 2240 καθ’
1271 2183 1416 2255 ὁδὸν,
1463 2185 1685 2260 ἀρξαμέ⁴

69 2297 165 2330 νου
198 2281 293 2349 μεν
316 2275 423 2330 ἐπεὶ
453 2279 479 2329 ὁ
523 2276 773 2348 βασιλεὺς
803 2276 877 2338 εἰς
914 2281 1007 2335 τὴν
1057 2281 1310 2350 Σιγρηνὴν
1368 2275 1677 2334 έσκήνωσεν.

76 2369 283 2440 ἡμέρας
317 2363 377 2420 δὲ
404 2363 501 2419 δύο
533 2375 594 2440 τῇ
631 2363 920 2442 δριμύτητι
948 2368 1133 2418 τούτου
1190 2370 1280 2418 καὶ
1331 2373 1394 2438 τῇ
1448 2361 1682 2440 σφοδρο-

69 2458 210 2529 τάτῃ
271 2461 407 2530 φορᾲ
469 2463 565 2518 τῆς
617 2460 795 2527 χιόνος
848 2455 1295 2530 τεταλαιπὼρηκεν
1368 2458 1560 2530 μέχρις
1623 2474 1681 2506 αν

72 2550 399 2604 κατηντήκει
443 2544 515 2606 εἰς
569 2548 628 2597 τὸ
694 2553 793 2597 τῶν
848 2551 1033 2616 Πηγῶν
1090 2547 1247 2600 ἄστυ.
1318 2543 1502 2598 Πολλοὶ
1556 2553 1682 2616 γοῦν

73 2635 197 2686 καθ’
260 2630 386 2686 ὁδὸν
442 2632 800 2692 έτέθνὴκεισαν
849 2639 939 2686 καὶ
990 2633 1175 2686 πολλαί
1230 2655 1243 2668 ο
1330 2639 1492 2706 μέχρι
1559 2641 1682 2706 γοῦν

74 2726 400 2796 τριακοσίων
431 2726 500 2784 ὡς
525 2725 574 2776 οἱ
599 2722 982 2796 ἀριθμήσαντες
1037 2725 1082 2758 ⁷¹
1143 2725 1386 2796 ἔφασκον,
1431 2725 1530 2776 ύπό
1589 2732 1684 2785 τῆς

75 2817 266 2884 χιόνος
304 2814 746 2884 κατεχώσθησαν,
813 2817 884 2885 μή
933 2809 1211 2884 δυνάμενοι
1257 2811 1563 2871 ἀντωπῆσαι
1616 2822 1678 2886 τῇ

76 2909 173 2953 τοῦ
203 2904 496 2973 πνεύματος
530 2907 681 2974 φορᾶ.
716 2898 907 2962 Οὐδεὶς
955 2901 1078 2974 γοῦν
1121 2911 1221 2953 τῶν
1275 2899 1488 2954 ἰδόντων
1545 2901 1683 2974 ἔλεγε

76 2997 359 3062 γινώσκειν
410 2993 719 3063 γεγειῆσθαί
786 3011 910 3044 ποτε
1001 2999 1235 3044 τοιοῦτον
1305 2993 1354 3027 ⁷³
1422 3001 1678 3064 χειμῶνα.
1713 3013 1753 3067 C

78 3079 216 3152 Ἧγε
246 3076 307 3133 δε
333 3089 406 3152 τῷ
459 3085 573 3133 τότε
628 3077 1082 3139 ὀκτωκαιδεκάτην
1134 3085 1238 3150 μὴε
1286 3082 1312 3133 ὁ
1361 3081 1680 3156 Δεκέμϐριος,

81 3172 198 3231 ἔτος
227 3165 286 3222 δε
321 3166 382 3228 ἧν
417 3168 500 3222 ἐπὶ
531 3178 603 3241 τῷ
647 3169 1091 3242 ἕξακισχιλιοστῷ
1145 3175 1234 3224 καὶ
1292 3169 1684 3244 έπτακοσιοστῷ

81 3263 143 3312 τὸ
174 3263 597 3334 τεσσαρακοστὸν
638 3256 784 3332 οἶμαι
813 3268 1016 3334 πρῶτον
1044 3262 1115 3315 ⁷³.
1146 3258 1204 3312 Ὀ
1253 3262 1342 3333 μὲν
1388 3257 1475 3313 οὖν
1521 3261 1684 3334 βασι-

80 3347 271 3411 λεύςέν
300 3357 485 3420 τῷτῶν
537 3355 726 3420 Πηγῶν
773 3351 922 3402 ἄστει
976 3346 1325 3425 διημερεύσας
1370 3353 1564 3424 μὶχρις
1623 3353 1686 3403 οἶν

81 3441 145 3490 τὸ
165 3437 296 3490 πολὺ
321 3444 416 3490 τοῦ
451 3445 710 3510 χειμῶνος
761 3437 1002 3511 λωφήσῃ,
1057 3437 1204 3501 ἐξιὼν
1248 3438 1437 3491 ἐκεῖθέν
1498 3439 1570 3500 εἰς
1623 3443 1681 3492 τὸ

79 3529 357 3600 Νύμφαιον
386 3528 678 3600 ἀπῄει,καὶ
743 3527 806 3585 ἧν
849 3526 1013 3580 ἐκεῖσε
1065 3546 1229 3603 μεχρι
1294 3533 1383 3580 καὶ
1445 3537 1536 3590 τῆς
1590 3535 1683 3581 τοῦ

81 3619 230 3689 ἔαρος
273 3615 616 3688 ἑπιλάμχεως.
674 3616 814 3670 Ἐπεὶ
870 3624 1018 3688 γοῦν,
1070 3618 1140 3678 ὡς
1188 3616 1497 3692 έίρήκειμεν,
1546 3619 1575 3676 ἡ
1631 3619 1681 3654 ⁷⁵

81 3715 186 3759 τῶν
226 3704 643 3778 Μουσουλμάνων
692 3707 838 3779 παρὰ
882 3714 982 3758 τῶν
1034 3711 1314 3779 Ταχαρίων
1363 3708 1476 3777 (8|)
1524 3727 1682 3760 κατα⁶

1791 1739 1911 1792 tem
1939 1735 2273 1807 recepisset,
2309 1733 2619 1806 Nymphaei
2647 1733 2896 1792 hiemat.
2945 1734 3088 1792 Inde
3137 1735 3455 1792 discedens

1794 1827 2193 1898 Lampsacum
2217 1823 2393 1895 venit,
2411 1823 2732 1880 ubiasstate
2745 1827 2928 1897 atque
2952 1828 3246 1882 autumno
3258 1830 3454 1882 trans-

1791 1914 1956 1979 actis,
1977 1913 2140 1970 initio
2159 1912 2395 1981 hiemis,
2420 1911 2668 1968 dimisso
2693 1911 2848 1982 loco,
2889 1913 3079 1986 Pegas
3120 1913 3446 1985 contendil,

1789 2002 2040 2076 quando
2061 2013 2119 2059 et
2138 2003 2288 2058 inter
2303 2000 2747 2059 ambulandum
2775 2002 3071 2058 saevientis
3095 2003 3310 2059 hiemis
3327 2003 3452 2060 vim

1791 2098 1978 2150 atram
1993 2092 2241 2165 excepit,
2258 2107 2389 2147 cum
2404 2094 2598 2148 castra
2608 2091 2846 2162 Sigrene
2872 2090 3147 2160 locasset,
3179 2107 3452 2151 exorsam

1790 2186 1846 2238 et
1883 2197 1990 2254 per
2019 2181 2174 2236 duos
2199 2180 2326 2236 dies
2356 2179 2511 2236 illius
2531 2179 2750 2251 frigore
2795 2197 2867 2236 ac
2909 2179 3258 2250 glomerata;
3297 2181 3452 2238 nivis

1791 2269 2132 2327 turbinibus
2189 2267 2470 2339 aﬂlictus,
2529 2269 2722 2326 donec
2776 2268 2850 2326 ad
2907 2272 3200 2340 Pegarum
3247 2285 3449 2327 arcem

1790 2358 2076 2421 Pervenit.
2127 2356 2323 2413 Plures
2379 2372 2450 2413 eo
2498 2357 2560 2413 in
2625 2357 2832 2414 itinere
2890 2357 3072 2414 virilis
3126 2362 3184 2414 et
3230 2358 3447 2416 mulie-

1789 2446 1914 2503 bris
1942 2463 2120 2503 sexus
2167 2447 2494 2502 exanimati
2537 2451 2678 2504 sunt
2711 2464 2724 2502 :
2755 2445 2836 2502 ad
2865 2449 3130 2503 trecenta
3158 2463 3446 2521 namque,

1790 2537 1974 2608 utqui
2005 2535 2299 2593 rationem
2329 2538 2734 2608 supputarunt
2753 2535 3102 2604 retulerunt,
3125 2535 3444 2594 hominum

1791 2631 2169 2682 mortuorum
2217 2624 2434 2698 capita,
2529 2623 2712 2680 nivali
2739 2640 2811 2681 eo
2868 2625 3100 2681 tumulo
3152 2630 3444 2695 contecta,

1791 2715 2021 2771 consita
2055 2717 2210 2784 sunt,
2243 2714 2491 2786 quando
2544 2718 2862 2770 ventorum
2908 2713 3075 2770 rabie
3116 2729 3192 2771 ne
3234 2715 3450 2772 intueri

1790 2803 2037 2876 quidem
2053 2802 2198 2859 alter
2214 2803 2466 2858 alterum
2479 2805 2775 2875 poterant,
2818 2819 3153 2876 omnesque
3169 2804 3276 2877 qui
3289 2804 3449 2861 malo

1791 2893 2108 2949 interfuere
2165 2893 2476 2948 contestati
2555 2896 2694 2948 sunt
2764 2891 3020 2949 similem
3094 2909 3155 2948 se
3207 2893 3450 2964 [hiemis

1791 2982 2101 3038 horrorem
2153 2997 2469 3053 nunquam
2546 2979 2695 3036 alias
2766 2982 3154 3054 persensisse.
3207 2983 3450 3040 Decima

1791 3077 2007 3128 octava
2028 3075 2156 3127 tum
2185 3071 2414 3130 mensis
2446 3069 2786 3126 Decembris
2808 3070 2937 3126 dies
2962 3069 3400 3128 numerabatur
3426 3088 3444 3143 ;

1794 3176 1990 3221 annus
2021 3163 2178 3231 6741,
2221 3164 2286 3216 ut
2314 3175 2452 3216 mea
2481 3159 2590 3215 fert
2638 3159 2951 3216 sententia.
3003 3159 3333 3232 Imperator
3384 3160 3448 3217 in

1791 3241 2085 3320 Pegarum
2137 3247 2281 3305 urbe
2329 3247 2522 3304 donec
2567 3247 2782 3305 hiemis
2832 3247 3061 3305 saevitia
3117 3247 3449 3306 molliretur

1792 3352 2224 3409 commoratus,
2253 3346 2391 3402 inde
2437 3345 2644 3402 exiens
2716 3346 3118 3419 Nymphaeum
3176 3345 3440 3420 appellit,

1789 3445 1994 3520 ibique
2024 3445 2103 3502 ad
2126 3461 2374 3500 vernum
2427 3447 2668 3518 tempus
2714 3445 3067 3517 permansit.
3127 3444 3448 3502 Musulma-

1789 3550 2008 3590 norum
2042 3535 2243 3606 itaque
2293 3534 2556 3591 exercitu
2603 3533 2914 3608 dissipato,
2971 3539 3036 3591 ut
3093 3533 3377 3600 diximus,
3407 3549 3444 3591 a

1788 3624 2107 3694 Tachariis,
2169 3623 2393 3696 quibus
2461 3623 2732 3680 sultanus
2785 3623 3109 3680 Iathatines
3166 3627 3442 3697 praeerat,

1789 3712 2006 3768 sultani
2020 3711 2139 3785 74
2167 3711 2396 3768 Azatini
2432 3711 2612 3781 ﬁlius,
2633 3712 2738 3784 qui
2760 3727 2832 3767 ex
2846 3712 3008 3768 bono
3027 3713 3089 3768 in
3108 3711 3442 3784 principem

160 3796 209 3831 “
238 3798 442 3886 Ξούςῖ-
471 3802 873 3886 κοινωνεῖνῇοω.
907 3798 971 3876 Ι),
1006 3867 1017 3878 ⁸
1047 3797 1098 3830 ⁷ο
1127 3797 1416 3886 κάκεῖσε-
1455 3800 1611 3873 μέρη]
1641 3804 1817 3886 affigi:
1858 3803 1998 3853 ἐπιὸν
2029 3804 2139 3862 ἔτος
2185 3806 2302 3874 περὶ
2333 3803 2516 3872 Πηγὰς
2545 3803 2806 3886 χωρείτῐ).
2884 3801 2951 3886 ⁷¹Ἱ
2973 3803 3022 3853 οἱ
3052 3799 3440 3886 ἀριθμήσαντες

83 3881 210 3924 om.
238 3868 298 3922 D.

377 3867 424 3902 ⁷³
454 3874 686 3919 τοιοῦτον
719 3869 786 3939 D,
815 3867 1051 3923 omissis
1095 3870 1409 3938 γεγενῆσθαί
1433 3867 1608 3925 ποτε(
1653 3872 1698 3906 ⁷³

1790 3892 1828 3926 γε
1856 3901 1926 3912 —
1963 3881 2162 3945 πρῶτον
2191 3867 2312 3928 om.
2366 3867 2432 3927 D.

2507 3869 2677 3924 "add
2707 3869 2769 3930 ἦν
2796 3901 2864 3912 —-
2893 3870 2952 3944 ἡ]
2977 3874 3046 3934 ὡς
3064 3869 3202 3930 ὁῦνῆ
3230 3875 3293 3929 D.

970 3991 1314 4060 Theodori
1370 3992 1618 4061 Dousaa
1666 4003 1733 4061 et
1776 3993 2029 4064 Leonis
2076 3993 2309 4062 Allatii
2346 4002 2549 4095 notae.

161 4116 271 4196 (89)
306 4117 388 4198 pe
438 4116 754 4198 purpureis
799 4117 1229 4198 imperatorum
1283 4119 1558 4198 crepidis,
1600 4135 1677 4198 an

84 4187 275 4244 ocreis
305 4191 332 4261 _?
359 4187 543 4259 supra
556 4187 852 4261 egimus;
882 4187 1022 4261 item
1046 4189 1119 4245 de
1151 4190 1300 4245 tiara
1331 4187 1402 4246 et—
1415 4190 1569 4261 pileo
1600 4190 1679 4246 ad

87 4258 783 4330 exemplum’pyramidis
802 4259 862 4314 in
887 4260 1071 4315 altum
1086 4267 1359 4329 surgente
1377 4258 1433 4317 et
1449 4262 1676 4317 acumi-

88 4335 250 4385 nato.
283 4333 500 4404 pequo
525 4345 686 4404 nunc
706 4330 1044 4404 audiendus
1066 4331 1430 4404 Nicephorus
1456 4333 1676 4403 Grego-

86 4417 188 4456 ras
210 4400 319 4455 sub
339 4400 520 4456 tinem
554 4402 816 4474 Historiae
842 4419 986 4466 suae,
1011 4403 1070 4456 in
1100 4400 1329 4459 Nmnia:
1357 4406 1442 4459 De
1467 4400 1677 4474 capitis

86 4487 266 4542 porro
279 4479 632 4542 tegumenta,
645 4473 1149 4542 apudsuperiores
1162 4473 1549 4544 imperatores
1561 4491 1677 4531 mo-

89 4545 572 4616 riseratutaetate
587 4547 976 4613 provectiores
998 4546 1183 4616 aulici
1207 4562 1478 4615 proceres
1504 4548 1675 4616 pileis
1709 4556 1750 4608 υ

91 4614 402 4690 turbinatis
425 4615 764 4688 (καλύπτραις
779 4613 1079 4690 πυραμίδος
1106 4613 1353 4688 ἐχούσαις
1377 4613 1568 4690 σχῆμα
1595 4633 1674 4674 se-

91 4687 217 4761 rico
231 4689 390 4761 tectis
402 4687 862 4761 u_terentu_r,pro
871 4687 1166 4761 dignitate
1177 4687 1678 4761 cujusque.Atqiie

89 4757 220 4830 haec
233 4756 1679 4830 imperiisymbolahaberisubditlogothetaﬂuod

92 4833 152 4883 et
166 4827 684 4884 insinuatloannes
697 4831 1546 4895 Cantacuzenus,Histor,[tom
1559 4835 1681 4888 sive

91 4899 562 4973 Byzantinzlib.
587 4917 626 4965 ι,
659 4906 868 4973 θερίζει,
912 4902 1015 4956 ubi
1044 4901 1263 4972 pileum
1296 4903 1473 4958 istnm
1505 4922 1681 4955 συνεκ-

93 4967 325 5045 δοχικῷς
344 4970 607 5045 lapidem
625 4967 906 5045 appellat,
931 4967 1070 5027 cum
1095 4973 1155 5027 in
1172 4975 1340 5045 apice
1367 4973 1502 5045 pilei
1527 4973 1680 5045 lapis

90 5041 347 5096 visenda;
362 5041 781 5117 magnitudinis
793 5041 1356 5117 acincomparabilis
1368 5041 1538 5117 pretii
1552 5041 1680 5117 spe-

90 5117 362 5187 ctaretur.
393 5115 591 5169 Graece
615 5120 705 5187 est
733 5131 747 5180 ;
776 5118 863 5166 τὸν
895 5114 980 5166 ἐπὶ
1012 5114 1107 5175 τῆς
1135 5114 1386 5187 κειφαλῆς
1429 5114 1603 5168 λίθον”
1625 5118 1681 5171 et

91 5183 301 5258 Πιλιινἶ
334 5199 445 5258 cap
474 5189 585 5258 31:
617 5185 744 5257 λίθῳ
786 5191 1172 5258 κεκοσμημένος
1223 5183 1391 5253 πῖλος,
1435 5191 1680 5243 notante

94 5256 162 5309 V.
195 5255 251 5310 C.
279 5255 498 5311 Jacobo
528 5255 799 5313 Pontano
827 5260 882 5314 S.
923 5255 996 5324 1.,
1025 5255 1130 5313 'cui
1161 5257 1326 5313 illum
1372 5263 1680 5314 auctorem

98 5325 671 5450 graistantissimum,
704 5328 995 5384 hactenus
1020 5329 1314 5398 ignotum,
1341 5328 1472 5385 luce
1488 5343 1683 5400 nuper

143 5401 398 5450 Gnatum.
427 5403 485 5450 ut
514 5404 571 5450 et
599 5399 831 5450 Georgii
865 5400 1139 5450 Phranzm
1177 5400 1530 5450 Chronicon.
1581 5399 1680 5450 de-

143 5401 398 5453 onatum.
427 5403 485 5453 ut
514 5404 571 5454 et
599 5399 831 5468 Georgii
865 5400 1139 5455 Phranzee
1177 5400 1530 5466 Chronicon,
1580 5399 1680 5456 de-

100 5467 341 5542 bemus.‘
358 5469 468 5542 Sed
486 5469 699 5542 Latine
721 5467 975 5542 tantum,
1002 5471 1166 5542 qnod
1187 5471 1361 5527 unice
1382 5471 1678 5528 dolemus.

105 5541 182 5596 De
204 5538 879 5612 sandalisimperatoriis
900 5538 1058 5597 idem
1084 5545 1553 5611 Cantacuzenus,
1574 5542 1674 5598 lib.

102 5611 619 5691 1|,cap.tj,etl_ib.in
631 5617 872 5691 Eapﬂi.
894 5612 1387 5691 Videndusetiam
1405 5613 1680 5691 Leuncla-

101 5683 296 5740 viusin
307 5683 605 5741 Pandecte
617 5683 905 5743 Historia:
933 5686 1180 5742 Turciar.
1207 5688 1423 5744 Praetor
1443 5685 1680 5744 Graecia:

1783 4119 2125 4200 historicus,
2153 4133 2527 4200 quemsmpe
2567 4117 2657 4174 vir
2693 4131 2950 4200 magnus
3005 4116 3304 4200 producit,
3359 4119 3442 4200 ait

1784 4199 2020 4261 recepta
2035 4190 2210 4261 Cpoli
2220 4192 2444 4247 venisse
2457 4190 2517 4246 in
2538 4205 2752 4246 manus
2767 4190 3108 4261 Graecorum
3129 4190 3442 4261 imperato-

1784 4265 1879 4319 ria
1913 4260 2211 4319 Bulduini
2244 4263 2307 4317 II
2324 4262 2748 4333 symbola,qua.v
2777 4260 3014 4332 quidem
3035 4261 3164 4318 haec
3178 4260 3434 4331 fuerint,

1783 4334 2054 4410 καλύπτρα
2079 4335 2296 4410 fornice
2325 4334 2564 4410 trutinis
2587 4334 2846 4410 usitatae
2870 4337 2924 4410 et
2982 4333 3300 4410 unionibus
3347 4333 3440 4410 di-

1782 4403 2018 4471 stincto,
2052 4403 2184 4461 cum
2223 4405 2436 4473 lapillo
2462 4403 2636 4460 rubri
2656 4404 2871 4460 coloris
2891 4404 2954 4458 in
2976 4405 3192 4460 vertice
3219 4405 3435 4474 capitis

1782 4477 1936 4547 (ejus
1956 4477 2054 4532 hic
2073 4475 2342 4532 meminit
2361 4475 3129 4547 Logotheta),calceamenta
3140 4490 3310 4532 cocco
3324 4477 3439 4532 tin-

1784 4555 1899 4611 cta.
1923 4549 2165 4619 gladius
2205 4549 2427 4617 vagina
2449 4547 2522 4603 de
2550 4548 3234 4619 coccineicotorisserico
3261 4548 3438 4616 facta

1785 4617 2048 4692 vestitus.
2075 4619 2382 4692 Conjunge
2410 4619 2706 4692 haeccum
2733 4618 2803 4673 iis
2824 4633 2960 4690 quia
2989 4634 3026 4674 a
3050 4617 3227 4674 nobis
3251 4634 3437 4691 supra

1786 4691 1859 4747 de
1886 4690 2042 4762 pileo
2071 4694 2127 4745 et
2147 4688 2361 4746 calceis
2395 4688 2592 4744 rubris
2618 4688 2915 4762 annotatag
2932 4693 3090 4746 sunt.
3124 4688 3335 4762 Dousa;

1859 4759 1974 4831 (81)
2037 4764 2186 4833 Παρὰ
2263 4769 2375 4833 τῶν
2422 4764 2725 4833 Ταχαρίων.
2779 4760 3034 4833 Chalaus
3094 4759 3432 4833 Sitziscanis

1786 4830 1963 4894 ﬁlius.
1999 4838 2061 4887 ut
2099 4830 2599 4904 supradiximus,
2618 4831 2910 4904 superatis
2929 4830 3210 4904 Tanaidis
3240 4830 3434 4904 tondi-

1789 4904 1901 4958 bus
1938 4900 2237 4974 Europam
2268 4901 2625 4974 devastavit.
2675 4900 2829 4957 Alter
2886 4901 3247 4974 Sitziscanis_
3275 4900 3434 4956 ﬁlius

1786 4971 2113 5046 Telepuges
2138 4974 2364 5045 Caspiis
2395 4973 2699 5046 augustiis
2720 4972 3036 5046 superatis,
3066 4971 3373 5046 §ogdiana
3396 4987 3435 5046 εξ.

1787 5041 1952 5112 tergo
1973 5041 2194 5111 relicta,
2228 5041 2552 5100 Bactrianis
2589 5049 2646 5098 et
2677 5041 2999 5112 Oxo‘sogdo
3051 5041 3300 5098 ﬂumine
3354 5041 3434 5098 ad

1787 5117 2017 5172 radices
2032 5131 2392 5186 magnorum
2411 5115 2704 5186 montium
2721 5129 3076 5186 progressus
3096 5128 3237 5186 cum
3265 5128 3432 5186 exer-

1788 5188 1904 5244 citu
1931 5183 2228 5243 hibernat.
2261 5188 2486 5242 Montes
2527 5184 2694 5257 quod
2725 5183 2866 5241 'una
2917 5183 3242 5257 c_ontinent_i
3285 5183 3435 5240 serie

1787 5259 2110 5325 cohaerent,
2135 5273 2323 5313 unum
2341 5257 2519 5314 veluti
2533 5254 2798 5312 montem
2816 5254 3104 5320 conﬂant,
3128 5260 3186 5325 et
3198 5255 3436 5312 Taurus

1787 5330 2021 5402 dicitur,
2036 5324 2144 5402 qui
2167 5329 2367 5384 Asiam
2390 5329 2731 5402 universam
2753 5327 3016 5382 mediam
3032 5324 3261 5396 dividit,
3286 5325 3436 5402 inci-

1787 5401 1959 5473 piens
1989 5397 2314 5473 ab'ioccasu
2346 5399 2618 5471 proxime
2643 5401 2908 5473 Egmum
2943 5412 3128 5473 mare,
3151 5402 3208 5454 et
3233 5397 3438 5454 Asiam

1789 5469 1999 5528 secans
2020 5472 2097 5527 ad
2112 5469 2504 5527 subsola‘num
2521 5473 2788 5533 ventum,
2805 5470 2978 5540 juxta
2989 5469 3293 5526 Oceanum
3307 5485 3439 5526 sese

1789 5545 2138 5600 terminans.
2172 5544 2312 5597 Vere
2327 5541 2729 5597 maximorum
2751 5556 3000 5611 gregum
3023 5546 3126 5597 aut
3142 5545 3438 5598 armento-

1787 5631 1923 5687 rum
1939 5616 2126 5687 instar
2139 5613 2435 5687 montium
2455 5611 2772 5687 cacumina
2793 5617 3162 5686 superant,et
3176 5612 3437 5687 populos

1788 5686 2090 5758 subjectos
2105 5684 2422 5752 invadunt,
2443 5688 2502 5742 et
2520 5683 2753 5741 Indiam
2769 5683 3102 5758 penetrant,
3133 5683 3438 5757 quantain
