3966 6324
501 305 644 365 1079

1783 307 2065 364 GEORGII
2105 304 2583 364 ACROPOLITE.

505 429 734 488 malum
761 428 1151 501 degeneraret
1189 429 1472 503 :potibus
1500 445 1786 503 namque,
1808 429 2158 487 libidinibus
2187 432 2237 485 A
2265 428 2471 483 λέλυται
2504 430 2747 503 στρατιὰ,
2782 428 2981 482 σουλτά

2297 429 2471 483 ε’λυται
2504 430 2747 503 στρατιὰ,
2782 428 3065 490 σουλτάνος
3092 424 3152 482 δὲ
3187 425 3352 503 ἦρχεν
3406 427 3578 481 αὐτῶν
3637 427 3707 480 οὗ
3752 427 3893 485 κλῇ-ι

505 520 911 578 monstruosis
936 520 1436 592 exsecrandisque
1458 520 1768 576 amoribus
1790 519 2012 587 furens,
2028 535 2160 593 per-

506 614 689 683 petuo
728 625 866 663 cum
917 607 1425 664 homuncionibus
1473 613 1530 664 et
1562 609 1806 665 rationis
1827 614 1891 666 et
1930 614 2159 665 naturae

506 698 791 755 humanas
818 696 1053 769 penitus
1077 697 1301 768 ignaris
1327 698 1780 769 consuescebat,
1802 698 2035 771 parenti
2051 714 2159 754 suo

508 786 835 853 dissimilis,
866 786 970 859 qui
989 786 1357 853 libidinibus,
1382 802 1505 844 non
1526 788 1609 843 ita
1629 793 1853 854 tamen,
1874 787 2123 861 parebat
2145 803 2159 853 ;

507 892 695 951 quare
720 880 779 933 et
806 876 1019 932 melius
1078 877 1559 949 progenitoribus
1611 879 1739 949 ipse
1797 879 1920 934 suis
1971 878 2162 934 aciem

511 965 802 1037 struebat,
856 980 999 1035 erga
1070 967 1493 1039 imperatorem
1546 966 1836 1024 benevole
1890 968 2159 1023 affectus.

510 1056 736 1111 Verum
761 1053 984 1127 quibus
1015 1055 1123 1111 iste
1154 1054 1585 1123 delectabatur,
1613 1057 1823 1112 iisdem
1861 1058 2165 1114 saturitate

510 1161 638 1204 non
665 1145 944 1202 fraudata
967 1145 1213 1215 adjutus
1242 1150 1334 1202 est
1368 1167 1381 1209 ;
1414 1147 1519 1219 qui
1558 1162 1697 1203 cum
1758 1163 1822 1204 se
1878 1147 2050 1204 vellet
2104 1148 2166 1203 in

513 1250 725 1307 pugna
796 1234 1118 1291 Tacharica
1168 1235 1441 1308 experiri,
1492 1235 1841 1293 debellatur.
1902 1240 1969 1293 Et
2015 1252 2168 1309 pene

515 1324 700 1382 rebus
723 1324 947 1380 aversis
992 1323 1222 1394 legatos
1286 1324 1365 1380 ad
1411 1325 1835 1398 imperatorem
1877 1329 2170 1383 Joannem

518 1415 713 1486 mittit,
747 1414 1064 1472 consilium
1090 1416 1627 1487 praesentissimum
1647 1423 1874 1489 petens,
1901 1434 2171 1491 quanam

515 1505 766 1563 tandem
794 1505 921 1578 ipse
944 1504 1175 1561 ratione
1193 1506 1428 1563 hostem
1449 1508 1755 1579 repelleret
1780 1513 1838 1563 et
1857 1508 2167 1581 paululum

519 1610 558 1653 θ.
581 1593 757 1651 malis
789 1592 1224 1661 sublevaretur,
1250 1595 1312 1650 id
1344 1594 1567 1652 scilicet
1593 1596 1874 1652 dictitans
1904 1597 2173 1669 utrisque

518 1683 779 1740 salutare
824 1698 954 1739 esse
1031 1702 1044 1739 :
1133 1684 1518 1742 Musulmanis
1605 1687 1763 1743 enim
1815 1703 1853 1743 a
1915 1687 2176 1744 tacharis

517 1774 855 1848 prostratis,
886 1773 948 1830 in
979 1776 1281 1831 Romanas
1328 1776 1595 1833 civitates
1645 1777 1843 1834 aditus
1896 1778 2065 1834 liberi
2104 1793 2175 1834 ac
2206 1794 2245 1848 Β
2282 1782 2374 1826 τοῦ
2430 1772 2627 1847 βάρους
2675 1773 2835 1826 αὐτοῦ
2888 1774 2955 1831 ⁸ο.

2294 1782 2374 1826 τοῦ
2430 1772 2627 1847 βάρους
2675 1773 2835 1826 αὐτοῦ
2888 1774 2955 1831 ⁸ο,

515 1861 644 1920 sine
673 1862 1124 1935 impedimento,
1150 1864 1314 1937 quod
1333 1869 1391 1921 et
1410 1865 1793 1923 verissimum
1814 1872 1959 1936 erat,
1994 1868 2176 1924 hosti-

518 1952 654 2019 bus,
671 1968 808 2008 cum
822 1966 926 2009 eos
942 1953 1267 2026 reprimere
1278 1969 1400 2010 non
1412 1955 1631 2027 possis,
1653 1957 1965 2029 patebunt.
1994 1960 2172 2014 Porro

518 2042 846 2115 imperator
861 2042 1144 2109 Joannes,
1160 2047 1365 2116 utpote
1389 2044 1447 2099 in
1462 2044 1645 2101 rebus
1670 2046 1962 2103 similibus
1985 2063 2176 2118 sagax

516 2136 573 2190 et
610 2131 901 2205 prudens,
930 2130 1294 2203 legationem
1322 2132 1515 2190 libens
1536 2136 1770 2207 accipit,
1822 2140 1879 2192 et
1928 2152 2178 2194 concor-

520 2221 685 2278 diam
724 2237 863 2277 cum
888 2221 1130 2278 sultano
1161 2222 1555 2293 conglutinat,
1589 2229 1652 2279 ut
1677 2226 1761 2280 sic
1800 2226 2179 2283 adversarios

519 2310 920 2383 repellerent:
953 2326 1098 2366 nam
1134 2311 1228 2367 his
1276 2312 1515 2368 duabus
1566 2314 1849 2369 maximis
1897 2316 2180 2388 potentiis

523 2400 883 2458 consociatis
912 2399 1249 2456 verosimile
1279 2400 1452 2456 fuerit
1470 2402 1702 2458 hostem
1759 2408 1985 2459 metum
2039 2421 2181 2461 con-

525 2490 742 2561 cipere,
776 2488 827 2544 si
852 2488 1001 2544 dum
1023 2493 1229 2545 contra
1249 2504 1441 2545 unum
1461 2490 1839 2558 invehuntur,
1863 2493 2185 2567 derepente

531 2581 742 2635 contra
770 2576 925 2632 duos
983 2594 1045 2633 se
1092 2593 1262 2634 arma
1319 2580 1650 2651 sumpsisse
1706 2580 2183 2654 deprehendant.

530 2670 775 2739 Propter
798 2666 929 2722 haec
957 2667 1160 2738 itaque
1192 2667 1255 2722 in
1284 2683 1474 2723 unum
1498 2669 1548 2739 7
1564 2669 1615 2741 5
1647 2670 1865 2726 animis
1888 2672 2183 2742 coaluere,

532 2755 859 2828 amboque,
891 2772 1032 2812 cum
1063 2757 1327 2813 Joannes
1355 2757 1683 2829 imperator
1728 2764 1856 2815 tum
1914 2761 2185 2819 sultanus

528 2845 877 2916 Iathatinas,
913 2845 1078 2918 apud
1098 2846 1398 2918 Tripolim,
1420 2863 1607 2919 quam
1630 2850 1924 2905 Maeander
1948 2856 2185 2923 praeter-

526 2933 676 3002 ﬂuit,
737 2939 917 3007 ponte
953 2950 989 2991 a
1066 2935 1282 2991 sultani
1336 2937 1511 2992 sociis
1567 2939 1957 3010 extemporali
2009 2941 2186 3012 lignis

530 3027 849 3094 exstructo,
877 3027 943 3080 ut
979 3022 1209 3080 facilior
1238 3025 1684 3082 transeuntibus
1713 3031 1941 3098 pateret
1960 3029 2181 3095 aditus,

2271 539 2354 582 σις
2385 521 2430 555 ⁷⁵
2454 520 2763 587 Ἰαθατίνης,
2795 521 2909 580 υἱὸς
2928 526 3022 571 τοῦ
3048 518 3265 572 σονλτάν
3319 518 3566 582 Ἀζατίνη
3608 519 3687 586 π’
3762 526 3881 589 7r;-

2266 608 2353 670 λος
2399 607 2452 671 ἐξ
2500 607 2665 683 ἀρχὸς
2754 612 2997 679 γεγονὼς,
3067 639 3140 649 —--
3220 611 3397 670 πότοις
3474 607 3580 681 γὰρ
3699 608 3887 679 ἔχαιρε

2267 702 2358 751 καὶ
2387 697 2682 770 ἀσελγείαις
2717 702 2809 750 καὶ
2835 702 3035 759 κοίταις
3066 696 3364 759 ἀλλοκότοις
3387 716 3441 749 τε
3474 701 3569 749 καὶ
3639 694 3884 761 ἀτόποις,

2267 792 2359 841 καὶ
2413 796 2571 846 συνῆν
2627 785 2706 839 ἀεὶ
2765 784 3152 859 ἀνθρωπίσκοις
3218 786 3388 839 οὐκέτι
3446 784 3602 857 λόγον
3680 781 3887 837 εἰδόσιν

2270 874 2384 931 οὐδ’
2406 876 2730 951 ἀνθρωπίνην
2752 879 2907 949 φύσιν
2943 878 3002 929 τὸ
3062 875 3286 931 σύνολον.
3337 874 3399 928 Ὀ
3440 878 3625 948 πατὴρ
3676 870 3745 927 δε
3802 876 3889 925 αὑ-

2269 975 2361 1022 τοῦ
2387 967 2445 1020 οὐ
2474 974 2707 1029 τοιοῦτος
2747 963 2831 1035 ἦν,
2864 965 2969 1019 ἀλλ’
3002 968 3199 1025 ἡττᾶτο
3229 967 3340 1039 μὲν,
3398 965 3458 1018 οὐ
3514 961 3743 1039 σφόδρα
3800 961 3878 1029 δέ,

2271 1066 2372 1111 τῶν
2408 1055 2704 1128 ἀσελγειῶν,
2735 1052 2821 1109 διὸ
2861 1060 2950 1109 καὶ
2978 1054 3182 1129 βέλτιον
3213 1064 3313 1107 τῶν
3341 1057 3442 1129 πρὸ
3471 1054 3641 1107 αὐτοῦ
3690 1053 3887 1128 ἐστρα-

2272 1152 2444 1219 τήγει,
2474 1151 2566 1199 καὶ
2602 1145 2772 1218 φιλίως
2836 1149 2968 1219 πρὸς
3018 1149 3106 1198 τὸν
3161 1143 3387 1218 βασιλέα
3440 1141 3702 1199 διέκειτο.
3757 1142 3885 1197 Ἀλλ’

2276 1238 2423 1297 οὗτος
2460 1238 2538 1298 οἷς
2568 1238 2770 1310 ἔχαιρε,
2801 1235 3083 1309 πλησμίως
3125 1237 3320 1288 τούτων
3372 1234 3622 1288 ἀπώνατο
3672 1235 3751 1289 ⁷⁷.
3802 1240 3893 1287 [It-

2276 1331 2521 1399 πείραται
2564 1333 2693 1398 γοῦν
2738 1327 2924 1398 μάχης
2976 1332 3288 1400 Ταχαρικῆς
3343 1328 3436 1376 καὶ
3485 1325 3749 1383 ἣττηται.
3815 1324 3893 1377 Ἐν

2282 1424 2441 1486 στενῷ
2485 1422 2612 1487 γοῦν
2671 1423 2769 1467 τῶν
2825 1417 3147 1490 πραγμάτων
3201 1410 3399 1486 κομιδῆ
3452 1417 3713 1485 γεγονὼς,
3777 1416 3893 1484 πρέ-

2283 1504 2423 1567 σϐεις
2451 1505 2500 1540 "
2533 1503 2782 1576 ἐκπέμπει
2810 1507 2937 1577 πρὸς
2988 1508 3076 1556 τὸν
3125 1502 3353 1576 βασιλέα
3419 1501 3697 1569 Ἰωάννην,
3763 1501 3892 1575 βου-

2279 1595 2376 1657 λῆς
2403 1614 2457 1647 τε
2505 1592 2663 1657 ἀξιῶν
2706 1593 2924 1668 ἀρίστης
2966 1592 3020 1657 ἐξ
3077 1593 3238 1646 αὐτοῦ
3298 1600 3507 1666 τυχεῖν,
3565 1595 3647 1655 ὡς
3706 1591 3894 1645 ἀνειπο-

2281 1683 2524 1759 τρέψοιτο
2575 1685 2624 1719 ⁷9
2682 1687 2770 1736 τὸν
2827 1682 3101 1736 ἀντίπαλον
3154 1687 3246 1735 καὶ
3302 1686 3489 1758 μικρὸν
3574 1685 3891 1755 κουφισθείη

3034 1769 3363 1846 σωτηριῶδες
3446 1780 3614 1825 τοῦτο
3683 1774 3893 1844 φάσκων

2282 1865 2564 1935 τυγχάνειν
2595 1863 2638 1898 ⁸¹
2676 1861 2863 1935 ἀμφοῖν
2890 1862 3028 1935 (8'2)'
3073 1866 3167 1915 τοῦ
3203 1865 3303 1935 γὰρ
3358 1866 3539 1932 γένους
3590 1869 3706 1913 τῶν
3759 1868 3897 1915 Μου-

2286 1952 2585 2025 σουλμάνων
2641 1954 2786 2025 παρὰ
2840 1961 2941 2004 τῶν
2988 1955 3250 2027 Ταχάρων
3312 1950 3648 2014 ἀπολωλότος
3733 1952 3901 2011 ἄνετος

2283 2041 2512 2095 λείπεται
2532 2049 2642 2104 τοῖς
2697 2041 2947 2103 ἐναντίοις
2990 2044 3021 2101 ἠ
3079 2044 3213 2094 κατά
3269 2049 3367 2095 τῶν
3428 2041 3747 2113 Ῥωμαῖχῶν
3794 2062 3901 2113 χω-

2286 2140 2388 2205 ρῶν
2435 2127 2638 2204 ἔφοδος.
2693 2136 2793 2184 Καὶ
2842 2128 2905 2190 ἧν
2956 2138 3108 2184 τοῦτο
3155 2133 3291 2183 πὰνυ
3348 2150 3409 2201 γε
3458 2129 3653 2191 ἀληθές
3714 2132 3791 2166 ⁸³·
3848 2130 3901 2181 Ὀ

2286 2230 2412 2294 γοῦν
2442 2222 2682 2284 Ἰωάννης
2706 2222 2775 2288 ⁸³,
2803 2222 2888 2274 οἷα
2918 2223 3107 2283 ἐκεῖνος
3163 2217 3332 2283 δεινὸς
3386 2219 3438 2273 ἐν
3486 2226 3600 2281 τοῖς
3652 2223 3906 2280 τοιούτοις

2289 2314 2618 2385 πράγμασιν,
2647 2306 2969 2382 ἀποδέχεται
2991 2309 3075 2383 [Ρ.
3110 2309 3203 2383 38]
3255 2311 3473 2382 ἄσμενος
3517 2310 3567 2344 ⁸⁸
3628 2314 3737 2369 τήν
3779 2329 3901 2383 πρε-

2295 2399 2470 2453 σϐείαν
2499 2405 2588 2452 καὶ
2626 2400 2695 2461 si;
2740 2400 2920 2452 ἕνωσιν
2980 2398 3238 2453 συνελθεῖν
3291 2401 3575 2474 ἠρετίσατο
3643 2408 3725 2451 τῶ
3760 2399 3905 2452 σονλς

2291 2491 2406 2557 τὰν,
2435 2490 2499 2549 ὡς
2524 2489 2585 2541 οἶν
2643 2496 2798 2541 τοῦτο
2845 2494 2956 2550 τοῖς
3010 2485 3257 2550 ἐναντίοις
3311 2488 3380 2549 εἰς
3434 2486 3757 2563 ἀποτροπὴν
3819 2492 3905 2559 γε-

2292 2597 2431 2630 νοιτο
2482 2599 2494 2611 ·
2553 2580 2821 2650 ἠνωμένων
2867 2579 2967 2650 γὰρ
3026 2584 3126 2629 τῶν
3173 2579 3420 2630 τοιούτων
3474 2573 3576 2629 δὺο
3635 2582 3907 2649 μεγίστων

2294 2673 2475 2741 ἆρχῶν
2517 2667 2648 2728 εἰκὸς
2711 2671 2897 2719 πτοίαν
2948 2667 3189 2737 γενέσθαι
3230 2674 3343 2729 τοίς
3402 2665 3705 2738 πολεμίοις,
3789 2670 3907 2739 πρὸς

2294 2758 2381 2810 ἕνα
2403 2758 2493 2828 μεν
2524 2759 2714 2828 ἔχουσι
2734 2759 2821 2808 τὸν
2855 2758 3069 2822 σκοπόν,
3102 2759 3233 2829 πρὸς
3255 2752 3352 2807 δύο
3408 2751 3468 2807 δὲ
3518 2754 3723 2829 ἀθρόον
3778 2756 3907 2830 εὑρι-

2298 2850 2566 2918 σκομένοις
2610 2847 2683 2901 ⁸⁵.
2737 2849 2836 2899 Καὶ
2882 2852 3005 2917 γοῦν
3063 2843 3142 2897 ἐπὶ
3193 2852 3303 2907 τοῖς
3349 2847 3579 2905 τοιούοις
3642 2863 3907 2897 συσκευα-

2298 2936 2511 3007 σάμενοι
2561 2935 2609 2971 “
2660 2933 2977 2992 σννηλθέτην
3032 2937 3122 2985 καὶ
3177 2933 3351 3006 ἄμφω,
3418 2931 3447 2984 ὃ
3510 2951 3570 2984 τε
3658 2931 3907 3004 βασιλεὺς

2295 3023 2533 3085 Ἰωάννης
2583 3024 2627 3059 ⁸⁷
2675 3027 2765 3076 καὶ
2818 3024 2843 3075 6
2877 3021 3096 3076 σουλτὰν
3147 3024 3457 3091 Ἰαθατίνης,
3518 3020 3568 3074 ἐν
3620 3030 3703 3094 τῷ
3762 3021 3907 3074 am

530 3112 1501 3187 semethumanissimeexcipiunt,
1526 3114 1742 3188 aliique
1762 3115 1911 3172 alios
1932 3133 2185 3189 magna-
2218 3149 2258 3206 Ο
2293 3120 2395 3173 τῶς
2429 3111 2736 3187 Τριπὸλιως,
2791 3115 2918 3164 ὅπου
2963 3131 2981 3162 ³

2294 3120 2395 3173 τῶς
2429 3111 2736 3187 Τριπὸλεως,
2791 3115 2918 3164 ὅπου
2963 3115 3054 3163 καὶ
3101 3113 3127 3163 6
3178 3108 3479 3183 Μαίανδρος
3518 3111 3600 3185 ῥεῖ
3644 3129 3907 3182 ποταμος.

530 3205 618 3259 tes
657 3218 728 3259 ac
758 3217 1073 3275 proceres;
1097 3207 1154 3259 et
1176 3204 1368 3275 pactis
1399 3202 1621 3275 quibus
1650 3208 1828 3261 antea
1857 3205 2189 3277 obstringe-

530 3290 774 3354 bantur,
809 3292 1072 3347 sanctius
1112 3291 1501 3359 conﬁrmatis,
1536 3297 1600 3348 ut
1630 3292 1806 3349 simul
1834 3310 1957 3350 una
2005 3295 2189 3352 ambo

531 3380 740 3436 hostes
762 3379 972 3451 proelio
992 3379 1369 3448 lacesserent,
1386 3381 1881 3450 abiere,.loannes
1902 3383 2190 3441 Philadel-

534 3466 746 3541 phiam
778 3472 1007 3541 petens,
1043 3468 1317 3525 sultanus
1348 3470 1616 3525 Iconium
1668 3470 1768 3526 ubi
1815 3472 1979 3543 regia
2034 3473 2191 3529 illius

537 3560 682 3614 erat.
718 3560 783 3614 Et
810 3560 954 3613 tunc
983 3557 1232 3631 quidem
1255 3561 1504 3630 uterque
1530 3560 1851 3631 tranquilla
1871 3576 2021 3633 pace
2042 3578 2190 3617 usus

537 3651 644 3702 est.
693 3649 843 3703 Nam
890 3647 1294 3704 Tacharorum
1339 3648 1631 3704 exercitus
1684 3650 1807 3705 suis
1857 3666 1918 3707 se
1966 3651 2190 3708 ﬁnibus

539 3737 848 3808 continuit,
876 3753 987 3794 nec
1014 3738 1418 3811 praescriptos,
1450 3738 1536 3794 uti
1587 3740 1774 3796 moris
1833 3744 1976 3812 erat,
2039 3746 2194 3798 tran-

538 3827 787 3895 scendit,
811 3843 950 3884 cum
970 3827 1150 3884 rebus
1170 3827 1512 3884 domesticis
1540 3828 1928 3885 incumberet.

2296 3205 2525 3276 Γέφυραν
2557 3209 2679 3273 γοῦν
2707 3201 2760 3264 ἐξ
2783 3196 3140 3272 αὐτοσχεδίου
3186 3199 3241 3251 ἐκ
3291 3198 3454 3263 ξύλων
3501 3201 3552 3251 οἱ
3597 3207 3698 3252 τοῦ
3757 3200 3909 3253 σουλ-

2296 3296 2388 3348 τάν
2423 3292 2769 3367 ἐργασάμενοι
2789 3290 2977 3363 εὐχερῆ
3034 3296 3145 3351 τοῖς
3198 3287 3529 3362 βουλομένοις
3581 3295 3913 3348 πεποιήκασι

2297 3388 2391 3442 τὴν
2437 3386 2744 3455 περαίωσιν.
2768 3378 3047 3441 Ἀλλήλους
3096 3386 3223 3451 γοῦν
3272 3380 3323 3431 οἱ
3372 3376 3533 3451 ἀρχοὶ
3583 3378 3910 3453 φιλοφρόνως

2301 3469 2698 3543 δεξιωσάμενοι,
2730 3471 2805 3521 ἔτι
2845 3465 2905 3521 δε
2932 3474 3024 3521 καὶ
3047 3471 3169 3528 τοὺς
3225 3466 3309 3539 ὑφ’
3366 3466 3606 3542 ἑκάτερον
3676 3468 3911 3541 ἑκάτεροι

2298 3565 2644 3637 προῦχοντας,
2701 3563 2793 3611 καὶ
2853 3560 3117 3620 συνθήκας
3163 3557 3222 3618 οἷς
3267 3561 3358 3610 καὶ
3403 3560 3504 3631 πρὸ
3579 3560 3677 3609 τοῦ
3766 3554 3910 3629 εἶχον

2298 3654 2602 3726 κρειττόνως
2634 3646 3072 3721 βεϐαιωσάμενοι,
3104 3649 3174 3708 ὡς
3194 3649 3256 3699 ἄν
3317 3649 3575 3719 μάχοιντο
3628 3649 3904 3719 συνημμὶ-

2299 3760 2394 3801 νως
2444 3740 2550 3800 τοῖς
2594 3737 2845 3799 ἐναντίοις
2902 3736 2972 3805 ",
3028 3732 3419 3801 διελύθησαν,ὁ
3651 3733 3907 3807 βασιλεὺς

2305 3827 2642 3904 ὑποστρέψας
2662 3827 2731 3887 εἰς
2747 3830 2840 3884 τὴν
2863 3821 3204 3897 Φιλαδέλφου,
3233 3825 3259 3877 6
3311 3821 3370 3877 δε
3427 3823 3646 3876 σουλτάν
3703 3824 3777 3885 εἰς
3818 3828 3907 3881 τὴν

539 3917 809 3986 Ἰκονιέων,
866 3919 988 3971 ἔνθα
1035 3915 1096 3977 ἦν
1144 3922 1235 3971 καὶ
1292 3920 1359 3970 τὰ
1416 3916 1686 3991 βασίλεια.
1735 3924 1860 3972 Τότε
1902 3922 1993 3992 μὲν
2048 3924 2138 3973 καὶ
2202 3917 2250 3973 ἑν
2296 3917 2484 3992 ἀμφοῖν
2537 3920 2605 3970 τά
2651 3924 2747 3978 τῆς
2803 3918 2990 3987 μάχης
3041 3916 3333 3988 ἠρέμησαν.
3391 3918 3492 3966 Καὶ
3545 3915 3650 3987 γὰρ
3708 3915 3744 3971 ἡ
3812 3922 3907 3965 τῶν

538 4010 799 4084 Ταχάρων
865 4009 1090 4081 στρατιὰ
1161 4006 1280 4060 καθ’
1346 4006 1537 4059 ἑαυτῶν
1613 4009 1770 4081 ἔμενε,
1839 4013 1930 4061 καί
1993 4009 2051 4062 οὐ
2099 4013 2336 4068 κεκίνητο
2394 4011 2461 4071 ὡς
2517 4006 2633 4067 ἒθος
2680 4026 2692 4038 ·

539 4100 847 4172 πράγμασιν
878 4096 947 4152 ⁸³.

2755 4003 2802 4057 ἐν
2859 4011 2969 4065 τοῖς
3017 4003 3209 4056 ἑαυτῶν
3270 4007 3363 4056 καὶ
3411 4005 3512 4078 γὰρ
3573 4001 3907 4075 ἠσχολοῦντο

617 4207 664 4242 ’⁷⁸
714 4225 773 4258 ου
816 4204 1004 4266 κλῆσις
1059 4219 1180 4260 om.
1248 4207 1314 4261 D.
1389 4206 1439 4241 ⁷⁸
1506 4207 1613 4266 υἱὸς
1664 4204 1939 4266 Ἀζατίνου
2004 4207 2066 4261 D.
2143 4206 2190 4240 ⁷⁷
2233 4205 2258 4257 6
2309 4235 2376 4246 —
2424 4202 2663 4256 ἀπώνατο
2710 4216 2834 4257 om.
2894 4202 2960 4257 Ι).

2309 4235 2376 4246 —
2424 4202 2663 4256 ἀπώνατο
2710 4216 2834 4257 om.
2894 4202 2960 4257 Ι).
3035 4200 3085 4235 ⁷⁸
3116 4198 3179 4273 -ἕν
3222 4229 3294 4239 --
3348 4195 3912 4273 πρέσξεις]μπρέσϐεις

547 4273 635 4352 οὖν
806 4276 857 4311 ’⁷⁸
887 4278 954 4352 ὡᾲς
981 4274 1333 4352 ἀποτρέψαιτο
1511 4278 1558 4352 ‘_’°
1588 4284 1679 4352 τοι)
1720 4276 1920 4352 βάρους
1949 4277 2275 4352 αὐτοῦρφ.
2313 4278 2396 4352 _D.
2472 4275 2516 4310 ⁸1
2563 4275 2773 4352 φάσκων
2830 4270 3136 4352 τυγχάνειν]
3182 4269 3445 4352 τυγχάνρν
3625 4269 3676 4352 εξ
3848 4298 3911 4309 —-

552 4348 734 4407 ἀληθές
754 4360 876 4402 om.
911 4348 977 4404 Ο.
1054 4344 1353 4421 ⁸³’γοῦνῗ-
1380 4346 1627 4421 βασιλεὺς
1655 4344 1891 4411 Ἰωάννης
1928 4352 1991 4415 D,
2014 4348 2256 4404 omissis
2282 4344 2804 4421 οἶαέ-Απράγμασιντ
2885 4346 2931 4378 ⁸⁸
2958 4345 2981 4395 ᾱ

2294 4344 2451 4400 »ἶα-
2478 4344 2804 4418 πράγμασιν.

554 4420 937 4494 εὑρισκομένοις
962 4411 1173 4494 om._lj,
1252 4420 1304 4494 δέ
1328 4411 1455 4494 γοῦν
1484 4452 1553 4494 +-
1581 4411 2031 4492 συσκευασάμενοι
2058 4436 2173 4494 oni.
2240 4421 2303 4474 D.
2350 4411 2700 4494 97__’1c5eivv:nc
2721 4489 2730 4494 _
2755 4420 2812 4470 et
2866 4430 2981 4494 m9:

2294 4461 2303 4474 .
2350 4411 2812 4494 97_’lc5aévv:ng_et
2866 4411 3349 4494 ωρΧ-Ἰαθατίνης
3402 4428 3525 4468 om.
3582 4411 3653 4468 D.

848 4487 1107 4562 ἐναντίοις]
1148 4496 1259 4543 εἶτα
1281 4486 1346 4546 D.
1425 4491 1470 4527 ⁸9
1498 4493 1523 4543 6
1546 4495 1636 4564 μὲν
1662 4522 1735 4533 -
1761 4486 2065 4566 πράγμασιν
2096 4492 2366 4565 ἠρέμησαν
2399 4486 2458 4543 δὲ
2477 4492 2567 4541 καὶ
2587 4490 2636 4540 οἱ
2655 4489 2897 4560 Τάχαροι
2923 4488 2989 4542 D.

556 4488 720 4565 φυραν
751 4488 820 4529 4-
840 4488 1107 4562 ἐυαντίοις]
1148 4496 1259 4543 εἶτα
1281 4488 1344 4546 D.

3512 4341 3561 4375 ss
3592 4344 3686 4392 καὶ
3734 4341 3804 4401 εἰς
3850 4369 3912 4379 _.

3736 4413 3787 4448 se
3842 4415 3915 4481 γε.

2885 4340 3182 4414 8ἶνίἷσμιινος
3210 4340 3332 4397 om.
3367 4340 3436 4396 Β.

1472 4632 1814 4701 Theodori
1838 4634 2085 4701 Dousae
2124 4644 2190 4700 et
2219 4632 2471 4701 Leonis
2511 4630 2746 4697 Allatii
2778 4635 2981 4696 notae.

556 4779 813 4849 utraque
826 4775 1437 4849 Indiripapatet,qua
1465 4776 1716 4833 subacta
1738 4777 1798 4832 in
1816 4781 1923 4832 Ara
1935 4777 2203 4833 chosiam
2238 4780 2279 4833 D
2315 4778 2715 4849 excurrerent,
2741 4776 2796 4849 e_t
2816 4771 3053 4849 imperii
3069 4769 3161 4826 sui
3176 4768 3395 4826 limites
3414 4767 3721 4849 littoribus
3743 4769 3918 4849 maris

555 4849 1005 4907 etCarmaniam
1020 4854 1128 4905 lter
1148 4853 1523 4916 convertunt,
1547 4854 1605 4904 et
1617 4849 1893 4918 gentibus
1910 4849 2022 4904 illis
2036 4849 2206 4904 facile

553 4919 800 4978 devictis
829 4920 908 4976 ad
939 4919 1252 4977 Chaldaeos
1281 4919 1575 4975 etArabes
1606 4920 2207 4991 perveniunt.Deinde

553 4992 633 5050 ad
648 4991 1008 5065 Babylonios
1024 4998 1082 5047 et
1091 4991 1373 5065 Assyrios
1396 4992 1749 5065 transgressi
1790 4991 2210 5065 Mesopotamia

553 5062 873 5135 occupant,
904 5068 961 5119 et
990 5063 1104 5119 loci
1131 5064 1493 5135 amoenitate
1509 5062 1695 5118 allecti
1715 5062 2206 5135 erroresiﬁniunt,

552 5133 743 5192 Tertio
757 5150 918 5192 anno
936 5135 1173 5190 Jaxarte
1185 5134 1370 5190 ﬂuvio
1390 5133 1495 5205 traj
1505 5138 1634 5189 ecto
1646 5138 1687 5189 A
1697 5133 1848 5189 siam
1879 5134 2210 5205 inferiorem

555 5206 670 5263 sibi
698 5206 1025 5273 vindicant,
1051 5222 1162 5261 nec
1183 5211 1308 5262 tum
1329 5204 1704 5277 quieverunt,
1724 5205 1825 5277 sed
1851 5205 2070 5261 tribuni
2093 5204 2212 5260 alio

554 5283 735 5348 atque
757 5278 874 5334 alio
896 5277 1060 5333 missi
1086 5280 1293 5333 Persas
1310 5276 1575 5348 primum
1599 5283 1655 5333 et
1677 5276 1919 5332 Parthos
1939 5282 1997 5331 et
2017 5277 2213 5333 Medos

559 5348 866 5419 subigunt,
896 5348 1113 5405 deinde
1143 5350 1488 5405 Armeniam
1506 5349 1799 5419 majorem
1823 5348 2213 5403 ascendentes

559 5419 903 5477 Colchidem
926 5425 981 5476 et
1004 5420 1323 5476 ﬁnitimam
1344 5420 1426 5475 illi
1449 5420 2046 5476 lberiamexcurrunt.
2071 5422 2220 5474 Pras-

557 5488 1089 5561 dia_postmodum
1110 5493 1543 5559 amoenissima,
1565 5496 1623 5547 et
1640 5489 2043 5561 delicatissimi
2068 5505 2159 5561 agi
2174 5490 2216 5560 i,

561 5559 785 5634 quibus
804 5561 891 5635 illi
913 5577 1293 5635 summopere
1321 5563 1597 5635 delectati
1628 5566 1788 5635 sunt,
1836 5560 2082 5635 effecere
2116 5559 2212 5628 ‘ut,

565 5632 755 5706 quam
783 5632 988 5690 animo
1010 5633 1141 5705 jam
1154 5632 1586 5706 possidebant,
1615 5633 1822 5691 Asiam
1873 5632 2217 5691 interiorem

2317 4847 2725 4904 terminarent.
2744 4840 3027 4899 Gentibus
3043 4848 3265 4907 tamen,
3279 4856 3434 4913 quas
3452 4840 3813 4913 inviserant,
3829 4855 3917 4913 an-

2318 4935 2442 4975 nua
2459 4917 2676 4974 tributa
2692 4917 3130 4987 imposuerunt,
3157 4917 3212 4969 et
3216 4910 3333 4987 pro
3348 4927 3458 4967 sua
3476 4910 3734 4987 libidine
3754 4911 3918 4986 quid-

2318 4990 2408 5046 vis
2446 4989 2509 5045 id
2537 4987 2667 5043 illas
2695 4983 3044 5042 decernunt.
3072 4983 3336 5040 Tandem
3358 4983 3919 5054 AssyriorumfPer-

2322 5076 2548 5135 sarum
2582 5063 2640 5114 et
2686 5054 3407 5135 Qhaldaao‘rumqmoribus
3455 5054 3699 5135 exculti,
3732 5054 3920 5135 patrio

2319 5130 2586 5188 numinis
2628 5129 2789 5185 cultu
2831 5132 3176 5199 contempto
3207 5125 3285 5181 ad
3327 5140 3537 5199 eorum
3566 5125 3918 5199 religionem

2320 5203 2704 5268 inclinarunt,
2746 5195 3100 5270 illorumqué
3141 5213 3337 5270 mores
3363 5201 3421 5270 et
3446 5195 3721 5253 instituta
3751 5198 3918 5270 rebus

2322 5276 2383 5331 in
2404 5266 2695 5331 omnibus
2710 5271 2896 5327 secuti
2923 5266 3078 5325 sunt.
3114 5269 3179 5324 Hi
3201 5267 3632 5346 Musulmanos,
3655 5284 3821 5346 quos
3837 5266 3918 5346 alii

2322 5349 2541 5403 Turcas
2575 5348 2810 5410 vocant,
2835 5356 2906 5397 eo
2938 5347 3205 5411 tempore
3227 5340 3449 5411 pugnis
3479 5342 3539 5393 et
3565 5340 3919 5411 ercursioni-

2323 5418 2437 5474 bus
2459 5415 2723 5472 assiduis
2741 5409 2951 5483 acriter
2967 5409 3381 5483 hostiliterque
3393 5409 3787 5468 divexabant.
3802 5417 3914 5467 ALL.

2397 5490 2507 5559 (82)
2548 5481 2882 5559 Σωτηριῶδες
2928 5491 3079 5536 τοῦτο
3123 5481 3339 5555 φάμενος
3381 5485 3670 5554 τυγχάνειν
3720 5488 3913 5556 ἀμφοῖν.

2325 5561 2615 5630 Gregoras
2641 5573 2699 5630 p.
2728 5560 2819 5614 41.
2846 5560 2981 5611 ALL.

3748 306 3959 365 {080i
