  <div class='ocr_page' id='page_1' title='image "/cluster/home/n/w/nwhite01/storage/ocr_20150623/140/pst.000005714568/586.png"; bbox 0 0 3966 6324; ppageno 0'>
   <div class='ocr_carea' id='block_1_1' title="bbox 153 327 300 386">
    <p class='ocr_par' dir='ltr' id='par_1_1' title="bbox 153 327 300 386">
     <span class='ocr_line' id='line_1_1' title="bbox 153 327 300 386; baseline 0.027 -5"><span class='ocrx_word' id='word_1_1' title='bbox 153 327 300 386; x_wconf 83' lang='grc'>1081</span> 
     </span>
    </p>
   </div>
   <div class='ocr_carea' id='block_1_2' title="bbox 1651 317 1995 377">
    <p class='ocr_par' dir='ltr' id='par_1_2' title="bbox 1651 317 1995 377">
     <span class='ocr_line' id='line_1_2' title="bbox 1651 317 1995 377; baseline -0.006 -1"><span class='ocrx_word' id='word_1_2' title='bbox 1651 317 1995 377; x_wconf 76' lang='grc' dir='ltr'>ΑΝΝΑιΕε.</span> 
     </span>
    </p>
   </div>
   <div class='ocr_carea' id='block_1_3' title="bbox 3398 325 3541 380">
    <p class='ocr_par' dir='ltr' id='par_1_3' title="bbox 3398 325 3541 380">
     <span class='ocr_line' id='line_1_3' title="bbox 3398 325 3541 380; baseline -0.021 0"><span class='ocrx_word' id='word_1_3' title='bbox 3398 325 3541 380; x_wconf 79' lang='grc'>1082</span> 
     </span>
    </p>
   </div>
   <div class='ocr_carea' id='block_1_4' title="bbox 230 443 1790 525">
    <p class='ocr_par' dir='ltr' id='par_1_4' title="bbox 230 443 1764 525">
     <span class='ocr_line' id='line_1_4' title="bbox 230 443 1764 525; baseline -0.005 -21"><span class='ocrx_word' id='word_1_4' title='bbox 230 449 354 525; x_wconf 63' lang='grc' dir='ltr'>μβ.</span> <span class='ocrx_word' id='word_1_5' title='bbox 415 448 537 503; x_wconf 88' lang='grc' dir='ltr'>Μετ’</span> <span class='ocrx_word' id='word_1_6' title='bbox 603 449 651 484; x_wconf 80' lang='grc'>⁹⁰</span> <span class='ocrx_word' id='word_1_7' title='bbox 715 447 776 500; x_wconf 80' lang='grc' dir='ltr'>οὐ</span> <span class='ocrx_word' id='word_1_8' title='bbox 831 446 963 500; x_wconf 85' lang='grc' dir='ltr'>πολὺ</span> <span class='ocrx_word' id='word_1_9' title='bbox 1017 443 1078 500; x_wconf 66' lang='grc' dir='ltr'>δὲ</span> <span class='ocrx_word' id='word_1_10' title='bbox 1129 450 1218 499; x_wconf 84' lang='grc' dir='ltr'>καὶ</span> <span class='ocrx_word' id='word_1_11' title='bbox 1269 448 1322 500; x_wconf 87' lang='grc' dir='ltr'>ὃν</span> <span class='ocrx_word' id='word_1_12' title='bbox 1378 448 1764 521; x_wconf 83' lang='grc' dir='ltr'>προειρήκειμεν</span> 
     </span>
    </p>
   </div>
   <div class='ocr_carea' id='block_1_5' title="bbox 1999 443 3545 525">
    <p class='ocr_par' dir='ltr' id='par_1_5' title="bbox 1999 443 3545 522">
     <span class='ocr_line' id='line_1_5' title="bbox 1999 443 3545 522; baseline 0.004 -22"><span class='ocrx_word' id='word_1_13' title='bbox 1999 449 2036 502; x_wconf 74' lang='lat' dir='ltr'>t.</span> <span class='ocrx_word' id='word_1_14' title='bbox 2071 443 2252 501; x_wconf 86' lang='lat' dir='ltr'>Paulo</span> <span class='ocrx_word' id='word_1_15' title='bbox 2276 448 2411 516; x_wconf 89' lang='lat' dir='ltr'>post</span> <span class='ocrx_word' id='word_1_16' title='bbox 2439 443 2724 517; x_wconf 85' lang='lat' dir='ltr'>Joannes,</span> <span class='ocrx_word' id='word_1_17' title='bbox 2758 463 2942 521; x_wconf 86' lang='lat' dir='ltr'>quem</span> <span class='ocrx_word' id='word_1_18' title='bbox 2964 447 3230 505; x_wconf 85' lang='lat' dir='ltr'>diximus</span> <span class='ocrx_word' id='word_1_19' title='bbox 3259 448 3338 506; x_wconf 90' lang='lat' dir='ltr'>ab</span> <span class='ocrx_word' id='word_1_20' title='bbox 3357 449 3545 522; x_wconf 89' lang='lat' dir='ltr'>impe-</span> 
     </span>
    </p>
   </div>
   <div class='ocr_carea' id='block_1_6' title="bbox 150 534 1767 610">
    <p class='ocr_par' dir='ltr' id='par_1_6' title="bbox 150 534 1767 610">
     <span class='ocr_line' id='line_1_6' title="bbox 150 534 1767 610; baseline -0.006 -14"><span class='ocrx_word' id='word_1_21' title='bbox 150 541 408 598; x_wconf 77' lang='grc' dir='ltr'>Ἰωάννην</span> <span class='ocrx_word' id='word_1_22' title='bbox 454 542 540 592; x_wconf 86' lang='grc' dir='ltr'>τὸν</span> <span class='ocrx_word' id='word_1_23' title='bbox 609 536 869 596; x_wconf 80' lang='grc' dir='ltr'>δεσπότην</span> <span class='ocrx_word' id='word_1_24' title='bbox 924 541 1258 609; x_wconf 74' lang='grc' dir='ltr'>γεγενημένον</span> <span class='ocrx_word' id='word_1_25' title='bbox 1307 539 1452 610; x_wconf 88' lang='grc' dir='ltr'>παρά</span> <span class='ocrx_word' id='word_1_26' title='bbox 1515 544 1607 588; x_wconf 79' lang='grc' dir='ltr'>τοῦ</span> <span class='ocrx_word' id='word_1_27' title='bbox 1667 534 1767 607; x_wconf 84' lang='grc' dir='ltr'>βα-</span> 
     </span>
    </p>
   </div>
   <div class='ocr_carea' id='block_1_7' title="bbox 153 621 1769 700">
    <p class='ocr_par' dir='ltr' id='par_1_7' title="bbox 153 621 1769 700">
     <span class='ocr_line' id='line_1_7' title="bbox 153 621 1769 700; baseline -0.005 -16"><span class='ocrx_word' id='word_1_28' title='bbox 153 630 347 691; x_wconf 81' lang='grc' dir='ltr'>σιλέως</span> <span class='ocrx_word' id='word_1_29' title='bbox 377 631 594 684; x_wconf 87' lang='grc' dir='ltr'>Ιωάννου</span> <span class='ocrx_word' id='word_1_30' title='bbox 633 631 692 680; x_wconf 85' lang='grc' dir='ltr'>τὸ</span> <span class='ocrx_word' id='word_1_31' title='bbox 730 631 900 700; x_wconf 84' lang='grc' dir='ltr'>χρεὼν</span> <span class='ocrx_word' id='word_1_32' title='bbox 950 625 1160 698; x_wconf 88' lang='grc' dir='ltr'>εἰλήφει.</span> <span class='ocrx_word' id='word_1_33' title='bbox 1217 625 1451 700; x_wconf 73' lang='grc' dir='ltr'>’Υπῆρχε</span> <span class='ocrx_word' id='word_1_34' title='bbox 1517 621 1576 678; x_wconf 73' lang='grc' dir='ltr'>δὲ</span> <span class='ocrx_word' id='word_1_35' title='bbox 1628 624 1769 694; x_wconf 76' lang='grc' dir='ltr'>αὐτῷ</span> 
     </span>
    </p>
   </div>
   <div class='ocr_carea' id='block_1_8' title="bbox 152 712 1768 791">
    <p class='ocr_par' dir='ltr' id='par_1_8' title="bbox 152 712 1768 791">
     <span class='ocr_line' id='line_1_8' title="bbox 152 712 1768 791; baseline -0.004 -19"><span class='ocrx_word' id='word_1_36' title='bbox 152 716 392 791; x_wconf 76' lang='grc' dir='ltr'>ἀδελφὸς</span> <span class='ocrx_word' id='word_1_37' title='bbox 439 721 756 791; x_wconf 86' lang='grc' dir='ltr'>Δημήτριος,</span> <span class='ocrx_word' id='word_1_38' title='bbox 848 717 898 776; x_wconf 85' lang='grc' dir='ltr'>ὃς</span> <span class='ocrx_word' id='word_1_39' title='bbox 959 715 1415 787; x_wconf 77' lang='grc' dir='ltr'>μεταστειλάμενος</span> <span class='ocrx_word' id='word_1_40' title='bbox 1492 712 1768 787; x_wconf 86' lang='grc' dir='ltr'>πρεσϐείαν</span> 
     </span>
    </p>
   </div>
   <div class='ocr_carea' id='block_1_9' title="bbox 156 802 1768 882">
    <p class='ocr_par' dir='ltr' id='par_1_9' title="bbox 156 802 1768 882">
     <span class='ocr_line' id='line_1_9' title="bbox 156 802 1768 882; baseline -0.004 -20"><span class='ocrx_word' id='word_1_41' title='bbox 156 810 239 870; x_wconf 84' lang='grc' dir='ltr'>εἰς</span> <span class='ocrx_word' id='word_1_42' title='bbox 271 808 613 882; x_wconf 81' lang='grc' dir='ltr'>τὸνβασιλέα</span> <span class='ocrx_word' id='word_1_43' title='bbox 676 814 768 859; x_wconf 84' lang='grc' dir='ltr'>τοῦ</span> <span class='ocrx_word' id='word_1_44' title='bbox 821 825 876 858; x_wconf 86' lang='grc' dir='ltr'>τε</span> <span class='ocrx_word' id='word_1_45' title='bbox 924 802 1241 858; x_wconf 75' lang='grc' dir='ltr'>δεσποτικοῦ</span> <span class='ocrx_word' id='word_1_46' title='bbox 1307 804 1598 877; x_wconf 80' lang='grc' dir='ltr'>ἀξιώματος</span> <span class='ocrx_word' id='word_1_47' title='bbox 1663 802 1768 856; x_wconf 86' lang='grc' dir='ltr'>ἐκε-</span> 
     </span>
    </p>
   </div>
   <div class='ocr_carea' id='block_1_10' title="bbox 154 891 1772 971">
    <p class='ocr_par' dir='ltr' id='par_1_10' title="bbox 154 891 1772 971">
     <span class='ocr_line' id='line_1_10' title="bbox 154 891 1772 971; baseline -0.003 -21"><span class='ocrx_word' id='word_1_48' title='bbox 154 899 548 971; x_wconf 84' lang='grc' dir='ltr'>κληρονομήκει</span> <span class='ocrx_word' id='word_1_49' title='bbox 574 904 667 949; x_wconf 81' lang='grc' dir='ltr'>τοῦ</span> <span class='ocrx_word' id='word_1_50' title='bbox 697 892 940 968; x_wconf 84' lang='grc' dir='ltr'>ἀδελφοῦ,</span> <span class='ocrx_word' id='word_1_51' title='bbox 973 900 1062 947; x_wconf 83' lang='grc' dir='ltr'>καὶ</span> <span class='ocrx_word' id='word_1_52' title='bbox 1093 891 1368 955; x_wconf 76' lang='grc' dir='ltr'><strong>δεσπόζειν</strong></span> <span class='ocrx_word' id='word_1_53' title='bbox 1419 896 1622 947; x_wconf 88' lang='grc' dir='ltr'>πάντων</span> <span class='ocrx_word' id='word_1_54' title='bbox 1672 902 1772 946; x_wconf 84' lang='grc' dir='ltr'><strong>τῶν</strong></span> 
     </span>
    </p>
   </div>
   <div class='ocr_carea' id='block_1_11' title="bbox 155 978 1774 1059">
    <p class='ocr_par' dir='ltr' id='par_1_11' title="bbox 155 978 1774 1059">
     <span class='ocr_line' id='line_1_11' title="bbox 155 978 1774 1059; baseline -0.004 -19"><span class='ocrx_word' id='word_1_55' title='bbox 155 989 258 1040; x_wconf 82' lang='grc' dir='ltr'>ὑπ’</span> <span class='ocrx_word' id='word_1_56' title='bbox 337 987 523 1040; x_wconf 76' lang='grc' dir='ltr'>ἐκεῖνον</span> <span class='ocrx_word' id='word_1_57' title='bbox 607 988 1010 1059; x_wconf 78' lang='grc' dir='ltr'>προστέτακται.</span> <span class='ocrx_word' id='word_1_58' title='bbox 1099 983 1232 1036; x_wconf 85' lang='grc' dir='ltr'>Ἀλλ’</span> <span class='ocrx_word' id='word_1_59' title='bbox 1327 984 1389 1042; x_wconf 74' lang='grc' dir='ltr'><strong>ἦν</strong></span> <span class='ocrx_word' id='word_1_60' title='bbox 1464 978 1613 1044; x_wconf 82' lang='grc' dir='ltr'>οὗτος</span> <span class='ocrx_word' id='word_1_61' title='bbox 1681 982 1774 1034; x_wconf 78' lang='grc' dir='ltr'>οὐκ</span> 
     </span>
    </p>
   </div>
   <div class='ocr_carea' id='block_1_12' title="bbox 157 1069 1775 1150">
    <p class='ocr_par' dir='ltr' id='par_1_12' title="bbox 157 1069 1775 1150">
     <span class='ocr_line' id='line_1_12' title="bbox 157 1069 1775 1150; baseline -0.005 -20"><span class='ocrx_word' id='word_1_62' title='bbox 157 1073 372 1148; x_wconf 82' lang='grc' dir='ltr'>ἀδελφὰ</span> <span class='ocrx_word' id='word_1_63' title='bbox 401 1084 595 1150; x_wconf 78' lang='grc' dir='ltr'><strong>φρονῶν</strong></span> <span class='ocrx_word' id='word_1_64' title='bbox 627 1075 836 1132; x_wconf 81' lang='grc' dir='ltr'><strong>Ἰωάννη</strong></span> <span class='ocrx_word' id='word_1_65' title='bbox 888 1081 961 1144; x_wconf 83' lang='grc' dir='ltr'>τῷ</span> <span class='ocrx_word' id='word_1_66' title='bbox 1011 1069 1236 1145; x_wconf 78' lang='grc' dir='ltr'>ἀδελφῷ,</span> <span class='ocrx_word' id='word_1_67' title='bbox 1292 1070 1420 1124; x_wconf 83' lang='grc' dir='ltr'>ἀλλὰ</span> <span class='ocrx_word' id='word_1_68' title='bbox 1472 1071 1642 1142; x_wconf 86' lang='grc' dir='ltr'>πολλῷ</span> <span class='ocrx_word' id='word_1_69' title='bbox 1701 1080 1775 1142; x_wconf 84' lang='grc' dir='ltr'>τῷ</span> 
     </span>
    </p>
   </div>
   <div class='ocr_carea' id='block_1_13' title="bbox 155 1161 1776 1242">
    <p class='ocr_par' dir='ltr' id='par_1_13' title="bbox 155 1161 1776 1242">
     <span class='ocr_line' id='line_1_13' title="bbox 155 1161 1776 1242; baseline -0.004 -21"><span class='ocrx_word' id='word_1_70' title='bbox 155 1173 341 1242; x_wconf 84' lang='grc' dir='ltr'>μέτρῳ</span> <span class='ocrx_word' id='word_1_71' title='bbox 391 1163 679 1228; x_wconf 78' lang='grc' dir='ltr'>διέζευκτο.</span> <span class='ocrx_word' id='word_1_72' title='bbox 770 1167 1002 1220; x_wconf 83' lang='grc' dir='ltr'>Ἐκείνου</span> <span class='ocrx_word' id='word_1_73' title='bbox 1059 1168 1149 1237; x_wconf 70' lang='grc' dir='ltr'>μὲν</span> <span class='ocrx_word' id='word_1_74' title='bbox 1232 1167 1333 1238; x_wconf 83' lang='grc' dir='ltr'>γὰρ</span> <span class='ocrx_word' id='word_1_75' title='bbox 1397 1161 1632 1235; x_wconf 76' lang='grc' dir='ltr'>εὐσεϐείᾳ</span> <span class='ocrx_word' id='word_1_76' title='bbox 1685 1167 1776 1214; x_wconf 81' lang='grc' dir='ltr'>καὶ</span> 
     </span>
    </p>
   </div>
   <div class='ocr_carea' id='block_1_14' title="bbox 159 1251 1778 1331">
    <p class='ocr_par' dir='ltr' id='par_1_14' title="bbox 159 1251 1778 1331">
     <span class='ocr_line' id='line_1_14' title="bbox 159 1251 1778 1331; baseline -0.004 -21"><span class='ocrx_word' id='word_1_77' title='bbox 159 1256 411 1328; x_wconf 80' lang='grc' dir='ltr'>εὐλαϐείᾳ</span> <span class='ocrx_word' id='word_1_78' title='bbox 440 1260 529 1308; x_wconf 84' lang='grc' dir='ltr'>καὶ</span> <span class='ocrx_word' id='word_1_79' title='bbox 561 1258 871 1331; x_wconf 78' lang='grc' dir='ltr'><strong>σωφροσύνη</strong></span> <span class='ocrx_word' id='word_1_80' title='bbox 929 1260 1212 1330; x_wconf 77' lang='grc' dir='ltr'>χαίροντος</span> <span class='ocrx_word' id='word_1_81' title='bbox 1253 1286 1325 1295; x_wconf 93' lang='lat'><strong>—</strong></span> <span class='ocrx_word' id='word_1_82' title='bbox 1369 1257 1461 1305; x_wconf 81' lang='grc' dir='ltr'>καὶ</span> <span class='ocrx_word' id='word_1_83' title='bbox 1513 1255 1616 1325; x_wconf 83' lang='grc' dir='ltr'>γὰρ</span> <span class='ocrx_word' id='word_1_84' title='bbox 1675 1251 1778 1304; x_wconf 55' lang='lat'>‘5&quot;):-</span> 
     </span>
    </p>
   </div>
   <div class='ocr_carea' id='block_1_15' title="bbox 156 1341 1777 1419">
    <p class='ocr_par' dir='ltr' id='par_1_15' title="bbox 156 1341 1777 1419">
     <span class='ocr_line' id='line_1_15' title="bbox 156 1341 1777 1419; baseline -0.004 -20"><span class='ocrx_word' id='word_1_85' title='bbox 156 1365 257 1419; x_wconf 80' lang='grc' dir='ltr'><strong>γον</strong></span> <span class='ocrx_word' id='word_1_86' title='bbox 298 1348 348 1399; x_wconf 86' lang='grc' dir='ltr'>όὶ</span> <span class='ocrx_word' id='word_1_87' title='bbox 384 1348 451 1398; x_wconf 85' lang='grc' dir='ltr'>τά</span> <span class='ocrx_word' id='word_1_88' title='bbox 489 1345 649 1398; x_wconf 78' lang='grc' dir='ltr'>αὐτοῦ</span> <span class='ocrx_word' id='word_1_89' title='bbox 689 1341 879 1406; x_wconf 82' lang='grc' dir='ltr'>εἰδότες</span> <span class='ocrx_word' id='word_1_90' title='bbox 937 1349 1008 1418; x_wconf 84' lang='grc' dir='ltr'>μή</span> <span class='ocrx_word' id='word_1_91' title='bbox 1086 1343 1146 1396; x_wconf 86' lang='grc' dir='ltr'><strong>ἆν</strong></span> <span class='ocrx_word' id='word_1_92' title='bbox 1219 1363 1343 1397; x_wconf 86' lang='grc' dir='ltr'>ποτε</span> <span class='ocrx_word' id='word_1_93' title='bbox 1404 1341 1777 1413; x_wconf 77' lang='grc' dir='ltr'>ἀπολειφθῆναι</span> 
     </span>
    </p>
   </div>
   <div class='ocr_carea' id='block_1_16' title="bbox 157 1431 1776 1508">
    <p class='ocr_par' dir='ltr' id='par_1_16' title="bbox 157 1431 1776 1508">
     <span class='ocr_line' id='line_1_16' title="bbox 157 1431 1776 1508; baseline -0.005 -19"><span class='ocrx_word' id='word_1_94' title='bbox 157 1431 434 1507; x_wconf 78' lang='grc' dir='ltr'>μηδεμιᾶς</span> <span class='ocrx_word' id='word_1_95' title='bbox 455 1436 656 1508; x_wconf 81' lang='grc' dir='ltr'>ἡμέρας</span> <span class='ocrx_word' id='word_1_96' title='bbox 693 1440 784 1486; x_wconf 82' lang='grc' dir='ltr'>τοῦ</span> <span class='ocrx_word' id='word_1_97' title='bbox 825 1437 970 1497; x_wconf 80' lang='grc' dir='ltr'>ἔτους</span> <span class='ocrx_word' id='word_1_98' title='bbox 1007 1442 1100 1486; x_wconf 84' lang='grc' dir='ltr'>τοῦ</span> <span class='ocrx_word' id='word_1_99' title='bbox 1147 1439 1218 1508; x_wconf 82' lang='grc' dir='ltr'>μή</span> <span class='ocrx_word' id='word_1_100' title='bbox 1281 1440 1379 1494; x_wconf 85' lang='grc' dir='ltr'>τῆς</span> <span class='ocrx_word' id='word_1_101' title='bbox 1447 1433 1586 1492; x_wconf 82' lang='grc' dir='ltr'>θείας</span> <span class='ocrx_word' id='word_1_102' title='bbox 1644 1432 1776 1505; x_wconf 82' lang='grc' dir='ltr'>ἱερο-</span> 
     </span>
    </p>
   </div>
   <div class='ocr_carea' id='block_1_17' title="bbox 157 1521 1775 1598">
    <p class='ocr_par' dir='ltr' id='par_1_17' title="bbox 157 1521 1775 1598">
     <span class='ocr_line' id='line_1_17' title="bbox 157 1521 1775 1598; baseline 0 -21"><span class='ocrx_word' id='word_1_103' title='bbox 157 1524 436 1585; x_wconf 86' lang='grc' dir='ltr'>τελεστίας</span> <span class='ocrx_word' id='word_1_104' title='bbox 473 1524 927 1598; x_wconf 80' lang='grc' dir='ltr'>ἑπακροάσασθαι,</span> <span class='ocrx_word' id='word_1_105' title='bbox 969 1523 1013 1576; x_wconf 82' lang='grc' dir='ltr'>εἰ</span> <span class='ocrx_word' id='word_1_106' title='bbox 1086 1530 1156 1596; x_wconf 87' lang='grc' dir='ltr'>μή</span> <span class='ocrx_word' id='word_1_107' title='bbox 1213 1543 1295 1584; x_wconf 90' lang='grc' dir='ltr'>τις</span> <span class='ocrx_word' id='word_1_108' title='bbox 1359 1521 1546 1576; x_wconf 79' lang='grc' dir='ltr'>έκὼλυε</span> <span class='ocrx_word' id='word_1_109' title='bbox 1601 1527 1775 1584; x_wconf 88' lang='grc' dir='ltr'>νόσος.</span> 
     </span>
    </p>
   </div>
   <div class='ocr_carea' id='block_1_18' title="bbox 160 1610 1777 1686">
    <p class='ocr_par' dir='ltr' id='par_1_18' title="bbox 160 1610 1777 1686">
     <span class='ocr_line' id='line_1_18' title="bbox 160 1610 1777 1686; baseline -0.002 -19"><span class='ocrx_word' id='word_1_110' title='bbox 160 1620 438 1686; x_wconf 86' lang='grc' dir='ltr'>Προσεῖχε</span> <span class='ocrx_word' id='word_1_111' title='bbox 469 1610 528 1667; x_wconf 74' lang='grc' dir='ltr'>δε</span> <span class='ocrx_word' id='word_1_112' title='bbox 551 1618 876 1685; x_wconf 85' lang='grc' dir='ltr'>παννυχίσιν</span> <span class='ocrx_word' id='word_1_113' title='bbox 929 1613 1131 1685; x_wconf 72' lang='grc' dir='ltr'>εὐχαῖς,</span> <span class='ocrx_word' id='word_1_114' title='bbox 1197 1619 1288 1666; x_wconf 82' lang='grc' dir='ltr'>καὶ</span> <span class='ocrx_word' id='word_1_115' title='bbox 1337 1617 1431 1677; x_wconf 82' lang='grc' dir='ltr'>τὰς</span> <span class='ocrx_word' id='word_1_116' title='bbox 1473 1615 1591 1666; x_wconf 84' lang='grc' dir='ltr'>καθ’</span> <span class='ocrx_word' id='word_1_117' title='bbox 1641 1612 1777 1686; x_wconf 78' lang='grc' dir='ltr'>ὥραν</span> 
     </span>
    </p>
   </div>
   <div class='ocr_carea' id='block_1_19' title="bbox 158 1699 1777 1777">
    <p class='ocr_par' dir='ltr' id='par_1_19' title="bbox 158 1699 1777 1777">
     <span class='ocr_line' id='line_1_19' title="bbox 158 1699 1777 1777; baseline -0.002 -21"><span class='ocrx_word' id='word_1_118' title='bbox 158 1700 442 1776; x_wconf 79' lang='grc' dir='ltr'>ὑμνῳδίάς</span> <span class='ocrx_word' id='word_1_119' title='bbox 494 1703 753 1776; x_wconf 73' lang='grc' dir='ltr'>ὁσημέραι</span> <span class='ocrx_word' id='word_1_120' title='bbox 819 1701 1062 1777; x_wconf 75' lang='grc' dir='ltr'>ἐπλήρου.</span> <span class='ocrx_word' id='word_1_121' title='bbox 1101 1702 1301 1776; x_wconf 82' lang='grc' dir='ltr'>Ὠμίλει</span> <span class='ocrx_word' id='word_1_122' title='bbox 1355 1700 1413 1756; x_wconf 72' lang='grc' dir='ltr'>δε</span> <span class='ocrx_word' id='word_1_123' title='bbox 1464 1707 1555 1755; x_wconf 85' lang='grc' dir='ltr'>καὶ</span> <span class='ocrx_word' id='word_1_124' title='bbox 1605 1699 1777 1760; x_wconf 85' lang='grc' dir='ltr'>διηνε-</span> 
     </span>
    </p>
   </div>
   <div class='ocr_carea' id='block_1_20' title="bbox 1875 516 3540 610">
    <p class='ocr_par' dir='ltr' id='par_1_20' title="bbox 1875 516 3540 610">
     <span class='ocr_line' id='line_1_20' title="bbox 1875 516 3540 610; baseline 0.003 -21"><span class='ocrx_word' id='word_1_125' title='bbox 1875 516 2322 610; x_wconf 64' lang='lat' dir='ltr'>ratorefJoanne</span> <span class='ocrx_word' id='word_1_126' title='bbox 2347 534 2663 608; x_wconf 89' lang='lat' dir='ltr'>despotam</span> <span class='ocrx_word' id='word_1_127' title='bbox 2686 537 3214 610; x_wconf 86' lang='lat' dir='ltr'>factum,spiritum</span> <span class='ocrx_word' id='word_1_128' title='bbox 3247 539 3540 605; x_wconf 82' lang='lat' dir='ltr'>exhausit,</span> 
     </span>
    </p>
   </div>
   <div class='ocr_carea' id='block_1_21' title="bbox 1874 607 3538 700">
    <p class='ocr_par' dir='ltr' id='par_1_21' title="bbox 1874 607 3538 700">
     <span class='ocr_line' id='line_1_21' title="bbox 1874 607 3538 700; baseline 0.004 -21"><span class='ocrx_word' id='word_1_129' title='bbox 1874 607 2174 696; x_wconf 72' lang='lat' dir='ltr'>fraterque</span> <span class='ocrx_word' id='word_1_130' title='bbox 2196 623 2353 679; x_wconf 91' lang='lat' dir='ltr'>illius</span> <span class='ocrx_word' id='word_1_131' title='bbox 2387 607 2712 682; x_wconf 85' lang='lat' dir='ltr'>Demetrius</span> <span class='ocrx_word' id='word_1_132' title='bbox 2739 627 2950 698; x_wconf 84' lang='lat' dir='ltr'>legatis</span> <span class='ocrx_word' id='word_1_133' title='bbox 2971 607 3061 684; x_wconf 69' lang='lat' dir='ltr'>ad</span> <span class='ocrx_word' id='word_1_134' title='bbox 3115 629 3538 700; x_wconf 81' lang='lat' dir='ltr'>imperatorem</span> 
     </span>
    </p>
   </div>
   <div class='ocr_carea' id='block_1_22' title="bbox 1876 713 3533 786">
    <p class='ocr_par' dir='ltr' id='par_1_22' title="bbox 1876 713 3533 786">
     <span class='ocr_line' id='line_1_22' title="bbox 1876 713 3533 786; baseline 0.004 -18"><span class='ocrx_word' id='word_1_135' title='bbox 1876 713 2106 779; x_wconf 89' lang='lat' dir='ltr'>missis,</span> <span class='ocrx_word' id='word_1_136' title='bbox 2134 719 2201 769; x_wconf 91' lang='lat' dir='ltr'>ut</span> <span class='ocrx_word' id='word_1_137' title='bbox 2225 713 2572 786; x_wconf 73' lang='lat' dir='ltr'>indespotae</span> <span class='ocrx_word' id='word_1_138' title='bbox 2611 716 2901 785; x_wconf 81' lang='lat' dir='ltr'>dignitate</span> <span class='ocrx_word' id='word_1_139' title='bbox 2958 717 3125 774; x_wconf 85' lang='lat' dir='ltr'>fratri</span> <span class='ocrx_word' id='word_1_140' title='bbox 3189 719 3533 774; x_wconf 90' lang='lat' dir='ltr'>succederet</span> 
     </span>
    </p>
   </div>
   <div class='ocr_carea' id='block_1_23' title="bbox 1879 803 3538 880">
    <p class='ocr_par' dir='ltr' id='par_1_23' title="bbox 1879 803 3538 880">
     <span class='ocr_line' id='line_1_23' title="bbox 1879 803 3538 880; baseline 0.004 -22"><span class='ocrx_word' id='word_1_141' title='bbox 1879 803 2207 876; x_wconf 87' lang='lat' dir='ltr'>omniaque</span> <span class='ocrx_word' id='word_1_142' title='bbox 2232 803 2387 860; x_wconf 92' lang='lat' dir='ltr'>illius</span> <span class='ocrx_word' id='word_1_143' title='bbox 2411 805 2524 860; x_wconf 92' lang='lat' dir='ltr'>sibi</span> <span class='ocrx_word' id='word_1_144' title='bbox 2549 805 2660 860; x_wconf 94' lang='lat' dir='ltr'>sub</span> <span class='ocrx_word' id='word_1_145' title='bbox 2678 811 2972 878; x_wconf 71' lang='lat' dir='ltr'>potestate</span> <span class='ocrx_word' id='word_1_146' title='bbox 2985 807 3333 874; x_wconf 84' lang='lat' dir='ltr'>vindicaret,</span> <span class='ocrx_word' id='word_1_147' title='bbox 3349 808 3538 880; x_wconf 89' lang='lat' dir='ltr'>impe-</span> 
     </span>
    </p>
   </div>
   <div class='ocr_carea' id='block_1_24' title="bbox 1879 893 3541 953">
    <p class='ocr_par' dir='ltr' id='par_1_24' title="bbox 1879 893 3541 953">
     <span class='ocr_line' id='line_1_24' title="bbox 1879 893 3541 953; baseline 0.003 -5"><span class='ocrx_word' id='word_1_148' title='bbox 1879 893 2074 949; x_wconf 90' lang='lat' dir='ltr'>travit.</span> <span class='ocrx_word' id='word_1_149' title='bbox 2096 895 2311 948; x_wconf 90' lang='lat' dir='ltr'>Verum</span> <span class='ocrx_word' id='word_1_150' title='bbox 2352 894 2449 949; x_wconf 91' lang='lat' dir='ltr'>hic</span> <span class='ocrx_word' id='word_1_151' title='bbox 2476 910 2598 950; x_wconf 93' lang='lat' dir='ltr'>non</span> <span class='ocrx_word' id='word_1_152' title='bbox 2622 896 2804 951; x_wconf 92' lang='lat' dir='ltr'>modo</span> <span class='ocrx_word' id='word_1_153' title='bbox 2822 897 3039 952; x_wconf 86' lang='lat' dir='ltr'>Joanni</span> <span class='ocrx_word' id='word_1_154' title='bbox 3059 897 3222 952; x_wconf 87' lang='lat' dir='ltr'>fratri</span> <span class='ocrx_word' id='word_1_155' title='bbox 3244 913 3366 953; x_wconf 92' lang='lat' dir='ltr'>non</span> <span class='ocrx_word' id='word_1_156' title='bbox 3389 914 3541 953; x_wconf 80' lang='lat' dir='ltr'>exae-</span> 
     </span>
    </p>
   </div>
   <div class='ocr_carea' id='block_1_25' title="bbox 1881 983 3536 1057">
    <p class='ocr_par' dir='ltr' id='par_1_25' title="bbox 1881 983 3536 1057">
     <span class='ocr_line' id='line_1_25' title="bbox 1881 983 3536 1057; baseline 0.004 -20"><span class='ocrx_word' id='word_1_157' title='bbox 1881 987 2102 1054; x_wconf 87' lang='lat' dir='ltr'>quatus</span> <span class='ocrx_word' id='word_1_158' title='bbox 2121 987 2231 1050; x_wconf 89' lang='lat' dir='ltr'>est,</span> <span class='ocrx_word' id='word_1_159' title='bbox 2257 983 2366 1038; x_wconf 91' lang='lat' dir='ltr'>sed</span> <span class='ocrx_word' id='word_1_160' title='bbox 2386 984 2568 1054; x_wconf 89' lang='lat' dir='ltr'>longo</span> <span class='ocrx_word' id='word_1_161' title='bbox 2591 985 2904 1042; x_wconf 88' lang='lat' dir='ltr'>intervallo</span> <span class='ocrx_word' id='word_1_162' title='bbox 2930 987 3007 1042; x_wconf 89' lang='lat' dir='ltr'>ab</span> <span class='ocrx_word' id='word_1_163' title='bbox 3029 1003 3098 1042; x_wconf 93' lang='lat' dir='ltr'>eo</span> <span class='ocrx_word' id='word_1_164' title='bbox 3134 987 3536 1057; x_wconf 78' lang='lat' dir='ltr'>degeneravit,</span> 
     </span>
    </p>
   </div>
   <div class='ocr_carea' id='block_1_26' title="bbox 1882 1073 3539 1146">
    <p class='ocr_par' dir='ltr' id='par_1_26' title="bbox 1882 1073 3539 1146">
     <span class='ocr_line' id='line_1_26' title="bbox 1882 1073 3539 1146; baseline 0.002 -18"><span class='ocrx_word' id='word_1_165' title='bbox 1882 1073 1977 1129; x_wconf 92' lang='lat' dir='ltr'>ille</span> <span class='ocrx_word' id='word_1_166' title='bbox 2006 1073 2326 1145; x_wconf 88' lang='lat' dir='ltr'>siquidem,</span> <span class='ocrx_word' id='word_1_167' title='bbox 2357 1090 2494 1129; x_wconf 94' lang='lat' dir='ltr'>cum</span> <span class='ocrx_word' id='word_1_168' title='bbox 2557 1075 2794 1146; x_wconf 86' lang='lat' dir='ltr'>pietate,</span> <span class='ocrx_word' id='word_1_169' title='bbox 2849 1077 3132 1146; x_wconf 84' lang='lat' dir='ltr'>religione</span> <span class='ocrx_word' id='word_1_170' title='bbox 3172 1081 3228 1132; x_wconf 90' lang='lat' dir='ltr'>et</span> <span class='ocrx_word' id='word_1_171' title='bbox 3273 1078 3539 1134; x_wconf 89' lang='lat' dir='ltr'>castitate</span> 
     </span>
    </p>
   </div>
   <div class='ocr_carea' id='block_1_27' title="bbox 1885 1163 3536 1238">
    <p class='ocr_par' dir='ltr' id='par_1_27' title="bbox 1885 1163 3536 1238">
     <span class='ocr_line' id='line_1_27' title="bbox 1885 1163 3536 1238; baseline 0.002 -20"><span class='ocrx_word' id='word_1_172' title='bbox 1885 1179 2121 1218; x_wconf 89' lang='lat' dir='ltr'>summe</span> <span class='ocrx_word' id='word_1_173' title='bbox 2151 1163 2544 1219; x_wconf 88' lang='lat' dir='ltr'>delectaretur</span> <span class='ocrx_word' id='word_1_174' title='bbox 2565 1167 2650 1237; x_wconf 83' lang='lat' dir='ltr'>(ut</span> <span class='ocrx_word' id='word_1_175' title='bbox 2670 1166 2829 1221; x_wconf 90' lang='lat' dir='ltr'>enim</span> <span class='ocrx_word' id='word_1_176' title='bbox 2860 1165 2940 1221; x_wconf 90' lang='lat' dir='ltr'>illi</span> <span class='ocrx_word' id='word_1_177' title='bbox 2971 1167 3074 1238; x_wconf 88' lang='lat' dir='ltr'>qui</span> <span class='ocrx_word' id='word_1_178' title='bbox 3096 1168 3322 1232; x_wconf 89' lang='lat' dir='ltr'>optime</span> <span class='ocrx_word' id='word_1_179' title='bbox 3344 1167 3536 1222; x_wconf 89' lang='lat' dir='ltr'>virum</span> 
     </span>
    </p>
   </div>
   <div class='ocr_carea' id='block_1_28' title="bbox 1885 1251 3541 1327">
    <p class='ocr_par' dir='ltr' id='par_1_28' title="bbox 1885 1251 3541 1327">
     <span class='ocr_line' id='line_1_28' title="bbox 1885 1251 3541 1327; baseline 0.004 -21"><span class='ocrx_word' id='word_1_180' title='bbox 1885 1256 2180 1307; x_wconf 87' lang='lat' dir='ltr'>noverant</span> <span class='ocrx_word' id='word_1_181' title='bbox 2208 1251 2561 1318; x_wconf 87' lang='lat' dir='ltr'>referebant,</span> <span class='ocrx_word' id='word_1_182' title='bbox 2620 1253 2785 1310; x_wconf 92' lang='lat' dir='ltr'>nullo</span> <span class='ocrx_word' id='word_1_183' title='bbox 2832 1254 2880 1309; x_wconf 93' lang='lat' dir='ltr'>is</span> <span class='ocrx_word' id='word_1_184' title='bbox 2908 1270 3180 1327; x_wconf 89' lang='lat' dir='ltr'>unquam</span> <span class='ocrx_word' id='word_1_185' title='bbox 3211 1255 3353 1311; x_wconf 92' lang='lat' dir='ltr'>anni</span> <span class='ocrx_word' id='word_1_186' title='bbox 3383 1255 3478 1311; x_wconf 79' lang='lat' dir='ltr'>die</span> <span class='ocrx_word' id='word_1_187' title='bbox 3506 1273 3541 1313; x_wconf 77' lang='grc' dir='ltr'>ει</span> 
     </span>
    </p>
   </div>
   <div class='ocr_carea' id='block_1_29' title="bbox 1887 1341 3539 1416">
    <p class='ocr_par' dir='ltr' id='par_1_29' title="bbox 1887 1341 3539 1416">
     <span class='ocr_line' id='line_1_29' title="bbox 1887 1341 3539 1416; baseline 0.003 -21"><span class='ocrx_word' id='word_1_188' title='bbox 1887 1356 2058 1396; x_wconf 89' lang='lat' dir='ltr'>sacro</span> <span class='ocrx_word' id='word_1_189' title='bbox 2089 1341 2391 1397; x_wconf 90' lang='lat' dir='ltr'>audiendo</span> <span class='ocrx_word' id='word_1_190' title='bbox 2431 1342 2549 1398; x_wconf 91' lang='lat' dir='ltr'>nisi</span> <span class='ocrx_word' id='word_1_191' title='bbox 2587 1343 2749 1400; x_wconf 89' lang='lat' dir='ltr'>mala</span> <span class='ocrx_word' id='word_1_192' title='bbox 2774 1343 3113 1400; x_wconf 88' lang='lat' dir='ltr'>valetudine</span> <span class='ocrx_word' id='word_1_193' title='bbox 3143 1346 3260 1416; x_wconf 78' lang='lat'>76</span> <span class='ocrx_word' id='word_1_194' title='bbox 3317 1345 3539 1401; x_wconf 88' lang='lat' dir='ltr'>discru-</span> 
     </span>
    </p>
   </div>
   <div class='ocr_carea' id='block_1_30' title="bbox 1887 1429 3538 1504">
    <p class='ocr_par' dir='ltr' id='par_1_30' title="bbox 1887 1429 3538 1504">
     <span class='ocr_line' id='line_1_30' title="bbox 1887 1429 3538 1504; baseline 0.001 -19"><span class='ocrx_word' id='word_1_195' title='bbox 1887 1429 2076 1485; x_wconf 90' lang='lat' dir='ltr'>ciatus</span> <span class='ocrx_word' id='word_1_196' title='bbox 2104 1430 2432 1499; x_wconf 90' lang='lat' dir='ltr'>abstinuit),</span> <span class='ocrx_word' id='word_1_197' title='bbox 2478 1431 2756 1504; x_wconf 90' lang='lat' dir='ltr'>precibus</span> <span class='ocrx_word' id='word_1_198' title='bbox 2806 1434 2885 1488; x_wconf 91' lang='lat' dir='ltr'>ad</span> <span class='ocrx_word' id='word_1_199' title='bbox 2936 1437 3121 1489; x_wconf 90' lang='lat' dir='ltr'><strong>Deum</strong></span> <span class='ocrx_word' id='word_1_200' title='bbox 3161 1434 3538 1490; x_wconf 78' lang='lat' dir='ltr'>eﬁundendis</span> 
     </span>
    </p>
   </div>
   <div class='ocr_carea' id='block_1_31' title="bbox 1887 1521 3540 1595">
    <p class='ocr_par' dir='ltr' id='par_1_31' title="bbox 1887 1521 3540 1595">
     <span class='ocr_line' id='line_1_31' title="bbox 1887 1521 3540 1595; baseline 0.004 -21"><span class='ocrx_word' id='word_1_201' title='bbox 1887 1524 2176 1592; x_wconf 90' lang='lat' dir='ltr'>perpetuo</span> <span class='ocrx_word' id='word_1_202' title='bbox 2195 1521 2605 1593; x_wconf 88' lang='lat' dir='ltr'>pernoctabat,</span> <span class='ocrx_word' id='word_1_203' title='bbox 2628 1523 2958 1595; x_wconf 87' lang='lat' dir='ltr'>laudesque</span> <span class='ocrx_word' id='word_1_204' title='bbox 2980 1525 3214 1580; x_wconf 90' lang='lat' dir='ltr'>divinas</span> <span class='ocrx_word' id='word_1_205' title='bbox 3231 1525 3403 1580; x_wconf 89' lang='lat' dir='ltr'>certis</span> <span class='ocrx_word' id='word_1_206' title='bbox 3422 1525 3540 1580; x_wconf 89' lang='lat' dir='ltr'>diei</span> 
     </span>
    </p>
   </div>
   <div class='ocr_carea' id='block_1_32' title="bbox 1886 1608 3535 1685">
    <p class='ocr_par' dir='ltr' id='par_1_32' title="bbox 1886 1608 3535 1685">
     <span class='ocr_line' id='line_1_32' title="bbox 1886 1608 3535 1685; baseline 0.003 -21"><span class='ocrx_word' id='word_1_207' title='bbox 1886 1608 2050 1664; x_wconf 91' lang='lat' dir='ltr'>horis</span> <span class='ocrx_word' id='word_1_208' title='bbox 2080 1609 2374 1681; x_wconf 89' lang='lat' dir='ltr'>ascriptas</span> <span class='ocrx_word' id='word_1_209' title='bbox 2399 1611 2664 1682; x_wconf 79' lang='lat' dir='ltr'>quotidie</span> <span class='ocrx_word' id='word_1_210' title='bbox 2695 1611 3036 1668; x_wconf 88' lang='lat' dir='ltr'>celebrabat</span> <span class='ocrx_word' id='word_1_211' title='bbox 3064 1631 3080 1682; x_wconf 81' lang='lat'>;</span> <span class='ocrx_word' id='word_1_212' title='bbox 3105 1613 3377 1685; x_wconf 90' lang='lat' dir='ltr'>quinimo</span> <span class='ocrx_word' id='word_1_213' title='bbox 3399 1629 3535 1669; x_wconf 89' lang='lat' dir='ltr'>con-</span> 
     </span>
    </p>
   </div>
   <div class='ocr_carea' id='block_1_33' title="bbox 1887 1699 3538 1774">
    <p class='ocr_par' dir='ltr' id='par_1_33' title="bbox 1887 1699 3538 1774">
     <span class='ocr_line' id='line_1_33' title="bbox 1887 1699 3538 1774; baseline 0.004 -22"><span class='ocrx_word' id='word_1_214' title='bbox 1887 1699 2052 1753; x_wconf 88' lang='lat' dir='ltr'>tinuo</span> <span class='ocrx_word' id='word_1_215' title='bbox 2071 1714 2206 1754; x_wconf 92' lang='lat' dir='ltr'>cum</span> <span class='ocrx_word' id='word_1_216' title='bbox 2228 1701 2519 1755; x_wconf 67' lang='lat' dir='ltr'>Nazarteis</span> <span class='ocrx_word' id='word_1_217' title='bbox 2540 1701 2909 1768; x_wconf 86' lang='lat' dir='ltr'>versabatur,</span> <span class='ocrx_word' id='word_1_218' title='bbox 2934 1702 3292 1773; x_wconf 88' lang='lat' dir='ltr'>volebatque</span> <span class='ocrx_word' id='word_1_219' title='bbox 3318 1718 3538 1774; x_wconf 89' lang='lat' dir='ltr'>quam-</span> 
     </span>
    </p>
   </div>
   <div class='ocr_carea' id='block_1_34' title="bbox 158 1787 1790 1866">
    <p class='ocr_par' dir='ltr' id='par_1_34' title="bbox 158 1789 1776 1866">
     <span class='ocr_line' id='line_1_34' title="bbox 158 1789 1776 1866; baseline 0.001 -22"><span class='ocrx_word' id='word_1_220' title='bbox 158 1801 275 1854; x_wconf 84' lang='grc' dir='ltr'>κῶς</span> <span class='ocrx_word' id='word_1_221' title='bbox 302 1793 647 1865; x_wconf 78' lang='grc' dir='ltr'>Ναζηραίοις,</span> <span class='ocrx_word' id='word_1_222' title='bbox 681 1797 770 1844; x_wconf 86' lang='grc' dir='ltr'>καὶ</span> <span class='ocrx_word' id='word_1_223' title='bbox 801 1789 860 1851; x_wconf 76' lang='grc' dir='ltr'>ἦν</span> <span class='ocrx_word' id='word_1_224' title='bbox 893 1793 1034 1864; x_wconf 76' lang='grc' dir='ltr'>αὐτῷ</span> <span class='ocrx_word' id='word_1_225' title='bbox 1077 1790 1168 1846; x_wconf 74' lang='grc' dir='ltr'>διὰ</span> <span class='ocrx_word' id='word_1_226' title='bbox 1215 1790 1628 1866; x_wconf 84' lang='grc' dir='ltr'>σπουδάσματος</span> <span class='ocrx_word' id='word_1_227' title='bbox 1695 1793 1776 1850; x_wconf 81' lang='grc' dir='ltr'>ὃτι</span> 
     </span>
    </p>
   </div>
   <div class='ocr_carea' id='block_1_35' title="bbox 1999 1787 3534 1866">
    <p class='ocr_par' dir='ltr' id='par_1_35' title="bbox 1999 1787 3534 1846">
     <span class='ocr_line' id='line_1_35' title="bbox 1999 1787 3534 1846; baseline 0.003 -4"><span class='ocrx_word' id='word_1_228' title='bbox 1999 1787 2138 1842; x_wconf 78' lang='lat' dir='ltr'>time</span> <span class='ocrx_word' id='word_1_229' title='bbox 2170 1789 2299 1843; x_wconf 75' lang='lat' dir='ltr'>vitae</span> <span class='ocrx_word' id='word_1_230' title='bbox 2329 1789 2606 1844; x_wconf 58' lang='lat' dir='ltr'>solitariae</span> <span class='ocrx_word' id='word_1_231' title='bbox 2637 1790 2888 1845; x_wconf 86' lang='lat' dir='ltr'>nomina</span> <span class='ocrx_word' id='word_1_232' title='bbox 2911 1790 3055 1846; x_wconf 91' lang='lat' dir='ltr'>dare</span> <span class='ocrx_word' id='word_1_233' title='bbox 3095 1795 3152 1846; x_wconf 89' lang='lat' dir='ltr'>et</span> <span class='ocrx_word' id='word_1_234' title='bbox 3189 1796 3534 1846; x_wconf 88' lang='lat' dir='ltr'>manantem</span> 
     </span>
    </p>
   </div>
   <div class='ocr_carea' id='block_1_36' title="bbox 159 1881 1776 1956">
    <p class='ocr_par' dir='ltr' id='par_1_36' title="bbox 159 1881 1776 1956">
     <span class='ocr_line' id='line_1_36' title="bbox 159 1881 1776 1956; baseline 0 -21"><span class='ocrx_word' id='word_1_235' title='bbox 159 1881 418 1936; x_wconf 83' lang='grc' dir='ltr'>πλείστου</span> <span class='ocrx_word' id='word_1_236' title='bbox 449 1890 541 1934; x_wconf 81' lang='grc' dir='ltr'>τοῦ</span> <span class='ocrx_word' id='word_1_237' title='bbox 572 1887 826 1956; x_wconf 83' lang='grc' dir='ltr'>μονήρους</span> <span class='ocrx_word' id='word_1_238' title='bbox 859 1881 982 1954; x_wconf 78' lang='grc' dir='ltr'>βίου</span> <span class='ocrx_word' id='word_1_239' title='bbox 1012 1889 1196 1954; x_wconf 88' lang='grc' dir='ltr'>τυχεῖν</span> <span class='ocrx_word' id='word_1_240' title='bbox 1246 1887 1336 1934; x_wconf 83' lang='grc' dir='ltr'>καὶ</span> <span class='ocrx_word' id='word_1_241' title='bbox 1404 1891 1500 1944; x_wconf 87' lang='grc' dir='ltr'>τῆς</span> <span class='ocrx_word' id='word_1_242' title='bbox 1553 1882 1776 1936; x_wconf 71' lang='grc' dir='ltr'>ἐντεῦθεν</span> 
     </span>
    </p>
   </div>
   <div class='ocr_carea' id='block_1_37' title="bbox 161 1969 1774 2044">
    <p class='ocr_par' dir='ltr' id='par_1_37' title="bbox 161 1969 1774 2044">
     <span class='ocr_line' id='line_1_37' title="bbox 161 1969 1774 2044; baseline 0 -20"><span class='ocrx_word' id='word_1_243' title='bbox 161 1975 408 2043; x_wconf 77' lang='grc' dir='ltr'>ἡσυχίας</span> <span class='ocrx_word' id='word_1_244' title='bbox 435 1971 485 2024; x_wconf 85' lang='grc' dir='ltr'>ἐν</span> <span class='ocrx_word' id='word_1_245' title='bbox 538 1975 693 2044; x_wconf 84' lang='grc' dir='ltr'>πείρᾳ</span> <span class='ocrx_word' id='word_1_246' title='bbox 719 1973 979 2042; x_wconf 82' lang='grc' dir='ltr'>γενέσθαι,</span> <span class='ocrx_word' id='word_1_247' title='bbox 1047 1975 1078 2030; x_wconf 79' lang='grc' dir='ltr'><strong>ἦ</strong></span> <span class='ocrx_word' id='word_1_248' title='bbox 1134 1973 1230 2023; x_wconf 83' lang='grc' dir='ltr'><strong>κᾶν</strong></span> <span class='ocrx_word' id='word_1_249' title='bbox 1308 1972 1607 2044; x_wconf 82' lang='grc' dir='ltr'>ποοσφιλῶς</span> <span class='ocrx_word' id='word_1_250' title='bbox 1660 1969 1774 2025; x_wconf 81' lang='grc' dir='ltr'>δια-</span> 
     </span>
    </p>
   </div>
   <div class='ocr_carea' id='block_1_38' title="bbox 159 2058 1776 2136">
    <p class='ocr_par' dir='ltr' id='par_1_38' title="bbox 159 2058 1776 2136">
     <span class='ocr_line' id='line_1_38' title="bbox 159 2058 1776 2136; baseline 0.001 -24"><span class='ocrx_word' id='word_1_251' title='bbox 159 2063 380 2114; x_wconf 86' lang='grc' dir='ltr'>κεῖσθαι</span> <span class='ocrx_word' id='word_1_252' title='bbox 399 2068 506 2120; x_wconf 89' lang='grc' dir='ltr'>τοῖς</span> <span class='ocrx_word' id='word_1_253' title='bbox 531 2061 695 2122; x_wconf 73' lang='grc' dir='ltr'>οὕτως</span> <span class='ocrx_word' id='word_1_254' title='bbox 724 2063 967 2132; x_wconf 80' lang='grc' dir='ltr'>ἔχουσιν.</span> <span class='ocrx_word' id='word_1_255' title='bbox 999 2059 1065 2112; x_wconf 85' lang='grc' dir='ltr'>Ὀ</span> <span class='ocrx_word' id='word_1_256' title='bbox 1096 2058 1155 2113; x_wconf 71' lang='grc' dir='ltr'>δὲ</span> <span class='ocrx_word' id='word_1_257' title='bbox 1199 2058 1422 2134; x_wconf 84' lang='grc' dir='ltr'>ἀδελφός</span> <span class='ocrx_word' id='word_1_258' title='bbox 1477 2067 1776 2136; x_wconf 87' lang='grc' dir='ltr'>Δημήτριος</span> 
     </span>
    </p>
   </div>
   <div class='ocr_carea' id='block_1_39' title="bbox 159 2146 1770 2226">
    <p class='ocr_par' dir='ltr' id='par_1_39' title="bbox 159 2146 1770 2226">
     <span class='ocr_line' id='line_1_39' title="bbox 159 2146 1770 2226; baseline 0.001 -24"><span class='ocrx_word' id='word_1_259' title='bbox 159 2148 219 2213; x_wconf 76' lang='grc' dir='ltr'>ἕξ</span> <span class='ocrx_word' id='word_1_260' title='bbox 249 2149 483 2212; x_wconf 76' lang='grc' dir='ltr'>ἐναντίας</span> <span class='ocrx_word' id='word_1_261' title='bbox 509 2146 623 2222; x_wconf 82' lang='grc' dir='ltr'>εἶχε</span> <span class='ocrx_word' id='word_1_262' title='bbox 686 2157 776 2202; x_wconf 83' lang='grc' dir='ltr'>τοῦ</span> <span class='ocrx_word' id='word_1_263' title='bbox 831 2154 1048 2224; x_wconf 90' lang='grc' dir='ltr'>τρόπου.</span> <span class='ocrx_word' id='word_1_264' title='bbox 1107 2155 1407 2226; x_wconf 87' lang='grc' dir='ltr'>Μειρακίοις</span> <span class='ocrx_word' id='word_1_265' title='bbox 1464 2155 1566 2225; x_wconf 81' lang='grc' dir='ltr'>γὰρ</span> <span class='ocrx_word' id='word_1_266' title='bbox 1632 2151 1770 2204; x_wconf 87' lang='grc' dir='ltr'>ἀϐελ-</span> 
     </span>
    </p>
   </div>
   <div class='ocr_carea' id='block_1_40' title="bbox 156 2237 1774 2311">
    <p class='ocr_par' dir='ltr' id='par_1_40' title="bbox 156 2237 1774 2311">
     <span class='ocr_line' id='line_1_40' title="bbox 156 2237 1774 2311; baseline 0.001 -20"><span class='ocrx_word' id='word_1_267' title='bbox 156 2242 336 2311; x_wconf 85' lang='grc' dir='ltr'>τέροις</span> <span class='ocrx_word' id='word_1_268' title='bbox 365 2237 565 2309; x_wconf 57' lang='grc' dir='ltr'>ὡμῦιει,</span> <span class='ocrx_word' id='word_1_269' title='bbox 593 2243 682 2291; x_wconf 86' lang='grc' dir='ltr'>καὶ</span> <span class='ocrx_word' id='word_1_270' title='bbox 722 2241 919 2300; x_wconf 81' lang='grc' dir='ltr'>τούτοις</span> <span class='ocrx_word' id='word_1_271' title='bbox 979 2258 1033 2292; x_wconf 90' lang='grc' dir='ltr'>τε</span> <span class='ocrx_word' id='word_1_272' title='bbox 1079 2239 1300 2292; x_wconf 91' lang='grc' dir='ltr'>πλεῖστα</span> <span class='ocrx_word' id='word_1_273' title='bbox 1345 2243 1632 2299; x_wconf 91' lang='grc' dir='ltr'>συνήσθετο</span> <span class='ocrx_word' id='word_1_274' title='bbox 1685 2247 1774 2294; x_wconf 86' lang='grc' dir='ltr'>καὶ</span> 
     </span>
    </p>
   </div>
   <div class='ocr_carea' id='block_1_41' title="bbox 160 2324 1773 2402">
    <p class='ocr_par' dir='ltr' id='par_1_41' title="bbox 160 2324 1773 2402">
     <span class='ocr_line' id='line_1_41' title="bbox 160 2324 1773 2402; baseline 0.001 -22"><span class='ocrx_word' id='word_1_275' title='bbox 160 2335 280 2390; x_wconf 87' lang='grc' dir='ltr'>τοῖς</span> <span class='ocrx_word' id='word_1_276' title='bbox 319 2324 654 2400; x_wconf 72' lang='grc' dir='ltr'>ἀφροδισίοις</span> <span class='ocrx_word' id='word_1_277' title='bbox 682 2328 952 2399; x_wconf 74' lang='grc' dir='ltr'>ἠσέλγαινε</span> <span class='ocrx_word' id='word_1_278' title='bbox 978 2333 1069 2382; x_wconf 90' lang='grc' dir='ltr'>καὶ</span> <span class='ocrx_word' id='word_1_279' title='bbox 1096 2332 1240 2402; x_wconf 84' lang='grc' dir='ltr'>παρὰ</span> <span class='ocrx_word' id='word_1_280' title='bbox 1267 2337 1383 2392; x_wconf 90' lang='grc' dir='ltr'>ταῖς</span> <span class='ocrx_word' id='word_1_281' title='bbox 1457 2332 1558 2382; x_wconf 79' lang='grc' dir='ltr'>ὑπὸ</span> <span class='ocrx_word' id='word_1_282' title='bbox 1613 2331 1773 2402; x_wconf 82' lang='grc' dir='ltr'>ζυγὸν</span> 
     </span>
    </p>
   </div>
   <div class='ocr_carea' id='block_1_42' title="bbox 159 2415 1773 2494">
    <p class='ocr_par' dir='ltr' id='par_1_42' title="bbox 159 2415 1773 2494">
     <span class='ocr_line' id='line_1_42' title="bbox 159 2415 1773 2494; baseline 0.003 -25"><span class='ocrx_word' id='word_1_283' title='bbox 159 2415 366 2488; x_wconf 78' lang='grc' dir='ltr'>ἐφοίτα,</span> <span class='ocrx_word' id='word_1_284' title='bbox 423 2416 556 2470; x_wconf 84' lang='grc' dir='ltr'>ὥστε</span> <span class='ocrx_word' id='word_1_285' title='bbox 661 2420 788 2470; x_wconf 67' lang='grc' dir='ltr'>ποτε</span> <span class='ocrx_word' id='word_1_286' title='bbox 844 2423 935 2470; x_wconf 84' lang='grc' dir='ltr'>καὶ</span> <span class='ocrx_word' id='word_1_287' title='bbox 1005 2420 1303 2492; x_wconf 81' lang='grc' dir='ltr'>σύμπτωμα</span> <span class='ocrx_word' id='word_1_288' title='bbox 1365 2417 1552 2478; x_wconf 90' lang='grc' dir='ltr'>συνέϐη</span> <span class='ocrx_word' id='word_1_289' title='bbox 1607 2425 1773 2494; x_wconf 84' lang='grc' dir='ltr'>τούτῳ</span> 
     </span>
    </p>
   </div>
   <div class='ocr_carea' id='block_1_43' title="bbox 163 2503 1770 2582">
    <p class='ocr_par' dir='ltr' id='par_1_43' title="bbox 163 2503 1770 2582">
     <span class='ocr_line' id='line_1_43' title="bbox 163 2503 1770 2582; baseline 0.004 -24"><span class='ocrx_word' id='word_1_290' title='bbox 163 2503 359 2560; x_wconf 85' lang='grc' dir='ltr'>δεινόν·</span> <span class='ocrx_word' id='word_1_291' title='bbox 391 2507 447 2558; x_wconf 87' lang='grc' dir='ltr'>ἐκ</span> <span class='ocrx_word' id='word_1_292' title='bbox 471 2509 572 2580; x_wconf 78' lang='grc' dir='ltr'>γὰρ</span> <span class='ocrx_word' id='word_1_293' title='bbox 622 2509 665 2542; x_wconf 82' lang='grc'>⁹¹</span> <span class='ocrx_word' id='word_1_294' title='bbox 722 2503 937 2579; x_wconf 80' lang='grc' dir='ltr'>θυρίδος</span> <span class='ocrx_word' id='word_1_295' title='bbox 991 2516 1083 2560; x_wconf 81' lang='grc' dir='ltr'>τοῦ</span> <span class='ocrx_word' id='word_1_296' title='bbox 1137 2506 1328 2580; x_wconf 80' lang='grc' dir='ltr'>ἀνδρὸς</span> <span class='ocrx_word' id='word_1_297' title='bbox 1375 2516 1469 2571; x_wconf 82' lang='grc' dir='ltr'>τῆς</span> <span class='ocrx_word' id='word_1_298' title='bbox 1519 2529 1770 2582; x_wconf 85' lang='grc' dir='ltr'>μοιχευο-</span> 
     </span>
    </p>
   </div>
   <div class='ocr_carea' id='block_1_44' title="bbox 161 2595 1766 2675">
    <p class='ocr_par' dir='ltr' id='par_1_44' title="bbox 161 2595 1766 2675">
     <span class='ocr_line' id='line_1_44' title="bbox 161 2595 1766 2675; baseline 0.003 -27"><span class='ocrx_word' id='word_1_299' title='bbox 161 2601 328 2666; x_wconf 84' lang='grc' dir='ltr'><strong>μένης</strong></span> <span class='ocrx_word' id='word_1_300' title='bbox 361 2596 546 2671; x_wconf 85' lang='grc' dir='ltr'>ἀθρὸον</span> <span class='ocrx_word' id='word_1_301' title='bbox 591 2599 638 2640; x_wconf 76' lang='lat'><strong><em>93</em></strong></span> <span class='ocrx_word' id='word_1_302' title='bbox 697 2595 1070 2658; x_wconf 81' lang='grc' dir='ltr'>έπεισελθόντος</span> <span class='ocrx_word' id='word_1_303' title='bbox 1124 2597 1404 2670; x_wconf 81' lang='grc' dir='ltr'>βουληθεὶς</span> <span class='ocrx_word' id='word_1_304' title='bbox 1452 2597 1766 2675; x_wconf 85' lang='grc' dir='ltr'>ἀποδρᾶναι,</span> 
     </span>
    </p>
   </div>
   <div class='ocr_carea' id='block_1_45' title="bbox 163 2684 1770 2761">
    <p class='ocr_par' dir='ltr' id='par_1_45' title="bbox 163 2684 1770 2761">
     <span class='ocr_line' id='line_1_45' title="bbox 163 2684 1770 2761; baseline 0.002 -23"><span class='ocrx_word' id='word_1_305' title='bbox 163 2689 235 2746; x_wconf 85' lang='grc' dir='ltr'>ὡς</span> <span class='ocrx_word' id='word_1_306' title='bbox 275 2685 330 2748; x_wconf 77' lang='grc' dir='ltr'>ἐξ</span> <span class='ocrx_word' id='word_1_307' title='bbox 354 2684 687 2758; x_wconf 71' lang='grc' dir='ltr'>ὕπερυψήλου</span> <span class='ocrx_word' id='word_1_308' title='bbox 726 2693 818 2737; x_wconf 84' lang='grc' dir='ltr'>τοῦ</span> <span class='ocrx_word' id='word_1_309' title='bbox 853 2690 1014 2738; x_wconf 86' lang='grc' dir='ltr'>τόπου</span> <span class='ocrx_word' id='word_1_310' title='bbox 1060 2687 1109 2722; x_wconf 69' lang='grc'>³⁸</span> <span class='ocrx_word' id='word_1_311' title='bbox 1156 2692 1346 2752; x_wconf 82' lang='grc' dir='ltr'>πεσὼν,</span> <span class='ocrx_word' id='word_1_312' title='bbox 1411 2691 1497 2740; x_wconf 87' lang='grc' dir='ltr'>τόν</span> <span class='ocrx_word' id='word_1_313' title='bbox 1553 2689 1770 2761; x_wconf 86' lang='grc' dir='ltr'>γλουτόν</span> 
     </span>
    </p>
   </div>
   <div class='ocr_carea' id='block_1_46' title="bbox 164 2771 1769 2852">
    <p class='ocr_par' dir='ltr' id='par_1_46' title="bbox 164 2771 1769 2852">
     <span class='ocr_line' id='line_1_46' title="bbox 164 2771 1769 2852; baseline 0.003 -25"><span class='ocrx_word' id='word_1_314' title='bbox 164 2775 395 2845; x_wconf 74' lang='grc' dir='ltr'>ἐπλήγη,</span> <span class='ocrx_word' id='word_1_315' title='bbox 463 2776 638 2835; x_wconf 82' lang='grc' dir='ltr'>ἱκανὰς</span> <span class='ocrx_word' id='word_1_316' title='bbox 706 2771 766 2827; x_wconf 69' lang='grc' dir='ltr'>δὲ</span> <span class='ocrx_word' id='word_1_317' title='bbox 822 2776 1019 2848; x_wconf 80' lang='grc' dir='ltr'>ἡμέρας</span> <span class='ocrx_word' id='word_1_318' title='bbox 1065 2775 1395 2839; x_wconf 84' lang='grc' dir='ltr'>νοσηλευθεὶς</span> <span class='ocrx_word' id='word_1_319' title='bbox 1473 2779 1593 2836; x_wconf 80' lang='grc' dir='ltr'>ἰάθη</span> <span class='ocrx_word' id='word_1_320' title='bbox 1656 2782 1769 2852; x_wconf 70' lang='grc' dir='ltr'>μὲν,</span> 
     </span>
    </p>
   </div>
   <div class='ocr_carea' id='block_1_47' title="bbox 162 2861 1771 2941">
    <p class='ocr_par' dir='ltr' id='par_1_47' title="bbox 162 2861 1771 2941">
     <span class='ocr_line' id='line_1_47' title="bbox 162 2861 1771 2941; baseline 0.002 -25"><span class='ocrx_word' id='word_1_321' title='bbox 162 2865 434 2926; x_wconf 78' lang='grc' dir='ltr'>ὐπέσκαζε</span> <span class='ocrx_word' id='word_1_322' title='bbox 483 2861 542 2916; x_wconf 76' lang='grc' dir='ltr'>δε</span> <span class='ocrx_word' id='word_1_323' title='bbox 594 2872 697 2915; x_wconf 84' lang='grc' dir='ltr'>τῶν</span> <span class='ocrx_word' id='word_1_324' title='bbox 753 2861 928 2916; x_wconf 87' lang='grc' dir='ltr'>ποδῶν</span> <span class='ocrx_word' id='word_1_325' title='bbox 979 2867 1188 2940; x_wconf 89' lang='grc' dir='ltr'>θάτερον</span> <span class='ocrx_word' id='word_1_326' title='bbox 1241 2871 1332 2918; x_wconf 82' lang='grc' dir='ltr'>καὶ</span> <span class='ocrx_word' id='word_1_327' title='bbox 1387 2867 1479 2919; x_wconf 76' lang='grc' dir='ltr'>οὐκ</span> <span class='ocrx_word' id='word_1_328' title='bbox 1525 2867 1771 2941; x_wconf 83' lang='grc' dir='ltr'>ἐϐημάτι-</span> 
     </span>
    </p>
   </div>
   <div class='ocr_carea' id='block_1_48' title="bbox 170 2949 1772 3030">
    <p class='ocr_par' dir='ltr' id='par_1_48' title="bbox 170 2949 1772 3030">
     <span class='ocr_line' id='line_1_48' title="bbox 170 2949 1772 3030; baseline 0.003 -25"><span class='ocrx_word' id='word_1_329' title='bbox 170 2956 259 3015; x_wconf 84' lang='grc' dir='ltr'>ζεν</span> <span class='ocrx_word' id='word_1_330' title='bbox 285 2952 485 3024; x_wconf 83' lang='grc' dir='ltr'>ὁμαλῶς</span> <span class='ocrx_word' id='word_1_331' title='bbox 513 2954 580 3007; x_wconf 67' lang='lat'>9‘.</span> <span class='ocrx_word' id='word_1_332' title='bbox 616 2952 754 3006; x_wconf 82' lang='grc' dir='ltr'>Ἀλλ’</span> <span class='ocrx_word' id='word_1_333' title='bbox 803 2949 952 3016; x_wconf 83' lang='grc' dir='ltr'>οὗτος</span> <span class='ocrx_word' id='word_1_334' title='bbox 1009 2954 1103 3006; x_wconf 78' lang='grc' dir='ltr'>οὐκ</span> <span class='ocrx_word' id='word_1_335' title='bbox 1160 2954 1230 3016; x_wconf 87' lang='grc' dir='ltr'>εἰς</span> <span class='ocrx_word' id='word_1_336' title='bbox 1285 2959 1489 3030; x_wconf 84' lang='grc' dir='ltr'>μακρὰν</span> <span class='ocrx_word' id='word_1_337' title='bbox 1534 2956 1772 3010; x_wconf 87' lang='grc' dir='ltr'>ἀπὼνατο</span> 
     </span>
    </p>
   </div>
   <div class='ocr_carea' id='block_1_49' title="bbox 1884 1875 3537 1949">
    <p class='ocr_par' dir='ltr' id='par_1_49' title="bbox 1884 1875 3537 1949">
     <span class='ocr_line' id='line_1_49' title="bbox 1884 1875 3537 1949; baseline 0.004 -19"><span class='ocrx_word' id='word_1_338' title='bbox 1884 1875 2023 1931; x_wconf 91' lang='lat' dir='ltr'>inde</span> <span class='ocrx_word' id='word_1_339' title='bbox 2045 1876 2534 1948; x_wconf 86' lang='lat' dir='ltr'>tranquillitatem</span> <span class='ocrx_word' id='word_1_340' title='bbox 2551 1879 2825 1949; x_wconf 87' lang='lat' dir='ltr'>experiri,</span> <span class='ocrx_word' id='word_1_341' title='bbox 2846 1878 2942 1934; x_wconf 87' lang='lat' dir='ltr'>vel</span> <span class='ocrx_word' id='word_1_342' title='bbox 2965 1879 3176 1935; x_wconf 90' lang='lat' dir='ltr'>saltem</span> <span class='ocrx_word' id='word_1_343' title='bbox 3202 1881 3286 1935; x_wconf 90' lang='lat' dir='ltr'>sic</span> <span class='ocrx_word' id='word_1_344' title='bbox 3298 1879 3537 1936; x_wconf 80' lang='lat' dir='ltr'>affecto-</span> 
     </span>
    </p>
   </div>
   <div class='ocr_carea' id='block_1_50' title="bbox 1881 1967 3537 2025">
    <p class='ocr_par' dir='ltr' id='par_1_50' title="bbox 1881 1967 3537 2025">
     <span class='ocr_line' id='line_1_50' title="bbox 1881 1967 3537 2025; baseline 0.003 -5"><span class='ocrx_word' id='word_1_345' title='bbox 1881 1981 2019 2020; x_wconf 90' lang='lat' dir='ltr'>rum</span> <span class='ocrx_word' id='word_1_346' title='bbox 2042 1967 2407 2022; x_wconf 90' lang='lat' dir='ltr'>amicissimo</span> <span class='ocrx_word' id='word_1_347' title='bbox 2429 1969 2792 2023; x_wconf 89' lang='lat' dir='ltr'>commercio</span> <span class='ocrx_word' id='word_1_348' title='bbox 2812 1969 2991 2024; x_wconf 84' lang='lat' dir='ltr'>uti.At</span> <span class='ocrx_word' id='word_1_349' title='bbox 3011 1969 3190 2024; x_wconf 88' lang='lat' dir='ltr'>frater</span> <span class='ocrx_word' id='word_1_350' title='bbox 3207 1970 3537 2025; x_wconf 89' lang='lat' dir='ltr'>Demetrius</span> 
     </span>
    </p>
   </div>
   <div class='ocr_carea' id='block_1_51' title="bbox 1883 2054 3537 2119">
    <p class='ocr_par' dir='ltr' id='par_1_51' title="bbox 1883 2054 3537 2119">
     <span class='ocr_line' id='line_1_51' title="bbox 1883 2054 3537 2119; baseline 0.002 -9"><span class='ocrx_word' id='word_1_351' title='bbox 1883 2054 1945 2110; x_wconf 89' lang='lat' dir='ltr'>in</span> <span class='ocrx_word' id='word_1_352' title='bbox 1968 2054 2242 2110; x_wconf 72' lang='lat' dir='ltr'>fraternae</span> <span class='ocrx_word' id='word_1_353' title='bbox 2275 2056 2408 2111; x_wconf 73' lang='lat' dir='ltr'>vitae</span> <span class='ocrx_word' id='word_1_354' title='bbox 2443 2057 2739 2112; x_wconf 90' lang='lat' dir='ltr'>contraria</span> <span class='ocrx_word' id='word_1_355' title='bbox 2766 2058 2965 2113; x_wconf 90' lang='lat' dir='ltr'>studia</span> <span class='ocrx_word' id='word_1_356' title='bbox 2991 2058 3358 2119; x_wconf 87' lang='lat' dir='ltr'>trahebatur,</span> <span class='ocrx_word' id='word_1_357' title='bbox 3401 2063 3537 2114; x_wconf 91' lang='lat' dir='ltr'>tan-</span> 
     </span>
    </p>
   </div>
   <div class='ocr_carea' id='block_1_52' title="bbox 1882 2144 3534 2220">
    <p class='ocr_par' dir='ltr' id='par_1_52' title="bbox 1882 2144 3534 2220">
     <span class='ocr_line' id='line_1_52' title="bbox 1882 2144 3534 2220; baseline 0.002 -22"><span class='ocrx_word' id='word_1_358' title='bbox 1882 2159 2068 2216; x_wconf 87' lang='lat' dir='ltr'>quam</span> <span class='ocrx_word' id='word_1_359' title='bbox 2091 2144 2194 2216; x_wconf 92' lang='lat' dir='ltr'>qui</span> <span class='ocrx_word' id='word_1_360' title='bbox 2216 2145 2448 2200; x_wconf 88' lang='lat' dir='ltr'>stolidis</span> <span class='ocrx_word' id='word_1_361' title='bbox 2469 2145 2925 2202; x_wconf 89' lang='lat' dir='ltr'>adolescentulis</span> <span class='ocrx_word' id='word_1_362' title='bbox 2946 2152 3379 2214; x_wconf 85' lang='lat' dir='ltr'>consuesceret,</span> <span class='ocrx_word' id='word_1_363' title='bbox 3403 2147 3534 2220; x_wconf 89' lang='lat' dir='ltr'>qui-</span> 
     </span>
    </p>
   </div>
   <div class='ocr_carea' id='block_1_53' title="bbox 1881 2233 3536 2308">
    <p class='ocr_par' dir='ltr' id='par_1_53' title="bbox 1881 2233 3536 2308">
     <span class='ocr_line' id='line_1_53' title="bbox 1881 2233 3536 2308; baseline 0.002 -20"><span class='ocrx_word' id='word_1_364' title='bbox 1881 2233 1996 2288; x_wconf 93' lang='lat' dir='ltr'>bus</span> <span class='ocrx_word' id='word_1_365' title='bbox 2013 2233 2391 2305; x_wconf 89' lang='lat' dir='ltr'>potissimum</span> <span class='ocrx_word' id='word_1_366' title='bbox 2412 2235 2734 2305; x_wconf 87' lang='lat' dir='ltr'>gaudebat,</span> <span class='ocrx_word' id='word_1_367' title='bbox 2758 2241 2814 2292; x_wconf 89' lang='lat' dir='ltr'>et</span> <span class='ocrx_word' id='word_1_368' title='bbox 2844 2236 3028 2292; x_wconf 91' lang='lat' dir='ltr'>dediti</span> <span class='ocrx_word' id='word_1_369' title='bbox 3067 2237 3336 2308; x_wconf 91' lang='lat' dir='ltr'>corporis</span> <span class='ocrx_word' id='word_1_370' title='bbox 3364 2235 3536 2292; x_wconf 89' lang='lat' dir='ltr'>obse-</span> 
     </span>
    </p>
   </div>
   <div class='ocr_carea' id='block_1_54' title="bbox 1882 2322 3530 2398">
    <p class='ocr_par' dir='ltr' id='par_1_54' title="bbox 1882 2322 3530 2398">
     <span class='ocr_line' id='line_1_54' title="bbox 1882 2322 3530 2398; baseline 0.002 -21"><span class='ocrx_word' id='word_1_371' title='bbox 1882 2322 2027 2394; x_wconf 88' lang='lat' dir='ltr'>quio</span> <span class='ocrx_word' id='word_1_372' title='bbox 2075 2323 2428 2389; x_wconf 84' lang='lat' dir='ltr'>vinceretur,</span> <span class='ocrx_word' id='word_1_373' title='bbox 2484 2323 2830 2398; x_wconf 87' lang='lat' dir='ltr'>alienasque</span> <span class='ocrx_word' id='word_1_374' title='bbox 2885 2325 3243 2396; x_wconf 84' lang='lat' dir='ltr'>permoleret</span> <span class='ocrx_word' id='word_1_375' title='bbox 3293 2341 3530 2381; x_wconf 84' lang='lat' dir='ltr'>uxores.</span> 
     </span>
    </p>
   </div>
   <div class='ocr_carea' id='block_1_55' title="bbox 1883 2410 3529 2482">
    <p class='ocr_par' dir='ltr' id='par_1_55' title="bbox 1883 2410 3529 2482">
     <span class='ocr_line' id='line_1_55' title="bbox 1883 2410 3529 2482; baseline 0.002 -17"><span class='ocrx_word' id='word_1_376' title='bbox 1883 2411 2030 2466; x_wconf 88' lang='lat' dir='ltr'>Hinc</span> <span class='ocrx_word' id='word_1_377' title='bbox 2044 2410 2370 2482; x_wconf 90' lang='lat' dir='ltr'>aliquando</span> <span class='ocrx_word' id='word_1_378' title='bbox 2384 2428 2504 2468; x_wconf 90' lang='lat' dir='ltr'>non</span> <span class='ocrx_word' id='word_1_379' title='bbox 2520 2413 2819 2470; x_wconf 82' lang='lat' dir='ltr'>mediocre</span> <span class='ocrx_word' id='word_1_380' title='bbox 2847 2415 3238 2470; x_wconf 83' lang='lat' dir='ltr'>infortunium</span> <span class='ocrx_word' id='word_1_381' title='bbox 3264 2414 3492 2469; x_wconf 90' lang='lat' dir='ltr'>invenit</span> <span class='ocrx_word' id='word_1_382' title='bbox 3519 2434 3529 2481; x_wconf 94' lang='lat'>;</span> 
     </span>
    </p>
   </div>
   <div class='ocr_carea' id='block_1_56' title="bbox 1879 2504 3533 2576">
    <p class='ocr_par' dir='ltr' id='par_1_56' title="bbox 1879 2504 3533 2576">
     <span class='ocr_line' id='line_1_56' title="bbox 1879 2504 3533 2576; baseline 0 -18"><span class='ocrx_word' id='word_1_383' title='bbox 1879 2517 2024 2558; x_wconf 89' lang='lat' dir='ltr'>nam</span> <span class='ocrx_word' id='word_1_384' title='bbox 2055 2518 2190 2556; x_wconf 87' lang='lat' dir='ltr'>cum</span> <span class='ocrx_word' id='word_1_385' title='bbox 2219 2506 2620 2574; x_wconf 71' lang='lat' dir='ltr'>constupratte</span> <span class='ocrx_word' id='word_1_386' title='bbox 2643 2504 2906 2560; x_wconf 87' lang='lat' dir='ltr'>mulieris</span> <span class='ocrx_word' id='word_1_387' title='bbox 2936 2504 3025 2559; x_wconf 90' lang='lat' dir='ltr'>vir</span> <span class='ocrx_word' id='word_1_388' title='bbox 3045 2519 3150 2576; x_wconf 87' lang='lat' dir='ltr'>per</span> <span class='ocrx_word' id='word_1_389' title='bbox 3209 2504 3533 2559; x_wconf 88' lang='lat' dir='ltr'>fenestram</span> 
     </span>
    </p>
   </div>
   <div class='ocr_carea' id='block_1_57' title="bbox 1880 2586 3534 2664">
    <p class='ocr_par' dir='ltr' id='par_1_57' title="bbox 1880 2586 3534 2664">
     <span class='ocr_line' id='line_1_57' title="bbox 1880 2586 3534 2664; baseline 0.001 -18"><span class='ocrx_word' id='word_1_390' title='bbox 1880 2607 1951 2647; x_wconf 89' lang='lat' dir='ltr'>ex</span> <span class='ocrx_word' id='word_1_391' title='bbox 1973 2593 2299 2664; x_wconf 90' lang='lat' dir='ltr'>improviso</span> <span class='ocrx_word' id='word_1_392' title='bbox 2315 2591 2567 2648; x_wconf 92' lang='lat' dir='ltr'>domum</span> <span class='ocrx_word' id='word_1_393' title='bbox 2585 2598 2743 2648; x_wconf 90' lang='lat' dir='ltr'>esset</span> <span class='ocrx_word' id='word_1_394' title='bbox 2764 2594 3090 2663; x_wconf 90' lang='lat' dir='ltr'>ingressus,</span> <span class='ocrx_word' id='word_1_395' title='bbox 3124 2593 3220 2648; x_wconf 91' lang='lat' dir='ltr'>ille</span> <span class='ocrx_word' id='word_1_396' title='bbox 3248 2594 3393 2664; x_wconf 88' lang='lat' dir='ltr'>fuga</span> <span class='ocrx_word' id='word_1_397' title='bbox 3422 2586 3534 2649; x_wconf 85' lang='lat' dir='ltr'>sibi</span> 
     </span>
    </p>
   </div>
   <div class='ocr_carea' id='block_1_58' title="bbox 1881 2683 3537 2756">
    <p class='ocr_par' dir='ltr' id='par_1_58' title="bbox 1881 2683 3537 2756">
     <span class='ocr_line' id='line_1_58' title="bbox 1881 2683 3537 2756; baseline 0.001 -17"><span class='ocrx_word' id='word_1_398' title='bbox 1881 2683 2202 2739; x_wconf 87' lang='lat' dir='ltr'>consulens</span> <span class='ocrx_word' id='word_1_399' title='bbox 2225 2683 2344 2739; x_wconf 90' lang='lat' dir='ltr'>alto</span> <span class='ocrx_word' id='word_1_400' title='bbox 2362 2699 2434 2738; x_wconf 86' lang='lat' dir='ltr'>ex</span> <span class='ocrx_word' id='word_1_401' title='bbox 2458 2683 2590 2738; x_wconf 89' lang='lat' dir='ltr'>loco</span> <span class='ocrx_word' id='word_1_402' title='bbox 2604 2684 3006 2756; x_wconf 72' lang='lat' dir='ltr'>praecipitatus</span> <span class='ocrx_word' id='word_1_403' title='bbox 3025 2683 3264 2739; x_wconf 92' lang='lat' dir='ltr'>clunem</span> <span class='ocrx_word' id='word_1_404' title='bbox 3283 2685 3456 2749; x_wconf 81' lang='lat' dir='ltr'>laesit,</span> <span class='ocrx_word' id='word_1_405' title='bbox 3481 2691 3537 2740; x_wconf 90' lang='lat' dir='ltr'>et</span> 
     </span>
    </p>
   </div>
   <div class='ocr_carea' id='block_1_59' title="bbox 1881 2773 3534 2845">
    <p class='ocr_par' dir='ltr' id='par_1_59' title="bbox 1881 2773 3534 2845">
     <span class='ocr_line' id='line_1_59' title="bbox 1881 2773 3534 2845; baseline 0.002 -17"><span class='ocrx_word' id='word_1_406' title='bbox 1881 2790 2020 2829; x_wconf 91' lang='lat' dir='ltr'>cum</span> <span class='ocrx_word' id='word_1_407' title='bbox 2045 2773 2149 2828; x_wconf 91' lang='lat' dir='ltr'>diu</span> <span class='ocrx_word' id='word_1_408' title='bbox 2167 2778 2534 2843; x_wconf 76' lang='lat' dir='ltr'>aegrotasset,</span> <span class='ocrx_word' id='word_1_409' title='bbox 2555 2778 2804 2829; x_wconf 89' lang='lat' dir='ltr'>sanatus</span> <span class='ocrx_word' id='word_1_410' title='bbox 2824 2774 3069 2845; x_wconf 88' lang='lat' dir='ltr'>quidem</span> <span class='ocrx_word' id='word_1_411' title='bbox 3087 2779 3198 2843; x_wconf 90' lang='lat' dir='ltr'>est,</span> <span class='ocrx_word' id='word_1_412' title='bbox 3227 2775 3330 2830; x_wconf 93' lang='lat' dir='ltr'>sed</span> <span class='ocrx_word' id='word_1_413' title='bbox 3351 2776 3534 2831; x_wconf 83' lang='lat' dir='ltr'>altero</span> 
     </span>
    </p>
   </div>
   <div class='ocr_carea' id='block_1_60' title="bbox 1881 2861 3534 2934">
    <p class='ocr_par' dir='ltr' id='par_1_60' title="bbox 1881 2861 3534 2934">
     <span class='ocr_line' id='line_1_60' title="bbox 1881 2861 3534 2934; baseline 0.002 -18"><span class='ocrx_word' id='word_1_414' title='bbox 1881 2862 2034 2934; x_wconf 88' lang='lat' dir='ltr'>pede</span> <span class='ocrx_word' id='word_1_415' title='bbox 2064 2861 2409 2918; x_wconf 86' lang='lat' dir='ltr'>claudicans</span> <span class='ocrx_word' id='word_1_416' title='bbox 2437 2878 2560 2918; x_wconf 92' lang='lat' dir='ltr'>non</span> <span class='ocrx_word' id='word_1_417' title='bbox 2591 2867 2750 2918; x_wconf 91' lang='lat' dir='ltr'>recta</span> <span class='ocrx_word' id='word_1_418' title='bbox 2783 2863 3112 2918; x_wconf 89' lang='lat' dir='ltr'>incedebat.</span> <span class='ocrx_word' id='word_1_419' title='bbox 3144 2867 3214 2919; x_wconf 82' lang='lat' dir='ltr'>At</span> <span class='ocrx_word' id='word_1_420' title='bbox 3256 2865 3353 2919; x_wconf 92' lang='lat' dir='ltr'>hic</span> <span class='ocrx_word' id='word_1_421' title='bbox 3411 2880 3534 2919; x_wconf 92' lang='lat' dir='ltr'>non</span> 
     </span>
    </p>
   </div>
   <div class='ocr_carea' id='block_1_61' title="bbox 1881 2950 3534 3025">
    <p class='ocr_par' dir='ltr' id='par_1_61' title="bbox 1881 2950 3534 3025">
     <span class='ocr_line' id='line_1_61' title="bbox 1881 2950 3534 3025; baseline 0.002 -20"><span class='ocrx_word' id='word_1_422' title='bbox 1881 2950 2139 3006; x_wconf 91' lang='lat' dir='ltr'>multum</span> <span class='ocrx_word' id='word_1_423' title='bbox 2161 2951 2414 3022; x_wconf 91' lang='lat' dir='ltr'>imperio</span> <span class='ocrx_word' id='word_1_424' title='bbox 2448 2952 2669 3022; x_wconf 89' lang='lat' dir='ltr'>potitus</span> <span class='ocrx_word' id='word_1_425' title='bbox 2681 2956 2790 3006; x_wconf 89' lang='lat' dir='ltr'>est.</span> <span class='ocrx_word' id='word_1_426' title='bbox 2815 2954 2962 3007; x_wconf 87' lang='lat' dir='ltr'>Nam</span> <span class='ocrx_word' id='word_1_427' title='bbox 2985 2953 3248 3008; x_wconf 88' lang='lat' dir='ltr'>Joannes</span> <span class='ocrx_word' id='word_1_428' title='bbox 3272 2954 3534 3025; x_wconf 88' lang='lat' dir='ltr'>impera-</span> 
     </span>
    </p>
   </div>
   <div class='ocr_carea' id='block_1_62' title="bbox 164 3036 1790 3117">
    <p class='ocr_par' dir='ltr' id='par_1_62' title="bbox 164 3040 1772 3117">
     <span class='ocr_line' id='line_1_62' title="bbox 164 3040 1772 3117; baseline 0.009 -32"><span class='ocrx_word' id='word_1_429' title='bbox 164 3050 271 3102; x_wconf 82' lang='grc' dir='ltr'>τῆς</span> <span class='ocrx_word' id='word_1_430' title='bbox 321 3040 519 3114; x_wconf 80' lang='grc' dir='ltr'>ἀρχῆς,</span> <span class='ocrx_word' id='word_1_431' title='bbox 573 3042 653 3113; x_wconf 87' lang='grc' dir='ltr'>[Ρ.</span> <span class='ocrx_word' id='word_1_432' title='bbox 718 3043 810 3113; x_wconf 84' lang='grc'>39]</span> <span class='ocrx_word' id='word_1_433' title='bbox 871 3041 930 3093; x_wconf 80' lang='grc' dir='ltr'>Ὀ</span> <span class='ocrx_word' id='word_1_434' title='bbox 976 3044 1078 3117; x_wconf 78' lang='grc' dir='ltr'>γὰρ</span> <span class='ocrx_word' id='word_1_435' title='bbox 1129 3041 1375 3114; x_wconf 80' lang='grc' dir='ltr'>βασιλεὺς</span> <span class='ocrx_word' id='word_1_436' title='bbox 1427 3046 1667 3108; x_wconf 82' lang='grc' dir='ltr'>Ἰωάννης</span> <span class='ocrx_word' id='word_1_437' title='bbox 1723 3049 1772 3084; x_wconf 78' lang='grc'>9³</span> 
     </span>
    </p>
   </div>
   <div class='ocr_carea' id='block_1_63' title="bbox 1999 3036 3536 3117">
    <p class='ocr_par' dir='ltr' id='par_1_63' title="bbox 1999 3040 3536 3112">
     <span class='ocr_line' id='line_1_63' title="bbox 1999 3040 3536 3112; baseline 0.001 -18"><span class='ocrx_word' id='word_1_438' title='bbox 1999 3045 2138 3095; x_wconf 89' lang='lat' dir='ltr'>tunc</span> <span class='ocrx_word' id='word_1_439' title='bbox 2195 3041 2483 3112; x_wconf 92' lang='lat' dir='ltr'>temporis</span> <span class='ocrx_word' id='word_1_440' title='bbox 2531 3040 2849 3096; x_wconf 91' lang='lat' dir='ltr'>occasione</span> <span class='ocrx_word' id='word_1_441' title='bbox 2903 3046 3156 3111; x_wconf 90' lang='lat' dir='ltr'>arrepta,</span> <span class='ocrx_word' id='word_1_442' title='bbox 3229 3041 3417 3112; x_wconf 91' lang='lat' dir='ltr'>quod,</span> <span class='ocrx_word' id='word_1_443' title='bbox 3473 3047 3536 3096; x_wconf 92' lang='lat' dir='ltr'>ut</span> 
     </span>
    </p>
   </div>
   <div class='ocr_carea' id='block_1_64' title="bbox 167 3127 1773 3210">
    <p class='ocr_par' dir='ltr' id='par_1_64' title="bbox 167 3127 1773 3210">
     <span class='ocr_line' id='line_1_64' title="bbox 167 3127 1773 3210; baseline 0.003 -26"><span class='ocrx_word' id='word_1_444' title='bbox 167 3127 358 3192; x_wconf 82' lang='grc' dir='ltr'>ἀδείας</span> <span class='ocrx_word' id='word_1_445' title='bbox 397 3127 721 3204; x_wconf 77' lang='grc' dir='ltr'>δραξάμενος</span> <span class='ocrx_word' id='word_1_446' title='bbox 772 3138 844 3202; x_wconf 83' lang='grc' dir='ltr'>τῷ</span> <span class='ocrx_word' id='word_1_447' title='bbox 886 3135 998 3184; x_wconf 86' lang='grc' dir='ltr'>τότε</span> <span class='ocrx_word' id='word_1_448' title='bbox 1055 3134 1104 3168; x_wconf 81' lang='grc'><strong>⁹⁶</strong></span> <span class='ocrx_word' id='word_1_449' title='bbox 1155 3141 1362 3206; x_wconf 80' lang='grc' dir='ltr'>καιροῦ,</span> <span class='ocrx_word' id='word_1_450' title='bbox 1423 3137 1646 3210; x_wconf 83' lang='grc' dir='ltr'>ἐπείπερ,</span> <span class='ocrx_word' id='word_1_451' title='bbox 1706 3139 1773 3198; x_wconf 88' lang='grc' dir='ltr'>ὡς</span> 
     </span>
    </p>
   </div>
   <div class='ocr_carea' id='block_1_65' title="bbox 166 3222 1776 3298">
    <p class='ocr_par' dir='ltr' id='par_1_65' title="bbox 166 3222 1776 3298">
     <span class='ocr_line' id='line_1_65' title="bbox 166 3222 1776 3298; baseline 0.004 -26"><span class='ocrx_word' id='word_1_452' title='bbox 166 3223 380 3294; x_wconf 78' lang='grc' dir='ltr'>ἔφημεν,</span> <span class='ocrx_word' id='word_1_453' title='bbox 408 3223 466 3272; x_wconf 91' lang='grc' dir='ltr'>τὸ</span> <span class='ocrx_word' id='word_1_454' title='bbox 503 3239 604 3272; x_wconf 87' lang='grc' dir='ltr'>των</span> <span class='ocrx_word' id='word_1_455' title='bbox 651 3225 932 3295; x_wconf 89' lang='grc' dir='ltr'>Ταχαρίων</span> <span class='ocrx_word' id='word_1_456' title='bbox 984 3225 1128 3292; x_wconf 86' lang='grc' dir='ltr'>γένος</span> <span class='ocrx_word' id='word_1_457' title='bbox 1204 3222 1534 3296; x_wconf 80' lang='grc' dir='ltr'>ένησχολεῖτο</span> <span class='ocrx_word' id='word_1_458' title='bbox 1589 3226 1776 3298; x_wconf 77' lang='grc' dir='ltr'>ἑτέροις</span> 
     </span>
    </p>
   </div>
   <div class='ocr_carea' id='block_1_66' title="bbox 166 3308 1774 3385">
    <p class='ocr_par' dir='ltr' id='par_1_66' title="bbox 166 3308 1774 3385">
     <span class='ocr_line' id='line_1_66' title="bbox 166 3308 1774 3385; baseline 0.004 -23"><span class='ocrx_word' id='word_1_459' title='bbox 166 3311 361 3379; x_wconf 81' lang='grc' dir='ltr'>ἔθνεσι,</span> <span class='ocrx_word' id='word_1_460' title='bbox 396 3308 682 3362; x_wconf 81' lang='grc' dir='ltr'>καταλιπόν</span> <span class='ocrx_word' id='word_1_461' title='bbox 734 3315 828 3369; x_wconf 82' lang='grc' dir='ltr'>τήν</span> <span class='ocrx_word' id='word_1_462' title='bbox 884 3330 1017 3385; x_wconf 90' lang='grc' dir='ltr'>προς</span> <span class='ocrx_word' id='word_1_463' title='bbox 1073 3319 1164 3364; x_wconf 80' lang='grc' dir='ltr'>τοῦ</span> <span class='ocrx_word' id='word_1_464' title='bbox 1224 3313 1442 3365; x_wconf 90' lang='grc' dir='ltr'>σουλτάν</span> <span class='ocrx_word' id='word_1_465' title='bbox 1493 3322 1585 3367; x_wconf 79' lang='grc' dir='ltr'>τοῦ</span> <span class='ocrx_word' id='word_1_466' title='bbox 1639 3315 1774 3368; x_wconf 87' lang='grc' dir='ltr'>Ἰκο-</span> 
     </span>
    </p>
   </div>
   <div class='ocr_carea' id='block_1_67' title="bbox 163 3399 1774 3478">
    <p class='ocr_par' dir='ltr' id='par_1_67' title="bbox 163 3399 1774 3478">
     <span class='ocr_line' id='line_1_67' title="bbox 163 3399 1774 3478; baseline 0.005 -28"><span class='ocrx_word' id='word_1_467' title='bbox 163 3403 283 3452; x_wconf 89' lang='grc' dir='ltr'>νίου</span> <span class='ocrx_word' id='word_1_468' title='bbox 311 3401 496 3472; x_wconf 86' lang='grc' dir='ltr'>μάχην</span> <span class='ocrx_word' id='word_1_469' title='bbox 525 3403 621 3471; x_wconf 87' lang='grc' dir='ltr'>(τῷ</span> <span class='ocrx_word' id='word_1_470' title='bbox 650 3402 750 3473; x_wconf 85' lang='grc' dir='ltr'>γὰρ</span> <span class='ocrx_word' id='word_1_471' title='bbox 794 3399 1100 3473; x_wconf 86' lang='grc' dir='ltr'>Βαϐυλωνίῳ</span> <span class='ocrx_word' id='word_1_472' title='bbox 1147 3406 1236 3454; x_wconf 84' lang='grc' dir='ltr'>καὶ</span> <span class='ocrx_word' id='word_1_473' title='bbox 1292 3409 1402 3465; x_wconf 83' lang='grc' dir='ltr'>τοῖς</span> <span class='ocrx_word' id='word_1_474' title='bbox 1448 3404 1598 3478; x_wconf 80' lang='grc' dir='ltr'>πέριξ</span> <span class='ocrx_word' id='word_1_475' title='bbox 1653 3408 1774 3458; x_wconf 82' lang='grc' dir='ltr'>τού-</span> 
     </span>
    </p>
   </div>
   <div class='ocr_carea' id='block_1_68' title="bbox 165 3487 1776 3565">
    <p class='ocr_par' dir='ltr' id='par_1_68' title="bbox 165 3487 1776 3565">
     <span class='ocr_line' id='line_1_68' title="bbox 165 3487 1776 3565; baseline 0.005 -25"><span class='ocrx_word' id='word_1_476' title='bbox 165 3508 264 3541; x_wconf 90' lang='grc' dir='ltr'>του</span> <span class='ocrx_word' id='word_1_477' title='bbox 329 3491 397 3541; x_wconf 88' lang='grc' dir='ltr'>τά</span> <span class='ocrx_word' id='word_1_478' title='bbox 459 3497 556 3550; x_wconf 81' lang='grc' dir='ltr'>τῆς</span> <span class='ocrx_word' id='word_1_479' title='bbox 619 3491 804 3562; x_wconf 85' lang='grc' dir='ltr'>μάχης</span> <span class='ocrx_word' id='word_1_480' title='bbox 870 3487 1076 3561; x_wconf 71' lang='grc' dir='ltr'>ἐπῆγεν,</span> <span class='ocrx_word' id='word_1_481' title='bbox 1153 3493 1207 3543; x_wconf 88' lang='grc' dir='ltr'>ὃν</span> <span class='ocrx_word' id='word_1_482' title='bbox 1263 3492 1498 3565; x_wconf 83' lang='grc' dir='ltr'>Χαλιφᾶν</span> <span class='ocrx_word' id='word_1_483' title='bbox 1560 3495 1776 3548; x_wconf 81' lang='grc' dir='ltr'>εἰώθασι</span> 
     </span>
    </p>
   </div>
   <div class='ocr_carea' id='block_1_69' title="bbox 164 3577 1776 3658">
    <p class='ocr_par' dir='ltr' id='par_1_69' title="bbox 164 3577 1776 3658">
     <span class='ocr_line' id='line_1_69' title="bbox 164 3577 1776 3658; baseline 0.004 -28"><span class='ocrx_word' id='word_1_484' title='bbox 164 3577 342 3630; x_wconf 87' lang='grc' dir='ltr'>καλεῖν</span> <span class='ocrx_word' id='word_1_485' title='bbox 388 3579 456 3630; x_wconf 81' lang='grc' dir='ltr'>τὰ</span> <span class='ocrx_word' id='word_1_486' title='bbox 529 3586 628 3630; x_wconf 85' lang='grc' dir='ltr'>τῶν</span> <span class='ocrx_word' id='word_1_487' title='bbox 708 3579 1130 3652; x_wconf 82' lang='grc' dir='ltr'>Μουσουλμάνων</span> <span class='ocrx_word' id='word_1_488' title='bbox 1176 3580 1352 3652; x_wconf 78' lang='grc' dir='ltr'>φῦλα),</span> <span class='ocrx_word' id='word_1_489' title='bbox 1430 3585 1608 3656; x_wconf 81' lang='grc' dir='ltr'>θέρους</span> <span class='ocrx_word' id='word_1_490' title='bbox 1638 3584 1776 3658; x_wconf 82' lang='grc' dir='ltr'>ὥρας</span> 
     </span>
    </p>
   </div>
   <div class='ocr_carea' id='block_1_70' title="bbox 165 3664 1774 3743">
    <p class='ocr_par' dir='ltr' id='par_1_70' title="bbox 165 3664 1774 3743">
     <span class='ocr_line' id='line_1_70' title="bbox 165 3664 1774 3743; baseline 0.005 -26"><span class='ocrx_word' id='word_1_491' title='bbox 165 3671 446 3739; x_wconf 72' lang='grc' dir='ltr'>γενομένης</span> <span class='ocrx_word' id='word_1_492' title='bbox 535 3664 936 3743; x_wconf 79' lang='grc' dir='ltr'>διαπεραιοῦται</span> <span class='ocrx_word' id='word_1_493' title='bbox 1010 3671 1096 3720; x_wconf 87' lang='grc' dir='ltr'>τὸν</span> <span class='ocrx_word' id='word_1_494' title='bbox 1169 3669 1557 3740; x_wconf 83' lang='grc' dir='ltr'>Ἑλλήσποντον,</span> <span class='ocrx_word' id='word_1_495' title='bbox 1613 3693 1774 3725; x_wconf 85' lang='grc' dir='ltr'>κατα-</span> 
     </span>
    </p>
   </div>
   <div class='ocr_carea' id='block_1_71' title="bbox 165 3756 1776 3834">
    <p class='ocr_par' dir='ltr' id='par_1_71' title="bbox 165 3756 1776 3834">
     <span class='ocr_line' id='line_1_71' title="bbox 165 3756 1776 3834; baseline 0.005 -26"><span class='ocrx_word' id='word_1_496' title='bbox 165 3756 332 3809; x_wconf 86' lang='grc' dir='ltr'>λιπὼν</span> <span class='ocrx_word' id='word_1_497' title='bbox 363 3757 432 3817; x_wconf 88' lang='grc' dir='ltr'>είς</span> <span class='ocrx_word' id='word_1_498' title='bbox 461 3760 556 3815; x_wconf 78' lang='grc' dir='ltr'>τὴν</span> <span class='ocrx_word' id='word_1_499' title='bbox 584 3758 648 3809; x_wconf 78' lang='grc' dir='ltr'>ἔω</span> <span class='ocrx_word' id='word_1_500' title='bbox 679 3760 767 3809; x_wconf 86' lang='grc' dir='ltr'>τόν</span> <span class='ocrx_word' id='word_1_501' title='bbox 829 3759 940 3809; x_wconf 80' lang='grc' dir='ltr'>υἱὸν</span> <span class='ocrx_word' id='word_1_502' title='bbox 996 3758 1155 3810; x_wconf 79' lang='grc' dir='ltr'>αὐτοῦ</span> <span class='ocrx_word' id='word_1_503' title='bbox 1222 3757 1515 3834; x_wconf 87' lang='grc' dir='ltr'>Θεόδωρον.</span> <span class='ocrx_word' id='word_1_504' title='bbox 1579 3761 1776 3834; x_wconf 80' lang='grc' dir='ltr'>Ἔτυχε</span> 
     </span>
    </p>
   </div>
   <div class='ocr_carea' id='block_1_72' title="bbox 167 3847 1776 3922">
    <p class='ocr_par' dir='ltr' id='par_1_72' title="bbox 167 3847 1776 3922">
     <span class='ocr_line' id='line_1_72' title="bbox 167 3847 1776 3922; baseline 0.005 -26"><span class='ocrx_word' id='word_1_505' title='bbox 167 3849 264 3918; x_wconf 72' lang='grc' dir='ltr'>μὲν</span> <span class='ocrx_word' id='word_1_506' title='bbox 293 3848 391 3917; x_wconf 85' lang='grc' dir='ltr'>πρὸ</span> <span class='ocrx_word' id='word_1_507' title='bbox 421 3852 607 3920; x_wconf 82' lang='grc' dir='ltr'>καιροῦ</span> <span class='ocrx_word' id='word_1_508' title='bbox 654 3849 741 3898; x_wconf 90' lang='grc' dir='ltr'>τὸν</span> <span class='ocrx_word' id='word_1_509' title='bbox 798 3847 1138 3922; x_wconf 88' lang='grc' dir='ltr'>πατριάρχην</span> <span class='ocrx_word' id='word_1_510' title='bbox 1214 3853 1470 3922; x_wconf 86' lang='grc' dir='ltr'>Γερμανὸν</span> <span class='ocrx_word' id='word_1_511' title='bbox 1532 3851 1597 3902; x_wconf 79' lang='grc' dir='ltr'>τὰ</span> <span class='ocrx_word' id='word_1_512' title='bbox 1646 3848 1776 3909; x_wconf 82' lang='grc' dir='ltr'>τῆδε</span> 
     </span>
    </p>
   </div>
   <div class='ocr_carea' id='block_1_73' title="bbox 169 3933 1776 4010">
    <p class='ocr_par' dir='ltr' id='par_1_73' title="bbox 169 3933 1776 4010">
     <span class='ocr_line' id='line_1_73' title="bbox 169 3933 1776 4010; baseline 0.003 -24"><span class='ocrx_word' id='word_1_513' title='bbox 169 3933 526 3986; x_wconf 80' lang='grc' dir='ltr'>καταλιπόντα</span> <span class='ocrx_word' id='word_1_514' title='bbox 563 3937 688 4007; x_wconf 86' lang='grc' dir='ltr'>πρὸς</span> <span class='ocrx_word' id='word_1_515' title='bbox 727 3937 822 3997; x_wconf 83' lang='grc' dir='ltr'>τὰς</span> <span class='ocrx_word' id='word_1_516' title='bbox 875 3937 1008 3996; x_wconf 88' lang='grc' dir='ltr'>θείας</span> <span class='ocrx_word' id='word_1_517' title='bbox 1067 3934 1266 4010; x_wconf 82' lang='grc' dir='ltr'>ἀπᾶραι</span> <span class='ocrx_word' id='word_1_518' title='bbox 1333 3941 1548 4006; x_wconf 80' lang='grc' dir='ltr'>σκηνὰς,</span> <span class='ocrx_word' id='word_1_519' title='bbox 1607 3939 1776 4002; x_wconf 87' lang='grc' dir='ltr'>καλῶς</span> 
     </span>
    </p>
   </div>
   <div class='ocr_carea' id='block_1_74' title="bbox 170 4022 1775 4101">
    <p class='ocr_par' dir='ltr' id='par_1_74' title="bbox 170 4022 1775 4101">
     <span class='ocr_line' id='line_1_74' title="bbox 170 4022 1775 4101; baseline 0.004 -26"><span class='ocrx_word' id='word_1_520' title='bbox 170 4027 265 4076; x_wconf 84' lang='grc' dir='ltr'>καὶ</span> <span class='ocrx_word' id='word_1_521' title='bbox 313 4024 466 4084; x_wconf 85' lang='grc' dir='ltr'>ὁσίως</span> <span class='ocrx_word' id='word_1_522' title='bbox 524 4022 798 4096; x_wconf 83' lang='grc' dir='ltr'>βιώσαντα</span> <span class='ocrx_word' id='word_1_523' title='bbox 837 4029 929 4076; x_wconf 84' lang='grc' dir='ltr'>καὶ</span> <span class='ocrx_word' id='word_1_524' title='bbox 975 4024 1146 4086; x_wconf 85' lang='grc' dir='ltr'>καλῶς</span> <span class='ocrx_word' id='word_1_525' title='bbox 1221 4030 1311 4084; x_wconf 85' lang='grc' dir='ltr'>τὴν</span> <span class='ocrx_word' id='word_1_526' title='bbox 1373 4027 1535 4079; x_wconf 76' lang='grc' dir='ltr'>αὐτοῦ</span> <span class='ocrx_word' id='word_1_527' title='bbox 1582 4030 1775 4101; x_wconf 90' lang='grc' dir='ltr'>ποιμά-</span> 
     </span>
    </p>
   </div>
   <div class='ocr_carea' id='block_1_75' title="bbox 172 4109 1776 4186">
    <p class='ocr_par' dir='ltr' id='par_1_75' title="bbox 172 4109 1776 4186">
     <span class='ocr_line' id='line_1_75' title="bbox 172 4109 1776 4186; baseline 0.002 -21"><span class='ocrx_word' id='word_1_528' title='bbox 172 4131 335 4165; x_wconf 91' lang='grc' dir='ltr'>ναντα</span> <span class='ocrx_word' id='word_1_529' title='bbox 361 4111 602 4184; x_wconf 81' lang='grc' dir='ltr'>ποίμνην·</span> <span class='ocrx_word' id='word_1_530' title='bbox 630 4111 821 4185; x_wconf 75' lang='grc' dir='ltr'>ἐγένετο</span> <span class='ocrx_word' id='word_1_531' title='bbox 872 4109 931 4165; x_wconf 72' lang='grc' dir='ltr'>δὲ</span> <span class='ocrx_word' id='word_1_532' title='bbox 994 4115 1105 4186; x_wconf 84' lang='grc' dir='ltr'>μετ’</span> <span class='ocrx_word' id='word_1_533' title='bbox 1159 4114 1312 4167; x_wconf 77' lang='grc' dir='ltr'>αὐτόν</span> <span class='ocrx_word' id='word_1_534' title='bbox 1369 4114 1631 4178; x_wconf 84' lang='grc' dir='ltr'>Μεθόδιός</span> <span class='ocrx_word' id='word_1_535' title='bbox 1695 4137 1776 4181; x_wconf 88' lang='grc' dir='ltr'>τις</span> 
     </span>
    </p>
   </div>
   <div class='ocr_carea' id='block_1_76' title="bbox 174 4201 1773 4276">
    <p class='ocr_par' dir='ltr' id='par_1_76' title="bbox 174 4201 1773 4276">
     <span class='ocr_line' id='line_1_76' title="bbox 174 4201 1773 4276; baseline 0.004 -23"><span class='ocrx_word' id='word_1_536' title='bbox 174 4201 486 4274; x_wconf 84' lang='grc' dir='ltr'>καλούμενος</span> <span class='ocrx_word' id='word_1_537' title='bbox 543 4206 796 4274; x_wconf 85' lang='grc' dir='ltr'>μοναχός,</span> <span class='ocrx_word' id='word_1_538' title='bbox 877 4204 1164 4276; x_wconf 81' lang='grc' dir='ltr'>ἡγούμενος</span> <span class='ocrx_word' id='word_1_539' title='bbox 1213 4205 1280 4255; x_wconf 84' lang='grc' dir='ltr'>ὧν</span> <span class='ocrx_word' id='word_1_540' title='bbox 1345 4213 1436 4265; x_wconf 85' lang='grc' dir='ltr'>τῆς</span> <span class='ocrx_word' id='word_1_541' title='bbox 1492 4209 1626 4258; x_wconf 87' lang='grc' dir='ltr'>κατά</span> <span class='ocrx_word' id='word_1_542' title='bbox 1677 4212 1773 4260; x_wconf 88' lang='grc' dir='ltr'>Νί-</span> 
     </span>
    </p>
   </div>
   <div class='ocr_carea' id='block_1_77' title="bbox 173 4290 1774 4366">
    <p class='ocr_par' dir='ltr' id='par_1_77' title="bbox 173 4290 1774 4366">
     <span class='ocr_line' id='line_1_77' title="bbox 173 4290 1774 4366; baseline 0.004 -24"><span class='ocrx_word' id='word_1_543' title='bbox 173 4310 327 4343; x_wconf 88' lang='grc' dir='ltr'>καιαν</span> <span class='ocrx_word' id='word_1_544' title='bbox 388 4290 656 4344; x_wconf 79' lang='grc' dir='ltr'>Ὑακίνθου</span> <span class='ocrx_word' id='word_1_545' title='bbox 736 4300 914 4364; x_wconf 84' lang='grc' dir='ltr'>μονῆς,</span> <span class='ocrx_word' id='word_1_546' title='bbox 981 4291 1108 4359; x_wconf 82' lang='grc' dir='ltr'>ἀνὴρ</span> <span class='ocrx_word' id='word_1_547' title='bbox 1177 4293 1358 4365; x_wconf 75' lang='grc' dir='ltr'>αὐχῶν</span> <span class='ocrx_word' id='word_1_548' title='bbox 1427 4297 1518 4366; x_wconf 63' lang='grc' dir='ltr'>μὲν</span> <span class='ocrx_word' id='word_1_549' title='bbox 1582 4293 1774 4349; x_wconf 82' lang='grc' dir='ltr'>εἰδέναι</span> 
     </span>
    </p>
   </div>
   <div class='ocr_carea' id='block_1_78' title="bbox 171 4377 1772 4458">
    <p class='ocr_par' dir='ltr' id='par_1_78' title="bbox 171 4377 1772 4458">
     <span class='ocr_line' id='line_1_78' title="bbox 171 4377 1772 4458; baseline 0.004 -28"><span class='ocrx_word' id='word_1_550' title='bbox 171 4378 353 4446; x_wconf 84' lang='grc' dir='ltr'>πολλὰ,</span> <span class='ocrx_word' id='word_1_551' title='bbox 390 4379 574 4451; x_wconf 82' lang='grc' dir='ltr'>ὀλίγων</span> <span class='ocrx_word' id='word_1_552' title='bbox 615 4377 674 4433; x_wconf 62' lang='grc' dir='ltr'>δὲ</span> <span class='ocrx_word' id='word_1_553' title='bbox 715 4378 852 4452; x_wconf 79' lang='grc' dir='ltr'>ἴδρις</span> <span class='ocrx_word' id='word_1_554' title='bbox 899 4381 986 4436; x_wconf 81' lang='grc' dir='ltr'>ὢν.</span> <span class='ocrx_word' id='word_1_555' title='bbox 1051 4380 1194 4434; x_wconf 82' lang='grc' dir='ltr'>Ἀλλ’</span> <span class='ocrx_word' id='word_1_556' title='bbox 1261 4382 1408 4442; x_wconf 76' lang='grc' dir='ltr'>οὗτος</span> <span class='ocrx_word' id='word_1_557' title='bbox 1473 4391 1610 4458; x_wconf 85' lang='grc' dir='ltr'>τρεῖς</span> <span class='ocrx_word' id='word_1_558' title='bbox 1685 4391 1772 4438; x_wconf 81' lang='grc' dir='ltr'>καὶ</span> 
     </span>
    </p>
   </div>
   <div class='ocr_carea' id='block_1_79' title="bbox 1883 3127 3531 3196">
    <p class='ocr_par' dir='ltr' id='par_1_79' title="bbox 1883 3127 3531 3196">
     <span class='ocr_line' id='line_1_79' title="bbox 1883 3127 3531 3196; baseline 0.001 -13"><span class='ocrx_word' id='word_1_559' title='bbox 1883 3127 2166 3196; x_wconf 86' lang='lat' dir='ltr'>diximus,</span> <span class='ocrx_word' id='word_1_560' title='bbox 2218 3129 2382 3185; x_wconf 88' lang='lat' dir='ltr'>natio</span> <span class='ocrx_word' id='word_1_561' title='bbox 2457 3129 2860 3184; x_wconf 87' lang='lat' dir='ltr'>Tacharorum</span> <span class='ocrx_word' id='word_1_562' title='bbox 2953 3144 3092 3184; x_wconf 90' lang='lat' dir='ltr'>cum</span> <span class='ocrx_word' id='word_1_563' title='bbox 3160 3129 3292 3185; x_wconf 90' lang='lat' dir='ltr'>aliis</span> <span class='ocrx_word' id='word_1_564' title='bbox 3341 3129 3531 3186; x_wconf 90' lang='lat' dir='ltr'>natio-</span> 
     </span>
    </p>
   </div>
   <div class='ocr_carea' id='block_1_80' title="bbox 1883 3217 3534 3291">
    <p class='ocr_par' dir='ltr' id='par_1_80' title="bbox 1883 3217 3534 3291">
     <span class='ocr_line' id='line_1_80' title="bbox 1883 3217 3534 3291; baseline -0.001 -17"><span class='ocrx_word' id='word_1_565' title='bbox 1883 3218 2062 3274; x_wconf 91' lang='lat' dir='ltr'>nibus</span> <span class='ocrx_word' id='word_1_566' title='bbox 2117 3217 2535 3288; x_wconf 88' lang='lat' dir='ltr'>contendebat,</span> <span class='ocrx_word' id='word_1_567' title='bbox 2618 3232 2757 3273; x_wconf 91' lang='lat' dir='ltr'>cum</span> <span class='ocrx_word' id='word_1_568' title='bbox 2834 3217 3067 3274; x_wconf 88' lang='lat' dir='ltr'>sultano</span> <span class='ocrx_word' id='word_1_569' title='bbox 3115 3234 3324 3291; x_wconf 90' lang='lat' dir='ltr'>pugna</span> <span class='ocrx_word' id='word_1_570' title='bbox 3372 3223 3534 3291; x_wconf 92' lang='lat' dir='ltr'>post-</span> 
     </span>
    </p>
   </div>
   <div class='ocr_carea' id='block_1_81' title="bbox 1884 3306 3531 3380">
    <p class='ocr_par' dir='ltr' id='par_1_81' title="bbox 1884 3306 3531 3380">
     <span class='ocr_line' id='line_1_81' title="bbox 1884 3306 3531 3380; baseline -0.002 -16"><span class='ocrx_word' id='word_1_571' title='bbox 1884 3310 2100 3380; x_wconf 89' lang='lat' dir='ltr'>posita,</span> <span class='ocrx_word' id='word_1_572' title='bbox 2155 3308 2404 3380; x_wconf 90' lang='lat' dir='ltr'>quando</span> <span class='ocrx_word' id='word_1_573' title='bbox 2486 3306 2868 3379; x_wconf 88' lang='lat' dir='ltr'>Babylonico,</span> <span class='ocrx_word' id='word_1_574' title='bbox 2930 3322 3112 3379; x_wconf 89' lang='lat' dir='ltr'>quem</span> <span class='ocrx_word' id='word_1_575' title='bbox 3178 3308 3531 3363; x_wconf 88' lang='lat' dir='ltr'>Musulmani</span> 
     </span>
    </p>
   </div>
   <div class='ocr_carea' id='block_1_82' title="bbox 1886 3395 3534 3470">
    <p class='ocr_par' dir='ltr' id='par_1_82' title="bbox 1886 3395 3534 3470">
     <span class='ocr_line' id='line_1_82' title="bbox 1886 3395 3534 3470; baseline -0.004 -14"><span class='ocrx_word' id='word_1_576' title='bbox 1886 3398 2196 3470; x_wconf 88' lang='lat' dir='ltr'>Calipham</span> <span class='ocrx_word' id='word_1_577' title='bbox 2254 3397 2446 3453; x_wconf 89' lang='lat' dir='ltr'>solent</span> <span class='ocrx_word' id='word_1_578' title='bbox 2511 3395 2832 3468; x_wconf 87' lang='lat' dir='ltr'>appellare,</span> <span class='ocrx_word' id='word_1_579' title='bbox 2932 3402 2987 3452; x_wconf 90' lang='lat' dir='ltr'>et</span> <span class='ocrx_word' id='word_1_580' title='bbox 3083 3397 3166 3452; x_wconf 88' lang='lat' dir='ltr'>illi</span> <span class='ocrx_word' id='word_1_581' title='bbox 3245 3396 3534 3468; x_wconf 82' lang='lat' dir='ltr'>proximis</span> 
     </span>
    </p>
   </div>
   <div class='ocr_carea' id='block_1_83' title="bbox 1883 3485 3535 3559">
    <p class='ocr_par' dir='ltr' id='par_1_83' title="bbox 1883 3485 3535 3559">
     <span class='ocr_line' id='line_1_83' title="bbox 1883 3485 3535 3559; baseline -0.001 -17"><span class='ocrx_word' id='word_1_582' title='bbox 1883 3487 2108 3542; x_wconf 90' lang='lat' dir='ltr'>bellum</span> <span class='ocrx_word' id='word_1_583' title='bbox 2157 3486 2415 3552; x_wconf 89' lang='lat' dir='ltr'>inferret,</span> <span class='ocrx_word' id='word_1_584' title='bbox 2484 3485 2724 3541; x_wconf 90' lang='lat' dir='ltr'>ineunte</span> <span class='ocrx_word' id='word_1_585' title='bbox 2815 3489 3016 3541; x_wconf 75' lang='lat' dir='ltr'>testate</span> <span class='ocrx_word' id='word_1_586' title='bbox 3087 3485 3535 3559; x_wconf 82' lang='lat' dir='ltr'>Hellespontum</span> 
     </span>
    </p>
   </div>
   <div class='ocr_carea' id='block_1_84' title="bbox 1883 3575 3529 3646">
    <p class='ocr_par' dir='ltr' id='par_1_84' title="bbox 1883 3575 3529 3646">
     <span class='ocr_line' id='line_1_84' title="bbox 1883 3575 3529 3646; baseline -0.002 -14"><span class='ocrx_word' id='word_1_587' title='bbox 1883 3581 2080 3633; x_wconf 88' lang='lat' dir='ltr'>tranat</span> <span class='ocrx_word' id='word_1_588' title='bbox 2111 3576 2234 3631; x_wconf 88' lang='lat' dir='ltr'>ﬁlio</span> <span class='ocrx_word' id='word_1_589' title='bbox 2267 3592 2379 3630; x_wconf 93' lang='lat' dir='ltr'>suo</span> <span class='ocrx_word' id='word_1_590' title='bbox 2408 3575 2718 3632; x_wconf 90' lang='lat' dir='ltr'>Theodoro</span> <span class='ocrx_word' id='word_1_591' title='bbox 2756 3576 2807 3646; x_wconf 95' lang='grc'>7</span> <span class='ocrx_word' id='word_1_592' title='bbox 2819 3576 2870 3646; x_wconf 97' lang='grc'>7</span> <span class='ocrx_word' id='word_1_593' title='bbox 2916 3575 2976 3630; x_wconf 90' lang='lat' dir='ltr'>in</span> <span class='ocrx_word' id='word_1_594' title='bbox 3039 3575 3267 3632; x_wconf 91' lang='lat' dir='ltr'>Oriente</span> <span class='ocrx_word' id='word_1_595' title='bbox 3309 3576 3529 3632; x_wconf 91' lang='lat' dir='ltr'>relicto.</span> 
     </span>
    </p>
   </div>
   <div class='ocr_carea' id='block_1_85' title="bbox 1883 3665 3533 3738">
    <p class='ocr_par' dir='ltr' id='par_1_85' title="bbox 1883 3665 3533 3738">
     <span class='ocr_line' id='line_1_85' title="bbox 1883 3665 3533 3738; baseline 0.001 -20"><span class='ocrx_word' id='word_1_596' title='bbox 1883 3670 2033 3721; x_wconf 75' lang='lat' dir='ltr'>Ante</span> <span class='ocrx_word' id='word_1_597' title='bbox 2059 3666 2186 3721; x_wconf 70' lang='lat' dir='ltr'>haec</span> <span class='ocrx_word' id='word_1_598' title='bbox 2217 3671 2488 3738; x_wconf 87' lang='lat' dir='ltr'>tempora</span> <span class='ocrx_word' id='word_1_599' title='bbox 2515 3667 2845 3720; x_wconf 89' lang='lat' dir='ltr'>Germanus</span> <span class='ocrx_word' id='word_1_600' title='bbox 2869 3665 3208 3736; x_wconf 87' lang='lat' dir='ltr'>patriarcha</span> <span class='ocrx_word' id='word_1_601' title='bbox 3228 3665 3407 3722; x_wconf 90' lang='lat' dir='ltr'>rebus</span> <span class='ocrx_word' id='word_1_602' title='bbox 3425 3671 3533 3721; x_wconf 89' lang='lat' dir='ltr'>ter-</span> 
     </span>
    </p>
   </div>
   <div class='ocr_carea' id='block_1_86' title="bbox 1884 3754 3532 3826">
    <p class='ocr_par' dir='ltr' id='par_1_86' title="bbox 1884 3754 3532 3826">
     <span class='ocr_line' id='line_1_86' title="bbox 1884 3754 3532 3826; baseline 0 -15"><span class='ocrx_word' id='word_1_603' title='bbox 1884 3755 2042 3811; x_wconf 91' lang='lat' dir='ltr'>renis</span> <span class='ocrx_word' id='word_1_604' title='bbox 2072 3754 2333 3810; x_wconf 89' lang='lat' dir='ltr'>dimissis</span> <span class='ocrx_word' id='word_1_605' title='bbox 2372 3755 2432 3810; x_wconf 93' lang='lat' dir='ltr'>in</span> <span class='ocrx_word' id='word_1_606' title='bbox 2463 3755 2776 3810; x_wconf 90' lang='lat' dir='ltr'>beatorum</span> <span class='ocrx_word' id='word_1_607' title='bbox 2809 3754 2981 3809; x_wconf 87' lang='lat' dir='ltr'>sedes</span> <span class='ocrx_word' id='word_1_608' title='bbox 3015 3760 3319 3825; x_wconf 92' lang='lat' dir='ltr'>avocatur,</span> <span class='ocrx_word' id='word_1_609' title='bbox 3371 3760 3532 3826; x_wconf 88' lang='lat' dir='ltr'>post—</span> 
     </span>
    </p>
   </div>
   <div class='ocr_carea' id='block_1_87' title="bbox 1883 3841 3531 3917">
    <p class='ocr_par' dir='ltr' id='par_1_87' title="bbox 1883 3841 3531 3917">
     <span class='ocr_line' id='line_1_87' title="bbox 1883 3841 3531 3917; baseline -0.001 -18"><span class='ocrx_word' id='word_1_610' title='bbox 1883 3860 2072 3917; x_wconf 91' lang='lat' dir='ltr'>quam</span> <span class='ocrx_word' id='word_1_611' title='bbox 2121 3844 2309 3916; x_wconf 88' lang='lat' dir='ltr'>probe</span> <span class='ocrx_word' id='word_1_612' title='bbox 2375 3847 2700 3916; x_wconf 89' lang='lat' dir='ltr'>sancteque</span> <span class='ocrx_word' id='word_1_613' title='bbox 2756 3841 3019 3908; x_wconf 83' lang='lat' dir='ltr'>vixisset,</span> <span class='ocrx_word' id='word_1_614' title='bbox 3050 3843 3359 3914; x_wconf 91' lang='lat' dir='ltr'>probeque</span> <span class='ocrx_word' id='word_1_615' title='bbox 3391 3860 3531 3900; x_wconf 86' lang='lat' dir='ltr'>suas</span> 
     </span>
    </p>
   </div>
   <div class='ocr_carea' id='block_1_88' title="bbox 1885 3931 3534 4006">
    <p class='ocr_par' dir='ltr' id='par_1_88' title="bbox 1885 3931 3534 4006">
     <span class='ocr_line' id='line_1_88' title="bbox 1885 3931 3534 4006; baseline -0.001 -16"><span class='ocrx_word' id='word_1_616' title='bbox 1885 3949 2028 3990; x_wconf 89' lang='lat' dir='ltr'>oves</span> <span class='ocrx_word' id='word_1_617' title='bbox 2054 3933 2338 4006; x_wconf 89' lang='lat' dir='ltr'>pavisset.</span> <span class='ocrx_word' id='word_1_618' title='bbox 2362 3935 2495 3987; x_wconf 88' lang='lat' dir='ltr'>Post</span> <span class='ocrx_word' id='word_1_619' title='bbox 2513 3948 2652 3987; x_wconf 92' lang='lat' dir='ltr'>eum</span> <span class='ocrx_word' id='word_1_620' title='bbox 2678 3931 3010 3986; x_wconf 90' lang='lat' dir='ltr'>monachus</span> <span class='ocrx_word' id='word_1_621' title='bbox 3033 3931 3285 4002; x_wconf 89' lang='lat' dir='ltr'>quidam</span> <span class='ocrx_word' id='word_1_622' title='bbox 3320 3934 3534 3988; x_wconf 87' lang='lat' dir='ltr'>Metho-</span> 
     </span>
    </p>
   </div>
   <div class='ocr_carea' id='block_1_89' title="bbox 1884 4018 3531 4093">
    <p class='ocr_par' dir='ltr' id='par_1_89' title="bbox 1884 4018 3531 4093">
     <span class='ocr_line' id='line_1_89' title="bbox 1884 4018 3531 4093; baseline -0.002 -13"><span class='ocrx_word' id='word_1_623' title='bbox 1884 4025 2020 4080; x_wconf 88' lang='lat' dir='ltr'>dfus</span> <span class='ocrx_word' id='word_1_624' title='bbox 2041 4023 2307 4088; x_wconf 91' lang='lat' dir='ltr'>nomine,</span> <span class='ocrx_word' id='word_1_625' title='bbox 2352 4021 2685 4093; x_wconf 87' lang='lat' dir='ltr'>Hyacinthi,</span> <span class='ocrx_word' id='word_1_626' title='bbox 2717 4018 2883 4092; x_wconf 86' lang='lat' dir='ltr'>quod</span> <span class='ocrx_word' id='word_1_627' title='bbox 2922 4019 3128 4074; x_wconf 62' lang='lat' dir='ltr'>Nicaeae</span> <span class='ocrx_word' id='word_1_628' title='bbox 3161 4024 3270 4089; x_wconf 90' lang='lat' dir='ltr'>est,</span> <span class='ocrx_word' id='word_1_629' title='bbox 3321 4037 3531 4077; x_wconf 88' lang='lat' dir='ltr'>mona-</span> 
     </span>
    </p>
   </div>
   <div class='ocr_carea' id='block_1_90' title="bbox 1885 4108 3534 4185">
    <p class='ocr_par' dir='ltr' id='par_1_90' title="bbox 1885 4108 3534 4185">
     <span class='ocr_line' id='line_1_90' title="bbox 1885 4108 3534 4185; baseline -0.004 -15"><span class='ocrx_word' id='word_1_630' title='bbox 1885 4114 2040 4170; x_wconf 88' lang='lat' dir='ltr'>sterii</span> <span class='ocrx_word' id='word_1_631' title='bbox 2061 4127 2302 4185; x_wconf 84' lang='lat' dir='ltr'>praeses,</span> <span class='ocrx_word' id='word_1_632' title='bbox 2329 4110 2420 4166; x_wconf 93' lang='lat' dir='ltr'>vir</span> <span class='ocrx_word' id='word_1_633' title='bbox 2438 4109 2685 4182; x_wconf 91' lang='lat' dir='ltr'>quidem</span> <span class='ocrx_word' id='word_1_634' title='bbox 2702 4108 2860 4164; x_wconf 92' lang='lat' dir='ltr'>dicto</span> <span class='ocrx_word' id='word_1_635' title='bbox 2885 4123 2995 4164; x_wconf 92' lang='lat' dir='ltr'>suo</span> <span class='ocrx_word' id='word_1_636' title='bbox 3021 4112 3191 4164; x_wconf 90' lang='lat' dir='ltr'>tenus</span> <span class='ocrx_word' id='word_1_637' title='bbox 3225 4115 3436 4166; x_wconf 85' lang='lat' dir='ltr'>cautus</span> <span class='ocrx_word' id='word_1_638' title='bbox 3464 4126 3534 4166; x_wconf 88' lang='lat' dir='ltr'>ac</span> 
     </span>
    </p>
   </div>
   <div class='ocr_carea' id='block_1_91' title="bbox 1885 4197 3534 4274">
    <p class='ocr_par' dir='ltr' id='par_1_91' title="bbox 1885 4197 3534 4274">
     <span class='ocr_line' id='line_1_91' title="bbox 1885 4197 3534 4274; baseline -0.003 -14"><span class='ocrx_word' id='word_1_639' title='bbox 1885 4203 2149 4274; x_wconf 85' lang='lat' dir='ltr'>sapiens,</span> <span class='ocrx_word' id='word_1_640' title='bbox 2183 4215 2386 4256; x_wconf 90' lang='lat' dir='ltr'>revera</span> <span class='ocrx_word' id='word_1_641' title='bbox 2411 4205 2611 4255; x_wconf 91' lang='lat' dir='ltr'>tamen</span> <span class='ocrx_word' id='word_1_642' title='bbox 2642 4213 2976 4271; x_wconf 89' lang='lat' dir='ltr'>paucorum</span> <span class='ocrx_word' id='word_1_643' title='bbox 3018 4197 3233 4267; x_wconf 90' lang='lat' dir='ltr'>sciens,</span> <span class='ocrx_word' id='word_1_644' title='bbox 3266 4203 3382 4255; x_wconf 88' lang='lat' dir='ltr'>tres</span> <span class='ocrx_word' id='word_1_645' title='bbox 3410 4203 3534 4255; x_wconf 90' lang='lat' dir='ltr'>tan-</span> 
     </span>
    </p>
   </div>
   <div class='ocr_carea' id='block_1_92' title="bbox 1883 4286 3535 4360">
    <p class='ocr_par' dir='ltr' id='par_1_92' title="bbox 1883 4286 3535 4360">
     <span class='ocr_line' id='line_1_92' title="bbox 1883 4286 3535 4360; baseline -0.003 -12"><span class='ocrx_word' id='word_1_646' title='bbox 1883 4296 2010 4348; x_wconf 91' lang='lat' dir='ltr'>tum</span> <span class='ocrx_word' id='word_1_647' title='bbox 2039 4305 2278 4348; x_wconf 90' lang='lat' dir='ltr'>menses</span> <span class='ocrx_word' id='word_1_648' title='bbox 2301 4288 2518 4346; x_wconf 91' lang='lat' dir='ltr'>throno</span> <span class='ocrx_word' id='word_1_649' title='bbox 2544 4287 2768 4360; x_wconf 88' lang='lat' dir='ltr'>potitus</span> <span class='ocrx_word' id='word_1_650' title='bbox 2795 4287 2962 4357; x_wconf 83' lang='lat' dir='ltr'>obiit,</span> <span class='ocrx_word' id='word_1_651' title='bbox 2997 4291 3053 4342; x_wconf 90' lang='lat' dir='ltr'>et</span> <span class='ocrx_word' id='word_1_652' title='bbox 3079 4286 3336 4344; x_wconf 89' lang='lat' dir='ltr'>Ecclesia</span> <span class='ocrx_word' id='word_1_653' title='bbox 3355 4287 3535 4344; x_wconf 87' lang='lat' dir='ltr'>vidua</span> 
     </span>
    </p>
   </div>
   <div class='ocr_carea' id='block_1_93' title="bbox 1882 4367 3534 4456">
    <p class='ocr_par' dir='ltr' id='par_1_93' title="bbox 1882 4367 3534 4456">
     <span class='ocr_line' id='line_1_93' title="bbox 1882 4367 3534 4456; baseline -0.003 -17"><span class='ocrx_word' id='word_1_654' title='bbox 1882 4367 2163 4456; x_wconf 66' lang='lat' dir='ltr'>pontifice</span> <span class='ocrx_word' id='word_1_655' title='bbox 2185 4396 2296 4437; x_wconf 94' lang='lat' dir='ltr'>suo</span> <span class='ocrx_word' id='word_1_656' title='bbox 2315 4380 2573 4436; x_wconf 87' lang='lat' dir='ltr'>carebat.</span> <span class='ocrx_word' id='word_1_657' title='bbox 2595 4381 2740 4436; x_wconf 90' lang='lat' dir='ltr'>Cum</span> <span class='ocrx_word' id='word_1_658' title='bbox 2760 4378 2919 4434; x_wconf 91' lang='lat' dir='ltr'>enim</span> <span class='ocrx_word' id='word_1_659' title='bbox 2935 4379 3192 4433; x_wconf 85' lang='lat' dir='ltr'>Joannes</span> <span class='ocrx_word' id='word_1_660' title='bbox 3213 4378 3534 4450; x_wconf 89' lang='lat' dir='ltr'>imperator</span> 
     </span>
    </p>
   </div>
   <div class='ocr_carea' id='block_1_94' title="bbox 170 4467 1790 4546">
    <p class='ocr_par' dir='ltr' id='par_1_94' title="bbox 170 4469 1772 4546">
     <span class='ocr_line' id='line_1_94' title="bbox 170 4469 1772 4546; baseline 0.004 -26"><span class='ocrx_word' id='word_1_661' title='bbox 170 4473 361 4542; x_wconf 89' lang='grc' dir='ltr'>μόνους</span> <span class='ocrx_word' id='word_1_662' title='bbox 425 4477 592 4542; x_wconf 82' lang='grc' dir='ltr'>μῆνας</span> <span class='ocrx_word' id='word_1_663' title='bbox 669 4469 1033 4530; x_wconf 74' lang='grc' dir='ltr'>ὶπαπολαύσας</span> <span class='ocrx_word' id='word_1_664' title='bbox 1096 4478 1188 4522; x_wconf 85' lang='grc' dir='ltr'>τοῦ</span> <span class='ocrx_word' id='word_1_665' title='bbox 1253 4473 1434 4546; x_wconf 87' lang='grc' dir='ltr'>θρόνου</span> <span class='ocrx_word' id='word_1_666' title='bbox 1482 4473 1772 4532; x_wconf 83' lang='grc' dir='ltr'>τετελεύτη-</span> 
     </span>
    </p>
   </div>
   <div class='ocr_carea' id='block_1_95' title="bbox 1999 4467 3528 4546">
    <p class='ocr_par' dir='ltr' id='par_1_95' title="bbox 1999 4467 3528 4543">
     <span class='ocr_line' id='line_1_95' title="bbox 1999 4467 3528 4543; baseline -0.003 -16"><span class='ocrx_word' id='word_1_667' title='bbox 1999 4472 2058 4527; x_wconf 68' lang='lat' dir='ltr'>iis</span> <span class='ocrx_word' id='word_1_668' title='bbox 2098 4469 2486 4543; x_wconf 91' lang='lat' dir='ltr'>expediendis</span> <span class='ocrx_word' id='word_1_669' title='bbox 2505 4483 2628 4524; x_wconf 94' lang='lat' dir='ltr'>non</span> <span class='ocrx_word' id='word_1_670' title='bbox 2659 4472 2812 4523; x_wconf 88' lang='lat' dir='ltr'>esset</span> <span class='ocrx_word' id='word_1_671' title='bbox 2836 4467 3169 4523; x_wconf 88' lang='lat' dir='ltr'>admodum</span> <span class='ocrx_word' id='word_1_672' title='bbox 3196 4473 3528 4541; x_wconf 87' lang='lat' dir='ltr'>promptus,</span> 
     </span>
    </p>
   </div>
   <div class='ocr_carea' id='block_1_96' title="bbox 244 4556 1790 4706">
    <p class='ocr_par' dir='ltr' id='par_1_96' title="bbox 244 4559 1790 4706">
     <span class='ocr_line' id='line_1_96' title="bbox 244 4559 1770 4632; baseline 0.002 -21"><span class='ocrx_word' id='word_1_673' title='bbox 244 4560 293 4594; x_wconf 74' lang='lat'>9°</span> <span class='ocrx_word' id='word_1_674' title='bbox 321 4559 442 4612; x_wconf 86' lang='grc' dir='ltr'>Μετ’</span> <span class='ocrx_word' id='word_1_675' title='bbox 463 4575 743 4631; x_wconf 88' lang='lat' dir='ltr'>—usque</span> <span class='ocrx_word' id='word_1_676' title='bbox 765 4559 841 4616; x_wconf 91' lang='lat' dir='ltr'>ad</span> <span class='ocrx_word' id='word_1_677' title='bbox 865 4559 1138 4630; x_wconf 80' lang='grc' dir='ltr'>ἠσέλγαινε</span> <span class='ocrx_word' id='word_1_678' title='bbox 1167 4561 1234 4632; x_wconf 78' lang='grc' dir='ltr'>(Β</span> <span class='ocrx_word' id='word_1_679' title='bbox 1262 4562 1316 4630; x_wconf 87' lang='grc'>7)</span> <span class='ocrx_word' id='word_1_680' title='bbox 1350 4561 1409 4614; x_wconf 92' lang='grc' dir='ltr'><strong>Ὀ</strong></span> <span class='ocrx_word' id='word_1_681' title='bbox 1450 4559 1508 4614; x_wconf 73' lang='grc' dir='ltr'>δὲ</span> <span class='ocrx_word' id='word_1_682' title='bbox 1537 4563 1770 4625; x_wconf 81' lang='grc' dir='ltr'>Ἰωάννης</span> 
     </span>
     <span class='ocr_line' id='line_1_97' title="bbox 244 4627 1790 4706; baseline -0.002 -20"><span class='ocrx_word' id='word_1_683' title='bbox 244 4673 257 4686; x_wconf 93' lang='grc'><strong>.</strong></span> <span class='ocrx_word' id='word_1_684' title='bbox 307 4635 408 4683; x_wconf 81' lang='grc' dir='ltr'>Καὶ</span> <span class='ocrx_word' id='word_1_685' title='bbox 427 4627 847 4706; x_wconf 28' lang='grc' dir='ltr'>ἀδελφόςῌαύτοιξ</span> <span class='ocrx_word' id='word_1_686' title='bbox 874 4637 1165 4706; x_wconf 74' lang='grc' dir='ltr'>Δημήτριος</span> <span class='ocrx_word' id='word_1_687' title='bbox 1193 4632 1399 4704; x_wconf 76' lang='grc' dir='ltr'>πέμψας</span> <span class='ocrx_word' id='word_1_688' title='bbox 1439 4637 1498 4685; x_wconf 87' lang='grc' dir='ltr'>τὸ</span> <span class='ocrx_word' id='word_1_689' title='bbox 1527 4631 1562 4687; x_wconf 87' lang='grc' dir='ltr'>δ</span> <span class='ocrx_word' id='word_1_690' title='bbox 1566 4654 1790 4687; x_wconf 76' lang='grc' dir='ltr'>εσποτικ‹</span> 
     </span>
    </p>
   </div>
   <div class='ocr_carea' id='block_1_97' title="bbox 1999 4556 3534 4706">
    <p class='ocr_par' dir='ltr' id='par_1_97' title="bbox 1999 4556 3534 4706">
     <span class='ocr_line' id='line_1_98' title="bbox 2005 4556 3534 4683; baseline -0.002 -70"><span class='ocrx_word' id='word_1_691' title='bbox 2005 4562 2111 4623; x_wconf 88' lang='grc' dir='ltr'>ελος</span> <span class='ocrx_word' id='word_1_692' title='bbox 2137 4564 2163 4612; x_wconf 89' lang='lat'>6</span> <span class='ocrx_word' id='word_1_693' title='bbox 2195 4558 2459 4621; x_wconf 83' lang='grc' dir='ltr'>δεσπότης</span> <span class='ocrx_word' id='word_1_694' title='bbox 2489 4557 2878 4620; x_wconf 80' lang='grc' dir='ltr'>Θεσσαλονίκης</span> <span class='ocrx_word' id='word_1_695' title='bbox 2910 4561 2967 4609; x_wconf 87' lang='grc' dir='ltr'>τὸ</span> <span class='ocrx_word' id='word_1_696' title='bbox 3006 4561 3179 4683; x_wconf 47' lang='grc' dir='ltr'>ξρεὼν</span> <span class='ocrx_word' id='word_1_697' title='bbox 3209 4556 3534 4634; x_wconf 86' lang='grc' dir='ltr'>ἐλειτουργη-</span> 
     </span>
     <span class='ocr_line' id='line_1_99' title="bbox 1999 4629 3529 4706; baseline -0.005 -20"><span class='ocrx_word' id='word_1_698' title='bbox 1999 4633 2214 4693; x_wconf 89' lang='grc' dir='ltr'>ασιλέως</span> <span class='ocrx_word' id='word_1_699' title='bbox 2267 4631 2467 4706; x_wconf 79' lang='grc' dir='ltr'>εἰλήφει</span> <span class='ocrx_word' id='word_1_700' title='bbox 2493 4630 2717 4706; x_wconf 76' lang='grc' dir='ltr'>ἀξίωμα.</span> <span class='ocrx_word' id='word_1_701' title='bbox 2754 4631 2981 4706; x_wconf 65' lang='grc' dir='ltr'>Ἐγένετο</span> <span class='ocrx_word' id='word_1_702' title='bbox 3014 4703 3023 4706; x_wconf 26' lang='grc' dir='ltr'><strong>Α</strong></span> <span class='ocrx_word' id='word_1_703' title='bbox 3053 4633 3074 4682; x_wconf 79' lang='grc' dir='ltr'>ε</span> <span class='ocrx_word' id='word_1_704' title='bbox 3110 4629 3302 4706; x_wconf 65' lang='grc' dir='ltr'>ἐξωλης</span> <span class='ocrx_word' id='word_1_705' title='bbox 3361 4634 3423 4686; x_wconf 86' lang='lat' dir='ltr'>D.</span> <span class='ocrx_word' id='word_1_706' title='bbox 3474 4633 3529 4706; x_wconf 10' lang='lat'>79‘</span> 
     </span>
    </p>
   </div>
   <div class='ocr_carea' id='block_1_98' title="bbox 119 4627 1927 4714">
    <p class='ocr_par' dir='ltr' id='par_1_98' title="bbox 119 4627 1927 4714">
     <span class='ocr_line' id='line_1_100' title="bbox 119 4627 1927 4714; baseline 0.002 -31"><span class='ocrx_word' id='word_1_707' title='bbox 119 4687 124 4690; x_wconf 95' lang='lat'><em>_</em></span> <span class='ocrx_word' id='word_1_708' title='bbox 173 4649 257 4686; x_wconf 83' lang='grc' dir='ltr'>σε.</span> <span class='ocrx_word' id='word_1_709' title='bbox 307 4635 408 4683; x_wconf 81' lang='grc' dir='ltr'>Καὶ</span> <span class='ocrx_word' id='word_1_710' title='bbox 427 4627 664 4714; x_wconf 36' lang='grc' dir='ltr'>,ἀδελφός</span> <span class='ocrx_word' id='word_1_711' title='bbox 686 4631 847 4714; x_wconf 67' lang='grc' dir='ltr'>αὐτοῦ</span> <span class='ocrx_word' id='word_1_712' title='bbox 874 4627 1399 4714; x_wconf 66' lang='grc' dir='ltr'>Δημήτριοςπέμψας</span> <span class='ocrx_word' id='word_1_713' title='bbox 1439 4637 1498 4685; x_wconf 87' lang='grc' dir='ltr'>τὸ</span> <span class='ocrx_word' id='word_1_714' title='bbox 1527 4631 1840 4688; x_wconf 83' lang='grc' dir='ltr'>δεσποτικὸν</span> <span class='ocrx_word' id='word_1_715' title='bbox 1871 4634 1927 4687; x_wconf 80' lang='grc' dir='ltr'>ἐκ</span> 
     </span>
    </p>
   </div>
   <div class='ocr_carea' id='block_1_99' title="bbox 1999 4629 3529 4703">
    <p class='ocr_par' dir='ltr' id='par_1_99' title="bbox 1999 4629 3529 4703">
     <span class='ocr_line' id='line_1_101' title="bbox 1999 4629 3529 4703; baseline -0.004 -17"><span class='ocrx_word' id='word_1_716' title='bbox 1999 4633 2214 4693; x_wconf 89' lang='grc' dir='ltr'>ασιλέως</span> <span class='ocrx_word' id='word_1_717' title='bbox 2267 4631 2463 4703; x_wconf 79' lang='grc' dir='ltr'>εἰλήφει</span> <span class='ocrx_word' id='word_1_718' title='bbox 2493 4630 2717 4702; x_wconf 80' lang='grc' dir='ltr'>ἀξίωμα.</span> <span class='ocrx_word' id='word_1_719' title='bbox 2754 4631 2979 4701; x_wconf 79' lang='grc' dir='ltr'>Ἐγένετο</span> <span class='ocrx_word' id='word_1_720' title='bbox 3015 4629 3074 4683; x_wconf 71' lang='grc' dir='ltr'>δὲ</span> <span class='ocrx_word' id='word_1_721' title='bbox 3110 4629 3302 4692; x_wconf 86' lang='grc' dir='ltr'>ἐξωλης</span> <span class='ocrx_word' id='word_1_722' title='bbox 3361 4629 3449 4686; x_wconf 46' lang='grc' dir='ltr'>Πξ</span> <span class='ocrx_word' id='word_1_723' title='bbox 3487 4633 3529 4665; x_wconf 82' lang='grc'>9¹</span> 
     </span>
    </p>
   </div>
   <div class='ocr_carea' id='block_1_100' title="bbox 171 4701 1790 4778">
    <p class='ocr_par' dir='ltr' id='par_1_100' title="bbox 171 4701 1789 4778">
     <span class='ocr_line' id='line_1_102' title="bbox 171 4701 1789 4778; baseline 0.001 -24"><span class='ocrx_word' id='word_1_724' title='bbox 171 4703 304 4778; x_wconf 55' lang='lat' dir='ltr'>diota</span> <span class='ocrx_word' id='word_1_725' title='bbox 327 4733 397 4742; x_wconf 90' lang='lat'>—</span> <span class='ocrx_word' id='word_1_726' title='bbox 420 4701 475 4753; x_wconf 82' lang='grc' dir='ltr'>ἐκ</span> <span class='ocrx_word' id='word_1_727' title='bbox 660 4704 715 4762; x_wconf 86' lang='grc' dir='ltr'>ὃς</span> <span class='ocrx_word' id='word_1_728' title='bbox 745 4701 798 4754; x_wconf 83' lang='grc' dir='ltr'>ἐκ</span> <span class='ocrx_word' id='word_1_729' title='bbox 826 4705 888 4778; x_wconf 29' lang='grc' dir='ltr'>Ο..</span> <span class='ocrx_word' id='word_1_730' title='bbox 923 4701 970 4778; x_wconf 50' lang='grc' dir='ltr'>θξ</span> <span class='ocrx_word' id='word_1_731' title='bbox 1003 4701 1188 4776; x_wconf 81' lang='grc' dir='ltr'>ἀθρόον</span> <span class='ocrx_word' id='word_1_732' title='bbox 1219 4701 1346 4778; x_wconf 75' lang='lat' dir='ltr'>om.</span> <span class='ocrx_word' id='word_1_733' title='bbox 1379 4707 1443 4778; x_wconf 90' lang='lat' dir='ltr'>D.</span> <span class='ocrx_word' id='word_1_734' title='bbox 1472 4706 1518 4740; x_wconf 77' lang='grc'>9³</span> <span class='ocrx_word' id='word_1_735' title='bbox 1548 4709 1615 4765; x_wconf 82' lang='grc' dir='ltr'>ὡς</span> <span class='ocrx_word' id='word_1_736' title='bbox 1639 4738 1708 4746; x_wconf 87' lang='grc'><strong>-</strong></span> <span class='ocrx_word' id='word_1_737' title='bbox 1732 4712 1789 4760; x_wconf 80' lang='grc' dir='ltr'>τὸ</span> 
     </span>
    </p>
   </div>
   <div class='ocr_carea' id='block_1_101' title="bbox 1999 4701 3530 4778">
    <p class='ocr_par' dir='ltr' id='par_1_101' title="bbox 1999 4701 3530 4778">
     <span class='ocr_line' id='line_1_103' title="bbox 1999 4701 3530 4778; baseline 0.012 -27"><span class='ocrx_word' id='word_1_738' title='bbox 1999 4711 2036 4757; x_wconf 81' lang='grc' dir='ltr'>ιὶ</span> <span class='ocrx_word' id='word_1_739' title='bbox 2069 4708 2132 4760; x_wconf 82' lang='grc' dir='ltr'>ι),</span> <span class='ocrx_word' id='word_1_740' title='bbox 2160 4706 2206 4738; x_wconf 64' lang='lat'>9‘</span> <span class='ocrx_word' id='word_1_741' title='bbox 2238 4708 2328 4755; x_wconf 83' lang='grc' dir='ltr'>καὶ</span> <span class='ocrx_word' id='word_1_742' title='bbox 2358 4701 2425 4742; x_wconf 49' lang='lat'>4-</span> <span class='ocrx_word' id='word_1_743' title='bbox 2447 4701 2646 4774; x_wconf 77' lang='grc' dir='ltr'>ὁμαλῶς</span> <span class='ocrx_word' id='word_1_744' title='bbox 2685 4703 2912 4778; x_wconf 39' lang='grc' dir='ltr'>οςηᾼ),</span> <span class='ocrx_word' id='word_1_745' title='bbox 2937 4703 2984 4736; x_wconf 76' lang='grc'>9⁵</span> <span class='ocrx_word' id='word_1_746' title='bbox 3014 4703 3251 4764; x_wconf 79' lang='grc' dir='ltr'>Ἰωάννης</span> <span class='ocrx_word' id='word_1_747' title='bbox 3302 4718 3441 4778; x_wconf 48' lang='lat' dir='ltr'>om;</span> <span class='ocrx_word' id='word_1_748' title='bbox 3462 4705 3530 4778; x_wconf 11' lang='lat' dir='ltr'>7D-</span> 
     </span>
    </p>
   </div>
   <div class='ocr_carea' id='block_1_102' title="bbox 172 4769 3528 4850">
    <p class='ocr_par' dir='ltr' id='par_1_102' title="bbox 172 4769 3528 4850">
     <span class='ocr_line' id='line_1_104' title="bbox 172 4769 3528 4850; baseline 0.001 -29"><span class='ocrx_word' id='word_1_749' title='bbox 172 4775 323 4850; x_wconf 14' lang='grc' dir='ltr'>εξίξῗτώ</span> <span class='ocrx_word' id='word_1_750' title='bbox 354 4778 468 4850; x_wconf 83' lang='grc' dir='ltr'>τότε</span> <span class='ocrx_word' id='word_1_751' title='bbox 495 4769 778 4845; x_wconf 48' lang='grc' dir='ltr'>ὲ-’ἇειμιϐ</span> <span class='ocrx_word' id='word_1_752' title='bbox 797 4774 878 4850; x_wconf 65' lang='lat' dir='ltr'>qd</span> <span class='ocrx_word' id='word_1_753' title='bbox 922 4777 977 4826; x_wconf 87' lang='grc' dir='ltr'>τὸ</span> <span class='ocrx_word' id='word_1_754' title='bbox 1011 4769 1266 4850; x_wconf 77' lang='grc' dir='ltr'>ποίμνιον]</span> <span class='ocrx_word' id='word_1_755' title='bbox 1298 4777 1430 4850; x_wconf 77' lang='lat' dir='ltr'>(col.</span> <span class='ocrx_word' id='word_1_756' title='bbox 1463 4780 1596 4831; x_wconf 79' lang='grc'>1082</span> <span class='ocrx_word' id='word_1_757' title='bbox 1625 4782 1665 4832; x_wconf 87' lang='grc' dir='ltr'><strong>Α</strong></span> <span class='ocrx_word' id='word_1_758' title='bbox 1695 4779 1747 4850; x_wconf 90' lang='grc'>8)</span> <span class='ocrx_word' id='word_1_759' title='bbox 1774 4787 1863 4832; x_wconf 78' lang='grc' dir='ltr'>τοῦ</span> <span class='ocrx_word' id='word_1_760' title='bbox 1892 4769 2227 4850; x_wconf 75' lang='grc' dir='ltr'>πατριάρχου</span> <span class='ocrx_word' id='word_1_761' title='bbox 2255 4769 2514 4848; x_wconf 79' lang='grc' dir='ltr'>Γερμανοῦ</span> <span class='ocrx_word' id='word_1_762' title='bbox 2543 4782 2612 4825; x_wconf 87' lang='grc' dir='ltr'>τῶ</span> <span class='ocrx_word' id='word_1_763' title='bbox 2643 4770 2772 4833; x_wconf 82' lang='grc' dir='ltr'>τῆδε</span> <span class='ocrx_word' id='word_1_764' title='bbox 2806 4771 3118 4850; x_wconf 76' lang='grc' dir='ltr'>ἀπάραντος,</span> <span class='ocrx_word' id='word_1_765' title='bbox 3152 4778 3242 4824; x_wconf 85' lang='grc' dir='ltr'>καὶ</span> <span class='ocrx_word' id='word_1_766' title='bbox 3265 4769 3528 4850; x_wconf 86' lang='grc' dir='ltr'>Μεθοδίου</span> 
     </span>
    </p>
   </div>
   <div class='ocr_carea' id='block_1_103' title="bbox 172 4844 3533 4932">
    <p class='ocr_par' dir='ltr' id='par_1_103' title="bbox 172 4844 3533 4932">
     <span class='ocr_line' id='line_1_105' title="bbox 172 4844 3533 4932; baseline -0.001 -36"><span class='ocrx_word' id='word_1_767' title='bbox 172 4848 284 4915; x_wconf 86' lang='grc'>(83)</span> <span class='ocrx_word' id='word_1_768' title='bbox 317 4848 472 4911; x_wconf 79' lang='grc' dir='ltr'>τινὸς,</span> <span class='ocrx_word' id='word_1_769' title='bbox 503 4844 1203 4932; x_wconf 35' lang='grc' dir='ltr'>μοναχρῦζὴγουμενουτῆς</span> <span class='ocrx_word' id='word_1_770' title='bbox 1232 4844 1521 4916; x_wconf 65' lang='grc' dir='ltr'>Ὑακίνθου,</span> <span class='ocrx_word' id='word_1_771' title='bbox 1549 4844 2066 4924; x_wconf 68' lang='grc' dir='ltr'>πατριάρχεύσαντίος</span> <span class='ocrx_word' id='word_1_772' title='bbox 2090 4844 2181 4899; x_wconf 77' lang='grc' dir='ltr'>καὶ</span> <span class='ocrx_word' id='word_1_773' title='bbox 2229 4844 2360 4918; x_wconf 71' lang='grc' dir='ltr'>μετά</span> <span class='ocrx_word' id='word_1_774' title='bbox 2398 4852 2531 4917; x_wconf 89' lang='grc' dir='ltr'>τρεῖς</span> <span class='ocrx_word' id='word_1_775' title='bbox 2579 4851 2745 4917; x_wconf 84' lang='grc' dir='ltr'>μῆνας</span> <span class='ocrx_word' id='word_1_776' title='bbox 2793 4844 3234 4912; x_wconf 86' lang='grc' dir='ltr'>τετελευτηκοτος,</span> <span class='ocrx_word' id='word_1_777' title='bbox 3284 4848 3372 4894; x_wconf 85' lang='grc' dir='ltr'>καὶ</span> <span class='ocrx_word' id='word_1_778' title='bbox 3418 4849 3533 4895; x_wconf 84' lang='grc' dir='ltr'>τότε</span> 
     </span>
    </p>
   </div>
   <div class='ocr_carea' id='block_1_104' title="bbox 173 4916 1043 4991">
    <p class='ocr_par' dir='ltr' id='par_1_104' title="bbox 173 4916 1043 4991">
     <span class='ocr_line' id='line_1_106' title="bbox 173 4916 1043 4991; baseline 0.005 -23"><span class='ocrx_word' id='word_1_779' title='bbox 173 4919 510 4991; x_wconf 81' lang='grc' dir='ltr'>χηρευούσης</span> <span class='ocrx_word' id='word_1_780' title='bbox 553 4916 645 4978; x_wconf 87' lang='grc' dir='ltr'>τῆς</span> <span class='ocrx_word' id='word_1_781' title='bbox 671 4916 954 4979; x_wconf 71' lang='grc' dir='ltr'>ἐκκλησίας</span> <span class='ocrx_word' id='word_1_782' title='bbox 982 4919 1043 4973; x_wconf 88' lang='lat' dir='ltr'>D.</span> 
     </span>
    </p>
   </div>
   <div class='ocr_carea' id='block_1_105' title="bbox 1064 5023 2657 5114">
    <p class='ocr_par' dir='ltr' id='par_1_105' title="bbox 1064 5023 2657 5114">
     <span class='ocr_line' id='line_1_107' title="bbox 1064 5023 2657 5114; baseline -0.001 -23"><span class='ocrx_word' id='word_1_783' title='bbox 1064 5023 1406 5092; x_wconf 90' lang='lat' dir='ltr'>Theodori</span> <span class='ocrx_word' id='word_1_784' title='bbox 1456 5025 1706 5093; x_wconf 70' lang='lat' dir='ltr'>Dousae</span> <span class='ocrx_word' id='word_1_785' title='bbox 1756 5035 1821 5094; x_wconf 89' lang='lat' dir='ltr'>et</span> <span class='ocrx_word' id='word_1_786' title='bbox 1871 5025 2121 5114; x_wconf 89' lang='lat' dir='ltr'>Leonis</span> <span class='ocrx_word' id='word_1_787' title='bbox 2171 5023 2405 5090; x_wconf 89' lang='lat' dir='ltr'>Allatii</span> <span class='ocrx_word' id='word_1_788' title='bbox 2455 5031 2657 5090; x_wconf 68' lang='lat' dir='ltr'>notae.</span> 
     </span>
    </p>
   </div>
   <div class='ocr_carea' id='block_1_106' title="bbox 248 5165 1769 5249">
    <p class='ocr_par' dir='ltr' id='par_1_106' title="bbox 248 5165 1769 5249">
     <span class='ocr_line' id='line_1_108' title="bbox 248 5165 1769 5249; baseline 0.001 -28"><span class='ocrx_word' id='word_1_789' title='bbox 248 5168 359 5247; x_wconf 61' lang='grc'>(83)</span> <span class='ocrx_word' id='word_1_790' title='bbox 389 5173 530 5249; x_wconf 54' lang='grc' dir='ltr'>ΑΤοῡ</span> <span class='ocrx_word' id='word_1_791' title='bbox 563 5169 928 5249; x_wconf 38' lang='grc' dir='ltr'>“πατριάρχου</span> <span class='ocrx_word' id='word_1_792' title='bbox 980 5173 1251 5249; x_wconf 44' lang='grc' dir='ltr'>,Γερμανου</span> <span class='ocrx_word' id='word_1_793' title='bbox 1327 5172 1418 5249; x_wconf 76' lang='grc' dir='ltr'>καὶ</span> <span class='ocrx_word' id='word_1_794' title='bbox 1486 5165 1769 5249; x_wconf 49' lang='grc' dir='ltr'>Ινέεθοδίου,</span> 
     </span>
    </p>
   </div>
   <div class='ocr_carea' id='block_1_107' title="bbox 178 5238 1770 5310">
    <p class='ocr_par' dir='ltr' id='par_1_107' title="bbox 178 5238 1770 5310">
     <span class='ocr_line' id='line_1_109' title="bbox 178 5238 1770 5310; baseline 0.001 -17"><span class='ocrx_word' id='word_1_795' title='bbox 178 5239 364 5294; x_wconf 87' lang='lat' dir='ltr'>Etiam</span> <span class='ocrx_word' id='word_1_796' title='bbox 385 5238 732 5310; x_wconf 47' lang='lat' dir='ltr'>Onuphriu&#39;s</span> <span class='ocrx_word' id='word_1_797' title='bbox 750 5238 1138 5294; x_wconf 80' lang='lat' dir='ltr'>Panvinilisin</span> <span class='ocrx_word' id='word_1_798' title='bbox 1172 5239 1469 5296; x_wconf 78' lang='lat' dir='ltr'>Chronico</span> <span class='ocrx_word' id='word_1_799' title='bbox 1496 5240 1770 5296; x_wconf 89' lang='lat' dir='ltr'>Germani</span> 
     </span>
    </p>
   </div>
   <div class='ocr_carea' id='block_1_108' title="bbox 177 5310 1774 5382">
    <p class='ocr_par' dir='ltr' id='par_1_108' title="bbox 177 5310 1774 5382">
     <span class='ocr_line' id='line_1_110' title="bbox 177 5310 1774 5382; baseline 0.001 -18"><span class='ocrx_word' id='word_1_800' title='bbox 177 5310 534 5382; x_wconf 75' lang='lat' dir='ltr'>patriarchae</span> <span class='ocrx_word' id='word_1_801' title='bbox 566 5325 974 5366; x_wconf 91' lang='lat' dir='ltr'>successorem</span> <span class='ocrx_word' id='word_1_802' title='bbox 998 5310 1134 5366; x_wconf 90' lang='lat' dir='ltr'>facit</span> <span class='ocrx_word' id='word_1_803' title='bbox 1155 5311 1516 5366; x_wconf 87' lang='lat' dir='ltr'>Methodium</span> <span class='ocrx_word' id='word_1_804' title='bbox 1537 5312 1651 5366; x_wconf 92' lang='lat' dir='ltr'>hoc</span> <span class='ocrx_word' id='word_1_805' title='bbox 1668 5327 1774 5366; x_wconf 89' lang='lat' dir='ltr'>no-</span> 
     </span>
    </p>
   </div>
   <div class='ocr_carea' id='block_1_109' title="bbox 179 5382 1770 5454">
    <p class='ocr_par' dir='ltr' id='par_1_109' title="bbox 179 5382 1770 5454">
     <span class='ocr_line' id='line_1_111' title="bbox 179 5382 1770 5454; baseline 0 -18"><span class='ocrx_word' id='word_1_806' title='bbox 179 5382 336 5437; x_wconf 89' lang='lat' dir='ltr'>mine</span> <span class='ocrx_word' id='word_1_807' title='bbox 354 5382 417 5435; x_wconf 92' lang='lat' dir='ltr'>lI.</span> <span class='ocrx_word' id='word_1_808' title='bbox 440 5382 1111 5454; x_wconf 10' lang='lat' dir='ltr'>NicephoriusiGregoras</span> <span class='ocrx_word' id='word_1_809' title='bbox 1132 5383 1472 5449; x_wconf 86' lang='lat' dir='ltr'>tamen,lib.</span> <span class='ocrx_word' id='word_1_810' title='bbox 1525 5399 1605 5454; x_wconf 77' lang='lat' dir='ltr'>tu,</span> <span class='ocrx_word' id='word_1_811' title='bbox 1629 5398 1770 5454; x_wconf 87' lang='lat' dir='ltr'>cap.</span> 
     </span>
    </p>
   </div>
   <div class='ocr_carea' id='block_1_110' title="bbox 183 5452 1773 5521">
    <p class='ocr_par' dir='ltr' id='par_1_110' title="bbox 183 5452 1773 5521">
     <span class='ocr_line' id='line_1_112' title="bbox 183 5452 1773 5521; baseline 0 -13"><span class='ocrx_word' id='word_1_812' title='bbox 183 5459 201 5508; x_wconf 79' lang='lat' dir='ltr'>t</span> <span class='ocrx_word' id='word_1_813' title='bbox 227 5457 281 5507; x_wconf 91' lang='lat' dir='ltr'>et</span> <span class='ocrx_word' id='word_1_814' title='bbox 295 5455 344 5521; x_wconf 77' lang='lat'>&#39;2,</span> <span class='ocrx_word' id='word_1_815' title='bbox 355 5452 716 5509; x_wconf 88' lang='lat' dir='ltr'>Germanum</span> <span class='ocrx_word' id='word_1_816' title='bbox 730 5452 1014 5508; x_wconf 85' lang='lat' dir='ltr'>habuisse</span> <span class='ocrx_word' id='word_1_817' title='bbox 1028 5469 1446 5509; x_wconf 90' lang='lat' dir='ltr'>successorum</span> <span class='ocrx_word' id='word_1_818' title='bbox 1461 5453 1664 5508; x_wconf 89' lang='lat' dir='ltr'>scribit</span> <span class='ocrx_word' id='word_1_819' title='bbox 1675 5452 1773 5508; x_wconf 82' lang='lat' dir='ltr'>Ar-</span> 
     </span>
    </p>
   </div>
   <div class='ocr_carea' id='block_1_111' title="bbox 181 5523 1772 5596">
    <p class='ocr_par' dir='ltr' id='par_1_111' title="bbox 181 5523 1772 5596">
     <span class='ocr_line' id='line_1_113' title="bbox 181 5523 1772 5596; baseline 0 -16"><span class='ocrx_word' id='word_1_820' title='bbox 181 5523 411 5596; x_wconf 88' lang='lat' dir='ltr'>senium</span> <span class='ocrx_word' id='word_1_821' title='bbox 425 5524 814 5596; x_wconf 91' lang='lat' dir='ltr'>monachum,</span> <span class='ocrx_word' id='word_1_822' title='bbox 829 5523 994 5579; x_wconf 90' lang='lat' dir='ltr'>illum</span> <span class='ocrx_word' id='word_1_823' title='bbox 1009 5525 1211 5596; x_wconf 82' lang='lat' dir='ltr'>ipsum</span> <span class='ocrx_word' id='word_1_824' title='bbox 1222 5529 1389 5595; x_wconf 86' lang='lat' dir='ltr'>puto,</span> <span class='ocrx_word' id='word_1_825' title='bbox 1405 5525 1576 5594; x_wconf 83' lang='lat' dir='ltr'>cujus</span> <span class='ocrx_word' id='word_1_826' title='bbox 1592 5527 1772 5594; x_wconf 80' lang='lat' dir='ltr'>Lego--</span> 
     </span>
    </p>
   </div>
   <div class='ocr_carea' id='block_1_112' title="bbox 181 5595 1768 5658">
    <p class='ocr_par' dir='ltr' id='par_1_112' title="bbox 181 5595 1768 5658">
     <span class='ocr_line' id='line_1_114' title="bbox 181 5595 1768 5658; baseline -0.001 -7"><span class='ocrx_word' id='word_1_827' title='bbox 181 5596 338 5652; x_wconf 87' lang='lat' dir='ltr'>theta</span> <span class='ocrx_word' id='word_1_828' title='bbox 359 5595 514 5651; x_wconf 89' lang='lat' dir='ltr'>infra</span> <span class='ocrx_word' id='word_1_829' title='bbox 525 5596 861 5652; x_wconf 88' lang='lat' dir='ltr'>meminitet</span> <span class='ocrx_word' id='word_1_830' title='bbox 876 5595 1206 5652; x_wconf 87' lang='lat' dir='ltr'>Manuelem</span> <span class='ocrx_word' id='word_1_831' title='bbox 1233 5596 1547 5651; x_wconf 80' lang='lat' dir='ltr'>Arsenium</span> <span class='ocrx_word' id='word_1_832' title='bbox 1574 5599 1768 5658; x_wconf 91' lang='lat' dir='ltr'>vocat,</span> 
     </span>
    </p>
   </div>
   <div class='ocr_carea' id='block_1_113' title="bbox 183 5666 1770 5744">
    <p class='ocr_par' dir='ltr' id='par_1_113' title="bbox 183 5666 1770 5744">
     <span class='ocr_line' id='line_1_115' title="bbox 183 5666 1770 5744; baseline 0.001 -21"><span class='ocrx_word' id='word_1_833' title='bbox 183 5667 530 5724; x_wconf 86' lang='lat' dir='ltr'>monachum</span> <span class='ocrx_word' id='word_1_834' title='bbox 551 5666 867 5742; x_wconf 85' lang='lat' dir='ltr'>Apollonia</span> <span class='ocrx_word' id='word_1_835' title='bbox 893 5667 1259 5736; x_wconf 89' lang='lat' dir='ltr'>accersitum,</span> <span class='ocrx_word' id='word_1_836' title='bbox 1273 5681 1517 5744; x_wconf 87' lang='lat' dir='ltr'>unoque</span> <span class='ocrx_word' id='word_1_837' title='bbox 1534 5666 1630 5722; x_wconf 93' lang='lat' dir='ltr'>die</span> <span class='ocrx_word' id='word_1_838' title='bbox 1647 5666 1770 5725; x_wconf 88' lang='lat' dir='ltr'>dia-</span> 
     </span>
    </p>
   </div>
   <div class='ocr_carea' id='block_1_114' title="bbox 1883 5159 3532 5241">
    <p class='ocr_par' dir='ltr' id='par_1_114' title="bbox 1883 5159 3532 5241">
     <span class='ocr_line' id='line_1_116' title="bbox 1883 5159 3532 5241; baseline -0.005 -18"><span class='ocrx_word' id='word_1_839' title='bbox 1883 5165 2526 5241; x_wconf 10' lang='lat' dir='ltr'>conum,isacerd_otet_n</span> <span class='ocrx_word' id='word_1_840' title='bbox 2545 5180 2613 5220; x_wconf 88' lang='lat' dir='ltr'>ac</span> <span class='ocrx_word' id='word_1_841' title='bbox 2652 5161 3056 5241; x_wconf 81' lang='lat' dir='ltr'>patriarcham</span> <span class='ocrx_word' id='word_1_842' title='bbox 3082 5159 3326 5241; x_wconf 76' lang='lat' dir='ltr'>factum.</span> <span class='ocrx_word' id='word_1_843' title='bbox 3371 5159 3532 5216; x_wconf 87' lang='lat' dir='ltr'>Idem</span> 
     </span>
    </p>
   </div>
   <div class='ocr_carea' id='block_1_115' title="bbox 1880 5231 3531 5309">
    <p class='ocr_par' dir='ltr' id='par_1_115' title="bbox 1880 5231 3531 5309">
     <span class='ocr_line' id='line_1_117' title="bbox 1880 5231 3531 5309; baseline -0.006 -14"><span class='ocrx_word' id='word_1_844' title='bbox 1880 5240 1942 5294; x_wconf 91' lang='lat' dir='ltr'>in</span> <span class='ocrx_word' id='word_1_845' title='bbox 1965 5231 2182 5294; x_wconf 80' lang='lat' dir='ltr'>Notitia</span> <span class='ocrx_word' id='word_1_846' title='bbox 2220 5231 2730 5309; x_wconf 84' lang='lat' dir='ltr'>patriarcharum,_</span> <span class='ocrx_word' id='word_1_847' title='bbox 2752 5238 3047 5309; x_wconf 68' lang='lat' dir='ltr'>quantum</span> <span class='ocrx_word' id='word_1_848' title='bbox 3089 5231 3362 5309; x_wconf 78' lang='lat' dir='ltr'>colligere</span> <span class='ocrx_word' id='word_1_849' title='bbox 3385 5247 3531 5309; x_wconf 84' lang='lat' dir='ltr'>pos-</span> 
     </span>
    </p>
   </div>
   <div class='ocr_carea' id='block_1_116' title="bbox 1881 5303 3533 5382">
    <p class='ocr_par' dir='ltr' id='par_1_116' title="bbox 1881 5303 3533 5382">
     <span class='ocr_line' id='line_1_118' title="bbox 1881 5303 3533 5382; baseline -0.004 -17"><span class='ocrx_word' id='word_1_850' title='bbox 1881 5327 2015 5365; x_wconf 91' lang='lat' dir='ltr'>sum</span> <span class='ocrx_word' id='word_1_851' title='bbox 2053 5303 2320 5382; x_wconf 64' lang='lat' dir='ltr'>(nam&#39;ea</span> <span class='ocrx_word' id='word_1_852' title='bbox 2349 5314 2484 5379; x_wconf 89' lang='lat' dir='ltr'>post</span> <span class='ocrx_word' id='word_1_853' title='bbox 2505 5303 2834 5382; x_wconf 72' lang='lat' dir='ltr'>manuelem</span> <span class='ocrx_word' id='word_1_854' title='bbox 2855 5303 3309 5382; x_wconf 83' lang='lat' dir='ltr'>Charitopulum</span> <span class='ocrx_word' id='word_1_855' title='bbox 3343 5303 3533 5382; x_wconf 77' lang='lat' dir='ltr'>philo-</span> 
     </span>
    </p>
   </div>
   <div class='ocr_carea' id='block_1_117' title="bbox 1883 5375 3535 5452">
    <p class='ocr_par' dir='ltr' id='par_1_117' title="bbox 1883 5375 3535 5452">
     <span class='ocr_line' id='line_1_119' title="bbox 1883 5375 3535 5452; baseline -0.005 -16"><span class='ocrx_word' id='word_1_856' title='bbox 1883 5375 2143 5452; x_wconf 90' lang='lat' dir='ltr'>sophum</span> <span class='ocrx_word' id='word_1_857' title='bbox 2159 5375 2369 5452; x_wconf 58' lang='lat' dir='ltr'>lacera&#39;</span> <span class='ocrx_word' id='word_1_858' title='bbox 2385 5383 2472 5452; x_wconf 78' lang='lat' dir='ltr'>est</span> <span class='ocrx_word' id='word_1_859' title='bbox 2497 5384 2550 5452; x_wconf 79' lang='lat' dir='ltr'>et</span> <span class='ocrx_word' id='word_1_860' title='bbox 2579 5378 2948 5452; x_wconf 88' lang='lat' dir='ltr'>in_terrupta),</span> <span class='ocrx_word' id='word_1_861' title='bbox 2969 5375 3254 5452; x_wconf 47' lang='lat' dir='ltr'>arsenius</span> <span class='ocrx_word' id='word_1_862' title='bbox 3271 5375 3535 5452; x_wconf 79' lang='lat' dir='ltr'>Autoria-</span> 
     </span>
    </p>
   </div>
   <div class='ocr_carea' id='block_1_118' title="bbox 1881 5446 3534 5524">
    <p class='ocr_par' dir='ltr' id='par_1_118' title="bbox 1881 5446 3534 5524">
     <span class='ocr_line' id='line_1_120' title="bbox 1881 5446 3534 5524; baseline -0.004 -16"><span class='ocrx_word' id='word_1_863' title='bbox 1881 5446 1996 5508; x_wconf 60' lang='lat' dir='ltr'>nu&#39;s</span> <span class='ocrx_word' id='word_1_864' title='bbox 2027 5451 2381 5524; x_wconf 90' lang='lat' dir='ltr'>appellatur.</span> <span class='ocrx_word' id='word_1_865' title='bbox 2414 5448 2572 5503; x_wconf 92' lang='lat' dir='ltr'>Sedit</span> <span class='ocrx_word' id='word_1_866' title='bbox 2613 5446 3046 5524; x_wconf 78' lang='lat' dir='ltr'>Germanus_in</span> <span class='ocrx_word' id='word_1_867' title='bbox 3075 5446 3316 5524; x_wconf 85' lang='lat' dir='ltr'>_throno</span> <span class='ocrx_word' id='word_1_868' title='bbox 3363 5447 3534 5517; x_wconf 89' lang='lat' dir='ltr'>juxta</span> 
     </span>
    </p>
   </div>
   <div class='ocr_carea' id='block_1_119' title="bbox 1882 5516 3533 5594">
    <p class='ocr_par' dir='ltr' id='par_1_119' title="bbox 1882 5516 3533 5594">
     <span class='ocr_line' id='line_1_121' title="bbox 1882 5516 3533 5594; baseline -0.004 -15"><span class='ocrx_word' id='word_1_869' title='bbox 1882 5516 2256 5594; x_wconf 78' lang='lat' dir='ltr'>Onuphrium</span> <span class='ocrx_word' id='word_1_870' title='bbox 2287 5536 2480 5577; x_wconf 88' lang='lat' dir='ltr'>annos</span> <span class='ocrx_word' id='word_1_871' title='bbox 2511 5524 2570 5574; x_wconf 85' lang='grc'>17</span> <span class='ocrx_word' id='word_1_872' title='bbox 2594 5534 2832 5594; x_wconf 82' lang='lat' dir='ltr'>menses</span> <span class='ocrx_word' id='word_1_873' title='bbox 2859 5521 2910 5573; x_wconf 88' lang='lat'>6.</span> <span class='ocrx_word' id='word_1_874' title='bbox 2934 5516 3247 5589; x_wconf 88' lang='lat' dir='ltr'>Catalogus</span> <span class='ocrx_word' id='word_1_875' title='bbox 3280 5516 3396 5594; x_wconf 87' lang='lat' dir='ltr'>ms.</span> <span class='ocrx_word' id='word_1_876' title='bbox 3430 5532 3533 5594; x_wconf 81' lang='lat' dir='ltr'>pa-</span> 
     </span>
    </p>
   </div>
   <div class='ocr_carea' id='block_1_120' title="bbox 1881 5588 3530 5651">
    <p class='ocr_par' dir='ltr' id='par_1_120' title="bbox 1881 5588 3530 5651">
     <span class='ocr_line' id='line_1_122' title="bbox 1881 5588 3530 5651; baseline -0.002 -1"><span class='ocrx_word' id='word_1_877' title='bbox 1881 5588 2278 5651; x_wconf 75' lang='lat' dir='ltr'>triarcharum</span> <span class='ocrx_word' id='word_1_878' title='bbox 2317 5608 2354 5649; x_wconf 88' lang='lat' dir='ltr'>a</span> <span class='ocrx_word' id='word_1_879' title='bbox 2384 5594 2651 5649; x_wconf 89' lang='lat' dir='ltr'>Gretsero</span> <span class='ocrx_word' id='word_1_880' title='bbox 2672 5591 2884 5647; x_wconf 88' lang='lat' dir='ltr'>citatus</span> <span class='ocrx_word' id='word_1_881' title='bbox 2931 5605 3124 5647; x_wconf 89' lang='lat' dir='ltr'>annos</span> <span class='ocrx_word' id='word_1_882' title='bbox 3147 5588 3408 5646; x_wconf 78' lang='lat' dir='ltr'>tantum</span> <span class='ocrx_word' id='word_1_883' title='bbox 3431 5588 3444 5589; x_wconf 31' lang='grc' dir='ltr'>ί</span> <span class='ocrx_word' id='word_1_884' title='bbox 3468 5588 3530 5647; x_wconf 81' lang='grc'>17</span> 
     </span>
    </p>
   </div>
   <div class='ocr_carea' id='block_1_121' title="bbox 1881 5665 2340 5726">
    <p class='ocr_par' dir='ltr' id='par_1_121' title="bbox 1881 5665 2340 5726">
     <span class='ocr_line' id='line_1_123' title="bbox 1881 5665 2340 5726; baseline -0.004 -2"><span class='ocrx_word' id='word_1_885' title='bbox 1881 5665 2083 5726; x_wconf 84' lang='lat' dir='ltr'>habet.</span> <span class='ocrx_word' id='word_1_886' title='bbox 2127 5668 2340 5722; x_wconf 82' lang='lat' dir='ltr'>DOUSA.</span> 
     </span>
    </p>
   </div>
  </div>
