3966 6324
446 253 582 310 1083

1708 247 1989 305 GEORGII
2017 246 2480 306 ACBOPOLITE

443 392 566 433 non
594 377 675 432 ita
702 373 880 431 facile
907 376 1138 450 poterat
1162 388 1195 428 e
1228 387 1291 428 re
1320 376 1463 430 nata
1486 373 1737 445 dignum
1759 372 1862 430 tali
1917 372 2089 442 solio,
2123 372 2188 429 Ai.
2207 392 2314 426 κεν.
2354 372 2388 425 Ί

2222 392 2314 426 ιεν.
2354 372 2621 445 Ἐστέρετο
2641 379 2765 444 γοῦν
2816 371 3106 448 ἀρχιερέως
3159 375 3190 431 ἠ
3243 372 3547 432 Ἐκκλησία.
3615 373 3692 426 “0

444 467 534 523 vel
563 465 756 539 potius
783 466 884 537 qui
915 465 994 520 illi
1026 462 1399 536 probaretur,
1455 463 1736 520 invenire.
1797 464 2094 534 Principes

446 556 607 612 enim
632 555 692 611 in
714 556 842 610 hec
872 569 1122 609 munera
1145 551 1324 621 viros,
1356 553 1462 626 qui
1481 554 1646 624 quod
1677 553 1788 608 illis
1808 552 2094 626 placitum

445 650 534 700 est
553 644 772 700 faciant
802 659 910 698 nec
938 643 1059 697 suis
1117 640 1429 697 desideriis
1486 642 1903 708 adversentur,
1947 640 2096 697 asci-

445 737 637 787 scunt.
663 731 841 802 [gitur
852 729 1098 786 multum
1116 732 1750 804 praeterierattempus,
1768 747 1878 787 nec
1889 729 2098 786 aderat

443 820 547 894 qui
576 836 715 877 oves
736 820 1114 890 gubernaret.

515 1089 602 1143 43.
635 1088 816 1143 Porro
846 1086 1112 1144 Joannes
1142 1086 1487 1159 imperator,
1517 1093 1582 1144 ut
1603 1088 1884 1158 diximus,
1911 1089 1966 1142 in
1990 1103 2096 1159 op-

443 1178 703 1251 positam
733 1193 765 1232 e
790 1178 1032 1247 regione
1071 1178 1474 1233 continentem
1514 1184 1694 1250 atque
1758 1177 2098 1239 occiduam,

446 1272 511 1324 ut
540 1267 718 1324 urbes
748 1268 808 1322 in
840 1283 911 1322 ea
940 1283 1009 1322 ac
1039 1267 1266 1339 oppida
1294 1283 1512 1339 resque
1550 1267 1610 1322 in
1655 1267 1768 1323 illis
1815 1267 2100 1327 visitaret.

448 1357 558 1414 iter
579 1357 828 1413 instituit
859 1376 871 1412 :
898 1373 1038 1412 nam
1071 1356 1149 1411 ad
1174 1356 1468 1429 oppidum
1499 1357 1592 1412 cui
1615 1372 1835 1412 nomen
1867 1357 2103 1411 Zichnae

449 1452 554 1518 est,
585 1463 772 1519 pr0pe
827 1449 1051 1505 Serras.
1102 1445 1385 1501 omnibus
1443 1445 1890 1501 dominabatur.
1943 1448 2106 1501 Tunc

451 1535 773 1604 Bulgarum
800 1535 982 1591 Asani
1012 1534 1168 1589 ﬁlius
1213 1533 1579 1590 Callimanus
1608 1533 1731 1589 duo
1783 1539 1842 1590 et
1895 1534 2102 1590 decem

2206 460 2456 538 βασιλεὺς
2526 463 2781 530 Ἰωάννης,
2834 463 2886 515 έν
2937 470 3047 524 τοῖς
3102 481 3358 524 τοιουτοις
3406 469 3484 536 μὴ
3526 469 3850 536 πρόχειρος

2203 553 2292 617 ὧν,
2324 551 2418 602 οὐκ
2464 550 2695 622 εὐχερῶς
2751 549 2891 622 εἶχεν
2935 550 2991 603 ἐκ
3035 559 3128 604 τοῦ
3194 556 3486 626 προχείρου
3517 556 3616 603 τὸν
3685 552 3849 613 ἄξιον

2203 638 2446 712 έφευρεῖν,
2507 641 2536 697 ἦ
2590 639 2781 711 μᾶλλον
2849 643 2936 692 τὸν
2987 640 3164 711 ἐκείνῳ
3243 638 3524 714 ἀρέσονταο
3578 641 3851 711 μάλιστα

2201 731 2303 803 γὰρ
2352 729 2402 780 οἱ
2462 735 2763 802 κρατοῦντες
2835 732 2959 791 τοὺς
3011 732 3143 803 πρὸς
3192 727 3463 804 ἀρέσκειαν
3512 727 3565 780 ἐν
3615 732 3851 789 τούτοις

2203 822 2527 892 προσίενται,
2584 820 2649 877 ὡς
2708 819 2770 870 οἰν
2856 823 2928 890 μή
3021 837 3166 880 τινας
3227 821 3397 890 ἔχοιεν
3445 817 3852 892 ἂπερίζοντας

2203 913 2310 968 τοῖς
2341 905 2668 980 βουλημασι.
2719 907 2991 982 Πῳερῥύη
3044 915 3172 979 γοῦν
3217 912 3411 983 χρόνος
3450 913 3695 981 συχνὸς,
3753 914 3852 960 καὶ

2205 995 2300 1048 οὒκ
2329 996 2391 1053 ἦν
2412 997 2438 1047 6
2471 992 2724 1067 διεξάγων
2763 999 2824 1048 τό
2852 1002 3113 1069 ποίμνιον.

2277 1083 2382 1157 μ.γῖ
2429 1083 2488 1138 Ὀ
2546 1086 2637 1157 μεν
2685 1085 2775 1137 οὖν
2835 1085 3091 1158 βασιλεὺς
3140 1086 3393 1154 Ἰωάννης,
3473 1088 3553 1149 ὡς
3611 1089 3851 1158 ἔφημεν,

2209 1172 2281 1235 εἰς
2319 1178 2413 1231 τὴν
2456 1173 2730 1250 ἀντιπέραν
2789 1179 2882 1227 καὶ
2948 1171 3172 1233 δυτικὴν
3225 1174 3444 1228 ἐποιεῖτο
3501 1179 3598 1228 τόν
3657 1172 3854 1248 βάδον

2210 1265 2370 1336 χάριν
2390 1271 2481 1316 τοῦ
2506 1267 2600 1326 τὰς
2641 1261 2806 1316 ἐκεῖσε
2833 1270 3019 1340 χώρας
3084 1269 3175 1317 καὶ
3226 1267 3292 1318 τὰ
3327 1264 3375 1316 έν
3427 1265 3616 1326 tuitui;
3672 1285 3854 1317 τικτο-

2209 1355 2541 1406 πτεύσασθαι
2592 1352 2750 1410 ἆστηο
2821 1358 2913 1406 καὶ
2967 1358 3132 1427 μέχρι
3203 1356 3302 1427 γὰρ
3356 1362 3454 1406 τοῦ
3513 1357 3663 1407 οὕτω
3729 1375 3856 1416 πως

2213 1441 2654 1514 έπονομαζομένου
2715 1441 2910 1503 ἄστεως
2977 1449 3170 1516 Ζίχνα,
3266 1443 3418 1516 έγγύς
3505 1463 3618 1496 που
3692 1448 3861 1502 ὄντος

2213 1530 2427 1606 Σερῥῶν,
2487 1531 2725 1583 ἁπάντων
2752 1527 3057 1592 έδέσποζεν.
3116 1532 3289 1604 Ἦρχε
3472 1537 3600 1585 τότε
3663 1532 3855 1585 Βουλ-

3699 243 3937 302 εοεει

449 1639 643 1680 annos
672 1629 850 1678 natus
880 1622 1284 1694 principatum
1339 1622 1600 1678 tenebat.
1657 1623 1801 1678 Cum
1845 1621 1924 1678 ad
1976 1621 2108 1678 loca
2213 1624 2387 1694 γάρων

2222 1624 2387 1694 γάρων
2417 1621 2463 1654 ³⁸³
2508 1621 2534 1672 ό
2585 1627 2675 1673 τοῦ
2743 1621 2904 1673 Ἀσὰν
2952 1623 3068 1683 υἱὸς
3119 1620 3441 1694 Καλλιμὰνος
3488 1619 3858 1681 δωδεκαέτης

451 1712 595 1768 Cissi
627 1712 952 1782 imperator
982 1710 1396 1782 processisset,
1419 1711 1643 1767 ibidem
1699 1715 2108 1767 commoratus
2217 1710 2302 1763 ὡν.
2332 1707 2385 1761 Ἐ

2222 1710 2302 1763 ὧν.
2332 1707 2473 1762 Ἐπεὶ
2500 1716 2626 1780 γοῦν
2656 1707 2739 1762 ἐπὶ
2788 1712 2855 1761 τὰ
2908 1714 3036 1782 μέρη
3080 1717 3172 1762 τοῦ
3224 1717 3428 1764 Κισσοῦ
3486 1712 3516 1763 ὁ
3579 1709 3861 1782 βασιλεὺς

449 1799 546 1854 die
577 1805 818 1870 postero
845 1799 952 1854 iter
977 1801 1306 1863 continuat,
1341 1804 1396 1854 et
1449 1800 1526 1855 ad
1562 1800 1786 1855 ﬂumen
1821 1799 2104 1866 Hebrum,
2137 1788 2180 1840 Β
2219 1795 2388 1868 ἀγένετι

2222 1795 2437 1868 έγένετο,
2523 1796 2732 1850 κάκεῖσε
2809 1794 3163 1870 διημερεὺσας
3243 1803 3339 1857 τὴν
3433 1798 3699 1872 ἐπαύριον
3757 1807 3859 1860 τῆς

449 1903 636 1961 prope
651 1887 808 1942 Beris
828 1889 1256 1944 monasterium
1272 1888 1634 1944 deﬂuentem
1653 1895 1708 1944 et
1721 1889 1798 1944 ab
1813 1888 2108 1958 indigenis
2217 1891 2388 1959 πορείο

2222 1891 2424 1959 πορείας
2472 1888 2668 1959 εἴχετο,

451 1979 727 2034 Maritzan
759 1984 1056 2044 vocatum,
1091 1978 1378 2050 pervenit.
1411 1979 1532 2050 78
1570 1978 1630 2033 ln
1668 1979 1868 2034 medio
1911 1978 2108 2034 ﬂumi-

452 2067 543 2122 nis
557 2065 911 2122 constitutus
926 2066 1249 2138 imperator
1263 2069 1443 2140 (equo
1455 2068 1614 2122 enim
1631 2083 1843 2140 aquas,
1862 2067 2111 2140 quando

454 2162 631 2213 aestas
665 2157 1170 2230 praecipitabatur,
1199 2173 1342 2212 nam
1387 2157 1667 2213 vicesima
1698 2158 1958 2228 septima
2009 2161 2114 2212 aut

451 2251 665 2302 octava
691 2250 815 2301 erat
839 2246 1061 2300 mensis
1086 2245 1467 2316 Septembris,
1494 2246 1866 2316 permeabat)
1904 2246 2111 2302 litteris

454 2351 490 2391 a
517 2351 713 2390 rerum
744 2351 1046 2390 summam
1074 2334 1343 2390 Achridaa
1366 2335 1739 2405 gubernante
1765 2336 1840 2390 ad
1866 2351 1928 2390 se
1958 2335 2114 2390 datis

456 2425 670 2480 certior
689 2427 752 2478 ﬁt
773 2423 1168 2478 Callimanum
1195 2423 1513 2491 Bulgarum
1555 2424 1887 2496 principem
1927 2425 2111 2480 vitam

455 2511 682 2580 ﬁnisse,
698 2511 1127 2566 nonnullorum
1141 2512 1430 2566 sententia
1441 2511 1693 2568 naturali
1709 2512 1943 2579 morbo,
1975 2512 2116 2568 alio-

457 2615 594 2656 rum
621 2599 698 2654 ab
731 2599 1087 2654 adversariis
1108 2599 1183 2654 ad
1205 2599 1319 2655 hoc
1350 2599 1504 2656 clam
1543 2606 1754 2672 parato
1783 2602 2114 2674 pharmaco

459 2690 837 2746 exstinctum.
869 2693 936 2742 At
962 2688 1056 2744 hic
1079 2689 1202 2744 sive
1227 2690 1339 2745 hac
1364 2689 1486 2746 sive
1502 2689 1618 2746 alia
1640 2691 1867 2746 ratione
1889 2707 1962 2747 ex
2013 2691 2116 2747 ho-

459 2777 722 2832 minibus
754 2776 1026 2832 sublatus
1055 2783 1160 2833 est.
1187 2781 1300 2833 Nec
1326 2794 1527 2834 rumor
1552 2797 1588 2834 a
1610 2781 1848 2836 veritate
1861 2780 2072 2836 aberat
2098 2798 2113 2848 ;

460 2867 651 2924 crebis
681 2869 837 2924 enim
873 2868 1096 2924 nuntiis
1121 2868 1182 2924 id
1214 2869 1690 2926 asseverabatur.
1722 2870 1854 2926 Haec
1904 2871 2008 2926 ubi
2029 2887 2111 2926 re-
2225 2873 2313 2941 μὲν
2336 2871 2388 2940 ἔφ

2225 2871 2576 2941 μενέφαοκον,
2620 2875 2814 2939 φυσικῆ
2847 2871 2984 2938 νόσῳ
3016 2874 3168 2921 τοῦτο
3221 2870 3398 2921 παθὼν
3444 2871 3495 2920 οἱ
3553 2867 3613 2921 δ’
3682 2869 3851 2930 ἄλλως

459 2957 662 3012 scisset
687 2956 1028 3028 imperator,
1054 2957 1163 3012 iter
1188 2958 1585 3030 prosequitur,
1615 2964 1670 3015 et
1699 2958 2116 3031 Christopolim
2225 2958 2388 3029 ἔλεγον

2225 2958 2414 3029 ἔλεγον,
2487 2956 2555 3018 ὠς
2655 2954 3012 3030 ἐναντιόφροσι
3105 2959 3294 3010 τούτου
3377 2963 3582 3031 πόματι
3669 2962 3850 3032 κρύφα

458 3051 920 3118 prmtergressus
933 3063 1119 3119 quam
1133 3047 1400 3103 celeriter
1423 3048 1723 3120 Philippos
1739 3049 1994 3119 attingit,
2010 3049 2116 3104 ibi-
2225 3046 2388 3100 ἕσκευι

2225 3046 2587 3118 έσκευασμένῳ
2650 3048 2781 3113 πρὸς
2845 3049 3003 3119 μόρον
3081 3041 3414 3120 διέφθαρται.
3491 3046 3639 3100 Ἀλλ’
3694 3048 3848 3110 οὗτος

459 3135 719 3208 demque
750 3152 886 3191 cum
919 3136 1283 3207 primoribus
1297 3137 1419 3192 suis
1441 3137 1755 3193 consilium
1777 3138 1900 3206 init,
1931 3154 2010 3194 an
2039 3138 2116 3194 ir-
2147 3135 2188 3190 C
2226 3139 2315 3208 μεν
2356 3140 2388 3189 εἳ

2226 3139 2315 3208 μεν
2356 3137 2447 3189 εἷθ’
2476 3136 2642 3196 οὕτως
2673 3135 2760 3187 εἶτ’
2787 3133 2950 3196 ἄλλως
3006 3133 3060 3198 ἐξ
3115 3133 3397 3211 ἀνθρώπων
3463 3135 3696 3208 ἐγένετο,
3758 3141 3851 3189 καί

458 3225 864 3296 rumpendum
881 3231 1036 3280 esset
1053 3226 1112 3280 in
1131 3225 1989 3299 Bulgaros,abripiendumque
2005 3227 2116 3283 ali-
2227 3227 2288 3283 ἦν
2314 3228 2341 3278 ὁ
2374 3225 2388 3277 7

2227 3227 2288 3283 ἦν
2314 3228 2341 3278 ό
2374 3225 2522 3296 λόγος
2573 3223 2816 3284 ἀληθείας
2866 3222 3133 3296 ἐχόμενος·
3203 3229 3454 3296 συνεχέσι
3509 3227 3617 3300 γὰρ
3673 3223 3846 3280 διεϐε-

458 3314 779 3385 quidquod
797 3313 875 3368 ab
895 3313 1483 3386 ipsisoccupabatur,
1500 3319 1553 3370 et
1586 3332 1662 3370 an
1692 3315 1848 3372 facili
1878 3317 2117 3387 negotio
2228 3314 2388 3368 ϐαιοῡ·

2228 3314 2436 3368 ϐαιοῦτο
2511 3316 2834 3386 μηνύμασιν.
2933 3312 2992 3365 '0
3211 3309 3298 3366 οὖν
3348 3312 3598 3385 βασιλεὺς
3672 3324 3850 3368 ταῦτα

459 3405 666 3472 posset
692 3416 728 3456 a
750 3401 926 3456 nobis
955 3403 1262 3457 Serrarum
1285 3403 1578 3474 oppidum
1593 3406 1948 3475 expugnari.
1988 3405 2121 3471 Qui-
2228 3406 2388 3478 μαθὼτ

2228 3406 2406 3478 μαθὼν
2443 3405 2464 3437 ⁸
2511 3410 2602 3455 τοῦ
2655 3406 2838 3474 πρόσω
2895 3405 3086 3474 εἴχετο,
3143 3406 3234 3455 καὶ
3294 3402 3434 3465 τέλος
3495 3405 3686 3474 φθάνει
3752 3409 3846 3462 τὴν

459 3489 602 3544 dam
632 3488 977 3561 imperatori
991 3490 1281 3544 adversus
1306 3491 1594 3561 Bulgaros
1633 3493 1859 3549 bellum
1893 3494 2120 3551 dissua‘
2229 3494 2388 3549 «mm

2229 3494 2506 3559 Φιλίππου,
2560 3491 2898 3565 παραμείψας
2940 3496 3034 3550 τὴν
3086 3491 3472 3566 Χριστούπολιν
3521 3494 3566 3560 ⁵,
3622 3492 3848 3546 κάκεῖσε

462 3577 714 3634 debant.
756 3580 883 3634 Non
907 3578 1155 3634 haberet
1180 3595 1318 3635 eum
1347 3580 1612 3652 militem,
1675 3599 1814 3638 cum
1863 3599 1986 3640 non
2044 3584 2123 3640 ad
2233 3582 2388 3653 σκέψι

2233 3582 2417 3653 σκέψιν
2443 3579 2660 3634 ἐποιεῖτο
2691 3582 2821 3652 μετὰ
2875 3587 2975 3633 τῶν
3030 3579 3140 3652 μετ’
3196 3579 3357 3633 αὑτοῦ
3407 3577 3657 3652 λογάδων
3716 3585 3742 3618 ⁸
3805 3582 3844 3635 εἰ

462 3666 908 3738 conﬂigendum
925 3667 1032 3725 sed
1044 3683 1152 3724 sua
1166 3668 1548 3726 solummodo
1570 3671 1866 3728 visitatum
1878 3674 2124 3744 venerit,
2233 3669 2316 3725 δεῖ
2348 3692 2388 3743 πγ

2233 3669 2316 3725 δεῖ
2348 3669 2658 3746 προσϐαλεῖν
2688 3678 2796 3730 τοῖς
2820 3678 2920 3722 τῶν
2945 3669 3251 3742 Βουλγοίρων
3303 3669 3490 3744 [Ρ.48]
3555 3676 3652 3724 καὶ
3725 3673 3844 3724 κει-

464 3761 627 3812 tanto
658 3756 865 3828 praalio
885 3771 1110 3828 parem.
1133 3759 1440 3814 Serrarum
1462 3776 1661 3815 arcem
1701 3761 1962 3833 primum
2015 3779 2123 3835 ag-
2231 3767 2388 3836 ρώσαι

2231 3762 2510 3836 ρώσασθαί
2547 3778 2664 3812 τινα
2691 3767 2792 3811 τῶν
2840 3757 2960 3831 παρ’
3008 3758 3189 3821 αὐτοῖς
3242 3764 3601 3832 κρατουμένων
3643 3761 3697 3827 Ἴ,
3757 3765 3844 3812 καὶ

465 3844 875 3914 grediendam,
909 3861 1044 3901 eum
1072 3863 1104 3901 e
1135 3846 1376 3919 planitie
1407 3848 1712 3916 emineret,
1742 3850 2124 3922 inexpugna—
2232 3850 2276 3903 εἰ
2305 3849 2388 3920 εὖ)

2232 3850 2276 3903 εἰ
2305 3849 2510 3923 εὐχερές
2540 3846 2679 3900 ἔστιν
2718 3847 2909 3900 ἁλῶναι
2947 3850 3071 3919 ἡμῖν
3137 3850 3197 3900 τὸ
3261 3855 3360 3900 των
3421 3847 3617 3923 Σερῥῶν
3677 3850 3841 3904 οἰστυ.

463 3932 646 3989 bilem
659 3950 808 4000 esse,
835 3949 944 3990 nec
971 3951 1148 4006 posse
1171 3935 1402 3992 tantillo
1441 3937 1696 3994 exercitu
1744 3939 2121 4013 circumsepi.
2234 3943 2335 3993 Καὶ
2364 3958 2388 3980 τ

2234 3943 2335 3993 Καὶ
2364 3941 2496 3997 τινες
2525 3939 2615 4010 μεν
2675 3935 2996 4009 ἀπηγόρευον
3059 3936 3082 3972 ⁸
3147 3944 3220 4008 τῷ
3283 3935 3496 4010 βασιλεῖ
3554 3941 3653 3995 τὴν
3706 3958 3846 3992 κατα

464 4025 780 4080 Tormenta
810 4025 929 4096 79
956 4025 1014 4081 in
1038 4042 1172 4082 eam
1206 4032 1268 4082 ut
1299 4026 1680 4096 adigerentur
1709 4029 1836 4084 fieri
1874 4030 2123 4086 omnino
2229 4036 2330 4079 τῶν

2229 4036 2330 4079 τῶν
2391 4025 2696 4101 Βουλγοὶρων
2770 4028 2974 4098 μάχηνο
3024 4024 3083 4077 οὗ
3156 4027 3254 4098 γὰρ
3319 4024 3612 4098 ἀξιόμαχον
3666 4027 3844 4098 ἔλεγον

2231 4116 2374 4186 οἴγειν
2417 4117 2656 4187 στρατὸν,
2699 4111 2806 4166 ἐπεὶ
2864 4109 3005 4186 μηδὲ
3063 4116 3193 4186 πρὸς
3247 4133 3431 4186 μαχην
3490 4113 3841 4188 ηὐτρέπιστο,

2749 1885 3020 1959 έπεφθάκει
3101 1884 3161 1941 δὲ
3208 1886 3291 1940 ἐπὶ
3347 1891 3437 1940 τὸν
3489 1893 3749 1960 ποταμὸν
3802 1889 3860 1940 ὃν

2218 1975 2405 2050 Ἕϐρον
2432 1976 2676 2042 καλοῦσι,
2706 1976 2932 2034 πλησίον
2963 1977 3011 2012 9⁸
3040 1985 3132 2038 τῆς
3151 1986 3309 2049 μονῆς
3341 1985 3435 2030 τοῦ
3496 1981 3676 2050 Βηρός
3731 1978 3858 2042 (84)

2219 2066 2605 2138 ὀνομαζομένης
2633 2067 2680 2100 ⁹⁹
2727 2069 3031 2137 ποιούμενον
3078 2068 3175 2127 τὰς
3221 2066 3364 2140 ῥοὰς,
3426 2068 3725 2139 Μαρίτζαν
3796 2061 3859 2116 δε

2218 2156 2526 2228 καλούμενον
2557 2162 2819 2228 χωριτικῆ
2864 2150 3116 2226 διαλέκτῳ
3148 2157 3188 2209 ί.
3225 2157 3370 2208 Κατὰ
3426 2151 3488 2208 δε
3561 2159 3630 2208 τὸ

2219 2253 2310 2298 τοῦ
2362 2250 2600 2315 ποταμοῦ
2656 2247 2925 2315 γενομένου
3013 2251 3107 2296 τοῦ
3155 2242 3414 2316 βασιλέως
3491 2245 3653 2312 (ποσὶ

2222 2335 2391 2387 ἳππων
2421 2335 2634 2407 ὑπῆρχε
2665 2330 2851 2404 βατός,
2905 2331 3109 2406 ἐπείπερ
3179 2334 3354 2406 θέρους
3407 2333 3553 2394 τέλος
3611 2332 3856 2405 ἐτύγχα-

2220 2443 2318 2476 νεν·
2353 2424 2618 2495 φθίνοντος
2687 2424 2789 2496 γὰρ
2868 2426 3016 2494 τρίτη
3074 2423 3104 2481 ἣ
3174 2426 3264 2473 καὶ
3341 2423 3572 2495 τετάρτη
3618 2430 3854 2493 Σεπτεμο

2223 2511 2371 2587 ϐρίου
2608 2514 2825 2582 μήνυμα
2927 2506 3332 2583 διὰκεκόμισται
3427 2517 3856 2585 σεσημασμένον

2222 2609 2394 2673 γραφή
2431 2598 2677 2657 σταλείση
2719 2601 2864 2673 παρὰ
2899 2607 2992 2651 τοῦ
3031 2604 3123 2658 τὴν
3163 2595 3424 2672 δημόσιον
3480 2608 3582 2662 τῆς
3653 2601 3854 2676 Ἀχρι-

2225 2689 2322 2745 δοῡ
2354 2697 2662 2764 κρατοῦντος
2712 2687 2910 2763 ἀρχὴν,
2959 2692 3024 2751 ὡς
3070 2691 3093 2724 ⁸
3150 2691 3176 2741 6
3252 2689 3582 2763 Καλλιμάνος
3665 2694 3694 2744 ὁ
3748 2701 3852 2744 τῶν

2223 2780 2528 2853 Βουλγάρων
2567 2777 2748 2853 ἄρχων
2780 2779 2802 2812 ³
2831 2781 2918 2830 τόν
2960 2777 3139 2851 βίοτον
3175 2777 3532 2854 έξεμέτρησεν,
3596 2783 3676 2842 ὡς
3720 2785 3852 2841 τινες

466 4129 588 4169 non
639 4114 834 4186 posse.
865 4115 1124 4183 Aggredi
1164 4131 1302 4171 vero
1344 4122 1400 4172 et
1428 4133 1564 4173 arce
1614 4123 1839 4175 tentata
1911 4119 2123 4192 repelli

467 4204 876 4258 Romanorum
902 4203 1101 4259 robori
1127 4221 1196 4260 ac
1226 4205 1442 4272 virtuti,
1471 4207 1645 4277 cujus
1673 4207 1824 4264 adeo
1839 4208 2124 4280 praeclara
2158 4275 2191 4280 _
2233 4205 2360 4259 ἀλλὰ

2233 4205 2360 4259 ἀλλὰ
2387 4208 2519 4258 κατὰ
2552 4209 2712 4278 μόνην
2753 4207 2868 4258 θέαν
2898 4213 2998 4257 τῶν
3035 4204 3198 4257 αὑτοῦ
3259 4203 3479 4258 ἐποιεῖτο
3542 4209 3634 4264 τὴν
3687 4211 3844 4265 κίνη-

467 4289 632 4346 fama
659 4291 720 4345 in
746 4307 957 4346 omnes
997 4294 1275 4364 pervasit,
1329 4275 1558 4366 probro
1625 4312 1781 4351 esse.
1835 4275 2124 4367 Bulgaros
2158 4275 2200 4328 Ῑ)
2234 4315 2341 4350 σιν.
2382 4303 2388 4321 ’

2234 4315 2341 4350 σιν.
2382 4298 2452 4348 Τὸ
2493 4275 2561 4347 δὲ⁷
2589 4302 2689 4346 τῶν
2730 4293 2922 4369 Σερῥῶν
2969 4292 3127 4360 ἂστυ,
3261 4299 3474 4366 πρώτως
3516 4294 3843 4367 προσϐαλεῖν

467 4379 839 4452 quiescentes
865 4381 943 4435 ad
982 4381 1193 4452 prcelia
1239 4384 1539 4439 concitare
1603 4385 1848 4441 minime
1897 4387 2122 4442 condu-
2232 4381 2358 4451 ἔδει,

2232 4381 2358 4451 ἔδει,
2391 4385 2602 4456 ἄμαχον
2632 4387 2721 4456 μέν
2752 4381 2892 4435 ἐστιν
2923 4381 2976 4434 ἐκ
3024 4389 3117 4435 τοῦ
3182 4384 3523 4456 ὑπερκεῖσθαι
3582 4391 3680 4446 τῆς
3727 4394 3841 4456 γῆς,

469 4483 619 4524 cere.
675 4470 805 4523 Haec
863 4485 1067 4537 regem
1121 4471 1198 4525 ab
1251 4473 1703 4543 oppugnatione
1750 4475 2121 4532 retrahentes
2230 4474 2388 4527 κυκλοι

2230 4474 2560 4532 κυκλωθῆναι
2614 4469 2674 4525 δε
2750 4475 2985 4544 τοσούτῳ
3068 4474 3422 4546 στρατεύματι
3478 4471 3652 4524 οὐκέτι
3716 4475 3845 4548 ῥᾷόν

469 4555 855 4613 adducebant
885 4557 942 4612 in
975 4558 1259 4614 medium.
1290 4559 1654 4633 Palteologus
1719 4562 2116 4633 Andronicus,
2231 4563 2388 4618 ἔστιν.

2231 4563 2392 4618 ἔστιν.
2446 4561 2729 4624 Ἑλεπολεις
2797 4559 2856 4615 δε
2917 4569 3112 4620 στῆσαι
3181 4560 3294 4613 κατ’
3355 4560 3516 4613 αὐτοῦ
3568 4570 3673 4613 τῶν
3701 4561 3845 4634 ἁμη-

468 4660 652 4718 quem
684 4650 821 4701 ante
859 4661 1150 4717 magnum
1179 4648 1577 4704 domesticum
1613 4649 1796 4706 fuisse
1824 4652 2122 4722 signiﬁca-
2229 4656 2388 4726 xéwm

2229 4656 2405 4726 χάνων
2435 4651 2770 4710 καθέστηκεν.
2833 4650 3150 4726 Προσϐαλείν
3199 4646 3259 4702 δε
3320 4654 3412 4702 καὶ
3459 4651 3592 4724 μετὰ
3657 4658 3846 4726 πεῖραν

469 4734 669 4789 vimus
698 4734 858 4790 hisce
881 4736 1177 4792 contraria
1197 4738 1539 4809 imperatori
1566 4740 1934 4797 consulebat.
1976 4744 2120 4798 Ten-
2232 4741 2388 4815 ἀνακρ

2232 4741 2652 4815 ἁνακρόυσθῆναι
2708 4736 2874 4802 αἰδὼς
2940 4743 3030 4812 μὲν
3078 4740 3314 4812 ὑπάρχει
3368 4747 3441 4810 τῷ
3505 4741 3691 4812 κράτει
3751 4751 3847 4805 τῆς

470 4824 718 4880 tandam
750 4841 881 4881 esse
915 4828 1219 4883 Serrarum
1255 4843 1491 4894 arcem;
1523 4844 1596 4884 ea
1614 4831 1814 4901 potitis
1865 4831 2122 4887 multum
2231 4833 2387 4904 Ρωμά

2231 4833 2479 4904 Ρωμαίων
2513 4829 2684 4904 ἀρχῆς
2716 4834 2885 4902 (φήμη
2940 4832 3039 4903 γὰρ
3099 4827 3264 4890 αὐτῆς
3328 4827 3412 4880 ἐπὶ
3475 4834 3586 4890 τοῖς
3652 4834 3844 4883 τοιού-

542 4916 596 4993 °7_
623 4916 648 4967 6
681 4911 739 4967 δε
766 4913 1011 4993 βασιλεὺς
1029 4916 1097 4993 εἰς
1126 4921 1214 4975 τὴν
1239 4915 1512 4993 ἀντιπέραν
1551 4917 1770 4972 ἐποιεῖτο
1796 4923 1881 4972 τὸν
1919 4917 2086 4993 βάδον
2117 4921 2211 4983 ἕως
2239 4927 2330 4972 τοῦ
2356 4924 2528 4991 Ζίχνα
2557 4920 2776 4993 ᾱέστεως.
2806 4917 2978 4992 Ἦρχε
3000 4920 3088 4990 μεν
3127 4917 3216 4979 οὖς
3244 4916 3520 4993 Βυλγοξρων
3552 4919 3618 4972 D.
3669 4919 3736 4993 _”
3756 4918 3847 4974 καὶ

470 4989 697 5064 πέφθοικε
724 4984 956 5064 περετὸν
986 4984 1144 5064 Εὗρον
1165 4991 1258 5064 τόν
1280 4988 1365 5042 πλ.
1397 4984 1459 5045 Ι).
1493 4991 1551 5064 ⁸³9,
1564 4984 1943 5064 ὀνομαζομένης
1969 5008 2092 5048 om.
2121 4994 2184 5048 D.
2217 4996 2231 5027 ¹
2265 4984 2526 5063 ’χωριτῖκῆ
2561 4987 2815 5064 διαλέκτῳ
2845 4984 2966 5046 θ’άί.
3090 4991 3110 5024 ²
3139 4991 3275 5040 κατὰ
3310 4984 3448 5064 δὲτό
3476 5019 3567 5064 _—_—
3597 4987 3688 5064 ὡς]
3757 4998 3847 5046 καὶ

471 5054 574 5135 έκέζ
597 5054 815 5135 δέχεται
839 5054 1110 5135 ἀναφοράν
1132 5063 1274 5133 παρὰ
1300 5065 1396 5135 rari
1419 5068 1510 5121 τῆς
1539 5054 1830 5134 Ἄχρείδων
1864 5059 2128 5135 δημοσίαν
2155 5054 2466 5135 κρατοῦντος
2487 5065 2550 5122 ὡς
2661 5062 2740 5135 3A6
2767 5054 2867 5114 τῶν
2899 5092 2966 5100 -
2991 5061 3176 5135 ἄρχων
3207 5075 3333 5115 om.
3379 5062 3443 5115 Ο.
3472 5060 3493 5094 ⁴
3523 5062 3589 5120 ὡς
3607 5054 3752 5124 τινες
3778 5096 3848 5105 -

515 5079 571 5111 εει
597 5079 656 5110 οε
705 5079 815 5110 εται
839 5079 996 5131 αναφο
1035 5081 1092 5112 αν
1132 5080 1274 5133 παρα
1300 5079 1390 5112 του
1419 5079 1510 5121 της
1556 5079 1830 5134 Αχρεισων
1864 5079 2128 5134 οίημοσιαν
2155 5083 2185 5114 κ
2223 5081 2466 5124 ατουντος
2487 5080 2550 5122 ως
2576 5079 2635 5116 υ.
2661 5079 2683 5096 ο
2715 5081 2740 5114 ο
2767 5081 2867 5114 των
2899 5092 2966 5100 -
2994 5079 3176 5135 αρχων
3207 5079 3333 5115 om.
3380 5079 3443 5115 U.
3472 5079 3493 5094 ν
3523 5079 3589 5120 ως
3607 5079 3752 5124 τινες
3778 5096 3845 5105 -

515 5079 976 5214 αθωνῗκαὶπάχος
1092 5133 1112 5167 ⁵
1137 5129 1482 5214 παραμείψας,
1503 5137 1589 5190 τὴν
1621 5134 2000 5214 Χριιστούπολιν
2032 5150 2154 5214 om:
2277 5136 2298 5169 ⁸
2329 5136 2543 5205 μετὰ-
2572 5129 2808 5214 λογάξων
2830 5148 2954 5190 om.
2987 5134 3050 5188 D.
3074 5133 3092 5166 ⁷
3123 5136 3214 5184 καὶ
3245 5162 3312 5172 -
3345 5136 3714 5206 κρατουμένων
3739 5153 3845 5194 om

527 5243 542 5258 .
575 5202 597 5236 ³
636 5202 957 5276 ἀπηγόρευον
985 5218 1168 5274 usque
1188 5202 1267 5259 ad
1289 5202 1832 5276 ἀποτρέποντεςωοι.
1873 5208 2003 5261 1085
2032 5211 2078 5261 Α
2102 5207 2156 5278 6)
2179 5202 2388 5278 1ἀπέτρε

2222 5202 2489 5278 ὶπέτρεπον
2515 5223 2572 5257 το
2587 5202 2666 5256 ira
2701 5207 2765 5260 D.

1384 5381 1724 5449 Theodori
1773 5383 2021 5450 Dousae
2070 5390 2137 5450 et
2185 5381 2435 5450 Leonis
2486 5381 2718 5449 Allatii
2769 5388 2973 5449 notae.

548 5560 668 5638 (84)
689 5567 792 5621 Τῆς
811 5569 971 5633 μονῆς
1004 5567 1099 5616 τοῦ
1127 5565 1315 5634 Βηρός.
1343 5561 1654 5629 Choniata,
1684 5577 1752 5635 p.
1803 5565 1923 5635 595,
1959 5570 2095 5620 ALL.
