3966 6324
51 354 195 411 1085

49 499 165 541 τοις
216 481 353 532 πάνυ
411 476 620 548 πολλὴ),
675 481 766 530 καὶ
825 479 884 530 τὸ
941 480 1066 550 πρὸς
1112 481 1295 552 μάχην
1347 487 1738 555 παροτρῦναιΑ

53 568 384 644 Βουλγάρους
439 566 869 640 ἐφησυχάζοντος
925 568 1098 620 οὐκέτι
1159 573 1431 644 συμφέρει.
1488 578 1667 624 Ταῦτα

54 658 424 711 συνεϐούλευον
462 659 510 709 οὶ
567 660 654 708 τὸν
717 655 943 730 βασιλέα
989 665 1084 720 τῆς
1129 657 1484 733 ἐγχειρήσεως
1538 660 1664 714 ἀπο-

52 751 342 821 τρέποντες.
376 746 436 799 Ὀ
485 743 544 798 δὲ
600 745 949 818 Παλαιολόγος
1005 744 1360 822 Ἀνδρόνικος,
1417 749 1471 801 ὃν
1507 754 1666 822 μέγαν

56 832 372 907 ὃομέστικον
434 836 459 886 ό
495 833 648 906 λόγος
717 854 808 907 μοι
895 840 1264 909 προίστόρησε,
1350 840 1416 890 τά
1464 836 1668 890 ἐναντία

52 925 249 998 μᾶλλον
301 933 374 995 τῷ
441 922 653 997 βασιλεῖ
705 923 1056 981 συνεϐούλευε,
1121 931 1220 978 Καὶ
1280 925 1669 1001 ἀποπειρᾶσθαι

53 1019 168 1085 χρὴ
200 1021 292 1065 τοῦ
323 1015 522 1074 ἄστεως
567 1021 668 1064 τῶν
711 1013 904 1088 Σερῥὼν
962 1016 1004 1068 θ.
1073 1019 1173 1067 Καὶ
1226 1015 1270 1067 εἰ
1323 1018 1412 1087 μὲν
1469 1019 1665 1089 κρατή-

59 1121 219 1174 σομεν
266 1105 474 1169 τούτου,
551 1097 738 1176 κέρδος
808 1103 1114 1175 ἐσχήκαμεν
1186 1103 1245 1155 ού
1317 1108 1523 1178 μικρὸν,
1576 1110 1666 1158 καὶ

57 1191 254 1263 μᾶλλον
315 1194 382 1243 τὰ
453 1199 551 1242 τῶν
641 1190 941 1263 Βουλγάρων
1013 1195 1515 1259 ταπεινωθήσονται,
1574 1198 1666 1247 καὶ

58 1285 158 1339 τὴν
229 1288 321 1341 τῆς
385 1279 589 1352 ἀγάπης
653 1280 930 1352 πρεσϐείαν
983 1281 1348 1356 εὐχερέστερον
1407 1280 1661 1355 δέξαιντο,

63 1368 174 1422 ἐπεὶ
214 1374 303 1422 καὶ
361 1367 595 1422 ἐκποδὼν
648 1371 816 1421 αὐτῶν
871 1373 896 1422 6
951 1367 1236 1441 δεσπότης,
1286 1373 1454 1445 μέλλει
1486 1370 1545 1426 δὲ
1577 1379 1668 1427 καὶ

64 1460 191 1511 ἄλλο
227 1458 420 1532 βρέφος
452 1458 607 1531 ἆρξοιι
634 1467 732 1511 τῶν
761 1459 1065 1534 Βουλγάρων
1100 1462 1125 1512 6
1178 1460 1231 1512 ἐκ
1298 1470 1393 1524 τῆς
1445 1462 1669 1537 Εἰρήνης

62 1557 161 1610 τῆς
230 1556 323 1601 τοῦ
382 1548 626 1620 Ἀγγέλου
682 1546 957 1622 Θεοδώρου
1019 1559 1090 1621 τῷ
1167 1551 1328 1603 Ἀσάν
1407 1554 1671 1622 γεννηθεὶς

60 1637 308 1710 Μιχαὴλ.
340 1638 401 1691 Εἰ
443 1635 502 1690 δὲ
553 1644 624 1710 μὴ
675 1641 1032 1713 περιγενέσθαι
1090 1641 1230 1711 ἡμᾶς
1283 1629 1518 1712 συμϐαίη
1575 1647 1668 1693 τοῦ

59 1731 284 1794 ἄστεως,
316 1733 368 1780 τί
396 1731 455 1781 τὸ
485 1731 676 1799 ζημίαν
707 1726 896 1798 ἐπάγον
923 1736 984 1800 τῇ
1011 1736 1111 1780 τῶν
1161 1728 1424 1800 Ῥωμαίων
1470 1729 1613 1803 ἀρχῇ
1648 1747 1666 1802 ;

57 1816 297 1878 λαϐόντες
337 1820 439 1891 γάρ
477 1815 751 1892 διάπειραν
810 1819 1156 1892 ἠρεμήσομεν,
1205 1823 1293 1870 καὶ
1340 1817 1492 1869 πάλιν
1547 1815 1667 1870 δια·
1698 1868 1736 1920 Β

56 1905 448 1980 πρεσϐεύσομεν
515 1910 644 1980 πρὸς
714 1906 1055 1980 Βουλγάρους,
1126 1905 1353 1959 κάκεῖνοι
1438 1905 1668 1979 ἀσμένως

55 2000 152 2053 τὴν
179 1993 455 2068 πρεσϐείαν
485 1991 722 2056 δέξαιντο
768 1996 868 2046 ὑπὸ
928 1993 1154 2068 βρέφους
1201 1996 1505 2066 ἀρχόμενοι,
1540 1995 1566 2046 6
1602 1997 1668 2047 τά

58 2088 187 2158 πρὸς
217 2087 400 2156 μάχην
451 2084 544 2135 οὐκ
598 2079 757 2140 οἶδεν.
809 2082 1068 2145 Ἕκαστος
1120 2080 1178 2135 δὲ
1226 2086 1290 2135 τὰ
1335 2084 1666 2158 τῆςεὶρήνης

1359 2175 1402 2208 ¹⁰
1477 2169 1666 2234 Ἔδοξε

57 2270 132 2331 τῷ
215 2260 427 2334 βασιλεῖ
503 2263 699 2334 ἄριστα
781 2259 1162 2334 βεϐουλεῦσθαι
1231 2264 1319 2313 τὸν
1371 2265 1532 2333 μέγαν
1578 2257 1668 2313 δο-

58 2173 217 2244 φιλεῖ,
272 2181 364 2234 τῆς
431 2171 771 2233 ἀναπαύσεως
857 2173 1268 2244 στοχαζόμενος.

58 2357 328 2425 μέστικον,
379 2357 470 2404 καὶ
519 2360 646 2423 γοῦν
706 2359 803 2414 τῆς
871 2355 1001 2426 πρὸς
1049 2353 1141 2413 τάς
1226 2350 1411 2426 Σέρῥας
1492 2353 1669 2425 φερού-

65 2461 166 2502 σης
218 2443 288 2503 ὡς
347 2437 504 2512 εἶχεν,
559 2439 757 2510 ἥψατο.
819 2437 1017 2511 Σχεδὸν
1076 2437 1127 2492 6"
1184 2439 1347 2492 ἐκεῖσε
1402 2445 1670 2511 γενόμενος

62 2529 293 2592 ἐπήξατο
343 2549 397 2582 τε
444 2533 533 2590 τάς
582 2532 779 2590 σκηνάς
835 2534 923 2582 καὶ
979 2530 1092 2581 κατ’
1142 2529 1307 2581 αὐτῶν
1357 2528 1668 2601 ἐστρατοπε-

63 2617 312 2685 δεύσατο,
366 2622 549 2670 οὔκουν
599 2624 690 2691 μὲν
729 2615 805 2671 δι’
855 2618 1152 2690 ἀξιομάχου
1185 2625 1409 2690 στρατοῦ
1440 2617 1520 2684 (ού
1567 2619 1666 2691 γάρ

62 2709 308 2784 ηὗμοίρει
365 2711 618 2761 τοσούτου
691 2712 827 2778 τότε,
910 2710 1085 2769 καθὼς
1140 2707 1462 2780 εἰρήκαμεν),
1515 2726 1670 2779 στρα-

60 2804 228 2870 τηγίᾳ
275 2794 334 2850 δὲ
386 2802 475 2849 καὶ
541 2793 929 2870 μεθοδεύμασιν
989 2795 1225 2869 ἐπειρᾶτο
1299 2803 1390 2847 τοῦ
1448 2796 1666 2856 ἄστεως.

61 2888 207 2940 Ἐπεὶ
257 2883 306 2938 δ’
362 2888 417 2938 αἱ
469 2885 650 2960 Σέῤῥαι
708 2884 870 2937 πάλαι
919 2888 1008 2956 μὲν
1063 2885 1275 2957 ὑπῆρχε
1310 2883 1484 2944 πόλις
1520 2886 1670 2955 μεγί-

64 2995 190 3040 στη,
251 2977 275 3027 6
334 2970 392 3027 δὲ
455 2974 741 3046 Βούλγαρος

60 3060 436 3118 Μακεδονικῶν

824 2974 1058 3033 Ἰωάννης
1142 2975 1272 3045 μετά
1326 2981 1425 3024 τῶν
1480 2971 1672 3024 λοιπςυν

537 3063 728 3116 πόλεων
832 3067 923 3115 καὶ
1018 3065 1214 3120 ταύτην
1317 3061 1674 3135 πολιορκήσας

61 3154 400 3228 κατήρειψεν,
461 3157 525 3214 ὡς
581 3159 729 3226 κώμη
803 3158 919 3204 τότε
984 3151 1257 3224 ἐτύγχανε,
1313 3159 1404 3212 τῆς
1453 3149 1676 3224 ἀκροπό-

60 3243 188 3303 λεως
238 3247 394 3315 μόνης
472 3245 994 3316 περιτετειχισμένης
1073 3245 1164 3292 καὶ
1257 3219 1744 3314 ηύτρεπισμένηςΟ

65 3329 324 3394 δέξασθαι
410 3330 652 3404 πόλεμον,
723 3331 784 3390 ἧς
866 3328 1031 3402 φύλαξ
1080 3325 1140 3387 ἧν
1205 3327 1326 3404 ἀνὴρ
1388 3328 1676 3401 Βούλγαρος

65 3427 348 3494 Δραγωτᾶς
386 3421 498 3492 (85)
546 3424 640 3479 τὴν
693 3419 899 3486 κλῆσιν,
972 3418 1020 3479 ἐς
1076 3417 1350 3472 Μελενίκου
1411 3420 1503 3478 τὰς
1533 3417 1674 3476 οἰκή-

67 3530 178 3571 σεις
229 3513 552 3582 ποιούμενος.
613 3509 755 3562 Ἐπεὶ
811 3516 933 3580 γοῦν
991 3511 1020 3566 ἡ
1071 3510 1213 3560 κάτω
1280 3507 1426 3566 πόλις
1482 3505 1675 3581 Σερρὢν

67 3599 378 3671 ἀτείχιστος
408 3596 469 3658 ἦν
501 3599 679 3669 (λίθοις
709 3602 794 3650 καὶ
839 3600 938 3669 γάρ
970 3601 1162 3669 μόνοις,
1195 3595 1454 3648 ἀσϐέστου
1514 3592 1671 3666 δίχα,

63 3694 161 3742 καὶ
203 3694 273 3761 μὴ
333 3687 641 3761 ἀνηγμένοις
695 3687 765 3749 εἰς
823 3686 957 3758 ὕψος
1009 3688 1075 3738 τά
1115 3687 1474 3757 τεθραυσμένα
1528 3686 1676 3755 τάχα

62 3777 531 3852 περιεφράγνυτο),
606 3780 724 3836 τοὺς
777 3774 860 3826 ἐπὶ
909 3776 1086 3847 μισθῷ
1172 3782 1277 3834 τοῖς
1325 3778 1674 3845 στρατιώταις

65 3865 427 3932 δουλεύοντας,
458 3864 549 3927 ούς
576 3870 666 3918 καὶ
690 3864 1092 3924 Τζουλούκωνας
1139 3864 1169 3920 ἠ
1207 3858 1420 3934 χυδαία
1471 3861 1676 3933 γλῶττα

61 3956 436 4027 κατονομάζει,
499 3954 578 4028 [Ρ.
635 3953 726 4028 41]
776 3955 1123 4026 συναθροίσας
1172 3953 1197 4002 6
1245 3950 1497 4023 βασιλεύς
1544 3969 1671 4022 κρα-

61 4055 235 4105 τῆσαι
281 4047 474 4106 ταύτης
530 4044 794 4116 ἠμέθισεν,
855 4041 960 4094 ἐπεὶ
1017 4049 1112 4101 τῶς
1170 4040 1461 4111 ἀναγκαίων
1515 4037 1675 4092 ἐσπά-

60 4136 233 4200 νιζον,
284 4133 332 4186 οἱ
394 4138 484 4185 καὶ
531 4134 728 4185 οἴκοθεν
785 4130 1042 4183 ἐκινοῦντο
1093 4149 1225 4204 προς
1276 4132 1334 4180 τό
1385 4129 1675 4201 εὐπορῆσαι

61 4233 170 4278 τῶν
227 4220 524 4296 χρειωδῶν.
591 4221 838 4291 Ὀρῶντες
879 4216 938 4272 δὲ
989 4224 1080 4271 καὶ
1135 4223 1228 4277 τὴν
1277 4224 1459 4293 χώραν
1509 4217 1675 4270 εύεπί-

62 4315 248 4382 ϐατον,
309 4315 374 4364 τά
425 4311 551 4374 τόξα
605 4308 870 4378 λαϐόντες,
931 4312 1007 4361 ἔτι
1064 4305 1123 4361 δὲ
1183 4313 1272 4360 καὶ
1330 4309 1536 4368 σπάθας
1582 4312 1674 4359 καί

63 4423 217 4464 τινας
273 4397 492 4462 σανίδας
559 4395 1132 4471 ἐξαυτοσχεὸιάσαντες
1180 4400 1244 4458 ὡς
1302 4393 1552 4462 ἀσπίδας,
1584 4401 1674 4448 καὶ

865 4492 922 4540 τὸ
1040 4487 1241 4548 ἀρεῑκον
1336 4485 1675 4548 ἀλαλάξαντες

65 4496 269 4554 ταύτας
344 4489 597 4565 προϐεϐλη
606 4495 766 4561 μένοι,
865 4492 922 4540 τὸ
1040 4487 1241 4561 ἀρεῑκόν

1564 359 1660 415 ΑΝ
1666 361 1709 414 Ν
1716 359 1913 417 ALES.

3283 367 3419 424 1086

1776 484 1914 540 inde
1939 483 2203 541 utilitatis
2232 485 2517 555 futurum,
2551 489 2728 545 rebus
2781 492 3171 562 Bulgarorum
3227 490 3422 563 magis

1775 589 1846 629 ac
1873 575 2065 646 magis
2092 574 2341 646 aﬂlictis,
2375 577 2480 648 qui
2509 577 2623 634 ista
2645 580 2874 636 ratione
2919 581 3278 650 legationem
3311 596 3422 652 pro

1774 677 1922 734 pace
1951 663 2214 718 ineunda
2253 665 2587 736 expeditius
2627 668 2960 733 admittent,
3007 685 3203 726 cuma
3256 668 3422 726 nullo

1773 755 2077 821 regantur,
2120 756 2177 807 et
2231 753 2474 809 infantis
2529 755 2824 812 Michaelis
2863 773 2933 812 ex
2993 759 3156 812 Irene
3217 757 3425 826 Angeli

1773 840 2060 895 Theodori
2095 840 2218 896 ﬁlia
2243 847 2442 897 Asano
2475 845 2737 916 suscepti
2765 845 3240 902 dominationem
3262 845 3423 902 subi-

1775 929 1906 984 turi.
1943 929 2116 995 Quod
2143 930 2189 985 si
2220 937 2482 987 castrum
2506 933 2586 988 ita
2613 934 2833 991 ferente
2854 935 3090 992 fortuna
3113 935 3284 991 nobis
3299 951 3424 991 non

1775 1020 2038 1084 cesserit,
2053 1020 2197 1091 quid
2211 1020 2351 1075 inde
2366 1024 2772 1079 Romanorum
2788 1025 3038 1097 imperio
3054 1024 3425 1081 incommodi

1773 1107 2080 1180 impendet
2113 1111 2140 1165 ξ)
2174 1111 2313 1164 Rem
2355 1113 2578 1182 experti
2615 1113 3004 1178 cessabimus,
3063 1128 3424 1186 rursumque

1774 1196 1935 1251 viros
1966 1197 2043 1251 ad
2076 1197 2358 1267 Bulgaros
2383 1198 2742 1271 legabimus,
2794 1203 2897 1274 qui
2957 1203 3036 1259 ab
3075 1203 3318 1270 infante,
3349 1217 3424 1258 ne

1775 1285 2018 1340 nomine
2032 1285 2278 1357 quidem
2293 1303 2511 1358 pugnae
2526 1291 2787 1362 conscio,
2806 1292 3124 1361 gubernati
3136 1291 3424 1348 lubentis-

1777 1374 1924 1428 sime
1967 1373 2178 1443 legatis
2236 1376 2509 1433 animum
2566 1379 2893 1436 advertent.
2979 1381 3233 1447 Quilibet
3285 1396 3425 1436 vero

1775 1464 1992 1536 quietis
2007 1464 2332 1521 commoda
2348 1466 2458 1521 sibi
2477 1474 2905 1539 repraesentans
2927 1486 3138 1543 pacem
3160 1473 3425 1543 exoptat.

1777 1553 2008 1624 Optime
2031 1554 2303 1608 omnium
2323 1571 2611 1626 magnum
2634 1557 3031 1614 domesticum
3057 1559 3426 1616 consuluisse

1776 1642 2122 1713 imperatori
2153 1643 2271 1714 80
2303 1644 2499 1699 visum
2530 1650 2635 1717 est,
2671 1651 2726 1701 et
2770 1648 2847 1703 ad
2902 1649 3103 1704 Serras
3146 1649 3273 1712 iter,
3297 1651 3429 1704 utut

1776 1731 1984 1803 potuit,
2019 1731 2367 1801 ingreditur,
2401 1734 2794 1807 proximeque
2834 1735 3129 1791 accedens
3164 1736 3428 1791 tentoriis

1779 1820 2016 1873 structis
2038 1825 2236 1874 castra
2286 1825 2561 1890 metatur,
2602 1837 2724 1877 non
2774 1824 3066 1879 exercitus
3123 1823 3344 1878 viribus
3364 1822 3428 1878 ﬁ-

1777 1905 1946 1970 dens,
1974 1923 2152 1978 quem
2178 1908 2461 1976 exiguum
2494 1925 2565 1964 ac
2587 1910 2874 1979 pusillum
2932 1910 3115 1966 fuisse
3143 1911 3424 1966 diximus.

1777 1993 1920 2048 Hinc
1954 1993 2304 2050 militaribus
2331 1997 2560 2051 artibus
2600 2013 2670 2053 ac
2701 1999 2932 2054 insidiis
2969 2000 3179 2054 urbem
3218 2014 3429 2069 aggre-

1776 2080 1954 2136 ditur.
1982 2084 2165 2137 Serrae
2196 2084 2444 2156 antiquo
2471 2101 2599 2141 aevo
2630 2087 2832 2142 civitas
2855 2089 3142 2156 maxima,
3168 2092 3429 2158 postmo-

1777 2169 1921 2225 dum
1950 2189 1984 2226 a
2005 2174 2230 2226 Joanne
2263 2172 2514 2242 Bulgaro
2545 2190 2667 2231 una
2717 2192 2853 2231 cum
2875 2176 3005 2232 aliis
3034 2175 3428 2233 Macedonicis

1777 2259 2029 2314 urbibus
2048 2261 2359 2316 obsidione
2373 2267 2542 2332 septa
2557 2263 2803 2336 soloque
2816 2270 3075 2337 aequata,
3092 2271 3233 2321 tunc
3248 2264 3430 2321 veluti

1777 2349 1943 2403 vicus
1957 2355 2199 2421 apertus
2215 2351 2544 2422 prostabat,
2563 2368 2697 2408 arce
2711 2358 2941 2409 tantum
2965 2355 3150 2410 muris
3171 2355 3431 2410 circum-

1779 2443 1965 2508 septa,
1989 2438 2187 2511 sicque
2214 2440 2674 2497 accommodata
2695 2446 2758 2496 ut
2791 2442 3014 2498 bellum
3044 2447 3252 2514 posset
3275 2441 3430 2497 exci-

1778 2543 1938 2599 pere.
1961 2527 2115 2582 lllius
2135 2528 2422 2584 custodiae
2440 2529 2524 2584 vir
2545 2529 2833 2599 Bulgarus
2853 2532 3144 2601 Dragotas
3161 2531 3430 2598 nomine,

1779 2615 2037 2673 Melenici
2087 2616 2292 2672 sedem
2349 2618 2602 2685 habens,
2663 2619 3029 2690 invigilabat.
3088 2622 3236 2676 Cum
3288 2635 3432 2689 ergo

1783 2709 2089 2764 Serrarum
2129 2706 2275 2760 urbs
2329 2706 2571 2761 inferior
2627 2707 2861 2780 absque
2906 2709 3208 2765 mmnibus
3256 2712 3429 2780 esset,

1778 2796 2003 2867 quippe
2024 2811 2159 2867 quae
2193 2794 2348 2849 saxis
2371 2799 2602 2850 tantum
2635 2797 2870 2868 absque
2915 2797 3099 2866 calce,
3132 2814 3242 2854 nec
3271 2797 3342 2853 iis
3371 2797 3434 2852 in

1780 2884 2151 2940 altitudinem
2180 2882 2452 2952 sublatis,
2484 2883 2545 2938 in
2599 2884 2743 2940 locis
2791 2901 3101 2942 murorum
3134 2886 3433 2958 quassatis

1780 2973 2163 3045 disjectisque
2203 2970 2575 3042 cingebatur,
2618 2975 2891 3030 mercede
2923 2976 3253 3031 conductos
3282 2975 3433 3031 mili-

1781 3068 1908 3119 tum
1932 3062 2374 3134 famulos,quos
2413 3061 2776 3118 Tzucalonas
2805 3063 3022 3132 vulgus
3059 3063 3267 3133 lingua
3303 3079 3436 3135 pro-

1783 3155 1914 3227 pria
1927 3153 2285 3218 nominat,in
2300 3167 2480 3206 unum
2499 3166 2870 3221 exaggerans
2881 3153 3200 3225 imperator
3213 3152 3293 3209 ad
3305 3168 3433 3210 eam

1784 3242 2222 3315 occupandam,
2253 3256 2389 3296 cum
2411 3241 2762 3296 necessariis
2790 3242 3273 3309 destituerentur,
3306 3241 3436 3314 qui-

1783 3348 1900 3406 que
1917 3333 2100 3387 domo
2118 3328 2340 3399 egressi
2360 3328 2593 3384 fuerant
2612 3334 2674 3384 ut
2689 3330 2802 3386 sibi
2819 3330 3019 3386 futura
3049 3331 3180 3386 usui
3212 3329 3434 3386 submi-

1784 3421 2122 3484 nistrarent,
2151 3419 2429 3476 incitavit.
2460 3417 2525 3472 Hi
2557 3433 2693 3473 cum
2738 3418 2938 3476 locum
2983 3418 3144 3474 aditu
3198 3418 3436 3475 facilem

1782 3511 2089 3573 vidissent,
2113 3511 2370 3582 acceptis
2402 3510 2628 3580 sagittis
2667 3514 2722 3565 et
2753 3508 3021 3579 ensibus,
3058 3513 3115 3563 et
3135 3506 3436 3564 nonnullis

1785 3599 2003 3656 tabulis
2037 3599 2097 3654 in
2125 3599 2375 3656 modum
2391 3600 2538 3656 scuti
2561 3615 2632 3655 ex
2656 3602 2944 3670 tempore,
2963 3595 3186 3668 quibus
3213 3612 3434 3669 corpus

1783 3689 2189 3755 defenderent,
2232 3691 2558 3746 detornalis
2597 3689 2913 3744 classicum
2954 3689 3336 3744 concinentes
3374 3687 3435 3742 in

1784 3781 1994 3835 urbem
2020 3779 2149 3851 ipso
2167 3778 2427 3835 clamore
2449 3781 2810 3850 irrumpunt,
2830 3782 2887 3832 et
2907 3791 3030 3832 non
3052 3782 3187 3847 post
3211 3775 3434 3830 multas

1783 3870 1964 3926 horas
1981 3869 2304 3937 introeunt,
2322 3869 2504 3924 obvia
2524 3883 2780 3940 qureque
2795 3865 3054 3938 rapiunt.
3080 3868 3161 3920 Ex
3179 3863 3432 3930 civibus,

1783 3953 2130 4024 quicunque
2154 3953 2210 4006 in
2246 3969 2446 4008 arcem
2493 3968 2616 4007 non
2667 3949 3080 4016 convolarunt,
3133 3947 3434 4020 supplices

1783 4042 1862 4096 ad
1888 4041 2310 4111 imperatorem
2335 4039 2864 4110 Slegrediuntur.
2911 4036 3070 4091 Areis
3120 4035 3435 4108 praefectus

1783 4129 2091 4198 Dragotas,
2127 4129 2311 4183 homo
2341 4129 2646 4197 Bulgarus,
2676 4132 2731 4182 et
2759 4142 2865 4199 per
2896 4124 3155 4181 multum
3193 4129 3432 4196 tempus

1783 4219 1860 4275 ad
1882 4218 2136 4274 tuendas
2151 4233 2219 4272 ac
2231 4216 2642 4272 defendendas
2656 4231 2823 4270 arces
2855 4214 3030 4287 plane
3051 4213 3307 4285 ineptus,
3330 4211 3435 4268 ubi

1783 4305 2321 4364 audiitinferiorem
2339 4303 2549 4359 urbem
2580 4307 2818 4374 captam
2833 4317 2943 4357 nec
2961 4317 3081 4356 non
3098 4299 3326 4356 domini
3343 4299 3433 4354 sui

1784 4397 2035 4460 obitum,
2068 4395 2151 4449 ita
2173 4394 2405 4448 favente
2424 4392 2678 4456 fortuna,
2707 4407 2826 4446 non
2847 4390 2950 4446 diu
2969 4391 3295 4458 sustinens,
3321 4389 3434 4444 im-

1784 4477 2042 4555 peratori
2072 4475 2146 4530 de
2168 4490 2301 4530 arce
2319 4472 2597 4529 dedenda
2619 4471 2933 4540 signiﬁcat.
2956 4474 3018 4526 Et
3041 4471 3122 4526 sic
3154 4486 3261 4526 arx
3280 4469 3435 4524 illico

62 4591 318 4658 χωροῡσι
365 4583 501 4633 κατά
551 4588 644 4642 τῆς
694 4584 879 4652 χώρας
915 4577 1172 4643 αὐτοϐοεὶ,
1213 4581 1304 4628 καὶ
1351 4575 1399 4627 ἐν
1449 4575 1508 4626 ού
1555 4576 1628 4626 πο

1871 4571 2193 4641 peratorem
2207 4562 2571 4633 recognovit.
2583 4565 2875 4631 Dragotas
2891 4575 3195 4633 purpurea
3206 4558 3437 4615 chlaena

62 4675 191 4733 λαῑς
219 4674 374 4744 ὥραις
404 4668 543 4730 ἐντός
568 4668 812 4740 ἐγένοντο.
865 4666 1181 4719 Σκυλεύουσι
1229 4672 1350 4736 γοῦν
1417 4666 1485 4716 τά
1536 4683 1674 4737 παρ-

65 4763 362 4837 ευρεθέντα.
423 4761 489 4811 Οἱ
557 4754 616 4810 δὲ
674 4777 733 4828 γε
791 4755 947 4822 ἐντός,
1009 4756 1125 4807 ὅσοι
1173 4759 1244 4826 μὴ
1300 4752 1674 4824 ἐπεφθάκεισαν

146 4853 168 4886 9
225 4851 250 4900 6
318 4845 378 4901 δὲ
457 4845 803 4916 Παλαιολόγρς

146 4865 168 4886 ³
225 4869 250 4900 ο
318 4865 378 4901 οε
457 4865 803 4916 ιιαΛαιοΑογς

62 4921 284 5006 χαήλη
327 4922 368 4955 ιο
414 4927 517 4972 Τοῦ
597 4915 655 4970 δὲ
728 4865 852 5006 «gae

64 4985 148 5048 λῖν
175 4989 564 5066 διε’ριμμένην,
608 4993 699 5048 τὴν
753 4985 805 5040 δ’
852 4985 1148 5061 ἀκρόπολιν
1186 4988 1598 5054 τετειχισμένην,
1650 4989 1740 5034 καὶ

65 5067 161 5116 οὖν
204 5011 508 5116 ἀθίοίσαςό
570 5059 817 5116 βασιλεὺς
875 5065 1141 5116 κρατῆσαι
1192 5060 1389 5116 ταύτης
1438 5056 1667 5116 ἠρέθισε,
1729 5074 1740 5105 ι

65 5067 161 5119 οὖν
204 5067 237 5115 ἀ

343 5133 354 5149 ν
457 5133 469 5148 9

64 5117 314 5196 ἀσπίδας
335 5133 383 5186 ἐν
415 5117 473 5186 ού
537 5117 704 5202 πολλῷ
757 5117 1022 5203 κρατῆσαι
1086 5148 1276 5187 ταυτης
1319 5117 1579 5197 ἴσχυσαν,
1629 5129 1719 5176 καὶ
1772 5120 2089 5203 σκευλεύουσι⁵
2129 5121 2204 5203 ’τά
2249 5117 2630 5202 παρευρημξνα.

1786 4673 1933 4714 auro
1959 4657 2238 4710 contexta
2268 4652 2562 4720 amicitur,
2584 4656 2640 4707 et
2661 4655 2946 4706 staterum
2969 4665 3291 4706 aureorum
3319 4649 3436 4703 vim

1786 4762 1908 4803 non
1921 4740 2424 4800 contemnendam
2441 4740 2672 4812 accipit.
2688 4741 2861 4795 Proin
2875 4737 3222 4808 magniﬁcas
3236 4735 3438 4792 admo-

871 4846 896 4896 6
970 4849 1133 4915 μέγας
1214 4838 1523 4915 δομέστικος
1581 4846 1671 4893 καὶ
1724 4834 2110 4915 ἀποπειρᾶσθαι
2155 4829 2347 4913 Σερῥῡξν
2418 4832 2528 4915 ἔφη,
2560 4831 2622 4884 D.
2678 4828 2915 4915 omissis
2951 4832 3045 4912 Ξιαὶ
3099 4826 3153 4914 ,εἰ
3214 4855 3283 4910 -Τ-
3335 4831 3438 4908 Μι-

855 4893 1003 4987 μειοῖς
1043 4893 1080 4987 ’ὁ
1118 4893 1386 4986 ’βασύεεὺς
1466 4917 1558 4969 τὴν
1637 4893 1966 4987 {iovi-has:
2037 4905 2130 4987 ῖάς
2198 4893 2388 4987 ὲέβὲαξ
2437 4893 2668 4986 ἀφίκεῖο-
2717 4896 3004 4987 εὖρεδβέν
3047 4901 3148 4987 1'2”,
3187 4897 3435 4987 if???

2231 4975 2243 4991 θ

1790 4966 2138 5051 φύλακά-ἐπ’-
2181 4966 2311 5051 αύτῇ
2366 4966 2642 5051 Δραγωτᾶν
2684 4966 2822 5051 τρά.
2873 4974 3004 5051 ’ξοὺς
3047 4966 3438 5051 Τξουλούκανας

273 5035 509 5136 ροίσὲςό
551 5035 817 5133 ’βασιλεὺς
875 5035 1141 5132 κρατῆσαι
1192 5035 1389 5116 ταύτῖς
1425 5035 1667 5127 ιἠρέθισε,
1729 5035 1807 5105 οἱ.
1835 5052 1900 5101 τὰ
1947 5047 2074 5109 τόξα
2125 5035 2366 5106 λαϐόντες
2403 5035 2512 5095 ’καὶ
2575 5038 2796 5127 σανίδας
2847 5035 3336 5136 αύᾳτοσχεδιάσαντε
3367 5039 3439 5121 ³ὡς

343 5133 353 5136 -
458 5133 468 5136 -
605 5131 646 5136 __
1324 5131 1341 5136 ..
1701 5129 1710 5136 .
1875 5120 1892 5136 κ
1942 5121 1952 5136 1
2181 5121 2191 5135 η
2368 5135 2389 5136 ρ
2430 5135 2437 5136 ,
2533 5117 2550 5136 ι
2588 5133 2613 5136 --
2705 5119 2832 5136 Λ--.
2929 5111 3179 5136 ‘!__--._.._.
3229 5116 3327 5136 -.οδω
3362 5118 3408 5136 ε...

2680 5111 2836 5164 Ὀσοι
2888 5107 2922 5162 ὃ
2929 5106 3180 5181 ’ἴσχυσαν
3229 5116 3328 5159 τῶν
3360 5106 3438 5158 ἐν-

66 5182 183 5275 ζἑός,
248 5182 412 5258 ἱκέται
465 5207 592 5279 πρὸς
642 5189 728 5255 τόν
785 5182 1008 5276 βασιλέα
1057 5201 1204 5259 ἧκον.
1271 5182 1452 5251 Καὶηὸ
1475 5201 1777 5279 ⁸Δριιαγωτοῖς
1827 5189 2261 5279 διαπρεσϐεύεται
2314 5191 2442 5261 πρός
2495 5187 2581 5238 τὸν
2632 5182 2876 5256 βασιλέα,
2924 5186 3015 5234 καὶ
3074 5184 3332 5254 χρήματα
3351 5182 3441 5231 καὶ

66 5263 305 5340 ἐσθῆτας
327 5263 598 5350 δεξάμενος
623 5279 682 5327 τό
712 5263 848 5328 ἄστυ
882 5270 1128 5326 δέδωκεν.
1155 5270 1440 5342 ’Υπέσχετο
1463 5265 1521 5322 δὲ
1540 5263 1736 5321 ’δοῦναι
1761 5270 1851 5318 καὶ
1881 5263 2149 5318 Μελένικον
2173 5263 2236 5316 D.

990 5448 1331 5519 Theodori
1381 5448 1632 5514 Dousa;
1681 5454 1746 5513 et

149 5618 267 5690 (85)
289 5623 585 5692 Δραγωτᾶν.
619 5615 706 5672 Ita
734 5630 846 5671 ms.
888 5611 1214 5685 exemplar.
1250 5608 1444 5666 Malim
1467 5612 1672 5664 tamen

67 5706 602 5786 quemadmodum
631 5707 769 5780 post
797 5703 1079 5778 sequitur,
1117 5703 1178 5757 ut
1216 5699 1289 5756 sit
1318 5700 1343 5751 ὁ
1369 5702 1672 5775 Δραγωτᾶς.

1795 5441 2043 5512 Leonis
2094 5436 2328 5506 Allatii
2378 5444 2581 5502 notae.

1781 5605 2072 5675 Dragotes
2091 5599 2211 5656 sive
2228 5599 2522 5668 Dragutes
2545 5608 2768 5652 nomen
2791 5591 3106 5666 proprium
3125 5590 3237 5649 viri
3262 5590 3444 5650 etiam

1784 5693 1934 5751 alias
1955 5689 2233 5749 occurrit.
2275 5689 2492 5744 Dousa.
