  <div class='ocr_page' id='page_1' title='image "/cluster/home/n/w/nwhite01/storage/ocr_20150623/140/pst.000005714568/589.png"; bbox 0 0 3966 6324; ppageno 0'>
   <div class='ocr_carea' id='block_1_1' title="bbox 521 335 660 394">
    <p class='ocr_par' dir='ltr' id='par_1_1' title="bbox 521 335 660 394">
     <span class='ocr_line' id='line_1_1' title="bbox 521 335 660 394; baseline -0.014 0"><span class='ocrx_word' id='word_1_1' title='bbox 521 335 660 394; x_wconf 87' lang='grc'><strong>1087</strong></span> 
     </span>
    </p>
   </div>
   <div class='ocr_carea' id='block_1_2' title="bbox 1834 333 2599 394">
    <p class='ocr_par' dir='ltr' id='par_1_2' title="bbox 1834 333 2599 394">
     <span class='ocr_line' id='line_1_2' title="bbox 1834 333 2599 394; baseline -0.003 -2"><span class='ocrx_word' id='word_1_2' title='bbox 1834 336 2120 394; x_wconf 82' lang='lat' dir='ltr'><strong>GEORGII</strong></span> <span class='ocrx_word' id='word_1_3' title='bbox 2148 333 2599 392; x_wconf 67' lang='lat' dir='ltr'><strong>ACLOPOLITE</strong></span> 
     </span>
    </p>
   </div>
   <div class='ocr_carea' id='block_1_3' title="bbox 3784 328 3903 383">
    <p class='ocr_par' dir='ltr' id='par_1_3' title="bbox 3784 328 3903 383">
     <span class='ocr_line' id='line_1_3' title="bbox 3784 328 3903 383; baseline 0.008 -1"><span class='ocrx_word' id='word_1_4' title='bbox 3784 328 3903 383; x_wconf 62' lang='grc' dir='ltr'><strong>ΗΕΒ</strong></span> 
     </span>
    </p>
   </div>
   <div class='ocr_carea' id='block_1_4' title="bbox 517 450 2315 534">
    <p class='ocr_par' dir='ltr' id='par_1_4' title="bbox 517 457 2315 534">
     <span class='ocr_line' id='line_1_4' title="bbox 517 457 2315 534; baseline -0.004 -16"><span class='ocrx_word' id='word_1_5' title='bbox 517 461 668 519; x_wconf 91' lang='lat' dir='ltr'><strong>dum</strong></span> <span class='ocrx_word' id='word_1_6' title='bbox 707 461 1092 534; x_wconf 78' lang='lat' dir='ltr'><strong>maximeque</strong></span> <span class='ocrx_word' id='word_1_7' title='bbox 1128 476 1301 518; x_wconf 88' lang='lat' dir='ltr'>veras</span> <span class='ocrx_word' id='word_1_8' title='bbox 1329 460 1404 517; x_wconf 89' lang='lat' dir='ltr'><strong>de</strong></span> <span class='ocrx_word' id='word_1_9' title='bbox 1434 459 1713 517; x_wconf 86' lang='lat' dir='ltr'>Melenico</span> <span class='ocrx_word' id='word_1_10' title='bbox 1741 459 2170 532; x_wconf 89' lang='lat' dir='ltr'>promissiones</span> <span class='ocrx_word' id='word_1_11' title='bbox 2202 457 2244 510; x_wconf 87' lang='lat' dir='ltr'><strong>A</strong></span> <span class='ocrx_word' id='word_1_12' title='bbox 2279 459 2315 511; x_wconf 72' lang='grc' dir='ltr'><strong>εἰ</strong></span> 
     </span>
    </p>
   </div>
   <div class='ocr_carea' id='block_1_5' title="bbox 2282 450 3900 534">
    <p class='ocr_par' dir='ltr' id='par_1_5' title="bbox 2282 450 3900 529">
     <span class='ocr_line' id='line_1_5' title="bbox 2282 450 3900 529; baseline -0.005 -19"><span class='ocrx_word' id='word_1_13' title='bbox 2282 459 2353 520; x_wconf 82' lang='grc' dir='ltr'><strong>εἰς</strong></span> <span class='ocrx_word' id='word_1_14' title='bbox 2395 462 2490 514; x_wconf 79' lang='grc' dir='ltr'><strong>τὴν</strong></span> <span class='ocrx_word' id='word_1_15' title='bbox 2544 456 2823 529; x_wconf 79' lang='grc' dir='ltr'><strong>ἀκρόπολιν</strong></span> <span class='ocrx_word' id='word_1_16' title='bbox 2878 450 3218 528; x_wconf 83' lang='grc' dir='ltr'><strong>ἀναδραμεῖν,</strong></span> <span class='ocrx_word' id='word_1_17' title='bbox 3275 455 3444 506; x_wconf 77' lang='grc' dir='ltr'><strong>ἱκέται</strong></span> <span class='ocrx_word' id='word_1_18' title='bbox 3485 455 3626 528; x_wconf 79' lang='grc' dir='ltr'><strong>πρὸς</strong></span> <span class='ocrx_word' id='word_1_19' title='bbox 3680 456 3776 503; x_wconf 72' lang='grc' dir='ltr'><strong>τὸν</strong></span> <span class='ocrx_word' id='word_1_20' title='bbox 3822 452 3900 525; x_wconf 62' lang='grc' dir='ltr'><strong>βαε-</strong></span> 
     </span>
    </p>
   </div>
   <div class='ocr_carea' id='block_1_6' title="bbox 523 551 1063 624">
    <p class='ocr_par' dir='ltr' id='par_1_6' title="bbox 523 551 1063 624">
     <span class='ocr_line' id='line_1_6' title="bbox 523 551 1063 624; baseline -0.009 -16"><span class='ocrx_word' id='word_1_21' title='bbox 523 551 869 624; x_wconf 86' lang='lat' dir='ltr'>imperatori</span> <span class='ocrx_word' id='word_1_22' title='bbox 907 551 1063 606; x_wconf 90' lang='lat' dir='ltr'>fecit.</span> 
     </span>
    </p>
   </div>
   <div class='ocr_carea' id='block_1_7' title="bbox 2279 542 3896 620">
    <p class='ocr_par' dir='ltr' id='par_1_7' title="bbox 2279 542 3896 620">
     <span class='ocr_line' id='line_1_7' title="bbox 2279 542 3896 620; baseline -0.006 -19"><span class='ocrx_word' id='word_1_23' title='bbox 2279 548 2424 601; x_wconf 86' lang='grc' dir='ltr'><strong>σιλέα</strong></span> <span class='ocrx_word' id='word_1_24' title='bbox 2453 547 2694 620; x_wconf 68' lang='grc' dir='ltr'><strong>ἐξῄεσαν.</strong></span> <span class='ocrx_word' id='word_1_25' title='bbox 2732 547 2873 598; x_wconf 84' lang='grc' dir='ltr'><strong>Ἐπεὶ</strong></span> <span class='ocrx_word' id='word_1_26' title='bbox 2897 542 2994 597; x_wconf 85' lang='grc' dir='ltr'><strong>δ’ὁ</strong></span> <span class='ocrx_word' id='word_1_27' title='bbox 3021 553 3222 617; x_wconf 83' lang='grc' dir='ltr'><strong>κρατῶν</strong></span> <span class='ocrx_word' id='word_1_28' title='bbox 3268 551 3360 596; x_wconf 83' lang='grc' dir='ltr'><strong>τοῦ</strong></span> <span class='ocrx_word' id='word_1_29' title='bbox 3429 545 3632 603; x_wconf 80' lang='grc' dir='ltr'><strong>ἄστεος</strong></span> <span class='ocrx_word' id='word_1_30' title='bbox 3692 548 3896 616; x_wconf 54' lang='lat' dir='ltr'>Aps-frs-</span> 
     </span>
    </p>
   </div>
   <div class='ocr_carea' id='block_1_8' title="bbox 518 629 3899 716">
    <p class='ocr_par' dir='ltr' id='par_1_8' title="bbox 518 629 3899 716">
     <span class='ocr_line' id='line_1_8' title="bbox 518 629 3899 716; baseline -0.004 -21"><span class='ocrx_word' id='word_1_31' title='bbox 518 647 613 703; x_wconf 86' lang='grc' dir='ltr'><strong>τᾶς</strong></span> <span class='ocrx_word' id='word_1_32' title='bbox 674 645 766 698; x_wconf 64' lang='grc' dir='ltr'><strong>τὴν</strong></span> <span class='ocrx_word' id='word_1_33' title='bbox 817 643 959 692; x_wconf 87' lang='grc' dir='ltr'><strong>κάτω</strong></span> <span class='ocrx_word' id='word_1_34' title='bbox 1012 645 1194 716; x_wconf 88' lang='grc' dir='ltr'><strong>χώραν</strong></span> <span class='ocrx_word' id='word_1_35' title='bbox 1253 636 1384 693; x_wconf 81' lang='grc' dir='ltr'><strong>εἶδεν</strong></span> <span class='ocrx_word' id='word_1_36' title='bbox 1441 639 1689 708; x_wconf 86' lang='grc' dir='ltr'><strong>ἁλοῦσαν,</strong></span> <span class='ocrx_word' id='word_1_37' title='bbox 1752 638 1879 713; x_wconf 78' lang='grc' dir='ltr'><strong>ἀνὴρ</strong></span> <span class='ocrx_word' id='word_1_38' title='bbox 1942 638 2225 713; x_wconf 84' lang='grc' dir='ltr'><strong>Βούλγαρος</strong></span> <span class='ocrx_word' id='word_1_39' title='bbox 2271 644 2360 690; x_wconf 87' lang='grc' dir='ltr'><strong>καὶ</strong></span> <span class='ocrx_word' id='word_1_40' title='bbox 2411 640 2608 696; x_wconf 78' lang='grc' dir='ltr'><strong>ἣκιστα</strong></span> <span class='ocrx_word' id='word_1_41' title='bbox 2666 633 3070 707; x_wconf 76' lang='grc' dir='ltr'><strong>πεπαιδευμένος</strong></span> <span class='ocrx_word' id='word_1_42' title='bbox 3126 636 3262 691; x_wconf 82' lang='grc' dir='ltr'><strong>ἄστη</strong></span> <span class='ocrx_word' id='word_1_43' title='bbox 3311 638 3550 705; x_wconf 86' lang='grc' dir='ltr'><strong>χρονίως</strong></span> <span class='ocrx_word' id='word_1_44' title='bbox 3607 629 3899 702; x_wconf 63' lang='grc' dir='ltr'><strong>διαφυλάτ-</strong></span> 
     </span>
    </p>
   </div>
   <div class='ocr_carea' id='block_1_9' title="bbox 520 750 622 782">
    <p class='ocr_par' dir='ltr' id='par_1_9' title="bbox 520 750 622 782">
     <span class='ocr_line' id='line_1_9' title="bbox 520 750 622 782; baseline -0.02 0"><span class='ocrx_word' id='word_1_45' title='bbox 520 750 622 782; x_wconf 80' lang='grc' dir='ltr'><strong>τειν</strong></span> 
     </span>
    </p>
   </div>
   <div class='ocr_carea' id='block_1_10' title="bbox 630 727 2433 801">
    <p class='ocr_par' dir='ltr' id='par_1_10' title="bbox 630 727 2433 801">
     <span class='ocr_line' id='line_1_10' title="bbox 630 727 2433 801; baseline -0.002 -19"><span class='ocrx_word' id='word_1_46' title='bbox 630 774 644 799; x_wconf 86' lang='grc'><strong>,</strong></span> <span class='ocrx_word' id='word_1_47' title='bbox 699 732 875 801; x_wconf 88' lang='grc' dir='ltr'><strong>μαθὼν</strong></span> <span class='ocrx_word' id='word_1_48' title='bbox 931 727 990 783; x_wconf 73' lang='grc' dir='ltr'><strong>δὲ</strong></span> <span class='ocrx_word' id='word_1_49' title='bbox 1047 735 1136 782; x_wconf 83' lang='grc' dir='ltr'><strong>καὶ</strong></span> <span class='ocrx_word' id='word_1_50' title='bbox 1179 733 1267 782; x_wconf 87' lang='grc' dir='ltr'><strong>τὸν</strong></span> <span class='ocrx_word' id='word_1_51' title='bbox 1322 737 1414 782; x_wconf 84' lang='grc' dir='ltr'><strong>τοῦ</strong></span> <span class='ocrx_word' id='word_1_52' title='bbox 1462 727 1723 783; x_wconf 77' lang='grc' dir='ltr'><strong>δεσπότου</strong></span> <span class='ocrx_word' id='word_1_53' title='bbox 1781 730 1941 781; x_wconf 70' lang='grc' dir='ltr'><strong>αὐτοῦ</strong></span> <span class='ocrx_word' id='word_1_54' title='bbox 1996 731 2232 795; x_wconf 88' lang='grc' dir='ltr'><strong>θάνατον,</strong></span> <span class='ocrx_word' id='word_1_55' title='bbox 2291 731 2433 800; x_wconf 78' lang='grc' dir='ltr'><strong>τύχῃ</strong></span> 
     </span>
    </p>
   </div>
   <div class='ocr_carea' id='block_1_11' title="bbox 523 815 2934 893">
    <p class='ocr_par' dir='ltr' id='par_1_11' title="bbox 523 815 2934 893">
     <span class='ocr_line' id='line_1_11' title="bbox 523 815 2934 893; baseline -0.002 -22"><span class='ocrx_word' id='word_1_56' title='bbox 523 818 758 871; x_wconf 76' lang='grc' dir='ltr'><strong>σϐεύεται</strong></span> <span class='ocrx_word' id='word_1_57' title='bbox 804 822 930 893; x_wconf 88' lang='grc' dir='ltr'><strong>πρὸς</strong></span> <span class='ocrx_word' id='word_1_58' title='bbox 982 823 1068 870; x_wconf 88' lang='grc' dir='ltr'><strong>τὸν</strong></span> <span class='ocrx_word' id='word_1_59' title='bbox 1132 818 1375 891; x_wconf 85' lang='grc' dir='ltr'><strong>βασιλέα.</strong></span> <span class='ocrx_word' id='word_1_60' title='bbox 1420 824 1519 872; x_wconf 85' lang='grc' dir='ltr'><strong>Καὶ</strong></span> <span class='ocrx_word' id='word_1_61' title='bbox 1563 823 1619 870; x_wconf 86' lang='grc' dir='ltr'><strong>τό</strong></span> <span class='ocrx_word' id='word_1_62' title='bbox 1669 821 1757 891; x_wconf 72' lang='grc' dir='ltr'><strong>μὲν</strong></span> <span class='ocrx_word' id='word_1_63' title='bbox 1810 820 1944 870; x_wconf 82' lang='grc' dir='ltr'><strong>ἄστυ</strong></span> <span class='ocrx_word' id='word_1_64' title='bbox 1993 818 2145 878; x_wconf 70' lang='grc' dir='ltr'><strong>εὐθὺς</strong></span> <span class='ocrx_word' id='word_1_65' title='bbox 2204 820 2291 870; x_wconf 89' lang='grc' dir='ltr'><strong>τὸν</strong></span> <span class='ocrx_word' id='word_1_66' title='bbox 2345 815 2570 889; x_wconf 79' lang='grc' dir='ltr'><strong>βασιλέα</strong></span> <span class='ocrx_word' id='word_1_67' title='bbox 2624 815 2870 888; x_wconf 77' lang='grc' dir='ltr'><strong>ἐφὴμιζεν</strong></span> <span class='ocrx_word' id='word_1_68' title='bbox 2921 835 2934 847; x_wconf 90' lang='grc'>·</span> 
     </span>
    </p>
   </div>
   <div class='ocr_carea' id='block_1_12' title="bbox 517 899 3106 982">
    <p class='ocr_par' dir='ltr' id='par_1_12' title="bbox 517 899 3106 982">
     <span class='ocr_line' id='line_1_12' title="bbox 517 899 3106 982; baseline -0.002 -22"><span class='ocrx_word' id='word_1_69' title='bbox 517 914 688 979; x_wconf 85' lang='grc' dir='ltr'><strong>γωτᾶς</strong></span> <span class='ocrx_word' id='word_1_70' title='bbox 735 913 949 982; x_wconf 83' lang='grc' dir='ltr'><strong>χρυσὶῳ</strong></span> <span class='ocrx_word' id='word_1_71' title='bbox 1035 913 1430 981; x_wconf 75' lang='grc' dir='ltr'><strong>συνυφασμένην</strong></span> <span class='ocrx_word' id='word_1_72' title='bbox 1509 905 1799 975; x_wconf 72' lang='grc' dir='ltr'><strong>ἐνεδέδυτο,</strong></span> <span class='ocrx_word' id='word_1_73' title='bbox 1869 912 1958 960; x_wconf 81' lang='grc' dir='ltr'><strong>καὶ</strong></span> <span class='ocrx_word' id='word_1_74' title='bbox 2029 909 2300 981; x_wconf 73' lang='grc' dir='ltr'><strong>στατήρων</strong></span> <span class='ocrx_word' id='word_1_75' title='bbox 2371 906 2561 966; x_wconf 84' lang='grc' dir='ltr'><strong>πλῆθος</strong></span> <span class='ocrx_word' id='word_1_76' title='bbox 2634 912 2851 980; x_wconf 81' lang='grc' dir='ltr'><strong>χρυσῶν</strong></span> <span class='ocrx_word' id='word_1_77' title='bbox 2908 899 3106 960; x_wconf 73' lang='grc' dir='ltr'><strong>ἔδεκτο.</strong></span> 
     </span>
    </p>
   </div>
   <div class='ocr_carea' id='block_1_13' title="bbox 2523 718 3899 799">
    <p class='ocr_par' dir='ltr' id='par_1_13' title="bbox 2523 718 3899 799">
     <span class='ocr_line' id='line_1_13' title="bbox 2523 718 3899 799; baseline -0.005 -21"><span class='ocrx_word' id='word_1_78' title='bbox 2523 725 2691 798; x_wconf 76' lang='grc' dir='ltr'><strong>ἀγαθῇ</strong></span> <span class='ocrx_word' id='word_1_79' title='bbox 2779 725 2838 777; x_wconf 74' lang='grc' dir='ltr'><strong>οὗ</strong></span> <span class='ocrx_word' id='word_1_80' title='bbox 2899 721 2991 776; x_wconf 84' lang='grc' dir='ltr'><strong>διὰ</strong></span> <span class='ocrx_word' id='word_1_81' title='bbox 3039 731 3244 799; x_wconf 79' lang='grc' dir='ltr'><strong>μακροῦ</strong></span> <span class='ocrx_word' id='word_1_82' title='bbox 3297 726 3642 798; x_wconf 74' lang='grc' dir='ltr'><strong>καρτερήσας</strong></span> <span class='ocrx_word' id='word_1_83' title='bbox 3696 718 3899 791; x_wconf 50' lang='lat' dir='ltr'><strong>June;-</strong></span> 
     </span>
    </p>
   </div>
   <div class='ocr_carea' id='block_1_14' title="bbox 2986 812 3898 886">
    <p class='ocr_par' dir='ltr' id='par_1_14' title="bbox 2986 812 3898 886">
     <span class='ocr_line' id='line_1_14' title="bbox 2986 812 3898 886; baseline -0.005 -20"><span class='ocrx_word' id='word_1_84' title='bbox 2986 813 3237 886; x_wconf 82' lang='grc' dir='ltr'><strong>ἁλουργὸν</strong></span> <span class='ocrx_word' id='word_1_85' title='bbox 3290 821 3378 863; x_wconf 81' lang='grc' dir='ltr'><strong>οῦν</strong></span> <span class='ocrx_word' id='word_1_86' title='bbox 3419 812 3663 883; x_wconf 72' lang='grc' dir='ltr'><strong>χλαῖναν</strong></span> <span class='ocrx_word' id='word_1_87' title='bbox 3716 813 3740 862; x_wconf 79' lang='grc' dir='ltr'>ὁ</span> <span class='ocrx_word' id='word_1_88' title='bbox 3784 818 3898 884; x_wconf 52' lang='grc' dir='ltr'><strong>,δραι</strong></span> 
     </span>
    </p>
   </div>
   <div class='ocr_carea' id='block_1_15' title="bbox 3190 900 3894 973">
    <p class='ocr_par' dir='ltr' id='par_1_15' title="bbox 3190 900 3894 973">
     <span class='ocr_line' id='line_1_15' title="bbox 3190 900 3894 973; baseline -0.006 -19"><span class='ocrx_word' id='word_1_89' title='bbox 3190 900 3312 954; x_wconf 89' lang='grc' dir='ltr'><strong>’Υπο</strong></span> <span class='ocrx_word' id='word_1_90' title='bbox 3320 905 3541 973; x_wconf 65' lang='grc' dir='ltr'><strong>σχέσεις</strong></span> <span class='ocrx_word' id='word_1_91' title='bbox 3589 909 3732 972; x_wconf 81' lang='grc' dir='ltr'><strong>γοῦν</strong></span> <span class='ocrx_word' id='word_1_92' title='bbox 3783 902 3894 973; x_wconf 58' lang='grc' dir='ltr'><strong>ὑπὲρ</strong></span> 
     </span>
    </p>
   </div>
   <div class='ocr_carea' id='block_1_16' title="bbox 518 994 2744 1072">
    <p class='ocr_par' dir='ltr' id='par_1_16' title="bbox 518 994 2744 1072">
     <span class='ocr_line' id='line_1_16' title="bbox 518 994 2744 1072; baseline -0.001 -24"><span class='ocrx_word' id='word_1_93' title='bbox 518 1005 610 1049; x_wconf 88' lang='grc' dir='ltr'><strong>τοῦ</strong></span> <span class='ocrx_word' id='word_1_94' title='bbox 641 996 916 1051; x_wconf 87' lang='grc' dir='ltr'><strong>Μελενίκου</strong></span> <span class='ocrx_word' id='word_1_95' title='bbox 947 997 1086 1070; x_wconf 88' lang='grc' dir='ltr'><strong>μάλα</strong></span> <span class='ocrx_word' id='word_1_96' title='bbox 1111 997 1348 1072; x_wconf 82' lang='grc' dir='ltr'><strong>λαμπρὰς</strong></span> <span class='ocrx_word' id='word_1_97' title='bbox 1376 1001 1508 1072; x_wconf 88' lang='grc' dir='ltr'><strong>πρὸς</strong></span> <span class='ocrx_word' id='word_1_98' title='bbox 1527 1001 1614 1049; x_wconf 86' lang='grc' dir='ltr'><strong>τὸν</strong></span> <span class='ocrx_word' id='word_1_99' title='bbox 1661 996 1884 1069; x_wconf 80' lang='grc' dir='ltr'><strong>βασιλέα</strong></span> <span class='ocrx_word' id='word_1_100' title='bbox 1913 996 2206 1062; x_wconf 84' lang='grc' dir='ltr'><strong>ἐπεποὶητο,</strong></span> <span class='ocrx_word' id='word_1_101' title='bbox 2230 997 2494 1071; x_wconf 78' lang='grc' dir='ltr'><strong>ὑπεράγαν</strong></span> <span class='ocrx_word' id='word_1_102' title='bbox 2522 994 2744 1057; x_wconf 80' lang='grc' dir='ltr'><strong>ἀληθεῖς.</strong></span> 
     </span>
    </p>
   </div>
   <div class='ocr_carea' id='block_1_17' title="bbox 589 1087 2165 1160">
    <p class='ocr_par' dir='ltr' id='par_1_17' title="bbox 589 1087 2165 1160">
     <span class='ocr_line' id='line_1_17' title="bbox 589 1087 2165 1160; baseline -0.001 -18"><span class='ocrx_word' id='word_1_103' title='bbox 589 1089 680 1144; x_wconf 79' lang='grc'><strong>44.</strong></span> <span class='ocrx_word' id='word_1_104' title='bbox 696 1087 790 1142; x_wconf 88' lang='lat' dir='ltr'><strong>His</strong></span> <span class='ocrx_word' id='word_1_105' title='bbox 807 1087 1092 1143; x_wconf 90' lang='lat' dir='ltr'>omnibus</span> <span class='ocrx_word' id='word_1_106' title='bbox 1107 1087 1184 1143; x_wconf 91' lang='lat' dir='ltr'><strong>ab</strong></span> <span class='ocrx_word' id='word_1_107' title='bbox 1201 1088 1559 1160; x_wconf 83' lang='lat' dir='ltr'><strong>imperatore</strong></span> <span class='ocrx_word' id='word_1_108' title='bbox 1577 1087 1870 1156; x_wconf 79' lang='lat' dir='ltr'>Dragotas</span> <span class='ocrx_word' id='word_1_109' title='bbox 1883 1087 2165 1159; x_wconf 82' lang='lat' dir='ltr'><strong>acceptis,</strong></span> 
     </span>
    </p>
   </div>
   <div class='ocr_carea' id='block_1_18' title="bbox 518 1176 2170 1249">
    <p class='ocr_par' dir='ltr' id='par_1_18' title="bbox 518 1176 2170 1249">
     <span class='ocr_line' id='line_1_18' title="bbox 518 1176 2170 1249; baseline -0.001 -18"><span class='ocrx_word' id='word_1_110' title='bbox 518 1181 576 1231; x_wconf 90' lang='lat' dir='ltr'><strong>et</strong></span> <span class='ocrx_word' id='word_1_111' title='bbox 603 1176 780 1248; x_wconf 90' lang='lat' dir='ltr'>quasi</span> <span class='ocrx_word' id='word_1_112' title='bbox 802 1192 938 1232; x_wconf 91' lang='lat' dir='ltr'>esca</span> <span class='ocrx_word' id='word_1_113' title='bbox 967 1177 1095 1233; x_wconf 88' lang='lat' dir='ltr'>aliis</span> <span class='ocrx_word' id='word_1_114' title='bbox 1126 1179 1450 1249; x_wconf 85' lang='lat' dir='ltr'>expositus,</span> <span class='ocrx_word' id='word_1_115' title='bbox 1498 1176 1784 1242; x_wconf 83' lang='lat' dir='ltr'><strong>discessit,</strong></span> <span class='ocrx_word' id='word_1_116' title='bbox 1847 1183 2023 1248; x_wconf 90' lang='lat' dir='ltr'>atque</span> <span class='ocrx_word' id='word_1_117' title='bbox 2063 1179 2170 1232; x_wconf 86' lang='lat' dir='ltr'><strong>Me-</strong></span> 
     </span>
    </p>
   </div>
   <div class='ocr_carea' id='block_1_19' title="bbox 517 1264 2168 1335">
    <p class='ocr_par' dir='ltr' id='par_1_19' title="bbox 517 1264 2168 1335">
     <span class='ocr_line' id='line_1_19' title="bbox 517 1264 2168 1335; baseline -0.001 -15"><span class='ocrx_word' id='word_1_118' title='bbox 517 1264 772 1321; x_wconf 88' lang='lat' dir='ltr'>lenicum</span> <span class='ocrx_word' id='word_1_119' title='bbox 799 1265 1046 1321; x_wconf 87' lang='lat' dir='ltr'>veniens</span> <span class='ocrx_word' id='word_1_120' title='bbox 1075 1265 1283 1322; x_wconf 83' lang='lat' dir='ltr'>omnia</span> <span class='ocrx_word' id='word_1_121' title='bbox 1311 1266 1389 1322; x_wconf 90' lang='lat' dir='ltr'><strong>ad</strong></span> <span class='ocrx_word' id='word_1_122' title='bbox 1434 1265 1671 1321; x_wconf 87' lang='lat' dir='ltr'><strong>accolas</strong></span> <span class='ocrx_word' id='word_1_123' title='bbox 1727 1265 1922 1332; x_wconf 84' lang='lat' dir='ltr'><strong>refert,</strong></span> <span class='ocrx_word' id='word_1_124' title='bbox 1946 1279 2168 1335; x_wconf 92' lang='lat' dir='ltr'>eosque</span> 
     </span>
    </p>
   </div>
   <div class='ocr_carea' id='block_1_20' title="bbox 518 1354 2168 1426">
    <p class='ocr_par' dir='ltr' id='par_1_20' title="bbox 518 1354 2168 1426">
     <span class='ocr_line' id='line_1_20' title="bbox 518 1354 2168 1426; baseline -0.001 -17"><span class='ocrx_word' id='word_1_125' title='bbox 518 1359 584 1410; x_wconf 94' lang='lat' dir='ltr'><strong>ut</strong></span> <span class='ocrx_word' id='word_1_126' title='bbox 609 1354 955 1426; x_wconf 87' lang='lat' dir='ltr'><strong>imperatori</strong></span> <span class='ocrx_word' id='word_1_127' title='bbox 985 1371 1046 1411; x_wconf 93' lang='lat' dir='ltr'><strong>se</strong></span> <span class='ocrx_word' id='word_1_128' title='bbox 1076 1355 1320 1426; x_wconf 87' lang='lat' dir='ltr'><strong>dedant,</strong></span> <span class='ocrx_word' id='word_1_129' title='bbox 1344 1370 1468 1410; x_wconf 88' lang='lat' dir='ltr'><strong>non</strong></span> <span class='ocrx_word' id='word_1_130' title='bbox 1487 1355 1688 1410; x_wconf 71' lang='lat' dir='ltr'>haecin</span> <span class='ocrx_word' id='word_1_131' title='bbox 1720 1359 1927 1425; x_wconf 88' lang='lat' dir='ltr'>aperto</span> <span class='ocrx_word' id='word_1_132' title='bbox 1953 1354 2168 1408; x_wconf 87' lang='lat' dir='ltr'>edisse-</span> 
     </span>
    </p>
   </div>
   <div class='ocr_carea' id='block_1_21' title="bbox 518 1442 2168 1516">
    <p class='ocr_par' dir='ltr' id='par_1_21' title="bbox 518 1442 2168 1516">
     <span class='ocr_line' id='line_1_21' title="bbox 518 1442 2168 1516; baseline -0.002 -17"><span class='ocrx_word' id='word_1_133' title='bbox 518 1458 680 1511; x_wconf 91' lang='lat' dir='ltr'>rens,</span> <span class='ocrx_word' id='word_1_134' title='bbox 731 1445 836 1500; x_wconf 90' lang='lat' dir='ltr'><strong>sed</strong></span> <span class='ocrx_word' id='word_1_135' title='bbox 883 1444 1040 1500; x_wconf 88' lang='lat' dir='ltr'>clam</span> <span class='ocrx_word' id='word_1_136' title='bbox 1091 1444 1365 1516; x_wconf 83' lang='lat' dir='ltr'>plurimis</span> <span class='ocrx_word' id='word_1_137' title='bbox 1431 1459 1774 1499; x_wconf 87' lang='lat' dir='ltr'>sermonem</span> <span class='ocrx_word' id='word_1_138' title='bbox 1837 1442 2168 1499; x_wconf 90' lang='lat' dir='ltr'>communi-</span> 
     </span>
    </p>
   </div>
   <div class='ocr_carea' id='block_1_22' title="bbox 519 1530 2170 1604">
    <p class='ocr_par' dir='ltr' id='par_1_22' title="bbox 519 1530 2170 1604">
     <span class='ocr_line' id='line_1_22' title="bbox 519 1530 2170 1604; baseline 0.001 -19"><span class='ocrx_word' id='word_1_139' title='bbox 519 1546 686 1597; x_wconf 81' lang='lat' dir='ltr'>cans,</span> <span class='ocrx_word' id='word_1_140' title='bbox 704 1532 1072 1587; x_wconf 81' lang='lat' dir='ltr'><strong>adhortatur.</strong></span> <span class='ocrx_word' id='word_1_141' title='bbox 1092 1535 1239 1588; x_wconf 90' lang='lat' dir='ltr'>Cum</span> <span class='ocrx_word' id='word_1_142' title='bbox 1265 1535 1487 1602; x_wconf 86' lang='lat' dir='ltr'>autem,</span> <span class='ocrx_word' id='word_1_143' title='bbox 1509 1532 1612 1603; x_wconf 87' lang='lat' dir='ltr'><strong>qui</strong></span> <span class='ocrx_word' id='word_1_144' title='bbox 1641 1531 1932 1604; x_wconf 88' lang='lat' dir='ltr'>oppidum</span> <span class='ocrx_word' id='word_1_145' title='bbox 1958 1530 2170 1600; x_wconf 85' lang='lat' dir='ltr'>guber-</span> 
     </span>
    </p>
   </div>
   <div class='ocr_carea' id='block_1_23' title="bbox 519 1620 2170 1692">
    <p class='ocr_par' dir='ltr' id='par_1_23' title="bbox 519 1620 2170 1692">
     <span class='ocr_line' id='line_1_23' title="bbox 519 1620 2170 1692; baseline 0 -17"><span class='ocrx_word' id='word_1_146' title='bbox 519 1620 726 1686; x_wconf 86' lang='lat' dir='ltr'><strong>nabat,</strong></span> <span class='ocrx_word' id='word_1_147' title='bbox 751 1620 1024 1676; x_wconf 86' lang='lat' dir='ltr'>Nicolaus</span> <span class='ocrx_word' id='word_1_148' title='bbox 1052 1621 1321 1676; x_wconf 89' lang='lat' dir='ltr'>Litoboes</span> <span class='ocrx_word' id='word_1_149' title='bbox 1349 1626 1607 1689; x_wconf 77' lang='lat' dir='ltr'>aegrotus</span> <span class='ocrx_word' id='word_1_150' title='bbox 1632 1621 1782 1676; x_wconf 91' lang='lat' dir='ltr'>lecto</span> <span class='ocrx_word' id='word_1_151' title='bbox 1813 1622 2037 1692; x_wconf 90' lang='lat' dir='ltr'>pedum</span> <span class='ocrx_word' id='word_1_152' title='bbox 2063 1620 2170 1675; x_wconf 91' lang='lat' dir='ltr'>do-</span> 
     </span>
    </p>
   </div>
   <div class='ocr_carea' id='block_1_24' title="bbox 518 1708 2168 1776">
    <p class='ocr_par' dir='ltr' id='par_1_24' title="bbox 518 1708 2168 1776">
     <span class='ocr_line' id='line_1_24' title="bbox 518 1708 2168 1776; baseline 0 -12"><span class='ocrx_word' id='word_1_153' title='bbox 518 1708 746 1764; x_wconf 88' lang='lat' dir='ltr'>loribus</span> <span class='ocrx_word' id='word_1_154' title='bbox 774 1714 1086 1776; x_wconf 87' lang='lat' dir='ltr'>teneretur,</span> <span class='ocrx_word' id='word_1_155' title='bbox 1117 1710 1297 1774; x_wconf 79' lang='lat' dir='ltr'>libere</span> <span class='ocrx_word' id='word_1_156' title='bbox 1331 1727 1542 1766; x_wconf 89' lang='lat' dir='ltr'>omnes</span> <span class='ocrx_word' id='word_1_157' title='bbox 1591 1711 1880 1766; x_wconf 87' lang='lat' dir='ltr'>arbitratu</span> <span class='ocrx_word' id='word_1_158' title='bbox 1939 1726 2048 1766; x_wconf 93' lang='lat' dir='ltr'><strong>suo</strong></span> <span class='ocrx_word' id='word_1_159' title='bbox 2073 1726 2168 1765; x_wconf 92' lang='lat' dir='ltr'><strong>res</strong></span> 
     </span>
    </p>
   </div>
   <div class='ocr_carea' id='block_1_25' title="bbox 520 1797 2239 1876">
    <p class='ocr_par' dir='ltr' id='par_1_25' title="bbox 520 1797 2239 1876">
     <span class='ocr_line' id='line_1_25' title="bbox 520 1797 2239 1876; baseline 0.002 -24"><span class='ocrx_word' id='word_1_160' title='bbox 520 1797 810 1870; x_wconf 87' lang='lat' dir='ltr'>quasipsi</span> <span class='ocrx_word' id='word_1_161' title='bbox 835 1798 1051 1854; x_wconf 81' lang='lat' dir='ltr'>vellent</span> <span class='ocrx_word' id='word_1_162' title='bbox 1075 1801 1356 1869; x_wconf 84' lang='lat' dir='ltr'><strong>agebant.</strong></span> <span class='ocrx_word' id='word_1_163' title='bbox 1392 1805 1545 1856; x_wconf 89' lang='lat' dir='ltr'>[nter</span> <span class='ocrx_word' id='word_1_164' title='bbox 1564 1801 1675 1855; x_wconf 90' lang='lat' dir='ltr'><strong>hos</strong></span> <span class='ocrx_word' id='word_1_165' title='bbox 1701 1800 1978 1856; x_wconf 84' lang='lat' dir='ltr'>Nicolaus</span> <span class='ocrx_word' id='word_1_166' title='bbox 2013 1802 2167 1855; x_wconf 85' lang='lat' dir='ltr'>Man-</span> <span class='ocrx_word' id='word_1_167' title='bbox 2201 1824 2239 1876; x_wconf 75' lang='grc' dir='ltr'>Β</span> 
     </span>
    </p>
   </div>
   <div class='ocr_carea' id='block_1_26' title="bbox 520 1887 2170 1958">
    <p class='ocr_par' dir='ltr' id='par_1_26' title="bbox 520 1887 2170 1958">
     <span class='ocr_line' id='line_1_26' title="bbox 520 1887 2170 1958; baseline 0.001 -16"><span class='ocrx_word' id='word_1_168' title='bbox 520 1887 761 1943; x_wconf 86' lang='lat' dir='ltr'>clavites</span> <span class='ocrx_word' id='word_1_169' title='bbox 786 1903 856 1943; x_wconf 84' lang='lat' dir='ltr'><strong>ex</strong></span> <span class='ocrx_word' id='word_1_170' title='bbox 889 1889 1281 1944; x_wconf 89' lang='lat' dir='ltr'>nobilioribus</span> <span class='ocrx_word' id='word_1_171' title='bbox 1335 1906 1491 1945; x_wconf 91' lang='lat' dir='ltr'>unus</span> <span class='ocrx_word' id='word_1_172' title='bbox 1543 1890 1801 1946; x_wconf 89' lang='lat' dir='ltr'>Melenici</span> <span class='ocrx_word' id='word_1_173' title='bbox 1831 1889 2061 1958; x_wconf 87' lang='lat' dir='ltr'>incolis,</span> <span class='ocrx_word' id='word_1_174' title='bbox 2078 1889 2170 1943; x_wconf 84' lang='lat' dir='ltr'><strong>vir</strong></span> 
     </span>
    </p>
   </div>
   <div class='ocr_carea' id='block_1_27' title="bbox 520 1975 2168 2050">
    <p class='ocr_par' dir='ltr' id='par_1_27' title="bbox 520 1975 2168 2050">
     <span class='ocr_line' id='line_1_27' title="bbox 520 1975 2168 2050; baseline 0 -17"><span class='ocrx_word' id='word_1_175' title='bbox 520 1975 721 2033; x_wconf 84' lang='lat' dir='ltr'>audax</span> <span class='ocrx_word' id='word_1_176' title='bbox 752 1983 807 2033; x_wconf 88' lang='lat' dir='ltr'><strong>et</strong></span> <span class='ocrx_word' id='word_1_177' title='bbox 836 1994 945 2050; x_wconf 92' lang='lat' dir='ltr'><strong>pro</strong></span> <span class='ocrx_word' id='word_1_178' title='bbox 973 1995 1035 2034; x_wconf 91' lang='lat' dir='ltr'><strong>re</strong></span> <span class='ocrx_word' id='word_1_179' title='bbox 1053 1985 1214 2041; x_wconf 87' lang='lat' dir='ltr'>nata,</span> <span class='ocrx_word' id='word_1_180' title='bbox 1240 1981 1322 2034; x_wconf 87' lang='lat' dir='ltr'><strong>uti</strong></span> <span class='ocrx_word' id='word_1_181' title='bbox 1345 1985 1579 2050; x_wconf 88' lang='lat' dir='ltr'>tempus</span> <span class='ocrx_word' id='word_1_182' title='bbox 1605 1979 1798 2048; x_wconf 91' lang='lat' dir='ltr'>daret,</span> <span class='ocrx_word' id='word_1_183' title='bbox 1828 1979 1988 2034; x_wconf 88' lang='lat' dir='ltr'>varie</span> <span class='ocrx_word' id='word_1_184' title='bbox 2009 1995 2069 2033; x_wconf 92' lang='lat' dir='ltr'><strong>se</strong></span> <span class='ocrx_word' id='word_1_185' title='bbox 2091 1978 2168 2033; x_wconf 84' lang='lat' dir='ltr'><strong>ef-</strong></span> 
     </span>
    </p>
   </div>
   <div class='ocr_carea' id='block_1_28' title="bbox 519 2066 2170 2142">
    <p class='ocr_par' dir='ltr' id='par_1_28' title="bbox 519 2066 2170 2142">
     <span class='ocr_line' id='line_1_28' title="bbox 519 2066 2170 2142; baseline 0.001 -20"><span class='ocrx_word' id='word_1_186' title='bbox 519 2066 789 2137; x_wconf 89' lang='lat' dir='ltr'>ﬁngendi</span> <span class='ocrx_word' id='word_1_187' title='bbox 821 2083 1007 2135; x_wconf 83' lang='lat' dir='ltr'>sagax</span> <span class='ocrx_word' id='word_1_188' title='bbox 1038 2085 1106 2125; x_wconf 90' lang='lat' dir='ltr'>ac</span> <span class='ocrx_word' id='word_1_189' title='bbox 1132 2070 1468 2142; x_wconf 83' lang='lat' dir='ltr'>perspicax,</span> <span class='ocrx_word' id='word_1_190' title='bbox 1508 2085 1645 2142; x_wconf 69' lang='lat' dir='ltr'>quae</span> <span class='ocrx_word' id='word_1_191' title='bbox 1676 2086 1711 2125; x_wconf 90' lang='lat' dir='ltr'><strong>a</strong></span> <span class='ocrx_word' id='word_1_192' title='bbox 1771 2073 2026 2138; x_wconf 85' lang='lat' dir='ltr'>Dragota</span> <span class='ocrx_word' id='word_1_193' title='bbox 2046 2083 2170 2123; x_wconf 86' lang='lat' dir='ltr'>mo-</span> 
     </span>
    </p>
   </div>
   <div class='ocr_carea' id='block_1_29' title="bbox 517 2150 2170 2230">
    <p class='ocr_par' dir='ltr' id='par_1_29' title="bbox 517 2150 2170 2230">
     <span class='ocr_line' id='line_1_29' title="bbox 517 2150 2170 2230; baseline 0 -19"><span class='ocrx_word' id='word_1_194' title='bbox 517 2150 818 2213; x_wconf 86' lang='lat' dir='ltr'>liebantur</span> <span class='ocrx_word' id='word_1_195' title='bbox 843 2159 959 2229; x_wconf 78' lang='lat'><strong>82</strong></span> <span class='ocrx_word' id='word_1_196' title='bbox 985 2159 1397 2230; x_wconf 88' lang='lat' dir='ltr'>deprehensis,</span> <span class='ocrx_word' id='word_1_197' title='bbox 1450 2176 1520 2214; x_wconf 90' lang='lat' dir='ltr'><strong>ac</strong></span> <span class='ocrx_word' id='word_1_198' title='bbox 1579 2159 1820 2228; x_wconf 87' lang='lat' dir='ltr'>cognito</span> <span class='ocrx_word' id='word_1_199' title='bbox 1880 2174 1944 2214; x_wconf 89' lang='lat' dir='ltr'><strong>se</strong></span> <span class='ocrx_word' id='word_1_200' title='bbox 1991 2173 2170 2230; x_wconf 91' lang='lat' dir='ltr'>posse</span> 
     </span>
    </p>
   </div>
   <div class='ocr_carea' id='block_1_30' title="bbox 517 2246 2170 2321">
    <p class='ocr_par' dir='ltr' id='par_1_30' title="bbox 517 2246 2170 2321">
     <span class='ocr_line' id='line_1_30' title="bbox 517 2246 2170 2321; baseline 0.001 -19"><span class='ocrx_word' id='word_1_201' title='bbox 517 2246 862 2319; x_wconf 86' lang='lat' dir='ltr'>imperatori</span> <span class='ocrx_word' id='word_1_202' title='bbox 890 2249 1188 2320; x_wconf 89' lang='lat' dir='ltr'>promissa</span> <span class='ocrx_word' id='word_1_203' title='bbox 1239 2249 1524 2321; x_wconf 86' lang='lat' dir='ltr'>perﬁcere</span> <span class='ocrx_word' id='word_1_204' title='bbox 1572 2249 1620 2304; x_wconf 90' lang='lat' dir='ltr'><strong>si</strong></span> <span class='ocrx_word' id='word_1_205' title='bbox 1649 2249 2040 2304; x_wconf 86' lang='lat' dir='ltr'>multitudinis</span> <span class='ocrx_word' id='word_1_206' title='bbox 2064 2264 2170 2320; x_wconf 88' lang='lat' dir='ltr'>po—</span> 
     </span>
    </p>
   </div>
   <div class='ocr_carea' id='block_1_31' title="bbox 519 2337 2174 2408">
    <p class='ocr_par' dir='ltr' id='par_1_31' title="bbox 519 2337 2174 2408">
     <span class='ocr_line' id='line_1_31' title="bbox 519 2337 2174 2408; baseline 0.001 -16"><span class='ocrx_word' id='word_1_207' title='bbox 519 2337 730 2392; x_wconf 89' lang='lat' dir='ltr'>tiorem</span> <span class='ocrx_word' id='word_1_208' title='bbox 762 2343 995 2408; x_wconf 89' lang='lat' dir='ltr'>partem</span> <span class='ocrx_word' id='word_1_209' title='bbox 1023 2339 1084 2391; x_wconf 91' lang='lat' dir='ltr'><strong>in</strong></span> <span class='ocrx_word' id='word_1_210' title='bbox 1107 2339 1464 2393; x_wconf 88' lang='lat' dir='ltr'>sententiam</span> <span class='ocrx_word' id='word_1_211' title='bbox 1483 2353 1653 2393; x_wconf 92' lang='lat' dir='ltr'>suam</span> <span class='ocrx_word' id='word_1_212' title='bbox 1675 2339 1973 2406; x_wconf 84' lang='lat' dir='ltr'>traxisset,</span> <span class='ocrx_word' id='word_1_213' title='bbox 1990 2338 2066 2393; x_wconf 90' lang='lat' dir='ltr'><strong>ab</strong></span> <span class='ocrx_word' id='word_1_214' title='bbox 2079 2354 2174 2393; x_wconf 93' lang='lat' dir='ltr'>oc-</span> 
     </span>
    </p>
   </div>
   <div class='ocr_carea' id='block_1_32' title="bbox 519 2425 2172 2498">
    <p class='ocr_par' dir='ltr' id='par_1_32' title="bbox 519 2425 2172 2498">
     <span class='ocr_line' id='line_1_32' title="bbox 519 2425 2172 2498; baseline 0.002 -20"><span class='ocrx_word' id='word_1_215' title='bbox 519 2425 692 2479; x_wconf 87' lang='lat' dir='ltr'>cultis</span> <span class='ocrx_word' id='word_1_216' title='bbox 717 2425 1031 2497; x_wconf 88' lang='lat' dir='ltr'>colloquiis</span> <span class='ocrx_word' id='word_1_217' title='bbox 1087 2442 1215 2481; x_wconf 90' lang='lat' dir='ltr'>sese</span> <span class='ocrx_word' id='word_1_218' title='bbox 1259 2426 1566 2481; x_wconf 86' lang='lat' dir='ltr'>retrahens</span> <span class='ocrx_word' id='word_1_219' title='bbox 1628 2426 1831 2498; x_wconf 84' lang='lat' dir='ltr'>palam</span> <span class='ocrx_word' id='word_1_220' title='bbox 1891 2427 2172 2482; x_wconf 86' lang='lat' dir='ltr'>omnibus</span> 
     </span>
    </p>
   </div>
   <div class='ocr_carea' id='block_1_33' title="bbox 522 2512 2170 2586">
    <p class='ocr_par' dir='ltr' id='par_1_33' title="bbox 522 2512 2170 2586">
     <span class='ocr_line' id='line_1_33' title="bbox 522 2512 2170 2586; baseline 0.002 -19"><span class='ocrx_word' id='word_1_221' title='bbox 522 2512 686 2568; x_wconf 88' lang='lat' dir='ltr'>utilia</span> <span class='ocrx_word' id='word_1_222' title='bbox 712 2513 909 2578; x_wconf 82' lang='lat' dir='ltr'>edixit,</span> <span class='ocrx_word' id='word_1_223' title='bbox 933 2535 959 2562; x_wconf 84' lang='lat'><strong>«</strong></span> <span class='ocrx_word' id='word_1_224' title='bbox 983 2515 1151 2568; x_wconf 88' lang='lat' dir='ltr'>Pueri</span> <span class='ocrx_word' id='word_1_225' title='bbox 1182 2513 1509 2569; x_wconf 88' lang='lat' dir='ltr'>Callimani.</span> <span class='ocrx_word' id='word_1_226' title='bbox 1533 2532 1563 2567; x_wconf 66' lang='grc' dir='ltr'><strong>ν</strong></span> <span class='ocrx_word' id='word_1_227' title='bbox 1585 2515 1886 2586; x_wconf 86' lang='lat' dir='ltr'>inquiens,</span> <span class='ocrx_word' id='word_1_228' title='bbox 1915 2538 1934 2564; x_wconf 75' lang='grc' dir='ltr'><strong>α</strong></span> <span class='ocrx_word' id='word_1_229' title='bbox 1953 2516 2170 2586; x_wconf 88' lang='lat' dir='ltr'>princi-</span> 
     </span>
    </p>
   </div>
   <div class='ocr_carea' id='block_1_34' title="bbox 519 2602 2170 2676">
    <p class='ocr_par' dir='ltr' id='par_1_34' title="bbox 519 2602 2170 2676">
     <span class='ocr_line' id='line_1_34' title="bbox 519 2602 2170 2676; baseline 0.002 -19"><span class='ocrx_word' id='word_1_230' title='bbox 519 2606 660 2674; x_wconf 84' lang='lat' dir='ltr'>patu</span> <span class='ocrx_word' id='word_1_231' title='bbox 681 2602 890 2674; x_wconf 92' lang='lat' dir='ltr'>iniqua</span> <span class='ocrx_word' id='word_1_232' title='bbox 909 2604 1172 2675; x_wconf 89' lang='lat' dir='ltr'>perpessi</span> <span class='ocrx_word' id='word_1_233' title='bbox 1215 2620 1446 2670; x_wconf 90' lang='lat' dir='ltr'>sumus,</span> <span class='ocrx_word' id='word_1_234' title='bbox 1478 2620 1549 2659; x_wconf 85' lang='lat' dir='ltr'><strong>ea</strong></span> <span class='ocrx_word' id='word_1_235' title='bbox 1581 2609 1779 2660; x_wconf 89' lang='lat' dir='ltr'>tamen</span> <span class='ocrx_word' id='word_1_236' title='bbox 1805 2620 1928 2676; x_wconf 84' lang='lat' dir='ltr'>spe,</span> <span class='ocrx_word' id='word_1_237' title='bbox 1967 2621 2096 2671; x_wconf 93' lang='lat' dir='ltr'>nos,</span> <span class='ocrx_word' id='word_1_238' title='bbox 2124 2607 2170 2660; x_wconf 88' lang='lat' dir='ltr'><strong>si</strong></span> 
     </span>
    </p>
   </div>
   <div class='ocr_carea' id='block_1_35' title="bbox 521 2691 2175 2766">
    <p class='ocr_par' dir='ltr' id='par_1_35' title="bbox 521 2691 2175 2766">
     <span class='ocr_line' id='line_1_35' title="bbox 521 2691 2175 2766; baseline 0.004 -21"><span class='ocrx_word' id='word_1_239' title='bbox 521 2707 674 2763; x_wconf 90' lang='lat' dir='ltr'>puer</span> <span class='ocrx_word' id='word_1_240' title='bbox 688 2692 746 2746; x_wconf 91' lang='lat' dir='ltr'><strong>in</strong></span> <span class='ocrx_word' id='word_1_241' title='bbox 782 2691 974 2746; x_wconf 88' lang='lat' dir='ltr'>virum</span> <span class='ocrx_word' id='word_1_242' title='bbox 1009 2692 1311 2759; x_wconf 87' lang='lat' dir='ltr'>evasisset,</span> <span class='ocrx_word' id='word_1_243' title='bbox 1344 2699 1524 2749; x_wconf 71' lang='lat' dir='ltr'>tantae</span> <span class='ocrx_word' id='word_1_244' title='bbox 1551 2694 1878 2750; x_wconf 60' lang='lat' dir='ltr'>tolerantiae</span> <span class='ocrx_word' id='word_1_245' title='bbox 1928 2695 2175 2766; x_wconf 66' lang='lat' dir='ltr'>praemia</span> 
     </span>
    </p>
   </div>
   <div class='ocr_carea' id='block_1_36' title="bbox 518 2782 2173 2856">
    <p class='ocr_par' dir='ltr' id='par_1_36' title="bbox 518 2782 2173 2856">
     <span class='ocr_line' id='line_1_36' title="bbox 518 2782 2173 2856; baseline 0.002 -19"><span class='ocrx_word' id='word_1_246' title='bbox 518 2785 1209 2853; x_wconf 89' lang='lat' dir='ltr'>recepturos,postquam</span> <span class='ocrx_word' id='word_1_247' title='bbox 1231 2782 1324 2837; x_wconf 91' lang='lat' dir='ltr'>ille</span> <span class='ocrx_word' id='word_1_248' title='bbox 1356 2787 1589 2838; x_wconf 68' lang='lat' dir='ltr'>aetatem</span> <span class='ocrx_word' id='word_1_249' title='bbox 1615 2783 1801 2850; x_wconf 89' lang='lat' dir='ltr'>illam,</span> <span class='ocrx_word' id='word_1_250' title='bbox 1823 2801 1958 2856; x_wconf 74' lang='lat' dir='ltr'>quae</span> <span class='ocrx_word' id='word_1_251' title='bbox 1982 2785 2173 2840; x_wconf 89' lang='lat' dir='ltr'>virum</span> 
     </span>
    </p>
   </div>
   <div class='ocr_carea' id='block_1_37' title="bbox 519 2869 2173 2944">
    <p class='ocr_par' dir='ltr' id='par_1_37' title="bbox 519 2869 2173 2944">
     <span class='ocr_line' id='line_1_37' title="bbox 519 2869 2173 2944; baseline 0.003 -20"><span class='ocrx_word' id='word_1_252' title='bbox 519 2869 780 2942; x_wconf 89' lang='lat' dir='ltr'>probum</span> <span class='ocrx_word' id='word_1_253' title='bbox 809 2886 846 2926; x_wconf 92' lang='lat' dir='ltr'><strong>a</strong></span> <span class='ocrx_word' id='word_1_254' title='bbox 873 2870 1034 2926; x_wconf 89' lang='lat' dir='ltr'>malo</span> <span class='ocrx_word' id='word_1_255' title='bbox 1102 2887 1412 2928; x_wconf 89' lang='lat' dir='ltr'>secernere</span> <span class='ocrx_word' id='word_1_256' title='bbox 1451 2877 1672 2944; x_wconf 89' lang='lat' dir='ltr'>potest,</span> <span class='ocrx_word' id='word_1_257' title='bbox 1717 2873 2022 2943; x_wconf 81' lang='lat' dir='ltr'>attigisset.</span> <span class='ocrx_word' id='word_1_258' title='bbox 2060 2875 2173 2931; x_wconf 86' lang='lat' dir='ltr'>Sed</span> 
     </span>
    </p>
   </div>
   <div class='ocr_carea' id='block_1_38' title="bbox 519 2959 2173 3030">
    <p class='ocr_par' dir='ltr' id='par_1_38' title="bbox 519 2959 2173 3030">
     <span class='ocr_line' id='line_1_38' title="bbox 519 2959 2173 3030; baseline 0.002 -16"><span class='ocrx_word' id='word_1_259' title='bbox 519 2974 659 3014; x_wconf 88' lang='lat' dir='ltr'><strong>cum</strong></span> <span class='ocrx_word' id='word_1_260' title='bbox 689 2959 749 3015; x_wconf 93' lang='lat' dir='ltr'><strong>id</strong></span> <span class='ocrx_word' id='word_1_261' title='bbox 780 2959 1034 3016; x_wconf 89' lang='lat' dir='ltr'>adversa</span> <span class='ocrx_word' id='word_1_262' title='bbox 1053 2959 1293 3016; x_wconf 88' lang='lat' dir='ltr'>fortuna</span> <span class='ocrx_word' id='word_1_263' title='bbox 1333 2961 1730 3030; x_wconf 91' lang='lat' dir='ltr'>amiserimus,</span> <span class='ocrx_word' id='word_1_264' title='bbox 1763 2968 1819 3018; x_wconf 90' lang='lat' dir='ltr'><strong>et</strong></span> <span class='ocrx_word' id='word_1_265' title='bbox 1846 2963 2173 3018; x_wconf 87' lang='lat' dir='ltr'>infantulus</span> 
     </span>
    </p>
   </div>
   <div class='ocr_carea' id='block_1_39' title="bbox 520 3047 2172 3123">
    <p class='ocr_par' dir='ltr' id='par_1_39' title="bbox 520 3047 2172 3123">
     <span class='ocr_line' id='line_1_39' title="bbox 520 3047 2172 3123; baseline 0.001 -18"><span class='ocrx_word' id='word_1_266' title='bbox 520 3047 672 3105; x_wconf 85' lang='lat' dir='ltr'>alius</span> <span class='ocrx_word' id='word_1_267' title='bbox 685 3048 762 3104; x_wconf 90' lang='lat' dir='ltr'><strong>ad</strong></span> <span class='ocrx_word' id='word_1_268' title='bbox 776 3049 1072 3122; x_wconf 85' lang='lat' dir='ltr'>regendos</span> <span class='ocrx_word' id='word_1_269' title='bbox 1089 3050 1373 3120; x_wconf 88' lang='lat' dir='ltr'>Bulgaros</span> <span class='ocrx_word' id='word_1_270' title='bbox 1384 3056 1795 3123; x_wconf 70' lang='lat' dir='ltr'>praeponatur,</span> <span class='ocrx_word' id='word_1_271' title='bbox 1813 3053 1978 3107; x_wconf 91' lang='lat' dir='ltr'>omni</span> <span class='ocrx_word' id='word_1_272' title='bbox 1995 3052 2172 3107; x_wconf 91' lang='lat' dir='ltr'>stulto</span> 
     </span>
    </p>
   </div>
   <div class='ocr_carea' id='block_1_40' title="bbox 521 3138 2172 3206">
    <p class='ocr_par' dir='ltr' id='par_1_40' title="bbox 521 3138 2172 3206">
     <span class='ocr_line' id='line_1_40' title="bbox 521 3138 2172 3206; baseline 0.002 -14"><span class='ocrx_word' id='word_1_273' title='bbox 521 3138 798 3195; x_wconf 88' lang='lat' dir='ltr'>stuliores</span> <span class='ocrx_word' id='word_1_274' title='bbox 827 3155 1114 3206; x_wconf 92' lang='lat' dir='ltr'>essemus,</span> <span class='ocrx_word' id='word_1_275' title='bbox 1146 3140 1196 3195; x_wconf 90' lang='lat' dir='ltr'><strong>si</strong></span> <span class='ocrx_word' id='word_1_276' title='bbox 1219 3140 1350 3195; x_wconf 90' lang='lat' dir='ltr'>aliis</span> <span class='ocrx_word' id='word_1_277' title='bbox 1389 3156 1628 3196; x_wconf 88' lang='lat' dir='ltr'>rursum</span> <span class='ocrx_word' id='word_1_278' title='bbox 1663 3141 1998 3196; x_wconf 88' lang='lat' dir='ltr'>infortuniis</span> <span class='ocrx_word' id='word_1_279' title='bbox 2038 3157 2172 3197; x_wconf 91' lang='lat' dir='ltr'>nos-</span> 
     </span>
    </p>
   </div>
   <div class='ocr_carea' id='block_1_41' title="bbox 519 3227 2167 3302">
    <p class='ocr_par' dir='ltr' id='par_1_41' title="bbox 519 3227 2167 3302">
     <span class='ocr_line' id='line_1_41' title="bbox 519 3227 2167 3302; baseline 0.002 -19"><span class='ocrx_word' id='word_1_280' title='bbox 519 3227 805 3299; x_wconf 89' lang='lat' dir='ltr'>metipsos</span> <span class='ocrx_word' id='word_1_281' title='bbox 834 3228 1197 3295; x_wconf 88' lang='lat' dir='ltr'>dederimus,</span> <span class='ocrx_word' id='word_1_282' title='bbox 1228 3233 1516 3301; x_wconf 89' lang='lat' dir='ltr'>tanquam</span> <span class='ocrx_word' id='word_1_283' title='bbox 1548 3231 1652 3302; x_wconf 91' lang='lat' dir='ltr'><strong>qui</strong></span> <span class='ocrx_word' id='word_1_284' title='bbox 1673 3231 1733 3285; x_wconf 92' lang='lat' dir='ltr'><strong>in</strong></span> <span class='ocrx_word' id='word_1_285' title='bbox 1761 3246 1940 3286; x_wconf 90' lang='lat' dir='ltr'>omne</span> <span class='ocrx_word' id='word_1_286' title='bbox 1971 3247 2167 3286; x_wconf 77' lang='lat' dir='ltr'>sevum</span> 
     </span>
    </p>
   </div>
   <div class='ocr_carea' id='block_1_42' title="bbox 521 3315 2171 3390">
    <p class='ocr_par' dir='ltr' id='par_1_42' title="bbox 521 3315 2171 3390">
     <span class='ocr_line' id='line_1_42' title="bbox 521 3315 2171 3390; baseline 0.002 -18"><span class='ocrx_word' id='word_1_287' title='bbox 521 3315 750 3388; x_wconf 89' lang='lat' dir='ltr'>absque</span> <span class='ocrx_word' id='word_1_288' title='bbox 763 3318 1050 3390; x_wconf 87' lang='lat' dir='ltr'>principe,</span> <span class='ocrx_word' id='word_1_289' title='bbox 1070 3333 1131 3373; x_wconf 93' lang='lat' dir='ltr'><strong>re</strong></span> <span class='ocrx_word' id='word_1_290' title='bbox 1145 3318 1417 3373; x_wconf 89' lang='lat' dir='ltr'>omnium</span> <span class='ocrx_word' id='word_1_291' title='bbox 1433 3319 1892 3390; x_wconf 87' lang='lat' dir='ltr'>perniciosissim</span> <span class='ocrx_word' id='word_1_292' title='bbox 1903 3336 1957 3386; x_wconf 87' lang='lat' dir='ltr'><strong>a,</strong></span> <span class='ocrx_word' id='word_1_293' title='bbox 1972 3321 2171 3376; x_wconf 84' lang='lat' dir='ltr'>vivere</span> 
     </span>
    </p>
   </div>
   <div class='ocr_carea' id='block_1_43' title="bbox 519 3403 2171 3480">
    <p class='ocr_par' dir='ltr' id='par_1_43' title="bbox 519 3403 2171 3480">
     <span class='ocr_line' id='line_1_43' title="bbox 519 3403 2171 3480; baseline 0.004 -21"><span class='ocrx_word' id='word_1_294' title='bbox 519 3403 823 3459; x_wconf 90' lang='lat' dir='ltr'>vellemus.</span> <span class='ocrx_word' id='word_1_295' title='bbox 860 3405 973 3461; x_wconf 90' lang='lat' dir='ltr'>Sed</span> <span class='ocrx_word' id='word_1_296' title='bbox 1010 3407 1257 3477; x_wconf 91' lang='lat' dir='ltr'>quando</span> <span class='ocrx_word' id='word_1_297' title='bbox 1288 3409 1696 3462; x_wconf 86' lang='lat' dir='ltr'>Romanorum</span> <span class='ocrx_word' id='word_1_298' title='bbox 1727 3409 2054 3480; x_wconf 86' lang='lat' dir='ltr'>imperator</span> <span class='ocrx_word' id='word_1_299' title='bbox 2095 3410 2171 3466; x_wconf 90' lang='lat' dir='ltr'><strong>ad</strong></span> 
     </span>
    </p>
   </div>
   <div class='ocr_carea' id='block_1_44' title="bbox 520 3493 2170 3570">
    <p class='ocr_par' dir='ltr' id='par_1_44' title="bbox 520 3493 2170 3570">
     <span class='ocr_line' id='line_1_44' title="bbox 520 3493 2170 3570; baseline 0.005 -23"><span class='ocrx_word' id='word_1_300' title='bbox 520 3506 634 3547; x_wconf 91' lang='lat' dir='ltr'><strong>nos</strong></span> <span class='ocrx_word' id='word_1_301' title='bbox 660 3493 926 3559; x_wconf 89' lang='lat' dir='ltr'>accessit,</span> <span class='ocrx_word' id='word_1_302' title='bbox 958 3509 1071 3549; x_wconf 91' lang='lat' dir='ltr'><strong>nos</strong></span> <span class='ocrx_word' id='word_1_303' title='bbox 1094 3493 1173 3548; x_wconf 88' lang='lat' dir='ltr'>illi</span> <span class='ocrx_word' id='word_1_304' title='bbox 1191 3494 1314 3550; x_wconf 89' lang='lat' dir='ltr'>ﬁdo</span> <span class='ocrx_word' id='word_1_305' title='bbox 1335 3495 1583 3551; x_wconf 88' lang='lat' dir='ltr'>domino</span> <span class='ocrx_word' id='word_1_306' title='bbox 1606 3500 1661 3550; x_wconf 91' lang='lat' dir='ltr'><strong>et</strong></span> <span class='ocrx_word' id='word_1_307' title='bbox 1686 3497 1880 3552; x_wconf 90' lang='lat' dir='ltr'>virum</span> <span class='ocrx_word' id='word_1_308' title='bbox 1912 3499 2170 3570; x_wconf 90' lang='lat' dir='ltr'>probum</span> 
     </span>
    </p>
   </div>
   <div class='ocr_carea' id='block_1_45' title="bbox 523 3581 2168 3652">
    <p class='ocr_par' dir='ltr' id='par_1_45' title="bbox 523 3581 2168 3652">
     <span class='ocr_line' id='line_1_45' title="bbox 523 3581 2168 3652; baseline 0 -14"><span class='ocrx_word' id='word_1_309' title='bbox 523 3597 593 3638; x_wconf 90' lang='lat' dir='ltr'><strong>ac</strong></span> <span class='ocrx_word' id='word_1_310' title='bbox 623 3581 851 3636; x_wconf 90' lang='lat' dir='ltr'>malum</span> <span class='ocrx_word' id='word_1_311' title='bbox 873 3582 1096 3652; x_wconf 90' lang='lat' dir='ltr'>optime</span> <span class='ocrx_word' id='word_1_312' title='bbox 1144 3585 1527 3652; x_wconf 84' lang='lat' dir='ltr'>cognoscenti</span> <span class='ocrx_word' id='word_1_313' title='bbox 1567 3585 1798 3641; x_wconf 89' lang='lat' dir='ltr'>tradere</span> <span class='ocrx_word' id='word_1_314' title='bbox 1856 3586 2168 3644; x_wconf 88' lang='lat' dir='ltr'>debemus.</span> 
     </span>
    </p>
   </div>
   <div class='ocr_carea' id='block_1_46' title="bbox 524 3669 2172 3748">
    <p class='ocr_par' dir='ltr' id='par_1_46' title="bbox 524 3669 2172 3748">
     <span class='ocr_line' id='line_1_46' title="bbox 524 3669 2172 3748; baseline 0.006 -25"><span class='ocrx_word' id='word_1_315' title='bbox 524 3669 657 3741; x_wconf 88' lang='lat' dir='ltr'>Ipse</span> <span class='ocrx_word' id='word_1_316' title='bbox 679 3670 777 3742; x_wconf 89' lang='lat' dir='ltr'>jus</span> <span class='ocrx_word' id='word_1_317' title='bbox 805 3670 883 3726; x_wconf 90' lang='lat' dir='ltr'><strong>ab</strong></span> <span class='ocrx_word' id='word_1_318' title='bbox 913 3671 1162 3743; x_wconf 87' lang='lat' dir='ltr'>antiquo</span> <span class='ocrx_word' id='word_1_319' title='bbox 1189 3672 1249 3727; x_wconf 91' lang='lat' dir='ltr'><strong>in</strong></span> <span class='ocrx_word' id='word_1_320' title='bbox 1282 3688 1392 3728; x_wconf 90' lang='lat' dir='ltr'><strong>nos</strong></span> <span class='ocrx_word' id='word_1_321' title='bbox 1413 3673 1659 3744; x_wconf 88' lang='lat' dir='ltr'>obtinet,</span> <span class='ocrx_word' id='word_1_322' title='bbox 1684 3674 1850 3730; x_wconf 91' lang='lat' dir='ltr'>locus</span> <span class='ocrx_word' id='word_1_323' title='bbox 1874 3677 2172 3748; x_wconf 90' lang='lat' dir='ltr'>siquidem</span> 
     </span>
    </p>
   </div>
   <div class='ocr_carea' id='block_1_47' title="bbox 521 3758 2172 3832">
    <p class='ocr_par' dir='ltr' id='par_1_47' title="bbox 521 3758 2172 3832">
     <span class='ocr_line' id='line_1_47' title="bbox 521 3758 2172 3832; baseline 0.004 -16"><span class='ocrx_word' id='word_1_324' title='bbox 521 3758 618 3816; x_wconf 90' lang='lat' dir='ltr'><strong>hic</strong></span> <span class='ocrx_word' id='word_1_325' title='bbox 643 3764 845 3816; x_wconf 88' lang='lat' dir='ltr'>noster</span> <span class='ocrx_word' id='word_1_326' title='bbox 865 3760 1096 3832; x_wconf 90' lang='lat' dir='ltr'>imperii</span> <span class='ocrx_word' id='word_1_327' title='bbox 1123 3762 1372 3817; x_wconf 82' lang='lat' dir='ltr'>Romani</span> <span class='ocrx_word' id='word_1_328' title='bbox 1395 3767 1501 3817; x_wconf 92' lang='lat' dir='ltr'>est.</span> <span class='ocrx_word' id='word_1_329' title='bbox 1538 3761 1772 3832; x_wconf 87' lang='lat' dir='ltr'>Bulgari</span> <span class='ocrx_word' id='word_1_330' title='bbox 1801 3780 1938 3820; x_wconf 91' lang='lat' dir='ltr'>vero</span> <span class='ocrx_word' id='word_1_331' title='bbox 1967 3766 2172 3821; x_wconf 84' lang='lat' dir='ltr'>alienis</span> 
     </span>
    </p>
   </div>
   <div class='ocr_carea' id='block_1_48' title="bbox 523 3848 2172 3926">
    <p class='ocr_par' dir='ltr' id='par_1_48' title="bbox 523 3848 2172 3926">
     <span class='ocr_line' id='line_1_48' title="bbox 523 3848 2172 3926; baseline 0.004 -21"><span class='ocrx_word' id='word_1_332' title='bbox 523 3848 771 3905; x_wconf 86' lang='lat' dir='ltr'>avaritia</span> <span class='ocrx_word' id='word_1_333' title='bbox 791 3850 976 3921; x_wconf 87' lang='lat' dir='ltr'>raptis</span> <span class='ocrx_word' id='word_1_334' title='bbox 1001 3851 1345 3907; x_wconf 82' lang='lat' dir='ltr'>Melenicum</span> <span class='ocrx_word' id='word_1_335' title='bbox 1360 3868 1602 3924; x_wconf 90' lang='lat' dir='ltr'>quoque</span> <span class='ocrx_word' id='word_1_336' title='bbox 1633 3859 2022 3926; x_wconf 88' lang='lat' dir='ltr'>occuparunt.</span> <span class='ocrx_word' id='word_1_337' title='bbox 2056 3859 2172 3911; x_wconf 91' lang='lat' dir='ltr'>Nos</span> 
     </span>
    </p>
   </div>
   <div class='ocr_carea' id='block_1_49' title="bbox 521 3939 2171 4016">
    <p class='ocr_par' dir='ltr' id='par_1_49' title="bbox 521 3939 2171 4016">
     <span class='ocr_line' id='line_1_49' title="bbox 521 3939 2171 4016; baseline 0.002 -20"><span class='ocrx_word' id='word_1_338' title='bbox 521 3953 731 3996; x_wconf 89' lang='lat' dir='ltr'>omnes</span> <span class='ocrx_word' id='word_1_339' title='bbox 753 3954 824 3994; x_wconf 87' lang='lat' dir='ltr'><strong>ex</strong></span> <span class='ocrx_word' id='word_1_340' title='bbox 857 3939 1252 4013; x_wconf 86' lang='lat' dir='ltr'>Philippopoli</span> <span class='ocrx_word' id='word_1_341' title='bbox 1283 3941 1396 3996; x_wconf 88' lang='lat' dir='ltr'>orti</span> <span class='ocrx_word' id='word_1_342' title='bbox 1438 3941 1737 4013; x_wconf 89' lang='lat' dir='ltr'>primodia</span> <span class='ocrx_word' id='word_1_343' title='bbox 1793 3958 2033 4016; x_wconf 89' lang='lat' dir='ltr'>quoque</span> <span class='ocrx_word' id='word_1_344' title='bbox 2067 3960 2171 4015; x_wconf 89' lang='lat' dir='ltr'>ge-</span> 
     </span>
    </p>
   </div>
   <div class='ocr_carea' id='block_1_50' title="bbox 521 4027 2174 4098">
    <p class='ocr_par' dir='ltr' id='par_1_50' title="bbox 521 4027 2174 4098">
     <span class='ocr_line' id='line_1_50' title="bbox 521 4027 2174 4098; baseline 0.003 -15"><span class='ocrx_word' id='word_1_345' title='bbox 521 4028 681 4083; x_wconf 90' lang='lat' dir='ltr'>neris</span> <span class='ocrx_word' id='word_1_346' title='bbox 728 4027 962 4098; x_wconf 90' lang='lat' dir='ltr'>liquido</span> <span class='ocrx_word' id='word_1_347' title='bbox 1008 4028 1285 4084; x_wconf 88' lang='lat' dir='ltr'>ducimus</span> <span class='ocrx_word' id='word_1_348' title='bbox 1340 4045 1411 4084; x_wconf 90' lang='lat' dir='ltr'><strong>ex</strong></span> <span class='ocrx_word' id='word_1_349' title='bbox 1447 4030 1775 4086; x_wconf 81' lang='lat' dir='ltr'>Romainis.</span> <span class='ocrx_word' id='word_1_350' title='bbox 1807 4033 2085 4097; x_wconf 89' lang='lat' dir='ltr'>Quinimo</span> <span class='ocrx_word' id='word_1_351' title='bbox 2117 4036 2174 4088; x_wconf 87' lang='lat' dir='ltr'><strong>et</strong></span> 
     </span>
    </p>
   </div>
   <div class='ocr_carea' id='block_1_51' title="bbox 522 4115 2172 4192">
    <p class='ocr_par' dir='ltr' id='par_1_51' title="bbox 522 4115 2172 4192">
     <span class='ocr_line' id='line_1_51' title="bbox 522 4115 2172 4192; baseline 0.003 -20"><span class='ocrx_word' id='word_1_352' title='bbox 522 4117 930 4172; x_wconf 84' lang='lat' dir='ltr'>Romanorum</span> <span class='ocrx_word' id='word_1_353' title='bbox 963 4115 1309 4189; x_wconf 90' lang='lat' dir='ltr'>imperator,</span> <span class='ocrx_word' id='word_1_354' title='bbox 1337 4118 1471 4172; x_wconf 90' lang='lat' dir='ltr'>licet</span> <span class='ocrx_word' id='word_1_355' title='bbox 1493 4119 1727 4187; x_wconf 86' lang='lat' dir='ltr'>Bulgari</span> <span class='ocrx_word' id='word_1_356' title='bbox 1760 4136 2052 4187; x_wconf 90' lang='lat' dir='ltr'>essemus,</span> <span class='ocrx_word' id='word_1_357' title='bbox 2073 4122 2172 4192; x_wconf 88' lang='lat' dir='ltr'>jus</span> 
     </span>
    </p>
   </div>
   <div class='ocr_carea' id='block_1_52' title="bbox 522 4206 2172 4282">
    <p class='ocr_par' dir='ltr' id='par_1_52' title="bbox 522 4206 2172 4282">
     <span class='ocr_line' id='line_1_52' title="bbox 522 4206 2172 4282; baseline 0.004 -23"><span class='ocrx_word' id='word_1_358' title='bbox 522 4208 727 4260; x_wconf 89' lang='lat' dir='ltr'>tamen</span> <span class='ocrx_word' id='word_1_359' title='bbox 753 4206 813 4260; x_wconf 88' lang='lat' dir='ltr'><strong>in</strong></span> <span class='ocrx_word' id='word_1_360' title='bbox 843 4221 954 4260; x_wconf 90' lang='lat' dir='ltr'><strong>nos</strong></span> <span class='ocrx_word' id='word_1_361' title='bbox 985 4207 1184 4262; x_wconf 88' lang='lat' dir='ltr'>habet:</span> <span class='ocrx_word' id='word_1_362' title='bbox 1210 4206 1368 4262; x_wconf 88' lang='lat' dir='ltr'>ﬁlius</span> <span class='ocrx_word' id='word_1_363' title='bbox 1433 4208 1659 4280; x_wconf 90' lang='lat' dir='ltr'>quippe</span> <span class='ocrx_word' id='word_1_364' title='bbox 1712 4208 1867 4264; x_wconf 89' lang='lat' dir='ltr'>illius</span> <span class='ocrx_word' id='word_1_365' title='bbox 1896 4216 1952 4265; x_wconf 91' lang='lat' dir='ltr'><strong>et</strong></span> <span class='ocrx_word' id='word_1_366' title='bbox 1978 4211 2172 4282; x_wconf 91' lang='lat' dir='ltr'>impe-</span> 
     </span>
    </p>
   </div>
   <div class='ocr_carea' id='block_1_53' title="bbox 523 4294 2174 4371">
    <p class='ocr_par' dir='ltr' id='par_1_53' title="bbox 523 4294 2174 4371">
     <span class='ocr_line' id='line_1_53' title="bbox 523 4294 2174 4371; baseline 0.004 -24"><span class='ocrx_word' id='word_1_367' title='bbox 523 4297 684 4348; x_wconf 85' lang='lat' dir='ltr'>rator</span> <span class='ocrx_word' id='word_1_368' title='bbox 703 4294 1052 4351; x_wconf 91' lang='lat' dir='ltr'>Theodorus</span> <span class='ocrx_word' id='word_1_369' title='bbox 1071 4311 1209 4350; x_wconf 91' lang='lat' dir='ltr'><strong>cum</strong></span> <span class='ocrx_word' id='word_1_370' title='bbox 1236 4297 1470 4351; x_wconf 84' lang='lat' dir='ltr'>Asanos</span> <span class='ocrx_word' id='word_1_371' title='bbox 1496 4296 1889 4366; x_wconf 88' lang='lat' dir='ltr'>Bulgarorum</span> <span class='ocrx_word' id='word_1_372' title='bbox 1908 4299 2174 4371; x_wconf 89' lang='lat' dir='ltr'>principe</span> 
     </span>
    </p>
   </div>
   <div class='ocr_carea' id='block_1_54' title="bbox 524 4380 2173 4456">
    <p class='ocr_par' dir='ltr' id='par_1_54' title="bbox 524 4380 2173 4456">
     <span class='ocr_line' id='line_1_54' title="bbox 524 4380 2173 4456; baseline 0.004 -19"><span class='ocrx_word' id='word_1_373' title='bbox 524 4380 808 4438; x_wconf 79' lang='lat' dir='ltr'>afﬁnitate</span> <span class='ocrx_word' id='word_1_374' title='bbox 841 4384 1243 4453; x_wconf 89' lang='lat' dir='ltr'>conjungitur,</span> <span class='ocrx_word' id='word_1_375' title='bbox 1285 4399 1446 4440; x_wconf 90' lang='lat' dir='ltr'>nunc</span> <span class='ocrx_word' id='word_1_376' title='bbox 1497 4387 1651 4456; x_wconf 87' lang='lat' dir='ltr'>regis</span> <span class='ocrx_word' id='word_1_377' title='bbox 1692 4388 1869 4442; x_wconf 86' lang='lat' dir='ltr'>Asani</span> <span class='ocrx_word' id='word_1_378' title='bbox 1921 4388 2043 4444; x_wconf 88' lang='lat' dir='ltr'>ﬁlia</span> <span class='ocrx_word' id='word_1_379' title='bbox 2073 4389 2173 4444; x_wconf 91' lang='lat' dir='ltr'>do-</span> 
     </span>
    </p>
   </div>
   <div class='ocr_carea' id='block_1_55' title="bbox 525 4470 2175 4550">
    <p class='ocr_par' dir='ltr' id='par_1_55' title="bbox 525 4470 2175 4550">
     <span class='ocr_line' id='line_1_55' title="bbox 525 4470 2175 4550; baseline 0.005 -24"><span class='ocrx_word' id='word_1_380' title='bbox 525 4470 691 4526; x_wconf 90' lang='lat' dir='ltr'>mina</span> <span class='ocrx_word' id='word_1_381' title='bbox 726 4488 760 4527; x_wconf 89' lang='lat' dir='ltr'><strong>a</strong></span> <span class='ocrx_word' id='word_1_382' title='bbox 788 4475 1069 4528; x_wconf 81' lang='lat' dir='ltr'>Romanis</span> <span class='ocrx_word' id='word_1_383' title='bbox 1098 4478 1481 4546; x_wconf 90' lang='lat' dir='ltr'>nuncupatur</span> <span class='ocrx_word' id='word_1_384' title='bbox 1502 4481 1557 4530; x_wconf 92' lang='lat' dir='ltr'><strong>et</strong></span> <span class='ocrx_word' id='word_1_385' title='bbox 1585 4477 1798 4532; x_wconf 87' lang='lat' dir='ltr'>est.His</span> <span class='ocrx_word' id='word_1_386' title='bbox 1821 4477 2019 4550; x_wconf 86' lang='lat' dir='ltr'>itaque</span> <span class='ocrx_word' id='word_1_387' title='bbox 2047 4495 2175 4534; x_wconf 91' lang='lat' dir='ltr'>om-</span> 
     </span>
    </p>
   </div>
   <div class='ocr_carea' id='block_1_56' title="bbox 524 4559 2175 4636">
    <p class='ocr_par' dir='ltr' id='par_1_56' title="bbox 524 4559 2175 4636">
     <span class='ocr_line' id='line_1_56' title="bbox 524 4559 2175 4636; baseline 0.004 -20"><span class='ocrx_word' id='word_1_388' title='bbox 524 4559 704 4616; x_wconf 91' lang='lat' dir='ltr'>nibus</span> <span class='ocrx_word' id='word_1_389' title='bbox 719 4560 902 4617; x_wconf 92' lang='lat' dir='ltr'>verba</span> <span class='ocrx_word' id='word_1_390' title='bbox 928 4561 1230 4618; x_wconf 88' lang='lat' dir='ltr'>luculenta</span> <span class='ocrx_word' id='word_1_391' title='bbox 1259 4563 1374 4634; x_wconf 81' lang='lat'><strong>83</strong></span> <span class='ocrx_word' id='word_1_392' title='bbox 1399 4563 1458 4618; x_wconf 90' lang='lat' dir='ltr'><strong>in</strong></span> <span class='ocrx_word' id='word_1_393' title='bbox 1491 4581 1685 4636; x_wconf 90' lang='lat' dir='ltr'>pauca</span> <span class='ocrx_word' id='word_1_394' title='bbox 1708 4566 2075 4622; x_wconf 86' lang='lat' dir='ltr'>conferentes</span> <span class='ocrx_word' id='word_1_395' title='bbox 2097 4569 2175 4623; x_wconf 89' lang='lat' dir='ltr'><strong>ad</strong></span> 
     </span>
    </p>
   </div>
   <div class='ocr_carea' id='block_1_57' title="bbox 523 4648 2175 4716">
    <p class='ocr_par' dir='ltr' id='par_1_57' title="bbox 523 4648 2175 4716">
     <span class='ocr_line' id='line_1_57' title="bbox 523 4648 2175 4716; baseline 0.005 -13"><span class='ocrx_word' id='word_1_396' title='bbox 523 4648 662 4704; x_wconf 77' lang='lat' dir='ltr'><strong>eum</strong></span> <span class='ocrx_word' id='word_1_397' title='bbox 692 4665 994 4706; x_wconf 90' lang='lat' dir='ltr'>recurrere</span> <span class='ocrx_word' id='word_1_398' title='bbox 1025 4651 1338 4716; x_wconf 88' lang='lat' dir='ltr'>debemus,</span> <span class='ocrx_word' id='word_1_399' title='bbox 1364 4653 1517 4710; x_wconf 89' lang='lat' dir='ltr'>colla</span> <span class='ocrx_word' id='word_1_400' title='bbox 1549 4653 1627 4709; x_wconf 92' lang='lat' dir='ltr'>illi</span> <span class='ocrx_word' id='word_1_401' title='bbox 1658 4662 1864 4711; x_wconf 87' lang='lat' dir='ltr'>nostra</span> <span class='ocrx_word' id='word_1_402' title='bbox 1895 4657 2175 4712; x_wconf 92' lang='lat' dir='ltr'>servitute</span> 
     </span>
    </p>
   </div>
   <div class='ocr_carea' id='block_1_58' title="bbox 527 4740 2173 4818">
    <p class='ocr_par' dir='ltr' id='par_1_58' title="bbox 527 4740 2173 4818">
     <span class='ocr_line' id='line_1_58' title="bbox 527 4740 2173 4818; baseline 0.004 -23"><span class='ocrx_word' id='word_1_403' title='bbox 527 4740 846 4797; x_wconf 88' lang='lat' dir='ltr'>constituta</span> <span class='ocrx_word' id='word_1_404' title='bbox 875 4740 1172 4798; x_wconf 88' lang='lat' dir='ltr'>addicere.</span> <span class='ocrx_word' id='word_1_405' title='bbox 1200 4744 1546 4816; x_wconf 88' lang='lat' dir='ltr'>Sapientum</span> <span class='ocrx_word' id='word_1_406' title='bbox 1578 4759 1842 4818; x_wconf 86' lang='lat' dir='ltr'>namque</span> <span class='ocrx_word' id='word_1_407' title='bbox 1869 4762 2079 4817; x_wconf 87' lang='lat' dir='ltr'>regum</span> <span class='ocrx_word' id='word_1_408' title='bbox 2105 4763 2173 4802; x_wconf 93' lang='lat' dir='ltr'><strong>ac</strong></span> 
     </span>
    </p>
   </div>
   <div class='ocr_carea' id='block_1_59' title="bbox 600 4831 1887 4904">
    <p class='ocr_par' dir='ltr' id='par_1_59' title="bbox 600 4831 1887 4904">
     <span class='ocr_line' id='line_1_59' title="bbox 600 4831 1887 4904; baseline 0.005 -20"><span class='ocrx_word' id='word_1_409' title='bbox 600 4832 642 4866; x_wconf 82' lang='grc'>¹¹</span> <span class='ocrx_word' id='word_1_410' title='bbox 684 4831 1136 4904; x_wconf 87' lang='lat' dir='ltr'>Hujus_capitis</span> <span class='ocrx_word' id='word_1_411' title='bbox 1176 4832 1308 4888; x_wconf 92' lang='lat' dir='ltr'>loco</span> <span class='ocrx_word' id='word_1_412' title='bbox 1364 4834 1493 4889; x_wconf 78' lang='lat' dir='ltr'>haec</span> <span class='ocrx_word' id='word_1_413' title='bbox 1544 4834 1726 4890; x_wconf 87' lang='lat' dir='ltr'>habet</span> <span class='ocrx_word' id='word_1_414' title='bbox 1779 4837 1820 4889; x_wconf 91' lang='lat' dir='ltr'>D</span> <span class='ocrx_word' id='word_1_415' title='bbox 1874 4852 1887 4890; x_wconf 86' lang='lat'><strong>:</strong></span> 
     </span>
    </p>
   </div>
   <div class='ocr_carea' id='block_1_60' title="bbox 527 4899 2052 4979">
    <p class='ocr_par' dir='ltr' id='par_1_60' title="bbox 527 4899 2052 4979">
     <span class='ocr_line' id='line_1_60' title="bbox 527 4899 2052 4979; baseline 0.002 -24"><span class='ocrx_word' id='word_1_416' title='bbox 527 4899 616 4979; x_wconf 62' lang='grc' dir='ltr'><strong>δὲΔ</strong></span> <span class='ocrx_word' id='word_1_417' title='bbox 657 4899 1031 4979; x_wconf 71' lang='grc' dir='ltr'><strong>Μαγκλαϐίτην</strong></span> <span class='ocrx_word' id='word_1_418' title='bbox 1115 4905 1369 4957; x_wconf 82' lang='grc' dir='ltr'><strong>Νικόλαον</strong></span> <span class='ocrx_word' id='word_1_419' title='bbox 1412 4948 1430 4979; x_wconf 81' lang='lat'>._</span> <span class='ocrx_word' id='word_1_420' title='bbox 1470 4945 1482 4957; x_wconf 93' lang='lat'><strong>.</strong></span> <span class='ocrx_word' id='word_1_421' title='bbox 1531 4946 1544 4960; x_wconf 92' lang='lat'><strong>.</strong></span> <span class='ocrx_word' id='word_1_422' title='bbox 1589 4947 1602 4960; x_wconf 92' lang='lat'><strong>.</strong></span> <span class='ocrx_word' id='word_1_423' title='bbox 1648 4948 1659 4959; x_wconf 90' lang='lat'><strong>.</strong></span> <span class='ocrx_word' id='word_1_424' title='bbox 1698 4905 1756 4958; x_wconf 77' lang='grc' dir='ltr'><strong>Ὀ</strong></span> <span class='ocrx_word' id='word_1_425' title='bbox 1810 4910 1899 4979; x_wconf 83' lang='grc' dir='ltr'><strong>μέν</strong></span> <span class='ocrx_word' id='word_1_426' title='bbox 1966 4904 2052 4959; x_wconf 73' lang='grc' dir='ltr'><strong>οὖν</strong></span> 
     </span>
    </p>
   </div>
   <div class='ocr_carea' id='block_1_61' title="bbox 2348 1079 3898 1157">
    <p class='ocr_par' dir='ltr' id='par_1_61' title="bbox 2348 1079 3898 1157">
     <span class='ocr_line' id='line_1_61' title="bbox 2348 1079 3898 1157; baseline -0.005 -20"><span class='ocrx_word' id='word_1_427' title='bbox 2348 1081 2460 1157; x_wconf 79' lang='grc' dir='ltr'><strong>μδ’.</strong></span> <span class='ocrx_word' id='word_1_428' title='bbox 2492 1087 2669 1137; x_wconf 89' lang='grc' dir='ltr'><strong>Πάντα</strong></span> <span class='ocrx_word' id='word_1_429' title='bbox 2705 1089 2830 1154; x_wconf 82' lang='grc' dir='ltr'><strong>γουν</strong></span> <span class='ocrx_word' id='word_1_430' title='bbox 2865 1084 2906 1118; x_wconf 86' lang='grc'>¹¹</span> <span class='ocrx_word' id='word_1_431' title='bbox 2962 1088 3131 1134; x_wconf 83' lang='grc' dir='ltr'><strong>ταῦτα</strong></span> <span class='ocrx_word' id='word_1_432' title='bbox 3176 1084 3302 1155; x_wconf 82' lang='grc' dir='ltr'><strong>πρὸς</strong></span> <span class='ocrx_word' id='word_1_433' title='bbox 3357 1088 3451 1133; x_wconf 80' lang='grc' dir='ltr'><strong>τοῦ</strong></span> <span class='ocrx_word' id='word_1_434' title='bbox 3499 1079 3786 1153; x_wconf 80' lang='grc' dir='ltr'><strong>βασιλέως</strong></span> <span class='ocrx_word' id='word_1_435' title='bbox 3821 1079 3898 1131; x_wconf 64' lang='lat' dir='ltr'><strong>h-</strong></span> 
     </span>
    </p>
   </div>
   <div class='ocr_carea' id='block_1_62' title="bbox 2279 1168 3894 1248">
    <p class='ocr_par' dir='ltr' id='par_1_62' title="bbox 2279 1168 3894 1248">
     <span class='ocr_line' id='line_1_62' title="bbox 2279 1168 3894 1248; baseline -0.003 -22"><span class='ocrx_word' id='word_1_436' title='bbox 2279 1174 2378 1227; x_wconf 78' lang='grc' dir='ltr'><strong>ϐων</strong></span> <span class='ocrx_word' id='word_1_437' title='bbox 2443 1177 2468 1226; x_wconf 86' lang='grc' dir='ltr'><strong><em>ὁ</em></strong></span> <span class='ocrx_word' id='word_1_438' title='bbox 2539 1179 2840 1248; x_wconf 78' lang='grc' dir='ltr'><strong>Δραγωτᾶς,</strong></span> <span class='ocrx_word' id='word_1_439' title='bbox 2899 1177 2987 1225; x_wconf 87' lang='grc' dir='ltr'><strong>καὶ</strong></span> <span class='ocrx_word' id='word_1_440' title='bbox 3059 1175 3123 1232; x_wconf 85' lang='grc' dir='ltr'><strong>ὡς</strong></span> <span class='ocrx_word' id='word_1_441' title='bbox 3199 1168 3378 1245; x_wconf 80' lang='grc' dir='ltr'><strong>δελεαρ</strong></span> <span class='ocrx_word' id='word_1_442' title='bbox 3449 1169 3894 1242; x_wconf 61' lang='grc' dir='ltr'><strong>ὑποϐεϐλημένος,</strong></span> 
     </span>
    </p>
   </div>
   <div class='ocr_carea' id='block_1_63' title="bbox 2278 1258 3898 1337">
    <p class='ocr_par' dir='ltr' id='par_1_63' title="bbox 2278 1258 3898 1337">
     <span class='ocr_line' id='line_1_63' title="bbox 2278 1258 3898 1337; baseline -0.003 -21"><span class='ocrx_word' id='word_1_443' title='bbox 2278 1263 2452 1337; x_wconf 74' lang='grc' dir='ltr'><strong>ἀπῄει.</strong></span> <span class='ocrx_word' id='word_1_444' title='bbox 2485 1264 2626 1318; x_wconf 84' lang='grc' dir='ltr'><strong>Ἐπεὶ</strong></span> <span class='ocrx_word' id='word_1_445' title='bbox 2655 1261 2713 1316; x_wconf 70' lang='grc' dir='ltr'><strong>δὲ</strong></span> <span class='ocrx_word' id='word_1_446' title='bbox 2745 1265 2938 1335; x_wconf 77' lang='grc' dir='ltr'><strong>φθάσοι</strong></span> <span class='ocrx_word' id='word_1_447' title='bbox 2969 1261 3017 1323; x_wconf 85' lang='grc' dir='ltr'><strong>ἐς</strong></span> <span class='ocrx_word' id='word_1_448' title='bbox 3073 1261 3369 1328; x_wconf 85' lang='grc' dir='ltr'><strong>Μελένικον,</strong></span> <span class='ocrx_word' id='word_1_449' title='bbox 3419 1264 3600 1313; x_wconf 76' lang='grc' dir='ltr'><strong>πάντα</strong></span> <span class='ocrx_word' id='word_1_450' title='bbox 3655 1258 3898 1332; x_wconf 68' lang='grc' dir='ltr'><strong>προῦπτα</strong></span> 
     </span>
    </p>
   </div>
   <div class='ocr_carea' id='block_1_64' title="bbox 2276 1347 3900 1424">
    <p class='ocr_par' dir='ltr' id='par_1_64' title="bbox 2276 1347 3900 1424">
     <span class='ocr_line' id='line_1_64' title="bbox 2276 1347 3900 1424; baseline -0.004 -18"><span class='ocrx_word' id='word_1_451' title='bbox 2276 1361 2381 1414; x_wconf 88' lang='grc' dir='ltr'><strong>τοῖς</strong></span> <span class='ocrx_word' id='word_1_452' title='bbox 2461 1353 2683 1414; x_wconf 81' lang='grc' dir='ltr'><strong>ἐποίκοις</strong></span> <span class='ocrx_word' id='word_1_453' title='bbox 2738 1360 2983 1418; x_wconf 85' lang='grc' dir='ltr'><strong>ποιεῖται,</strong></span> <span class='ocrx_word' id='word_1_454' title='bbox 3057 1357 3146 1403; x_wconf 85' lang='grc' dir='ltr'><strong>καὶ</strong></span> <span class='ocrx_word' id='word_1_455' title='bbox 3205 1357 3333 1424; x_wconf 72' lang='grc' dir='ltr'><strong>σφᾶς</strong></span> <span class='ocrx_word' id='word_1_456' title='bbox 3395 1350 3592 1413; x_wconf 71' lang='grc' dir='ltr'><strong>αὐτοὺς</strong></span> <span class='ocrx_word' id='word_1_457' title='bbox 3660 1347 3900 1422; x_wconf 70' lang='grc' dir='ltr'><strong>διεγείρει</strong></span> 
     </span>
    </p>
   </div>
   <div class='ocr_carea' id='block_1_65' title="bbox 2275 1440 3898 1515">
    <p class='ocr_par' dir='ltr' id='par_1_65' title="bbox 2275 1440 3898 1515">
     <span class='ocr_line' id='line_1_65' title="bbox 2275 1440 3898 1515; baseline -0.004 -18"><span class='ocrx_word' id='word_1_458' title='bbox 2275 1440 2562 1515; x_wconf 76' lang='grc' dir='ltr'><strong>προδοῦναι</strong></span> <span class='ocrx_word' id='word_1_459' title='bbox 2595 1446 2652 1494; x_wconf 85' lang='grc' dir='ltr'><strong>τό</strong></span> <span class='ocrx_word' id='word_1_460' title='bbox 2680 1444 2814 1494; x_wconf 79' lang='grc' dir='ltr'><strong>ἄστυ</strong></span> <span class='ocrx_word' id='word_1_461' title='bbox 2865 1450 2936 1512; x_wconf 83' lang='grc' dir='ltr'><strong>τῷ</strong></span> <span class='ocrx_word' id='word_1_462' title='bbox 2990 1440 3219 1514; x_wconf 82' lang='grc' dir='ltr'><strong>βασιλεῖ,</strong></span> <span class='ocrx_word' id='word_1_463' title='bbox 3273 1443 3320 1492; x_wconf 81' lang='grc' dir='ltr'><strong>ἐν</strong></span> <span class='ocrx_word' id='word_1_464' title='bbox 3352 1449 3424 1512; x_wconf 83' lang='grc' dir='ltr'><strong>τῷ</strong></span> <span class='ocrx_word' id='word_1_465' title='bbox 3471 1447 3689 1514; x_wconf 76' lang='grc' dir='ltr'><strong>φανερῷ</strong></span> <span class='ocrx_word' id='word_1_466' title='bbox 3725 1445 3814 1512; x_wconf 52' lang='lat' dir='ltr'>gis:</span> <span class='ocrx_word' id='word_1_467' title='bbox 3851 1441 3898 1491; x_wconf 61' lang='lat' dir='ltr'>si</span> 
     </span>
    </p>
   </div>
   <div class='ocr_carea' id='block_1_66' title="bbox 2276 1527 3898 1604">
    <p class='ocr_par' dir='ltr' id='par_1_66' title="bbox 2276 1527 3898 1604">
     <span class='ocr_line' id='line_1_66' title="bbox 2276 1527 3898 1604; baseline -0.003 -21"><span class='ocrx_word' id='word_1_468' title='bbox 2276 1540 2442 1584; x_wconf 82' lang='grc' dir='ltr'><strong>ταῦτα</strong></span> <span class='ocrx_word' id='word_1_469' title='bbox 2495 1532 2675 1603; x_wconf 85' lang='grc' dir='ltr'><strong>λέγων,</strong></span> <span class='ocrx_word' id='word_1_470' title='bbox 2725 1534 2899 1604; x_wconf 72' lang='grc' dir='ltr'><strong>κρύφα</strong></span> <span class='ocrx_word' id='word_1_471' title='bbox 2969 1527 3028 1582; x_wconf 77' lang='grc' dir='ltr'><strong>δὲ</strong></span> <span class='ocrx_word' id='word_1_472' title='bbox 3090 1537 3200 1590; x_wconf 90' lang='grc' dir='ltr'><strong>τοῖς</strong></span> <span class='ocrx_word' id='word_1_473' title='bbox 3247 1530 3513 1591; x_wconf 77' lang='grc' dir='ltr'><strong>πλείστοις</strong></span> <span class='ocrx_word' id='word_1_474' title='bbox 3548 1534 3678 1603; x_wconf 84' lang='grc' dir='ltr'><strong>περί</strong></span> <span class='ocrx_word' id='word_1_475' title='bbox 3726 1533 3898 1580; x_wconf 63' lang='grc' dir='ltr'><strong>τούτου</strong></span> 
     </span>
    </p>
   </div>
   <div class='ocr_carea' id='block_1_67' title="bbox 2276 1615 3900 1693">
    <p class='ocr_par' dir='ltr' id='par_1_67' title="bbox 2276 1615 3900 1693">
     <span class='ocr_line' id='line_1_67' title="bbox 2276 1615 3900 1693; baseline -0.003 -21"><span class='ocrx_word' id='word_1_476' title='bbox 2276 1621 2743 1693; x_wconf 84' lang='grc' dir='ltr'><strong>κοινολογούμενος.</strong></span> <span class='ocrx_word' id='word_1_477' title='bbox 2818 1621 2958 1672; x_wconf 86' lang='grc' dir='ltr'><strong>Ἐπεὶ</strong></span> <span class='ocrx_word' id='word_1_478' title='bbox 3012 1616 3070 1672; x_wconf 76' lang='grc' dir='ltr'><strong>δὲ</strong></span> <span class='ocrx_word' id='word_1_479' title='bbox 3122 1621 3147 1671; x_wconf 87' lang='grc' dir='ltr'>ὁ</span> <span class='ocrx_word' id='word_1_480' title='bbox 3200 1623 3291 1677; x_wconf 79' lang='grc' dir='ltr'><strong>την</strong></span> <span class='ocrx_word' id='word_1_481' title='bbox 3348 1620 3640 1690; x_wconf 79' lang='grc' dir='ltr'><strong>ἡγεμονίαν</strong></span> <span class='ocrx_word' id='word_1_482' title='bbox 3714 1615 3900 1669; x_wconf 55' lang='lat' dir='ltr'>chi-xm</span> 
     </span>
    </p>
   </div>
   <div class='ocr_carea' id='block_1_68' title="bbox 2275 1705 3899 1777">
    <p class='ocr_par' dir='ltr' id='par_1_68' title="bbox 2275 1705 3899 1777">
     <span class='ocr_line' id='line_1_68' title="bbox 2275 1705 3899 1777; baseline -0.003 -15"><span class='ocrx_word' id='word_1_483' title='bbox 2275 1709 2365 1762; x_wconf 73' lang='grc' dir='ltr'><strong>τῖοῦ</strong></span> <span class='ocrx_word' id='word_1_484' title='bbox 2396 1712 2640 1771; x_wconf 85' lang='grc' dir='ltr'><strong>οἷστεωςὸ</strong></span> <span class='ocrx_word' id='word_1_485' title='bbox 2695 1709 2953 1770; x_wconf 84' lang='grc' dir='ltr'><strong>Λιτοϐόης</strong></span> <span class='ocrx_word' id='word_1_486' title='bbox 3006 1708 3261 1769; x_wconf 79' lang='grc' dir='ltr'><strong>Νικόλαος</strong></span> <span class='ocrx_word' id='word_1_487' title='bbox 3309 1710 3423 1777; x_wconf 82' lang='grc'><strong>(86)</strong></span> <span class='ocrx_word' id='word_1_488' title='bbox 3482 1710 3796 1767; x_wconf 77' lang='grc' dir='ltr'><strong>κατάνοσος</strong></span> <span class='ocrx_word' id='word_1_489' title='bbox 3849 1705 3899 1763; x_wconf 66' lang='grc' dir='ltr'><strong>ἓν</strong></span> 
     </span>
    </p>
   </div>
   <div class='ocr_carea' id='block_1_69' title="bbox 2277 1793 3900 1872">
    <p class='ocr_par' dir='ltr' id='par_1_69' title="bbox 2277 1793 3900 1872">
     <span class='ocr_line' id='line_1_69' title="bbox 2277 1793 3900 1872; baseline -0.003 -20"><span class='ocrx_word' id='word_1_490' title='bbox 2277 1806 2365 1852; x_wconf 85' lang='grc' dir='ltr'><strong>καὶ</strong></span> <span class='ocrx_word' id='word_1_491' title='bbox 2395 1808 2456 1872; x_wconf 77' lang='grc' dir='ltr'><strong>τῇ</strong></span> <span class='ocrx_word' id='word_1_492' title='bbox 2500 1800 2647 1872; x_wconf 76' lang='grc' dir='ltr'><strong>κλίνη</strong></span> <span class='ocrx_word' id='word_1_493' title='bbox 2689 1805 2800 1858; x_wconf 89' lang='grc' dir='ltr'><strong>ταῖς</strong></span> <span class='ocrx_word' id='word_1_494' title='bbox 2848 1806 2947 1849; x_wconf 85' lang='grc' dir='ltr'><strong>τῶν</strong></span> <span class='ocrx_word' id='word_1_495' title='bbox 2994 1795 3170 1850; x_wconf 84' lang='grc' dir='ltr'><strong>ποδῶν</strong></span> <span class='ocrx_word' id='word_1_496' title='bbox 3225 1793 3490 1868; x_wconf 72' lang='grc' dir='ltr'><strong>ἀλγηδόσι</strong></span> <span class='ocrx_word' id='word_1_497' title='bbox 3542 1817 3900 1871; x_wconf 77' lang='grc' dir='ltr'><strong>προσ-πεπατ-</strong></span> 
     </span>
    </p>
   </div>
   <div class='ocr_carea' id='block_1_70' title="bbox 2278 1882 3899 1962">
    <p class='ocr_par' dir='ltr' id='par_1_70' title="bbox 2278 1882 3899 1962">
     <span class='ocr_line' id='line_1_70' title="bbox 2278 1882 3899 1962; baseline -0.002 -22"><span class='ocrx_word' id='word_1_498' title='bbox 2278 1889 2599 1961; x_wconf 89' lang='grc' dir='ltr'><strong>ταλευμένος,</strong></span> <span class='ocrx_word' id='word_1_499' title='bbox 2659 1887 2928 1962; x_wconf 80' lang='grc' dir='ltr'><strong>ἐλευθέρως</strong></span> <span class='ocrx_word' id='word_1_500' title='bbox 2981 1886 3122 1959; x_wconf 83' lang='grc' dir='ltr'><strong>εἶχον</strong></span> <span class='ocrx_word' id='word_1_501' title='bbox 3193 1888 3241 1938; x_wconf 84' lang='grc' dir='ltr'><strong>οἱ</strong></span> <span class='ocrx_word' id='word_1_502' title='bbox 3312 1889 3498 1948; x_wconf 82' lang='grc' dir='ltr'><strong>πάντες</strong></span> <span class='ocrx_word' id='word_1_503' title='bbox 3565 1882 3899 1957; x_wconf 73' lang='grc' dir='ltr'><strong>διαπράττεο</strong></span> 
     </span>
    </p>
   </div>
   <div class='ocr_carea' id='block_1_71' title="bbox 2282 1972 3900 2050">
    <p class='ocr_par' dir='ltr' id='par_1_71' title="bbox 2282 1972 3900 2050">
     <span class='ocr_line' id='line_1_71' title="bbox 2282 1972 3900 2050; baseline -0.003 -19"><span class='ocrx_word' id='word_1_504' title='bbox 2282 1982 2407 2031; x_wconf 87' lang='grc' dir='ltr'><strong>σθαι</strong></span> <span class='ocrx_word' id='word_1_505' title='bbox 2439 1983 2591 2050; x_wconf 79' lang='grc' dir='ltr'><strong>σφίσι</strong></span> <span class='ocrx_word' id='word_1_506' title='bbox 2632 1980 2698 2029; x_wconf 82' lang='grc' dir='ltr'><strong>τὰ</strong></span> <span class='ocrx_word' id='word_1_507' title='bbox 2747 1977 3002 2050; x_wconf 82' lang='grc' dir='ltr'><strong>βουλητά.</strong></span> <span class='ocrx_word' id='word_1_508' title='bbox 3051 1977 3191 2030; x_wconf 86' lang='grc' dir='ltr'><strong>Ἐπεὶ</strong></span> <span class='ocrx_word' id='word_1_509' title='bbox 3241 1972 3299 2028; x_wconf 73' lang='grc' dir='ltr'><strong>δὲ</strong></span> <span class='ocrx_word' id='word_1_510' title='bbox 3353 1981 3445 2028; x_wconf 85' lang='grc' dir='ltr'><strong>καὶ</strong></span> <span class='ocrx_word' id='word_1_511' title='bbox 3496 1977 3522 2027; x_wconf 85' lang='grc' dir='ltr'><strong><em>ὁ</em></strong></span> <span class='ocrx_word' id='word_1_512' title='bbox 3582 1976 3900 2046; x_wconf 59' lang='grc' dir='ltr'><strong>Μαγκὶαέξί-</strong></span> 
     </span>
    </p>
   </div>
   <div class='ocr_carea' id='block_1_72' title="bbox 2278 2063 3896 2140">
    <p class='ocr_par' dir='ltr' id='par_1_72' title="bbox 2278 2063 3896 2140">
     <span class='ocr_line' id='line_1_72' title="bbox 2278 2063 3896 2140; baseline -0.003 -20"><span class='ocrx_word' id='word_1_513' title='bbox 2278 2089 2373 2130; x_wconf 91' lang='grc' dir='ltr'><strong>της</strong></span> <span class='ocrx_word' id='word_1_514' title='bbox 2421 2068 2671 2128; x_wconf 80' lang='grc' dir='ltr'><strong>Νικόλαος</strong></span> <span class='ocrx_word' id='word_1_515' title='bbox 2715 2068 2791 2127; x_wconf 86' lang='grc' dir='ltr'><strong>οἷς</strong></span> <span class='ocrx_word' id='word_1_516' title='bbox 2823 2063 2882 2125; x_wconf 79' lang='grc' dir='ltr'><strong>ἧν</strong></span> <span class='ocrx_word' id='word_1_517' title='bbox 2937 2073 3035 2118; x_wconf 87' lang='grc' dir='ltr'><strong>τῶν</strong></span> <span class='ocrx_word' id='word_1_518' title='bbox 3081 2064 3486 2140; x_wconf 72' lang='grc' dir='ltr'><strong>ἐπιφανεστέρων</strong></span> <span class='ocrx_word' id='word_1_519' title='bbox 3550 2065 3605 2116; x_wconf 84' lang='grc' dir='ltr'><strong>ἐν</strong></span> <span class='ocrx_word' id='word_1_520' title='bbox 3647 2073 3775 2127; x_wconf 81' lang='grc' dir='ltr'><strong>τοῖς</strong></span> <span class='ocrx_word' id='word_1_521' title='bbox 3814 2074 3896 2117; x_wconf 68' lang='grc' dir='ltr'><strong>τοῦ</strong></span> 
     </span>
    </p>
   </div>
   <div class='ocr_carea' id='block_1_73' title="bbox 2280 2151 3898 2228">
    <p class='ocr_par' dir='ltr' id='par_1_73' title="bbox 2280 2151 3898 2228">
     <span class='ocr_line' id='line_1_73' title="bbox 2280 2151 3898 2228; baseline -0.004 -16"><span class='ocrx_word' id='word_1_522' title='bbox 2280 2157 2556 2212; x_wconf 87' lang='grc' dir='ltr'><strong>Μελενίκου</strong></span> <span class='ocrx_word' id='word_1_523' title='bbox 2610 2157 2933 2227; x_wconf 69' lang='grc' dir='ltr'><strong>οἰκήτορσιν,</strong></span> <span class='ocrx_word' id='word_1_524' title='bbox 2992 2153 3120 2227; x_wconf 81' lang='grc' dir='ltr'><strong>ἀνὴρ</strong></span> <span class='ocrx_word' id='word_1_525' title='bbox 3179 2151 3500 2228; x_wconf 71' lang='grc' dir='ltr'><strong>δραστήριος</strong></span> <span class='ocrx_word' id='word_1_526' title='bbox 3555 2160 3656 2206; x_wconf 82' lang='grc' dir='ltr'><strong>καὶ</strong></span> <span class='ocrx_word' id='word_1_527' title='bbox 3735 2151 3898 2215; x_wconf 62' lang='grc' dir='ltr'><strong>δεινος</strong></span> 
     </span>
    </p>
   </div>
   <div class='ocr_carea' id='block_1_74' title="bbox 2280 2242 3898 2321">
    <p class='ocr_par' dir='ltr' id='par_1_74' title="bbox 2280 2242 3898 2321">
     <span class='ocr_line' id='line_1_74' title="bbox 2280 2242 3898 2321; baseline -0.003 -22"><span class='ocrx_word' id='word_1_528' title='bbox 2280 2254 2547 2321; x_wconf 84' lang='grc' dir='ltr'><strong>καιρικαῐς</strong></span> <span class='ocrx_word' id='word_1_529' title='bbox 2615 2250 2959 2318; x_wconf 85' lang='grc' dir='ltr'><strong>περιπετείαις</strong></span> <span class='ocrx_word' id='word_1_530' title='bbox 3026 2242 3577 2316; x_wconf 81' lang='grc' dir='ltr'><strong>συμμεταϐάλλεσθαι,</strong></span> <span class='ocrx_word' id='word_1_531' title='bbox 3657 2246 3736 2295; x_wconf 74' lang='grc' dir='ltr'><strong>τὰ</strong></span> <span class='ocrx_word' id='word_1_532' title='bbox 3818 2253 3898 2295; x_wconf 71' lang='grc' dir='ltr'><strong>τοῦ</strong></span> 
     </span>
    </p>
   </div>
   <div class='ocr_carea' id='block_1_75' title="bbox 2283 2327 3900 2410">
    <p class='ocr_par' dir='ltr' id='par_1_75' title="bbox 2283 2327 3900 2410">
     <span class='ocr_line' id='line_1_75' title="bbox 2283 2327 3900 2410; baseline -0.004 -22"><span class='ocrx_word' id='word_1_533' title='bbox 2283 2341 2534 2410; x_wconf 84' lang='grc' dir='ltr'><strong>Δραγωτᾶ</strong></span> <span class='ocrx_word' id='word_1_534' title='bbox 2584 2336 2827 2409; x_wconf 78' lang='grc' dir='ltr'><strong>φωράσας</strong></span> <span class='ocrx_word' id='word_1_535' title='bbox 2895 2338 2985 2384; x_wconf 84' lang='grc' dir='ltr'><strong>καὶ</strong></span> <span class='ocrx_word' id='word_1_536' title='bbox 3042 2337 3195 2403; x_wconf 84' lang='grc' dir='ltr'><strong>γνοὺς</strong></span> <span class='ocrx_word' id='word_1_537' title='bbox 3252 2333 3322 2392; x_wconf 84' lang='grc' dir='ltr'><strong>ὡς</strong></span> <span class='ocrx_word' id='word_1_538' title='bbox 3378 2327 3638 2388; x_wconf 78' lang='grc' dir='ltr'><strong>δυνηθείη</strong></span> <span class='ocrx_word' id='word_1_539' title='bbox 3727 2331 3794 2383; x_wconf 72' lang='grc' dir='ltr'><strong>ἂν</strong></span> <span class='ocrx_word' id='word_1_540' title='bbox 3845 2336 3900 2382; x_wconf 62' lang='grc' dir='ltr'><strong>τε</strong></span> 
     </span>
    </p>
   </div>
   <div class='ocr_carea' id='block_1_76' title="bbox 2282 2417 3901 2496">
    <p class='ocr_par' dir='ltr' id='par_1_76' title="bbox 2282 2417 3901 2496">
     <span class='ocr_line' id='line_1_76' title="bbox 2282 2417 3901 2496; baseline -0.003 -19"><span class='ocrx_word' id='word_1_541' title='bbox 2282 2427 2627 2496; x_wconf 79' lang='grc' dir='ltr'><strong>ὑπεσχημένα</strong></span> <span class='ocrx_word' id='word_1_542' title='bbox 2654 2431 2726 2493; x_wconf 83' lang='grc' dir='ltr'><strong>τῷ</strong></span> <span class='ocrx_word' id='word_1_543' title='bbox 2785 2421 2997 2495; x_wconf 85' lang='grc' dir='ltr'><strong>βασιλεῖ</strong></span> <span class='ocrx_word' id='word_1_544' title='bbox 3044 2417 3462 2494; x_wconf 82' lang='grc' dir='ltr'><strong>διαπράξασθαι,</strong></span> <span class='ocrx_word' id='word_1_545' title='bbox 3511 2428 3612 2472; x_wconf 72' lang='grc' dir='ltr'><strong>τοῦ</strong></span> <span class='ocrx_word' id='word_1_546' title='bbox 3669 2420 3901 2481; x_wconf 67' lang='grc' dir='ltr'><strong>πλήθους</strong></span> 
     </span>
    </p>
   </div>
   <div class='ocr_carea' id='block_1_77' title="bbox 2282 2508 3903 2585">
    <p class='ocr_par' dir='ltr' id='par_1_77' title="bbox 2282 2508 3903 2585">
     <span class='ocr_line' id='line_1_77' title="bbox 2282 2508 3903 2585; baseline -0.002 -20"><span class='ocrx_word' id='word_1_547' title='bbox 2282 2517 2340 2565; x_wconf 85' lang='grc' dir='ltr'><strong>τό</strong></span> <span class='ocrx_word' id='word_1_548' title='bbox 2407 2510 2576 2565; x_wconf 80' lang='grc' dir='ltr'><strong>πλεῖον</strong></span> <span class='ocrx_word' id='word_1_549' title='bbox 2626 2514 2930 2583; x_wconf 74' lang='grc' dir='ltr'><strong>ὑπαγαγὼν,</strong></span> <span class='ocrx_word' id='word_1_550' title='bbox 2990 2518 3081 2562; x_wconf 82' lang='grc' dir='ltr'><strong>τοῦ</strong></span> <span class='ocrx_word' id='word_1_551' title='bbox 3126 2513 3298 2585; x_wconf 74' lang='grc' dir='ltr'><strong>κρύφα</strong></span> <span class='ocrx_word' id='word_1_552' title='bbox 3359 2509 3523 2579; x_wconf 86' lang='grc' dir='ltr'><strong>λέγειν</strong></span> <span class='ocrx_word' id='word_1_553' title='bbox 3578 2508 3837 2573; x_wconf 65' lang='lat' dir='ltr'>Euroo-:1;</span> <span class='ocrx_word' id='word_1_554' title='bbox 3866 2511 3903 2570; x_wconf 81' lang='grc' dir='ltr'><strong>ἐς</strong></span> 
     </span>
    </p>
   </div>
   <div class='ocr_carea' id='block_1_78' title="bbox 2283 2601 3901 2675">
    <p class='ocr_par' dir='ltr' id='par_1_78' title="bbox 2283 2601 3901 2675">
     <span class='ocr_line' id='line_1_78' title="bbox 2283 2601 3901 2675; baseline -0.002 -20"><span class='ocrx_word' id='word_1_555' title='bbox 2283 2606 2340 2655; x_wconf 83' lang='grc' dir='ltr'><strong>τὸ</strong></span> <span class='ocrx_word' id='word_1_556' title='bbox 2382 2606 2592 2675; x_wconf 78' lang='grc' dir='ltr'><strong>φανερὸν</strong></span> <span class='ocrx_word' id='word_1_557' title='bbox 2642 2609 2749 2662; x_wconf 87' lang='grc' dir='ltr'><strong>τοῖς</strong></span> <span class='ocrx_word' id='word_1_558' title='bbox 2781 2607 2940 2652; x_wconf 88' lang='grc' dir='ltr'><strong>πᾶσιν</strong></span> <span class='ocrx_word' id='word_1_559' title='bbox 2970 2602 3182 2652; x_wconf 79' lang='grc' dir='ltr'><strong>ὑπέθετο</strong></span> <span class='ocrx_word' id='word_1_560' title='bbox 3239 2602 3305 2650; x_wconf 82' lang='grc' dir='ltr'><strong>τὰ</strong></span> <span class='ocrx_word' id='word_1_561' title='bbox 3353 2603 3702 2662; x_wconf 83' lang='grc' dir='ltr'><strong>συνοίσοντα,</strong></span> <span class='ocrx_word' id='word_1_562' title='bbox 3762 2601 3901 2675; x_wconf 69' lang='grc' dir='ltr'><strong>εἰρη-</strong></span> 
     </span>
    </p>
   </div>
   <div class='ocr_carea' id='block_1_79' title="bbox 2283 2687 3896 2763">
    <p class='ocr_par' dir='ltr' id='par_1_79' title="bbox 2283 2687 3896 2763">
     <span class='ocr_line' id='line_1_79' title="bbox 2283 2687 3896 2763; baseline -0.002 -20"><span class='ocrx_word' id='word_1_563' title='bbox 2283 2697 2407 2758; x_wconf 84' lang='grc' dir='ltr'><strong>κὼς,</strong></span> <span class='ocrx_word' id='word_1_564' title='bbox 2441 2695 2504 2753; x_wconf 89' lang='grc' dir='ltr'><strong>ὡς</strong></span> <span class='ocrx_word' id='word_1_565' title='bbox 2552 2714 2578 2742; x_wconf 78' lang='grc' dir='ltr'><strong>α</strong></span> <span class='ocrx_word' id='word_1_566' title='bbox 2640 2690 2790 2763; x_wconf 83' lang='grc' dir='ltr'><strong>Ἡμῖν</strong></span> <span class='ocrx_word' id='word_1_567' title='bbox 2853 2693 2941 2762; x_wconf 71' lang='grc' dir='ltr'><strong>μεν</strong></span> <span class='ocrx_word' id='word_1_568' title='bbox 2984 2689 3176 2760; x_wconf 79' lang='grc' dir='ltr'><strong>ἐγένετο</strong></span> <span class='ocrx_word' id='word_1_569' title='bbox 3225 2687 3794 2763; x_wconf 72' lang='grc' dir='ltr'><strong>προσταλαιπωρῆσαι</strong></span> <span class='ocrx_word' id='word_1_570' title='bbox 3844 2698 3896 2760; x_wconf 64' lang='grc' dir='ltr'><strong>τῇ</strong></span> 
     </span>
    </p>
   </div>
   <div class='ocr_carea' id='block_1_80' title="bbox 2282 2775 3901 2853">
    <p class='ocr_par' dir='ltr' id='par_1_80' title="bbox 2282 2775 3901 2853">
     <span class='ocr_line' id='line_1_80' title="bbox 2282 2775 3901 2853; baseline -0.002 -20"><span class='ocrx_word' id='word_1_571' title='bbox 2282 2790 2374 2833; x_wconf 81' lang='grc' dir='ltr'><strong>τοῦ</strong></span> <span class='ocrx_word' id='word_1_572' title='bbox 2400 2778 2588 2841; x_wconf 83' lang='grc' dir='ltr'><strong>παιδὸς</strong></span> <span class='ocrx_word' id='word_1_573' title='bbox 2618 2788 2710 2833; x_wconf 82' lang='grc' dir='ltr'><strong>τοῦ</strong></span> <span class='ocrx_word' id='word_1_574' title='bbox 2741 2778 3067 2852; x_wconf 84' lang='grc' dir='ltr'><strong>Καλλιμάνου</strong></span> <span class='ocrx_word' id='word_1_575' title='bbox 3092 2778 3257 2853; x_wconf 70' lang='grc' dir='ltr'><strong>ἀρχῇ,</strong></span> <span class='ocrx_word' id='word_1_576' title='bbox 3286 2783 3376 2830; x_wconf 82' lang='grc' dir='ltr'><strong>καὶ</strong></span> <span class='ocrx_word' id='word_1_577' title='bbox 3417 2775 3478 2836; x_wconf 76' lang='grc' dir='ltr'><strong>ἦν</strong></span> <span class='ocrx_word' id='word_1_578' title='bbox 3517 2782 3664 2852; x_wconf 79' lang='grc' dir='ltr'><strong>πρὸς</strong></span> <span class='ocrx_word' id='word_1_579' title='bbox 3692 2776 3901 2838; x_wconf 73' lang='grc' dir='ltr'><strong>ἐλπίδος</strong></span> 
     </span>
    </p>
   </div>
   <div class='ocr_carea' id='block_1_81' title="bbox 2283 2867 3898 2946">
    <p class='ocr_par' dir='ltr' id='par_1_81' title="bbox 2283 2867 3898 2946">
     <span class='ocr_line' id='line_1_81' title="bbox 2283 2867 3898 2946; baseline -0.003 -24"><span class='ocrx_word' id='word_1_580' title='bbox 2283 2868 2616 2946; x_wconf 80' lang='grc' dir='ltr'><strong>ἀνδρωθῆναί</strong></span> <span class='ocrx_word' id='word_1_581' title='bbox 2663 2889 2714 2921; x_wconf 88' lang='grc' dir='ltr'><strong>τε</strong></span> <span class='ocrx_word' id='word_1_582' title='bbox 2774 2875 2954 2921; x_wconf 82' lang='grc' dir='ltr'><strong>τοῦτον</strong></span> <span class='ocrx_word' id='word_1_583' title='bbox 3006 2872 3258 2941; x_wconf 83' lang='grc' dir='ltr'><strong>καὶπρὸς</strong></span> <span class='ocrx_word' id='word_1_584' title='bbox 3307 2867 3466 2919; x_wconf 75' lang='grc' dir='ltr'><strong>αὐτοῦ</strong></span> <span class='ocrx_word' id='word_1_585' title='bbox 3516 2870 3614 2928; x_wconf 81' lang='grc' dir='ltr'><strong>τοὶς</strong></span> <span class='ocrx_word' id='word_1_586' title='bbox 3678 2867 3898 2940; x_wconf 69' lang='grc' dir='ltr'><strong>ἀμοιϐάς</strong></span> 
     </span>
    </p>
   </div>
   <div class='ocr_carea' id='block_1_82' title="bbox 2282 2955 3895 3022">
    <p class='ocr_par' dir='ltr' id='par_1_82' title="bbox 2282 2955 3895 3022">
     <span class='ocr_line' id='line_1_82' title="bbox 2282 2955 3895 3022; baseline -0.002 -10"><span class='ocrx_word' id='word_1_587' title='bbox 2282 2969 2378 3022; x_wconf 78' lang='grc' dir='ltr'><strong>τῆς</strong></span> <span class='ocrx_word' id='word_1_588' title='bbox 2430 2961 2776 3018; x_wconf 86' lang='grc' dir='ltr'><strong>κακοπαθείας</strong></span> <span class='ocrx_word' id='word_1_589' title='bbox 2851 2956 3136 3009; x_wconf 80' lang='grc' dir='ltr'><strong>ἀντιλαϐεῖν</strong></span> <span class='ocrx_word' id='word_1_590' title='bbox 3203 2957 3270 3017; x_wconf 85' lang='grc' dir='ltr'><strong>εἰς</strong></span> <span class='ocrx_word' id='word_1_591' title='bbox 3344 2955 3552 3014; x_wconf 78' lang='grc' dir='ltr'><strong>ἡλικίαν</strong></span> <span class='ocrx_word' id='word_1_592' title='bbox 3641 2956 3895 3020; x_wconf 59' lang='grc' dir='ltr'><strong>ὣθόντος,</strong></span> 
     </span>
    </p>
   </div>
   <div class='ocr_carea' id='block_1_83' title="bbox 2282 3043 3899 3121">
    <p class='ocr_par' dir='ltr' id='par_1_83' title="bbox 2282 3043 3899 3121">
     <span class='ocr_line' id='line_1_83' title="bbox 2282 3043 3899 3121; baseline -0.003 -20"><span class='ocrx_word' id='word_1_593' title='bbox 2282 3051 2362 3101; x_wconf 85' lang='grc' dir='ltr'><strong>ὅτε</strong></span> <span class='ocrx_word' id='word_1_594' title='bbox 2393 3045 2663 3121; x_wconf 75' lang='grc' dir='ltr'><strong>διακρῖναι</strong></span> <span class='ocrx_word' id='word_1_595' title='bbox 2720 3044 2934 3099; x_wconf 79' lang='grc' dir='ltr'><strong>δύναιτο</strong></span> <span class='ocrx_word' id='word_1_596' title='bbox 2964 3048 3024 3096; x_wconf 84' lang='grc' dir='ltr'><strong>οἶν</strong></span> <span class='ocrx_word' id='word_1_597' title='bbox 3061 3065 3138 3108; x_wconf 92' lang='grc' dir='ltr'><strong>τις</strong></span> <span class='ocrx_word' id='word_1_598' title='bbox 3179 3044 3278 3098; x_wconf 82' lang='grc' dir='ltr'><strong>ἀπὸ</strong></span> <span class='ocrx_word' id='word_1_599' title='bbox 3329 3044 3524 3117; x_wconf 70' lang='grc' dir='ltr'><strong>φαύλου</strong></span> <span class='ocrx_word' id='word_1_600' title='bbox 3574 3043 3766 3119; x_wconf 74' lang='grc' dir='ltr'><strong>ἄνδρα</strong></span> <span class='ocrx_word' id='word_1_601' title='bbox 3817 3068 3899 3097; x_wconf 70' lang='lat' dir='ltr'><strong>zz-</strong></span> 
     </span>
    </p>
   </div>
   <div class='ocr_carea' id='block_1_84' title="bbox 2281 3133 3896 3209">
    <p class='ocr_par' dir='ltr' id='par_1_84' title="bbox 2281 3133 3896 3209">
     <span class='ocr_line' id='line_1_84' title="bbox 2281 3133 3896 3209; baseline -0.001 -19"><span class='ocrx_word' id='word_1_602' title='bbox 2281 3139 2386 3194; x_wconf 86' lang='grc' dir='ltr'><strong>λόν.</strong></span> <span class='ocrx_word' id='word_1_603' title='bbox 2437 3138 2580 3190; x_wconf 84' lang='grc' dir='ltr'><strong>Ἐπεὶ</strong></span> <span class='ocrx_word' id='word_1_604' title='bbox 2639 3133 2696 3189; x_wconf 74' lang='grc' dir='ltr'><strong>δὲ</strong></span> <span class='ocrx_word' id='word_1_605' title='bbox 2746 3139 2931 3188; x_wconf 78' lang='grc' dir='ltr'><strong>τούτου</strong></span> <span class='ocrx_word' id='word_1_606' title='bbox 3007 3137 3278 3209; x_wconf 81' lang='grc' dir='ltr'><strong>κακούργῳ</strong></span> <span class='ocrx_word' id='word_1_607' title='bbox 3355 3137 3500 3207; x_wconf 76' lang='grc' dir='ltr'><strong>τύχη</strong></span> <span class='ocrx_word' id='word_1_608' title='bbox 3561 3137 3896 3208; x_wconf 63' lang='grc' dir='ltr'><strong>ἡμάρτομεν,</strong></span> 
     </span>
    </p>
   </div>
   <div class='ocr_carea' id='block_1_85' title="bbox 2279 3221 3895 3299">
    <p class='ocr_par' dir='ltr' id='par_1_85' title="bbox 2279 3221 3895 3299">
     <span class='ocr_line' id='line_1_85' title="bbox 2279 3221 3895 3299; baseline -0.002 -21"><span class='ocrx_word' id='word_1_609' title='bbox 2279 3230 2550 3299; x_wconf 87' lang='grc' dir='ltr'><strong>πρόκειται</strong></span> <span class='ocrx_word' id='word_1_610' title='bbox 2609 3221 2667 3276; x_wconf 78' lang='grc' dir='ltr'><strong>δὲ</strong></span> <span class='ocrx_word' id='word_1_611' title='bbox 2736 3226 2860 3296; x_wconf 80' lang='grc' dir='ltr'><strong>ἡμῖν</strong></span> <span class='ocrx_word' id='word_1_612' title='bbox 2920 3222 3222 3297; x_wconf 72' lang='grc' dir='ltr'><strong>βρεφύλλιον</strong></span> <span class='ocrx_word' id='word_1_613' title='bbox 3288 3221 3409 3274; x_wconf 75' lang='grc' dir='ltr'><strong>ἄλλο</strong></span> <span class='ocrx_word' id='word_1_614' title='bbox 3482 3222 3553 3284; x_wconf 86' lang='grc' dir='ltr'><strong>εἰς</strong></span> <span class='ocrx_word' id='word_1_615' title='bbox 3637 3229 3730 3282; x_wconf 70' lang='grc' dir='ltr'><strong>τὴν</strong></span> <span class='ocrx_word' id='word_1_616' title='bbox 3806 3234 3895 3275; x_wconf 64' lang='grc' dir='ltr'><strong>τῶν</strong></span> 
     </span>
    </p>
   </div>
   <div class='ocr_carea' id='block_1_86' title="bbox 2280 3310 3897 3388">
    <p class='ocr_par' dir='ltr' id='par_1_86' title="bbox 2280 3310 3897 3388">
     <span class='ocr_line' id='line_1_86' title="bbox 2280 3310 3897 3388; baseline -0.002 -21"><span class='ocrx_word' id='word_1_617' title='bbox 2280 3315 2583 3388; x_wconf 90' lang='grc' dir='ltr'><strong>Βουλγάρων</strong></span> <span class='ocrx_word' id='word_1_618' title='bbox 2625 3312 2820 3386; x_wconf 75' lang='grc' dir='ltr'><strong>ἀρχὴν,</strong></span> <span class='ocrx_word' id='word_1_619' title='bbox 2873 3315 3065 3374; x_wconf 86' lang='grc' dir='ltr'><strong>παντὸς</strong></span> <span class='ocrx_word' id='word_1_620' title='bbox 3121 3311 3178 3363; x_wconf 79' lang='grc' dir='ltr'><strong>ἂν</strong></span> <span class='ocrx_word' id='word_1_621' title='bbox 3236 3310 3628 3372; x_wconf 81' lang='grc' dir='ltr'><strong>ἆνοηταίνοντος</strong></span> <span class='ocrx_word' id='word_1_622' title='bbox 3681 3320 3897 3388; x_wconf 71' lang='grc' dir='ltr'><strong>χείρους</strong></span> 
     </span>
    </p>
   </div>
   <div class='ocr_carea' id='block_1_87' title="bbox 2283 3410 2574 3479">
    <p class='ocr_par' dir='ltr' id='par_1_87' title="bbox 2283 3410 2574 3479">
     <span class='ocr_line' id='line_1_87' title="bbox 2283 3410 2574 3479; baseline -0.01 -21"><span class='ocrx_word' id='word_1_623' title='bbox 2283 3410 2574 3479; x_wconf 79' lang='grc' dir='ltr'><strong>φανείημεν,</strong></span> 
     </span>
    </p>
   </div>
   <div class='ocr_carea' id='block_1_88' title="bbox 2283 3489 3894 3568">
    <p class='ocr_par' dir='ltr' id='par_1_88' title="bbox 2283 3489 3894 3568">
     <span class='ocr_line' id='line_1_88' title="bbox 2283 3489 3894 3568; baseline -0.004 -20"><span class='ocrx_word' id='word_1_624' title='bbox 2283 3492 2496 3568; x_wconf 78' lang='grc' dir='ltr'><strong>δοίημεν</strong></span> <span class='ocrx_word' id='word_1_625' title='bbox 2528 3494 2738 3562; x_wconf 72' lang='grc' dir='ltr'><strong>αὐτοὺς,</strong></span> <span class='ocrx_word' id='word_1_626' title='bbox 2772 3489 3060 3545; x_wconf 81' lang='grc' dir='ltr'><strong>ἁδέσποτοι</strong></span> <span class='ocrx_word' id='word_1_627' title='bbox 3113 3496 3200 3543; x_wconf 85' lang='grc' dir='ltr'><strong>τὸν</strong></span> <span class='ocrx_word' id='word_1_628' title='bbox 3248 3493 3420 3543; x_wconf 84' lang='grc' dir='ltr'><strong>πάντα</strong></span> <span class='ocrx_word' id='word_1_629' title='bbox 3479 3490 3604 3562; x_wconf 76' lang='grc' dir='ltr'><strong>βίον</strong></span> <span class='ocrx_word' id='word_1_630' title='bbox 3641 3489 3894 3544; x_wconf 68' lang='grc' dir='ltr'><strong>διατι),εῇ</strong></span> 
     </span>
    </p>
   </div>
   <div class='ocr_carea' id='block_1_89' title="bbox 2656 3399 3897 3476">
    <p class='ocr_par' dir='ltr' id='par_1_89' title="bbox 2656 3399 3897 3476">
     <span class='ocr_line' id='line_1_89' title="bbox 2656 3399 3897 3476; baseline -0.001 -20"><span class='ocrx_word' id='word_1_631' title='bbox 2656 3406 2699 3456; x_wconf 89' lang='grc' dir='ltr'><strong>εἱ</strong></span> <span class='ocrx_word' id='word_1_632' title='bbox 2785 3404 2937 3455; x_wconf 86' lang='grc' dir='ltr'><strong>πάλιν</strong></span> <span class='ocrx_word' id='word_1_633' title='bbox 3013 3405 3113 3476; x_wconf 84' lang='grc' dir='ltr'><strong>πρὸ</strong></span> <span class='ocrx_word' id='word_1_634' title='bbox 3204 3399 3541 3476; x_wconf 84' lang='grc' dir='ltr'><strong>δυσπραγίας</strong></span> <span class='ocrx_word' id='word_1_635' title='bbox 3610 3403 3753 3464; x_wconf 75' lang='grc' dir='ltr'><strong>ἅλας</strong></span> <span class='ocrx_word' id='word_1_636' title='bbox 3800 3403 3897 3455; x_wconf 66' lang='lat' dir='ltr'><strong>Em-</strong></span> 
     </span>
    </p>
   </div>
   <div class='ocr_carea' id='block_1_90' title="bbox 2283 3579 3892 3659">
    <p class='ocr_par' dir='ltr' id='par_1_90' title="bbox 2283 3579 3892 3659">
     <span class='ocr_line' id='line_1_90' title="bbox 2283 3579 3892 3659; baseline -0.004 -22"><span class='ocrx_word' id='word_1_637' title='bbox 2283 3587 2597 3659; x_wconf 75' lang='grc' dir='ltr'><strong>αἱρούμενοι,</strong></span> <span class='ocrx_word' id='word_1_638' title='bbox 2671 3582 2754 3654; x_wconf 78' lang='grc' dir='ltr'><strong>ὑφ’</strong></span> <span class='ocrx_word' id='word_1_639' title='bbox 2813 3582 2872 3634; x_wconf 79' lang='grc' dir='ltr'><strong>οὗ</strong></span> <span class='ocrx_word' id='word_1_640' title='bbox 2929 3581 3091 3634; x_wconf 83' lang='grc' dir='ltr'><strong>πολλά</strong></span> <span class='ocrx_word' id='word_1_641' title='bbox 3149 3601 3201 3633; x_wconf 86' lang='grc' dir='ltr'><strong>τε</strong></span> <span class='ocrx_word' id='word_1_642' title='bbox 3267 3587 3356 3633; x_wconf 84' lang='grc' dir='ltr'><strong>καὶ</strong></span> <span class='ocrx_word' id='word_1_643' title='bbox 3416 3581 3581 3653; x_wconf 74' lang='grc' dir='ltr'><strong>μείζω</strong></span> <span class='ocrx_word' id='word_1_644' title='bbox 3636 3585 3710 3634; x_wconf 75' lang='grc' dir='ltr'><strong>τὰ</strong></span> <span class='ocrx_word' id='word_1_645' title='bbox 3757 3579 3892 3634; x_wconf 54' lang='lat' dir='ltr'><strong>diu:</strong></span> 
     </span>
    </p>
   </div>
   <div class='ocr_carea' id='block_1_91' title="bbox 2284 3669 3888 3748">
    <p class='ocr_par' dir='ltr' id='par_1_91' title="bbox 2284 3669 3888 3748">
     <span class='ocr_line' id='line_1_91' title="bbox 2284 3669 3888 3748; baseline -0.002 -23"><span class='ocrx_word' id='word_1_646' title='bbox 2284 3678 2483 3748; x_wconf 77' lang='grc' dir='ltr'><strong>φύεται,</strong></span> <span class='ocrx_word' id='word_1_647' title='bbox 2509 3671 2647 3724; x_wconf 82' lang='grc' dir='ltr'><strong>Ἀλλ’</strong></span> <span class='ocrx_word' id='word_1_648' title='bbox 2706 3670 2813 3723; x_wconf 81' lang='grc' dir='ltr'><strong>ἐπεὶ</strong></span> <span class='ocrx_word' id='word_1_649' title='bbox 2859 3673 2884 3723; x_wconf 88' lang='grc' dir='ltr'><strong><em>ὁ</em></strong></span> <span class='ocrx_word' id='word_1_650' title='bbox 2936 3670 3189 3744; x_wconf 80' lang='grc' dir='ltr'><strong>βασιλεὺς</strong></span> <span class='ocrx_word' id='word_1_651' title='bbox 3235 3673 3360 3742; x_wconf 79' lang='grc' dir='ltr'><strong>ἡμῖν</strong></span> <span class='ocrx_word' id='word_1_652' title='bbox 3411 3671 3434 3721; x_wconf 87' lang='grc' dir='ltr'><strong>ό</strong></span> <span class='ocrx_word' id='word_1_653' title='bbox 3479 3678 3580 3720; x_wconf 84' lang='grc' dir='ltr'><strong>τῶν</strong></span> <span class='ocrx_word' id='word_1_654' title='bbox 3625 3669 3888 3743; x_wconf 61' lang='grc' dir='ltr'><strong>Ῥωμαίων</strong></span> 
     </span>
    </p>
   </div>
   <div class='ocr_carea' id='block_1_92' title="bbox 2283 3757 3890 3838">
    <p class='ocr_par' dir='ltr' id='par_1_92' title="bbox 2283 3757 3890 3838">
     <span class='ocr_line' id='line_1_92' title="bbox 2283 3757 3890 3838; baseline -0.004 -21"><span class='ocrx_word' id='word_1_655' title='bbox 2283 3768 2662 3838; x_wconf 82' lang='grc' dir='ltr'><strong>προσὴγγισεν,</strong></span> <span class='ocrx_word' id='word_1_656' title='bbox 2717 3761 2796 3833; x_wconf 86' lang='grc' dir='ltr'><strong>[Ρ.</strong></span> <span class='ocrx_word' id='word_1_657' title='bbox 2844 3760 2936 3832; x_wconf 78' lang='grc'><strong>42]</strong></span> <span class='ocrx_word' id='word_1_658' title='bbox 2991 3757 3075 3812; x_wconf 79' lang='grc' dir='ltr'><strong>δεῖ</strong></span> <span class='ocrx_word' id='word_1_659' title='bbox 3125 3759 3264 3829; x_wconf 71' lang='grc' dir='ltr'><strong>αὐτῷ</strong></span> <span class='ocrx_word' id='word_1_660' title='bbox 3317 3759 3534 3820; x_wconf 78' lang='grc' dir='ltr'><strong>ἑαυτοὺς</strong></span> <span class='ocrx_word' id='word_1_661' title='bbox 3587 3758 3890 3835; x_wconf 70' lang='grc' dir='ltr'><strong>ἐγχειρίσα-</strong></span> 
     </span>
    </p>
   </div>
   <div class='ocr_carea' id='block_1_93' title="bbox 2284 3845 3890 3922">
    <p class='ocr_par' dir='ltr' id='par_1_93' title="bbox 2284 3845 3890 3922">
     <span class='ocr_line' id='line_1_93' title="bbox 2284 3845 3890 3922; baseline -0.002 -17"><span class='ocrx_word' id='word_1_662' title='bbox 2284 3856 2429 3921; x_wconf 87' lang='grc' dir='ltr'><strong>σθαι,</strong></span> <span class='ocrx_word' id='word_1_663' title='bbox 2496 3849 2725 3922; x_wconf 76' lang='grc' dir='ltr'><strong>δεσπότῃ</strong></span> <span class='ocrx_word' id='word_1_664' title='bbox 2781 3858 2953 3919; x_wconf 82' lang='grc' dir='ltr'><strong>πιστῷ</strong></span> <span class='ocrx_word' id='word_1_665' title='bbox 3011 3855 3100 3901; x_wconf 88' lang='grc' dir='ltr'><strong>καὶ</strong></span> <span class='ocrx_word' id='word_1_666' title='bbox 3149 3845 3317 3900; x_wconf 77' lang='grc' dir='ltr'><strong>εἰδότι</strong></span> <span class='ocrx_word' id='word_1_667' title='bbox 3365 3846 3540 3920; x_wconf 78' lang='grc' dir='ltr'><strong>ἄνδρα</strong></span> <span class='ocrx_word' id='word_1_668' title='bbox 3589 3847 3700 3906; x_wconf 74' lang='grc' dir='ltr'><strong>ἠδὲ</strong></span> <span class='ocrx_word' id='word_1_669' title='bbox 3745 3855 3890 3902; x_wconf 65' lang='grc' dir='ltr'><strong>κακόν</strong></span> 
     </span>
    </p>
   </div>
   <div class='ocr_carea' id='block_1_94' title="bbox 2283 3937 3887 4014">
    <p class='ocr_par' dir='ltr' id='par_1_94' title="bbox 2283 3937 3887 4014">
     <span class='ocr_line' id='line_1_94' title="bbox 2283 3937 3887 4014; baseline -0.001 -19"><span class='ocrx_word' id='word_1_670' title='bbox 2283 3940 2379 4002; x_wconf 76' lang='grc' dir='ltr'><strong>ἠδὲ</strong></span> <span class='ocrx_word' id='word_1_671' title='bbox 2408 3947 2496 3994; x_wconf 87' lang='grc' dir='ltr'><strong>καὶ</strong></span> <span class='ocrx_word' id='word_1_672' title='bbox 2546 3940 2706 4003; x_wconf 83' lang='grc' dir='ltr'><strong>ἐθλόν,</strong></span> <span class='ocrx_word' id='word_1_673' title='bbox 2762 3945 2852 3992; x_wconf 87' lang='grc' dir='ltr'><strong>καὶ</strong></span> <span class='ocrx_word' id='word_1_674' title='bbox 2898 3937 3103 3992; x_wconf 85' lang='grc' dir='ltr'><strong>δίκαιον</strong></span> <span class='ocrx_word' id='word_1_675' title='bbox 3135 3939 3184 3991; x_wconf 81' lang='grc' dir='ltr'><strong>ἐν</strong></span> <span class='ocrx_word' id='word_1_676' title='bbox 3230 3942 3356 4011; x_wconf 78' lang='grc' dir='ltr'><strong>ἡμῖν</strong></span> <span class='ocrx_word' id='word_1_677' title='bbox 3404 3939 3632 3992; x_wconf 80' lang='grc' dir='ltr'><strong>ἔκπαλαι</strong></span> <span class='ocrx_word' id='word_1_678' title='bbox 3686 3949 3887 4014; x_wconf 76' lang='grc' dir='ltr'><strong>σχόντι.</strong></span> 
     </span>
    </p>
   </div>
   <div class='ocr_carea' id='block_1_95' title="bbox 2277 4027 3888 4105">
    <p class='ocr_par' dir='ltr' id='par_1_95' title="bbox 2277 4027 3888 4105">
     <span class='ocr_line' id='line_1_95' title="bbox 2277 4027 3888 4105; baseline -0.009 -19"><span class='ocrx_word' id='word_1_679' title='bbox 2277 4032 2342 4085; x_wconf 76' lang='grc' dir='ltr'><strong>Ὀ</strong></span> <span class='ocrx_word' id='word_1_680' title='bbox 2373 4053 2424 4085; x_wconf 87' lang='grc' dir='ltr'><strong>τε</strong></span> <span class='ocrx_word' id='word_1_681' title='bbox 2463 4033 2564 4104; x_wconf 81' lang='grc' dir='ltr'><strong>γὰρ</strong></span> <span class='ocrx_word' id='word_1_682' title='bbox 2626 4032 2871 4103; x_wconf 75' lang='grc' dir='ltr'><strong>ἡμέτερος</strong></span> <span class='ocrx_word' id='word_1_683' title='bbox 2927 4037 3104 4103; x_wconf 87' lang='grc' dir='ltr'><strong>χῶρος</strong></span> <span class='ocrx_word' id='word_1_684' title='bbox 3154 4037 3215 4101; x_wconf 74' lang='grc' dir='ltr'><strong>τῇ</strong></span> <span class='ocrx_word' id='word_1_685' title='bbox 3261 4037 3360 4080; x_wconf 86' lang='grc' dir='ltr'><strong>τῶν</strong></span> <span class='ocrx_word' id='word_1_686' title='bbox 3402 4027 3678 4100; x_wconf 80' lang='grc' dir='ltr'><strong>Ῥωμαίων</strong></span> <span class='ocrx_word' id='word_1_687' title='bbox 3736 4051 3888 4105; x_wconf 62' lang='grc' dir='ltr'><strong>πρςς.</strong></span> 
     </span>
    </p>
   </div>
   <div class='ocr_carea' id='block_1_96' title="bbox 2281 4119 3890 4193">
    <p class='ocr_par' dir='ltr' id='par_1_96' title="bbox 2281 4119 3890 4193">
     <span class='ocr_line' id='line_1_96' title="bbox 2281 4119 3890 4193; baseline -0.002 -19"><span class='ocrx_word' id='word_1_688' title='bbox 2281 4128 2395 4181; x_wconf 81' lang='grc' dir='ltr'><strong>ηκει</strong></span> <span class='ocrx_word' id='word_1_689' title='bbox 2427 4120 2570 4193; x_wconf 72' lang='grc' dir='ltr'><strong>ἀρχῇ</strong></span> <span class='ocrx_word' id='word_1_690' title='bbox 2602 4141 2612 4152; x_wconf 92' lang='grc'>·</span> <span class='ocrx_word' id='word_1_691' title='bbox 2675 4119 3159 4193; x_wconf 82' lang='grc' dir='ltr'><strong>πλεονεκτικωτερον</strong></span> <span class='ocrx_word' id='word_1_692' title='bbox 3210 4119 3307 4192; x_wconf 82' lang='grc' dir='ltr'><strong>γὰρ</strong></span> <span class='ocrx_word' id='word_1_693' title='bbox 3365 4119 3413 4169; x_wconf 84' lang='grc' dir='ltr'><strong>οἱ</strong></span> <span class='ocrx_word' id='word_1_694' title='bbox 3462 4119 3768 4192; x_wconf 80' lang='grc' dir='ltr'><strong>Βούλγαροι</strong></span> <span class='ocrx_word' id='word_1_695' title='bbox 3798 4128 3890 4178; x_wconf 73' lang='grc' dir='ltr'><strong>τοῖς</strong></span> 
     </span>
    </p>
   </div>
   <div class='ocr_carea' id='block_1_97' title="bbox 2278 4208 3886 4286">
    <p class='ocr_par' dir='ltr' id='par_1_97' title="bbox 2278 4208 3886 4286">
     <span class='ocr_line' id='line_1_97' title="bbox 2278 4208 3886 4286; baseline -0.002 -22"><span class='ocrx_word' id='word_1_696' title='bbox 2278 4214 2560 4286; x_wconf 79' lang='grc' dir='ltr'><strong>πράγμασι</strong></span> <span class='ocrx_word' id='word_1_697' title='bbox 2591 4209 2923 4284; x_wconf 79' lang='grc' dir='ltr'><strong>χρησάμενοι</strong></span> <span class='ocrx_word' id='word_1_698' title='bbox 2973 4213 3062 4259; x_wconf 85' lang='grc' dir='ltr'><strong>καὶ</strong></span> <span class='ocrx_word' id='word_1_699' title='bbox 3122 4214 3214 4259; x_wconf 82' lang='grc' dir='ltr'><strong>τοῦ</strong></span> <span class='ocrx_word' id='word_1_700' title='bbox 3259 4208 3538 4260; x_wconf 85' lang='grc' dir='ltr'><strong>Μελενίκου</strong></span> <span class='ocrx_word' id='word_1_701' title='bbox 3591 4216 3886 4279; x_wconf 62' lang='grc' dir='ltr'><strong>γεγένηνται</strong></span> 
     </span>
    </p>
   </div>
   <div class='ocr_carea' id='block_1_98' title="bbox 2281 4296 3886 4376">
    <p class='ocr_par' dir='ltr' id='par_1_98' title="bbox 2281 4296 3886 4376">
     <span class='ocr_line' id='line_1_98' title="bbox 2281 4296 3886 4376; baseline -0.001 -23"><span class='ocrx_word' id='word_1_702' title='bbox 2281 4301 2568 4376; x_wconf 78' lang='grc' dir='ltr'><strong>ἐγκρατεῖς,</strong></span> <span class='ocrx_word' id='word_1_703' title='bbox 2613 4301 2762 4371; x_wconf 78' lang='grc' dir='ltr'><strong>ἡμεῖς</strong></span> <span class='ocrx_word' id='word_1_704' title='bbox 2831 4296 2888 4350; x_wconf 74' lang='grc' dir='ltr'><strong>δὲ</strong></span> <span class='ocrx_word' id='word_1_705' title='bbox 2927 4299 3116 4360; x_wconf 85' lang='grc' dir='ltr'><strong>πάντες</strong></span> <span class='ocrx_word' id='word_1_706' title='bbox 3154 4296 3209 4348; x_wconf 82' lang='grc' dir='ltr'><strong>ἐκ</strong></span> <span class='ocrx_word' id='word_1_707' title='bbox 3257 4297 3513 4350; x_wconf 83' lang='grc' dir='ltr'><strong>Φιλιππου</strong></span> <span class='ocrx_word' id='word_1_708' title='bbox 3548 4298 3760 4360; x_wconf 83' lang='grc' dir='ltr'><strong>πόλεως</strong></span> <span class='ocrx_word' id='word_1_709' title='bbox 3815 4302 3886 4373; x_wconf 73' lang='grc' dir='ltr'><strong>ὁρ-</strong></span> 
     </span>
    </p>
   </div>
   <div class='ocr_carea' id='block_1_99' title="bbox 2281 4385 3885 4463">
    <p class='ocr_par' dir='ltr' id='par_1_99' title="bbox 2281 4385 3885 4463">
     <span class='ocr_line' id='line_1_99' title="bbox 2281 4385 3885 4463; baseline -0.002 -21"><span class='ocrx_word' id='word_1_710' title='bbox 2281 4391 2514 4463; x_wconf 82' lang='grc' dir='ltr'><strong>μώμεθα,</strong></span> <span class='ocrx_word' id='word_1_711' title='bbox 2550 4389 2769 4462; x_wconf 87' lang='grc' dir='ltr'><strong>καθαροὶ</strong></span> <span class='ocrx_word' id='word_1_712' title='bbox 2794 4390 2851 4439; x_wconf 86' lang='grc' dir='ltr'><strong>τὸ</strong></span> <span class='ocrx_word' id='word_1_713' title='bbox 2882 4389 3030 4458; x_wconf 85' lang='grc' dir='ltr'><strong>γένος</strong></span> <span class='ocrx_word' id='word_1_714' title='bbox 3085 4386 3350 4458; x_wconf 86' lang='grc' dir='ltr'><strong>Ῥωμαῖοι.</strong></span> <span class='ocrx_word' id='word_1_715' title='bbox 3409 4385 3612 4448; x_wconf 73' lang='grc' dir='ltr'><strong>’Ἄλλως</strong></span> <span class='ocrx_word' id='word_1_716' title='bbox 3672 4409 3732 4441; x_wconf 84' lang='grc' dir='ltr'><strong>τε</strong></span> <span class='ocrx_word' id='word_1_717' title='bbox 3759 4396 3844 4440; x_wconf 79' lang='grc' dir='ltr'><strong>καὶ</strong></span> 
     </span>
    </p>
   </div>
   <div class='ocr_carea' id='block_1_100' title="bbox 2280 4476 3886 4551">
    <p class='ocr_par' dir='ltr' id='par_1_100' title="bbox 2280 4476 3886 4551">
     <span class='ocr_line' id='line_1_100' title="bbox 2280 4476 3886 4551; baseline -0.001 -19"><span class='ocrx_word' id='word_1_718' title='bbox 2280 4489 2380 4532; x_wconf 83' lang='grc' dir='ltr'><strong>τῶν</strong></span> <span class='ocrx_word' id='word_1_719' title='bbox 2423 4479 2685 4551; x_wconf 85' lang='grc' dir='ltr'><strong>Ῥωμαίων</strong></span> <span class='ocrx_word' id='word_1_720' title='bbox 2745 4477 2994 4550; x_wconf 79' lang='grc' dir='ltr'><strong>βασιλεὺς</strong></span> <span class='ocrx_word' id='word_1_721' title='bbox 3045 4477 3242 4538; x_wconf 73' lang='grc' dir='ltr'><strong>άληθῶς</strong></span> <span class='ocrx_word' id='word_1_722' title='bbox 3272 4476 3440 4529; x_wconf 86' lang='grc' dir='ltr'><strong>καὶέν</strong></span> <span class='ocrx_word' id='word_1_723' title='bbox 3467 4479 3594 4549; x_wconf 73' lang='grc' dir='ltr'><strong>ἡμῖν</strong></span> <span class='ocrx_word' id='word_1_724' title='bbox 3659 4476 3886 4531; x_wconf 64' lang='grc' dir='ltr'><strong>δικαιοῦ-</strong></span> 
     </span>
    </p>
   </div>
   <div class='ocr_carea' id='block_1_101' title="bbox 2281 4567 3888 4641">
    <p class='ocr_par' dir='ltr' id='par_1_101' title="bbox 2281 4567 3888 4641">
     <span class='ocr_line' id='line_1_101' title="bbox 2281 4567 3888 4641; baseline 0 -21"><span class='ocrx_word' id='word_1_725' title='bbox 2281 4589 2389 4633; x_wconf 71' lang='grc' dir='ltr'><strong>ται,</strong></span> <span class='ocrx_word' id='word_1_726' title='bbox 2443 4574 2533 4620; x_wconf 84' lang='grc' dir='ltr'><strong>καὶ</strong></span> <span class='ocrx_word' id='word_1_727' title='bbox 2582 4568 2626 4619; x_wconf 90' lang='grc' dir='ltr'><strong>εἰ</strong></span> <span class='ocrx_word' id='word_1_728' title='bbox 2679 4567 2992 4638; x_wconf 81' lang='grc' dir='ltr'><strong>Βουλγάροις</strong></span> <span class='ocrx_word' id='word_1_729' title='bbox 3053 4572 3405 4641; x_wconf 77' lang='grc' dir='ltr'><strong>προσηκοιμεν</strong></span> <span class='ocrx_word' id='word_1_730' title='bbox 3458 4587 3469 4598; x_wconf 92' lang='grc'>·</span> <span class='ocrx_word' id='word_1_731' title='bbox 3524 4568 3550 4616; x_wconf 89' lang='grc' dir='ltr'><em>ὁ</em></span> <span class='ocrx_word' id='word_1_732' title='bbox 3620 4570 3734 4640; x_wconf 71' lang='grc' dir='ltr'><strong>γὰρ</strong></span> <span class='ocrx_word' id='word_1_733' title='bbox 3790 4573 3888 4628; x_wconf 71' lang='grc' dir='ltr'><strong>υἱός</strong></span> 
     </span>
    </p>
   </div>
   <div class='ocr_carea' id='block_1_102' title="bbox 2282 4653 3886 4730">
    <p class='ocr_par' dir='ltr' id='par_1_102' title="bbox 2282 4653 3886 4730">
     <span class='ocr_line' id='line_1_102' title="bbox 2282 4653 3886 4730; baseline -0.001 -20"><span class='ocrx_word' id='word_1_734' title='bbox 2282 4661 2466 4710; x_wconf 76' lang='grc' dir='ltr'><strong>τούτου</strong></span> <span class='ocrx_word' id='word_1_735' title='bbox 2495 4662 2583 4708; x_wconf 85' lang='grc' dir='ltr'><strong>καὶ</strong></span> <span class='ocrx_word' id='word_1_736' title='bbox 2615 4655 2866 4729; x_wconf 78' lang='grc' dir='ltr'><strong>βασιλεὺς</strong></span> <span class='ocrx_word' id='word_1_737' title='bbox 2896 4653 3169 4730; x_wconf 87' lang='grc' dir='ltr'><strong>Θεόδωρος</strong></span> <span class='ocrx_word' id='word_1_738' title='bbox 3225 4665 3293 4727; x_wconf 81' lang='grc' dir='ltr'><strong>τῷ</strong></span> <span class='ocrx_word' id='word_1_739' title='bbox 3345 4655 3558 4728; x_wconf 78' lang='grc' dir='ltr'><strong>βασιλεῖ</strong></span> <span class='ocrx_word' id='word_1_740' title='bbox 3592 4665 3699 4708; x_wconf 79' lang='grc' dir='ltr'><strong>τῶν</strong></span> <span class='ocrx_word' id='word_1_741' title='bbox 3742 4660 3886 4710; x_wconf 68' lang='grc' dir='ltr'><strong>Βουλ-</strong></span> 
     </span>
    </p>
   </div>
   <div class='ocr_carea' id='block_1_103' title="bbox 2281 4743 3885 4821">
    <p class='ocr_par' dir='ltr' id='par_1_103' title="bbox 2281 4743 3885 4821">
     <span class='ocr_line' id='line_1_103' title="bbox 2281 4743 3885 4821; baseline -0.001 -23"><span class='ocrx_word' id='word_1_742' title='bbox 2281 4749 2453 4821; x_wconf 84' lang='grc' dir='ltr'><strong>γάρων</strong></span> <span class='ocrx_word' id='word_1_743' title='bbox 2479 4754 2550 4815; x_wconf 81' lang='grc' dir='ltr'><strong>τῷ</strong></span> <span class='ocrx_word' id='word_1_744' title='bbox 2580 4747 2742 4798; x_wconf 78' lang='grc' dir='ltr'><strong>Ἀσάν</strong></span> <span class='ocrx_word' id='word_1_745' title='bbox 2791 4743 3096 4812; x_wconf 78' lang='grc' dir='ltr'><strong>κεκηδευτο,</strong></span> <span class='ocrx_word' id='word_1_746' title='bbox 3149 4750 3238 4797; x_wconf 88' lang='grc' dir='ltr'><strong>καὶ</strong></span> <span class='ocrx_word' id='word_1_747' title='bbox 3281 4752 3367 4796; x_wconf 80' lang='grc' dir='ltr'><strong>νῦν</strong></span> <span class='ocrx_word' id='word_1_748' title='bbox 3424 4747 3454 4802; x_wconf 77' lang='grc' dir='ltr'>ἡ</span> <span class='ocrx_word' id='word_1_749' title='bbox 3489 4752 3581 4796; x_wconf 74' lang='grc' dir='ltr'><strong>τοῦ</strong></span> <span class='ocrx_word' id='word_1_750' title='bbox 3633 4744 3885 4816; x_wconf 68' lang='grc' dir='ltr'><strong>βασιλέως</strong></span> 
     </span>
    </p>
   </div>
   <div class='ocr_carea' id='block_1_104' title="bbox 1939 4834 3883 4918">
    <p class='ocr_par' dir='ltr' id='par_1_104' title="bbox 1939 4834 3883 4918">
     <span class='ocr_line' id='line_1_104' title="bbox 1939 4834 3883 4918; baseline -0.002 -30"><span class='ocrx_word' id='word_1_751' title='bbox 1939 4840 2027 4918; x_wconf 45' lang='grc' dir='ltr'><strong>και</strong></span> <span class='ocrx_word' id='word_1_752' title='bbox 2075 4838 2250 4918; x_wconf 39' lang='grc' dir='ltr'><strong>ε’ξρὼνι</strong></span> <span class='ocrx_word' id='word_1_753' title='bbox 2281 4839 2367 4888; x_wconf 84' lang='grc' dir='ltr'><strong>τὸν</strong></span> <span class='ocrx_word' id='word_1_754' title='bbox 2428 4838 2515 4918; x_wconf 71' lang='grc' dir='ltr'><strong>μεν</strong></span> <span class='ocrx_word' id='word_1_755' title='bbox 2575 4834 2665 4886; x_wconf 67' lang='grc' dir='ltr'><strong>τοῦ</strong></span> <span class='ocrx_word' id='word_1_756' title='bbox 2714 4836 2895 4896; x_wconf 80' lang='grc' dir='ltr'><strong>οἶστεος</strong></span> <span class='ocrx_word' id='word_1_757' title='bbox 2949 4836 3153 4918; x_wconf 28' lang='grc' dir='ltr'><strong>ξφόρονὶ</strong></span> <span class='ocrx_word' id='word_1_758' title='bbox 3189 4834 3437 4918; x_wconf 49' lang='lat' dir='ltr'>Antto&#39;ffoov</span> <span class='ocrx_word' id='word_1_759' title='bbox 3495 4834 3758 4918; x_wconf 65' lang='grc' dir='ltr'><strong>κλινήρη,</strong></span> <span class='ocrx_word' id='word_1_760' title='bbox 3810 4842 3883 4889; x_wconf 73' lang='grc' dir='ltr'><strong>τὸν</strong></span> 
     </span>
    </p>
   </div>
   <div class='ocr_carea' id='block_1_105' title="bbox 2142 4903 3866 4980">
    <p class='ocr_par' dir='ltr' id='par_1_105' title="bbox 2142 4903 3866 4980">
     <span class='ocr_line' id='line_1_105' title="bbox 2142 4903 3866 4980; baseline 0.002 -22"><span class='ocrx_word' id='word_1_761' title='bbox 2142 4907 2346 4969; x_wconf 80' lang='grc' dir='ltr'><strong>ασιλεὺς</strong></span> <span class='ocrx_word' id='word_1_762' title='bbox 2420 4903 2700 4980; x_wconf 51' lang='grc' dir='ltr'><strong>ἐσκηνοῶο</strong></span> <span class='ocrx_word' id='word_1_763' title='bbox 2753 4913 2869 4980; x_wconf 85' lang='grc' dir='ltr'><strong>περὶ</strong></span> <span class='ocrx_word' id='word_1_764' title='bbox 2920 4903 3396 4965; x_wconf 66' lang='grc' dir='ltr'><strong>τῆν’Βαλαϐἰσδαν</strong></span> <span class='ocrx_word' id='word_1_765' title='bbox 3453 4909 3630 4969; x_wconf 85' lang='grc' dir='ltr'><strong>τόπον,</strong></span> <span class='ocrx_word' id='word_1_766' title='bbox 3662 4903 3792 4959; x_wconf 30' lang='lat' dir='ltr'>“xui</span> <span class='ocrx_word' id='word_1_767' title='bbox 3847 4929 3866 4961; x_wconf 84' lang='grc' dir='ltr'>ο</span> 
     </span>
    </p>
   </div>
   <div class='ocr_carea' id='block_1_106' title="bbox 524 4973 3884 5053">
    <p class='ocr_par' dir='ltr' id='par_1_106' title="bbox 524 4973 3884 5053">
     <span class='ocr_line' id='line_1_106' title="bbox 524 4973 3884 5053; baseline 0.001 -25"><span class='ocrx_word' id='word_1_768' title='bbox 524 4973 894 5028; x_wconf 81' lang='grc' dir='ltr'><strong>Μελενικιῶται</strong></span> <span class='ocrx_word' id='word_1_769' title='bbox 946 4974 1243 5053; x_wconf 64' lang='grc' dir='ltr'><strong>ἀφικόμενοι</strong></span> <span class='ocrx_word' id='word_1_770' title='bbox 1280 4981 1338 5028; x_wconf 88' lang='grc' dir='ltr'><strong>τὸ</strong></span> <span class='ocrx_word' id='word_1_771' title='bbox 1395 4977 1530 5028; x_wconf 86' lang='grc' dir='ltr'><strong>οἶστυ</strong></span> <span class='ocrx_word' id='word_1_772' title='bbox 1585 4979 1747 5049; x_wconf 80' lang='grc' dir='ltr'><strong>τούτῳ</strong></span> <span class='ocrx_word' id='word_1_773' title='bbox 1803 4973 2092 5052; x_wconf 77' lang='grc' dir='ltr'><strong>παρέσχον.</strong></span> <span class='ocrx_word' id='word_1_774' title='bbox 2145 4980 2430 5053; x_wconf 77' lang='grc' dir='ltr'><strong>Ἐκράτησε</strong></span> <span class='ocrx_word' id='word_1_775' title='bbox 2485 4975 2543 5030; x_wconf 76' lang='grc' dir='ltr'><strong>δὲ</strong></span> <span class='ocrx_word' id='word_1_776' title='bbox 2590 4973 2914 5053; x_wconf 56' lang='grc' dir='ltr'><strong>ό-βασιλεὺς</strong></span> <span class='ocrx_word' id='word_1_777' title='bbox 2960 4983 3049 5029; x_wconf 81' lang='grc' dir='ltr'><strong>καὶ</strong></span> <span class='ocrx_word' id='word_1_778' title='bbox 3089 4979 3410 5050; x_wconf 82' lang='grc' dir='ltr'><strong>Στενιμάχου</strong></span> <span class='ocrx_word' id='word_1_779' title='bbox 3436 4982 3542 5053; x_wconf 62' lang='grc' dir='ltr'><strong>Δκαὶ.</strong></span> <span class='ocrx_word' id='word_1_780' title='bbox 3593 4978 3884 5038; x_wconf 71' lang='grc' dir='ltr'><strong>Τζεπαὶνης</strong></span> 
     </span>
    </p>
   </div>
   <div class='ocr_carea' id='block_1_107' title="bbox 524 5043 3883 5122">
    <p class='ocr_par' dir='ltr' id='par_1_107' title="bbox 524 5043 3883 5122">
     <span class='ocr_line' id='line_1_107' title="bbox 524 5043 3883 5122; baseline 0.001 -26"><span class='ocrx_word' id='word_1_781' title='bbox 524 5050 614 5097; x_wconf 81' lang='grc' dir='ltr'><strong>καὶ</strong></span> <span class='ocrx_word' id='word_1_782' title='bbox 660 5055 758 5097; x_wconf 87' lang='grc' dir='ltr'><strong>τῶν</strong></span> <span class='ocrx_word' id='word_1_783' title='bbox 814 5055 905 5107; x_wconf 83' lang='grc' dir='ltr'><strong>τῆς</strong></span> <span class='ocrx_word' id='word_1_784' title='bbox 958 5043 1208 5108; x_wconf 73' lang='grc' dir='ltr'><strong>Ῥοδόπης</strong></span> <span class='ocrx_word' id='word_1_785' title='bbox 1259 5047 1543 5118; x_wconf 83' lang='grc' dir='ltr'><strong>πολιχνίων</strong></span> <span class='ocrx_word' id='word_1_786' title='bbox 1599 5053 1687 5100; x_wconf 87' lang='grc' dir='ltr'><strong>καὶ</strong></span> <span class='ocrx_word' id='word_1_787' title='bbox 1719 5043 2088 5122; x_wconf 49' lang='grc' dir='ltr'><strong>’κωμοπόλεωκ</strong></span> <span class='ocrx_word' id='word_1_788' title='bbox 2144 5043 2244 5102; x_wconf 79' lang='grc' dir='ltr'><strong>καὶ¹</strong></span> <span class='ocrx_word' id='word_1_789' title='bbox 2273 5052 2388 5122; x_wconf 85' lang='grc' dir='ltr'><strong>ὅρον</strong></span> <span class='ocrx_word' id='word_1_790' title='bbox 2445 5053 2529 5100; x_wconf 84' lang='grc' dir='ltr'><strong>τόν</strong></span> <span class='ocrx_word' id='word_1_791' title='bbox 2583 5043 2743 5122; x_wconf 75' lang='grc' dir='ltr'><strong>Εὗρον</strong></span> <span class='ocrx_word' id='word_1_792' title='bbox 2796 5053 3070 5106; x_wconf 83' lang='grc' dir='ltr'><strong>πεποίητο.</strong></span> <span class='ocrx_word' id='word_1_793' title='bbox 3118 5043 3360 5121; x_wconf 62' lang='grc' dir='ltr'><strong>Κατ-ἔσχε</strong></span> <span class='ocrx_word' id='word_1_794' title='bbox 3425 5045 3482 5101; x_wconf 67' lang='grc' dir='ltr'><strong>δὲ</strong></span> <span class='ocrx_word' id='word_1_795' title='bbox 3535 5054 3627 5100; x_wconf 82' lang='grc' dir='ltr'><strong>καὶ</strong></span> <span class='ocrx_word' id='word_1_796' title='bbox 3681 5049 3740 5101; x_wconf 81' lang='grc' dir='ltr'><strong>ἐκ</strong></span> <span class='ocrx_word' id='word_1_797' title='bbox 3800 5062 3883 5102; x_wconf 67' lang='grc' dir='ltr'><strong>τῶν</strong></span> 
     </span>
    </p>
   </div>
   <div class='ocr_carea' id='block_1_108' title="bbox 525 5117 3882 5196">
    <p class='ocr_par' dir='ltr' id='par_1_108' title="bbox 525 5117 3882 5196">
     <span class='ocr_line' id='line_1_108' title="bbox 525 5117 3882 5196; baseline 0.001 -27"><span class='ocrx_word' id='word_1_798' title='bbox 525 5120 654 5191; x_wconf 83' lang='grc' dir='ltr'><strong>πρὸς</strong></span> <span class='ocrx_word' id='word_1_799' title='bbox 685 5117 878 5196; x_wconf 72' lang='grc' dir='ltr'><strong>Βορρᾶν</strong></span> <span class='ocrx_word' id='word_1_800' title='bbox 931 5121 1218 5190; x_wconf 82' lang='grc' dir='ltr'><strong>Στούμπιόν</strong></span> <span class='ocrx_word' id='word_1_801' title='bbox 1262 5138 1316 5170; x_wconf 92' lang='grc' dir='ltr'><strong>τε</strong></span> <span class='ocrx_word' id='word_1_802' title='bbox 1354 5117 1443 5170; x_wconf 80' lang='grc' dir='ltr'><strong>καὶ</strong></span> <span class='ocrx_word' id='word_1_803' title='bbox 1503 5119 1764 5172; x_wconf 83' lang='grc' dir='ltr'><strong>Χυττοϐόν</strong></span> <span class='ocrx_word' id='word_1_804' title='bbox 1802 5117 1890 5173; x_wconf 78' lang='grc' dir='ltr'><strong>καὶ</strong></span> <span class='ocrx_word' id='word_1_805' title='bbox 1934 5117 2308 5175; x_wconf 74' lang='grc' dir='ltr'><strong>Βελεϐούσδιον</strong></span> <span class='ocrx_word' id='word_1_806' title='bbox 2365 5123 2586 5196; x_wconf 49' lang='grc' dir='ltr'><strong>Σκόπιά-</strong></span> <span class='ocrx_word' id='word_1_807' title='bbox 2607 5117 2664 5173; x_wconf 74' lang='grc' dir='ltr'><strong>τε</strong></span> <span class='ocrx_word' id='word_1_808' title='bbox 2714 5126 2820 5196; x_wconf 63' lang='grc' dir='ltr'><strong>καὶ⁵</strong></span> <span class='ocrx_word' id='word_1_809' title='bbox 2858 5119 3106 5193; x_wconf 80' lang='grc' dir='ltr'><strong>βελεσσὸν</strong></span> <span class='ocrx_word' id='word_1_810' title='bbox 3163 5117 3368 5196; x_wconf 42' lang='grc' dir='ltr'><strong>καὶ-’τὰ</strong></span> <span class='ocrx_word' id='word_1_811' title='bbox 3408 5123 3572 5193; x_wconf 84' lang='grc' dir='ltr'><strong>μέχρι</strong></span> <span class='ocrx_word' id='word_1_812' title='bbox 3614 5122 3882 5196; x_wconf 71' lang='grc' dir='ltr'><strong>Πρι).άπου</strong></span> 
     </span>
    </p>
   </div>
   <div class='ocr_carea' id='block_1_109' title="bbox 525 5189 3881 5275">
    <p class='ocr_par' dir='ltr' id='par_1_109' title="bbox 525 5189 3881 5275">
     <span class='ocr_line' id='line_1_109' title="bbox 525 5189 3881 5275; baseline 0.001 -35"><span class='ocrx_word' id='word_1_813' title='bbox 525 5189 615 5240; x_wconf 81' lang='grc' dir='ltr'><strong>καὶ</strong></span> <span class='ocrx_word' id='word_1_814' title='bbox 666 5189 980 5275; x_wconf 65' lang='grc' dir='ltr'><strong>Πελάγονξας</strong></span> <span class='ocrx_word' id='word_1_815' title='bbox 1028 5189 1227 5264; x_wconf 84' lang='grc' dir='ltr'><strong>χωρία,</strong></span> <span class='ocrx_word' id='word_1_816' title='bbox 1267 5191 1627 5243; x_wconf 86' lang='grc' dir='ltr'><strong>Νευστάπολίν</strong></span> <span class='ocrx_word' id='word_1_817' title='bbox 1683 5211 1732 5244; x_wconf 76' lang='grc' dir='ltr'><strong>τε</strong></span> <span class='ocrx_word' id='word_1_818' title='bbox 1795 5197 1884 5245; x_wconf 86' lang='grc' dir='ltr'><strong>καὶ</strong></span> <span class='ocrx_word' id='word_1_819' title='bbox 1935 5199 2226 5269; x_wconf 85' lang='grc' dir='ltr'><strong>Πρόσακον,</strong></span> <span class='ocrx_word' id='word_1_820' title='bbox 2279 5197 2369 5245; x_wconf 88' lang='grc' dir='ltr'><strong>καί</strong></span> <span class='ocrx_word' id='word_1_821' title='bbox 2423 5189 2651 5253; x_wconf 82' lang='grc' dir='ltr'><strong>σπονδάς</strong></span> <span class='ocrx_word' id='word_1_822' title='bbox 2703 5211 2755 5244; x_wconf 87' lang='grc' dir='ltr'><strong>τε</strong></span> <span class='ocrx_word' id='word_1_823' title='bbox 2802 5189 2867 5244; x_wconf 76' lang='grc' dir='ltr'><strong>ἐκ</strong></span> <span class='ocrx_word' id='word_1_824' title='bbox 2907 5192 3209 5267; x_wconf 83' lang='grc' dir='ltr'><strong>Βουλγάρων</strong></span> <span class='ocrx_word' id='word_1_825' title='bbox 3256 5189 3552 5265; x_wconf 75' lang='grc' dir='ltr'><strong>δεξάμενος,</strong></span> <span class='ocrx_word' id='word_1_826' title='bbox 3601 5189 3673 5255; x_wconf 72' lang='grc' dir='ltr'><strong>ὡς</strong></span> <span class='ocrx_word' id='word_1_827' title='bbox 3730 5200 3881 5267; x_wconf 50' lang='grc' dir='ltr'><strong>μχρι</strong></span> 
     </span>
    </p>
   </div>
   <div class='ocr_carea' id='block_1_110' title="bbox 524 5262 1128 5332">
    <p class='ocr_par' dir='ltr' id='par_1_110' title="bbox 524 5262 1128 5332">
     <span class='ocr_line' id='line_1_110' title="bbox 524 5262 1128 5332; baseline 0.003 -20"><span class='ocrx_word' id='word_1_828' title='bbox 524 5262 716 5312; x_wconf 81' lang='grc' dir='ltr'><strong>τούτων</strong></span> <span class='ocrx_word' id='word_1_829' title='bbox 741 5269 836 5332; x_wconf 77' lang='grc' dir='ltr'><strong>στῇ</strong></span> <span class='ocrx_word' id='word_1_830' title='bbox 847 5304 862 5328; x_wconf 83' lang='lat'><strong>,</strong></span> <span class='ocrx_word' id='word_1_831' title='bbox 890 5262 1128 5332; x_wconf 62' lang='lat' dir='ltr'>évécxsv.</span> 
     </span>
    </p>
   </div>
   <div class='ocr_carea' id='block_1_111' title="bbox 1430 5368 3018 5438">
    <p class='ocr_par' dir='ltr' id='par_1_111' title="bbox 1430 5368 3018 5438">
     <span class='ocr_line' id='line_1_111' title="bbox 1430 5368 3018 5438; baseline 0.002 -4"><span class='ocrx_word' id='word_1_832' title='bbox 1430 5368 1771 5437; x_wconf 89' lang='lat' dir='ltr'>Theodori</span> <span class='ocrx_word' id='word_1_833' title='bbox 1821 5371 2071 5438; x_wconf 70' lang='lat' dir='ltr'>Dousae</span> <span class='ocrx_word' id='word_1_834' title='bbox 2120 5380 2186 5438; x_wconf 87' lang='lat' dir='ltr'><strong>et</strong></span> <span class='ocrx_word' id='word_1_835' title='bbox 2231 5370 2484 5438; x_wconf 91' lang='lat' dir='ltr'>Leonis</span> <span class='ocrx_word' id='word_1_836' title='bbox 2535 5370 2767 5438; x_wconf 86' lang='lat' dir='ltr'>Allatii</span> <span class='ocrx_word' id='word_1_837' title='bbox 2816 5379 3018 5438; x_wconf 70' lang='lat' dir='ltr'>notae.</span> 
     </span>
    </p>
   </div>
   <div class='ocr_carea' id='block_1_112' title="bbox 599 5503 2172 5586">
    <p class='ocr_par' dir='ltr' id='par_1_112' title="bbox 599 5503 2172 5586">
     <span class='ocr_line' id='line_1_112' title="bbox 599 5503 2172 5586; baseline 0.006 -28"><span class='ocrx_word' id='word_1_838' title='bbox 599 5503 717 5584; x_wconf 84' lang='grc'><strong>(86)</strong></span> <span class='ocrx_word' id='word_1_839' title='bbox 763 5505 830 5586; x_wconf 44' lang='grc' dir='ltr'><strong>,Ὠ</strong></span> <span class='ocrx_word' id='word_1_840' title='bbox 899 5507 1485 5586; x_wconf 39' lang='grc' dir='ltr'><strong>ᾼιτοβόης-Νικόλαος.</strong></span> <span class='ocrx_word' id='word_1_841' title='bbox 1537 5511 1852 5586; x_wconf 62' lang='lat' dir='ltr'>Qhoniata,</span> <span class='ocrx_word' id='word_1_842' title='bbox 1912 5527 1970 5586; x_wconf 85' lang='lat' dir='ltr'>p_.</span> <span class='ocrx_word' id='word_1_843' title='bbox 2052 5516 2172 5584; x_wconf 73' lang='grc'><strong>564,</strong></span> 
     </span>
    </p>
   </div>
   <div class='ocr_carea' id='block_1_113' title="bbox 527 5579 2179 5648">
    <p class='ocr_par' dir='ltr' id='par_1_113' title="bbox 527 5579 2179 5648">
     <span class='ocr_line' id='line_1_113' title="bbox 527 5579 2179 5648; baseline 0.003 -15"><span class='ocrx_word' id='word_1_844' title='bbox 527 5579 799 5648; x_wconf 76' lang='lat' dir='ltr'>meminit</span> <span class='ocrx_word' id='word_1_845' title='bbox 822 5579 1139 5648; x_wconf 91' lang='lat' dir='ltr'>cujusdam</span> <span class='ocrx_word' id='word_1_846' title='bbox 1167 5580 1437 5637; x_wconf 87' lang='lat' dir='ltr'>Litoboes</span> <span class='ocrx_word' id='word_1_847' title='bbox 1468 5582 1669 5638; x_wconf 87' lang='lat' dir='ltr'>militis</span> <span class='ocrx_word' id='word_1_848' title='bbox 1697 5583 1756 5638; x_wconf 93' lang='lat' dir='ltr'><strong>in</strong></span> <span class='ocrx_word' id='word_1_849' title='bbox 1778 5579 2036 5638; x_wconf 81' lang='lat' dir='ltr'>exercitu</span> <span class='ocrx_word' id='word_1_850' title='bbox 2066 5579 2179 5638; x_wconf 63' lang='lat' dir='ltr'><strong>Dul</strong></span> 
     </span>
    </p>
   </div>
   <div class='ocr_carea' id='block_1_114' title="bbox 527 5645 2177 5722">
    <p class='ocr_par' dir='ltr' id='par_1_114' title="bbox 527 5645 2177 5722">
     <span class='ocr_line' id='line_1_114' title="bbox 527 5645 2177 5722; baseline 0.002 -16"><span class='ocrx_word' id='word_1_851' title='bbox 527 5662 613 5708; x_wconf 62' lang='grc' dir='ltr'><strong>(διε</strong></span> <span class='ocrx_word' id='word_1_852' title='bbox 632 5645 1148 5717; x_wconf 80' lang='lat' dir='ltr'>sebastocratoris,</span> <span class='ocrx_word' id='word_1_853' title='bbox 1163 5651 1267 5722; x_wconf 92' lang='lat' dir='ltr'><strong>qui</strong></span> <span class='ocrx_word' id='word_1_854' title='bbox 1278 5668 1351 5708; x_wconf 87' lang='lat' dir='ltr'><strong>ex</strong></span> <span class='ocrx_word' id='word_1_855' title='bbox 1362 5651 1682 5711; x_wconf 87' lang='lat' dir='ltr'>barbarica</span> <span class='ocrx_word' id='word_1_856' title='bbox 1697 5654 1937 5713; x_wconf 91' lang='lat' dir='ltr'>cohorte</span> <span class='ocrx_word' id='word_1_857' title='bbox 1960 5654 2177 5711; x_wconf 91' lang='lat' dir='ltr'>ducem</span> 
     </span>
    </p>
   </div>
   <div class='ocr_carea' id='block_1_115' title="bbox 2285 5512 3875 5572">
    <p class='ocr_par' dir='ltr' id='par_1_115' title="bbox 2285 5512 3875 5572">
     <span class='ocr_line' id='line_1_115' title="bbox 2285 5512 3875 5572; baseline 0.001 -4"><span class='ocrx_word' id='word_1_858' title='bbox 2285 5518 2498 5569; x_wconf 89' lang='lat' dir='ltr'>nactus</span> <span class='ocrx_word' id='word_1_859' title='bbox 2521 5513 2636 5569; x_wconf 88' lang='lat' dir='ltr'>alia</span> <span class='ocrx_word' id='word_1_860' title='bbox 2674 5513 2771 5569; x_wconf 89' lang='lat' dir='ltr'><strong>via</strong></span> <span class='ocrx_word' id='word_1_861' title='bbox 2810 5512 3070 5569; x_wconf 88' lang='lat' dir='ltr'>sineulla</span> <span class='ocrx_word' id='word_1_862' title='bbox 3085 5527 3246 5568; x_wconf 85' lang='lat' dir='ltr'>noxa</span> <span class='ocrx_word' id='word_1_863' title='bbox 3266 5513 3493 5568; x_wconf 86' lang='lat' dir='ltr'>Ducam</span> <span class='ocrx_word' id='word_1_864' title='bbox 3536 5516 3805 5572; x_wconf 80' lang='lat' dir='ltr'>servavit</span> <span class='ocrx_word' id='word_1_865' title='bbox 3836 5515 3875 5572; x_wconf 85' lang='lat' dir='ltr'>in</span> 
     </span>
    </p>
   </div>
   <div class='ocr_carea' id='block_1_116' title="bbox 2286 5584 3488 5657">
    <p class='ocr_par' dir='ltr' id='par_1_116' title="bbox 2286 5584 3488 5657">
     <span class='ocr_line' id='line_1_116' title="bbox 2286 5584 3488 5657; baseline -0.002 -17"><span class='ocrx_word' id='word_1_866' title='bbox 2286 5584 2455 5642; x_wconf 87' lang='lat' dir='ltr'>clade</span> <span class='ocrx_word' id='word_1_867' title='bbox 2485 5584 2688 5643; x_wconf 86' lang='lat' dir='ltr'>lsaacii</span> <span class='ocrx_word' id='word_1_868' title='bbox 2729 5601 2764 5642; x_wconf 91' lang='lat' dir='ltr'>a</span> <span class='ocrx_word' id='word_1_869' title='bbox 2795 5585 3024 5642; x_wconf 89' lang='lat' dir='ltr'>Blachis</span> <span class='ocrx_word' id='word_1_870' title='bbox 3057 5587 3318 5657; x_wconf 85' lang='lat' dir='ltr'>accepta.</span> <span class='ocrx_word' id='word_1_871' title='bbox 3353 5587 3488 5640; x_wconf 76' lang='lat' dir='ltr'>ALL.</span> 
     </span>
    </p>
   </div>
  </div>
