  <div class='ocr_page' id='page_1' title='image "/cluster/home/n/w/nwhite01/storage/ocr_20150623/140/pst.000005714568/590.png"; bbox 0 0 3966 6324; ppageno 0'>
   <div class='ocr_carea' id='block_1_1' title="bbox 53 322 214 376">
    <p class='ocr_par' dir='ltr' id='par_1_1' title="bbox 53 322 214 376">
     <span class='ocr_line' id='line_1_1' title="bbox 53 322 214 376; baseline 0.012 -2"><span class='ocrx_word' id='word_1_1' title='bbox 53 322 214 376; x_wconf 83' lang='grc'>1089</span> 
     </span>
    </p>
   </div>
   <div class='ocr_carea' id='block_1_2' title="bbox 1587 319 1927 375">
    <p class='ocr_par' dir='ltr' id='par_1_2' title="bbox 1587 319 1927 375">
     <span class='ocr_line' id='line_1_2' title="bbox 1587 319 1927 375; baseline -0.003 -1"><span class='ocrx_word' id='word_1_2' title='bbox 1587 319 1927 375; x_wconf 81' lang='lat' dir='ltr'>ANNALES.</span> 
     </span>
    </p>
   </div>
   <div class='ocr_carea' id='block_1_3' title="bbox 3303 325 3438 380">
    <p class='ocr_par' dir='ltr' id='par_1_3' title="bbox 3303 325 3438 380">
     <span class='ocr_line' id='line_1_3' title="bbox 3303 325 3438 380; baseline 0.015 -2"><span class='ocrx_word' id='word_1_3' title='bbox 3303 325 3438 380; x_wconf 80' lang='grc'>1090</span> 
     </span>
    </p>
   </div>
   <div class='ocr_carea' id='block_1_4' title="bbox 41 443 1694 522">
    <p class='ocr_par' dir='ltr' id='par_1_4' title="bbox 41 443 1673 522">
     <span class='ocr_line' id='line_1_4' title="bbox 41 443 1673 522; baseline 0 -27"><span class='ocrx_word' id='word_1_4' title='bbox 41 453 162 498; x_wconf 80' lang='grc' dir='ltr'>τοῦ</span> <span class='ocrx_word' id='word_1_5' title='bbox 197 445 359 504; x_wconf 81' lang='grc' dir='ltr'>Ἀσην</span> <span class='ocrx_word' id='word_1_6' title='bbox 405 449 633 522; x_wconf 76' lang='grc' dir='ltr'>θυγάτηρ</span> <span class='ocrx_word' id='word_1_7' title='bbox 679 449 709 504; x_wconf 78' lang='grc' dir='ltr'>ἡ</span> <span class='ocrx_word' id='word_1_8' title='bbox 753 446 978 517; x_wconf 78' lang='grc' dir='ltr'>σύζυγος</span> <span class='ocrx_word' id='word_1_9' title='bbox 1017 452 1108 497; x_wconf 88' lang='grc' dir='ltr'>τοῦ</span> <span class='ocrx_word' id='word_1_10' title='bbox 1139 447 1375 497; x_wconf 78' lang='grc' dir='ltr'>τοιούτου</span> <span class='ocrx_word' id='word_1_11' title='bbox 1414 443 1673 517; x_wconf 81' lang='grc' dir='ltr'>βασιλέως</span> 
     </span>
    </p>
   </div>
   <div class='ocr_carea' id='block_1_5' title="bbox 1787 443 3439 522">
    <p class='ocr_par' dir='ltr' id='par_1_5' title="bbox 1790 443 3439 522">
     <span class='ocr_line' id='line_1_5' title="bbox 1790 443 3439 522; baseline 0.008 -24"><span class='ocrx_word' id='word_1_12' title='bbox 1790 459 2005 499; x_wconf 89' lang='lat' dir='ltr'>senum</span> <span class='ocrx_word' id='word_1_13' title='bbox 2027 443 2245 514; x_wconf 88' lang='lat' dir='ltr'>jugum</span> <span class='ocrx_word' id='word_1_14' title='bbox 2273 461 2455 502; x_wconf 86' lang='lat' dir='ltr'>suave</span> <span class='ocrx_word' id='word_1_15' title='bbox 2480 448 2904 519; x_wconf 87' lang='lat' dir='ltr'>est,multoque</span> <span class='ocrx_word' id='word_1_16' title='bbox 2927 447 3115 504; x_wconf 86' lang='lat' dir='ltr'>levius</span> <span class='ocrx_word' id='word_1_17' title='bbox 3137 466 3324 522; x_wconf 90' lang='lat' dir='ltr'>quam</span> <span class='ocrx_word' id='word_1_18' title='bbox 3349 454 3439 511; x_wconf 89' lang='lat' dir='ltr'>in-</span> 
     </span>
    </p>
   </div>
   <div class='ocr_carea' id='block_1_6' title="bbox 45 532 1672 609">
    <p class='ocr_par' dir='ltr' id='par_1_6' title="bbox 45 532 1672 609">
     <span class='ocr_line' id='line_1_6' title="bbox 45 532 1672 609; baseline 0.001 -21"><span class='ocrx_word' id='word_1_19' title='bbox 45 532 330 589; x_wconf 71' lang='grc' dir='ltr'>δέσποινα</span> <span class='ocrx_word' id='word_1_20' title='bbox 388 540 533 609; x_wconf 82' lang='grc' dir='ltr'>παρὰ</span> <span class='ocrx_word' id='word_1_21' title='bbox 572 537 841 608; x_wconf 85' lang='grc' dir='ltr'>Ῥωμαίοις</span> <span class='ocrx_word' id='word_1_22' title='bbox 902 541 990 587; x_wconf 83' lang='grc' dir='ltr'>καὶ</span> <span class='ocrx_word' id='word_1_23' title='bbox 1031 538 1142 587; x_wconf 84' lang='grc' dir='ltr'>ἔστι</span> <span class='ocrx_word' id='word_1_24' title='bbox 1191 540 1280 587; x_wconf 84' lang='grc' dir='ltr'>καὶ</span> <span class='ocrx_word' id='word_1_25' title='bbox 1339 535 1672 606; x_wconf 78' lang='grc' dir='ltr'>ὀνομάζεται.</span> 
     </span>
    </p>
   </div>
   <div class='ocr_carea' id='block_1_7' title="bbox 40 622 1676 700">
    <p class='ocr_par' dir='ltr' id='par_1_7' title="bbox 40 622 1676 700">
     <span class='ocr_line' id='line_1_7' title="bbox 40 622 1676 700; baseline -0.002 -22"><span class='ocrx_word' id='word_1_26' title='bbox 40 630 278 678; x_wconf 76' lang='grc' dir='ltr'>Τούτων</span> <span class='ocrx_word' id='word_1_27' title='bbox 315 622 403 678; x_wconf 80' lang='grc' dir='ltr'>οὖν</span> <span class='ocrx_word' id='word_1_28' title='bbox 456 625 695 679; x_wconf 83' lang='grc' dir='ltr'>ἁπάντων</span> <span class='ocrx_word' id='word_1_29' title='bbox 726 628 888 700; x_wconf 88' lang='grc' dir='ltr'>χάριν</span> <span class='ocrx_word' id='word_1_30' title='bbox 937 627 1004 676; x_wconf 79' lang='grc' dir='ltr'>τὰ</span> <span class='ocrx_word' id='word_1_31' title='bbox 1036 625 1199 678; x_wconf 85' lang='grc' dir='ltr'>πολλὰ</span> <span class='ocrx_word' id='word_1_32' title='bbox 1241 634 1339 676; x_wconf 87' lang='grc' dir='ltr'>τῶν</span> <span class='ocrx_word' id='word_1_33' title='bbox 1395 624 1676 696; x_wconf 84' lang='grc' dir='ltr'>λεγομένων</span> 
     </span>
    </p>
   </div>
   <div class='ocr_carea' id='block_1_8' title="bbox 43 713 1679 788">
    <p class='ocr_par' dir='ltr' id='par_1_8' title="bbox 43 713 1679 788">
     <span class='ocr_line' id='line_1_8' title="bbox 43 713 1679 788; baseline -0.001 -22"><span class='ocrx_word' id='word_1_34' title='bbox 43 714 447 776; x_wconf 74' lang='grc' dir='ltr'>καταλιπόντας</span> <span class='ocrx_word' id='word_1_35' title='bbox 485 714 561 766; x_wconf 86' lang='grc' dir='ltr'>ἐπ’</span> <span class='ocrx_word' id='word_1_36' title='bbox 613 715 768 767; x_wconf 75' lang='grc' dir='ltr'>αὐτόν</span> <span class='ocrx_word' id='word_1_37' title='bbox 820 719 930 788; x_wconf 80' lang='grc' dir='ltr'>χρὴ</span> <span class='ocrx_word' id='word_1_38' title='bbox 980 718 1104 766; x_wconf 76' lang='grc' dir='ltr'>ἴεναι</span> <span class='ocrx_word' id='word_1_39' title='bbox 1152 719 1240 767; x_wconf 81' lang='grc' dir='ltr'>καὶ</span> <span class='ocrx_word' id='word_1_40' title='bbox 1279 717 1400 775; x_wconf 80' lang='grc' dir='ltr'>τοὺς</span> <span class='ocrx_word' id='word_1_41' title='bbox 1449 713 1679 785; x_wconf 69' lang='grc' dir='ltr'>αὐχένας</span> 
     </span>
    </p>
   </div>
   <div class='ocr_carea' id='block_1_9' title="bbox 42 799 1679 876">
    <p class='ocr_par' dir='ltr' id='par_1_9' title="bbox 42 799 1679 876">
     <span class='ocr_line' id='line_1_9' title="bbox 42 799 1679 876; baseline 0.002 -21"><span class='ocrx_word' id='word_1_42' title='bbox 42 803 346 856; x_wconf 80' lang='grc' dir='ltr'>ὑποκλῖναι</span> <span class='ocrx_word' id='word_1_43' title='bbox 368 811 442 873; x_wconf 88' lang='grc' dir='ltr'>τῷ</span> <span class='ocrx_word' id='word_1_44' title='bbox 467 807 559 864; x_wconf 85' lang='grc' dir='ltr'>τὴς</span> <span class='ocrx_word' id='word_1_45' title='bbox 592 799 830 864; x_wconf 76' lang='grc' dir='ltr'>δουλείας</span> <span class='ocrx_word' id='word_1_46' title='bbox 860 803 1005 874; x_wconf 80' lang='grc' dir='ltr'>ζυγῷ</span> <span class='ocrx_word' id='word_1_47' title='bbox 1031 824 1042 835; x_wconf 90' lang='grc'><strong>·</strong></span> <span class='ocrx_word' id='word_1_48' title='bbox 1067 806 1310 876; x_wconf 82' lang='grc' dir='ltr'>χρηστός</span> <span class='ocrx_word' id='word_1_49' title='bbox 1338 805 1436 873; x_wconf 78' lang='grc' dir='ltr'>γὰρ</span> <span class='ocrx_word' id='word_1_50' title='bbox 1470 803 1494 853; x_wconf 88' lang='grc' dir='ltr'><strong><em>ὁ</em></strong></span> <span class='ocrx_word' id='word_1_51' title='bbox 1522 802 1679 874; x_wconf 83' lang='grc' dir='ltr'>ζυγός</span> 
     </span>
    </p>
   </div>
   <div class='ocr_carea' id='block_1_10' title="bbox 41 891 1676 967">
    <p class='ocr_par' dir='ltr' id='par_1_10' title="bbox 41 891 1676 967">
     <span class='ocr_line' id='line_1_10' title="bbox 41 891 1676 967; baseline -0.001 -21"><span class='ocrx_word' id='word_1_52' title='bbox 41 902 166 946; x_wconf 83' lang='grc' dir='ltr'>τῶν</span> <span class='ocrx_word' id='word_1_53' title='bbox 199 897 459 967; x_wconf 78' lang='grc' dir='ltr'>φρονίμων</span> <span class='ocrx_word' id='word_1_54' title='bbox 492 891 750 964; x_wconf 83' lang='grc' dir='ltr'>βασιλέων</span> <span class='ocrx_word' id='word_1_55' title='bbox 795 897 885 944; x_wconf 83' lang='grc' dir='ltr'>καὶ</span> <span class='ocrx_word' id='word_1_56' title='bbox 922 893 1174 965; x_wconf 80' lang='grc' dir='ltr'>γηραιῶν,</span> <span class='ocrx_word' id='word_1_57' title='bbox 1221 897 1310 944; x_wconf 84' lang='grc' dir='ltr'>καὶ</span> <span class='ocrx_word' id='word_1_58' title='bbox 1343 891 1512 963; x_wconf 81' lang='grc' dir='ltr'>πολλῷ</span> <span class='ocrx_word' id='word_1_59' title='bbox 1555 913 1676 945; x_wconf 91' lang='grc' dir='ltr'>κου-</span> 
     </span>
    </p>
   </div>
   <div class='ocr_carea' id='block_1_11' title="bbox 47 978 1675 1055">
    <p class='ocr_par' dir='ltr' id='par_1_11' title="bbox 47 978 1675 1055">
     <span class='ocr_line' id='line_1_11' title="bbox 47 978 1675 1055; baseline 0.001 -23"><span class='ocrx_word' id='word_1_60' title='bbox 47 985 286 1054; x_wconf 71' lang='grc' dir='ltr'>φότερος</span> <span class='ocrx_word' id='word_1_61' title='bbox 317 983 416 1033; x_wconf 78' lang='grc' dir='ltr'>τῶν</span> <span class='ocrx_word' id='word_1_62' title='bbox 438 984 510 1034; x_wconf 81' lang='grc' dir='ltr'>ἔτι</span> <span class='ocrx_word' id='word_1_63' title='bbox 533 978 906 1034; x_wconf 73' lang='grc' dir='ltr'>διατελούντων</span> <span class='ocrx_word' id='word_1_64' title='bbox 937 980 984 1033; x_wconf 80' lang='grc' dir='ltr'>ἐν</span> <span class='ocrx_word' id='word_1_65' title='bbox 1011 981 1235 1054; x_wconf 83' lang='grc' dir='ltr'>μείραξι.</span> <span class='ocrx_word' id='word_1_66' title='bbox 1275 1002 1302 1029; x_wconf 92' lang='grc'><strong>››</strong></span> <span class='ocrx_word' id='word_1_67' title='bbox 1331 982 1490 1035; x_wconf 82' lang='grc' dir='ltr'>Ταῦτ’</span> <span class='ocrx_word' id='word_1_68' title='bbox 1529 987 1675 1055; x_wconf 83' lang='grc' dir='ltr'>εἰρη-</span> 
     </span>
    </p>
   </div>
   <div class='ocr_carea' id='block_1_12' title="bbox 44 1070 1674 1146">
    <p class='ocr_par' dir='ltr' id='par_1_12' title="bbox 44 1070 1674 1146">
     <span class='ocr_line' id='line_1_12' title="bbox 44 1070 1674 1146; baseline 0.001 -25"><span class='ocrx_word' id='word_1_69' title='bbox 44 1077 171 1132; x_wconf 86' lang='grc' dir='ltr'>κὼς</span> <span class='ocrx_word' id='word_1_70' title='bbox 229 1075 440 1124; x_wconf 79' lang='grc' dir='ltr'>πέπεικε</span> <span class='ocrx_word' id='word_1_71' title='bbox 487 1073 683 1133; x_wconf 78' lang='grc' dir='ltr'>πάντας</span> <span class='ocrx_word' id='word_1_72' title='bbox 729 1070 959 1144; x_wconf 75' lang='grc' dir='ltr'>ἀμογητὶ</span> <span class='ocrx_word' id='word_1_73' title='bbox 1005 1091 1095 1123; x_wconf 85' lang='grc' dir='ltr'>και</span> <span class='ocrx_word' id='word_1_74' title='bbox 1125 1070 1318 1123; x_wconf 91' lang='grc' dir='ltr'>πολλῶν</span> <span class='ocrx_word' id='word_1_75' title='bbox 1363 1073 1483 1144; x_wconf 78' lang='grc' dir='ltr'>ἄτερ</span> <span class='ocrx_word' id='word_1_76' title='bbox 1541 1091 1674 1146; x_wconf 77' lang='grc' dir='ltr'>πραι-</span> 
     </span>
    </p>
   </div>
   <div class='ocr_carea' id='block_1_13' title="bbox 43 1156 1675 1233">
    <p class='ocr_par' dir='ltr' id='par_1_13' title="bbox 43 1156 1675 1233">
     <span class='ocr_line' id='line_1_13' title="bbox 43 1156 1675 1233; baseline 0 -22"><span class='ocrx_word' id='word_1_77' title='bbox 43 1161 280 1231; x_wconf 81' lang='grc' dir='ltr'>γμάτων</span> <span class='ocrx_word' id='word_1_78' title='bbox 317 1161 559 1230; x_wconf 86' lang='grc' dir='ltr'>γενέσθαι</span> <span class='ocrx_word' id='word_1_79' title='bbox 586 1167 677 1213; x_wconf 88' lang='grc' dir='ltr'>τοῦ</span> <span class='ocrx_word' id='word_1_80' title='bbox 709 1159 986 1233; x_wconf 75' lang='grc' dir='ltr'>βασιλέως.</span> <span class='ocrx_word' id='word_1_81' title='bbox 1033 1165 1133 1213; x_wconf 82' lang='grc' dir='ltr'>Καὶ</span> <span class='ocrx_word' id='word_1_82' title='bbox 1160 1156 1227 1218; x_wconf 80' lang='grc' dir='ltr'>δὴ</span> <span class='ocrx_word' id='word_1_83' title='bbox 1262 1159 1502 1233; x_wconf 83' lang='grc' dir='ltr'>πρέσϐεις</span> <span class='ocrx_word' id='word_1_84' title='bbox 1532 1163 1675 1222; x_wconf 78' lang='grc' dir='ltr'>τινας</span> 
     </span>
    </p>
   </div>
   <div class='ocr_carea' id='block_1_14' title="bbox 45 1249 1675 1322">
    <p class='ocr_par' dir='ltr' id='par_1_14' title="bbox 45 1249 1675 1322">
     <span class='ocr_line' id='line_1_14' title="bbox 45 1249 1675 1322; baseline 0.001 -23"><span class='ocrx_word' id='word_1_85' title='bbox 45 1256 166 1299; x_wconf 80' lang='grc' dir='ltr'>τῶν</span> <span class='ocrx_word' id='word_1_86' title='bbox 217 1249 560 1314; x_wconf 67' lang='grc' dir='ltr'>ξσυνεποίκων</span> <span class='ocrx_word' id='word_1_87' title='bbox 615 1254 921 1314; x_wconf 76' lang='grc' dir='ltr'>στείλαντες,</span> <span class='ocrx_word' id='word_1_88' title='bbox 971 1250 1118 1320; x_wconf 90' lang='grc' dir='ltr'>τάχα</span> <span class='ocrx_word' id='word_1_89' title='bbox 1154 1253 1244 1321; x_wconf 86' lang='grc' dir='ltr'>μέν</span> <span class='ocrx_word' id='word_1_90' title='bbox 1295 1251 1484 1322; x_wconf 80' lang='grc' dir='ltr'>κρύφα,</span> <span class='ocrx_word' id='word_1_91' title='bbox 1549 1249 1675 1321; x_wconf 83' lang='grc' dir='ltr'>μᾶλ-</span> 
     </span>
    </p>
   </div>
   <div class='ocr_carea' id='block_1_15' title="bbox 47 1334 1676 1410">
    <p class='ocr_par' dir='ltr' id='par_1_15' title="bbox 47 1334 1676 1410">
     <span class='ocr_line' id='line_1_15' title="bbox 47 1334 1676 1410; baseline 0.001 -21"><span class='ocrx_word' id='word_1_92' title='bbox 47 1337 150 1389; x_wconf 80' lang='grc' dir='ltr'>λον</span> <span class='ocrx_word' id='word_1_93' title='bbox 207 1334 268 1390; x_wconf 76' lang='grc' dir='ltr'>δε</span> <span class='ocrx_word' id='word_1_94' title='bbox 318 1342 730 1409; x_wconf 79' lang='grc' dir='ltr'>γινωσκομένους</span> <span class='ocrx_word' id='word_1_95' title='bbox 770 1334 875 1398; x_wconf 79' lang='grc' dir='ltr'>τοῖς</span> <span class='ocrx_word' id='word_1_96' title='bbox 930 1337 1152 1406; x_wconf 83' lang='grc' dir='ltr'>πλείοσι,</span> <span class='ocrx_word' id='word_1_97' title='bbox 1214 1336 1500 1409; x_wconf 85' lang='grc' dir='ltr'>συμϐάσεις</span> <span class='ocrx_word' id='word_1_98' title='bbox 1545 1342 1676 1410; x_wconf 77' lang='grc' dir='ltr'>μετὰ</span> 
     </span>
    </p>
   </div>
   <div class='ocr_carea' id='block_1_16' title="bbox 50 1425 1674 1502">
    <p class='ocr_par' dir='ltr' id='par_1_16' title="bbox 50 1425 1674 1502">
     <span class='ocr_line' id='line_1_16' title="bbox 50 1425 1674 1502; baseline 0.002 -25"><span class='ocrx_word' id='word_1_99' title='bbox 50 1433 162 1478; x_wconf 83' lang='grc' dir='ltr'>τοῦ</span> <span class='ocrx_word' id='word_1_100' title='bbox 235 1425 497 1498; x_wconf 81' lang='grc' dir='ltr'>βασιλέως</span> <span class='ocrx_word' id='word_1_101' title='bbox 557 1431 886 1485; x_wconf 75' lang='grc' dir='ltr'>πεποίηνται.</span> <span class='ocrx_word' id='word_1_102' title='bbox 957 1425 1346 1502; x_wconf 86' lang='grc' dir='ltr'>Χρυσόϐουλλος</span> <span class='ocrx_word' id='word_1_103' title='bbox 1405 1435 1529 1498; x_wconf 88' lang='grc' dir='ltr'>γοῦν</span> <span class='ocrx_word' id='word_1_104' title='bbox 1603 1437 1674 1499; x_wconf 86' lang='grc' dir='ltr'>τῷ</span> 
     </span>
    </p>
   </div>
   <div class='ocr_carea' id='block_1_17' title="bbox 53 1513 1674 1590">
    <p class='ocr_par' dir='ltr' id='par_1_17' title="bbox 53 1513 1674 1590">
     <span class='ocr_line' id='line_1_17' title="bbox 53 1513 1674 1590; baseline 0.002 -26"><span class='ocrx_word' id='word_1_105' title='bbox 53 1513 286 1586; x_wconf 75' lang='grc' dir='ltr'>βασιλεῖ</span> <span class='ocrx_word' id='word_1_106' title='bbox 361 1523 462 1566; x_wconf 89' lang='grc' dir='ltr'>τῶν</span> <span class='ocrx_word' id='word_1_107' title='bbox 514 1521 781 1588; x_wconf 76' lang='grc' dir='ltr'>ᾐτημένων</span> <span class='ocrx_word' id='word_1_108' title='bbox 843 1521 995 1588; x_wconf 75' lang='grc' dir='ltr'>σφίσι</span> <span class='ocrx_word' id='word_1_109' title='bbox 1050 1515 1415 1590; x_wconf 78' lang='grc' dir='ltr'>περιληπτικός</span> <span class='ocrx_word' id='word_1_110' title='bbox 1469 1537 1674 1588; x_wconf 86' lang='grc' dir='ltr'>γεγενη-</span> 
     </span>
    </p>
   </div>
   <div class='ocr_carea' id='block_1_18' title="bbox 49 1601 1673 1677">
    <p class='ocr_par' dir='ltr' id='par_1_18' title="bbox 49 1601 1673 1677">
     <span class='ocr_line' id='line_1_18' title="bbox 49 1601 1673 1677; baseline 0.002 -21"><span class='ocrx_word' id='word_1_111' title='bbox 49 1610 219 1676; x_wconf 81' lang='grc' dir='ltr'>μένος</span> <span class='ocrx_word' id='word_1_112' title='bbox 264 1624 354 1656; x_wconf 90' lang='grc' dir='ltr'>και</span> <span class='ocrx_word' id='word_1_113' title='bbox 408 1601 682 1676; x_wconf 75' lang='grc' dir='ltr'>δεδομένος</span> <span class='ocrx_word' id='word_1_114' title='bbox 725 1612 831 1666; x_wconf 89' lang='grc' dir='ltr'>τοῖς</span> <span class='ocrx_word' id='word_1_115' title='bbox 880 1603 1134 1677; x_wconf 88' lang='grc' dir='ltr'>πρέσϐεσι</span> <span class='ocrx_word' id='word_1_116' title='bbox 1178 1613 1286 1667; x_wconf 91' lang='grc' dir='ltr'>τοῖς</span> <span class='ocrx_word' id='word_1_117' title='bbox 1346 1615 1437 1658; x_wconf 83' lang='grc' dir='ltr'>τοῦ</span> <span class='ocrx_word' id='word_1_118' title='bbox 1495 1609 1673 1660; x_wconf 88' lang='grc' dir='ltr'>Μελεί-</span> 
     </span>
    </p>
   </div>
   <div class='ocr_carea' id='block_1_19' title="bbox 47 1692 1675 1767">
    <p class='ocr_par' dir='ltr' id='par_1_19' title="bbox 47 1692 1675 1767">
     <span class='ocr_line' id='line_1_19' title="bbox 47 1692 1675 1767; baseline 0.004 -23"><span class='ocrx_word' id='word_1_119' title='bbox 47 1713 158 1745; x_wconf 84' lang='grc' dir='ltr'>κου</span> <span class='ocrx_word' id='word_1_120' title='bbox 218 1692 582 1752; x_wconf 80' lang='grc' dir='ltr'>ἀποσταλῆναι</span> <span class='ocrx_word' id='word_1_121' title='bbox 640 1696 1020 1766; x_wconf 78' lang='grc' dir='ltr'>προσετετάχει</span> <span class='ocrx_word' id='word_1_122' title='bbox 1087 1693 1384 1767; x_wconf 81' lang='grc' dir='ltr'>οἰκήτορσι.</span> <span class='ocrx_word' id='word_1_123' title='bbox 1464 1703 1565 1749; x_wconf 84' lang='grc' dir='ltr'>Και</span> <span class='ocrx_word' id='word_1_124' title='bbox 1626 1700 1675 1750; x_wconf 82' lang='grc' dir='ltr'>οἱ</span> 
     </span>
    </p>
   </div>
   <div class='ocr_carea' id='block_1_20' title="bbox 47 1780 1201 1855">
    <p class='ocr_par' dir='ltr' id='par_1_20' title="bbox 47 1780 1201 1855">
     <span class='ocr_line' id='line_1_20' title="bbox 47 1780 1201 1855; baseline 0.002 -21"><span class='ocrx_word' id='word_1_125' title='bbox 47 1784 178 1854; x_wconf 86' lang='grc' dir='ltr'>μετ’</span> <span class='ocrx_word' id='word_1_126' title='bbox 257 1783 316 1834; x_wconf 82' lang='grc' dir='ltr'>ού</span> <span class='ocrx_word' id='word_1_127' title='bbox 391 1782 521 1836; x_wconf 82' lang='grc' dir='ltr'>πολὺ</span> <span class='ocrx_word' id='word_1_128' title='bbox 596 1780 934 1855; x_wconf 74' lang='grc' dir='ltr'>ὁμοθυμαδὸν</span> <span class='ocrx_word' id='word_1_129' title='bbox 1014 1785 1201 1845; x_wconf 87' lang='grc' dir='ltr'>πάντες</span> 
     </span>
    </p>
   </div>
   <div class='ocr_carea' id='block_1_21' title="bbox 48 1872 1675 1947">
    <p class='ocr_par' dir='ltr' id='par_1_21' title="bbox 48 1872 1675 1947">
     <span class='ocr_line' id='line_1_21' title="bbox 48 1872 1675 1947; baseline 0.002 -23"><span class='ocrx_word' id='word_1_130' title='bbox 48 1873 181 1924; x_wconf 83' lang='grc' dir='ltr'>ὅσοι</span> <span class='ocrx_word' id='word_1_131' title='bbox 234 1891 289 1924; x_wconf 86' lang='grc' dir='ltr'>τε</span> <span class='ocrx_word' id='word_1_132' title='bbox 317 1880 415 1924; x_wconf 91' lang='grc' dir='ltr'>τῶν</span> <span class='ocrx_word' id='word_1_133' title='bbox 461 1872 818 1944; x_wconf 79' lang='grc' dir='ltr'>προύχόντων,</span> <span class='ocrx_word' id='word_1_134' title='bbox 871 1876 986 1924; x_wconf 83' lang='grc' dir='ltr'>ὅσοι</span> <span class='ocrx_word' id='word_1_135' title='bbox 1033 1873 1132 1924; x_wconf 78' lang='grc' dir='ltr'>τῶν</span> <span class='ocrx_word' id='word_1_136' title='bbox 1175 1877 1223 1925; x_wconf 68' lang='grc' dir='ltr'>εν</span> <span class='ocrx_word' id='word_1_137' title='bbox 1257 1879 1503 1947; x_wconf 75' lang='grc' dir='ltr'>στρατείᾳ</span> <span class='ocrx_word' id='word_1_138' title='bbox 1550 1895 1675 1928; x_wconf 85' lang='grc' dir='ltr'>κατ-</span> 
     </span>
    </p>
   </div>
   <div class='ocr_carea' id='block_1_22' title="bbox 60 1961 1674 2040">
    <p class='ocr_par' dir='ltr' id='par_1_22' title="bbox 60 1961 1674 2040">
     <span class='ocr_line' id='line_1_22' title="bbox 60 1961 1674 2040; baseline 0.002 -27"><span class='ocrx_word' id='word_1_139' title='bbox 60 1961 394 2034; x_wconf 75' lang='grc' dir='ltr'>ειλεγμένων,</span> <span class='ocrx_word' id='word_1_140' title='bbox 443 1981 532 2013; x_wconf 90' lang='grc' dir='ltr'>και</span> <span class='ocrx_word' id='word_1_141' title='bbox 563 1963 679 2014; x_wconf 86' lang='grc' dir='ltr'>ὅσοι</span> <span class='ocrx_word' id='word_1_142' title='bbox 725 1966 994 2035; x_wconf 79' lang='grc' dir='ltr'>κρείττους</span> <span class='ocrx_word' id='word_1_143' title='bbox 1047 1962 1194 2014; x_wconf 80' lang='grc' dir='ltr'>ἄλλοί</span> <span class='ocrx_word' id='word_1_144' title='bbox 1222 1972 1321 2015; x_wconf 88' lang='grc' dir='ltr'>τῶν</span> <span class='ocrx_word' id='word_1_145' title='bbox 1368 1969 1674 2040; x_wconf 84' lang='grc' dir='ltr'>οικητορων,</span> 
     </span>
    </p>
   </div>
   <div class='ocr_carea' id='block_1_23' title="bbox 45 2049 1675 2127">
    <p class='ocr_par' dir='ltr' id='par_1_23' title="bbox 45 2049 1675 2127">
     <span class='ocr_line' id='line_1_23' title="bbox 45 2049 1675 2127; baseline 0.001 -23"><span class='ocrx_word' id='word_1_146' title='bbox 45 2055 196 2125; x_wconf 85' lang='grc' dir='ltr'>πρὸς</span> <span class='ocrx_word' id='word_1_147' title='bbox 223 2055 312 2102; x_wconf 86' lang='grc' dir='ltr'>τὸν</span> <span class='ocrx_word' id='word_1_148' title='bbox 363 2049 588 2123; x_wconf 79' lang='grc' dir='ltr'>βασιλέα</span> <span class='ocrx_word' id='word_1_149' title='bbox 636 2050 899 2122; x_wconf 78' lang='grc' dir='ltr'>ἀφίκοντο,</span> <span class='ocrx_word' id='word_1_150' title='bbox 953 2055 1297 2126; x_wconf 88' lang='grc' dir='ltr'>σκηνούμενον</span> <span class='ocrx_word' id='word_1_151' title='bbox 1344 2060 1474 2127; x_wconf 80' lang='grc' dir='ltr'>παρὶ</span> <span class='ocrx_word' id='word_1_152' title='bbox 1520 2059 1675 2107; x_wconf 82' lang='grc' dir='ltr'>τόπον</span> 
     </span>
    </p>
   </div>
   <div class='ocr_carea' id='block_1_24' title="bbox 51 2137 1677 2218">
    <p class='ocr_par' dir='ltr' id='par_1_24' title="bbox 51 2137 1677 2218">
     <span class='ocr_line' id='line_1_24' title="bbox 51 2137 1677 2218; baseline 0.002 -25"><span class='ocrx_word' id='word_1_153' title='bbox 51 2137 349 2193; x_wconf 82' lang='grc' dir='ltr'>Λαϐίσδαν</span> <span class='ocrx_word' id='word_1_154' title='bbox 389 2143 524 2192; x_wconf 74' lang='grc' dir='ltr'>οὕτω</span> <span class='ocrx_word' id='word_1_155' title='bbox 571 2161 678 2202; x_wconf 90' lang='grc' dir='ltr'>πως</span> <span class='ocrx_word' id='word_1_156' title='bbox 732 2141 1128 2214; x_wconf 77' lang='grc' dir='ltr'>ὀνομαζόμενον,</span> <span class='ocrx_word' id='word_1_157' title='bbox 1181 2140 1364 2218; x_wconf 76' lang='grc' dir='ltr'>ἄνδρες</span> <span class='ocrx_word' id='word_1_158' title='bbox 1413 2144 1677 2207; x_wconf 69' lang='grc' dir='ltr'>εὐσταλεῖς</span> 
     </span>
    </p>
   </div>
   <div class='ocr_carea' id='block_1_25' title="bbox 47 2229 1674 2306">
    <p class='ocr_par' dir='ltr' id='par_1_25' title="bbox 47 2229 1674 2306">
     <span class='ocr_line' id='line_1_25' title="bbox 47 2229 1674 2306; baseline 0.002 -24"><span class='ocrx_word' id='word_1_159' title='bbox 47 2250 112 2283; x_wconf 85' lang='grc' dir='ltr'>τε</span> <span class='ocrx_word' id='word_1_160' title='bbox 178 2250 271 2282; x_wconf 88' lang='grc' dir='ltr'>και</span> <span class='ocrx_word' id='word_1_161' title='bbox 332 2232 530 2302; x_wconf 80' lang='grc' dir='ltr'>ἔντιμοι</span> <span class='ocrx_word' id='word_1_162' title='bbox 585 2232 686 2282; x_wconf 87' lang='grc' dir='ltr'>κάκ</span> <span class='ocrx_word' id='word_1_163' title='bbox 738 2235 896 2303; x_wconf 89' lang='grc' dir='ltr'>μόνης</span> <span class='ocrx_word' id='word_1_164' title='bbox 966 2233 1084 2293; x_wconf 90' lang='grc' dir='ltr'>θέας</span> <span class='ocrx_word' id='word_1_165' title='bbox 1147 2229 1336 2293; x_wconf 83' lang='grc' dir='ltr'>αἰδοῦς</span> <span class='ocrx_word' id='word_1_166' title='bbox 1392 2253 1477 2285; x_wconf 86' lang='grc' dir='ltr'>και</span> <span class='ocrx_word' id='word_1_167' title='bbox 1519 2241 1674 2306; x_wconf 82' lang='grc' dir='ltr'>τιμῆς</span> 
     </span>
    </p>
   </div>
   <div class='ocr_carea' id='block_1_26' title="bbox 49 2319 1675 2392">
    <p class='ocr_par' dir='ltr' id='par_1_26' title="bbox 49 2319 1675 2392">
     <span class='ocr_line' id='line_1_26' title="bbox 49 2319 1675 2392; baseline 0.002 -21"><span class='ocrx_word' id='word_1_168' title='bbox 49 2319 224 2385; x_wconf 82' lang='grc' dir='ltr'>οἰξιοι,</span> <span class='ocrx_word' id='word_1_169' title='bbox 294 2321 418 2392; x_wconf 65' lang='grc' dir='ltr'>ὑπὲρ</span> <span class='ocrx_word' id='word_1_170' title='bbox 486 2324 862 2382; x_wconf 80' lang='grc' dir='ltr'>πεντακοσίους</span> <span class='ocrx_word' id='word_1_171' title='bbox 925 2323 1274 2392; x_wconf 75' lang='grc' dir='ltr'>τυγχάνοντες</span> <span class='ocrx_word' id='word_1_172' title='bbox 1305 2344 1316 2354; x_wconf 95' lang='grc'><strong>·</strong></span> <span class='ocrx_word' id='word_1_173' title='bbox 1367 2322 1457 2382; x_wconf 80' lang='grc' dir='ltr'>οὒς</span> <span class='ocrx_word' id='word_1_174' title='bbox 1519 2323 1675 2384; x_wconf 87' lang='grc' dir='ltr'>αύτός</span> 
     </span>
    </p>
   </div>
   <div class='ocr_carea' id='block_1_27' title="bbox 53 2404 1677 2486">
    <p class='ocr_par' dir='ltr' id='par_1_27' title="bbox 53 2404 1677 2486">
     <span class='ocr_line' id='line_1_27' title="bbox 53 2404 1677 2486; baseline 0.002 -26"><span class='ocrx_word' id='word_1_175' title='bbox 53 2413 291 2481; x_wconf 68' lang='grc' dir='ltr'>εἰρηκει-ιν</span> <span class='ocrx_word' id='word_1_176' title='bbox 323 2404 471 2476; x_wconf 84' lang='grc' dir='ltr'>ιδὼν,</span> <span class='ocrx_word' id='word_1_177' title='bbox 529 2433 556 2460; x_wconf 76' lang='grc' dir='ltr'>ιι</span> <span class='ocrx_word' id='word_1_178' title='bbox 612 2413 741 2461; x_wconf 87' lang='grc' dir='ltr'>Ποία</span> <span class='ocrx_word' id='word_1_179' title='bbox 794 2409 1105 2481; x_wconf 86' lang='grc' dir='ltr'>όπλομαχία</span> <span class='ocrx_word' id='word_1_180' title='bbox 1154 2412 1278 2483; x_wconf 85' lang='grc' dir='ltr'>ἡμῖν</span> <span class='ocrx_word' id='word_1_181' title='bbox 1323 2411 1517 2473; x_wconf 69' lang='grc' dir='ltr'>αὐτοὺς</span> <span class='ocrx_word' id='word_1_182' title='bbox 1549 2431 1677 2486; x_wconf 87' lang='grc' dir='ltr'>παρ-</span> 
     </span>
    </p>
   </div>
   <div class='ocr_carea' id='block_1_28' title="bbox 58 2497 1676 2570">
    <p class='ocr_par' dir='ltr' id='par_1_28' title="bbox 58 2497 1676 2570">
     <span class='ocr_line' id='line_1_28' title="bbox 58 2497 1676 2570; baseline 0.002 -20"><span class='ocrx_word' id='word_1_183' title='bbox 58 2503 378 2562; x_wconf 74' lang='grc' dir='ltr'>εστήσατο;</span> <span class='ocrx_word' id='word_1_184' title='bbox 428 2498 457 2556; x_wconf 76' lang='grc' dir='ltr'><strong><em>ἦ</em></strong></span> <span class='ocrx_word' id='word_1_185' title='bbox 513 2502 676 2550; x_wconf 89' lang='grc' dir='ltr'>πόσαι</span> <span class='ocrx_word' id='word_1_186' title='bbox 725 2497 979 2570; x_wconf 76' lang='grc' dir='ltr'>φάλαγγες</span> <span class='ocrx_word' id='word_1_187' title='bbox 1039 2501 1231 2552; x_wconf 81' lang='grc' dir='ltr'>ἱππέων</span> <span class='ocrx_word' id='word_1_188' title='bbox 1284 2509 1382 2552; x_wconf 88' lang='grc' dir='ltr'>τῶν</span> <span class='ocrx_word' id='word_1_189' title='bbox 1413 2504 1676 2554; x_wconf 79' lang='grc' dir='ltr'>τοσούτων</span> 
     </span>
    </p>
   </div>
   <div class='ocr_carea' id='block_1_29' title="bbox 58 2585 1676 2662">
    <p class='ocr_par' dir='ltr' id='par_1_29' title="bbox 58 2585 1676 2662">
     <span class='ocr_line' id='line_1_29' title="bbox 58 2585 1676 2662; baseline 0.003 -24"><span class='ocrx_word' id='word_1_190' title='bbox 58 2591 452 2661; x_wconf 85' lang='grc' dir='ltr'>περιεγένόντο;</span> <span class='ocrx_word' id='word_1_191' title='bbox 522 2585 629 2638; x_wconf 76' lang='grc' dir='ltr'>ἀλλ’</span> <span class='ocrx_word' id='word_1_192' title='bbox 690 2590 740 2640; x_wconf 77' lang='grc' dir='ltr'>ὲν</span> <span class='ocrx_word' id='word_1_193' title='bbox 793 2585 865 2659; x_wconf 74' lang='grc' dir='ltr'>τῷ</span> <span class='ocrx_word' id='word_1_194' title='bbox 919 2592 1170 2662; x_wconf 79' lang='grc' dir='ltr'>κρείττονι</span> <span class='ocrx_word' id='word_1_195' title='bbox 1233 2588 1407 2662; x_wconf 79' lang='grc' dir='ltr'>ῥᾷστα</span> <span class='ocrx_word' id='word_1_196' title='bbox 1457 2610 1548 2642; x_wconf 90' lang='grc' dir='ltr'>και</span> <span class='ocrx_word' id='word_1_197' title='bbox 1609 2593 1676 2643; x_wconf 82' lang='lat'><strong>1&#39;61</strong></span> 
     </span>
    </p>
   </div>
   <div class='ocr_carea' id='block_1_30' title="bbox 57 2671 1673 2750">
    <p class='ocr_par' dir='ltr' id='par_1_30' title="bbox 57 2671 1673 2750">
     <span class='ocr_line' id='line_1_30' title="bbox 57 2671 1673 2750; baseline 0.002 -23"><span class='ocrx_word' id='word_1_198' title='bbox 57 2683 260 2750; x_wconf 87' lang='grc' dir='ltr'>μικροῦ</span> <span class='ocrx_word' id='word_1_199' title='bbox 294 2671 402 2728; x_wconf 87' lang='grc' dir='ltr'>δεῖν</span> <span class='ocrx_word' id='word_1_200' title='bbox 455 2673 850 2748; x_wconf 81' lang='grc' dir='ltr'>ἀνεπιχείρητα.</span> <span class='ocrx_word' id='word_1_201' title='bbox 906 2676 1186 2730; x_wconf 77' lang='grc' dir='ltr'>Κὰντεῦθεν</span> <span class='ocrx_word' id='word_1_202' title='bbox 1236 2675 1393 2737; x_wconf 83' lang='grc' dir='ltr'>δῆλον</span> <span class='ocrx_word' id='word_1_203' title='bbox 1442 2682 1507 2740; x_wconf 86' lang='grc' dir='ltr'>ὡς</span> <span class='ocrx_word' id='word_1_204' title='bbox 1544 2679 1673 2737; x_wconf 80' lang='grc' dir='ltr'>ἀλη-</span> 
     </span>
    </p>
   </div>
   <div class='ocr_carea' id='block_1_31' title="bbox 62 2764 1675 2841">
    <p class='ocr_par' dir='ltr' id='par_1_31' title="bbox 62 2764 1675 2841">
     <span class='ocr_line' id='line_1_31' title="bbox 62 2764 1675 2841; baseline 0.002 -25"><span class='ocrx_word' id='word_1_205' title='bbox 62 2766 147 2825; x_wconf 88' lang='grc' dir='ltr'>θές</span> <span class='ocrx_word' id='word_1_206' title='bbox 191 2766 306 2817; x_wconf 86' lang='grc' dir='ltr'>ἐστι</span> <span class='ocrx_word' id='word_1_207' title='bbox 351 2767 407 2816; x_wconf 89' lang='lat'>1&#39;6</span> <span class='ocrx_word' id='word_1_208' title='bbox 457 2773 527 2835; x_wconf 84' lang='grc' dir='ltr'>τῷ</span> <span class='ocrx_word' id='word_1_209' title='bbox 555 2764 829 2836; x_wconf 81' lang='grc' dir='ltr'>ἀποστόλῳ</span> <span class='ocrx_word' id='word_1_210' title='bbox 860 2765 1046 2818; x_wconf 88' lang='grc' dir='ltr'>Παύλω</span> <span class='ocrx_word' id='word_1_211' title='bbox 1097 2771 1381 2841; x_wconf 76' lang='grc' dir='ltr'>εἰρημένον,</span> <span class='ocrx_word' id='word_1_212' title='bbox 1408 2790 1436 2816; x_wconf 90' lang='grc'>‹‹</span> <span class='ocrx_word' id='word_1_213' title='bbox 1468 2768 1543 2820; x_wconf 78' lang='grc' dir='ltr'>Ού</span> <span class='ocrx_word' id='word_1_214' title='bbox 1583 2777 1675 2820; x_wconf 87' lang='grc' dir='ltr'>τοῦ</span> 
     </span>
    </p>
   </div>
   <div class='ocr_carea' id='block_1_32' title="bbox 58 2850 1675 2927">
    <p class='ocr_par' dir='ltr' id='par_1_32' title="bbox 58 2850 1675 2927">
     <span class='ocr_line' id='line_1_32' title="bbox 58 2850 1675 2927; baseline 0.003 -23"><span class='ocrx_word' id='word_1_215' title='bbox 58 2859 370 2927; x_wconf 81' lang='grc' dir='ltr'>τρέχοντος,</span> <span class='ocrx_word' id='word_1_216' title='bbox 417 2850 540 2906; x_wconf 78' lang='grc' dir='ltr'>ούδε</span> <span class='ocrx_word' id='word_1_217' title='bbox 569 2862 660 2906; x_wconf 84' lang='grc' dir='ltr'>τοῦ</span> <span class='ocrx_word' id='word_1_218' title='bbox 705 2850 1006 2922; x_wconf 85' lang='grc' dir='ltr'>διώκοντος,</span> <span class='ocrx_word' id='word_1_219' title='bbox 1049 2855 1176 2907; x_wconf 82' lang='grc' dir='ltr'>ἀλλὰ</span> <span class='ocrx_word' id='word_1_220' title='bbox 1202 2863 1293 2907; x_wconf 84' lang='grc' dir='ltr'>τοῦ</span> <span class='ocrx_word' id='word_1_221' title='bbox 1338 2853 1675 2918; x_wconf 70' lang='grc' dir='ltr'>εὐδοκοῦντος</span> 
     </span>
    </p>
   </div>
   <div class='ocr_carea' id='block_1_33' title="bbox 60 2941 1676 3016">
    <p class='ocr_par' dir='ltr' id='par_1_33' title="bbox 60 2941 1676 3016">
     <span class='ocr_line' id='line_1_33' title="bbox 60 2941 1676 3016; baseline 0.002 -22"><span class='ocrx_word' id='word_1_222' title='bbox 60 2947 221 2996; x_wconf 88' lang='grc' dir='ltr'>Θεοῦ.</span> <span class='ocrx_word' id='word_1_223' title='bbox 280 2966 306 2991; x_wconf 79' lang='lat' dir='ltr'>n</span> <span class='ocrx_word' id='word_1_224' title='bbox 352 2948 435 3012; x_wconf 83' lang='grc' dir='ltr'>Τῷ</span> <span class='ocrx_word' id='word_1_225' title='bbox 478 2961 561 2994; x_wconf 88' lang='grc' dir='ltr'>τοι</span> <span class='ocrx_word' id='word_1_226' title='bbox 606 2962 695 2995; x_wconf 90' lang='grc' dir='ltr'>και</span> <span class='ocrx_word' id='word_1_227' title='bbox 743 2946 830 2996; x_wconf 90' lang='grc' dir='ltr'>τὸν</span> <span class='ocrx_word' id='word_1_228' title='bbox 876 2948 1169 3016; x_wconf 89' lang='grc' dir='ltr'>στρατηγὸν</span> <span class='ocrx_word' id='word_1_229' title='bbox 1223 2944 1281 2996; x_wconf 86' lang='grc' dir='ltr'>ού</span> <span class='ocrx_word' id='word_1_230' title='bbox 1333 2941 1415 2996; x_wconf 84' lang='grc' dir='ltr'>δεῖ</span> <span class='ocrx_word' id='word_1_231' title='bbox 1459 2944 1676 3016; x_wconf 77' lang='grc' dir='ltr'>πάμπαν</span> 
     </span>
    </p>
   </div>
   <div class='ocr_carea' id='block_1_34' title="bbox 60 3031 1676 3108">
    <p class='ocr_par' dir='ltr' id='par_1_34' title="bbox 60 3031 1676 3108">
     <span class='ocr_line' id='line_1_34' title="bbox 60 3031 1676 3108; baseline 0.001 -24"><span class='ocrx_word' id='word_1_232' title='bbox 60 3032 292 3084; x_wconf 81' lang='grc' dir='ltr'>ἐπαινεῖν</span> <span class='ocrx_word' id='word_1_233' title='bbox 346 3035 463 3084; x_wconf 81' lang='grc' dir='ltr'>οὔτε</span> <span class='ocrx_word' id='word_1_234' title='bbox 514 3037 617 3104; x_wconf 78' lang='grc' dir='ltr'>μὴν</span> <span class='ocrx_word' id='word_1_235' title='bbox 668 3031 866 3104; x_wconf 76' lang='grc' dir='ltr'>ψέγειν.</span> <span class='ocrx_word' id='word_1_236' title='bbox 915 3033 1084 3086; x_wconf 78' lang='grc' dir='ltr'>Πολλὰ</span> <span class='ocrx_word' id='word_1_237' title='bbox 1131 3036 1233 3108; x_wconf 82' lang='grc' dir='ltr'>γάρ</span> <span class='ocrx_word' id='word_1_238' title='bbox 1291 3054 1422 3096; x_wconf 89' lang='grc' dir='ltr'>τινες</span> <span class='ocrx_word' id='word_1_239' title='bbox 1480 3032 1676 3107; x_wconf 86' lang='grc' dir='ltr'>διαγω-</span> 
     </span>
    </p>
   </div>
   <div class='ocr_carea' id='block_1_35' title="bbox 59 3116 1677 3196">
    <p class='ocr_par' dir='ltr' id='par_1_35' title="bbox 59 3116 1677 3196">
     <span class='ocr_line' id='line_1_35' title="bbox 59 3116 1677 3196; baseline 0.002 -24"><span class='ocrx_word' id='word_1_240' title='bbox 59 3139 338 3193; x_wconf 84' lang='grc' dir='ltr'>νισαμενοι</span> <span class='ocrx_word' id='word_1_241' title='bbox 387 3116 680 3182; x_wconf 77' lang='grc' dir='ltr'>σπουδαῖος</span> <span class='ocrx_word' id='word_1_242' title='bbox 732 3141 786 3174; x_wconf 80' lang='grc' dir='ltr'>τε</span> <span class='ocrx_word' id='word_1_243' title='bbox 840 3141 931 3174; x_wconf 86' lang='grc' dir='ltr'>και</span> <span class='ocrx_word' id='word_1_244' title='bbox 984 3126 1259 3189; x_wconf 84' lang='grc' dir='ltr'>συντόνως,</span> <span class='ocrx_word' id='word_1_245' title='bbox 1324 3121 1677 3196; x_wconf 83' lang='grc' dir='ltr'>δραστικὼτε-</span> 
     </span>
    </p>
   </div>
   <div class='ocr_carea' id='block_1_36' title="bbox 59 3207 1676 3286">
    <p class='ocr_par' dir='ltr' id='par_1_36' title="bbox 59 3207 1676 3286">
     <span class='ocr_line' id='line_1_36' title="bbox 59 3207 1676 3286; baseline 0.002 -24"><span class='ocrx_word' id='word_1_246' title='bbox 59 3230 154 3283; x_wconf 93' lang='grc' dir='ltr'>ρον</span> <span class='ocrx_word' id='word_1_247' title='bbox 196 3217 306 3272; x_wconf 85' lang='grc' dir='ltr'>τοῖς</span> <span class='ocrx_word' id='word_1_248' title='bbox 352 3217 583 3283; x_wconf 85' lang='grc' dir='ltr'>παροῦσι</span> <span class='ocrx_word' id='word_1_249' title='bbox 631 3212 980 3283; x_wconf 81' lang='grc' dir='ltr'>χρησάμενοι,</span> <span class='ocrx_word' id='word_1_250' title='bbox 1029 3207 1215 3286; x_wconf 78' lang='grc' dir='ltr'>μικρὸν</span> <span class='ocrx_word' id='word_1_251' title='bbox 1259 3211 1288 3270; x_wconf 76' lang='grc' dir='ltr'>ἢ</span> <span class='ocrx_word' id='word_1_252' title='bbox 1352 3209 1502 3265; x_wconf 75' lang='grc' dir='ltr'>οῦδὲν</span> <span class='ocrx_word' id='word_1_253' title='bbox 1549 3233 1676 3265; x_wconf 89' lang='grc' dir='ltr'>κατ-</span> 
     </span>
    </p>
   </div>
   <div class='ocr_carea' id='block_1_37' title="bbox 60 3295 1678 3375">
    <p class='ocr_par' dir='ltr' id='par_1_37' title="bbox 60 3295 1678 3375">
     <span class='ocr_line' id='line_1_37' title="bbox 60 3295 1678 3375; baseline 0.002 -24"><span class='ocrx_word' id='word_1_254' title='bbox 60 3301 400 3371; x_wconf 84' lang='grc' dir='ltr'>ωρθώσαντο,</span> <span class='ocrx_word' id='word_1_255' title='bbox 453 3301 576 3350; x_wconf 81' lang='grc' dir='ltr'>ἔνιοι</span> <span class='ocrx_word' id='word_1_256' title='bbox 621 3295 678 3351; x_wconf 75' lang='grc' dir='ltr'>δὲ</span> <span class='ocrx_word' id='word_1_257' title='bbox 712 3319 802 3351; x_wconf 85' lang='grc' dir='ltr'>και</span> <span class='ocrx_word' id='word_1_258' title='bbox 850 3298 1128 3371; x_wconf 80' lang='grc' dir='ltr'>ἐσφάλοντο</span> <span class='ocrx_word' id='word_1_259' title='bbox 1180 3300 1424 3359; x_wconf 88' lang='grc' dir='ltr'>πλεῖστα.</span> <span class='ocrx_word' id='word_1_260' title='bbox 1475 3301 1678 3375; x_wconf 82' lang='grc' dir='ltr'>Ἐτεροι</span> 
     </span>
    </p>
   </div>
   <div class='ocr_carea' id='block_1_38' title="bbox 61 3384 1680 3463">
    <p class='ocr_par' dir='ltr' id='par_1_38' title="bbox 61 3384 1680 3463">
     <span class='ocr_line' id='line_1_38' title="bbox 61 3384 1680 3463; baseline 0.002 -22"><span class='ocrx_word' id='word_1_261' title='bbox 61 3385 125 3441; x_wconf 77' lang='grc' dir='ltr'>δὲ</span> <span class='ocrx_word' id='word_1_262' title='bbox 189 3384 366 3451; x_wconf 81' lang='grc' dir='ltr'>δεξιᾶς</span> <span class='ocrx_word' id='word_1_263' title='bbox 424 3388 782 3463; x_wconf 83' lang='grc' dir='ltr'>ηύμορηκότες</span> <span class='ocrx_word' id='word_1_264' title='bbox 837 3392 1030 3462; x_wconf 82' lang='grc' dir='ltr'>τύχης,</span> <span class='ocrx_word' id='word_1_265' title='bbox 1093 3389 1412 3463; x_wconf 80' lang='grc' dir='ltr'>ἀμελετὴτως</span> <span class='ocrx_word' id='word_1_266' title='bbox 1473 3391 1556 3444; x_wconf 74' lang='grc' dir='ltr'>ἐπὶ</span> <span class='ocrx_word' id='word_1_267' title='bbox 1612 3395 1680 3445; x_wconf 79' lang='grc' dir='ltr'>τὰ</span> 
     </span>
    </p>
   </div>
   <div class='ocr_carea' id='block_1_39' title="bbox 59 3478 1679 3552">
    <p class='ocr_par' dir='ltr' id='par_1_39' title="bbox 59 3478 1679 3552">
     <span class='ocr_line' id='line_1_39' title="bbox 59 3478 1679 3552; baseline 0.002 -23"><span class='ocrx_word' id='word_1_268' title='bbox 59 3481 203 3552; x_wconf 82' lang='grc' dir='ltr'>ἔργα</span> <span class='ocrx_word' id='word_1_269' title='bbox 243 3485 533 3552; x_wconf 87' lang='grc' dir='ltr'>χωροῦντες</span> <span class='ocrx_word' id='word_1_270' title='bbox 610 3478 846 3551; x_wconf 88' lang='grc' dir='ltr'>μεγάλων</span> <span class='ocrx_word' id='word_1_271' title='bbox 926 3485 1182 3552; x_wconf 87' lang='grc' dir='ltr'>τροπαίων</span> <span class='ocrx_word' id='word_1_272' title='bbox 1242 3485 1520 3552; x_wconf 85' lang='grc' dir='ltr'>γεγόνασιν</span> <span class='ocrx_word' id='word_1_273' title='bbox 1590 3481 1679 3533; x_wconf 85' lang='grc' dir='ltr'>αύ-</span> 
     </span>
    </p>
   </div>
   <div class='ocr_carea' id='block_1_40' title="bbox 57 3566 1679 3641">
    <p class='ocr_par' dir='ltr' id='par_1_40' title="bbox 57 3566 1679 3641">
     <span class='ocr_line' id='line_1_40' title="bbox 57 3566 1679 3641; baseline 0.003 -24"><span class='ocrx_word' id='word_1_274' title='bbox 57 3571 307 3640; x_wconf 79' lang='grc' dir='ltr'>τουργοὶ,</span> <span class='ocrx_word' id='word_1_275' title='bbox 363 3567 468 3618; x_wconf 85' lang='grc' dir='ltr'>οἷόν</span> <span class='ocrx_word' id='word_1_276' title='bbox 524 3586 576 3618; x_wconf 94' lang='grc' dir='ltr'>τι</span> <span class='ocrx_word' id='word_1_277' title='bbox 652 3566 834 3630; x_wconf 83' lang='grc' dir='ltr'>ξυνέϐη</span> <span class='ocrx_word' id='word_1_278' title='bbox 899 3576 972 3638; x_wconf 86' lang='grc' dir='ltr'>τῷ</span> <span class='ocrx_word' id='word_1_279' title='bbox 1027 3574 1143 3620; x_wconf 87' lang='grc' dir='ltr'>τότε</span> <span class='ocrx_word' id='word_1_280' title='bbox 1195 3573 1283 3620; x_wconf 79' lang='grc' dir='ltr'>καὶ</span> <span class='ocrx_word' id='word_1_281' title='bbox 1343 3577 1416 3640; x_wconf 83' lang='grc' dir='ltr'>τῷ</span> <span class='ocrx_word' id='word_1_282' title='bbox 1467 3568 1679 3641; x_wconf 82' lang='grc' dir='ltr'>βασιλεῖ</span> 
     </span>
    </p>
   </div>
   <div class='ocr_carea' id='block_1_41' title="bbox 61 3655 1676 3730">
    <p class='ocr_par' dir='ltr' id='par_1_41' title="bbox 61 3655 1676 3730">
     <span class='ocr_line' id='line_1_41' title="bbox 61 3655 1676 3730; baseline 0.001 -22"><span class='ocrx_word' id='word_1_283' title='bbox 61 3657 305 3728; x_wconf 74' lang='grc' dir='ltr'>Ἰωάννη.</span> <span class='ocrx_word' id='word_1_284' title='bbox 371 3655 573 3708; x_wconf 79' lang='grc' dir='ltr'>Πολλῶν</span> <span class='ocrx_word' id='word_1_285' title='bbox 651 3659 753 3729; x_wconf 77' lang='grc' dir='ltr'>γὰρ</span> <span class='ocrx_word' id='word_1_286' title='bbox 815 3655 1013 3709; x_wconf 76' lang='grc' dir='ltr'>ἀστέων</span> <span class='ocrx_word' id='word_1_287' title='bbox 1075 3662 1164 3709; x_wconf 84' lang='grc' dir='ltr'>καὶ</span> <span class='ocrx_word' id='word_1_288' title='bbox 1240 3664 1430 3730; x_wconf 84' lang='grc' dir='ltr'>χώρων</span> <span class='ocrx_word' id='word_1_289' title='bbox 1480 3658 1676 3710; x_wconf 85' lang='grc' dir='ltr'>πολλῶν</span> 
     </span>
    </p>
   </div>
   <div class='ocr_carea' id='block_1_42' title="bbox 59 3741 1674 3820">
    <p class='ocr_par' dir='ltr' id='par_1_42' title="bbox 59 3741 1674 3820">
     <span class='ocr_line' id='line_1_42' title="bbox 59 3741 1674 3820; baseline 0.001 -24"><span class='ocrx_word' id='word_1_290' title='bbox 59 3743 297 3816; x_wconf 85' lang='grc' dir='ltr'>ἐγεγόνει</span> <span class='ocrx_word' id='word_1_291' title='bbox 383 3741 643 3805; x_wconf 82' lang='grc' dir='ltr'>δεσπότης</span> <span class='ocrx_word' id='word_1_292' title='bbox 703 3744 752 3797; x_wconf 79' lang='grc' dir='ltr'>ἐν</span> <span class='ocrx_word' id='word_1_293' title='bbox 833 3744 1036 3816; x_wconf 80' lang='grc' dir='ltr'>ἀκαρεῖ,</span> <span class='ocrx_word' id='word_1_294' title='bbox 1104 3750 1175 3818; x_wconf 82' lang='grc' dir='ltr'>μή</span> <span class='ocrx_word' id='word_1_295' title='bbox 1241 3766 1375 3807; x_wconf 89' lang='grc' dir='ltr'>τινος</span> <span class='ocrx_word' id='word_1_296' title='bbox 1450 3747 1674 3820; x_wconf 87' lang='grc' dir='ltr'>πολέμου</span> 
     </span>
    </p>
   </div>
   <div class='ocr_carea' id='block_1_43' title="bbox 59 3830 1678 3908">
    <p class='ocr_par' dir='ltr' id='par_1_43' title="bbox 59 3830 1678 3908">
     <span class='ocr_line' id='line_1_43' title="bbox 59 3830 1678 3908; baseline 0.009 -28"><span class='ocrx_word' id='word_1_297' title='bbox 59 3836 434 3906; x_wconf 74' lang='grc' dir='ltr'>γεγενημένου,</span> <span class='ocrx_word' id='word_1_298' title='bbox 490 3830 631 3906; x_wconf 76' lang='grc' dir='ltr'>μηδὲ</span> <span class='ocrx_word' id='word_1_299' title='bbox 694 3853 835 3894; x_wconf 87' lang='grc' dir='ltr'>τινος</span> <span class='ocrx_word' id='word_1_300' title='bbox 884 3839 1133 3896; x_wconf 88' lang='grc' dir='ltr'>πεσόντος</span> <span class='ocrx_word' id='word_1_301' title='bbox 1180 3834 1231 3886; x_wconf 83' lang='grc' dir='ltr'>ἐν</span> <span class='ocrx_word' id='word_1_302' title='bbox 1296 3856 1472 3908; x_wconf 74' lang='grc' dir='ltr'>μάχη,</span> <span class='ocrx_word' id='word_1_303' title='bbox 1539 3833 1678 3908; x_wconf 71' lang='grc' dir='ltr'>μηδὶ</span> 
     </span>
    </p>
   </div>
   <div class='ocr_carea' id='block_1_44' title="bbox 61 3921 1676 3998">
    <p class='ocr_par' dir='ltr' id='par_1_44' title="bbox 61 3921 1676 3998">
     <span class='ocr_line' id='line_1_44' title="bbox 61 3921 1676 3998; baseline 0.002 -25"><span class='ocrx_word' id='word_1_304' title='bbox 61 3924 326 3995; x_wconf 77' lang='grc' dir='ltr'>χυθὲντος</span> <span class='ocrx_word' id='word_1_305' title='bbox 399 3926 640 3995; x_wconf 84' lang='grc' dir='ltr'>αἳματος,</span> <span class='ocrx_word' id='word_1_306' title='bbox 726 3921 864 3996; x_wconf 76' lang='grc' dir='ltr'>μηδὲ</span> <span class='ocrx_word' id='word_1_307' title='bbox 948 3923 1122 3995; x_wconf 74' lang='grc' dir='ltr'>ξιφους</span> <span class='ocrx_word' id='word_1_308' title='bbox 1203 3929 1676 3998; x_wconf 69' lang='grc' dir='ltr'>κατορχησαμὲνου</span> 
     </span>
    </p>
   </div>
   <div class='ocr_carea' id='block_1_45' title="bbox 67 4011 1678 4086">
    <p class='ocr_par' dir='ltr' id='par_1_45' title="bbox 67 4011 1678 4086">
     <span class='ocr_line' id='line_1_45' title="bbox 67 4011 1678 4086; baseline 0.002 -23"><span class='ocrx_word' id='word_1_309' title='bbox 67 4019 338 4083; x_wconf 81' lang='grc' dir='ltr'>σώματος,</span> <span class='ocrx_word' id='word_1_310' title='bbox 411 4011 518 4064; x_wconf 78' lang='grc' dir='ltr'>ἀλλ’</span> <span class='ocrx_word' id='word_1_311' title='bbox 578 4014 779 4086; x_wconf 78' lang='grc' dir='ltr'>ἡμὲρως</span> <span class='ocrx_word' id='word_1_312' title='bbox 845 4033 933 4064; x_wconf 89' lang='grc' dir='ltr'>και</span> <span class='ocrx_word' id='word_1_313' title='bbox 1007 4013 1239 4084; x_wconf 82' lang='grc' dir='ltr'>γαληνῶς</span> <span class='ocrx_word' id='word_1_314' title='bbox 1305 4016 1476 4086; x_wconf 82' lang='grc' dir='ltr'>ὥσπερ</span> <span class='ocrx_word' id='word_1_315' title='bbox 1543 4018 1678 4075; x_wconf 85' lang='grc' dir='ltr'>τινὸς</span> 
     </span>
    </p>
   </div>
   <div class='ocr_carea' id='block_1_46' title="bbox 64 4100 1677 4178">
    <p class='ocr_par' dir='ltr' id='par_1_46' title="bbox 64 4100 1677 4178">
     <span class='ocr_line' id='line_1_46' title="bbox 64 4100 1677 4178; baseline 0.001 -25"><span class='ocrx_word' id='word_1_316' title='bbox 64 4101 267 4175; x_wconf 82' lang='grc' dir='ltr'>κλήρου</span> <span class='ocrx_word' id='word_1_317' title='bbox 321 4103 572 4176; x_wconf 84' lang='grc' dir='ltr'>πατρόθεν</span> <span class='ocrx_word' id='word_1_318' title='bbox 626 4105 786 4172; x_wconf 86' lang='grc' dir='ltr'>τούτῳ</span> <span class='ocrx_word' id='word_1_319' title='bbox 853 4108 1214 4177; x_wconf 85' lang='grc' dir='ltr'>προσώκοντος</span> <span class='ocrx_word' id='word_1_320' title='bbox 1263 4100 1513 4178; x_wconf 80' lang='grc' dir='ltr'>ἀνιδρωτί</span> <span class='ocrx_word' id='word_1_321' title='bbox 1579 4113 1677 4156; x_wconf 88' lang='grc' dir='ltr'>τῶν</span> 
     </span>
    </p>
   </div>
   <div class='ocr_carea' id='block_1_47' title="bbox 66 4189 1676 4266">
    <p class='ocr_par' dir='ltr' id='par_1_47' title="bbox 66 4189 1676 4266">
     <span class='ocr_line' id='line_1_47' title="bbox 66 4189 1676 4266; baseline 0.003 -26"><span class='ocrx_word' id='word_1_322' title='bbox 66 4192 322 4242; x_wconf 83' lang='grc' dir='ltr'>τοιούτων</span> <span class='ocrx_word' id='word_1_323' title='bbox 379 4189 615 4243; x_wconf 85' lang='grc' dir='ltr'>ἁπάντων</span> <span class='ocrx_word' id='word_1_324' title='bbox 667 4191 892 4266; x_wconf 79' lang='grc' dir='ltr'>κατῆρξε</span> <span class='ocrx_word' id='word_1_325' title='bbox 946 4191 1027 4263; x_wconf 81' lang='grc' dir='ltr'>[Ρ.</span> <span class='ocrx_word' id='word_1_326' title='bbox 1079 4192 1169 4263; x_wconf 77' lang='grc'>44]</span> <span class='ocrx_word' id='word_1_327' title='bbox 1210 4198 1525 4265; x_wconf 83' lang='grc' dir='ltr'>Στενίμαχος</span> <span class='ocrx_word' id='word_1_328' title='bbox 1577 4196 1676 4266; x_wconf 84' lang='grc' dir='ltr'>γὰρ</span> 
     </span>
    </p>
   </div>
   <div class='ocr_carea' id='block_1_48' title="bbox 68 4277 1677 4356">
    <p class='ocr_par' dir='ltr' id='par_1_48' title="bbox 68 4277 1677 4356">
     <span class='ocr_line' id='line_1_48' title="bbox 68 4277 1677 4356; baseline 0.004 -25"><span class='ocrx_word' id='word_1_329' title='bbox 68 4283 166 4331; x_wconf 82' lang='grc' dir='ltr'>καὶ</span> <span class='ocrx_word' id='word_1_330' title='bbox 206 4279 486 4350; x_wconf 77' lang='grc' dir='ltr'>Τζέπαινα,</span> <span class='ocrx_word' id='word_1_331' title='bbox 521 4300 610 4332; x_wconf 87' lang='grc' dir='ltr'>και</span> <span class='ocrx_word' id='word_1_332' title='bbox 641 4285 740 4332; x_wconf 81' lang='grc' dir='ltr'>ὅσα</span> <span class='ocrx_word' id='word_1_333' title='bbox 772 4277 831 4352; x_wconf 72' lang='grc' dir='ltr'>ᾖν</span> <span class='ocrx_word' id='word_1_334' title='bbox 861 4289 930 4350; x_wconf 85' lang='grc' dir='ltr'>τῷ</span> <span class='ocrx_word' id='word_1_335' title='bbox 979 4289 1072 4342; x_wconf 82' lang='grc' dir='ltr'>τῆς</span> <span class='ocrx_word' id='word_1_336' title='bbox 1115 4278 1370 4343; x_wconf 80' lang='grc' dir='ltr'>Ῥοδόπης</span> <span class='ocrx_word' id='word_1_337' title='bbox 1420 4287 1525 4356; x_wconf 79' lang='grc' dir='ltr'>ὄρει</span> <span class='ocrx_word' id='word_1_338' title='bbox 1566 4285 1677 4353; x_wconf 71' lang='grc'>(8³7)</span> 
     </span>
    </p>
   </div>
   <div class='ocr_carea' id='block_1_49' title="bbox 68 4367 1680 4444">
    <p class='ocr_par' dir='ltr' id='par_1_49' title="bbox 68 4367 1680 4444">
     <span class='ocr_line' id='line_1_49' title="bbox 68 4367 1680 4444; baseline 0.002 -24"><span class='ocrx_word' id='word_1_339' title='bbox 68 4372 425 4440; x_wconf 86' lang='grc' dir='ltr'>παρακείμενα</span> <span class='ocrx_word' id='word_1_340' title='bbox 477 4367 728 4441; x_wconf 91' lang='grc' dir='ltr'>πολίχνιά</span> <span class='ocrx_word' id='word_1_341' title='bbox 780 4389 832 4421; x_wconf 84' lang='grc' dir='ltr'>τε</span> <span class='ocrx_word' id='word_1_342' title='bbox 883 4389 971 4421; x_wconf 88' lang='grc' dir='ltr'>και</span> <span class='ocrx_word' id='word_1_343' title='bbox 1041 4369 1380 4442; x_wconf 86' lang='grc' dir='ltr'>κωμοπόλεις,</span> <span class='ocrx_word' id='word_1_344' title='bbox 1442 4373 1680 4444; x_wconf 78' lang='grc' dir='ltr'>ύπόφορα</span> 
     </span>
    </p>
   </div>
   <div class='ocr_carea' id='block_1_50' title="bbox 69 4458 1677 4531">
    <p class='ocr_par' dir='ltr' id='par_1_50' title="bbox 69 4458 1677 4531">
     <span class='ocr_line' id='line_1_50' title="bbox 69 4458 1677 4531; baseline 0.002 -23"><span class='ocrx_word' id='word_1_345' title='bbox 69 4458 243 4526; x_wconf 80' lang='grc' dir='ltr'>τούτῳ</span> <span class='ocrx_word' id='word_1_346' title='bbox 294 4461 612 4527; x_wconf 77' lang='grc' dir='ltr'>γεγένηνται.</span> <span class='ocrx_word' id='word_1_347' title='bbox 669 4465 770 4510; x_wconf 83' lang='grc' dir='ltr'>Και</span> <span class='ocrx_word' id='word_1_348' title='bbox 809 4462 927 4531; x_wconf 80' lang='grc' dir='ltr'>ὅρος</span> <span class='ocrx_word' id='word_1_349' title='bbox 967 4458 1101 4528; x_wconf 81' lang='grc' dir='ltr'>ούτῷ</span> <span class='ocrx_word' id='word_1_350' title='bbox 1129 4478 1182 4510; x_wconf 91' lang='grc' dir='ltr'>τε</span> <span class='ocrx_word' id='word_1_351' title='bbox 1234 4479 1324 4510; x_wconf 89' lang='grc' dir='ltr'>και</span> <span class='ocrx_word' id='word_1_352' title='bbox 1375 4466 1482 4522; x_wconf 92' lang='grc' dir='ltr'>τοῖς</span> <span class='ocrx_word' id='word_1_353' title='bbox 1526 4460 1677 4512; x_wconf 84' lang='grc' dir='ltr'>Βουλ·</span> 
     </span>
    </p>
   </div>
   <div class='ocr_carea' id='block_1_51' title="bbox 68 4543 1675 4624">
    <p class='ocr_par' dir='ltr' id='par_1_51' title="bbox 68 4543 1675 4624">
     <span class='ocr_line' id='line_1_51' title="bbox 68 4543 1675 4624; baseline 0.004 -29"><span class='ocrx_word' id='word_1_354' title='bbox 68 4546 256 4618; x_wconf 78' lang='grc' dir='ltr'>γάροις</span> <span class='ocrx_word' id='word_1_355' title='bbox 302 4543 483 4620; x_wconf 76' lang='grc' dir='ltr'>Ἕϐρος</span> <span class='ocrx_word' id='word_1_356' title='bbox 527 4543 587 4604; x_wconf 84' lang='grc' dir='ltr'>ἧν</span> <span class='ocrx_word' id='word_1_357' title='bbox 639 4552 892 4620; x_wconf 86' lang='grc' dir='ltr'>ποταμός.</span> <span class='ocrx_word' id='word_1_358' title='bbox 949 4547 1033 4600; x_wconf 85' lang='grc' dir='ltr'>Ἐκ</span> <span class='ocrx_word' id='word_1_359' title='bbox 1077 4544 1136 4600; x_wconf 76' lang='grc' dir='ltr'>δὲ</span> <span class='ocrx_word' id='word_1_360' title='bbox 1186 4555 1279 4599; x_wconf 87' lang='grc' dir='ltr'>τοῦ</span> <span class='ocrx_word' id='word_1_361' title='bbox 1309 4552 1434 4621; x_wconf 86' lang='grc' dir='ltr'>πρὸς</span> <span class='ocrx_word' id='word_1_362' title='bbox 1483 4549 1675 4624; x_wconf 74' lang='grc' dir='ltr'>Βορρᾶν</span> 
     </span>
    </p>
   </div>
   <div class='ocr_carea' id='block_1_52' title="bbox 69 4635 1676 4712">
    <p class='ocr_par' dir='ltr' id='par_1_52' title="bbox 69 4635 1676 4712">
     <span class='ocr_line' id='line_1_52' title="bbox 69 4635 1676 4712; baseline 0.005 -29"><span class='ocrx_word' id='word_1_363' title='bbox 69 4638 267 4708; x_wconf 81' lang='grc' dir='ltr'>μέρους</span> <span class='ocrx_word' id='word_1_364' title='bbox 295 4638 582 4707; x_wconf 85' lang='grc' dir='ltr'>Στούμπιόν</span> <span class='ocrx_word' id='word_1_365' title='bbox 634 4655 685 4688; x_wconf 87' lang='grc' dir='ltr'>τε</span> <span class='ocrx_word' id='word_1_366' title='bbox 713 4656 802 4688; x_wconf 89' lang='grc' dir='ltr'>και</span> <span class='ocrx_word' id='word_1_367' title='bbox 853 4635 1078 4698; x_wconf 83' lang='grc' dir='ltr'>Χοτοϐὸς</span> <span class='ocrx_word' id='word_1_368' title='bbox 1124 4636 1300 4710; x_wconf 83' lang='grc' dir='ltr'>ὀχυρὰ</span> <span class='ocrx_word' id='word_1_369' title='bbox 1343 4639 1475 4690; x_wconf 79' lang='grc' dir='ltr'>ἄττα</span> <span class='ocrx_word' id='word_1_370' title='bbox 1518 4642 1676 4712; x_wconf 72' lang='grc' dir='ltr'>φρούο</span> 
     </span>
    </p>
   </div>
   <div class='ocr_carea' id='block_1_53' title="bbox 68 4722 1672 4800">
    <p class='ocr_par' dir='ltr' id='par_1_53' title="bbox 68 4722 1672 4800">
     <span class='ocr_line' id='line_1_53' title="bbox 68 4722 1672 4800; baseline 0.004 -27"><span class='ocrx_word' id='word_1_371' title='bbox 68 4742 168 4800; x_wconf 81' lang='grc' dir='ltr'>ρια</span> <span class='ocrx_word' id='word_1_372' title='bbox 211 4742 300 4774; x_wconf 90' lang='grc' dir='ltr'>και</span> <span class='ocrx_word' id='word_1_373' title='bbox 354 4733 532 4798; x_wconf 90' lang='grc' dir='ltr'>χῶρος</span> <span class='ocrx_word' id='word_1_374' title='bbox 586 4726 612 4776; x_wconf 89' lang='grc' dir='ltr'>ό</span> <span class='ocrx_word' id='word_1_375' title='bbox 661 4722 996 4778; x_wconf 86' lang='grc' dir='ltr'>Βελεϐουδίου</span> <span class='ocrx_word' id='word_1_376' title='bbox 1051 4727 1150 4778; x_wconf 77' lang='grc' dir='ltr'>ὑπὸ</span> <span class='ocrx_word' id='word_1_377' title='bbox 1199 4729 1284 4778; x_wconf 88' lang='grc' dir='ltr'>τόν</span> <span class='ocrx_word' id='word_1_378' title='bbox 1339 4725 1563 4799; x_wconf 84' lang='grc' dir='ltr'>βασιλέα</span> <span class='ocrx_word' id='word_1_379' title='bbox 1593 4725 1672 4794; x_wconf 79' lang='grc' dir='ltr'>ἧν,</span> 
     </span>
    </p>
   </div>
   <div class='ocr_carea' id='block_1_54' title="bbox 70 4814 1677 4890">
    <p class='ocr_par' dir='ltr' id='par_1_54' title="bbox 70 4814 1677 4890">
     <span class='ocr_line' id='line_1_54' title="bbox 70 4814 1677 4890; baseline 0.003 -26"><span class='ocrx_word' id='word_1_380' title='bbox 70 4814 274 4864; x_wconf 85' lang='grc' dir='ltr'>Σκοπιά</span> <span class='ocrx_word' id='word_1_381' title='bbox 318 4831 374 4865; x_wconf 91' lang='grc' dir='ltr'>τε</span> <span class='ocrx_word' id='word_1_382' title='bbox 402 4833 492 4865; x_wconf 89' lang='grc' dir='ltr'>και</span> <span class='ocrx_word' id='word_1_383' title='bbox 545 4814 751 4875; x_wconf 86' lang='grc' dir='ltr'>Βελεσός</span> <span class='ocrx_word' id='word_1_384' title='bbox 797 4835 888 4867; x_wconf 88' lang='grc' dir='ltr'>και</span> <span class='ocrx_word' id='word_1_385' title='bbox 919 4819 1081 4887; x_wconf 84' lang='grc' dir='ltr'>πέχρι</span> <span class='ocrx_word' id='word_1_386' title='bbox 1131 4815 1400 4890; x_wconf 88' lang='grc' dir='ltr'>Πριλάπου</span> <span class='ocrx_word' id='word_1_387' title='bbox 1449 4835 1538 4868; x_wconf 90' lang='grc' dir='ltr'>και</span> <span class='ocrx_word' id='word_1_388' title='bbox 1577 4826 1677 4869; x_wconf 91' lang='grc' dir='ltr'>τῶν</span> 
     </span>
    </p>
   </div>
   <div class='ocr_carea' id='block_1_55' title="bbox 1787 533 3437 600">
    <p class='ocr_par' dir='ltr' id='par_1_55' title="bbox 1787 533 3437 600">
     <span class='ocr_line' id='line_1_55' title="bbox 1787 533 3437 600; baseline 0.007 -12"><span class='ocrx_word' id='word_1_389' title='bbox 1787 533 2060 589; x_wconf 83' lang='lat' dir='ltr'>fantium.</span> <span class='ocrx_word' id='word_1_390' title='bbox 2090 557 2116 583; x_wconf 81' lang='grc'><strong>››</strong></span> <span class='ocrx_word' id='word_1_391' title='bbox 2145 535 2242 590; x_wconf 85' lang='lat' dir='ltr'>His</span> <span class='ocrx_word' id='word_1_392' title='bbox 2261 536 2387 590; x_wconf 88' lang='lat' dir='ltr'>sine</span> <span class='ocrx_word' id='word_1_393' title='bbox 2409 537 2750 593; x_wconf 85' lang='lat' dir='ltr'>uIlolabore</span> <span class='ocrx_word' id='word_1_394' title='bbox 2769 553 2838 592; x_wconf 92' lang='lat' dir='ltr'>ac</span> <span class='ocrx_word' id='word_1_395' title='bbox 2862 538 3134 595; x_wconf 87' lang='lat' dir='ltr'>molestia</span> <span class='ocrx_word' id='word_1_396' title='bbox 3153 543 3437 600; x_wconf 90' lang='lat' dir='ltr'>omnibus</span> 
     </span>
    </p>
   </div>
   <div class='ocr_carea' id='block_1_56' title="bbox 1788 624 3438 698">
    <p class='ocr_par' dir='ltr' id='par_1_56' title="bbox 1788 624 3438 698">
     <span class='ocr_line' id='line_1_56' title="bbox 1788 624 3438 698; baseline 0.008 -22"><span class='ocrx_word' id='word_1_397' title='bbox 1788 624 2058 679; x_wconf 89' lang='lat' dir='ltr'>suasitut</span> <span class='ocrx_word' id='word_1_398' title='bbox 2090 625 2467 697; x_wconf 84' lang='lat' dir='ltr'>imperatoris</span> <span class='ocrx_word' id='word_1_399' title='bbox 2500 632 2699 698; x_wconf 90' lang='lat' dir='ltr'>partes</span> <span class='ocrx_word' id='word_1_400' title='bbox 2732 632 3137 698; x_wconf 82' lang='lat' dir='ltr'>sequerentur.</span> <span class='ocrx_word' id='word_1_401' title='bbox 3159 632 3351 694; x_wconf 81' lang='lat' dir='ltr'>Quare</span> <span class='ocrx_word' id='word_1_402' title='bbox 3365 649 3438 688; x_wconf 82' lang='lat' dir='ltr'>ex</span> 
     </span>
    </p>
   </div>
   <div class='ocr_carea' id='block_1_57' title="bbox 1787 711 3434 789">
    <p class='ocr_par' dir='ltr' id='par_1_57' title="bbox 1787 711 3434 789">
     <span class='ocr_line' id='line_1_57' title="bbox 1787 711 3434 789; baseline 0.006 -23"><span class='ocrx_word' id='word_1_403' title='bbox 1787 711 2018 767; x_wconf 88' lang='lat' dir='ltr'>civibus</span> <span class='ocrx_word' id='word_1_404' title='bbox 2046 713 2371 769; x_wconf 90' lang='lat' dir='ltr'>nonnullos</span> <span class='ocrx_word' id='word_1_405' title='bbox 2404 714 2559 770; x_wconf 90' lang='lat' dir='ltr'>clam</span> <span class='ocrx_word' id='word_1_406' title='bbox 2594 715 2862 788; x_wconf 86' lang='lat' dir='ltr'>quidem,</span> <span class='ocrx_word' id='word_1_407' title='bbox 2921 721 2984 771; x_wconf 90' lang='lat' dir='ltr'>ut</span> <span class='ocrx_word' id='word_1_408' title='bbox 3034 717 3232 774; x_wconf 89' lang='lat' dir='ltr'>videre</span> <span class='ocrx_word' id='word_1_409' title='bbox 3289 725 3434 789; x_wconf 87' lang='lat' dir='ltr'>erat,</span> 
     </span>
    </p>
   </div>
   <div class='ocr_carea' id='block_1_58' title="bbox 1789 801 3437 875">
    <p class='ocr_par' dir='ltr' id='par_1_58' title="bbox 1789 801 3437 875">
     <span class='ocr_line' id='line_1_58' title="bbox 1789 801 3437 875; baseline 0.005 -19"><span class='ocrx_word' id='word_1_410' title='bbox 1789 801 1896 856; x_wconf 88' lang='lat' dir='ltr'>sed</span> <span class='ocrx_word' id='word_1_411' title='bbox 1920 803 2193 872; x_wconf 89' lang='lat' dir='ltr'>plurimis</span> <span class='ocrx_word' id='word_1_412' title='bbox 2226 810 2426 859; x_wconf 90' lang='lat' dir='ltr'>tamen</span> <span class='ocrx_word' id='word_1_413' title='bbox 2463 806 2733 875; x_wconf 88' lang='lat' dir='ltr'>cognitos</span> <span class='ocrx_word' id='word_1_414' title='bbox 2772 804 2994 874; x_wconf 89' lang='lat' dir='ltr'>legant,</span> <span class='ocrx_word' id='word_1_415' title='bbox 3027 811 3085 861; x_wconf 90' lang='lat' dir='ltr'>et</span> <span class='ocrx_word' id='word_1_416' title='bbox 3125 807 3184 862; x_wconf 88' lang='lat' dir='ltr'>in</span> <span class='ocrx_word' id='word_1_417' title='bbox 3242 808 3437 865; x_wconf 76' lang='lat' dir='ltr'>foedus</span> 
     </span>
    </p>
   </div>
   <div class='ocr_carea' id='block_1_59' title="bbox 1786 891 3436 968">
    <p class='ocr_par' dir='ltr' id='par_1_59' title="bbox 1786 891 3436 968">
     <span class='ocr_line' id='line_1_59' title="bbox 1786 891 3436 968; baseline 0.004 -21"><span class='ocrx_word' id='word_1_418' title='bbox 1786 907 1925 947; x_wconf 90' lang='lat' dir='ltr'>cum</span> <span class='ocrx_word' id='word_1_419' title='bbox 1954 891 2314 963; x_wconf 83' lang='lat' dir='ltr'>imperatore</span> <span class='ocrx_word' id='word_1_420' title='bbox 2345 899 2582 948; x_wconf 90' lang='lat' dir='ltr'>coeunt.</span> <span class='ocrx_word' id='word_1_421' title='bbox 2615 896 2679 947; x_wconf 83' lang='lat' dir='ltr'>Et</span> <span class='ocrx_word' id='word_1_422' title='bbox 2705 893 2871 949; x_wconf 86' lang='lat' dir='ltr'>bulla</span> <span class='ocrx_word' id='word_1_423' title='bbox 2901 911 3102 961; x_wconf 89' lang='lat' dir='ltr'>aurea,</span> <span class='ocrx_word' id='word_1_424' title='bbox 3166 913 3290 968; x_wconf 91' lang='lat' dir='ltr'>qua</span> <span class='ocrx_word' id='word_1_425' title='bbox 3339 913 3436 953; x_wconf 87' lang='lat' dir='ltr'>res</span> 
     </span>
    </p>
   </div>
   <div class='ocr_carea' id='block_1_60' title="bbox 1784 981 3440 1058">
    <p class='ocr_par' dir='ltr' id='par_1_60' title="bbox 1784 981 3440 1058">
     <span class='ocr_line' id='line_1_60' title="bbox 1784 981 3440 1058; baseline 0.005 -23"><span class='ocrx_word' id='word_1_426' title='bbox 1784 986 1964 1052; x_wconf 61' lang='lat' dir='ltr'>gesta</span> <span class='ocrx_word' id='word_1_427' title='bbox 1995 981 2505 1048; x_wconf 90' lang='lat' dir='ltr'>describebantur,</span> <span class='ocrx_word' id='word_1_428' title='bbox 2533 997 2639 1053; x_wconf 91' lang='lat' dir='ltr'>per</span> <span class='ocrx_word' id='word_1_429' title='bbox 2663 983 2898 1038; x_wconf 89' lang='lat' dir='ltr'>eosdem</span> <span class='ocrx_word' id='word_1_430' title='bbox 2924 983 3152 1053; x_wconf 84' lang='lat' dir='ltr'>legatos</span> <span class='ocrx_word' id='word_1_431' title='bbox 3184 985 3440 1058; x_wconf 87' lang='lat' dir='ltr'>impera-</span> 
     </span>
    </p>
   </div>
   <div class='ocr_carea' id='block_1_61' title="bbox 1783 1069 3438 1146">
    <p class='ocr_par' dir='ltr' id='par_1_61' title="bbox 1783 1069 3438 1146">
     <span class='ocr_line' id='line_1_61' title="bbox 1783 1069 3438 1146; baseline 0.005 -22"><span class='ocrx_word' id='word_1_432' title='bbox 1783 1069 2125 1140; x_wconf 88' lang='lat' dir='ltr'>torisjussu</span> <span class='ocrx_word' id='word_1_433' title='bbox 2174 1070 2253 1126; x_wconf 91' lang='lat' dir='ltr'>ad</span> <span class='ocrx_word' id='word_1_434' title='bbox 2306 1070 2566 1127; x_wconf 88' lang='lat' dir='ltr'>Melenici</span> <span class='ocrx_word' id='word_1_435' title='bbox 2613 1071 2874 1127; x_wconf 80' lang='lat' dir='ltr'>defertur</span> <span class='ocrx_word' id='word_1_436' title='bbox 2925 1073 3107 1138; x_wconf 83' lang='lat' dir='ltr'>cives,</span> <span class='ocrx_word' id='word_1_437' title='bbox 3161 1075 3266 1146; x_wconf 91' lang='lat' dir='ltr'>qui</span> <span class='ocrx_word' id='word_1_438' title='bbox 3315 1091 3438 1132; x_wconf 87' lang='lat' dir='ltr'>una</span> 
     </span>
    </p>
   </div>
   <div class='ocr_carea' id='block_1_62' title="bbox 1784 1157 3436 1230">
    <p class='ocr_par' dir='ltr' id='par_1_62' title="bbox 1784 1157 3436 1230">
     <span class='ocr_line' id='line_1_62' title="bbox 1784 1157 3436 1230; baseline 0.004 -17"><span class='ocrx_word' id='word_1_439' title='bbox 1784 1173 1997 1213; x_wconf 89' lang='lat' dir='ltr'>omnes</span> <span class='ocrx_word' id='word_1_440' title='bbox 2025 1157 2223 1224; x_wconf 84' lang='lat' dir='ltr'>simul,</span> <span class='ocrx_word' id='word_1_441' title='bbox 2254 1158 2376 1214; x_wconf 86' lang='lat' dir='ltr'>sive</span> <span class='ocrx_word' id='word_1_442' title='bbox 2402 1175 2474 1214; x_wconf 84' lang='lat' dir='ltr'><strong>ex</strong></span> <span class='ocrx_word' id='word_1_443' title='bbox 2497 1159 2862 1230; x_wconf 89' lang='lat' dir='ltr'>primoribus</span> <span class='ocrx_word' id='word_1_444' title='bbox 2883 1161 3007 1217; x_wconf 90' lang='lat' dir='ltr'>sive</span> <span class='ocrx_word' id='word_1_445' title='bbox 3033 1161 3234 1218; x_wconf 63' lang='lat' dir='ltr'>milite</span> <span class='ocrx_word' id='word_1_446' title='bbox 3256 1163 3436 1219; x_wconf 86' lang='lat' dir='ltr'>ascri-</span> 
     </span>
    </p>
   </div>
   <div class='ocr_carea' id='block_1_63' title="bbox 1783 1247 3436 1322">
    <p class='ocr_par' dir='ltr' id='par_1_63' title="bbox 1783 1247 3436 1322">
     <span class='ocr_line' id='line_1_63' title="bbox 1783 1247 3436 1322; baseline 0.004 -20"><span class='ocrx_word' id='word_1_447' title='bbox 1783 1247 1898 1319; x_wconf 88' lang='lat' dir='ltr'>ptis</span> <span class='ocrx_word' id='word_1_448' title='bbox 1926 1247 2049 1302; x_wconf 88' lang='lat' dir='ltr'>sive</span> <span class='ocrx_word' id='word_1_449' title='bbox 2074 1247 2499 1304; x_wconf 90' lang='lat' dir='ltr'>celebrioribus</span> <span class='ocrx_word' id='word_1_450' title='bbox 2527 1248 2644 1304; x_wconf 90' lang='lat' dir='ltr'>sive</span> <span class='ocrx_word' id='word_1_451' title='bbox 2666 1249 2845 1305; x_wconf 89' lang='lat' dir='ltr'>etiam</span> <span class='ocrx_word' id='word_1_452' title='bbox 2887 1249 3346 1322; x_wconf 83' lang='lat' dir='ltr'>habitatoribus,</span> <span class='ocrx_word' id='word_1_453' title='bbox 3374 1252 3436 1309; x_wconf 91' lang='lat' dir='ltr'>in</span> 
     </span>
    </p>
   </div>
   <div class='ocr_carea' id='block_1_64' title="bbox 1784 1337 3436 1412">
    <p class='ocr_par' dir='ltr' id='par_1_64' title="bbox 1784 1337 3436 1412">
     <span class='ocr_line' id='line_1_64' title="bbox 1784 1337 3436 1412; baseline 0.003 -19"><span class='ocrx_word' id='word_1_454' title='bbox 1784 1354 1965 1394; x_wconf 84' lang='lat' dir='ltr'>unum</span> <span class='ocrx_word' id='word_1_455' title='bbox 1980 1337 2391 1409; x_wconf 86' lang='lat' dir='ltr'>conspirantes</span> <span class='ocrx_word' id='word_1_456' title='bbox 2409 1338 2487 1393; x_wconf 89' lang='lat' dir='ltr'>ad</span> <span class='ocrx_word' id='word_1_457' title='bbox 2499 1339 2922 1410; x_wconf 84' lang='lat' dir='ltr'>imperatorem</span> <span class='ocrx_word' id='word_1_458' title='bbox 2937 1340 3100 1412; x_wconf 88' lang='lat' dir='ltr'>apud</span> <span class='ocrx_word' id='word_1_459' title='bbox 3116 1341 3436 1398; x_wconf 88' lang='lat' dir='ltr'>Labisdam</span> 
     </span>
    </p>
   </div>
   <div class='ocr_carea' id='block_1_65' title="bbox 1785 1427 3437 1503">
    <p class='ocr_par' dir='ltr' id='par_1_65' title="bbox 1785 1427 3437 1503">
     <span class='ocr_line' id='line_1_65' title="bbox 1785 1427 3437 1503; baseline 0.001 -19"><span class='ocrx_word' id='word_1_460' title='bbox 1785 1429 2006 1500; x_wconf 88' lang='lat' dir='ltr'>(locum</span> <span class='ocrx_word' id='word_1_461' title='bbox 2045 1427 2128 1483; x_wconf 92' lang='lat' dir='ltr'>sic</span> <span class='ocrx_word' id='word_1_462' title='bbox 2155 1427 2480 1500; x_wconf 87' lang='lat' dir='ltr'>appellant)</span> <span class='ocrx_word' id='word_1_463' title='bbox 2523 1434 2998 1484; x_wconf 89' lang='lat' dir='ltr'>commorantem</span> <span class='ocrx_word' id='word_1_464' title='bbox 3054 1430 3165 1486; x_wconf 90' lang='lat' dir='ltr'>viri</span> <span class='ocrx_word' id='word_1_465' title='bbox 3212 1431 3437 1503; x_wconf 88' lang='lat' dir='ltr'>compti</span> 
     </span>
    </p>
   </div>
   <div class='ocr_carea' id='block_1_66' title="bbox 1785 1516 3435 1587">
    <p class='ocr_par' dir='ltr' id='par_1_66' title="bbox 1785 1516 3435 1587">
     <span class='ocr_line' id='line_1_66' title="bbox 1785 1516 3435 1587; baseline 0.001 -14"><span class='ocrx_word' id='word_1_466' title='bbox 1785 1535 1856 1574; x_wconf 88' lang='lat' dir='ltr'>ac</span> <span class='ocrx_word' id='word_1_467' title='bbox 1886 1516 2116 1573; x_wconf 89' lang='lat' dir='ltr'>nobiles</span> <span class='ocrx_word' id='word_1_468' title='bbox 2147 1523 2203 1572; x_wconf 90' lang='lat' dir='ltr'>et</span> <span class='ocrx_word' id='word_1_469' title='bbox 2230 1531 2303 1571; x_wconf 81' lang='lat' dir='ltr'><strong>ex</strong></span> <span class='ocrx_word' id='word_1_470' title='bbox 2341 1517 2470 1571; x_wconf 89' lang='lat' dir='ltr'>solo</span> <span class='ocrx_word' id='word_1_471' title='bbox 2502 1521 2745 1587; x_wconf 90' lang='lat' dir='ltr'>aspectu</span> <span class='ocrx_word' id='word_1_472' title='bbox 2762 1518 3086 1574; x_wconf 87' lang='lat' dir='ltr'>venerandi</span> <span class='ocrx_word' id='word_1_473' title='bbox 3101 1534 3172 1574; x_wconf 86' lang='lat' dir='ltr'>ac</span> <span class='ocrx_word' id='word_1_474' title='bbox 3193 1519 3435 1575; x_wconf 76' lang='lat' dir='ltr'>honori-</span> 
     </span>
    </p>
   </div>
   <div class='ocr_carea' id='block_1_67' title="bbox 1783 1605 3434 1680">
    <p class='ocr_par' dir='ltr' id='par_1_67' title="bbox 1783 1605 3434 1680">
     <span class='ocr_line' id='line_1_67' title="bbox 1783 1605 3434 1680; baseline 0.001 -18"><span class='ocrx_word' id='word_1_475' title='bbox 1783 1607 1897 1662; x_wconf 91' lang='lat' dir='ltr'>bus</span> <span class='ocrx_word' id='word_1_476' title='bbox 1931 1605 2096 1675; x_wconf 85' lang='lat' dir='ltr'>digni</span> <span class='ocrx_word' id='word_1_477' title='bbox 2137 1619 2323 1676; x_wconf 87' lang='lat' dir='ltr'>supra</span> <span class='ocrx_word' id='word_1_478' title='bbox 2348 1605 2708 1676; x_wconf 86' lang='lat' dir='ltr'>quingentos</span> <span class='ocrx_word' id='word_1_479' title='bbox 2738 1605 3040 1664; x_wconf 85' lang='lat' dir='ltr'>festinant.</span> <span class='ocrx_word' id='word_1_480' title='bbox 3073 1610 3140 1664; x_wconf 90' lang='lat' dir='ltr'>Ut</span> <span class='ocrx_word' id='word_1_481' title='bbox 3163 1608 3290 1680; x_wconf 89' lang='lat' dir='ltr'>ipse</span> <span class='ocrx_word' id='word_1_482' title='bbox 3331 1625 3434 1665; x_wconf 91' lang='lat' dir='ltr'>eos</span> 
     </span>
    </p>
   </div>
   <div class='ocr_carea' id='block_1_68' title="bbox 1783 1695 3437 1764">
    <p class='ocr_par' dir='ltr' id='par_1_68' title="bbox 1783 1695 3437 1764">
     <span class='ocr_line' id='line_1_68' title="bbox 1783 1695 3437 1764; baseline 0.002 -13"><span class='ocrx_word' id='word_1_483' title='bbox 1783 1696 2027 1764; x_wconf 88' lang='lat' dir='ltr'>vidi,ita</span> <span class='ocrx_word' id='word_1_484' title='bbox 2047 1695 2278 1750; x_wconf 90' lang='lat' dir='ltr'>locutus</span> <span class='ocrx_word' id='word_1_485' title='bbox 2301 1711 2435 1750; x_wconf 90' lang='lat' dir='ltr'>sum</span> <span class='ocrx_word' id='word_1_486' title='bbox 2464 1711 2476 1748; x_wconf 87' lang='lat'><strong>:</strong></span> <span class='ocrx_word' id='word_1_487' title='bbox 2502 1716 2530 1743; x_wconf 88' lang='lat'><strong><em>«</em></strong></span> <span class='ocrx_word' id='word_1_488' title='bbox 2563 1697 2848 1760; x_wconf 69' lang='lat' dir='ltr'>Quaenam</span> <span class='ocrx_word' id='word_1_489' title='bbox 2899 1697 3074 1752; x_wconf 89' lang='lat' dir='ltr'>nobis</span> <span class='ocrx_word' id='word_1_490' title='bbox 3127 1714 3437 1754; x_wconf 89' lang='lat' dir='ltr'>armorum</span> 
     </span>
    </p>
   </div>
   <div class='ocr_carea' id='block_1_69' title="bbox 1280 1783 1694 1858">
    <p class='ocr_par' dir='ltr' id='par_1_69' title="bbox 1280 1785 1670 1858">
     <span class='ocr_line' id='line_1_69' title="bbox 1280 1785 1670 1858; baseline 0.01 -23"><span class='ocrx_word' id='word_1_491' title='bbox 1280 1785 1670 1858; x_wconf 77' lang='grc' dir='ltr'>συνειλεγμένοι,</span> 
     </span>
    </p>
   </div>
   <div class='ocr_carea' id='block_1_70' title="bbox 1787 1783 3438 1858">
    <p class='ocr_par' dir='ltr' id='par_1_70' title="bbox 1787 1783 3438 1857">
     <span class='ocr_line' id='line_1_70' title="bbox 1787 1783 3438 1857; baseline 0.001 -16"><span class='ocrx_word' id='word_1_492' title='bbox 1787 1785 2021 1855; x_wconf 81' lang='lat' dir='ltr'>fulgura</span> <span class='ocrx_word' id='word_1_493' title='bbox 2043 1785 2196 1839; x_wconf 88' lang='lat' dir='ltr'>vires</span> <span class='ocrx_word' id='word_1_494' title='bbox 2219 1783 2474 1852; x_wconf 84' lang='lat' dir='ltr'>subegit,</span> <span class='ocrx_word' id='word_1_495' title='bbox 2502 1789 2606 1838; x_wconf 89' lang='lat' dir='ltr'>aut</span> <span class='ocrx_word' id='word_1_496' title='bbox 2623 1788 2770 1856; x_wconf 90' lang='lat' dir='ltr'>quot</span> <span class='ocrx_word' id='word_1_497' title='bbox 2789 1785 3054 1856; x_wconf 87' lang='lat' dir='ltr'>equitum</span> <span class='ocrx_word' id='word_1_498' title='bbox 3106 1786 3438 1857; x_wconf 87' lang='lat' dir='ltr'>phalanges</span> 
     </span>
    </p>
   </div>
   <div class='ocr_carea' id='block_1_71' title="bbox 1784 1871 3440 1944">
    <p class='ocr_par' dir='ltr' id='par_1_71' title="bbox 1784 1871 3440 1944">
     <span class='ocr_line' id='line_1_71' title="bbox 1784 1871 3440 1944; baseline 0.001 -13"><span class='ocrx_word' id='word_1_499' title='bbox 1784 1879 1868 1932; x_wconf 89' lang='lat' dir='ltr'>tot</span> <span class='ocrx_word' id='word_1_500' title='bbox 1893 1874 2240 1929; x_wconf 85' lang='lat' dir='ltr'>devicerunt</span> <span class='ocrx_word' id='word_1_501' title='bbox 2276 1872 2303 1927; x_wconf 84' lang='lat'><strong>?</strong></span> <span class='ocrx_word' id='word_1_502' title='bbox 2332 1871 2439 1926; x_wconf 88' lang='lat' dir='ltr'>sed</span> <span class='ocrx_word' id='word_1_503' title='bbox 2463 1872 2722 1927; x_wconf 88' lang='lat' dir='ltr'>melioris</span> <span class='ocrx_word' id='word_1_504' title='bbox 2746 1873 3024 1944; x_wconf 68' lang='lat' dir='ltr'>praesidio</span> <span class='ocrx_word' id='word_1_505' title='bbox 3060 1874 3337 1931; x_wconf 90' lang='lat' dir='ltr'>facillime</span> <span class='ocrx_word' id='word_1_506' title='bbox 3382 1879 3440 1933; x_wconf 86' lang='lat' dir='ltr'>et</span> 
     </span>
    </p>
   </div>
   <div class='ocr_carea' id='block_1_72' title="bbox 1785 1961 3437 2038">
    <p class='ocr_par' dir='ltr' id='par_1_72' title="bbox 1785 1961 3437 2038">
     <span class='ocr_line' id='line_1_72' title="bbox 1785 1961 3437 2038; baseline 0 -18"><span class='ocrx_word' id='word_1_507' title='bbox 1785 1981 1920 2038; x_wconf 82' lang='lat' dir='ltr'>quae</span> <span class='ocrx_word' id='word_1_508' title='bbox 1950 1963 2049 2019; x_wconf 85' lang='lat' dir='ltr'>vix</span> <span class='ocrx_word' id='word_1_509' title='bbox 2078 1977 2349 2034; x_wconf 90' lang='lat' dir='ltr'>unquam</span> <span class='ocrx_word' id='word_1_510' title='bbox 2381 1961 2536 2016; x_wconf 89' lang='lat' dir='ltr'>vinci</span> <span class='ocrx_word' id='word_1_511' title='bbox 2563 1965 2836 2032; x_wconf 89' lang='lat' dir='ltr'>poterant</span> <span class='ocrx_word' id='word_1_512' title='bbox 2856 1962 3249 2034; x_wconf 89' lang='lat' dir='ltr'>depellantur.</span> <span class='ocrx_word' id='word_1_513' title='bbox 3292 1965 3437 2020; x_wconf 89' lang='lat' dir='ltr'>Hinc</span> 
     </span>
    </p>
   </div>
   <div class='ocr_carea' id='block_1_73' title="bbox 1783 2048 3438 2120">
    <p class='ocr_par' dir='ltr' id='par_1_73' title="bbox 1783 2048 3438 2120">
     <span class='ocr_line' id='line_1_73' title="bbox 1783 2048 3438 2120; baseline -0.001 -12"><span class='ocrx_word' id='word_1_514' title='bbox 1783 2052 2165 2108; x_wconf 87' lang='lat' dir='ltr'>verissimum</span> <span class='ocrx_word' id='word_1_515' title='bbox 2187 2055 2271 2105; x_wconf 93' lang='lat' dir='ltr'>est</span> <span class='ocrx_word' id='word_1_516' title='bbox 2295 2048 2456 2105; x_wconf 90' lang='lat' dir='ltr'>Pauli</span> <span class='ocrx_word' id='word_1_517' title='bbox 2482 2049 2738 2120; x_wconf 88' lang='lat' dir='ltr'>apostoli</span> <span class='ocrx_word' id='word_1_518' title='bbox 2757 2049 3003 2116; x_wconf 85' lang='lat' dir='ltr'>dictum,</span> <span class='ocrx_word' id='word_1_519' title='bbox 3019 2067 3141 2107; x_wconf 91' lang='lat' dir='ltr'>non</span> <span class='ocrx_word' id='word_1_520' title='bbox 3162 2068 3294 2106; x_wconf 88' lang='lat' dir='ltr'>esse</span> <span class='ocrx_word' id='word_1_521' title='bbox 3308 2068 3438 2107; x_wconf 92' lang='lat' dir='ltr'>cur-</span> 
     </span>
    </p>
   </div>
   <div class='ocr_carea' id='block_1_74' title="bbox 1785 2137 3436 2212">
    <p class='ocr_par' dir='ltr' id='par_1_74' title="bbox 1785 2137 3436 2212">
     <span class='ocr_line' id='line_1_74' title="bbox 1785 2137 3436 2212; baseline -0.001 -14"><span class='ocrx_word' id='word_1_522' title='bbox 1785 2141 1966 2198; x_wconf 91' lang='lat' dir='ltr'>rentis</span> <span class='ocrx_word' id='word_1_523' title='bbox 1987 2155 2177 2212; x_wconf 91' lang='lat' dir='ltr'>neque</span> <span class='ocrx_word' id='word_1_524' title='bbox 2208 2137 2762 2211; x_wconf 88' lang='lat' dir='ltr'>persequentis,sed</span> <span class='ocrx_word' id='word_1_525' title='bbox 2784 2138 3042 2194; x_wconf 90' lang='lat' dir='ltr'>illiuscui</span> <span class='ocrx_word' id='word_1_526' title='bbox 3061 2142 3211 2195; x_wconf 86' lang='lat' dir='ltr'>Deus</span> <span class='ocrx_word' id='word_1_527' title='bbox 3256 2142 3436 2197; x_wconf 92' lang='lat' dir='ltr'>bene-</span> 
     </span>
    </p>
   </div>
   <div class='ocr_carea' id='block_1_75' title="bbox 1785 2228 3435 2304">
    <p class='ocr_par' dir='ltr' id='par_1_75' title="bbox 1785 2228 3435 2304">
     <span class='ocr_line' id='line_1_75' title="bbox 1785 2228 3435 2304; baseline -0.001 -18"><span class='ocrx_word' id='word_1_528' title='bbox 1785 2230 2003 2304; x_wconf 88' lang='lat' dir='ltr'>placito</span> <span class='ocrx_word' id='word_1_529' title='bbox 2017 2244 2126 2284; x_wconf 90' lang='lat' dir='ltr'>suo</span> <span class='ocrx_word' id='word_1_530' title='bbox 2147 2228 2527 2284; x_wconf 89' lang='lat' dir='ltr'>concesserit.</span> <span class='ocrx_word' id='word_1_531' title='bbox 2551 2229 2900 2299; x_wconf 85' lang='lat' dir='ltr'>»Propterea</span> <span class='ocrx_word' id='word_1_532' title='bbox 2916 2228 3100 2284; x_wconf 91' lang='lat' dir='ltr'>duces</span> <span class='ocrx_word' id='word_1_533' title='bbox 3113 2230 3435 2286; x_wconf 83' lang='lat' dir='ltr'>exercitum</span> 
     </span>
    </p>
   </div>
   <div class='ocr_carea' id='block_1_76' title="bbox 1785 2316 3436 2398">
    <p class='ocr_par' dir='ltr' id='par_1_76' title="bbox 1785 2316 3436 2398">
     <span class='ocr_line' id='line_1_76' title="bbox 1785 2316 3436 2398; baseline -0.002 -20"><span class='ocrx_word' id='word_1_534' title='bbox 1785 2335 1982 2392; x_wconf 82' lang='lat' dir='ltr'>neque</span> <span class='ocrx_word' id='word_1_535' title='bbox 2003 2317 2293 2374; x_wconf 89' lang='lat' dir='ltr'>laudandi</span> <span class='ocrx_word' id='word_1_536' title='bbox 2306 2332 2500 2388; x_wconf 87' lang='lat' dir='ltr'>neque</span> <span class='ocrx_word' id='word_1_537' title='bbox 2516 2316 2892 2398; x_wconf 63' lang='lat' dir='ltr'>vituperandi</span> <span class='ocrx_word' id='word_1_538' title='bbox 2917 2321 3073 2373; x_wconf 90' lang='lat' dir='ltr'>sunt.</span> <span class='ocrx_word' id='word_1_539' title='bbox 3091 2318 3248 2374; x_wconf 90' lang='lat' dir='ltr'>Multi</span> <span class='ocrx_word' id='word_1_540' title='bbox 3263 2335 3436 2375; x_wconf 76' lang='lat' dir='ltr'>nam-</span> 
     </span>
    </p>
   </div>
   <div class='ocr_carea' id='block_1_77' title="bbox 1786 2407 3437 2483">
    <p class='ocr_par' dir='ltr' id='par_1_77' title="bbox 1786 2407 3437 2483">
     <span class='ocr_line' id='line_1_77' title="bbox 1786 2407 3437 2483; baseline -0.001 -17"><span class='ocrx_word' id='word_1_541' title='bbox 1786 2427 1903 2483; x_wconf 90' lang='lat' dir='ltr'>que</span> <span class='ocrx_word' id='word_1_542' title='bbox 1915 2409 2227 2480; x_wconf 89' lang='lat' dir='ltr'>diligenter</span> <span class='ocrx_word' id='word_1_543' title='bbox 2239 2424 2308 2463; x_wconf 88' lang='lat' dir='ltr'>ac</span> <span class='ocrx_word' id='word_1_544' title='bbox 2322 2407 2645 2478; x_wconf 91' lang='lat' dir='ltr'>prudenter</span> <span class='ocrx_word' id='word_1_545' title='bbox 2659 2411 2950 2462; x_wconf 88' lang='lat' dir='ltr'>certantes</span> <span class='ocrx_word' id='word_1_546' title='bbox 2961 2407 3098 2462; x_wconf 89' lang='lat' dir='ltr'>dum</span> <span class='ocrx_word' id='word_1_547' title='bbox 3113 2409 3437 2465; x_wconf 89' lang='lat' dir='ltr'>animosius</span> 
     </span>
    </p>
   </div>
   <div class='ocr_carea' id='block_1_78' title="bbox 1787 2495 3430 2573">
    <p class='ocr_par' dir='ltr' id='par_1_78' title="bbox 1787 2495 3430 2573">
     <span class='ocr_line' id='line_1_78' title="bbox 1787 2495 3430 2573; baseline -0.001 -19"><span class='ocrx_word' id='word_1_548' title='bbox 1787 2500 1906 2573; x_wconf 71' lang='grc'>84</span> <span class='ocrx_word' id='word_1_549' title='bbox 1937 2515 2062 2554; x_wconf 89' lang='lat' dir='ltr'>rem</span> <span class='ocrx_word' id='word_1_550' title='bbox 2100 2501 2417 2570; x_wconf 88' lang='lat' dir='ltr'>peragunt,</span> <span class='ocrx_word' id='word_1_551' title='bbox 2457 2511 2674 2568; x_wconf 89' lang='lat' dir='ltr'>parum</span> <span class='ocrx_word' id='word_1_552' title='bbox 2711 2500 2813 2551; x_wconf 91' lang='lat' dir='ltr'>aut</span> <span class='ocrx_word' id='word_1_553' title='bbox 2837 2495 2981 2550; x_wconf 89' lang='lat' dir='ltr'>nihil</span> <span class='ocrx_word' id='word_1_554' title='bbox 3033 2495 3430 2568; x_wconf 79' lang='lat' dir='ltr'>profecerunt,</span> 
     </span>
    </p>
   </div>
   <div class='ocr_carea' id='block_1_79' title="bbox 1789 2585 3436 2662">
    <p class='ocr_par' dir='ltr' id='par_1_79' title="bbox 1789 2585 3436 2662">
     <span class='ocr_line' id='line_1_79' title="bbox 1789 2585 3436 2662; baseline -0.002 -17"><span class='ocrx_word' id='word_1_555' title='bbox 1789 2589 2055 2662; x_wconf 89' lang='lat' dir='ltr'>plerique</span> <span class='ocrx_word' id='word_1_556' title='bbox 2076 2587 2247 2642; x_wconf 88' lang='lat' dir='ltr'>etiam</span> <span class='ocrx_word' id='word_1_557' title='bbox 2270 2601 2516 2657; x_wconf 85' lang='lat' dir='ltr'>Operum</span> <span class='ocrx_word' id='word_1_558' title='bbox 2540 2588 2598 2640; x_wconf 91' lang='lat' dir='ltr'>et</span> <span class='ocrx_word' id='word_1_559' title='bbox 2617 2585 2810 2640; x_wconf 89' lang='lat' dir='ltr'>oleum</span> <span class='ocrx_word' id='word_1_560' title='bbox 2833 2589 2897 2640; x_wconf 92' lang='lat' dir='ltr'>ut</span> <span class='ocrx_word' id='word_1_561' title='bbox 2945 2585 3271 2657; x_wconf 89' lang='lat' dir='ltr'>plurimum</span> <span class='ocrx_word' id='word_1_562' title='bbox 3302 2601 3436 2658; x_wconf 88' lang='lat' dir='ltr'>per-</span> 
     </span>
    </p>
   </div>
   <div class='ocr_carea' id='block_1_80' title="bbox 1785 2672 3438 2745">
    <p class='ocr_par' dir='ltr' id='par_1_80' title="bbox 1785 2672 3438 2745">
     <span class='ocr_line' id='line_1_80' title="bbox 1785 2672 3438 2745; baseline -0.002 -11"><span class='ocrx_word' id='word_1_563' title='bbox 1785 2679 2066 2734; x_wconf 87' lang='lat' dir='ltr'>diderunt</span> <span class='ocrx_word' id='word_1_564' title='bbox 2099 2693 2111 2730; x_wconf 92' lang='lat'><strong>:</strong></span> <span class='ocrx_word' id='word_1_565' title='bbox 2153 2674 2251 2730; x_wconf 90' lang='lat' dir='ltr'>alii</span> <span class='ocrx_word' id='word_1_566' title='bbox 2283 2674 2548 2729; x_wconf 91' lang='lat' dir='ltr'>secunda</span> <span class='ocrx_word' id='word_1_567' title='bbox 2580 2672 2706 2729; x_wconf 85' lang='lat' dir='ltr'>freti</span> <span class='ocrx_word' id='word_1_568' title='bbox 2735 2673 2972 2729; x_wconf 86' lang='lat' dir='ltr'>fortuna</span> <span class='ocrx_word' id='word_1_569' title='bbox 3005 2679 3266 2745; x_wconf 82' lang='lat' dir='ltr'>segniter</span> <span class='ocrx_word' id='word_1_570' title='bbox 3287 2690 3349 2729; x_wconf 91' lang='lat' dir='ltr'>se</span> <span class='ocrx_word' id='word_1_571' title='bbox 3375 2675 3438 2730; x_wconf 90' lang='lat' dir='ltr'>in</span> 
     </span>
    </p>
   </div>
   <div class='ocr_carea' id='block_1_81' title="bbox 1784 2763 3439 2836">
    <p class='ocr_par' dir='ltr' id='par_1_81' title="bbox 1784 2763 3439 2836">
     <span class='ocr_line' id='line_1_81' title="bbox 1784 2763 3439 2836; baseline -0.001 -14"><span class='ocrx_word' id='word_1_572' title='bbox 1784 2764 2213 2836; x_wconf 90' lang='lat' dir='ltr'>rebusagendis</span> <span class='ocrx_word' id='word_1_573' title='bbox 2226 2763 2878 2834; x_wconf 88' lang='lat' dir='ltr'>occupantes,ingentia</span> <span class='ocrx_word' id='word_1_574' title='bbox 2895 2769 3119 2834; x_wconf 67' lang='lat' dir='ltr'>tropaea</span> <span class='ocrx_word' id='word_1_575' title='bbox 3133 2764 3439 2820; x_wconf 89' lang='lat' dir='ltr'>consecuti</span> 
     </span>
    </p>
   </div>
   <div class='ocr_carea' id='block_1_82' title="bbox 1786 2851 3438 2926">
    <p class='ocr_par' dir='ltr' id='par_1_82' title="bbox 1786 2851 3438 2926">
     <span class='ocr_line' id='line_1_82' title="bbox 1786 2851 3438 2926; baseline -0.002 -14"><span class='ocrx_word' id='word_1_576' title='bbox 1786 2860 1941 2926; x_wconf 90' lang='lat' dir='ltr'>sunt,</span> <span class='ocrx_word' id='word_1_577' title='bbox 1968 2855 2050 2910; x_wconf 88' lang='lat' dir='ltr'>uti</span> <span class='ocrx_word' id='word_1_578' title='bbox 2080 2859 2220 2908; x_wconf 92' lang='lat' dir='ltr'>tunc</span> <span class='ocrx_word' id='word_1_579' title='bbox 2249 2852 2591 2923; x_wconf 82' lang='lat' dir='ltr'>imperatori</span> <span class='ocrx_word' id='word_1_580' title='bbox 2629 2851 2845 2906; x_wconf 87' lang='lat' dir='ltr'>Joanni</span> <span class='ocrx_word' id='word_1_581' title='bbox 2887 2852 3120 2913; x_wconf 88' lang='lat' dir='ltr'>accidit,</span> <span class='ocrx_word' id='word_1_582' title='bbox 3149 2853 3253 2923; x_wconf 91' lang='lat' dir='ltr'>qni</span> <span class='ocrx_word' id='word_1_583' title='bbox 3279 2853 3438 2908; x_wconf 87' lang='lat' dir='ltr'>nulla</span> 
     </span>
    </p>
   </div>
   <div class='ocr_carea' id='block_1_83' title="bbox 1787 2939 3437 3012">
    <p class='ocr_par' dir='ltr' id='par_1_83' title="bbox 1787 2939 3437 3012">
     <span class='ocr_line' id='line_1_83' title="bbox 1787 2939 3437 3012; baseline -0.002 -12"><span class='ocrx_word' id='word_1_584' title='bbox 1787 2960 1959 3000; x_wconf 89' lang='lat' dir='ltr'>mora</span> <span class='ocrx_word' id='word_1_585' title='bbox 1987 2943 2312 2998; x_wconf 87' lang='lat' dir='ltr'>multarum</span> <span class='ocrx_word' id='word_1_586' title='bbox 2337 2941 2576 2996; x_wconf 86' lang='lat' dir='ltr'>urbium</span> <span class='ocrx_word' id='word_1_587' title='bbox 2603 2939 3049 3012; x_wconf 91' lang='lat' dir='ltr'>multorumque</span> <span class='ocrx_word' id='word_1_588' title='bbox 3073 2941 3437 3012; x_wconf 90' lang='lat' dir='ltr'>oppidorum</span> 
     </span>
    </p>
   </div>
   <div class='ocr_carea' id='block_1_84' title="bbox 1787 3029 3438 3105">
    <p class='ocr_par' dir='ltr' id='par_1_84' title="bbox 1787 3029 3438 3105">
     <span class='ocr_line' id='line_1_84' title="bbox 1787 3029 3438 3105; baseline -0.003 -16"><span class='ocrx_word' id='word_1_589' title='bbox 1787 3033 2014 3105; x_wconf 87' lang='lat' dir='ltr'>absque</span> <span class='ocrx_word' id='word_1_590' title='bbox 2043 3031 2164 3086; x_wconf 93' lang='lat' dir='ltr'>ullo</span> <span class='ocrx_word' id='word_1_591' title='bbox 2184 3029 2413 3102; x_wconf 64' lang='lat' dir='ltr'>proelio,</span> <span class='ocrx_word' id='word_1_592' title='bbox 2438 3029 2670 3100; x_wconf 89' lang='lat' dir='ltr'>absque</span> <span class='ocrx_word' id='word_1_593' title='bbox 2702 3029 2880 3083; x_wconf 89' lang='lat' dir='ltr'>ullius</span> <span class='ocrx_word' id='word_1_594' title='bbox 2910 3030 3096 3097; x_wconf 66' lang='lat' dir='ltr'>caede,</span> <span class='ocrx_word' id='word_1_595' title='bbox 3132 3031 3268 3086; x_wconf 89' lang='lat' dir='ltr'>sine</span> <span class='ocrx_word' id='word_1_596' title='bbox 3291 3029 3438 3084; x_wconf 74' lang='lat' dir='ltr'><strong>eﬂ‘u-</strong></span> 
     </span>
    </p>
   </div>
   <div class='ocr_carea' id='block_1_85' title="bbox 1709 3117 3436 3206">
    <p class='ocr_par' dir='ltr' id='par_1_85' title="bbox 1709 3117 3436 3206">
     <span class='ocr_line' id='line_1_85' title="bbox 1709 3117 3436 3206; baseline -0.002 -28"><span class='ocrx_word' id='word_1_597' title='bbox 1709 3150 1749 3206; x_wconf 68' lang='grc' dir='ltr'>ρ</span> <span class='ocrx_word' id='word_1_598' title='bbox 1787 3123 1953 3178; x_wconf 89' lang='lat' dir='ltr'>sione</span> <span class='ocrx_word' id='word_1_599' title='bbox 1984 3119 2316 3189; x_wconf 86' lang='lat' dir='ltr'>sanguinis,</span> <span class='ocrx_word' id='word_1_600' title='bbox 2346 3118 2472 3174; x_wconf 90' lang='lat' dir='ltr'>sine</span> <span class='ocrx_word' id='word_1_601' title='bbox 2507 3117 2689 3188; x_wconf 90' lang='lat' dir='ltr'>gladii</span> <span class='ocrx_word' id='word_1_602' title='bbox 2732 3118 2793 3172; x_wconf 91' lang='lat' dir='ltr'>in</span> <span class='ocrx_word' id='word_1_603' title='bbox 2833 3133 3052 3190; x_wconf 89' lang='lat' dir='ltr'>corpus</span> <span class='ocrx_word' id='word_1_604' title='bbox 3101 3118 3436 3174; x_wconf 90' lang='lat' dir='ltr'>humanum</span> 
     </span>
    </p>
   </div>
   <div class='ocr_carea' id='block_1_86' title="bbox 1787 3205 3439 3280">
    <p class='ocr_par' dir='ltr' id='par_1_86' title="bbox 1787 3205 3439 3280">
     <span class='ocr_line' id='line_1_86' title="bbox 1787 3205 3439 3280; baseline -0.003 -13"><span class='ocrx_word' id='word_1_605' title='bbox 1787 3211 2032 3276; x_wconf 58' lang='lat' dir='ltr'>saevitia,</span> <span class='ocrx_word' id='word_1_606' title='bbox 2063 3208 2168 3264; x_wconf 92' lang='lat' dir='ltr'>sed</span> <span class='ocrx_word' id='word_1_607' title='bbox 2189 3207 2424 3280; x_wconf 88' lang='lat' dir='ltr'>placide</span> <span class='ocrx_word' id='word_1_608' title='bbox 2451 3223 2520 3262; x_wconf 92' lang='lat' dir='ltr'>ac</span> <span class='ocrx_word' id='word_1_609' title='bbox 2543 3205 2739 3278; x_wconf 87' lang='lat' dir='ltr'>quiete</span> <span class='ocrx_word' id='word_1_610' title='bbox 2767 3211 2822 3262; x_wconf 91' lang='lat' dir='ltr'>et</span> <span class='ocrx_word' id='word_1_611' title='bbox 2848 3207 2976 3262; x_wconf 88' lang='lat' dir='ltr'>sine</span> <span class='ocrx_word' id='word_1_612' title='bbox 3021 3207 3260 3277; x_wconf 90' lang='lat' dir='ltr'>sudore,</span> <span class='ocrx_word' id='word_1_613' title='bbox 3293 3223 3363 3262; x_wconf 86' lang='lat' dir='ltr'>ac</span> <span class='ocrx_word' id='word_1_614' title='bbox 3387 3207 3439 3263; x_wconf 87' lang='lat' dir='ltr'>si</span> 
     </span>
    </p>
   </div>
   <div class='ocr_carea' id='block_1_87' title="bbox 1787 3295 3439 3369">
    <p class='ocr_par' dir='ltr' id='par_1_87' title="bbox 1787 3295 3439 3369">
     <span class='ocr_line' id='line_1_87' title="bbox 1787 3295 3439 3369; baseline -0.003 -12"><span class='ocrx_word' id='word_1_615' title='bbox 1787 3301 1846 3356; x_wconf 91' lang='lat' dir='ltr'>in</span> <span class='ocrx_word' id='word_1_616' title='bbox 1867 3298 2274 3356; x_wconf 70' lang='lat' dir='ltr'>haereditatem</span> <span class='ocrx_word' id='word_1_617' title='bbox 2296 3300 2611 3369; x_wconf 87' lang='lat' dir='ltr'>paternam</span> <span class='ocrx_word' id='word_1_618' title='bbox 2633 3295 3064 3362; x_wconf 90' lang='lat' dir='ltr'>immitteretur,</span> <span class='ocrx_word' id='word_1_619' title='bbox 3080 3295 3439 3352; x_wconf 88' lang='lat' dir='ltr'>dominatio-</span> 
     </span>
    </p>
   </div>
   <div class='ocr_carea' id='block_1_88' title="bbox 1784 3384 3436 3460">
    <p class='ocr_par' dir='ltr' id='par_1_88' title="bbox 1784 3384 3436 3460">
     <span class='ocr_line' id='line_1_88' title="bbox 1784 3384 3436 3460; baseline -0.004 -14"><span class='ocrx_word' id='word_1_620' title='bbox 1784 3405 1924 3446; x_wconf 90' lang='lat' dir='ltr'>nem</span> <span class='ocrx_word' id='word_1_621' title='bbox 1946 3388 2200 3460; x_wconf 89' lang='lat' dir='ltr'>adeptus</span> <span class='ocrx_word' id='word_1_622' title='bbox 2231 3389 2337 3442; x_wconf 89' lang='lat' dir='ltr'>est.</span> <span class='ocrx_word' id='word_1_623' title='bbox 2361 3384 2778 3440; x_wconf 88' lang='lat' dir='ltr'>Stenimachus</span> <span class='ocrx_word' id='word_1_624' title='bbox 2809 3384 2968 3440; x_wconf 90' lang='lat' dir='ltr'>enim</span> <span class='ocrx_word' id='word_1_625' title='bbox 3026 3388 3082 3441; x_wconf 95' lang='lat' dir='ltr'>et</span> <span class='ocrx_word' id='word_1_626' title='bbox 3126 3387 3436 3457; x_wconf 67' lang='lat' dir='ltr'>Tzepaana,</span> 
     </span>
    </p>
   </div>
   <div class='ocr_carea' id='block_1_89' title="bbox 1785 3473 3441 3551">
    <p class='ocr_par' dir='ltr' id='par_1_89' title="bbox 1785 3473 3441 3551">
     <span class='ocr_line' id='line_1_89' title="bbox 1785 3473 3441 3551; baseline -0.004 -16"><span class='ocrx_word' id='word_1_627' title='bbox 1785 3483 1840 3535; x_wconf 91' lang='lat' dir='ltr'>et</span> <span class='ocrx_word' id='word_1_628' title='bbox 1873 3481 2169 3551; x_wconf 88' lang='lat' dir='ltr'>quotquot</span> <span class='ocrx_word' id='word_1_629' title='bbox 2195 3475 2514 3546; x_wconf 83' lang='lat' dir='ltr'>Rhodopes</span> <span class='ocrx_word' id='word_1_630' title='bbox 2557 3475 2750 3530; x_wconf 90' lang='lat' dir='ltr'>monti</span> <span class='ocrx_word' id='word_1_631' title='bbox 2797 3473 3090 3546; x_wconf 89' lang='lat' dir='ltr'>oppidula</span> <span class='ocrx_word' id='word_1_632' title='bbox 3147 3475 3441 3546; x_wconf 89' lang='lat' dir='ltr'>cujusque</span> 
     </span>
    </p>
   </div>
   <div class='ocr_carea' id='block_1_90' title="bbox 1786 3563 3441 3639">
    <p class='ocr_par' dir='ltr' id='par_1_90' title="bbox 1786 3563 3441 3639">
     <span class='ocr_line' id='line_1_90' title="bbox 1786 3563 3441 3639; baseline -0.004 -15"><span class='ocrx_word' id='word_1_633' title='bbox 1786 3568 2086 3639; x_wconf 87' lang='lat' dir='ltr'>adjacent,</span> <span class='ocrx_word' id='word_1_634' title='bbox 2124 3563 2437 3620; x_wconf 89' lang='lat' dir='ltr'>tributaria</span> <span class='ocrx_word' id='word_1_635' title='bbox 2453 3563 2688 3630; x_wconf 87' lang='lat' dir='ltr'>habuit,</span> <span class='ocrx_word' id='word_1_636' title='bbox 2715 3567 2770 3618; x_wconf 92' lang='lat' dir='ltr'>et</span> <span class='ocrx_word' id='word_1_637' title='bbox 2790 3563 3165 3635; x_wconf 90' lang='lat' dir='ltr'>imperatoris</span> <span class='ocrx_word' id='word_1_638' title='bbox 3186 3579 3257 3619; x_wconf 92' lang='lat' dir='ltr'>ac</span> <span class='ocrx_word' id='word_1_639' title='bbox 3309 3563 3441 3618; x_wconf 91' lang='lat' dir='ltr'>Bul-</span> 
     </span>
    </p>
   </div>
   <div class='ocr_carea' id='block_1_91' title="bbox 1786 3650 3444 3726">
    <p class='ocr_par' dir='ltr' id='par_1_91' title="bbox 1786 3650 3444 3726">
     <span class='ocr_line' id='line_1_91' title="bbox 1786 3650 3444 3726; baseline -0.003 -14"><span class='ocrx_word' id='word_1_640' title='bbox 1786 3671 2068 3726; x_wconf 88' lang='lat' dir='ltr'>garorum</span> <span class='ocrx_word' id='word_1_641' title='bbox 2095 3654 2246 3708; x_wconf 89' lang='lat' dir='ltr'>ﬁnes</span> <span class='ocrx_word' id='word_1_642' title='bbox 2274 3653 2506 3708; x_wconf 86' lang='lat' dir='ltr'>Hebrus</span> <span class='ocrx_word' id='word_1_643' title='bbox 2522 3652 2745 3707; x_wconf 90' lang='lat' dir='ltr'>ﬂuvius</span> <span class='ocrx_word' id='word_1_644' title='bbox 2761 3653 3114 3708; x_wconf 89' lang='lat' dir='ltr'>terminavit.</span> <span class='ocrx_word' id='word_1_645' title='bbox 3143 3656 3202 3708; x_wconf 92' lang='lat' dir='ltr'>In</span> <span class='ocrx_word' id='word_1_646' title='bbox 3221 3650 3444 3708; x_wconf 88' lang='lat' dir='ltr'>Boreali</span> 
     </span>
    </p>
   </div>
   <div class='ocr_carea' id='block_1_92' title="bbox 1783 3741 3446 3819">
    <p class='ocr_par' dir='ltr' id='par_1_92' title="bbox 1783 3741 3446 3819">
     <span class='ocr_line' id='line_1_92' title="bbox 1783 3741 3446 3819; baseline -0.003 -18"><span class='ocrx_word' id='word_1_647' title='bbox 1783 3746 1965 3819; x_wconf 90' lang='lat' dir='ltr'>plaga</span> <span class='ocrx_word' id='word_1_648' title='bbox 1990 3743 2347 3814; x_wconf 89' lang='lat' dir='ltr'>Stumpium,</span> <span class='ocrx_word' id='word_1_649' title='bbox 2375 3741 2697 3806; x_wconf 89' lang='lat' dir='ltr'>Chotobos,</span> <span class='ocrx_word' id='word_1_650' title='bbox 2731 3745 2923 3798; x_wconf 86' lang='lat' dir='ltr'>castra</span> <span class='ocrx_word' id='word_1_651' title='bbox 2968 3741 3296 3797; x_wconf 89' lang='lat' dir='ltr'>munitione</span> <span class='ocrx_word' id='word_1_652' title='bbox 3343 3757 3446 3796; x_wconf 86' lang='lat' dir='ltr'>va-</span> 
     </span>
    </p>
   </div>
   <div class='ocr_carea' id='block_1_93' title="bbox 1785 3831 3443 3902">
    <p class='ocr_par' dir='ltr' id='par_1_93' title="bbox 1785 3831 3443 3902">
     <span class='ocr_line' id='line_1_93' title="bbox 1785 3831 3443 3902; baseline -0.004 -12"><span class='ocrx_word' id='word_1_653' title='bbox 1785 3835 1926 3901; x_wconf 92' lang='lat' dir='ltr'>lida,</span> <span class='ocrx_word' id='word_1_654' title='bbox 1958 3838 2013 3889; x_wconf 89' lang='lat' dir='ltr'>et</span> <span class='ocrx_word' id='word_1_655' title='bbox 2043 3831 2348 3888; x_wconf 84' lang='lat' dir='ltr'>Belebudii</span> <span class='ocrx_word' id='word_1_656' title='bbox 2382 3833 2544 3886; x_wconf 92' lang='lat' dir='ltr'>locus</span> <span class='ocrx_word' id='word_1_657' title='bbox 2575 3832 2952 3902; x_wconf 88' lang='lat' dir='ltr'>imperatoris</span> <span class='ocrx_word' id='word_1_658' title='bbox 2977 3834 3302 3896; x_wconf 89' lang='lat' dir='ltr'>cesserant,</span> <span class='ocrx_word' id='word_1_659' title='bbox 3333 3845 3443 3884; x_wconf 92' lang='lat' dir='ltr'>nec</span> 
     </span>
    </p>
   </div>
   <div class='ocr_carea' id='block_1_94' title="bbox 1785 3918 3444 3994">
    <p class='ocr_par' dir='ltr' id='par_1_94' title="bbox 1785 3918 3444 3994">
     <span class='ocr_line' id='line_1_94' title="bbox 1785 3918 3444 3994; baseline -0.004 -15"><span class='ocrx_word' id='word_1_660' title='bbox 1785 3939 1907 3981; x_wconf 89' lang='lat' dir='ltr'>non</span> <span class='ocrx_word' id='word_1_661' title='bbox 1940 3923 2155 3994; x_wconf 89' lang='lat' dir='ltr'>Scopia</span> <span class='ocrx_word' id='word_1_662' title='bbox 2173 3927 2228 3977; x_wconf 89' lang='lat' dir='ltr'>et</span> <span class='ocrx_word' id='word_1_663' title='bbox 2260 3919 2502 3976; x_wconf 89' lang='lat' dir='ltr'>Belesus</span> <span class='ocrx_word' id='word_1_664' title='bbox 2529 3924 2865 3990; x_wconf 69' lang='lat' dir='ltr'>caateraque</span> <span class='ocrx_word' id='word_1_665' title='bbox 2901 3934 3095 3990; x_wconf 89' lang='lat' dir='ltr'>usque</span> <span class='ocrx_word' id='word_1_666' title='bbox 3137 3918 3444 3988; x_wconf 89' lang='lat' dir='ltr'>Prilapum</span> 
     </span>
    </p>
   </div>
   <div class='ocr_carea' id='block_1_95' title="bbox 1788 4007 3448 4080">
    <p class='ocr_par' dir='ltr' id='par_1_95' title="bbox 1788 4007 3448 4080">
     <span class='ocr_line' id='line_1_95' title="bbox 1788 4007 3448 4080; baseline -0.004 -12"><span class='ocrx_word' id='word_1_667' title='bbox 1788 4018 1843 4069; x_wconf 93' lang='lat' dir='ltr'>et</span> <span class='ocrx_word' id='word_1_668' title='bbox 1866 4010 2219 4080; x_wconf 88' lang='lat' dir='ltr'>Pelagonios</span> <span class='ocrx_word' id='word_1_669' title='bbox 2250 4024 2427 4078; x_wconf 86' lang='lat' dir='ltr'>agros</span> <span class='ocrx_word' id='word_1_670' title='bbox 2463 4028 2475 4076; x_wconf 92' lang='lat'><strong>;</strong></span> <span class='ocrx_word' id='word_1_671' title='bbox 2513 4009 2655 4063; x_wconf 88' lang='lat' dir='ltr'>item</span> <span class='ocrx_word' id='word_1_672' title='bbox 2681 4007 3063 4078; x_wconf 90' lang='lat' dir='ltr'>Neustapolis</span> <span class='ocrx_word' id='word_1_673' title='bbox 3087 4012 3143 4062; x_wconf 88' lang='lat' dir='ltr'>et</span> <span class='ocrx_word' id='word_1_674' title='bbox 3160 4010 3448 4062; x_wconf 81' lang='lat' dir='ltr'>Prosecus</span> 
     </span>
    </p>
   </div>
   <div class='ocr_carea' id='block_1_96' title="bbox 1789 4095 3447 4170">
    <p class='ocr_par' dir='ltr' id='par_1_96' title="bbox 1789 4095 3447 4170">
     <span class='ocr_line' id='line_1_96' title="bbox 1789 4095 3447 4170; baseline -0.004 -14"><span class='ocrx_word' id='word_1_675' title='bbox 1789 4117 1918 4157; x_wconf 92' lang='lat' dir='ltr'>sese</span> <span class='ocrx_word' id='word_1_676' title='bbox 1944 4100 2342 4170; x_wconf 88' lang='lat' dir='ltr'>subjecerant.</span> <span class='ocrx_word' id='word_1_677' title='bbox 2376 4100 2436 4152; x_wconf 88' lang='lat' dir='ltr'>Et</span> <span class='ocrx_word' id='word_1_678' title='bbox 2465 4112 2646 4168; x_wconf 90' lang='lat' dir='ltr'>super</span> <span class='ocrx_word' id='word_1_679' title='bbox 2676 4096 2770 4151; x_wconf 88' lang='lat' dir='ltr'>his</span> <span class='ocrx_word' id='word_1_680' title='bbox 2804 4095 3200 4165; x_wconf 88' lang='lat' dir='ltr'>Bulgarorum</span> <span class='ocrx_word' id='word_1_681' title='bbox 3256 4111 3359 4150; x_wconf 86' lang='lat' dir='ltr'>rex</span> <span class='ocrx_word' id='word_1_682' title='bbox 3389 4098 3447 4150; x_wconf 93' lang='lat' dir='ltr'>et</span> 
     </span>
    </p>
   </div>
   <div class='ocr_carea' id='block_1_97' title="bbox 1787 4185 3446 4264">
    <p class='ocr_par' dir='ltr' id='par_1_97' title="bbox 1787 4185 3446 4264">
     <span class='ocr_line' id='line_1_97' title="bbox 1787 4185 3446 4264; baseline -0.005 -17"><span class='ocrx_word' id='word_1_683' title='bbox 1787 4192 2110 4264; x_wconf 89' lang='lat' dir='ltr'>imperator</span> <span class='ocrx_word' id='word_1_684' title='bbox 2127 4189 2647 4255; x_wconf 89' lang='lat' dir='ltr'>sicconvenerant,</span> <span class='ocrx_word' id='word_1_685' title='bbox 2683 4186 3092 4257; x_wconf 89' lang='lat' dir='ltr'>utimperator</span> <span class='ocrx_word' id='word_1_686' title='bbox 3105 4185 3326 4240; x_wconf 85' lang='lat' dir='ltr'>scilicet</span> <span class='ocrx_word' id='word_1_687' title='bbox 3354 4185 3446 4239; x_wconf 90' lang='lat' dir='ltr'>his</span> 
     </span>
    </p>
   </div>
   <div class='ocr_carea' id='block_1_98' title="bbox 1789 4273 3448 4346">
    <p class='ocr_par' dir='ltr' id='par_1_98' title="bbox 1789 4273 3448 4346">
     <span class='ocr_line' id='line_1_98' title="bbox 1789 4273 3448 4346; baseline -0.006 -10"><span class='ocrx_word' id='word_1_688' title='bbox 1789 4281 1925 4336; x_wconf 90' lang='lat' dir='ltr'>solis</span> <span class='ocrx_word' id='word_1_689' title='bbox 1939 4282 2242 4334; x_wconf 89' lang='lat' dir='ltr'>contentus</span> <span class='ocrx_word' id='word_1_690' title='bbox 2256 4275 2394 4330; x_wconf 87' lang='lat' dir='ltr'>nihil</span> <span class='ocrx_word' id='word_1_691' title='bbox 2408 4275 2649 4330; x_wconf 90' lang='lat' dir='ltr'>ulterius</span> <span class='ocrx_word' id='word_1_692' title='bbox 2666 4279 2993 4330; x_wconf 90' lang='lat' dir='ltr'>attentaret.</span> <span class='ocrx_word' id='word_1_693' title='bbox 3004 4277 3068 4330; x_wconf 89' lang='lat' dir='ltr'>Et</span> <span class='ocrx_word' id='word_1_694' title='bbox 3080 4273 3448 4346; x_wconf 69' lang='lat' dir='ltr'>haecquidem</span> 
     </span>
    </p>
   </div>
   <div class='ocr_carea' id='block_1_99' title="bbox 1786 4363 3448 4440">
    <p class='ocr_par' dir='ltr' id='par_1_99' title="bbox 1786 4363 3448 4440">
     <span class='ocr_line' id='line_1_99' title="bbox 1786 4363 3448 4440; baseline -0.004 -15"><span class='ocrx_word' id='word_1_695' title='bbox 1786 4370 1868 4425; x_wconf 87' lang='lat' dir='ltr'>ita</span> <span class='ocrx_word' id='word_1_696' title='bbox 1900 4373 2143 4440; x_wconf 88' lang='lat' dir='ltr'>peracta</span> <span class='ocrx_word' id='word_1_697' title='bbox 2175 4369 2470 4437; x_wconf 89' lang='lat' dir='ltr'>sunt.lpse</span> <span class='ocrx_word' id='word_1_698' title='bbox 2499 4363 2893 4420; x_wconf 89' lang='lat' dir='ltr'>inscribendis</span> <span class='ocrx_word' id='word_1_699' title='bbox 2916 4363 3181 4436; x_wconf 90' lang='lat' dir='ltr'>epistolis</span> <span class='ocrx_word' id='word_1_700' title='bbox 3199 4378 3448 4436; x_wconf 89' lang='lat' dir='ltr'>operam</span> 
     </span>
    </p>
   </div>
   <div class='ocr_carea' id='block_1_100' title="bbox 1786 4452 3449 4526">
    <p class='ocr_par' dir='ltr' id='par_1_100' title="bbox 1786 4452 3449 4526">
     <span class='ocr_line' id='line_1_100' title="bbox 1786 4452 3449 4526; baseline -0.004 -11"><span class='ocrx_word' id='word_1_701' title='bbox 1786 4457 2094 4514; x_wconf 87' lang='lat' dir='ltr'>navabam</span> <span class='ocrx_word' id='word_1_702' title='bbox 2109 4454 2356 4526; x_wconf 86' lang='lat' dir='ltr'>singulis</span> <span class='ocrx_word' id='word_1_703' title='bbox 2369 4453 2620 4510; x_wconf 89' lang='lat' dir='ltr'>urbibus</span> <span class='ocrx_word' id='word_1_704' title='bbox 2637 4470 2704 4510; x_wconf 91' lang='lat' dir='ltr'>ac</span> <span class='ocrx_word' id='word_1_705' title='bbox 2717 4452 2957 4526; x_wconf 89' lang='lat' dir='ltr'>oppidis</span> <span class='ocrx_word' id='word_1_706' title='bbox 2980 4454 3169 4526; x_wconf 87' lang='lat' dir='ltr'>captis</span> <span class='ocrx_word' id='word_1_707' title='bbox 3183 4453 3449 4509; x_wconf 92' lang='lat' dir='ltr'>scribens</span> 
     </span>
    </p>
   </div>
   <div class='ocr_carea' id='block_1_101' title="bbox 1787 4543 3450 4620">
    <p class='ocr_par' dir='ltr' id='par_1_101' title="bbox 1787 4543 3450 4620">
     <span class='ocr_line' id='line_1_101' title="bbox 1787 4543 3450 4620; baseline -0.003 -16"><span class='ocrx_word' id='word_1_708' title='bbox 1787 4546 2242 4620; x_wconf 86' lang='lat' dir='ltr'>imperatorium</span> <span class='ocrx_word' id='word_1_709' title='bbox 2271 4543 2531 4613; x_wconf 88' lang='lat' dir='ltr'>sigillum</span> <span class='ocrx_word' id='word_1_710' title='bbox 2551 4543 2928 4616; x_wconf 89' lang='lat' dir='ltr'>imprimens.</span> <span class='ocrx_word' id='word_1_711' title='bbox 2949 4546 3217 4616; x_wconf 89' lang='lat' dir='ltr'>Namque</span> <span class='ocrx_word' id='word_1_712' title='bbox 3236 4543 3297 4599; x_wconf 91' lang='lat' dir='ltr'>id</span> <span class='ocrx_word' id='word_1_713' title='bbox 3317 4558 3450 4599; x_wconf 90' lang='lat' dir='ltr'>mor</span> 
     </span>
    </p>
   </div>
   <div class='ocr_carea' id='block_1_102' title="bbox 1788 4632 3452 4706">
    <p class='ocr_par' dir='ltr' id='par_1_102' title="bbox 1788 4632 3452 4706">
     <span class='ocr_line' id='line_1_102' title="bbox 1788 4632 3452 4706; baseline -0.004 -12"><span class='ocrx_word' id='word_1_714' title='bbox 1788 4643 1914 4694; x_wconf 86' lang='lat' dir='ltr'>erat</span> <span class='ocrx_word' id='word_1_715' title='bbox 1928 4639 2335 4692; x_wconf 84' lang='lat' dir='ltr'>Romanorum</span> <span class='ocrx_word' id='word_1_716' title='bbox 2352 4633 2802 4706; x_wconf 89' lang='lat' dir='ltr'>imperatoribus</span> <span class='ocrx_word' id='word_1_717' title='bbox 2815 4649 2923 4705; x_wconf 92' lang='lat' dir='ltr'>per</span> <span class='ocrx_word' id='word_1_718' title='bbox 2941 4633 3164 4689; x_wconf 90' lang='lat' dir='ltr'>litteras</span> <span class='ocrx_word' id='word_1_719' title='bbox 3177 4633 3354 4706; x_wconf 88' lang='lat' dir='ltr'>longe</span> <span class='ocrx_word' id='word_1_720' title='bbox 3365 4632 3452 4688; x_wconf 88' lang='lat' dir='ltr'>di-</span> 
     </span>
    </p>
   </div>
   <div class='ocr_carea' id='block_1_103' title="bbox 1790 4723 3452 4796">
    <p class='ocr_par' dir='ltr' id='par_1_103' title="bbox 1790 4723 3452 4796">
     <span class='ocr_line' id='line_1_103' title="bbox 1790 4723 3452 4796; baseline -0.004 -13"><span class='ocrx_word' id='word_1_721' title='bbox 1790 4725 2084 4784; x_wconf 87' lang='lat' dir='ltr'>stantibus</span> <span class='ocrx_word' id='word_1_722' title='bbox 2116 4724 2355 4796; x_wconf 90' lang='lat' dir='ltr'>egregie</span> <span class='ocrx_word' id='word_1_723' title='bbox 2378 4740 2414 4781; x_wconf 90' lang='lat' dir='ltr'>a</span> <span class='ocrx_word' id='word_1_724' title='bbox 2444 4739 2506 4779; x_wconf 91' lang='lat' dir='ltr'>se</span> <span class='ocrx_word' id='word_1_725' title='bbox 2538 4728 2708 4794; x_wconf 88' lang='lat' dir='ltr'>gesta</span> <span class='ocrx_word' id='word_1_726' title='bbox 2757 4723 3111 4794; x_wconf 86' lang='lat' dir='ltr'>signiﬁcare,</span> <span class='ocrx_word' id='word_1_727' title='bbox 3153 4723 3452 4794; x_wconf 87' lang='lat' dir='ltr'>voluptate</span> 
     </span>
    </p>
   </div>
   <div class='ocr_carea' id='block_1_104' title="bbox 1789 4812 3092 4887">
    <p class='ocr_par' dir='ltr' id='par_1_104' title="bbox 1789 4812 3092 4887">
     <span class='ocr_line' id='line_1_104' title="bbox 1789 4812 3092 4887; baseline -0.005 -15"><span class='ocrx_word' id='word_1_728' title='bbox 1789 4816 1902 4872; x_wconf 91' lang='lat' dir='ltr'>illis</span> <span class='ocrx_word' id='word_1_729' title='bbox 1927 4830 2115 4887; x_wconf 88' lang='lat' dir='ltr'>quam</span> <span class='ocrx_word' id='word_1_730' title='bbox 2147 4814 2259 4887; x_wconf 89' lang='lat' dir='ltr'>ipsi</span> <span class='ocrx_word' id='word_1_731' title='bbox 2302 4813 2733 4886; x_wconf 82' lang='lat' dir='ltr'>experirentur,</span> <span class='ocrx_word' id='word_1_732' title='bbox 2758 4812 3092 4868; x_wconf 70' lang='lat' dir='ltr'>concrliare.</span> 
     </span>
    </p>
   </div>
   <div class='ocr_carea' id='block_1_105' title="bbox 70 4900 3452 4980">
    <p class='ocr_par' dir='ltr' id='par_1_105' title="bbox 70 4900 3452 4980">
     <span class='ocr_line' id='line_1_105' title="bbox 70 4900 3452 4980; baseline -0 -26"><span class='ocrx_word' id='word_1_733' title='bbox 70 4900 390 4972; x_wconf 87' lang='grc' dir='ltr'>Πελαγονίας</span> <span class='ocrx_word' id='word_1_734' title='bbox 441 4908 674 4979; x_wconf 87' lang='grc' dir='ltr'>χωρίων,</span> <span class='ocrx_word' id='word_1_735' title='bbox 721 4904 1080 4966; x_wconf 83' lang='grc' dir='ltr'>Νευστάπολις</span> <span class='ocrx_word' id='word_1_736' title='bbox 1135 4924 1190 4958; x_wconf 88' lang='grc' dir='ltr'>τε</span> <span class='ocrx_word' id='word_1_737' title='bbox 1236 4925 1326 4958; x_wconf 87' lang='grc' dir='ltr'>και</span> <span class='ocrx_word' id='word_1_738' title='bbox 1385 4907 1765 4980; x_wconf 81' lang='grc' dir='ltr'>Πρόσακος,τά</span> <span class='ocrx_word' id='word_1_739' title='bbox 1801 4908 1973 4960; x_wconf 87' lang='grc' dir='ltr'>πάντα</span> <span class='ocrx_word' id='word_1_740' title='bbox 2051 4903 2248 4978; x_wconf 81' lang='grc' dir='ltr'>ὑπῆρξε</span> <span class='ocrx_word' id='word_1_741' title='bbox 2313 4911 2383 4974; x_wconf 88' lang='grc' dir='ltr'>τῷ</span> <span class='ocrx_word' id='word_1_742' title='bbox 2462 4901 2674 4976; x_wconf 82' lang='grc' dir='ltr'>βασιλεῖ</span> <span class='ocrx_word' id='word_1_743' title='bbox 2745 4903 3046 4976; x_wconf 80' lang='grc' dir='ltr'>ὑποχείρια.</span> <span class='ocrx_word' id='word_1_744' title='bbox 3124 4903 3226 4954; x_wconf 77' lang='grc' dir='ltr'>Καί</span> <span class='ocrx_word' id='word_1_745' title='bbox 3288 4920 3452 4953; x_wconf 91' lang='grc' dir='ltr'>σπον-</span> 
     </span>
    </p>
   </div>
   <div class='ocr_carea' id='block_1_106' title="bbox 71 4986 2603 5071">
    <p class='ocr_par' dir='ltr' id='par_1_106' title="bbox 71 4986 2603 5071">
     <span class='ocr_line' id='line_1_106' title="bbox 71 4986 2603 5071; baseline 0 -28"><span class='ocrx_word' id='word_1_746' title='bbox 71 4986 168 5043; x_wconf 82' lang='grc' dir='ltr'>δαὶ</span> <span class='ocrx_word' id='word_1_747' title='bbox 229 4989 310 5044; x_wconf 84' lang='grc' dir='ltr'>ἐπι</span> <span class='ocrx_word' id='word_1_748' title='bbox 372 4994 572 5055; x_wconf 88' lang='grc' dir='ltr'>τούτοις</span> <span class='ocrx_word' id='word_1_749' title='bbox 643 5003 742 5046; x_wconf 90' lang='grc' dir='ltr'>τῶν</span> <span class='ocrx_word' id='word_1_750' title='bbox 823 4994 1125 5067; x_wconf 82' lang='grc' dir='ltr'>Βουλγάρων</span> <span class='ocrx_word' id='word_1_751' title='bbox 1198 4997 1273 5066; x_wconf 78' lang='grc' dir='ltr'>τῷ</span> <span class='ocrx_word' id='word_1_752' title='bbox 1353 4993 1562 5068; x_wconf 85' lang='grc' dir='ltr'>βασιλεί</span> <span class='ocrx_word' id='word_1_753' title='bbox 1632 4996 1975 5071; x_wconf 73' lang='grc' dir='ltr'>ἐγεγόνεισαν,</span> <span class='ocrx_word' id='word_1_754' title='bbox 2049 5001 2160 5056; x_wconf 89' lang='grc' dir='ltr'>τοῖς</span> <span class='ocrx_word' id='word_1_755' title='bbox 2215 4993 2468 5054; x_wconf 89' lang='grc' dir='ltr'>τοιούτοις</span> <span class='ocrx_word' id='word_1_756' title='bbox 2520 4997 2603 5044; x_wconf 84' lang='grc' dir='ltr'>κοὶ</span> 
     </span>
    </p>
   </div>
   <div class='ocr_carea' id='block_1_107' title="bbox 69 5083 2522 5158">
    <p class='ocr_par' dir='ltr' id='par_1_107' title="bbox 69 5083 2522 5158">
     <span class='ocr_line' id='line_1_107' title="bbox 69 5083 2522 5158; baseline 0.001 -26"><span class='ocrx_word' id='word_1_757' title='bbox 69 5084 166 5132; x_wconf 82' lang='grc' dir='ltr'>καὶ</span> <span class='ocrx_word' id='word_1_758' title='bbox 212 5084 284 5152; x_wconf 81' lang='grc' dir='ltr'>μὴ</span> <span class='ocrx_word' id='word_1_759' title='bbox 341 5085 624 5156; x_wconf 63' lang='grc' dir='ltr'>περαιτέρω</span> <span class='ocrx_word' id='word_1_760' title='bbox 671 5083 1112 5155; x_wconf 87' lang='grc' dir='ltr'>κατεπεμϐαίνειν.</span> <span class='ocrx_word' id='word_1_761' title='bbox 1172 5089 1272 5137; x_wconf 81' lang='grc' dir='ltr'>Καὶ</span> <span class='ocrx_word' id='word_1_762' title='bbox 1329 5093 1498 5138; x_wconf 88' lang='grc' dir='ltr'>ταῦτα</span> <span class='ocrx_word' id='word_1_763' title='bbox 1554 5089 1644 5158; x_wconf 72' lang='grc' dir='ltr'>μὲν</span> <span class='ocrx_word' id='word_1_764' title='bbox 1725 5088 1887 5147; x_wconf 81' lang='grc' dir='ltr'>οὕτως</span> <span class='ocrx_word' id='word_1_765' title='bbox 1969 5085 2099 5156; x_wconf 74' lang='grc' dir='ltr'>ἔσχε</span> <span class='ocrx_word' id='word_1_766' title='bbox 2164 5086 2252 5135; x_wconf 87' lang='grc' dir='ltr'>τὸν</span> <span class='ocrx_word' id='word_1_767' title='bbox 2313 5087 2522 5156; x_wconf 78' lang='grc' dir='ltr'>τρόπον,</span> 
     </span>
    </p>
   </div>
   <div class='ocr_carea' id='block_1_108' title="bbox 75 5167 2712 5247">
    <p class='ocr_par' dir='ltr' id='par_1_108' title="bbox 75 5167 2712 5247">
     <span class='ocr_line' id='line_1_108' title="bbox 75 5167 2712 5247; baseline 0.004 -27"><span class='ocrx_word' id='word_1_768' title='bbox 75 5167 404 5241; x_wconf 70' lang='grc' dir='ltr'>στολιμαίοις</span> <span class='ocrx_word' id='word_1_769' title='bbox 465 5180 562 5224; x_wconf 87' lang='grc' dir='ltr'>τῶν</span> <span class='ocrx_word' id='word_1_770' title='bbox 645 5172 804 5245; x_wconf 85' lang='grc' dir='ltr'>λογων</span> <span class='ocrx_word' id='word_1_771' title='bbox 886 5174 1198 5247; x_wconf 79' lang='grc' dir='ltr'>ὑπούργουν,</span> <span class='ocrx_word' id='word_1_772' title='bbox 1282 5173 1484 5227; x_wconf 84' lang='grc' dir='ltr'>ἑκάστω</span> <span class='ocrx_word' id='word_1_773' title='bbox 1561 5182 1660 5227; x_wconf 89' lang='grc' dir='ltr'>τῶν</span> <span class='ocrx_word' id='word_1_774' title='bbox 1729 5174 2080 5245; x_wconf 79' lang='grc' dir='ltr'>ἁλισκομένων</span> <span class='ocrx_word' id='word_1_775' title='bbox 2164 5172 2360 5226; x_wconf 80' lang='grc' dir='ltr'>ἀστέων</span> <span class='ocrx_word' id='word_1_776' title='bbox 2458 5191 2511 5224; x_wconf 86' lang='grc' dir='ltr'>τε</span> <span class='ocrx_word' id='word_1_777' title='bbox 2624 5174 2712 5230; x_wconf 68' lang='grc' dir='ltr'>καὶ</span> 
     </span>
    </p>
   </div>
   <div class='ocr_carea' id='block_1_109' title="bbox 74 5255 832 5334">
    <p class='ocr_par' dir='ltr' id='par_1_109' title="bbox 74 5255 832 5334">
     <span class='ocr_line' id='line_1_109' title="bbox 74 5255 832 5334; baseline 0.009 -26"><span class='ocrx_word' id='word_1_778' title='bbox 74 5255 412 5331; x_wconf 79' lang='grc' dir='ltr'>ἐγχαράττων</span> <span class='ocrx_word' id='word_1_779' title='bbox 489 5259 772 5334; x_wconf 74' lang='grc' dir='ltr'>βασιλικήν</span> <span class='ocrx_word' id='word_1_780' title='bbox 820 5283 832 5296; x_wconf 89' lang='grc'><strong>·</strong></span> 
     </span>
    </p>
   </div>
   <div class='ocr_carea' id='block_1_110' title="bbox 2697 4989 3450 5064">
    <p class='ocr_par' dir='ltr' id='par_1_110' title="bbox 2697 4989 3450 5064">
     <span class='ocr_line' id='line_1_110' title="bbox 2697 4989 3450 5064; baseline -0.001 -22"><span class='ocrx_word' id='word_1_781' title='bbox 2697 4994 2870 5063; x_wconf 89' lang='grc' dir='ltr'>μόνοις</span> <span class='ocrx_word' id='word_1_782' title='bbox 2935 4989 3209 5064; x_wconf 82' lang='grc' dir='ltr'>ἀρκεῖσθαι</span> <span class='ocrx_word' id='word_1_783' title='bbox 3266 4997 3450 5042; x_wconf 82' lang='grc' dir='ltr'>τοῦτον</span> 
     </span>
    </p>
   </div>
   <div class='ocr_carea' id='block_1_111' title="bbox 2600 5077 3450 5153">
    <p class='ocr_par' dir='ltr' id='par_1_111' title="bbox 2600 5077 3450 5153">
     <span class='ocr_line' id='line_1_111' title="bbox 2600 5077 3450 5153; baseline -0.001 -21"><span class='ocrx_word' id='word_1_784' title='bbox 2600 5081 2696 5153; x_wconf 84' lang='grc' dir='ltr'>ἐγὼ</span> <span class='ocrx_word' id='word_1_785' title='bbox 2760 5077 2820 5132; x_wconf 72' lang='grc' dir='ltr'>δὲ</span> <span class='ocrx_word' id='word_1_786' title='bbox 2883 5079 3032 5140; x_wconf 86' lang='grc' dir='ltr'>αύτός</span> <span class='ocrx_word' id='word_1_787' title='bbox 3075 5079 3124 5130; x_wconf 80' lang='grc' dir='ltr'>ἐν</span> <span class='ocrx_word' id='word_1_788' title='bbox 3172 5086 3277 5139; x_wconf 91' lang='grc' dir='ltr'>τοῖς</span> <span class='ocrx_word' id='word_1_789' title='bbox 3339 5078 3450 5132; x_wconf 76' lang='grc' dir='ltr'>ἓπιν</span> 
     </span>
    </p>
   </div>
   <div class='ocr_carea' id='block_1_112' title="bbox 3249 5173 3450 5244">
    <p class='ocr_par' dir='ltr' id='par_1_112' title="bbox 3249 5173 3450 5244">
     <span class='ocr_line' id='line_1_112' title="bbox 3249 5173 3450 5244; baseline 0 -2"><span class='ocrx_word' id='word_1_790' title='bbox 3249 5173 3450 5244; x_wconf 59' lang='grc' dir='ltr'>γραφὴ-</span> 
     </span>
    </p>
   </div>
   <div class='ocr_carea' id='block_1_113' title="bbox 2808 5172 3164 5240">
    <p class='ocr_par' dir='ltr' id='par_1_113' title="bbox 2808 5172 3164 5240">
     <span class='ocr_line' id='line_1_113' title="bbox 2808 5172 3164 5240; baseline 0.006 -22"><span class='ocrx_word' id='word_1_791' title='bbox 2808 5176 2997 5240; x_wconf 86' lang='grc' dir='ltr'>χωρῶν</span> <span class='ocrx_word' id='word_1_792' title='bbox 3076 5172 3164 5220; x_wconf 88' lang='grc' dir='ltr'>καὶ</span> 
     </span>
    </p>
   </div>
   <div class='ocr_carea' id='block_1_114' title="bbox 890 5253 3449 5338">
    <p class='ocr_par' dir='ltr' id='par_1_114' title="bbox 890 5253 3449 5338">
     <span class='ocr_line' id='line_1_114' title="bbox 890 5253 3449 5338; baseline 0.004 -24"><span class='ocrx_word' id='word_1_793' title='bbox 890 5264 998 5323; x_wconf 83' lang='grc' dir='ltr'>ἔθος</span> <span class='ocrx_word' id='word_1_794' title='bbox 1043 5265 1142 5337; x_wconf 79' lang='grc' dir='ltr'>γὰρ</span> <span class='ocrx_word' id='word_1_795' title='bbox 1185 5271 1338 5316; x_wconf 79' lang='grc' dir='ltr'>τοῦτο</span> <span class='ocrx_word' id='word_1_796' title='bbox 1399 5264 1618 5317; x_wconf 84' lang='grc' dir='ltr'>παλαιὸν</span> <span class='ocrx_word' id='word_1_797' title='bbox 1686 5273 1769 5318; x_wconf 87' lang='grc' dir='ltr'>τοῖ</span> <span class='ocrx_word' id='word_1_798' title='bbox 1835 5261 2122 5338; x_wconf 83' lang='grc' dir='ltr'>βασιλεῦσι</span> <span class='ocrx_word' id='word_1_799' title='bbox 2197 5262 2482 5335; x_wconf 85' lang='grc' dir='ltr'>Ῥωμαίων,</span> <span class='ocrx_word' id='word_1_800' title='bbox 2530 5256 2670 5320; x_wconf 76' lang='grc' dir='ltr'>δῆλα</span> <span class='ocrx_word' id='word_1_801' title='bbox 2716 5266 2821 5319; x_wconf 85' lang='grc' dir='ltr'>τοῖς</span> <span class='ocrx_word' id='word_1_802' title='bbox 2853 5259 3108 5332; x_wconf 73' lang='grc' dir='ltr'>μακρόθεν</span> <span class='ocrx_word' id='word_1_803' title='bbox 3143 5253 3240 5312; x_wconf 68' lang='grc' dir='ltr'>διὰ</span> <span class='ocrx_word' id='word_1_804' title='bbox 3284 5279 3449 5335; x_wconf 77' lang='grc' dir='ltr'>γραμ·</span> 
     </span>
    </p>
   </div>
   <div class='ocr_carea' id='block_1_115' title="bbox 982 5439 2588 5513">
    <p class='ocr_par' dir='ltr' id='par_1_115' title="bbox 982 5439 2588 5513">
     <span class='ocr_line' id='line_1_115' title="bbox 982 5439 2588 5513; baseline -0.003 -4"><span class='ocrx_word' id='word_1_805' title='bbox 982 5442 1324 5510; x_wconf 91' lang='lat' dir='ltr'>Theodori</span> <span class='ocrx_word' id='word_1_806' title='bbox 1375 5444 1624 5512; x_wconf 63' lang='lat' dir='ltr'>Dousa:</span> <span class='ocrx_word' id='word_1_807' title='bbox 1672 5452 1737 5511; x_wconf 90' lang='lat' dir='ltr'>et</span> <span class='ocrx_word' id='word_1_808' title='bbox 1799 5443 2050 5513; x_wconf 91' lang='lat' dir='ltr'>Leonis</span> <span class='ocrx_word' id='word_1_809' title='bbox 2100 5439 2335 5510; x_wconf 89' lang='lat' dir='ltr'>Allatii</span> <span class='ocrx_word' id='word_1_810' title='bbox 2386 5445 2588 5506; x_wconf 78' lang='lat' dir='ltr'>notae.</span> 
     </span>
    </p>
   </div>
   <div class='ocr_carea' id='block_1_116' title="bbox 157 5631 1694 5717">
    <p class='ocr_par' dir='ltr' id='par_1_116' title="bbox 157 5631 1694 5714">
     <span class='ocr_line' id='line_1_116' title="bbox 157 5631 1694 5714; baseline 0.005 -24"><span class='ocrx_word' id='word_1_811' title='bbox 157 5640 271 5707; x_wconf 82' lang='grc'>(77)</span> <span class='ocrx_word' id='word_1_812' title='bbox 310 5641 393 5709; x_wconf 81' lang='grc' dir='ltr'>Τῷ</span> <span class='ocrx_word' id='word_1_813' title='bbox 419 5644 511 5698; x_wconf 85' lang='grc' dir='ltr'>τῆς</span> <span class='ocrx_word' id='word_1_814' title='bbox 533 5631 792 5700; x_wconf 82' lang='grc' dir='ltr'>Ῥοδόπης</span> <span class='ocrx_word' id='word_1_815' title='bbox 813 5641 940 5712; x_wconf 82' lang='grc' dir='ltr'>ὄρει,</span> <span class='ocrx_word' id='word_1_816' title='bbox 974 5641 1148 5698; x_wconf 84' lang='lat' dir='ltr'>Anna</span> <span class='ocrx_word' id='word_1_817' title='bbox 1177 5640 1504 5714; x_wconf 88' lang='lat' dir='ltr'>Comnena,</span> <span class='ocrx_word' id='word_1_818' title='bbox 1536 5639 1620 5700; x_wconf 91' lang='lat' dir='ltr'>lib</span> <span class='ocrx_word' id='word_1_819' title='bbox 1651 5658 1694 5700; x_wconf 74' lang='grc' dir='ltr'>χι</span> 
     </span>
    </p>
   </div>
   <div class='ocr_carea' id='block_1_117' title="bbox 1787 5631 3234 5717">
    <p class='ocr_par' dir='ltr' id='par_1_117' title="bbox 1816 5631 3234 5717">
     <span class='ocr_line' id='line_1_117' title="bbox 1816 5631 3234 5717; baseline -0.001 -22"><span class='ocrx_word' id='word_1_820' title='bbox 1816 5643 1964 5697; x_wconf 77' lang='grc' dir='ltr'>Κατὰ</span> <span class='ocrx_word' id='word_1_821' title='bbox 1989 5644 2237 5717; x_wconf 80' lang='grc' dir='ltr'>γραμμήν</span> <span class='ocrx_word' id='word_1_822' title='bbox 2267 5631 2590 5716; x_wconf 82' lang='grc' dir='ltr'>παράλληλον</span> <span class='ocrx_word' id='word_1_823' title='bbox 2616 5643 2784 5692; x_wconf 87' lang='grc' dir='ltr'>κεῖται</span> <span class='ocrx_word' id='word_1_824' title='bbox 2813 5645 2885 5712; x_wconf 83' lang='grc' dir='ltr'>τῷ</span> <span class='ocrx_word' id='word_1_825' title='bbox 2906 5640 3073 5715; x_wconf 80' lang='grc' dir='ltr'>Αἷμῳ.</span> <span class='ocrx_word' id='word_1_826' title='bbox 3097 5641 3234 5697; x_wconf 82' lang='lat' dir='ltr'>ALL.</span> 
     </span>
    </p>
   </div>
  </div>
