3966 6324
80 359 217 413 1093

1610 358 1955 414 ANNALES.

3315 362 3449 414 1094

76 481 300 550 οἴκοθεν)
357 486 468 542 τοῖς
517 479 809 542 ἐπιϐούλοις
859 478 1172 552 συμϐούλοις
1223 485 1493 552 χρώμενος
1545 485 1682 534 οἶκοι
1720 502 1732 538 Α

1848 497 2066 554 ωψσε,
2143 497 2352 537 eorum
2403 481 2806 551 sermonibus,
2857 498 3222 555 quocunque
3279 482 3449 542 illum

75 573 381 642 καταμένειν
433 567 657 622 ἐπείθετο
713 590 726 602 ο
783 573 1067 641 σκευωρίαν
1123 571 1225 644 γὰρ
1279 572 1501 642 ἔφασκον
1556 568 1687 639 εἶναι

75 659 194 710 κατ’
217 658 377 712 αὐτοῦ
405 662 499 717 τὴν
528 665 621 710 τοῦ
649 657 906 732 βασλιέως
930 657 1272 730 μετάκλησιν,
1321 667 1507 732 κοῦφος
1538 657 1598 714 δέ
1619 665 1686 712 ὧν

77 744 229 808 οὗτος
281 750 374 808 τὰς
447 751 625 821 φρένας
674 755 781 808 τοῖς
858 746 1028 799 αὐτῶν
1108 746 1278 820 λόγοις
1362 755 1684 825 συνεφέρετο,

77 837 200 889 ὅποι
250 841 340 889 καὶ
413 839 620 891 νεύοιεν.
676 835 870 894 Ξυνέϐη
924 833 985 889 δε
1046 835 1141 888 κᾶν
1192 840 1395 899 τούτοις
1459 841 1580 914 ὅπερ
1623 842 1689 900 ὡς

80 921 308 998 ἧδυσμά
369 944 421 978 τι
483 927 779 998 παραθήσω
837 932 948 986 τοῖς
1003 923 1197 996 λόγοις.
1248 929 1346 978 Τόν
1410 931 1688 1000 Καμπανόν

79 1015 196 1081 (ἕνα
221 1018 313 1067 καὶ
353 1020 536 1066 τοῦτον
567 1022 666 1066 τῶν
727 1017 1048 1088 συνιστόρων
1095 1021 1186 1066 τοῦ
1241 1011 1396 1067 δόλου
1445 1021 1688 1090 προείπο-

81 1122 175 1173 μεν
207 1101 455 1175 εἶναι)τὰ
505 1101 612 1175 ούχ
657 1103 784 1178 ὑπὲρ
835 1107 1136 1177 Δημητρίου
1186 1111 1468 1176 φρονοῦντα
1520 1103 1690 1176 ἀπήγ-

79 1191 260 1265 γειλάν
335 1211 488 1255 τινες,
557 1190 666 1245 έπεὶ
746 1196 837 1244 καὶ
884 1190 942 1244 έκ
1019 1189 1280 1264 βασιλέως
1337 1191 1687 1255 έπανὲζευξεν.

85 1285 192 1336 Καὶ
217 1281 270 1343 ὃς
305 1286 541 1358 παρέστη
569 1290 642 1354 τῷ
681 1286 986 1358 Δημητρίῳ,
1040 1286 1131 1335 καὶ
1164 1290 1506 1357 κατηγορεῖτο
1559 1286 1692 1357 πρὸς

83 1381 190 1425 τῶν
242 1371 408 1431 ἀληθῆ
484 1371 600 1424 κατ’
655 1371 818 1425 αὐτοῦ
866 1377 1186 1444 φασκόντων,
1250 1374 1322 1433 ὡς
1379 1370 1692 1448 ῥᾳδιουργεῖ

86 1464 264 1534 κρύφα
287 1465 378 1513 καὶ
431 1458 777 1533 ἀποπειρᾶται
830 1467 922 1513 τοῦ
971 1459 1119 1530 λαοῦ,
1171 1464 1260 1513 καὶ
1312 1467 1510 1536 γραφαὶ
1560 1465 1690 1535 πρὸς

88 1550 254 1603 αὐτοῦ
310 1557 384 1620 τῷ
427 1547 642 1622 βασιλεῖ
697 1553 990 1623 πέμπονται
1053 1554 1143 1602 καὶ
1188 1549 1333 1621 λόγοι
1381 1558 1691 1625 μυστηρῖώ-

90 1635 202 1699 δεις
246 1634 646 1710 διαμηνύονται.
713 1643 814 1691 Καὶ
852 1635 915 1697 ἦν
943 1640 1071 1713 πρὸς
1098 1645 1162 1711 τῇ
1205 1643 1419 1713 τοιαύτη
1464 1637 1690 1702 έξετάσει

87 1729 116 1781 6
149 1731 455 1800 Καμπανὸς,
509 1727 568 1781 Ὀ
601 1735 724 1800 γοῦν
762 1731 1062 1801 Σπαρτηνὸς
1111 1731 1422 1801 συμμύστης
1483 1730 1550 1780 ὢν
1592 1738 1692 1781 τῶν

1796 571 2131 635 traxissent,
2147 571 2450 639 agebatur.
2466 570 2870 627 Acciditetiam
2882 618 2894 634 ,
2909 571 3071 642 quod
3083 573 3451 632 condimenti

1795 657 1929 713 loco
1955 657 2209 713 orationi
2236 674 2385 713 mea;
2411 658 2810 726 interponam,
2836 660 3234 732 Campanum,
3259 679 3450 720 unum

1797 762 1868 802 ex
1895 747 2402 819 conspirantibus,
2433 753 2497 802 ut
2522 763 2704 819 supra
2725 735 3015 816 diximus,
3039 765 3160 806 non
3183 766 3219 806 a
3247 754 3452 808 Deme-

1800 837 1930 899 trio,
1961 837 2066 892 sed
2097 837 2175 893 ab
2204 837 2548 893 adversario
2582 843 2756 904 stare,
2790 855 2928 894 cum
2968 855 3037 894 ex
3093 840 3452 912 imperatore

1796 926 2090 995 rediisset,
2133 942 2256 982 non
2306 942 2486 982 nemo
2542 928 2922 984 renuntiavit.
2986 929 3218 986 Judicio
3265 947 3451 1003 penes

1798 1018 2160 1072 Demetrium
2222 1016 2465 1083 sistitur,
2498 1021 2554 1072 et
2605 1023 2920 1074 accusatur
2949 1018 3027 1074 ab
3066 1018 3135 1074 iis
3181 1021 3286 1092 qui
3314 1037 3454 1080 vera

1796 1105 2152 1170 referebant,
2206 1121 2345 1160 eum
2402 1105 2556 1160 clam
2613 1106 2676 1160 in
2728 1106 3060 1180 principem
3116 1109 3455 1167 machinari

1799 1193 2204 1266 seducereque
2252 1193 2586 1265 populum;
2631 1194 2854 1250 litteras
2910 1195 2988 1251 ad
3032 1197 3453 1262 imperatorem

1799 1282 2379 1354 scriptitare,quibus
2415 1298 2634 1339 arcana
2675 1283 2903 1355 imperii
2936 1285 3242 1343 revelaret.
3284 1291 3351 1344 Et
3377 1289 3454 1344 si-

1799 1372 1924 1428 mili
1942 1371 2257 1444 quaestioni
2275 1374 2615 1442 Campanus
2634 1374 3102 1445 supponebatur.
3130 1378 3456 1448 Spartanus

1800 1460 2264 1517 machinationis
2303 1476 2573 1530 consors,
2625 1461 2729 1516 ubi
2769 1461 2833 1516 id
2870 1464 3227 1531 rescivisset,
3269 1483 3455 1538 quam

1801 1549 2085 1606 citissime
2099 1565 2168 1604 eo
2183 1548 2445 1614 advolat,
2462 1554 2517 1603 et
2537 1553 2667 1604 utut
2680 1549 2890 1622 potuit,
2905 1551 3216 1623 anhelans,
3233 1577 3261 1604 «
3277 1556 3456 1626 Cujus

1803 1655 2008 1704 causa,
2044 1658 2071 1687 ››
2111 1637 2324 1709 inquit,
2389 1660 2416 1686 «
2448 1637 2723 1709 despota,
2775 1640 3056 1695 scelestus
3093 1643 3203 1698 iste
3249 1643 3309 1699 in
3354 1645 3456 1716 jus

1802 1727 2052 1800 rapitur,
2075 1727 2180 1799 qui
2210 1726 2261 1782 si
2285 1725 2570 1782 similium
2591 1727 2910 1784 criminum
2928 1730 3335 1796 convincatur,
3363 1749 3457 1789 nee

88 1821 478 1893 πραττομένων,
506 1821 625 1891 περὶ
661 1825 758 1870 τῶν
814 1819 1083 1887 τοιούτων,
1138 1820 1472 1890 μεμαθηκὼς,
1529 1821 1694 1889 τάχος
1730 1836 1732 1841 ‘

1849 1815 1900 1871 le
1913 1820 1968 1871 et
1974 1817 1994 1886 j
2007 1831 2107 1870 ure
2121 1815 2332 1871 merito
2345 1814 2547 1871 multis
2559 1815 2852 1872 mortibus
2878 1818 3371 1876 condemnabitur
3383 1821 3412 1876 ?
3433 1844 3454 1872 ι

91 1905 261 1960 έκείσε
297 1911 523 1979 γέρεται,
552 1911 642 1959 καὶ
681 1909 750 1968 ὡς
792 1902 931 1977 εἶχεν
975 1905 1242 1979 ἄσθματος
1291 1913 1381 1959 καὶ
1430 1905 1691 1974 σπουδῆς,

97 2019 118 2045 ι
150 1999 238 2064 Τί,
266 2018 295 2045 ››
337 2000 489 2067 φησὶ,
520 2017 548 2045 (ι
602 1999 721 2069 περὶ
766 1991 926 2047 τοῦδε
980 2002 1070 2047 τοῦ
1139 1993 1409 2070 ἀλιτηρίου
1461 2015 1695 2067 κατηγο-

89 2089 253 2160 ροῦσί
281 2103 431 2152 τινες,
482 2080 734 2152 δέσποτα,
788 2082 842 2146 ὃς
893 2083 936 2136 εἰ
997 2083 1132 2156 ἁλῴη
1191 2092 1446 2153 τοιοῦτος,
1501 2085 1697 2138 πολλῶν

95 2175 334 2226 θανάτων
413 2175 616 2247 κριθείη
676 2171 736 2224 ἂν
801 2171 947 2234 ἄξιος
995 2193 1010 2242 ;
1073 2195 1096 2223 ι
1169 2178 1270 2227 Καὶ
1337 2175 1363 2225 ὁ
1411 2178 1704 2248 Δημήτριος

93 2261 326 2338 (έθάῤῥει
361 2265 460 2337 γὰρ
499 2263 640 2335 μάλα
683 2263 849 2334 τούτῳ
896 2265 959 2324 ὡς
1006 2271 1201 2335 πιστῷ,
1264 2268 1354 2316 καὶ
1410 2265 1545 2316 πάνυ
1586 2271 1704 2317 τοῦ·

95 2370 186 2404 τον
220 2347 613 2404 δυσνούστατον
637 2353 775 2404 κατὰ
802 2353 886 2404 τὸν
939 2355 1168 2424 κωμικόν
1210 2351 1342 2425 (88),
1412 2352 1456 2406 εἰ
1496 2357 1586 2405 καὶ
1629 2357 1700 2426 μὴ

95 2440 495 2510 κλεπτίστατον,
525 2441 743 2512 ἡγεῖτο),
777 2462 806 2492 ι(
842 2437 1112 2514 Προδότην
1165 2449 1368 2509 τοῦτον,
1422 2445 1703 2516 Σπαρτηνὶ,

100 2533 262 2602 φασιν
289 2526 418 2582 εἶναι
455 2530 504 2581 οἱ
555 2536 734 2582 τοῦτον
782 2525 1074 2590 διώκοντες.
1142 2550 1170 2580 ››
1216 2529 1274 2582 ’0
1307 2526 1366 2582 δὲ
1415 2535 1559 2582 παίει
1618 2533 1706 2582 τὸν

104 2621 394 2690 Καμπανόν
468 2619 601 2672 κατὰ
669 2625 765 2680 τῆς
819 2622 1057 2690 σιαγόνος
1101 2625 1175 2688 τῷ
1228 2627 1431 2694 καρπῷ,
1502 2615 1709 2694 σφόδρα

101 2709 446 2781 χρησάμενος
539 2715 602 2780 τῇ
684 2705 840 2780 βολῇ,
916 2711 1007 2759 καὶ
1055 2705 1332 2779 λαϐόμενος
1395 2710 1578 2760 τούτου
1618 2716 1710 2768 τῆς

100 2802 306 2869 γένυος,
349 2818 376 2846 ιι
407 2795 568 2868 Ἐγὼ,
594 2818 624 2846 ››
655 2800 832 2868 φησὶν,
1031 2818 1059 2845 ‹‹
1119 2795 1272 2848 αύτὸν
1330 2794 1378 2847 ἒν
1425 2803 1536 2859 τοῖς
1576 2799 1712 2848 οἶκοι

104 2885 421 2958 ἀπαγαγὼν,
471 2881 723 2956 δέσποτα,
775 2883 1018 2957 έτασμοίς
1057 2883 1336 2946 ἐκπνεύσας
1382 2888 1440 2937 1'6
1488 2893 1709 2960 πρῶτον,

104 2978 282 3030 πάντα
355 2981 536 3026 τοῦτον
628 2975 1012 3046 καταναγκάσω
1094 2976 1285 3048 ἔκφορα
1348 2982 1573 3032 ποιῆσαι
1648 2975 1715 3026 τὰ

105 3059 351 3140 κρύϐδην
405 3065 604 3123 τούτοις
643 3059 1117 3138 ῥᾳδιουργούμενα.
1184 3084 1211 3113 ››
1261 3063 1416 3116 Ταῦτ’
1448 3059 1574 3130 εἶπε,
1625 3067 1715 3114 καὶ

107 3156 177 3214 ὡς
230 3150 344 3224 εἶχε
399 3154 598 3223 τάχους
665 3149 711 3212 ές
765 3155 861 3209 τὴν
909 3151 1076 3203 οἰκίαν
1133 3152 1309 3224 ἀπῄει.
1371 3155 1470 3203 Τὸν
1508 3155 1598 3224 μὲν
1629 3148 1716 3204 οὖν

112 3244 400 3314 Καρ-πανόν
421 3243 480 3292 τὸ
509 3238 609 3293 ἀπὸ
658 3236 816 3293 τοῦδε
848 3238 995 3298 κλίνη
1037 3237 1150 3312 εἶχε
1187 3245 1277 3293 καὶ
1313 3238 1498 3302 στιϐὰς
1538 3239 1714 3311 ὑψηλὴ

108 3331 249 3405 πρὸς
290 3327 584 3381 ἀνάπαυσιν
647 3333 738 3382 καὶ
791 3331 858 3381 τὰ
899 3327 950 3389 ές
1005 3333 1198 3402 τρυφὴν
1256 3327 1444 3401 μᾶλλον
1497 3327 1718 3403 έφευρη-

112 3421 273 3492 μένα,
317 3417 391 3478 οἷς
420 3416 722 3490 καὶμᾶλλον
758 3421 1048 3490 χαίρουσιν
1098 3418 1362 3492 ἄνθρωποι
1399 3419 1449 3471 οἱ
1502 3425 1722 3470 τοιαῦτα

111 3505 521 3580 μεμελετηκότες
603 3503 1022 3578 διαπράττεσθαι
1093 3509 1399 3579 πράγματα.
1486 3505 1574 3569 Ὠς
1663 3503 1723 3560 δε

111 3600 213 3649 καί
251 3613 384 3658 τινες
432 3598 647 3667 ἔφασαν,
714 3593 875 3647 ἀσκὸν
930 3590 1257 3667 διαφορήσας
1310 3597 1422 3666 (90)
1472 3596 1498 3647 ὁ
1547 3603 1722 3670 Σπαρ-

110 3686 273 3745 τηνός
298 3688 386 3736 καὶ
417 3682 696 3758 πληρώσας
725 3690 819 3735 τοῦ
857 3684 1158 3755 πνεύματος,
1203 3682 1313 3736 εἶτα
1365 3688 1454 3736 καὶ
1499 3679 1722 3756 δεσμεύ-

119 3793 223 3834 σας
288 3775 354 3834 ὡς
400 3771 541 3835 ἐντὸς
592 3771 728 3825 ἅπαν
799 3769 1167 3844 ἐναπειλῆφθαι
1211 3779 1414 3845 πνεῦμα
1461 3776 1532 3845 μὴ
1587 3791 1725 3835 τινος

115 3865 294 3924 οὔσης
347 3863 516 3934 τούτῳ
569 3869 662 3922 τῆς
711 3859 917 3937 ἐκροῆς,
969 3859 1314 3935 ἀπαιωρήσας
1379 3863 1560 3914 ἔτυπτε
1636 3861 1727 3935 ῥά-

1806 1907 1874 1961 Ει
1898 1905 2223 1960 Demetrius
2248 1903 2330 1959 illi
2378 1908 2669 1976 tanquam
2694 1905 2833 1960 ﬁdei
2867 1912 3130 1978 spectata
3162 1908 3284 1964 viro
3315 1926 3458 1966 con-

1804 1992 2023 2059 ﬁdens,
2044 2008 2183 2047 cum
2205 2007 2343 2046 eum
2360 1991 2940 2054 sibiamicissimum,
2956 1995 3062 2050 etsi
3077 2011 3197 2050 non
3217 1997 3461 2054 furacis-

1810 2081 2054 2150 simum,
2095 2085 2161 2138 ut
2193 2081 2415 2137 Comici
2453 2081 2650 2137 verbis
2689 2085 2815 2147 uta,
2869 2084 3250 2154 existimaret,
3287 2108 3308 2136 α
3352 2087 3460 2151 Qui

1807 2171 1970 2227 hunc
2007 2175 2314 2237 accusant,
2343 2169 2707 2242 proditorem
2741 2187 2893 2238 esse,
2928 2173 3234 2244 Spartane,
3277 2174 3460 2231 faten-

1810 2265 1924 2315 tur.
1951 2282 1972 2308 ι
2001 2261 2128 2331 ipse
2149 2273 2374 2330 pugno,
2399 2274 2591 2331 eoque
2611 2260 3156 2333 vehementissimo,
3185 2263 3462 2336 Campani

1814 2349 2122 2406 maxillam
2135 2347 2466 2415 contundit,
2483 2353 2838 2421 arreptaque
2851 2350 2984 2406 illus
2995 2351 3208 2424 barba,
3229 2357 3415 2429 «.Ego,
3431 2377 3461 2406 »

1814 2437 2025 2509 inquit,
2054 2459 2082 2486 »
2115 2436 2390 2508 despota,
2434 2436 2686 2492 domum
2739 2438 3105 2495 conductum
3154 2442 3465 2497 tormentis

1815 2528 2079 2601 primum
2119 2525 2424 2592 adhibitis,
2464 2541 2841 2599 quaecunque
2897 2527 3024 2599 ipse
3077 2529 3196 2585 sive
3247 2531 3467 2587 conscii

1818 2614 2045 2672 occulte
2096 2618 2524 2687 pertentarunt,
2581 2630 2798 2684 cogam
2831 2615 3118 2673 conﬁteri.
3148 2626 3190 2667 »'
3211 2618 3384 2685 Dixit,
3413 2624 3470 2675 et

1819 2720 1940 2776 qua
1964 2702 2158 2776 potuit
2201 2694 2496 2758 celeritate
2539 2703 2774 2758 domum
2801 2703 2963 2759 abiit.
2991 2707 3326 2778 Campanus
3353 2707 3466 2764 ita-

1819 2807 1937 2865 que
1955 2809 2022 2848 ex
2037 2791 2206 2847 illoin
2226 2791 2378 2846 lecto
2399 2791 2800 2863 pulcherrimo
2820 2808 2888 2848 ac
2907 2795 3230 2864 magniﬁco
3244 2801 3470 2866 stragu-

1819 2881 1878 2938 lo
1898 2882 2050 2937 inter
2077 2880 2318 2952 plumas
2340 2880 2460 2950 88
2489 2881 2874 2952 quiescebat;
2905 2887 2961 2937 et
2985 2898 3361 2955 quaecunque
3391 2885 3470 2942 ad

1823 2969 2170 3040 augendum
2200 2967 2409 3023 luxum
2447 2973 2504 3023 et
2533 2983 2663 3024 sese
2701 2968 3124 3025 oblectandum
3156 2971 3264 3026 viri
3309 2972 3472 3028 hisce

1822 3058 2005 3115 rebus
2033 3057 2248 3129 perditi
2275 3056 2494 3127 ingenii
2517 3057 2793 3112 acumine
2815 3073 3168 3129 comparare
3184 3058 3470 3127 nituntur,

1824 3148 1989 3218 large
2006 3146 2313 3218 effuseque
2332 3145 2412 3201 illi
2429 3145 2940 3202 subministraban
2950 3151 3058 3202 tur.
3087 3149 3292 3204 Sermo
3309 3155 3364 3206 et
3377 3149 3473 3207 ille

1826 3235 2257 3293 nonnullorum
2281 3234 2386 3290 fuit
2407 3236 2762 3306 Spartenum
2784 3240 2976 3291 utrem
3001 3235 3244 3292 inﬂasse
3269 3237 3476 3310 imple-

1827 3325 2107 3398 visseque
2168 3323 2331 3395 ﬂatu,
2399 3322 2537 3379 dein
2583 3323 2860 3395 illigasse,
2929 3340 3004 3380 ne
3062 3325 3236 3382 ﬂatus
3291 3327 3352 3384 in
3404 3343 3475 3385 eo

1828 3412 2186 3470 interclusus
2199 3411 2401 3484 aliqua
2412 3427 2484 3467 ex
2500 3416 2667 3483 parte
2679 3410 2945 3470 efﬂueret
2961 3432 2972 3482 ;
2987 3428 3126 3469 eum
3139 3429 3478 3487 appensum

1829 3501 2102 3572 ﬂagellis,
2131 3517 2199 3557 ac
2234 3501 2280 3556 si
2321 3502 2699 3574 Campanum
2724 3505 2995 3572 quateret
3034 3508 3098 3558 ut
3125 3519 3260 3575 quae
3305 3505 3480 3561 sciret

1830 3591 2137 3657 indicaret,
2169 3590 2454 3647 caedebat.
2489 3592 2702 3645 Verum
2729 3605 2851 3646 non
2883 3591 3210 3663 Campano,
3237 3593 3342 3648 sed
3367 3593 3482 3649 utri

1831 3681 1984 3739 ictus
2004 3680 2084 3736 illi
2115 3680 2576 3736 incutiebantur.
2617 3680 2881 3736 Tandem
2925 3697 3064 3736 cum
3118 3682 3288 3749 hora,
3346 3699 3483 3754 qua:

1834 3787 1945 3845 pro
1967 3770 2255 3826 habenda
2297 3769 2646 3842 quaestione,
2678 3773 2736 3824 et
2763 3769 2841 3824 ad
2871 3785 2942 3826 ea
2971 3769 3296 3826 revelanda
3346 3787 3483 3843 qua;

1837 3862 2016 3916 etiam
2047 3860 2107 3914 in
2135 3857 2551 3914 occultissimis
2583 3857 2785 3914 abdita
2832 3857 3114 3928 latebant,
3157 3858 3292 3930 plus
3339 3860 3482 3915 satis

1020 3982 1362 4050 Theodori
1412 3983 1662 4051 Dousa:
1706 3991 1771 4050 et
1817 3981 2066 4050 Leonis
2115 3980 2348 4048 Allatii
2391 3991 2593 4049 notae.

201 4108 319 4180 {88)
350 4111 495 4162 Κατὰ
517 4111 604 4160 τὸν
629 4112 878 4181 κωμικόν.
907 4108 1262 4181 Chremylus
1295 4108 1374 4164 ad
1413 4107 1724 4181 Carionem

127 4178 376 4239 servum
401 4181 462 4236 in
497 4181 678 4251 Pluto
701 4178 864 4251 apud
899 4178 1362 4251 Aristophanem
1387 4196 1399 4234 :
1425 4179 1558 4232 ἈΠ’
1583 4181 1642 4230 οὗ
1669 4197 1726 4232 σε

126 4251 322 4329 κρύψω
359 4272 392 4329 _'
413 4260 512 4304 τῶν
561 4249 690 4323 ἐμῶν
733 4249 834 4325 γὰρ
863 4250 1068 4303 οἰκετων
1101 4249 1439 4303 ίπιστότατον
1491 4253 1725 4322 ἡγοῦμαί

132 4322 193 4379 οδε
214 4322 306 4376 καὶ
325 4322 715 4375 κλεπτίστατον.
739 4322 876 4378 ALL.

205 4393 326 4466 (89)
345 4395 495 4464 Ἐγὼ,
520 4397 698 4465 φησίν.
724 4391 946 4466 Eodem
969 4397 1103 4448 astu
1116 4392 1574 4466 JuvenisCelsus
1595 4407 1730 4464 pro-

130 4463 380 4524 meritas
399 4463 627 4536 pcenas,
654 4463 822 4536 quod
841 4463 1137 4536 adversus
1162 4464 1563 4536 Domitianum
1594 4463 1732 4518 con-

126 4534 838 4616 juras‘set,_eﬂ‘ugithide
857 4535 1104 4616 Dionem
1122 4534 1184 4616 _i_n
1203 4534 1561 4616 Domitianot
1583 4538 1698 4616 At}:
1711 4574 1724 4588 .

406 4603 1192 4681 Ασκονῖιαφορήσαςχξὶωἱίθ
1228 4603 1374 4681 quid
1392 4605 1518 4681 legi
1549 4607 1609 4661 in
1638 4605 1736 4661 Vi-

129 4682 201 4736 ta
218 4676 280 4733 ’S.
312 4677 601 4734 Theodori
629 4676 872 4734 Stud'itae
898 4694 940 4748 a
960 4677 1157 4748 Niceta
1179 4676 1364 4733 Alexii
1383 4676 1505 4748 filio
1530 4691 1738 4748 perpe-

134 4749 565 4821 trat_um,_tanti
583 4749 767 4821 patris
818 4747 1280 4821 infortuniorum
1339 4747 1600 4804 misert’o.
1619 4817 1630 4821 _
1652 4749 1739 4821 _En

135 4818 332 4893 verba
355 4815 563 4893 εξἘγνω
584 4815 700 4871 ’καὶ
752 4821 945 4893 ταύτην
997 4825 1090 4871 τοῦ
1135 4815 1346 4893 δικαίου
1375 4823 1470 4877 τὴν
1530 4817 1740 4893 παρῥη-

142 4895 268 4944 σίαν
297 4891 324 4942 ὁ
359 4888 604 4963 βασιλεὺς
628 4894 796 4963 καὶτὸ
826 4890 873 4942 ἐν
903 4890 1100 4963 ἅπασιν
1157 4888 1522 4947 ἀταπείνωτον.
1576 4888 1737 4962 Ἀμέο

136 4963 220 5016 λει
245 4966 336 5013 καὶ
360 4959 543 5034 ἀὐτὸν
589 4961 741 5014 πάλιν
789 4964 858 5024 ὡς
909 4959 1050 5034 εἶχεν
1081 4962 1243 5034 ὁρμῆς
1267 4964 1353 5014 τὸν
1383 4965 1470 5014 τόν
1502 4959 1742 5034 Νικῆταν

140 5035 276 5107 πρὸς
347 5037 434 5086 τὸν
464 5103 475 5107 Α
509 5033 654 5105 ἅγιον
706 5035 917 5107 πέμπει,
956 5030 1185 5105 πληγάς
1237 5041 1325 5085 νῦν
1385 5030 1745 5106 σφοδροτάτας

143 5103 366 5179 ἐντεῖναι
416 5103 559 5175 αύτῷ
607 5103 1102 5179 παρακλευσάμενος
1137 5109 1228 5179 καὶ
1278 5103 1437 5179 και-α’
1472 5103 1601 5179 μέρη
1656 5108 1746 5155 καὶ

143 5175 280 5251 μέλη
296 5183 421 5251 *ταῖς
451 5173 692 5251 μάστιξί
723 5173 757 5228 δ
763 5173 968 5251 ιαξᾶναι
1017 5180 1108 5228 καὶ
1154 5175 1266 5228 ὅλον
1295 5173 1556 5251 αἰκισμῶν
1588 5178 1748 5228 θεῖναι

145 5243 550 5302 ὖπόπ).εων.’οὖ
609 5251 818 5300 καὶτὸν
877 5248 1020 5300 ὅσιον
1083 5243 1475 5314 καταλαϐόντος,
1530 5249 1649 5299 ὅτου
1697 5243 1788 5298 τέ’

147 5323 277 5379 ἣκοι
314 5321 476 5391 χάριν
507 5316 924 5391 ἀναγγειλαντος,
963 5320 1014 5391 *ὀ
1046 5315 1104 5370 δὲ
1161 5326 1341 5391 τοῦτον
1379 5318 1488 5390 ἅμα
1512 5325 1584 5388 τῷ
1613 5317 1748 5391 λόγῳ

146 5393 241 5444 τὸν
269 5386 470 5460 χιτῶνα
529 5386 621 5442 σὺν
647 5386 657 5391 ⁷
681 5386 916 5464 εύθυμίᾳν
944 5389 1133 5464 ψυχῆς
1154 5386 1518 5464 *ἀποδυόμενον
1547 5386 1636 5442 καὶ
1665 5386 1752 5448 τὰς

154 5463 359 5534 σάρκας
410 5464 536 5536 πρὸς
589 5465 648 5515 τὸ
705 5461 1061 5549 μαστίζερζθαι
1115 5461 1500 5549 εύτρεπίζόντα.
1535 5483 1556 5510 ι
1591 5467 1752 5549 Τοιξτο

150 5528 257 5607 γὰρ
290 5552 400 5605 μοι,
431 5528 460 5618 ›ξ
495 5539 675 5618 φησὶν)
705 5528 738 5584 lc
775 5532 830 5586 ἐκ
856 5532 1045 5586 πολλοῦ
1070 5537 1164 5618 καὶ
1190 5528 1358 5618 έφετόν
1405 5536 1495 5586 καὶ
1525 5528 1752 5618 προσδό-

152 5554 257 5607 γαρ
290 5554 400 5605 μοι,
431 5556 460 5583 ››
495 5554 675 5656 ζησιν,
710 5556 738 5584 ιι
775 5554 830 5586 εκ
856 5554 1045 5586 πολλου
1070 5554 1164 5618 και
1190 5554 1358 5605 εφετον
1405 5554 1495 5586 και
1525 5554 1752 5606 προσου-

152 5623 332 5678 κιμον.
364 5605 506 5680 »ΔΔἋ
539 5604 584 5657 λ’
639 5605 666 5657 ὁ
733 5606 1259 5680 συμπαθὴς-Ῠςκείνος
1312 5602 1449 5680 ἀνὴρ
1480 5603 1756 5680 καὶ-αύτό-

155 5671 353 5752 χρημα
393 5673 639 5751 έλεήμων,
721 5671 814 5741 ὡς’
827 5680 980 5752 μόνον
1033 5671 1147 5732 ἴδοι
1199 5677 1290 5739 τὰς
1337 5671 1509 5752 τιμίας
1564 5673 1759 5738 ἐκείνας

1839 4109 2039 4192 σνάρκας
2068 4107 2312 4192 γυμνὰοςη
2335 4104 2529 4192 ἂςῆκαὶ
2587 4108 2780 4192 χρόνος
2835 4109 2924 4192 καὶ
2983 4109 3197 4192 νηστεία
3217 4104 3489 4192 Αέσχάτοζς

1835 4173 2086 4244 ἐξέτηξεν,
2129 4173 2354 4249 ἐκλάσθη
2398 4175 2529 4249 ᾆλως
2583 4173 2672 4228 καὶ
2724 4181 2817 4234 τὴν
2869 4175 3054 4248 ψυχὴν
3111 4173 3490 4249 ἓπαθε,”μηδὲ

1834 4247 2285 4323 προσσχεῖνλᾷλως
2320 4244 2458 4320 μηδέ
2501 4245 2707 4323 ψαῦσαι
2733 4244 3034 4323 ταύταιςτό
3101 4244 3319 4323 καθόλου
3352 4244 3492 4323 ’τολ-

1759 4334 1804 4390 D
1836 4317 2249 4407 μησαςξπολλοῦ
2285 4317 2458 4388 γεκαὶ
2498 4317 2610 4405 ’δὴρ
2642 4324 2848 4407 χερσὶνη
2870 4319 3078 4407 αἰδέσαι
3133 4321 3163 4377 ἡ
3223 4318 3490 4406 μαστιξιν.

1859 4393 1987 4445 Οθεν
2018 4395 2108 4442 καὶ
2167 4394 2322 4462 σοφόν
2380 4409 2438 4462 τι
2491 4389 2560 4462 ἐν-
2815 4388 3247 4462 βουλευσάμενος,
3313 4392 3384 4452 ὡς
3435 4389 3494 4440 ἂν

1839 4467 1929 4516 καὶ
1952 4465 2017 4536 1'6
2046 4464 2190 4536 παρά
2238 4458 2501 4533 βασιλέως
2533 4458 2664 4533 δόξῃ
2696 4458 2945 4536 ἀφοσιούν
3000 4458 3091 4513 καί
3135 4458 3259 4536 τούς
3314 4465 3495 4536 συνόν-

1839 4554 1930 4608 τας
1951 4529 2131 4602 λάθοι,
2161 4529 2250 4595 ὡς’
2275 4537 2504 4608 τετυφὼς-
2539 4536 2614 4590 εἴη
2643 4529 2748 4585 τὸν
2784 4531 2951 4604 ἅγιον,
3000 4533 3281 4608 Απροϐάτου
3299 4603 3311 4608 _
3339 4529 3497 4608 δ-ορὰν

1844 4605 2056 4680 ἐνεγκὼν
2093 4608 2184 4656 καὶ
2233 4601 2424 4662 ταύτην
2466 4603 2568 4680 -ἐπὶ
2628 4612 2728 4656 τῶν
2785 4601 2936 4677 ὤμων
2989 4601 3094 4666 θεῖς
3149 4613 3240 4658 τοῦ
3291 4601 3496 4680 ἀνδρὸς,

1845 4674 1978 4729 κατὰ
2026 4675 2234 4737 ἐκείνης,
2290 4678 2358 4736 ὡς
2441 4674 2573 4748 εἶχε,
2650 4681 2744 4750 τὴν
2795 4674 2894 4728 τῶν
2939 4681 3210 4750 μαστίγων
3275 4674 3502 4729 ποιεῖται

1845 4751 2162 4821 καταφορὰν,
2217 4749 2277 4799 τὸ
2306 4750 2462 4821 μόνος
2488 4747 2948 4819 καταλειφθῆναί
2977 4747 3317 4821 μετά-μόνου
3375 4764 3500 4820 προ-

1851 4815 2322 4893 οικονομησάμενος
2395 4815 2489 4871 διὰ
2554 4823 2663 4893 τὴνᾉ
2713 4815 2831 4893 περὶ
2915 4815 3002 4869 τὸν
3060 4815 3246 4893 ἄνδρα,
3319 4815 3497 4893 φησὶν,

1851 4888 1986 4964 αἰδὼ
2007 4885 2097 4944 καὶ
2120 4885 2218 4964 την
2247 4899 2347 4964 τῶν
2385 4898 2590 4964 σαρκῶν
2640 4885 2868 4964 ἔκτηξιν.
2923 4895 3045 4964 Ἰνά
3211 4885 3502 4964 καὶςρανί-

1853 4960 1951 5034 δας
2004 4957 2356 5034 ὑποδεικνύειν
2406 4957 2503 5034 ἔχῃ
2554 4967 2646 5013 τοῦ
2673 4959 2775 5012 ἀπο
2808 4967 2927 5034 λτῶν
2992 4957 3212 5034 πληθῶν.
3261 4957 3499 5034 αἵματος,

1854 5031 2012 5096 αὖτὸς
2090 5031 2294 5098 ἐκεῖνος,
2380 5028 2691 5104 δι”γνώμης
2735 5030 3104 5104 Δεὐγνώμονος,
3163 5031 3250 5081 τὸν
3319 5028 3503 5104 οἰκεῖον

1856 5107 2110 5178 αἱμάσσει
2141 5103 2410 5176 βραχίονα
2439 5098 2669 5176 σιδηρίῳ
2728 5098 3052 5178 ἐκκεντῆσας,
3113 5105 3208 5178 ,καὶ
3266 5103 3324 5151 τὸ
3369 5098 3506 5178 ἐκεῖ·

1858 5170 1938 5250 θεν
2015 5170 2204 5250 ῥεύσαν
2251 5170 2371 5233 ’τὴν
2448 5170 2686 5246 μάστιγα
2776 5170 3054 5250 ἐπιϐάψας,
3119 5171 3254 5222 ούτω
3310 5172 3505 5250 ταύτην

1857 5243 2095 5317 ἐξελθὼνΔ
2147 5243 2388 5317 δείκνυσι
2449 5243 2631 5317 σαρκῖ
2692 5244 3051 5317 φοινιχθεῐσαν
3121 5247 3212 5294 καὶ
3267 5244 3507 5317 Ααῖματι,

1858 5319 2013 5380 αὐτὸς
2069 5314 2226 5376 δῆθεν
2280 5314 2582 5389 ἀσθμαινων
2637 5314 2725 5367 καὶ
2789 5315 3186 5386 ὑποκρινόμενος
3227 5315 3312 5367 τὸν
3352 5314 3509 5389 κατά-

1859 5409 2038 5460 κοπον,
2105 5393 2194 5440 καὶ
2270 5384 2568 5460 εύλ.ογηθείς
2635 5388 2780 5460 παρᾲ
2836 5384 2933 5436 τοῦ
2984 5384 3134 5438 ὁσίου
3192 5387 3219 5460 6
3273 5384 3509 5460 θεοφιλὴς

1861 5453 2033 5530 οὗτος,
2097 5464 2186 5512 καὶ
2231 5453 2414 5530 εὐχαῖς
2493 5465 2609 5519 ταῖς
2701 5453 2905 5530 αύτοῦῌ
2951 5459 3300 5530 προπεμφθεὶς
3365 5453 3510 5530 ξὸδοῡ

1864 5525 2059 5604 εἴχετο,
2087 5525 2467 5605 μισθὸνῖύτως
2514 5531 2750 5603 ὑπερφυᾶ
2795 5525 3075 5582 καλλίστου
3120 5525 3285 5604 ’ἔργον
3353 5525 3512 5593 δεξά-

1864 5623 2032 5676 μενος.
2059 5607 2198 5659 ALL.
