3966 6324
541 337 674 391 1095

1815 324 2100 382 GEORGII
2125 319 2584 380 ACROPOLITE

3803 325 3918 376 1096

535 473 671 514 esse
728 461 980 530 poterat,
1023 454 1364 523 efﬂuxisset,
1418 455 1741 524 Spartenus
1789 448 2050 504 velocius
2103 446 2183 503 ad
2219 449 2266 502 A
2300 443 2421 498 ϐδοι

2300 443 2447 506 ϐδοις
2493 448 2639 516 τάχα
2713 450 2800 498 τὸν
2861 448 3137 517 Καμπανὸν
3196 444 3386 506 ἐτάζων
3431 443 3810 515 ἀποκαλύψαι
3868 451 3919 496 τὰ

537 547 894 604 Demetrium
915 544 1198 616 pervolat,
1216 547 1276 598 et
1292 541 1439 611 inﬁt,
1464 564 1492 591 α
1515 544 1658 596 Rem
1683 539 1786 595 tibi
1806 541 2185 593 sacramento

535 637 858 693 corroboro
881 651 984 707 per
1005 639 1172 689 tuum
1191 639 1246 688 et
1271 639 1547 687 nostrum
1567 630 1842 686 omnium
1866 628 2184 683 dominum

535 725 895 780 Demetrium
952 721 1398 778 Thessalonices
1463 725 1799 775 curatorem
1857 733 1926 773 ac
1977 715 2184 771 mode-

529 821 810 882 ratorem,
831 832 861 866 »
896 829 1017 886 quo
1041 828 1185 868 sane
1218 815 1594 867 sacramento
1625 807 1790 880 apud
1809 806 2182 862 Thessaloni-

530 919 738 959 censes
759 902 844 958 nil
869 902 1218 968 solemnius,
1243 900 1322 955 nil
1347 900 1608 954 sanctius
1628 896 1951 966 excogitari
1968 895 2181 967 potuit,

530 1015 557 1044 ‹‹
591 1008 712 1048 non
733 990 886 1047 alius
910 994 1250 1062 aSparteno
1281 991 1627 1060 Campanus
1647 991 1752 1052 est,
1781 985 1885 1057 qui
1911 1000 2081 1056 aeque
2111 999 2183 1039 ac

529 1083 872 1153 Spartanus,
905 1095 1026 1152 quo
1055 1079 1290 1134 nullum
1320 1078 1469 1133 inter
1489 1075 1769 1132 mortales
1807 1074 2068 1146 reliquos
2099 1071 2183 1128 tui

529 1169 949 1225 studiosiorem
967 1166 1303 1237 cognoscis,
1323 1166 1384 1221 in
1416 1170 1471 1221 te
1498 1164 1702 1221 animo
1729 1162 1978 1218 affectus
2005 1165 2113 1216 est.
2153 1183 2174 1209 ι

530 1257 620 1313 Sic
654 1259 977 1330 Spartanus
1039 1255 1232 1312 scelus
1273 1253 1419 1309 alias
1477 1251 1880 1321 detegendum
1932 1249 2180 1321 provide

528 1347 806 1402 exhausit
835 1351 891 1402 et
910 1344 1227 1417 quaestioni
1255 1343 1439 1398 ﬁnem
1470 1341 1623 1397 fecit.
1654 1341 1832 1411 Igitur
1855 1339 2182 1411 imperator

523 1438 780 1492 Joannes
794 1450 915 1491 una
929 1449 1064 1488 cum
1091 1433 1274 1488 milite
1304 1431 1498 1503 primo
1527 1428 1790 1485 diluculo
1815 1427 2181 1483 Thessaloni-

525 1541 659 1581 cam
687 1523 948 1596 appellit,
983 1523 1187 1593 ibique
1226 1526 1424 1576 castra
1453 1519 1621 1590 ponit
1649 1537 1662 1573 :
1693 1533 1832 1572 nam
1865 1515 2178 1572 obsidione

2295 537 2506 609 κρύφια.
2547 534 2737 596 Ἀσκὸς
2763 531 2821 587 δε
2867 531 2949 602 ἦν,
2997 534 3057 586 ού
3117 539 3412 606 Καμπανὸς,
3479 536 3505 586 6
3561 538 3914 606 τυπτόμως,

2295 625 2438 676 Ἐπεὶ
2470 620 2528 676 δὲ
2557 626 2585 682 ἡ
2628 622 2865 698 ἀρκοῦσα
2910 625 3019 696 ὡρα
3063 628 3254 697 παρῄει
3312 629 3402 676 καὶ
3457 623 3544 696 [Ρ.
3610 623 3721 696 45]
3787 625 3915 685 ἀξίω

2294 713 2518 785 ἐτασμὸν
2553 711 2878 782 δεδυνημένη
2918 715 3247 771 ποιήσασθαι
3286 719 3374 766 καὶ
3429 717 3712 766 ἔκπυστον
3772 716 3916 766 θεῖναι

2292 809 2382 854 καὶ
2444 807 2501 856 τὸ
2570 802 2618 854 ἐν
2672 811 2866 875 μυχοῖς
2931 801 3250 874 βαθυτάτοις
3304 801 3601 874 ἐγκείμενον
3668 803 3912 878 σςόῥητον,

2292 895 2355 952 ὡς
2386 889 2498 964 εἶχε
2524 889 2700 944 ποδῶν
2726 894 2752 944 6
2792 895 3088 965 Σπαρτηνὸς
3137 890 3346 963 ἀφίκετο
3397 895 3522 966 πρὸς
3568 895 3665 945 τὸν
3745 899 3913 964 Δημη-

2290 1001 2452 1054 τριον,
2495 987 2583 1034 καί
2613 984 2663 1034 οἰ
2692 1001 2824 1054 φησι
2854 1003 2865 1014 ·
2895 1004 2924 1032 ι(
2966 986 3222 1049 Δέσποτα,
3255 983 3388 1056 ὅρκῳ
3432 1001 3492 1033 σε
3557 989 3843 1035 πιστώσω
3865 1003 3910 1034 τε

2289 1077 2527 1144 πρᾶγμα.
2561 1075 2650 1124 Μὰ
2704 1075 2792 1124 τὸν
2855 1074 2943 1124 σὸν
2997 1076 3086 1123 καὶ
3132 1073 3280 1143 ἡμῶν
3330 1070 3577 1123 ἁπάντων
3646 1068 3912 1126 δεσποτξν

2292 1165 2607 1235 Δημήτριον,
2654 1164 2740 1212 τὸν
2833 1157 3101 1232 κηδεμόνα
3186 1168 3278 1220 τῆς
3351 1160 3774 1221 Θεσσαλονίκης
3833 1169 3909 1212 καὶ

2289 1248 2573 1320 πολιοῦχον
2611 1250 2728 1322 (91)
2762 1271 2790 1300 ››
2818 1249 2989 1320 (οὗτός
3022 1245 3082 1302 δὲ
3111 1251 3136 1300 6
3187 1251 3332 1324 ὅρκος
3372 1253 3517 1322 παρὰ
3557 1251 3910 1304 ΔΘεσσαλονι-

2289 1347 2438 1391 κεῦσι
2477 1339 2625 1392 πλέον
2678 1348 2778 1390 τῶν
2817 1338 2978 1390 ἄλλων
3053 1340 3217 1414 ὅρκων
3283 1338 3508 1410 ἰσχύει),
3576 1362 3612 1389 ‹ι
3679 1345 3912 1399 τοιοῦτὸς

2290 1426 2430 1479 ἐστιν
2501 1430 2527 1480 ὁ
2582 1432 2860 1502 Καμπανὸς
2919 1430 3090 1488 ὁποῖὸς
3147 1427 3288 1480 ἐστιν
3343 1430 3370 1480 6
3427 1433 3779 1503 Σπαρτηνὸς,
3833 1451 3912 1480 και

2289 1517 2454 1579 ούτως
2483 1514 2746 1570 διάκειται
2771 1522 2889 1592 περὶ
2921 1521 2977 1570 σε
3022 1519 3254 1589 καθάπερ
3309 1513 3377 1575 δὴ
3433 1523 3527 1570 καὶ
3576 1520 3606 1569 6
3671 1527 3912 1592 Σπαρτι-

525 1629 660 1669 eam
682 1614 936 1682 cingere,
958 1627 1096 1666 cum
1117 1610 1196 1666 ad
1218 1608 1620 1665 obsidendum
1642 1606 1978 1662 necessaria
2004 1604 2176 1660 mini-
2220 1589 2259 1643 Β
2287 1610 2392 1675 νὸς,

2287 1610 2392 1675 νὸς,
2452 1607 2506 1659 ὃν
2555 1606 2836 1682 ἀνθρώπων
2894 1607 3131 1659 ἁπάντων
3191 1605 3338 1659 πλέον
3392 1625 3449 1659 σε
3490 1607 3765 1678 φιλοῦντα
3826 1608 3909 1659 ἐπ-

523 1717 620 1758 me
639 1705 1046 1772 suppeterent,
1059 1715 1182 1754 non
1202 1701 1454 1770 poterat.
1471 1695 1974 1752 Caduceatoribus
1996 1709 2176 1766 porro

2286 1701 2528 1767 ἐγνωκας.
2569 1719 2596 1746 ››
2655 1697 2835 1756 Ούτως
2889 1697 2913 1747 6
2962 1699 3258 1770 Σπαρτηνὸς
3304 1699 3398 1754 τὴν
3454 1696 3770 1768 μέλλουσαν
3813 1720 3910 1769 φω-

2283 1787 2503 1859 ραθῆναι
2572 1781 2916 1860 ῥᾳδιουργίαν
2986 1787 3323 1856 οἰκονομικῶς
3399 1781 3793 1840 διεσκέδασεν.
3857 1787 3907 1838 Ὀ

2282 1878 2371 1947 μὲν
2407 1871 2493 1927 οὖν
2526 1873 2770 1947 βασιλεὺς
2814 1875 3048 1935 Ἰωάννης
3116 1873 3321 1948 ἀπάρας
3387 1877 3453 1926 τὰ
3522 1881 3907 1951 στρατεύματα

2283 1963 2366 2017 ἐπὶ
2413 1969 2507 2022 τὴν
2561 1963 2949 2021 Θεσσαλονίκην
3030 1963 3082 2026 ἐξ
3157 1963 3313 2037 ὀρθοῦ
3380 1971 3574 2039 χωρεῖ,
3644 1972 3745 2019 καὶ
3799 1973 3904 2039 περὶ

2281 2057 2476 2112 ταύτην
2525 2049 3061 2127 ἐστρατοπεδεύσατο.
3094 2051 3451 2127 Πολιορκῆσαι
3654 2058 3765 2129 γὰρ
3823 2058 3905 2107 οὐκ

2282 2139 2342 2201 ἦν
2372 2143 2513 2214 αύτῷ
2541 2143 2623 2216 (ού
2676 2145 2778 2214 γὰρ
2834 2141 3092 2214 ἀρκούσας
3138 2139 3252 2213 εἶχε
3306 2144 3396 2202 τὰς
3425 2141 3518 2194 ἐπὶ
3561 2147 3752 2214 τούτῳ
3817 2141 3904 2196 ὃν-

2278 2235 2566 2306 νάμεις¹⁸),
2623 2231 2902 2305 πρεσϐείας
2934 2228 2992 2284 δε
3055 2230 3236 2298 ἐποίει,
3297 2236 3388 2284 καὶ
3443 2231 3635 2293 ἐζήτει
3693 2234 3902 2296 ἐξελθεῖν

2278 2327 2410 2396 πρὸς
2470 2323 2621 2375 αύτόν
2678 2326 2765 2374 τὸν
2820 2327 3132 2395 Δημήτριον,
3208 2322 3381 2382 καθὼς
3470 2317 3534 2378 ἦν
3592 2323 3904 2395 ὠμοσμὲιεν

2277 2413 2439 2480 αύτῷ,
2472 2414 2546 2464 ἔτι
2599 2407 2658 2464 δὲ
2711 2419 2935 2469 ποιῆσαι
3011 2416 3102 2463 καὶ
3161 2409 3354 2484 ἀγορὰν
3385 2410 3481 2472 ἔξω
3555 2420 3661 2472 τῆς
3717 2412 3904 2472 πόλεως

2277 2501 2689 2567 Θεσσαλονίκης,
2723 2503 2791 2561 ὡς
2822 2498 2880 2551 ἂν
2921 2503 3091 2571 ἔχοιεν
3146 2500 3391 2551 ὠνεῖσθαι
3427 2503 3497 2551 τὰ
3529 2499 3794 2573 χρειώδη
3847 2506 3904 2552 τὰ

2277 2595 2662 2666 στρατεύματα.
2724 2590 2783 2642 Ὀ
2869 2587 2928 2642 δὲ
3010 2596 3116 2649 τοῖς
3195 2587 3490 2651 ἐπιϐούλοις
3572 2591 3898 2662 συμϐούλοις

524 1790 897 1853 Demetrium,
928 1794 991 1844 ut
1013 1789 1139 1860 ipse
1165 1788 1400 1858 juratus
1421 1786 1540 1857 89
1589 1784 1933 1856 imperatori
1961 1784 2173 1850 fuerat,

524 1878 602 1934 ad
635 1895 698 1933 se
730 1877 998 1939 accersit,
1023 1876 1481 1948 emporiumque
1503 1873 1792 1946 poscebat
1818 1877 1985 1928 extra
2004 1872 2175 1927 Thes-

524 1966 874 2033 salonicam,
903 1967 964 2022 in
995 1981 1117 2038 quo
1170 1964 1403 2029 milites,
1435 1978 1568 2036 qua;
1618 1962 1732 2018 sibi
1788 1962 1920 2017 usui
1947 1963 2170 2028 essent,

521 2057 710 2128 pretio
757 2059 1114 2111 coemerent.
1146 2053 1243 2110 Ille
1273 2069 1309 2109 a
1337 2053 1753 2108 consultorum
1781 2050 2012 2107 insidiis
2059 2049 2173 2105 sibi

519 2161 642 2202 non
658 2160 1024 2218 prmcavens,
1050 2143 1222 2199 dictis
1242 2158 1451 2198 eorum
1468 2141 1913 2202 obsecundans,
1937 2137 2081 2194 nihil
2098 2154 2172 2194 ex

517 2235 608 2290 his
629 2251 762 2307 quae
792 2235 1109 2306 imperator
1137 2233 1431 2288 indixerat
1451 2236 1764 2286 exsecutus
1791 2235 1901 2287 est.
1938 2228 2171 2284 Paucis-

517 2324 700 2379 simos
712 2324 981 2398 postdies
998 2337 1186 2394 parva
1198 2320 1452 2376 militum
1469 2335 1686 2375 manus
1706 2319 1867 2390 apud
1887 2317 2166 2390 pusillam

515 2412 681 2468 urbis
704 2418 938 2484 portam
970 2417 1027 2467 et
1047 2426 1212 2466 mare
1247 2414 1618 2480 spectantem
1651 2407 2170 2472 udsidens,custo-

514 2500 806 2572 diensque
837 2516 909 2554 ne
944 2500 1079 2570 quis
1114 2515 1184 2554 ex
1212 2498 1360 2554 urbe
1389 2513 1460 2552 ex
1516 2498 1841 2568 improviso
1897 2498 2164 2569 irrepens

513 2589 760 2644 militem
790 2589 1048 2653 lmderet,
1081 2588 1293 2643 oborto
1322 2587 1460 2642 inde
1505 2587 1765 2643 clamore
1805 2593 2042 2658 portam
2086 2589 2166 2645 ab

512 2679 584 2734 iis
608 2679 712 2750 qui
741 2679 900 2734 intus
926 2681 1096 2734 erant
1119 2685 1392 2749 apertam
1435 2677 1642 2741 fuisse,
1694 2677 2020 2734 clamorem
2075 2679 2164 2735 in-

512 2767 796 2838 sequitur,
823 2771 878 2822 et
911 2766 1222 2821 universus
1252 2765 1542 2820 exercitus
1563 2770 1699 2838 post
1727 2782 1862 2822 eam
1891 2773 2160 2824 armatus

511 2872 649 2912 cum
663 2856 1016 2927 imperatore
1031 2854 1342 2910 confestim
1356 2854 1836 2912 Thessalonicam
1852 2857 2159 2927 ingressus

509 2945 714 3001 omnia
749 2950 1067 3017 occupant.
1091 2947 1417 3016 Imperator
1440 2945 1500 3000 in
1529 2951 1703 3016 porta
1728 2947 1893 3001 urbis
1921 2964 2057 3020 qua:
2097 2949 2157 3003 in
2190 2941 2229 2996 C
2267 2953 2421 3020 μικρά

2278 2953 2457 3020 μικρᾶς
2483 2947 2650 3008 πύλης
2688 2955 2782 3008 τῆς
2833 2948 2978 3019 παρὰ
3041 2954 3103 3018 τῇ
3157 2945 3391 3018 θαλάσση
3457 2945 3575 3019 [καὶ
3640 2947 3888 3020 ἐπονομαο

507 3035 794 3090 orientem
835 3034 1041 3104 vergit,
1076 3034 1250 3089 stetit.
1298 3033 1516 3088 Aderat
1546 3039 1603 3089 et
1667 3037 1939 3092 Demetrii
1990 3053 2160 3094 soror
2269 3037 2421 3108 ζομέν

2278 3037 2487 3108 ζομένης
2521 3035 2591 3108 ¹¹ν]
2625 3033 2660 3088 δ
2666 3038 2718 3087 ιὰ
2743 3039 2801 3087 τὸ
2839 3040 2912 3107 μὴ
2974 3033 3281 3110 ἀπροόπτως
3330 3034 3550 3097 ἐξελθεῖν
3611 3057 3774 3098 τινας
3798 3046 3887 3089 τῶν

506 3120 693 3188 Irene,
720 3121 1109 3191 Bulgarorum
1151 3120 1336 3176 Asani
1359 3136 1528 3187 uxor,
1575 3121 1848 3193 supplex,
1900 3123 2157 3192 genibus
2266 3133 2420 3186 τῆςπ

2278 3133 2358 3186 τῆς
2381 3125 2572 3187 πόλεως
2601 3130 2692 3177 καί
2718 3143 2859 3186 τινας
2916 3123 3259 3197 λυμαίνεσθαι
3305 3132 3404 3176 τῶν
3461 3123 3519 3176 ἐκ
3573 3134 3681 3178 τοῦ
3741 3147 3892 3200 στρα-

502 3209 646 3267 nixa
690 3216 746 3266 et
782 3209 1286 3282 lacrymabunda,
1341 3225 1597 3266 exorans
1635 3226 1709 3265 ne
1756 3210 1935 3267 frater
1969 3214 2159 3270 oculis
2266 3214 2421 3285 τοῦ,ί

2278 3222 2376 3285 τοῦ,
2407 3212 2728 3276 ἐξαπίνηςέκ
2756 3217 2954 3274 ταύτης
3001 3212 3223 3285 ἐγεγόνει
3271 3211 3371 3286 βοὴ
3427 3216 3496 3275 ὡς
3554 3217 3815 3272 ἧνοικται
3862 3218 3886 3273 ξ

502 3299 930 3356 obcaecaretur.
969 3300 1297 3354 Demetrius
1326 3298 1384 3353 in
1416 3314 1616 3355 arcem
1643 3299 1807 3371 prius
1847 3317 1973 3356 sese
2001 3318 2158 3359 rece-
2264 3303 2402 3362 πύλη

2278 3303 2402 3362 τύλη
2433 3306 2577 3377 παρὰ
2603 3322 2734 3364 τινος
2763 3312 2863 3355 τῶν
2896 3302 3052 3370 ἐντὸς,
3099 3307 3189 3354 καὶ
3354 3300 3453 3374 βοῇ
3516 3310 3808 3358 συνείπετο
3861 3307 3886 3359 i:

502 3393 689 3460 perat.
714 3390 910 3457 Soror,
930 3388 1262 3459 spondente
1279 3403 1348 3443 ac
1362 3387 1758 3458 jurejurando
1777 3390 2156 3460 promittente
2263 3413 2421 3467 παρας

2278 3392 2744 3467 παραφυλάττουσα
2793 3388 3037 3464 δύναμις,
3093 3397 3182 3444 καὶ
3236 3394 3447 3464 σύμπαν
3503 3388 3566 3444 δε
3620 3397 3691 3445 τὸ
3726 3396 3887 3468 στρά-

500 3476 862 3547 imperatore
901 3476 1107 3532 oculos
1147 3492 1287 3532 eum
1327 3491 1448 3531 non
1483 3477 1866 3548 amissurum,
1911 3479 2154 3537 fratrem
2263 3502 2421 3555 τευμα

2278 3502 2428 3555 τευμα
2458 3481 2700 3535 ὁπλισθεν
2747 3485 2876 3554 μετὰ
2911 3490 3005 3534 τοῦ
3055 3489 3367 3555 κρατοῦντος
3421 3480 3629 3552 ἐφοίτα.
3693 3490 3802 3537 Καὶ
3844 3484 3884 3535 ἐν

502 3564 900 3620 adolescentis
931 3569 1167 3620 {etatem
1211 3569 1515 3620 maturam
1561 3565 1894 3622 admodum
1923 3585 2046 3640 prae.
2091 3587 2154 3627 se
2265 3571 2421 3646 ἁκαρε

2278 3571 2448 3646 Ξικαρεῖ
2481 3575 2671 3632 πάντας
2703 3569 2840 3643 εἶχεν
2892 3572 2923 3628 ἡ
2981 3570 3338 3628 Θεσσαλονίκη
3396 3573 3514 3630 τοὺς
3567 3579 3673 3624 τοῦ
3734 3571 3886 3645 βασε-

501 3652 808 3724 ferentem,
843 3653 948 3708 sed
985 3652 1185 3709 adhuc
1239 3652 1592 3716 imberbem,
1631 3653 1824 3712 forma
1871 3662 1926 3712 et
1956 3660 2153 3730 specie
2260 3661 2387 3724 λίως

2278 3667 2387 3724 νέως
2463 3660 2621 3722 ἐντός.
2687 3659 2746 3712 Ὀ
2805 3657 2865 3712 δὲ
2910 3658 3154 3732 βασιλεὺς
3225 3663 3350 3717 ἔστη
3402 3662 3547 3734 παρὰ
3609 3666 3717 3720 τήν
3757 3665 3879 3734 πρὲς

500 3743 828 3812 egregium,
869 3743 947 3799 ad
997 3743 1420 3814 imperatorem
1472 3743 1700 3800 detulit.
1745 3747 1888 3802 Eam
1923 3747 2151 3806 honore
2262 3751 2421 3804 ἀνατοῖ

2278 3751 2508 3812 ἰτνατολὰς
2543 3749 2837 3823 βλέπουσαν
2896 3748 3062 3806 πύλην
3127 3756 3222 3809 τῆς
3275 3748 3490 3816 πόλεως,
3553 3755 3654 3801 καὶ
3701 3753 3733 3808 ἡ
3796 3757 3877 3803 τοῦ

499 3833 733 3930 ornavit
772 3833 1123 3904 imperator:
1165 3837 1233 3889 ut
1268 3833 1426 3888 enim
1473 3832 1574 3888 illa
1621 3849 1778 3906 equo
1821 3837 2148 3909 descendit,
2257 3847 2421 3914 Δημη·

2278 3846 2560 3915 ιημητρίου
2619 3836 2814 3912 ἀδελφὴ
2849 3839 3066 3912 Εἰρήνη,
3124 3840 3154 3896 ἡ
3206 3847 3298 3890 τοῦ
3350 3837 3666 3910 Βουλγάρων
3722 3841 3879 3894 Ἀσίη

496 3922 822 3993 imperator
838 3925 1016 3978 etiam
1039 3939 1072 3978 a
1094 3923 1337 3994 proprio
1358 3922 1630 3977 vehiculo
1651 3924 1946 3994 exsiliens,
1966 3928 2150 3998 pedes
2257 3950 2421 4004 γαμετ

2278 3935 2481 4004 γαμετὴ,
2554 3936 2915 4001 γονυπετοῦσα
2986 3933 3096 3980 και·
3154 3932 3472 3999 ποτνιωμένη
3546 3932 3621 3998 μή
3698 3933 3876 3982 παθεῖν

498 4009 617 4080 90
643 4027 782 4066 cum
814 4027 885 4067 ea
907 4013 1082 4067 stetit.
1127 4011 1546 4068 Thessalonica
1600 4011 1713 4066 hac
1764 4013 1994 4070 ratione
2039 4017 2148 4073 sub
2258 4025 2343 4072 τὸν
2399 4018 2421 4070 a’

2278 4025 2343 4072 ἐὸν
2399 4015 2618 4089 ἀδελφὸν
2674 4017 2834 4077 αὐτῆς
2882 4025 2982 4068 τῶν
3027 4015 3300 4088 ὀφθαλμῶν
3354 4020 3624 4088 στέρησιν.
3699 4017 3758 4069 Ὀ
3825 4016 3877 4070 δὲ

495 4098 870 4172 imperatoris
908 4101 1152 4156 Joannis
1204 4101 1424 4156 ditione
1469 4101 1629 4157 facta
1672 4107 1758 4157 est
1795 4103 1918 4159 imo
1948 4107 2147 4176 potius
2258 4113 2421 4180 Δημήτ

2278 4113 2550 4181 ιημήτριος
2603 4108 2726 4180 ἔφθη
2777 4105 2849 4168 εἰς
2895 4109 2988 4163 τὴν
3041 4103 3320 4180 ἀκρόπολιν
3371 4103 3578 4164 ἀναϐὰς.
3651 4106 3875 4178 Ἐγγύας

497 4189 610 4244 sub
655 4189 839 4244 tutela
871 4192 1278 4245 Romanorum
1309 4191 1602 4262 acquievit
1661 4209 1672 4242 :
1725 4191 1880 4248 illius
1930 4195 2147 4252 etenim
2261 4196 2319 4252 δὲ
2376 4198 2421 4250 ἐν

2278 4196 2319 4251 li:
2376 4198 2658 4269 ἐνωμότους
2714 4199 2841 4270 πρὸς
2919 4203 3008 4248 τοῦ
3065 4193 3319 4268 βασιλέως
3368 4193 3600 4246 λαϐοῦσα
3669 4200 3739 4256 ὡς
3789 4199 3872 4248 οὐκ

496 4276 722 4332 domini
749 4279 1029 4332 Romanis
1049 4279 1348 4334 contraria
1367 4279 1720 4335 sentiebant.
2270 4287 2421 4340 ἁπολέ

2278 4287 2508 4340 Ξιπολέσει
2563 4287 2711 4347 οὗτος
2772 4288 2889 4344 τοὺς
2942 4284 3235 4356 ὀφθαλμοὺς
3285 4285 3352 4352 ¹⁵,
3412 4283 3568 4355 ἀπῄει
3621 4304 3683 4338 τε
3737 4290 3873 4359 παρὰ

496 4383 581 4416 τον
640 4361 855 4437 αδελφον
910 4372 999 4418 καὶ
1051 4370 1179 4439 πρὸς
1225 4371 1311 4418 τὸν
1361 4366 1585 4439 βασιλέα
1638 4376 1814 4419 τοῦτον
1868 4369 2116 4446 ἐξήγαγεν
2152 4375 2251 4436 ’ἦν
2307 4374 2366 4428 δὲ
2421 4380 2580 4447 φέρων
2629 4375 2777 4436 οὗτος
2807 4379 2902 4432 τὴν
2950 4372 3156 4431 ἠλικίαν
3215 4381 3307 4424 τοῦ
3361 4377 3628 4447 μείρακος,
3706 4395 3868 4450 προσ-

495 4460 635 4538 εχῶς
701 4453 771 4513 εἰς
833 4455 994 4512 αὐτὴν
1042 4455 1391 4530 παραγγείλας
1442 4461 1530 4507 καὶ
1585 4462 1742 4528 μήπω
1791 4462 2032 4530 χνοάζων
2075 4469 2134 4518 τὸ
2181 4471 2393 4538 γένειον,
2449 4467 2637 4536 ὡραῖος
2690 4460 2748 4515 δὲ
2792 4466 2848 4515 τὸ
2905 4459 3043 4524 εἶδος
3094 4467 3184 4514 καὶ
3241 4466 3333 4519 τὴν
3397 4466 3549 4534 φυήν.
3608 4469 3870 4536 Τετίμιςκε

497 4536 555 4592 δε
585 4559 776 4638 τας-δτηξ
807 4561 832 4594 ο
873 4541 1117 4614 βασυιεύς
1159 4564 1170 4576 ⁸
1208 4546 1250 4578 ¹⁶
1280 4547 1349 4604 ὡς
1399 4546 1499 4617 γὰρ
1548 4543 1722 4606 ’ἀπέδὴ
1788 4549 1917 4608 αὖτὴ
1972 4560 2060 4604 τοῦ
2118 4555 2300 4621 ἵππου,
2355 4561 2644 4612 τηνικαῦτα
2706 4555 2796 4604 καὶ
2848 4553 2873 4603 6
2933 4549 3186 4623 βασιλεὺς
3236 4557 3327 4602 τοῦ
3389 4549 3580 4602 οἰκείου
3647 4551 3869 4625 ὄχημα-

492 4648 575 4690 τος
637 4630 835 4694 αποϐας
889 4636 1042 4694 πεζὸς
1101 4634 1285 4690 ἕστηκε
1343 4637 1436 4684 σὺν
1494 4634 1623 4707 αὐτῇ
1693 4638 1756 4691 ³⁷.
1823 4637 1881 4691 Ἠ
1942 4645 2032 4712 μὲν
2090 4640 2178 4696 οὖν
2226 4644 2374 4706 πόλις
2450 4641 2809 4700 Θεσσαλονίκη
2865 4642 3028 4702 οὕτως
3081 4642 3183 4692 ύπὸ
3234 4643 3322 4692 τὸν
3377 4637 3606 4711 βασιΜα
3659 4649 3870 4715 γέγονεν

1619 4726 1668 4776 οἱ
1693 4727 1792 4798 γὰρ
1833 4727 1996 4788 αὐτὴν
2038 4740 2343 4807 κρατοῦντες
2384 4732 2764 4806 ἐναντιόφρονες
2816 4730 3087 4804 Ῥωμαίοις
3123 4728 3325 4783 ἐτέλουν
3360 4729 3429 4786 1⁸.

2271 2687 2538 2756 χρώμενος
2611 2677 2761 2733 οὐδέν
2816 2699 2869 2732 τι
2906 2687 3006 2730 τῶν
3062 2681 3310 2731 τοιούτων
3354 2687 3587 2736 ποιῆσαι
3652 2701 3898 2756 παρεχω-

2268 2778 2427 2842 ρεῖτο.
2464 2772 2605 2822 Πάνυ
2651 2765 2710 2821 δὲ
2737 2767 2920 2838 ὀλίγων
2973 2769 3177 2842 ἡμερῶν
3234 2764 3730 2841 παραδραμουσῶν
3801 2771 3895 2822 ὀλι-

2267 2879 2363 2930 γου
2439 2862 2578 2920 τινὸς
2650 2860 3040 2930 στρατεύματος
3113 2856 3334 2914 πλησίον
3421 2859 3725 2930 ἱσταμένου
3809 2869 3892 2918 τὲς

493 4717 752 4790 Ἰωάννην,
792 4720 982 4793 μᾶλλον
1023 4718 1081 4773 δὲ
1118 4723 1217 4774 ὑπὸ
1247 4721 1526 4795 Ῥωμαίους
1567 4745 1581 4758 ο

563 4899 621 4982 ³⁸.
635 4901 784 4982 01l—
814 4897 1062 4975 δυνάμεις
1084 4917 1210 4982 9m.
1244 4905 1308 4958 Ι).
1356 4977 1364 4982 _
1425 4906 1469 4940 ¹⁴
1497 4910 1585 4958 καὶ
1611 4905 2057 4982 ἐπονομαζομένης
2093 4926 2218 4970 om.

518 4970 543 4988 ν
563 4907 621 4985 ι’,
635 4907 784 4992 01},—
814 4907 1062 4975 δυνάμεις
1084 4917 1210 4992 9m.
1244 4907 1308 4958 Ι).
1356 4977 1365 4992 .
1425 4907 1469 4940 “
1497 4910 1585 4992 καὶἷ
1611 4907 2057 4982 ἐπονομαζομένης
2093 4926 2218 4970 om.
2332 4911 2377 4947 ¹⁵
2405 4915 2421 4962 a'

2332 4911 2377 4947 ¹δ
2405 4914 2468 4992 ὡς
2500 4941 2567 4992 Τ
2619 4908 2914 4992 ὀφθαλμούς
3095 4907 3169 4992 9‘.
3291 4908 3338 4943 ¹⁶
3369 4910 3504 4992 ante
3535 4909 3605 4969 ὡς
3637 4939 3713 4949 -—-
3770 4911 3863 4992 D“:

518 4970 543 4988 ν
564 4931 692 4985 --νυυ
713 4932 784 4942 -—
814 4931 1062 4975 υυνυιμεις
1087 4931 1210 4986 uim.
1244 4931 1308 4958 υ.
1427 4931 1469 4940 ’⁷
1497 4931 1585 4958 και
1611 4931 2057 4982 ἐπονομαεομενης
2093 4931 2218 4970 om.
2334 4931 2377 4947 “’
2405 4931 2468 4972 ως
2500 4941 2567 4952 —
2619 4931 2780 4983 οφυαΛ

488 4987 573 5024 οια
601 4977 796 5038 ἐκείνης
829 4975 1284 5048 σχηματιζομενος
1310 4977 1404 5034 τὴν
1433 4983 1768 5036 ταπείνωσιν.
1882 4983 1923 5017 ¹⁷
1960 4990 2050 5034 τοῦ
2081 4983 2268 5036 οἰκείου
2300 5015 2367 5026 -
2399 4983 2525 5055 αὐτῇ
2584 4997 2705 5040 om.

2948 4981 2991 5016 1⁸
3044 4979 3234 5054 μᾶλλον
3264 4978 3563 5032 -ἐτέλουν
3614 4995 3752 5038 om.
3803 4982 3860 5037 D.

1371 5152 1710 5223 Theodori
1759 5159 2010 5227 Dousae
2060 5168 2126 5227 et
2173 5157 2427 5229 Leonis
2471 5158 2706 5227 Allatii
2754 5166 2956 5225 notae.

2243 5323 2334 5362 νην
2363 5319 2378 5371 ;
2413 5310 2518 5362 πῶς
2548 5304 2647 5354 ὑπο
2683 5306 2769 5375 σοί
2798 5301 3068 5375 πολιούχῳ
3092 5301 3122 5358 ἡ
3176 5299 3386 5373 ἐχθροῖς
3427 5297 3649 5364 ἄϐατος,
3686 5300 3778 5375 ἄρ’
3807 5303 3858 5354 οὔ

2245 5380 2440 5448 χρόνου
2485 5378 2680 5448 ταύτην
2726 5373 2869 5435 ἣλιος
2925 5371 3205 5444 ἐθεάσατο,
3231 5371 3500 5448 τοσούτων
3561 5371 3746 5424 κακῶν
3799 5376 3856 5434 εἰς

2244 5440 2424 5522 πεῖραν
2482 5445 2675 5518 ἐγένετο
2709 5462 2721 5513 ;
2755 5455 2864 5508 πῶς
2916 5454 3009 5506 τῆς
3069 5440 3187 5496 τῶν
3219 5440 3619 5496 δυσσεϐούντων
3671 5445 3852 5518 ὀφρύος

2245 5518 2475 5594 ἠνέσχου
2521 5521 2949 5594 κατορχουμένης
2997 5523 3089 5594 τῆς
3137 5518 3272 5590 ἱερᾶς
3327 5521 3668 5594 προστασίας
3702 5536 3716 5586 ;
3753 5526 3848 5577 πῶς

2244 5585 2519 5663 ὑπέμέινας
2539 5585 2822 5645 ταῦτα’κάὶ
2849 5585 3154 5663 διεκαρτέρη
3165 5585 3261 5652 σας
3284 5603 3298 5657 ;
3323 5585 3458 5644 ΑΗ..

556 5296 668 5369 (91)
709 5296 1016 5364 Quomodo
1040 5299 1101 5354 S.
1139 5299 1464 5353 Demetrius
1488 5299 1561 5355 sit
1587 5300 2016 5358 Thessalonicae
2038 5323 2135 5362 κη-

486 5362 658 5446 ᾂεμὼν
695 5362 752 5424 et
785 5370 1100 5446 λπςλισῡχᾳς,
1151 5369 1300 5446 inter
1333 5371 1811 5446 _alios__pluribus
1854 5375 2134 5446 explicuit

483 5440 746 5517 goan‘nes
778 5441 1120 5517 Stauracius
1151 5441 1224 5496 de
1265 5440 1566 5517 miraculis
1625 5445 1696 5517 S._
1725 5440 2035 5517 Demetrii.
2072 5449 2136 5501 Et

482 5509 761 5590 Nicolaus
787 5513 1128 5590 patriarcha
1159 5513 1448 5590 monodia
1477 5514 1548 5567 de
1566 5513 1816 5590 excidia
1829 5517 2136 5590 Thessalo-

482 5586 756 5658 nicensig:
799 5589 907 5634 Ποῦ
975 5603 1086 5658 μοι,
1163 5588 1412 5658 Δημὲτριε
1499 5586 1723 5658 μάρτυς,
1795 5588 1825 5645 ἡ
1889 5586 2137 5652 ἀήττητος

484 5656 819 5727 συμμαχία,
861 5653 985 5715 πῶς’
1017 5653 1111 5712 τὴν
1166 5653 1262 5712 σὴν
1319 5653 1468 5708 πόλιν
1499 5653 1778 5728 ύτὲερείδες
1841 5661 2136 5736 πορθουμέ-
