3966 6324
95 320 226 376 1097

1891 315 2032 370 LES.
2295 389 2302 394 ν
3317 317 3456 372 mss

163 444 266 518 μέ.
307 443 515 516 Ὀλίγας
565 446 608 479 ³9
648 439 707 496 δὲ
761 445 896 495 πάνυ
945 443 1138 514 ἡμέρας
1178 440 1226 493 ἐν
1282 448 1344 512 τῇ
1421 439 1688 493 Θεσσαλο-
1727 488 1729 495 ,

1890 443 1938 494 i3
1970 441 2086 493 Nec
2117 437 2373 493 multum
2413 437 2845 494 Thessalonicae
2880 442 3292 495 commoratus
3347 440 3456 497 im-

92 538 211 605 υίκη
260 536 726 606 προσκαρτερήσας
756 532 842 602 [Ρ.
885 531 974 600 4-6]
1021 533 1046 581 6
1102 528 1346 602 βασιλεὺς
1394 532 1658 599 (κατήπειγ

1893 533 2038 584 rator
2075 527 2330 583 hiberna
2385 542 2527 582 nam
2566 543 2684 598 que
2728 532 3081 598 tempestate
3137 529 3459 586 Decembre

91 626 193 696 γὰρ
248 621 393 675 αὐτὸν
455 624 482 674 6
532 630 624 674 τοῦ
672 630 930 694 χειμῶνος
977 622 1160 694 καιρός
1207 640 1219 651 ο
1272 617 1532 693 Δεκέϐριος
1589 621 1657 689 γὰ

1893 633 2007 672 inse
2037 617 2492 671 exhorrescente
2540 615 2919 687 pellebatur),
2954 617 3014 671 in
3045 632 3117 672 ea
3165 633 3459 688 magnum

95 711 342 784 ἐτύγχανε
387 710 534 784 μὴν),
600 709 745 783 ἀφεὶς
804 713 852 762 ἐν
910 711 1040 781 αὐτῇ
1108 711 1196 760 τόν
1241 713 1403 780 μέγαν
1453 704 1661 780 δομέστι

1889 706 2202 762 mesticum
2218 707 2591 761 Comnenum
2605 705 3014 760 Andronicum
3033 706 3455 777 Palaeologum,

92 820 182 853 κον
231 804 313 853 τὸν
367 803 634 873 Κομνηνὸν
687 796 1022 872 Ἀνδρόνικον
1073 801 1158 850 τόν
1211 795 1578 868 Παλαιολόγόν,
1637 815 1658 848 ο

1894 795 1978 863 ius
1991 796 2209 867 saepius
2225 794 2612 860 meminimus,
2627 794 2780 850 inter
2792 794 2949 850 viros
2973 795 3174 851 militia
3196 796 3460 853 celebres

92 889 337 951 πολλάκις
392 887 734 962 ὶμνήσθημεν,
814 891 880 940 τὰ
933 895 1118 960 πρῶτα
1183 890 1399 959 φέροντα
1470 894 1569 938 τῶν
1648 884 1658 936 ί

1893 899 2034 939 .mas
2060 883 2303 953 ferente,
2335 882 2873 955 prudentissimum
2896 887 2952 939 et
2975 899 3164 956 quam
3192 884 3459 942 maxime

95 982 433 1052 στρατηγίαις
498 981 846 1050 τεταγμένων,
924 972 1096 1048 ἄνδρα
1167 980 1518 1027 συνετώτατον
1608 993 1661 1025 κο

1893 978 2214 1038 insuetum,
2240 973 2389 1029 aciei
2409 973 2776 1028 instruendae
2797 978 2854 1029 et
2881 973 3190 1042 digerendi
3211 974 3459 1032 militem

91 1073 372 1142 πραότατον
424 1072 514 1120 καὶ
571 1064 627 1119 εὖ
683 1063 862 1120 εἰδότα
916 1071 1006 1119 καὶ
1081 1067 1263 1139 μάχην
1336 1063 1552 1116 ὁπλίσαι
1610 1083 1657 1116 κι

1894 1063 2032 1118 time
2063 1078 2342 1132 gnarum,
2373 1067 2428 1118 et
2453 1062 2592 1118 belli
2627 1063 2916 1134 pacisque
2949 1063 3175 1120 artibus
3205 1065 3459 1134 clarum,

95 1153 358 1210 διευθῦναι
395 1156 517 1209 λαὸν
567 1160 656 1209 καὶ
704 1155 753 1208 έν
805 1155 1101 1228 πολεμικοῖς
1151 1159 1241 1206 καὶ
1285 1153 1563 1226 εἰρηνικοῖς
1596 1163 1661 1205 το

1897 1151 2370 1224 inquens,victor
2391 1151 2772 1224 triumphans
2790 1153 2850 1207 in
2869 1153 3166 1210 Orientem
3184 1169 3462 1210 reversus

94 1253 314 1320 καιροῖς,
367 1250 578 1305 νικητὴς
634 1245 962 1308 έπανέςευξεν
1011 1245 1078 1305 εἰς
1123 1249 1217 1303 τὴν
1269 1245 1352 1314 ἔω,
1438 1244 1660 1316 θαυμαζι

1898 1283 1919 1309 η,
1951 1242 2030 1297 ab
2063 1240 2349 1296 omnibus
2364 1241 2649 1297 laudibus
2670 1242 3083 1314 encomiisque
3103 1243 3182 1299 ob
3209 1244 3464 1300 celerem

94 1355 240 1409 μενος
284 1336 331 1371 ²⁰
386 1337 487 1389 ὑπὸ
544 1338 750 1388 πάντων
789 1339 880 1387 καὶ
931 1334 1256 1407 κλεῖζόμενος
1319 1341 1414 1395 τῆς
1477 1340 1660 1405 ταχινῆ

1912 1329 2244 1386 maximam
2273 1330 2607 1397 victoriam,
2637 1346 2760 1386 non
2783 1347 2819 1387 a
2850 1332 2972 1386 suis
3004 1333 3208 1399 modo,
3243 1332 3348 1388 sed
3367 1348 3464 1388 ex-

96 1425 331 1477 οὕτωκαὶ
365 1428 623 1497 μεγίστης
651 1428 821 1490 νίκης,
856 1423 960 1496 οὐχ
1017 1425 1114 1475 ὑπὸ
1135 1431 1236 1474 τῶν
1288 1422 1487 1475 οἰκείων
1527 1427 1662 1494 μόνω

1901 1419 1992 1474 nis
2036 1418 2236 1484 etiam,
2284 1417 2738 1475 condecoratus.
2802 1421 2992 1492 Supra
3021 1421 3183 1476 enim
3237 1425 3462 1477 natura)

97 1513 226 1567 ἀλλὰ
264 1518 349 1567 καὶ
403 1515 504 1566 ὑπὸ
549 1522 650 1565 τῶν
720 1512 1000 1588 ἀλλοτρίων
1064 1534 1077 1545 ·
1130 1514 1257 1584 ὑπὲρ
1325 1516 1552 1583 φυσικὴν
1601 1514 1663 1582 γὰ

1898 1515 2047 1579 ptum
2058 1507 2214 1563 facin
2224 1524 2292 1562 us
2306 1513 2362 1564 et
2378 1513 2731 1580 tropaeorum
2749 1509 3034 1566 crebritas
3046 1509 3250 1566 divina
3268 1510 3464 1582 potius

96 1603 242 1666 τάξιν
271 1599 414 1665 ἔδοξε
465 1605 525 1655 τὸ
556 1604 872 1676 κατόρθωμα
902 1605 993 1654 καὶ
1044 1609 1144 1654 τῶν
1191 1605 1452 1675 τροπαίων
1493 1604 1549 1652 τὸ
1581 1598 1662 1652 ἀλ)

1899 1597 2184 1654 )videntia
2196 1613 2385 1669 quam
2403 1597 2755 1654 militaribus
2778 1598 3006 1654 artibus
3036 1603 3269 1670 patrata
3281 1600 3465 1655 fuisse

95 1691 393 1759 ετάλληλον,
422 1697 512 1745 καὶ
567 1698 702 1746 Θεοῦ
739 1691 930 1764 μᾶλλον
981 1695 1199 1764 προνοίᾳ
1226 1691 1256 1750 ἢ
1323 1698 1661 1764 στρατηγικά]

1907 1703 1942 1742 a
1973 1691 2129 1743 sunt.
2194 1690 2473 1743 Praeterea
2537 1687 2885 1744 Melenicum
2955 1691 3157 1744 Serras
3207 1705 3278 1745 ac
3331 1687 3467 1745 loca

92 1778 336 1854 μεθόδοις
375 1786 529 1834 ταυτὶ
581 1778 1003 1856 διαπράξασθαι.
1053 1778 1398 1833 Καταλέλοιπε
1429 1776 1488 1832 δί
1518 1784 1606 1832 καὶ
1636 1797 1658 1831 ε

1901 1777 2150 1848 iacentia
2205 1778 2269 1833 in
2355 1776 2540 1832 tidem
2607 1794 2677 1833 ac
2756 1777 3094 1834 clientelam
3172 1777 3467 1836 Michaelis

91 1890 148 1924 τε
198 1877 287 1924 τοῦ
318 1869 590 1925 Μελενίκου
629 1875 718 1922 καὶ
768 1874 857 1928 τὴν
901 1877 999 1921 τῶν
1053 1867 1246 1944 Σερρῶν
1293 1874 1383 1920 καὶ
1434 1877 1532 1920 τῶν
1586 1887 1657 1943 πελ

1903 1867 2119 1931 mneni,
2161 1866 2301 1921 dicti
2333 1866 2538 1936 magni
2566 1865 2884 1923 domestici
2904 1867 3084 1938 primi
3113 1867 3244 1935 ﬁlii,
3285 1881 3469 1939 quem

93 1961 256 2022 αὑτὰς
311 1958 540 2032 φυλακην
590 1961 678 2011 τὸν
724 1966 817 2012 τοῦ
866 1957 1134 2032 εἰρημένου
1186 1957 1411 2030 μεγάλου
1461 1953 1656 2030 δομεστ

1905 1960 1949 2012 st
1968 1971 2163 2012 annos
2185 1971 2308 2011 non
2331 1955 2553 2012 multos
2576 1958 2984 2013 Romanorum
3007 1957 3329 2030 imperium
3347 1972 3471 2014 non

91 2070 190 2103 κου
237 2058 436 2125 πρῶτον
503 2050 613 2101 υἱὸν
667 2051 753 2101 τὸν
834 2051 1100 2120 Κομνηνόν
1157 2046 1399 2119 Μιχαὴλ,
1457 2045 1511 2098 ὃν
1576 2066 1657 2118 μετ

1906 2061 1943 2100 .e
1971 2050 2026 2100 et
2045 2045 2423 2100 fortunarum
2453 2048 2509 2100 et
2529 2045 2734 2114 gloriae
2756 2045 3126 2102 incremento
3155 2048 3248 2101 sui
3275 2046 3472 2102 admi-

92 2143 323 2214 χρόνους
370 2139 514 2200 τινὰς
568 2139 598 2196 ἡ
661 2145 761 2189 τῶν
816 2135 1081 2209 Ῥωμαίων
1139 2134 1385 2208 βασιλεία
1415 2135 1658 2188 πεπλουτι

1911 2139 2192 2191 tratorem
2239 2134 2506 2205 agnovit,
2556 2134 2821 2190 contulit.
2880 2138 2998 2191 Nec
3053 2151 3177 2192 non
3229 2134 3472 2192 arcibus

93 2247 180 2280 κεν
212 2227 281 2289 εἰς
308 2226 557 2298 εὐτυχίαν
602 2226 715 2299 (9'2)
754 2227 954 2286 ταύτης
985 2230 1076 2277 καὶ
1123 2221 1385 2292 εὐδοξίαν,
1444 2224 1594 2276 ἄλλον
1654 2247 1659 2257 ·

1905 2223 2050 2278 :ndis
2072 2240 2142 2279 ac
2171 2222 2567 2278 defendendis
2595 2223 2846 2279 urbibus
2872 2224 3060 2280 alium
3081 2231 3263 2297 atque
3293 2223 3471 2280 alium

97 2315 335 2388 ἀλλαχοῦ
374 2315 647 2388 ’έπαφῆκεν
681 2315 753 2376 εἰς
799 2312 1082 2387 ἀσφάλειαν
1139 2322 1239 2366 τῶν
1288 2321 1476 2387 χωρῶν
1531 2333 1585 2366 τε
1623 2333 1663 2365 κε

1904 2312 2121 2384 posuit,
2136 2311 2359 2384 quibus
2379 2311 2436 2383 9
2450 2314 2492 2382 ι
2503 2327 2799 2382 magnum
2813 2313 3303 2381 domesticum,ut
3314 2313 3470 2368 illius

94 2404 313 2473 πόλεων,
341 2403 510 2457 ἐπάνω
551 2401 611 2457 δὲ
666 2404 871 2456 πάντων
920 2407 1008 2456 τόν
1061 2406 1224 2476 μέγαν
1271 2399 1603 2474 δομέστικον,
1646 2424 1660 2453 ε

1905 2404 2068 2475 peria
2105 2418 2275 2474 aeque
2324 2418 2394 2458 ac
2426 2401 2652 2458 subditi
2701 2406 3104 2476 capesserent,
3164 2405 3471 2476 praecepta.

97 2493 162 2545 διν
193 2495 487 2547 ὑπείκοιντο
514 2495 701 2554 πάντες
759 2492 898 2563 αὐτῷ
951 2497 1042 2545 καὶ
1094 2498 1204 2554 τοῖς
1251 2491 1339 2543 ὑπ’
1368 2491 1528 2543 αὐτοῦ
1558 2490 1663 2562 λεγε

1903 2498 1982 2548 rta
2023 2497 2179 2549 tecta
2207 2492 2518 2558 haberent,
2555 2492 2735 2548 rebus
2762 2494 3038 2562 gerendis
3083 2491 3469 2549 obsecunda-

97 2586 274 2655 μένοις
331 2600 384 2634 τε
454 2586 544 2633 καί
617 2585 1014 2655 πραττομένοις,
1065 2579 1125 2633 Ὀ
1181 2583 1270 2653 μὲν
1319 2576 1407 2632 οὖν
1458 2578 1663 2652 βασιλεί

1903 2586 1968 2653 1t,
1991 2581 2272 2653 praefecit.
2294 2584 2445 2651 Ergo
2465 2581 2792 2653 imperator
2809 2597 3086 2651 egressus
3145 2583 3206 2638 in
3237 2583 3469 2638 Oriente

100 2672 170 2732 εἰς
221 2673 287 2723 τὰ
335 2679 430 2733 τῆς
485 2671 549 2724 ἔω
607 2675 736 2745 μέρη
800 2668 1129 2745 διαπεράσας
1186 2666 1341 2740 διῆγε
1381 2671 1452 2739 ²¹,
1505 2675 1596 2722 καὶ
1622 2673 1666 2722 τε

1907 2670 2094 2740 gebat.
2106 2671 2465 2727 Demetrium
2481 2687 2517 2727 a
2530 2671 3137 2728 Thessalonicensium
3157 2670 3473 2727 dominatu

99 2765 417 2835 Δημήτριον,
496 2759 548 2812 ὃν
612 2768 708 2820 τῆς
765 2759 1185 2813 Θεσσαλονικέων
1242 2758 1415 2832 ἀρχῆς
1459 2758 1665 2811 καθεῖλε·

1910 2759 2203 2816 :urbatum
2227 2765 2282 2815 et
2305 2761 2366 2815 in
2391 2776 2526 2816 arce
2549 2762 2832 2818 Lentiana
2861 2761 3173 2818 occlusum
3189 2761 3252 2817 in
3281 2765 3476 2816 custo-

98 2849 150 2902 έν
208 2857 280 2919 τῷ
320 2853 548 2924 φρουρίῳ
597 2847 868 2922 καθειρξας
915 2856 1015 2902 τῶν
1073 2856 1363 2902 Λεντιανῶν
1406 2851 1575 2923 ἐτήρει
1639 2850 1660 2883 ²

1911 2866 1985 2906 Lm
2025 2849 2202 2905 misit.
2242 2850 2500 2919 Magnus
2529 2849 2765 2906 interim
2803 2851 3170 2907 domesticus
3208 2867 3333 2907 non
3371 2849 3477 2906 diu

95 2938 159 2991 '0
195 2934 254 2991 δὲ
308 2942 471 3010 μέγας
527 2934 842 3010 δομέστικος
896 2937 1065 3010 ολίγον
1123 2936 1359 2999 ἐπιϐιοὺς
1400 2941 1592 3012 χρόνον
1619 2957 1661 2988 κς

1906 2955 1941 2994 a
1969 2943 2287 3009 protracta,
2315 2938 2419 2994 sed
2458 2939 2564 3010 qui
2586 2953 2709 2995 non
2741 2939 2866 2995 sine
2894 2941 3160 2996 nominis
3181 2945 3238 2995 et
3268 2939 3472 3009 glorias

97 3027 271 3090 καλῶς
303 3025 594 3102 δίοπρέψας
643 3025 691 3079 έν
748 3035 812 3101 τῇ
867 3030 1056 3080 τούτου
1111 3025 1280 3102 ἀρχῇ,
1331 3032 1565 3089 νοσήσας
1623 3046 1663 3078 κε

1913 3045 1988 3084 ua
2014 3031 2076 3082 in
2103 3027 2621 3083 administratione
2673 3045 2735 3084 se
2787 3033 3070 3098 gesserat,
3093 3029 3156 3084 in
3195 3028 3479 3084 morbum

95 3123 198 3176 τὴν
251 3121 419 3191 τρίχα
477 3116 751 3188 ἁποκαρεὶς
801 3121 861 3170 τὸ
928 3116 1079 3190 βιοῦν
1137 3115 1496 3190 ἐξεμέτρησεν.
1553 3117 1661 3171 ’Am

1911 3116 2093 3172 :idens
2144 3115 2373 3188 capillis
2430 3115 2699 3171 detonsis
2746 3117 2934 3172 vitam
2981 3117 3133 3173 ﬁniit
3167 3135 3181 3186 ;
3212 3117 3276 3172 iu
3301 3115 3477 3186 cujus

102 3175 292 3265 στάληι
331 3175 382 3242 ἦ
412 3202 471 3259 δι
496 3206 606 3259 ἀντ’
653 3205 814 3259 αὐτοῦ
845 3175 1114 3281 Θεόδωρος
1140 3207 1166 3258 6
1193 3175 1352 3266 «60.72:;
1405 3205 1514 3258 ἀντ’
1553 3205 1668 3258 αὖτε

1912 3222 2020 3261 :um
2057 3175 2342 3260 suffectus
2401 3210 2491 3260 est
2553 3205 2900 3261 Theodorus
2945 3175 3180 3274 Philas;
3214 3205 3318 3278 qui
3343 3175 3478 3260 loco

97 3293 303 3351 διέπειν
331 3298 398 3349 τὰ
425 3303 518 3356 τῆς
549 3294 825 3372 ἀρχῆς²⁸.
879 3296 1022 3349 Ἐπεὶ
1076 3291 1136 3348 δι
1189 3297 1288 3349 ὑπό
1345 3299 1430 3348 τόν
1491 3294 1663 3368 βασιλι

1913 3296 2319 3369 usimperium
2341 3300 2593 3365 regeret,
2641 3296 2900 3352 Subacta
2963 3296 3386 3353 Thessalonica
3405 3309 3479 3351 ac

95 3384 339 3458 ἔχεγόνει
414 3384 772 3442 Θεσσαλονίκη
831 3389 922 3437 καὶ
972 3383 1208 3460 Βίρῥοια,
1259 3387 1324 3437 τὰ
1381 3383 1567 3437 ἐκεῖθεν
1627 3404 1660 3436 α

1909 3402 2077 3452 rroea,
2101 3401 2237 3458 quae
2258 3385 2396 3440 inde
2423 3384 2899 3442 extendebantur
2921 3387 3054 3443 loca
3084 3387 3165 3443 ad
3189 3402 3475 3445 occasum

93 3482 206 3526 τῶν
244 3478 335 3526 καὶ
379 3475 512 3546 πρὸς
570 3469 783 3546 δυσμὰς
841 3470 942 3525 ἀπὸ
992 3481 1084 3526 τοῦ
1142 3473 1493 3546 Πλαταμῶνος
1552 3471 1659 3545 ἀρχ

1925 3491 2118 3548 usque
2141 3475 2962 3548 Platamone,etquaecunque
2973 3476 3052 3533 ad
3063 3476 3473 3548 Pelagoniam,

95 3582 234 3637 μενα
260 3563 362 3616 ὑπὸ
408 3565 496 3614 τὸν
557 3559 820 3621 δεσπότην
868 3562 1094 3634 Μιχαὴλ
1151 3560 1366 3626 ἐτέλουν,
1428 3565 1504 3614 ἔτι
1547 3581 1600 3614 τε
1650 3581 1661 3613 1

1909 3565 2144 3621 hridam
2211 3569 2268 3620 et
2311 3564 2613 3636 Prilapum
2651 3565 3002 3636 attinebant,
3061 3567 3176 3622 sub
3193 3567 3473 3624 Michaele

94 3656 226 3727 περὶ
259 3651 570 3724 Πελαγονίαν
612 3655 702 3704 καὶ
750 3647 987 3724 Ἀχρίδα
1033 3655 1120 3704 καὶ
1167 3651 1452 3727 Πρίλαπον.
1485 3655 1618 3712 Τοὺς
1657 3676 1660 3697 ι

1909 3659 2075 3726 spota
2090 3661 2278 3724 erant,
2319 3653 2565 3719 Bodeni,
2603 3655 2917 3722 Staridola,
2972 3655 3221 3712 Strobus
3247 3656 3475 3714 etcirca

95 3737 370 3804 Βοδηνοὺς
428 3746 514 3794 καὶ
572 3737 864 3816 Σταρίδολα
917 3740 1136 3814 Στρόϐον
1194 3761 1248 3794 τε
1319 3747 1410 3794 καὶ
1482 3744 1548 3794 τὰ
1595 3759 1661 3813 πε

1937 3743 2071 3799 loca
2117 3743 2230 3798 sub
2280 3743 2555 3798 Demetrii
2602 3742 2801 3799 fratre.
2847 3743 3190 3800 Michaelem
3223 3749 3474 3817 patruus

95 3837 278 3885 ταῦτα
322 3831 349 3883 ὁ
377 3838 468 3883 τοῦ
501 3835 803 3904 Δημητρίου
859 3835 1057 3904 πατὴρ,
1115 3839 1206 3884 τοῦ
1244 3829 1470 3903 Μιχαὴλ
1497 3827 1556 3883 δὲ
1586 3832 1661 3883 θεῖ

1534 3833 1556 3883 ὲ
1586 3832 1718 3890 θεῖος
1825 3833 2090 3902 Angelus
2127 3830 2472 3887 Theodorus
2502 3846 2686 3902 penes
2716 3847 2781 3886 se
2818 3830 3098 3888 habebat.

97 3921 130 3973 6
161 3917 417 3992 Ἀγγελος
444 3925 661 3991 κατεῖχε
689 3914 964 3992 Θεόδωρος
993 3921 1062 3974 ³⁸.

176 4007 292 4080 μζ’.
343 4006 403 4061 ⁸0
447 4011 537 4080 μέν
595 4015 683 4061 οῦν
729 4006 975 4081 βασιλεὺς
1033 4006 1082 4060 ἓν
1135 4016 1241 4070 τοῖς
1294 4016 1386 4062 τοῦ
1440 4012 1717 4082 Νυμφαίου

1911 4013 1987 4065 t7.
2052 4011 2381 4081 Imperator
2466 4023 2604 4064 cum
2694 4008 3012 4081 Nymphaei
3071 4008 3477 4080 hibernasset,

95 4099 546 4172 παραχειμάσας,
626 4093 748 4170 ἦρος
813 4101 1064 4170 φανέντος,
1118 4100 1291 4173 ὥσπερ
1346 4097 1529 4164 εἰώθει,
1589 4096 1661 4171 ἐξῇ

1915 4102 2072 4154 :unte
2090 4114 2248 4165 vere,
2280 4113 2393 4153 suo
2409 4111 2576 4152 more
2593 4096 2838 4166 faciens,
2859 4098 2994 4154 inde
3015 4114 3308 4169 egressus,
3340 4116 3481 4158 cum

97 4185 324 4253 ἐκεῖθεν,
375 4185 666 4261 ἐκεχειρίαν
720 4187 834 4258 (95)
898 4183 958 4239 δε
1023 4185 1075 4248 ἐξ
1132 4185 1369 4239 ἁπάντων
1426 4188 1564 4259 ἔχως
1612 4203 1663 4236 το

1919 4186 2098 4259 dique
2118 4193 2305 4259 pactae
2325 4186 2568 4242 indutiae
2596 4188 2992 4243 cessationem
3013 4187 3154 4243 belli
3182 4188 3480 4254 fecissent,

96 4274 475 4336 πλησιάζουσι
543 4273 730 4328 ἄστεσι
812 4283 908 4337 τῆς
995 4281 1382 4328 Κωνσταντίνου
1441 4279 1529 4327 καὶ
1579 4293 1662 4348 παλ

1920 4277 2106 4332 )xima
2138 4276 2302 4348 Cpoli
2323 4275 2550 4348 oppida
2595 4280 2712 4332 eta
2754 4276 2971 4332 Latinis
3017 4293 3312 4348 possessa,
3345 4279 3486 4334 Tzu-

98 4368 350 4418 Λατίνων
398 4368 798 4438 κεκρατημένοις
834 4365 902 4433 ³⁸,
953 4372 1016 4438 τῇ
1070 4363 1380 4438 Τςουρουλῷ
1453 4384 1586 4437 φημι
1632 4383 1662 4415 κ

1913 4365 2031 4420 lum
2058 4364 2277 4420 scilicet
2296 4371 2354 4421 et
2379 4365 2645 4437 Bizyam,
2684 4364 2843 4420 bello
2887 4365 3136 4437 aggredi
3173 4367 3426 4424 instituit
3466 4385 3479 4424 :

98 4461 168 4526 τῇ
238 4453 426 4525 Βιζύη,
469 4451 744 4506 ἐπιθέσθαι
799 4453 1063 4511 τεθέληκεν
1122 4474 1136 4487 ·
1193 4454 1328 4530 ἐώρα
1371 4455 1415 4489 ³⁷
1469 4459 1558 4506 καὶ
1623 4473 1664 4525 γι

1917 4453 2306 4525 mcollapsas
2363 4453 2705 4509 Latinorum
2753 4453 2904 4510 vires
2954 4455 3482 4513 animadverterat.

97 4545 250 4596 πάνυ
299 4544 368 4597 τὰ
439 4551 538 4594 τῶν
607 4547 842 4597 Λατίνων
921 4545 1267 4617 ὴσθενημένα.
1332 4545 1656 4617 Διαπεραιωθ

1919 4558 2029 4599 tare
2052 4547 2284 4598 tranato
2316 4541 2690 4614 Hellesponto
2741 4542 2906 4615 apud
2951 4545 3266 4600 Tzurulum
3291 4545 3485 4618 primo

95 4632 237 4706 γόῦν
284 4635 374 4685 τὸν
413 4631 785 4693 Ἑλλήσποντον
833 4633 881 4685 έν
938 4642 1000 4707 τῇ
1060 4634 1366 4711 Τξουρουλῷ
1401 4637 1458 4687 τό
1526 4642 1661 4709 πρῶτ

1921 4631 2042 4687 lem
2076 4630 2252 4688 locat.
2277 4633 2411 4688 Erat
2443 4647 2514 4687 eo
2541 4631 2600 4686 in
2627 4631 2745 4704 92
2773 4632 2999 4704 oppido
3026 4634 3290 4691 Eudocia
3319 4650 3487 4691 soror

98 4721 351 4795 ἀφίκετο.
407 4720 507 4775 Ἦν
555 4719 615 4776 δε
665 4721 802 4784 ἐντὸς
851 4731 944 4776 τοῦ
997 4724 1197 4786 ἄστεως
1251 4727 1281 4783 ἠ
1338 4731 1430 4777 τοῦ
1475 4723 1662 4797 βασιλέ

1923 4721 2040 4777 oris
2052 4720 2446 4793 imperatoris,
2468 4737 2654 4794 quam
2669 4720 2781 4777 sibi
2794 4721 3487 4794 Aseldecae,itaimpera~

186 4812 234 4896 ιβ
266 4809 476 4896 Ὀλίγας
505 4826 693 4882 usque
718 4813 799 4869 ad
819 4818 929 4896 τοῖς
975 4820 1174 4896 καιροῖς
1203 4813 1360 4896 (lll'n‘.‘
1369 4811 1506 4896 ‘10)].
1537 4811 1595 4896 :0
1649 4809 1708 4896 δε
1737 4809 1985 4896 βασιλευς
2033 4809 2169 4882 ἀφεὶς
2218 4813 2309 4896 τὸν
2328 4814 2496 4896 μέγαν
2549 4806 2860 4896 ομέστικον
2896 4814 2994 4896 ’τόν
3035 4810 3484 4896 ῌαλαιρλόγονὴῧ·

96 4881 159 4968 3.0
195 4880 604 4968 θαυμαζόμενος
619 4898 803 4955 usque
823 4884 915 4968 ‘ad
947 4880 1186 4968 εὐδοξίαν
1199 4884 1278 4968 ‘(B
1444 4880 1587 4968 gyri);
1611 4887 1701 4968 καὶ
1737 4880 1823 4968 ἐἰς
1849 4880 2120 4936 Μελένικον
2144 4886 2252 4968 ,καὶ
2279 4880 2464 4968 ξέρρας
2493 4886 2584 4968 καὶ
2613 4880 2678 4968 τἐὶ
2705 4887 2824 4968 περὶ
2848 4881 2982 4934 αὐτὰ
3001 4885 3100 4968 (τὸν
3125 4888 3225 4968 rati
3259 4880 3487 4968 μεχάλου

99 4948 576 5042 δομεσ-τίκουύἱὸν
625 4948 852 5042 Μιχαὴλ
881 4958 970 5040 τὸν
1000 4948 1404 5042 Παλαιολόγονλῖλ
1446 4948 1522 5042 ’1'“
1544 4951 1954 5042 έποίνως-θιῆχε
1978 4969 2098 5042 om.
2143 4956 2209 5008 D.
2285 4948 2598 5042 ’iiypqﬁpu
2619 4956 2735 5042 ρι’
2769 4948 2818 4988 '33
2864 4960 2956 5005 τοῦ
2972 4948 3298 5042 [θεμεγάλᾱυ
3331 4948 3490 5042 30p:-

101 5019 306 5100 στίκου
363 5019 834 5088 νοσήσαντος”καὶ
884 5019 1448 5100 ἀποκαρέντοςέστάλη
1482 5029 1548 5081 D.
1626 5027 1674 5061 “
1705 5019 2284 5100 ἀντί-ἷ-’ἆρχῇςγρω.
2330 5019 2432 5080 ῐ).”’
2471 5019 2642 5100 ³⁵ἐι-ς)νᾶ
2685 5030 2825 5100 Μιχ..
2870 5054 2940 5063 —
2969 5019 3243 5100 Θεόδωρος
3267 5019 3496 5100 o_m.'D.

97 5095 161 5133 ³⁸
194 5097 379 5173 ὥσπερ
403 5124 476 5141 -—
503 5101 906 5174 κεκρατημένοις
935 5093 1065 5155 om;
1083 5099 1148 5153 D.
1223 5099 1270 5134 ³⁷
1303 5097 1436 5171 ἑώρα
1465 5112 1650 5169 usque
1679 5097 1761 5154 ad
1782 5093 2090 5170 ἀφίκετοζῐ)
2112 5095 2192 5170 4)]
2215 5100 2306 5148 καὶ
2334 5103 2538 5170 πρῶτον
2569 5093 2776 5168 ἀφίκετο
2797 5093 2845 5148 ἕν
2869 5102 2933 5168 τῇ
2956 5093 3267 5169 Τςουρουλῷ
3296 5094 3366 5154 Ι).

331 5239 355 5251 ς

1019 5241 1361 5309 Theodori
1409 5241 1660 5310 Dousa;
1711 5252 1778 5308 et
1821 5238 2074 5308 Leonis
2123 5238 2356 5308 Allatii
2405 5249 2606 5307 notae.

184 5397 346 5481 (92).
397 5399 756 5481 ῌεπλούτηκεν
777 5401 1398 5481 δίς-,εὐτυχίανεηΗοο
1468 5400 1734 5481 maxime

1934 5402 2107 5481 alogis
2130 5400 2588 5473 imperatoribus
2608 5399 2869 5481 primum
2885 5406 3178 5479 pervenit,
3196 5405 3354 5481 quod
3383 5405 3500 5466 uti-

97 5469 542 5546 improbatum
572 5479 662 5531 est
687 5491 724 5531 a
767 5477 866 5532 Ge.
894 5469 1180 5542 Phrania,
1221 5474 1323 5546 lib.
1356 5491 1390 5542 ι,
1417 5489 1468 5530 c.
1499 5475 1571 5530 5:
1603 5473 1737 5531 Hoc
1844 5489 1984 5531 nam
2018 5469 2086 5530 in
2118 5469 2384 5546 unquam
2416 5469 2796 5546 pervenisset,
2841 5469 2978 5534 A'LL.

98 5543 391 5601 maxime
417 5546 590 5604 modo
620 5548 935 5618 imperi-um
985 5547 1067 5604 ad
1106 5545 1461 5603 Michaelem
1502 5561 1577 5602 ex
1613 5547 1738 5604 Pa-
1917 5547 2028 5617 (93)
2078 5543 2429 5625 Εκεχῖειρίαυί
2457 5545 2546 5604 Cf.
2599 5546 2861 5605 Joannes
2950 5550 3206 5622 Tzetzes,
3257 5549 3398 5609 chil.
3440 5567 3501 5623 ιι,

636 5646 885 5706 Ρλτιιοι.
928 5646 1028 5703 Ga.
1071 5645 1216 5704 CXL.

3223 5650 3293 5708 35
