3966 6324
528 298 662 357 “03

1874 284 2157 344 GEORGII
2185 284 2646 342 ACROPOLITE

3771 292 3890 346 1104

522 423 800 481 Michaele
838 421 1036 479 fcedus
1064 421 1189 489 init,
1214 423 1271 477 et
1307 416 1610 476 afﬁnitatis
1640 412 1977 482 cognitione
2037 426 2176 467 con-
2203 407 2249 460 Α
2285 405 2544 463 δεσπότου
2574 412 2688 484 (96)
2716 411 2938 483 Μιχαὴλ

2285 405 2544 463 δεσπότου
2574 412 2688 484 (96)
2716 411 2939 483 Μιχαὴλ
2969 414 3228 474 συνθήκας
3255 433 3307 465 τε
3347 419 3607 472 πεποίηκε
3680 420 3781 466 καὶ
3831 417 3888 473 εἰς

519 513 814 584 jungitur.
844 513 1113 583 Namque
1143 507 1438 566 Michaelis
1451 505 1574 561 ﬁlio
1595 501 1932 576 Nicephoro
1953 500 2056 556 ﬁlii
2084 500 2175 555 sui

520 601 899 674 imperatoris
923 599 1215 655 Theodori
1253 597 1443 654 ﬁliam
1489 593 1730 652 Mariam
1790 589 2174 647 matrimonio

524 689 766 762 copulat
786 704 1058 761 uxorque
1091 687 1249 745 illius
1278 685 1588 743 Theodora
1608 681 2008 755 Nicephorum
2051 693 2175 734 una

522 794 726 835 secum
746 779 806 834 in
826 777 1125 835 Orientem
1157 781 1449 849 asportat,
1470 778 1527 830 et
1551 773 1708 830 circa
1737 774 2028 840 Pegarum
2043 768 2176 824 loca

517 868 947 941 imperatorem
978 869 1300 946 degentem
1356 863 1703 936 alloquitur.
1773 860 1864 918 Sic
1911 859 2174 916 ﬁliorum

521 958 832 1032 sponsalia
890 959 1212 1016 constituta
1259 961 1418 1013 sunt.
1472 955 1616 1011 Dein
1680 951 1991 1009 Theodora
2035 965 2175 1006 cum

519 1047 664 1117 ﬁlio,
695 1064 819 1105 non
846 1049 975 1105 sine
1016 1047 1232 1105 debitis
1261 1044 1656 1106 humanitatis
1688 1041 1898 1099 omciis
1941 1040 2022 1098 ab
2067 1040 2175 1096 im-

519 1141 792 1211 peratore
822 1139 940 1211 96
963 1139 1196 1211 utrique
1213 1133 1603 1202 exhibitis,ad
1619 1132 1899 1190 maritum
1928 1131 2174 1189 Michae-

520 1225 636 1284 lem
649 1227 890 1284 domum
905 1228 1231 1284 revertitur.
1252 1228 1520 1282 Attamen
1535 1221 1854 1296 proverbio
1865 1221 2173 1291 vulgatum

521 1318 581 1374 in
605 1317 945 1374 Michaelem
965 1332 1211 1390 quoque
1247 1330 1358 1372 nec
1386 1316 1690 1385 incompte
1719 1311 1921 1367 locum
1951 1309 2172 1367 habere

523 1414 900 1479 compertum
924 1410 1030 1462 est:
1045 1405 1275 1475 lignum
1290 1419 1543 1460 curvum
1564 1417 1900 1473 numquam
1919 1405 2169 1472 rectum,

522 1511 634 1552 nec
657 1496 921 1569 Ethiops
945 1495 1245 1551 albescere
1266 1495 1394 1560 scit;
1415 1493 1640 1566 quippe
1662 1491 1740 1548 ab
1791 1491 2172 1563 imperatore,

523 1585 772 1642 consilio
789 1585 987 1657 patrui
1009 1585 1096 1639 sui
1134 1583 1341 1654 Angeli
1384 1581 1677 1638 Theodori
1727 1597 1893 1649 usus,
1937 1579 2171 1637 defecit.

2282 496 2479 562 κήδους
2503 505 2770 553 κοινωνίαν
2803 503 3040 560 συνῆλθε·
3074 505 3160 555 τὸν
3201 505 3302 576 γὰρ
3347 511 3438 556 τοῦ
3491 503 3743 575 Μιχαὴλ
3793 506 3888 555 υἱόν

2281 594 2577 664 Νικηφόρον
2605 588 2688 642 ἐπὶ
2712 598 2775 663 τῇ
2811 592 3033 666 θυγατρὶ
3070 598 3160 644 τοῦ
3217 595 3333 645 υἱοῦ
3395 593 3560 645 αὐτοῦ
3627 591 3891 666 βασιλέως

2285 674 2642 751 Θεοδώρουτῇ
2672 683 2852 753 Μαρία
2878 678 3113 754 γαμϐρόν
3153 680 3398 753 ἠγάγετο.
3455 682 3560 735 Καὶ
3613 684 3648 741 ἠ
3714 684 3889 734 τούτου

2282 773 2480 840 γαμετὴ
2542 765 2792 843 Θεοδὼρα
2840 773 2928 821 τὸν
2979 776 3276 843 Νικηφόρον
3329 771 3440 844 μεθ’
3514 772 3728 836 ἑαυτῆς
3814 775 3889 825 λε·

2285 855 2454 911 ϐοῦσα
2479 857 2550 920 εἰς
2586 864 2679 917 τήν
2737 861 2800 912 ἔω
2858 855 3276 934 διαπεραιοῦται,
3321 866 3410 914 καί
3454 866 3578 936 περὶ
3635 866 3714 915 τὰ
3770 867 3887 938 μέρη

2283 955 2383 999 τῶν
2415 953 2602 1019 Πηγῶν
2632 955 2704 1018 τῷ
2754 946 2964 1021 βασιλεῖ
3021 945 3262 1022 διάγοντι
3311 949 3652 1024 ἐντυγχάνει,
3715 959 3810 1004 καὶ
3861 956 3886 1010 ἡ

2283 1044 2382 1088 τῶν
2439 1033 2645 1090 παίδων
2687 1043 2942 1110 μνηστεία
2996 1043 3289 1111 γεγένηται.
3358 1046 3456 1094 Καὶ
3525 1042 3559 1098 ἦ
3639 1039 3893 1114 Θεόδωροι

2285 1121 2432 1188 αὖθις
2471 1131 2560 1180 τὸν
2611 1128 2772 1190 αὐτῆς
2829 1130 2941 1181 υἱὸν
2997 1128 3234 1182 λαϐοῦσα
3304 1127 3486 1184 οἶκαδε
3565 1133 3892 1205 ὑπεχώρησε

2282 1217 2427 1288 παρά
2446 1219 2532 1268 τὸν
2574 1217 2738 1280 αὐτῆς
2790 1218 3019 1290 σύζυγον
3068 1218 3314 1290 Μιχαὴλ,
3366 1224 3762 1295 προσηκόντως
3822 1225 3891 1294 οἱ-

2282 1303 2675 1379 λοφρονηθέντες
2721 1309 2865 1380 παρὰ
2918 1315 3008 1360 τοῦ
3053 1305 3334 1380 βασιλέως.
3412 1308 3575 1362 Ἀλλά
3652 1314 3719 1363 τὸ
3805 1322 3891 1374 τῆς

2286 1399 2565 1467 παροιμίας
2616 1393 2745 1448 κάπὶ
2788 1404 2860 1467 τῷ
2922 1395 3146 1468 Μιχαὴλ
3221 1395 3560 1454 έπαληθεύειν
3638 1399 3888 1472 ἐφαίνετοο

2289 1480 2526 1555 στρεϐλὸν
2555 1482 2701 1545 ξύλον
2732 1483 2910 1536 οὔποτ’
2943 1483 3115 1556 ὀρθὸν,
3159 1488 3250 1536 καὶ
3301 1485 3326 1537 ό
3374 1485 3569 1556 Αἰθίοψ
3637 1489 3743 1540 ούκ
3790 1485 3893 1541 οἶδε

2284 1569 2666 1628 λευκαίνεσθαι.
2716 1573 2806 1633 Εἰς
2861 1571 3193 1626 ἀποστασίαν
3261 1576 3362 1648 γὰρ
3446 1582 3539 1627 τοῦ
3633 1575 3896 1650 βασιλέως

523 1674 694 1740 Quod
725 1689 865 1730 cum
885 1672 1270 1729 intellexisset
1297 1671 1641 1744 imperator,
1677 1674 1733 1726 et
1769 1686 1980 1726 eorum
2037 1685 2175 1726 con-
2287 1660 2579 1735 ἐφώρμησε,
2624 1662 2901 1736 συμϐούλῳ

2287 1660 2579 1735 ἐφώρμησε,
2624 1662 2901 1736 συμϐούλῳ
2948 1668 3065 1739 περὶ
3113 1668 3209 1722 τήν
3257 1663 3453 1736 σκῆψιν
3495 1673 3572 1737 τῷ
3630 1667 3760 1738 θείῳ
3817 1668 3895 1719 αύ-

526 1762 906 1835 spirationem
922 1763 1276 1825 rescivisset,
1295 1761 1528 1833 sibique
1541 1759 1915 1833 postholim
1934 1764 2173 1832 captam
2205 1755 2245 1809 Β
2285 1759 2377 1803 τοῦ
2402 1760 2476 1804 τῶ
2517 1751 2744 1825 Ἀγγέλῳ
2793 1749 2938 1806 Θεοδι

2285 1759 2377 1803 τοῦ
2402 1760 2476 1804 τῶ
2517 1751 2744 1825 Ἀγγέλῳ
2793 1749 3052 1828 Θεοδώρῳ
3096 1754 3455 1827 χρησάμενος.
3513 1753 3576 1811 Ὀ
3633 1764 3769 1827 γοῦν

521 1852 722 1909 nullos
749 1852 900 1920 alios
926 1857 1140 1925 praeter
1159 1853 1271 1909 hos
1301 1849 1956 1908 adversariosinfensos
1983 1850 2174 1906 existi-
2289 1839 2461 1903 σιλεὺς
2507 1842 2744 1905 Ἰωάννης
2790 1850 2938 1896 ταῦτε

2289 1839 2461 1903 σιλεύς
2507 1842 2744 1905 Ἰωάννης
2790 1850 2957 1896 ταῦτα
3005 1845 3154 1914 γνούς
3186 1848 3275 1896 καὶ
3333 1847 3427 1902 τὴν
3481 1843 3664 1897 αὐτῶν
3740 1865 3897 1898 συνω-

521 1947 732 2007 maret,
760 1946 818 1998 et
845 1957 994 2014 pace
1016 1941 1444 1999 Musulmanica
1473 1941 1784 2010 frueretur,
1822 1944 1879 1995 et
1921 1943 2174 1996 conatus
2283 1935 2476 2002 μοσίαν
2523 1931 2860 2005 μεμαθηκὼς,
2915 1953 2938 1986 ο

2283 1935 2476 2002 μοσίαν
2523 1931 2860 2005 μεμαθηκὼς,
2915 1932 3007 1986 ούκ
3063 1932 3250 1995 ἄλλους
3323 1932 3556 2007 οἰόμενος
3635 1932 3896 1997 έναντίονς

523 2029 916 2100 Bulgarorum
947 2031 1343 2103 quiescerent,
1378 2045 1490 2102 pro
1528 2029 1818 2100 dignitate
1871 2029 1976 2095 rei,
2021 2033 2077 2084 et
2111 2033 2176 2085 ut
2284 2019 2413 2073 εἶναι
2436 2020 2568 2094 μετὰ
2594 2031 2690 2082 τῆς
2743 2027 2938 2075 lio-nom

2284 2019 2413 2073 εἷναι
2436 2020 2568 2094 μετά
2594 2031 2690 2082 τῆς
2743 2026 3131 2076 Κωνσταντίνου
3170 2022 3362 2075 ἅλωσιν
3392 2021 3506 2074 ἀλλ’
3551 2022 3587 2082 ἣ
3656 2028 3893 2091 τούτους,

517 2119 600 2176 ita
623 2119 842 2186 dicam,
862 2125 1160 2193 apparatu
1189 2120 1378 2190 regio,
1405 2119 1626 2175 militiis
1649 2117 1931 2175 omnibus
1952 2118 2035 2173 uti
2065 2133 2175 2190 par
2285 2107 2464 2169 ἐπειδὴ
2521 2115 2611 2163 καὶ
2654 2109 2938 2185 ἐκεχειρίαν

2285 2107 2464 2169 ἐπειδὴ
2521 2115 2611 2163 καὶ
2654 2109 2943 2185 ἐκεχειρίαν
3009 2107 3132 2184 ἦγεν
3189 2110 3290 2166 ἀπὸ
3353 2120 3444 2165 τοῦ
3521 2116 3732 2189 μέρους
3806 2125 3896 2167 τῶν

520 2213 643 2267 erat
673 2210 1024 2283 compositis
1055 2210 1507 2283 Hellespontum
1534 2209 1762 2275 transit,
1805 2224 2012 2264 secum
2052 2207 2174 2280 ple-
2284 2199 2727 2273 Μουσουλμάνων,
2778 2202 2938 2276 ἠρέμα

2284 2199 2727 2273 Μουσουλμάνων,
2778 2202 3000 2276 ἠρέμουν
3049 2201 3127 2273 [Ρ.
3174 2201 3265 2274 49]
3313 2198 3371 2254 δι
3415 2207 3510 2254 καὶ
3557 2206 3637 2256 τὰ
3689 2204 3750 2257 έκ
3807 2214 3895 2256 τεο

517 2299 719 2372 risque
747 2299 1004 2355 militum
1036 2298 1296 2355 ducibus
1334 2297 1668 2354 conductis.
1710 2297 1866 2353 Inter
1915 2312 2019 2353 eos
2078 2313 2174 2354 ac-
2284 2288 2606 2364 Βουλγάρων,
2672 2289 2938 2364 ἀξιομάχα

2284 2288 2606 2364 Βουλγάρων,
2672 2289 2979 2364 ἀξιομάχως
3039 2297 3130 2344 καὶ
3205 2293 3275 2354 ὡς
3347 2294 3505 2346 εἰπεῖν
3591 2292 3894 2366 βασιλικῶς

520 2387 920 2444 censebantur
1019 2387 1386 2458 Nicephorus
1475 2386 1870 2442 Tarchaniota
1943 2401 2172 2442 mensae
2282 2382 2836 2453 παρασκευασάμενος,
2913 2400 2938 2431 κ

2282 2382 2836 2453 παρασκευασάμενος,
2913 2385 3000 2434 καί
3067 2382 3160 2443 τὰς
3217 2377 3461 2453 δυνάμεις
3523 2381 3758 2446 ἁπάσας
3833 2388 3894 2445 ὡς

518 2475 834 2548 praefectus
868 2480 924 2531 et
955 2476 1116 2531 vices
1142 2475 1347 2546 magni
1372 2475 1685 2531 domestici
1717 2490 1950 2544 gerens,
2001 2476 2174 2546 cujus
2284 2464 2390 2521 ἔδει
2421 2470 2675 2534 συντάξας
2716 2467 2752 2524 δ
2757 2490 2938 2544 ιαπερα

2284 2464 2390 2521 ἔδει
2421 2470 2675 2534 συντάξας
2716 2467 3114 2544 διαπεραιοῦται
3164 2474 3251 2524 τὸν
3298 2469 3712 2541 Ἑλλήσποντον,
3769 2474 3892 2527 πολ-

517 2563 790 2620 moribus
818 2564 1167 2636 imperator,
1193 2563 1306 2620 sibi
1344 2580 1549 2622 amore
1611 2564 2172 2636 conjunctissimum
2281 2556 2402 2620 λοὺς
2430 2563 2520 2632 μὲν
2549 2565 2640 2613 καὶ
2676 2559 2862 2623 ἄλλους
2918 2562 2938 2612 ἓ

2281 2556 2402 2620 λούς
2430 2563 2520 2632 μὲν
2549 2565 2640 2613 καὶ
2676 2559 2862 2623 ἄλλους
2918 2562 3054 2632 ἔχων
3109 2561 3458 2636 στρατηγούς,
3504 2565 3596 2615 τὸν
3656 2560 3721 2618 δι
3767 2571 3894 2637 Ταρ-

511 2653 813 2724 judicans,
840 2653 1279 2726 acquiescebat,
1325 2653 1413 2710 vir
1454 2655 1515 2709 in
1559 2653 1902 2710 exercendis
1948 2655 2170 2711 militiae
2279 2656 2573 2722 χανειῶτην
2610 2654 2905 2724 Νικηφόρον

2279 2656 2573 2722 χανειοῖπην
2610 2654 2905 2724 Νικηφόρον
2959 2653 3047 2702 τὸν
3114 2648 3199 2703 έπὶ
3248 2659 3340 2714 τῆς
3396 2652 3682 2724 τραπέζης
3737 2653 3891 2706 αὐτοῦ

515 2742 804 2812 numeris,
831 2747 896 2799 ut
923 2742 1331 2815 experimento
1372 2748 1582 2816 postea
1633 2743 2004 2816 deprensum
2057 2749 2166 2814 est,
2279 2737 2384 2792 οἷον
2425 2742 2492 2792 τὰ
2558 2747 2649 2793 τοῦ
2727 2739 2938 2811 μεγαλοτ-

2279 2737 2384 2792 οἷον
2425 2742 2492 2792 τὰ
2558 2747 2649 2793 τοῦ
2727 2739 2949 2811 μεγάλου
3033 2735 3348 2812 δομεστίκου
3434 2736 3468 2792 δ
3475 2741 3886 2818 ιεκπληροῦντα.

511 2831 1033 2904 praetantissimus.
1088 2831 1184 2888 Ille
1235 2849 1297 2889 se
1359 2832 1847 2889 Thessalonicam
1897 2833 2164 2903 contulit,
2277 2832 2656 2882 Ἐπανεπαύετο
2689 2825 2748 2882 δε
2774 2835 2883 2890 τοῖς
2924 2849 2938 2880 ι

2277 2832 2656 2882 Ἐπανεπαύετο
2689 2825 2748 2882 δε
2774 2835 2883 2890 τοῖς
2924 2827 3084 2881 αὐτοῦ
3129 2827 3303 2898 ἣθεσι,
3350 2834 3439 2882 καὶ
3494 2830 3688 2883 εὔνουν
3742 2835 3887 2885 αὗτὸτ

514 2921 627 2994 97
691 2921 832 2978 inde
891 2921 1117 2992 collatis
1175 2922 1362 2992 signis
1417 2923 1584 2996 apud
1642 2922 1912 2980 Bodenos
1969 2928 2168 2981 castra
2276 2916 2534 2990 ἐλογίζετο
2565 2917 2660 2970 κάν
2699 2926 2814 2980 ταῖς
2871 2937 2938 2993 στι

2276 2916 2534 2990 ἐλογίζετο
2565 2917 2660 2970 κάν
2699 2926 2814 2980 ταῖς
2871 2923 3217 2993 στρατηγίαις
3259 2921 3330 2980 ὡς
3378 2919 3408 2978 ή
3477 2927 3648 2993 πεῖρα
3692 2942 3885 2996 μεμαρ-

512 3009 746 3068 locavit.
783 3013 998 3067 Verum
1023 3011 1285 3082 Angelus
1317 3011 1660 3068 Theodorus
1692 3012 1948 3068 Bodenis
1999 3012 2164 3085 prius
2274 3010 2486 3083 τύρηκε,
2537 3004 2873 3071 δεξιώτατον.
2931 3013 2938 3060 1

2276 3010 2486 3083 τύρηκε,
2537 3004 2873 3071 δεξιώτατον.
2931 3006 3242 3060 Καταλαϐὼν
3293 3015 3418 3079 γοῦν
3462 3013 3560 3068 τήν
3615 3011 3886 3064 Θεσσαλο-

513 3114 828 3172 emergens
876 3104 1158 3172 nepotem
1224 3117 1402 3156 suum
1451 3100 1792 3158 Michaelem
1847 3101 2162 3174 despotam
2194 3105 2234 3162 (ὲ
2273 3103 2420 3157 νίκην
2460 3100 2693 3152 κάκεῖθεν
2743 3100 2836 3160 τὰς
2891 3093 2938 3148 δι

2276 3103 2420 3157 νίκην
2460 3100 2693 3152 κάκεῑθεν
2743 3100 2836 3160 τὰς
2891 3093 3401 3173 δυνάμειςιάπὰρας
3448 3096 3498 3149 έν
3549 3106 3671 3163 τοῖς
3727 3097 3882 3157 803::-

510 3188 654 3246 adit.
717 3193 1046 3262 imperator
1104 3188 1500 3246 nihilominus
1582 3189 1900 3247 obsidione
1983 3191 2166 3260 cingit
2272 3195 2375 3250 νοῖς
2457 3183 2938 3263 ἐστρατοπεδεύσατ

2276 3195 2375 3250 νοῐς
2457 3183 2988 3263 ἐστρατοπεδεύσατο.
3057 3188 3292 3260 Πέφθακε
3363 3182 3424 3240 δι
3506 3189 3534 3241 ὁ
3632 3188 3886 3262 Ἀγγελος

510 3278 804 3346 Bodenos,
846 3293 958 3335 nec
999 3278 1258 3334 multum
1306 3283 1446 3350 post
1503 3282 1738 3351 tempus
1786 3284 2047 3336 castrum
2101 3280 2163 3336 in
2274 3275 2548 3351 Θεόδωρος
2596 3276 2649 3342 ἐξ
2696 3277 2866 3330 αὐτῶν
2921 3274 2938 3328 ἐ

2276 3275 2548 3351 Θεόδωρος
2596 3276 2649 3342 ἐξ
2696 3277 2866 3330 αὐτῶν
2921 3272 3218 3350 ἀποδρᾶναι
3271 3281 3360 3330 καὶ
3401 3277 3468 3338 εἰς
3525 3281 3616 3331 τὸν
3676 3278 3885 3351 ἀνεψιόν

509 3365 797 3421 ditionem
825 3367 1058 3437 recipit.
1100 3366 1247 3422 Hinc
1280 3366 1612 3422 abscedens
1642 3367 1704 3422 in
1734 3367 1867 3424 loco
1892 3368 2163 3441 quodam
2273 3368 2434 3421 αὑτοῦ
2475 3372 2560 3420 τόν
2620 3363 2884 3424 δεσπότην

2276 3368 2434 3421 αὑτοῦ
2475 3372 2560 3420 τὸν
2620 3363 2884 3424 δεσπότην
2940 3365 3166 3438 Μιχαήλ
3218 3365 3473 3425 ἀπελθεῖν.
3527 3371 3585 3420 Ὁ
3801 3366 3881 3422 οὖν

2273 3455 2526 3530 βασιλεὺς
2555 3452 2622 3518 εἷς
2674 3455 2976 3532 πολιορκίαν
3035 3464 3134 3508 τῶν
3186 3451 3423 3514 Βοδηνῶν
3482 3460 3775 3520 καταστὰς
3840 3457 3880 3510 ἐν

2271 3546 2330 3599 ού
2356 3546 2527 3618 πολλῷ
2557 3550 2734 3619 χρόνῳ
2762 3549 2819 3598 τὸ
2849 3554 2948 3598 τῶν
2980 3541 3219 3603 Βοδηνῶν
3266 3550 3646 3619 παρεστήσατο
3718 3549 3873 3601 ἄστυ.

2272 3634 2516 3689 Κάκεῖθεν
2567 3634 2770 3709 ἀπάρας
2815 3637 2865 3687 έν
2917 3653 3019 3687 τινι
3075 3639 3219 3707 τόπῳ
3261 3642 3323 3707 τῇ
3405 3643 3496 3688 τοῦ
3575 3635 3876 3711 Ὀστροεου

2268 3724 2531 3798 ἐγγίζοντι
2582 3724 2734 3798 λίμνη
2788 3723 3014 3788 ἐπήξατο
3049 3726 3138 3786 τὰς
3195 3725 3411 3786 σκηνάς.
3494 3730 3596 3779 Καὶ
3689 3725 3875 3790 ﬁm-

2271 3815 2464 3869 στέλλει
2506 3817 2833 3890 στρατηγούς
2879 3815 3014 3867 κατά
3061 3822 3161 3866 τῶν
3211 3819 3400 3890 χώρων
3458 3821 3551 3867 τοῦ
3599 3810 3872 3870 δεσπότου

2264 3903 2487 3977 Μιχαὴλ
2530 3909 2587 3957 τό
2631 3923 2684 3958 τε
2740 3903 3200 3976 Στρατηγόπουλον
3265 3903 3508 3973 ’Δλέξιοη
3585 3908 3680 3956 τὸν
3766 3912 3874 3958 Πα-

2264 3993 2535 4066 λαιολόγον
2562 3992 2788 4066 Μιχαήλ
2812 3996 2900 4045 τόν
2935 3999 3026 4044 τοῦ
3073 3991 3301 4065 μεγάλου
3355 3988 3681 4065 δομεστίκου
3735 3997 3868 4058 υἱόν,

2261 4086 2471 4135 καὶτὸν
2529 4085 2805 4157 Μακρηνόν
2858 4083 3119 4148 Ἰωάννην,
3177 4085 3262 4134 τὸν
3304 4083 3548 4154 τύραννον
3601 4080 3871 4143 Γουδέλην

2260 4178 2349 4225 καὶ
2374 4173 2595 4248 ἑτέρους,
2647 4173 2731 4224 ἶνα
2776 4191 2830 4225 τε
2883 4172 3148 4235 ληίζοιντο
3209 4174 3276 4225 τὰ
3304 4171 3474 4247 πέριξ,
3518 4177 3608 4226 καὶ
3669 4192 3774 4228 που
3827 4175 3868 4227 εἰ

512 3453 746 3510 Ostrobi
772 3452 927 3510 laeui
960 3454 1238 3525 proximo
1268 3454 1660 3512 tabernacula
1696 3456 1842 3526 ﬁgit.
1903 3456 2161 3529 indeque

510 3541 697 3598 duces
713 3541 965 3598 militum
992 3542 1263 3598 Alexium
1293 3544 1791 3615 StrategOpulum,
1820 3545 2161 3602 Michaelem

510 3628 914 3699 Palazologum
966 3629 1174 3700 magni
1230 3629 1542 3686 domestici
1589 3631 1796 3699 ﬁlium,
1865 3633 2159 3689 Joannem

507 3719 868 3786 Macrenum,
919 3717 1206 3776 Gudelem
1269 3725 1617 3791 tyrannum.
1652 3721 1924 3795 aliosque
1973 3723 2034 3778 in
2065 3723 2156 3780 Mi-

504 3807 730 3864 chaelis
749 3808 1017 3882 despotaa
1045 3808 1180 3865 loca
1239 3809 1512 3881 subjecta
1560 3811 1753 3877 mittit,
1778 3817 1840 3868 ut
1886 3812 2156 3870 fortunas

502 3898 977 3972 uniuscujusque
999 3899 1344 3971 diriperent,
1360 3901 1619 3957 etsicubi
1654 3903 1979 3959 exercitum
1997 3902 2153 3959 illius

500 3986 889 4060 oﬂenderent,
924 3990 1362 4060 pugnaineum
1389 3990 1825 4059 inveherentur,
1845 3997 1902 4048 et
1945 3993 1992 4047 si
2024 4009 2153 4049 sese

499 4075 739 4132 oﬂerret
774 4078 1032 4145 occasio,
1087 4093 1287 4134 arcem
1337 4079 1515 4135 etiam
1564 4087 1996 4152 expugnarent.
2059 4082 2152 4139 Sic

495 4164 579 4220 illi
613 4167 1046 4224 exhauriebant
1069 4169 1274 4224 omnia
1292 4184 1361 4224 ac
1382 4169 1909 4242 depopulabantur
1929 4175 1986 4228 et
2011 4178 2148 4228 ante

425 4286 430 4290 ·
493 4253 872 4324 imperatoris
925 4257 1244 4314 tentorium
1293 4258 1660 4316 deferebant.
1705 4259 2033 4332 imperator
2085 4263 2145 4317 in
2257 4264 2469 4334 τύχοιεν
2495 4267 2586 4314 καὶ
2629 4263 2938 4334 στρατεύματ

2276 4264 2469 4334 τύχοιεν
2495 4267 2586 4314 καὶ
2629 4263 2994 4334 στρατεύματα
3040 4260 3222 4328 αύτοῦ,
3277 4260 3345 4322 εἰς
3396 4263 3582 4334 μάχην
3603 4263 3727 4315 κατ’
3782 4263 3868 4316 αὖ·

494 4341 725 4397 Ostrobi
751 4342 898 4399 locis
924 4350 1315 4415 remanserat,
1350 4345 1848 4420 aﬂligebaturque
1885 4350 2142 4420 animos,
2257 4359 2348 4403 τοῦ
2371 4356 2696 4424 χωρήσαιεν,
2722 4355 2812 4403 καὶ
2849 4353 2938 4402 εῖπ

2276 4359 2348 4403 -ού
2371 4356 2696 4424 χωρήσαιεν,
2722 4355 2812 4403 καὶ
2849 4353 2989 4425 εἴπερ
3018 4349 3285 4426 εὐχέρειαν
3337 4357 3538 4423 σχοῖεν,
3591 4357 3692 4405 καὶ
3730 4354 3860 4406 im

489 4431 655 4501 quod
689 4430 835 4486 nihil
865 4433 1117 4504 dignum
1155 4435 1282 4506 ipse
1325 4436 1767 4506 exspectatione
1822 4439 2139 4495 hominum
2173 4456 2217 4513 ῃ
2256 4441 2595 4514 πορθήσαιεν.
2651 4443 2752 4493 Καὶ
2799 4439 2932 4491 οὕτω

2276 4441 2595 4514 πορθήσαιεν.
2651 4443 2752 4493 Καὶ
2799 4439 2962 4501 οὕτως
3031 4442 3122 4512 μεν
3205 4437 3388 4492 ἐκεῖνοι
3473 4437 3713 4510 ἐποίουν,
3775 4447 3861 4494 καὶ

487 4518 832 4590 peregisset.
867 4522 1068 4592 Neque
1092 4522 1293 4579 minus
1327 4523 1620 4579 exercitus
1684 4541 1840 4596 aegre
1887 4527 2134 4598 ferebat,
2251 4537 2480 4603 προῆγον
2523 4538 2617 4591 τῆς
2662 4536 2754 4582 τοῦ
2813 4526 2938 4601 βασι

2276 4537 2480 4603 προῆγον
2523 4538 2617 4591 τῆς
2662 4536 2754 4582 τοῦ
2813 4526 3076 4601 βασιλέως
3126 4536 3324 4590 σκηνῆς
3373 4530 3693 4603 ἔμπροσθεν’
3741 4532 3769 4583 ὁ
3811 4527 3865 4584 δε

486 4605 711 4679 quippe
742 4611 1092 4681 tempestate
1118 4610 1371 4668 hiberna
1401 4611 1796 4670 discruciatus
1825 4617 2022 4686 magis
2068 4634 2138 4674 ac
2252 4617 2504 4692 βασιλεὺς
2556 4622 2934 4693 προσεκαρτέρε

2276 4617 2504 4680 Ξασιλεύς
2556 4622 2956 4693 προσεκαρτέρει
2995 4625 3104 4681 τοῖς
3142 4626 3235 4671 τού
3289 4617 3582 4693 Ὀστροϐοῦ
3651 4622 3860 4686 τόποις,

480 4697 680 4766 magis
707 4700 1188 4755 necessariorum
1214 4700 1419 4773 inopia
1439 4701 1777 4762 laborabat.
1806 4706 2135 4779 Imperator
2247 4712 2338 4760 καὶ
2378 4706 2693 4780 ἐϐαρυθύμει
2735 4706 2811 4781 ἐφ’
2862 4707 2902 4778 ᾧ

2276 4712 2338 4760 ,αὶ
2378 4706 2693 4780 ἐϐαρυθύμει
2735 4706 2811 4781 ἐφ’
2862 4707 2902 4778 ᾧ
2949 4711 3022 4780 μή
3066 4709 3320 4780 πίφθακα
3364 4707 3507 4770 ἄξιόν
3584 4726 3638 4760 τι
3713 4708 3862 4783 έργά-

477 4783 869 4843 incommodo
921 4788 1200 4859 providit:
1254 4790 1432 4846 mulis
1485 4793 1702 4848 etenim
1764 4795 2131 4870 camelisque
2249 4798 2467 4852 σασθαι.
2521 4796 2828 4870 Ἠγανήκτει
2882 4792 2938 4850 δὲ

2276 4798 2467 4852 ἀσθαι.
2521 4796 2828 4870 Ἠγανήκτει
2882 4792 2941 4850 δὲ
2995 4800 3084 4849 καὶ
3126 4799 3184 4850 τό
3232 4798 3552 4870 στράτευμα·
3613 4798 3640 4850 ό
3671 4804 3859 4875 καιρός

476 4874 714 4932 Berrma
741 4877 1086 4934 necessaria
1117 4879 1627 4938 convehebantur.
1658 4882 1750 4939 Sic
1780 4884 2126 4957 imperatori
2238 4890 2338 4962 γὰρ
2365 4883 2425 4946 ἦν
2467 4890 2752 4961 χειμερίας,
2801 4885 2938 4939 ἐσπά

2277 4890 2338 4962 ἀρ
2365 4883 2425 4946 ἧν
2467 4890 2752 4961 χειμέρίος,
2801 4885 3083 4948 ἐσπάνιζον
3141 4881 3200 4939 δε
3257 4890 3342 4939 καὶ
3395 4895 3493 4939 τῶν
3545 4874 3853 4962 xpeto-ﬁsi".

473 4962 684 5021 affecto
705 4973 920 5038 praeter
949 4968 1458 5040 exspectationem
1492 4972 1756 5029 Castoria
1812 4975 2123 5046 transfuga
2238 4977 2377 5032 Ἀλλ’
2429 4978 2454 5028 ὁ
2505 4974 2751 5049 βασιλεὺς
2805 4979 2864 5028 τὸ

2276 4977 2377 5031 ιλλ⁹
2429 4978 2454 5028 ό
2505 4974 2751 5049 βασιλεὺς
2805 4979 2864 5028 τὸ
2945 4983 3178 5029 τοιοῦτον
3278 4977 3670 5050 τεθεράπευκεν⁹
3751 4978 3851 5032 ἀπὸ

471 5053 697 5110 Gravas
755 5057 1030 5124 occurrit,
1081 5061 1138 5114 et
1178 5074 1304 5116 non
1351 5059 1538 5116 multo
1587 5067 1723 5133 post
1770 5063 2117 5121 Theodorus
2235 5067 2474 5143 Βεῤῥοίας
2529 5069 2630 5139 γὰρ
2679 5068 2911 5139 ἡμίονοίς

2276 5067 2474 5143 εῤῥοίας
2529 5069 2630 5139 γὰρ
2679 5068 2911 5139 ήμιονοίς
2972 5070 3062 5118 καὶ
3128 5063 3385 5138 καμήλοις
3450 5067 3516 5118 τὰ
3598 5063 3845 5141 χρειώδη

465 5182 581 5266 περὶ
616 5178 1073 5266 αὐτόν-πρεσϐείαν
1112 5185 1357 5266 πρρςῇῖὶὸν
1397 5183 1622 5256 βασιλέα
1680 5186 1964 5253 ἐστείλατο,
2024 5197 2113 5244 καὶ
2181 5191 2406 5246 ἀπέλυσε
2465 5196 2594 5266 πρὸς
2645 5196 2733 5244 τὸν
2783 5189 3006 5264 βασιλέα
3056 5192 3091 5266 _6
3150 5190 3390 5266 Μιχαὴλ,
3433 5190 3708 5266 Πρίλαπον
3769 5201 3854 5246 καί

465 5195 581 5300 περι
616 5197 770 5232 αυτον
797 5195 1073 5256 πρεσϐείαν
1112 5195 1239 5256 προς
1271 5195 1357 5235 τον
1397 5195 1622 5256 βασιλέα
1680 5195 1964 5253 ἐστείλατο,
2024 5197 2113 5244 καὶ
2181 5195 2406 5246 ἀπέλυσε
2465 5196 2594 5266 πρὸς
2645 5196 2733 5244 τὸν
2783 5195 3006 5264 βασιλέα
3065 5195 3091 5243 ὁ
3150 5195 3376 5264 Μιχαὴλ
3433 5195 3708 5266 Πρίλαπον
3769 5201 3850 5246 καί

463 5253 674 5348 Bas-2'69
703 5257 793 5336 καὶ
853 5256 910 5339 τό
963 5252 1136 5340 ἐν’τᾴἶ
1183 5254 1428 5344 ’,ἧλϐάνῳν
1481 5261 1721 5348 φρούρξον
1761 5264 1859 5348 ὶτάς
1909 5267 2153 5348 (ὶΚρόαςκ
2188 5270 2288 5319 Καὶ
2341 5262 2640 5348 προέϐησαν
2698 5266 2990 5348 παράἱτού
3021 5260 3306 5348 ιιβασιλέως
3365 5264 3620 5348 ἓγγραῗοε
3679 5267 3850 5347 ὅρκοι,

461 5325 550 5373 καὶ
572 5317 830 5381 δεσπότην
859 5328 946 5376 τὸν
978 5317 1137 5377 αὑτοῦ
1167 5328 1278 5426 υἰρέ
1308 5317 1430 5398 τιμή
1443 5317 1540 5419 τάξ
1570 5317 1863 5426 (ignouisti;
1897 5317 1990 5385 διά
2015 5317 2109 5392 τὴν
2134 5317 2461 5408 έγγονην.”0
2491 5332 2552 5389 δε
2584 5317 2833 5426 βασιλεύς
2859 5333 2908 5387 έν
2939 5317 3188 5396 Βοδηνοῐς
3252 5317 3672 5408 παραχειμάσας
3709 5317 3850 5410 ⁸μετέί

462 5397 670 5426 una-ah...
695 5398 1081 5426 κμκ-..’......-,.-
1105 5395 1206 5426 2...:
1281 5415 1327 5426 ρ..
1359 5397 1425 5426 ,2-
1484 5405 1501 5426 Α
1522 5405 1616 5426 ---Α
1665 5421 1719 5426 μ-
1746 5408 1829 5426 ---Α
1872 5403 1934 5426 ,ξΔ
1977 5411 1990 5426 ι
2013 5424 2022 5426 -
2049 5405 2096 5426 ορ
2127 5407 2145 5426 κ
2308 5411 2318 5424 ι
2360 5413 2396 5426 ν

457 5397 670 5466 μετρίου
695 5398 1081 5469 στρατεύματος
1103 5395 1327 5457 ἀπῆλθεν
1358 5395 1425 5458 εἰς
1455 5395 1720 5476 Ἀχρίδας
1745 5408 1834 5456 καὶ
1867 5403 1935 5465 εἰς
1965 5395 2214 5460 Δεάϐολίν’
2235 5411 2325 5461 καὶ
2360 5395 2683 5481 Καστορίαν.

1334 5505 1677 5576 Theodori
1724 5510 1977 5580 Dousae
2025 5522 2093 5581 et
2141 5513 2391 5584 Leonis
2442 5512 2679 5582 Allatii
2729 5524 2938 5583 notae.

524 5607 639 5681 (96)
670 5609 815 5662 Μετὰ
833 5617 925 5663 τοῦ
955 5605 1235 5670 δεσπότου.
1269 5613 1544 5672 Exactius
1582 5616 1896 5690 Gregoras,
1935 5633 1995 5693 p.
2024 5623 2212 5680 47-49.
2239 5627 2376 5680 ALL.

2276 5638 2376 5680 ιιι.
