3966 6324
105 413 266 471 11οὸ

1615 403 1968 460 ANNALES.

3359 407 3494 466 1106

106 535 420 612 διεκόμιζεν
449 533 500 587 ίν
550 538 624 604 τῷ
673 531 1031 603 στρατοπέκῳ.
1090 527 1301 581 Οὐτωσὶ
1347 523 1406 580 δε
1466 521 1672 580 διατεθε

1929 544 2228 618 raliphas,
2270 543 2376 616 qui
2414 543 2787 603 conduxerat
2813 547 3003 606 ﬁliam
3035 549 3317 606 Demetrii
3359 553 3495 608 Tor-

102 633 276 702 μένου
305 632 397 680 τοῦ
439 621 700 698 βασιλεως
757 618 876 694 παρ’
927 613 1144 680 ἐλπίδας
1209 617 1450 691 ἕπιφοιτᾷ
1497 625 1570 689 τῷ
1625 615 1724 690 βα-

108 717 256 771 σιλεί
306 713 552 789 πρόσφυξ
597 710 699 764 ἀπὸ
733 714 1023 784 Καστορίας
1076 707 1293 776 Γλαϐᾱίς,
1341 712 1430 760 καὶ
1487 715 1724 780 συνεχῶς

105 810 139 862 6
197 806 493 878 Πεταλὶφας
542 798 817 878 Θεόδωρος
896 798 980 853 επὶ
1040 801 1292 874 θυγρατρὶ
1342 797 1576 874 γαμϐρὸς
1629 805 1722 850 τοῦ

102 902 345 974 Τορνίκη
380 896 679 969 Δημητρίου
727 897 820 944 τοῦ
870 895 1162 963 Κομνηνοῦ,
1206 889 1262 951 ὃς
1304 890 1370 941 1'6:
1412 889 1561 940 κοινὰ
1607 883 1722 940 διέ-

104 1007 229 1042 ⁴ιτων
254 987 320 1046 ἦν
347 994 420 1057 τῷ
451 981 662 1057 βασιλεῖ
683 981 923 1054 Ἰωάννῃ,
965 979 1086 1055 παρ’
1136 978 1296 1031 αὐτοῦ
1346 979 1481 1030 πάνυ
1543 977 1722 1050 φιλού-

107 1097 273 1150 μενος
326 1079 416 1128 καὶ
476 1077 778 1146 τιμώμενος·
833 1067 1054 1142 ἀδελφὸν
1104 1070 1206 1144 γὰρ
1265 1067 1421 1120 αὐτὸν
1501 1065 1549 1119 ἰν
1614 1073 1723 1128 τοῖς

111 1169 429 1243 γράμμοσιν
479 1161 739 1216 ἀπεκάλει·
799 1159 886 1224 Ἐξ
932 1161 1212 1234 ἀνθρώπων
1250 1153 1338 1210 οὖν
1390 1160 1490 1230 πρὸ
1538 1164 1724 1232 καιροῦ

107 1261 344 1329 γέγονεν.
380 1252 665 1325 Οἰκονόμος
706 1249 793 1303 οὖν
839 1256 938 1302 τῶν
991 1256 1172 1301 κοινῶν
1225 1246 1319 1299 οὐκ
1369 1243 1431 1304 ἧν
1492 1246 1543 1298 έν
1595 1254 1720 1320 τιμῇ

109 1352 213 1400 καὶ
234 1347 477 1420 ὀφφικίου
529 1345 746 1416 ὀνόματι
784 1340 1177 1414 γνωριζόμενος,
1227 1345 1337 1401 τοῖς
1375 1346 1608 1409 τυχοῦσι
1665 1335 1725 1391 δε

113 1435 323 1512 ἐχρᾶτο
369 1434 435 1496 εἰς
483 1435 774 1505 ὑπηρεσίαν
823 1432 849 1482 6
895 1427 1141 1502 βασιλεὺς
1181 1431 1272 1480 καὶ
1334 1435 1722 1502 γραμματικοῖς

115 1524 435 1598 δυσωνύμοις,
496 1530 570 1593 τῷ
619 1523 1028 1592 Μεσοποταμίτῃ
1079 1517 1270 1590 Ἰωσὴφ
1333 1522 1422 1569 καὶ
1483 1524 1557 1588 τῷ
1614 1515 1723 1580 ἐξυ-

113 1619 482 1690 πηρετὴσαντί
527 1612 668 1684 αὐτῷ
716 1614 999 1684 Νικηφόρῳ
1059 1616 1132 1680 τῷ
1195 1606 1474 1680 Ἀλυάττῃ,
1530 1605 1578 1658 ἓν
1665 1601 1724 1659 δὲ

111 1711 232 1767 τοῖς
287 1701 706 1775 ἐλλογιμωτέροις
750 1700 1033 1775 γράμμασι
1080 1701 1172 1749 καὶ
1253 1694 1420 1759 ἀξίοις
1487 1692 1724 1757 σπουδῆς

117 1801 198 1863 τῷ
255 1798 529 1866 Μακρωτῷ
573 1791 781 1862 Ἰωάννῃ
841 1792 928 1840 καὶ
977 1785 1110 1860 ἐμοί.
1160 1785 1218 1839 Ὀ
1266 1787 1356 1859 μὲν
1395 1780 1484 1838 οὖν
1542 1786 1724 1860 ῥηθεὶς

115 1881 453 1956 Πετραλίφάς
526 1887 617 1932 τοῦ
692 1877 918 1950 Μιχαὴλ

111 1969 404 2046 προσέλθοι
433 1978 505 2041 τῷ
539 1967 768 2043 βασιλεῖ,
800 1967 988 2027 πολλῆς
1015 1965 1099 2040 [Ρ.
1132 1964 1224 2039 50]
1281 1964 1528 2036 εὐθυμίας
1568 1963 1722 2016 αὖτὸν

114 2079 175 2113 τε
220 2064 308 2112 τόν
353 2058 580 2132 βασιλέα
622 2060 709 2110 καὶ
759 2077 827 2110 τα
878 2059 1246 2128 στρατεύματα
1289 2052 1525 2111 ἔπλησεν·
1571 2053 1724 2115 εὐθὺς

113 2152 227 2224 γὰρ
275 2150 306 2206 ἠ
360 2151 630 2221 Καστορία
673 2151 764 2199 καὶ
815 2148 844 2205 ἡ
888 2150 1008 2222 περὶ
1074 2147 1234 2202 αὐτὴν
1310 2144 1496 2196 ἅπασα
1568 2148 1724 2217 χώρα

114 2237 421 2314 προσέῤῥύη
449 2238 523 2309 τῷ
582 2236 810 2310 βασιλεῖ,
869 2240 958 2288 καὶ
1008 2237 1064 2287 αἱ
1121 2233 1398 2296 Δεαϐόλεις
1459 2229 1537 2300 δι,
1588 2235 1618 2292 ἢ
1668 2251 1724 2284 τε

116 2332 291 2405 μικρὰ
334 2333 425 2380 καὶ
479 2327 700 2400 μεγάλη,
755 2333 849 2379 τοῦ
903 2323 1157 2399 βασιλέως
1207 2323 1454 2396 ἒγένοντο.
1520 2326 1621 2376 Καὶ
1697 2322 1722 2374 6

118 2417 229 2472 ἀπὸ
288 2425 379 2470 τοῦ
433 2415 682 2472 ’Δλϐάνου
739 2417 764 2468 6
815 2415 1097 2487 Γουλάμος,
1151 2413 1260 2467 ἐπεὶ
1307 2417 1432 2488 πρὸς
1497 2414 1564 2464 τὰ
1628 2419 1724 2474 τῆς

122 2511 430 2581 Καστορίας
456 2503 710 2578 συνδιῆγε
737 2507 870 2578 μετὰ
923 2512 1016 2557 τοῦ
1083 2503 1136 2567 ἐξ
1186 2503 1434 2557 Ἀλϐάνου
1497 2508 1724 2576 στρατοῦ

119 2597 282 2668 μέρη,
339 2593 568 2664 σύζυγον
615 2594 752 2665 ἔχων
792 2600 888 2654 τῆς
945 2587 1224 2664 βασιλίδος
1254 2589 1478 2664 Εἰρήνης
1507 2589 1725 2642 αὐτανε-

117 2684 255 2756 ψιὰς
307 2679 732 2757 πρωτεξαδέλφης
780 2681 940 2742 αὐτῆς
994 2682 1274 2754 θυγατέρα,
1320 2679 1490 2751 λόγοις
1557 2677 1724 2751 μειλι-

118 2777 268 2846 χίοις
296 2777 386 2825 καὶ
409 2774 717 2847 γράμμασιν
738 2772 1080 2843 ὑποσχέσεων
1119 2778 1217 2822 τῶν
1262 2770 1360 2822 ὑπὸ
1418 2776 1510 2821 τοῦ
1563 2765 1726 2840 βασι-

121 2863 251 2924 λέως
283 2861 517 2935 θελχθεὶς
553 2865 776 2937 προσῄει
808 2869 878 2931 τῷ
929 2859 1159 2934 βασιλεῖ.
1226 2858 1541 2934 Φιλοφρόνως
1600 2865 1726 2930 γοῦν

121 2956 247 3014 τοὺς
294 2954 560 3013 τοιούτοῦς
619 2952 818 3012 πάντας
872 2951 898 3002 6
949 2947 1200 3022 βασιλεύς
1253 2945 1530 3021 δεξάμενος
1600 2967 1728 3020 πρε-

120 3047 324 3104 πόντως
377 3041 802 3114 ἐφιλοτιμήσατο’
870 3047 1045 3093 Ταῦτα
1103 3042 1250 3111 γνοὺς
1303 3037 1526 3110 Μιχαὴλ
1557 3039 1582 3088 6
1641 3033 1726 3090 δε·
1757 3025 1800 3082 C

124 3135 460 3199 σπότής,καὶ
488 3129 536 3184 ἐν
573 3137 732 3201 στενῷ
782 3125 976 3202 κομιδῇ
1036 3126 1239 3202 βλέπων
1286 3130 1351 3180 τὰ
1397 3131 1515 3202 περὶ
1570 3128 1725 3179 αὑτὸν

120 3223 462 3294 τυγχάνοντα
496 3221 801 3294 πράγματα,
853 3220 990 3271 κατὰ
1037 3218 1160 3293 ῥοῦν
1217 3212 1275 3269 δὲ
1321 3223 1602 3291 χωροῦντα
1653 3224 1725 3286 τῷ

123 3310 359 3385 βασιλεῖ,
392 3308 670 3384 πρεσϐείαν
727 3311 854 3383 πρὸς
899 3311 986 3360 τὸν
1039 3305 1264 3380 βασιλέα
1315 3304 1572 3359 ίστεὶλατο
1633 3301 1726 3357 διά

119 3421 178 3454 τε
199 3407 294 3452 τοῦ
311 3398 696 3473 μητροπολὶτου
729 3399 1048 3452 Ναυπάκτου
1101 3404 1194 3449 τοῦ
1247 3399 1420 3470 Ξηροῦ
1478 3399 1572 3448 καὶ
1631 3402 1724 3448 τοῦ

119 3489 202 3543 ἔπ’
239 3485 431 3562 ἀδελφῇ
455 3486 694 3562 γαμϐρου
725 3487 884 3540 αὐτοῦ
935 3492 1028 3539 τοῦ
1082 3484 1428 3543 Μαλιασηνοῦ
1481 3488 1574 3536 καὶ
1633 3492 1725 3537 τοῦ

119 3581 433 3651 Λαμπίτου,
462 3579 628 3630 οἱκαὶ
677 3576 742 3637 εἰς
775 3575 960 3649 λόγους
1019 3573 1340 3635 συνελθόντες
1394 3582 1466 3646 τῷ
1515 3571 1731 3647 βασιλεῖ

120 3665 413 3741 ξυμϐάσεις
472 3671 798 3724 πεποίηνται.
848 3669 948 3718 Καὶ
1015 3662 1240 3716 ἀπέλυσε
1316 3665 1405 3736 μὶν
1477 3666 1578 3738 πρὸ
1638 3667 1724 3716 τὸν

125 3756 363 3832 βασιλέα
414 3757 440 3809 6
501 3753 725 3827 Μιχαὴλ
762 3757 821 3807 1'6
866 3755 1001 3806 ἄστυ
1055 3755 1140 3805 τὸν
1188 3751 1452 3827 Πρίλαπον
1507 3756 1597 3804 καὶ
1639 3755 1724 3804 τόν

118 3846 337 3901 Βελεσόν
357 3849 447 3898 καὶ
475 3847 533 3897 1'6
582 3843 632 3896 ἐν
683 3851 754 3915 τῷ
813 3841 1041 3914 Ἀλϐάνῳ
1098 3845 1342 3916 φρούριον
1391 3844 1478 3902 τὰς
1531 3845 1724 3917 Κρόας,

119 3941 218 3989 καὶ
251 3933 548 4008 προέϐησαν
611 3935 744 4008 πρὸς
797 3939 889 3986 τοῦ
931 3929 1190 4004 βασιλέως
1253 3933 1504 4005 ἔγγραφοι
1557 3931 1721 4006 ὅρκοι,

120 4030 220 4078 καὶ
240 4021 625 4081 ’ἀπεστάλησαν
654 4025 780 4098 πρὸς
806 4021 961 4074 αὐτόν
1000 4025 1088 4073 καὶ
1120 4019 1381 4096 πρέσϐεις,
1447 4021 1474 4072 ὃ
1529 4039 1584 4072 τε
1641 4026 1727 4073 Φι-

120 4111 405 4187 λαδελφίας
469 4118 648 4175 Φωκᾶς
731 4115 822 4164 καὶ
894 4112 921 4163 6
980 4117 1072 4170 τῆς
1155 4109 1318 4172 αὐλῆς
1383 4112 1727 4184 πριμικὴρίος

128 4205 398 4264 Ἰσαάκιος
451 4203 477 4255 6
533 4203 747 4268 Δοὺκας,
799 4200 851 4253 ὃν
909 4204 999 4252 καὶ
1073 4198 1472 4273 Μούρτζουφλον
1536 4197 1726 4252 ἀπεκά-

120 4294 266 4361 λουν,
288 4298 379 4346 καὶ
418 4291 672 4354 ὀὙαλέας
703 4290 925 4364 Μιχαὴλ
977 4295 1068 4342 καὶ
1122 4291 1274 4351 αὐτὸς
1511 4289 1726 4363 Ἀπὴει-

122 4403 219 4458 μεν
250 4390 374 4454 γοῦν
421 4385 548 4456 πρὸς
601 4384 689 4434 τὸν
737 4379 980 4452 Μιχαὴλ,
1042 4383 1131 4432 καὶ
1178 4379 1392 4453 εὕρομεν
1438 4385 1617 4432 τοῦτον
1676 4378 1724 4431 έν

123 4479 189 4545 τῇ
239 4476 510 4548 Λαρίσσῃ,
577 4476 667 4522 καὶ
711 4469 1118 4542 πεπληρώκαμεν
1174 4472 1267 4532 τὰς
1331 4464 1586 4536 σπονδὰς,
1635 4473 1724 4522 καὶ

121 4559 366 4622 λαϐόντες
385 4564 473 4613 τὸν
504 4562 614 4613 υἱόν
646 4559 807 4612 αὐτοῦ
835 4563 1151 4633 Νικηφόρον,
1206 4559 1259 4612 ὃν
1319 4562 1409 4611 καὶ
1460 4554 1723 4616 δεσπότην

122 4652 150 4704 6
211 4649 458 4724 βασιλεὺς
516 4647 611 4704 διὰ
652 4653 746 4709 τὴν
794 4649 956 4702 αὐτοῦ
1008 4647 1217 4722 έγγόνην
1260 4654 1552 4721 τετίμηκεν,
1596 4647 1725 4700 ἀλλὰ

121 4745 230 4814 μὴν
256 4745 344 4792 καὶ
366 4739 466 4792 ’τόν
511 4746 604 4792 τοῦ
644 4737 867 4810 Μιχαὴλ
917 4741 1048 4792 θεῖον
1103 4742 1189 4791 τὸν
1232 4736 1478 4809 Ἀγγελον
1519 4733 1725 4790 Θεόδω-

119 4849 215 4903 ρον
265 4825 560 4902 δεσμώτην,
623 4831 755 4902 πρὸς
818 4825 1170 4900 τὸνβασιλέα
1213 4826 1614 4898 ὶπανεζεύξαμεν
1673 4825 1721 4877 ἐν

119 4925 234 4979 τοῖς
271 4913 522 4979 Βοδηνοῖς
579 4919 945 4990 σκηνούμενον·
1014 4921 1115 4970 Καὶ
1167 4916 1300 4968 οὕτω
1359 4917 1448 4988 μὲν
1503 4914 1722 4988 ἐγεγόνει

119 5014 310 5073 ταῦτα,
363 5026 454 5058 και
496 5006 563 5067 εἰς
609 5013 814 5058 τοιοῦτο
866 5004 1008 5067 τέλος
1075 5010 1387 5063 κατηντὴκει
1451 5006 1516 5058 1'6:
1591 5009 1722 5079 πρά-

116 5115 324 5171 γματα,
397 5097 811 5171 Παραχειμάσας
852 5102 940 5147 οὖν
1011 5095 1126 5167 (97)
1201 5093 1252 5147 ἓν
1293 5101 1400 5157 τοῖς
1471 5092 1724 5158 Βοδηνοίς

120 5184 378 5260 βασιλεὺς
407 5182 531 5258 ἦρος
573 5183 703 5258 ὥρᾳ,
759 5183 866 5236 imi.
905 5189 996 5236 καὶ
1035 5188 1130 5244 τὴν
1197 5183 1558 5258 ἁναστάσιμον
1599 5185 1720 5262 ἑωρ-

117 5276 274 5328 τάκει
305 5275 519 5350 ἡμέραν,
571 5278 638 5327 τὰ
697 5269 1034 5348 στρατόπεδα
1080 5274 1241 5326 αὐτοῦ
1278 5293 1378 5327 που
1433 5274 1725 5328 καταλελοι-

119 5365 234 5424 πῶς
275 5368 365 5416 καὶ
419 5363 486 5425 εἰς
529 5365 756 5436 ἡγεμόνα
816 5363 984 5416 αὐτῶν
1042 5363 1198 5427 τάξας
1248 5369 1334 5416 τόν
1399 5383 1455 5417 τε
1527 5383 1726 5432 πρωτο-

120 5453 419 5527 ϐεστιάριον
470 5451 692 5516 Ἀλέξιον
749 5455 836 5506 τόν
879 5451 1078 5523 Ῥαούλ,
1134 5451 1370 5527 γαμϐρόν
1454 5454 1577 5506 ὄντα
1646 5451 1726 5506 ἐπ’

1755 4169 1802 4226 D

1831 635 1969 691 nicii
1995 633 2304 702 Comneni,
2332 632 2428 690 cui
2467 650 2712 692 summa
2737 652 2937 694 rerum
2990 638 3376 711 publicarum
3415 640 3495 697 ab

1830 723 2190 798 imperatore
2226 725 2452 780 Joanne
2512 725 2840 783 commissa
2887 727 3100 797 fuerat,
3160 744 3301 785 cum
3353 745 3495 786 eum

1831 828 2217 886 summopere
2247 817 2304 868 et
2331 811 2601 882 diligeret
2628 819 2686 870 et
2715 814 2776 870 in
2789 815 3017 872 honore
3031 816 3278 873 haberet
3310 835 3325 873 :
3354 833 3494 875 eum

1831 904 1992 961 enim
2023 903 2084 960 in
2121 902 2330 959 litteris
2369 902 2490 975 98
2521 903 2764 961 fratrem
2791 906 3068 963 vocabat.
3105 907 3205 963 Hic
3234 907 3494 964 multum

1831 999 1969 1052 ante
1997 995 2126 1050 haec
2147 998 2424 1065 tempora
2449 993 2567 1050 vita
2596 993 2836 1052 functus
2877 1001 2964 1054 est
2996 997 3287 1070 ;ideoque
3313 1013 3494 1055 nemo

1830 1083 1893 1140 in
1931 1099 2003 1140 ea
2023 1082 2307 1153 dignitate
2330 1086 2508 1153 atque
2538 1082 2756 1151 oﬂicio,
2813 1085 2917 1158 qui
2973 1083 3220 1157 publica
3275 1085 3496 1144 scilicet

1831 1172 2296 1238 administraret,
2331 1171 2792 1245 agnoscebatur,
2828 1173 2933 1230 sed
2974 1174 3302 1248 imperator
3363 1176 3492 1249 qui-

1830 1262 2192 1334 buscunque
2247 1264 2303 1316 et
2342 1263 2405 1316 ut
2461 1276 2591 1340 sors
2661 1262 2895 1332 tulerat,
2963 1264 3494 1337 grammaticisque

1832 1351 2080 1407 minime
2109 1349 2284 1420 notis,
2361 1350 2622 1422 Josepho
2692 1353 3142 1425 Mesopotamita
3215 1353 3494 1426 illiusque

1832 1440 2187 1498 administro
2218 1439 2549 1510 Nicephoro
2579 1440 2810 1512 Alyate,
2843 1442 2948 1498 sed
2979 1443 3039 1498 in
3068 1442 3494 1515 spectabiliori—

1830 1531 1946 1586 bus
1977 1529 2180 1586 litteris
2210 1527 2529 1601 studioque
2552 1534 2608 1585 et
2635 1530 2944 1603 diligentia
3003 1531 3200 1602 dignis
3245 1532 3492 1589 Joannis

1832 1619 2072 1676 Macroti
2116 1623 2172 1674 et
2214 1634 2350 1674 meo
2394 1619 2721 1676 ministerio
2771 1620 3068 1677 utebatur.
3131 1621 3494 1694 Petraliphas

1831 1725 1995 1780 ergo,
2027 1708 2228 1764 uxoris
2265 1708 2562 1766 Michaelis
2601 1711 2801 1777 frater,
2857 1710 3101 1766 obviam
3150 1710 3494 1784 imperatori

1832 1798 2027 1855 factus
2059 1797 2248 1854 multo
2305 1814 2446 1854 cum
2491 1798 2734 1868 gaudio,
2781 1799 3009 1868 ingenti
3054 1799 3234 1855 etiam
3293 1799 3495 1856 laetitia

1025 1871 1437 1949 γυναικάδιλφος
1457 1879 1545 1941 ὧν,
1615 1873 1723 1927 επεὶ
1758 1884 1802 1939 Β
1831 1886 2438 1958 agminacumulavit.
2465 1889 2591 1944 Stat

1925 1887 2079 1943 mina
2091 1886 2438 1943 cumulavit.
2465 1887 2675 1944 Statim
2697 1888 2856 1944 enim
2876 1889 3140 1944 Castoria
3166 1888 3218 1945 ei
3240 1889 3491 1946 cireum-

1825 1976 2092 2049 jacentia
2146 1975 2284 2032 loca
2321 1975 2665 2048 imperatori
2704 1991 2766 2032 se
2807 1976 3159 2034 submisere.
3216 1976 3492 2034 Deabolis

1829 2065 1973 2124 item
2003 2080 2230 2135 magna
2258 2070 2315 2121 et
2336 2080 2526 2136 parva
2553 2065 2616 2120 in
2639 2069 2933 2137 potestate
2963 2065 3119 2122 illius
3160 2081 3396 2123 venere.
3428 2069 3493 2124 Et

1831 2170 1906 2212 ex
1930 2154 2164 2211 Albano
2225 2153 2534 2221 Gulamus,
2590 2169 2715 2210 una
2768 2170 2909 2210 cum
2964 2155 3245 2224 exercitu,
3307 2169 3493 2228 quem

1832 2244 2070 2302 Albano
2093 2243 2484 2311 conduxerat,
2514 2243 2574 2300 in
2606 2244 2884 2301 Castoriae
2921 2243 3196 2316 partibus
3243 2243 3491 2315 degens,

1831 2332 2435 2406 Irenaeimperatricis
2463 2332 2644 2405 nepti,
2695 2332 3072 2389 consobrinus
3121 2331 3276 2389 illius
3330 2332 3490 2402 ﬁliae,

1832 2422 2219 2480 matrimonio
2251 2420 2590 2494 copulatus,
2641 2421 2910 2478 oratione
2967 2420 3206 2494 placida
3233 2426 3291 2478 et
3343 2421 3491 2491 miti,

1831 2527 1942 2569 nec
1972 2527 2094 2567 non
2113 2510 2320 2567 litteris
2346 2525 2416 2566 ac
2446 2509 2757 2582 promissis
2801 2509 3200 2583 imperatoriis
3242 2509 3493 2582 illectus,

1830 2599 2178 2674 imperatori
2237 2616 2300 2656 se
2347 2599 2619 2658 dederat.
2672 2600 2875 2656 Amice
2931 2600 3320 2673 humaneque
3383 2601 3496 2658 hos

1832 2705 2045 2748 omnes
2067 2695 2346 2761 exceptos
2366 2689 2712 2762 imperator,
2738 2689 2822 2746 uti
2847 2705 2955 2763 par
2974 2693 3118 2757 erat,
3144 2689 3496 2766 muneribus

1832 2780 2012 2836 etiam
2035 2778 2376 2835 cumulavit.
2447 2779 2669 2834 Certior
2726 2777 2802 2835 de
2854 2777 2948 2834 his
3003 2779 3198 2835 factus
3253 2775 3497 2836 Michael

1832 2867 2110 2941 despota,
2166 2882 2416 2924 cernens
2481 2883 2576 2924 res
2629 2883 2770 2925 suas
2826 2868 2888 2923 in
2925 2871 3194 2924 extrema
3254 2867 3497 2928 fortuna

1831 2957 2128 3023 laborare,
2157 2955 2536 3028 imperatoris
2565 2971 2854 3029 prospere
2877 2961 3094 3012 cuncta
3123 2971 3194 3012 ac
3225 2957 3493 3013 secundo

1831 3051 2008 3103 vento
2037 3045 2384 3118 procedere,
2433 3044 2665 3115 legatus
2716 3045 2794 3101 ad
2859 3045 3286 3118 imperatorem
3333 3045 3494 3102 misit

1836 3137 2050 3193 Xerum
2073 3133 3258 3209 metropolitamNaupacti,Maliassenum
3273 3134 3494 3190 sororis

1833 3241 1958 3281 suae
2006 3239 2316 3294 generum,
2379 3228 2435 3279 et
2494 3223 2861 3295 Lampetem,
2919 3222 3024 3296 qui
3071 3221 3494 3278 convenientes

1831 3314 2259 3387 imperatorem
2309 3311 2506 3369 foedus
2553 3311 2801 3368 faciunt.
2853 3315 2920 3368 Et
2961 3311 3207 3373 Michael
3243 3311 3493 3386 quidem

1830 3403 2178 3478 imperatori
2208 3407 2471 3460 castrum
2501 3402 2717 3475 Prilapi
2746 3402 3088 3459 etBelesum
3108 3407 3164 3458 et
3183 3402 3245 3458 in
3261 3401 3494 3459 Albano

1832 3494 2125 3568 oppidum
2181 3493 2300 3566 99
2368 3493 2546 3548 Croas
2603 3491 2850 3548 dedidit.
2899 3492 3115 3549 Fcedus
3167 3492 3346 3548 etiam
3387 3507 3496 3564 per

1831 3583 2257 3657 imperatorem
2270 3581 2667 3654 jurejurando
2683 3583 2916 3655 scriptis
2933 3584 3288 3653 consignato
3301 3581 3498 3638 ﬁrma-

1831 3677 1960 3731 tum
2001 3679 2120 3741 est;
2155 3678 2211 3729 et
2235 3672 2313 3728 ad
2344 3687 2483 3727 eum
2513 3671 2676 3727 missi
2709 3671 2888 3741 legati
2939 3671 3168 3728 Phocas
3204 3669 3497 3728 Philadel-

1832 3762 2120 3834 phiensis,
2138 3761 2396 3817 lsaacius
2415 3763 2606 3816 Ducas
2631 3760 2788 3816 aulae
2808 3760 3205 3833 primicerius,
3235 3775 3418 3832 quem
3441 3763 3498 3817 et

1833 3851 2269 3924 Murtzuphlum
2310 3849 2844 3920 cognominabant,
2871 3848 3114 3906 Michael
3157 3848 3410 3920 liyaleas
3439 3851 3496 3905 et

1832 3955 1944 4011 ego
1973 3939 2101 4012 ipse
2141 3938 2220 3995 ad
2250 3937 2588 3994 Michaelcm
2620 3937 2984 3993 accessimus
3033 3936 3282 3992 Larissae
3330 3952 3493 3993 com-

1830 4032 2191 4093 morantem,
2224 4032 2282 4084 et
2319 4032 2497 4100 pacta
2526 4025 2984 4100 complevimus.
3016 4028 3244 4081 Etcum
3292 4025 3488 4083 ﬁlium

1830 4116 1986 4173 illius
2013 4117 2429 4189 Nicephorum,
2481 4131 2664 4188 quem
2734 4119 2980 4188 propter
3027 4130 3203 4170 suam
3247 4118 3492 4186 neptem

1829 4206 2153 4279 imperator
2190 4206 2456 4277 despotaa
2496 4219 2747 4260 munere
2776 4202 3185 4268 decoraverat,
3231 4203 3492 4276 accepis-

1831 4311 2053 4362 semus,
2113 4310 2224 4351 nec
2323 4309 2446 4349 non
2502 4291 2800 4350 Michaelis
2856 4295 3140 4364 patruum
3193 4291 3490 4363 Angelum

1828 4385 2207 4440 TheodOrum
2236 4381 2486 4439 vinculis
2512 4381 2824 4452 alligatum
2875 4398 2888 4436 :
2923 4379 3004 4436 ad
3063 4380 3490 4454 imperatorem

1831 4474 1995 4546 apud
2027 4473 2300 4530 Bodenos
2322 4471 2618 4542 degenten
2648 4470 3131 4542 remigravimus.
3163 4473 3229 4527 Et
3254 4471 3382 4527 haec
3409 4471 3492 4528 ita

1827 4565 2070 4634 peracta
2109 4564 2264 4616 sunt.
2297 4560 2595 4633 talemque
2636 4559 2819 4615 ﬁnem
2863 4575 2957 4615 res
3005 4559 3289 4617 habuere.
3344 4560 3491 4616 Cum

1829 4650 2088 4707 Bodenis
2119 4649 2438 4722 imperator
2466 4649 2813 4713 hicmasset,
2847 4665 3008 4716 vere,
3035 4648 3486 4721 resurrectionis

1827 4739 2042 4797 diebus
2063 4738 2226 4795 festis
2251 4738 2585 4807 celebratis,
2617 4738 2976 4794 exercitibus
3004 4738 3227 4794 ibidem
3249 4738 3487 4806 relictis,

1830 4836 1885 4886 et
1910 4829 2260 4885 ductoribus
2281 4844 2491 4884 eorum
2523 4827 2976 4902 protovestiario
3034 4827 3258 4893 Alexio,
3302 4826 3488 4884 Raulo

1830 4918 2024 4992 neptis
2068 4917 2284 4973 marito
2331 4921 2388 4974 et
2445 4920 2751 4975 Comneno
2811 4915 3092 4972 Michaele
3145 4913 3484 4988 Palaaologo

1831 5006 2328 5073 constitutis,cum
2350 5021 2539 5079 parvo
2559 5005 2799 5076 agmine
2827 5004 2906 5060 ad
2922 5003 3101 5059 urbes
3116 5003 3246 5074 jam
3259 5017 3488 5075 recens,

1833 5099 2106 5153 Romano
2129 5095 2382 5168 imperio
2410 5095 2644 5152 additas
2665 5092 3012 5151 revisendas
3033 5093 3140 5149 iter
3157 5091 3490 5163 ingreditur

1833 5190 1890 5242 et
1917 5185 2181 5259 primum
2203 5183 2517 5241 Achridam
2548 5184 2709 5257 petit,
2742 5181 2882 5238 inde
2925 5180 3231 5238 Deabolim
3253 5180 3489 5254 proﬁci-

1834 5275 2034 5343 scitur,
2069 5291 2142 5330 ex
2197 5290 2321 5348 qua
2365 5273 2694 5331 Castoriam
2739 5271 3030 5345 pervenit,
3101 5276 3156 5328 et
3196 5275 3488 5329 autumno

1833 5363 2178 5434 agminibus
2243 5361 2591 5434 compositis
2629 5360 2793 5417 viam
2861 5360 2941 5417 ad
2999 5359 3298 5418 Orientem
3363 5375 3490 5418 me-

1836 5453 2080 5510 ditatur.

1003 5586 1346 5655 Theodori
1395 5588 1646 5656 Dousaa
1694 5595 1759 5655 et
1806 5586 2055 5656 Leonis
2104 5585 2338 5654 Allatii
2389 5591 2596 5652 notae.

197 5741 318 5814 (97)
346 5741 768 5816 Παραχειμάσας
795 5736 903 5794 οὖν.
937 5741 1331 5814 Gregoras,p.
1359 5742 1446 5812 49,
1480 5739 1564 5799 ait
1589 5739 1763 5799 redit:

1480 5739 1564 5799 ait
1589 5739 1849 5799 reditum
1877 5754 2150 5814 parasse,
2175 5738 2343 5813 quod
2370 5737 2455 5796 ibi
2476 5736 2661 5798 nollet
2686 5737 3025 5798 hibernare.
