  <div class='ocr_page' id='page_1' title='image "/cluster/home/n/w/nwhite01/storage/ocr_20150623/140/pst.000005714568/600.png"; bbox 0 0 3966 6324; ppageno 0'>
   <div class='ocr_carea' id='block_1_1' title="bbox 48 382 249 442">
    <p class='ocr_par' dir='ltr' id='par_1_1' title="bbox 48 382 249 442">
     <span class='ocr_line' id='line_1_1' title="bbox 48 382 249 442; baseline 0.03 -5"><span class='ocrx_word' id='word_1_1' title='bbox 48 385 95 437; x_wconf 81' lang='grc'><strong>1</strong></span> <span class='ocrx_word' id='word_1_2' title='bbox 114 382 249 442; x_wconf 72' lang='grc'><strong>109</strong></span> 
     </span>
    </p>
   </div>
   <div class='ocr_carea' id='block_1_2' title="bbox 1684 378 1969 437">
    <p class='ocr_par' dir='ltr' id='par_1_2' title="bbox 1684 378 1969 437">
     <span class='ocr_line' id='line_1_2' title="bbox 1684 378 1969 437; baseline -0.014 1"><span class='ocrx_word' id='word_1_3' title='bbox 1684 378 1969 437; x_wconf 76' lang='lat' dir='ltr'><strong>ANNALE</strong></span> 
     </span>
    </p>
   </div>
   <div class='ocr_carea' id='block_1_3' title="bbox 3353 382 3489 438">
    <p class='ocr_par' dir='ltr' id='par_1_3' title="bbox 3353 382 3489 438">
     <span class='ocr_line' id='line_1_3' title="bbox 3353 382 3489 438; baseline 0.007 -1"><span class='ocrx_word' id='word_1_4' title='bbox 3353 382 3489 438; x_wconf 81' lang='lat' dir='ltr'><strong>me</strong></span> 
     </span>
    </p>
   </div>
   <div class='ocr_carea' id='block_1_4' title="bbox 46 502 1612 584">
    <p class='ocr_par' dir='ltr' id='par_1_4' title="bbox 46 504 1612 584">
     <span class='ocr_line' id='line_1_4' title="bbox 46 504 1612 584; baseline -0.004 -23"><span class='ocrx_word' id='word_1_5' title='bbox 46 511 299 570; x_wconf 74' lang='grc' dir='ltr'>ἔστησε</span> <span class='ocrx_word' id='word_1_6' title='bbox 353 513 443 563; x_wconf 83' lang='grc' dir='ltr'><strong>καὶ</strong></span> <span class='ocrx_word' id='word_1_7' title='bbox 523 508 708 584; x_wconf 81' lang='grc' dir='ltr'>κριτὰς</span> <span class='ocrx_word' id='word_1_8' title='bbox 761 505 973 560; x_wconf 72' lang='grc' dir='ltr'>ἐκάθισε</span> <span class='ocrx_word' id='word_1_9' title='bbox 1021 509 1112 558; x_wconf 82' lang='grc' dir='ltr'>καὶ</span> <span class='ocrx_word' id='word_1_10' title='bbox 1163 504 1400 580; x_wconf 85' lang='grc' dir='ltr'>λαμπρόν</span> <span class='ocrx_word' id='word_1_11' title='bbox 1447 504 1612 577; x_wconf 60' lang='grc' dir='ltr'>κριτήι</span> 
     </span>
    </p>
   </div>
   <div class='ocr_carea' id='block_1_5' title="bbox 1917 502 3483 584">
    <p class='ocr_par' dir='ltr' id='par_1_5' title="bbox 1918 502 3483 575">
     <span class='ocr_line' id='line_1_5' title="bbox 1918 502 3483 575; baseline 0.001 -15"><span class='ocrx_word' id='word_1_12' title='bbox 1918 547 1932 575; x_wconf 88' lang='grc'><strong>,</strong></span> <span class='ocrx_word' id='word_1_13' title='bbox 1954 508 2011 562; x_wconf 92' lang='lat' dir='ltr'><strong>et</strong></span> <span class='ocrx_word' id='word_1_14' title='bbox 2030 502 2319 561; x_wconf 92' lang='lat' dir='ltr'><strong>indicium</strong></span> <span class='ocrx_word' id='word_1_15' title='bbox 2335 504 2567 562; x_wconf 90' lang='lat' dir='ltr'><strong>celebre</strong></span> <span class='ocrx_word' id='word_1_16' title='bbox 2588 505 2911 564; x_wconf 82' lang='lat' dir='ltr'><strong>constituit.</strong></span> <span class='ocrx_word' id='word_1_17' title='bbox 2930 508 3128 565; x_wconf 81' lang='lat' dir='ltr'><strong>Causa</strong></span> <span class='ocrx_word' id='word_1_18' title='bbox 3165 505 3296 562; x_wconf 60' lang='lat' dir='ltr'><strong>hac</strong></span> <span class='ocrx_word' id='word_1_19' title='bbox 3336 508 3483 563; x_wconf 89' lang='lat' dir='ltr'><strong>erat.</strong></span> 
     </span>
    </p>
   </div>
   <div class='ocr_carea' id='block_1_6' title="bbox 57 592 1714 675">
    <p class='ocr_par' dir='ltr' id='par_1_6' title="bbox 57 592 1714 675">
     <span class='ocr_line' id='line_1_6' title="bbox 57 592 1714 675; baseline -0.005 -22"><span class='ocrx_word' id='word_1_20' title='bbox 57 604 509 675; x_wconf 77' lang='grc' dir='ltr'>συνεκρότησεν.</span> <span class='ocrx_word' id='word_1_21' title='bbox 569 597 627 651; x_wconf 85' lang='grc' dir='ltr'><strong><em>Ἠ</em></strong></span> <span class='ocrx_word' id='word_1_22' title='bbox 683 594 734 650; x_wconf 82' lang='grc' dir='ltr'><strong>δ’</strong></span> <span class='ocrx_word' id='word_1_23' title='bbox 782 594 1027 655; x_wconf 70' lang='grc' dir='ltr'>ὑπόθεσις</span> <span class='ocrx_word' id='word_1_24' title='bbox 1109 596 1173 653; x_wconf 78' lang='grc' dir='ltr'>ἦν</span> <span class='ocrx_word' id='word_1_25' title='bbox 1260 597 1502 653; x_wconf 83' lang='grc' dir='ltr'>τοιαύτη.</span> <span class='ocrx_word' id='word_1_26' title='bbox 1572 592 1714 645; x_wconf 83' lang='grc' dir='ltr'><strong>Ἐπεὶ</strong></span> 
     </span>
    </p>
   </div>
   <div class='ocr_carea' id='block_1_7' title="bbox 56 680 1713 761">
    <p class='ocr_par' dir='ltr' id='par_1_7' title="bbox 56 680 1713 761">
     <span class='ocr_line' id='line_1_7' title="bbox 56 680 1713 761; baseline -0.004 -18"><span class='ocrx_word' id='word_1_27' title='bbox 56 689 435 747; x_wconf 72' lang='grc' dir='ltr'>ἕτελεύτησεν</span> <span class='ocrx_word' id='word_1_28' title='bbox 464 690 770 761; x_wconf 80' lang='grc' dir='ltr'>όΤορνίκης</span> <span class='ocrx_word' id='word_1_29' title='bbox 818 690 1133 758; x_wconf 81' lang='grc' dir='ltr'>Δημήτριός,</span> <span class='ocrx_word' id='word_1_30' title='bbox 1184 687 1259 738; x_wconf 72' lang='grc' dir='ltr'>ἔτι</span> <span class='ocrx_word' id='word_1_31' title='bbox 1308 680 1369 737; x_wconf 75' lang='grc' dir='ltr'>δε</span> <span class='ocrx_word' id='word_1_32' title='bbox 1422 690 1606 759; x_wconf 82' lang='grc' dir='ltr'>περιῆν</span> <span class='ocrx_word' id='word_1_33' title='bbox 1664 681 1713 736; x_wconf 82' lang='grc' dir='ltr'><strong>έν</strong></span> 
     </span>
    </p>
   </div>
   <div class='ocr_carea' id='block_1_8' title="bbox 53 770 1716 850">
    <p class='ocr_par' dir='ltr' id='par_1_8' title="bbox 53 770 1716 850">
     <span class='ocr_line' id='line_1_8' title="bbox 53 770 1716 850; baseline -0.005 -17"><span class='ocrx_word' id='word_1_34' title='bbox 53 780 461 837; x_wconf 69' lang='grc' dir='ltr'><strong>Θεσσαλονίκη</strong></span> <span class='ocrx_word' id='word_1_35' title='bbox 491 779 703 850; x_wconf 72' lang='grc' dir='ltr'>όμέγας</span> <span class='ocrx_word' id='word_1_36' title='bbox 771 772 1103 847; x_wconf 78' lang='grc' dir='ltr'>δομέστικος,</span> <span class='ocrx_word' id='word_1_37' title='bbox 1162 776 1189 827; x_wconf 92' lang='grc' dir='ltr'><strong>ό</strong></span> <span class='ocrx_word' id='word_1_38' title='bbox 1229 770 1289 827; x_wconf 68' lang='grc' dir='ltr'><strong>δὲ</strong></span> <span class='ocrx_word' id='word_1_39' title='bbox 1342 776 1529 827; x_wconf 87' lang='grc' dir='ltr'>τούτου</span> <span class='ocrx_word' id='word_1_40' title='bbox 1600 776 1716 835; x_wconf 85' lang='grc' dir='ltr'>υἱός</span> 
     </span>
    </p>
   </div>
   <div class='ocr_carea' id='block_1_9' title="bbox 50 865 1711 942">
    <p class='ocr_par' dir='ltr' id='par_1_9' title="bbox 50 865 1711 942">
     <span class='ocr_line' id='line_1_9' title="bbox 50 865 1711 942; baseline -0.004 -18"><span class='ocrx_word' id='word_1_41' title='bbox 50 869 330 942; x_wconf 79' lang='grc' dir='ltr'><strong>Μιχαὴλ</strong></span> <span class='ocrx_word' id='word_1_42' title='bbox 358 868 408 931; x_wconf 81' lang='grc' dir='ltr'><strong>ές</strong></span> <span class='ocrx_word' id='word_1_43' title='bbox 427 868 699 925; x_wconf 79' lang='grc' dir='ltr'>Μελένικον</span> <span class='ocrx_word' id='word_1_44' title='bbox 756 870 846 919; x_wconf 76' lang='grc' dir='ltr'>καὶ</span> <span class='ocrx_word' id='word_1_45' title='bbox 895 865 1098 940; x_wconf 83' lang='grc' dir='ltr'>Σέῤῥας,</span> <span class='ocrx_word' id='word_1_46' title='bbox 1152 865 1206 925; x_wconf 82' lang='grc' dir='ltr'>ὃς</span> <span class='ocrx_word' id='word_1_47' title='bbox 1242 869 1332 916; x_wconf 85' lang='grc' dir='ltr'><strong>καὶ</strong></span> <span class='ocrx_word' id='word_1_48' title='bbox 1390 866 1567 937; x_wconf 83' lang='grc' dir='ltr'>μαθὼν</span> <span class='ocrx_word' id='word_1_49' title='bbox 1624 867 1711 917; x_wconf 85' lang='grc' dir='ltr'>τὸν</span> 
     </span>
    </p>
   </div>
   <div class='ocr_carea' id='block_1_10' title="bbox 60 952 1713 1032">
    <p class='ocr_par' dir='ltr' id='par_1_10' title="bbox 60 952 1713 1032">
     <span class='ocr_line' id='line_1_10' title="bbox 60 952 1713 1032; baseline -0.004 -21"><span class='ocrx_word' id='word_1_50' title='bbox 60 968 194 1012; x_wconf 83' lang='grc' dir='ltr'>τοῦ</span> <span class='ocrx_word' id='word_1_51' title='bbox 225 964 450 1032; x_wconf 84' lang='grc' dir='ltr'>Τορνίκη</span> <span class='ocrx_word' id='word_1_52' title='bbox 482 959 697 1011; x_wconf 87' lang='grc' dir='ltr'>θάνατον</span> <span class='ocrx_word' id='word_1_53' title='bbox 728 952 1061 1031; x_wconf 69' lang='grc' dir='ltr'>έδυσφόρησε</span> <span class='ocrx_word' id='word_1_54' title='bbox 1097 958 1188 1007; x_wconf 80' lang='grc' dir='ltr'>καὶ</span> <span class='ocrx_word' id='word_1_55' title='bbox 1240 956 1547 1028; x_wconf 85' lang='grc' dir='ltr'>σκυθρωπός</span> <span class='ocrx_word' id='word_1_56' title='bbox 1601 960 1713 1014; x_wconf 90' lang='grc' dir='ltr'>τοῖς</span> 
     </span>
    </p>
   </div>
   <div class='ocr_carea' id='block_1_11' title="bbox 58 1045 1713 1121">
    <p class='ocr_par' dir='ltr' id='par_1_11' title="bbox 58 1045 1713 1121">
     <span class='ocr_line' id='line_1_11' title="bbox 58 1045 1713 1121; baseline -0.004 -20"><span class='ocrx_word' id='word_1_57' title='bbox 58 1047 516 1121; x_wconf 71' lang='grc' dir='ltr'><strong>ἐντυγχάνουσιν</strong></span> <span class='ocrx_word' id='word_1_58' title='bbox 554 1046 867 1119; x_wconf 77' lang='grc' dir='ltr'>έπεφαίνετο·</span> <span class='ocrx_word' id='word_1_59' title='bbox 932 1045 994 1104; x_wconf 77' lang='grc' dir='ltr'>ἦν</span> <span class='ocrx_word' id='word_1_60' title='bbox 1049 1047 1150 1119; x_wconf 78' lang='grc' dir='ltr'>γὰρ</span> <span class='ocrx_word' id='word_1_61' title='bbox 1199 1046 1225 1096; x_wconf 88' lang='lat'><strong>6</strong></span> <span class='ocrx_word' id='word_1_62' title='bbox 1281 1048 1536 1118; x_wconf 85' lang='grc' dir='ltr'>Τορνίκης</span> <span class='ocrx_word' id='word_1_63' title='bbox 1620 1045 1713 1095; x_wconf 85' lang='grc' dir='ltr'>σύ·</span> 
     </span>
    </p>
   </div>
   <div class='ocr_carea' id='block_1_12' title="bbox 65 1129 1708 1211">
    <p class='ocr_par' dir='ltr' id='par_1_12' title="bbox 65 1129 1708 1211">
     <span class='ocr_line' id='line_1_12' title="bbox 65 1129 1708 1211; baseline -0.002 -20"><span class='ocrx_word' id='word_1_64' title='bbox 65 1138 266 1210; x_wconf 70' lang='grc' dir='ltr'>ζυγόν</span> <span class='ocrx_word' id='word_1_65' title='bbox 300 1141 436 1211; x_wconf 78' lang='grc' dir='ltr'>ῖχων</span> <span class='ocrx_word' id='word_1_66' title='bbox 462 1144 558 1191; x_wconf 83' lang='grc' dir='ltr'>τοῦ</span> <span class='ocrx_word' id='word_1_67' title='bbox 608 1135 835 1210; x_wconf 69' lang='grc' dir='ltr'>μεγάλου</span> <span class='ocrx_word' id='word_1_68' title='bbox 895 1131 1215 1207; x_wconf 86' lang='grc' dir='ltr'>δομεστίκου</span> <span class='ocrx_word' id='word_1_69' title='bbox 1253 1129 1708 1205; x_wconf 76' lang='grc' dir='ltr'>πρωτεξαδελφην.</span> 
     </span>
    </p>
   </div>
   <div class='ocr_carea' id='block_1_13' title="bbox 66 1224 1709 1301">
    <p class='ocr_par' dir='ltr' id='par_1_13' title="bbox 66 1224 1709 1301">
     <span class='ocr_line' id='line_1_13' title="bbox 66 1224 1709 1301; baseline -0.005 -19"><span class='ocrx_word' id='word_1_70' title='bbox 66 1229 204 1281; x_wconf 83' lang='grc' dir='ltr'><strong>Οἴα</strong></span> <span class='ocrx_word' id='word_1_71' title='bbox 231 1236 359 1300; x_wconf 79' lang='grc' dir='ltr'>γοῦν</span> <span class='ocrx_word' id='word_1_72' title='bbox 389 1227 523 1301; x_wconf 78' lang='grc' dir='ltr'>φιλεῖ</span> <span class='ocrx_word' id='word_1_73' title='bbox 583 1226 663 1279; x_wconf 69' lang='lat' dir='ltr'><strong>ini</strong></span> <span class='ocrx_word' id='word_1_74' title='bbox 740 1232 851 1286; x_wconf 90' lang='grc' dir='ltr'>τοῖς</span> <span class='ocrx_word' id='word_1_75' title='bbox 897 1227 1152 1285; x_wconf 80' lang='grc' dir='ltr'><strong>τοιούτοις</strong></span> <span class='ocrx_word' id='word_1_76' title='bbox 1189 1225 1447 1295; x_wconf 74' lang='grc' dir='ltr'>γίνεσθαι,</span> <span class='ocrx_word' id='word_1_77' title='bbox 1495 1224 1709 1297; x_wconf 77' lang='grc' dir='ltr'>ἠρωτή-</span> 
     </span>
    </p>
   </div>
   <div class='ocr_carea' id='block_1_14' title="bbox 67 1315 1711 1386">
    <p class='ocr_par' dir='ltr' id='par_1_14' title="bbox 67 1315 1711 1386">
     <span class='ocr_line' id='line_1_14' title="bbox 67 1315 1711 1386; baseline -0.003 -16"><span class='ocrx_word' id='word_1_78' title='bbox 67 1337 179 1371; x_wconf 75' lang='grc' dir='ltr'><strong>κει</strong></span> <span class='ocrx_word' id='word_1_79' title='bbox 207 1338 293 1381; x_wconf 87' lang='grc' dir='ltr'><strong>τις</strong></span> <span class='ocrx_word' id='word_1_80' title='bbox 329 1326 429 1370; x_wconf 87' lang='grc' dir='ltr'>τῶν</span> <span class='ocrx_word' id='word_1_81' title='bbox 482 1316 539 1369; x_wconf 77' lang='grc' dir='ltr'>ἐκ</span> <span class='ocrx_word' id='word_1_82' title='bbox 630 1315 905 1370; x_wconf 77' lang='grc' dir='ltr'>Μελενίκου</span> <span class='ocrx_word' id='word_1_83' title='bbox 962 1318 1259 1386; x_wconf 78' lang='grc' dir='ltr'>τοῦνομα.,.</span> <span class='ocrx_word' id='word_1_84' title='bbox 1323 1315 1531 1386; x_wconf 84' lang='grc' dir='ltr'>θάτερόν</span> <span class='ocrx_word' id='word_1_85' title='bbox 1594 1332 1711 1365; x_wconf 84' lang='grc' dir='ltr'>τινα</span> 
     </span>
    </p>
   </div>
   <div class='ocr_carea' id='block_1_15' title="bbox 74 1401 1711 1479">
    <p class='ocr_par' dir='ltr' id='par_1_15' title="bbox 74 1401 1711 1479">
     <span class='ocr_line' id='line_1_15' title="bbox 74 1401 1711 1479; baseline -0.004 -21"><span class='ocrx_word' id='word_1_86' title='bbox 74 1405 487 1479; x_wconf 81' lang='grc' dir='ltr'>καλούμενον...</span> <span class='ocrx_word' id='word_1_87' title='bbox 545 1406 666 1457; x_wconf 87' lang='grc' dir='ltr'>ὅτου</span> <span class='ocrx_word' id='word_1_88' title='bbox 726 1404 888 1475; x_wconf 89' lang='grc' dir='ltr'>χάριν</span> <span class='ocrx_word' id='word_1_89' title='bbox 946 1401 1314 1475; x_wconf 79' lang='grc' dir='ltr'>σκυθρωπάζει</span> <span class='ocrx_word' id='word_1_90' title='bbox 1368 1402 1406 1452; x_wconf 88' lang='lat'><strong><em>6-</em></strong></span> <span class='ocrx_word' id='word_1_91' title='bbox 1445 1403 1711 1473; x_wconf 81' lang='grc' dir='ltr'>Κομνηνός</span> 
     </span>
    </p>
   </div>
   <div class='ocr_carea' id='block_1_16' title="bbox 74 1489 1709 1567">
    <p class='ocr_par' dir='ltr' id='par_1_16' title="bbox 74 1489 1709 1567">
     <span class='ocr_line' id='line_1_16' title="bbox 74 1489 1709 1567; baseline -0.007 -18"><span class='ocrx_word' id='word_1_92' title='bbox 74 1496 351 1567; x_wconf 74' lang='grc' dir='ltr'>Μιχαὴλ.</span> <span class='ocrx_word' id='word_1_93' title='bbox 386 1494 445 1547; x_wconf 78' lang='grc' dir='ltr'><strong>Ὀ</strong></span> <span class='ocrx_word' id='word_1_94' title='bbox 477 1491 536 1547; x_wconf 71' lang='grc' dir='ltr'>δε</span> <span class='ocrx_word' id='word_1_95' title='bbox 563 1496 678 1565; x_wconf 82' lang='grc' dir='ltr'>(καὶ</span> <span class='ocrx_word' id='word_1_96' title='bbox 705 1495 807 1565; x_wconf 75' lang='grc' dir='ltr'>γὰρ</span> <span class='ocrx_word' id='word_1_97' title='bbox 840 1492 1103 1563; x_wconf 80' lang='grc' dir='ltr'>ἠπίστατο</span> <span class='ocrx_word' id='word_1_98' title='bbox 1132 1494 1227 1548; x_wconf 85' lang='grc' dir='ltr'>τὴν</span> <span class='ocrx_word' id='word_1_99' title='bbox 1294 1489 1509 1560; x_wconf 72' lang='grc' dir='ltr'>αἰτίαν),</span> <span class='ocrx_word' id='word_1_100' title='bbox 1568 1510 1597 1538; x_wconf 86' lang='grc' dir='ltr'>(ι</span> <span class='ocrx_word' id='word_1_101' title='bbox 1650 1489 1709 1542; x_wconf 82' lang='grc' dir='ltr'><strong>Ὀ</strong></span> 
     </span>
    </p>
   </div>
   <div class='ocr_carea' id='block_1_17' title="bbox 77 1575 1711 1660">
    <p class='ocr_par' dir='ltr' id='par_1_17' title="bbox 77 1575 1711 1660">
     <span class='ocr_line' id='line_1_17' title="bbox 77 1575 1711 1660; baseline -0.005 -22"><span class='ocrx_word' id='word_1_102' title='bbox 77 1589 377 1660; x_wconf 81' lang='grc' dir='ltr'>Τορνίκης,</span> <span class='ocrx_word' id='word_1_103' title='bbox 404 1608 433 1634; x_wconf 86' lang='grc'><strong>››</strong></span> <span class='ocrx_word' id='word_1_104' title='bbox 455 1586 571 1656; x_wconf 77' lang='grc' dir='ltr'>ἔφη,</span> <span class='ocrx_word' id='word_1_105' title='bbox 602 1604 629 1633; x_wconf 87' lang='grc'><strong>((</strong></span> <span class='ocrx_word' id='word_1_106' title='bbox 658 1586 953 1656; x_wconf 82' lang='grc' dir='ltr'>Δημήτριος</span> <span class='ocrx_word' id='word_1_107' title='bbox 972 1582 1231 1637; x_wconf 74' lang='grc' dir='ltr'><strong>τέθνηκεν.</strong></span> <span class='ocrx_word' id='word_1_108' title='bbox 1280 1578 1378 1631; x_wconf 82' lang='grc' dir='ltr'>Ἦν</span> <span class='ocrx_word' id='word_1_109' title='bbox 1436 1575 1496 1630; x_wconf 71' lang='grc' dir='ltr'>δε</span> <span class='ocrx_word' id='word_1_110' title='bbox 1547 1597 1711 1653; x_wconf 84' lang='grc' dir='ltr'>προσ-</span> 
     </span>
    </p>
   </div>
   <div class='ocr_carea' id='block_1_18' title="bbox 80 1671 1707 1746">
    <p class='ocr_par' dir='ltr' id='par_1_18' title="bbox 80 1671 1707 1746">
     <span class='ocr_line' id='line_1_18' title="bbox 80 1671 1707 1746; baseline -0.004 -19"><span class='ocrx_word' id='word_1_111' title='bbox 80 1679 254 1746; x_wconf 74' lang='grc' dir='ltr'>-γενής</span> <span class='ocrx_word' id='word_1_112' title='bbox 283 1674 440 1727; x_wconf 74' lang='grc' dir='ltr'>αὐτοῦ</span> <span class='ocrx_word' id='word_1_113' title='bbox 494 1677 585 1725; x_wconf 82' lang='grc' dir='ltr'>καὶ</span> <span class='ocrx_word' id='word_1_114' title='bbox 636 1672 901 1745; x_wconf 62' lang='grc' dir='ltr'>οἰκονόμος</span> <span class='ocrx_word' id='word_1_115' title='bbox 942 1679 1043 1723; x_wconf 85' lang='grc' dir='ltr'>τῶν</span> <span class='ocrx_word' id='word_1_116' title='bbox 1106 1677 1308 1724; x_wconf 85' lang='grc' dir='ltr'>κοινῶν.</span> <span class='ocrx_word' id='word_1_117' title='bbox 1372 1673 1472 1722; x_wconf 79' lang='grc' dir='ltr'><strong>Καὶ</strong></span> <span class='ocrx_word' id='word_1_118' title='bbox 1520 1671 1707 1721; x_wconf 89' lang='grc' dir='ltr'>τούτου</span> 
     </span>
    </p>
   </div>
   <div class='ocr_carea' id='block_1_19' title="bbox 78 1754 1708 1838">
    <p class='ocr_par' dir='ltr' id='par_1_19' title="bbox 78 1754 1708 1838">
     <span class='ocr_line' id='line_1_19' title="bbox 78 1754 1708 1838; baseline -0.004 -22"><span class='ocrx_word' id='word_1_119' title='bbox 78 1771 226 1835; x_wconf 73' lang='grc' dir='ltr'>’γοῦν</span> <span class='ocrx_word' id='word_1_120' title='bbox 268 1764 435 1838; x_wconf 80' lang='grc' dir='ltr'>χάριν</span> <span class='ocrx_word' id='word_1_121' title='bbox 458 1765 696 1815; x_wconf 79' lang='grc' dir='ltr'>κάκείνου</span> <span class='ocrx_word' id='word_1_122' title='bbox 744 1761 1044 1819; x_wconf 71' lang='grc' dir='ltr'><strong>λελύπηται.</strong></span> <span class='ocrx_word' id='word_1_123' title='bbox 1099 1781 1127 1809; x_wconf 83' lang='grc'><strong>››</strong></span> <span class='ocrx_word' id='word_1_124' title='bbox 1177 1758 1236 1811; x_wconf 88' lang='grc' dir='ltr'><strong>Ὀ</strong></span> <span class='ocrx_word' id='word_1_125' title='bbox 1293 1754 1374 1827; x_wconf 67' lang='grc' dir='ltr'><strong>δὲ,</strong></span> <span class='ocrx_word' id='word_1_126' title='bbox 1424 1780 1452 1806; x_wconf 76' lang='grc' dir='ltr'>ι(</span> <span class='ocrx_word' id='word_1_127' title='bbox 1500 1760 1571 1813; x_wconf 74' lang='grc' dir='ltr'>οὔ</span> <span class='ocrx_word' id='word_1_128' title='bbox 1617 1777 1708 1831; x_wconf 89' lang='grc' dir='ltr'><strong>μοι</strong></span> 
     </span>
    </p>
   </div>
   <div class='ocr_carea' id='block_1_20' title="bbox 1824 594 3486 669">
    <p class='ocr_par' dir='ltr' id='par_1_20' title="bbox 1824 594 3486 669">
     <span class='ocr_line' id='line_1_20' title="bbox 1824 594 3486 669; baseline 0 -18"><span class='ocrx_word' id='word_1_129' title='bbox 1824 596 1972 651; x_wconf 89' lang='lat' dir='ltr'><strong>Cum</strong></span> <span class='ocrx_word' id='word_1_130' title='bbox 2002 594 2333 651; x_wconf 87' lang='lat' dir='ltr'><strong>Demetrius</strong></span> <span class='ocrx_word' id='word_1_131' title='bbox 2365 595 2670 651; x_wconf 90' lang='lat' dir='ltr'><strong>Tornicius</strong></span> <span class='ocrx_word' id='word_1_132' title='bbox 2695 596 2879 653; x_wconf 88' lang='lat' dir='ltr'><strong>vitam</strong></span> <span class='ocrx_word' id='word_1_133' title='bbox 2910 596 3160 663; x_wconf 86' lang='lat' dir='ltr'><strong>ﬁnisset,</strong></span> <span class='ocrx_word' id='word_1_134' title='bbox 3204 600 3486 669; x_wconf 83' lang='lat' dir='ltr'><strong>essetque</strong></span> 
     </span>
    </p>
   </div>
   <div class='ocr_carea' id='block_1_21' title="bbox 1821 683 3485 755">
    <p class='ocr_par' dir='ltr' id='par_1_21' title="bbox 1821 683 3485 755">
     <span class='ocr_line' id='line_1_21' title="bbox 1821 683 3485 755; baseline 0.001 -15"><span class='ocrx_word' id='word_1_135' title='bbox 1821 683 2255 740; x_wconf 68' lang='lat' dir='ltr'><strong>Thessalonicae</strong></span> <span class='ocrx_word' id='word_1_136' title='bbox 2281 699 2541 755; x_wconf 88' lang='lat' dir='ltr'><strong>magnus</strong></span> <span class='ocrx_word' id='word_1_137' title='bbox 2562 684 2948 754; x_wconf 91' lang='lat' dir='ltr'><strong>domesticus,</strong></span> <span class='ocrx_word' id='word_1_138' title='bbox 2980 684 3141 741; x_wconf 87' lang='lat' dir='ltr'><strong>ﬁlius</strong></span> <span class='ocrx_word' id='word_1_139' title='bbox 3162 700 3306 741; x_wconf 88' lang='lat' dir='ltr'><strong>vero</strong></span> <span class='ocrx_word' id='word_1_140' title='bbox 3326 684 3485 742; x_wconf 87' lang='lat' dir='ltr'><strong>illius</strong></span> 
     </span>
    </p>
   </div>
   <div class='ocr_carea' id='block_1_22' title="bbox 1822 772 3485 846">
    <p class='ocr_par' dir='ltr' id='par_1_22' title="bbox 1822 772 3485 846">
     <span class='ocr_line' id='line_1_22' title="bbox 1822 772 3485 846; baseline -0.001 -15"><span class='ocrx_word' id='word_1_141' title='bbox 1822 773 2066 831; x_wconf 69' lang='lat' dir='ltr'><strong>Michael</strong></span> <span class='ocrx_word' id='word_1_142' title='bbox 2095 772 2355 829; x_wconf 84' lang='lat' dir='ltr'><strong>Melenici</strong></span> <span class='ocrx_word' id='word_1_143' title='bbox 2384 778 2442 830; x_wconf 88' lang='lat' dir='ltr'><strong>et</strong></span> <span class='ocrx_word' id='word_1_144' title='bbox 2471 774 2677 835; x_wconf 83' lang='lat' dir='ltr'><strong>Serris.</strong></span> <span class='ocrx_word' id='word_1_145' title='bbox 2710 774 2953 832; x_wconf 81' lang='lat' dir='ltr'><strong>Michael</strong></span> <span class='ocrx_word' id='word_1_146' title='bbox 2987 778 3297 846; x_wconf 90' lang='lat' dir='ltr'><strong>comperta</strong></span> <span class='ocrx_word' id='word_1_147' title='bbox 3333 776 3485 831; x_wconf 88' lang='lat' dir='ltr'><strong>Tor-</strong></span> 
     </span>
    </p>
   </div>
   <div class='ocr_carea' id='block_1_23' title="bbox 1820 862 3481 937">
    <p class='ocr_par' dir='ltr' id='par_1_23' title="bbox 1820 862 3481 937">
     <span class='ocr_line' id='line_1_23' title="bbox 1820 862 3481 937; baseline 0.001 -19"><span class='ocrx_word' id='word_1_148' title='bbox 1820 862 1958 918; x_wconf 91' lang='lat' dir='ltr'><strong>nicii</strong></span> <span class='ocrx_word' id='word_1_149' title='bbox 1980 867 2190 931; x_wconf 88' lang='lat' dir='ltr'><strong>morte,</strong></span> <span class='ocrx_word' id='word_1_150' title='bbox 2216 878 2373 933; x_wconf 71' lang='lat' dir='ltr'><strong>aagre</strong></span> <span class='ocrx_word' id='word_1_151' title='bbox 2402 878 2530 919; x_wconf 91' lang='lat' dir='ltr'><strong>rem</strong></span> <span class='ocrx_word' id='word_1_152' title='bbox 2559 863 2714 933; x_wconf 88' lang='lat' dir='ltr'><strong>tulit,</strong></span> <span class='ocrx_word' id='word_1_153' title='bbox 2735 864 3007 937; x_wconf 77' lang='lat' dir='ltr'><strong>tristique</strong></span> <span class='ocrx_word' id='word_1_154' title='bbox 3034 879 3106 920; x_wconf 90' lang='lat' dir='ltr'><strong>ac</strong></span> <span class='ocrx_word' id='word_1_155' title='bbox 3132 863 3304 919; x_wconf 92' lang='lat' dir='ltr'><strong>vultu</strong></span> <span class='ocrx_word' id='word_1_156' title='bbox 3349 867 3481 919; x_wconf 91' lang='lat' dir='ltr'><strong>tur-</strong></span> 
     </span>
    </p>
   </div>
   <div class='ocr_carea' id='block_1_24' title="bbox 1820 952 3478 1026">
    <p class='ocr_par' dir='ltr' id='par_1_24' title="bbox 1820 952 3478 1026">
     <span class='ocr_line' id='line_1_24' title="bbox 1820 952 3478 1026; baseline -0.001 -18"><span class='ocrx_word' id='word_1_157' title='bbox 1820 952 2129 1008; x_wconf 91' lang='lat' dir='ltr'><strong>bationem</strong></span> <span class='ocrx_word' id='word_1_158' title='bbox 2154 968 2277 1025; x_wconf 63' lang='lat' dir='ltr'><strong>pra;</strong></span> <span class='ocrx_word' id='word_1_159' title='bbox 2306 968 2368 1008; x_wconf 86' lang='lat' dir='ltr'><strong>se</strong></span> <span class='ocrx_word' id='word_1_160' title='bbox 2406 952 2601 1009; x_wconf 79' lang='lat' dir='ltr'><strong>ferens</strong></span> <span class='ocrx_word' id='word_1_161' title='bbox 2631 953 3079 1026; x_wconf 89' lang='lat' dir='ltr'><strong>alloquentibus</strong></span> <span class='ocrx_word' id='word_1_162' title='bbox 3136 952 3478 1009; x_wconf 84' lang='lat' dir='ltr'><strong>videbatur.</strong></span> 
     </span>
    </p>
   </div>
   <div class='ocr_carea' id='block_1_25' title="bbox 1818 1042 3482 1113">
    <p class='ocr_par' dir='ltr' id='par_1_25' title="bbox 1818 1042 3482 1113">
     <span class='ocr_line' id='line_1_25' title="bbox 1818 1042 3482 1113; baseline 0 -16"><span class='ocrx_word' id='word_1_163' title='bbox 1818 1042 2122 1098; x_wconf 90' lang='lat' dir='ltr'><strong>Tornieius</strong></span> <span class='ocrx_word' id='word_1_164' title='bbox 2144 1043 2305 1098; x_wconf 93' lang='lat' dir='ltr'><strong>enim</strong></span> <span class='ocrx_word' id='word_1_165' title='bbox 2326 1042 2531 1113; x_wconf 81' lang='lat' dir='ltr'><strong>magni</strong></span> <span class='ocrx_word' id='word_1_166' title='bbox 2561 1043 2873 1100; x_wconf 84' lang='lat' dir='ltr'><strong>domestici</strong></span> <span class='ocrx_word' id='word_1_167' title='bbox 2896 1042 3321 1099; x_wconf 88' lang='lat' dir='ltr'><strong>consobrinam</strong></span> <span class='ocrx_word' id='word_1_168' title='bbox 3353 1056 3482 1097; x_wconf 91' lang='lat' dir='ltr'><strong>ma-</strong></span> 
     </span>
    </p>
   </div>
   <div class='ocr_carea' id='block_1_26' title="bbox 1819 1131 3483 1203">
    <p class='ocr_par' dir='ltr' id='par_1_26' title="bbox 1819 1131 3483 1203">
     <span class='ocr_line' id='line_1_26' title="bbox 1819 1131 3483 1203; baseline 0.001 -17"><span class='ocrx_word' id='word_1_169' title='bbox 1819 1131 2099 1187; x_wconf 88' lang='lat' dir='ltr'><strong>trimonio</strong></span> <span class='ocrx_word' id='word_1_170' title='bbox 2129 1132 2241 1187; x_wconf 88' lang='lat' dir='ltr'><strong>sibi</strong></span> <span class='ocrx_word' id='word_1_171' title='bbox 2267 1132 2569 1203; x_wconf 83' lang='lat' dir='ltr'><strong>junxerat.</strong></span> <span class='ocrx_word' id='word_1_172' title='bbox 2602 1134 2671 1189; x_wconf 87' lang='lat' dir='ltr'><strong>Ut</strong></span> <span class='ocrx_word' id='word_1_173' title='bbox 2694 1133 2753 1189; x_wconf 92' lang='lat' dir='ltr'><strong>in</strong></span> <span class='ocrx_word' id='word_1_174' title='bbox 2783 1133 2876 1188; x_wconf 91' lang='lat' dir='ltr'><strong>his</strong></span> <span class='ocrx_word' id='word_1_175' title='bbox 2901 1132 3029 1188; x_wconf 87' lang='lat' dir='ltr'><strong>ﬁeri</strong></span> <span class='ocrx_word' id='word_1_176' title='bbox 3058 1136 3244 1198; x_wconf 91' lang='lat' dir='ltr'><strong>amat,</strong></span> <span class='ocrx_word' id='word_1_177' title='bbox 3276 1146 3308 1187; x_wconf 83' lang='grc' dir='ltr'>θ</span> <span class='ocrx_word' id='word_1_178' title='bbox 3364 1133 3448 1188; x_wconf 84' lang='lat' dir='ltr'><strong>Me</strong></span> <span class='ocrx_word' id='word_1_179' title='bbox 3468 1159 3483 1171; x_wconf 89' lang='lat'><em>-</em></span> 
     </span>
    </p>
   </div>
   <div class='ocr_carea' id='block_1_27' title="bbox 1816 1220 3475 1295">
    <p class='ocr_par' dir='ltr' id='par_1_27' title="bbox 1816 1220 3475 1295">
     <span class='ocr_line' id='line_1_27' title="bbox 1816 1220 3475 1295; baseline 0.001 -20"><span class='ocrx_word' id='word_1_180' title='bbox 1816 1220 2010 1276; x_wconf 89' lang='lat' dir='ltr'><strong>lenico</strong></span> <span class='ocrx_word' id='word_1_181' title='bbox 2030 1221 2359 1293; x_wconf 81' lang='lat' dir='ltr'><strong>quispiam,</strong></span> <span class='ocrx_word' id='word_1_182' title='bbox 2384 1220 2570 1278; x_wconf 86' lang='lat' dir='ltr'><strong>alium</strong></span> <span class='ocrx_word' id='word_1_183' title='bbox 2594 1222 2841 1295; x_wconf 89' lang='lat' dir='ltr'><strong>quidem</strong></span> <span class='ocrx_word' id='word_1_184' title='bbox 2861 1221 3107 1278; x_wconf 89' lang='lat' dir='ltr'><strong>nomine</strong></span> <span class='ocrx_word' id='word_1_185' title='bbox 3291 1221 3475 1277; x_wconf 88' lang='lat' dir='ltr'><strong>inter-</strong></span> 
     </span>
    </p>
   </div>
   <div class='ocr_carea' id='block_1_28' title="bbox 1817 1310 3477 1383">
    <p class='ocr_par' dir='ltr' id='par_1_28' title="bbox 1817 1310 3477 1383">
     <span class='ocr_line' id='line_1_28' title="bbox 1817 1310 3477 1383; baseline 0.001 -19"><span class='ocrx_word' id='word_1_186' title='bbox 1817 1310 2047 1379; x_wconf 80' lang='lat' dir='ltr'><strong>rogavit</strong></span> <span class='ocrx_word' id='word_1_187' title='bbox 2061 1334 2087 1363; x_wconf 73' lang='lat' dir='ltr'><strong>c</strong></span> <span class='ocrx_word' id='word_1_188' title='bbox 2104 1326 2373 1383; x_wconf 90' lang='lat' dir='ltr'><strong>quanam</strong></span> <span class='ocrx_word' id='word_1_189' title='bbox 2386 1310 2461 1366; x_wconf 91' lang='lat' dir='ltr'><strong>de</strong></span> <span class='ocrx_word' id='word_1_190' title='bbox 2473 1326 2653 1367; x_wconf 86' lang='lat' dir='ltr'><strong>causa</strong></span> <span class='ocrx_word' id='word_1_191' title='bbox 2672 1313 2715 1382; x_wconf 80' lang='grc' dir='ltr'><strong>ι</strong></span> <span class='ocrx_word' id='word_1_192' title='bbox 2726 1313 2783 1383; x_wconf 85' lang='grc' dir='ltr'>ο</span> <span class='ocrx_word' id='word_1_193' title='bbox 2796 1313 2839 1382; x_wconf 84' lang='grc' dir='ltr'>ι</span> <span class='ocrx_word' id='word_1_194' title='bbox 2860 1310 3103 1367; x_wconf 86' lang='lat' dir='ltr'><strong>Michael</strong></span> <span class='ocrx_word' id='word_1_195' title='bbox 3134 1312 3477 1367; x_wconf 88' lang='lat' dir='ltr'><strong>Comnenus</strong></span> 
     </span>
    </p>
   </div>
   <div class='ocr_carea' id='block_1_29' title="bbox 1818 1399 3473 1473">
    <p class='ocr_par' dir='ltr' id='par_1_29' title="bbox 1818 1399 3473 1473">
     <span class='ocr_line' id='line_1_29' title="bbox 1818 1399 3473 1473; baseline 0 -19"><span class='ocrx_word' id='word_1_196' title='bbox 1818 1414 1948 1455; x_wconf 90' lang='lat' dir='ltr'><strong>sese</strong></span> <span class='ocrx_word' id='word_1_197' title='bbox 1978 1399 2165 1455; x_wconf 89' lang='lat' dir='ltr'><strong>animi</strong></span> <span class='ocrx_word' id='word_1_198' title='bbox 2203 1399 2387 1455; x_wconf 84' lang='lat' dir='ltr'><strong>tristis</strong></span> <span class='ocrx_word' id='word_1_199' title='bbox 2410 1404 2674 1469; x_wconf 85' lang='lat' dir='ltr'><strong>angeret.</strong></span> <span class='ocrx_word' id='word_1_200' title='bbox 2700 1420 2730 1450; x_wconf 84' lang='lat'>»</span> <span class='ocrx_word' id='word_1_201' title='bbox 2763 1400 2859 1456; x_wconf 89' lang='lat' dir='ltr'><strong>Ille</strong></span> <span class='ocrx_word' id='word_1_202' title='bbox 2890 1402 3173 1473; x_wconf 90' lang='lat' dir='ltr'><strong>(namque</strong></span> <span class='ocrx_word' id='word_1_203' title='bbox 3220 1414 3473 1456; x_wconf 85' lang='lat' dir='ltr'><strong>causam</strong></span> 
     </span>
    </p>
   </div>
   <div class='ocr_carea' id='block_1_30' title="bbox 1818 1488 3472 1561">
    <p class='ocr_par' dir='ltr' id='par_1_30' title="bbox 1818 1488 3472 1561">
     <span class='ocr_line' id='line_1_30' title="bbox 1818 1488 3472 1561; baseline 0.001 -18"><span class='ocrx_word' id='word_1_204' title='bbox 1818 1488 2043 1559; x_wconf 87' lang='lat' dir='ltr'><strong>optime</strong></span> <span class='ocrx_word' id='word_1_205' title='bbox 2060 1488 2356 1559; x_wconf 81' lang='lat' dir='ltr'><strong>callebat),</strong></span> <span class='ocrx_word' id='word_1_206' title='bbox 2381 1489 2744 1559; x_wconf 83' lang='lat' dir='ltr'><strong>«Tornicius,</strong></span> <span class='ocrx_word' id='word_1_207' title='bbox 2771 1510 2801 1540; x_wconf 82' lang='lat'><strong>»</strong></span> <span class='ocrx_word' id='word_1_208' title='bbox 2823 1489 2923 1561; x_wconf 87' lang='lat' dir='ltr'><strong>ait,</strong></span> <span class='ocrx_word' id='word_1_209' title='bbox 2947 1510 2976 1539; x_wconf 84' lang='lat'>«</span> <span class='ocrx_word' id='word_1_210' title='bbox 2998 1491 3329 1545; x_wconf 90' lang='lat' dir='ltr'><strong>Demetrius</strong></span> <span class='ocrx_word' id='word_1_211' title='bbox 3350 1488 3472 1544; x_wconf 85' lang='lat' dir='ltr'><strong>fato</strong></span> 
     </span>
    </p>
   </div>
   <div class='ocr_carea' id='block_1_31' title="bbox 1817 1576 3470 1651">
    <p class='ocr_par' dir='ltr' id='par_1_31' title="bbox 1817 1576 3470 1651">
     <span class='ocr_line' id='line_1_31' title="bbox 1817 1576 3470 1651; baseline 0.001 -19"><span class='ocrx_word' id='word_1_212' title='bbox 1817 1576 2193 1638; x_wconf 87' lang='lat' dir='ltr'><strong>functus&#39;est.</strong></span> <span class='ocrx_word' id='word_1_213' title='bbox 2232 1579 2337 1651; x_wconf 90' lang='lat' dir='ltr'><strong>qui</strong></span> <span class='ocrx_word' id='word_1_214' title='bbox 2362 1593 2502 1633; x_wconf 87' lang='lat' dir='ltr'><strong>eum</strong></span> <span class='ocrx_word' id='word_1_215' title='bbox 2525 1578 2869 1651; x_wconf 90' lang='lat' dir='ltr'><strong>propinqua</strong></span> <span class='ocrx_word' id='word_1_216' title='bbox 2931 1578 3285 1648; x_wconf 89' lang='lat' dir='ltr'><strong>cognatione</strong></span> <span class='ocrx_word' id='word_1_217' title='bbox 3329 1593 3470 1635; x_wconf 92' lang='lat' dir='ltr'><strong>con-</strong></span> 
     </span>
    </p>
   </div>
   <div class='ocr_carea' id='block_1_32' title="bbox 1818 1666 3471 1743">
    <p class='ocr_par' dir='ltr' id='par_1_32' title="bbox 1818 1666 3471 1743">
     <span class='ocr_line' id='line_1_32' title="bbox 1818 1666 3471 1743; baseline 0.002 -21"><span class='ocrx_word' id='word_1_218' title='bbox 1818 1668 2084 1737; x_wconf 89' lang='lat' dir='ltr'><strong>tingebat</strong></span> <span class='ocrx_word' id='word_1_219' title='bbox 2111 1673 2167 1725; x_wconf 92' lang='lat' dir='ltr'><strong>et</strong></span> <span class='ocrx_word' id='word_1_220' title='bbox 2195 1684 2288 1723; x_wconf 85' lang='lat' dir='ltr'><strong>res</strong></span> <span class='ocrx_word' id='word_1_221' title='bbox 2316 1666 2589 1741; x_wconf 86' lang='lat' dir='ltr'><strong>publicas</strong></span> <span class='ocrx_word' id='word_1_222' title='bbox 2628 1667 3106 1743; x_wconf 82' lang='lat' dir='ltr'><strong>administrabat,</strong></span> <span class='ocrx_word' id='word_1_223' title='bbox 3153 1672 3471 1741; x_wconf 83' lang='lat' dir='ltr'><strong>propterea</strong></span> 
     </span>
    </p>
   </div>
   <div class='ocr_carea' id='block_1_33' title="bbox 1816 1757 3470 1824">
    <p class='ocr_par' dir='ltr' id='par_1_33' title="bbox 1816 1757 3470 1824">
     <span class='ocr_line' id='line_1_33' title="bbox 1816 1757 3470 1824; baseline -0.001 -9"><span class='ocrx_word' id='word_1_224' title='bbox 1816 1763 2006 1815; x_wconf 91' lang='lat' dir='ltr'><strong>morte</strong></span> <span class='ocrx_word' id='word_1_225' title='bbox 2036 1758 2190 1813; x_wconf 91' lang='lat' dir='ltr'><strong>illius</strong></span> <span class='ocrx_word' id='word_1_226' title='bbox 2220 1757 2399 1814; x_wconf 85' lang='lat' dir='ltr'><strong>tristis</strong></span> <span class='ocrx_word' id='word_1_227' title='bbox 2431 1763 2542 1814; x_wconf 90' lang='lat' dir='ltr'><strong>est.</strong></span> <span class='ocrx_word' id='word_1_228' title='bbox 2571 1778 2601 1808; x_wconf 81' lang='lat'><strong>»</strong></span> <span class='ocrx_word' id='word_1_229' title='bbox 2636 1757 2839 1824; x_wconf 82' lang='lat' dir='ltr'><strong>Allius,</strong></span> <span class='ocrx_word' id='word_1_230' title='bbox 2866 1779 2894 1807; x_wconf 73' lang='grc' dir='ltr'><strong>α</strong></span> <span class='ocrx_word' id='word_1_231' title='bbox 2920 1760 3048 1813; x_wconf 87' lang='lat' dir='ltr'><strong>Non</strong></span> <span class='ocrx_word' id='word_1_232' title='bbox 3074 1758 3189 1813; x_wconf 93' lang='lat' dir='ltr'><strong>hoc</strong></span> <span class='ocrx_word' id='word_1_233' title='bbox 3216 1757 3361 1813; x_wconf 90' lang='lat' dir='ltr'><strong>mihi</strong></span> <span class='ocrx_word' id='word_1_234' title='bbox 3387 1758 3470 1815; x_wconf 91' lang='lat' dir='ltr'><strong>ita</strong></span> 
     </span>
    </p>
   </div>
   <div class='ocr_carea' id='block_1_34' title="bbox 83 1845 1649 1924">
    <p class='ocr_par' dir='ltr' id='par_1_34' title="bbox 83 1845 1649 1924">
     <span class='ocr_line' id='line_1_34' title="bbox 83 1845 1649 1924; baseline -0.005 -19"><span class='ocrx_word' id='word_1_235' title='bbox 83 1849 273 1917; x_wconf 75' lang='grc' dir='ltr'>δοκεῖ,</span> <span class='ocrx_word' id='word_1_236' title='bbox 306 1856 531 1924; x_wconf 63' lang='grc' dir='ltr'>»φησίν</span> <span class='ocrx_word' id='word_1_237' title='bbox 563 1873 592 1901; x_wconf 75' lang='grc' dir='ltr'>ι(</span> <span class='ocrx_word' id='word_1_238' title='bbox 625 1848 751 1903; x_wconf 73' lang='grc' dir='ltr'>ούδέ</span> <span class='ocrx_word' id='word_1_239' title='bbox 802 1851 905 1922; x_wconf 71' lang='grc' dir='ltr'>’γὰρ</span> <span class='ocrx_word' id='word_1_240' title='bbox 971 1845 1065 1901; x_wconf 80' lang='grc' dir='ltr'>διὰ</span> <span class='ocrx_word' id='word_1_241' title='bbox 1118 1852 1371 1921; x_wconf 84' lang='grc' dir='ltr'>Τορνίκην</span> <span class='ocrx_word' id='word_1_242' title='bbox 1420 1847 1584 1908; x_wconf 76' lang='grc' dir='ltr'>οὕτως</span> <span class='ocrx_word' id='word_1_243' title='bbox 1644 1871 1649 1897; x_wconf 71' lang='grc'><strong><em>4</em></strong></span> 
     </span>
    </p>
   </div>
   <div class='ocr_carea' id='block_1_35' title="bbox 1901 1845 3467 1924">
    <p class='ocr_par' dir='ltr' id='par_1_35' title="bbox 1904 1847 3467 1920">
     <span class='ocr_line' id='line_1_35' title="bbox 1904 1847 3467 1920; baseline -0.001 -15"><span class='ocrx_word' id='word_1_244' title='bbox 1904 1848 2123 1905; x_wconf 88' lang='lat' dir='ltr'><strong>habere</strong></span> <span class='ocrx_word' id='word_1_245' title='bbox 2154 1848 2384 1904; x_wconf 87' lang='lat' dir='ltr'><strong>videtur</strong></span> <span class='ocrx_word' id='word_1_246' title='bbox 2418 1864 2431 1903; x_wconf 90' lang='lat'><strong>:</strong></span> <span class='ocrx_word' id='word_1_247' title='bbox 2459 1862 2656 1920; x_wconf 89' lang='lat' dir='ltr'><strong>neque</strong></span> <span class='ocrx_word' id='word_1_248' title='bbox 2672 1847 2829 1903; x_wconf 91' lang='lat' dir='ltr'><strong>enim</strong></span> <span class='ocrx_word' id='word_1_249' title='bbox 2849 1851 3092 1919; x_wconf 89' lang='lat' dir='ltr'><strong>propter</strong></span> <span class='ocrx_word' id='word_1_250' title='bbox 3126 1847 3467 1903; x_wconf 89' lang='lat' dir='ltr'><strong>Tornicium</strong></span> 
     </span>
    </p>
   </div>
   <div class='ocr_carea' id='block_1_36' title="bbox 80 1935 1705 2015">
    <p class='ocr_par' dir='ltr' id='par_1_36' title="bbox 80 1935 1705 2015">
     <span class='ocr_line' id='line_1_36' title="bbox 80 1935 1705 2015; baseline -0.004 -21"><span class='ocrx_word' id='word_1_251' title='bbox 80 1938 362 2015; x_wconf 82' lang='grc' dir='ltr'>ἠδημόνει</span> <span class='ocrx_word' id='word_1_252' title='bbox 404 1946 495 1993; x_wconf 85' lang='grc' dir='ltr'>καὶ</span> <span class='ocrx_word' id='word_1_253' title='bbox 571 1939 858 2013; x_wconf 76' lang='grc' dir='ltr'>ἤσχαλλεν.</span> <span class='ocrx_word' id='word_1_254' title='bbox 935 1938 1075 1991; x_wconf 85' lang='grc' dir='ltr'>Ἀλλ’</span> <span class='ocrx_word' id='word_1_255' title='bbox 1125 1940 1190 1998; x_wconf 83' lang='grc' dir='ltr'>ὡς</span> <span class='ocrx_word' id='word_1_256' title='bbox 1255 1940 1435 1997; x_wconf 77' lang='grc' dir='ltr'>ἔοικεν,</span> <span class='ocrx_word' id='word_1_257' title='bbox 1484 1935 1569 1989; x_wconf 73' lang='grc' dir='ltr'><strong>ἐπὶ</strong></span> <span class='ocrx_word' id='word_1_258' title='bbox 1633 1945 1705 2007; x_wconf 84' lang='grc' dir='ltr'>τῷ</span> 
     </span>
    </p>
   </div>
   <div class='ocr_carea' id='block_1_37' title="bbox 78 2026 1702 2103">
    <p class='ocr_par' dir='ltr' id='par_1_37' title="bbox 78 2026 1702 2103">
     <span class='ocr_line' id='line_1_37' title="bbox 78 2026 1702 2103; baseline -0.004 -21"><span class='ocrx_word' id='word_1_259' title='bbox 78 2036 354 2103; x_wconf 76' lang='grc' dir='ltr'><strong>κρείττονι</strong></span> <span class='ocrx_word' id='word_1_260' title='bbox 408 2029 599 2083; x_wconf 80' lang='grc' dir='ltr'>έκείνου</span> <span class='ocrx_word' id='word_1_261' title='bbox 679 2035 829 2081; x_wconf 85' lang='grc' dir='ltr'>τοῦτο</span> <span class='ocrx_word' id='word_1_262' title='bbox 889 2026 1203 2100; x_wconf 78' lang='grc' dir='ltr'>συμϐέϐηκε.</span> <span class='ocrx_word' id='word_1_263' title='bbox 1273 2030 1374 2079; x_wconf 79' lang='grc' dir='ltr'><strong>Καὶ</strong></span> <span class='ocrx_word' id='word_1_264' title='bbox 1426 2026 1471 2078; x_wconf 88' lang='grc' dir='ltr'>εἰ</span> <span class='ocrx_word' id='word_1_265' title='bbox 1524 2032 1702 2092; x_wconf 82' lang='grc' dir='ltr'>τοῦτο,</span> 
     </span>
    </p>
   </div>
   <div class='ocr_carea' id='block_1_38' title="bbox 81 2111 1704 2192">
    <p class='ocr_par' dir='ltr' id='par_1_38' title="bbox 81 2111 1704 2192">
     <span class='ocr_line' id='line_1_38' title="bbox 81 2111 1704 2192; baseline -0.004 -19"><span class='ocrx_word' id='word_1_266' title='bbox 81 2128 189 2192; x_wconf 70' lang='grc' dir='ltr'>φεῦ</span> <span class='ocrx_word' id='word_1_267' title='bbox 258 2122 405 2191; x_wconf 80' lang='grc' dir='ltr'>ἡμῖν’</span> <span class='ocrx_word' id='word_1_268' title='bbox 459 2118 507 2171; x_wconf 76' lang='grc' dir='ltr'><strong>έν</strong></span> <span class='ocrx_word' id='word_1_269' title='bbox 544 2122 647 2192; x_wconf 69' lang='grc' dir='ltr'>’γὰρ</span> <span class='ocrx_word' id='word_1_270' title='bbox 726 2124 996 2192; x_wconf 83' lang='grc' dir='ltr'>ταραχαῖς</span> <span class='ocrx_word' id='word_1_271' title='bbox 1060 2121 1151 2168; x_wconf 82' lang='grc' dir='ltr'>καὶ</span> <span class='ocrx_word' id='word_1_272' title='bbox 1217 2114 1504 2187; x_wconf 80' lang='grc' dir='ltr'><strong>ὀχλήσεσιν</strong></span> <span class='ocrx_word' id='word_1_273' title='bbox 1556 2111 1704 2175; x_wconf 78' lang='grc' dir='ltr'>αὖθις</span> 
     </span>
    </p>
   </div>
   <div class='ocr_carea' id='block_1_39' title="bbox 75 2210 815 2282">
    <p class='ocr_par' dir='ltr' id='par_1_39' title="bbox 75 2210 815 2282">
     <span class='ocr_line' id='line_1_39' title="bbox 75 2210 815 2282; baseline -0.004 -19"><span class='ocrx_word' id='word_1_274' title='bbox 75 2214 404 2280; x_wconf 71' lang='grc' dir='ltr'>γενήσονται</span> <span class='ocrx_word' id='word_1_275' title='bbox 464 2211 530 2261; x_wconf 79' lang='grc' dir='ltr'><strong>τὰ</strong></span> <span class='ocrx_word' id='word_1_276' title='bbox 569 2210 815 2282; x_wconf 84' lang='grc' dir='ltr'>ἡμέτερα,</span> 
     </span>
    </p>
   </div>
   <div class='ocr_carea' id='block_1_40' title="bbox 77 2289 1698 2371">
    <p class='ocr_par' dir='ltr' id='par_1_40' title="bbox 77 2289 1698 2371">
     <span class='ocr_line' id='line_1_40' title="bbox 77 2289 1698 2371; baseline -0.002 -22"><span class='ocrx_word' id='word_1_277' title='bbox 77 2302 185 2350; x_wconf 84' lang='grc' dir='ltr'>καὶ</span> <span class='ocrx_word' id='word_1_278' title='bbox 215 2298 291 2358; x_wconf 82' lang='grc' dir='ltr'><strong>εἰς</strong></span> <span class='ocrx_word' id='word_1_279' title='bbox 320 2296 605 2371; x_wconf 78' lang='grc' dir='ltr'>ἀταραξίαν</span> <span class='ocrx_word' id='word_1_280' title='bbox 632 2296 937 2355; x_wconf 80' lang='grc' dir='ltr'>έληλυθότα.</span> <span class='ocrx_word' id='word_1_281' title='bbox 968 2312 998 2349; x_wconf 80' lang='grc'><strong>›</strong></span> <span class='ocrx_word' id='word_1_282' title='bbox 1022 2295 1090 2348; x_wconf 81' lang='grc' dir='ltr'><strong><em>Ἦ</em></strong></span> <span class='ocrx_word' id='word_1_283' title='bbox 1123 2290 1174 2346; x_wconf 79' lang='grc' dir='ltr'><strong>δ’</strong></span> <span class='ocrx_word' id='word_1_284' title='bbox 1220 2289 1386 2356; x_wconf 85' lang='grc' dir='ltr'>οὗτος,</span> <span class='ocrx_word' id='word_1_285' title='bbox 1443 2314 1473 2343; x_wconf 80' lang='grc' dir='ltr'><strong>ιι</strong></span> <span class='ocrx_word' id='word_1_286' title='bbox 1540 2292 1698 2361; x_wconf 83' lang='grc' dir='ltr'>Ἀλλ’,</span> 
     </span>
    </p>
   </div>
   <div class='ocr_carea' id='block_1_41' title="bbox 80 2377 1700 2458">
    <p class='ocr_par' dir='ltr' id='par_1_41' title="bbox 80 2377 1700 2458">
     <span class='ocr_line' id='line_1_41' title="bbox 80 2377 1700 2458; baseline -0.004 -19"><span class='ocrx_word' id='word_1_287' title='bbox 80 2387 126 2438; x_wconf 82' lang='grc' dir='ltr'><strong>ὦ</strong></span> <span class='ocrx_word' id='word_1_288' title='bbox 162 2385 331 2458; x_wconf 76' lang='grc' dir='ltr'>φίλος,</span> <span class='ocrx_word' id='word_1_289' title='bbox 388 2391 479 2439; x_wconf 86' lang='grc' dir='ltr'><strong>καί</strong></span> <span class='ocrx_word' id='word_1_290' title='bbox 519 2386 565 2438; x_wconf 81' lang='grc' dir='ltr'>εἰ</span> <span class='ocrx_word' id='word_1_291' title='bbox 623 2392 853 2438; x_wconf 81' lang='grc' dir='ltr'>τοιοῦτον</span> <span class='ocrx_word' id='word_1_292' title='bbox 911 2383 1114 2450; x_wconf 83' lang='grc' dir='ltr'>ξυνέϐη,</span> <span class='ocrx_word' id='word_1_293' title='bbox 1189 2403 1280 2434; x_wconf 89' lang='grc' dir='ltr'><strong>και</strong></span> <span class='ocrx_word' id='word_1_294' title='bbox 1331 2382 1463 2435; x_wconf 79' lang='grc' dir='ltr'>οὕτω</span> <span class='ocrx_word' id='word_1_295' title='bbox 1512 2377 1581 2440; x_wconf 83' lang='grc' dir='ltr'><strong>δὴ</strong></span> <span class='ocrx_word' id='word_1_296' title='bbox 1641 2381 1700 2435; x_wconf 87' lang='grc' dir='ltr'><strong>ού</strong></span> 
     </span>
    </p>
   </div>
   <div class='ocr_carea' id='block_1_42' title="bbox 80 2467 1699 2547">
    <p class='ocr_par' dir='ltr' id='par_1_42' title="bbox 80 2467 1699 2547">
     <span class='ocr_line' id='line_1_42' title="bbox 80 2467 1699 2547; baseline -0.003 -20"><span class='ocrx_word' id='word_1_297' title='bbox 80 2484 269 2536; x_wconf 84' lang='grc' dir='ltr'>κακῶς</span> <span class='ocrx_word' id='word_1_298' title='bbox 296 2479 365 2528; x_wconf 80' lang='grc' dir='ltr'>τὰ</span> <span class='ocrx_word' id='word_1_299' title='bbox 391 2476 512 2528; x_wconf 86' lang='grc' dir='ltr'>καθ’</span> <span class='ocrx_word' id='word_1_300' title='bbox 540 2476 681 2547; x_wconf 78' lang='grc' dir='ltr'>ἡμᾶς</span> <span class='ocrx_word' id='word_1_301' title='bbox 714 2474 909 2537; x_wconf 77' lang='grc' dir='ltr'>ἕξουσι.</span> <span class='ocrx_word' id='word_1_302' title='bbox 967 2477 1068 2526; x_wconf 77' lang='grc' dir='ltr'><strong>Καὶ</strong></span> <span class='ocrx_word' id='word_1_303' title='bbox 1123 2475 1223 2545; x_wconf 73' lang='grc' dir='ltr'>γὰρ</span> <span class='ocrx_word' id='word_1_304' title='bbox 1272 2473 1297 2522; x_wconf 92' lang='lat'><strong>6</strong></span> <span class='ocrx_word' id='word_1_305' title='bbox 1345 2474 1504 2543; x_wconf 68' lang='grc' dir='ltr'>μέγας</span> <span class='ocrx_word' id='word_1_306' title='bbox 1543 2467 1699 2543; x_wconf 79' lang='grc' dir='ltr'>δομέ-</span> 
     </span>
    </p>
   </div>
   <div class='ocr_carea' id='block_1_43' title="bbox 84 2559 1697 2634">
    <p class='ocr_par' dir='ltr' id='par_1_43' title="bbox 84 2559 1697 2634">
     <span class='ocr_line' id='line_1_43' title="bbox 84 2559 1697 2634; baseline -0.002 -18"><span class='ocrx_word' id='word_1_307' title='bbox 84 2583 281 2625; x_wconf 82' lang='grc' dir='ltr'>στικος</span> <span class='ocrx_word' id='word_1_308' title='bbox 332 2563 381 2617; x_wconf 80' lang='grc' dir='ltr'><strong>έν</strong></span> <span class='ocrx_word' id='word_1_309' title='bbox 464 2563 827 2621; x_wconf 80' lang='grc' dir='ltr'>Θεσσαλονίκη</span> <span class='ocrx_word' id='word_1_310' title='bbox 902 2559 1077 2634; x_wconf 67' lang='grc' dir='ltr'>διάγει</span> <span class='ocrx_word' id='word_1_311' title='bbox 1150 2564 1469 2633; x_wconf 77' lang='grc' dir='ltr'>ἡγεμονεύων</span> <span class='ocrx_word' id='word_1_312' title='bbox 1513 2560 1697 2629; x_wconf 82' lang='grc' dir='ltr'>αύτῆς,</span> 
     </span>
    </p>
   </div>
   <div class='ocr_carea' id='block_1_44' title="bbox 80 2651 1699 2726">
    <p class='ocr_par' dir='ltr' id='par_1_44' title="bbox 80 2651 1699 2726">
     <span class='ocr_line' id='line_1_44' title="bbox 80 2651 1699 2726; baseline -0.002 -21"><span class='ocrx_word' id='word_1_313' title='bbox 80 2659 179 2705; x_wconf 77' lang='grc' dir='ltr'>καὶ</span> <span class='ocrx_word' id='word_1_314' title='bbox 211 2656 400 2707; x_wconf 74' lang='grc' dir='ltr'>οὑτοσὶ</span> <span class='ocrx_word' id='word_1_315' title='bbox 434 2651 493 2707; x_wconf 69' lang='grc' dir='ltr'>δε</span> <span class='ocrx_word' id='word_1_316' title='bbox 514 2655 539 2705; x_wconf 93' lang='grc' dir='ltr'><strong>ό</strong></span> <span class='ocrx_word' id='word_1_317' title='bbox 574 2656 838 2726; x_wconf 78' lang='grc' dir='ltr'>Κομνηνὸς</span> <span class='ocrx_word' id='word_1_318' title='bbox 864 2651 1088 2725; x_wconf 73' lang='grc' dir='ltr'>Μιχαὴλ</span> <span class='ocrx_word' id='word_1_319' title='bbox 1116 2653 1142 2704; x_wconf 92' lang='lat'><strong>6</strong></span> <span class='ocrx_word' id='word_1_320' title='bbox 1197 2652 1384 2703; x_wconf 90' lang='grc' dir='ltr'>τούτου</span> <span class='ocrx_word' id='word_1_321' title='bbox 1441 2652 1550 2711; x_wconf 87' lang='grc' dir='ltr'>υἱός</span> <span class='ocrx_word' id='word_1_322' title='bbox 1604 2654 1699 2709; x_wconf 76' lang='grc' dir='ltr'>τὴν</span> 
     </span>
    </p>
   </div>
   <div class='ocr_carea' id='block_1_45' title="bbox 81 2737 1700 2817">
    <p class='ocr_par' dir='ltr' id='par_1_45' title="bbox 81 2737 1700 2817">
     <span class='ocr_line' id='line_1_45' title="bbox 81 2737 1700 2817; baseline -0.001 -22"><span class='ocrx_word' id='word_1_323' title='bbox 81 2752 193 2795; x_wconf 83' lang='grc' dir='ltr'>τῶν</span> <span class='ocrx_word' id='word_1_324' title='bbox 249 2744 510 2817; x_wconf 74' lang='grc' dir='ltr'><strong>ἡμετέρων</strong></span> <span class='ocrx_word' id='word_1_325' title='bbox 594 2762 785 2815; x_wconf 85' lang='grc' dir='ltr'>χωρων</span> <span class='ocrx_word' id='word_1_326' title='bbox 871 2740 1103 2814; x_wconf 73' lang='grc' dir='ltr'>διιξάγει</span> <span class='ocrx_word' id='word_1_327' title='bbox 1176 2737 1511 2813; x_wconf 80' lang='grc' dir='ltr'>κηδεμονίαν.</span> <span class='ocrx_word' id='word_1_328' title='bbox 1576 2739 1700 2793; x_wconf 81' lang='grc' dir='ltr'><strong>’Υπό</strong></span> 
     </span>
    </p>
   </div>
   <div class='ocr_carea' id='block_1_46' title="bbox 80 2827 1701 2906">
    <p class='ocr_par' dir='ltr' id='par_1_46' title="bbox 80 2827 1701 2906">
     <span class='ocr_line' id='line_1_46' title="bbox 80 2827 1701 2906; baseline -0.001 -22"><span class='ocrx_word' id='word_1_329' title='bbox 80 2834 343 2885; x_wconf 83' lang='grc' dir='ltr'>τοιούτων</span> <span class='ocrx_word' id='word_1_330' title='bbox 402 2840 527 2904; x_wconf 79' lang='grc' dir='ltr'>γοῦν</span> <span class='ocrx_word' id='word_1_331' title='bbox 585 2838 845 2906; x_wconf 70' lang='grc' dir='ltr'>μεγίστων</span> <span class='ocrx_word' id='word_1_332' title='bbox 938 2829 1143 2905; x_wconf 82' lang='grc' dir='ltr'>ἀνδρῶν</span> <span class='ocrx_word' id='word_1_333' title='bbox 1234 2827 1701 2903; x_wconf 73' lang='grc' dir='ltr'>διακυϐερνάψενοι</span> 
     </span>
    </p>
   </div>
   <div class='ocr_carea' id='block_1_47' title="bbox 83 2918 1701 2995">
    <p class='ocr_par' dir='ltr' id='par_1_47' title="bbox 83 2918 1701 2995">
     <span class='ocr_line' id='line_1_47' title="bbox 83 2918 1701 2995; baseline 0 -22"><span class='ocrx_word' id='word_1_334' title='bbox 83 2921 184 2973; x_wconf 82' lang='grc' dir='ltr'><strong>ούκ</strong></span> <span class='ocrx_word' id='word_1_335' title='bbox 212 2919 422 2973; x_wconf 83' lang='grc' dir='ltr'>ἆνποτε</span> <span class='ocrx_word' id='word_1_336' title='bbox 474 2925 729 2995; x_wconf 88' lang='grc' dir='ltr'>κοσμικόν</span> <span class='ocrx_word' id='word_1_337' title='bbox 790 2918 1077 2974; x_wconf 78' lang='grc' dir='ltr'>κλυδώνιον</span> <span class='ocrx_word' id='word_1_338' title='bbox 1151 2920 1374 2995; x_wconf 77' lang='grc' dir='ltr'>ἴδοιμεν,</span> <span class='ocrx_word' id='word_1_339' title='bbox 1432 2921 1594 2984; x_wconf 72' lang='grc' dir='ltr'>ἄλλως</span> <span class='ocrx_word' id='word_1_340' title='bbox 1648 2940 1701 2974; x_wconf 90' lang='grc' dir='ltr'><strong>τε</strong></span> 
     </span>
    </p>
   </div>
   <div class='ocr_carea' id='block_1_48' title="bbox 84 3009 1697 3087">
    <p class='ocr_par' dir='ltr' id='par_1_48' title="bbox 84 3009 1697 3087">
     <span class='ocr_line' id='line_1_48' title="bbox 84 3009 1697 3087; baseline 0.001 -25"><span class='ocrx_word' id='word_1_341' title='bbox 84 3015 180 3062; x_wconf 84' lang='grc' dir='ltr'>καὶ</span> <span class='ocrx_word' id='word_1_342' title='bbox 210 3013 241 3068; x_wconf 82' lang='grc' dir='ltr'>ἡ</span> <span class='ocrx_word' id='word_1_343' title='bbox 272 3018 367 3062; x_wconf 84' lang='grc' dir='ltr'>τοῦ</span> <span class='ocrx_word' id='word_1_344' title='bbox 398 3010 695 3086; x_wconf 69' lang='grc' dir='ltr'>Βουλγάρου</span> <span class='ocrx_word' id='word_1_345' title='bbox 736 3011 1060 3083; x_wconf 80' lang='grc' dir='ltr'>Καλλιμάνου</span> <span class='ocrx_word' id='word_1_346' title='bbox 1111 3009 1305 3084; x_wconf 71' lang='grc' dir='ltr'><strong>ἀδελφὴ</strong></span> <span class='ocrx_word' id='word_1_347' title='bbox 1351 3013 1433 3084; x_wconf 68' lang='grc'><strong>(4)</strong></span> <span class='ocrx_word' id='word_1_348' title='bbox 1486 3014 1697 3087; x_wconf 85' lang='grc' dir='ltr'>Θάμαρ,</span> 
     </span>
    </p>
   </div>
   <div class='ocr_carea' id='block_1_49' title="bbox 86 3098 1701 3174">
    <p class='ocr_par' dir='ltr' id='par_1_49' title="bbox 86 3098 1701 3174">
     <span class='ocr_line' id='line_1_49' title="bbox 86 3098 1701 3174; baseline 0.002 -23"><span class='ocrx_word' id='word_1_349' title='bbox 86 3098 229 3162; x_wconf 76' lang='grc' dir='ltr'><strong>ἄζυξ</strong></span> <span class='ocrx_word' id='word_1_350' title='bbox 256 3102 331 3152; x_wconf 74' lang='grc' dir='ltr'>ἔτι</span> <span class='ocrx_word' id='word_1_351' title='bbox 378 3099 619 3169; x_wconf 82' lang='grc' dir='ltr'>τελοῦσα,</span> <span class='ocrx_word' id='word_1_352' title='bbox 674 3101 747 3163; x_wconf 86' lang='grc' dir='ltr'>εἰς</span> <span class='ocrx_word' id='word_1_353' title='bbox 811 3104 982 3174; x_wconf 72' lang='grc' dir='ltr'>γάμου</span> <span class='ocrx_word' id='word_1_354' title='bbox 1034 3108 1298 3155; x_wconf 76' lang='grc' dir='ltr'>κοινωνίαν</span> <span class='ocrx_word' id='word_1_355' title='bbox 1350 3101 1561 3165; x_wconf 78' lang='grc' dir='ltr'>ξυνιλθη</span> <span class='ocrx_word' id='word_1_356' title='bbox 1628 3108 1701 3171; x_wconf 84' lang='grc' dir='ltr'>τῷ</span> 
     </span>
    </p>
   </div>
   <div class='ocr_carea' id='block_1_50' title="bbox 914 2204 1704 2279">
    <p class='ocr_par' dir='ltr' id='par_1_50' title="bbox 914 2204 1704 2279">
     <span class='ocr_line' id='line_1_50' title="bbox 914 2204 1704 2279; baseline -0.005 -20"><span class='ocrx_word' id='word_1_357' title='bbox 914 2209 1355 2279; x_wconf 79' lang='grc' dir='ltr'>κατεστορεσμένα</span> <span class='ocrx_word' id='word_1_358' title='bbox 1405 2211 1493 2255; x_wconf 86' lang='grc' dir='ltr'>νῦν</span> <span class='ocrx_word' id='word_1_359' title='bbox 1539 2204 1704 2265; x_wconf 83' lang='grc' dir='ltr'>καλῶς</span> 
     </span>
    </p>
   </div>
   <div class='ocr_carea' id='block_1_51' title="bbox 1813 1933 3470 2008">
    <p class='ocr_par' dir='ltr' id='par_1_51' title="bbox 1813 1933 3470 2008">
     <span class='ocr_line' id='line_1_51' title="bbox 1813 1933 3470 2008; baseline 0.001 -18"><span class='ocrx_word' id='word_1_360' title='bbox 1813 1935 1897 1991; x_wconf 90' lang='lat' dir='ltr'><strong>ita</strong></span> <span class='ocrx_word' id='word_1_361' title='bbox 1929 1934 2155 1991; x_wconf 87' lang='lat' dir='ltr'><strong>doleret</strong></span> <span class='ocrx_word' id='word_1_362' title='bbox 2184 1933 2685 2008; x_wconf 77' lang='lat' dir='ltr'><strong>aﬂligereturque.</strong></span> <span class='ocrx_word' id='word_1_363' title='bbox 2721 1934 2835 1992; x_wconf 89' lang='lat' dir='ltr'><strong>Sed</strong></span> <span class='ocrx_word' id='word_1_364' title='bbox 2865 1941 2929 1990; x_wconf 92' lang='lat' dir='ltr'><strong>ut</strong></span> <span class='ocrx_word' id='word_1_365' title='bbox 2975 1939 3248 2007; x_wconf 87' lang='lat' dir='ltr'><strong>apparet,</strong></span> <span class='ocrx_word' id='word_1_366' title='bbox 3280 1934 3343 1991; x_wconf 91' lang='lat' dir='ltr'><strong>id</strong></span> <span class='ocrx_word' id='word_1_367' title='bbox 3406 1935 3470 1992; x_wconf 91' lang='lat' dir='ltr'><strong>in</strong></span> 
     </span>
    </p>
   </div>
   <div class='ocr_carea' id='block_1_52' title="bbox 1812 2025 3467 2097">
    <p class='ocr_par' dir='ltr' id='par_1_52' title="bbox 1812 2025 3467 2097">
     <span class='ocr_line' id='line_1_52' title="bbox 1812 2025 3467 2097; baseline 0.001 -16"><span class='ocrx_word' id='word_1_368' title='bbox 1812 2026 2027 2083; x_wconf 90' lang='lat' dir='ltr'><strong>melius</strong></span> <span class='ocrx_word' id='word_1_369' title='bbox 2056 2026 2138 2082; x_wconf 91' lang='lat' dir='ltr'><strong>illi</strong></span> <span class='ocrx_word' id='word_1_370' title='bbox 2165 2027 2430 2097; x_wconf 87' lang='lat' dir='ltr'><strong>contigit.</strong></span> <span class='ocrx_word' id='word_1_371' title='bbox 2462 2026 2687 2092; x_wconf 85' lang='lat' dir='ltr'><strong>Quodsi</strong></span> <span class='ocrx_word' id='word_1_372' title='bbox 2714 2026 2829 2082; x_wconf 89' lang='lat' dir='ltr'><strong>hoc</strong></span> <span class='ocrx_word' id='word_1_373' title='bbox 2860 2025 3055 2095; x_wconf 84' lang='lat' dir='ltr'><strong>fuerit,</strong></span> <span class='ocrx_word' id='word_1_374' title='bbox 3093 2041 3184 2081; x_wconf 62' lang='lat' dir='ltr'><strong>vas</strong></span> <span class='ocrx_word' id='word_1_375' title='bbox 3241 2026 3419 2082; x_wconf 91' lang='lat' dir='ltr'><strong>nobis</strong></span> <span class='ocrx_word' id='word_1_376' title='bbox 3451 2043 3467 2082; x_wconf 90' lang='lat'><strong>:</strong></span> 
     </span>
    </p>
   </div>
   <div class='ocr_carea' id='block_1_53' title="bbox 1811 2114 3470 2188">
    <p class='ocr_par' dir='ltr' id='par_1_53' title="bbox 1811 2114 3470 2188">
     <span class='ocr_line' id='line_1_53' title="bbox 1811 2114 3470 2188; baseline -0.001 -16"><span class='ocrx_word' id='word_1_377' title='bbox 1811 2132 2017 2172; x_wconf 88' lang='lat' dir='ltr'><strong>rursus</strong></span> <span class='ocrx_word' id='word_1_378' title='bbox 2030 2116 2189 2171; x_wconf 92' lang='lat' dir='ltr'><strong>enim</strong></span> <span class='ocrx_word' id='word_1_379' title='bbox 2212 2131 2307 2171; x_wconf 90' lang='lat' dir='ltr'><strong>res</strong></span> <span class='ocrx_word' id='word_1_380' title='bbox 2326 2120 2547 2172; x_wconf 67' lang='lat' dir='ltr'><strong>nostras</strong></span> <span class='ocrx_word' id='word_1_381' title='bbox 2564 2115 2925 2188; x_wconf 63' lang='lat' dir='ltr'><strong>perturbata:</strong></span> <span class='ocrx_word' id='word_1_382' title='bbox 2942 2115 3001 2171; x_wconf 93' lang='lat' dir='ltr'><strong>in</strong></span> <span class='ocrx_word' id='word_1_383' title='bbox 3015 2129 3240 2185; x_wconf 91' lang='lat' dir='ltr'><strong>magna</strong></span> <span class='ocrx_word' id='word_1_384' title='bbox 3259 2114 3470 2171; x_wconf 86' lang='lat' dir='ltr'><strong>confu-</strong></span> 
     </span>
    </p>
   </div>
   <div class='ocr_carea' id='block_1_54' title="bbox 1813 2203 3469 2278">
    <p class='ocr_par' dir='ltr' id='par_1_54' title="bbox 1813 2203 3469 2278">
     <span class='ocr_line' id='line_1_54' title="bbox 1813 2203 3469 2278; baseline -0.001 -17"><span class='ocrx_word' id='word_1_385' title='bbox 1813 2206 1978 2261; x_wconf 91' lang='lat' dir='ltr'><strong>sione</strong></span> <span class='ocrx_word' id='word_1_386' title='bbox 1997 2210 2283 2278; x_wconf 87' lang='lat' dir='ltr'><strong>motuque</strong></span> <span class='ocrx_word' id='word_1_387' title='bbox 2306 2210 2499 2271; x_wconf 87' lang='lat' dir='ltr'><strong>erunt,</strong></span> <span class='ocrx_word' id='word_1_388' title='bbox 2531 2220 2669 2277; x_wconf 66' lang='lat' dir='ltr'><strong>quin</strong></span> <span class='ocrx_word' id='word_1_389' title='bbox 2706 2220 2870 2260; x_wconf 90' lang='lat' dir='ltr'><strong>nunc</strong></span> <span class='ocrx_word' id='word_1_390' title='bbox 2901 2203 3121 2261; x_wconf 65' lang='lat' dir='ltr'><strong>sedate</strong></span> <span class='ocrx_word' id='word_1_391' title='bbox 3145 2219 3216 2261; x_wconf 87' lang='lat' dir='ltr'><strong>ac</strong></span> <span class='ocrx_word' id='word_1_392' title='bbox 3242 2205 3469 2277; x_wconf 90' lang='lat' dir='ltr'><strong>optime</strong></span> 
     </span>
    </p>
   </div>
   <div class='ocr_carea' id='block_1_55' title="bbox 1809 2294 3462 2369">
    <p class='ocr_par' dir='ltr' id='par_1_55' title="bbox 1809 2294 3462 2369">
     <span class='ocr_line' id='line_1_55' title="bbox 1809 2294 3462 2369; baseline -0.001 -18"><span class='ocrx_word' id='word_1_393' title='bbox 1809 2296 2211 2369; x_wconf 67' lang='lat' dir='ltr'><strong>tranquillatis</strong></span> <span class='ocrx_word' id='word_1_394' title='bbox 2239 2300 2588 2352; x_wconf 90' lang='lat' dir='ltr'><strong>cernuntur.</strong></span> <span class='ocrx_word' id='word_1_395' title='bbox 2638 2316 2668 2346; x_wconf 86' lang='lat'><strong>»</strong></span> <span class='ocrx_word' id='word_1_396' title='bbox 2697 2298 2860 2352; x_wconf 86' lang='lat' dir='ltr'><strong>Tunc</strong></span> <span class='ocrx_word' id='word_1_397' title='bbox 2916 2294 3070 2351; x_wconf 89' lang='lat' dir='ltr'><strong>alius</strong></span> <span class='ocrx_word' id='word_1_398' title='bbox 3132 2294 3462 2368; x_wconf 86' lang='lat' dir='ltr'><strong>respondit,</strong></span> 
     </span>
    </p>
   </div>
   <div class='ocr_carea' id='block_1_56' title="bbox 1810 2382 3468 2456">
    <p class='ocr_par' dir='ltr' id='par_1_56' title="bbox 1810 2382 3468 2456">
     <span class='ocr_line' id='line_1_56' title="bbox 1810 2382 3468 2456; baseline -0.001 -14"><span class='ocrx_word' id='word_1_399' title='bbox 1810 2406 1839 2435; x_wconf 82' lang='grc' dir='ltr'>α</span> <span class='ocrx_word' id='word_1_400' title='bbox 1866 2385 2001 2452; x_wconf 87' lang='lat' dir='ltr'><strong>Sed,</strong></span> <span class='ocrx_word' id='word_1_401' title='bbox 2022 2400 2059 2441; x_wconf 96' lang='lat' dir='ltr'><strong>o</strong></span> <span class='ocrx_word' id='word_1_402' title='bbox 2090 2400 2298 2441; x_wconf 91' lang='lat' dir='ltr'><strong>carum</strong></span> <span class='ocrx_word' id='word_1_403' title='bbox 2320 2388 2519 2456; x_wconf 89' lang='lat' dir='ltr'><strong>caput,</strong></span> <span class='ocrx_word' id='word_1_404' title='bbox 2560 2383 2696 2440; x_wconf 89' lang='lat' dir='ltr'><strong>licet</strong></span> <span class='ocrx_word' id='word_1_405' title='bbox 2713 2387 2917 2440; x_wconf 89' lang='lat' dir='ltr'><strong>tamen</strong></span> <span class='ocrx_word' id='word_1_406' title='bbox 2936 2383 2999 2439; x_wconf 90' lang='lat' dir='ltr'><strong>id</strong></span> <span class='ocrx_word' id='word_1_407' title='bbox 3017 2382 3319 2451; x_wconf 88' lang='lat' dir='ltr'><strong>acciderit,</strong></span> <span class='ocrx_word' id='word_1_408' title='bbox 3341 2398 3468 2440; x_wconf 93' lang='lat' dir='ltr'><strong>non</strong></span> 
     </span>
    </p>
   </div>
   <div class='ocr_carea' id='block_1_57' title="bbox 1806 2472 3465 2545">
    <p class='ocr_par' dir='ltr' id='par_1_57' title="bbox 1806 2472 3465 2545">
     <span class='ocr_line' id='line_1_57' title="bbox 1806 2472 3465 2545; baseline 0.001 -17"><span class='ocrx_word' id='word_1_409' title='bbox 1806 2473 1944 2531; x_wconf 91' lang='lat' dir='ltr'><strong>ideo</strong></span> <span class='ocrx_word' id='word_1_410' title='bbox 1966 2490 2061 2530; x_wconf 89' lang='lat' dir='ltr'><strong>res</strong></span> <span class='ocrx_word' id='word_1_411' title='bbox 2091 2478 2315 2529; x_wconf 67' lang='lat' dir='ltr'><strong>nostra:</strong></span> <span class='ocrx_word' id='word_1_412' title='bbox 2343 2472 2500 2529; x_wconf 93' lang='lat' dir='ltr'><strong>male</strong></span> <span class='ocrx_word' id='word_1_413' title='bbox 2531 2488 2596 2529; x_wconf 90' lang='lat' dir='ltr'><strong>se</strong></span> <span class='ocrx_word' id='word_1_414' title='bbox 2623 2472 2954 2529; x_wconf 89' lang='lat' dir='ltr'><strong>habebunt.</strong></span> <span class='ocrx_word' id='word_1_415' title='bbox 3010 2475 3282 2545; x_wconf 87' lang='lat' dir='ltr'><strong>Namque</strong></span> <span class='ocrx_word' id='word_1_416' title='bbox 3337 2488 3465 2530; x_wconf 89' lang='lat' dir='ltr'><strong>ma-</strong></span> 
     </span>
    </p>
   </div>
   <div class='ocr_carea' id='block_1_58' title="bbox 1809 2560 3464 2636">
    <p class='ocr_par' dir='ltr' id='par_1_58' title="bbox 1809 2560 3464 2636">
     <span class='ocr_line' id='line_1_58' title="bbox 1809 2560 3464 2636; baseline -0.001 -16"><span class='ocrx_word' id='word_1_417' title='bbox 1809 2580 1963 2636; x_wconf 89' lang='lat' dir='ltr'><strong>gnus</strong></span> <span class='ocrx_word' id='word_1_418' title='bbox 1984 2564 2345 2620; x_wconf 89' lang='lat' dir='ltr'><strong>domesticus</strong></span> <span class='ocrx_word' id='word_1_419' title='bbox 2362 2562 2794 2619; x_wconf 63' lang='lat' dir='ltr'><strong>Thessalonicae</strong></span> <span class='ocrx_word' id='word_1_420' title='bbox 2810 2562 3038 2633; x_wconf 87' lang='lat' dir='ltr'><strong>degens</strong></span> <span class='ocrx_word' id='word_1_421' title='bbox 3058 2560 3223 2619; x_wconf 89' lang='lat' dir='ltr'><strong>illam</strong></span> <span class='ocrx_word' id='word_1_422' title='bbox 3249 2562 3464 2619; x_wconf 90' lang='lat' dir='ltr'><strong>mode-</strong></span> 
     </span>
    </p>
   </div>
   <div class='ocr_carea' id='block_1_59' title="bbox 1806 2650 3462 2726">
    <p class='ocr_par' dir='ltr' id='par_1_59' title="bbox 1806 2650 3462 2726">
     <span class='ocr_line' id='line_1_59' title="bbox 1806 2650 3462 2726; baseline -0.001 -16"><span class='ocrx_word' id='word_1_423' title='bbox 1806 2659 1990 2710; x_wconf 90' lang='lat' dir='ltr'><strong>ratur.</strong></span> <span class='ocrx_word' id='word_1_424' title='bbox 2026 2656 2089 2711; x_wconf 87' lang='lat' dir='ltr'><strong>Et</strong></span> <span class='ocrx_word' id='word_1_425' title='bbox 2104 2654 2200 2709; x_wconf 90' lang='lat' dir='ltr'><strong>hic</strong></span> <span class='ocrx_word' id='word_1_426' title='bbox 2229 2654 2358 2726; x_wconf 82' lang='lat' dir='ltr'><strong>ipse</strong></span> <span class='ocrx_word' id='word_1_427' title='bbox 2390 2654 2728 2709; x_wconf 90' lang='lat' dir='ltr'><strong>Comnenus</strong></span> <span class='ocrx_word' id='word_1_428' title='bbox 2759 2651 3025 2721; x_wconf 81' lang='lat' dir='ltr'><strong>Michael,</strong></span> <span class='ocrx_word' id='word_1_429' title='bbox 3069 2650 3226 2708; x_wconf 91' lang='lat' dir='ltr'><strong>illius</strong></span> <span class='ocrx_word' id='word_1_430' title='bbox 3278 2651 3462 2723; x_wconf 85' lang='lat' dir='ltr'><strong>filius,</strong></span> 
     </span>
    </p>
   </div>
   <div class='ocr_carea' id='block_1_60' title="bbox 1808 2740 3460 2816">
    <p class='ocr_par' dir='ltr' id='par_1_60' title="bbox 1808 2740 3460 2816">
     <span class='ocr_line' id='line_1_60' title="bbox 1808 2740 3460 2816; baseline -0.002 -15"><span class='ocrx_word' id='word_1_431' title='bbox 1808 2745 2026 2801; x_wconf 79' lang='lat' dir='ltr'><strong>nostris</strong></span> <span class='ocrx_word' id='word_1_432' title='bbox 2038 2743 2284 2800; x_wconf 85' lang='lat' dir='ltr'><strong>urbibus</strong></span> <span class='ocrx_word' id='word_1_433' title='bbox 2303 2758 2549 2816; x_wconf 89' lang='lat' dir='ltr'><strong>operam</strong></span> <span class='ocrx_word' id='word_1_434' title='bbox 2564 2746 2816 2815; x_wconf 84' lang='lat' dir='ltr'><strong>praestat.</strong></span> <span class='ocrx_word' id='word_1_435' title='bbox 2863 2740 2955 2798; x_wconf 84' lang='lat' dir='ltr'><strong>Ab</strong></span> <span class='ocrx_word' id='word_1_436' title='bbox 2974 2741 3066 2798; x_wconf 81' lang='lat' dir='ltr'><strong>his</strong></span> <span class='ocrx_word' id='word_1_437' title='bbox 3086 2742 3288 2814; x_wconf 89' lang='lat' dir='ltr'><strong>itaque</strong></span> <span class='ocrx_word' id='word_1_438' title='bbox 3298 2742 3460 2808; x_wconf 87' lang='lat' dir='ltr'><strong>viris,</strong></span> 
     </span>
    </p>
   </div>
   <div class='ocr_carea' id='block_1_61' title="bbox 1808 2831 3465 2905">
    <p class='ocr_par' dir='ltr' id='par_1_61' title="bbox 1808 2831 3465 2905">
     <span class='ocr_line' id='line_1_61' title="bbox 1808 2831 3465 2905; baseline -0.001 -15"><span class='ocrx_word' id='word_1_439' title='bbox 1808 2834 2005 2905; x_wconf 89' lang='lat' dir='ltr'><strong>iisque</strong></span> <span class='ocrx_word' id='word_1_440' title='bbox 2022 2832 2478 2903; x_wconf 78' lang='lat' dir='ltr'><strong>maximis,!dum</strong></span> <span class='ocrx_word' id='word_1_441' title='bbox 2495 2832 2919 2902; x_wconf 89' lang='lat' dir='ltr'><strong>gubernamur,</strong></span> <span class='ocrx_word' id='word_1_442' title='bbox 2938 2846 3249 2904; x_wconf 88' lang='lat' dir='ltr'><strong>nunquam</strong></span> <span class='ocrx_word' id='word_1_443' title='bbox 3260 2831 3465 2905; x_wconf 87' lang='lat' dir='ltr'><strong>aliqua</strong></span> 
     </span>
    </p>
   </div>
   <div class='ocr_carea' id='block_1_62' title="bbox 1811 2919 3468 2995">
    <p class='ocr_par' dir='ltr' id='par_1_62' title="bbox 1811 2919 3468 2995">
     <span class='ocr_line' id='line_1_62' title="bbox 1811 2919 3468 2995; baseline -0.002 -16"><span class='ocrx_word' id='word_1_444' title='bbox 1811 2926 2160 2995; x_wconf 86' lang='lat' dir='ltr'><strong>tempestate</strong></span> <span class='ocrx_word' id='word_1_445' title='bbox 2181 2920 2396 2992; x_wconf 89' lang='lat' dir='ltr'><strong>jactari</strong></span> <span class='ocrx_word' id='word_1_446' title='bbox 2432 2919 2781 2992; x_wconf 88' lang='lat' dir='ltr'><strong>poterimus.</strong></span> <span class='ocrx_word' id='word_1_447' title='bbox 2815 2922 3105 2976; x_wconf 82' lang='lat' dir='ltr'><strong>Praeterea</strong></span> <span class='ocrx_word' id='word_1_448' title='bbox 3153 2920 3468 2976; x_wconf 88' lang='lat' dir='ltr'><strong>Callimani</strong></span> 
     </span>
    </p>
   </div>
   <div class='ocr_carea' id='block_1_63' title="bbox 1810 3008 3465 3081">
    <p class='ocr_par' dir='ltr' id='par_1_63' title="bbox 1810 3008 3465 3081">
     <span class='ocr_line' id='line_1_63' title="bbox 1810 3008 3465 3081; baseline 0 -16"><span class='ocrx_word' id='word_1_449' title='bbox 1810 3011 2050 3081; x_wconf 89' lang='lat' dir='ltr'><strong>Bulgari</strong></span> <span class='ocrx_word' id='word_1_450' title='bbox 2063 3026 2232 3067; x_wconf 89' lang='lat' dir='ltr'><strong>soror</strong></span> <span class='ocrx_word' id='word_1_451' title='bbox 2255 3008 2695 3077; x_wconf 88' lang='lat' dir='ltr'><strong>Thamar,nulli</strong></span> <span class='ocrx_word' id='word_1_452' title='bbox 2725 3012 2935 3079; x_wconf 89' lang='lat' dir='ltr'><strong>nupta,</strong></span> <span class='ocrx_word' id='word_1_453' title='bbox 2952 3008 3339 3064; x_wconf 89' lang='lat' dir='ltr'><strong>matrimonio</strong></span> <span class='ocrx_word' id='word_1_454' title='bbox 3362 3009 3465 3065; x_wconf 86' lang='lat' dir='ltr'><strong>Mi-</strong></span> 
     </span>
    </p>
   </div>
   <div class='ocr_carea' id='block_1_64' title="bbox 1810 3096 3468 3171">
    <p class='ocr_par' dir='ltr' id='par_1_64' title="bbox 1810 3096 3468 3171">
     <span class='ocr_line' id='line_1_64' title="bbox 1810 3096 3468 3171; baseline -0.003 -14"><span class='ocrx_word' id='word_1_455' title='bbox 1810 3102 1999 3158; x_wconf 91' lang='lat' dir='ltr'><strong>chaeli</strong></span> <span class='ocrx_word' id='word_1_456' title='bbox 2031 3104 2337 3158; x_wconf 88' lang='lat' dir='ltr'><strong>Comneno</strong></span> <span class='ocrx_word' id='word_1_457' title='bbox 2361 3100 2665 3171; x_wconf 74' lang='lat' dir='ltr'><strong>jungatur.</strong></span> <span class='ocrx_word' id='word_1_458' title='bbox 2693 3098 2762 3153; x_wconf 88' lang='lat' dir='ltr'><strong>Et</strong></span> <span class='ocrx_word' id='word_1_459' title='bbox 2796 3098 2879 3153; x_wconf 89' lang='lat' dir='ltr'><strong>sic</strong></span> <span class='ocrx_word' id='word_1_460' title='bbox 2907 3096 3060 3153; x_wconf 90' lang='lat' dir='ltr'><strong>inter</strong></span> <span class='ocrx_word' id='word_1_461' title='bbox 3089 3111 3202 3153; x_wconf 91' lang='lat' dir='ltr'><strong>nos</strong></span> <span class='ocrx_word' id='word_1_462' title='bbox 3239 3111 3309 3153; x_wconf 90' lang='lat' dir='ltr'><strong>ac</strong></span> <span class='ocrx_word' id='word_1_463' title='bbox 3341 3096 3468 3153; x_wconf 90' lang='lat' dir='ltr'><strong>Bul-</strong></span> 
     </span>
    </p>
   </div>
   <div class='ocr_carea' id='block_1_65' title="bbox 94 3186 1660 3269">
    <p class='ocr_par' dir='ltr' id='par_1_65' title="bbox 94 3189 1660 3263">
     <span class='ocr_line' id='line_1_65' title="bbox 94 3189 1660 3263; baseline 0.001 -22"><span class='ocrx_word' id='word_1_464' title='bbox 94 3194 350 3260; x_wconf 75' lang='grc' dir='ltr'>Κομνηνῷ</span> <span class='ocrx_word' id='word_1_465' title='bbox 390 3190 633 3261; x_wconf 84' lang='grc' dir='ltr'>Μιχαὴλ,</span> <span class='ocrx_word' id='word_1_466' title='bbox 674 3195 764 3243; x_wconf 85' lang='grc' dir='ltr'>καὶ</span> <span class='ocrx_word' id='word_1_467' title='bbox 816 3196 1127 3262; x_wconf 77' lang='grc' dir='ltr'>γενήσονται</span> <span class='ocrx_word' id='word_1_468' title='bbox 1173 3189 1373 3244; x_wconf 85' lang='grc' dir='ltr'>σποδαὶ</span> <span class='ocrx_word' id='word_1_469' title='bbox 1433 3195 1590 3263; x_wconf 88' lang='grc' dir='ltr'>μέσον</span> <span class='ocrx_word' id='word_1_470' title='bbox 1648 3210 1660 3242; x_wconf 77' lang='lat'><strong>1</strong></span> 
     </span>
    </p>
   </div>
   <div class='ocr_carea' id='block_1_66' title="bbox 1901 3186 3467 3269">
    <p class='ocr_par' dir='ltr' id='par_1_66' title="bbox 1901 3186 3467 3263">
     <span class='ocr_line' id='line_1_66' title="bbox 1901 3186 3467 3263; baseline -0.003 -18"><span class='ocrx_word' id='word_1_471' title='bbox 1901 3208 1987 3247; x_wconf 78' lang='lat' dir='ltr'><strong>ros</strong></span> <span class='ocrx_word' id='word_1_472' title='bbox 2007 3206 2125 3263; x_wconf 81' lang='lat' dir='ltr'><strong>pax</strong></span> <span class='ocrx_word' id='word_1_473' title='bbox 2151 3188 2582 3245; x_wconf 90' lang='lat' dir='ltr'><strong>conciliabitur.</strong></span> <span class='ocrx_word' id='word_1_474' title='bbox 2618 3209 2647 3238; x_wconf 85' lang='lat'>»</span> <span class='ocrx_word' id='word_1_475' title='bbox 2675 3186 2812 3243; x_wconf 58' lang='lat' dir='ltr'><strong>Haec</strong></span> <span class='ocrx_word' id='word_1_476' title='bbox 2841 3186 2920 3243; x_wconf 91' lang='lat' dir='ltr'><strong>ab</strong></span> <span class='ocrx_word' id='word_1_477' title='bbox 2946 3186 3062 3242; x_wconf 89' lang='lat' dir='ltr'><strong>illis</strong></span> <span class='ocrx_word' id='word_1_478' title='bbox 3111 3186 3304 3242; x_wconf 88' lang='lat' dir='ltr'><strong>inscio</strong></span> <span class='ocrx_word' id='word_1_479' title='bbox 3364 3186 3467 3243; x_wconf 78' lang='lat' dir='ltr'><strong>Mi-</strong></span> 
     </span>
    </p>
   </div>
   <div class='ocr_carea' id='block_1_67' title="bbox 90 3280 1699 3355">
    <p class='ocr_par' dir='ltr' id='par_1_67' title="bbox 90 3280 1699 3355">
     <span class='ocr_line' id='line_1_67' title="bbox 90 3280 1699 3355; baseline 0.002 -26"><span class='ocrx_word' id='word_1_480' title='bbox 90 3281 242 3350; x_wconf 85' lang='grc' dir='ltr'>ἠμῶν</span> <span class='ocrx_word' id='word_1_481' title='bbox 271 3285 360 3331; x_wconf 78' lang='grc' dir='ltr'>καὶ</span> <span class='ocrx_word' id='word_1_482' title='bbox 399 3280 722 3355; x_wconf 79' lang='grc' dir='ltr'>Βουλγάρων.</span> <span class='ocrx_word' id='word_1_483' title='bbox 786 3303 807 3329; x_wconf 74' lang='grc' dir='ltr'><strong>ι</strong></span> <span class='ocrx_word' id='word_1_484' title='bbox 868 3288 1047 3334; x_wconf 85' lang='grc' dir='ltr'>Ταῦτα</span> <span class='ocrx_word' id='word_1_485' title='bbox 1097 3280 1165 3340; x_wconf 73' lang='grc' dir='ltr'><strong>δὴ</strong></span> <span class='ocrx_word' id='word_1_486' title='bbox 1221 3282 1522 3340; x_wconf 84' lang='grc' dir='ltr'>λελάληνται</span> <span class='ocrx_word' id='word_1_487' title='bbox 1577 3286 1699 3353; x_wconf 87' lang='grc' dir='ltr'>παρ’</span> 
     </span>
    </p>
   </div>
   <div class='ocr_carea' id='block_1_68' title="bbox 90 3365 1700 3448">
    <p class='ocr_par' dir='ltr' id='par_1_68' title="bbox 90 3365 1700 3448">
     <span class='ocr_line' id='line_1_68' title="bbox 90 3365 1700 3448; baseline 0.003 -29"><span class='ocrx_word' id='word_1_488' title='bbox 90 3368 286 3433; x_wconf 75' lang='grc' dir='ltr'>αὐτῶν,</span> <span class='ocrx_word' id='word_1_489' title='bbox 322 3365 487 3440; x_wconf 70' lang='grc' dir='ltr'>μηδὲν</span> <span class='ocrx_word' id='word_1_490' title='bbox 514 3366 719 3431; x_wconf 77' lang='grc' dir='ltr'><strong>εἰδότος</strong></span> <span class='ocrx_word' id='word_1_491' title='bbox 747 3379 839 3424; x_wconf 85' lang='grc' dir='ltr'>τοῦ</span> <span class='ocrx_word' id='word_1_492' title='bbox 872 3377 1139 3444; x_wconf 83' lang='grc' dir='ltr'>Κομνηνοῦ</span> <span class='ocrx_word' id='word_1_493' title='bbox 1174 3372 1411 3444; x_wconf 69' lang='grc' dir='ltr'>Μιχαὴλ.</span> <span class='ocrx_word' id='word_1_494' title='bbox 1470 3375 1700 3448; x_wconf 82' lang='grc' dir='ltr'>Θάτερος</span> 
     </span>
    </p>
   </div>
   <div class='ocr_carea' id='block_1_69' title="bbox 87 3454 1700 3535">
    <p class='ocr_par' dir='ltr' id='par_1_69' title="bbox 87 3454 1700 3535">
     <span class='ocr_line' id='line_1_69' title="bbox 87 3454 1700 3535; baseline 0.003 -26"><span class='ocrx_word' id='word_1_495' title='bbox 87 3454 179 3509; x_wconf 78' lang='grc' dir='ltr'>οὖν</span> <span class='ocrx_word' id='word_1_496' title='bbox 218 3465 328 3509; x_wconf 85' lang='grc' dir='ltr'>τοῖν</span> <span class='ocrx_word' id='word_1_497' title='bbox 359 3455 507 3510; x_wconf 86' lang='grc' dir='ltr'>δυοῖν</span> <span class='ocrx_word' id='word_1_498' title='bbox 536 3458 757 3512; x_wconf 81' lang='grc' dir='ltr'>έπελθὼν</span> <span class='ocrx_word' id='word_1_499' title='bbox 815 3466 947 3535; x_wconf 87' lang='grc' dir='ltr'>πρός</span> <span class='ocrx_word' id='word_1_500' title='bbox 1000 3465 1085 3514; x_wconf 90' lang='grc' dir='ltr'><strong>τόν</strong></span> <span class='ocrx_word' id='word_1_501' title='bbox 1137 3462 1399 3535; x_wconf 78' lang='grc' dir='ltr'>εἰρημένον</span> <span class='ocrx_word' id='word_1_502' title='bbox 1453 3462 1700 3534; x_wconf 68' lang='grc' dir='ltr'>Μαγκλα-</span> 
     </span>
    </p>
   </div>
   <div class='ocr_carea' id='block_1_70' title="bbox 88 3545 1699 3624">
    <p class='ocr_par' dir='ltr' id='par_1_70' title="bbox 88 3545 1699 3624">
     <span class='ocr_line' id='line_1_70' title="bbox 88 3545 1699 3624; baseline 0.004 -27"><span class='ocrx_word' id='word_1_503' title='bbox 88 3545 242 3604; x_wconf 76' lang='grc' dir='ltr'>ϐἰτην</span> <span class='ocrx_word' id='word_1_504' title='bbox 275 3545 571 3618; x_wconf 69' lang='grc' dir='ltr'>ἀνήγγειλεν</span> <span class='ocrx_word' id='word_1_505' title='bbox 638 3548 779 3619; x_wconf 82' lang='grc' dir='ltr'>αύτῷ</span> <span class='ocrx_word' id='word_1_506' title='bbox 843 3553 909 3602; x_wconf 83' lang='grc' dir='ltr'>τὰ</span> <span class='ocrx_word' id='word_1_507' title='bbox 959 3558 1197 3618; x_wconf 83' lang='grc' dir='ltr'>τοιαῦτα,</span> <span class='ocrx_word' id='word_1_508' title='bbox 1251 3552 1277 3602; x_wconf 98' lang='lat'><strong>6</strong></span> <span class='ocrx_word' id='word_1_509' title='bbox 1340 3548 1399 3603; x_wconf 68' lang='grc' dir='ltr'><strong>δί</strong></span> <span class='ocrx_word' id='word_1_510' title='bbox 1454 3550 1699 3624; x_wconf 76' lang='grc' dir='ltr'>ἀνήνεγκε</span> 
     </span>
    </p>
   </div>
   <div class='ocr_carea' id='block_1_71' title="bbox 84 3634 1697 3715">
    <p class='ocr_par' dir='ltr' id='par_1_71' title="bbox 84 3634 1697 3715">
     <span class='ocr_line' id='line_1_71' title="bbox 84 3634 1697 3715; baseline 0.004 -28"><span class='ocrx_word' id='word_1_511' title='bbox 84 3644 161 3706; x_wconf 84' lang='grc' dir='ltr'>τῷ</span> <span class='ocrx_word' id='word_1_512' title='bbox 196 3634 425 3708; x_wconf 83' lang='grc' dir='ltr'>βασιλεῖ.</span> <span class='ocrx_word' id='word_1_513' title='bbox 462 3640 885 3709; x_wconf 76' lang='grc' dir='ltr'>Κατασχεθέντες</span> <span class='ocrx_word' id='word_1_514' title='bbox 928 3640 1015 3692; x_wconf 78' lang='grc' dir='ltr'>οὖν</span> <span class='ocrx_word' id='word_1_515' title='bbox 1047 3646 1140 3693; x_wconf 86' lang='grc' dir='ltr'>καὶ</span> <span class='ocrx_word' id='word_1_516' title='bbox 1193 3641 1350 3713; x_wconf 74' lang='grc' dir='ltr'>ἄμφω</span> <span class='ocrx_word' id='word_1_517' title='bbox 1398 3642 1697 3715; x_wconf 81' lang='grc' dir='ltr'>ἠρώτηνται</span> 
     </span>
    </p>
   </div>
   <div class='ocr_carea' id='block_1_72' title="bbox 88 3724 1695 3802">
    <p class='ocr_par' dir='ltr' id='par_1_72' title="bbox 88 3724 1695 3802">
     <span class='ocr_line' id='line_1_72' title="bbox 88 3724 1695 3802; baseline 0.004 -25"><span class='ocrx_word' id='word_1_518' title='bbox 88 3730 208 3799; x_wconf 82' lang='grc' dir='ltr'>περὶ</span> <span class='ocrx_word' id='word_1_519' title='bbox 234 3734 335 3778; x_wconf 85' lang='grc' dir='ltr'>τῶν</span> <span class='ocrx_word' id='word_1_520' title='bbox 387 3724 713 3799; x_wconf 75' lang='grc' dir='ltr'>λελεγμένων.</span> <span class='ocrx_word' id='word_1_521' title='bbox 767 3728 825 3781; x_wconf 72' lang='grc' dir='ltr'>Ὀ</span> <span class='ocrx_word' id='word_1_522' title='bbox 877 3733 968 3802; x_wconf 89' lang='grc' dir='ltr'><strong>μέν</strong></span> <span class='ocrx_word' id='word_1_523' title='bbox 1021 3730 1108 3781; x_wconf 78' lang='grc' dir='ltr'>ὀῦν</span> <span class='ocrx_word' id='word_1_524' title='bbox 1183 3734 1484 3802; x_wconf 73' lang='grc' dir='ltr'>κατηγόρει,</span> <span class='ocrx_word' id='word_1_525' title='bbox 1541 3732 1695 3783; x_wconf 85' lang='grc' dir='ltr'>θάτε-</span> 
     </span>
    </p>
   </div>
   <div class='ocr_carea' id='block_1_73' title="bbox 82 3810 1694 3891">
    <p class='ocr_par' dir='ltr' id='par_1_73' title="bbox 82 3810 1694 3891">
     <span class='ocr_line' id='line_1_73' title="bbox 82 3810 1694 3891; baseline 0.004 -25"><span class='ocrx_word' id='word_1_526' title='bbox 82 3833 174 3887; x_wconf 86' lang='grc' dir='ltr'><strong>ρος</strong></span> <span class='ocrx_word' id='word_1_527' title='bbox 208 3810 268 3867; x_wconf 68' lang='grc' dir='ltr'>δε</span> <span class='ocrx_word' id='word_1_528' title='bbox 293 3815 739 3888; x_wconf 77' lang='grc' dir='ltr'>ύπεραπελογιίτο.</span> <span class='ocrx_word' id='word_1_529' title='bbox 768 3816 991 3890; x_wconf 77' lang='grc' dir='ltr'>’Ἐφησεν</span> <span class='ocrx_word' id='word_1_530' title='bbox 1023 3815 1131 3885; x_wconf 82' lang='grc' dir='ltr'>οὖν,</span> <span class='ocrx_word' id='word_1_531' title='bbox 1185 3822 1249 3880; x_wconf 85' lang='grc' dir='ltr'>ὡς</span> <span class='ocrx_word' id='word_1_532' title='bbox 1312 3819 1546 3881; x_wconf 80' lang='grc' dir='ltr'>’Δληθῶς</span> <span class='ocrx_word' id='word_1_533' title='bbox 1604 3822 1694 3891; x_wconf 70' lang='grc' dir='ltr'><strong>μεν</strong></span> 
     </span>
    </p>
   </div>
   <div class='ocr_carea' id='block_1_74' title="bbox 84 3904 1695 3983">
    <p class='ocr_par' dir='ltr' id='par_1_74' title="bbox 84 3904 1695 3983">
     <span class='ocr_line' id='line_1_74' title="bbox 84 3904 1695 3983; baseline 0.003 -28"><span class='ocrx_word' id='word_1_534' title='bbox 84 3905 271 3956; x_wconf 74' lang='grc' dir='ltr'>οὑτοσὶ</span> <span class='ocrx_word' id='word_1_535' title='bbox 312 3904 520 3977; x_wconf 65' lang='grc' dir='ltr'>εἰρήκει,</span> <span class='ocrx_word' id='word_1_536' title='bbox 580 3905 705 3980; x_wconf 86' lang='grc' dir='ltr'>παρ’</span> <span class='ocrx_word' id='word_1_537' title='bbox 788 3906 912 3978; x_wconf 71' lang='grc' dir='ltr'>ἐμοῦ</span> <span class='ocrx_word' id='word_1_538' title='bbox 964 3911 1065 3983; x_wconf 70' lang='grc' dir='ltr'><strong>γὰρ</strong></span> <span class='ocrx_word' id='word_1_539' title='bbox 1136 3906 1375 3967; x_wconf 71' lang='grc' dir='ltr'>ἀκήκοεν·</span> <span class='ocrx_word' id='word_1_540' title='bbox 1435 3907 1542 3960; x_wconf 84' lang='grc' dir='ltr'>ἀλλ’</span> <span class='ocrx_word' id='word_1_541' title='bbox 1602 3907 1695 3960; x_wconf 88' lang='grc' dir='ltr'><strong>ούκ</strong></span> 
     </span>
    </p>
   </div>
   <div class='ocr_carea' id='block_1_75' title="bbox 86 3989 1693 4069">
    <p class='ocr_par' dir='ltr' id='par_1_75' title="bbox 86 3989 1693 4069">
     <span class='ocr_line' id='line_1_75' title="bbox 86 3989 1693 4069; baseline 0.003 -25"><span class='ocrx_word' id='word_1_542' title='bbox 86 3989 295 4050; x_wconf 75' lang='grc' dir='ltr'>εἰδήσει</span> <span class='ocrx_word' id='word_1_543' title='bbox 348 4013 436 4065; x_wconf 90' lang='grc' dir='ltr'><strong>μοι</strong></span> <span class='ocrx_word' id='word_1_544' title='bbox 485 3998 687 4066; x_wconf 82' lang='grc' dir='ltr'>εἴρηται</span> <span class='ocrx_word' id='word_1_545' title='bbox 743 4004 833 4048; x_wconf 80' lang='grc' dir='ltr'>τοῦ</span> <span class='ocrx_word' id='word_1_546' title='bbox 895 4003 1187 4069; x_wconf 80' lang='grc' dir='ltr'>Κομνηνοῡ,</span> <span class='ocrx_word' id='word_1_547' title='bbox 1242 3997 1350 4051; x_wconf 79' lang='grc' dir='ltr'>ἀλλ’</span> <span class='ocrx_word' id='word_1_548' title='bbox 1405 3996 1458 4061; x_wconf 72' lang='grc' dir='ltr'><strong>ἐξ</strong></span> <span class='ocrx_word' id='word_1_549' title='bbox 1509 3998 1693 4051; x_wconf 85' lang='grc' dir='ltr'>έαυτοῦ</span> 
     </span>
    </p>
   </div>
   <div class='ocr_carea' id='block_1_76' title="bbox 87 4080 1693 4159">
    <p class='ocr_par' dir='ltr' id='par_1_76' title="bbox 87 4080 1693 4159">
     <span class='ocr_line' id='line_1_76' title="bbox 87 4080 1693 4159; baseline 0.004 -26"><span class='ocrx_word' id='word_1_550' title='bbox 87 4085 209 4143; x_wconf 84' lang='grc' dir='ltr'>τοὺς</span> <span class='ocrx_word' id='word_1_551' title='bbox 261 4080 444 4152; x_wconf 75' lang='grc' dir='ltr'>λόγους</span> <span class='ocrx_word' id='word_1_552' title='bbox 493 4086 715 4145; x_wconf 81' lang='grc' dir='ltr'>τούτους</span> <span class='ocrx_word' id='word_1_553' title='bbox 770 4091 1087 4158; x_wconf 72' lang='grc' dir='ltr'>προήνεγκα,</span> <span class='ocrx_word' id='word_1_554' title='bbox 1162 4087 1514 4158; x_wconf 76' lang='grc' dir='ltr'>Ἠνασγκάζετο</span> <span class='ocrx_word' id='word_1_555' title='bbox 1570 4094 1693 4159; x_wconf 74' lang='grc' dir='ltr'>γοῦν</span> 
     </span>
    </p>
   </div>
   <div class='ocr_carea' id='block_1_77' title="bbox 87 4170 1695 4248">
    <p class='ocr_par' dir='ltr' id='par_1_77' title="bbox 87 4170 1695 4248">
     <span class='ocr_line' id='line_1_77' title="bbox 87 4170 1695 4248; baseline 0.004 -26"><span class='ocrx_word' id='word_1_556' title='bbox 87 4176 208 4244; x_wconf 82' lang='grc' dir='ltr'>περὶ</span> <span class='ocrx_word' id='word_1_557' title='bbox 267 4173 471 4224; x_wconf 87' lang='grc' dir='ltr'>τούτου·</span> <span class='ocrx_word' id='word_1_558' title='bbox 533 4174 558 4224; x_wconf 92' lang='grc' dir='ltr'><strong>ό</strong></span> <span class='ocrx_word' id='word_1_559' title='bbox 586 4170 645 4225; x_wconf 71' lang='grc' dir='ltr'>δε</span> <span class='ocrx_word' id='word_1_560' title='bbox 698 4175 900 4247; x_wconf 76' lang='grc' dir='ltr'>ἠρνεῖτο</span> <span class='ocrx_word' id='word_1_561' title='bbox 947 4175 1193 4239; x_wconf 81' lang='grc' dir='ltr'>καθάπαξ</span> <span class='ocrx_word' id='word_1_562' title='bbox 1252 4181 1323 4248; x_wconf 79' lang='grc' dir='ltr'>μὴ</span> <span class='ocrx_word' id='word_1_563' title='bbox 1384 4173 1575 4229; x_wconf 82' lang='grc' dir='ltr'>εἰδέναι</span> <span class='ocrx_word' id='word_1_564' title='bbox 1643 4195 1695 4228; x_wconf 90' lang='grc' dir='ltr'><strong>τι</strong></span> 
     </span>
    </p>
   </div>
   <div class='ocr_carea' id='block_1_78' title="bbox 88 4262 1696 4337">
    <p class='ocr_par' dir='ltr' id='par_1_78' title="bbox 88 4262 1696 4337">
     <span class='ocr_line' id='line_1_78' title="bbox 88 4262 1696 4337; baseline 0.004 -26"><span class='ocrx_word' id='word_1_565' title='bbox 88 4264 205 4331; x_wconf 60' lang='grc' dir='ltr'><strong>περὶ</strong></span> <span class='ocrx_word' id='word_1_566' title='bbox 230 4262 417 4312; x_wconf 88' lang='grc' dir='ltr'>τούτου</span> <span class='ocrx_word' id='word_1_567' title='bbox 448 4265 505 4313; x_wconf 90' lang='grc' dir='ltr'>τὸ</span> <span class='ocrx_word' id='word_1_568' title='bbox 561 4262 772 4315; x_wconf 88' lang='grc' dir='ltr'>σύνολον</span> <span class='ocrx_word' id='word_1_569' title='bbox 833 4266 921 4316; x_wconf 88' lang='grc' dir='ltr'>τὸν</span> <span class='ocrx_word' id='word_1_570' title='bbox 974 4268 1238 4337; x_wconf 81' lang='grc' dir='ltr'>Κομνηνὸν</span> <span class='ocrx_word' id='word_1_571' title='bbox 1294 4265 1536 4337; x_wconf 77' lang='grc' dir='ltr'>Μιχαὴλ.</span> <span class='ocrx_word' id='word_1_572' title='bbox 1589 4265 1696 4320; x_wconf 83' lang='grc' dir='ltr'><strong>Ἐν-</strong></span> 
     </span>
    </p>
   </div>
   <div class='ocr_carea' id='block_1_79' title="bbox 90 4349 1692 4429">
    <p class='ocr_par' dir='ltr' id='par_1_79' title="bbox 90 4349 1692 4429">
     <span class='ocr_line' id='line_1_79' title="bbox 90 4349 1692 4429; baseline 0.004 -29"><span class='ocrx_word' id='word_1_573' title='bbox 90 4351 274 4401; x_wconf 83' lang='grc' dir='ltr'>ταῦθεν</span> <span class='ocrx_word' id='word_1_574' title='bbox 307 4349 622 4425; x_wconf 76' lang='grc' dir='ltr'>ηὐτρέπιστο</span> <span class='ocrx_word' id='word_1_575' title='bbox 661 4355 864 4415; x_wconf 90' lang='grc' dir='ltr'>τούτοις</span> <span class='ocrx_word' id='word_1_576' title='bbox 934 4360 1282 4429; x_wconf 84' lang='grc' dir='ltr'>στρατιωτικὴ</span> <span class='ocrx_word' id='word_1_577' title='bbox 1345 4375 1425 4416; x_wconf 85' lang='grc' dir='ltr'><strong>τις</strong></span> <span class='ocrx_word' id='word_1_578' title='bbox 1482 4353 1692 4409; x_wconf 80' lang='grc' dir='ltr'>ἀποδει-</span> 
     </span>
    </p>
   </div>
   <div class='ocr_carea' id='block_1_80' title="bbox 91 4436 1694 4517">
    <p class='ocr_par' dir='ltr' id='par_1_80' title="bbox 91 4436 1694 4517">
     <span class='ocr_line' id='line_1_80' title="bbox 91 4436 1694 4517; baseline 0.009 -28"><span class='ocrx_word' id='word_1_579' title='bbox 91 4438 189 4505; x_wconf 83' lang='grc' dir='ltr'>ξις,</span> <span class='ocrx_word' id='word_1_580' title='bbox 221 4436 327 4491; x_wconf 82' lang='grc' dir='ltr'><strong>ἐπεὶ</strong></span> <span class='ocrx_word' id='word_1_581' title='bbox 357 4444 428 4511; x_wconf 81' lang='grc' dir='ltr'>μὴ</span> <span class='ocrx_word' id='word_1_582' title='bbox 458 4441 702 4515; x_wconf 78' lang='grc' dir='ltr'>ὑπῆρχον</span> <span class='ocrx_word' id='word_1_583' title='bbox 748 4445 797 4494; x_wconf 85' lang='grc' dir='ltr'>οἱ</span> <span class='ocrx_word' id='word_1_584' title='bbox 826 4452 1224 4517; x_wconf 79' lang='grc' dir='ltr'>μαρτυροῦντες,</span> <span class='ocrx_word' id='word_1_585' title='bbox 1256 4446 1286 4502; x_wconf 84' lang='grc' dir='ltr'><strong>ἠ</strong></span> <span class='ocrx_word' id='word_1_586' title='bbox 1358 4441 1452 4497; x_wconf 83' lang='grc' dir='ltr'><strong>διὰ</strong></span> <span class='ocrx_word' id='word_1_587' title='bbox 1506 4447 1694 4517; x_wconf 82' lang='grc' dir='ltr'>μάχης</span> 
     </span>
    </p>
   </div>
   <div class='ocr_carea' id='block_1_81' title="bbox 91 4525 1690 4608">
    <p class='ocr_par' dir='ltr' id='par_1_81' title="bbox 91 4525 1690 4608">
     <span class='ocr_line' id='line_1_81' title="bbox 91 4525 1690 4608; baseline 0.003 -28"><span class='ocrx_word' id='word_1_588' title='bbox 91 4525 339 4603; x_wconf 78' lang='grc' dir='ltr'>διάπειρά</span> <span class='ocrx_word' id='word_1_589' title='bbox 368 4531 471 4599; x_wconf 87' lang='grc'>(5).</span> <span class='ocrx_word' id='word_1_590' title='bbox 522 4530 882 4590; x_wconf 82' lang='grc' dir='ltr'>Ὠπλίσθησον</span> <span class='ocrx_word' id='word_1_591' title='bbox 922 4530 980 4585; x_wconf 83' lang='grc' dir='ltr'>οὗ</span> <span class='ocrx_word' id='word_1_592' title='bbox 1070 4540 1160 4586; x_wconf 87' lang='grc' dir='ltr'>καὶ</span> <span class='ocrx_word' id='word_1_593' title='bbox 1218 4536 1392 4608; x_wconf 77' lang='grc' dir='ltr'>ἄμφω,</span> <span class='ocrx_word' id='word_1_594' title='bbox 1454 4535 1690 4594; x_wconf 81' lang='grc' dir='ltr'>εἰσῆλθον</span> 
     </span>
    </p>
   </div>
   <div class='ocr_carea' id='block_1_82' title="bbox 90 4616 1693 4697">
    <p class='ocr_par' dir='ltr' id='par_1_82' title="bbox 90 4616 1693 4697">
     <span class='ocr_line' id='line_1_82' title="bbox 90 4616 1693 4697; baseline 0.005 -29"><span class='ocrx_word' id='word_1_595' title='bbox 90 4617 159 4679; x_wconf 86' lang='grc' dir='ltr'><strong>εἰς</strong></span> <span class='ocrx_word' id='word_1_596' title='bbox 185 4620 244 4670; x_wconf 88' lang='grc' dir='ltr'>τὸ</span> <span class='ocrx_word' id='word_1_597' title='bbox 273 4616 510 4685; x_wconf 86' lang='grc' dir='ltr'>στάδιον,</span> <span class='ocrx_word' id='word_1_598' title='bbox 553 4620 823 4683; x_wconf 78' lang='grc' dir='ltr'>ξυνέϐαλον</span> <span class='ocrx_word' id='word_1_599' title='bbox 882 4621 1135 4688; x_wconf 81' lang='grc' dir='ltr'>ἀλλήλοις,</span> <span class='ocrx_word' id='word_1_600' title='bbox 1186 4624 1275 4696; x_wconf 68' lang='grc' dir='ltr'><strong>[Ρ.</strong></span> <span class='ocrx_word' id='word_1_601' title='bbox 1336 4626 1420 4697; x_wconf 77' lang='grc'><strong>52]</strong></span> <span class='ocrx_word' id='word_1_602' title='bbox 1471 4629 1556 4677; x_wconf 75' lang='grc' dir='ltr'>καὶ</span> <span class='ocrx_word' id='word_1_603' title='bbox 1616 4644 1693 4676; x_wconf 91' lang='grc' dir='ltr'>νε-</span> 
     </span>
    </p>
   </div>
   <div class='ocr_carea' id='block_1_83' title="bbox 87 4709 1689 4788">
    <p class='ocr_par' dir='ltr' id='par_1_83' title="bbox 87 4709 1689 4788">
     <span class='ocr_line' id='line_1_83' title="bbox 87 4709 1689 4788; baseline 0.006 -31"><span class='ocrx_word' id='word_1_604' title='bbox 87 4711 298 4763; x_wconf 84' lang='grc' dir='ltr'>νίκηται</span> <span class='ocrx_word' id='word_1_605' title='bbox 329 4709 355 4759; x_wconf 88' lang='grc' dir='ltr'><strong><em>ὁ</em></strong></span> <span class='ocrx_word' id='word_1_606' title='bbox 387 4714 916 4784; x_wconf 78' lang='grc' dir='ltr'>κατηγορορούμενος,</span> <span class='ocrx_word' id='word_1_607' title='bbox 950 4711 1205 4788; x_wconf 75' lang='grc' dir='ltr'>ἀπερρίφη</span> <span class='ocrx_word' id='word_1_608' title='bbox 1276 4733 1327 4767; x_wconf 85' lang='grc' dir='ltr'><strong>τε</strong></span> <span class='ocrx_word' id='word_1_609' title='bbox 1365 4721 1456 4765; x_wconf 81' lang='grc' dir='ltr'>τοῦ</span> <span class='ocrx_word' id='word_1_610' title='bbox 1503 4716 1689 4781; x_wconf 80' lang='grc' dir='ltr'>ἵππου,</span> 
     </span>
    </p>
   </div>
   <div class='ocr_carea' id='block_1_84' title="bbox 88 4800 1693 4875">
    <p class='ocr_par' dir='ltr' id='par_1_84' title="bbox 88 4800 1693 4875">
     <span class='ocr_line' id='line_1_84' title="bbox 88 4800 1693 4875; baseline 0.006 -28"><span class='ocrx_word' id='word_1_611' title='bbox 88 4801 177 4847; x_wconf 84' lang='grc' dir='ltr'>καὶ</span> <span class='ocrx_word' id='word_1_612' title='bbox 228 4800 321 4854; x_wconf 79' lang='grc' dir='ltr'>τὴν</span> <span class='ocrx_word' id='word_1_613' title='bbox 374 4806 602 4850; x_wconf 86' lang='grc' dir='ltr'>νικῶσαν</span> <span class='ocrx_word' id='word_1_614' title='bbox 655 4801 680 4851; x_wconf 94' lang='lat'><strong>6</strong></span> <span class='ocrx_word' id='word_1_615' title='bbox 737 4806 1023 4873; x_wconf 71' lang='grc' dir='ltr'>κατήγορος</span> <span class='ocrx_word' id='word_1_616' title='bbox 1080 4805 1325 4874; x_wconf 78' lang='grc' dir='ltr'>ἔσχηκεν.</span> <span class='ocrx_word' id='word_1_617' title='bbox 1383 4803 1693 4875; x_wconf 75' lang='grc' dir='ltr'>Συλληφθεὶς</span> 
     </span>
    </p>
   </div>
   <div class='ocr_carea' id='block_1_85' title="bbox 90 4880 1693 4966">
    <p class='ocr_par' dir='ltr' id='par_1_85' title="bbox 90 4880 1693 4966">
     <span class='ocr_line' id='line_1_85' title="bbox 90 4880 1693 4966; baseline 0.005 -31"><span class='ocrx_word' id='word_1_618' title='bbox 90 4880 176 4935; x_wconf 81' lang='grc' dir='ltr'>οὖν</span> <span class='ocrx_word' id='word_1_619' title='bbox 207 4884 339 4947; x_wconf 77' lang='grc' dir='ltr'>ζωός</span> <span class='ocrx_word' id='word_1_620' title='bbox 369 4883 517 4949; x_wconf 69' lang='grc' dir='ltr'>(οὐδε</span> <span class='ocrx_word' id='word_1_621' title='bbox 548 4890 649 4962; x_wconf 73' lang='grc' dir='ltr'><strong>γὰρ</strong></span> <span class='ocrx_word' id='word_1_622' title='bbox 679 4893 891 4963; x_wconf 85' lang='grc' dir='ltr'>καιρίαν</span> <span class='ocrx_word' id='word_1_623' title='bbox 931 4894 1198 4964; x_wconf 84' lang='grc' dir='ltr'>τέτρωται)</span> <span class='ocrx_word' id='word_1_624' title='bbox 1237 4897 1327 4944; x_wconf 86' lang='grc' dir='ltr'>καὶ</span> <span class='ocrx_word' id='word_1_625' title='bbox 1367 4892 1512 4952; x_wconf 78' lang='grc' dir='ltr'>αὖθις</span> <span class='ocrx_word' id='word_1_626' title='bbox 1549 4892 1693 4966; x_wconf 81' lang='grc' dir='ltr'><strong>ἠρώ-</strong></span> 
     </span>
    </p>
   </div>
   <div class='ocr_carea' id='block_1_86' title="bbox 88 4977 1693 5050">
    <p class='ocr_par' dir='ltr' id='par_1_86' title="bbox 88 4977 1693 5050">
     <span class='ocr_line' id='line_1_86' title="bbox 88 4977 1693 5050; baseline 0.004 -23"><span class='ocrx_word' id='word_1_627' title='bbox 88 4994 261 5040; x_wconf 81' lang='grc' dir='ltr'>τηται,</span> <span class='ocrx_word' id='word_1_628' title='bbox 308 4978 378 5037; x_wconf 82' lang='grc' dir='ltr'>ὡς</span> <span class='ocrx_word' id='word_1_629' title='bbox 428 4977 929 5050; x_wconf 74' lang='grc' dir='ltr'>άνκαθομολγήσειε</span> <span class='ocrx_word' id='word_1_630' title='bbox 1023 4984 1117 5039; x_wconf 80' lang='grc' dir='ltr'>τὴν</span> <span class='ocrx_word' id='word_1_631' title='bbox 1179 4979 1441 5039; x_wconf 80' lang='grc' dir='ltr'>ἀληθειαν.</span> <span class='ocrx_word' id='word_1_632' title='bbox 1518 4979 1575 5033; x_wconf 87' lang='grc' dir='ltr'><strong>Ὀ</strong></span> <span class='ocrx_word' id='word_1_633' title='bbox 1634 4978 1693 5034; x_wconf 67' lang='grc' dir='ltr'><strong>δὲ</strong></span> 
     </span>
    </p>
   </div>
   <div class='ocr_carea' id='block_1_87' title="bbox 90 5067 1692 5142">
    <p class='ocr_par' dir='ltr' id='par_1_87' title="bbox 90 5067 1692 5142">
     <span class='ocr_line' id='line_1_87' title="bbox 90 5067 1692 5142; baseline 0.004 -25"><span class='ocrx_word' id='word_1_634' title='bbox 90 5074 180 5117; x_wconf 78' lang='grc' dir='ltr'>τοῦ</span> <span class='ocrx_word' id='word_1_635' title='bbox 210 5071 459 5140; x_wconf 81' lang='grc' dir='ltr'>προτέρου</span> <span class='ocrx_word' id='word_1_636' title='bbox 484 5067 639 5139; x_wconf 75' lang='grc' dir='ltr'>λόγου</span> <span class='ocrx_word' id='word_1_637' title='bbox 670 5067 957 5140; x_wconf 80' lang='grc' dir='ltr'>ἀντείχετο,</span> <span class='ocrx_word' id='word_1_638' title='bbox 982 5075 1071 5122; x_wconf 87' lang='grc' dir='ltr'>καὶ</span> <span class='ocrx_word' id='word_1_639' title='bbox 1120 5067 1252 5142; x_wconf 75' lang='grc' dir='ltr'>μηδ’</span> <span class='ocrx_word' id='word_1_640' title='bbox 1312 5071 1442 5133; x_wconf 85' lang='grc' dir='ltr'>ὅλως</span> <span class='ocrx_word' id='word_1_641' title='bbox 1498 5068 1692 5124; x_wconf 82' lang='grc' dir='ltr'>εἰδέναι</span> 
     </span>
    </p>
   </div>
   <div class='ocr_carea' id='block_1_88' title="bbox 90 5154 1693 5233">
    <p class='ocr_par' dir='ltr' id='par_1_88' title="bbox 90 5154 1693 5233">
     <span class='ocr_line' id='line_1_88' title="bbox 90 5154 1693 5233; baseline 0.002 -26"><span class='ocrx_word' id='word_1_642' title='bbox 90 5175 140 5207; x_wconf 91' lang='grc' dir='ltr'><strong>τι</strong></span> <span class='ocrx_word' id='word_1_643' title='bbox 170 5158 253 5207; x_wconf 88' lang='grc' dir='ltr'>τὸν</span> <span class='ocrx_word' id='word_1_644' title='bbox 286 5160 547 5228; x_wconf 83' lang='grc' dir='ltr'>Κομνηνόν</span> <span class='ocrx_word' id='word_1_645' title='bbox 576 5154 951 5233; x_wconf 81' lang='grc' dir='ltr'>διεμαρτύρετο</span> <span class='ocrx_word' id='word_1_646' title='bbox 1002 5159 1243 5231; x_wconf 72' lang='grc' dir='ltr'>Μιχαὴλ.</span> <span class='ocrx_word' id='word_1_647' title='bbox 1302 5160 1445 5213; x_wconf 82' lang='grc' dir='ltr'><strong>Ἐπεὶ</strong></span> <span class='ocrx_word' id='word_1_648' title='bbox 1490 5156 1548 5214; x_wconf 69' lang='grc' dir='ltr'><strong>δὲ</strong></span> <span class='ocrx_word' id='word_1_649' title='bbox 1600 5156 1693 5213; x_wconf 81' lang='grc' dir='ltr'>διὰ</span> 
     </span>
    </p>
   </div>
   <div class='ocr_carea' id='block_1_89' title="bbox 1810 3273 3465 3336">
    <p class='ocr_par' dir='ltr' id='par_1_89' title="bbox 1810 3273 3465 3336">
     <span class='ocr_line' id='line_1_89' title="bbox 1810 3273 3465 3336; baseline -0.004 0"><span class='ocrx_word' id='word_1_650' title='bbox 1810 3278 2015 3336; x_wconf 88' lang='lat' dir='ltr'><strong>chaele</strong></span> <span class='ocrx_word' id='word_1_651' title='bbox 2032 3279 2338 3334; x_wconf 89' lang='lat' dir='ltr'><strong>Comneno</strong></span> <span class='ocrx_word' id='word_1_652' title='bbox 2358 3276 2519 3331; x_wconf 90' lang='lat' dir='ltr'><strong>dicta</strong></span> <span class='ocrx_word' id='word_1_653' title='bbox 2541 3278 2700 3330; x_wconf 87' lang='lat' dir='ltr'><strong>sunt.</strong></span> <span class='ocrx_word' id='word_1_654' title='bbox 2720 3278 2791 3330; x_wconf 79' lang='lat' dir='ltr'><strong>At</strong></span> <span class='ocrx_word' id='word_1_655' title='bbox 2811 3289 2969 3330; x_wconf 89' lang='lat' dir='ltr'><strong>unus</strong></span> <span class='ocrx_word' id='word_1_656' title='bbox 2991 3289 3065 3330; x_wconf 80' lang='lat' dir='ltr'><strong>ex</strong></span> <span class='ocrx_word' id='word_1_657' title='bbox 3086 3273 3181 3329; x_wconf 89' lang='lat' dir='ltr'><strong>his</strong></span> <span class='ocrx_word' id='word_1_658' title='bbox 3212 3273 3465 3330; x_wconf 70' lang='lat' dir='ltr'><strong>Mancla-</strong></span> 
     </span>
    </p>
   </div>
   <div class='ocr_carea' id='block_1_90' title="bbox 1807 3364 3465 3441">
    <p class='ocr_par' dir='ltr' id='par_1_90' title="bbox 1807 3364 3465 3441">
     <span class='ocr_line' id='line_1_90' title="bbox 1807 3364 3465 3441; baseline -0.002 -16"><span class='ocrx_word' id='word_1_659' title='bbox 1807 3372 1939 3427; x_wconf 68' lang='lat' dir='ltr'><strong>vitae</strong></span> <span class='ocrx_word' id='word_1_660' title='bbox 1979 3368 2278 3441; x_wconf 90' lang='lat' dir='ltr'><strong>colloquia</strong></span> <span class='ocrx_word' id='word_1_661' title='bbox 2300 3367 2453 3422; x_wconf 89' lang='lat' dir='ltr'><strong>inter</strong></span> <span class='ocrx_word' id='word_1_662' title='bbox 2477 3381 2539 3421; x_wconf 90' lang='lat' dir='ltr'><strong>se</strong></span> <span class='ocrx_word' id='word_1_663' title='bbox 2568 3365 2714 3422; x_wconf 91' lang='lat' dir='ltr'><strong>inita</strong></span> <span class='ocrx_word' id='word_1_664' title='bbox 2752 3364 2962 3421; x_wconf 86' lang='lat' dir='ltr'><strong>refert:</strong></span> <span class='ocrx_word' id='word_1_665' title='bbox 2995 3364 3091 3421; x_wconf 91' lang='lat' dir='ltr'><strong>ille</strong></span> <span class='ocrx_word' id='word_1_666' title='bbox 3120 3364 3465 3437; x_wconf 88' lang='lat' dir='ltr'><strong>imperatori</strong></span> 
     </span>
    </p>
   </div>
   <div class='ocr_carea' id='block_1_91' title="bbox 1807 3454 3462 3529">
    <p class='ocr_par' dir='ltr' id='par_1_91' title="bbox 1807 3454 3462 3529">
     <span class='ocr_line' id='line_1_91' title="bbox 1807 3454 3462 3529; baseline -0.003 -13"><span class='ocrx_word' id='word_1_667' title='bbox 1807 3459 2141 3516; x_wconf 88' lang='lat' dir='ltr'><strong>denuntiat.</strong></span> <span class='ocrx_word' id='word_1_668' title='bbox 2163 3455 2641 3529; x_wconf 79' lang='lat' dir='ltr'><strong>Comprehensus</strong></span> <span class='ocrx_word' id='word_1_669' title='bbox 2661 3458 2911 3527; x_wconf 89' lang='lat' dir='ltr'><strong>uterque</strong></span> <span class='ocrx_word' id='word_1_670' title='bbox 2941 3454 3016 3509; x_wconf 91' lang='lat' dir='ltr'><strong>de</strong></span> <span class='ocrx_word' id='word_1_671' title='bbox 3042 3454 3113 3510; x_wconf 88' lang='lat' dir='ltr'><strong>iis</strong></span> <span class='ocrx_word' id='word_1_672' title='bbox 3132 3470 3270 3527; x_wconf 64' lang='lat' dir='ltr'><strong>quas</strong></span> <span class='ocrx_word' id='word_1_673' title='bbox 3299 3454 3462 3511; x_wconf 86' lang='lat' dir='ltr'><strong>dixe-</strong></span> 
     </span>
    </p>
   </div>
   <div class='ocr_carea' id='block_1_92' title="bbox 1806 3542 3458 3616">
    <p class='ocr_par' dir='ltr' id='par_1_92' title="bbox 1806 3542 3458 3616">
     <span class='ocr_line' id='line_1_92' title="bbox 1806 3542 3458 3616; baseline -0.004 -11"><span class='ocrx_word' id='word_1_674' title='bbox 1806 3553 1942 3605; x_wconf 91' lang='lat' dir='ltr'><strong>rant</strong></span> <span class='ocrx_word' id='word_1_675' title='bbox 1952 3548 2393 3616; x_wconf 87' lang='lat' dir='ltr'><strong>interrogantur</strong></span> <span class='ocrx_word' id='word_1_676' title='bbox 2406 3587 2419 3601; x_wconf 94' lang='lat'><strong>.</strong></span> <span class='ocrx_word' id='word_1_677' title='bbox 2440 3546 2505 3600; x_wconf 90' lang='lat' dir='ltr'><strong>Et</strong></span> <span class='ocrx_word' id='word_1_678' title='bbox 2516 3559 2674 3600; x_wconf 90' lang='lat' dir='ltr'><strong>unus</strong></span> <span class='ocrx_word' id='word_1_679' title='bbox 2684 3543 2931 3616; x_wconf 90' lang='lat' dir='ltr'><strong>quidem</strong></span> <span class='ocrx_word' id='word_1_680' title='bbox 2945 3542 3290 3613; x_wconf 88' lang='lat' dir='ltr'><strong>accusabat,</strong></span> <span class='ocrx_word' id='word_1_681' title='bbox 3306 3542 3458 3599; x_wconf 90' lang='lat' dir='ltr'><strong>alius</strong></span> 
     </span>
    </p>
   </div>
   <div class='ocr_carea' id='block_1_93' title="bbox 1804 3633 3457 3710">
    <p class='ocr_par' dir='ltr' id='par_1_93' title="bbox 1804 3633 3457 3710">
     <span class='ocr_line' id='line_1_93' title="bbox 1804 3633 3457 3710; baseline -0.002 -16"><span class='ocrx_word' id='word_1_682' title='bbox 1804 3637 2211 3710; x_wconf 88' lang='lat' dir='ltr'><strong>respondebat</strong></span> <span class='ocrx_word' id='word_1_683' title='bbox 2242 3657 2264 3686; x_wconf 76' lang='grc' dir='ltr'><strong>ε</strong></span> <span class='ocrx_word' id='word_1_684' title='bbox 2307 3638 2723 3691; x_wconf 87' lang='lat' dir='ltr'><strong>accusatorem</strong></span> <span class='ocrx_word' id='word_1_685' title='bbox 2754 3648 2895 3689; x_wconf 88' lang='lat' dir='ltr'><strong>vera</strong></span> <span class='ocrx_word' id='word_1_686' title='bbox 2918 3633 3229 3690; x_wconf 89' lang='lat' dir='ltr'><strong>enuntiare</strong></span> <span class='ocrx_word' id='word_1_687' title='bbox 3254 3649 3270 3689; x_wconf 88' lang='lat'><strong>:</strong></span> <span class='ocrx_word' id='word_1_688' title='bbox 3303 3649 3339 3689; x_wconf 90' lang='lat' dir='ltr'><strong>a</strong></span> <span class='ocrx_word' id='word_1_689' title='bbox 3359 3648 3457 3690; x_wconf 90' lang='lat' dir='ltr'><strong>me</strong></span> 
     </span>
    </p>
   </div>
   <div class='ocr_carea' id='block_1_94' title="bbox 1804 3722 3457 3794">
    <p class='ocr_par' dir='ltr' id='par_1_94' title="bbox 1804 3722 3457 3794">
     <span class='ocr_line' id='line_1_94' title="bbox 1804 3722 3457 3794; baseline -0.002 -11"><span class='ocrx_word' id='word_1_690' title='bbox 1804 3728 1967 3784; x_wconf 89' lang='lat' dir='ltr'><strong>enim</strong></span> <span class='ocrx_word' id='word_1_691' title='bbox 1998 3725 2207 3782; x_wconf 91' lang='lat' dir='ltr'><strong>audiit.</strong></span> <span class='ocrx_word' id='word_1_692' title='bbox 2239 3726 2456 3780; x_wconf 81' lang='lat' dir='ltr'><strong>Verum</strong></span> <span class='ocrx_word' id='word_1_693' title='bbox 2481 3739 2552 3779; x_wconf 90' lang='lat' dir='ltr'><strong>ea</strong></span> <span class='ocrx_word' id='word_1_694' title='bbox 2572 3723 2761 3779; x_wconf 90' lang='lat' dir='ltr'><strong>inscio</strong></span> <span class='ocrx_word' id='word_1_695' title='bbox 2789 3724 2960 3794; x_wconf 73' lang='lat'><strong>102</strong></span> <span class='ocrx_word' id='word_1_696' title='bbox 2982 3725 3288 3779; x_wconf 88' lang='lat' dir='ltr'><strong>Comneno</strong></span> <span class='ocrx_word' id='word_1_697' title='bbox 3309 3722 3457 3781; x_wconf 81' lang='lat' dir='ltr'><strong>eﬁ‘a-</strong></span> 
     </span>
    </p>
   </div>
   <div class='ocr_carea' id='block_1_95' title="bbox 1802 3812 3451 3888">
    <p class='ocr_par' dir='ltr' id='par_1_95' title="bbox 1802 3812 3451 3888">
     <span class='ocr_line' id='line_1_95' title="bbox 1802 3812 3451 3888; baseline -0.003 -14"><span class='ocrx_word' id='word_1_698' title='bbox 1802 3823 1899 3875; x_wconf 87' lang='lat' dir='ltr'><strong>tus</strong></span> <span class='ocrx_word' id='word_1_699' title='bbox 1940 3834 2091 3888; x_wconf 88' lang='lat' dir='ltr'><strong>sum,</strong></span> <span class='ocrx_word' id='word_1_700' title='bbox 2123 3831 2261 3871; x_wconf 89' lang='lat' dir='ltr'><strong>cum</strong></span> <span class='ocrx_word' id='word_1_701' title='bbox 2284 3831 2355 3871; x_wconf 84' lang='lat' dir='ltr'><strong>ex</strong></span> <span class='ocrx_word' id='word_1_702' title='bbox 2382 3814 2740 3885; x_wconf 89' lang='lat' dir='ltr'><strong>memetipso</strong></span> <span class='ocrx_word' id='word_1_703' title='bbox 2759 3813 2946 3869; x_wconf 91' lang='lat' dir='ltr'><strong>verba</strong></span> <span class='ocrx_word' id='word_1_704' title='bbox 2965 3812 3067 3870; x_wconf 89' lang='lat' dir='ltr'><strong>illa</strong></span> <span class='ocrx_word' id='word_1_705' title='bbox 3082 3813 3451 3886; x_wconf 90' lang='lat' dir='ltr'><strong>protulerim.</strong></span> 
     </span>
    </p>
   </div>
   <div class='ocr_carea' id='block_1_96' title="bbox 1805 3900 3458 3977">
    <p class='ocr_par' dir='ltr' id='par_1_96' title="bbox 1805 3900 3458 3977">
     <span class='ocr_line' id='line_1_96' title="bbox 1805 3900 3458 3977; baseline -0.003 -13"><span class='ocrx_word' id='word_1_706' title='bbox 1805 3907 2138 3977; x_wconf 88' lang='lat' dir='ltr'><strong>Cogebatur</strong></span> <span class='ocrx_word' id='word_1_707' title='bbox 2157 3905 2251 3961; x_wconf 91' lang='lat' dir='ltr'><strong>ille</strong></span> <span class='ocrx_word' id='word_1_708' title='bbox 2276 3910 2341 3960; x_wconf 91' lang='lat' dir='ltr'><strong>ut</strong></span> <span class='ocrx_word' id='word_1_709' title='bbox 2364 3904 2478 3960; x_wconf 90' lang='lat' dir='ltr'><strong>hoc</strong></span> <span class='ocrx_word' id='word_1_710' title='bbox 2498 3903 2805 3959; x_wconf 87' lang='lat' dir='ltr'><strong>indicaret.</strong></span> <span class='ocrx_word' id='word_1_711' title='bbox 2833 3903 3047 3958; x_wconf 82' lang='lat' dir='ltr'><strong>Verum</strong></span> <span class='ocrx_word' id='word_1_712' title='bbox 3069 3901 3164 3957; x_wconf 91' lang='lat' dir='ltr'><strong>ille</strong></span> <span class='ocrx_word' id='word_1_713' title='bbox 3196 3900 3458 3971; x_wconf 89' lang='lat' dir='ltr'><strong>negabat</strong></span> 
     </span>
    </p>
   </div>
   <div class='ocr_carea' id='block_1_97' title="bbox 1803 3991 3452 4070">
    <p class='ocr_par' dir='ltr' id='par_1_97' title="bbox 1803 3991 3452 4070">
     <span class='ocr_line' id='line_1_97' title="bbox 1803 3991 3452 4070; baseline -0.002 -17"><span class='ocrx_word' id='word_1_714' title='bbox 1803 3997 2031 4070; x_wconf 87' lang='lat' dir='ltr'><strong>aliquid</strong></span> <span class='ocrx_word' id='word_1_715' title='bbox 2048 3996 2297 4052; x_wconf 91' lang='lat' dir='ltr'><strong>omnino</strong></span> <span class='ocrx_word' id='word_1_716' title='bbox 2318 3994 2392 4050; x_wconf 90' lang='lat' dir='ltr'><strong>de</strong></span> <span class='ocrx_word' id='word_1_717' title='bbox 2408 4009 2480 4050; x_wconf 91' lang='lat' dir='ltr'><strong>eo</strong></span> <span class='ocrx_word' id='word_1_718' title='bbox 2502 3991 2843 4049; x_wconf 81' lang='lat' dir='ltr'><strong>Michaelem</strong></span> <span class='ocrx_word' id='word_1_719' title='bbox 2866 3991 3013 4047; x_wconf 90' lang='lat' dir='ltr'><strong>scire</strong></span> <span class='ocrx_word' id='word_1_720' title='bbox 3054 3991 3452 4049; x_wconf 89' lang='lat' dir='ltr'><strong>Comnenum.</strong></span> 
     </span>
    </p>
   </div>
   <div class='ocr_carea' id='block_1_98' title="bbox 1804 4079 3457 4155">
    <p class='ocr_par' dir='ltr' id='par_1_98' title="bbox 1804 4079 3457 4155">
     <span class='ocr_line' id='line_1_98' title="bbox 1804 4079 3457 4155; baseline -0.003 -13"><span class='ocrx_word' id='word_1_721' title='bbox 1804 4087 1948 4143; x_wconf 87' lang='lat' dir='ltr'><strong>Hinc</strong></span> <span class='ocrx_word' id='word_1_722' title='bbox 1968 4084 2239 4141; x_wconf 90' lang='lat' dir='ltr'><strong>militaris</strong></span> <span class='ocrx_word' id='word_1_723' title='bbox 2262 4083 2556 4155; x_wconf 89' lang='lat' dir='ltr'><strong>probatio,</strong></span> <span class='ocrx_word' id='word_1_724' title='bbox 2609 4096 2748 4137; x_wconf 89' lang='lat' dir='ltr'><strong>cum</strong></span> <span class='ocrx_word' id='word_1_725' title='bbox 2805 4079 3149 4136; x_wconf 90' lang='lat' dir='ltr'><strong>testimonia</strong></span> <span class='ocrx_word' id='word_1_726' title='bbox 3200 4079 3457 4137; x_wconf 87' lang='lat' dir='ltr'><strong>aliorum</strong></span> 
     </span>
    </p>
   </div>
   <div class='ocr_carea' id='block_1_99' title="bbox 1802 4169 3461 4245">
    <p class='ocr_par' dir='ltr' id='par_1_99' title="bbox 1802 4169 3461 4245">
     <span class='ocr_line' id='line_1_99' title="bbox 1802 4169 3461 4245; baseline -0.003 -13"><span class='ocrx_word' id='word_1_727' title='bbox 1802 4175 2303 4243; x_wconf 87' lang='lat' dir='ltr'><strong>desiderarentur,</strong></span> <span class='ocrx_word' id='word_1_728' title='bbox 2328 4175 2718 4245; x_wconf 74' lang='lat' dir='ltr'><strong>praeparatur,</strong></span> <span class='ocrx_word' id='word_1_729' title='bbox 2787 4184 2893 4242; x_wconf 91' lang='lat' dir='ltr'><strong>per</strong></span> <span class='ocrx_word' id='word_1_730' title='bbox 2964 4185 3185 4243; x_wconf 72' lang='lat' dir='ltr'><strong>pugnae</strong></span> <span class='ocrx_word' id='word_1_731' title='bbox 3239 4169 3461 4227; x_wconf 89' lang='lat' dir='ltr'><strong>scilicet</strong></span> 
     </span>
    </p>
   </div>
   <div class='ocr_carea' id='block_1_100' title="bbox 1802 4258 3457 4337">
    <p class='ocr_par' dir='ltr' id='par_1_100' title="bbox 1802 4258 3457 4337">
     <span class='ocr_line' id='line_1_100' title="bbox 1802 4258 3457 4337; baseline -0.002 -17"><span class='ocrx_word' id='word_1_732' title='bbox 1802 4266 2299 4337; x_wconf 82' lang='lat' dir='ltr'><strong>experimentum.</strong></span> <span class='ocrx_word' id='word_1_733' title='bbox 2320 4261 2516 4317; x_wconf 83' lang='lat' dir='ltr'><strong>Ambo</strong></span> <span class='ocrx_word' id='word_1_734' title='bbox 2534 4260 2735 4333; x_wconf 90' lang='lat' dir='ltr'><strong>itaque</strong></span> <span class='ocrx_word' id='word_1_735' title='bbox 2758 4263 3086 4329; x_wconf 88' lang='lat' dir='ltr'><strong>armantur,</strong></span> <span class='ocrx_word' id='word_1_736' title='bbox 3109 4258 3171 4315; x_wconf 93' lang='lat' dir='ltr'><strong>in</strong></span> <span class='ocrx_word' id='word_1_737' title='bbox 3193 4258 3457 4316; x_wconf 90' lang='lat' dir='ltr'><strong>stadium</strong></span> 
     </span>
    </p>
   </div>
   <div class='ocr_carea' id='block_1_101' title="bbox 1801 4348 3456 4422">
    <p class='ocr_par' dir='ltr' id='par_1_101' title="bbox 1801 4348 3456 4422">
     <span class='ocr_line' id='line_1_101' title="bbox 1801 4348 3456 4422; baseline -0.003 -13"><span class='ocrx_word' id='word_1_738' title='bbox 1801 4355 2041 4422; x_wconf 90' lang='lat' dir='ltr'><strong>intrant,</strong></span> <span class='ocrx_word' id='word_1_739' title='bbox 2075 4350 2407 4420; x_wconf 85' lang='lat' dir='ltr'><strong>conﬂigunt</strong></span> <span class='ocrx_word' id='word_1_740' title='bbox 2426 4350 2704 4415; x_wconf 88' lang='lat' dir='ltr'><strong>invicem,</strong></span> <span class='ocrx_word' id='word_1_741' title='bbox 2730 4353 2784 4405; x_wconf 92' lang='lat' dir='ltr'><strong>et</strong></span> <span class='ocrx_word' id='word_1_742' title='bbox 2810 4353 3128 4405; x_wconf 85' lang='lat' dir='ltr'><strong>accusatus</strong></span> <span class='ocrx_word' id='word_1_743' title='bbox 3175 4348 3456 4419; x_wconf 82' lang='lat' dir='ltr'><strong>vincitur,</strong></span> 
     </span>
    </p>
   </div>
   <div class='ocr_carea' id='block_1_102' title="bbox 1800 4436 3454 4515">
    <p class='ocr_par' dir='ltr' id='par_1_102' title="bbox 1800 4436 3454 4515">
     <span class='ocr_line' id='line_1_102' title="bbox 1800 4436 3454 4515; baseline -0.001 -18"><span class='ocrx_word' id='word_1_744' title='bbox 1800 4443 1903 4515; x_wconf 87' lang='lat' dir='ltr'><strong>qui</strong></span> <span class='ocrx_word' id='word_1_745' title='bbox 1935 4457 2092 4514; x_wconf 90' lang='lat' dir='ltr'><strong>equo</strong></span> <span class='ocrx_word' id='word_1_746' title='bbox 2120 4441 2389 4512; x_wconf 90' lang='lat' dir='ltr'><strong>dejectus</strong></span> <span class='ocrx_word' id='word_1_747' title='bbox 2413 4438 2726 4495; x_wconf 90' lang='lat' dir='ltr'><strong>victoriam</strong></span> <span class='ocrx_word' id='word_1_748' title='bbox 2755 4436 3087 4494; x_wconf 90' lang='lat' dir='ltr'><strong>accusatori</strong></span> <span class='ocrx_word' id='word_1_749' title='bbox 3136 4438 3454 4496; x_wconf 90' lang='lat' dir='ltr'><strong>concessit.</strong></span> 
     </span>
    </p>
   </div>
   <div class='ocr_carea' id='block_1_103' title="bbox 1802 4527 3453 4602">
    <p class='ocr_par' dir='ltr' id='par_1_103' title="bbox 1802 4527 3453 4602">
     <span class='ocr_line' id='line_1_103' title="bbox 1802 4527 3453 4602; baseline -0.001 -16"><span class='ocrx_word' id='word_1_750' title='bbox 1802 4532 1962 4588; x_wconf 83' lang='lat' dir='ltr'><strong>Idem</strong></span> <span class='ocrx_word' id='word_1_751' title='bbox 1988 4533 2161 4586; x_wconf 90' lang='lat' dir='ltr'><strong>vivus</strong></span> <span class='ocrx_word' id='word_1_752' title='bbox 2194 4529 2662 4602; x_wconf 88' lang='lat' dir='ltr'><strong>comprehensus</strong></span> <span class='ocrx_word' id='word_1_753' title='bbox 2687 4528 2903 4600; x_wconf 90' lang='lat' dir='ltr'><strong>(neque</strong></span> <span class='ocrx_word' id='word_1_754' title='bbox 2927 4528 3089 4583; x_wconf 92' lang='lat' dir='ltr'><strong>enim</strong></span> <span class='ocrx_word' id='word_1_755' title='bbox 3116 4527 3275 4585; x_wconf 86' lang='lat' dir='ltr'><strong>letali</strong></span> <span class='ocrx_word' id='word_1_756' title='bbox 3321 4527 3453 4584; x_wconf 84' lang='lat' dir='ltr'><strong>vul-</strong></span> 
     </span>
    </p>
   </div>
   <div class='ocr_carea' id='block_1_104' title="bbox 1800 4618 3453 4690">
    <p class='ocr_par' dir='ltr' id='par_1_104' title="bbox 1800 4618 3453 4690">
     <span class='ocr_line' id='line_1_104' title="bbox 1800 4618 3453 4690; baseline -0.001 -13"><span class='ocrx_word' id='word_1_757' title='bbox 1800 4638 1939 4677; x_wconf 91' lang='lat' dir='ltr'><strong>nere</strong></span> <span class='ocrx_word' id='word_1_758' title='bbox 1970 4637 2181 4678; x_wconf 87' lang='lat' dir='ltr'><strong>vocem</strong></span> <span class='ocrx_word' id='word_1_759' title='bbox 2211 4620 2516 4687; x_wconf 88' lang='lat' dir='ltr'><strong>amiserat)</strong></span> <span class='ocrx_word' id='word_1_760' title='bbox 2547 4619 2760 4674; x_wconf 88' lang='lat' dir='ltr'><strong>iterum</strong></span> <span class='ocrx_word' id='word_1_761' title='bbox 2783 4618 3199 4690; x_wconf 89' lang='lat' dir='ltr'><strong>interrogatur,</strong></span> <span class='ocrx_word' id='word_1_762' title='bbox 3242 4622 3308 4676; x_wconf 89' lang='lat' dir='ltr'><strong>ut</strong></span> <span class='ocrx_word' id='word_1_763' title='bbox 3331 4636 3453 4676; x_wconf 88' lang='lat' dir='ltr'><strong>rem</strong></span> 
     </span>
    </p>
   </div>
   <div class='ocr_carea' id='block_1_105' title="bbox 1799 4707 3455 4782">
    <p class='ocr_par' dir='ltr' id='par_1_105' title="bbox 1799 4707 3455 4782">
     <span class='ocr_line' id='line_1_105' title="bbox 1799 4707 3455 4782; baseline -0.001 -16"><span class='ocrx_word' id='word_1_764' title='bbox 1799 4710 2098 4767; x_wconf 88' lang='lat' dir='ltr'><strong>fateretur.</strong></span> <span class='ocrx_word' id='word_1_765' title='bbox 2131 4709 2227 4765; x_wconf 90' lang='lat' dir='ltr'><strong>llle</strong></span> <span class='ocrx_word' id='word_1_766' title='bbox 2247 4710 2510 4782; x_wconf 90' lang='lat' dir='ltr'><strong>primum</strong></span> <span class='ocrx_word' id='word_1_767' title='bbox 2539 4722 2879 4764; x_wconf 89' lang='lat' dir='ltr'><strong>sermonem</strong></span> <span class='ocrx_word' id='word_1_768' title='bbox 2918 4707 3214 4764; x_wconf 89' lang='lat' dir='ltr'><strong>obstinate</strong></span> <span class='ocrx_word' id='word_1_769' title='bbox 3269 4709 3455 4765; x_wconf 87' lang='lat' dir='ltr'><strong>conti-</strong></span> 
     </span>
    </p>
   </div>
   <div class='ocr_carea' id='block_1_106' title="bbox 1798 4796 3455 4871">
    <p class='ocr_par' dir='ltr' id='par_1_106' title="bbox 1798 4796 3455 4871">
     <span class='ocr_line' id='line_1_106' title="bbox 1798 4796 3455 4871; baseline -0.002 -14"><span class='ocrx_word' id='word_1_770' title='bbox 1798 4801 2045 4871; x_wconf 86' lang='lat' dir='ltr'><strong>nuabat,</strong></span> <span class='ocrx_word' id='word_1_771' title='bbox 2078 4804 2135 4856; x_wconf 90' lang='lat' dir='ltr'><strong>et</strong></span> <span class='ocrx_word' id='word_1_772' title='bbox 2160 4799 2309 4854; x_wconf 88' lang='lat' dir='ltr'><strong>nihil</strong></span> <span class='ocrx_word' id='word_1_773' title='bbox 2335 4799 2553 4855; x_wconf 91' lang='lat' dir='ltr'><strong>horum</strong></span> <span class='ocrx_word' id='word_1_774' title='bbox 2577 4796 2921 4855; x_wconf 83' lang='lat' dir='ltr'><strong>Michaelem</strong></span> <span class='ocrx_word' id='word_1_775' title='bbox 2951 4798 3325 4853; x_wconf 89' lang='lat' dir='ltr'><strong>Comnenum</strong></span> <span class='ocrx_word' id='word_1_776' title='bbox 3373 4802 3455 4853; x_wconf 85' lang='lat' dir='ltr'><strong>te-</strong></span> 
     </span>
    </p>
   </div>
   <div class='ocr_carea' id='block_1_107' title="bbox 1799 4884 3451 4948">
    <p class='ocr_par' dir='ltr' id='par_1_107' title="bbox 1799 4884 3451 4948">
     <span class='ocr_line' id='line_1_107' title="bbox 1799 4884 3451 4948; baseline -0.002 -2"><span class='ocrx_word' id='word_1_777' title='bbox 1799 4906 1940 4948; x_wconf 89' lang='lat' dir='ltr'><strong>nere</strong></span> <span class='ocrx_word' id='word_1_778' title='bbox 1988 4889 2451 4946; x_wconf 87' lang='lat' dir='ltr'><strong>contestabatur.</strong></span> <span class='ocrx_word' id='word_1_779' title='bbox 2499 4890 2645 4944; x_wconf 91' lang='lat' dir='ltr'><strong>Cum</strong></span> <span class='ocrx_word' id='word_1_780' title='bbox 2688 4901 2829 4943; x_wconf 89' lang='lat' dir='ltr'><strong>vero</strong></span> <span class='ocrx_word' id='word_1_781' title='bbox 2881 4884 3275 4941; x_wconf 80' lang='lat' dir='ltr'><strong>atrocioribus</strong></span> <span class='ocrx_word' id='word_1_782' title='bbox 3326 4889 3451 4943; x_wconf 87' lang='lat' dir='ltr'><strong>tor-</strong></span> 
     </span>
    </p>
   </div>
   <div class='ocr_carea' id='block_1_108' title="bbox 1798 4973 3451 5049">
    <p class='ocr_par' dir='ltr' id='par_1_108' title="bbox 1798 4973 3451 5049">
     <span class='ocr_line' id='line_1_108' title="bbox 1798 4973 3451 5049; baseline -0.003 -12"><span class='ocrx_word' id='word_1_783' title='bbox 1798 4981 2016 5037; x_wconf 90' lang='lat' dir='ltr'><strong>mentis</strong></span> <span class='ocrx_word' id='word_1_784' title='bbox 2071 4980 2382 5035; x_wconf 89' lang='lat' dir='ltr'><strong>veritatem</strong></span> <span class='ocrx_word' id='word_1_785' title='bbox 2423 4975 2903 5049; x_wconf 80' lang='lat' dir='ltr'><strong>extorquendam</strong></span> <span class='ocrx_word' id='word_1_786' title='bbox 2951 4989 3085 5029; x_wconf 89' lang='lat' dir='ltr'><strong>esse</strong></span> <span class='ocrx_word' id='word_1_787' title='bbox 3144 4973 3451 5032; x_wconf 86' lang='lat' dir='ltr'><strong>statuisset</strong></span> 
     </span>
    </p>
   </div>
   <div class='ocr_carea' id='block_1_109' title="bbox 1799 5062 3451 5142">
    <p class='ocr_par' dir='ltr' id='par_1_109' title="bbox 1799 5062 3451 5142">
     <span class='ocr_line' id='line_1_109' title="bbox 1799 5062 3451 5142; baseline -0.004 -16"><span class='ocrx_word' id='word_1_788' title='bbox 1799 5070 2143 5142; x_wconf 89' lang='lat' dir='ltr'><strong>imperator,</strong></span> <span class='ocrx_word' id='word_1_789' title='bbox 2168 5066 2690 5140; x_wconf 84' lang='lat' dir='ltr'><strong>quemadmodum</strong></span> <span class='ocrx_word' id='word_1_790' title='bbox 2734 5064 2831 5119; x_wconf 88' lang='lat' dir='ltr'><strong>ille</strong></span> <span class='ocrx_word' id='word_1_791' title='bbox 2892 5062 3265 5119; x_wconf 89' lang='lat' dir='ltr'><strong>accuratiora</strong></span> <span class='ocrx_word' id='word_1_792' title='bbox 3318 5062 3451 5119; x_wconf 59' lang='lat' dir='ltr'><strong>vita)</strong></span> 
     </span>
    </p>
   </div>
   <div class='ocr_carea' id='block_1_110' title="bbox 1800 5151 3452 5231">
    <p class='ocr_par' dir='ltr' id='par_1_110' title="bbox 1800 5151 3452 5231">
     <span class='ocr_line' id='line_1_110' title="bbox 1800 5151 3452 5231; baseline -0.004 -16"><span class='ocrx_word' id='word_1_793' title='bbox 1800 5159 2081 5215; x_wconf 84' lang='lat' dir='ltr'><strong>examina</strong></span> <span class='ocrx_word' id='word_1_794' title='bbox 2110 5156 2397 5231; x_wconf 89' lang='lat' dir='ltr'><strong>poscebat</strong></span> <span class='ocrx_word' id='word_1_795' title='bbox 2420 5154 2797 5229; x_wconf 88' lang='lat' dir='ltr'><strong>questionem</strong></span> <span class='ocrx_word' id='word_1_796' title='bbox 2851 5151 3094 5220; x_wconf 86' lang='lat' dir='ltr'><strong>homini,</strong></span> <span class='ocrx_word' id='word_1_797' title='bbox 3152 5167 3289 5225; x_wconf 65' lang='lat' dir='ltr'><strong>quas</strong></span> <span class='ocrx_word' id='word_1_798' title='bbox 3345 5166 3452 5225; x_wconf 91' lang='lat' dir='ltr'><strong>per</strong></span> 
     </span>
    </p>
   </div>
   <div class='ocr_carea' id='block_1_111' title="bbox 981 5299 2568 5371">
    <p class='ocr_par' dir='ltr' id='par_1_111' title="bbox 981 5299 2568 5371">
     <span class='ocr_line' id='line_1_111' title="bbox 981 5299 2568 5371; baseline -0.001 -5"><span class='ocrx_word' id='word_1_799' title='bbox 981 5300 1321 5369; x_wconf 90' lang='lat' dir='ltr'><strong>Theodori</strong></span> <span class='ocrx_word' id='word_1_800' title='bbox 1372 5303 1622 5371; x_wconf 69' lang='lat' dir='ltr'><strong>Dousa:</strong></span> <span class='ocrx_word' id='word_1_801' title='bbox 1671 5310 1737 5369; x_wconf 90' lang='lat' dir='ltr'><strong>et</strong></span> <span class='ocrx_word' id='word_1_802' title='bbox 1782 5301 2036 5371; x_wconf 90' lang='lat' dir='ltr'><strong>Leonis</strong></span> <span class='ocrx_word' id='word_1_803' title='bbox 2084 5299 2319 5369; x_wconf 88' lang='lat' dir='ltr'><strong>Allatii</strong></span> <span class='ocrx_word' id='word_1_804' title='bbox 2366 5306 2568 5366; x_wconf 60' lang='lat' dir='ltr'><strong>nota.</strong></span> 
     </span>
    </p>
   </div>
   <div class='ocr_carea' id='block_1_112' title="bbox 161 5439 1676 5516">
    <p class='ocr_par' dir='ltr' id='par_1_112' title="bbox 161 5439 1676 5516">
     <span class='ocr_line' id='line_1_112' title="bbox 161 5439 1676 5516; baseline 0.003 -20"><span class='ocrx_word' id='word_1_805' title='bbox 161 5441 237 5516; x_wconf 65' lang='grc'><strong>(4)</strong></span> <span class='ocrx_word' id='word_1_806' title='bbox 264 5441 590 5514; x_wconf 79' lang='grc' dir='ltr'>Καλλιμάνου</span> <span class='ocrx_word' id='word_1_807' title='bbox 613 5439 829 5515; x_wconf 72' lang='grc' dir='ltr'><strong>ἀδελφή.</strong></span> <span class='ocrx_word' id='word_1_808' title='bbox 867 5442 1307 5516; x_wconf 76' lang='lat' dir='ltr'><strong>Pachymerius,</strong></span> <span class='ocrx_word' id='word_1_809' title='bbox 1350 5449 1416 5501; x_wconf 88' lang='lat' dir='ltr'><strong>ut</strong></span> <span class='ocrx_word' id='word_1_810' title='bbox 1472 5460 1676 5516; x_wconf 86' lang='lat' dir='ltr'><strong>supra,</strong></span> 
     </span>
    </p>
   </div>
   <div class='ocr_carea' id='block_1_113' title="bbox 92 5512 1676 5589">
    <p class='ocr_par' dir='ltr' id='par_1_113' title="bbox 92 5512 1676 5589">
     <span class='ocr_line' id='line_1_113' title="bbox 92 5512 1676 5589; baseline 0.001 -19"><span class='ocrx_word' id='word_1_811' title='bbox 92 5528 209 5589; x_wconf 80' lang='lat' dir='ltr'><strong>non</strong></span> <span class='ocrx_word' id='word_1_812' title='bbox 225 5512 1163 5589; x_wconf 70' lang='lat' dir='ltr'><strong>bascecumThamareCallirnani</strong></span> <span class='ocrx_word' id='word_1_813' title='bbox 1179 5512 1400 5571; x_wconf 89' lang='lat' dir='ltr'><strong>sororis</strong></span> <span class='ocrx_word' id='word_1_814' title='bbox 1412 5512 1676 5589; x_wconf 81' lang='lat' dir='ltr'><strong>nuptias,</strong></span> 
     </span>
    </p>
   </div>
   <div class='ocr_carea' id='block_1_114' title="bbox 95 5584 1682 5659">
    <p class='ocr_par' dir='ltr' id='par_1_114' title="bbox 95 5584 1682 5659">
     <span class='ocr_line' id='line_1_114' title="bbox 95 5584 1682 5659; baseline 0.002 -19"><span class='ocrx_word' id='word_1_815' title='bbox 95 5584 193 5640; x_wconf 89' lang='lat' dir='ltr'><strong>sed</strong></span> <span class='ocrx_word' id='word_1_816' title='bbox 215 5600 351 5659; x_wconf 76' lang='lat' dir='ltr'><strong>cum</strong></span> <span class='ocrx_word' id='word_1_817' title='bbox 374 5585 495 5641; x_wconf 77' lang='lat' dir='ltr'><strong>tilia</strong></span> <span class='ocrx_word' id='word_1_818' title='bbox 515 5586 808 5659; x_wconf 70' lang='lat' dir='ltr'><strong>Michaelis</strong></span> <span class='ocrx_word' id='word_1_819' title='bbox 834 5586 1098 5659; x_wconf 63' lang='lat' dir='ltr'><strong>despotic</strong></span> <span class='ocrx_word' id='word_1_820' title='bbox 1120 5592 1343 5643; x_wconf 86' lang='lat' dir='ltr'><strong>secreta</strong></span> <span class='ocrx_word' id='word_1_821' title='bbox 1375 5584 1682 5659; x_wconf 79' lang='lat' dir='ltr'><strong>sponsalia</strong></span> 
     </span>
    </p>
   </div>
   <div class='ocr_carea' id='block_1_115' title="bbox 96 5655 1678 5729">
    <p class='ocr_par' dir='ltr' id='par_1_115' title="bbox 96 5655 1678 5729">
     <span class='ocr_line' id='line_1_115' title="bbox 96 5655 1678 5729; baseline 0.001 -18"><span class='ocrx_word' id='word_1_822' title='bbox 96 5655 486 5729; x_wconf 83' lang='lat' dir='ltr'><strong>suspicionem</strong></span> <span class='ocrx_word' id='word_1_823' title='bbox 504 5657 759 5729; x_wconf 72' lang='lat' dir='ltr'><strong>aﬂ‘ectati</strong></span> <span class='ocrx_word' id='word_1_824' title='bbox 785 5655 1015 5729; x_wconf 79' lang='lat' dir='ltr'><strong>imperii</strong></span> <span class='ocrx_word' id='word_1_825' title='bbox 1046 5655 1510 5714; x_wconf 84' lang='lat' dir='ltr'><strong>movissetradit.</strong></span> <span class='ocrx_word' id='word_1_826' title='bbox 1544 5664 1678 5716; x_wconf 82' lang='lat' dir='ltr'><strong>ALL.</strong></span> 
     </span>
    </p>
   </div>
   <div class='ocr_carea' id='block_1_116' title="bbox 166 5726 1686 5804">
    <p class='ocr_par' dir='ltr' id='par_1_116' title="bbox 166 5726 1686 5804">
     <span class='ocr_line' id='line_1_116' title="bbox 166 5726 1686 5804; baseline 0.003 -22"><span class='ocrx_word' id='word_1_827' title='bbox 166 5726 241 5800; x_wconf 86' lang='lat'><strong>(5)</strong></span> <span class='ocrx_word' id='word_1_828' title='bbox 269 5729 349 5783; x_wconf 88' lang='lat' dir='ltr'><strong>De</strong></span> <span class='ocrx_word' id='word_1_829' title='bbox 378 5728 840 5803; x_wconf 88' lang='lat' dir='ltr'><strong>purgationibus</strong></span> <span class='ocrx_word' id='word_1_830' title='bbox 864 5726 971 5804; x_wconf 79' lang='lat' dir='ltr'><strong>per</strong></span> <span class='ocrx_word' id='word_1_831' title='bbox 991 5730 1480 5789; x_wconf 88' lang='lat' dir='ltr'><strong>monomachiam</strong></span> <span class='ocrx_word' id='word_1_832' title='bbox 1500 5735 1558 5787; x_wconf 90' lang='lat' dir='ltr'><strong>et</strong></span> <span class='ocrx_word' id='word_1_833' title='bbox 1576 5730 1686 5787; x_wconf 82' lang='lat' dir='ltr'><strong>fer-</strong></span> 
     </span>
    </p>
   </div>
   <div class='ocr_carea' id='block_1_117' title="bbox 1784 5438 3450 5500">
    <p class='ocr_par' dir='ltr' id='par_1_117' title="bbox 1784 5438 3450 5500">
     <span class='ocr_line' id='line_1_117' title="bbox 1784 5438 3450 5500; baseline -0.001 0"><span class='ocrx_word' id='word_1_834' title='bbox 1784 5460 1922 5500; x_wconf 91' lang='lat' dir='ltr'><strong>rum</strong></span> <span class='ocrx_word' id='word_1_835' title='bbox 1975 5443 2242 5500; x_wconf 88' lang='lat' dir='ltr'><strong>candens</strong></span> <span class='ocrx_word' id='word_1_836' title='bbox 2299 5441 2433 5497; x_wconf 90' lang='lat' dir='ltr'><strong>vide</strong></span> <span class='ocrx_word' id='word_1_837' title='bbox 2480 5438 2858 5496; x_wconf 90' lang='lat' dir='ltr'><strong>doctissimas</strong></span> <span class='ocrx_word' id='word_1_838' title='bbox 2923 5440 2981 5496; x_wconf 88' lang='lat' dir='ltr'><strong>et</strong></span> <span class='ocrx_word' id='word_1_839' title='bbox 3017 5438 3450 5498; x_wconf 89' lang='lat' dir='ltr'><strong>eruditissimas</strong></span> 
     </span>
    </p>
   </div>
   <div class='ocr_carea' id='block_1_118' title="bbox 1787 5510 3449 5583">
    <p class='ocr_par' dir='ltr' id='par_1_118' title="bbox 1787 5510 3449 5583">
     <span class='ocr_line' id='line_1_118' title="bbox 1787 5510 3449 5583; baseline -0.003 -10"><span class='ocrx_word' id='word_1_840' title='bbox 1787 5516 2013 5573; x_wconf 83' lang='lat' dir='ltr'><strong>Martini</strong></span> <span class='ocrx_word' id='word_1_841' title='bbox 2046 5514 2215 5571; x_wconf 89' lang='lat' dir='ltr'><strong>Delrii</strong></span> <span class='ocrx_word' id='word_1_842' title='bbox 2247 5512 2713 5577; x_wconf 83' lang='lat' dir='ltr'><strong>dissertationes,</strong></span> <span class='ocrx_word' id='word_1_843' title='bbox 2740 5510 2833 5583; x_wconf 69' lang='lat' dir='ltr'><strong>{et</strong></span> <span class='ocrx_word' id='word_1_844' title='bbox 2862 5511 3090 5568; x_wconf 85' lang='lat' dir='ltr'><strong>Sixtum</strong></span> <span class='ocrx_word' id='word_1_845' title='bbox 3123 5513 3449 5569; x_wconf 89' lang='lat' dir='ltr'><strong>Senensem</strong></span> 
     </span>
    </p>
   </div>
   <div class='ocr_carea' id='block_1_119' title="bbox 1794 5583 3449 5648">
    <p class='ocr_par' dir='ltr' id='par_1_119' title="bbox 1794 5583 3449 5648">
     <span class='ocr_line' id='line_1_119' title="bbox 1794 5583 3449 5648; baseline -0.002 -5"><span class='ocrx_word' id='word_1_846' title='bbox 1794 5588 2078 5644; x_wconf 79' lang='lat' dir='ltr'><strong>Biblioth.</strong></span> <span class='ocrx_word' id='word_1_847' title='bbox 2111 5586 2193 5641; x_wconf 92' lang='lat' dir='ltr'><strong>lib</strong></span> <span class='ocrx_word' id='word_1_848' title='bbox 2218 5602 2276 5648; x_wconf 83' lang='grc' dir='ltr'><strong>ιι,</strong></span> <span class='ocrx_word' id='word_1_849' title='bbox 2308 5585 2366 5639; x_wconf 93' lang='lat' dir='ltr'><strong>in</strong></span> <span class='ocrx_word' id='word_1_850' title='bbox 2390 5583 2529 5638; x_wconf 87' lang='lat' dir='ltr'><strong>ﬁne.</strong></span> <span class='ocrx_word' id='word_1_851' title='bbox 2565 5583 2717 5639; x_wconf 88' lang='lat' dir='ltr'><strong>Sunt</strong></span> <span class='ocrx_word' id='word_1_852' title='bbox 2764 5600 2800 5640; x_wconf 91' lang='lat' dir='ltr'><strong>a</strong></span> <span class='ocrx_word' id='word_1_853' title='bbox 2868 5585 3053 5640; x_wconf 90' lang='lat' dir='ltr'><strong>sacris</strong></span> <span class='ocrx_word' id='word_1_854' title='bbox 3112 5584 3449 5641; x_wconf 89' lang='lat' dir='ltr'><strong>canonibus</strong></span> 
     </span>
    </p>
   </div>
   <div class='ocr_carea' id='block_1_120' title="bbox 1790 5654 3447 5728">
    <p class='ocr_par' dir='ltr' id='par_1_120' title="bbox 1790 5654 3447 5728">
     <span class='ocr_line' id='line_1_120' title="bbox 1790 5654 3447 5728; baseline -0.001 -13"><span class='ocrx_word' id='word_1_855' title='bbox 1790 5659 2095 5716; x_wconf 84' lang='lat' dir='ltr'><strong>damnatae</strong></span> <span class='ocrx_word' id='word_1_856' title='bbox 2109 5656 2500 5714; x_wconf 77' lang='lat' dir='ltr'><strong>etinterdictaa</strong></span> <span class='ocrx_word' id='word_1_857' title='bbox 2520 5654 2631 5713; x_wconf 91' lang='lat' dir='ltr'><strong>sub</strong></span> <span class='ocrx_word' id='word_1_858' title='bbox 2653 5655 2852 5728; x_wconf 70' lang='lat' dir='ltr'><strong>poenis</strong></span> <span class='ocrx_word' id='word_1_859' title='bbox 2873 5655 3270 5728; x_wconf 89' lang='lat' dir='ltr'><strong>gravissimis.</strong></span> <span class='ocrx_word' id='word_1_860' title='bbox 3306 5660 3447 5714; x_wconf 82' lang='lat' dir='ltr'><strong>ALL.</strong></span> 
     </span>
    </p>
   </div>
  </div>
