3966 6324
470 343 603 399 1111

1750 336 2032 394 GEORGII
2061 337 2514 396 ACROPOLITIE

3741 340 3872 396 Hi!

467 467 727 528 mortem
749 461 1016 535 infertur,
1037 461 1309 518 instituit.
1329 465 1534 520 Manus
1554 465 1710 518 retro
1741 465 2127 523 condemnati
2161 469 2210 524 Α
2237 465 2375 519 πλείο

2259 465 2470 528 πλείονος
2501 463 2738 539 βασάνου
2786 461 2961 529 ἔδοξεν
3025 464 3303 538 ἐπιγνῶναι
3363 469 3457 520 τὸν
3518 464 3763 539 βασιλέα
3817 469 3869 519 τέ

469 558 728 627 alligatae
755 555 1014 622 fuerunt,
1058 557 1123 609 ut
1147 567 1289 608 ense
1319 552 1556 625 periret,
1613 555 1772 610 oculi
1828 555 2008 612 linteo
2040 556 2129 611 in-

463 647 712 704 voluero
744 643 1120 716 operiuntur.
1158 643 1250 699 Sic
1287 642 1450 698 enim
1496 645 1882 702 condemnati
1937 645 2131 702 solent

469 735 737 794 construi
767 737 825 790 et
853 733 1038 788 ictum
1068 733 1232 788 necis
1255 733 1553 805 excipere.
1589 734 1690 789 His
1719 735 1802 790 ita
1851 734 2128 807 peractis,

470 830 529 882 et
556 825 812 891 vinctus,
840 827 905 877 ut
927 822 1214 877 cervicem
1241 821 1319 877 ad
1351 828 1533 895 caput
1572 825 2015 896 amputandum
2048 839 2134 880 re-

472 914 719 971 clinaret
725 913 934 984 jussus
952 911 1152 966 denuo
1174 912 1249 966 de
1270 912 1342 966 iis
1375 928 1511 984 quas
1543 912 1604 968 in
1631 913 1940 985 questione
1967 917 2136 968 erant

475 1004 835 1077 exposcitur.
851 1002 949 1057 Ille
959 1001 1356 1073 jurejurando
1373 1003 1552 1059 etiam
1577 1008 1960 1060 sacrosancto
1989 1019 2134 1060 con-

473 1094 738 1151 ﬁrmavit
763 1092 910 1148 nihil
937 1091 1234 1148 ullatenus
1264 1092 1482 1147 horum
1522 1094 1832 1150 conscium
1873 1110 2001 1150 esse
2035 1094 2136 1148 Mi-

476 1183 746 1240 chaelem
779 1184 1173 1239 Comnenum.
1200 1181 1309 1246 Qui
1339 1183 1753 1253 postmodum,
1807 1183 1944 1239 licet
2013 1197 2138 1238 non

475 1289 669 1330 caesus
721 1271 850 1341 fuit,
906 1271 968 1326 in
1017 1285 1316 1327 carcerem
1367 1271 1664 1327 abductus
1731 1277 1841 1338 est,
1891 1287 2142 1344 compa--

475 1363 655 1420 dibus
692 1378 762 1417 ac
799 1360 1050 1417 vinculis
1086 1361 1460 1416 constrictus.
1509 1362 1678 1433 103
1705 1363 2141 1418 Universatan-

475 1453 616 1509 dem
631 1451 884 1524 quaestio
896 1451 954 1505 in
969 1450 1310 1506 Michaelem
1325 1451 1696 1506 Comnenum
1707 1466 1997 1507 conversa
2026 1468 2088 1506 es
2099 1454 2137 1527 ι,

475 1546 534 1598 et
547 1541 780 1612 judices
801 1539 879 1595 ad
897 1539 955 1594 id
972 1538 1250 1594 destinati
1271 1539 1350 1594 illi
1378 1539 1686 1596 dicebant:
1717 1562 1743 1589 ‹‹
1769 1539 2023 1604 Quando
2051 1541 2088 1596 d
2107 1557 2139 1596 e

478 1634 532 1686 te
563 1644 867 1685 sermones
905 1627 1148 1699 quidem
1180 1627 1344 1683 haud
1375 1629 1750 1701 comprobati
1796 1629 2147 1686 referuntur

477 1735 516 1776 a
549 1725 607 1774 te
637 1717 769 1774 illos
801 1716 1079 1773 mirando
1103 1716 1310 1789 aliquo
1331 1716 1596 1774 facinore
1634 1718 1992 1774 refellendos
2013 1734 2146 1774 esse

2241 555 2448 618 ἀληθὲς,
2507 556 2614 616 οἷος
2699 553 2884 615 ἐκεῖνος
2961 557 3052 616 τὰς
3127 554 3383 618 ἐξετάσεις
3484 554 3870 630 ἀκριϐεστέρας

2239 647 2563 718 ποιούμενος,
2595 647 2681 696 τὸν
2718 640 2814 696 διὰ
2858 645 3081 698 θανάτου
3112 651 3342 718 nni-fry:
3389 654 3467 717 τῷ
3517 641 3694 718 ἀνδρὶ
3743 644 3874 715 ἕλε-Γ

2240 755 2359 807 χον.
2387 730 2653 787 Ἐδέδεντο
2707 741 2831 806 γοῦν
2880 735 2932 786 αἱ
2985 741 3158 810 χεῖρες
3222 736 3437 788 ὄπισθεν
3492 741 3600 787 τοῦ
3660 730 3874 786 καταδι-

2242 825 2520 884 κασθέντος
2551 823 2729 896 ξίφους
2754 825 2902 896 ἔργον
2929 827 3192 894 γενέσθαι,
3245 826 3294 877 οἱ
3325 821 3376 877 δ’
3418 824 3702 897 ὀφθαλμοὶ
3753 823 3872 894 λενῷ

2242 916 2514 987 ὑφάσματι
2559 912 2944 986 ἰκαλύφθησαν-
2979 915 3143 968 ούτων
3171 917 3273 991 ’γὰρ
3332 917 3482 968 εἴωθε
3532 919 3676 976 τοὺς
3726 934 3880 966 κατι-

2243 1007 2451 1077 κρίτους
2507 999 2953 1066 διασκευάξεσθαι
3006 1009 3096 1057 καὶ
3163 1009 3257 1064 τὴν
3307 1003 3517 1076 πληγὲν
3579 1002 3868 1076 λαμϐάνειν

2242 1103 2338 1154 τῆς
2366 1092 2694 1167 ἀναιρέσεως.
2725 1092 2814 1156 Ὠς
2840 1101 2964 1166 γοῦν
3018 1099 3107 1148 καὶ
3154 1094 3322 1148 ταῦτα
3376 1096 3587 1148 οὑτωσὶ
3657 1098 3878 1165 γένοιτο,

2245 1187 2336 1236 καὶ
2361 1184 2386 1234 6
2421 1179 2698 1254 δεσμώτης
2724 1181 2891 1236 κλῖναι
2941 1186 3028 1236 τὸν
3084 1184 3286 1256 αὐχένα
3334 1187 3749 1258 προστέτακται
3801 1183 3882 1234 ἱνα

2250 1269 2467 1334 δέξηται
2495 1279 2589 1332 τῆς
2616 1273 2783 1345 κείρας
2811 1276 2907 1331 τὴν
2937 1275 3179 1346 ἐκτομὴν,
3238 1278 3328 1326 καὶ
3374 1272 3534 1326 πάλιν
3593 1277 3724 1345 περὶ
3785 1280 3880 1323 τῶν

2254 1364 2578 1432 ζητουμένων
2610 1361 2898 1434 ἠρώτηται,
2931 1363 2958 1413 6
2989 1358 3048 1415 δὲ
3104 1361 3216 1434 μεθ’
3269 1363 3430 1438 ὅρκων
3487 1370 3735 1434 φρικτῶν
3781 1359 3884 1414 ἐϐε-

2252 1449 2519 1502 ϐαίώσατο
2555 1447 2721 1523 μηδέν
2751 1470 2800 1503 τι
2843 1451 2971 1512 ὅλως
3021 1448 3312 1505 συνειδέναι
3363 1451 3448 1505 ἐπὶ
3511 1453 3742 1512 τούτοις
3797 1454 3886 1503 τὸν

2255 1542 2518 1612 Κομνηνὸν
2572 1539 2817 1612 Μιχαὴλ,
2901 1539 3090 1604 ἐκεῖνος
3153 1544 3244 1614 μὲν
3306 1545 3400 1600 τὴν
3461 1544 3606 1615 πρὸς
3659 1543 3889 1593 θάνατον

2254 1629 2401 1686 εἰάθη
2432 1625 2672 1697 ὁδεῦσαι,
2698 1633 2791 1688 τὴν
2823 1627 2882 1683 δε
2915 1634 3045 1706 πρὸς
3095 1633 3302 1706 εἱρκτὴν
3363 1627 3610 1696 ἑϐάδισε,
3665 1637 3763 1683 καὶ
3823 1627 3895 1682 εἰ·

2255 1738 2354 1791 χον
2382 1717 2537 1770 αύτόν
2575 1717 2740 1771 κλοιοὶ
2762 1724 2851 1771 καὶ
2889 1720 3194 1794 καθείρξεις.
3222 1719 3282 1773 Ἦ
3314 1719 3552 1782 ἐξέτασις
3620 1717 3689 1773 δε
3741 1726 3896 1772 πᾶσι

477 1823 795 1865 necessum
817 1811 926 1872 est,
954 1807 1014 1861 id
1046 1811 1248 1863 autem
1281 1808 1388 1864 erit
1441 1823 1542 1880 per
1594 1809 1816 1864 ferrum
1873 1809 2147 1865 candens
2176 1822 2220 1875 Β
2256 1811 2375 1882 πρὸς

2259 1811 2381 1882 πρὸς
2408 1810 2494 1859 τὸν
2536 1811 2799 1880 Κομνηνὸν
2837 1814 3126 1867 κατήντηκε
3177 1809 3419 1882 Μιχαὴλ,
3472 1813 3567 1860 καὶ
3648 1805 3724 1867 δή
3779 1811 3899 1880 ἔφα-

478 1897 780 1973 purgatio.
815 1918 844 1945 ››
878 1899 1025 1952 Tum
1055 1896 1151 1951 ille
1179 1897 1425 1953 veritate
1449 1897 1584 1970 ipsa
1615 1898 1798 1954 fretus
1838 1915 1850 1952 :
1881 1921 1902 1948 ι
1931 1899 1987 1955 Si
2012 1899 2148 1971 quis

483 1990 657 2056 esset,
694 2009 715 2036 ι
751 1985 1004 2050 dicebat,
1022 2008 1051 2035 «
1075 1986 1179 2058 qui
1201 2003 1297 2042 me
1315 1992 1642 2059 accusaret,
1678 2004 1816 2044 cum
1850 2004 1922 2044 eo
1942 1989 2148 2060 utique

483 2075 929 2141 contenderem,
955 2076 1453 2148 ostenderemque
1473 2093 1613 2132 eum
1636 2077 1894 2133 mentiri.
1916 2082 1986 2132 At
2002 2093 2147 2132 vero

484 2181 624 2223 cum
654 2170 970 2222 accusator
984 2165 1183 2221 nullus
1207 2166 1296 2233 sit,
1320 2166 1394 2220 de
1411 2183 1534 2238 quo
1560 2167 1797 2237 judicor
1846 2166 1872 2220 ‘?
1896 2169 2074 2221 Porro
2101 2170 2149 2225 si

483 2271 582 2312 me
605 2255 760 2311 mira
788 2254 962 2311 vultis
988 2254 1299 2322 conﬁcere,
1326 2271 1437 2327 ego
1465 2271 1609 2311 sane
1635 2256 1685 2310 is
1707 2271 1828 2311 non
1871 2271 2010 2310 sum
2041 2258 2144 2328 qui

483 2343 780 2402 miracula
795 2342 990 2399 facere
1003 2343 1253 2414 possim.
1276 2346 1518 2399 Ferrum
1541 2344 1808 2399 candens
1839 2344 1900 2398 in
1930 2359 2147 2400 manus

482 2433 603 2488 vivi
635 2432 898 2487 hominis
926 2431 1149 2486 cadens
1190 2433 1392 2487 nescio
1422 2448 1693 2503 quanam
1733 2431 1880 2487 illud
1916 2433 2146 2490 ratione

481 2535 702 2576 manus
731 2535 855 2574 non
881 2519 1217 2584 comburat,
1243 2520 1358 2574 nisi
1397 2520 1493 2576 ille
1525 2538 1559 2577 a
1588 2521 1796 2578 Phidia
1833 2521 1926 2577 vel
1953 2524 2147 2579 Praxi-

480 2610 594 2666 tele
620 2625 650 2664 e
676 2625 822 2666 saxo
852 2608 1087 2664 excisus
1110 2608 1204 2665 vel
1234 2625 1305 2665 ex
1333 2626 1446 2666 aere
1494 2612 1792 2670 conﬂatus
1834 2616 1908 2672 sit
1937 2638 1963 2665 »
2015 2618 2146 2671 Haec

482 2698 602 2768 ille,
626 2703 683 2754 et
712 2697 1047 2754 admodum
1068 2698 1262 2754 hercle
1275 2699 1434 2770 juste
1446 2701 1706 2758 dicebat.
1722 2706 1937 2760 Verum
1961 2705 2147 2760 enim-

485 2805 626 2846 vero
657 2806 796 2845 cum
825 2793 882 2844 et
915 2788 1447 2861 Philadelphiensis
1483 2795 1863 2865 metropolita
1919 2796 2147 2851 Phocas

488 2879 670 2936 rebus
694 2879 1023 2949 interesset,
1057 2879 1232 2935 unice
1278 2880 1628 2952 imperatori
1687 2883 1939 2941 dilectus
1991 2884 2147 2940 mul-

491 2969 692 3042 tisque
711 2968 1103 3025 humanitatis
1133 2968 1345 3025 ofﬁciis
1365 2976 1667 3044 acceptus,
1695 2975 1860 3045 quod
1883 2990 2005 3029 non
2026 2975 2148 3030 vir-

495 3061 618 3115 tute
657 3073 728 3115 ac
765 3060 997 3124 merito,
1031 3059 1137 3114 sed
1161 3058 1568 3130 imprudentia
1596 3069 1907 3119 assecutus
1935 3063 2146 3120 fuerat.

2261 1915 2383 1948 σκον
2408 1896 2548 1966 αύτῷ
2575 1897 2624 1948 οἱ
2651 1899 2799 1968 τάχα
2818 1901 3007 1970 κρίνειν
3060 1905 3238 1951 τοῦτον
3289 1896 3567 1970 λαχόντες,
3624 1900 3705 1958 ὡς
3748 1899 3896 1951 Ἐπεί

2257 1991 2377 2059 περὶ
2409 1993 2504 2039 σοῦ
2534 1986 2872 2061 ἀπειρημένοι
2900 1991 3035 2050 τινες
3081 1987 3384 2045 λελάληνται
3442 1987 3621 2059 λόγοι,
3693 1984 3781 2040 δεῖ
3844 2006 3898 2039 σε

2261 2071 2296 2127 δ
2302 2078 2356 2126 ιὰ
2410 2095 2550 2137 τινος
2632 2077 3051 2149 θαυματοποιίας
3130 2079 3347 2137 τούτους
3396 2075 3896 2129 ἀποσκευάσασθαι

2255 2167 2324 2216 Τὸ
2356 2160 2415 2216 δὲ
2445 2161 2553 2222 ἧνή
2590 2160 2683 2216 διὰ
2707 2161 2914 2239 μύδρον
2954 2162 3225 2228 ἀπόδειξις
3278 2166 3380 2237 (6).
3435 2164 3496 2217 Ὀ
3529 2162 3592 2217 δε
3647 2167 3772 2239 (καὶ
3791 2169 3892 2237 γὰρ

2257 2250 2396 2324 εἶχεν
2426 2252 2731 2326 βοηθοῦσαν
2764 2254 2904 2326 αύτῷ
2943 2259 3036 2313 τὴν
3104 2254 3387 2324 ἀλήθειαν),
3437 2278 3466 2306 ε(
3538 2255 3601 2308 Ei
3814 2276 3894 2316 τις

2258 2341 2340 2407 ἧν,
2377 2365 2405 2393 ››
2436 2343 2621 2416 ἔλεγεν,
2659 2363 2689 2397 ‹
2719 2345 2745 2396 6
2777 2346 2888 2397 κατ’
2914 2347 3036 2417 ἐμοῦ
3066 2365 3120 2397 τι
3152 2354 3474 2420 κατηγορῶν,
3540 2348 3682 2420 πρὸς
3753 2345 3888 2398 ἐκεί-

2254 2423 2336 2485 νον
2369 2435 2429 2486 ἄν
2467 2433 2814 2506 ἐμαχεσάμην
2871 2440 2962 2487 καὶ
3016 2431 3268 2498 ἀπέδειξα
3317 2430 3645 2506 ψεύδεσθαιο
3717 2455 3887 2493 καττ-

2253 2529 2413 2597 γόρου
2464 2521 2522 2577 δὲ
2597 2528 2668 2596 μὴ
2723 2528 2973 2596 παρόντος
3043 2526 3171 2599 ύπέρ
3209 2529 3342 2585 τίνος
3396 2529 3660 2597 κρίνομαι
3697 2525 3784 2593 ;εἰ
3831 2521 3886 2576 δε

2258 2616 2728 2686 θαυματουργῆσαί
2749 2633 2811 2685 με
2839 2612 3024 2683 θέλετε,
3081 2611 3188 2665 ἀλλ’
3245 2612 3342 2684 ἐγὼ
3398 2612 3494 2665 ούκ
3545 2613 3662 2685 εἰμί
3711 2619 3883 2666 τοίού-

2256 2722 2341 2765 τος
2368 2707 2502 2755 ὥστε
2567 2707 2657 2755 καὶ
2700 2707 3064 2776 τερατοποιίας
3117 2701 3458 2776 ἐργάζεσθαι.
3537 2699 3782 2775 Σίδηρος
3829 2700 3885 2754 δε

2256 2796 2741 2866 πεπυρακτωμένος,
2784 2791 2826 2844 εἰ
2879 2790 2928 2842 έν
2984 2795 3108 2866 χερὶ
3166 2790 3438 2866 ἀνθρώπου
3520 2794 3670 2854 ζωοῦ
3742 2793 3884 2850 οὗτος

2257 2880 2493 2954 ἐμπέσοι,
2521 2881 2613 2933 οὐκ
2639 2877 2765 2933 οἶδα
2800 2889 2912 2943 πῶς
2941 2881 3002 2932 ἄν
3050 2880 3110 2932 ού
3159 2882 3396 2933 καύσειεν
3451 2879 3649 2949 αὐτὴν,
3717 2881 3764 2933 εἰ
3813 2888 3876 2952 μή

2256 2973 2356 3023 πού
2396 2990 2474 3032 τις
2506 2969 2713 3032 ἔξεσται
2739 2977 2810 3040 τῷ
2842 2966 3028 3042 Φειδίᾳ
3064 2968 3120 3021 έκ
3157 2969 3302 3022 λίθου
3338 2969 3368 3028 ἣ
3411 2975 3486 3038 τῷ
3549 2969 3880 3040 Πραξιτέλει,

2259 3063 2289 3118 ἦ
2318 3064 2408 3112 καὶ
2434 3057 2535 3112 ἀπὸ
2565 3058 2771 3131 χαλκοῦ
2802 3065 3076 3131 εἰργασται
3103 3100 3116 3114 .
3149 3079 3178 3108 »
3199 3058 3356 3110 Ταῦτ’
3395 3057 3562 3129 ὒεγε,
3588 3064 3688 3111 καὶ
3721 3059 3883 3130 μα’λαο

495 3149 767 3221 Namque
797 3165 937 3205 cum
976 3148 1305 3220 aliquando
1331 3149 1406 3204 de
1443 3150 1624 3206 rebus
1666 3152 1922 3223 publicis
1948 3153 2150 3209 nescio
2185 3175 2228 3232 ο
2257 3152 2317 3207 νὴ
2344 3168 2372 3200 τ

2259 3152 2317 3207 νὴ
2344 3152 2435 3206 τὴν
2472 3151 2632 3220 Θέμιν
2666 3144 2904 3209 δικαίως.
2936 3147 3078 3200 Ἐπιὶ
3129 3143 3188 3199 δε
3254 3151 3344 3198 καὶ
3398 3147 3425 3198 6
3483 3154 3580 3207 τῆς
3631 3144 3881 3201 Φιλαδελ-

497 3238 644 3310 quid
661 3242 1166 3309 percunctaretur,
1181 3236 1364 3293 libere
1382 3240 1736 3295 sententiam
1751 3257 1925 3297 suam
1957 3247 2151 3297 osten-

501 3327 607 3395 dit,
627 3332 702 3394 et,
723 3348 751 3377 ε(
776 3328 1177 3398 Oimperator,
1196 3351 1223 3377 »
1241 3328 1453 3400 inquit,
1473 3351 1500 3378 «
1517 3329 1991 3401 quamobrernin
2005 3347 2152 3404 prte-

503 3416 659 3471 senti
685 3431 798 3470 nos
838 3417 1123 3487 consulis,
1155 3433 1292 3473 cum
1323 3419 1450 3490 ipse
1477 3434 1717 3490 semper
1746 3435 1852 3490 per
1881 3424 1957 3486 te,
1989 3422 2154 3493 quod

498 3504 607 3561 tibi
633 3503 829 3560 visum
869 3503 1060 3575 fuerit,
1093 3520 1352 3576 peragas
1373 3507 1401 3562 ‘I
1431 3528 1458 3556 »
1485 3507 1719 3564 Dixerat
1756 3509 1906 3575 haec,
1935 3515 1992 3565 et
2030 3526 2155 3566 mo-

495 3591 645 3650 leste
676 3607 822 3648 sane
853 3593 1066 3648 tulerat
1091 3594 1437 3666 imperator,
1497 3597 1993 3669 quandoquidem
2052 3614 2156 3654 eos

499 3681 605 3754 qui
617 3681 1035 3738 adstabantsic
1047 3699 1182 3739 eum
1209 3685 1534 3741 allocutum
1551 3685 1778 3743 ferunt:
1811 3709 1831 3737 ι
1851 3695 1940 3744 An
1965 3689 2156 3760 potuit

501 3787 539 3827 a
567 3771 946 3843 metropolita
967 3771 1165 3829 afferri
1190 3774 1338 3846 quid
1360 3775 1654 3831 audacius
1684 3777 1711 3830 ?
1738 3783 1795 3833 et
1845 3793 1956 3833 vos
2013 3776 2155 3832 tole-

500 3860 697 3917 rastis.
727 3883 754 3911 »
777 3864 914 3918 Post
933 3862 1178 3920 brevem
1225 3865 1439 3921 horam
1490 3866 1551 3920 in
1610 3882 1748 3922 eum
1806 3866 2157 3922 suavissime

503 3949 729 4007 effusus
752 3951 1045 4009 beneﬁcia
1066 3953 1331 4024 contulit,
1363 3960 1418 4010 et
1439 3955 1696 4011 honores
1718 3956 2159 4029 consiliumque

505 4037 581 4095 ab
603 4055 673 4095 eo
693 4038 753 4093 in
777 4040 1031 4109 negotiis
1056 4041 1426 4097 secularibus
1449 4043 1749 4114 capiebat.
1792 4045 1985 4108 Quare
2032 4047 2160 4098 tum

515 4127 689 4200 104
716 4128 888 4184 etiam
925 4129 1250 4201 imperator
1279 4135 1565 4203 tanquam
1588 4133 1857 4188 ministro
1879 4148 2023 4187 usus
2051 4135 2159 4198 est,

507 4217 876 4288 quiseorsim
900 4218 979 4273 ab
997 4218 1128 4275 aliis
1151 4219 1526 4276 Comnenum
1549 4221 1910 4289 Michaelem,
1942 4237 2080 4277 cum
2109 4230 2167 4281 et

507 4303 636 4377 ipse
659 4321 969 4362 sermones
989 4307 1262 4364 audirem
1284 4311 1294 4343 ¹
1320 4309 1379 4363 in
1396 4310 1557 4365 hunc
1574 4310 1694 4365 fere
1734 4311 1987 4366 modum
2025 4309 2166 4366 allo-

508 4393 748 4466 quitur:
780 4417 808 4443 ‹‹
833 4395 1054 4450 Nobilis
1081 4397 1326 4468 quidem
1349 4414 1486 4452 cum
1526 4398 1742 4469 ipseeis
1771 4404 1828 4455 et
1852 4415 1924 4454 ex
1949 4401 2165 4457 nobili-

2261 3242 2388 3310 φέων
2420 3238 2498 3306 (7)
2524 3236 2912 3312 μητροπολίτης
2969 3242 3150 3299 Φωκᾶς
3203 3244 3485 3310 συμπαρῆν
3543 3244 3661 3298 τοῖς
3732 3256 3880 3307 γινο-

2259 3331 2449 3401 μένοις,
2482 3325 2782 3399 φιλούμενος
2810 3328 2936 3400 πρὸς
2985 3333 3077 3378 τοῦ
3139 3323 3399 3398 βασιλέως
3452 3329 3543 3376 καὶ
3615 3327 3761 3377 πάνυ
3801 3347 3855 3397 φι

2260 3416 3016 3491 λοφρονούμενος,-πέπονθε
3070 3410 3130 3467 δε
3184 3421 3340 3466 τοῦτο
3391 3413 3485 3466 οὒκ
3549 3413 3609 3476 ἐξ
3667 3413 3876 3490 ἀρετῆς,

2262 3504 2366 3557 ἀλλ’
2403 3504 2456 3568 ἐξ
2482 3502 2765 3565 ἀναιδείας.
2809 3508 2910 3557 Καὶ
2967 3505 3069 3577 γάρ
3120 3522 3245 3556 ποτε
3297 3510 3388 3555 τοῦ
3446 3501 3720 3575 βασιλέως
3779 3524 3879 3556 r4-

2264 3597 2476 3668 θομένου
2523 3600 2642 3670 περί
2696 3613 2835 3656 τινος
2893 3602 2996 3647 τῶν
3051 3602 3233 3646 κοινῶν
3301 3595 3657 3667 πραγμάτων,
3721 3594 3875 3668 ἐπαρ-

2259 3684 2558 3761 ῥησιοίσατο
2583 3689 2693 3751 καὶ,
2729 3706 2757 3735 (ι
2788 3684 2859 3735 Ὦ
2887 3681 3131 3756 βασιλεῦ,
3168 3704 3189 3732 ι
3243 3685 3358 3755 ἔφη,
3441 3704 3472 3732 ‹‹
3511 3686 3662 3754 τίγος
3720 3686 3878 3757 χάριν

2263 3773 2455 3848 ἀρτίως
2491 3775 2627 3845 ἡμᾶς
2656 3772 2868 3846 ἐρωτᾷς,
2898 3773 3055 3833 αὐτὸς
3097 3770 3178 3824 ἀεὶ
3231 3770 3282 3834 ἐξ
3337 3771 3525 3824 ἑαυτοῦ
3577 3773 3648 3822 τὰ
3671 3768 3880 3824 δοκοῦν-

2263 3865 2330 3916 τά
2373 3882 2460 3915 σοι
2482 3860 2931 3936 διαπραττόμενος
2959 3881 2974 3929 ;
3001 3884 3030 3912 «
3087 3860 3244 3914 Ταῦτ’
3304 3857 3432 3925 εἶπε,
3483 3865 3578 3913 καὶ
3631 3865 3754 3914 τότε
3801 3862 3883 3932 μὲν

2265 3955 2292 4005 6
2325 3952 2572 4026 βασιλεὺς
2635 3951 2994 4024 ἐσχετλίασεν,
3050 3955 3141 4002 καί
3195 3969 3256 4022 ’γε
3313 3949 3504 4024 εἰρήκει
3565 3954 3706 4023 πρὸς
3767 3955 3884 4010 τοὺς

2269 4045 2818 4114 συμπαρισταμένους,
2852 4063 2881 4091 ι(
2912 4045 2975 4093 Τί
3021 4040 3158 4092 οὕτω
3218 4041 3536 4112 θρασύτερον
3588 4040 3617 4090 6
3685 4059 3884 4113 μητροο

2267 4130 2479 4191 πολίτης
2517 4131 2736 4204 εἴρηκεν,
2792 4130 2937 4202 ὑμεῖς
2988 4125 3047 4182 δὲ
3099 4129 3474 4200 ἡνίσχεσθε;⁸
3533 4130 3673 4200 μετὰ
3699 4128 3885 4202 βραχὺ

2272 4217 2331 4272 δὲ
2376 4219 2685 4292 φιλοφρονως
2757 4226 2937 4271 τοῦτον
3006 4215 3320 4280 ἐδεξιώσατο
3409 4221 3500 4268 καὶ
3582 4216 3749 4289 ἐτίμα
3805 4224 3888 4268 καὶ

2275 4307 2564 4381 σύμϐουλον
2587 4305 2728 4379 εἶχεν
2752 4305 2800 4359 ἐν
2852 4315 2970 4368 ταῖς
3008 4312 3295 4379 κοσμικαῖς
3348 4306 3687 4360 ὑποθέσεσιν,

2274 4394 2540 4472 δρηστῆρι
2568 4404 2694 4468 γοῦν
2728 4401 2816 4448 καὶ
2846 4400 2959 4449 τότε
2988 4394 3259 4470 ἑχρησατο
3297 4397 3466 4465 τούτῳ
3523 4396 3550 4446 6
3607 4393 3888 4467 βασιλεύς.

508 4482 626 4540 bus
664 4489 1017 4554 prognatus,
1049 4500 1122 4540 ea
1141 4491 1198 4540 et
1235 4487 1439 4542 animo
1471 4488 1783 4560 concipere
1811 4494 1866 4544 et
1896 4505 1957 4545 re
1984 4506 2167 4561 praes-
2199 4526 2243 4580 Β
2272 4487 2352 4558 [Ρ.

2272 4487 2352 4558 [Ρ.
2389 4487 2473 4558 53]
2508 4491 2608 4540 Καὶ
2660 4505 2717 4556 ’γε
2755 4489 3048 4557 καταμόνας
3100 4488 3189 4536 τὸν
3254 4487 3520 4556 Κομνηνὸν
3567 4484 3889 4556 παραλαϐὼν

508 4575 654 4628 tarae
677 4570 860 4626 debes
881 4587 1018 4639 quae
1041 4589 1149 4629 nec
1167 4591 1202 4630 a
1223 4574 1340 4630 ﬁde
1363 4579 1462 4631 tua
1487 4591 1597 4632 nec
1615 4577 1693 4632 ab
1727 4577 2165 4636 existimatione

509 4675 623 4718 nec
643 4661 903 4733 denique
917 4678 954 4717 a
970 4664 1324 4732 cognatione
1339 4669 1440 4720 tua
1452 4665 1645 4721 aliena
1652 4667 1672 4737 j
1684 4667 2016 4723 udicantur.
2053 4669 2165 4724 Sed

511 4750 666 4808 enim
680 4767 812 4806 cum
825 4755 1000 4807 testes
1012 4753 1088 4808 ad
1102 4757 1158 4807 te
1172 4754 1647 4810 convincendum
1661 4771 1783 4810 non
1798 4756 1974 4812 adsin
1985 4763 2168 4829 t,ope-

511 4855 594 4897 τω
608 4839 857 4913 pretium
873 4841 1045 4896 eritte
1061 4841 1218 4898 ferro
1231 4841 1511 4898 candenti
1523 4844 1827 4900 veritatem
1850 4845 2165 4915 designare

517 4953 548 4983 »
572 4929 676 4988 Ille
697 4945 922 5002 magno
946 4947 1016 4988 ac
1035 4932 1189 4989 virili
1205 4932 1432 5005 animo,
1454 4934 2043 5007 etquemadmodum
2073 4938 2162 5010 pi-

2272 4575 2515 4647 Μιχαὴλ,
2555 4578 2724 4646 κάμοῦ
2763 4583 2862 4626 τῶν
2900 4574 3063 4646 λόγων
3109 4572 3460 4646 ἀκροωμένου,
3533 4574 3687 4625 ταῦτ’
3729 4575 3887 4645 εἶπεν,

2272 4666 2336 4725 ὡς
2369 4687 2395 4714 ‹‹
2429 4663 2654 4734 Εύγενὴς
2681 4666 2769 4735 μὲν
2802 4661 2929 4736 ἀνὴρ
2959 4663 3023 4714 σύ
3069 4666 3158 4713 καὶ
3207 4660 3261 4724 ἕξ
3305 4661 3520 4732 έύγενῶν
3575 4667 3888 4733 γεγένησαι.

2273 4759 2358 4806 Δεῖ
2380 4753 2468 4806 οὖν
2515 4771 2573 4805 σε
2639 4755 2697 4804 τὸ
2766 4749 2882 4805 δέον
2944 4753 3070 4824 ὑπὲρ
3127 4758 3223 4812 τῆς
3297 4749 3605 4821 ὑπολήψεως
3641 4736 3645 4739 ’
3686 4770 3744 4804 τε
3805 4758 3889 4804 καὶ

2269 4850 2498 4906 πίστεως
2527 4849 2618 4896 καὶ
2670 4844 2859 4903 πᾶντὸς
2896 4861 2982 4895 σοι
3019 4848 3111 4894 τοῦ
3166 4843 3349 4913 γένους
3396 4844 3487 4893 καὶ
3551 4847 3752 4898 νοῆσαι
3809 4847 3892 4894 καὶ

2273 4933 2673 5010 διαπράξασθαι
2706 4934 2846 4988 Ἐπεὶ
2895 4930 2955 4986 δε
3003 4933 3096 4985 ούκ
3137 4930 3352 5004 ἔλεγχος
3400 4933 3547 5006 παρὰ
3608 4934 3894 5007 μαρτύρων

1433 5059 1770 5128 Theodori
1820 5060 2071 5128 Dousae
2121 5071 2187 5130 et
2231 5060 2484 5131 Leonis
2533 5058 2766 5126 Allatii
2816 5066 3017 5124 notae.

585 5185 664 5254 (6)
696 5182 755 5238 Η’
784 5180 879 5236 διὰ
903 5180 1109 5258 μύδρου
1135 5181 1431 5258 -ᾇπόδειξᾼις,
1486 5186 1707 5258 Mirum,
1746 5185 1894 5258 quid
1935 5186 1995 5240 in
2049 5187 2164 5242 hoc

514 5255 648 5328 ipso
679 5255 998 5328 genereide
1017 5255 1269 5311 muliere
1295 5256 1567 5312 adultera
1607 5257 1712 5311 sed
1739 5255 2082 5328 poenitente,
2109 5263 2167 5314 et

512 5327 797 5398 episcopo
813 5327 1307 5400 Didymotichensi
1323 5344 1706 5383 commemora
1721 5327 2009 5400 {Joannes
2021 5332 2166 5385 Can-

511 5403 855 5465 tacuzenus,
889 5399 1120 5471 Hister.
1151 5400 1270 5471 lib.
1298 5415 1376 5464 ιιι,
1409 5415 1549 5471 cap.
1589 5403 1675 5454 27.
1739 5399 1970 5471 Addam
2034 5401 2165 5470 ipso

512 5471 780 5541 tempore
795 5470 1132 5525 Lascarium
1147 5469 1301 5525 hanc
1319 5469 1734 5541 purgationem
1747 5469 1881 5524 ferri
1906 5469 2167 5526 canden-

514 5539 588 5593 tis
637 5542 909 5610 maxime
937 5540 1121 5596 fuisse
1150 5542 1211 5595 in
1243 5539 1377 5610 usu,
1409 5548 1473 5596 ut
1503 5542 1776 5597 oculatus
1809 5542 1941 5596 testi
1993 5542 2168 5597 refert

515 5609 939 5684 Pachymerius
983 5611 1085 5665 lib.
1162 5628 1199 5677 ι,
1260 5609 1480 5684 ρμ33.
1539 5616 1602 5667 Et
1642 5617 1787 5668 nota
1839 5617 1929 5665 καὶ
1962 5610 2096 5667 εἶδεν
2139 5615 2164 5665 ὁ

512 5682 722 5754 γράφων
764 5679 903 5739 ἡϐῶν
969 5690 1043 5751 τῷ
1112 5686 1227 5734 τότε
1260 5679 1273 5684 ⁷
1315 5683 1632 5744 ύτοστάντας
1713 5703 1853 5746 τινας
1927 5693 2162 5753 τοιαῦτα,

2272 5185 2400 5244 πλήν
2439 5182 2713 5246 ἀλωϐἡτως
2760 5181 3150 5244 ἀπαλλάξαντας
3197 5183 3256 5253 τὸ
3281 5251 3289 5253 _
3315 5179 3634 5253 θαυμάσιον.
3665 5252 3670 5253 γ
3722 5181 3891 5253 Pyrg

2274 5273 2497 5313 eversa:
2524 5255 2942 5328 probationem
2983 5251 3424 5328 inﬂhomicidio'
3450 5251 3625 5328 apud
3645 5251 3895 5328 Cyprios

2271 5329 2406 5398 lego
2435 5322 2599 5398 apud
2629 5325 3006 5398 Theodorum
3038 5323 3434 5398 Prodromum
3464 5322 3539 5377 de
3592 5322 3883 5380 thdan-

2274 5395 2404 5482 thes
2435 5395 2502 5482 et
2516 5396 3094 5482 Dosiclii‘ampribus
3125 5395 3240 5482 lib.
3273 5410 3313 5449 l.
3342 5397 3480 5482 iter...
3735 5466 3792 5482 Μ
3826 5467 3835 5475 _

2343 5470 2507 5596 ςΠὉ
2551 5477 2644 5531 τῆς
2685 5464 3062 5539 Φιλαδελφέων.
3122 5465 3224 5521 Hic
3273 5469 3360 5520 est
3414 5465 3645 5520 Phocas
3735 5465 3890 5522 Phila

2273 5542 2348 5597 de
2375 5541 2649 5613 phiensis
2701 5540 3047 5613 episcopus,
3071 5609 3085 5613 _
3106 5552 3289 5613 quem
3333 5551 3472 5591 cum
3505 5539 3767 5593 Arsenio
3793 5553 3889 5610 pa-

2273 5607 2535 5670 triarcha
2554 5607 2789 5668 videtur
2824 5607 3191 5670 confundere
3221 5607 3512 5666 Phranza.
3545 5615 3685 5664 ALL.
