3966 6324
68 372 235 425 1113

1612 370 1958 430 ANNALES.

3331 385 3468 440 1114

63 493 133 546 ἰν
172 497 287 560 σοὶ,
331 489 414 545 δεῖ
464 509 522 545 σε
552 497 624 561 τῷ
686 487 873 566 μύδρῳ
915 496 1010 552 τὴν
1065 492 1310 552 ἀλήθειαν
1357 499 1629 567 παραστήι

1900 513 2006 554 tres
2035 499 2189 556 inter
2227 502 2628 573 pugnandum
2666 504 3131 578 imperterritum
3157 507 3466 565 hominem

70 586 244 640 σθαι.
278 603 309 632 ››
334 586 435 636 Καὶ
465 580 519 644 ὃς
545 579 687 654 μάλα
733 586 979 652 γενναίως
1034 587 1123 635 καὶ
1184 579 1463 659 ἀνδρικῶς,
1518 589 1608 638 καὶ
1638 587 1706 647 ὡς

69 674 152 726 ἄν
202 692 327 726 τινα
353 673 404 724 οἱ
459 677 678 744 γραφεῖς
730 668 778 722 ἐν
836 673 989 745 μάχῃ
1032 673 1278 747 ἄτρεστον
1329 669 1702 746 διαγράψαιεν,

76 785 104 814 ι
147 763 270 816 Οὐκ
295 758 399 815 οἷδ’
439 761 580 822 ὅπως
608 763 666 812 τὸ
693 767 926 813 τοιοῦτον
965 760 1213 819 κέκληται
1242 761 1410 834 ἅγιον,
1445 759 1484 813 ὦ
1517 759 1706 816 δέσπο-

68 872 176 920 τα,
212 874 242 902 n
277 854 390 924 ἔφη.
430 870 452 903 ε
505 849 642 903 ’Δλλ’
686 848 782 921 ἐγὼ
827 853 916 921 μὲν
982 850 1286 925 ἁμαρτωλός
1343 850 1449 924 εἰμι
1505 853 1705 926 ἄνθρω-

67 962 211 1011 πος,
254 946 345 994 καὶ
371 946 729 1014 τερατουργεῖν
760 946 979 992 τοιαῦτα
1025 939 1084 992 οὐ
1117 937 1369 1013 δύναμαι,
1432 941 1493 994 Εἰ
1527 938 1587 994 δέ
1616 961 1708 1015 μοι

72 1029 453 1104 συμϐουλεύῃ,
507 1027 895 1103 μητροπολίτης
942 1032 1009 1080 ὧν
1079 1035 1170 1083 καὶ
1223 1036 1357 1083 Θεοῦ
1413 1031 1704 1102 ἄνθρωπος,

69 1125 244 1172 τουτὶ
300 1107 718 1192 διαπράξασθαι,
770 1113 989 1170 ἔνδυσαι
1043 1121 1133 1190 μεν
1216 1118 1372 1181 αὐτὸς
1417 1123 1509 1178 τὴν
1569 1122 1706 1193 ἱεράν

78 1227 192 1263 σου
217 1215 396 1263 πᾶσαν
428 1206 636 1272 στολὴν,
679 1208 849 1267 καθὼς
906 1208 1086 1267 εἰωθας
1151 1205 1200 1260 ίν
1257 1215 1330 1278 τῷ
1377 1209 1497 1280 θείῳ
1545 1208 1707 1283 εἰσέρ-

73 1299 297 1372 χεσθαι
337 1295 541 1370 βήματι
577 1300 668 1348 καὶ
709 1294 1043 1368 ἕντυγχάνειν
1101 1303 1238 1366 Θεῷ,
1299 1292 1410 1349 εἶτα
1465 1293 1533 1356 δὴ
1591 1295 1706 1360 ταῖς

82 1395 221 1451 σαῖς
275 1391 464 1462 χερσὶν
513 1384 812 1460 ἓκπύρωσόν
867 1404 958 1458 μοι
1009 1388 1097 1438 τὸν
1156 1381 1402 1459 σίδηρον,
1460 1385 1544 1448 αἷς
1613 1394 1704 1440 τοῦ

81 1478 238 1530 θείου
298 1474 496 1548 ἆφάπτῃ
559 1476 807 1547 θύματος,
879 1480 972 1526 τοῦ
1048 1479 1293 1547 σώματος
1350 1483 1442 1527 τοῦ
1509 1479 1703 1550 Κυρίου

70 1567 239 1638 ὴμῶν
273 1564 454 1622 Ἰησοῦ
505 1569 750 1636 Χριστοῦ
799 1570 891 1615 τοῦ
967 1564 1093 1638 ὑπὲρ
1149 1567 1342 1626 παντὸς
1387 1571 1472 1616 τοῦ
1501 1567 1702 1637 κόσμου

69 1656 370 1726 τεθυμένου
410 1652 501 1706 καὶ
571 1651 652 1706 ἀεὶ
700 1654 947 1725 θυομένου
1004 1653 1130 1727 παρ’
1180 1655 1321 1726 ὑμῶν
1374 1661 1472 1706 τῶν
1534 1653 1702 1726 ἱερέων

67 1764 135 1798 τε
208 1748 301 1796 καὶ
352 1745 632 1817 ἱεραρχῶν,
690 1747 780 1794 καὶ
830 1745 1049 1798 ταύταις
1094 1739 1161 1802 δὴ
1217 1751 1332 1805 ταῖς
1390 1746 1548 1819 ἱεραῖς
1605 1763 1700 1797 σου

1813 586 2240 660 depinxissent,
2263 590 2475 646 ﬁrmus
2519 608 2588 648 ac
2625 594 2872 662 stabilis,
2907 617 2934 645 «
2972 597 3220 652 Sacrum
3257 597 3393 669 hoc,
3435 619 3464 647 »

1812 677 2024 748 inquit,
2064 701 2085 727 α
2130 679 2393 752 domine,
2422 698 2692 754 quonam
2733 690 2978 740 vocetur
3030 685 3298 755 nomine,
3341 702 3466 742 non

1812 766 1972 821 novi.
2008 767 2028 822 Ι
2035 782 2138 840 pse
2161 784 2272 838 ego
2291 776 2570 841 peccator
2589 789 2724 828 sum
2749 788 2859 829 nec
2877 774 2927 845 ej
2939 774 3244 830 uscemodi
3267 775 3466 832 admi-

1812 855 2005 912 randa
2035 855 2266 912 efﬁcere
2282 874 2554 929 possum.
2583 861 2639 918 Si
2665 878 2806 918 vero
2841 869 2900 918 tu
2921 863 3086 930 mihi,
3116 865 3219 936 qui
3244 869 3466 920 metro-

1814 945 2000 1017 polita
2027 962 2090 1000 es
2121 950 2176 1002 et
2204 948 2388 1004 homo
2423 949 2684 1020 divinus,
2733 957 2797 1007 ut
2820 951 2882 1007 id
2929 953 3203 1026 expleam
3244 953 3465 1010 adhor-

1813 1036 1977 1106 taris,
2019 1051 2130 1105 age
2160 1042 2223 1092 tu
2252 1037 2378 1109 ipse
2417 1055 2724 1096 sacrarum
2767 1043 3014 1098 vestium
3058 1048 3352 1116 apparatu
3383 1043 3468 1099 in-

1813 1127 1979 1192 tegro
1992 1128 2044 1178 te
2057 1125 2985 1200 circumvesti,quemadmodum
3001 1131 3216 1188 Sancta
3230 1137 3465 1188 sancto-

1813 1227 1946 1267 rum
1976 1211 2205 1284 ingredi
2228 1214 2382 1269 soles
2424 1222 2482 1271 et
2514 1219 2697 1273 Deum
2725 1218 2948 1292 alloqui
2975 1237 2988 1284 ;
3021 1219 3159 1275 dein
3186 1219 3301 1274 tuis
3330 1235 3465 1276 ma-

1811 1300 2014 1370 nibus,
2028 1303 2249 1375 quibus
2265 1305 2456 1374 tangis
2471 1313 2924 1364 sacrosanctum
2939 1308 3319 1380 sacriﬁcium,
3339 1325 3463 1365 cor-

1812 1406 1928 1462 pus
1965 1393 2196 1448 Domini
2226 1394 2413 1450 nostri
2447 1397 2585 1450 Jesu
2616 1396 2851 1466 Christi,
2883 1398 2988 1469 qui
3017 1415 3127 1470 pro
3153 1398 3297 1453 orbe
3327 1399 3463 1453 uni-

1810 1479 2245 1553 versozoblatus
2267 1488 2358 1538 est
2377 1483 2781 1557 continuoque
2805 1501 2840 1541 a
2861 1487 3033 1542 vobis
3051 1487 3465 1551 sacerdotibus

1809 1573 1868 1624 et
1904 1569 2268 1640 prmsulibus
2305 1571 2569 1640 oﬁ‘ertus,
2604 1573 2826 1629 ferrum
2858 1575 3003 1630 mihi
3052 1575 3375 1644 inﬂamma,
3408 1579 3467 1632 et

1808 1656 2023 1714 iisdem
2048 1659 2360 1716 sacristuis
2375 1661 2658 1717 manibus
2677 1663 2898 1718 ferrum
2918 1669 3231 1736 acceptum
3257 1663 3465 1720 manui

1808 1763 1959 1802 mea
1980 1748 2241 1820 impone.
2267 1750 2358 1804 Sic
2380 1751 2539 1805 enim
2563 1752 2622 1806 in
2647 1753 2901 1808 Domino
2919 1769 3054 1808 meo
3082 1753 3307 1808 Christo
3329 1769 3465 1809 con-

65 1837 276 1908 χερσὶν
304 1831 471 1892 ἐπίθες
492 1839 554 1904 τῇ
613 1836 757 1905 χειρί
787 1850 887 1900 μου
929 1833 1016 1882 τὸν
1073 1828 1316 1905 σίδηρον,
1368 1837 1458 1885 καὶ
1509 1834 1631 1884 ταθο

1898 1853 1952 1905 o,
1971 1838 2176 1893 omnia
2198 1854 2336 1894 eum
2361 1855 2495 1896 mea
2521 1840 2738 1896 delicta
2769 1841 3287 1898 dissimulaturum
3317 1843 3464 1898 veri-

65 1924 222 1996 ῥηκα
243 1921 315 1984 εἰς
344 1924 431 1974 τὸν
490 1925 756 1978 Δεσπότην
811 1924 1041 1995 Χριστὸν
1086 1924 1156 1982 ὡς
1211 1928 1387 1974 πᾶσαν
1430 1924 1519 1993 μὶν
1555 1922 1700 1982 οὗτος

70 2013 344 2086 ἁμαρτίαν
373 2030 475 2084 μου
527 2012 905 2084 παροράσεται,
989 2031 1017 2062 υ
1056 2015 1440 2085 ματουργήσει
1491 2007 1550 2063 δὲ
1605 2015 1698 2069 τὴν

68 2100 176 2159 ἆλή
237 2119 363 2153 ειαν.
427 2122 456 2152 ››
509 2104 610 2152 Καὶ
669 2101 696 2150 6
750 2103 841 2172 μεν
898 2103 1164 2174 Κομνηνός
1237 2099 1460 2172 Μιχαὴλ
1541 2099 1700 2160 οὕτως

67 2193 283 2264 εἴρηκεν
304 2210 318 2223 ο
350 2191 375 2242 6
408 2184 468 2241 δὲ
498 2187 905 2261 μητροπολίτὴς,
933 2210 961 2238 ‹‹
1013 2187 1084 2240 Ὢ
1129 2187 1252 2240 καλε
1293 2193 1488 2255 νεανία,
1526 2210 1553 2238 »
1582 2190 1694 2260 ἔφη,

71 2302 105 2332 ιι
151 2286 312 2332 τοῦτο
343 2278 437 2332 όύκ
481 2280 594 2331 ἔστι
653 2286 748 2341 τῆς
795 2280 1048 2353 ἡμετέρας
1107 2282 1198 2329 καὶ
1251 2276 1557 2349 Ῥωμαῖκῶς
1603 2298 1697 2330 κα·

71 2369 410 2430 ταστάσεως,
465 2365 571 2419 ἀλλ’
621 2370 738 2419 οὔτε
783 2375 880 2430 τῆς
953 2365 1393 2427 ἕκκλησιαστικῆς
1463 2363 1696 2438 παραδό-

79 2477 242 2525 σεως,
304 2458 420 2510 οὔτε
446 2461 549 2530 μὴν
603 2468 658 2509 εκ
704 2465 804 2508 τῶν
861 2475 1028 2530 νομων
1075 2459 1191 2509 οὔτε
1239 2452 1307 2514 δὴ
1365 2460 1612 2530 πρότερον
1641 2455 1698 2508 ἔκ

73 2553 184 2598 τῶν
248 2546 392 2617 ἱερῶν
447 2547 537 2596 καὶ
593 2545 738 2596 θείων
791 2547 1016 2596 κανόνων
1072 2542 1444 2616 παρείληπται.
1498 2541 1700 2618 Βαρϐα-

73 2636 228 2707 ρικὸς
261 2628 321 2686 δὲ
365 2635 390 2684 6
433 2637 625 2707 τρόπος
680 2637 770 2684 καὶ
814 2631 984 2703 ἀγνὼς
1041 2631 1089 2684 ἐν
1120 2634 1265 2704 ἡμῖν,
1321 2640 1595 2706 προσταγῇ
1641 2628 1700 2684 δε

75 2728 238 2796 μόνον
285 2720 562 2796 ἕνεργεῖται
609 2721 888 2796 βασιλικῇ,
925 2745 954 2772 ››
996 2727 1097 2776 Καὶ
1161 2721 1236 2789 ὃς,
1289 2743 1316 2771 ι(
1349 2721 1418 2774 Ὦ
1485 2726 1700 2795 μέγιστε

79 2814 314 2886 ἱεράρχα
368 2819 523 2880 Θεοῦ,
557 2812 600 2864 εἰ
637 2816 728 2884 μέν
767 2816 856 2864 καὶ
914 2811 1072 2874 αὐτὸς
1119 2810 1175 2862 ἐκ
1230 2809 1509 2885 βαρϐάρων
1556 2814 1701 2882 γεγί-

73 2922 247 2974 νημαι
305 2905 396 2954 καὶ
445 2899 790 2976 βαρϐαρικοῖς
856 2909 968 2963 τοῖς
1039 2903 1220 2960 ἤθεσιν
1304 2899 1700 2975 ἀνατέθραμμαι

73 2992 105 3051 ἦ
165 2997 256 3044 καὶ
309 2994 484 3064 νόμοις
538 2996 800 3043 τουτοισὶν
858 2987 1291 3063 ἰκπεπαίδεομαι,
1355 2993 1442 3042 καὶ
1499 2988 1701 3065 βαρϐασ⁸

77 3089 242 3154 ρικῶς
273 3079 582 3154 ἑκτισαίμην
639 3084 734 3139 τὴν
784 3077 942 3138 δίκην
991 3099 1114 3153 μου,
1170 3079 1231 3132 Εἰ
1291 3076 1352 3131 δὲ
1410 3083 1697 3152 Ῥωμαίων,

1809 1929 2109 1999 tatemque
2140 1943 2262 1983 non
2300 1928 2426 1983 sine
2458 1929 2752 1986 miraculo
2780 1931 3238 2002 patefacturum.
3268 1953 3288 1979 ι
3331 1933 3463 1987 Haec

1809 2017 2071 2072 Comnen
2081 2033 2148 2072 us
2163 2017 2405 2074 Michael
2421 2019 2675 2075 dixerat.
2710 2023 2777 2076 Et.
2791 2021 3188 2094 metropolita,
3205 2041 3234 2074 ‹
3249 2022 3291 2077 Ο
3304 2021 3463 2076 bone

1806 2105 2061 2177 juvenis,
2097 2127 2125 2155 η
2159 2106 2414 2178 inquit,«
2429 2109 2545 2163 hoc
2560 2124 2756 2181 neque
2777 2110 2963 2164 nostri
2985 2126 3182 2182 neque
3208 2110 3462 2165 Romani

1805 2193 2056 2250 instituti
2095 2211 2291 2267 neque
2333 2196 2750 2253 ecclesiasticae
2801 2198 3153 2254 traditionis.
3201 2198 3327 2254 Imo
3355 2214 3460 2254 ne-

1805 2299 1925 2356 que
1947 2299 2016 2339 ex
2044 2282 2301 2356 legibus,
2333 2300 2529 2358 neque
2584 2286 2751 2358 prius
2812 2302 2842 2342 e
2898 2287 3081 2342 sacris
3131 2303 3201 2343 ac
3248 2287 3461 2343 divinis

1807 2372 2139 2427 canonibus
2178 2371 2571 2445 desumptum
2618 2377 2724 2430 est.
2763 2376 2934 2448 105
2967 2375 3080 2432 Sed
3110 2375 3462 2431 barbaricus

1807 2465 1896 2517 est
1923 2460 2032 2516 iste
2060 2460 2301 2528 modus,
2330 2463 2625 2534 nobisque
2657 2464 2902 2520 minime
2933 2470 3135 2527 notus,
3167 2463 3273 2537 qui
3288 2465 3462 2534 jussu

1806 2554 2040 2606 tantum
2066 2550 2451 2622 imperatorio
2481 2551 2568 2607 ﬁt.
2600 2570 2629 2605 ν
2659 2555 2726 2608 Et
2753 2553 2868 2618 ille,
2905 2576 2932 2605 ι(
2978 2556 3021 2610 Ο
3075 2553 3335 2609 maxime
3363 2553 3463 2608 Dei

1809 2639 2074 2706 antistes,
2108 2639 2167 2708 si_
2187 2655 2259 2696 ex
2307 2639 2586 2696 barbaris
2641 2641 2772 2714 ipse
2827 2657 3018 2712 genus
3069 2642 3352 2698 ducerem
3408 2645 3465 2697 et

1805 2726 2136 2784 barbaricis
2163 2729 2434 2785 moribus
2455 2729 2747 2786 enutritus
2779 2737 2880 2788 aut
2908 2731 3204 2788 similibus
3231 2730 3463 2801 legibus

1807 2817 2130 2874 instructus
2161 2819 2433 2888 fuissem,
2465 2819 2782 2876 barbarico
2821 2822 2999 2878 etiam
3043 2821 3226 2877 modo
3253 2836 3466 2892 poenas

1805 2906 2051 2963 lucrem.
2083 2907 2196 2962 Sed
2245 2908 2289 2962 si
2324 2911 2630 2964 Romanus
2658 2914 2716 2965 et
2743 2926 2815 2964 ex
2843 2911 3151 2979 Romanis,
3180 2909 3465 2966 Romanis

1805 2995 2040 3066 legibus
2065 3000 2122 3052 et
2161 2997 2392 3068 scriptis
2417 2997 2838 3052 traditionibus
2856 2998 3152 3070 judicium
3191 2998 3463 3053 termine-

1808 3089 1920 3141 tur.
1943 3106 1964 3134 ι
1992 3084 2089 3140 ille
2105 3085 2303 3157 itaque
2313 3085 2551 3156 juvenis
2577 3087 2958 3143 sermonibus
2981 3087 3154 3159 quasi
3176 3086 3462 3142 attonitus

75 3173 175 3224 καὶ
239 3169 295 3222 ἑκ
378 3169 660 3242 Ῥωμαίων,
740 3172 875 3224 κατὰ
946 3174 1136 3243 νόμους
1205 3168 1527 3241 Ῥωμαίκοὺς
1603 3188 1641 3221 κη

1903 3173 2073 3230 chael
2095 3190 2359 3246 namque
2391 3177 2732 3231 Comnenus
2767 3175 3090 3247 septimum
3122 3179 3264 3230 tunc
3299 3180 3356 3230 et
3382 3176 3463 3230 vi-

77 3254 406 3332 παραδόσεις
460 3257 752 3334 ἐγγράφους
797 3261 826 3318 ἡ
875 3263 1051 3333 χρίσις
1089 3259 1490 3334 τερματισθὴτω
1533 3279 1642 3331 μοι.
1671 3282 1698 3309 ››

86 3349 314 3409 Ἐκεῖνος
356 3351 445 3422 μὲν
491 3345 578 3400 οὖν
626 3355 735 3410 τοῖς
775 3348 951 3420 λόγοις
997 3349 1102 3401 οἷον
1159 3354 1252 3400 τοῦ
1318 3351 1515 3401 νεανίου
1557 3346 1700 3400 ἐκπε-

81 3437 381 3510 πληγμένος
432 3436 690 3508 (εἰκοστὸν
752 3440 855 3512 γὰρ
902 3442 993 3489 καὶ
1044 3433 1265 3509 ἕϐδομον
1325 3432 1534 3494 διήνυεν
1591 3438 1700 3498 ἔτος

84 3525 113 3577 ὀ
147 3528 415 3598 Κομνὴνός
468 3525 715 3598 Μιχαὴλ)
761 3530 963 3597 καὶτῷ
1011 3529 1083 3598 μὴ
1133 3525 1182 3576 ἐν
1241 3531 1536 3597 συμφοραῖς
1586 3527 1702 3578 τού-

86 3619 182 3666 του
231 3613 375 3674 ὄντος
435 3616 493 3666 τό
549 3613 717 3685 εὐγνὲς
781 3620 872 3666 τοῦ
951 3618 1284 3689 φρυνὴματος
1359 3617 1701 3666 καταπίπτειν

88 3699 230 3774 μηδὲ
262 3706 321 3756 τό
351 3711 450 3756 τῶν
501 3704 774 3776 νοημάτων
848 3701 1022 3775 χαλᾴν
1076 3701 1404 3770 εὐεπὴϐολον,
1444 3704 1570 3776 πρὸς
1613 3704 1701 3753 τὸν

91 3790 319 3864 βασιλέα
355 3791 510 3845 ἕλθὼν
565 3794 665 3845 ὅσα
706 3796 790 3845 κέν
835 3789 924 3844 οὖν
979 3791 1112 3844 εἶπεν
1165 3791 1351 3852 ἐκεῖνος
1415 3791 1568 3852 αὐτὸς
1607 3790 1701 3842 οὐκ

90 3877 236 3951 οἶδα,
276 3883 480 3944 πάντως
544 3878 604 3935 δὲ
655 3882 802 3935 ταῦτ’
855 3881 1026 3955 ἔμελλε
1071 3880 1214 3945 λέξαὶ
1253 3883 1355 3934 ὅσα
1398 3900 1450 3934 τε
1496 3886 1587 3932 καὶ
1617 3881 1702 3932 οἷα

90 3975 331 4031 ἤκουσεν.
395 3979 439 4025 0
464 3974 555 4044 μὲν
604 3969 693 4024 οὖν
744 3971 995 4044 βασιλεὺς
1048 3969 1324 4047 διάπειραν
1377 3970 1569 4029 πολλὴν
1612 3989 1700 4023 πε-

89 4067 316 4122 ποιηκώς
364 4061 469 4134 οὐχ
523 4061 636 4136 εὗρε
715 4062 848 4114 κατά
899 4081 950 4114 τι
1002 4064 1088 4114 τόν
1143 4063 1408 4133 Κομνηνὸν
1477 4060 1701 4132 Μιχαὴλ

90 4151 176 4202 ὑπ’
209 4149 378 4202 αἰτίαν
410 4155 552 4217 ὄντα,
584 4155 674 4203 καὶ
731 4158 900 4204 ταῦτα
951 4156 1042 4203 καὶ
1099 4153 1185 4202 τόν
1228 4149 1454 4202 ἀναίτιον
1504 4149 1576 4212 εἰς
1623 4149 1698 4201 αἰ-

91 4243 206 4293 τίαν
263 4240 402 4310 ἄγων
453 4247 516 4312 τῇ
562 4238 660 4313 βίᾳ
717 4239 746 4298 ὴ
807 4247 909 4292 τῶν
952 4239 1116 4311 λόγων
1168 4239 1198 4299 ἦ
1264 4247 1362 4291 τῶν
1403 4243 1695 4311 μαστίγων.

96 4331 288 4390 Πάντες
323 4332 426 4403 γὰρ
493 4328 832 4402 ἀπεφαίνοντο
891 4331 941 4382 οἰ
993 4349 1048 4382 τε
1099 4338 1199 4382 τῶν
1250 4333 1484 4383 Λατίνων
1532 4329 1581 4381 οἵ
1646 4348 1699 4382 τε

92 4427 189 4470 τῶν
233 4417 518 4491 Ῥωμαίων,
591 4439 680 4471 χαι
727 4419 958 4491 μάλιστα
1020 4428 1118 4471 τῶν
1178 4423 1434 4485 Λατίνων,
1479 4417 1586 4470 ἐπεί
1640 4437 1698 4488 γε

94 4507 242 4560 αὗτοι
296 4507 687 4581 ίλςνθερώτερον
724 4518 962 4582 χρῶνται
1012 4516 1073 4581 τῇ
1130 4508 1333 4581 γλώττῃ
1386 4511 1512 4580 πρὸς
1578 4510 1696 4567 τούς

98 4593 374 4664 δεσπότας,
411 4596 578 4650 ἀθῶον
623 4596 750 4650 εἶναι
798 4597 884 4650 ἐπὶ
939 4604 1070 4651 πᾶσι
1131 4617 1217 4649 τον
1279 4600 1540 4670 Κομνὴνόν
1597 4603 1696 4650 Μι-

95 4687 260 4758 χαὴλ.
310 4686 552 4741 ’Ἡκουσα
583 4684 758 4740 δὲκαὶ
799 4687 956 4749 αὐτός
1013 4685 1097 4751 ἐπὶ
1155 4694 1215 4759 τῇ
1274 4691 1446 4760 κρίσει
1497 4690 1695 4760 παρὼν,

100 4775 179 4851 [Ρ.
231 4777 319 4848 54]
363 4782 454 4830 καὶ
498 4781 590 4830 σὺν
643 4776 759 4850 ἐμοὶ
819 4778 846 4830 6
903 4780 1192 4844 Μακρωτὸς
1241 4775 1500 4838 Ἰωάννης,
1551 4778 1698 4847 τάχα

96 4871 186 4918 καὶ
236 4867 382 4939 ἡμεῖς
460 4868 928 4940 συναριθμούμενοι
973 4872 1085 4927 τοῖς
1128 4870 1368 4939 κρίνουσι
1416 4867 1545 4940 πρὸς
1601 4872 1694 4917 τοῦ

97 4953 352 5028 βασιλέως
407 4958 476 5018 ὡς
553 4955 714 5018 ξύλων
772 4957 833 5008 ἄν
907 4974 1042 5018 τινες
1130 4951 1296 5028 μηδὲν
1367 4950 1698 5027 διαφέροντες

94 5043 290 5098 ἐνταῦθ’
336 5047 595 5101 ἵστανται.
665 5045 933 5101 Ἐϐούλετο
979 5048 1081 5118 γὰρ
1133 5047 1333 5107 πάντας
1375 5044 1490 5096 κατ’
1534 5043 1694 5096 αὐτοῦ

97 5133 548 5206 συμψηφίζεσθαι.
579 5134 728 5207 Ἡμῖν
779 5131 837 5187 δὲ
886 5134 980 5186 οὐκ
1031 5132 1092 5192 ἧν
1157 5134 1328 5205 λόγος,
1380 5134 1498 5186 ἄνευ
1537 5132 1694 5205 λόγου

91 5231 182 5277 τοῦ
231 5223 454 5295 Μιχαὴλ
512 5231 782 5297 Κομνηνοῦ
862 5228 1183 5298 κρινομένου.
1271 5223 1522 5296 Ἐφιλεῖτο
1589 5225 1693 5296 γὰρ

96 5312 229 5386 (φίλη
255 5332 313 5384 γε
356 5314 386 5371 ὴ
430 5311 668 5383 ἀληθεια)
706 5313 763 5366 οὐ
805 5318 936 5386 πρός
997 5315 1142 5386 ὴμῶν
1199 5317 1288 5364 καὶ
1345 5316 1518 5384 μόνον,
1565 5310 1694 5364 ἀλλὰ

94 5407 181 5454 καὶ
211 5405 334 5475 πρὸς
361 5405 555 5464 παντὸς
582 5411 682 5455 τῶν
748 5401 796 5455 ἕν
839 5402 969 5455 τέλει
1013 5410 1110 5454 τῶν
1140 5421 1193 5454 τε
1248 5410 1554 5475 στρατηγῶν
1591 5409 1690 5453 τῶν

96 5510 148 5545 τε
179 5499 505 5565 στρατιωτῶν
544 5497 634 5544 καὶ
665 5491 829 5545 αὐτῶν
871 5499 971 5544 τῶν
1035 5499 1130 5554 τῆς
1177 5487 1470 5562 ξύγκλυδος
1524 5511 1536 5523 ·
1585 5498 1695 5553 τοῖς

97 5599 148 5633 τε
175 5582 271 5655 γὰρ
320 5582 592 5643 νεάζουσιν
647 5577 777 5641 ἡδὺς
833 5577 894 5639 ἦν
950 5585 1039 5632 καὶ
1085 5585 1355 5655 προσηνὴς
1387 5579 1576 5652 ὁμιλῶν
1607 5585 1696 5632 καὶ

100 5687 297 5744 χαριεις
354 5668 403 5725 ἓν
473 5669 646 5746 λόγοις
693 5675 784 5723 καὶ
831 5669 883 5723 ἐν
955 5665 1304 5746 ἔπιτηδεύμαι
1359 5666 1692 5738 δεξιώτατος,

1810 3263 2105 3334 gesimum
2149 3279 2377 3318 annum
2420 3262 2687 3333 agebat),
2726 3269 2783 3319 et
2820 3263 2987 3336 quod
3025 3263 3084 3319 in
3128 3263 3466 3319 infortuniis

1809 3351 1955 3408 nihil
1993 3351 2068 3406 de
2114 3350 2418 3420 generosis
2472 3352 2936 3421 cogitationibus
2983 3352 3318 3408 demitteret
3354 3367 3466 3408 nec

1811 3441 2241 3496 sententiarum
2277 3440 2656 3510 ingeniosum
2685 3457 2755 3498 ac
2784 3442 3062 3497 dextrum
3103 3442 3347 3505 laxaret,
3389 3440 3466 3498 ad

1809 3529 2232 3601 imperatorem
2267 3530 2542 3591 accurrit,
2573 3536 2632 3586 et
2659 3546 2938 3604 quaenam
2972 3531 3099 3604 ipse
3125 3531 3337 3588 dixerit
3365 3547 3466 3588 ne-

1811 3616 1956 3686 scio,
1984 3622 2247 3673 attamen
2277 3616 2445 3672 illum
2474 3633 2853 3691 quaecunque
2887 3617 3182 3685 audierat,
3209 3635 3319 3674 nec
3349 3619 3467 3676 alia

1809 3703 2034 3761 dixisse
2053 3705 2280 3776 judico.
2303 3705 2487 3775 Igitur
2515 3707 2838 3779 imperator
2889 3713 3030 3778 post
3053 3709 3220 3763 varia
3249 3708 3464 3764 multa-

1809 3809 1925 3868 que
1955 3795 2365 3866 experimenta
2393 3794 2613 3850 nullius
2646 3795 2913 3850 criminis
2965 3801 3068 3851 aut
3116 3796 3256 3851 facti
3294 3812 3464 3851 reum

1809 3882 2149 3940 Michaelem
2180 3887 2552 3940 Comnenum
2571 3883 2982 3956 deprehendit,
3014 3899 3206 3955 eoque
3233 3883 3467 3955 potissi-

1808 3987 1999 4038 mum,
2016 3971 2180 4044 quod
2195 3972 2572 4028 innocentem
2590 3977 3007 4028 etsermonum
3025 3971 3467 4040 etﬂagellorum

1807 4061 1866 4116 vi
1893 4077 2064 4117 reum
2094 4067 2425 4133 perageret.
2476 4063 2696 4118 Omnes
2742 4063 2901 4117 enim
2940 4061 3065 4118 sive
3113 4062 3299 4117 Latini
3342 4063 3467 4117 sive

1808 4151 2080 4221 Romani,
2115 4150 2216 4205 sed
2250 4150 2513 4206 maxime
2553 4150 2756 4214 Latini,
2781 4151 2886 4223 qui
2913 4166 3014 4206 ore
3057 4150 3331 4206 liberiore
3359 4151 3465 4206 ad-

1806 4255 2044 4294 versum
2057 4237 2694 4311 dominosloquuntur,
2718 4239 3056 4296 Michaelem
3082 4241 3464 4322 Comnenum

1807 4328 2079 4385 omnium
2094 4327 2578 4400 planeinsontem
2598 4329 2976 4400 judicabant.
3006 4332 3127 4400 Ego
3155 4330 3336 4385 etiam
3365 4328 3469 4402 qul

1800 4419 2031 4490 judicio
2061 4418 2466 4488 interfueram,
2501 4427 2555 4475 et
2588 4435 2709 4476 una
2765 4436 3003 4474 mecum
3062 4423 3324 4476 Joannes
3351 4423 3460 4477 Ma-

1807 4514 2027 4576 crotus,
2055 4513 2303 4580 uterque
2339 4508 2416 4563 ab
2437 4508 2794 4580 imperatore
2824 4511 2975 4565 inter
2995 4509 3230 4581 judices
3261 4525 3461 4565 annu-

1807 4596 2033 4667 merati,
2068 4597 2392 4653 nonnullos
2427 4597 2575 4652 nihil
2607 4613 2644 4653 a
2684 4597 2862 4668 lignis
2894 4598 3188 4654 distantes
3242 4599 3468 4654 ibidem

1806 4687 2090 4743 interesse
2119 4686 2337 4742 audivi.
2372 4689 2642 4758 Namque
2673 4687 2766 4743 ille
2794 4688 3034 4744 volebat
3055 4695 3120 4744 ut
3147 4705 3362 4744 omnes
3396 4688 3472 4742 si-

1807 4776 1932 4832 mul
1958 4776 2019 4831 in
2044 4792 2182 4831 eum
2207 4775 2562 4831 sententiam
2585 4775 2823 4832 ferrent.
2856 4777 2969 4833 Sed
3001 4793 3111 4832 nos
3143 4777 3235 4832 his
3269 4793 3467 4849 neque

1807 4865 2268 4922 attendebamus
2288 4879 2485 4938 neque
2507 4865 2971 4921 advertebamus
2998 4865 3291 4932 animum,
3326 4881 3465 4920 cum

1805 4957 2149 5011 Comnenus
2189 4953 2432 5010 Michael
2463 4953 2692 5026 absque
2753 4954 2926 5026 106
2961 4953 3080 5008 ulla
3137 4953 3368 5009 ratione
3397 4953 3460 5010 in

1799 5042 2094 5115 judicium
2149 5047 2480 5100 vocaretur.
2537 5041 2904 5112 Diligebatur
2954 5041 3194 5108 etenim,
3238 5041 3321 5099 ita
3367 5059 3466 5099 me

1803 5136 1964 5188 amet
1986 5132 2357 5200 veritas,non
2379 5148 2415 5186 a
2437 5131 2612 5187 nobis
2634 5130 2840 5199 modo,
2865 5130 2973 5186 sed
2990 5130 3069 5187 ab
3094 5147 3464 5204 unoquoque

1803 5221 2092 5291 dignitate
2123 5219 2530 5292 praefulgente,
2557 5219 2908 5276 ductoribus
2956 5220 3290 5292 copiarum,
3355 5220 3463 5276 mi-

1802 5310 2022 5381 litibus,
2047 5311 2332 5366 convenis
2367 5327 2380 5377 ;
2409 5325 2546 5364 cum
2557 5308 2899 5380 junioribus
2931 5309 3146 5378 dulcis,
3179 5326 3288 5364 usu
3324 5308 3468 5366 faci-

1803 5400 1897 5468 lis,
1929 5399 2168 5472 eloquin
2182 5399 2401 5470 suavis,
2429 5399 2502 5453 ad
2516 5398 2755 5467 agenda
2770 5398 3206 5471 tractandaque
3225 5399 3467 5470 negotia

1804 5489 2194 5558 incredibilis,
2220 5487 2464 5543 senibus
2493 5491 2550 5542 et
2568 5502 2843 5543 sermone
2859 5492 2916 5543 et
2937 5488 3255 5559 prudentia
3283 5504 3466 5544 senex

1804 5578 2159 5644 habebatur,
2185 5577 2357 5648 cujus
2381 5576 2691 5649 impendio
2722 5577 3156 5633 consuetudine
3187 5577 3268 5634 illi
3299 5577 3464 5634 oble-

1805 5666 2142 5725 ctabantur.
2163 5668 2296 5723 Haec
2319 5670 2522 5723 tamen
2543 5665 2626 5723 ita
2643 5669 2944 5723 annuente
2965 5667 3218 5723 Numine
3240 5667 3302 5723 in
3325 5682 3465 5723 eum
