3966 6324
507 387 645 442 1115

1793 382 2081 440 GEORGII
2110 381 2581 440 ACROPOLITJE

504 509 1595 584 patratasunt,quandoquidem,cum
1617 525 1686 566 ac
1710 508 2158 582 imperatorium
2193 512 2239 566 Α
2270 528 2315 560 τι

2270 515 2374 568 τοῖς
2402 527 2456 560 τε
2482 511 2699 582 γέρουσι
2740 508 2957 581 γηραιὸς
2983 501 3153 558 ἑδόκει
3208 506 3296 555 τὸν
3335 501 3493 573 λόγον
3555 519 3622 554 τε
3677 504 3777 552 καὶ
3821 503 3899 557 ri‘

506 601 743 658 culmen
773 600 1034 657 attollere
1052 600 1412 656 decrevisset
1440 617 1602 664 eum,
1631 606 1687 656 et
1727 606 2160 656 tormentorum

503 691 641 759 igne
688 695 745 746 et
774 690 1320 762 experimentorum
1351 689 1702 746 conﬂatorio
1748 689 2042 761 probavit,
2086 704 2160 744 ne

505 781 564 836 in
587 779 801 835 solium
853 784 1092 834 evectus
1130 777 1448 834 calumniis
1476 784 1533 834 et
1579 777 2067 834 accusationibus
2089 793 2161 833 ex

503 868 660 925 facili
683 868 968 935 crederet,
996 884 1192 940 neque
1230 884 1301 924 eo
1332 869 1391 923 in
1437 868 1568 924 loco
1620 869 2006 937 constitutus,
2037 882 2161 940 quo

503 958 798 1030 quidquid
827 957 1066 1014 libuerit
1085 973 1261 1027 agere
1284 964 1508 1030 posset,
1560 958 1698 1031 plus
1723 958 1887 1030 justo
1911 957 2161 1013 celerius

503 1047 847 1103 decerneret
876 1063 947 1104 ac
999 1048 1444 1104 determinaret.
1484 1050 1698 1102 Verum
1755 1047 2055 1102 enimvero
2098 1047 2160 1102 in

504 1137 634 1193 aliis
665 1137 864 1204 etiam,
887 1142 952 1193 ut
979 1137 1354 1210 subsequens
1377 1138 1568 1193 oratio
1590 1137 1895 1204 indicabit,
1921 1140 1962 1192 Ν
1973 1136 2162 1192 umini

503 1225 794 1298 probatus
825 1231 929 1283 est.
961 1227 1025 1281 In
1055 1232 1319 1283 extremo
1349 1227 1590 1296 negotio
1621 1227 1969 1299 imperator,
1995 1225 2161 1298 quod

504 1316 682 1371 etiam
707 1316 833 1388 ipse
863 1315 1170 1372 auditione
1206 1332 1583 1390 acceperam,
1606 1316 1968 1381 enuntiarat,
2008 1337 2035 1366 «
2065 1317 2159 1369 Vae

505 1404 726 1461 misero
763 1405 888 1474 tibi,
912 1421 1180 1477 quanam
1218 1405 1408 1475 gloria
1463 1405 1730 1460 cecidisti
1760 1406 1772 1460 !
1808 1427 1836 1456 η
1877 1405 1940 1459 ld
1981 1419 2161 1476 porro

506 1496 648 1556 erat,
684 1495 1110 1566 imperatorem
1151 1495 1328 1549 ﬁxius
1374 1494 1578 1549 animo
1611 1494 1869 1564 agitasse
1897 1498 2159 1564 neptem,

506 1581 762 1653 primam
799 1583 987 1639 ﬁliam
1043 1583 1146 1638 ﬁlii
1187 1584 1279 1638 sui
1323 1583 1669 1656 imperatori
1711 1581 2022 1648 Theodori,
2053 1584 2159 1636 Ire-

505 1687 798 1745 nen,qu&3
818 1673 933 1744 ipsi
953 1673 1244 1729 Michaelis
1276 1672 1523 1728 secundi
1565 1671 1909 1728 consobrini
1927 1671 2014 1726 sui
2036 1670 2160 1726 ﬁlia

507 1766 653 1828 erat,
677 1761 936 1817 Michaeli
962 1764 1102 1818 Com
1113 1778 1267 1817 neno
1291 1761 1350 1817 in
1369 1762 1820 1817 matrimonium
1840 1760 2155 1816 collocare.

2273 601 2500 666 σύνεσιν,
2566 601 2653 648 καὶ
2704 595 2968 656 ἀσπάσιος
3023 594 3202 656 αὐτοῖς
3244 592 3533 665 ἐνομίζετο.
3600 595 3716 643 Καὶ
3767 589 3896 640 ταῦτ’

2269 683 2378 742 οὖν.
2448 691 2518 747 ὡς
2595 683 2762 758 οἶμαι,
2832 690 3036 756 γέγονεν
3109 683 3187 736 ἐπ’
3238 683 3373 753 αὖτῷ
3445 677 3780 754 δοκιμασίᾳ
3822 687 3897 730 τοῦ

2267 781 2575 849 κρείττονος.
2617 776 2731 828 Ἐπὶ
2791 776 2892 847 γὰρ
2942 774 3016 835 εἰς
3067 777 3162 831 τήν
3191 771 3465 845 βασίλειον
3515 767 3719 842 ἔμελλε
3782 773 3894 829 Θεές

2269 863 2588 918 ἀναϐιϐάσαι
2642 871 2822 916 τοῦτον
2875 867 3165 936 περιωπήν,
3229 869 3302 932 τῷ
3347 869 3446 912 τῶν
3491 857 3770 932 βασάνων
3791 865 3896 930 res:

2267 960 2357 1007 καὶ
2400 961 2470 1024 τῷ
2521 950 2798 1026 διαπείρας
2857 956 3200 1024 χωνευτηρίῳ
3257 946 3653 1022 δεδοκίμοαιν,
3719 949 3802 999 ἶνα
3838 953 3891 1017 μὲ

2269 1044 2337 1104 εἰς
2365 1047 2452 1097 τὸν
2494 1041 2758 1115 βασίλειον
2790 1041 2982 1103 ἀναϐἀς
3031 1043 3208 1115 θρόνον
3257 1040 3384 1114 ῥᾷον
3440 1042 3571 1110 ἔχοι
3636 1040 3891 1089 πιστεύειν

2270 1131 2536 1194 διαϐολαῖς
2614 1137 2702 1185 καὶ
2771 1136 3304 1204 συκοφαντίαις,μήτε
3358 1131 3553 1181 θᾶττον
3617 1130 3730 1188 τὰς
3791 1129 3895 1178 ἀπε-

2269 1227 2449 1297 φάσεις
2488 1231 2649 1276 ποιεῖν
2688 1222 2764 1276 ἄπ’
2816 1223 3025 1295 ἐξουσίᾳ
3065 1228 3157 1274 τοῦ
3214 1223 3454 1295 πράττειν
3519 1222 3593 1270 τά
3647 1217 3895 1290 βουλητέα

2266 1317 2611 1386 γενενημένος.
2667 1313 2743 1366 Οὐ
2793 1318 2898 1386 μὴν
2942 1317 3032 1364 καὶ
3090 1310 3140 1363 ἕν
3181 1310 3355 1372 ἄλλοις
3396 1308 3804 1372 κπεξήτασεν,
3833 1313 3890 1367 ὡς

2268 1408 2460 1455 πτοῖὼν
2507 1405 2533 1454 6
2589 1402 2736 1474 λόγος
2790 1399 3043 1460 δηλώσει.
3090 1401 3208 1453 Ἐπὶ
3239 1396 3298 1452 δε
3355 1397 3489 1450 τέλει
3548 1405 3659 1458 τῆς
3725 1400 3891 1467 inexi-

2271 1511 2398 1554 σεως
2450 1497 2675 1550 ταυτησὶ
2732 1488 2792 1550 ἦν
2860 1492 2885 1542 6
2949 1489 3196 1563 βασιλευς
3256 1487 3493 1560 εἰρηκώς,
3557 1484 3756 1558 κάμοῦ
3810 1494 3892 1536 τῶν

2267 1582 2430 1654 λόγων
2460 1581 2808 1654 ἀκροωμένου,
2843 1601 2872 1630 ιι
2913 1579 2982 1634 Αἵ
3037 1578 3266 1644 ἐλεεινὸν,
3333 1575 3445 1636 οἳας
3493 1573 3679 1638 δόξης
3732 1574 3890 1637 ἑξέτη-

2270 1691 2374 1734 σες,
2403 1693 2430 1720 »
2456 1675 2525 1724 T6
2558 1669 2616 1724 δὲ
2650 1668 2710 1728 ἦν
2738 1672 2818 1722 ὅτι
2857 1689 2950 1743 περ
2993 1671 3125 1743 πρὸς
3184 1665 3491 1740 βουλήσεως
3539 1662 3606 1723 ἦν
3671 1673 3748 1735 τῷ
3797 1662 3892 1735 βα-

2269 1761 2404 1814 σιλεῖ
2438 1765 2530 1818 τὴν
2585 1759 2800 1830 ἕγγὸνην
2844 1759 3042 1821 αὑτοῡ,”
3075 1761 3169 1815 τὴν
3225 1761 3433 1829 πρώτην
3501 1755 3788 1827 θυγάτέρα
3811 1761 3892 1804 τοῦ

509 1851 680 1915 Quod
707 1856 763 1906 et
795 1851 855 1907 in
902 1853 1260 1924 imperatore
1298 1852 1525 1909 Joanne
1583 1852 1833 1924 aliisque
1884 1850 2158 1924 pluribus
2191 1862 2228 1916 Β
2267 1853 2315 1903 υἱ

2267 1853 2382 1903 υἱοῦ
2449 1849 2610 1902 αὐτοῦ
2675 1855 2768 1901 τοῦ
2825 1846 3077 1920 βασιλέως
3145 1841 3423 1918 Θεοδώρου
3477 1848 3582 1901 τὴν
3643 1843 3890 1917 Εἰρήνην,

508 1939 732 1996 factum
764 1945 869 1996 est.
899 1944 962 1996 Et
987 1941 1078 1997 his
1106 1941 1312 1998 aﬁinia
1343 1958 1464 1998 non
1496 1942 1613 1997 alia
1643 1943 1872 1997 ratione
1918 1940 2156 1996 evenire

507 2043 870 2086 consuevere
904 2050 915 2086 :
951 2031 1085 2086 licet
1122 2032 1281 2086 enim
1313 2031 1391 2087 ab
1411 2030 1672 2086 Ecclesia
1697 2029 2152 2102 prohibeantur.

504 2121 765 2174 attamen
793 2119 1047 2193 publica;
1076 2120 1524 2189 gubernationis
1554 2135 1739 2176 causa
1785 2125 1964 2191 atque
1995 2134 2158 2174 com-

503 2208 666 2263 modi
698 2209 1160 2281 imperatoribus
1192 2211 1631 2282 permittuntur.

503 2299 637 2350 οὕτω
703 2319 812 2360 πως
870 2300 1172 2372 συμϐαίνειν
1233 2322 1245 2333 ·

502 2389 718 2460 μηθείας
737 2391 898 2460 χάριν
924 2394 1012 2441 καὶ
1041 2397 1134 2440 τοῦ
1177 2394 1546 2462 συμφέροντος.

572 2478 840 2548 51.107
877 2478 1054 2547 Igitur
1089 2478 1432 2549 imperator,
1467 2476 1650 2532 modo
1667 2477 1726 2532 in
1750 2491 1873 2549 quo
1889 2475 2156 2531 diximus

499 2564 815 2635 quaastioni
872 2565 991 2621 ﬁne
1037 2567 1342 2637 imposito,
1401 2566 1697 2622 Orientem
1750 2563 2147 2637 progreditur,

501 2655 560 2706 et
601 2652 941 2708 Michaelem
995 2654 1371 2709 Comnenum
1452 2659 1799 2726 suspectum
1866 2651 2147 2708 habebat.

501 2741 754 2805 Quando
777 2758 913 2797 vero
943 2747 999 2798 et
1025 2743 1258 2812 generis
1278 2743 1570 2798 claritudo
1599 2749 1656 2798 et
1684 2759 1819 2798 cum
1855 2742 1986 2814 ipso
2007 2757 2144 2797 con-

495 2831 748 2902 junctio,
772 2847 1006 2888 necnon
1026 2849 1164 2889 cum
1192 2833 1580 2904 magnatibus
1607 2832 1703 2889 aﬁi
1715 2833 1868 2889 nitas
1891 2848 2008 2888 non
2029 2847 2157 2905 per-

498 2921 1174 2995 mittebantimperatori
1235 2929 1300 2979 ut
1337 2940 1431 2979 res
1470 2923 1548 2978 ab
1589 2939 1660 2979 eo
1692 2927 1888 2992 gestas
1914 2922 2159 2977 habere:

499 3011 888 3083 contemptui,
914 3012 1088 3076 mittit
1109 3029 1244 3068 eum
1270 3013 1344 3068 ad
1385 3013 1737 3077 Manuelem,
1767 3012 1871 3084 qui
1902 3027 1974 3066 ea
2015 3017 2159 3065 tem-

496 3104 724 3172 pestate
742 3100 1179 3172 patriarchatus
1195 3101 1616 3172 gubernaculis
1631 3100 2158 3168 assidebat,virum

498 3189 714 3260 pietate
754 3190 1054 3261 insignem
1110 3196 1166 3247 et
1212 3192 1346 3246 vitae
1400 3191 1688 3257 instituto,
1730 3189 1864 3244 licet
1905 3204 2156 3244 uxorem

497 3277 787 3340 duxisset.
808 3281 1218 3336 venerandum
1232 3325 1244 3347 ,
1261 3281 1461 3336 literas
1485 3286 1685 3335 tamen
1703 3279 1866 3334 haud
1883 3278 2151 3342 doctum,

499 3383 635 3422 cum
666 3384 777 3422 nec
803 3384 1011 3424 eorum
1043 3369 1397 3424 sententiam
1431 3385 1566 3441 quae
1623 3369 1750 3440 ipse
1782 3374 2155 3439 percurrerat

498 3461 738 3526 caperet
789 3475 802 3523 ;
858 3473 1041 3528 quem
1091 3457 1309 3529 scripto
1357 3457 1682 3529 imperator
1716 3457 2040 3529 compellat
2090 3461 2154 3513 ut

498 3543 693 3616 poenis
705 3559 948 3616 quoque
966 3546 1185 3601 exactis
1201 3546 1540 3602 Michaelem
1567 3548 1936 3601 Comnenum
1968 3546 2150 3601 incre-

499 3638 688 3705 paret,
705 3633 958 3706 jureque
983 3634 1245 3706 jurando
1271 3634 1455 3690 ﬁdem
1478 3635 1633 3690 illius
1662 3634 2151 3704 alligaret,nullas

499 3737 637 3777 eum
678 3723 1074 3795 imposterum
1109 3724 1401 3779 adversus
1435 3725 1860 3796 imperatorem
1901 3723 2151 3778 insidias

499 3811 844 3868 moliturum
853 3813 986 3883 ,sed
1008 3813 1195 3868 ﬁdum
1221 3830 1289 3869 ac
1314 3813 1728 3885 incorruptum
1752 3813 1810 3868 in
1833 3813 2149 3869 dominum

499 3901 721 3956 amoris
747 3901 1102 3974 obsequium
1117 3901 1541 3966 exhibiturum,
1571 3902 1676 3957 Ubi
1693 3918 1764 3957 ea
1797 3917 1890 3957 res
1907 3902 1991 3956 sic
2016 3917 2152 3956 eve—

499 3989 604 4056 nit,
619 3990 942 4062 imperator
956 3992 1330 4046 Comnenum
1346 3991 1404 4046 in
1420 3990 1672 4060 gratiam
1685 3989 1914 4061 recipit,
1947 3989 2151 4061 illique

498 4077 694 4134 fratris
732 4079 825 4134 sui
874 4079 1368 4136 sebastocratoris
1429 4079 1638 4134 lsaacii
1690 4082 1862 4135 Ducas
1908 4083 2149 4150 neptem

498 4167 870 4224 Theodoram
883 4174 1140 4240 nuptum
1155 4168 1515 4240 deditquam
1529 4169 1771 4224 unicam
1787 4173 1953 4240 pater
1967 4168 2144 4232 illius,

501 4255 988 4312 sebastocratoris
1013 4257 1168 4311 ﬁlius
1199 4257 1480 4323 Joannes,
1517 4258 1574 4312 in
1601 4257 2002 4313 adolescentia
2027 4257 2150 4314 fato

501 4342 758 4414 functus,
791 4344 1127 4415 reliquerat.
1154 4345 1307 4400 Obiit
1325 4347 1603 4416 equidem
1636 4346 1729 4401 ille
1747 4362 1930 4401 uxore
1953 4346 2148 4401 Eudo-

501 4431 593 4486 cia
623 4432 827 4501 Angeli
859 4433 1108 4487 Joannis
1131 4433 1252 4488 ﬁlia
1301 4435 1510 4502 vidua,
1557 4434 1786 4505 pupilla
1838 4450 1978 4490 vero
2029 4435 2152 4490 ﬁlia

503 4518 845 4585 Theodora,
876 4538 1010 4593 qua:
1046 4522 1175 4592 jam
1217 4527 1340 4578 tum
1381 4538 1503 4577 non
1554 4522 1887 4578 infelicibus
1936 4523 2151 4579 avibus

502 4611 806 4665 Comneno
860 4609 1122 4666 Michaeli
1177 4614 1390 4682 juncta
1457 4611 1668 4672 fuerat.
1704 4611 1928 4678 relicta,
1963 4619 2154 4669 mater

2266 1937 2539 1992 ἐπιδοῦναι
2593 1947 2663 1990 τῶ
2717 1944 2965 2010 Κομνηνῷ
3013 1935 3237 2007 Μιχαὴλ
3294 1933 3364 1996 εἰς
3427 1935 3741 2006 ὁμόκοιτιν.
3801 1932 3891 1984 Ἤδ

2265 2026 2325 2082 δε
2363 2028 2493 2086 αὕτη
2542 2032 2673 2102 πρὸς
2718 2031 2805 2078 τὸν
2871 2024 3092 2097 Μιχαὴλ
3142 2022 3329 2094 ἀνεψιὰ
3395 2017 3887 2094 δευτερεξαδᾶιρον

2266 2120 2521 2190 θυγάτηρ.
2572 2116 2726 2170 Ἀλλά
2779 2122 2931 2168 τοῦτο
2985 2118 3074 2166 καὶ
3117 2113 3202 2166 ἐπὶ
3260 2120 3333 2181 τῷ
3379 2109 3601 2183 βασιλεῖ
3657 2109 3875 2181 Ἰωάννη

2263 2206 2452 2279 ἐγενετο
2477 2211 2565 2258 καὶ
2596 2205 2644 2258 ἐν
2692 2204 2923 2258 πελίοσιν
2971 2202 3164 2269 ἀλλοις,
3218 2206 3306 2253 καὶ
3352 2199 3495 2252 εἴωθε
3539 2202 3606 2251 τά
3659 2207 3886 2252 τοιαῦτα

1305 2299 1400 2352 κάν
1451 2303 1553 2374 γὰρ
1615 2308 1675 2371 τῇ
1727 2298 2016 2370 Ἐκκλησία
2079 2295 2384 2366 κεκώλυται,
2445 2294 2574 2348 ἀλλά
2635 2302 2746 2356 τοῖς
2791 2293 3098 2367 βασιλεῦσιν
3145 2290 3338 2364 ἕφείται
3383 2293 3478 2352 τῆς
3519 2297 3712 2352 κοινῆς
3773 2308 3890 2360 προσ

2338 2494 2430 2528 να.
2490 2480 2548 2526 Ὀ
2596 2475 2685 2546 μὶν
2733 2472 2780 2507 ³⁸
2821 2468 2908 2523 οὖν
2940 2469 3187 2543 βασιλεύς
3215 2469 3407 2521 οὕτωσὶ
3465 2469 3535 2519 τὰ
3590 2475 3697 2527 τῆς
3763 2469 3886 2518 ὑπο-

2270 2565 2456 2625 θέσεως
2518 2560 2774 2624 διαλύσας
2817 2560 2890 2622 εἰς
2940 2565 3030 2618 τὴν
3069 2560 3134 2611 ἔω
3193 2557 3368 2631 ἀπῄει,
3419 2559 3446 2608 6
3482 2553 3545 2609 δέ
3605 2560 3886 2628 Κομνηνός

2266 2653 2507 2724 Μιχαὴλ,
2568 2655 2633 2713 ὡς
2691 2651 2928 2725 εἰρήκειν,
2983 2647 3312 2704 ὑπεϐλέπετο.
3366 2647 3506 2700 Ἐπεὶ
3564 2643 3626 2698 δέ
3687 2650 3751 2699 τὸ
3794 2653 3881 2698 τοῦ

2265 2749 2440 2816 γένους
2494 2745 2761 2817 περιφανες
2816 2745 2903 2793 καὶ
2974 2744 3100 2814 πρός
3156 2739 3310 2791 αὐτὸν
3379 2740 3645 2809 συγγενὲς,
3709 2741 3786 2791 ἔτι
3828 2759 3884 2810 γε

2266 2837 2369 2904 μὴν
2429 2835 2486 2884 τό
2544 2835 2675 2901 πρὸς
2721 2833 2838 2890 τούς
2885 2829 3138 2902 μεγάλους
3179 2833 3389 2899 γνήσιον
3431 2829 3625 2878 τούτου
3680 2824 3779 2886 οὖς
3807 2829 3881 2877 εἷα

2266 2924 2351 2973 τὸν
2416 2919 2638 2993 βασιλέα
2675 2919 2724 2971 ἐν
2789 2923 3158 2993 περιφρονήσει
3213 2921 3378 2990 φέρειν
3406 2918 3472 2968 τὰ
3519 2913 3640 2966 κατ’
3703 2915 3876 2974 αὐτόν,

2265 3015 2316 3062 τί
2354 3016 2492 3062 ποιεῖ
2545 3028 2558 3077 ;
2605 3008 2799 3061 Στέλλει
2857 3015 3038 3060 τουτον
3093 3009 3220 3081 πρὸς
3269 3009 3358 3058 τὸν
3397 3007 3777 3078 πατριάρχην,
3825 3003 3881 3053 ὐ

2263 3097 2511 3156 Μανουὴλ
2564 3098 2645 3171 (8)
2689 3095 2750 3156 ἧν
2802 3102 2918 3150 τότε
2963 3099 3030 3149 τά
3081 3105 3174 3156 τῆς
3223 3099 3594 3169 πατριαρχίας
3626 3089 3877 3146 δηθύνων

2264 3185 2522 3256 πηδάλια,
2569 3185 2696 3262 ἀνὴρ
2771 3185 3018 3248 εὐλαϐοῡς
3089 3191 3180 3237 καὶ
3249 3183 3371 3257 βίου
3451 3187 3538 3236 καὶ
3618 3182 3878 3240 πολιτείας

2266 3285 2471 3350 σεμνῆς,
2523 3277 2566 3328 εἰ
2613 3282 2701 3329 καὶ
2756 3280 2965 3348 γυναικὶ
3030 3275 3313 3345 συνεζύγη,
3354 3271 3516 3333 ἄλλως
3572 3269 3635 3324 δε
3685 3272 3750 3324 οὗ
3794 3289 3877 3324 πε-

2262 3371 2561 3440 πειραμένος
2610 3367 2955 3441 γραμμάτων,
3023 3361 3146 3416 οὐδὲ
3211 3363 3279 3414 ὧν
3346 3361 3694 3434 ἀνεγίνωσκεν
3770 3360 3877 3414 ἀνε-

2261 3454 2445 3507 λίττων
2478 3461 2572 3513 τὴν
2593 3458 2804 3509 ἔννοιαν.
2851 3459 2952 3507 Καὶ
2979 3455 3165 3528 γράφει
3199 3455 3324 3527 πρὸς
3366 3457 3546 3503 τοῦτον
3618 3453 3645 3503 6
3710 3451 3871 3524 βασις

2260 3544 2374 3607 λεὺς
2413 3544 2682 3617 ἐπιτιμίων
2728 3543 3104 3596 καθυποϐαλείν
3164 3545 3250 3594 τὸν
3311 3544 3578 3614 Κομνηνόν
3645 3541 3876 3612 Μιχαὲλ

2260 3639 2349 3686 καὶ
2376 3633 2545 3707 ὅρκοις
2571 3633 2725 3684 αὐτὸν
2753 3629 3076 3704 ἐμπεδῶσαι,
3132 3636 3203 3704 μὴ
3249 3632 3312 3682 ἄν
3365 3649 3489 3682 ποτε
3538 3629 3878 3702 βουληθῆναι

2261 3721 2506 3774 ἀπιστίαν
2567 3725 2701 3774 κατά
2750 3729 2841 3774 τοῦ
2900 3720 3156 3794 βασιλέως
3222 3719 3526 3794 μελετῆσαι,
3597 3719 3876 3791 φυλάττειν

2262 3809 2321 3864 δὲ
2359 3814 2590 3884 καθαρὰν
2642 3811 2800 3863 αὐτοῦ
2831 3815 2924 3869 τὴν
2961 3814 3090 3883 πρὸς
3134 3813 3221 3861 τὸν
3278 3815 3569 3881 κρατοῦντα
3612 3805 3874 3861 διάθεσιν.

2260 3903 2336 3973 [Ρ.
2364 3902 2452 3972 55]
2484 3905 2659 3972 Γέγονε
2714 3908 2898 3966 ταῦτα,
2954 3905 3044 3951 καὶ
3083 3901 3108 3950 6
3159 3898 3408 3971 βασιλεὺς
3461 3903 3549 3949 τὸν
3603 3902 3875 3970 Κομνηνὸν

2261 3987 2535 4053 ἀνεδέξατο
2575 3990 2820 4062 Μιχαὴλ,
2860 3995 2947 4042 καὶ
2998 3990 3275 4059 ζεύγνυσιν
3327 3987 3463 4058 αὐτῷ
3527 3987 3597 4048 εἰς
3650 3996 3880 4058 γυναῖκα

2259 4087 2353 4132 τοῦ
2409 4075 2632 4152 ἀδελφοῦ
2683 4079 2843 4130 αὐτοῦ
2891 4085 2984 4130 τοῦ
3047 4077 3556 4150 σεϐεαστοκράτορος
3603 4076 3875 4130 Ἰσαακίου

2258 4176 2349 4220 τοῦ
2382 4170 2550 4220 Δούκα
2592 4167 2807 4240 ἑγγόνην
2855 4172 2948 4225 τὴν
2988 4163 3286 4240 Θεοδὼραν,
3333 4174 3394 4225 ἧν
3457 4169 3625 4238 μόνην
3699 4168 3724 4218 6
3785 4186 3878 4218 παο

2258 4262 2356 4331 τηρ
2384 4257 2542 4317 αὐτῆς
2580 4257 2963 4317 καταλελοιπὼς
3017 4257 3042 4307 6
3089 4263 3180 4308 τοῦ
3233 4253 3730 4328 σεϐαστοκράτορος
3768 4257 3877 4315 υἱὸς

2261 4346 2499 4409 Ἰωάννης
2551 4349 2626 4398 ἔτι
2678 4345 2724 4398 ἐν
2777 4345 3012 4418 μείραξιν
3062 4345 3130 4396 ὢν
3190 4347 3247 4396 τὸ
3309 4349 3479 4417 χρεὼν
3534 4343 3875 4418 ἐξεμέτρησε,

2260 4443 2436 4512 χήραν
2493 4439 2581 4508 μεν
2621 4441 2714 4495 τήν
2782 4436 2942 4488 αὐτοῦ
2993 4439 3225 4506 γαμετὴν
3273 4431 3754 4512 Εὐδοκίανὶἀφεὶς,
3787 4441 3877 4494 τὴν

2261 4534 2352 4578 τοῦ
2383 4525 2628 4597 Ἀγγέλου
2670 4526 2905 4578 Ἰωάννου
2947 4527 3224 4599 θυγατέρα,
3282 4526 3508 4596 ὀρφανὴν
3557 4520 3618 4576 δὲ
3660 4530 3760 4582 τὴν
3794 4526 3882 4576 α]-

2261 4623 2352 4667 τοῡ
2390 4617 2648 4686 θυγατέρα
2679 4610 2977 4686 Θεοδὼραν,
3021 4616 3139 4674 ἣτις
3196 4613 3434 4684 εὐτυχῶς
3489 4620 3564 4682 τῷ
3624 4619 3881 4686 Κομνηνῷ

501 4697 798 4770 siquidem
828 4698 985 4754 illius
1021 4699 1303 4763 Eudocia,
1325 4700 1458 4756 licet
1484 4700 1729 4755 ﬂorente
1752 4701 2003 4771 juventa
2040 4701 2150 4758 fer-
2188 4686 2229 4739 ί)
2261 4708 2315 4757 τό

2265 4708 2375 4757 τότε
2425 4703 2732 4764 συνέζευκτο
2787 4702 3027 4775 Μιχαὴλ.
3078 4701 3137 4755 Ἢ
3184 4704 3283 4773 γάρ
3327 4705 3501 4774 μήτηρ
3569 4702 3744 4764 αὐτῆς
3789 4704 3884 4756 Εὖη

497 4787 662 4857 vida,
699 4789 873 4860 108
897 4789 1018 4845 viro
1041 4805 1242 4845 carere
1267 4789 1476 4846 maluit
1506 4806 1574 4846 ac
1607 4791 1884 4846 virtutem
1918 4792 2148 4861 sectari,

501 4877 619 4933 Deo
645 4877 810 4949 freta,
837 4878 930 4934 cui
963 4893 1026 4933 se
1052 4878 1448 4950 fortunasque
1467 4896 1609 4935 suas
1633 4878 1973 4936 devoverat.
2003 4880 2149 4935 Hinc

501 4970 653 5024 Deus
693 4969 967 5024 virtutem
999 4969 1382 5026 matrimonio
1413 4970 1844 5042 compensavit.
1906 4972 1970 5026 Et
2020 4969 2148 5025 haec

499 5057 744 5131 quidem
782 5057 862 5114 ita
886 5073 949 5113 se
979 5058 1264 5115 habuere.

2263 4791 2420 4846 δοκία
2461 4797 2633 4845 καίτοι
2684 4812 2743 4863 γε
2790 4797 2878 4845 νέα
2925 4789 3060 4844 οὖσα
3113 4793 3247 4844 πάνυ
3293 4796 3384 4849 τὴν
3433 4795 3667 4865 χηρείαν
3711 4798 3882 4866 φέρειν

2261 4883 2562 4949 ἠσπάσατο,
2635 4880 2819 4956 ἀρετὴν
2880 4877 2939 4934 δὲ
2993 4880 3149 4953 ἐφιλει
3204 4885 3294 4932 καὶ
3348 4881 3584 4952 καθάπερ
3616 4888 3882 4955 προσανέ-

2260 4989 2378 5042 χειν
2422 4979 2554 5040 Θεῷ.
2616 4973 2708 5023 Διά
2746 4978 2913 5022 ταῦτα
2972 4973 3062 5022 καὶ
3108 4968 3444 5041 ἀντιμισθίαν
3491 4965 3878 5044 ἀντιλαμϐάνει

2261 5063 2390 5133 πρὸς
2423 5068 2536 5130 Θεῷ
2561 5063 2618 5111 τὸ
2641 5055 2824 5120 κῆδος.
2849 5063 2948 5112 Καὶ
2967 5065 3133 5110 ταῦτα
3171 5060 3261 5130 μὶν
3283 5061 3441 5130 ἔσχεν
3474 5057 3660 5119 οὕτως.

570 5147 617 5222 ξδ
651 5150 694 5202 D
719 5165 732 5202 :
760 5152 860 5200 Καὶ
891 5147 960 5209 εἰς
990 5148 1053 5200 ἕω
1084 5144 1505 5222 διαπεραιοῦται,
1534 5153 1622 5200 καὶ
1655 5150 1974 5222 συζεργνυσι
1998 5156 2071 5219 τῷ
2101 5148 2324 5219 Μιχαὴλ
2347 5157 2418 5218 τῷ
2467 5155 2713 5220 Κομνηνῷ
2756 5148 2824 5209 εἰς
2873 5155 3099 5219 γυναῖκα
3146 5154 3238 5198 τοῦ
3279 5143 3505 5218 ἀδελφοῦ
3560 5147 3735 5202 αὑτοῦ
3795 5159 3881 5201 τοῦ

501 5215 1272 5293 σεϐαστοκράτορος,Ἰσαακίου
1304 5219 1516 5290 ἐγγὸνην
1538 5224 1631 5277 τὴν
1664 5215 1963 5293 Θεοδῷραν,
1987 5215 2050 5277 ἣν
2079 5215 2238 5292 μόνην
2266 5221 2291 5271 6
2326 5215 2500 5293 πατὴρ
2525 5215 2766 5282 ⁹Ϊωάννης
2793 5215 3060 5272 κατὲ).ιπεν
3094 5222 3187 5272 σὺν
3213 5227 3278 5291 τῇ
3308 5215 3472 5279 αὐτῆς
3501 5225 3672 5293 μητρὶ
3721 5219 3863 5276 Εὐδο

499 5295 591 5362 κίᾳ
611 5299 672 5363 τῇ
706 5290 798 5343 τοῦ
839 5290 1081 5363 Ἄγγελον
1109 5291 1343 5344 Ἰωάννου
1378 5299 1658 5358 συνοῦσαν,
1691 5299 1752 5363 τῇ
1801 5290 1910 5362 θείᾳ
1937 5299 2034 5343 τῶν
2063 5290 2584 5366 στρατηγουπούλων.

1383 5469 1725 5537 Theodori
1775 5471 2024 5539 Dousa;
2072 5478 2138 5538 et
2184 5469 2436 5538 Leonis
2485 5468 2719 5536 Allatii
2768 5477 2973 5536 notae.

571 5644 656 5718 (8)
673 5644 732 5699 ’0
762 5647 1048 5719 Μανοτὴλ,
1084 5650 1210 5704 Νοη
1261 5663 1406 5719 ergo
1460 5648 1764 5717 Arsenius,
1816 5653 1881 5704 ut
1921 5648 2152 5705 Phran-

495 5717 590 5776 za.’
629 5717 918 5789 Gregoras
969 5717 1209 5791 ε”Ομως
1254 5717 1427 5783 ἔδοξεν
1483 5721 1657 5794 ὅρκοις
1709 5720 1865 5774 αὐτὸν
1919 5719 2144 5794 βεϐαιῶ·

2265 5668 2450 5722 σαντα,
2467 5653 2579 5706 etc.
2595 5647 2785 5705 Verba
2798 5647 2989 5705 habes
3004 5646 3293 5722 superiori
3311 5647 3524 5720 capite.
3547 5647 3663 5705 Sed
3685 5651 3879 5722 magis

2254 5720 2527 5778 distincte
2557 5725 2614 5777 et
2634 5727 2914 5778 accurate
2940 5719 3398 5794 Pachymerius,’
3417 5734 3478 5793 p.
3520 5723 3616 5787 52,
3644 5723 3775 5782 Au.
