3966 6324
70 317 221 370 1121

1607 315 1955 373 ANNALES.

3331 323 3465 376 H22

64 435 187 501 δας
220 442 467 501 τοιαύτας
497 444 588 490 καὶ
648 438 846 510 χαλινὰ
898 437 1115 489 ἔπεσθαι
1150 454 1203 488 τε
1259 436 1389 510 αὐτῇ
1432 438 1637 500 πλείους
1666 440 1695 498 ἦ

1870 455 2077 511 mpore
2095 438 2156 495 in
2167 440 2436 498 hostium
2457 442 2607 498 locis
2630 442 2856 512 degens
2870 446 2925 498 et
2946 446 3148 497 aestate
3162 442 3463 512 trajiciens

60 536 139 601 τῇ
180 534 377 602 κυρίως
408 525 682 601 δεσποίνῃ,
743 526 873 580 ἄλλα
905 545 959 578 τε
992 524 1157 578 πολλὰ
1208 524 1366 578 ἐποίει
1416 534 1533 592 ταῖς
1574 529 1702 581 ἐκεί-

64 636 181 679 νης
248 614 506 671 δουλεύων
579 615 801 690 ὀρέξεσι.
874 617 1193 691 Καρτερικὸς
1233 611 1292 668 δε
1322 611 1384 673 ἧν
1446 617 1596 680 οὗτος
1654 616 1702 669 ἐν

66 713 209 768 ταῖς
251 709 453 780 μάχαις
509 708 535 759 6
604 705 873 779 βασιλεὺς,
920 709 1010 756 καὶ
1039 712 1151 765 τοῖς
1177 708 1267 777 μεν
1310 707 1447 758 κατὰ
1506 709 1704 760 συστά-

71 792 193 853 δην
263 796 507 868 πολέμοις
576 794 669 847 οὐκ
744 797 948 867 ἔχαιρε,
1030 797 1088 846 τό
1149 792 1563 867 ἀλλοπρόσαλλον
1614 803 1703 849 τοῦ

70 882 289 960 ’Ἄρεως
319 880 524 937 δειλιῶν
572 888 663 936 καὶ
715 886 773 935 τὸ
828 884 972 956 παρὰ
1022 885 1191 935 ταῦτά
1232 879 1428 941 ἄδηλον
1458 884 1704 956 ὑπολογι-

75 976 310 1045 ζόμενος
343 994 354 1006 ·
406 980 469 1046 τῇ
520 976 769 1047 καρτερίᾳ
822 968 882 1024 δὲ
937 976 1229 1045 χρώμενος,
1288 977 1378 1025 καὶ
1435 972 1705 1047 ἔνεαρίζων

74 1065 183 1134 μὲν
215 1062 292 1125 εἰς
318 1066 410 1120 τὴν
457 1070 558 1115 τῶν
610 1060 847 1114 ἔναντίων
898 1068 997 1133 γῆν
1046 1064 1136 1112 καὶ
1188 1065 1284 1118 τὴν
1341 1062 1515 1136 θέρους
1571 1064 1706 1137 ὤραν

76 1148 444 1219 διαϐιϐάξων,
515 1154 590 1203 ἔτι
641 1147 700 1203 δι
756 1155 843 1203 καὶ
889 1153 978 1207 τὴν
1018 1150 1303 1222 φθίνουσαν
1350 1149 1555 1225 ὀπώραν
1589 1148 1705 1204 δια-

74 1243 246 1311 νύων,
331 1238 491 1294 ἐνίοτε
566 1237 628 1293 δὲ
695 1243 785 1292 καὶ
861 1240 1280 1312 παραχειμάζων
1358 1244 1452 1298 τὴν
1512 1248 1737 1292 νικῶσαν

1809 545 1920 585 nec
1941 545 2063 585 non
2090 535 2146 585 et
2172 537 2547 589 senescentes
2572 532 2799 587 fructus
2826 536 3170 603 expectans,
3193 532 3465 605 quando-

1809 634 1927 691 que
1944 619 2123 675 etiam
2147 620 2468 676 hibernans
2488 622 2798 678 victoriam
2821 621 3184 693 reportabat,
3212 621 3467 694 impera-

1813 705 1952 764 toris
1983 709 2317 765 constantia
2340 726 2409 765 ac
2440 711 2727 782 patientia
2752 709 3011 779 fatigatis
3039 709 3330 765 hostibus.
3356 713 3470 766 Μο-

1810 795 1959 851 ritur
1977 796 2305 869 imperator
2324 799 2586 855 Joannes
2607 798 2853 870 imperio
2882 797 3004 853 filio
3022 813 3131 852 suo
3160 798 3467 855 Theodoro

1812 890 1929 941 tres
1960 891 2017 941 et
2037 886 2279 957 triginta
2309 903 2501 944 annos
2534 890 2732 957 agenti
2753 886 2990 944 relicto:
3034 892 3118 943 tot
3136 887 3298 943 enim
3327 893 3469 944 aeta-

1813 974 1884 1030 tis
1915 974 2073 1030 illius
2108 977 2249 1031 anni
2288 981 2437 1049 quot
2461 983 2517 1033 et
2552 976 2787 1050 paterni
2832 976 3067 1048 imperii
3089 982 3258 1033 erant
3287 994 3298 1031 :
3328 993 3467 1033 cum

1812 1068 2129 1135 paternam
2151 1066 2312 1121 enim
2345 1065 2775 1122 acclamatione
2801 1065 2949 1123 forte
2973 1070 3031 1121 et
3056 1066 3287 1122 natales
3312 1065 3468 1122 illius

1814 1158 2260 1209 concurrerant.

1828 1239 2130 1313 ἐλάμϐανεν,
2208 1242 2608 1316 ἁποκαμνόντων
2667 1253 2767 1297 τῶν
2824 1245 3061 1296 ἐναντίων
3104 1252 3165 1317 τῇ
3221 1252 3313 1296 τοῦ
3373 1242 3469 1316 βά-

84 1329 286 1391 σιλέως
342 1330 583 1383 ἔνστάσει
635 1349 690 1383 τε
739 1334 831 1382 καὶ
884 1330 1142 1402 ὑπομονῇ.
1204 1330 1495 1387 Ἐτεθνήκει
1552 1334 1643 1401 μὲν
1683 1332 1709 1382 6
1766 1323 2012 1404 βασιλεὺς
2070 1334 2308 1393 Ἰωάννης
2364 1342 2435 1404 τῷ
2488 1336 2585 1403 υἱῷ
2635 1334 2796 1386 αὐτοῦ
2847 1331 3104 1406 Θεοδώρῳ
3158 1338 3250 1393 τὴν
3309 1332 3470 1406 βασι-

78 1418 233 1472 λείαν
260 1418 657 1487 καταλελοιπὼς,
680 1420 962 1492 τριάκοντα
989 1422 1080 1469 καὶ
1101 1420 1380 1491 τριάκοντα
1410 1424 1499 1472 καὶ
1528 1424 1649 1493 τρία
1687 1422 1775 1478 ἔτη
1810 1417 1844 1473 δ
1850 1424 2094 1475 ιανύοντι.
2130 1426 2388 1483 Τοσοῦτὸς
2410 1426 2510 1498 γὰρ
2539 1425 2564 1475 6
2595 1428 2787 1498 χρόνος
2818 1423 2954 1494 αὐτῷ
2999 1425 3189 1484 ὁπόσος
3235 1428 3329 1481 τὴν
3375 1444 3471 1475 πα.

82 1516 286 1585 τρικῆς
317 1507 592 1582 βασιλείας
614 1508 873 1581 ἔτύγχανε
908 1529 921 1542 ι
956 1503 1155 1580 σχεδὸν
1177 1510 1276 1581 γὰρ
1400 1516 1626 1583 πατρικῇ
1661 1506 1945 1584 ἀναρρήσει
1969 1516 2058 1563 καὶ
2080 1514 2109 1569 ἡ
2138 1514 2382 1582 ’γέννησις
2407 1510 2601 1565 ἐκείνου
2634 1509 2971 1586 ξυνέδραμεν.

166 1598 275 1670 v'y'.
310 1598 445 1651 Ἀλλ’
496 1599 522 1650 6
554 1596 803 1671 βασιλεὺς
864 1598 911 1632 ⁴⁰
941 1599 1030 1669 μὲν
1071 1594 1345 1671 Θεόδωρος
1395 1605 1495 1649 τῶν
1552 1595 1708 1670 βασι-

86 1686 249 1739 λείων
319 1685 596 1745 ἐπείληπτο
669 1688 878 1761 θρόνων.
964 1690 1070 1744 Τὴν
1143 1690 1509 1760 νενομισμένην
1584 1693 1709 1758 γοῦν

86 1776 251 1829 ὁσίαν
284 1772 515 1839 ἀποδοὺς
546 1774 631 1849 [Ρ.
666 1777 755 1849 57]
784 1783 857 1847 τῷ
886 1774 1095 1849 βασιλεί
1142 1780 1233 1828 καὶ
1281 1781 1463 1850 πατρὶ,
1501 1782 1590 1829 καὶ
1620 1797 1710 1829 κα-

96 1866 304 1926 θεσθεὶς
344 1862 420 1918 ἐπ’
460 1860 691 1926 ἀσπίδος
738 1867 807 1927 ὡς
866 1866 996 1934 ἔθος,
1054 1869 1144 1917 καὶ
1197 1866 1297 1917 ὑπὸ
1352 1867 1556 1918 πάντων
1615 1886 1708 1937 φη-

86 1956 307 2026 μισθεὶς
344 1955 681 2030 αὐτοκράτωρ
721 1953 862 2026 (18),
896 1961 987 2007 τοῦ
1041 1959 1320 2027 Νυμφαίου
1370 1953 1571 2028 ἀπάρας
1626 1954 1709 2007 ἐπὶ

1889 1604 1976 1655 53.
2012 1599 2194 1669 Igitur
2215 1600 2543 1672 imperator
2579 1601 2918 1656 Theodorus
2945 1600 3175 1672 imperii
3220 1600 3471 1657 habenis

1819 1688 2134 1760 susceptis,
2178 1689 2479 1762 Justisque
2527 1689 2872 1761 imperatori
2927 1693 2983 1744 et
3011 1689 3189 1761 patri,
3212 1690 3296 1745 uti
3342 1689 3473 1744 ﬁeri

1816 1782 2002 1841 amat,
2028 1776 2224 1848 factis,
2256 1783 2313 1834 et
2362 1794 2545 1850 super
2583 1783 2817 1834 scutum
2847 1778 3140 1848 assidens,
3170 1778 3253 1833 uti
3285 1777 3470 1833 moris

1817 1871 1922 1930 est,
1949 1865 2027 1922 ab
2053 1867 2338 1923 omnibus
2369 1868 2696 1940 imperator
2723 1867 3112 1936 acclamatus,
3142 1866 3472 1939 Nymphaeo

1816 1953 2132 2011 discedens
2146 1954 2599 2028 Philadephiam
2615 1961 2933 2023 commeat,
2950 1955 3154 2012 urbem
3166 1956 3474 2027 ingentem

85 2049 191 2102 την
228 2040 550 2117 Φιλαδελφου
600 2042 831 2117 ἀφίκετο.
874 2048 1114 2115 Μεγίστη
1165 2039 1225 2095 δὲ
1255 2044 1388 2101 αὕτη
1418 2044 1568 2107 πόλις
1618 2047 1709 2096 καὶ

1870 2062 1874 2097 μ
1910 2043 2281 2117 frequentem
2310 2044 2551 2117 populis
2594 2045 3035 2118 oppidanisque
3067 2061 3239 2100 arma
3298 2046 3469 2115 112

87 2131 510 2203 πολυάνθρωπος
548 2137 637 2185 καὶ
696 2131 1007 2196 ὁπλίζεσθαι
1065 2128 1446 2205 δεδυνημένους
1497 2133 1707 2191 οἰκήτο-

86 2242 192 2297 ρας
223 2224 449 2295 ἔχουσα,
477 2225 568 2275 καὶ
612 2220 847 2295 μάλιστα
890 2220 1091 2284 τοξείαν
1145 2219 1435 2283 ἀσκοῦντας
1493 2242 1505 2255 ο
1550 2220 1709 2295 ἀγχι-

86 2318 424 2385 τερμονοῦτα
455 2308 514 2364 δὲ
544 2317 651 2372 τοῖς
681 2318 958 2387 Περσικοῖς
994 2312 1155 2383 ὁρίοις
1201 2310 1281 2363 ἀεὶ
1340 2307 1711 2384 διαμάχεσθαι

89 2407 203 2461 τοῖς
245 2401 570 2463 ὑπεναντίοις
615 2402 828 2462 τούτους
887 2406 1026 2453 ποιεῖ
1076 2404 1166 2452 καί
1237 2395 1428 2460 ἐθάδας
1476 2400 1709 2472 πολέμων

92 2489 402 2563 ἐργάζεται.
472 2489 670 2543 Ἐκεῖσε
754 2484 841 2542 οὖν
933 2485 1351 2565 διακαρτερήσας
1403 2492 1590 2563 μικρὸν
1620 2495 1710 2543 καὶ

90 2580 224 2632 ὅσον
281 2577 560 2654 πρεσϐείαν
639 2577 838 2631 στεῖλαι
888 2581 1015 2651 πρὸς
1065 2581 1152 2630 τὸ)
1213 2578 1455 2641 σουλτὰν,
1507 2578 1593 2631 ἐπὶ
1647 2582 1711 2632 τὰ

93 2668 327 2720 Βιθυνῶν
378 2672 662 2741 κεχώρηκη
714 2672 847 2741 μέρη
887 2672 978 2719 καὶ
1008 2670 1102 2726 τὴν
1141 2675 1233 2728 τῆς
1284 2672 1465 2740 χώρας
1513 2670 1709 2730 ταύτης

91 2757 501 2829 προκαθημένην
530 2756 678 2810 πόλιν
736 2761 831 2814 τὴν
884 2757 1128 2813 Νίκαιαν.
1183 2757 1324 2809 Ἐπεὶ
1373 2754 1433 2809 δε
1489 2755 1709 2831 ἐχήρευε

92 2853 191 2898 τοῦ
229 2852 681 2921 πατριαρχοῦντος
736 2846 848 2916 (19)
898 2848 925 2904 ἡ
980 2845 1264 2903 Ἐκκλησία
1309 2847 1557 2917 (πέφθακε
1606 2848 1708 2919 γὰρ

92 2936 119 2987 6
203 2937 543 3009 πατριάρχης
616 2934 863 2993 Μανούήλ
927 2939 1115 3009 μικρόν
1188 2952 1239 2986 τι
1306 2941 1398 2985 τοῦ
1447 2932 1707 3007 βασιλέως

89 3023 336 3077 Ἰωάννου
392 3023 845 3099 προτελευτῆσαι),
906 3020 1014 3077 ἔδει
1092 3019 1151 3076 δε
1196 3030 1400 3098 πρῶτον
1454 3026 1707 3097 πατριάρ-

97 3132 214 3187 χην
261 3111 641 3186 προϐληθῆναι,
698 3112 760 3165 ἵν’
822 3110 906 3165 ἐπὶ
952 3120 1024 3183 τῷ
1066 3109 1277 3185 βασιλεῖ
1320 3116 1413 3170 τὴν
1455 3131 1711 3185 στεφηφο-

96 3207 222 3278 ρίαν
250 3200 300 3253 ἓν
330 3210 397 3273 τῷ
448 3204 565 3278 ἱερῷ
591 3202 1001 3278 τελεσιουργήσῃ
1050 3204 1263 3273 τεμένει,
1328 3200 1562 3262 ἐζητεῖτο
1618 3204 1709 3274 μὶν

95 3292 122 3343 6
155 3289 305 3353 ἄξιος
327 3298 419 3343 τοῦ
449 3294 689 3344 τοιούτου
743 3292 946 3365 θρόνου,
1000 3291 1030 3349 ἡ
1065 3286 1199 3352 δόξα
1245 3284 1304 3342 δὲ
1344 3297 1454 3352 τοῖς
1503 3289 1709 3352 πολλοῖς

102 3379 191 3433 ἐπὶ
228 3387 303 3451 τῷ
345 3377 611 3454 Βλεμμίδη
670 3382 779 3453 (20)
842 3378 1098 3452 ἐτύγχανε
1149 3383 1453 3453 Νικηφόρῳ,
1481 3387 1555 3451 τῷ
1605 3378 1709 3452 ἐμῷ

100 3465 419 3541 διδασκάλῳ
442 3477 543 3521 τῶν
581 3475 674 3531 τῆς
730 3467 1032 3541 φιλοσοφίας
1078 3466 1241 3540 λόγων
1293 3486 1349 3520 τε
1377 3473 1467 3520 καὶ
1510 3464 1710 3541 δογμά-

98 3576 222 3625 των,
255 3554 413 3632 ἆνδρὶ
444 3556 498 3609 ἔκ
535 3562 769 3620 νεότητος
796 3560 882 3610 τὸν
927 3557 1087 3628 ζυγὸν
1129 3553 1363 3630 ἀραμένῳ
1405 3564 1498 3608 τού
1544 3561 1711 3629 μονή-

100 3665 228 3719 ρους
267 3643 391 3718 βίου
420 3650 510 3699 καὶ
534 3645 828 3721 περιϐοήτῳ
881 3647 1202 3718 τυγχάνοντι
1251 3648 1337 3697 καὶ
1392 3650 1509 3721 περὶ
1560 3644 1711 3718 λόγον

98 3739 192 3788 καὶ
238 3733 446 3808 ἀρετὴν,
508 3734 603 3787 κᾶν
643 3735 787 3788 ἔνίων
847 3736 873 3786 6
930 3736 1130 3807 φθόνος,
1186 3738 1277 3786 καὶ
1324 3732 1560 3807 μάλιστα
1614 3743 1709 3787 των

100 3822 464 3897 προύχόντων,
498 3824 557 3877 ού
588 3829 741 3897 μόνον
768 3823 862 3877 οὐκ
902 3822 1090 3897 ἐκφανῆ
1123 3825 1292 3895 τούτῳ
1347 3825 1413 3875 τὰ
1468 3833 1560 3884 τῆς
1600 3822 1711 3899 ἁρε-

99 3922 195 3974 τῆς
223 3911 405 3981 ἐποίει,
436 3912 566 3966 ἀλλὰ
592 3918 683 3966 καὶ
730 3917 919 3975 κακίας
960 3915 1106 3974 τινὰς
1169 3911 1310 3983 αὐτῷ
1362 3912 1707 3985 προσεκόλλα.

104 4000 268 4063 Οὗτος
295 3997 383 4053 οὖν
412 4005 543 4076 πρὸς
570 4005 659 4055 τὸν
726 4000 954 4075 βασιλέα
983 3997 1257 4075 Θεόδωρον
1289 4001 1464 4073 φιλίως
1522 3999 1557 4055 δ
1563 4006 1710 4055 ιέκει-

99 4108 161 4141 το
184 4094 274 4142 καὶ
302 4088 426 4163 παρ’
483 4090 644 4143 αὐτοῦ
683 4089 902 4163 ἐφιλεῖτο
933 4110 945 4123 ·
992 4098 1093 4141 τῶν
1131 4092 1233 4165 γὰρ
1283 4088 1468 4162 λόγων,
1529 4089 1577 4142 ἐν
1633 4091 1711 4151 οἷς

100 4180 169 4230 τὰ
216 4176 380 4231 πολλά
409 4177 740 4251 ἔπεγάννυτο,
794 4176 1121 4232 διδάσκαλον
1168 4183 1259 4231 καὶ
1313 4178 1463 4231 αὐτὸν
1494 4179 1709 4253 ἐπεγράι

102 4286 218 4340 φετο
245 4287 258 4301 ο
295 4271 452 4340 σοφὸς
511 4271 612 4343 γὰρ
664 4265 725 4327 ἦν
794 4268 863 4331 εἰς
896 4270 1053 4342 ἄκρον
1102 4275 1215 4329 ταῖς
1264 4267 1524 4330 ἀληθείαις
1555 4270 1580 4320 6
1612 4268 1709 4342 βα·-

104 4356 296 4417 σιλεύς.
334 4355 393 4408 Ὀ
436 4352 495 4410 δε
554 4356 889 4433 ὀκνηρότερος
936 4362 1057 4430 περὶ
1104 4360 1163 4410 τὸ
1213 4362 1435 4434 πρᾶγμα
1477 4357 1708 4431 ἐτύγχα-

174 4480 222 4515 ¹⁵⁰
261 4482 326 4554 D_
374 4497 411 4554 εν
474 4480 569 4543 Ὃς
620 4485 714 4539 τὴν
771 4484 1137 4554 νενομισμένην

100 4556 259 4624 φαίου
306 4550 512 4625 ἀπάρας
604 4556 735 4625 πρὸς
808 4549 903 4611 τὴν
964 4549 1185 4607 ᾧιλαδελ
1225 4572 1283 4605 ου
1356 4553 1585 4627 ἀφίκετο.

102 4629 293 4677 γωρεῖ.
354 4628 455 4676 Καὶ
508 4622 617 4677 ἐπεὶ
684 4623 930 4677 ὶγήοευεν
978 4626 1007 4677 ἡ
1065 4574 1350 4677 Ἐκκλησία
1400 4632 1585 4677 (more?

100 4622 293 4695 χωρεῖ.
354 4622 455 4699 na
506 4622 621 4699 an;
644 4622 653 4625 '
684 4623 1007 4699 ixﬁPWﬁ
1058 4625 1184 4699 3m

1817 2149 2052 2189 sumere
2083 2139 2139 2190 et
2164 2135 2425 2190 maxime
2456 2134 2685 2204 sagittis
2715 2134 3125 2191 adversarium
3175 2134 3473 2203 conﬁgere

1815 2222 2121 2294 professis.
2163 2226 2245 2280 Ea
2274 2240 2412 2280 cum
2446 2223 2507 2278 in
2537 2223 2860 2279 ﬁnitimum
2916 2240 3131 2293 agrum
3163 2222 3473 2279 Persicum

1816 2311 2189 2382 extendatur,
2214 2312 2374 2369 bella
2402 2329 2539 2368 cum
2572 2313 2852 2369 hostibus
2875 2314 3161 2369 continuo
3190 2328 3474 2369 exercens

1817 2406 2055 2473 gentem
2084 2400 2223 2458 belli
2272 2402 2486 2458 studiis
2525 2403 2923 2475 asperrimam
2972 2402 3091 2459 alit.
3143 2402 3226 2458 lbi
3264 2402 3474 2475 paucis

1817 2488 2059 2559 diebus,
2088 2489 2314 2563 quibus
2357 2489 2722 2560 legationem
2765 2492 2846 2547 ad
2878 2491 3180 2547 sultanum
3210 2491 3472 2561 miserat,

1818 2584 2230 2635 commoratus
2258 2579 2337 2635 ad
2372 2579 2763 2652 Bithynorum
2785 2596 2925 2636 oras
2948 2585 3005 2636 et
3024 2579 3103 2635 ad
3130 2580 3389 2651 primam
3413 2577 3477 2634 il-

1816 2666 1932 2722 lius
1961 2667 2220 2737 regionis
2244 2667 2455 2725 urbem
2483 2669 2742 2725 Nicaeam
2774 2668 3034 2724 secessit.
3062 2668 3175 2726 Sed
3202 2684 3341 2724 cum
3368 2684 3475 2740 pa-

1818 2757 2090 2813 triarchae
2113 2758 2263 2815 orba
2288 2758 2553 2815 Ecclesia
2573 2758 2726 2815 foret
2753 2761 2922 2832 (nam
2949 2758 3132 2831 paulo
3149 2763 3475 2831 antequam

1816 2848 2077 2902 Joannes
2106 2848 2423 2920 imperator
2452 2853 2808 2918 moreretur,
2863 2848 3203 2919 patriarcha
3246 2846 3471 2905 Manuel

1817 2936 2001 2992 vitam
2030 2936 2309 3006 ﬁnierat),
2330 2952 2440 2992 nec
2462 2936 2692 3008 absque
2725 2936 3070 3009 patriarcha
3098 2935 3475 3009 imperatoris

1818 3024 2124 3081 coronatio
2144 3025 2206 3080 in
2232 3040 2404 3081 sacro
2427 3024 2650 3097 templo
2675 3024 2890 3080 conﬁci
2910 3030 3134 3097 posset,
3162 3025 3382 3094 dignus
3403 3038 3476 3079 ea

1818 3113 2127 3185 provincia
2165 3118 2223 3169 et
2264 3112 2494 3169 honore
2532 3112 3017 3185 conquirebatur.
3075 3112 3474 3168 Plurimorum

1748 3189 1787 3244 C
1820 3197 2101 3269 suffragia
2115 3201 2173 3255 in
2192 3200 2591 3273 Nicephorum
2617 3201 3028 3266 Blemmidam,
3044 3204 3474 3273 praeceptorem

1820 3303 2023 3344 meum
2037 3292 2094 3344 et
2103 3288 2659 3362 philosophicorum
2674 3305 3022 3346 sermonum
3037 3306 3105 3345 ac
3118 3289 3475 3359 dogmatum

1817 3376 2233 3445 institutorem,
2293 3378 2489 3435 virum
2545 3383 2601 3435 et
2641 3378 2846 3435 litteris
2902 3378 3117 3435 virtute
3174 3394 3474 3451 perquam

1819 3464 2116 3523 celebrem
2142 3471 2199 3524 et
2225 3467 2331 3540 qui
2363 3467 2601 3539 juvenis
2633 3468 2831 3525 adhuc
2869 3472 3048 3539 atque
3070 3466 3284 3524 tenella
3302 3470 3474 3523 aetate

1814 3555 2031 3626 jugum
2059 3556 2407 3613 monastica:
2445 3556 2582 3613 vitae
2612 3556 2849 3625 tulerat,
2900 3556 3316 3629 respiciebant,
3344 3556 3478 3611 licet

1818 3644 2271 3715 nonnullorum,
2294 3651 2350 3702 et
2371 3646 2633 3702 maxime
2650 3646 2997 3720 primatum,
3012 3646 3338 3702 invidentia
3352 3660 3476 3702 non

1819 3734 2004 3789 modo
2034 3738 2214 3791 tanta:
2240 3734 2469 3791 virtutis
2488 3734 2694 3791 lumen
2713 3734 3072 3802 occuluerat,
3104 3734 3211 3790 sed
3235 3739 3292 3789 et
3335 3734 3476 3789 vitia

1818 3822 2101 3895 quaedam
2123 3823 2353 3879 homini
2369 3824 2743 3896 appinxerat.
2770 3823 2939 3879 Hunc
2955 3824 3281 3895 imperator
3294 3822 3474 3876 Theo-

1820 3911 2006 3967 dorus
2020 3911 2328 3982 diligebat,
2344 3914 2440 3969 cui
2446 3914 2468 3984 j
2480 3912 2961 3969 uncundissimus
2974 3916 3119 3979 erat,
3134 3911 3358 3984 quippe
3368 3909 3476 3983 qui

1822 4018 2193 4071 sermonum,
2219 4001 2444 4075 quibus
2472 4017 2858 4075 summopere
2888 4001 3317 4069 delectabatur,
3349 4015 3474 4056 ma-

1820 4092 2068 4162 gistrum
2080 4106 2220 4146 eum
2233 4091 2346 4146 sibi
2360 4090 2719 4148 adsciverat:
2738 4090 3044 4162 sapientia:
3057 4088 3218 4146 enim
3237 4087 3475 4144 culmen

1820 4185 1875 4237 et
1905 4196 1966 4236 re
1986 4195 2130 4236 vera
2170 4180 2447 4251 attigerat
2470 4180 2815 4253 imperator.
2859 4179 2956 4235 ille
2994 4179 3074 4236 ad
3095 4185 3325 4235 tantam
3345 4194 3475 4235 rem

1821 4270 2059 4342 segnior
2086 4284 2241 4335 esse,
2272 4274 2330 4326 et
2348 4269 2673 4342 imperator
2703 4269 2885 4325 etiam
2903 4268 3031 4340 ipse
3060 4283 3184 4324 non
3204 4268 3475 4340 impense

1820 4358 1999 4415 nimis
2024 4374 2256 4430 urgere,
2280 4358 2377 4414 cui
2392 4358 2632 4429 magnis
2654 4357 2873 4430 volupe
2889 4361 3015 4414 erat
3032 4357 3109 4414 ab
3125 4373 3196 4413 eo
3219 4356 3477 4413 similem

1248 4483 1397 4558 ὁσίαν
1481 4480 1710 4547 ἀποδοὺς
1780 4492 1872 4558 τῷ.
1932 4488 2105 4558 πατρὶ⁸
2172 4487 2261 4535 καὶ
2335 4481 2415 4535 ἐπ’
2488 4477 2718 4542 ἀσπίδος
2804 4482 3101 4555 φημισθεὶς,
3152 4488 3246 4533 τοῦ
3325 4486 3478 4558 Νυμ-

1685 4561 1786 4610 Καὶ
1823 4552 2049 4609 ’ἐκεῖσί
2074 4552 2500 4629 διακαρτερήσας
2553 4556 2739 4629 μικρὸν
2797 4552 2887 4605 καὶ
2948 4558 3091 4629 περὶ-
3110 4557 3229 4629 .τὴνΑ
3252 4554 3478 4629 Βιθυνῶν

1220 4629 1350 4683 ησία
1398 4623 1736 4702 (προτέθνηκε
1791 4630 1892 4699 γὰρ
1946 4634 2036 4679 τού
2082 4623 2345 4702 βασιλέως.
2387 4628 2412 4678 6
2465 4623 2804 4702 πατριάρχης
2858 4623 3150 4702 Μανουὴλ),
3216 4623 3479 4702 ’.ᾼρσένιόν

92 4691 215 4746 τινα
241 4697 476 4766 μοναχὸν
499 4695 552 4757 ἕξ
612 4691 1024 4757 Ἀπολλυνιάδος
1058 4695 1242 4770 λίμνης
1296 4691 1760 4771 μεταπεμψάμενος
1798 4691 1904 4770 ⁷χει
1941 4691 2103 4750 οτονεῖ
2154 4699 2510 4774 πατριάρχην,
2571 4691 2628 4758 ’ὃς

99 4770 191 4817 καὶ
224 4768 381 4833 ἱερεύς
410 4771 501 4819 καὶ
523 4768 859 4833 πατριάρχης
879 4768 1102 4821 τέλεστο.
1140 4774 1241 4821 Καὶ
1269 4768 1393 4833 παρ’
1417 4768 1578 4822 αύτού
1606 4772 1845 4833 στεφθεὶς
1875 4717 2081 4833 ἔξεισιν.

2692 4691 2782 4749 καὶ
2829 4691 3132 4771 μονημέρως
3221 4691 3471 4755 διάκονος

99 4770 191 4817 καὶ
224 4768 381 4841 ἱερεύς
410 4771 501 4819 καὶ
523 4768 859 4841 πατριάρχης
879 4768 1118 4821 mmo;
1140 4774 1241 4821 Καὶ
1269 4768 1393 4843 παρ’
1417 4768 1578 4822 αύτού
1606 4768 1852 4843 στεφθεὶς
1875 4768 2081 4833 ἔξεισιν.

994 4872 1339 4942 Theodori
1387 4875 1639 4944 Dousa;
1688 4885 1755 4943 et
1800 4874 2056 4944 Leonis
2102 4872 2336 4942 Allatii
2385 4884 2589 4944 nota).

174 5001 287 5074 (18)
318 5000 603 5074 Φημισθεὶς
659 4999 1021 5074 αύτοκράτωρ.
1053 5000 1362 5074 Quamvis
1388 5001 1549 5058 enim
1588 5002 1711 5057 im-
1745 5021 1751 5027 '

98 5068 337 5150 perium
355 5071 488 5150 jure
508 5068 898 5150 haereditar'io
909 5068 989 5127 ad
1007 5072 1712 5150 Theodorum_l.asca_rim

97 5142 348 5222 veniret,
369 5142 515 5222 quia
533 5143 584 5197 is
603 5159 640 5198 a
656 5148 825 5222 patre
846 5143 1077 5222 vivente
1090 5160 1212 5201 non
1235 5143 1569 5222 appellatus
1586 5144 1712 5222 fue-

98 5216 191 5268 rat
210 5214 555 5283 imperator,
574 5230 646 5271 eo
666 5214 949 5270 defuncto
971 5214 1478 5271 communitotius
1495 5215 1716 5271 exerci-

100 5288 200 5338 tus
238 5297 541 5339 consensu
574 5301 645 5341 ac
676 5285 969 5341 nobilium
992 5301 1265 5342 omnium
1294 5302 1363 5342 ac
1396 5302 1716 5343 procerum

101 5368 403 5410 concursu
444 5356 773 5427 imperator
803 5356 1095 5413 salutatur
1132 5375 1145 5413 :
1192 5356 1509 5414 constabat
1555 5359 1717 5414 enim

100 5427 397 5482 Joannem
410 5427 637 5483 nemini
654 5431 930 5483 omnium
944 5428 1058 5484 nisi
1074 5428 1196 5485 tilio
1209 5429 1530 5485 imperium
1542 5430 1718 5485 relin-

102 5509 287 5576 quere
308 5497 766 5576 voluisse,quod
787 5505 844 5555 et
862 5500 995 5576 pius
1025 5505 1177 5556 esset
1205 5500 1266 5555 in
1296 5497 1515 5576 liberos
1535 5505 1593 5576 et
1614 5516 1717 5556 ne-

102 5568 254 5623 nimi
269 5568 436 5625 alteri
451 5569 511 5625 id
525 5568 1069 5637 destinaret—Quare
1087 5576 1286 5627 autem
1303 5572 1495 5628 ﬁlium
1513 5572 1718 5628 vivens

104 5637 273 5697 nullo
305 5639 493 5700 modo
529 5641 854 5715 designare
903 5642 1171 5714 voluerit,
1201 5641 1480 5717 pluribus
1507 5658 1721 5718 prose-

1820 5001 2022 5125 quitur
2046 5001 2357 5070 Gregoras,
2388 5000 2497 5058 lib.
2555 5017 2635 5067 ιιι,
2662 4998 2770 5085 qui
2819 4997 3022 5053 subdit
3076 5011 3089 5051 :
3134 4995 3480 5070 Ἀνηγόρευτο

1864 5072 1875 5090 ⁸
1902 5072 2114 5125 ύστεοον
2144 5070 2266 5125 παρ’
2289 5069 2516 5125 ἐγόντων
2536 5079 2637 5123 τῶν
2668 5074 2911 5125 υπηκόων
2942 5067 3180 5120 ἁπάντων
3205 5069 3480 5125 καθεσθεὶς

1864 5072 1875 5090 ⁸
1902 5067 2266 5145 ὕστερον-παρ’
2289 5069 2516 5142 ἐχόντων
2536 5079 2637 5123 τῶν
2668 5067 2911 5127 ὗπηκόων
2942 5067 3180 5145 ᾁπάντων
3205 5067 3482 5145 καθεσθεὶς

1824 5141 1901 5197 ἐπ’
1962 5138 2192 5205 ἀσπίδος
2219 5138 2370 5195 ’κατᾶ
2426 5146 2484 5195 τὸ
2544 5141 2592 5193 ἐν
2667 5144 2874 5202 τούτοις
2949 5138 3257 5215 ἐπικρατοῦν
3333 5140 3471 5199 ἔθος.

1825 5220 1961 5271 ALL.

1894 5285 2013 5356 (19)
2092 5285 2347 5361 Ἐχήρευε
2439 5291 2531 5338 τοῦ
2604 5290 3071 5359 πατριαρχοῦντος.

1827 5374 1887 5430 p.
1917 5362 2002 5413 55.
2028 5362 2164 5413 ALL.

1902 5429 2012 5499 (20)
2093 5427 2303 5491 Πολλοῖς
2381 5429 2465 5480 ἐπὶ
2507 5434 2594 5499 ,τῷ
2664 5422 2977 5499 Βλεμμύδῃη
3045 5426 3353 5499 Gregoras,
3420 5440 3481 5496 p.

1830 5504 1919 5576 55.
1939 5496 2277 5576 Acropolita
2293 5496 2623 5576 Man_uelem
2644 5496 2816 5553 vocat
2829 5496 3233 5576 patriarcham
3248 5496 3485 5576 demor:

1830 5575 2029 5637 tuum,
2061 5566 2351 5641 Gregoras
2404 5572 2805 5627 Germanum:
2829 5566 2950 5625 sed
2970 5568 3156 5627 dehis
3198 5583 3311 5626 nos
3342 5566 3487 5626 alibi

1833 5641 2089 5715 egimus.
2119 5646 2253 5699 ALL.

3164 5282 3479 5351 Gregoras,
