3966 6324
56 293 219 350 1125

1596 294 1936 354 ANNALES.

3315 301 3446 358 H26

49 428 196 480 χῆς.
229 419 310 472 Τὰ
341 417 497 470 πλείω
547 413 606 470 δὲ
659 425 760 471 τῶν
817 417 1013 471 ἄστεων
1062 423 1150 472 καὶ
1208 417 1558 492 ἁπεριποίητα
1615 416 1676 478 ἦν

1833 434 2072 491 zepazna
2097 423 2152 475 et
2183 420 2452 476 Achridis
2473 426 2686 494 praeter
2706 422 3021 489 Mniacum,
3044 424 3210 496 quod
3238 425 3334 482 vel
3357 443 3447 483 so-

50 512 164 560 καὶ
194 515 298 560 τῶν
336 502 612 580 χρειωδῶν
643 506 811 559 ὅπλων
851 506 1064 582 ἄμοιρα·
1101 511 1409 580 Κατεσχέθη
1443 513 1532 580 μὲν
1590 505 1678 561 οὖν

52 595 229 649 Extat)
257 601 557 672 παραυτίκα
594 601 931 669 Στενίμαχος,
991 598 1307 672 Πριστίτζα,
1368 599 1676 672 Κρυτξιμός,

52 689 344 748 Τζέπαινα
402 691 492 738 καὶ
547 687 612 738 τὰ
673 685 720 738 ἐν
773 694 836 759 τῇ
898 683 1140 760 Ἀχριδῶ
1201 687 1474 759 ξύμπαντα
1549 688 1680 748 πλὴν

54 777 341 828 Μνειάκου
374 796 387 808 ·
420 783 573 828 τοῦτο
611 777 711 850 γὰρ
769 781 859 829 καὶ
910 780 1062 849 μόνον
1111 778 1211 829 ύπό
1266 777 1529 850 Ῥωμαίων
1585 798 1682 831 πε·-

57 864 358 936 φύλακται.
389 861 606 938 Οὖστρα
641 861 700 918 δε
755 870 844 918 καὶ
902 873 1251 942 Περπερακιον
1302 871 1393 919 καὶ
1449 866 1681 940 Κρυϐούς

54 957 268 1006 καὶτὸ
324 959 698 1029 παρακείμενον
751 963 815 1027 τῇ
867 962 959 1006 τοῦ
1009 952 1296 1028 Ἀδριανοῦ
1347 961 1438 1008 καὶ
1502 956 1681 1016 κεκλη-

55 1046 227 1115 μένον
274 1043 495 1119 Ἐφραὶμ
550 1050 656 1106 τοῖς
711 1044 1028 1117 Βουλγαροις
1084 1049 1396 1118 κεχείρωται
1475 1049 1680 1099 Τούτων

54 1133 213 1186 οὕτω
267 1137 612 1206 γεγενημένων
669 1140 758 1187 καὶ
817 1143 916 1185 τῶν
977 1133 1026 1186 ἐν
1096 1131 1325 1207 δυσμαῖς
1383 1134 1680 1207 Ῥωμαϊκῶν

56 1222 424 1296 κλονουμενων
476 1225 818 1296 πραγμάτων,
874 1231 971 1286 τῆς
1029 1229 1210 1296 φήμης
1259 1227 1424 1296 μέχρι
1479 1229 1570 1277 καὶ
1630 1225 1681 1288 ἐς

61 1311 108 1384 β
118 1311 338 1372 ασιλέως
403 1308 525 1365 ἐπιδ
525 1332 555 1386 ρ
563 1315 696 1385 αμού
705 1332 798 1374 σης
876 1317 964 1366 καὶ
1042 1312 1284 1366 πλειόνων
1353 1332 1453 1386 προ
1463 1311 1593 1367 σδοκ
1601 1318 1681 1366 ίαν

60 1409 252 1453 κακῶν
309 1408 410 1452 τῶν
467 1405 762 1475 προσόντων
818 1405 1105 1474 φαντασίαν
1167 1406 1552 1475 παρεχομένης,
1634 1406 1682 1456 οἱ

59 1494 198 1564 περὶ
250 1492 315 1541 τὰ
368 1488 618 1562 βασίλεια
665 1490 725 1543 ού
778 1498 980 1566 μικρῶς
1035 1490 1413 1565 ἐταράχθησαν
1466 1513 1478 1524 ·
1551 1493 1681 1549 ἠπί-

63 1597 270 1631 σταντο
298 1582 397 1653 γὰρ
438 1581 503 1640 ὡς
544 1583 610 1633 τὰ
657 1579 815 1632 πλείω
870 1587 968 1632 τῶν
1027 1577 1257 1632 δυτικῶν
1310 1589 1476 1653 μερῶν
1531 1581 1684 1634 Βουλ-

59 1671 259 1743 γάροις
301 1669 584 1737 οἰκοῦνται,
661 1673 750 1722 καὶ
823 1668 1261 1728 ἁποστατὴσουσι
1333 1668 1496 1722 πάλαι
1567 1670 1684 1724 Ῥω-

1787 510 1914 565 lum
1943 509 2224 565 Romanis
2248 509 2533 567 devotum
2556 513 3446 583 perseveraverat,omnia.Praa-

1790 602 1948 655 terea
1979 600 2166 669 Ustra,
2191 601 2628 672 Perperacium,
2655 602 2862 658 Cribus
2887 608 2944 658 et
2965 604 3131 675 quod
3160 603 3450 662 Adriano-

1790 686 1910 759 poli
1941 687 2197 758 adjacet,
2227 688 2505 760 Ephrem,
2531 690 2792 760 Bulgaris
2812 707 3062 748 cessere.
3090 696 3221 748 Haec
3246 694 3449 750 ubiita

1789 775 1947 833 facta
1973 781 2136 848 sunt,
2167 783 2224 833 et
2249 777 2309 833 in
2339 779 2607 834 occiduis
2644 781 2914 852 partibus
2953 781 3134 838 rebus
3152 785 3448 839 Romano-

1789 881 1922 921 rum
1951 865 2013 920 in
2040 865 2368 923 discrimen
2391 869 2638 935 adactis,
2659 887 2794 926 cum
2821 869 2985 926 fama
3013 871 3091 926 ad
3113 871 3443 944 imperato-

1788 955 1870 1010 ris
1909 954 2091 1011 etiam
2123 971 2296 1012 aures
2318 957 2705 1029 pervolasset,
2747 961 2918 1032 115
2948 965 3004 1016 et
3042 961 3444 1032 praesentibus

1791 1044 1964 1100 malis
1986 1045 2279 1102 atrociora
2301 1047 2436 1102 inde
2454 1054 2705 1105 ventura
2726 1055 3233 1122 repraesentasset,
3259 1051 3364 1124 qui
3386 1051 3449 1107 in

1790 1132 1929 1189 aula
1966 1138 2154 1200 erant,
2207 1135 2384 1190 nimis
2438 1137 2776 1194 conturbati
2835 1143 2992 1205 sunt,
3052 1139 3276 1212 quippe
3343 1139 3448 1212 qui

1792 1222 2012 1277 scirent
2036 1222 2414 1293 potissimam
2438 1225 2768 1282 Occidentis
2793 1232 3024 1305 partem
3054 1227 3116 1282 in
3160 1228 3448 1297 Bulgaros

1790 1327 1918 1367 esse
1940 1327 2328 1383 propensam,
2353 1318 2648 1386 tanquam
2671 1333 2808 1389 qua:
2831 1332 2866 1372 a
2886 1317 3170 1373 Romanis
3189 1317 3448 1390 jampri-

1791 1401 1927 1456 dem
1960 1399 2291 1473 defecisset,
2316 1409 2370 1459 et
2426 1410 2694 1461 recenter
2724 1422 2760 1461 a
2818 1409 3046 1462 Joanne
3087 1408 3447 1478 imperatore

1790 1489 2088 1546 debellata
2116 1493 2388 1548 nondum
2415 1493 2609 1550 solida
2640 1511 2710 1550 ac
2733 1495 2907 1551 ﬁrma
2936 1495 2994 1550 in
3018 1496 3286 1553 dominio
3310 1511 3448 1553 con-

1793 1589 1992 1655 staret,
2026 1586 2131 1642 sed
2162 1585 2446 1642 continua
2470 1585 2532 1640 in
2570 1587 2873 1642 Romanos
2923 1586 3065 1643 odia
3104 1586 3446 1643 clanculum

1795 1680 2115 1734 exerceret.

61 1762 268 1830 μαίων,
323 1760 636 1834 προσφάτως
689 1755 750 1811 δὲ
803 1761 1112 1834 χειρωθεῖσι
1163 1767 1236 1830 τῷ
1295 1757 1504 1832 βασιλεῖ
1537 1760 1769 1836 Ἰωάννη,
1821 1771 1910 1818 καὶ
1968 1766 2112 1820 οὔπω
2166 1766 2322 1830 πῆξιν
2378 1773 2471 1828 τῆς
2538 1770 2855 1839 χειρώσεως,
2914 1765 3195 1834 λαϐούσης,
3254 1769 3449 1840 ἔχθραν

66 1843 140 1899 δὲ
179 1845 260 1900 ἀεὶ
287 1851 419 1921 πρὸς
454 1847 737 1920 Ῥωμαίους
775 1844 1170 1921 ἐνδομυχοῡσι.

146 1935 232 1992 νε’.
266 1941 360 1992 Διὰ
387 1944 555 1990 ταῦτα
583 1939 630 1972 ⁴²
668 1942 758 1990 καὶ
815 1937 967 1998 αὐτὸς
1024 1939 1050 1989 ό
1112 1937 1364 2010 βασιλεύς
1422 1934 1678 2010 ἠδημόνει
1720 1942 1759 1995 Β

61 2033 188 2088 τοῖς
214 2029 542 2102 πράγμασιν,
595 2027 637 2079 εἰ
685 2029 820 2079 οὕτω
876 2027 992 2078 κατ’
1051 2025 1225 2100 ἀρχὰς
1284 2035 1374 2088 τῆς
1436 2027 1684 2091 ἐξουσίας

62 2117 157 2187 [Ρ.
193 2115 286 2188 59]
335 2116 495 2170 αὐτοῦ
548 2113 836 2188 δυστυχῶς
891 2118 1128 2189 πράττει.
1187 2117 1541 2190 Συναθροίσας
1593 2125 1680 2170 οῦν

62 2208 199 2266 τοὺς
228 2206 278 2256 ἓν
315 2205 445 2258 τέλει
485 2211 576 2259 καὶ
631 2210 750 2267 τοὺς
811 2205 884 2267 εἰς
940 2208 1261 2279 στρατηγούς
1320 2210 1680 2279 τεταγμένους,

70 2297 178 2345 σὺν
207 2295 285 2354 οἷς
313 2299 402 2346 καὶ
428 2296 477 2346 οἱ
504 2297 630 2368 πρός
657 2294 875 2346 πάππου
907 2293 1064 2346 αὐτοῦ
1094 2301 1187 2346 τοῦ
1247 2293 1507 2361 βασιλέως
1564 2300 1684 2348 Θεο-

71 2379 257 2458 δώρου
284 2385 526 2458 ὑπῆρχον
552 2383 693 2455 αύτῷ
726 2386 871 2454 θεῖοι,
900 2384 926 2435 ὅ
956 2402 1009 2436 τε
1061 2383 1309 2442 Μανουήλ
1358 2389 1447 2436 καὶ
1504 2385 1530 2435 ὁ
1583 2391 1682 2437 Μι-

71 2469 246 2543 χαὴλ,
288 2470 626 2525 ἐϐουλεύσατο
683 2476 736 2524 τί
783 2471 844 2523 ἂν
898 2470 1017 2543 ἒχοι
1061 2475 1192 2546 πρὸς
1256 2475 1320 2524 τὰ
1370 2477 1684 2544 γεγενημένα

76 2558 525 2634 διαπράττεσθαι.
561 2563 626 2614 Οἱ
671 2564 761 2635 μὲν
822 2557 910 2613 οὖν
963 2560 1169 2622 πλείους
1222 2558 1543 2636 διαπερᾶσαι
1594 2566 1681 2615 τόν

76 2648 310 2722 βασιλέα
333 2655 420 2703 τὸν
441 2650 812 2710 Ἑλλήσποντον
845 2647 960 2704 δέον
1006 2649 1175 2722 ἔλεγον
1225 2652 1354 2704 εἶναι
1400 2656 1490 2703 καὶ
1550 2660 1680 2710 στῆ-

76 2757 178 2791 σαι
205 2744 298 2798 τὴν
321 2748 421 2792 τῶν
449 2739 753 2815 βουλγάρων
780 2741 960 2813 φοράν.
992 2745 1156 2792 Τοῦτο
1187 2735 1245 2791 δε
1271 2746 1378 2801 τοῖς
1409 2747 1500 2792 τοῦ
1548 2760 1682 2814 κρα-

71 2837 287 2890 τοῦντος
318 2832 476 2893 θείοις
494 2837 599 2891 τοῖς
623 2833 1012 2905 προειρημένοις
1061 2829 1154 2881 οὐκ
1188 2831 1424 2904 ἤρεσκεν,
1473 2831 1550 2891 οἷς
1592 2835 1681 2882 καὶ

70 2926 334 2992 προσεῖχε
360 2919 549 2993 μᾶλλον
580 2921 605 2971 ό
628 2918 892 2992 βασιλεύς,
924 2918 1127 2971 παλλῶν
1153 2919 1315 2973 ἕνεκα.
1348 2917 1413 2971 Ἦ
1471 2938 1524 2971 τε
1577 2920 1678 2993 γὰρ

69 3013 359 3082 γνησιότης
387 3018 478 3063 τοῦ
525 3014 705 3082 γένους
742 3009 1006 3081 ἠνάγκαζε
1054 3014 1144 3061 καὶ
1199 3012 1257 3061 τὸ
1324 3016 1420 3071 τῆς
1477 3008 1680 3071 ἡλικίας

69 3102 302 3174 γηραιὸν
340 3098 710 3174 παρτεϐίαζεν,

69 3190 267 3240 καὶτὸ
308 3187 504 3241 πολλῶν
564 3189 882 3260 πραγμάτων
961 3182 1106 3259 ’ίδρις
1182 3185 1368 3247 αύτούς
1447 3187 1683 3258 γίνεσθαι

788 3098 893 3170 οὐχ
968 3098 1123 3156 ἧττον
1199 3094 1258 3150 δὲ
1331 3101 1458 3170 πρὸς
1530 3104 1681 3150 τοῦτο

1865 1947 1950 1999 55.
1983 1944 2305 2016 Propterea
2331 1944 2657 2016 imperator
2682 1943 2862 1999 etiam
2892 1944 3022 2016 ipse
3051 1944 3232 2001 rebus
3273 1945 3449 2002 anxie

1792 2032 2104 2102 aestuabat,
2179 2032 2228 2087 si
2291 2037 2416 2087 tam
2436 2031 2649 2087 misere
2695 2032 3004 2102 potestatis
3063 2031 3224 2088 illius
3275 2032 3445 2089 initio

1790 2120 2172 2177 haberentur.
2199 2120 2316 2176 Illis
2339 2136 2480 2191 ergo
2507 2120 2613 2192 qui
2664 2119 2950 2189 dignitate
3001 2120 3330 2190 fulgebant,
3392 2125 3448 2177 et

1791 2209 2156 2265 exercituum
2188 2208 2556 2271 ductoribus,
2583 2208 2734 2263 inter
2754 2223 2909 2280 quos
2934 2213 2990 2264 et
3009 2225 3079 2264 ex
3111 2225 3225 2264 avo
3257 2209 3446 2281 impe-

1789 2302 1984 2354 ratore
2012 2298 2318 2355 Theodoro
2340 2297 2535 2370 patrui
2566 2297 2797 2354 Manuel
2822 2301 2878 2353 et
2907 2297 3152 2354 Michael
3182 2297 3444 2354 advene-

1790 2392 1942 2458 rant,
1972 2387 2336 2452 convocatis,
2373 2385 2694 2442 consilium
2709 2385 2836 2448 iuit,
2859 2386 3008 2459 quid
3040 2387 3174 2451 sibi,
3197 2393 3263 2444 ut
3283 2387 3445 2444 malo

1789 2483 2142 2543 occurreret,
2175 2475 2480 2547 agendum
2524 2479 2702 2531 esset.
2737 2476 2933 2531 Potior
2973 2491 3180 2532 eorum
3209 2491 3352 2548 pars
3385 2476 3447 2531 in

1790 2580 1924 2620 eam
1945 2565 2050 2621 ivit
2075 2564 2454 2633 sententiam,
2470 2564 2865 2635 utimperator
2883 2563 3260 2636 Hellesponto
3274 2579 3447 2636 supe-

1791 2659 1918 2710 rato
1942 2654 2235 2726 impetum
2261 2653 2653 2722 Bulgarorum
2696 2653 3136 2725 comprimeret.
3182 2653 3296 2708 Sed
3334 2653 3447 2708 hoc

1789 2740 2074 2814 principis
2102 2741 2350 2814 patruis,
2374 2756 2526 2813 quos
2551 2755 2734 2812 supra
2768 2740 3072 2796 nominavi
3099 2740 3265 2797 haud
3297 2740 3440 2797 arri-

1791 2830 2228 2902 debat,quibus
2244 2829 2516 2885 animum
2542 2829 2738 2902 potius
2764 2830 3100 2887 adverterat
3124 2831 3450 2903 imperator

1793 2919 1993 2975 multis
2014 2919 2088 2974 de
2122 2919 2337 2974 causis.
2364 2917 2637 2973 Aﬁnitas
2667 2919 2891 2991 quippe
2914 2921 3145 2990 generis
3172 2925 3226 2975 et
3277 2935 3450 2975 vene-

1791 3008 1983 3064 randa
2031 3012 2309 3063 senectus
2362 3006 2685 3078 compellat
2722 3023 2962 3080 ;neque
3003 3008 3201 3062 minus
3260 3007 3339 3063 ad
3387 3009 3450 3064 id

1792 3095 2134 3153 conferebat
2146 3111 2350 3152 rerum
2362 3095 2690 3151 multarum
2703 3097 3084 3169 experientia.
3102 3097 3170 3151 Hi
3184 3112 3450 3168 namque

1791 3186 2039 3242 Joannis
2071 3185 2451 3258 imperatoris
2474 3190 2742 3256 tempore
2769 3191 2826 3240 et
2849 3185 2977 3241 solo
3002 3187 3194 3257 patrio
3215 3185 3450 3241 exsules

72 3278 358 3352 παρέπειθε
413 3299 424 3310 ·
471 3272 697 3349 φυγάδες
743 3278 844 3348 γὰρ
900 3275 1043 3327 οὗτοι
1097 3279 1363 3346 γεγονότες
1416 3282 1512 3336 τῆς
1593 3281 1684 3326 τοῦ

1833 3275 2110 3331 ΙΠῙῐΟῙἪΙΠ
2124 3274 2456 3347 principum
2470 3273 2867 3330 familiaritate
2881 3273 2972 3330 usi
2990 3279 3129 3330 sunt
3143 3278 3200 3331 et
3214 3274 3453 3331 diversa

1221 3363 1429 3426 πολλοῖς

1142 3449 1424 3526 διαφόρους

75 3365 341 3440 βασιλέῶς
416 3366 651 3421 Ἰωάννου
719 3361 1112 3438 διακρατήσεως

74 3455 353 3528 ωμίλησαν
430 3451 713 3517 δεσπόταις
803 3458 892 3506 καὶ
981 3453 1048 3514 εἰς

1523 3383 1685 3438 προσι

1521 3472 1614 3528 περ
1623 3471 1686 3505 ιε-

73 3544 424 3603 πλανήθησαν
470 3548 683 3608 τόπους,
741 3541 1033 3612 κάντεῦθεν,
1096 3543 1233 3593 κατὰ
1293 3546 1387 3600 τὴν
1439 3545 1677 3610 ποίησιν,

79 3629 226 3687 εἶδον
291 3635 455 3686 ἄστεα
507 3638 598 3685 καὶ
643 3637 757 3685 νόον
801 3635 1052 3704 ἔγνωσαν.
1122 3635 1222 3683 Καὶ
1274 3626 1407 3688 ἦσαν
1477 3633 1566 3703 μὲν
1624 3633 1687 3691 ὡς

80 3724 294 3785 ἀληθῶς
342 3723 486 3776 οὗτοι
534 3727 795 3797 νοήμονες,
843 3721 938 3774 ούκ
997 3720 1126 3794 ὀρθὰ
1176 3716 1234 3772 δὲ
1290 3719 1530 3793 ἐφρόνουν
1582 3727 1687 3781 τοῖς

79 3823 189 3867 τῶν
237 3813 498 3886 Ῥωμαίων
566 3815 891 3887 πράγμασιν,
959 3810 1132 3862 αἰτίαν
1177 3812 1381 3880 ἔχοντες
1442 3812 1498 3860 τό
1556 3828 1688 3882 παρ-

81 3900 500 3976 ευδοκιμηθῆναι
561 3904 628 3954 τὰ
688 3910 872 3975 πρῶτα
933 3901 1077 3972 παρὰ
1134 3905 1226 3950 τοῦ
1297 3895 1522 3968 ἀδελφοῦ
1595 3902 1686 3950 καὶ

80 3992 365 4068 βασιλέως,
393 3990 615 4066 μηδενὸς
655 3992 822 4044 αὐτῶν
868 3991 941 4052 εἰς
989 3987 1136 4052 ἀξίαν
1190 3987 1477 4060 ἀνηγμένου
1530 3983 1688 4058 βασι-

76 4083 206 4143 λέως
265 4078 505 4154 ἀδελφοῖς
564 4077 981 4155 διαπρέπουσαν.
1041 4076 1171 4130 Εἶτα
1229 4081 1319 4128 καὶ
1389 4077 1534 4149 παρὰ
1594 4081 1685 4126 τού

77 4170 320 4244 γαμϐρου
397 4173 485 4222 καὶ
563 4167 822 4241 βασιλέως
905 4171 995 4219 καὶ
1065 4161 1322 4238 φυγαδίαι
1406 4172 1496 4224 τῆς
1571 4161 1689 4215 Ῥω-

79 4265 251 4335 μαίων
307 4263 629 4332 γεγενημένοι
696 4261 818 4332 πρὸς
878 4257 1064 4318 αὐτοὺς
1137 4251 1527 4327 ἐδυσμέναινον.
1587 4258 1688 4306 Καὶ

81 4357 253 4403 ταῦτα
287 4353 376 4422 μέν
417 4350 538 4410 ἳσως
578 4347 681 4423 ἐρεῖ
713 4366 788 4407 τις
823 4350 968 4399 αἴτια
1006 4343 1158 4416 εἶναι,
1196 4347 1254 4397 τὸ
1298 4341 1356 4396 δὲ
1398 4342 1583 4405 ἀληθὲς
1622 4345 1689 4394 τὰ

82 4449 187 4494 τῶν
214 4438 491 4514 ἀνθρώπων
523 4439 623 4496 ἤθη
659 4435 877 4489 ἀϐέϐαια
937 4439 1061 4486 ὄντα
1109 4439 1199 4486 καὶ
1261 4432 1469 4486 ἆστατα
1517 4434 1688 4484 τοιού-

85 4548 208 4589 τους
254 4529 534 4599 τυγχάνειν
581 4525 805 4579 ἐποίουν.
859 4529 960 4576 Καὶ
1017 4529 1186 4575 ταῦτα
1228 4525 1317 4595 μὲν
1366 4522 1424 4574 ού
1488 4517 1689 4573 διελάν-

88 4622 237 4672 θανεν
259 4613 381 4670 οὐδὲ
409 4620 495 4668 τόν
524 4614 749 4688 βασιλέα
797 4609 1073 4686 Θεόδωρον
1103 4633 1116 4645 ·
1175 4615 1299 4673 τέως
1354 4606 1440 4662 οὖν
1495 4611 1561 4670 ὡς
1614 4609 1690 4662 οἰ-

85 4714 260 4770 κείους
278 4715 370 4760 τοῦ
420 4705 641 4777 αἳματος
688 4708 778 4757 καὶ
819 4705 876 4756 τὸ
932 4707 1088 4774 τιμᾷν
1137 4701 1322 4762 αὐτούς
1370 4697 1466 4753 διὰ
1503 4703 1690 4761 παντὸς

85 4797 420 4874 προελόμενος
493 4795 690 4870 ἐχρᾶτο
762 4782 892 4867 πρὸς
971 4791 1284 4864 συμϐουλὰς.
1363 4789 1690 4844 ’Υπετίθεντο

86 4895 212 4962 γοῦν
243 4886 386 4938 οὗτοι
417 4888 480 4946 ὡς
511 4885 568 4937 ού
604 4888 775 4956 χρεὼν
812 4886 898 4934 τὸν
939 4880 1164 4954 βασιλέα
1203 4876 1528 4955 διαπερᾶσαι
1561 4881 1692 4954 πρὸς

87 4982 189 5036 κήν
219 4973 450 5048 δυσμήν,
488 4976 567 5026 ὅτι
589 4991 643 5025 τε
671 4979 844 5034 κακῶς
892 4971 1107 5046 πράττει
1165 4972 1229 5021 τὰ
1277 4975 1497 5021 τοιαῦτα
1535 4971 1690 5042 μέρη,

88 5071 182 5120 καὶ
207 5066 276 5126 ὡς
317 5070 457 5116 νοσεῖ
515 5057 713 5134 σχεδόν
767 5059 1110 5134 ἀθεράπευτα,
1158 5059 1460 5131 στράτευμά
1514 5075 1567 5109 τε
1615 5060 1688 5129 μὴ

90 5159 234 5229 ἔχειν
260 5157 345 5206 τόν
374 5150 598 5224 βασιλεα
632 5159 897 5226 προσῆκον
941 5147 1126 5223 πράξει
1175 5147 1426 5221 βασιλικῇ
1457 5167 1470 5181 ο
1522 5148 1547 5200 ό
1592 5148 1692 5219 γὰρ

89 5248 292 5320 χειμὼν
323 5240 509 5295 ἐκώλυε
537 5245 632 5300 τὴν
687 5241 1026 5314 συνάθροισιν
1081 5246 1180 5290 τῶν
1230 5234 1524 5310 δυνάμεων.
1593 5240 1694 5290 Kat

1792 3364 1853 3420 in
1873 3365 2005 3421 loca
2027 3364 2400 3435 aberrarunt,
2432 3364 2711 3436 hincque,
2748 3365 2791 3435 1
2810 3365 2920 3436 16
2939 3369 3196 3437 utpoeta
3216 3364 3450 3431 cecinit,

1793 3455 2073 3511 viderunt
2088 3453 2267 3510 urbes
2291 3460 2347 3510 et
2372 3470 2568 3510 mores
2591 3454 2906 3510 hominum
2933 3458 3360 3525 cognoverunt.
3386 3455 3453 3510 Hi

1794 3545 1945 3616 licet,
1985 3550 2045 3600 ut
2071 3560 2279 3600 verum
2300 3543 2506 3615 fatear,
2536 3543 2715 3616 pleno
2742 3549 2979 3618 pectore
3011 3551 3306 3616 saperent,
3329 3560 3452 3600 non

1793 3639 1949 3690 recte
1979 3637 2181 3689 tamen
2206 3635 2614 3689 Romanorum
2636 3632 2818 3689 rebus
2848 3633 3263 3700 consulebant,
3288 3633 3454 3706 quod

1796 3723 2062 3795 primum
2083 3738 2120 3778 a
2149 3721 2326 3778 fratre
2356 3727 2412 3777 et
2432 3722 2791 3794 imperatore
2813 3722 3065 3793 neglecti
3095 3722 3260 3777 nullo
3288 3722 3455 3791 digni

1793 3809 1980 3866 habiti
2010 3809 2264 3865 fuissent
2313 3825 2578 3871 munere.
2620 3809 2787 3881 quod
2829 3809 3037 3864 fratres
3077 3809 3454 3881 imperatoris

1796 3899 2147 3954 condeceret
2174 3915 2186 3965 ;
2212 3897 2350 3953 dein
2381 3914 2486 3970 per
2503 3914 2791 3969 generum
2831 3902 2887 3952 et
2915 3899 3340 3969 imperatorem
3371 3897 3450 3954 ab

1797 3988 1924 4044 solo
1946 3987 2137 4060 patrio
2161 3991 2444 4054 extorres,
2472 3987 2549 4042 ab
2567 3986 2650 4042 eis
2670 3990 2826 4042 totos
2859 4002 2919 4042 se
2942 3985 3450 4042 abolienaverant.

1796 4074 1862 4130 Et
1881 4076 1991 4131 has
2019 4075 2266 4148 quidem
2294 4091 2510 4131 causas
2531 4074 2816 4130 Romanis
2848 4074 2979 4130 illos
3003 4074 3455 4132 inimicissimos

1795 4163 2126 4219 reddidisse
2148 4163 2364 4236 aliquis
2398 4162 2546 4219 forte
2580 4162 2830 4219 diceret:
2857 4163 3032 4218 nobis
3060 4163 3202 4218 satis
3254 4164 3459 4232 cogni—

1798 4257 1924 4308 tum
1955 4269 2154 4308 mores
2182 4253 2503 4308 hominum
2533 4251 2790 4307 incertos
2821 4257 3001 4324 atque
3035 4251 3342 4308 instabiles
3398 4251 3457 4306 in

1797 4341 2149 4413 hujusmodi
2191 4357 2294 4397 eos
2328 4341 2655 4396 deduxisse
2688 4341 3039 4404 simultates,
3085 4357 3223 4414 qum
3256 4355 3459 4413 neque

1797 4431 2220 4503 imperatorem
2246 4429 3333 4488 Theodorumlatebent.Nihilominus
3358 4445 3460 4486 eos

1800 4524 2089 4593 tanquam
2103 4519 2395 4591 sanguine
2410 4519 2540 4591 conj
2553 4526 2784 4590 unctos,
2803 4519 3033 4592 etquod
3045 4525 3336 4593 perpetuo
3350 4535 3458 4575 eos

1725 4643 1769 4696 ο
1800 4609 2130 4665 honoribus
2143 4609 2544 4665 condecorare
2561 4614 2980 4682 proposuerat,
3002 4609 3268 4666 consiliis
3286 4609 3458 4667 adhi-

1797 4698 2000 4755 bebat.
2033 4698 2455 4771 Proponebant
2475 4699 2676 4769 itaque
2699 4698 2780 4754 illi
2805 4714 2929 4754 non
2949 4715 3081 4756 esse
3106 4715 3305 4771 operae
3332 4714 3465 4770 pre-

1801 4789 1949 4844 tium
1973 4789 2397 4860 imperatorem
2436 4788 2497 4843 in
2523 4804 2809 4845 occasum
2833 4789 3322 4861 progredi,quod
3375 4803 3459 4843 eae

1800 4883 1998 4950 partes
2030 4878 2186 4934 male
2209 4877 2636 4934 aﬂlictarentur
2656 4883 2713 4934 et
2741 4878 2972 4950 absque
2994 4877 3259 4933 remedio
3279 4876 3454 4932 vehe-

1801 4972 2033 5023 menter
2067 4967 2428 5023 laborarent.
2461 4967 2676 5039 Copias
2702 4982 2834 5022 esse
2872 4965 3252 5037 imperatoris
3282 4964 3462 5021 exiles

1803 5071 1872 5111 ac
1891 5061 2098 5112 tenues
2119 5071 2228 5111 nec
2247 5055 2404 5126 regis
2429 5058 2723 5127 apparatu
2746 5068 3200 5126 suppares,cum
3222 5058 3461 5126 tempus

1801 5145 2125 5201 hibernum
2171 5143 2605 5217 impedimento
2657 5147 2811 5199 esset
2860 5159 2935 5198 ne
2979 5147 3334 5211 cogerentur
3398 5143 3462 5199 in

1802 5251 2017 5293 unum.
2041 5232 2841 5306 Praetereaimperatorem,si
2860 5231 2993 5289 loco
3006 5235 3320 5289 moveatur
3331 5248 3440 5290 nes

168 5425 216 5460 ⁸³
275 5424 320 5478 D
372 5438 384 5477 :
443 5419 636 5480 Βουλην
666 5415 755 5473 οὖν
805 5419 1177 5489 ποιησάμενος,
1237 5419 1284 5469 οἱ
1347 5419 1435 5489 μεν
1522 5415 1729 5477 πλείους
1780 5411 2101 5489 διαπερᾶσαι
2153 5413 2307 5489 αὐτόν
2377 5414 2464 5489 τὸν
2525 5408 2899 5489 Ἑλλησποντον
2955 5407 3070 5465 δέον
3135 5409 3465 5489 ἓλεγον.ῌοἱ

168 5439 216 5460 ⁵³
275 5439 320 5478 U
372 5439 384 5477 :
445 5439 636 5480 bonum
666 5439 755 5473 ουν
805 5439 1005 5476 ποιησα
1051 5439 1177 5485 ενος,
1237 5439 1284 5469 οι
1347 5439 1435 5489 μεν
1522 5439 1729 5477 πΛειους
1780 5439 2101 5489 σιαπερασαι
2153 5439 2307 5466 αυτον
2377 5439 2464 5465 τον
2540 5439 2899 5470 ΕιΛΛησἹῑυντυν
2955 5439 3070 5465 σεον
3136 5439 3224 5482 ua"

96 5493 158 5550 δε
195 5497 324 5570 πρὸς
364 5494 580 5546 πάππου
637 5492 797 5545 αὑτοῦ
840 5498 932 5544 τοῦ
987 5439 1246 5564 βασιλέως
1293 5484 1570 5561 Θεοδώρου
1628 5487 1877 5546 Μανουὴλ
1933 5491 2021 5538 καὶ
2077 5485 2296 5608 Μιέαὴλ
2349 5485 2397 5535 οἱ
2465 5484 2778 5556 Λασκάριες,
2836 5484 2912 5547 οἷς
2969 5492 3224 5560 προσεῖχε

96 5577 159 5608 ιινῆ
189 5587 241 5608 η
268 5569 579 5608 σννησιότιτι
603 5570 692 5608 καὶ
730 5571 802 5608 τῶ
827 5567 995 5608 Nion-
1030 5561 1088 5608 οὐ
1118 5564 1284 5608 νοεὼν
1334 5556 1655 5608 διαπερᾶσαι
1713 5562 1799 5608 τὸν
1850 5557 2071 5608 ϐασιλέα
2120 5556 2141 5608 ἐ
2181 5557 2449 5608 οῦλευσαν.
2497 5552 2580 5608 Ἠ.
2634 5562 2733 5606 τῶν
2789 5555 3031 5608 πλειόνων
3083 5564 3210 5608 ’γοῦν

3316 5483 3464 5538 ἄλλον

93 5577 159 5643 τῇ
189 5552 244 5620 τί
268 5552 579 5638 γνησιότητι
603 5570 693 5618 καὶ
730 5571 802 5635 τῷ
827 5552 999 5637 γήρει,
1030 5561 1088 5614 ού
1114 5564 1284 5636 χρεὼν
1334 5552 1655 5636 διαπερᾶσαι
1713 5562 1799 5612 τὸν
1847 5557 2071 5632 βασιλέα
2120 5552 2449 5610 ἐϐούλευσαν.
2497 5552 2580 5612 Ἠ.
2634 5552 2733 5606 τῶν
2789 5552 3031 5609 πλειόνων
3083 5552 3210 5630 γοῦν
3265 5552 3466 5631 ἴσχυσε

101 5641 264 5717 βουλή
274 5677 292 5700 ο
