3966 6324
54 356 202 409 H29

1577 339 1902 396 ANNALES

3283 345 3422 402 H30

45 479 123 528 τὰ
149 477 341 542 πάντα,
367 476 456 524 καὶ
487 473 546 524 τὸ
577 469 798 527 πλησίον
856 467 1024 518 αὐτῶν
1081 462 1189 525 ἤδη
1243 465 1527 535 τυγχάνειν
1574 465 1662 514 τόν

1857 478 1932 531 re,
1958 465 2170 517 etcum
2198 477 2305 533 per
2323 461 2456 518 loca
2497 463 2811 519 arboribus
2840 465 3251 538 frequentibus
3282 483 3423 523 con-

49 564 288 637 βασιλέα
318 553 742 634 διισχυρίζοντο.
776 556 865 617 Ὡς
900 558 1056 627 ἔτυχε
1106 561 1232 625 γοῦν
1286 555 1498 612 ἕκαστος
1562 559 1662 602 τῶν

43 653 363 726 Βουλγάρων
402 654 492 701 καὶ
552 647 706 706 αὐτὸς
753 647 779 697 6
838 646 1032 696 τούτων
1088 643 1290 716 ἄρχων,
1348 639 1524 700 ἐπιϐὰς
1571 647 1663 692 τοῦ

47 745 245 808 ἵππου,
301 740 386 793 ἐπὶ
447 740 513 790 τὰ
568 731 814 809 ἐνδότερα
871 742 970 785 τῶν
1031 732 1394 805 Βουλγαρικῶν
1462 728 1664 802 ἐφέρετο

43 839 271 905 χώρων.
305 824 732 901 Κατεδρύπτοντο
759 819 793 876 δ
797 826 817 875 ε
845 825 1040 874 τούτων
1096 825 1202 881 τόῐς
1275 828 1376 872 τῶν
1434 815 1662 892 δένδρων

45 917 274 980 κλλδοις
321 920 388 970 τὰ
459 919 734 990 πρόσωπα,
827 913 1137 984 συνηρεφέσι
1213 911 1414 969 τούτοις
1506 907 1664 980 έμπί-

46 1029 277 1063 πτονταο
338 1008 365 1060 6
431 1002 498 1063 δή
558 1009 648 1056 καὶ
696 1001 849 1061 αὐτὸς
908 1001 936 1052 6
1024 999 1314 1071 Βούλγαρος
1395 999 1660 1054 πέπονθεν.

46 1100 223 1154 Ἔνιοι
270 1095 330 1150 δε
407 1095 571 1148 αὐτῶν
653 1097 742 1145 καὶ
810 1096 1026 1163 γυμνοῖς
1096 1085 1409 1160 ἐφεστρίδων
1452 1087 1522 1149 εἰς
1569 1091 1663 1145 τὴν

50 1191 250 1261 ὀχείαν
274 1193 382 1248 τοῖς
414 1186 586 1244 ἵπποις
617 1181 935 1255 ἐχρήσαντο.
966 1179 1117 1231 Ούτω
1155 1185 1280 1249 γοῦν
1352 1173 1660 1250 διαδράντες

49 1276 468 1345 τήνῬωμαῖκὴν
507 1271 770 1344 ἀπέφυγον
811 1270 1040 1326 σπάθην.
1092 1265 1282 1320 Ἕωθεν
1334 1262 1392 1319 δε
1433 1269 1520 1318 τόν
1578 1270 1662 1318 τό-

51 1386 159 1420 πον
207 1367 412 1438 φθάσας
459 1364 486 1415 ὅ
585 1358 830 1434 βασιλεὺς
895 1362 986 1410 καὶ
1037 1360 1226 1430 ἔρημον
1282 1357 1664 1429 στρατεύματος

51 1455 420 1527 Βουλγαρικοῦ
481 1446 709 1502 κατιδὼν
762 1447 1049 1504 λελύπηται
1102 1448 1212 1517 μὲν,
1276 1443 1370 1496 ούκ
1433 1439 1546 1515 εἶχε
1605 1439 1664 1496 δὲ

50 1547 86 1596 ὅ
109 1564 165 1597 τι
220 1547 310 1596 καὶ
361 1539 592 1616 δράσειε.
661 1537 854 1595 Βουλὴν
916 1532 976 1588 δὲ
1027 1536 1373 1606 ποιησάμενος
1443 1531 1522 1585 ἐπὶ
1569 1537 1664 1591 τήν

49 1642 256 1707 Βεροην
331 1637 516 1704 χωρεῖ,
593 1626 803 1679 κάκεῖσε
894 1621 954 1678 δὲ
1011 1623 1284 1696 ἀφιγμένος
1325 1621 1558 1675 αὐτοϐοεὶ
1605 1625 1664 1674 τό

53 1725 310 1797 φρούριον
335 1719 478 1773 εἶλενο
542 1717 626 1792 [Ρ.
679 1716 768 1787 61]
821 1715 958 1767 ἅπαν
1013 1719 1115 1788 γαρ
1173 1716 1231 1765 τό
1287 1719 1462 1784 τεῖχος
1509 1713 1666 1765 αὐτοῦ

52 1815 428 1885 κατηρείπωτο
465 1812 555 1860 καὶ
598 1803 633 1858 δ
638 1801 774 1868 ιεξέδ
777 1823 866 1866 ους
931 1804 1044 1874 εἶχε
1095 1801 1303 1866 πολλὰς,
1355 1800 1667 1860 κοταϐεϐλη-

55 1906 218 1975 μένον
245 1904 336 1952 καὶ
365 1904 518 1951 τοῦτο
556 1897 700 1970 παρὰ
736 1898 836 1946 τών
880 1891 1184 1966 Βουλγάρων
1253 1895 1344 1943 σὺν
1396 1899 1506 1952 τοῖς
1557 1891 1668 1944 λοι-

55 1998 186 2051 ποῖς
241 1997 338 2042 τῶν
381 1986 701 2059 Ῥωμαϊκῶν,
787 1984 1005 2053 ἄστεων,
1081 1981 1123 2033 εἰ
1180 1985 1270 2032 καὶ
1325 1979 1522 2052 κάμαξι
1581 1985 1670 2033 καὶ

54 2086 177 2139 τοῖς
229 2075 283 2140 ἐξ
328 2073 538 2147 αμαξῶν
594 2071 761 2135 ξύλοις
827 2066 1042 2123 ἐδόκουν
1104 2069 1226 2121 αύτό
1286 2074 1670 2143 κατοχυρώσα-

58 2170 198 2221 σθαι
229 2165 584 2238 οἱοίκὴτορες.
625 2168 837 2234 Τροφῶν
865 2166 992 2231 γοῦν
1048 2157 1341 2230 ηύμοίρησε
1395 2159 1462 2209 τὰ
1511 2177 1669 2232 στρα-

55 2259 324 2329 τεύματα,
356 2252 504 2304 αύτοί
546 2269 600 2304 τε
665 2254 755 2300 καὶ
803 2250 852 2301 οἱ
914 2250 1109 2300 τούτων
1159 2249 1330 2299 ἵπποι·
1381 2245 1670 2304 ἐπίπληστο

53 2349 168 2420 γὰρ
205 2343 596 2418 χορτασμάτων
625 2342 684 2390 τό
712 2337 867 2390 ἂστυ.
903 2341 1004 2389 Καὶ
1065 2337 1190 2406 τάχ’
1246 2337 1308 2386 ἄν
1367 2339 1457 2386 καὶ
1508 2354 1671 2408 προσ-

56 2437 242 2508 ωτέρω
281 2433 342 2484 ἄν
368 2430 689 2502 ἐκεχωρήκει
717 2428 744 2479 6
785 2424 1038 2500 βασιλεὺς
1092 2429 1182 2477 καὶ
1241 2423 1326 2476 ἐπὶ
1377 2427 1464 2476 τόν
1509 2422 1670 2496 Αἶμον

55 2526 224 2578 αὐτόν
252 2527 336 2574 καὶ
376 2523 441 2574 τὰ
469 2518 517 2572 ἓν
542 2519 682 2590 αὐτῷ
721 2518 1057 2589 τυγχάνοντα
1108 2516 1332 2589 φρούρια
1385 2519 1479 2572 τήν
1554 2517 1669 2586 ἔφο-

54 2611 157 2666 δον
187 2611 461 2668 ἐπεποίητο
509 2609 720 2676 (πτοίαν
765 2609 868 2680 γὰρ
911 2605 970 2658 ού
1023 2607 1216 2678 μικρὰν
1273 2610 1383 2665 τοῖς
1441 2603 1672 2675 Βουλγά-

51 2723 176 2778 ροις
207 2699 476 2767 ἐνέϐαλεν),
511 2698 556 2750 εἰ
583 2701 654 2770 μή
697 2700 898 2768 χειμὼν
949 2693 1242 2768 βαρύτατος
1271 2693 1452 2766 αἴφνης
1504 2691 1671 2745 ἐπεισ-

56 2797 237 2846 πεσὼν
269 2787 520 2841 ἐκώλυσεν
560 2786 714 2838 αύτόν
743 2794 836 2845 τῆς
859 2785 993 2857 όρμῆ
1006 2805 1044 2845 ς·
1070 2783 1230 2840 πολλὴ
1263 2785 1364 2856 γὰρ
1385 2786 1520 2854 χιὼν
1547 2786 1674 2855 πρό·

53 2887 276 2952 τῆςγῆς
328 2881 386 2930 τό
438 2879 719 2950 πρόσωπον
749 2873 1066 2944 ἒπηλῦγασε,
1101 2877 1191 2924 καὶ
1220 2875 1277 2923 τὸ
1304 2870 1388 2923 ἐπὶ
1411 2872 1556 2934 ξένης
1584 2875 1674 2923 καὶ

1771 552 1883 607 sita
1929 552 2328 620 abigerentur,
2372 553 2654 609 arborum
2697 555 2881 610 ramis
2920 557 3124 619 facies,
3182 558 3347 629 quod
3369 561 3426 614 et

1773 641 2061 712 Bulgarus
2084 658 2306 712 passus
2337 647 2443 710 est,
2471 643 2786 700 dilacerari
2818 645 3125 714 ;nonnulli
3147 648 3329 702 etiam
3350 663 3423 703 ex

1772 731 1919 804 ipsis
1947 732 2109 802 sagis
2143 731 2383 787 omissis
2415 734 2585 805 equis
2616 735 2815 790 calcar
2845 736 3087 807 addere,
3117 738 3221 809 qui
3250 738 3333 792 sic
3361 739 3423 792 in

1773 821 1980 891 fugam
2021 822 2143 878 dati
2181 824 2592 878 Romanorum
2631 824 2780 880 ictus
2820 825 3212 882 declinarunt.
3255 829 3422 882 Mane

1773 927 1903 966 cum
1915 911 2110 967 locum
2125 913 2808 984 occupassetimperator
2827 917 2869 984 1
2888 917 2930 985 1
2942 915 3422 986 9etmilitaribus

1772 1001 1960 1072 copiis
1975 1017 2231 1057 vacuum
2256 1001 2660 1073 comperisset,
2680 1003 2936 1060 indoluit
2952 1021 3117 1064 sane.
3143 1004 3248 1060 sed
3271 1020 3420 1077 prae-

1774 1095 1932 1147 stare
1958 1089 2187 1160 aliquid
2217 1089 2380 1145 haud
2406 1091 2616 1162 potuit.
2640 1094 2862 1156 Tamen
2884 1094 3132 1150 consilio
3152 1094 3296 1149 inito
3323 1096 3424 1150 Be-

1769 1197 1926 1238 roem
1941 1177 2664 1252 proﬁciscitur,primoque
2677 1181 2940 1254 appulsu
2952 1183 3234 1255 oppidum
3249 1185 3426 1256 cepit,

1771 1273 1919 1327 Nam
1947 1284 2156 1324 murus
2171 1267 2435 1340 undique
2456 1269 2616 1324 lacer
2645 1277 2949 1328 corruerat
2980 1273 3302 1346 multisque
3324 1291 3428 1348 pa-

1772 1358 1934 1416 tebat
1959 1356 2238 1428 hiatibus,
2266 1373 2404 1412 cum
2434 1359 2548 1414 hoc
2578 1375 2821 1431 quoque
2862 1377 3000 1416 cum
3039 1361 3283 1434 reliquis
3311 1366 3433 1420 Ro-

1773 1462 2097 1502 manorum
2115 1445 2355 1518 oppidis
2375 1462 2410 1502 a
2432 1447 2690 1516 Bulgaro
2714 1449 2840 1505 solo
2859 1455 3167 1522 aequatum
3189 1451 3419 1522 fuisset,

1774 1536 1908 1592 licet
1932 1535 2168 1608 perticis
2199 1539 2255 1590 et
2279 1535 2454 1604 lignis
2487 1553 2559 1593 ex
2583 1537 2861 1608 plaustris
2886 1539 3103 1595 accolae
3126 1540 3270 1596 illud
3299 1558 3431 1598 mu-

1777 1626 1961 1683 niisse
2001 1624 2362 1681 viderentur.
2406 1624 2563 1681 Cibis
2603 1626 2807 1697 itaque
2869 1632 2925 1683 et
2950 1628 3088 1699 equi
3120 1633 3176 1685 et
3216 1631 3431 1687 milites

1779 1714 2077 1772 cumulate
2091 1713 2168 1768 ab
2177 1713 2480 1769 undarunt
2501 1731 2513 1769 :
2534 1715 2828 1787 oppidum
2843 1717 3058 1772 etenim
3077 1718 3433 1785 pabulorum

1777 1803 2048 1861 omnium
2072 1802 2443 1859 abundantia
2461 1804 2934 1862 circumﬂuebat.
2971 1808 3236 1862 Fortasse
3254 1808 3433 1864 etiam

1777 1895 2102 1966 imperator
2131 1891 2378 1947 ulterius
2410 1896 2825 1964 processisset,
2859 1899 2913 1950 et
2969 1895 3126 1952 circa
3152 1897 3423 1954 Haemum

1779 1986 1835 2038 et
1863 1983 1923 2037 in
1951 1997 2022 2038 eo
2040 1981 2150 2037 sita
2170 1981 2396 2053 oppida
2414 1981 2818 2038 incursionem
2859 1983 3092 2040 fecisset
3131 1985 3432 2055 (timorem

1779 2071 1961 2138 enim,
2002 2085 2112 2125 nec
2151 2086 2289 2125 eum
2341 2070 2653 2142 pusillum,
2717 2071 2984 2141 Bulgaris
3051 2073 3428 2146 incusserat),

1777 2159 1892 2216 nisi
1912 2164 2240 2230 tempestas
2273 2158 2599 2230 asperrima
2625 2175 2697 2216 ex
2736 2160 3066 2232 improviso
3093 2162 3432 2235 irrumpens

1779 2248 2070 2320 impetum
2107 2247 2506 2320 ardoremque
2537 2249 2929 2305 restinxisset.
2971 2253 3188 2320 Ingens
3210 2253 3430 2308 etenim

1777 2338 1881 2393 nix
1916 2336 2118 2392 infusa
2165 2341 2334 2392 terrae
2381 2337 2593 2392 faciem
2644 2337 2891 2405 obtexit,
2953 2343 3010 2394 et
3049 2339 3110 2394 in
3137 2340 3333 2397 aliena
3360 2357 3430 2398 ac

1779 2425 1975 2482 hostili
1997 2431 2152 2482 terra
2176 2425 2471 2481 exercitus
2511 2429 2813 2482 Romanos
2862 2427 3084 2483 diutius
3113 2427 3435 2484 immorari

1781 2530 1905 2572 non
1933 2515 2088 2588 aequi
2114 2514 2483 2571 consultores
2512 2514 2866 2571 laudabant.
2904 2519 3016 2572 Sex
3068 2516 3268 2589 itaque
3299 2517 3427 2573 dies

1781 2603 1865 2660 ibi
1891 2604 2217 2676 imperator
2243 2609 2676 2670 commoratus,
2717 2621 2855 2661 cum
2900 2605 3044 2661 nihil
3096 2610 3438 2679 suppeteret

1784 2693 2110 2763 agendum,
2140 2693 2344 2749 omnia
2369 2695 2597 2764 Beroea,
2632 2693 2807 2761 viros,
2833 2694 3132 2762 mulieres,
3153 2696 3432 2768 infantes,

1784 2782 2064 2854 pecudes,
2098 2781 2307 2850 boves,
2348 2785 2402 2837 et
2431 2781 2729 2854 quidquid
2757 2783 2889 2839 loco
2919 2784 3145 2840 moveri
3178 2789 3435 2858 poterat,

1785 2869 2203 2942 depopulatus,
2234 2870 2685 2942 Adrianopolim
2716 2872 2945 2943 repetit,

50 2969 316 3041 πολεμίας
337 2965 687 3037 ταῬωμαῐκά
714 2962 974 3037 χρονίξειν
1030 2963 1395 3032 στρατεύματα
1423 2959 1482 3011 ού
1512 2960 1667 3021 καλὸς
1694 2956 1864 3012 ἐδόκει
1901 2966 2012 3020 τοῖς
2043 2957 2502 3029 ξυμϐουλεύουσιν.
2543 2958 2767 3032 Ἡμέρας
2801 2957 2888 3012 οὖν
2936 2961 2991 3023 ἓξ
3016 2960 3178 3014 ἐκεῖσε
3210 2959 3433 3034 διακαρ-

51 3063 298 3132 τερήσας
334 3057 360 3108 6
393 3053 660 3127 βασιλεύς,
691 3051 800 3105 ἐπεὶ
832 3053 944 3124 εἶχέ
967 3071 1018 3103 τι
1049 3050 1215 3125 ἓτερον
1243 3047 1444 3124 δρᾶσαι
1475 3092 1486 3116 ,
1514 3048 1652 3101 λείαν
1681 3051 1747 3101 τὰ
1766 3053 1956 3124 Βερόης
1985 3048 2190 3100 ἅπαντα
2230 3050 2605 3120 ποιησάμενος,
2671 3046 2887 3122 ἄνδρας,
2919 3058 3189 3121 γυναῖκας,
3247 3056 3429 3118 νήπια,

51 3147 326 3223 πρόϐατα,
354 3143 485 3216 βόας
513 3147 604 3195 καὶ
637 3144 846 3213 σύμπαν
885 3139 1006 3192 ἄλλο
1029 3141 1287 3191 κινεῖσθαι
1327 3137 1631 3211 δυνάμενον,
1673 3137 1739 3199 εἰς
1754 3142 1846 3196 τήν
1872 3133 2152 3210 Ἀδριανοῦ
2181 3141 2274 3195 τήν
2305 3139 2639 3210 ύποστρογὴν
2668 3136 2970 3195 ἐποιήσατο,

129 3233 240 3297 νζ.
279 3234 500 3288 Ἐκεῖθεν
530 3233 579 3268 ⁸⁸
619 3239 745 3303 γοῦν
798 3228 1154 3302 ἐπιλεξάμενος
1204 3226 1472 3298 ἀξιόλογον
1518 3228 1674 3300 στρά.
1718 3227 1757 3282 C

48 3345 231 3398 τευμα
282 3327 399 3396 περὶ
455 3324 522 3374 τὰ
573 3319 622 3373 ἓν
673 3315 918 3392 ’Δχριδῷ
985 3320 1209 3392 φρούρια
1272 3315 1552 3390 ἐπεπόμφει
1611 3318 1678 3368 τὰ

47 3419 162 3492 πρὸ
225 3419 418 3487 μικροῦ
508 3418 618 3473 τοῖς
673 3408 987 3481 Βουλγάροις
1038 3411 1413 3482 κεχειρωμένα,
1474 3409 1518 3458 εἴ
1567 3426 1678 3468 πως

46 3510 146 3558 καὶ
210 3499 359 3563 αὖθις
411 3509 474 3560 τῆ
555 3508 653 3552 τῶν
708 3497 970 3570 Ῥωμαίων
1017 3497 1302 3567 ύπαχθεῖεν
1369 3494 1534 3569 ἀρχῆ.
1597 3495 1676 3548 Ἐν

45 3595 247 3654 αὐτοῖς
272 3597 398 3663 γοῦν
427 3589 702 3662 ἀφιγμένοι
736 3590 830 3639 σύν
863 3593 972 3648 τοῖς
1024 3587 1415 3658 στρατεύμασιν
1470 3587 1519 3636 οἱ
1577 3592 1676 3636 τῶν

40 3684 328 3756 Ῥωμαίων
383 3681 641 3752 ἡγήτορες
715 3679 1075 3750 μηχανήμασί
1169 3693 1224 3727 τε
1271 3679 1361 3726 καὶ
1417 3673 1676 3726 ἑλεπόλεσι

42 3775 187 3850 ῥᾷον
215 3780 318 3823 τῶν
382 3773 638 3843 φρουρίων
698 3769 1070 3839 περιεγένοντοο
1121 3766 1170 3817 οἱ
1235 3763 1522 3834 Βούλγαροι
1585 3767 1677 3815 καὶ⁹

41 3867 156 3938 γὰρ
223 3861 404 3913 θᾶττον
448 3866 548 3910 τῶν
603 3854 651 3908 ἓν
701 3853 888 3907 ἆστεσι
949 3853 1186 3926 φυλακῶν
1242 3850 1671 3921 ἀπαλλάττονται,

46 3955 94 4008 εἰ
166 3950 454 4021 πολεμίους
501 3948 656 4021 όρῷεν
730 3949 822 3997 καὶ
881 3946 1277 4017 μαχιμωτέροις
1330 3940 1676 4013 συμπλακεῖεν

47 4048 168 4102 τοῖς
202 4042 532 4114 πράγμασιν.
566 4035 648 4088 Ἐν
681 4034 740 4086 ού
785 4032 955 4102 πολλῷ
1007 4039 1133 4103 γοῦν
1185 4033 1253 4083 τὰ
1299 4030 1457 4084 πλείω
1510 4030 1676 4083 αὐτῶν

51 4131 446 4205 ἐχειρώσαντο.
490 4123 644 4178 Ἀλλὰ
695 4128 787 4175 καὶ
843 4122 870 4173 6
930 4119 1173 4193 βασιλεὺς
1216 4123 1303 4172 τόν
1363 4124 1481 4193 περὶ
1521 4118 1676 4171 αύτόν

57 4220 426 4294 συναθροίσας
440 4215 560 4267 λαόν
578 4212 662 4266 ἐπὶ
682 4215 749 4265 τὰ
765 4210 811 4264 ἐν
835 4207 1066 4268 Ῥοδόπη
1089 4208 1224 4268 ἆστη
1258 4214 1552 4283 κεχώρησε.
1577 4213 1677 4263 Καὶ

57 4310 166 4364 εἷλε
199 4311 293 4380 μὲν
332 4302 679 4378 Περιστίτζαν
713 4308 821 4360 τοῖς
849 4303 1228 4372 μηχανήμασι,
1287 4303 1376 4351 καὶ
1429 4299 1539 4370 μετ’
1588 4298 1675 4349 αύ-

55 4401 160 4453 τήν
193 4395 284 4444 τὸν
307 4393 646 4461 Στενίμαχον,
689 4391 778 4438 καὶ
827 4383 911 4437 ἐπὶ
957 4386 1162 4445 τούτοις
1217 4386 1303 4435 τὸν
1359 4382 1676 4456 Κρυτζιμόν,

57 4486 402 4557 ὀχυρώματα
465 4485 634 4530 ταῦτα
689 4477 860 4527 πάντα
907 4479 997 4526 καὶ
1029 4473 1094 4534 εἰς
1148 4477 1422 4547 πρόσωπον
1472 4476 1680 4544 κείμενα

1857 3232 1943 3282 57.
1979 3226 2182 3298 Ibique
2221 3226 2531 3281 recollecto
2561 3241 2682 3282 non
2711 3228 3151 3285 contemnendo
3177 3229 3437 3285 exercitu

1787 3315 1865 3372 ad
1900 3315 2172 3372 Achridae
2200 3315 2446 3388 oppida,
2480 3331 2612 3386 quao
2645 3316 2828 3388 paulo
2849 3322 2985 3373 ante
3015 3317 3436 3388 Bulgarisube-

1785 3407 2017 3476 gerant,
2051 3405 2098 3458 si
2122 3403 2269 3460 forte
2290 3421 2528 3460 rursum
2551 3404 2763 3461 ditioni
2793 3410 3201 3462 Romanorum
3231 3406 3439 3463 redde-

1783 3498 2007 3560 rentur,
2049 3495 2090 3563 ι
2105 3494 2221 3564 20
2241 3494 2604 3550 transmittit.
2627 3495 2812 3551 Duces
2825 3496 3078 3552 Romani
3093 3512 3230 3552 cum
3253 3495 3438 3569 copiis

1785 3582 2018 3638 advecti
2047 3582 2359 3638 tormentis
2389 3598 2458 3638 ac
2499 3583 2794 3639 machinis
2834 3582 2989 3640 facili
3037 3585 3274 3654 negotio
3305 3585 3440 3641 loca
3480 3615 3487 3622 ν-

1787 3676 2149 3744 expugnant.
2173 3672 2404 3742 Bulgari
2417 3674 2573 3728 enim
2587 3673 2680 3728 vel
2694 3673 2822 3728 solo
2837 3673 3095 3730 hostium
3113 3680 3439 3748 conspectu

1786 3765 1842 3817 et
1877 3760 2226 3816 bellicarum
2284 3776 2482 3816 rerum
2514 3761 2816 3830 conﬂictu,
2880 3763 3108 3818 arcium
3167 3764 3437 3819 custodia

1782 3849 2069 3918 neglecta,
2105 3849 2308 3918 fugam
2351 3849 2660 3921 arripiunt.
2704 3851 2896 3915 Quare
2935 3866 3125 3922 parvo
3166 3856 3432 3922 tempore

1784 3938 2096 4010 potissima
2127 3953 2384 4009 quaeque
2406 3953 2613 3992 eorum
2632 3941 2925 4009 occupata
2939 3943 3093 3994 sunt.
3114 3938 3435 4011 Imperator

1783 4028 1959 4084 etiam
1991 4026 2173 4082 milite
2202 4027 2445 4098 proprio
2477 4032 2682 4083 coacto
2736 4027 2812 4082 ad
2865 4027 3169 4099 Rodopeia
3206 4029 3436 4100 oppida

1784 4113 2040 4186 gradum
2079 4113 2233 4183 facit,
2277 4114 2548 4186 cepitque
2591 4114 2888 4170 machinis
2930 4115 3157 4171 adactis
3201 4116 3432 4172 Peristi-

1786 4209 1958 4270 tzam,
1998 4207 2211 4276 postea
2247 4203 2716 4270 Stenimachum,
2759 4203 3005 4260 tandem
3048 4205 3432 4278 Crytzimum,

1784 4291 2238 4365 propugnacula
2251 4292 2457 4347 omnia
2473 4293 2532 4347 in
2553 4292 2767 4348 faciem
2782 4293 3054 4364 Rodopes
3069 4295 3288 4350 montis
3303 4297 3434 4360 sita,

1785 4399 1921 4455 quae
1981 4386 2136 4437 retro
2175 4381 2372 4453 posita
2409 4381 2770 4436 custodiunt.
2792 4384 3141 4454 Tzepz-enam
3197 4401 3439 4457 quoque

1785 4469 2085 4544 profectus
2107 4474 2193 4525 est
2238 4470 2368 4541 ipso
2418 4470 2618 4540 vigore
2639 4471 2874 4526 hiemis.
2908 4473 3124 4528 Verum
3152 4472 3444 4546 lociaspe-

53 4581 157 4627 τοῦ
214 4578 312 4631 τῆς
380 4563 634 4626 Ῥοδόπης
701 4564 851 4638 ὅρους
900 4567 988 4616 καὶ
1037 4565 1104 4615 τὰ
1151 4561 1320 4615 ὀπίσω
1375 4564 1546 4614 πάντα
1584 4582 1671 4633 φυ-

1857 4576 1934 4616 ;as
1966 4576 2036 4616 ac
2075 4560 2353 4631 temporis
2385 4560 2546 4629 rigor
2577 4576 2771 4632 neque
2795 4561 3085 4616 minimum
3116 4561 3177 4617 in
3206 4579 3278 4619 ea
3312 4579 3442 4619 mo-

52 4664 346 4717 λάττοντα.
404 4657 644 4728 Ἀφίκετο
693 4651 753 4707 δὲ
806 4658 898 4706 καὶ
951 4653 1024 4714 εἰς
1073 4652 1364 4713 Τζέπαιναν
1430 4651 1478 4702 έν
1537 4649 1671 4724 ἀκμή

1863 4651 1909 4706 ri
1923 4650 2234 4706 concessit.
2262 4650 2376 4706 Sed
2408 4651 2512 4706 ubi
2542 4667 2645 4706 ver
2671 4651 3011 4723 appetebat,
3041 4652 3120 4707 ad
3150 4655 3442 4725 Stratego-

53 4755 357 4825 χειμῶνος·
389 4747 420 4804 ἡ
447 4741 506 4798 δὲ
546 4750 639 4796 τοῦ
689 4747 851 4795 τόπου
908 4738 1195 4815 δυσχωρία
1239 4745 1327 4792 καὶ
1364 4743 1423 4792 τὸ
1470 4739 1671 4814 ψυχρόι

1857 4741 2001 4798 ilum
2042 4741 2311 4797 Alexium
2353 4747 2408 4797 et
2448 4742 2906 4802 Constantinum
2956 4744 3283 4806 Torniccm,
3348 4744 3444 4800 cui

54 4847 158 4895 τοῦ
191 4843 386 4912 καιροῦ
407 4831 531 4888 ούδε
555 4837 742 4908 μικρόν
779 4850 830 4884 τι
880 4834 1048 4884 εἴασεν
1109 4829 1158 4883 ἐν
1206 4833 1368 4888 ταύτη
1416 4849 1671 4906 προσκαρ-

1859 4830 1997 4900 agni
2025 4830 2348 4903 primicerii
2404 4831 2758 4901 dignitatem
2832 4831 3158 4903 imperator
3182 4832 3441 4888 Joannes

53 4939 318 5006 τερῆσαι.
369 4925 510 4980 Ἐπεὶ
555 4920 615 4977 δε
675 4925 735 4975 τὸ
786 4923 874 4996 ἔαρ
939 4919 1246 4994 ἐπέλαμψεν,
1301 4921 1671 4993 προστάγματι

1859 4919 2145 4982 ediderat,
2176 4919 2342 4991 apud
2371 4921 2571 4977 Serras
2593 4920 2941 4976 exsistentes
2972 4925 3028 4974 et
3057 4921 3314 4976 exercitu
3339 4936 3443 4993 po-

52 5023 202 5098 πρὸς
271 5018 360 5070 τόν
433 5010 893 5091 Στρατηγόπουλον
975 5008 1205 5074 Ἀλέξιον
1277 5013 1369 5062 καὶ
1435 5012 1671 5084 Τορνίκηπ

1857 5012 2005 5076 ntes,
2037 5007 2465 5064 mandatorum
2504 5007 2774 5064 libellum
2829 5006 3011 5076 dedit,
3044 5013 3108 5064 ut
3152 5008 3216 5066 in
3254 5023 3445 5066 unum

136 5216 192 5252 ιι
227 5211 276 5268 D
310 5228 324 5268 :
358 5210 604 5266 Κάκεῖθεν
637 5206 992 5293 ἐπιλεξάμενος
1016 5209 1314 5283 στράτευμα
1349 5208 1556 5281 περὶτὰ
1584 5205 1633 5259 ίν
1653 5202 1905 5293 Ἀχρεδῷ
1955 5208 2176 5282 φρούρια
2209 5204 2578 5293 ’ἐπεπομφειτά
2606 5204 2929 5293 κρατηθέντα
2953 5205 3052 5289 ύπό
3084 5205 3387 5282 Βουλγάρων
3410 5207 3453 5259 εἴ

54 5308 180 5350 πως
218 5290 313 5338 καὶ
345 5279 490 5343 αὖθις
510 5289 570 5340 τῆ
612 5289 712 5333 τῶν
731 5263 997 5352 Ῥωμαίων
1013 5263 1296 5352 ύτέαχθεέεν
1329 5263 1496 5352 ἀρχῆ.
1526 5263 1836 5352 ’βκείσεᾜῦν
1867 5263 2137 5351 ἀφιγμένοι
2175 5281 2223 5331 οἱ
2251 5287 2350 5352 τῶν
2374 5263 2648 5350 Ῥωμαίων’
2668 5281 2917 5352 ἡγήτορες
2960 5278 3104 5352 ῥᾷον-
3133 5287 3240 5352 τῶν,
3287 5263 3451 5352 φρου-

54 5331 198 5435 θίωέθ
220 5356 571 5430 περιεγένοντο
601 5361 699 5404 τῶν
729 5331 1002 5406 πλεέστων.
1029 5331 1171 5403 ἘπΙᾶ
1239 5347 1296 5403 δε
1325 5331 1382 5434 τό
1395 5331 1511 5424 Λἰῖικρ
1534 5348 1813 5430 έπέλαμψε,
1848 5331 2229 5422 προστάγματα
2253 5350 2381 5435 ᾖκον
2411 5332 2542 5435 πρρέ
2580 5353 2681 5434 τὸν,
2712 5331 3178 5424 ’Στρατηγόπουλον
3229 5331 3454 5435 Ἀλέξων

59 5413 114 5485 ἓν
149 5413 389 5504 Σέρῥαιςξ
422 5428 507 5477 ἶνα
535 5426 672 5476 κατὰ
698 5423 990 5484 Τζεπαίνης
1023 5421 1312 5492 ἀφίκοιντο.
1350 5419 1419 5472 ’Ὁ
1436 5413 1526 5473 καὶ
1547 5413 1812 5480 ἐποίησαν.
1843 5413 1998 5475 Ἀλλά
2023 5413 2155 5494 μήτε
2184 5413 2459 5493 πολεμίοις¹
2472 5421 2632 5502 ἀξίοις
2662 5413 3026 5494 ἐγκύρσαντες,
3065 5424 3282 5504 κτύποις
3304 5422 3455 5493 ἤχων

58 5492 786 5576 κερατίνωνδιαθροηθέντες
819 5493 1058 5567 ἀκόσμως
1084 5493 1383 5568 ἐχρήσαντο
1408 5501 1469 5553 τῆ
1502 5492 1680 5565 ψυχῆ,
1712 5500 1886 5547 πᾶσαν
1927 5492 2224 5552 ἀποσκευήν
2255 5498 2344 5545 καὶ
2391 5497 2510 5555 τοὺς
2535 5492 2744 5555 πλείους
2789 5492 2903 5544 τῶν
2978 5500 3091 5555 τοῖς
3144 5492 3458 5567 Βουλγάροις

63 5573 374 5629 ἀπολιπόντ
382 5589 450 5630 ις.

525 5677 772 5732 ΡΑτεοι..
799 5674 898 5730 Gn.
934 5673 1065 5730 CXL

2974 5676 3142 5761 .36
