3966 6324
11 296 172 354 1133

1551 287 1901 347 ANNALES.

3267 301 3404 356 H34

13 418 344 483 λευσάμενος
378 422 472 475 τὴν
499 415 743 491 ἀρίστην,
777 417 846 477 ὡς
893 411 1004 486 εἶχε
1028 415 1250 485 τάχους,
1314 413 1450 464 ἅπαν
1528 412 1579 474 ξι

1831 429 2053 480 tensus,
2089 417 2375 489 tantoque
2415 421 2675 476 exercitu
2701 422 2942 478 stataria
2972 426 3142 478 sueto
3168 437 3397 495 pugna,

17 514 296 582 αγηοχὼς
357 511 414 560 τὸ
472 503 826 580 στρατόπεδον
891 501 1243 565 δωδεκαταῖος
1300 505 1389 564 τὰς
1455 503 1642 578 Σέῤῥας

19 601 320 671 πέφθακεν,
360 598 409 651 ἐν
462 596 618 668 ὀλίγῳ
671 599 848 668 χρόνῳ
890 597 1151 652 τοσαύτην
1201 590 1455 656 διανύσας
1518 590 1642 646 ὁδὸν

20 692 129 740 καὶ
179 696 428 741 τοσοῦτον
507 685 814 758 ἐπαγόμενος
901 686 1218 756 στράτευμα,

25 773 285 836 συτάδην
335 777 623 848 εἰθισμένον
687 776 911 846 μάχαις,

21 872 130 919 καὶ
187 868 362 927 ῖπποις
442 867 794 939 φορταγωγοίς
872 858 1227 934 διοικούμενον
1307 867 1396 914 καὶ
1450 864 1644 924 πάσαις

23 955 224 1016 ἄλλαις
275 954 592 1015 ἀποσκευαῖς
652 954 1095 1025 συγκροτούμενον
1155 956 1245 1004 καὶ
1301 953 1646 1025 περιφραγνύ-

26 1064 216 1117 μενον.
272 1044 414 1098 Ἐπεὶ
466 1040 526 1096 δε
590 1047 754 1116 μέχρι
805 1039 998 1116 Σερῥῶν
1058 1046 1390 1105 κατηντήκει,
1459 1041 1644 1094 αὐτόθι

30 1131 71 1187 δ
79 1135 510 1209 ιανυκτερεύσας,
550 1132 661 1205 οἶμα
718 1133 856 1205 πρωϊ
912 1132 977 1182 τὰ
1031 1133 1397 1204 στρατεύματα
1461 1149 1644 1182 συντα-

31 1225 261 1296 ξάμενος
307 1228 397 1275 καὶ
473 1225 594 1284 τοὺς
647 1221 986 1293 πεζαιτερους
1040 1225 1130 1272 καὶ
1208 1220 1516 1294 τοξοφόρους
1563 1222 1648 1291 ἔμ-

30 1315 278 1387 προσθεν
334 1311 531 1386 βαίνειν
601 1310 1051 1382 ἐγκελευσάμενος,
1129 1308 1332 1381 ἐπείπερ
1386 1309 1646 1362 ἐπέπυστο

31 1406 143 1460 τὴν
200 1410 293 1454 τοῦ
339 1400 599 1454 Ῥοπελίου
643 1396 975 1474 δυσχωρίαν,
1044 1400 1162 1450 καθ’
1219 1402 1281 1456 ἣν
1346 1399 1372 1449 ό
1419 1401 1648 1469 ποταμὸς

34 1496 294 1564 Στρυμὼν
339 1491 419 1566 ῥεῖ
493 1486 623 1542 δυσὶ
708 1488 1099 1560 συγκλειόμενος
1145 1491 1315 1561 ὄρεσιν
1373 1489 1442 1548 ὡς
1494 1491 1648 1558 μόγις

31 1581 254 1654 ἄμαξαν
277 1577 369 1634 διά
399 1583 595 1641 ταύτης
625 1581 897 1652 ἔρχεσθαι,
949 1585 1042 1630 τοῦ
1095 1585 1333 1650 ποταμοῦ
1386 1579 1647 1629 στενωτά-

30 1690 142 1728 την
180 1668 598 1745 ἁπεργαζομένου
618 1673 714 1726 τὴν
763 1664 946 1720 δίοδον
992 1666 1320 1741 (κλεισοὺρας
1369 1671 1484 1726 τοὺς
1539 1685 1648 1718 τοι-

1313 690 1429 745 ταῖς
1509 685 1644 735 κατὰ

1023 773 1200 834 ὅπλοις
1281 775 1643 845 κατάφρακτον

1751 504 1932 559 armis
1971 504 2441 578 circumquaque
2463 510 2718 576 munito,
2742 512 2915 583 equis
2945 513 3232 568 onerariis
3262 526 3404 584 pro-

1748 593 1899 658 viso,
1932 594 2096 649 omni
2115 594 2232 649 alio
2253 602 2550 668 apparatu
2575 604 2754 670 atque
2785 607 3000 656 ornatu
3031 601 3284 656 visendo
3311 601 3407 657 ﬁr-

1749 687 1915 738 mato
1974 683 2392 757 obvallatoque
2453 688 2798 759 instructus,
2869 691 3070 746 Serras
3111 691 3406 760 advenit;

1751 777 1931 845 atque
1954 773 2036 829 ibi
2057 790 2196 830 cum
2236 784 2661 847 pernoctasset,
2714 785 2956 852 postero
3009 779 3106 836 die
3163 797 3405 837 summo

1751 878 1929 918 mane
1944 865 2252 919 recensitis
2267 866 2455 938 copiis
2475 868 2703 940 pedites
2725 885 2795 924 ac
2812 871 3174 940 sagitttarios
3197 871 3406 941 prmire

1745 951 1942 1022 jussit,
1977 969 2114 1008 cum
2135 955 2462 1026 accepisset
2481 956 2790 1014 difﬁcilem
2811 959 3036 1031 Bopelii
3066 960 3405 1030 transitum,

1751 1055 1858 1112 per
1869 1057 2051 1112 quem
2068 1041 2296 1098 ﬂumen
2311 1044 2546 1119 Strymo
2560 1045 2800 1103 duobus
2813 1049 3088 1104 occlusus
3102 1049 3408 1104 montibus

1752 1129 2116 1200 praeterﬂuit,
2147 1130 2300 1188 adeo
2322 1136 2384 1188 ut
2414 1133 2510 1189 vix
2532 1151 2640 1207 per
2662 1136 2825 1192 viam
2845 1153 3054 1192 currus
3082 1138 3405 1210 praeterire,

1752 1217 2000 1274 ﬂumine
2028 1221 2342 1277 transitum
2361 1238 2549 1294 quam
2571 1226 3068 1296 angustissimum
3094 1227 3405 1295 efﬁciente,

1753 1307 2034 1380 ideoque,
2046 1307 2240 1364 locum
2255 1311 2518 1368 Clisuras
2532 1313 2744 1386 vulgus
2757 1315 3144 1387 appellavit,a
3158 1315 3408 1386 Bulgaro

1755 1397 1960 1465 milite,
1991 1399 2290 1471 equilibus
2315 1403 2356 1471 1
2372 1403 2485 1474 23
2505 1404 2750 1474 quidem
2773 1405 2938 1461 haud
2951 1407 3174 1474 multis,
3201 1406 3410 1478 pediti-

1754 1485 2171 1558 busplurimis,
2196 1492 2498 1546 custodiri.
2525 1493 2761 1562 Bulgari
2785 1497 2944 1550 enim
2971 1495 3122 1567 palis
3143 1495 3406 1568 lorisque

1755 1577 2146 1646 praemunitas
2172 1578 2328 1634 fores
2358 1580 2414 1635 iu
2439 1580 2552 1636 illis
2573 1589 2953 1654 aperuerant,
2982 1590 3047 1639 ut
3075 1587 3412 1656 expugnari

1754 1665 2000 1736 quidem
2026 1671 2082 1722 et
2119 1667 2465 1725 difficultate
2483 1670 2596 1726 loci
2626 1677 2682 1726 et
2714 1688 2820 1744 per
2840 1673 3001 1744 ipsos
3026 1690 3098 1728 ex
3124 1678 3248 1730 arte
3279 1675 3416 1730 reli-

32 1763 238 1820 ούτους
283 1763 472 1818 τόπους
512 1759 539 1810 ὁ
585 1757 740 1818 πολὺς
786 1757 1129 1829 κατονομάζει
1182 1756 1348 1828 λαός),
1425 1755 1598 1827 Βουλγι

1849 1770 1879 1809 a
1905 1755 2236 1811 munitione
2259 1756 2535 1815 absoluta
2559 1760 2806 1816 minime
2845 1767 3064 1833 posset.
3100 1765 3219 1818 Hoc
3241 1763 3322 1819 ita
3354 1779 3415 1820 se

29 1855 168 1924 ρικῆ
201 1846 553 1920 φυλάττεσθαι
589 1851 813 1921 στρατιᾴ
851 1847 1043 1898 ἱππέων
1073 1848 1163 1917 μεν
1206 1844 1389 1916 ὀλίγων
1423 1842 1502 1916 [Ρ.
1535 1843 1646 1915 63],

33 1938 219 1999 πεζῶν
261 1933 320 1990 δε
377 1935 574 1990 πολλῶν
622 1937 696 2007 (οἱ
743 1938 842 2009 γὰρ
902 1934 1186 2005 Βούλγαροι
1237 1939 1326 1986 καὶ
1382 1933 1548 1994 πύλας
1603 1931 1651 1984 ἕν

34 2027 237 2087 ωᾶταῖς
282 2027 670 2079 κατεσκεύασαν
723 2023 948 2097 μοχλοῖς
1001 2028 1092 2076 καὶ
1171 2022 1426 2096 κλείθροις
1480 2023 1653 2094 ἠσφα-

33 2117 321 2189 λισμνας,
366 2118 434 2177 ὡς
491 2113 683 2188 ἄμαχα
741 2117 944 2176 τούτοις
1017 2113 1070 2176 ἐξ
1113 2112 1410 2186 ἀμφοτέρων
1451 2113 1656 2184 τυγχά-

37 2225 173 2271 νειν,
204 2214 300 2266 τῆς
326 2224 380 2258 τε
411 2201 698 2266 δυσκολίας
739 2211 830 2257 τοῦ
890 2208 1052 2256 τόπου
1107 2208 1198 2256 καὶ
1250 2211 1340 2264 τῆς
1387 2206 1658 2274 γεγενημέ-

39 2317 140 2359 νης
172 2296 296 2372 παρ’
327 2295 492 2348 αὐτῶν
533 2297 853 2370 προμηθείας
904 2303 1001 2357 τῆς
1048 2294 1235 2357 λοιπῆς
1291 2293 1652 2368 ὀχυρώσεως),

43 2385 165 2440 ἐπεὶ
244 2394 411 2438 ταῦτα
483 2385 645 2447 οὕτως
725 2387 866 2457 ἔχειν
937 2384 1251 2458 ἐμεμαθήκει
1301 2385 1326 2435 ὁ
1385 2382 1654 2456 βασιλεὺς,

49 2471 270 2534 σπουδῆ
305 2473 388 2527 ἐπὶ
410 2477 496 2528 τόν
535 2473 700 2527 ἐκεῖσε
729 2480 884 2527 τόπον
915 2473 1122 2547 ἀφῖκτο.
1173 2470 1303 2548 Εὗρε
1357 2470 1416 2526 δι
1469 2475 1537 2526 τὰ
1610 2471 1659 2524 ἐν

48 2565 200 2635 αὐτῷ
263 2566 495 2639 καθάπερ
552 2563 832 2618 ἐπέπυστο.
859 2585 863 2588 ·
893 2563 1191 2636 Ἀποκόψας
1241 2560 1329 2616 οὖν
1402 2571 1497 2624 τῆς
1559 2569 1660 2614 τῶν

46 2653 378 2727 πεζαιτέρων
420 2658 672 2725 στρατιᾶς
710 2656 832 2704 ὅσον
877 2649 938 2710 ἦν
1003 2652 1142 2715 εἰκὸς
1190 2655 1486 2724 σύνταγμα,
1533 2651 1660 2725 ὑπερ

49 2741 286 2814 κεφαλῆς
309 2749 410 2794 τῶν
441 2741 746 2816 Βουλγάρων
796 2738 1042 2814 βαδίζειν
1087 2742 1156 2804 εἰς
1208 2745 1268 2793 τὸ
1334 2745 1452 2816 cipe;
1498 2756 1664 2814 προσ-

50 2836 304 2904 τέταχεν,
337 2831 406 2892 ὡς
437 2831 498 2882 οἶν
550 2829 603 2893 ἐξ
646 2827 960 2904 ὑπερδεξίων
1010 2834 1126 2892 τοὺς
1157 2829 1483 2903 Βουλγάρους
1540 2826 1666 2900 βάλ-

50 2921 222 2975 λωσιν
262 2919 315 2984 ἐξ
351 2919 682 2994 ὑψηλοτέρων
728 2928 827 2972 τῶν
878 2925 1048 2973 τόπων
1105 2919 1153 2973 ἐν
1206 2927 1312 2981 τοῖς
1367 2917 1666 2992 χθαμαλοῖς

54 3011 288 3072 ἐκείνους
307 3011 687 3080 τυγχάνοντας.
711 3011 778 3062 Οἱ
808 3005 868 3063 δε
908 3011 1093 3062 θᾶττον
1119 3008 1321 3062 ἐποίουν
1373 3011 1439 3061 τὰ
1503 3024 1667 3080 προσ-

52 3104 371 3172 ταττόμεναο
402 3094 463 3157 ἦν
513 3100 613 3172 γὰρ
655 3101 713 3151 τὸ
755 3101 869 3172 ὅρος
921 3095 1160 3172 δένδροις
1215 3101 1306 3171 μεν
1366 3098 1664 3170 συνηρεφὲς,

55 3188 302 3263 βάσιμον
356 3184 416 3241 δε
469 3193 596 3241 ποσὶ
631 3188 968 3261 πεξαιτέρων.
1041 3187 1278 3242 Ἱππεῦσι
1344 3185 1403 3240 δε
1445 3186 1668 3239 κατευθὺ

52 3288 162 3332 τῶν
188 3278 363 3330 πυλῶν
413 3282 508 3338 τὴν
561 3280 745 3350 μάχην
803 3285 968 3330 ποιεῖν
1025 3277 1302 3332 ἐκέλευσεν.
1358 3277 1501 3330 Ἐπεί
1543 3283 1670 3347 γοῦν

55 3365 312 3421 κατεῖδον
361 3369 409 3421 οἱ
463 3366 750 3442 Βούλγαροι
808 3368 1000 3420 ἄνωθεν
1048 3371 1141 3440 μεν
1185 3366 1242 3420 ἐκ
1312 3374 1412 3418 τῶν
1471 3364 1670 3439 βουνῶν

57 3461 270 3518 ὀῖστοῖς
316 3456 530 3518 ἐαυτοὺς
579 3455 949 3530 βαλλομένους,
1007 3453 1290 3509 σταδιαίαν
1348 3460 1444 3514 τὴν
1488 3457 1672 3528 μάχην

56 3549 408 3620 κατημένους
458 3551 808 3610 κατεναντίον,
887 3565 978 3598 και
1033 3545 1082 3598 έν
1147 3553 1307 3617 στενῷ
1361 3541 1558 3617 κομιδῆ
1608 3547 1675 3597 τὰ

55 3637 190 3691 καθ’
261 3635 449 3697 αὐτοὺς
505 3637 821 3710 καθορῶντες
880 3635 951 3697 εἰς
1019 3639 1188 3708 φυγὴν
1233 3634 1534 3708 ἐτράποντο,
1585 3653 1675 3686 και

57 3731 126 3780 τὸ
189 3723 468 3799 βασιλικόν
531 3725 706 3786 αὐτοῖς
779 3724 1011 3798 ἐφείπετο
1081 3726 1396 3798 στράτευμα.
1455 3723 1678 3784 Πολλοὺς

57 3813 160 3869 νῦν
215 3814 401 3870 ἐκεῖθεν
467 3817 670 3876 σπὰθης
727 3816 876 3888 ἔργον
932 3817 1260 3872 πεποίηνται.
1315 3816 1382 3867 Οἱ
1407 3809 1467 3868 δε
1531 3811 1679 3865 ἄλλοι

59 3910 242 3981 μέχρι
298 3925 388 3957 και
438 3912 538 3958 τῶν
593 3903 954 3977 Βουλγαρικῶν
1009 3905 1406 3978 στρατευμάτων
1479 3899 1514 3956 δ
1521 3921 1676 3956 ιασω-

65 3997 247 4056 θέντες
307 3989 634 4066 ἀπέδρασαν,
692 4013 782 4045 και
843 3994 912 4046 τὰ
965 3997 1084 4068 περί
1124 4000 1217 4046 τοῦ
1271 3989 1530 4064 βασιλέως
1567 3993 1684 4044 τού-

60 4105 187 4146 τοις
230 4081 571 4156 ἆπήγγειλαν,
603 4087 694 4135 καί
722 4083 826 4136 ὅσα
852 4077 921 4141 δὴ
956 4081 1348 4136 ἐπεπόνθεισαν.
1389 4082 1456 4134 Οἳ
1508 4078 1568 4134 δὲ
1611 4087 1682 4152 τῷ

67 4174 256 4248 ἁθρόῳ
313 4167 759 4247 διαταραχθέντες
848 4178 946 4232 τῆς
984 4168 1165 4238 ἀκοῆς,
1224 4189 1315 4222 και
1392 4171 1462 4232 ὡς
1507 4173 1686 4242 αἴφνης

69 4265 264 4322 αὐτοῖς
318 4260 700 4315 ἐπεισπέπτωκε
766 4263 835 4312 τὰ
887 4256 1052 4323 δεινὰ,
1107 4260 1349 4324 ἕκαστος,
1400 4261 1469 4321 ὡς
1522 4257 1685 4332 εἶχεν²

71 4346 246 4397 ἵππου
301 4349 394 4394 τοῦ
468 4340 817 4414 ἐφευρεθέντος
875 4339 1018 4410 αὐτῷ
1072 4335 1272 4411 σχεδὸν
1318 4337 1521 4404 ἐπιϐὰς,
1571 4342 1686 4412 φεύ-

68 4453 189 4507 γειν
231 4433 508 4506 ὥρμησαν.
569 4431 709 4484 Ἐπεί
759 4427 818 4484 δε
868 4449 960 4482 και
1005 4428 1098 4491 νύξ
1149 4430 1387 4504 ὑπῆρχεν
1441 4427 1687 4491 ἀσεληνος

1757 1843 1980 1908 habere
2002 1845 2706 1920 ubirescivitimperator,
2734 1851 2840 1906 iter
2861 1852 2938 1906 ad
2965 1851 3168 1908 locum
3198 1854 3419 1910 accele-

1759 1933 1926 2001 ravit,
1955 1939 2012 1988 et
2035 1950 2161 1990 rem
2182 1951 2385 1992 veram
2414 1953 2543 1994 esse
2564 1955 2752 2010 quam
2772 1941 3083 1997 audiverat
3103 1943 3415 2014 comperit.

1760 2022 1982 2094 Expedi
1993 2027 2111 2079 tam
2123 2024 2325 2096 itaque
2337 2027 2618 2093 exercitu,
2633 2044 2770 2100 quae
2785 2028 3055 2085 sufﬁcere
3071 2030 3408 2102 videbatur,

1760 2113 2066 2168 cohortem
2081 2121 2424 2185 separatam
2438 2132 2621 2188 supra
2635 2117 3024 2188 Bulgarorum
3038 2120 3235 2191 capita
3247 2136 3421 2176 mon-

1762 2206 1880 2257 tem
1922 2203 2243 2259 ascendere
2281 2206 2580 2278 prmcepit,
2617 2211 2679 2262 ut
2715 2223 2752 2263 a
2777 2209 3185 2280 superioribus
3212 2226 3282 2266 ac
3309 2226 3421 2282 op-

1764 2291 2213 2363 portunioribus
2228 2293 2374 2348 locis
2393 2293 2749 2364 Bulgarosin
2763 2296 3184 2352 humilioribus
3211 2315 3422 2370 repen-

1764 2384 1851 2435 tes
1877 2379 2135 2436 ferirent.
2161 2383 2324 2437 Dicto
2363 2383 2536 2439 citius
2593 2385 2883 2441 audiunt:
2917 2401 3181 2458 namque
3241 2404 3418 2444 mons

1766 2467 1859 2524 ille
1883 2469 2292 2542 frequentibus
2307 2471 2626 2529 arboribus
2649 2475 2914 2531 consitus
2932 2475 3091 2531 viam
3115 2476 3419 2548 peditibus

1769 2558 2090 2615 sternebat.
2111 2561 2418 2632 Equitibus
2429 2562 2751 2620 adversum
2766 2569 2969 2636 portas
2988 2581 3258 2637 pugnam
3283 2581 3425 2622 con-

1770 2663 1966 2704 serere
1990 2649 2260 2705 mandat.
2282 2653 2498 2707 Verum
2523 2652 2624 2708 ubi
2648 2653 2883 2724 Bulgari
2902 2670 2976 2711 ex
3007 2654 3246 2711 collium
3275 2654 3423 2711 emi-

1769 2738 2024 2794 nentiori
2044 2739 2193 2795 facie
2216 2739 2446 2812 spicula
2467 2741 2615 2796 mitti
2637 2746 2817 2814 atque
2838 2744 3086 2800 stataria
3117 2760 3324 2815 pugna
3352 2759 3428 2802 ex

1772 2827 2020 2884 adverso
2051 2827 2243 2898 urgeri
2277 2845 2409 2884 sese
2435 2830 2913 2902 deprehendunt,
2943 2849 3160 2905 resque
3195 2849 3336 2888 suas
3368 2835 3430 2890 in

1774 2919 2039 2971 extrema
2055 2914 2294 2972 fortuna
2307 2917 2627 2974 collocatas
2643 2919 3040 2992 conspiciunt,
3055 2921 3116 2977 in
3128 2922 3339 2991 fugam
3369 2937 3432 2976 se

1775 3003 2024 3061 dedunt.
2048 3006 2447 3077 lmperatorim
2459 3007 3031 3065 cohortesinsecutaa
3059 3009 3433 3081 quampluri-

1713 3137 1754 3193 Ο
1778 3109 1910 3149 mos
1939 3093 2444 3152 contrucidarunt.
2467 3095 2693 3169 Reliqui
2716 3112 2895 3153 cursu
2920 3097 2981 3153 in
3009 3098 3270 3154 tentoriis
3301 3097 3435 3154 Bul-

1779 3182 1992 3254 garicis
2022 3182 2195 3238 saluti
2235 3187 2572 3253 consulere,
2604 3185 2982 3258 imperatoris
3010 3203 3105 3244 res
3131 3192 3329 3256 gestas
3374 3191 3434 3245 et

1777 3288 1912 3345 quae
1933 3271 2046 3344 ipsi
2076 3272 2237 3344 passi
2267 3272 2515 3329 fuissent
2543 3276 2874 3332 enuntiare.
2929 3276 3043 3342 Qui
3099 3277 3434 3349 improviso

1777 3359 1988 3415 nuntio
1999 3364 2056 3414 et
2066 3361 2390 3431 repentinis
2403 3361 2848 3419 calamitatibus
2866 3363 3224 3431 conturbati,
3234 3365 3316 3420 uti
3330 3381 3434 3436 po-

1778 3453 1927 3504 terat
1951 3447 2220 3520 quilibet,
2249 3449 2310 3504 in
2332 3449 2601 3507 oblatum
2625 3451 2736 3508 sibi
2767 3467 2992 3525 equum
3020 3453 3434 3510 conscendens

1779 3537 1929 3608 fugit
1953 3557 1966 3607 ;
2001 3543 2057 3594 et
2076 3555 2214 3594 cum
2232 3538 2388 3610 fuga:
2416 3545 2682 3612 tempore
2710 3541 2857 3598 luna
2885 3541 3101 3604 sileret,
3123 3543 3292 3599 locus
3314 3543 3433 3599 dif-

1780 3627 1970 3693 ﬁcilis,
1984 3643 2092 3683 nec
2105 3628 2214 3683 viae
2227 3629 2492 3685 essentin
2506 3635 2811 3702 promptu,
2843 3631 2887 3700 ι
2900 3631 3017 3704 24
3034 3631 3131 3688 alii
3150 3632 3320 3706 equis
3335 3631 3436 3688 de-

1781 3717 1996 3783 cidere,
2025 3715 2124 3772 alii
2153 3733 2256 3772 eos
2268 3717 2522 3789 pedibus
2543 3718 2924 3775 conculcatos
2953 3721 3310 3785 interimere,
3335 3720 3435 3776 alii

1784 3822 1816 3862 e
1828 3805 1986 3875 sagis
2000 3821 2105 3878 per
2117 3805 2444 3877 praecipitia
2459 3807 2763 3878 ejaculari,
2789 3807 2888 3864 alii
2905 3807 3024 3865 alio
3051 3809 3215 3865 malo
3249 3809 3433 3865 vitam

1786 3894 2001 3950 misere
2025 3894 2312 3964 amittere,
2355 3894 2508 3950 adeo
2540 3911 2620 3950 ux
2637 3894 2749 3950 illis
2779 3897 2956 3967 pauci
2991 3897 3326 3952 incolumes
3357 3897 3438 3954 ad

1790 3985 2074 4053 Bulgaros
2095 3985 2349 4053 regressi
2374 3983 2606 4040 fuerint.
2629 3985 2732 4040 Per
2755 3985 2818 4040 id
2849 3985 3028 4041 etiam
3042 3991 3281 4058 tempus
3303 3988 3444 4043 Dra-

1789 4076 1959 4144 gotas
1981 4071 2372 4141 Bulgarorum
2391 4071 2622 4140 ductor,
2640 4073 2986 4130 defectionis
3006 4081 3234 4146 auctor,
3260 4091 3444 4148 equo-

1791 4177 1925 4216 rum
1953 4161 2206 4232 pedibus
2219 4177 2438 4234 corpus
2451 4165 2642 4218 totum
2661 4162 3020 4220 dilaceratus
3035 4163 3202 4220 tertio
3214 4163 3313 4220 die
3328 4164 3447 4222 leto

1793 4251 1947 4308 malo
1960 4251 2256 4308 emoritur.
2268 4256 2588 4324 Imperator
2599 4269 2671 4310 ea
2683 4259 2855 4310 nocte
2869 4255 2930 4310 in
2944 4254 3233 4327 oppidum
3248 4254 3449 4328 appel-

1793 4340 1921 4397 lens
1943 4342 2219 4397 custodes
2241 4341 2582 4413 alloquitur,
2607 4343 2711 4415 qui
2733 4360 2871 4399 eum
2893 4343 3282 4401 libentissime
3297 4344 3450 4401 exci-

1796 4429 2100 4503 pere,dein
2114 4429 2332 4502 plausu
2347 4434 2404 4486 et
2415 4430 2949 4488 acclamationibus
2961 4432 3286 4506 ingeniquc
3303 4449 3452 4505 prte-

69 4521 204 4575 καθ’
242 4521 304 4579 ἣν
335 4522 364 4580 ἠ
397 4525 561 4593 φυγὴ,
587 4539 678 4572 και
726 4515 998 4593 δυσχερὴς
1053 4517 1078 4570 ὀ
1132 4523 1284 4579 τόπος
1331 4537 1420 4570 και
1476 4521 1543 4571 τὰ
1585 4527 1635 4572 τά

1884 4518 1972 4573 nio
2011 4517 2390 4574 consalutare
2421 4524 2478 4575 et
2500 4519 2751 4576 celerem
2775 4521 3042 4594 aquilam
3067 4521 3450 4594 compellare.

71 4609 223 4665 ὁδῶν
281 4605 719 4682 δυσδιάγνωστα,
767 4611 980 4663 ἔπιπτον
1056 4610 1147 4681 μὶν
1205 4606 1258 4670 ἐξ
1307 4627 1474 4660 ιππων
1542 4610 1686 4676 ἔνιοι,
1710 4610 1872 4684 ἕτεροι
1904 4604 1963 4659 δέ
1995 4606 2183 4669 αὐτοὺς
2211 4611 2533 4661 κατεπάτουν
2589 4615 2680 4662 καὶ
2731 4612 2988 4684 ἔφθειραν,
3052 4632 3142 4664 και
3190 4612 3333 4664 άλλοι
3363 4615 3452 4684 μὲν

71 4710 186 4755 τῶν
211 4695 532 4772 έφεστρίδων
553 4695 1024 4770 ἀπεσφενδονοῡντο
1049 4699 1186 4750 κατὰ
1222 4705 1464 4770 κρημνῷν
1489 4697 1634 4750 ἄλλοι
1666 4694 1724 4751 δε
1753 4697 1918 4757 ἄλλως
1942 4696 2079 4758 τέλος
2113 4693 2371 4755 δύστηνον
2429 4696 2809 4772 ἀπελάμϐανον,
2877 4703 2942 4761 ὡς
2968 4700 3177 4772 ὀλίγους
3205 4701 3257 4762 ἐξ
3283 4701 3452 4752 αὐτῶν

77 4788 442 4849 διασωθέντας
471 4788 521 4851 ἐς
549 4793 644 4848 τήν
674 4787 979 4860 Βουλγάρων
1017 4794 1290 4862 χωρῆσαι.
1322 4791 1448 4840 Τότε
1474 4783 1542 4846 δὴ
1593 4807 1682 4840 και
1739 4787 2118 4860 προίστάμενος
2173 4787 2341 4838 αὐτῶν
2397 4793 2668 4861 Δραγωτᾶς
2720 4790 2746 4841 ὁ
2800 4791 3112 4862 πρεξάρχων
3159 4797 3252 4850 τῆς
3298 4787 3455 4840 ἀπισ-

76 4885 207 4940 τίας
237 4879 406 4930 ἳππων
431 4881 585 4930 ποσίν
611 4884 748 4930 ᾶπαν
781 4880 840 4929 τὸ
873 4884 1024 4949 σῶμα
1063 4875 1459 4946 συντέθλασται,
1491 4895 1582 4928 και
1609 4884 1840 4952 τριταῖος
1869 4880 1963 4934 τὴν
1988 4875 2146 4928 αὐτου
2177 4875 2363 4948 ψυχὴν
2390 4876 2722 4950 ἐξεφύσησεν.
2750 4877 2809 4930 Ὀ
2837 4882 2926 4950 μὲν
2961 4878 3047 4930 οὖν
3082 4877 3334 4949 βασιλεὺς
3363 4884 3456 4937 τῆς

77 4970 277 5028 νυκτός
305 4967 500 5030 ἐκείνης
528 4969 586 5019 τὸ
609 4968 745 5019 ἄστυ
772 4965 1076 5018 καταλαϐὼν
1106 4973 1212 5026 τοῖς
1235 4965 1400 5018 ἐκεῖσε
1423 4965 1739 5038 φυλάττουσι
1761 4964 2107 5038 ξυνωμῢησε,
2141 4966 2368 5018 κάκεῖνοι
2399 4965 2675 5028 ἀσπασίως
2704 4985 2757 5019 τε
2786 4969 2872 5018 τὸν
2921 4965 3282 5041 αὐτοκράτορα
3333 4967 3453 5019 ὑπε-

83 5055 309 5122 δέξαντο
346 5075 436 5110 και
461 5060 662 5133 κρότοις
688 5054 908 5116 ἐπῄνουν
935 5075 1027 5109 και
1050 5052 1292 5130 εὐφήμοις
1319 5053 1492 5128 λόγοις
1525 5051 1796 5109 ἐκύδαινον
1823 5074 1912 5108 και
1945 5052 2089 5107 ἀετόν
2120 5057 2290 5127 ταχὺν
2317 5056 2702 5129 κατωνόμοξον.

161 5286 260 5345 νϐ’.
283 5290 362 5344 Τὰ
396 5285 630 5360 έκεῖσεξη
655 5285 765 5359 οὖν,
799 5291 870 5352 ὡς
920 5284 982 5348 ἦν
1034 5287 1193 5358 εἰκός,
1213 5287 1564 5361 οἰκονομήσας
1591 5287 1618 5340 ὁ

1923 5285 2122 5345 Rebus
2150 5285 2376 5361 itaque,
2419 5285 2504 5344 uti
2540 5301 2654 5360 par
2689 5289 2836 5356 erat,
2870 5285 3175 5362 dispositis
3204 5287 3465 5362 impera-

164 5497 220 5532 ⁷⁸
298 5497 399 5552 D:
472 5501 573 5550 Και
647 5493 852 5570 ἀπάρας
926 5494 1113 5549 ἐκεῖθεν
1185 5493 1255 5556 εἰς
1348 5490 1741 5570 Θεσσαλονίκην
1821 5489 2052 5565 ἀφίκετο.
2123 5493 2375 5570 Κάκεῖθεν
2451 5494 2538 5545 τὸν
2588 5489 2909 5570 ’Βαρδάριον
2986 5489 3322 5570 διαπεράσας
3379 5498 3468 5548 καὶ

85 5571 159 5622 τὰ
215 5563 422 5626 Βοδηνὰ
458 5587 600 5645 παρα
635 5561 828 5640 μείψας
857 5571 1072 5626 ενόσησε
1109 5583 1316 5638 νόσημα
1355 5561 1587 5651 ἕδριαόν.
1646 5561 2066 5651 Διακαρτερήρσας
2111 5561 2162 5617 δ’
2207 5565 2392 5651 ἐκεῖθεν
2449 5561 2925 5651 μικ,οόυ,περίήτὸν
2979 5561 3242 5651 Πρίλοέπον
3289 5569 3467 5651 ὥρμη-

2 5661 4 5679 τ
91 5659 211 5696 σεν.
282 5635 542 5694 Ἐκεῖθεν’
577 5635 650 5702 εἰς
709 5635 920 5692 Βελεσὸν
985 5638 1192 5713 ἐχὼρει,
1242 5635 1352 5690 ’και
1411 5635 1523 5710 ἄμα
1587 5645 1626 5708 ῷ
1691 5635 1909 5710 want
1954 5637 2116 5690 ἐκεῖσε
2181 5639 2231 5690 οἱ
2295 5635 2760 5710 φύλακεςτοῦτου
2815 5635 3294 5714 ὅρκους’λαϐόντες
3331 5635 3466 5702 ’ἐξήε
