3966 6324
20 363 199 419 H37

1584 350 1931 409 ANNALES.

3302 351 3439 408 H38

19 506 136 539 νου
166 493 239 545 τῆ
251 507 275 549 ς
308 483 579 562 Ἀχριδοῦ
626 491 716 540 καὶ
745 486 1062 559 καλουμένου
1131 484 1362 555 Πὰτμον,
1389 480 1415 534 6
1443 483 1533 533 καὶ
1588 478 1661 532 εὐ-

1783 493 1981 535 cursu.
2010 474 2360 549 Imperator,
2392 471 2558 546 quod
2595 488 2719 530 non
2748 472 2990 541 horum,
3012 472 3184 531 sicuti
3199 475 3444 539 ceteror-

21 584 233 650 χερῶς
275 578 414 630 πὰνυ
470 578 496 629 6
549 576 980 652 Φιλανθρωπηνὸς
1031 572 1254 636 Ἀλέξιος
1309 570 1434 624 εἷλεν
1473 571 1499 622 6
1550 570 1672 622 Δού-

25 685 174 735 κας,
249 664 607 739 καταλειφθεὶς
654 669 783 742 πρὸς
828 672 919 718 τοῦ
995 663 1255 738 βασιλέως
1308 660 1380 721 εἰς
1440 658 1672 733 φυλακὴν

26 761 157 806 τῶν
192 753 248 807 ἰν
306 750 555 829 Δγριδῷ,
603 759 694 807 καὶ
739 756 938 817 ἄστεως
994 752 1149 806 ἄλλου
1205 751 1501 812 Τζεπαίνης
1552 748 1675 799 ὠνο-

29 847 363 917 μασμένου,
398 844 512 896 λίαν
579 847 932 917 τυγχανοντος
988 843 1184 918 ἐχυροῦ
1235 845 1324 893 καὶ
1395 842 1515 913 περὶ
1577 840 1672 896 τὴν

30 931 330 1006 ξυμϐολὴν
360 933 624 996 τελοῦντος
661 943 761 986 τῶν
812 930 912 987 δύο
968 937 1229 1006 μεγίστων
1272 929 1421 1005 ὁρῶν,
1484 934 1576 979 τοῦ
1618 945 1673 979 τε

30 1025 234 1095 Αἴμου
305 1028 397 1076 καὶ
455 1031 552 1085 τῆς
583 1021 860 1091 Ῥοδόπης,
914 1022 1031 1076 καθ’
1079 1022 1147 1072 ὧν
1215 1025 1372 1093 μέσον
1420 1019 1445 1070 ὁ
1488 1016 1672 1090 Ἐϐρος

26 1113 130 1188 ῥεῖ
204 1117 461 1186 ποταμός,
517 1113 567 1167 ἕν
617 1112 768 1186 δεινῷ
819 1118 910 1187 μεν
986 1114 1204 1166 ἐποιεῖτο
1261 1113 1287 1162 6
1337 1109 1670 1182 αὐτοκράτωρ

32 1203 136 1254 ὅτι
169 1206 248 1275 μή
282 1207 374 1255 καὶ
421 1202 592 1255 αὐτῶν
650 1206 719 1266 ὡς
783 1212 885 1255 τῶν
935 1203 1118 1275 ἐτέρων
1193 1200 1495 1273 εκρὰτησεν,
1564 1194 1670 1248 ἀλλ’

31 1292 130 1343 ἔτι
169 1299 275 1353 τῇς
311 1296 497 1367 χειρός
535 1292 696 1345 αὐτοῦ
739 1292 827 1366 [Ρ.
868 1291 961 1364 65]
1029 1295 1247 1366 κρείττω
1306 1291 1522 1359 φανέντα
1578 1284 1672 1347 ἔξω

32 1383 448 1453 τυγχάνουσιν,
490 1382 723 1455 μαλιστα
753 1379 812 1435 δὲ
847 1383 975 1456 ὑπερ
1033 1388 1130 1440 τῆς
1177 1379 1466 1439 Τζεπαίνης
1517 1372 1671 1427 ἐδυσ-

34 1472 201 1543 φόρει
239 1472 308 1522 τὰ
333 1474 582 1542 μέγιστα.
622 1469 881 1524 Ἐσπευσε
932 1472 1022 1541 μεν
1079 1464 1167 1520 οὖν
1215 1472 1305 1519 καὶ
1353 1468 1488 1517 κατὰ
1551 1465 1670 1515 ταύ-

32 1577 147 1633 της
182 1567 507 1633 στρατεῦσαι
559 1564 650 1611 καὶ
702 1563 771 1622 ὡς
815 1557 955 1630 εἶχεν
1021 1558 1207 1630 ἰσχύος
1260 1554 1667 1629 ἀποπειρᾶσθαι.

31 1628 116 1700 Ἠ
161 1650 257 1718 μεν
297 1643 387 1700 οὖν
417 1650 528 1723 ὥρα
563 1655 653 1701 τοῦ
691 1650 865 1722 θέρους
910 1642 1021 1705 ἤδη
1069 1651 1279 1720 παρῄει,
1330 1648 1418 1696 καὶ
1463 1646 1522 1695 τό
1552 1661 1667 1715 μετ-

36 1740 264 1810 όπωρον
320 1735 473 1808 ἰγγὺς
528 1734 590 1796 ἧν
660 1743 749 1790 καὶ
791 1744 944 1789 τοῦτο
1029 1732 1418 1811 παραδραμεῖν.
1502 1732 1560 1784 Ὀ
1608 1728 1668 1785 δε

1781 583 1938 633 rum,
1968 565 2187 638 potitus
2219 563 2453 633 fuisset,
2481 578 2640 635 quae,
2689 562 2773 618 uti
2808 562 3061 635 potiora,
3106 561 3285 620 subdi
3336 576 3441 620 ne-

1781 656 2117 730 quiverant,
2149 669 2305 723 aegre
2353 652 2516 722 angi,
2563 651 2669 708 sed
2714 653 3001 724 Tzepaana
3053 651 3438 724 potissimum

1780 744 2068 816 exagitari
2098 749 2275 816 atque
2302 743 2507 800 animo
2537 740 2902 798 discruciari.
2951 742 3146 808 Quare
3194 741 3254 798 in
3297 756 3434 798 eam

1780 835 2221 909 expeditionem
2276 832 2617 897 maturavit,
2657 833 2935 905 viresque
2961 832 3150 889 voluit
3179 830 3433 906 experiri

1782 943 1944 996 suas,
2011 925 2062 981 si
2118 923 2265 997 quid
2320 922 2697 996 proﬁcerent.
2739 921 2952 994 Elapsa
2996 921 3129 994 jam
3201 927 3427 994 estate,

1780 1017 2026 1074 extremi
2057 1016 2171 1072 sub
2197 1031 2409 1071 casum
2466 1012 2761 1075 autumni,
2805 1028 3002 1087 neque
3057 1017 3427 1087 tempestatis

1789 1107 1955 1178 127
1988 1120 2184 1177 neque
2196 1102 2430 1160 hiberni
2455 1102 2743 1175 temporis
2765 1103 3082 1176 asperitate
3111 1103 3427 1163 deterritus

1779 1197 1864 1267 (id
1889 1196 2050 1251 enim
2082 1194 2194 1251 sibi
2220 1197 2479 1261 tantum,
2510 1208 2637 1249 rem
2660 1208 2771 1249 suo
2800 1191 2984 1249 modo
3009 1198 3068 1250 et
3113 1209 3281 1251 more
3333 1194 3428 1254 fa-

1780 1302 1934 1355 cere,
1975 1283 2419 1358 proposuerat),
2452 1282 2628 1338 motis
2654 1282 3042 1355 Adrianopoli
3079 1283 3428 1342 cohortibus

1778 1376 2071 1433 universis
2085 1374 2357 1431 vehicula
2371 1372 2655 1445 pleraque
2679 1387 2751 1429 ex
2772 1372 3164 1430 Macedonum
3184 1374 3429 1446 regione

1777 1467 1907 1522 hac
1947 1464 2024 1522 ad
2050 1464 2361 1520 machinas
2390 1466 2448 1518 et
2474 1462 2684 1518 arietes
2706 1462 3329 1535 transportandos,illa
3349 1462 3430 1521 ad

1778 1555 2001 1611 militias
2056 1553 2275 1609 idonea
2325 1551 2624 1623 victuique
2680 1550 3020 1607 necessaria
3048 1551 3426 1622 devehenda,
3510 1622 3511 1627 η

1776 1644 2045 1716 undique
2076 1642 2210 1712 cogi
2234 1641 2424 1713 jubet.
2458 1640 2601 1696 Dein
2628 1639 2920 1712 peditum,
2954 1641 3423 1712 sagittariorum.

1776 1734 2205 1805 clavigerorum
2228 1730 2545 1787 innumera
2566 1728 2947 1787 multitudine
2961 1730 3426 1800 conducta,cum

37 1822 232 1899 μηδέν
263 1846 316 1878 τι
346 1834 438 1879 τοῦ
462 1835 649 1902 καιροῦ
675 1831 969 1901 φροντίσας,
1009 1823 1149 1898 μηδὲ
1196 1828 1254 1877 τὸ
1310 1830 1402 1876 τοῦ
1452 1830 1658 1895 χειμῶ-

1773 1822 2282 1896 opportunissime
2327 1823 2539 1894 parata
2577 1835 2710 1876 esse
2763 1820 2970 1878 omnia
3047 1820 3423 1893 aestimasset,

34 1933 139 1977 νος
205 1911 537 1977 δυσωπήσας
602 1913 766 1990 δριμὺ
818 1916 951 1987 (ἐνὸς
996 1918 1096 1987 γὰρ
1123 1919 1214 1967 καὶ
1259 1919 1415 1986 μόνου
1467 1920 1557 1964 τοῦ
1605 1914 1663 1963 τὸ

34 2004 248 2057 οἰκεῖον
297 2003 604 2064 ἀποπλῆσαι
655 2004 901 2078 βούλημα
948 2003 1311 2076 ἐστοχάζετο),
1364 2007 1458 2061 τὴν
1507 2021 1664 2075 στρα-

34 2098 170 2147 τιὰν
223 2100 400 2148 πᾶσαν
477 2094 531 2148 ἔκ
576 2102 672 2158 τῆς
727 2093 1006 2169 Ἀδριανοῦ
1064 2100 1300 2159 κινήσας,
1360 2091 1564 2166 ἀμάξας
1608 2111 1664 2145 τε

36 2183 366 2256 παμπόλλας
423 2184 734 2257 συλλεγῆναι
803 2184 1097 2258 προστάξας
1171 2182 1273 2236 ἀπὸ
1333 2182 1662 2253 πανταχόθεν

38 2280 154 2335 τῆς
193 2281 296 2325 τῶν
327 2270 643 2327 Μακεδόνων
671 2279 869 2348 χώρας,
927 2277 1019 2336 τὰς
1067 2277 1156 2346 μεν
1208 2272 1292 2324 ἐπὶ
1337 2279 1410 2341 τῷ
1448 2273 1514 2323 τὰ
1564 2291 1664 2344 μη-

38 2367 351 2435 χανήματα
410 2368 500 2415 καὶ
554 2366 645 2424 τὰς
698 2363 944 2424 ἑλεπόλεις
987 2367 1170 2435 φερειν,
1204 2364 1297 2423 τὰς
1340 2358 1400 2413 δε
1447 2360 1532 2413 ἐπὶ
1588 2367 1660 2430 τῷ

40 2448 391 2524 διακομίζειν
429 2455 493 2504 τὰ
524 2452 734 2526 ζωαρκῆ
784 2460 878 2505 τοῦ
933 2454 1337 2524 στρατεύματος,
1397 2453 1487 2501 καὶ
1545 2468 1663 2501 συν-

40 2542 409 2615 αθροισθῆναι
450 2541 697 2603 κελεύσας
779 2541 981 2599 πληθύν
1036 2540 1204 2601 πεζῶν
1259 2535 1464 2613 ἀνδρῶν
1519 2537 1662 2600 τοξο-

38 2637 156 2682 τῶν
218 2634 311 2682 καὶ
361 2634 717 2705 κορυνοφόρων
762 2630 857 2682 οὐκ
909 2630 1277 2704 εὐαρίθμητον,
1333 2628 1442 2679 ἐπεὶ
1493 2628 1664 2678 πάντα

38 2717 221 2779 καλῶς
260 2718 396 2790 αὐτῷ
423 2724 514 2772 καὶ
561 2721 631 2781 ὡς
679 2716 826 2782 ἔδοξε
890 2724 1267 2792 κατηρτίσατο,
1302 2725 1396 2777 τῆς
1450 2712 1663 2789 Ἀδρια-

41 2814 144 2860 νοῦ
203 2806 410 2881 ἀπάρας
453 2811 585 2861 κατὰ
645 2817 740 2870 τῆς
783 2812 1076 2871 Τζεπαίνης
1124 2807 1332 2879 ἐχώρει.
1404 2809 1661 2878 Τίτταρας

46 2893 116 2950 δὲ
196 2898 458 2969 σταθμοὺς
516 2896 901 2971 παρήμειψενὸ
961 2900 1197 2972 στρατὸς,
1251 2900 1341 2948 καὶ
1389 2897 1522 2947 κατὰ
1573 2897 1659 2946 τόν

39 2988 211 3037 τόπον
291 2984 346 3037 ὂν
411 2982 793 3060 Μακρολιϐοἱδα
880 2987 1328 3057 κατονομαζουσιν
1399 2982 1661 3054 ἐτητύμως

38 3077 186 3150 πρὸς
213 3076 273 3126 τὸ
320 3081 513 3147 σχῆμα
555 3079 650 3133 τὴν
688 3073 873 3133 κλῆσιν
919 3077 968 3127 οἱ
1009 3080 1228 3147 πρώτως
1276 3070 1469 3133 ἰδόντες
1515 3074 1659 3145 θέμε-

38 3182 152 3230 νοι,
213 3159 379 3224 δεινὸς
445 3169 736 3237 συμπίπτει
821 3168 975 3236 σφίσι
1038 3169 1260 3235 χειμών.
1306 3161 1393 3225 Ἐξ
1440 3161 1662 3235 ἑσπέρας
1691 3200 1731 3256 C

38 3248 142 3304 οὖν
188 3250 491 3325 ἀρξὰμενος,
520 3249 598 3305 δι’
648 3252 769 3315 ὅλης
823 3262 915 3315 τῆς
970 3256 1156 3315 νυκτὸς
1198 3256 1291 3311 τὴν
1325 3248 1661 3326 σφοδρότητα

28 3348 148 3418 ’τοῦ
185 3340 396 3414 ψύχους
439 3347 529 3395 καὶ
570 3350 664 3395 τοῦ
694 3342 880 3415 ἀνέμου
928 3346 1326 3418 προσεπιτείνας
1373 3344 1430 3393 τό
1485 3339 1657 3412 βίαιον

41 3431 217 3490 πολλῆ
250 3452 304 3485 τε
331 3436 478 3504 χιόνι
505 3440 597 3494 τῆς
633 3438 736 3504 γῆς
791 3432 1127 3504 ἐπηλυγάσας
1191 3437 1285 3491 τὴν
1341 3430 1655 3504 ἐπιφάνειαν,

39 3523 205 3576 ἕωθεν
267 3529 338 3592 τῷ
419 3521 630 3595 βασιλεί
692 3522 883 3581 πολλὴν
946 3522 1262 3596 προύξένησε
1303 3526 1396 3580 τὴν
1456 3518 1649 3593 δυσχέ·

40 3629 218 3686 ρειαν.
270 3609 336 3663 Ὀ
387 3630 441 3664 τε
512 3614 615 3687 γὰρ
673 3616 831 3674 τόπος
887 3611 1065 3674 ἄοικος
1114 3609 1195 3676 ἦν,
1248 3616 1337 3663 καὶ
1385 3609 1657 3683 ἐγγύτερον

42 3699 343 3771 ὶτύιγχανον
373 3702 423 3752 οἰ
444 3699 701 3774 πολέμιοι,
758 3706 848 3754 καὶ
911 3703 942 3759 ἡ
997 3697 1408 3776 προσδοκωμένη
1472 3702 1658 3761 σπάνις

42 3798 156 3842 τῶν
185 3789 476 3862 ἀναγκαίων
504 3790 610 3862 οὐχ
659 3791 813 3849 ἧττον
865 3795 959 3850 τὴν
1013 3790 1200 3863 ψυχὴν
1266 3790 1453 3851 ἐπίεζε’
1502 3797 1657 3842 τοῦτο

40 3881 157 3952 γὰρ
186 3882 274 3931 καὶ
328 3878 517 3952 μᾶλλον
572 3876 858 3954 δεινότερον
915 3882 1234 3938 καθέστηκεν
1300 3878 1347 3932 ἐν
1412 3881 1656 3952 στρατεύ-

43 3987 241 4044 μασιν.
273 3968 353 4030 Ἐς
375 3972 638 4027 τοσαύτην
698 3977 822 4039 γοῦν
888 3974 981 4028 τὴν
1022 3967 1330 4045 δυσφορίαν’
1365 3970 1657 4029 συνελᾶθεὶς

45 4061 177 4119 τοὺς
195 4059 451 4130 ἡγεμόνας
505 4061 939 4131 συνηθροίκειτῶν
983 4062 1398 4133 στρατευμάτων,
1449 4058 1506 4110 οὐ
1558 4066 1656 4109 τῶν

36 4150 349 4220 Ῥωμαϊκῶν
369 4152 543 4221 μόνον,
585 4147 693 4200 ἀλλ’
720 4145 828 4207 ἤδη
860 4153 1075 4201 καὶτῶν
1116 4148 1170 4213 ἐξ
1205 4151 1374 4209 ἔθνους
1425 4152 1657 4202 Λατίνων

48 4258 106 4293 τε
139 4241 230 4289 καὶ
267 4239 491 4301 Σκυθῶν,
522 4241 614 4291 καὶ
669 4241 885 4300 τούτους
935 4242 987 4290 τί
1040 4234 1123 4291 δεῖ
1170 4246 1332 4291 ποιεῖν
1375 4241 1653 4312 ἠρωτὴκει.

47 4328 251 4388 Πάντες
305 4333 428 4397 γοῦν
456 4323 656 4398 σχεδόν
709 4325 1080 4379 ἐϐουλεύσαντο
1132 4330 1182 4388 ἐς
1232 4332 1325 4386 τὴν
1379 4324 1657 4402 Ἀδριανοῦ

49 4421 154 4474 τὴν
194 4415 522 4488 ὑποστροφήν
568 4418 917 4473 ποίησασθαι.
956 4414 1013 4467 Ὀ
1068 4412 1249 4475 δὲτὴν
1316 4419 1405 4489 μὲν
1461 4415 1658 4488 βουλὴν

50 4504 230 4558 αὐτῶν
262 4503 353 4556 οὐκ
375 4502 690 4577 ἀπέπεμψεν,
747 4503 874 4556 ἀλλὰ
928 4508 1057 4579 πρὸς
1118 4505 1300 4566 αὐτοὺς
1348 4506 1544 4579 εἰρήκει
1590 4506 1660 4566 ὣς

52 4594 277 4665 «Ὑμεῖς
447 4594 570 4667 ὅπερ
637 4601 865 4666 κρεῖττον
908 4598 998 4646 καὶ
1061 4599 1319 4669 συμφέρον
1375 4589 1526 4655 ἔδοξε
1568 4614 1662 4646 κα-

48 4684 159 4744 λῶς
222 4678 615 4733 ἕϐουλεύσασθε*
678 4682 723 4734 εἰ
780 4677 840 4734 δὲ
890 4688 980 4734 καὶ
1037 4682 1189 4743 αὐτὸς
1248 4684 1411 4755 ἕτερον
1455 4703 1508 4734 τι
1565 4688 1659 4736 σὺν

54 4779 179 4842 Θεῷ
201 4774 464 4842 νοήσαιμι,
497 4770 588 4821 οὐκ
622 4771 683 4821 ἄν
717 4767 937 4833 δέξησθε
965 4778 1117 4823 τοῦτο
1148 4772 1217 4833 ὡς
1242 4775 1343 4823 ἀπὸ
1399 4768 1658 4825 δεσπότου

51 4866 332 4932 νουνεχοῦς
380 4858 642 4933 εἰρημένον
715 4880 805 4912 και
850 4861 991 4932 ὑμῶν
1044 4862 1110 4922 ὡς
1184 4857 1299 4913 δέον
1347 4866 1659 4935 προνοουμέ-

50 4971 147 5005 νου
179 4968 230 5019 ;››
254 4950 548 5020 Ξυνέφησαν
580 4947 819 5015 ἅπαντες,
841 4953 909 5011 ὡς
937 4971 963 4998 ι(
986 4948 1149 5025 Ὅπερ
1182 4952 1242 5002 οἶν
1269 4958 1341 5021 τῷ
1366 4958 1441 5020 σῷ
1493 4948 1528 5003 δ
1532 4950 1660 5014 οξειε

56 5039 259 5114 κράτει,
292 5040 534 5112 στερκτόν
565 5041 688 5089 αὐτὸ
745 5058 835 5089 και
878 5037 1151 5091 ἀσπαστὸν
1198 5037 1563 5111 λογισαίμεθα.
1630 5060 1657 5092 ι

56 5130 284 5186 Τούτους
307 5129 394 5196 μὲν
424 5127 511 5178 οὖν
550 5129 747 5186 πάντας
786 5126 1035 5179 ἀπέλυσεν
1079 5129 1103 5179 ό
1150 5126 1395 5200 βασιλεὺς
1454 5131 1523 5191 εἰς
1566 5132 1661 5192 τὰς

60 5219 308 5291 σφετέρας
351 5213 556 5267 ἀπέιναι
600 5214 796 5277 σκηνὰς
853 5215 924 5288 ἐφ’
1080 5237 1170 5269 και
1217 5225 1379 5293 τροφή
1436 5214 1531 5270 διὰ
1572 5222 1658 5271 τόν

61 5312 299 5381 χειμῶνα
317 5305 652 5379 χρήσασθαι,
681 5305 837 5366 αὐτὸς
867 5302 926 5357 δὲ
975 5305 1046 5368 εἰς
1092 5310 1179 5358 τὸν
1228 5307 1387 5359 αὑτοῦ
1438 5316 1661 5361 κοιτῶνα

62 5396 239 5450 εἰσιὼν
281 5395 406 5464 μετά
448 5402 547 5444 τῶν
612 5398 731 5468 περί
814 5394 971 5446 αὐτον
1023 5393 1315 5448 ἐϐουλεύετο
1372 5400 1423 5449 τί
1469 5396 1657 5468 μᾶλλον

66 5486 183 5560 χρὴ
230 5489 408 5536 ποιεῖν.
454 5486 599 5544 Τινὲς
635 5485 726 5555 μεν
773 5487 869 5542 τὴν
918 5491 1016 5536 τῶν
1074 5483 1256 5547 ἔξωθεν
1307 5484 1658 5559 βουλευσαμέ-

67 5593 169 5628 νων
224 5569 413 5644 βουλὴν
477 5572 550 5633 εἰς
597 5575 745 5649 ἔργον
802 5572 1067 5626 ἐϐούλοντο
1150 5576 1330 5641 θεῖναι,
1387 5577 1547 5649 ἕτεροι
1600 5572 1659 5629 δε

71 5662 153 5725 οἷς
188 5679 273 5714 και
304 5664 360 5713 τό
425 5667 656 5736 κρεῖττον
708 5658 1052 5722 διανοηθῆναι
1097 5672 1169 5736 τῷ
1227 5662 1441 5738 βασιλεί
1485 5661 1660 5718 διακέ-

1773 1912 2158 1986 Adrianopoli
2198 1911 2517 1967 discedens
2553 1912 2902 1983 Tzepmnam
2922 1909 3240 1968 ferebatur.
3259 1912 3421 1970 Man-

1772 2004 1971 2059 siones
2002 2006 2265 2075 quatuor
2300 2000 2472 2056 miles
2503 2015 2785 2056 emensus
2834 2000 2896 2055 in
2935 2000 3149 2068 locum,
3213 2000 3309 2057 cui
3347 2016 3421 2060 ex

1770 2091 1965 2148 forma
1989 2090 2067 2147 ab
2104 2088 2475 2156 hominibus,
2506 2087 2606 2160 qui
2635 2087 2899 2160 primum
2960 2092 3414 2163 conspexerant,

1769 2180 2046 2252 apposite
2075 2193 2298 2234 nomen
2336 2175 2737 2234 Macrolibada
2764 2175 3019 2233 inditum
3058 2176 3191 2243 fuit,
3233 2175 3418 2235 adve-

1769 2269 1946 2326 hitur.
1982 2267 2068 2323 lbi
2111 2266 2274 2323 foeda
2329 2269 2651 2337 tempestas
2704 2265 2855 2321 calo
2903 2264 3157 2337 dejecta,
3215 2282 3352 2340 quae
3380 2282 3421 2326 a

1768 2374 2018 2431 vespere
2049 2362 2253 2414 coorta
2280 2371 2387 2428 per
2407 2358 2595 2412 totam
2621 2358 2863 2411 noctem
2913 2354 3149 2426 frigoris
3193 2356 3312 2413 vim
3363 2359 3422 2416 et

1769 2453 2081 2504 ventorum
2111 2444 2406 2519 procellas
2441 2444 2671 2500 intense
2700 2444 3079 2505 continuans.
3107 2445 3417 2520 multaque

1769 2537 1903 2594 nive
1931 2540 2102 2593 terrae
2152 2534 2365 2591 faciem
2430 2533 2803 2606 inasperans,
2852 2549 3033 2592 mane
3070 2533 3422 2608 imperatori

1771 2630 1942 2684 atrox
1970 2624 2279 2695 negotium
2305 2622 2565 2680 facessit.
2592 2624 2780 2680 Locus
2801 2622 2963 2680 enim
2979 2627 3106 2680 erat
3119 2623 3418 2683 habitato-

1767 2731 1904 2773 rum
1929 2730 2158 2771 vacuus
2188 2732 2202 2782 ;
2239 2714 2442 2769 hostes
2460 2712 2773 2770 instabant
2801 2712 3082 2786 proximi,
3107 2717 3165 2770 et
3193 2713 3268 2771 de
3295 2730 3420 2789 qua

1767 2806 2039 2873 timebat,
2077 2803 2559 2861 necessariorum
2588 2802 2814 2876 inopia,
2843 2803 3011 2877 quod
3040 2802 3104 2860 in
3157 2805 3421 2864 exercitu

1768 2896 2039 2953 omnium
2055 2894 2385 2966 pessimum
2410 2892 2644 2960 accidit,
2676 2907 2797 2949 non
2812 2893 3131 2950 minimum
3143 2894 3417 2953 animum

1768 2985 2168 3043 excruciabat.
2201 2983 2401 3040 Tantis
2424 2981 2876 3040 difﬁcultatibus
2904 2983 3277 3041 conﬂictatus
3318 2999 3415 3042 co~

1765 3077 2023 3150 piarum,
2063 3089 2187 3131 non
2221 3076 2630 3129 Romanorum
2659 3071 2865 3142 modo,
2895 3072 3003 3128 sed
3017 3088 3090 3129 ex
3119 3071 3248 3130 aliis
3269 3087 3414 3144 gen-

1766 3166 1926 3223 tibus
1962 3164 2300 3220 Latinorum
2352 3178 2424 3218 ac
2494 3161 2853 3235 Scytharum
2901 3161 3086 3218 duces
3131 3162 3411 3233 advocat,

1766 3256 1961 3328 deque
1991 3252 2239 3324 agendis
2270 3250 2548 3309 consulit.
2578 3252 2799 3309 Omnes
2825 3249 2945 3307 fere
2994 3251 3056 3309 in
3085 3251 3149 3309 id
3193 3267 3414 3309 conve-

1766 3347 1983 3401 nerunt
2038 3346 2104 3398 ut
2148 3339 2598 3413 Adrianopolim
2653 3344 3008 3398 remearent.
3086 3341 3415 3415 Imperator

1767 3434 1932 3491 haud
1968 3436 2167 3507 spreta
2179 3447 2389 3487 eorum
2407 3429 2697 3487 sententia
2721 3428 2920 3487 infert:
2960 3451 2990 3481 «
3013 3432 3132 3487 Vos
3164 3431 3414 3504 quidem

1767 3524 1929 3598 quod
1945 3527 2002 3578 et
2015 3522 2225 3578 melius
2241 3521 2567 3593 utiliusque
2582 3520 2704 3576 fore
2711 3519 3047 3591 judicastis,
3062 3525 3217 3577 recte
3240 3521 3283 3592 ι
3297 3519 3415 3593 28

1766 3613 2077 3686 probeque
2107 3609 2510 3667 consuluistis.
2540 3612 2755 3666 Verum
2794 3608 2844 3665 si
2877 3609 3192 3683 quippiam
3231 3610 3413 3668 etiam

1765 3703 1917 3775 ipse,
1942 3704 2061 3758 Deo
2095 3699 2774 3773 auspice,excogitarim,
2804 3714 2883 3756 an
2902 3715 3028 3755 non
3048 3699 3215 3771 illud,
3231 3698 3414 3759 veluti

1766 3807 1803 3847 a
1831 3791 2123 3865 prudente
2149 3790 2420 3859 domino,
2449 3804 2642 3862 eoque
2667 3788 2772 3861 qui
2802 3788 2876 3845 de
2909 3788 3103 3855 vobis,
3123 3788 3209 3845 uti
3231 3789 3413 3846 adde-

1766 3885 1877 3948 cet,
1909 3879 2202 3953 providet,
2230 3878 2531 3952 prolatum
2562 3894 2739 3951 inquo
2773 3876 2979 3933 animo
3006 3877 3311 3950 accipietis
3333 3875 3361 3931 Ἰ
3385 3898 3408 3930 ι

1768 3968 1981 4025 Omnes
1995 3968 2418 4025 acclamarant:
2438 3989 2459 4017 ι
2478 3965 2778 4039 Quidquid
2795 3964 2967 4021 fuerit
2987 3966 3281 4037 majestati
3297 3969 3414 4023 tum

1767 4059 1982 4123 visum,
2015 4062 2330 4128 acceptum
2356 4061 2413 4112 et
2440 4055 2735 4112 universis
2763 4053 3190 4127 complacitum
3235 4055 3345 4112 erit
3381 4078 3412 4109 ιο

1769 4148 1863 4205 Sic
1891 4163 1994 4203 eos
2035 4146 2108 4202 ad
2132 4146 2377 4219 propria
2422 4144 2695 4211 tentoria,
2750 4149 2817 4200 ut
2855 4159 3076 4216 corpus
3124 4143 3259 4202 cibo
3278 4159 3415 4218 pro-

1766 4243 1898 4311 pter
1924 4236 2185 4292 hiemem
2213 4234 2543 4304 reﬁcerent,
2573 4232 2828 4290 mandat
2854 4248 2867 4288 :
2896 4234 3024 4306 ipse
3050 4232 3114 4289 in
3167 4233 3414 4293 cubicu-

1766 4326 1893 4382 lum
1926 4342 2104 4380 suum
2153 4323 2459 4394 introiens,
2492 4338 2628 4380 cum
2683 4322 2756 4380 iis
2779 4324 2882 4397 qui
2911 4323 3069 4380 circa
3105 4338 3247 4381 eum
3276 4323 3416 4382 ade-

1769 4418 1904 4471 rant
1940 4414 2087 4487 quid
2126 4414 2282 4470 facto
2313 4428 2465 4486 opus
2478 4417 2632 4469 esset
2648 4412 2982 4471 consulere.
3006 4412 3265 4479 Quidam
3278 4429 3417 4471 con-

1773 4504 1995 4573 silium,
2027 4503 2193 4577 quod
2224 4502 2366 4559 foris
2419 4501 2726 4571 dederant,
2789 4518 2971 4575 opere
3000 4503 3418 4575 praestandum

1772 4592 2275 4650 essecontendere
2298 4592 2721 4665 ;alii,quorum
2758 4591 3247 4664 meliorajudicia
3284 4608 3420 4650 cen-

1771 4688 1971 4739 suerat
2001 4682 2686 4755 imperator,adversari:
2713 4683 2867 4739 «Iter
2897 4682 3124 4749 enim,»
3153 4682 3414 4751 aiebant,

1776 4795 1796 4823 ε
1824 4778 1978 4829 retro
2018 4788 2127 4827 nos
2151 4772 2227 4827 ad
2250 4770 2699 4844 Adrianopolim
2718 4771 2946 4827 ducens
2969 4775 3246 4843 exaequat
3269 4770 3417 4828 illud

1770 4861 1933 4934 quod
1957 4866 2093 4917 ante
2119 4860 2195 4917 ad
2216 4860 2573 4917 Stenimachi
2588 4860 2879 4933 oppidum
2902 4862 3031 4927 fert,
3051 4862 3109 4916 et
3124 4859 3417 4933 quemad-

1770 4951 2014 5006 modum
2029 4950 2109 5006 ibi
2124 4951 2587 5006 necessariorum
2601 4949 2885 5021 copia,sic
2898 4954 2953 5005 et
2965 4947 3320 5006 Stenimachi
3331 4947 3419 5006 af-

1769 5039 1921 5095 ﬂuit.
1947 5039 2053 5096 Ubi
2080 5040 2159 5095 ita
2180 5038 2477 5108 egerimus
2489 5053 2685 5110 neque
2698 5038 3114 5109 timore,quem
3150 5052 3223 5092 ex
3237 5035 3419 5093 hosti-

1769 5129 1885 5183 bus
1902 5129 2373 5200 conceperimus,
2387 5143 2581 5200 neque
2594 5126 2963 5199 tempestatis
2991 5125 3306 5199 asperitate
3322 5141 3420 5183 re-

1770 5225 1859 5273 tro
1875 5218 2007 5288 cogi
2028 5216 2461 5290 judicabimur.
2479 5238 2507 5266 ››
2522 5215 2750 5272 Dictum
2767 5214 3214 5288 approbaverat
3229 5215 3433 5289 imper

1767 5310 2172 5364 rator.Etcum
2184 5306 2337 5363 acris
2350 5306 2535 5363 hiems
2548 5304 3157 5378 mitesceretnivisque
3168 5304 3423 5378 impetus

1769 5397 2044 5465 stetisset,
2077 5400 2317 5468 postero
2346 5395 2444 5451 die
2464 5393 2729 5466 receptui
2758 5393 3002 5463 signum
3043 5392 3177 5451 dari
3227 5394 3423 5466 jussit.

1770 5484 1911 5540 Inde
1943 5485 2254 5557 copiarum
2285 5483 2556 5540 cohortes
2587 5482 2912 5539 desumens
2969 5482 3425 5542 Stenimachum

1769 5576 2096 5642 contendit,
2122 5580 2176 5631 et
2217 5591 2353 5630 cum
2387 5573 2611 5631 ibidem
2641 5573 2967 5631 exercitum
2996 5579 3420 5635 exsaturassct,

1768 5668 1931 5721 recta
1968 5666 2321 5737 Tzepaanam
2347 5662 2455 5720 iter
2480 5662 2697 5735 dirigit,
2731 5662 3123 5739 pervenitque
3171 5664 3422 5724 tandem
