3966 6324
543 328 683 384 H39

1861 318 2147 378 GEORGII
2171 320 2638 380 ACROPOLITE

3809 326 3915 383 un

543 451 605 508 in
636 449 935 523 oppidum
974 446 1354 515 Vatcunium,
1377 445 1543 518 quod
1587 461 1694 517 per
1710 444 1912 519 plures
1931 446 2057 502 dies
2079 463 2201 504 ma-
2244 450 2288 503 Λ
2318 467 2499 521 κριταί

2324 467 2515 521 κριται,
2545 447 2839 500 τούναντίον
2869 445 3158 523 εἰρήκασιν,
3180 446 3420 520 Ἐφησαν
3443 451 3538 501 καὶ
3565 450 3708 522 γὰρ,
3739 473 3768 502 ιι
3803 449 3915 506 Ὀτι

543 541 710 596 ximo
742 538 1023 595 exercitui
1053 535 1295 592 abunde
1337 534 1645 608 effuseque
1666 541 1868 607 posset
1920 535 2203 593 alimenta

546 629 952 702 suppeditare.
987 629 1065 682 Ex
1098 641 1170 681 eo
1195 629 1483 696 patruum
1516 642 1694 680 suum
1724 624 2055 682 Manuelem
2096 628 2203 682 La-

548 718 789 784 scarim,
813 719 855 787 1
871 718 986 788 29
1001 716 1104 788 qui
1119 715 1430 770 monachis
1443 715 1690 770 nomine
1703 714 1842 771 dato
1855 731 2076 771 nomen
2091 715 2204 772 sibi

546 807 785 865 Maximi
816 808 1251 875 assumpserat,
1284 808 1341 859 et
1390 803 1603 875 Allagii
1655 803 2002 876 praefectum
2052 805 2207 860 Con-

547 896 875 952 stantinum
910 893 1288 962 Margaritem
1315 892 1518 948 locum
1548 893 1804 948 invisere
1821 893 2002 963 misit,
2027 892 2204 949 refer-

547 1000 732 1059 reque
763 984 811 1039 si
842 983 976 1056 quis
999 982 1078 1038 ad
1108 998 1251 1038 eum
1283 981 1481 1037 aditus
1511 981 1679 1037 militi
1718 981 1907 1037 facilis
1955 987 2204 1055 pateret.

549 1075 651 1132 lsti
707 1073 947 1140 oculati,
1007 1071 1295 1127 omnibus
1361 1070 1477 1126 loci
1548 1070 1822 1144 partibus
1873 1072 2205 1144 perpensis.

551 1179 877 1220 ascensum
911 1160 1146 1218 facilem
1178 1176 1306 1216 esse
1336 1160 1637 1229 nuntiant,
1670 1164 1727 1215 et
1755 1161 2017 1218 maxime
2061 1164 2209 1218 Con-

554 1255 851 1311 stantinus
882 1251 1238 1323 Margarites,
1263 1251 1396 1307 licet
1417 1250 1534 1317 alii,
1562 1251 1664 1322 qui
1685 1249 1820 1306 loca
1839 1252 2064 1323 optime
2105 1267 2207 1306 no-

553 1348 785 1415 verant,
821 1341 1319 1410 contradicerent,
1384 1338 1545 1396 Illius
1592 1340 1971 1396 sermonibus
2023 1340 2208 1397 fretus

557 1433 888 1505 imperator
915 1446 1054 1486 cum
1085 1429 1362 1485 universo
1389 1428 1648 1484 exercitu
1674 1444 1988 1484 ascensum
2004 1433 2208 1486 tentat.

562 1525 752 1580 Locus
782 1524 908 1577 erat
936 1524 1275 1592 praeruptus
1305 1525 1362 1575 et
1391 1533 1644 1574 ascensu
1676 1519 1902 1574 arduus
1948 1535 1960 1573 :
1985 1519 2210 1589 glacies

560 1629 668 1686 per
699 1612 1043 1667 universam
1069 1609 1230 1664 viam
1271 1607 1720 1674 conglomerata
1752 1612 1808 1664 et
1851 1607 2086 1664 levitate
2127 1608 2212 1664 lu-

557 1702 727 1758 brica
753 1698 991 1770 gressui
1004 1698 1344 1770 properanti
1359 1697 1643 1752 obstabat
1666 1715 1680 1765 ;
1705 1697 1915 1769 spissa;
1963 1699 2210 1756 arbores

556 1805 628 1847 ac
657 1789 812 1844 foliis
837 1788 1040 1843 densae
1061 1787 1299 1842 culmen
1339 1791 1726 1858 occuparant.
1765 1787 2044 1843 Cohortes
2090 1793 2212 1844 tota
2241 1812 2281 1866 Β
2319 1789 2499 1861 xum

2324 1789 2473 1848 κεκλη
2479 1793 2635 1861 μένην

552 1894 626 1936 ea
648 1882 824 1935 nocte
871 1876 1017 1933 focis
1069 1875 1336 1933 accensis
1391 1875 1649 1932 caleﬁeri
1705 1895 1718 1933 :
1785 1876 2210 1950 plerarumque

552 1968 714 2024 enim
748 1965 956 2022 famuli
987 1981 1124 2022 cum
1157 1965 1392 2036 attegiis
1421 1965 1704 2021 dominos
1729 1967 2058 2039 comperire
2088 1983 2211 2023 non

553 2060 854 2132 poterant.
883 2058 1225 2128 Omnesque
1257 2070 1475 2127 parum
1513 2055 1706 2112 abfuit
1724 2057 1871 2128 quin
1894 2055 2102 2112 ﬂetum
2129 2057 2213 2112 in-

551 2146 925 2203 desinentem
958 2149 1016 2201 et
1043 2145 1280 2217 absque
1335 2145 1735 2200 mcestitudiue
1779 2145 2023 2202 ﬂerent:
2068 2161 2211 2202 nam

557 2235 761 2293 fumus
787 2233 995 2303 erogis
1027 2233 1321 2289 densitate
1354 2233 1640 2289 arborum
1674 2234 2212 2306 interceptus,cum

554 2325 617 2381 in
644 2340 779 2380 aere
801 2323 950 2378 liber
970 2322 1212 2390 evagari
1253 2321 1544 2394 nequiret,
1603 2321 1758 2378 infra
1823 2323 2212 2394 referebatur,

557 2413 891 2490 oculosque
904 2412 982 2468 ad
996 2412 1396 2468 extorsionem
1409 2427 1603 2483 usque
1618 2411 2013 2484 lacrymarum
2033 2412 2212 2469 laede-

558 2504 685 2560 bat.
719 2505 833 2558 Hoc
856 2503 1055 2574 ipsum
1105 2501 1434 2574 imperator
1480 2517 1724 2572 quoque
1775 2507 2053 2573 expertus
2107 2508 2211 2559 est.

559 2595 795 2662 Verum,
831 2595 896 2647 ut
917 2607 1040 2646 nox
1068 2590 1352 2662 praeteriit
1391 2594 1449 2645 et
1495 2590 1623 2645 dies
1676 2591 1866 2663 cmpit,
1920 2591 2216 2663 oppidum

561 2682 821 2740 obsideri
850 2679 1014 2737 haud
1040 2679 1209 2735 facile
1236 2694 1413 2752 posse
1451 2695 1846 2749 cognoscens,
1877 2681 2123 2736 militem
2154 2681 2215 2736 in

559 2771 869 2845 planitiem
887 2769 1250 2826 descendere
1277 2769 1475 2840 jussit.
1507 2768 1587 2824 Illi
1611 2769 2068 2826 descenderunt.
2099 2774 2218 2826 lm—

559 2867 798 2934 perator
827 2866 1028 2916 custos
1057 2864 1194 2931 post
1207 2874 1310 2914 eos
1339 2874 1477 2914 cum
1509 2859 1728 2928 exigua
1757 2859 2032 2925 militum,
2084 2859 2216 2933 qui-

555 2951 674 3009 bus
705 2951 974 3023 corporis
1004 2949 1278 3006 custodia
1306 2949 1674 3005 demandata
1705 2954 1851 3016 erat,
1883 2965 2216 3023 eorumque

552 3043 868 3115 juvenum,
897 3057 1085 3098 manu
1102 3045 1506 3107 remanserat;
1530 3039 1666 3096 dein
1681 3045 1735 3096 et
1752 3041 1899 3112 ipse,
1919 3042 2214 3114 quemad-

555 3133 810 3190 modum
835 3137 891 3188 et
920 3130 1156 3203 reliqui,
1187 3129 1375 3202 pedes
1407 3131 1623 3201 (neque
1665 3130 1824 3184 enim
1877 3134 2004 3186 erat
2053 3147 2211 3204 equo

553 3223 912 3280 insidentem
937 3236 1044 3292 per
1069 3219 1234 3277 collis
1270 3224 1576 3292 prmrupta
1596 3219 1707 3276 iter
1729 3220 1926 3292 agere)
1955 3221 2017 3276 in
2045 3237 2212 3278 cam-

2318 541 2408 610 μὲν
2438 539 2564 609 ἡμῖν
2592 534 2713 599 ὁδός
2759 536 2897 590 ἔστιν
2955 539 3164 590 ὄπισθεν
3204 537 3273 598 εἰς
3327 542 3422 596 τὴν
3474 535 3801 613 Ἀδριανοῦ,
3859 561 3920 593 τι-

2319 629 2488 684 σαῦτη
2519 625 2603 699 [Ρ.
2645 626 2736 698 66]
2773 630 2865 679 καὶ
2894 628 3183 699 ἔμπροσθεν
3223 626 3293 687 εἰς
3328 630 3388 679 τὸ
3442 635 3542 679 τοῦ
3605 631 3918 702 Στενιμάχεε

2315 718 2449 768 ἄστυ
2479 717 2768 774 καθέστηκε
2805 737 2818 750 ο
2859 736 2950 768 και
2985 718 3159 790 ὥσπερ
3201 715 3300 768 ἐκεῖ
3352 724 3452 768 τῶν
3515 715 3812 790 χρειωδῶ
3862 720 3922 770 εἰ·

2315 813 2572 880 μοιρῆσαι
2611 807 2820 877 ἔχομεν,
2861 806 2995 858 οὕτω
3032 801 3101 863 δὴ
3162 825 3252 857 και
3305 804 3376 866 εἰς
3419 810 3513 858 τόν
3585 813 3918 880 Στενίμαχο-δ,

2317 895 2470 947 Οὕτω
2539 894 2821 966 πράξαντες
2908 894 2967 946 οὐ
3040 890 3287 967 δόξαιμεν
3329 902 3436 956 τοῖς
3486 895 3774 969 πολεμίοις
3827 901 3922 950 ei:

2317 979 2492 1056 δειλίᾳ
2522 1004 2536 1017 ·
2567 991 2630 1056 τῇ
2671 987 2802 1058 πρὸς
2837 983 3026 1044 αὐτοὺς
3078 987 3195 1037 οὔτε
3388 992 3454 1058 τῇ
3516 993 3625 1038 τοῦ
3681 995 3924 1058 χειμῶνος

2318 1069 2614 1148 δυσχερείᾳ
2676 1078 2772 1132 τὴν
2832 1074 3168 1146 ὑποστροφήν
3222 1075 3590 1132 ποιήσασθαι.
3631 1095 3665 1124 ιο
3707 1079 3920 1150 Apso-fr.

2316 1170 2442 1234 γοῦν
2473 1159 2618 1225 ἔδοξε
2645 1169 2716 1232 τῷ
2760 1160 2993 1235 βασιλεῖ,
3025 1182 3116 1215 και
3170 1161 3254 1215 ἐπί
3305 1169 3401 1225 τῆς
3451 1159 3805 1237 δριμῦτητος
3853 1186 3926 1216 n;

2319 1253 2346 1304 6
2390 1257 2590 1326 χειμὼν
2628 1252 2780 1324 ἔληγε
2843 1272 2934 1304 και
2980 1253 3010 1310 ἡ
3066 1259 3159 1314 τῆς
3210 1257 3390 1324 χιόνος
3437 1254 3572 1313 ἔστη
3632 1258 3792 1326 φορὰ,

2321 1341 2568 1394 ἱπιοῦσαν
2617 1342 2676 1392 τὸ
2718 1339 3060 1398 ἀνακλητικὸν
3111 1341 3322 1412 ὴχῆσαι
3357 1340 3724 1412 προσέταξεν.

2322 1431 2402 1483 θεν
2460 1426 2548 1482 οὖν
2615 1432 2708 1492 τὰς
2789 1429 3057 1493 συντάξεις
3122 1438 3223 1482 τῶν
3285 1433 3714 1504 στρατευμάτων
3774 1430 3928 1483 inse-,-

2321 1517 2477 1592 ἀπῄει
2515 1519 2584 1580 εἰς
2611 1522 2699 1571 τὸν
2725 1523 3065 1592 Στενίμαχον.
3127 1518 3408 1572 Κάντεῦθεν
3461 1519 3557 1571 οὗν
3610 1523 3680 1572 τὸ
3733 1523 3927 1592 σύμπαν

2321 1610 2688 1664 ενσιτίσασθαι
2791 1610 3038 1672 κελεύσας
3117 1612 3411 1683 οτρὰτευμα
3527 1612 3776 1663 κατευθὺ
3855 1618 3932 1670 ri;

2317 1700 2611 1761 Τςεπαίνης
2689 1697 2900 1774 ἆχὼερι.
2961 1703 3283 1758 Κατηντ-ἠκει
3335 1706 3458 1770 γοῦν
3526 1698 3576 1760 ἐς
3625 1699 3789 1752 πόλιν
3841 1700 3930 1753 ἑτι-

2730 1791 3061 1858 Βατκούνιον,
3145 1791 3326 1850 ἱκανὰς
3407 1791 3618 1861 ἠμρας
3718 1795 3926 1861 μεγίστης

2321 1878 2595 1953 ἐξαρκέσαι
2657 1875 2947 1951 δυναμένην
3014 1878 3084 1941 εἰς
3141 1878 3427 1953 ζωὰρκειαν
3483 1884 3755 1952 στρατιᾷ.
3819 1879 3932 1932 Έιέ

3145 1790 3326 1850 ἱκανὰς
3407 1788 3618 1862 ἠμρας

2323 1971 2404 2021 θεν
2457 1965 2546 2021 οὖν
2601 1967 2911 2021 ὁπεστάλκει
2966 1970 3052 2020 τὸν
3105 1969 3237 2020 θεῖον
3292 1967 3451 2020 αὑτοῦ
3506 1971 3596 2020 τὸν
3668 1971 3928 2041 Δὰσιαρρ

2321 2057 2587 2125 Μανουη),
2645 2060 2879 2130 μοναχὸν
2924 2061 3045 2110 ὄντα
3099 2076 3191 2109 και
3235 2056 3474 2129 Μαξίμου
3526 2056 3928 2130 ὀνομαζὰμαπ,

2320 2166 2407 2199 και
2440 2151 2526 2200 τὸν
2557 2154 2648 2200 τοῦ
2695 2145 2943 2218 ἁλλαγίου
2999 2145 3160 2199 αὐτοῦ
3211 2147 3448 2218 ἄρχοντα
3505 2149 3596 2198 τὸν
3655 2153 3932 2219 Morami-

2321 2257 2415 2296 την
2499 2243 2904 2304 Κωνσταντῖνον,
2958 2242 3311 2288 κατοπτεῦσαι
3377 2238 3464 2288 τὸν
3523 2240 3727 2302 τόπον,
3791 2242 3878 2288 καὶ
3903 2237 3933 2286 εἰ

2322 2326 2695 2401 εὖχερεστίραν
2747 2331 2840 2384 τὴν
2909 2328 3041 2399 πρὸς
3106 2325 3262 2378 αὐτὸν
3348 2329 3563 2398 πορείαν
3633 2331 3819 2397 σχοίη
3891 2345 3930 2376 τε

2326 2419 2644 2490 στράτευμα.
2719 2417 2785 2468 Οἱ
2835 2411 2894 2468 δε
2957 2413 3190 2476 ἀπιόντες
3227 2433 3318 2466 και
3345 2416 3410 2466 τὰ
3465 2419 3590 2488 περί
3639 2419 3744 2467 τὸν
3799 2423 3933 2467 τιν-,πε

2323 2509 2820 2565 κατασκοπῆσαντες
2887 2504 3078 2578 εὐχερῆ
3137 2505 3416 2576 τυγχὰνειν
3462 2508 3562 2562 τήν
3619 2501 3831 2556 ἄνοδον
3877 2513 3930 2573 τῇ

2326 2593 2540 2667 βασιλεῖ
2608 2593 2978 2665 κατήγγελλον,
3048 2613 3141 2645 και
3215 2593 3446 2666 μάλιστα
3500 2594 3528 2644 6

2326 2690 2730 2748 Κωνσταντῖνος,
2811 2689 2984 2736 καίτοι
3057 2703 3114 2754 γε
3165 2681 3361 2736 πολλῶν
3411 2691 3514 2734 τῶν
3580 2679 3818 2736 εἰδότων
3868 2683 3928 2733 cb—

2322 2772 2646 2844 τιλεγόντων.
2679 2780 2799 2836 Τοῖς
2851 2780 2976 2844 γοῦν
3033 2775 3216 2825 τούτου
3263 2771 3430 2842 λόγοις
3457 2774 3715 2834 πεισθείς
3763 2775 3792 2824 ὁ
3843 2770 3929 2844 ῥε-

2326 2861 2497 2924 σιλεύς
2528 2864 2659 2935 μετὰ
2686 2864 2860 2924 πὰσης
2923 2869 3016 2923 τῆς
3055 2867 3303 2938 στρατιᾶς
3358 2859 3524 2935 ἀνῄει.
3562 2866 3677 2914 Καί
3731 2859 3798 2920 ἦν
3858 2865 3924 2932 με

2323 2954 2488 3011 πὰντη
2525 2951 2744 3010 ἀνάντην
2775 2952 2801 3004 ὀ
2841 2960 3016 3027 χῶρος
3046 2955 3141 3010 τὴν
3181 2947 3388 3020 ἄνοδον,
3443 2969 3537 3002 και
3565 2954 3808 3022 παγετός
3860 2957 3929 3005 Tt!

2324 3039 2448 3094 ὁδον
2477 3048 2653 3094 πᾶσαν
2705 3042 2987 3117 πολύτερὸς
3033 3060 3085 3094 τε
3131 3061 3223 3093 και
3267 3041 3397 3101 λεῖος
3443 3036 3694 3113 βαδίσαι
3755 3037 3931 3110 δυσχε-

2321 3135 2567 3207 ρεστέραν
2595 3130 2776 3199 ἐποίει,
2816 3138 3077 3205 συνηρεφῆ
3125 3149 3178 3183 τε
3215 3149 3305 3182 και
3354 3129 3515 3182 λὰσια
3571 3125 3791 3205 δὸδρα

2318 3224 2410 3280 τὴν
2469 3220 2774 3296 ἀκρώρειαν.
2832 3217 2912 3279 ἦν.
2963 3219 3021 3272 Ἠ
3066 3222 3156 3292 μεν
3211 3215 3300 3272 οὖν
3355 3222 3586 3293 στρατιὰ
3643 3223 3754 3277 τὴν
3801 3222 3930 3269 rixa

555 3328 706 3385 pum
734 3310 994 3367 devenit.
2317 3316 2489 3363 πᾶσαν

2324 3316 2489 3363 πᾶσαν
2574 3311 2768 3369 ἐκείνην
2823 3311 3086 3386 πυρκαϊὰς
3145 3308 3428 3380 ἆνὰψαντες
3490 3307 3863 3382 ἐθερμαίνοντο
3899 3326 3924 3375 ἐ

564 3409 664 3453 τῶν
689 3403 788 3475 γὰρ
816 3399 1058 3452 πλειόνων
1090 3400 1139 3450 οἱ
1169 3400 1424 3474 ὑπηρέται
1461 3399 1590 3470 μετὰ
1615 3406 1714 3450 τῶν
1749 3405 1950 3456 σκηνῶν
1981 3398 2150 3452 αὐτῶν
2175 3399 2268 3453 οὐκ
2329 3397 2674 3459 ἠδυνήθησαν
2746 3402 2867 3461 τούς
2907 3407 3045 3471 σφῶν
3091 3403 3304 3472 κυρίους
3361 3398 3543 3472 εὑρεῖν.
3596 3397 3848 3451 Ἕκλαιον
3887 3383 3933 3447 9“

567 3496 759 3563 μικροῦ
832 3484 939 3540 δεῖν
991 3487 1256 3559 κλαυθμὸν
1304 3489 1595 3555 ἄπαυστον,
1657 3486 1701 3540 εἰ
1757 3507 1847 3540 και
1913 3487 2106 3542 ἄλυπον
2139 3510 2152 3523 ·
2222 3491 2248 3542 6
2314 3491 2412 3563 γὰρ
2459 3490 2514 3542 ἐκ
2563 3498 2662 3541 τῶν
2700 3496 2966 3562 πυρκαῖῶν
3023 3491 3218 3550 καπνὸς
3261 3488 3362 3539 ὑπὸ
3404 3495 3501 3548 τῆς
3555 3495 3662 3538 τῶν
3717 3483 3924 3560 δένδρε’)

561 3582 880 3639 πυκνότητος
917 3579 1278 3648 συνεχόμενος,
1301 3596 1388 3627 και
1415 3572 1654 3640 διέξοδον
1686 3577 1756 3638 εἰς
1781 3577 2036 3651 ἑλέύθερον
2065 3577 2190 3654 ἀέρα
2217 3583 2288 3652 μὴ
2323 3581 2580 3652 εὑρίσκειν
2613 3575 2918 3650 δυνάμενος,
2939 3579 3066 3630 κάτο
3114 3579 3382 3630 ὑπενοστει
3429 3595 3520 3628 και
3583 3580 3711 3637 τοὺς

562 3670 694 3740 μούς
721 3666 790 3726 εἰς
816 3668 974 3738 ἄκρον
1005 3662 1188 3718 ἔδακνε
1216 3685 1306 3717 και
1325 3673 1424 3718 τῶν
1452 3665 1724 3738 ὀφθαλμῶν
1755 3667 2009 3728 εκπιίζειν
2039 3668 2398 3740 κατηνάγκαξε
2421 3664 2671 3742 δάκρυον.
2704 3675 2867 3720 Τοῦτο
2897 3687 2987 3719 και
3008 3668 3034 3718 6
3067 3665 3315 3740 βασιλεὺς
3365 3664 3640 3718 ἐπεπόνθει
3689 3664 3786 3727 'Q;
3831 3661 3921 3716 δεὶε

561 3757 656 3820 νὺξ
679 3761 868 3830 παρήει
890 3775 980 3807 και
1005 3757 1174 3828 ἡμέρα
1205 3755 1512 3829 ἐπέλαμψεν,
1541 3755 1938 3831 ἀνεπιχείρητον
1965 3757 2032 3818 εἰς
2062 3757 2362 3831 πολιορκίαν
2387 3753 2514 3810 εἶναι
2543 3760 2601 3810 τὸ
2627 3758 2762 3810 ἄστυ
2810 3761 3072 3829 γνωρίσας
3119 3759 3352 3808 κατιέναι
3366 3756 3764 3829 προσετετὸαει
3831 3754 3922 3812 ἐςτε

560 3843 740 3901 πεδίον
768 3850 862 3905 τὴν
887 3849 1156 3919 στρατιὰν.
1193 3852 1293 3899 Και
1318 3848 1366 3898 οἱ
1387 3848 1476 3919 μεν
1503 3844 1758 3914 ἀπήισαν,
1792 3848 1816 3897 ὁ
1839 3843 1874 3898 δ
1877 3849 1899 3899 ὲ
1920 3846 2082 3918 φύλαξ
2111 3849 2322 3900 ὄπισθεν
2343 3850 2474 3920 μετὰ
2494 3851 2714 3922 μετρίων
2745 3846 3076 3918 ἐναπελεὶφθη
3112 3851 3461 3920 στρατιωτῶν,
3505 3863 3604 3895 και
3629 3848 3835 3896 τούτων
3860 3860 3925 3892 τε·

559 3945 784 4011 ριαυτῶν
804 3955 858 3989 τε
886 3956 976 3988 και
1005 3939 1278 4010 νεωτέρων.
1325 3938 1648 3988 Κατόπισθεν
1681 3932 1740 3988 δὲ
1765 3955 1853 3988 και
1875 3935 2031 3998 αὐτος
2051 3941 2235 3994 κατήει
2272 3937 2448 4007 πεζὸς,
2492 3939 2556 3998 ὡς
2572 3956 2660 3988 και
2691 3935 2946 3989 οἱλοιποί·
2994 3930 3118 3987 οὐδε
3146 3936 3248 4006 γὰρ
3303 3929 3364 3992 ἦν
3410 3928 3642 3984 δυνατόν

563 4025 794 4103 βαδίσαι
831 4047 951 4102 περι
977 4030 1034 4080 τὸ
1065 4029 1308 4088 κάταντες
1328 4033 1419 4078 τοῦ
1467 4025 1682 4098 βουνοῦ.

633 4120 720 4175 60.
756 4117 1146 4189 1301bique
1166 4133 1272 4189 per
1291 4117 1444 4172 duos
1466 4116 1593 4172 dies
1607 4120 1921 4172 cunctatus
1938 4119 1995 4171 et
2014 4117 2220 4171 Batcu-
2404 4114 2442 4177 ξ’
2462 4116 2499 4167 ’1

2404 4114 2442 4177 ξ’
2462 4116 2664 4168 Ἐκεῖσε
2690 4121 2815 4186 γοῦν
2847 4114 2893 4149 ‘7
2942 4115 3139 4186 ἡμέρας
3184 4107 3439 4171 διανύσας
3479 4106 3607 4176 δὺο,
3660 4129 3760 4163 και
3815 4110 3924 4162 λείπω

563 4207 734 4263 nium
775 4206 1204 4278 depopulatus,
1237 4221 1444 4261 rursus
1477 4205 1928 4278 Adrianopolim
1960 4203 2219 4276 indeque
2331 4209 2426 4263 τὴν
2469 4225 2499 4256 κ

2331 4209 2426 4263 τὴν
2469 4210 2650 4277 κώμην
2727 4207 3028 4264 πεποιηκὼς
3069 4205 3130 4254 τὸ
3185 4203 3493 4254 Βατκούνιον
3550 4201 3687 4271 (25),
3745 4199 3800 4264 ἐς
3855 4203 3922 4254 nix

567 4295 1080 4367 Didymotaachum
1093 4294 1320 4367 repetit.
1343 4293 1451 4350 Ubi
1463 4295 1754 4350 exercitus
1768 4295 2046 4350 ductores
2059 4292 2219 4364 eligit
2261 4295 2303 4349 D
2336 4288 2499 4368 Ἀδριι

2336 4288 2618 4368 Ἀδριανοῦ
2680 4311 2770 4344 και
2849 4287 2995 4351 αὖθις
3083 4289 3394 4366 ὑπέστρεψε,
3466 4286 3712 4341 κάκεῖθεν
3781 4290 3845 4349 εἰς
3884 4290 3925 4337 τὲ-

646 4493 688 4564 ξτ
717 4494 759 4546 D
794 4507 806 4545 :
833 4489 970 4543 Ἐκεῖ
999 4488 1058 4544 δὲ
1085 4488 1181 4564 δύο
1215 4490 1412 4553 ἀνύσας
1449 4493 1666 4564 ἡμέρας,
1689 4511 1778 4542 και
1797 4490 1937 4543 λείαν
1967 4494 2060 4549 τὴν
2085 4489 2232 4542 πόλιν
2258 4493 2555 4552 πεποιηκὼς
2585 4491 2642 4540 τὸ
2671 4488 2996 4554 Βατκούνιον,
3021 4486 3070 4548 ἐς
3093 4482 3372 4560 Ἀδριανοῦ
3410 4485 3574 4564 inv,-
3603 4484 3854 4564 ,κάκεῖθι-δ
3891 4483 3925 4539 ἐς

575 4559 976 4634 Δὶδυμότειχον.
1005 4568 1105 4616 Καὶ
1136 4557 1528 4634 διαπεραιωθεὶς
1552 4557 1818 4620 ’τονἛλλη
1831 4583 2067 4616 σποντον.
2096 4567 2212 4634 περὶ
2249 4561 2662 4634 τὴν-Λάμψακον
2690 4568 2891 4634 σκηνοῖ,
2921 4565 3011 4611 καὶ
3036 4557 3290 4634 Γεωργιον
3312 4557 3779 4634 τὸν-Μουζίὰἴωγα
3816 4576 3923 4626 πρνο

575 4583 705 4616 mou
751 4583 976 4634 οτειχον.
1007 4583 1105 4616 nou.
1136 4583 1528 4634 οιαπεραιωυεις
1560 4583 1646 4614 τον
1679 4583 1818 4620 mm
1831 4583 2067 4616 σποντον.
2096 4583 2212 4634 περι
2249 4583 2343 4620 την
2370 4583 2662 4633 Λαμψακον
2692 4583 2891 4630 σκηνοι,
2921 4583 3011 4611 και
3038 4583 3057 4611 ι
3078 4583 3290 4633 εωργιον
3312 4583 3396 4610 τον
3439 4583 3628 4618 ωονεα
3646 4583 3779 4610 ’.ωνα
3816 4583 3919 4626 vrsa-

574 4583 988 4709 τοσεὲεσϐαστὸν
1014 4640 1102 4687 καὶ
1141 4634 1610 4709 πρωτοϐεστιὰριον
1627 4634 1739 4709 (26)
1766 4639 1855 4686 καὶ
1877 4639 2037 4706 μέγαν
2067 4630 2545 4706 στρατοπεδάρχην
2560 4633 2702 4709 (2ό’)
2723 4639 2878 4695 ποιεῖ,
2909 4627 3084 4709 τὸν.δέ
3121 4631 3280 4709 αῦτοῦ
3313 4625 3531 4709 ἁδελφον
3582 4627 3919 4702 ’Δνδρόνικπτ

574 4711 736 4780 μέγαν
765 4703 1075 4780 δομέστικον
1114 4699 1200 4758 τὸν
1255 4703 1312 4758 δὲ
1349 4699 1597 4778 Ἀγγέλον
1627 4699 2340 4780 Ἶωὰννην’πρωτοστρατόροῂ
2372 4699 2884 4778 πρωτοϐεστιαρίτην
2911 4703 3023 4772 (27)
3051 4699 3110 4755 δὲ
3139 4705 3226 4756 τὸν
3272 4699 3606 4774 Καρυανίτην
3635 4699 3917 4758 πεποίηκεν.

577 4775 748 4835 Ὰῦτοῦ
772 4775 841 4833 δε
883 4781 977 4841 τὰς
1007 4778 1185 4852 ἑορτὰς
1211 4786 1311 4831 τῶν
1342 4775 1765 4853 Χριστουγέννων
1796 4782 1885 4830 καὶ
1909 4775 2089 4850 γώτων
2123 4775 2444 4839 διαϐιϐάσας
2474 4777 2638 4834 εἰσηει
2659 4779 2716 4828 τὸ
2735 4775 3048 4847 “Νύμφαιον.

1461 4970 2104 5085 Thepdori‘Dousaa
2151 4980 2216 5039 et
2262 4969 2514 5040 Leonis
2561 4969 2797 5039 Allatii
2843 4977 3046 5036 notae.

1489 5090 1848 5164 κῌτηί

1298 5167 1532 5226 Nicetas
1599 5161 1938 5221 ⁷Βακτοῦνιον
2026 5166 2228 5223 scribit
2335 5166 2614 5223 mesticus
2639 5169 2695 5222 et
2720 5169 3300 5236 prolostrator,qure
3323 5161 3498 5218 ofﬁcii
3523 5164 3918 5236 nominatum

2337 5238 2812 5310 subsequuntur,
2844 5235 3056 5292 nullibi
3105 5235 3319 5290 melius
3365 5250 3554 5306 quam
3593 5235 3688 5291 ibi
3734 5237 3919 5293 disces.

2335 5312 2540 5366 DOUSA.

637 5171 750 5242 (25)
841 5169 1070 5222 Βατκούν
1079 5187 1172 5224 ιον.

565 5241 790 5298 DOusa.

637 5317 756 5385 (267),
823 5310 1258 5385 Πρωτοσέϐαστον
1346 5316 1434 5385 καὶ
1483 5381 1498 5385 _
1554 5310 2048 5385 πρωτοϐεστιαριον.
2103 5312 2226 5385 ¹Βθ

564 5380 656 5464 bis
702 5380 1092 5464 dignitatibus
1173 5380 1604 5464 consulendum
1670 5399 1799 5438 esse
1858 5380 2226 5438 Glossarium

564 5453 798 5512 Meursii
831 5471 1014 5524 supra
1053 5453 1424 5524 monuimus.
1455 5458 1668 5510 Dousa.

830 5523 1004 5595 Μέγαν
1062 5523 1558 5599 στρατοπεδάρχην.
1631 5523 2225 5599 Quantardignitatis

570 5595 745 5675 fuerit
773 5610 1026 5675 magnus
1043 5595 1559 5675 stli‘atopedai'clia,
1575 5598 1832 5675 ostendit
1857 5596 2016 5651 idem
2047 5598 2225 5675 Meur-

579 5665 701 5722 sius
729 5665 792 5720 in
827 5667 1209 5723 exactissimo
1234 5665 1441 5740 opere.
1478 5672 1616 5724 item
1651 5669 1787 5741 quis
1815 5681 2071 5740 magnus
2127 5667 2226 5723 do-

2405 5381 2523 5453 (27)
2563 5378 3104 5455 Upw103wrmpirnv.
3157 5375 3517 5455 Ditferebant
3559 5377 3851 5455 dignitate
3880 5383 3919 5430 et

2335 5448 2581 5526 munere
2612 5448 2653 5504 ’ὁ
2680 5448 3157 5526 πρωτοθεστιὰριος
3185 5454 3243 5504 et
3288 5450 3313 5501 6
3349 5448 3915 5526 _1rpm_a*ro€scrrapi_rr;.

2335 5524 2592 5588 Clarum,
2627 5519 2782 5589 ecce,
2832 5538 2905 5576 ex
2935 5519 3052 5576 hoc
3101 5520 3258 5592 loco,
3306 5523 3364 5574 et
3402 5519 3791 5592 adnotatum"
3818 5523 3914 5592 jam

2337 5602 2472 5650 ante
2494 5611 2566 5650 ex
2603 5594 2827 5650 Codino
2859 5596 2920 5647 V.
2958 5596 3018 5650 C.
3053 5591 3265 5648 Joanni
3295 5591 3570 5648 Meursio.
3606 5593 3758 5651 Vide
3787 5593 3913 5650 Glos-

2335 5666 2564 5723 sarium
2595 5665 2655 5721 in
2689 5664 3012 5739 βεστιάριον.
3046 5663 3253 5720 DOUSA.
