3966 6324
520 303 655 358 1143

1818 293 2098 352 GEORGII
2133 293 2588 353 ACROPOLITE

3805 295 3949 351 11η

518 425 937 494 censebantur,
971 423 1076 481 sed
1101 439 1204 480 eos
1227 423 1514 496 praeterea
1541 420 1648 495 qui
1675 435 1988 492 nunquam
2019 419 2170 476 inter
2210 421 2258 474 A
2288 420 2383 492 γὰρ

2299 420 2387 492 γὰρ
2438 423 2590 492 μόνον
2665 423 2784 482 τοὺς
2822 423 3158 494 τεταγμένους
3236 416 3457 474 ὀπαδεῖν
3524 422 3917 494 προσέταττεν.

516 515 806 572 militares
829 515 1036 586 copias
1068 514 1305 568 fuerunt
1326 511 1732 584 asserti,sequi
1753 510 1940 566 voluit
1968 527 1980 565 :
2003 525 2175 566 nam-

518 621 637 678 que
654 604 990 671 confestim,
1014 603 1116 675 qui
1138 603 1197 658 in
1216 600 1638 658 venationibus
1675 601 1844 670 132
1871 599 2178 672 capiendis

520 693 682 760 feris,
708 692 897 748 cervis
923 697 980 747 et
1008 691 1227 764 porcis,
1264 707 1369 746 nec
1398 705 1523 746 non
1547 690 1898 761 accipitrum
1920 688 2180 760 aucupio

519 781 983 853 imperatoribus
1010 779 1734 845 inserviebant,universis
1771 778 2007 852 penitus
2031 777 2183 832 inter

520 870 741 926 milites
784 870 1135 942 conscriptis
1178 871 1389 940 ingens
1421 868 1676 925 militum
1706 869 1794 923 vis
1824 871 2184 937 exaggerata

523 964 638 1018 est.
698 960 1078 1033 Imperatoris
1116 975 1359 1031 quoque
1413 957 1612 1014 studia
1657 958 1914 1024 animos,
1947 955 2184 1029 utquid

524 1050 700 1107 solito
732 1048 1095 1104 cumulatius
1145 1047 1443 1104 deferrent
1489 1048 1890 1103 concitabant.
1939 1048 2057 1102 Hac
2093 1061 2183 1101 ra-

520 1140 680 1196 tione
713 1139 1028 1194 universas
1053 1138 1257 1210 copias
1281 1136 1576 1192 conﬂavit.
1608 1139 1673 1192 Et
1702 1152 1840 1192 cum
1865 1137 2180 1191 Persarum

517 1228 852 1302 principem
884 1228 1309 1284 Tachariorum
1353 1225 1631 1282 molestia
1669 1225 1923 1281 liberum
1971 1223 2180 1295 legatis

515 1319 718 1376 missis
741 1320 1148 1387 cognovisset,
1173 1321 1334 1372 recta
1363 1331 1433 1371 ex
1462 1315 1692 1371 Oriente
1713 1316 1773 1370 in
1801 1313 2179 1370 Occidentem

515 1407 808 1480 graditur.
859 1410 1134 1477 Namque
1178 1422 1312 1460 cum
1343 1404 1674 1460 Persarchae
1697 1419 1790 1458 res
1813 1419 1944 1458 esse
1971 1403 2030 1457 in
2055 1408 2178 1458 tuto

517 1497 840 1553 collocatas
875 1499 931 1550 et
960 1495 1088 1550 sine
1120 1494 1462 1549 discrimine
1488 1492 2005 1564 apprehendisset,
2036 1480 2180 1546 nihil

513 1586 590 1643 de
621 1601 730 1641 suo
760 1584 926 1656 apud
951 1583 1245 1639 Orientem
1276 1582 1525 1654 imperio
1555 1581 1767 1636 hostile
1793 1581 2178 1651 timebat.lgi-

515 1681 613 1732 tur
633 1675 862 1744 majore
896 1689 1076 1744 quam
1115 1688 1385 1744 unquam
1420 1671 1509 1727 vel
1537 1675 1704 1744 pater
1734 1670 1889 1726 illius
1921 1673 2180 1726 Joannes

2290 507 2418 561 ἀλλὰ
2451 513 2680 572 καὶτοὺς
2710 507 2840 582 μηδ’
2881 509 3004 572 ὅλως
3053 510 3100 563 έν
3129 511 3271 574 τάξει
3295 514 3422 563 ποτε
3477 510 3792 569 τελοῦντας
3846 519 3920 571 τῆς

2293 604 2559 672 στρατιᾶς.
2635 598 2838 650 Αὐτίκα
2916 603 3055 674 γὰρ·
3093 603 3214 661 τοὺς
3274 599 3766 672 ἔξυπηρετοῦντας
3838 607 3923 657 τοὶς

2291 685 2602 760 βασιλεῦσιν
2669 687 2717 739 ἐν
2759 690 2939 762 θήραις
3003 694 3136 757 [ταῖς
3169 697 3268 742 τῶν
3308 691 3483 763 θηρῶν
3522 687 3782 763 ἄγραις]
3821 686 3922 739 ἐξιά-

2293 798 2395 849 φων
2433 796 2488 829 τε
2516 781 2606 829 καὶ
2644 776 2728 848 [Ρ.
2781 777 2874 852 68]
2931 783 3152 851 χοίρων,
3217 782 3303 830 καὶ
3357 783 3480 838 τοὺς

2294 868 2619 940 θηρεύοντας,
2690 869 2884 930 πάντας
2946 867 3261 930 ἁπαξαπλῶς
3313 875 3755 940 στρατιωτικοᾱ
3825 886 3927 918 συν-

3561 774 3652 830 at.
3719 780 3798 851 ὶερ
3807 782 3920 828 εὰν

2291 961 2484 1028 τέταχε
2517 959 2774 1029 τάγμασι,
2820 961 2920 1010 Καὶ
2959 954 3019 1016 ἦν
3054 961 3112 1009 τό
3141 961 3460 1030 συνηγμένον
3510 957 3747 1016 πλῆθος
3787 957 3920 1019 πολὺ,

2291 1050 2381 1098 καὶ
2413 1047 2442 1103 ἠ
2478 1053 2570 1097 τοῦ
2604 1054 2911 1120 κρατοῦντος
2943 1043 3002 1100 δὲ
3038 1045 3181 1119 ἀρχὴ
3216 1047 3487 1118 ἠνάγκαζε
3535 1050 3682 1108 τούς
3723 1045 3924 1104 πλείοις

2290 1144 2391 1188 τῶν
2449 1135 2698 1188 εἰωθότων
2759 1140 2924 1210 φέρειν
2997 1156 3049 1188 τι
3104 1141 3493 1211 περιττότερον.
3567 1137 3751 1188 Οὕτω
3809 1143 3914 1205 75-;-

2289 1230 2464 1276 πᾶσαν
2523 1230 2919 1296 συναγηοχὴκει
2973 1229 3067 1283 τὴν
3110 1223 3511 1297 στρατιάν.”Ως
3574 1220 3642 1277 δὲ
3702 1229 3808 1275 καὶ
3851 1227 3917 1273 τὴ

2291 1315 2610 1388 Περσάρχην
2635 1317 2743 1383 (29)
2783 1319 2855 1386 μὴ
2896 1316 3183 1389 πράγματα
3208 1317 3347 1386 ἔχειν
3378 1334 3532 1386 παρα
3571 1323 3690 1366 τῶν
3733 1320 3917 1383 Τειχι-

2287 1407 2411 1476 ρίων
2503 1400 2780 1474 πρεσϐείαν
2835 1400 3197 1465 ἐξαποστείλας
3271 1400 3628 1474 ἐμεμαθήκει,
3695 1405 3915 1454 κατε-,ἑὲ

2286 1494 2413 1563 πρός
2468 1493 2562 1548 τὴν
2624 1487 2836 1563 δυσμὴν
2897 1490 2952 1542 ἐκ
3003 1500 3092 1552 τῆς
3147 1491 3211 1544 ἔω
3264 1489 3455 1564 ἐχώρει

2288 1583 2428 1652 ἔχειν
2481 1582 2568 1630 τὸν
2637 1583 2955 1654 Περσάρχην
3012 1589 3110 1632 τῶν
3165 1579 3355 1633 ἐκείνου
3412 1584 3777 1654 πραγμάτων
3838 1582 3918 1631 αε-

3509 1513 3523 1524 ·
3573 1491 3772 1552 καλῶς
3831 1509 3913 1561 ηαξ

2288 1690 2432 1743 μενος
2461 1673 2551 1721 καὶ
2591 1668 2831 1742 ἀσφαλῶς
2860 1674 3045 1742 μένειν,
3105 1667 3221 1722 οὐδ’
3273 1669 3398 1733 ὅλως
3442 1676 3573 1743 περὶ
3629 1678 3705 1742 τῇ
3771 1669 3916 1722 αὖτεῦ

517 1765 612 1821 vel
642 1765 768 1835 ipse
800 1767 976 1817 antea
1000 1767 1432 1834 comparasset,
1466 1762 1727 1817 exercitu
1756 1761 2067 1826 instructo,
2101 1761 2179 1817 ad
2211 1753 2250 1807 Β
2289 1779 2383 1812 κατ

2299 1762 2425 1812 κατὰ
2456 1764 2548 1818 τὴν
2587 1760 2652 1812 ἕω
2697 1756 2890 1812 ἐδεδίει
2939 1758 3112 1832 ἀρχῇ.
3173 1764 3279 1818 Τὴν
3321 1765 3502 1812 πᾶσαν
3563 1779 3710 1832 γοῦν
3765 1777 3920 1812 σιντ-

519 1851 1033 1911 transfretandum
1061 1850 1511 1922 Hellespontum
1528 1853 1926 1922 Lampsacum
1945 1850 2179 1922 proﬁci-

521 1941 896 2007 scitur,etiam
911 1956 1063 2012 quos
1072 1939 1172 1996 Did
1176 1940 1492 2012 ymotoechi
1506 1940 1823 2010 reliquerat
1836 1939 2175 2007 incolumes,

521 2032 606 2088 uti
632 2030 749 2086 illis
780 2030 1193 2097 mandaverat,
1226 2029 1551 2096 offendere,
1582 2029 1815 2100 illisque
1844 2028 2178 2084 maximum

522 2120 837 2178 exercitum
862 2120 1156 2188 majorem
1181 2118 1373 2174 facere
1407 2133 1676 2190 sperans.
1709 2121 1780 2173 At
1795 2117 1926 2173 illos
1955 2117 2179 2174 ducum

521 2225 805 2284 perversa
826 2209 1100 2276 consilia,
1129 2207 1460 2280 prudentiae
1480 2213 1535 2262 et
1556 2207 1856 2262 ﬁdelitatis
1879 2223 2073 2263 vacua
2093 2212 2180 2262 at-

524 2300 828 2365 triverant,
841 2297 1341 2369 quandoquidem
1363 2296 1751 2365 Bulgarorum
1765 2295 2042 2368 princeps
2054 2295 2182 2352 lon-

520 2390 653 2459 gius
675 2389 718 2457 1
732 2388 845 2458 33
865 2387 1076 2442 abesse
1096 2386 1512 2457 imperatorem
1525 2400 1924 2454 cognoscens,
1937 2386 2183 2442 auxilia-

519 2477 672 2533 riam
695 2476 1053 2546 Scytharum
1078 2474 1190 2530 sibi
1205 2490 1456 2530 manum
1479 2473 1767 2529 adscitam
1795 2474 1872 2529 ad
1894 2473 2056 2530 bona
2075 2491 2180 2547 op-

521 2563 857 2638 pugnanda
875 2564 1262 2634 timoremque
1277 2563 1561 2618 Romanis
1574 2562 2046 2618 incutiendumin
2063 2565 2184 2620 Ma-

532 2651 799 2709 cedoniae
825 2651 960 2707 loca
982 2652 1289 2707 amandat.
1320 2654 1533 2706 Eorum
1565 2667 1850 2706 numerus
1880 2667 1998 2707 non
2030 2653 2185 2710 ultra

528 2747 792 2814 quatuor
811 2739 1022 2809 millia,
1049 2744 1114 2796 ut
1138 2756 1338 2795 rerum
1366 2741 1534 2810 gnari
1567 2741 1800 2812 Scythae
1829 2740 2182 2808 referebant,

525 2831 634 2888 fuit
668 2850 682 2897 ;
714 2829 988 2886 nonnulli
1039 2829 1256 2902 plures,
1292 2831 1388 2887 alii
1419 2831 1736 2902 pauciores
1777 2831 2180 2889 afﬁrmabant-

530 2919 764 2991 Scythse
779 2918 1042 2975 Adriano
1051 2919 1233 2990 polim
1249 2925 1788 2992 praetercurrentes,
1803 2937 1939 2993 quae
1960 2921 2187 2977 circum

529 3009 756 3065 ﬂumen
780 3007 875 3063 cui
899 3024 1122 3064 nomen
1147 3009 1340 3080 Hegias
1363 3014 1472 3076 est,
1497 3014 1554 3065 et
1577 3009 1802 3066 circum
1827 3010 2190 3081 Didymotoa-

2292 1851 2511 1922 θροικὼς
2583 1851 2830 1923 στρατιὰν
2887 1849 3103 1920 μείζονα
3161 1856 3261 1901 τῶν
3313 1867 3440 1901 ποτε
3501 1851 3661 1923 παρά
3728 1867 3791 1901 τε
3844 1866 3917 1898 τε.-

2288 1942 2488 2013 πατρός
2540 1937 2699 1990 αὐτοῦ
2777 1937 3038 2010 βασιλέως
3094 1943 3184 1990 καὶ
3239 1940 3426 1990 τούτου
3503 1937 3917 2009 συνειλεγμιλιω

2290 2027 2362 2090 εἰς
2444 2031 2502 2080 τὸ
2578 2024 3029 2102 διαπεραιωθῆναι
3102 2031 3189 2080 τὸν
3253 2026 3648 2084 Ἑλλήσποντον
3710 2026 3917 2099 ἀφίκετο

2291 2116 2362 2179 εἰς
2386 2121 2477 2176 τὴν
2516 2115 2831 2188 Λάμψακον,
2869 2114 3080 2177 ἐλπίσας
3126 2121 3217 2169 καὶ
3266 2119 3386 2176 τοὺς
3435 2119 3583 2168 κατὰ
3640 2119 3711 2168 τό
3778 2112 3918 2168 Ax};-

2290 2212 2544 2279 μότοιχον
2572 2204 3062 2278 καταλελειμμένους
3123 2211 3289 2267 σώους
3333 2224 3385 2258 τε
3436 2206 3612 2278 εὑρεῖν
3674 2208 3829 2257 κατὰ
3873 2201 3920 2252 τέ

2289 2299 2716 2371 προστεταγμένα
2786 2298 2983 2355 τούτοις
3063 2299 3152 2347 καὶ
3221 2294 3280 2346 ού
3331 2297 3528 2368 μικρὰν
3595 2297 3918 2367 προσθὲνω

2289 2392 2351 2457 τῇ
2393 2385 2516 2457 ἀμφ’
2573 2385 2730 2437 αὐτὸν
2777 2389 2996 2458 στρατιᾷ
3047 2383 3460 2456 ἐμποιήσασθαι.
3517 2388 3668 2445 Τοὺς
3721 2381 3791 2435 δὲ
3845 2401 3920 2432 κα-

2291 2473 2539 2526 κοϐουλία
2585 2479 2675 2526 καὶ
2729 2475 2787 2525 τό
2855 2481 3188 2546 παρακοῦσαι
3230 2481 3320 2534 τῆς
3382 2471 3692 2545 βασιλικῆς
3761 2473 3918 2524 κείσκεέ-

2295 2583 2423 2626 σεως
2463 2563 2697 2636 ἔσφηλεν.
2757 2563 2894 2616 Ἐπεὶ
2949 2565 3051 2635 γὰρ
3114 2564 3139 2614 ό
3193 2571 3291 2614 τῶν
3352 2562 3679 2638 Βουλγάρων
3735 2564 3915 2637 ἅρχων

2295 2659 2610 2729 μακρότερον
2661 2649 2862 2724 διάγειν
2911 2655 2998 2704 τόν
3040 2651 3266 2726 βασιλέα
3326 2651 3604 2722 ἐγίνωσκε,
3659 2655 3912 2704 Σκυθικῇ

2299 2745 2598 2817 στράτευμα
2646 2742 2719 2803 εἰς
2772 2760 3017 2816 σφετέραν
3085 2745 3397 2814 συμμαχίαν
3467 2741 3913 2813 προσκαλεσάμε-

2296 2853 2381 2894 νος
2432 2835 2568 2884 κατά
2639 2839 2738 2883 τῶν
2791 2838 2885 2889 τῆν
2964 2827 3294 2893 Μακεδονίας
3356 2835 3550 2904 χώρων
3611 2829 3914 2901 ἐκπέπομγε

2297 2918 2519 2996 κέρδους
2544 2940 2597 2974 τε
2633 2923 2795 2994 χάριν
2843 2925 2934 2972 καὶ
2980 2927 3072 2981 τῆς
3128 2923 3258 2993 πρὸς
3303 2918 3595 2991 Ῥωμαίους
3650 2925 3804 2979 τινος
3849 2919 3916 2970 ἐι-

2299 3009 2585 3084 φοϐἠσεως.
2653 3010 2970 3082 Ἠρίθμηντο
3025 3005 3084 3062 δὲ
3135 3013 3253 3082 περί
3326 3028 3426 3061 που
3480 3011 3574 3069 τὰς
3645 3014 3915 3082 τέσσαρας

531 3098 714 3154 chum
745 3096 974 3170 oppida
1005 3098 1210 3154 omnia
1238 3099 1460 3171 praedis
1490 3115 1559 3154 ac
1584 3099 1810 3172 rapinis
1839 3099 2177 3155 vestabant.
2217 3106 2259 3160 C
2297 3100 2383 3173 χι)

2299 3095 2573 3173 χιλιάδας,
2617 3101 2685 3160 ὡς
2732 3101 2781 3150 οἱ
2833 3095 3023 3158 εἰδότες
3069 3100 3290 3170 ἔφασκον
3349 3099 3566 3152 Σκύθαι.
3625 3102 3786 3159 Tufa;

531 3187 823 3244 Exercitui
846 3187 1010 3258 apud
1042 3188 1564 3260 Didymotmchum
1593 3187 1875 3260 praefecti,
1907 3189 2188 3259 neglectis

529 3276 932 3348 imperatoriis
962 3276 1268 3332 mandatis
1311 3293 1480 3333 arma
1511 3283 1813 3332 sumentes
1843 3277 1902 3332 in
1937 3278 2188 3350 Scythas

529 3366 784 3422 irruunt.
806 3366 1058 3421 Romani
1079 3382 1188 3437 pro
1208 3382 1376 3422 more
1402 3382 1512 3422 suo
1533 3367 1702 3436 gravi
1723 3372 2023 3423 armatura
2043 3383 2192 3438 prae-

533 3454 711 3509 cincti
747 3459 938 3521 erant,
989 3455 1220 3527 Scythae
1249 3455 1364 3510 levi
1394 3461 1451 3511 et
1503 3457 1806 3525 sagittarii.
1871 3457 2064 3522 Quare
2116 3457 2191 3512 de

533 3541 869 3613 longinquo
913 3542 1008 3597 isti
1056 3542 1270 3613 jaculis
1325 3547 1627 3599 Romanos
1658 3544 1972 3614 incessere,
2003 3561 2192 3616 equos

536 3629 825 3701 sauciare,
859 3635 916 3686 et
943 3630 1110 3702 gravi
1140 3648 1286 3687 casu
1309 3647 1378 3688 ex
1400 3632 1700 3704 equitibus
1725 3634 1954 3706 pedites
1975 3634 2192 3705 facere,

535 3718 780 3776 tandem
813 3719 1040 3790 fugare.
1073 3721 1276 3793 Itaque
1299 3721 1530 3778 Manuel
1562 3723 1828 3778 Lascaris
1851 3739 2007 3796 equo
2039 3724 2194 3780 velo-

537 3807 810 3868 cissimo.
868 3825 1041 3882 quem
1089 3810 1536 3882 Chrysopedem
1585 3811 1842 3878 dicebat,
1891 3812 2036 3882 fuga
2066 3829 2194 3869 sese

536 3897 1264 3972 Adrianopolimintrusit.
1301 3901 1722 3956 Constantinus
1760 3903 2098 3971 Margarites
2141 3907 2195 3958 et

538 4003 675 4043 cum
720 4004 791 4044 eo
831 3989 1036 4060 plures
1073 3988 1173 4044 alii
1203 3989 1537 4045 cohortium
1576 3990 1772 4062 capita
1824 3990 2087 4060 Bulgaris
2126 4006 2195 4046 ac

541 4077 774 4149 Scythis
792 4079 1141 4134 venundata
1164 4082 1340 4150 capta
1362 4085 1517 4134 sunt.
1537 4078 1616 4134 De
1641 4079 1736 4134 his
1769 4080 1978 4136 certior
2007 4080 2197 4136 factus

538 4165 866 4238 imperator
887 4167 1162 4236 indoluit,
1203 4169 1609 4240 maturiusque
1640 4168 1702 4223 in
1755 4168 2201 4242 Bulgarophygi

538 4255 742 4312 locum
774 4256 1092 4327 festinavit,
1127 4261 1183 4311 et
1211 4273 1488 4328 gressum
1523 4256 1842 4313 intendens
1868 4257 2198 4314 festinatio-

539 4360 681 4403 nem
735 4345 1100 4401 acceleravit.
1153 4345 1266 4400 Sed
1313 4345 1787 4417 speculatoribus
1843 4348 2198 4418 Scytharum

2299 3185 2386 3242 οὖν
2425 3193 2514 3240 καὶ
2544 3187 2770 3254 πλείους,
2813 3189 2861 3240 οἱ
2902 3183 2960 3239 δὲ
3008 3207 3098 3238 και
3147 3186 3385 3247 ἐλάττους
3455 3185 3654 3257 ἔλεγον.
3707 3189 3780 3240 Οἱ

2298 3275 2385 3332 οὖν
2451 3279 2642 3331 Σκύθαι
2699 3282 2790 3336 τὴν
2848 3273 3131 3351 Ἀδριανοῦ
3185 3277 3609 3351 παραμείψαντες
3675 3281 3752 3329 τὰ
3807 3284 3909 3348 περὶ

2297 3371 2384 3420 τὸν
2445 3370 2677 3439 ποταμὸν
2733 3366 2793 3419 οὗ
2851 3365 3060 3438 Ῥηγίνα
3127 3368 3356 3437 τοῦνομα
3416 3363 3557 3417 λείαν
3615 3363 3906 3424 ἐποιοῦντο,

2299 3459 2484 3510 καὶτὰ
2512 3455 2663 3528 πέριξ
2699 3463 2790 3508 τοῦ
2845 3451 3234 3527 Διδυμοτοίχου
3281 3459 3461 3529 χωρία
3489 3453 3806 3508 ἐσκύλευον·
3853 3456 3907 3505 Oi

2303 3543 2362 3600 δὲ
2387 3545 2778 3618 προλελεγμένοι
2832 3547 3164 3618 στρατάρχαι
3223 3551 3315 3597 τοῦ
3364 3543 3436 3606 εἰς
3477 3547 3534 3595 τὸ
3594 3540 3904 3617 Διδυμότοι-

2301 3655 2401 3709 χον
2450 3633 2910 3708 καταλελειμμένου
2971 3636 3376 3706 στρατεύματος,
3448 3641 3546 3684 τῶν
3616 3632 3901 3705 βασιλικῶν

2305 3722 2692 3796 ἐπιλελησμένοι
2768 3722 3120 3798 προστὰξεων,
3227 3721 3669 3784 καθοπλισθέντες
3785 3725 3905 3774 κατὰ

2301 3822 2402 3867 τῶν
2442 3814 2650 3866 Σκυθῶν
2699 3811 3030 3886 ἐφώρμησαν.
3099 3813 3165 3863 Οἱ
3217 3814 3306 3883 μὲν
3353 3806 3440 3863 οὖν
3495 3809 3783 3883 Ῥωμαῖοι,
3835 3812 3904 3862 οἷα

2303 3900 2420 3963 ἔθος
2459 3902 2656 3970 αὐτοῖς,
2712 3897 3044 3974 δυσαχθέσιν
3092 3899 3268 3962 ὅπλοις
3321 3901 3693 3972 κατὰφρακτοι
3762 3898 3903 3960 ἦσαν.

2305 3993 2353 4045 οἱ
2381 3988 2440 4044 δὲ
2466 3993 2660 4044 Σκύθαι
2707 3998 2891 4063 κοῦφοι
2928 3989 3138 4042 ὁπλῖται
3167 3991 3282 4059 (30)
3325 3994 3415 4041 καὶ
3466 3989 3645 4051 τόξοις
3705 3995 3903 4064 χρώμε-

2304 4100 2401 4133 νοι.
2445 4081 2715 4154 Μακρόθεν
2746 4075 2833 4131 οὖν
2897 4078 3042 4131 οὗτοι
3087 4086 3190 4139 τοῖς
3243 4076 3420 4152 βέλεσι
3457 4081 3582 4140 τοὺς
3626 4077 3907 4151 Ῥωμαίους

2307 4169 2513 4223 ἔϐαλλον
2550 4174 2640 4221 καὶ
2687 4172 2805 4229 τοὺς
2845 4168 3030 4228 ἵππους
3077 4167 3388 4242 ἐτίτρωσκον
3427 4172 3519 4219 καὶ
3568 4168 3771 4229 πεζούς
3804 4171 3908 4224 τοὺς

2311 4262 2532 4319 ἱππότας
2587 4253 2789 4332 ῥᾳδίως
2872 4257 3096 4328 ἐποίουν,
3157 4263 3246 4309 καὶ
3297 4256 3432 4316 τέλος
3502 4260 3814 4328 τρέπουσιν.
3860 4255 3907 4306 Ὀ

2310 4351 2399 4421 μὲν
2430 4342 2516 4399 οὖν
2556 4345 2804 4404 Μανουὴλ
2846 4347 2872 4397 ό
2931 4348 3208 4421 Λὰσκαρις
3272 4349 3572 4416 ταχύτατον
3644 4349 3789 4417 ἔχων
3833 4348 3905 4396 τόν

542 4433 866 4490 exercitum
907 4449 1099 4505 prope
1121 4449 1253 4489 esse
1285 4434 1804 4500 denuntiantibus,
1827 4435 1929 4490 ubi
1953 4452 2056 4491 eos
2086 4453 2197 4509 pa-
2228 4462 2271 4515 Β
2313 4437 2383 4490 ἱππ

2313 4437 2486 4506 ἵππον,
2530 4435 2584 4488 ὃν
2636 4440 2725 4487 καὶ
2768 4431 3120 4510 Χρυσοπόδην
3177 4433 3404 4502 ἐκὰλεσε,
3461 4436 3631 4506 φυγὰς
3699 4435 3776 4497 εἰς
3829 4438 3904 4491 τήν

541 4522 732 4578 lantes
756 4521 998 4588 audivit,
1031 4537 1102 4576 eo
1137 4521 1481 4578 universum
1527 4523 1850 4579 exercitum
1880 4531 2100 4593 movet,
2142 4533 2200 4582 et

545 4626 668 4667 uno
691 4609 786 4664 die
811 4609 1284 4681 quadringentas
1309 4611 1482 4684 134.
1505 4617 1560 4668 et
1579 4612 1838 4684 amplius
1857 4615 2202 4670 mansiones

545 4715 907 4774 permensus
934 4705 1039 4756 est.
1064 4701 1338 4758 Attamen
1367 4702 1427 4757 in
1451 4717 1552 4757 eos
1582 4717 1703 4756 non
1727 4703 1932 4759 incidit
1961 4722 1972 4772 ;
2015 4704 2202 4760 celere

2312 4523 2596 4600 Ἀδριανοῦ
2632 4529 2804 4596 ᾤχετο
2857 4545 2869 4557 ·
2930 4526 2956 4576 ό
3015 4520 3074 4585 δὲ
3120 4528 3462 4598 Μαργαρίτης
3527 4527 3906 4580 Κωνσταντῑνῦς

2310 4615 2459 4685 ι-Ξιὶιλω⁹
2507 4620 2596 4667 καὶ
2631 4613 2776 4667 ἄλλοι
2829 4613 3008 4666 πολλοὶ
3054 4613 3163 4686 μετ’
3213 4613 3372 4664 αὐτοῦ
3419 4622 3517 4665 τῶν
3567 4613 3646 4674 εἰς
3701 4613 3904 4684 κεφαλὰς

2310 4707 2626 4776 τεταγμένων
2707 4711 2800 4765 τῆς
2893 4709 3163 4777 στρατιᾶς,
3241 4700 3325 4762 οὓς
3415 4707 3507 4754 καὶ
3563 4700 3902 4775 ἁπημόλησεο

1414 4800 1752 4868 Theodori
1803 4802 2054 4870 Dousa
2102 4811 2168 4870 et
2215 4802 2467 4871 Leonis
2516 4801 2752 4869 Allatii
2802 4811 3002 4868 notae.

614 4916 729 4994 (29)
748 4918 846 4971 Τόν
866 4918 1206 4994 Περσάρχην.
1227 4918 1537 4987 Gregoras,
1560 4933 1621 4988 p.
1649 4920 1734 4983 56,
1757 4916 1837 4972 ait
1863 4917 2057 4994 foedus
2074 4934 2204 4974 cum

542 4991 765 5072 Turcis,
799 4991 962 5072 quod
977 4991 1161 5072 .pater
1181 4994 1576 5072 percusserat,
1609 5003 1952 5072 renovasse.
1981 4993 2126 5072 “ALL.

615 5057 758 5134 (30)?
813 5057 912 5114 Καὶ
971 5057 1106 5120 ἦσαν
1175 5057 1350 5121 ὅπλοις
1417 5062 1795 5134 κατάφρακτοι,
1837 5063 1913 5134 -οἱ
1950 5057 2026 5134 δὲ
2080 5064 2203 5134 Σκύ-

547 5130 636 5186 θαι
665 5130 848 5205 κοῦφοι
889 5134 1120 5187 ὁπλῖται.
1155 5134 1464 5205 Romanos
1501 5130 1714 5186 milites
1753 5130 1987 5186 induxit
2022 5133 2199 5205 etiam

546 5219 730 5276 supra
756 5202 922 5273 gravi
954 5207 1260 5276 armatura
1302 5202 1564 5276 munitos
1604 5206 1660 5258 et
1690 5208 2004 5276 propterea
2029 5203 2200 5276 inha-

543 5273 714 5342 biles,
766 5281 974 5332 contra
1040 5273 1590 5346 Scythas_levibus
1648 5274 1852 5346 armis,
1893 5274 2200 5346 expeditos

547 5347 1026 5418 succinctosque,
1060 5344 1161 5401 ubi
1196 5344 1551 5400 Balduinum
1587 5361 1622 5399 a
1649 5344 1933 5418 Scythico
1964 5344 2198 5418 equita-

546 5421 611 5489 tu
641 5415 1116 5473 circumventum
1148 5423 1513 5489 captumque
1547 5415 1770 5489 scribit.
1808 5415 2194 5489 Herodianus,

545 5486 649 5542 lib.
673 5504 768 5556 vu,
800 5489 861 5544 in
889 5486 1264 5559 expeditione
1286 5487 1554 5560 quadam
1587 5487 1886 5560 Maximini
1909 5488 2200 5544 adversus

549 5561 909 5631 Germanos,
927 5558 1042 5631 hoc
1073 5560 1285 5631 eodem
1305 5558 1478 5631 pene
1527 5575 1665 5631 cum
1720 5558 1941 5614 militiae
1986 5574 2199 5627 genere

549 5644 727 5684 usum
787 5629 964 5685 tradit
1021 5649 1033 5683 ε
1089 5627 1346 5684 Μαλιστοῖ
1410 5627 1469 5684 δὲ
1529 5632 1578 5682 οἰ
1627 5628 1930 5682 ἀκοντισταὶ
1997 5635 2086 5683 καὶ
2152 5631 2201 5683 οἰ

2310 4917 2515 5004 τοξόται
2547 4921 2676 4990 πρὸς
2701 4920 2792 4978 τὰς
2811 4923 3079 5004 Γερμανῶν
3109 4917 3287 5004 μάχας
3317 4912 3612 5004 ἐπιτήδειοέ
3645 4912 3903 4972 δοκοῦσιν.

2312 4983 2667 5064 ἐπιτρέχοντές
2719 5008 2772 5040 τε
2825 4983 3002 5064 αὐτοῖς
3053 4983 3255 5059 κούφως
3307 4987 3364 5039 ού
3421 4983 3787 5059 προσδοκῶσι
3832 4993 3904 5039 καὶ

2313 5057 2705 5134 ἀναχωροῦντες
2740 5057 2982 5134 ῥᾳδίως)
3017 5057 3310 5134 Caeterum
3327 5057 3716 5134 jaculqtog-es
3741 5061 3904 5128 sagit-

2311 5129 2570 5203 taﬁiq‘ue
2588 5129 2846 5201 gerendo
2867 5132 3151 5203 adversus
3172 5131 3488 5203 Germanos
3505 5129 3668 5203 betlo
3681 5145 3902 5201 magno-

2305 5219 2447 5273 pere
2472 5201 2681 5257 idonei
2719 5203 3020 5268 videntur,
3060 5201 3347 5272 siquidem
3387 5201 3658 5269 expediti
3699 5203 3900 5258 hostem

2310 5275 2654 5346 opprimunt
2682 5273 3010 5346 incautum,
3045 5273 3345 5346 facileque
3369 5287 3580 5346 rursus
3613 5275 3683 5328 in
3729 5281 3900 5328 lutum

2307 5343 2366 5402 se
2390 5343 2710 5417 recipiunt.
2742 5345 3111 5417 Jaculatores
3145 5343 3256 5417 hos
3283 5343 3767 5417 domoﬁiauros,
3809 5347 3898 5417 Os-

2306 5413 2588 5488 rhoenos,
2627 5416 3060 5488 Armeniosque
3089 5413 3442 5488 et__P_arthos
3473 5413 3666 5488 fuisse
3696 5413 3898 5472 ibidem

2310 5493 2518 5544 auctor
2565 5485 2780 5545 innuit.
2812 5485 3030 5543 Eodem
3086 5485 3304 5542 militiae
3353 5502 3462 5540 seu
3501 5486 3765 5556 malitiae
3817 5503 3896 5556 ge.

2307 5575 2448 5615 nere
2522 5559 2844 5614 Balduinus
2893 5559 3219 5630 imperator
3264 5572 3302 5613 a
3340 5555 3594 5631 Sythico
3651 5555 3896 5631 equitatu

2310 5631 2752 5687 circumventus
2797 5628 3253 5704 oppressusque
3299 5628 3552 5686 videtur.
3623 5628 3836 5686 Do'USA.
