3966 6324
85 369 254 426 1145

1640 372 1989 431 ANNALES.

3343 372 3476 428 1146

79 502 219 558 τοῖς
251 493 566 567 Βουλγάροις
602 495 652 546 οἱ
690 494 901 549 Σκύθαι.
951 493 1011 548 Ὀ
1068 496 1157 568 μὶν
1189 494 1276 548 οὖν
1333 493 1582 568 βασιλεὺς
1649 499 1716 550 τά

1896 499 1994 556 lim
2043 500 2307 557 adventu
2349 499 2724 574 imperatoris
2781 498 3039 571 cognito,
3073 496 3249 552 citato
3300 509 3480 551 cursu

75 589 228 656 περὶ
261 586 450 636 τούτου
491 584 670 655 μαθὼν
711 583 922 653 ἠνιάθη,
983 585 1202 637 ἔσπευσε
1262 580 1320 637 δὲ
1379 580 1473 636 διά
1518 587 1716 658 τοίχους

77 672 188 728 ἐπὶ
231 678 324 727 τὸν
361 682 454 727 τοῦ
509 673 942 746 Βουλγαροφύγου
989 683 1166 750 χῶρον
1219 674 1398 746 ἐλθεῖν,
1462 680 1553 728 καὶ
1600 674 1717 728 ἐπι-

75 768 280 826 τείνας
337 767 421 816 τὸν
476 759 669 837 δρόμον
766 763 1011 838 ὀξυτέραν
1086 764 1246 817 ἐποίει
1319 769 1411 822 τήν
1485 769 1712 824 κίνησιν·

79 851 251 905 Ἐπεὶ
284 848 344 905 δε
373 857 464 904 καὶ
512 853 561 904 οἱ
615 859 905 925 πευστῆρες
953 854 1181 924 ἔφασκον
1235 852 1386 925 ἐγγὺς
1439 857 1718 927 τυγχάνειν

73 944 152 994 τὸ
234 943 482 995 Σκυθινόν
562 943 883 1014 στράτευμα,
961 943 1083 994 ἔνθα
1163 941 1356 1004 αὐτοὺς
1423 944 1717 1018 περιπολεῖν

1831 587 2038 657 fugam
2068 587 2466 661 arripuerunt,
2508 594 2564 644 et
2597 588 2866 662 plerique
2897 602 3105 642 eorum
3136 589 3193 640 et
3219 583 3477 640 nationis

1831 677 2184 734 celebriores
2212 677 2439 734 circum
2466 679 2654 750 Bizyaa
2700 683 2834 734 loca.
2874 674 3146 733 trucidati
3179 679 3338 729 sunt.
3364 674 3479 743 Spe

1829 766 2144 823 frustratus
2166 768 2492 840 imperator
2507 769 2583 824 ad
2611 767 2862 824 ﬂuvium
2880 766 2974 822 cui
2992 764 3228 833 Reginae
3256 777 3479 819 nomen

1829 862 2025 913 castra
2055 863 2331 924 metatur,
2363 857 2568 930 ibique
2591 857 2941 914 universum
2971 855 3127 926 cogit
3155 850 3480 908 exercitum

1829 945 2186 1001 insolentem
2219 962 2364 1002 sane
2382 950 2561 1018 atque
2587 945 3051 1017 amplissimum.

75 1029 300 1101 ἔλεγον,
372 1029 537 1082 ἐκεῖσε
584 1035 674 1082 καὶ
734 1036 910 1082 πᾶσαν
973 1030 1124 1083 ἐκίνει
1189 1036 1283 1090 τήν
1346 1035 1615 1106 στρατιάν.
1682 1037 1783 1086 Καὶ
1838 1035 2031 1108 ἡμέρας
2095 1038 2185 1107 μὲν
2252 1041 2376 1108 μιᾶς
2441 1034 2648 1098 πλείους
2710 1043 2808 1088 τῶν
2873 1035 3217 1108 τετρακοσίων
3285 1025 3482 1101 διεξῄει

81 1116 184 1191 [Ρ.
262 1118 354 1194 69]
419 1121 700 1191 σταθμοὺς,
768 1120 862 1172 οὐκ
913 1119 1152 1195 ἐνέκυρσε
1195 1119 1256 1174 δὲ
1303 1126 1505 1184 τοὺτοις
1563 1143 1575 1156 ·
1635 1121 2029 1194 ἐμεμαθήκεσαν
2081 1127 2179 1196 γάρ
2235 1125 2352 1194 (31)
2397 1144 2486 1176 και
2539 1122 2682 1176 οὗτοι
2731 1128 2823 1182 τήν
2881 1130 3100 1194 ταχεῖαν
3157 1126 3249 1172 τοῦ
3323 1117 3479 1191 βασι-

75 1207 230 1271 ξέως
256 1205 461 1282 ἔφοδον,
485 1229 574 1261 και
604 1211 674 1270 ὡς
704 1209 848 1281 εἶχον
903 1207 1080 1262 ποδῶν
1133 1213 1336 1283 ἔφυγον,
1380 1232 1466 1264 και
1525 1211 1733 1272 πλείους
1790 1208 1850 1265 δε
1893 1212 1946 1274 ἐξ
1996 1213 2164 1265 αὐτῶν
2201 1233 2291 1265 και
2357 1217 2778 1288 περιφανέστεροι
2830 1220 2922 1265 τοῦ
2979 1213 3154 1272 ἐθνους
3210 1212 3326 1280 περί
3374 1225 3477 1259 που

75 1299 164 1349 τά
235 1301 367 1373 μέρη
426 1305 518 1360 τῆς
592 1298 784 1360 Βιζύης
849 1297 1026 1371 ξίφους
1083 1302 1230 1373 ἔργον
1293 1303 1539 1373 ἐγένοντο,
1594 1301 1904 1373 Ἀποτυχὼν
1949 1310 2074 1374 γοῦν
2124 1311 2218 1365 τῆς
2268 1303 2622 1378 ἐγχειρήσεως
2686 1305 2878 1362 ταύτης
2944 1302 2968 1353 ὀ
3029 1298 3278 1374 βασιλεὺς
3353 1299 3476 1370 περί

75 1389 186 1439 τὸν
261 1391 494 1460 ποταμὸν
542 1387 596 1450 ὃς
661 1386 870 1459 Ῥηγίνα
922 1388 1157 1441 καλεῖκαι
1198 1395 1291 1449 τήν
1346 1396 1542 1450 σκηνὴν
1594 1390 1766 1459 ἔπηξε,
1825 1411 1914 1443 και
1969 1397 2142 1444 πᾶσαν
2193 1392 2355 1445 ἐκεῖσε
2415 1392 2602 1456 συνῆξε
2651 1397 2744 1452 τὴν
2815 1393 3064 1466 στρατιάν
3144 1389 3211 1449 εἰς
3276 1386 3472 1446 πλῆθος

82 1473 274 1528 οὖσαν
303 1476 436 1529 πολὺ

175 1563 288 1638 EH.
317 1564 376 1618 Ὀ
413 1568 504 1638 μὲν
541 1574 640 1618 τῶν
685 1567 731 1600 ⁴⁹
797 1565 1100 1639 Βουλγάρων
1153 1568 1266 1638 (32)
1319 1565 1710 1641 ἃρχων,ἐπειδὴ

82 1658 176 1726 μὴ
239 1651 639 1728 διαπράξασθαί
685 1674 737 1706 τι
791 1658 926 1707 κατά
983 1655 1246 1729 Ῥωμαίων
1306 1655 1588 1716 ἑδεδύνητο
1623 1664 1714 1710 τοῦ

88 1741 367 1816 βασιλέως
416 1740 873 1816 ἐπιδεδημηκότος
921 1748 1052 1817 μετὰ
1136 1749 1399 1798 τοσούτων
1468 1767 1716 1822 στρατευ-

85 1833 283 1904 μάτων
323 1832 370 1886 ἐν
424 1840 482 1904 τῇ
545 1829 726 1905 δυσμῇ
783 1853 872 1885 και
911 1833 1334 1896 πεπλησιακότος
1383 1843 1444 1909 τῇ
1508 1836 1711 1903 ἑαυτοῦ,

85 1923 180 1982 εἰς
219 1919 451 1982 σπονδάς
510 1921 779 1995 ἐτράπετο,
830 1942 920 1975 και
978 1926 1062 1976 τὸν
1119 1926 1360 2000 πενθερὸν
1405 1925 1566 1978 αὐτοῦ
1629 1929 1714 1978 τὸν

80 2009 296 2064 Ῥῶσον
365 2010 550 2085 Οὖρον,
602 2019 692 2063 τοῦ
744 2012 905 2086 ῥηγός
979 2012 1242 2086 Οὐγγρίας
1332 2013 1417 2066 ἐπί
1491 2015 1714 2087 θυγατρί

82 2098 351 2152 τελοῦντα
391 2099 649 2175 γαμϐρὸν,
717 2108 1026 2172 μεσιτεῡσαι
1079 2105 1147 2154 τά
1204 2102 1278 2164 εἰς
1345 2103 1553 2178 εἰρήνην
1630 2103 1714 2178 βε-

87 2187 400 2244 ϐούλευται.
458 2195 557 2242 Καί
603 2198 789 2262 πρῶτα
983 2191 1176 2244 ἐστειλε
1249 2192 1499 2260 πρέσϐεις
1581 2197 1714 2269 πρὸς

85 2281 193 2331 τὸν
255 2275 482 2350 βασιλέα
529 2285 1069 2352 προοικονομήσοντας
1109 2286 1202 2339 τήν
1253 2281 1324 2344 εἰς
1396 2283 1550 2335 αὐτὸν
1621 2290 1712 2334 τοῦ

92 2364 284 2442 Οὖρον
315 2365 488 2439 οῖφιξιν
511 2367 604 2430 ἔξω
659 2372 845 2430 πτοίας
895 2388 950 2421 τε
1002 2365 1132 2421 εἶναι
1191 2389 1278 2422 και
1327 2370 1541 2444 ἐντίμως
1589 2376 1714 2446 πρὸς

91 2462 199 2507 τοῦ
258 2453 518 2527 βασιλεως
563 2452 843 2528 δεχθῆναι.
907 2461 1008 2510 Καί
1054 2461 1232 2528 γέγονε
1287 2467 1473 2527 ταῦτα,
1531 2481 1620 2512 και
1687 2463 1712 2513 ὁ

96 2539 278 2619 Οὖρος
324 2544 397 2606 εἰς
446 2548 532 2596 τὸν
584 2543 807 2617 βασιλέα
865 2543 1092 2618 ἀφίκετο.
1128 2543 1359 2619 Ἐδέχθη
1393 2557 1518 2620 γοῦν
1570 2553 1714 2624 παρά

97 2640 204 2684 τοῦ
255 2631 638 2709 αὐτοκράτορος
696 2633 928 2707 ἀσμένως
975 2655 1028 2688 τε
1084 2655 1174 2689 και
1231 2641 1356 2708 μετά
1409 2647 1504 2702 τῆς
1550 2660 1713 2716 προσ-

99 2724 350 2783 ηκούσης
375 2722 754 2795 φιλοτιμήσεως
781 2744 872 2777 και
927 2724 1076 2786 οὗτος
1117 2744 1170 2778 τε
1223 2746 1314 2778 και
1365 2729 1414 2779 οἱ
1453 2729 1562 2801 μετ’
1622 2730 1712 2782 αὐ-

101 2817 227 2877 τοῦ,
271 2831 359 2863 και
410 2816 504 2870 τὴν
555 2813 761 2888 εἰρήνην
799 2819 1078 2872 πεποίηκεν
1177 2815 1563 2891 ἐπομοσάμενος
1621 2815 1711 2870 δι-

101 2904 248 2970 καίῳ
305 2920 358 2954 τε
406 2902 567 2954 αὐτοῦ
606 2921 696 2954 και
760 2910 853 2955 τοῦ
927 2902 1168 2976 γαμϐροῦ
1239 2905 1399 2958 αὑτοῦ
1452 2915 1544 2960 τοῦ
1612 2917 1710 2960 τῶν

105 2988 422 3061 Βουλγάρων
475 2992 749 3064 ἄρχοντος,
801 2989 1125 3052 ἀπολυθῆναι
1187 2997 1277 3066 μὲν
1351 2999 1484 3069 πρὸς
1553 2996 1709 3049 αὐτὸν

105 3076 341 3151 βασιλέα
364 3082 422 3132 τὸ
448 3088 544 3142 τῆς
583 3081 871 3144 Τζεποίνης
915 3083 1051 3134 οῖστυ
1091 3084 1267 3148 (τοῦτο
1322 3087 1422 3159 γάρ
1470 3105 1560 3136 και
1615 3090 1710 3158 μό-

1895 1573 1980 1624 62.
2017 1568 2413 1639 Bulgarorum
2435 1570 2672 1626 interim
2700 1570 3003 1643 princeps,
3035 1566 3138 1623 ubi
3160 1567 3478 1622 adversum

1824 1661 2125 1715 Romanos
2159 1660 2534 1732 imperatoris
2564 1677 2702 1716 cum
2736 1665 2856 1716 tam
2877 1658 2977 1714 ubi
3011 1657 3191 1713 ubere
3213 1654 3395 1710 milite
3417 1652 3478 1708 in

1824 1749 2207 1806 Occidentem
2238 1766 2487 1806 accessu
2518 1749 2797 1822 illiusque
2829 1748 3125 1804 vicinitate
3184 1743 3476 1816 proﬁcere

1822 1838 2151 1910 quicquam
2183 1855 2304 1895 non
2347 1843 2570 1912 posset,
2606 1839 2934 1895 amicitiam
2968 1842 3023 1892 et
3043 1835 3240 1891 foedus
3292 1831 3477 1905 petiit,

1823 1931 1879 1983 et
1910 1929 2132 1983 Rosum
2163 1930 2343 1984 Urum
2378 1930 2629 1993 socium,
2668 1929 2940 1998 Ungariae
2970 1925 3128 1995 regis
3162 1935 3472 1993 generum,

1823 2018 1996 2088 cujus
2016 2017 2300 2074 arbitratu
2319 2018 2734 2074 communibus
2761 2017 3012 2086 negotiis
3046 2012 3474 2080 consuleretur,

1823 2107 2106 2165 destinat.
2149 2107 2405 2162 Primum
2441 2113 2639 2164 tamen
2679 2107 2858 2179 legati
2921 2106 2998 2162 ad
3046 2105 3475 2175 imperatorem

1823 2195 2136 2268 praemissi,
2153 2196 2580 2269 profectionem
2595 2196 2670 2252 ad
2685 2212 2824 2251 eum
2845 2194 2958 2258 Uri,
2975 2198 3039 2249 ut
3055 2193 3286 2264 absque
3307 2189 3479 2244 timo-

1755 2276 1793 2330 Β
1823 2298 1884 2338 re
1915 2289 2087 2349 esset,
2123 2284 2268 2357 quin
2298 2285 2475 2340 etiam
2501 2289 2563 2341 ut
2583 2283 2679 2340 ille
2719 2282 3040 2339 honoriﬁce
3081 2281 3472 2350 exciperetur,

1823 2379 2186 2445 praeparant.
2217 2376 2279 2429 Et
2309 2373 2573 2445 profecto
2595 2375 2676 2429 ita
2703 2388 2765 2428 se
2793 2388 2888 2428 res
2916 2370 3145 2435 habuit,
3209 2372 3266 2423 et
3323 2368 3475 2422 Urus

1823 2461 1899 2517 ad
1926 2463 2347 2534 imperatorem
2379 2478 2444 2516 se
2473 2460 2738 2517 contulit.
2782 2463 2915 2533 Ipse
2941 2464 2998 2516 et
3051 2458 3148 2514 alii
3173 2455 3279 2529 qui
3334 2468 3475 2508 cum

1823 2567 1894 2608 eo
1924 2556 2319 2620 accesserant,
2349 2550 2765 2606 lubentissime
2797 2553 2853 2605 et
2881 2547 3098 2604 debitis
3141 2542 3472 2601 honoribus

1823 2641 1902 2697 ab
1933 2640 2289 2712 imperatore
2317 2639 2652 2695 afﬁciuntur
2678 2658 2691 2706 ;
2713 2653 2901 2711 quare
2920 2652 3029 2692 suo
3047 2641 3104 2692 et
3121 2632 3322 2706 generi
3348 2630 3474 2688 Bul-

1822 2745 2105 2802 garorum
2120 2728 2403 2801 principis
2411 2729 2545 2798 jure
2565 2729 2607 2797 1
2621 2728 2672 2798 3
2685 2727 2735 2800 5
2759 2728 2938 2783 etiam
2955 2724 3352 2796 jurejurando
3372 2735 3474 2792 pa-

1821 2835 1950 2875 cem
1983 2817 2264 2885 ﬁrmavit,
2287 2833 2353 2872 ea
2377 2816 2718 2873 conditione
2754 2821 2819 2872 ut
2843 2819 3143 2886 Tzepaanaa
3175 2809 3471 2884 oppidum

1820 2906 2015 2962 solum
2038 2922 2110 2961 ex
2142 2905 2228 2974 iis,
2245 2905 2357 2960 sub
2374 2904 2598 2960 ditione
2618 2903 2865 2959 Joannis
2886 2901 3263 2974 imperatoris
3280 2902 3472 2962 erant,

1820 2994 2134 3064 aBulgaris
2147 2999 2274 3049 tum
2293 2997 2655 3065 occupatum
2673 2990 3016 3062 imperatori
3042 2989 3470 3052 restitueretur,

1818 3085 2139 3157 imperator
2168 3083 2292 3139 vice
2323 3097 2496 3140 versa
2516 3081 2839 3138 amicitiam
2865 3084 2922 3135 et
2937 3094 3146 3150 pacem
3180 3092 3317 3131 cum
3347 3073 3476 3129 Bul-

100 3187 198 3220 νον
221 3171 362 3241 παρά
389 3177 488 3221 τῶν
541 3170 843 3245 Βουλγάρων
891 3176 1168 3244 κατείχετο
1224 3171 1307 3246 ἀφ’
1359 3175 1426 3225 ὧν
1485 3177 1510 3226 ὁ
1551 3173 1709 3248 βασι-

1896 3176 1982 3230 .ris
2016 3173 2406 3241 continuaret,
2439 3177 2494 3228 et
2524 3175 2772 3243 uterque
2824 3167 3091 3240 antiquis
3143 3164 3474 3222 conﬁnium

100 3257 229 3318 ).εὺς
254 3258 489 3319 Ἰωάννης
520 3258 764 3332 ἐκράτει),
820 3260 1026 3335 εἰρήνην
1085 3280 1140 3314 τε
1187 3266 1318 3338 πρὸς
1372 3268 1495 3326 τοὺς
1554 3264 1708 3317 Βουλ-

102 3348 311 3420 γάρους
333 3350 474 3420 ἔχειν
495 3353 581 3401 τὸν
607 3348 850 3423 βασιλέα,
909 3354 999 3404 καί
1053 3350 1270 3425 ἐκάτερα
1311 3355 1376 3404 τά
1429 3358 1557 3428 μέρη
1603 3361 1711 3417 τοῖς

105 3436 441 3509 παλαιτεροις
497 3439 659 3511 ὁρίοις
722 3437 1016 3512 ἀρκεῖσθαι.
1099 3440 1239 3494 Ἐπεί
1306 3450 1432 3513 γοῦν
1516 3445 1712 3496 οὒτωσί

107 3531 270 3578 ταυτί
318 3529 454 3579 κατά
494 3533 702 3601 γνώμην
745 3529 1036 3582 τετέλεσται
1084 3538 1155 3601 τῷ
1208 3540 1505 3603 κρατοῦντι,
1552 3534 1578 3584 ὁ
1623 3536 1712 3605 μὲν

112 3611 289 3689 Οὖρος
312 3621 431 3680 τοὺς
489 3626 585 3678 τῆς
633 3616 1023 3692 ἀπεχωρήσιως
1075 3620 1283 3684 ἐξειπὼν
1351 3620 1536 3694 λόγους
1576 3623 1714 3696 ἐξηει

113 3703 408 3779 βασιλικῶν
432 3711 783 3782 χαρισμάτων
803 3713 982 3780 τυχὼν
1008 3711 1096 3781 (τά
1141 3707 1194 3762 δ’
1252 3707 1387 3769 ἦσαν
1431 3712 1505 3773 εἰς
1547 3716 1713 3765 εἴκοσι

108 3791 371 3866 χιλιάδας
458 3794 885 3870 ἁποριθμούμενα
949 3799 1187 3852 ἁπάντων
1269 3805 1708 3874 συνεισαγομένων

111 3878 288 3950 εἰδῶν,
339 3884 507 3937 ἵππων
562 3904 616 3938 τε
675 3906 765 3939 και
813 3887 1127 3959 ὑφασμάτων
1184 3907 1274 3940 και
1323 3889 1556 3959 ξοιπῶν),
1613 3892 1638 3941 ὁ
1697 3886 1756 3942 δε

109 3980 216 4034 τῆς
242 3973 526 4036 Τζεπαίνης
549 3979 831 4050 περιμένων
860 3974 1133 4032 άπὸλυσιν.

193 4061 282 4134 ξγῖ
315 4062 612 4136 Συμϐἐϐηκε
638 4066 686 4101 ⁵ο
718 4061 777 4118 δε
806 4085 857 4117 τι
897 4065 944 4118 ἐν
970 4069 1172 4128 τούτοις
1217 4075 1290 4137 τῷ
1337 4072 1452 4120 τότε
1494 4073 1715 4140 πρᾶγμα

121 4153 433 4223 θαυμάσιον,
487 4159 694 4226 μνήμης
745 4173 836 4206 και
894 4157 1127 4230 ἱστορίας
1167 4156 1330 4219 ἄξιον.
1383 4155 1578 4229 Ἠμίρα
1655 4152 1714 4214 ἦν

116 4248 220 4292 τῶν
266 4240 518 4313 ἐπιφανῶν
573 4261 626 4294 τε
674 4262 764 4295 και
812 4243 1129 4318 ἐορτασίμων
1187 4246 1302 4297 καθ’
1364 4245 1424 4303 ἣν
1473 4249 1568 4303 τὴν
1623 4251 1715 4296 τοῦ

117 4337 351 4403 Χριστοῦ
407 4336 808 4406 μεταμορφωσιν
834 4336 885 4385 οἱ
932 4333 1160 4396 εὐσεϐεῖς
1211 4334 1520 4408 ἐορτάζομεν
1555 4355 1568 4368 ’

122 4419 233 4472 ἐπεί
260 4416 365 4472 ἔδει
402 4439 492 4472 και
555 4419 686 4494 ἀμφί
736 4426 830 4480 τήν
888 4424 1028 4496 ἱεράν
1086 4429 1483 4496 μυσταγωγίαν,
1533 4425 1602 4485 ὡς
1655 4425 1712 4474 τὸ

124 4508 313 4576 εἰωθὸς,
338 4516 578 4584 παρεῖναι
603 4514 690 4561 τὸν
722 4508 967 4582 βασιλεα,
1029 4511 1094 4570 εἰς
1141 4510 1328 4586 ἀργίαν
1375 4514 1400 4563 ὁ
1453 4520 1544 4564 τοῦ
1602 4512 1712 4585 ἀρί-

128 4599 537 4672 στουπαρετάθη
601 4603 800 4672 καιρός.
861 4598 1254 4673 Ἠριστήσαμεν
1303 4608 1428 4672 γοῦν
1467 4621 1560 4654 και
1626 4601 1712 4653 αὐο

125 4705 230 4756 τοι,
259 4706 345 4739 και
370 4691 557 4761 μικρὸν
587 4707 639 4739 τι
690 4685 1109 4750 καθευδήσαντες
1169 4689 1488 4763 άνηγέθημεν
1542 4711 1552 4724 ·
1605 4687 1712 4749 ἤδη

129 4771 192 4828 δε
237 4777 262 4827 ὁ
321 4777 466 4838 ἣλιος
524 4786 596 4848 τῷ
644 4777 873 4852 ὁρίζοντι
918 4780 1248 4850 προσήγγιζέ
1323 4788 1416 4841 τῆς
1485 4777 1712 4852 δυσμῆς.

125 4863 278 4925 Ἐθος
319 4862 378 4918 δε
433 4867 644 4940 ὑπῆρχε
681 4873 754 4936 τῷ
804 4865 1016 4938 βασιλεῖ
1060 4872 1175 4940 περὶ
1253 4865 1429 4924 δείλην
1496 4867 1714 4942 ἐσπέραν

1625 4353 1715 4386 και

201 4955 243 4990 ⁴⁰
302 4955 341 5008 Ι)
392 4971 404 5008 :
451 4953 511 5006 Ὀ
555 4962 690 5040 γοῦν
740 4964 839 5007 τῶν
893 4955 1195 5029 Βουλγάρων
1244 4958 1425 5030 ἄρχων
1481 4961 1639 5040 πτοία
1692 4956 1898 5028 ληφθείς
1951 4957 2021 5016 εἰς
2075 4951 2304 5015 σπονδάς
2364 4953 2631 5028 ἐτράπετο,
2699 4971 2787 5002 και
2861 4953 2948 5000 τὸν
3025 4949 3240 5021 πενθρόν

265 5025 345 5040 ι..-
510 5032 541 5040 Α
831 5035 848 5040 -
934 5028 944 5038 ρ
1037 5030 1046 5040 ι
1148 5028 1213 5040 ..ι
1336 5034 1345 5040 ,
1472 5028 1482 5038 ο
1534 5033 1544 5040 ,
1817 5033 1828 5040 .
1946 5027 1961 5040 ι
2017 5035 2032 5040 ..
2316 5024 2344 5040 Δ
2390 5029 2397 5038 ι
2727 5029 2742 5038 ο
2953 5021 2998 5040 εν-
3110 5017 3151 5040 _',,

123 5028 224 5112 ab:
265 5025 448 5078 Ῥῶσον
504 5013 690 5096 Οὖρον,
757 5035 850 5079 τοῦ
920 5013 1104 5108 ῥηγδξ
1141 5013 1405 5100 Οὐγγρῗας
1462 5028 1544 5080 ἐπί
1605 5013 1828 5102 ὸυγατρί
1891 5027 2132 5112 τελρῡντα
2199 5013 2468 5098 γαμϐρὸν,
2537 5013 2842 5094 μεσιτεύσαι
2913 5021 3000 5079 τάς
3106 5013 3153 5069 ἐν

265 5096 298 5110 ιε
533 5104 564 5112 -.
622 5102 632 5112 ι
693 5098 703 5106 -
772 5099 843 5112 ’.ν
1129 5104 1137 5112 ι
1241 5098 1266 5112 Α
1369 5099 1384 5112 ι
1412 5103 1421 5112 ι
1517 5097 1528 5112 ν
1587 5103 1597 5112 ι
1942 5099 1952 5107 ν
2009 5104 2018 5112 ι
2071 5100 2093 5112 Α
2405 5101 2412 5109 ο
2805 5098 2812 5110 η
2912 5091 3108 5112 ,,'__1__-_-_

1749 4465 1792 4518 D

1821 3264 2088 3321 terminis
2114 3263 2534 3319 contineretur.
2570 3259 2675 3316 Ubi
2705 3276 2800 3314 res
2827 3273 2935 3330 pro
2966 3255 3253 3312 arbitratu
3282 3255 3473 3326 impe-

1822 3351 2033 3411 ratOris
2066 3352 2368 3415 successit,
2395 3353 2544 3407 Urus
2568 3350 2643 3404 de
2691 3347 2884 3404 reditu
2930 3361 3208 3402 sermone
3257 3342 3474 3400 collato

1822 3442 2123 3514 egreditur
2136 3439 2534 3514 imperatoriis
2548 3437 2898 3495 muneribus
2912 3440 3146 3492 auctus.
3163 3437 3381 3490 Eorum
3397 3431 3475 3488 ad

1821 3530 2030 3602 viginti
2045 3530 2250 3590 millia.
2271 3529 2318 3583 si
2339 3528 2731 3584 donariorum
2749 3541 2929 3582 omne
2953 3540 3164 3596 genus,
3179 3537 3476 3595 equorum

1823 3621 1963 3676 item
1995 3637 2065 3676 ac
2085 3617 2376 3675 textilium
2403 3623 2460 3673 et
2490 3617 2762 3681 aliorum,
2816 3615 2878 3670 in
2936 3630 3121 3669 unum
3172 3610 3471 3680 conferas,

1824 3725 2066 3765 summa
2079 3707 2370 3765 ascendit.
2388 3710 2711 3778 Imperator
2723 3709 3018 3778 Tzepaenaa
3042 3701 3475 3759 restitutionem

1822 3802 2179 3872 exspectans
2219 3796 2458 3866 Reginae
2489 3795 2904 3851 cunctabatur.

1823 3887 2071 3961 βασιλεύς
2118 3882 2437 3960 διεκαρτέρει
2490 3883 2538 3936 ἐν
2594 3893 2666 3955 τῷ
2717 3892 2809 3943 τῆς
2861 3881 3096 3953 Ῥηγίνης
3144 3882 3305 3949 νόπῳ,
3376 3878 3475 3933 τήν

1897 4069 1984 4122 63.
2014 4067 2118 4119 Per
2147 4063 2205 4118 id
2221 4065 2458 4133 tempus
2479 4077 2574 4116 res
2588 4058 2832 4132 quidem
2845 4057 3006 4114 dictu
3027 4055 3181 4112 mira
3204 4051 3470 4122 contigit,

1825 4155 2010 4224 digna
2039 4167 2173 4224 quia
2204 4151 2518 4206 hominum
2541 4148 2849 4204 memoria:
2872 4143 3236 4202 ethistoricis
3263 4156 3477 4197 monu-

1825 4244 2038 4299 mentis
2069 4238 2543 4296 commendetur.
2591 4238 2724 4292 Dies
2781 4240 2910 4291 erat
2947 4232 3231 4290 solemnis
3289 4235 3346 4286 et
3403 4244 3476 4285 ex

1825 4315 2267 4389 celebriorib‘us,
2330 4343 2453 4400 quo
2507 4325 2713 4382 Christi
2766 4323 3325 4396 tansﬁgurationem
3391 4317 3478 4392 pii

1825 4438 1937 4477 nos
1966 4419 2338 4476 celebramus
2368 4436 2380 4484 ;
2413 4421 2470 4472 et
2500 4431 2636 4471 cum
2659 4431 2828 4470 sacro
2852 4412 3178 4478 audiendo,
3203 4414 3269 4465 ut
3288 4409 3474 4464 moris

1826 4516 1969 4577 erat,
2001 4505 2564 4581 imperator’adesse
2594 4505 2855 4571 deberet,
2890 4504 2951 4559 in
2995 4502 3110 4558 diei
3165 4514 3475 4572 vesperam

1825 4599 2146 4673 prandium
2169 4597 2419 4652 dilatum
2445 4600 2549 4651 est.
2581 4594 2934 4650 Prandimus
2947 4599 3000 4649 et
3022 4589 3477 4664 ipsi,paulisper

1825 4689 2265 4755 obdormimus,
2296 4685 2435 4741 dein
2475 4699 2691 4740 somno
2721 4682 3045 4756 experrecti
3073 4679 3472 4748 assurgimus,

1825 4794 1963 4834 cum
2000 4777 2088 4832 sol
2123 4792 2183 4831 se
2206 4776 2264 4831 in
2298 4790 2584 4830 occasum
2607 4773 3018 4845 praecipitaret.
3056 4772 3336 4826 Sueverat
3366 4767 3474 4820 im-

1823 4872 2063 4940 perator
2083 4866 2260 4920 nimis
2287 4880 2418 4921 sero
2439 4864 2778 4934 inequitans
2800 4861 3139 4916 universum
3161 4854 3474 4912 circumire

3315 4962 3474 4995 αυτου

3268 5019 3472 5088 εἰρήνην

125 5094 475 5171 βεϐούλευται.
523 5102 632 5172 ΔΚαί
766 5091 929 5171 Οὖρος
965 5091 1036 5158 εἷς
1068 5104 1173 5172 ’τὸν
1228 5091 1458 5172 βασιλέα
1507 5091 1737 5170 ἀφίκετο,
1773 5091 1885 5150 ’και
1931 5095 2130 5169 ἐδέχθη
2179 5091 2569 5170 προσηκόντως,
2622 5112 2712 5144 και
2761 5098 2869 5172 τὴν,
2904 5091 3109 5164 εἰρήνην
3170 5092 3468 5172 πεποίηκας’
3519 5111 3522 5115 .

122 5160 215 5244 και
262 5172 479 5244 ὤμοσενΔ
511 5160 974 5244 άπολξοθῆναίτὴν
1020 5160 1302 5233 Τξέπαιναν
1353 5190 1444 5244 καί.
1492 5160 1821 5243 ἑκάτερα’τά
1878 5160 2174 5244 μέρηητοῖς
2220 5160 2565 5244 ’παλαιτέροις
2620 5166 2784 5238 ὁρίοις
2848 5160 3139 5234 ἀρκεῖσθαι.

122 5237 597 5314 εἴκοσι’χιλικάᾷας
625 5238 914 5314 βασιλικῶν
941 5243 1337 5314 χαρισμάτωνό
1367 5238 1530 5314 Οὖρος
1582 5237 1757 5313 τυχὼν
1803 5237 1958 5314 ἐξήεί.
2011 5240 2069 5292 Ὀ
2119 5237 2177 5292 δε

2227 5169 2556 5238 παλαιτέροις
2620 5166 2784 5238 ὁρίοις
2848 5161 3139 5234 ἀρκεῖσθαι.
3234 5161 3335 5212 Καί
3425 5161 3473 5218 ἐς

2227 5237 2477 5312 βασιλεὺς
2533 5233 2852 5310 διεκαρτέρει
2893 5237 2987 5294 τὴν
3034 5240 3128 5296 τῆς
3184 5229 3474 5293 Τζέπαίνης

119 5297 393 5384 περιμένων
422 5297 694 5365 ἀπόλυσιν.
773 5313 821 5347 ⁵ο
843 5297 1138 5385 Συρίξίϐηκε
1170 5329 1354 5384 usque
1371 5297 1454 5369 ad
1478 5297 1687 5366 σκοποῖ
1704 5315 1735 5384 (4

1913 5317 2008 5367 125
2035 5314 2075 5367 Ι)
2103 5311 2159 5382 4)
2186 5297 2305 5366 oin.
2343 5313 2403 5365 ι).

1000 5469 1342 5539 Theodori
1390 5471 1641 5539 Dousa;
1691 5479 1756 5539 et
1803 5469 2053 5543 Leonis
2101 5467 2337 5539 Allatii
2384 5476 2587 5536 notae.

192 5631 301 5775 £31)
325 5631 754 5719 :Epepaerixwav
773 5632 875 5718 γάρ
899 5632 1211 5701 Gregoras,
1237 5646 1301 5704 p.
1320 5635 1407 5688 56.
1447 5633 1587 5689 ALL.

215 5706 300 5773 32)
343 5709 386 5754 Ο
415 5721 505 5775 μεν
527 5721 625 5755 των
652 5703 978 5775 Βουλγαρων.
1003 5705 1318 5774 Gregoras,
1347 5719 1405 5775 p.
1428 5707 1514 5760 56.
1549 5706 1587 5756 A

215 5706 300 5773 32)
325 5703 386 5754 ’0
415 5703 505 5775 μὶν
527 5709 625 5755 τῶν
652 5703 978 5776 Βουλγοξρων.
1003 5703 1318 5774 Gregoras,
1347 5719 1405 5776 p.
1428 5707 1514 5760 56.
1549 5706 1686 5762 ALL.
