3966 6324
503 362 638 417 114³7

1799 350 2081 411 GEORGII
2116 349 2581 409 ΑΕΒΟΡΟΗΤΛΕ

3770 342 3896 398 iiii

501 488 845 558 exercitum,
874 485 935 542 in
956 485 1127 558 cujus
1158 485 1394 542 conﬁne
1437 499 1681 558 aequum
1741 480 2057 556 paululum
2115 495 2147 535 e
2188 481 2222 536 Α

2263 479 2574 552 ἐποχεῖσθαι
2621 479 2714 530 καὶ
2763 477 2972 548 σύμπαν
3025 470 3339 550 διέρχεσθαι
3387 474 3450 526 τὸ
3484 466 3899 544 στρατόπεδον.

501 577 744 650 planitie
767 581 1182 644 assurgentem
1231 574 1430 630 locum
1486 572 1828 636 ascendere,
1890 570 2150 642 indeque

501 667 848 722 universum
878 663 1197 720 exercitum
1230 663 1500 729 lustrare,
1536 677 1715 734 quem
1752 683 1779 710 ‹‹
1829 659 2035 715 urbem
2089 675 2151 714 se

500 758 848 808 moventem
871 758 1238 824 caaterasque
1257 752 1404 808 alias
1424 754 1727 807 Romanas
1751 749 1926 804 urbes
1957 753 2150 804 tutan-

500 843 618 894 tem
653 862 681 889 »
704 840 977 896 nominat
1019 859 1033 907 ;
1073 841 1311 914 hocque
1366 841 1446 896 ita
1511 838 1792 912 patrabat
1842 837 2146 908 continuo,

509 929 680 1002 136
721 934 777 984 et
834 930 968 986 licet
1015 946 1352 1003 vesperugo
1406 930 1466 985 in
1517 945 1798 985 occasum
1854 943 1982 983 sese
2039 927 2149 982 im-

500 1023 813 1088 mergeret,
845 1019 972 1091 ipse
999 1019 1388 1074 nihilominus
1413 1019 1473 1074 id
1512 1018 1672 1073 idem
1705 1033 1899 1089 neque
1951 1015 2150 1087 segnis

499 1107 841 1180 praestabat.
897 1110 1233 1164 Castrorum
1302 1107 1681 1164 intervallum
1747 1107 2152 1178 quadraginta

503 1195 840 1267 stadia,nisi
851 1197 1017 1252 etiam
1031 1197 1206 1269 plura
1219 1196 1440 1253 addere
1456 1197 1628 1252 velim
1639 1214 1730 1261 us,
1769 1195 2146 1268 exaequabat.

502 1284 624 1354 Ego
655 1285 874 1358 itaque,
910 1289 1028 1342 Deo
1053 1291 1194 1342 tunc
1217 1287 1362 1342 mihi
1414 1287 1584 1354 irato,
1645 1286 2024 1358 imperatoris
2061 1287 2148 1341 ni-

501 1373 692 1429 mium
706 1391 917 1430 amans
931 1391 1000 1430 ac
1015 1375 1186 1431 stolid
1197 1392 1285 1442 us,
1302 1375 1403 1430 ubi
1417 1375 1836 1447 imperatorem
1851 1391 2005 1448 equo
2019 1374 2145 1430 vehi

503 1464 729 1535 accepi,
759 1465 819 1518 in
851 1465 1078 1520 mulam
1110 1481 1362 1538 propere
1394 1464 1610 1520 saliens
1641 1470 1918 1520 contento
1971 1480 2149 1519 cursu

502 1553 818 1626 sequebar.
861 1555 1145 1628 temporis
1182 1556 1674 1627 inopportunum,
1728 1555 1891 1627 quod
1944 1555 2149 1628 utique

503 1643 823 1710 debebam,
867 1645 1113 1700 minime
1164 1646 1568 1717 conspicatus.
1625 1649 1950 1720 Imperator
1992 1662 2148 1719 equo

502 1739 709 1788 vectus
726 1749 970 1789 cursum
988 1750 1218 1808 rapere.
1238 1734 1376 1791 Mox
1402 1751 1497 1790 me
1519 1735 1987 1809 subsequentem
2006 1753 2149 1793 con—

2259 572 2350 620 καὶ
2386 566 2518 641 ἀμφὶ
2552 570 2610 620 τό
2641 568 2824 620 τούτου
2862 563 3128 640 τέρμα-εἰς
3167 569 3324 616 τόπον
3380 561 3748 634 ἀγχώμαλον
3805 579 3902 616 τινες

2259 657 2500 710 τελοῦντα
2551 661 2642 709 καὶ
2706 658 2892 730 μικρὸν
2939 657 3396 728 ὑπερανεστηκότα
3449 661 3554 713 τῆς
3632 646 3904 702 πεδιάδες

2261 746 2598 820 ἀνέρχεσθαι,
2626 747 2712 820 [Ρ.
2740 746 2828 818 70]
2861 749 2950 797 καὶ
2993 745 3085 804 τήν
3149 743 3265 802 ὃλην
3295 744 3537 815 καθορᾷν
3607 744 3902 814 στρατιά-ι,

2261 835 2322 895 ἣν
2360 841 2450 888 καὶ
2497 835 2647 889 πόλιν
2695 837 2998 906 κινουμένην
3051 833 3168 905 (33)
3225 831 3486 904 ὠνόμαζε,
3551 849 3765 893 πασας
3825 834 3906 889 τὰς

2256 929 2546 999 Ῥωμαὶκάς
2579 925 2731 986 ἄλλας
2793 925 2960 984 πόλεις
2999 923 3379 996 φυλάττουσαι.
3440 928 3634 974 Τοῦτο
3700 916 3774 972 δῖ
3830 919 3906 970 εὖ·

2258 1035 2360 1078 τως
2392 1015 2553 1067 ἐποίει
2607 1011 2877 1082 διηνεκῶς,
2931 1017 3021 1064 καὶ
3081 1011 3106 1063 ό
3162 1017 3438 1086 φωσφόρος
3491 1006 3559 1062 δὲ
3615 1013 3778 1084 εἰπερ
3831 1029 3906 1059 τεν

2261 1100 2475 1157 δυτικόν
2499 1099 2739 1156 εἰσδῦναι
2771 1103 3012 1177 ὁρίζοντα
3038 1100 3256 1174 ἱμελλεν,
3287 1101 3345 1152 ού
3398 1104 3691 1151 κατώκνει
3758 1107 3904 1150 τούτε

2259 1191 2595 1268 ἐργάζεσθαι.
2637 1196 2707 1246 Τό
2740 1188 2800 1244 δὲ
2847 1198 2938 1243 τοῦ
2994 1186 3348 1266 στρατοπέδου
3401 1185 3724 1260 διάστημα
3783 1188 3908 1258 ags:

2260 1303 2358 1336 που
2380 1286 2446 1335 τὰ
2470 1284 2866 1354 τεσσαράκοντα
2913 1276 3107 1332 στάδια
3154 1281 3234 1350 ἦν,
3270 1279 3312 1331 εἰ
3354 1283 3427 1350 μὴ
3479 1297 3548 1348 γε
3600 1283 3708 1330 καὶ
3763 1281 3906 1351 πρὸς.

2255 1369 2459 1444 Ἔγωγε
2486 1367 2574 1424 οὖν
2599 1368 2693 1423 οὖκ
2723 1369 2894 1443 ἀγαθῇ
2925 1374 3040 1422 τότε
3071 1370 3212 1441 τύχῃ
3262 1370 3632 1442 χρησάμένος
3666 1368 3697 1419 ό
3771 1365 3906 1437 gul-:-

2258 1461 2499 1524 ϐασιλεὺς
2530 1481 2586 1514 κε
2647 1465 2737 1513 καὶ
2783 1463 3024 1533 μάταιος,
3088 1461 3407 1530 πεπυσμένος
3462 1456 3725 1515 Emori-1v
3783 1457 3904 1508 sin:

2256 1554 2343 1604 τὸν
2389 1549 2634 1624 βασιλέα,
2661 1558 2751 1610 τῆς
2803 1551 3023 1622 ἡμιόνου
3075 1551 3141 1608 ὡς
3213 1544 3359 1619 εἶχον
3413 1549 3648 1618 τάχους
3716 1544 3900 1606 ἔπιε-ἐς

2259 1636 2514 1716 δρομαῖος
2562 1638 2846 1712 ἐφειπόμην
2900 1637 3062 1708 αύτῷ,
3114 1635 3172 1689 ού
3215 1640 3270 1688 τό
3327 1643 3417 1696 τῆς
3497 1636 3656 1707 ὥροις
3733 1633 3898 1706 ἄωρον

2257 1732 2637 1797 κατοπτεύσας,
2669 1731 2791 1804 ὅπερ
2854 1724 2984 1782 ἔδει.
3050 1725 3153 1799 Ἐφ’
3211 1724 3372 1778 ἳππου
3422 1720 3488 1776 δ⁴ε
3534 1725 3562 1774 ὁ
3632 1722 3900 1796 ﬂaui-73;

505 1821 764 1894 spiciens
797 1825 996 1879 cursui
1030 1825 1344 1896 imparem.
1403 1827 1758 1897 suspicatus,
1811 1827 1861 1882 si
1913 1826 2150 1897 longius
2182 1843 2221 1897 Β

2263 1817 2437 1880 ἱπιϐἁς
2466 1822 2754 1892 ταχύτερον
2805 1817 3089 1892 ἐπορεύετο,
3144 1819 3214 1877 ὡς
3261 1812 3320 1868 δὲ
3371 1811 3482 1868 εἰδὲ
3535 1834 3611 1886 με
3670 1819 3896 1866 κατόπι)

503 1910 634 1982 ipse
665 1912 1064 1982 processisset,
1101 1928 1222 1969 non
1273 1917 1639 1983 secuturum,
1689 1914 1853 1980 dixit,
1888 1937 1916 1964 «
1977 1917 2147 1982 Cave,

504 2014 746 2055 cursum
771 2001 1101 2068 contineas,
1136 2017 1382 2073 sequere
1441 2007 1642 2058 tamen
1694 2005 2096 2062 commodius.
2121 2028 2149 2055 »

503 2086 603 2143 Ille
628 2089 687 2144 in
720 2096 888 2146 sueta
911 2090 1021 2146 sibi
1049 2091 1184 2147 loca
1215 2091 1529 2147 advehitur
1558 2110 1570 2148 :
1595 2109 1872 2165 proceres
1923 2109 1993 2149 ac
2045 2093 2152 2150 viri

501 2175 760 2234 illustres
787 2180 1010 2236 itineris
1031 2181 1294 2246 comites,
1327 2181 1689 2252 quibuscum
1722 2187 1778 2238 et
1827 2183 1954 2255 ipse
2007 2199 2149 2239 con-

500 2281 808 2334 veneram,
843 2269 1108 2342 undique
1125 2285 1264 2326 eum
1287 2271 1688 2342 constipantes
1709 2269 1966 2325 adstant.
1991 2272 2152 2325 Tunc

502 2353 851 2427 imperator,
888 2379 914 2407 ‹‹
945 2359 1361 2427 Cognovistine
1392 2376 1444 2424 ›,
1478 2357 1688 2429 inqmt,
1714 2379 1740 2406 «
1791 2373 1924 2430 quae
1973 2358 2150 2414 nobis

502 2458 698 2514 nuper
716 2445 990 2500 nuntiata
1012 2451 1148 2501 sunt
1175 2446 1203 2500 ‘l
1236 2448 1416 2511 nNos,
1443 2469 1460 2494 ι
1485 2446 1737 2511 Minime,
1761 2446 2148 2518 imperator,»

501 2530 783 2587 diximus.
803 2534 1203 2605 Etimperator
1218 2550 1238 2589 .·
1255 2557 1281 2582 α
1297 2534 1552 2597 Quidam
1567 2540 1704 2590 ante
1720 2535 2150 2606 paucissimum

504 2623 742 2692 tempus
791 2623 1138 2686 adveniens,
1190 2623 1354 2694 quod
1403 2639 1551 2678 sane
1607 2623 1784 2679 nobis
1859 2623 2146 2696 displicet,

500 2711 816 2778 nuntiavit,
847 2713 1068 2767 Bosum
1097 2714 1276 2767 Urum
1303 2711 1480 2767 nobis
1501 2711 1706 2767 fucum
1729 2712 1954 2769 fecisse.
1987 2715 2152 2770 Lucri

503 2799 664 2854 enim
690 2815 873 2855 causa
893 2801 1011 2857 huc
1029 2800 1273 2856 veniens
1292 2817 1502 2874 pacem
1527 2805 1583 2857 et
1595 2801 1942 2867 amicitiam,
1965 2819 2152 2874 quam

498 2884 654 2941 inter
683 2902 791 2943 nos
847 2894 904 2944 et
959 2887 1250 2959 Bulgaros
1305 2890 1623 2946 meditatus
1677 2895 1786 2956 est,
1840 2890 2042 2947 fefellit
2098 2896 2155 2948 et

497 2975 808 3047 pejeravit.
833 2979 1240 3052 Quazcumque
1263 2995 1404 3048 ergo
1428 2980 1754 3052 attentavit,
1789 2979 1962 3036 fucus
1990 2980 2152 3037 fuere

499 3069 676 3139 atque
707 3067 965 3125 fallacia.
1000 3072 1114 3125 Nec
1142 3070 1295 3126 male
1335 3075 1580 3144 compta
1603 3069 1684 3126 illi
1714 3071 2028 3143 responsio
2074 3071 2154 3127 ad

492 3154 592 3226 jus
618 3156 1198 3227 deeritviolandum,
1261 3159 1658 3229 Bulgarorum
1718 3175 1936 3232 nempe
1995 3161 2156 3233 prin-

499 3244 713 3316 cipem,
751 3247 880 3319 ejus
911 3263 1224 3317 generum,
1275 3264 1488 3321 pacem
1545 3249 1965 3320 hujuscemodi
2022 3264 2158 3303 con-

497 3332 822 3391 ditionibus
889 3339 1210 3393 conflatam
1268 3354 1391 3392 non
1428 3339 1709 3409 recipere.
1769 3337 1923 3402 Quid
1984 3338 2156 3394 vobis

497 3421 733 3477 videtur
769 3424 797 3477 ?
825 3427 1118 3481 Verumne
1141 3430 1229 3481 est
1257 3425 1393 3496 hoc,
1421 3443 1497 3481 an
1523 3426 1774 3482 verbum
1805 3443 1839 3482 a
1866 3427 2157 3482 mendace

498 3510 822 3566 conﬁctum
847 3513 876 3567 ?
907 3535 935 3562 »
971 3517 1035 3568 Et
1057 3530 1186 3580 nos,
1212 3536 1241 3563 ‹‹
1271 3515 1648 3586 Neutiquam,
1673 3514 1932 3570 dicimus
1961 3531 2158 3571 sermo

500 3615 674 3654 verus
706 3617 868 3655 essse
898 3601 1162 3657 videtur:
1188 3602 1436 3658 omnino
1478 3619 1740 3675 namque
1771 3603 1955 3659 falsus
1984 3605 2150 3676 137

500 3693 590 3743 est
608 3695 787 3761 atque
819 3690 1093 3746 incertus.
1126 3695 1393 3765 Namque
1416 3694 1606 3748 Rosus
1629 3695 1778 3748 Urus
1815 3709 1934 3748 non
1958 3709 2067 3765 pro
2097 3710 2158 3749 se

501 3777 636 3851 ipso
667 3779 871 3844 modo,
908 3780 1014 3836 sed
1054 3787 1110 3838 et
1165 3797 1274 3854 pro
1326 3797 1547 3852 genero
1606 3797 1716 3838 suo
1767 3781 2157 3852 Bulgarorum

502 3867 768 3940 principe
792 3868 1033 3940 juravit.
1068 3877 1139 3926 At
1161 3886 1432 3943 quonam
1465 3871 1646 3927 modo
1678 3871 1736 3926 id
1768 3870 1895 3927 ﬁeri
1939 3877 2155 3942 potest,

501 3956 791 4014 hominem
807 3959 1198 4016 Christianum
1215 3960 1314 4016 tali
1330 3976 1392 4016 se
1405 3960 1667 4033 perjurio
1681 3960 2154 4017 dedecorasse?»

503 4046 954 4120 Etimperator:
995 4068 1026 4102 ‹
1053 4049 1448 4106 Pecuniarum
1483 4050 1750 4105 fortassis
1799 4050 2051 4105 aviditas
2097 4049 2156 4105 in

505 4135 696 4192 simile
728 4153 865 4192 cum
897 4138 1188 4208 ﬂagitium
1222 4139 1529 4194 conduxit.
1558 4141 1624 4194 Et
1654 4155 1764 4194 nos
1793 4154 1986 4211 neque
2017 4139 2157 4193 Bul-

504 4239 788 4294 garorum
820 4227 1081 4282 amicitia
1103 4228 1380 4297 fruimur,
1408 4232 1464 4283 et
1495 4233 1725 4283 tantam
1766 4243 2158 4283 nummorum

501 4313 966 4382 vimincassum,
991 4318 1414 4388 projecimus,»
1447 4341 1474 4368 «
1496 4321 1620 4373 Non
1635 4323 1743 4385 est,
1780 4340 1806 4367 »
1840 4317 2156 4373 subdimus

2261 1905 2421 1961 αὖτοὺ
2474 1913 2546 1981 μὴ
2612 1904 2895 1980 δυνάμενον
2940 1905 3111 1978 ἐκείνῳ
3185 1907 3525 1968 συνὲπεσθαι,
3604 1902 3896 1957 ὑπολαϐὼν

2261 2002 2331 2072 μὴ
2365 2018 2470 2058 πως
2508 1981 2775 2071 μακρύναις
2821 1996 2927 2068 οὐχ
2989 1995 3204 2069 ἕψομαι,
3272 1995 3467 2070 εἰρήκει
3503 2013 3631 2068 μοι,
3680 2014 3718 2046 ‹
3752 1989 3893 2050 Mm"

2262 2087 2390 2150 ὅλως
2436 2085 2770 2160 ἆπολειφθῇς,
2820 2083 2948 2138 ἀλλὰ
2998 2089 3088 2138 καὶ
3148 2084 3523 2158 σχολαιότςρον
3584 2086 3806 2158 ἤρχου.
3869 2105 3890 2131 ν

2261 2177 2446 2249 Ἀπῄει
2482 2183 2608 2248 γοῦν
2635 2176 2708 2237 εἰς
2731 2179 2818 2228 τόν
2858 2177 3057 2233 συνὴοη
3105 2179 3282 2244 τόπον,
3331 2178 3420 2224 καὶ
3481 2177 3582 2225 σὺν
3640 2170 3801 2244 αὗτῷ
3852 2173 3891 2223 οἱ

2263 2265 2383 2340 ἀμφ’
2435 2266 2590 2319 αὐτὸν
2636 2261 2854 2337 λογάδες
2911 2264 3259 2333 συνέστησαν,
3307 2267 3397 2315 καὶ
3477 2261 3650 2322 αὐτός

2263 2355 2514 2416 συνῆλθον
2572 2355 2852 2426 ἑπόμενος,
2917 2358 3008 2406 καὶ
3067 2358 3408 2429 περιέστημεν
3469 2354 3618 2404 κατὰ
3703 2351 3888 2403 κύκλον

3743 2265 3889 2334 apis:

2259 2449 2462 2507 πάντες.
2497 2446 2641 2497 Καὶό
2675 2442 2940 2516 βασιλεύς,
2977 2463 3007 2495 ‹
3035 2444 3402 2516 Μεμαθὴκατε,
3432 2461 3461 2491 ››
3497 2446 3665 2513 φησὶ,
3703 2463 3736 2490 ιι
3793 2449 3886 2492 τῶν

2259 2536 2577 2608 προσφάτως
2607 2532 3004 2605 ἀπηγγελμένων
3030 2532 3193 2604 ὴμῖν;
3225 2553 3253 2580 ››
3302 2534 3392 2582 καὶ
3445 2530 3629 2602 ἡμεῖς,
3701 2553 3731 2578 ιι
3793 2532 3884 2582 03-

2259 2643 2402 2693 κουν,
2432 2623 2470 2673 ὦ
2503 2621 2743 2695 βασιλεῦ.
2772 2645 2799 2672 ››
2837 2627 2938 2675 Καὶ
2967 2623 2992 2674 ό
3043 2619 3314 2694 βασιλευς,
3352 2643 3380 2670 ιι
3438 2618 3769 2693 ἓΑνθρωπός
3813 2639 3885 2679 τις

2260 2716 2360 2786 πρὸ
2407 2732 2543 2773 τινος
2596 2710 2860 2786 βραχείας
2894 2711 3045 2788 ,ὥρας
3100 2709 3254 2762 ἐλθὼν
3312 2707 3600 2780 ἀπήγγειλέ
3673 2728 3732 2760 τι
3791 2717 3880 2760 τῶν

2262 2801 2578 2860 ἀϐουλήτων·
2609 2804 2678 2854 Τὸ
2720 2797 2854 2859 δ’ἧν
2899 2803 2966 2862 ὡς
3028 2801 3054 2852 ὁ
3099 2799 3283 2860 Ῥῶσος
3334 2803 3505 2873 Οῦρός
3564 2801 3716 2870 ἡμᾶς
3777 2798 3881 2860 ἕξις-

2264 2894 2463 2950 πάτηκε
2492 2913 2504 2924 ο
2547 2893 2709 2964 χάριν
2739 2893 2841 2964 γὰρ
2898 2887 3118 2964 κέρδους
3166 2887 3372 2941 ἐνταυθὶ
3441 2886 3742 2960 ἀφιγμένος
3793 2893 3879 2945 τήν

2264 2985 2526 3054 μεσιτείαν
2549 2988 2640 3040 τῆς
2685 2979 2890 3052 εἰρὴνης
2946 2978 3202 3051 ἐψεύσατο
3249 2983 3339 3030 καὶ
3391 2975 3640 3052 ἐπίορκον
3685 2978 3874 3049 ὤμοσε,

2267 3072 2460 3127 Φενάκη
2491 3077 2618 3140 γοῦν
2647 3071 2858 3143 ὑπῆρχε
2896 3071 2961 3120 τὰ
3011 3071 3181 3120 πάντα
3227 3066 3394 3120 ἐκεῖνα
3450 3069 3544 3119 ὃνα
3592 3072 3871 3134 πεποίηκε,

2264 3166 2353 3212 καὶ
2400 3159 2681 3231 ἀπολογίαν
2735 3159 3020 3231 εύὰφορμον
3074 3161 3206 3230 ἔχει,
3255 3160 3325 3219 ὡς
3378 3161 3531 3230 φασί,
3591 3161 3734 3228 πρὸς
3789 3161 3872 3212 τὴν

2264 3258 2363 3301 τῶν
2395 3251 2557 3324 ὅρκων
2591 3245 2855 3314 διάλυσιν,
2898 3250 2979 3300 ότι
3032 3267 3124 3321 περ
3184 3247 3210 3298 ό
3265 3255 3362 3298 τῶν
3422 3244 3738 3320 Βουλγάρων

2265 3357 2378 3410 χων
2407 3340 2432 3390 6
2463 3341 2654 3390 τούτου
2676 3336 2907 3411 γαμϐρὸς
2933 3341 3027 3394 τὴν
3075 3338 3157 3388 ἐπὶ
3224 3339 3546 3408 συμφωνίαις
3606 3339 3874 3394 τοιαύταις

2267 3427 2476 3501 εἰρήνην
2507 3427 2565 3478 ού
2605 3423 2981 3498 καταδὲχεται.
3005 3429 3068 3477 Τί
3098 3424 3184 3476 οὖν
3215 3426 3335 3497 ύμῖν
3369 3421 3516 3476 δοκεῖ
3559 3443 3572 3491 ;
3624 3422 3717 3497 ἆρ’
3763 3423 3870 3482 ali:-

2271 3518 2351 3577 Θες
2403 3516 2516 3569 ἐστι
2544 3516 2773 3583 τοῦτο,ᾖ
2833 3514 2978 3590 ῥῆμα
3032 3513 3387 3587 πεπλασμένον
3439 3517 3573 3586 πρός
3622 3510 3871 3584 ψευδολό-

2265 3622 2398 3678 γου;
2431 3627 2458 3655 »
2485 3610 2584 3658 Καὶ
2618 3608 2790 3678 ἡμεῖς,
2824 3627 2852 3654 ‹‹
2879 3601 3013 3657 Οὐδ’
3042 3603 3188 3672 ὅλως,
3223 3599 3370 3655 δοκεῖ
3421 3622 3530 3663 πως
3584 3623 3612 3650 n
3664 3603 3867 3674 ἔφαμεν,

2268 3719 2294 3746 ι(
2328 3693 2567 3755 ἀληθείας
2604 3697 2691 3746 τὸν
2730 3693 2880 3765 λόγον
2938 3694 3177 3764 ἔχεσθαι,
3244 3694 3388 3744 Θάνυ
3438 3694 3540 3766 γὰρ
3615 3697 3866 3764 τυγχάνει

2267 3780 2417 3845 οὗτος
2442 3780 2753 3855 ψευδὴςκαὶ
2789 3781 3051 3850 ἀϐέϐαιος,
3110 3783 3190 3834 ὅτι
3247 3786 3340 3856 πέρ
3393 3782 3418 3832 6
3459 3780 3652 3842 Ῥῶσος
3713 3783 3865 3854 Ούρος

2267 3873 2326 3925 ού
2360 3878 2512 3945 μόνον
2544 3873 2668 3944 ὑπερ
2721 3871 2928 3942 ἑαυτοῦ,
2977 3870 3108 3922 οἷλλὰ
3160 3874 3251 3922 καὶ
3306 3871 3429 3944 ὑπὲρ
3485 3869 3580 3921 τοῦ
3630 3871 3863 3946 γαμϐροῦ

2267 3962 2536 4014 αὐτοῦτοῦ
2565 3970 2664 4013 τῶν
2694 3961 2998 4033 Βουλγάρων
3046 3961 3305 4033 ἄρχοντος
3357 3959 3694 4031 ἐπωμόσατο.
3761 3968 3862 4021 Πῶς

2266 4047 2354 4104 οὖν
2393 4051 2506 4103 ἐστι
2557 4053 2780 4122 πεφυκὸς
2855 4049 3123 4124 ἄνθρωπον
3175 4053 3297 4101 ὄντα
3353 4052 3675 4123 Χριστιανὸν
3730 4049 3858 4102 ἐπιο-

2265 4145 2355 4212 κίᾳ
2376 4142 2591 4213 τοιαύτῃ
2623 4145 2915 4214 περιπεσεῖν
2945 4156 2959 4206 ;
2999 4161 3018 4188 ι
3057 4142 3157 4191 Καὶ
3185 4139 3210 4190 6
3259 4135 3529 4210 βασιλέύς,
3597 4161 3618 4187 ι
3679 4138 3740 4192 Ἠ
3773 4150 3861 4192 τῶν

2266 4230 2557 4301 χρημάτων
2591 4227 2717 4288 ἴσως
2766 4226 3017 4298 ἐπιθυμία
3078 4231 3385 4299 παρέπεισεν
3440 4228 3503 4279 ἄν
3570 4227 3730 4279 αὐτόν
3803 4229 3861 4288 εἰς

2268 4321 2516 4376 τοιαύτην
2570 4316 2909 4379 ἐξολισοησαι
2965 4320 3166 4370 κακίαν.
3229 4319 3330 4368 Καὶ
3381 4316 3532 4387 ἡμεῖς
3592 4317 3654 4368 ού
3721 4324 3860 4388 μόνον

505 4415 640 4466 nos,
676 4424 697 4451 ι
729 4419 852 4459 non
877 4409 964 4460 est
989 4405 1104 4460 hoc
1131 4406 1355 4462 veritati
1381 4421 1736 4472 consonum,
1760 4406 2104 4478 imperator.
2125 4428 2153 4456 »
2195 4397 2222 4451 ΙΙ

2269 4413 2362 4466 τὴν
2410 4416 2508 4459 τῶν
2558 4406 2867 4479 Βουλγάρων
2924 4405 3128 4478 ἀγάπην
3197 4404 3290 4457 οὐκ
3336 4407 3547 4478 ἔχομεν*
3599 4404 3730 4458 ἀλλὰ
3782 4417 3859 4459 και

505 4493 572 4546 Et
592 4490 920 4562 imperator
950 4494 1026 4548 ad
1061 4511 1155 4549 me
1185 4496 1564 4565 potissimum
1593 4511 1955 4551 conversus:
1990 4519 2016 4547 ‹‹
2074 4499 2158 4552 Tu

505 4594 648 4634 vero
678 4579 824 4651 quid
847 4581 923 4636 ad
957 4581 1083 4636 haec
1115 4584 1246 4638 ais?
1278 4604 1305 4633 ››
1328 4586 1475 4637 Tum
1508 4582 1657 4654 ipse:
1684 4605 1710 4632 ει
1746 4586 1871 4638 Non
1889 4583 2054 4639 aliter
2085 4585 2158 4642 de

505 4669 598 4727 his
614 4670 822 4741 judico
847 4689 859 4725 :
885 4671 1138 4728 aliorum
1164 4673 1438 4745 approbo
1457 4673 1834 4741 sententiam,
1856 4674 2158 4730 fraudem-

506 4776 624 4834 que
655 4778 782 4818 esse
809 4778 995 4839 quam
1029 4763 1357 4818 maximam
1387 4764 1586 4835 potius
1616 4780 1803 4836 quam
1828 4765 2155 4838 veritatem,

506 4851 671 4924 quod
698 4851 1130 4917 circumfertur,
1149 4853 1448 4909 existimo.
1476 4855 1689 4909 Verum
1715 4854 1785 4920 si,
1800 4855 1964 4928 quod
1979 4856 2160 4911 etiam

506 4940 835 5014 aliquando
858 4942 916 4998 in
952 4942 1255 4998 nonnullis
1286 4943 1553 4999 accidere
1581 4943 1749 5011 solet,
1785 4947 1934 5000 Urus
1963 4961 2159 5002 sacra-

504 5035 779 5088 mentum
809 5031 1074 5101 violavit,
1115 5031 1310 5099 nobis,
1335 5037 1400 5088 ut
1437 5033 1569 5105 ipse
1612 5033 1993 5106 opinabatur,
2055 5035 2162 5090 im-

504 5134 760 5190 ponens,
795 5126 1059 5177 attamen
1082 5124 1313 5178 Numen
1337 5122 1468 5194 ipse
1492 5122 1604 5177 sibi
1629 5123 1867 5189 iratum,
1891 5139 2002 5179 nos
2019 5139 2162 5180 vero

507 5206 568 5265 id
589 5223 693 5284 pro
713 5209 887 5266 nobis
913 5209 1059 5283 ipsis
1081 5211 1324 5266 veritate
1334 5211 1352 5282 j
1367 5211 1682 5284 ustitiaque
1703 5211 1835 5284 ipsa
1847 5211 2161 5269 decertans

2268 4505 2500 4550 τοσαῦτα
2575 4495 2661 4548 ἐπὶ
2731 4503 2877 4557 κενῆς
2947 4493 3382 4567 κατηναλώκαμεν
3455 4497 3740 4568 χρήματα·

2271 4609 2298 4637 ‹‹
2332 4587 2614 4660 Ούμενοῦν,
2652 4607 2680 4638 ››
2724 4586 2876 4658 ἡμεῖς
2927 4586 3096 4657 ἔφηεν,
3124 4606 3151 4633 ‹‹
3211 4582 3390 4644 ἀληθὲς
3418 4588 3566 4636 τουτί
3596 4588 3848 4644 καθεστη-

2267 4697 2342 4741 κε,
2379 4674 2619 4749 βασιλεῦ’.
2658 4695 2685 4724 ››
2736 4680 2837 4728 Kal.
2881 4675 2906 4726 6
2962 4672 3206 4748 βασιλεὺς
3266 4669 3379 4746 ἰδίᾳ
3435 4678 3524 4725 καὶ
3578 4677 3713 4747 πρός
3763 4677 3853 4749 ἐμὲ,

2271 4789 2298 4819 ιι
2324 4769 2388 4820 Σὺ
2412 4763 2471 4818 δὲ
2497 4768 2548 4816 τί
2576 4765 2788 4836 φάσκεις
2808 4766 2938 4839 πρὸς
2966 4770 3135 4814 ταῦτα
3167 4779 3180 4830 ;
3208 4786 3235 4813 ››
3287 4767 3388 4815 Καὶ
3453 4761 3631 4826 αὐτὸς,
3683 4787 3710 4813 (ι
3764 4767 3856 4817 0-3-

2267 4859 2402 4910 τωσί
2449 4875 2560 4916 πως
2615 4855 2818 4913 τούτοις
2866 4852 2931 4913 ὠς
2972 4857 3062 4904 καὶ
3118 4852 3168 4904 οἰ
3219 4850 3363 4903 ἄλλοι
3415 4847 3713 4923 διάκειμαι,
3779 4861 3856 4906 καὶ

2269 4945 2352 4999 ἐπὶ
2407 4943 2535 4996 πολὺ
2588 4941 2779 5016 μᾶλλον
2835 4938 3126 5012 ψεύδεσθαι
3181 4944 3239 4992 τὸ
3295 4939 3585 5012 λελεγμένον
3645 4946 3676 5000 ἧ
3741 4944 3852 5001 αλκ-

2271 5037 2432 5088 θεὺειν
2452 5036 2651 5104 οἴομαι.
2683 5033 2743 5084 Εἰ
2776 5027 2856 5092 δὲ,
2887 5032 2973 5084 οἶα
2999 5029 3274 5103 συμϐαίνει
3298 5032 3420 5082 ποτε
3461 5034 3553 5081 καὶ
3599 5029 3650 5082 ἐν
3698 5030 3851 5094 ἐνίοις,

2269 5124 2405 5176 καὶό
2472 5118 2641 5196 Οὖρος
2689 5123 2872 5172 οὑτοσὶ
2929 5123 3052 5180 τοὺς
3095 5121 3279 5192 ὅρκους
3328 5119 3636 5176 ἠθετηκέναι
3691 5120 3852 5191 βεϐού-

2268 5212 2465 5284 λευται,
2528 5209 2617 5284 [Ρ.
2653 5208 2746 5283 ’71]
2797 5205 2953 5272 δόξας
3000 5210 3137 5282 ἡμᾶς
3193 5207 3588 5278 ἐξηπατηκέναι,
3641 5207 3849 5274 ἀλλ’έξει

1390 5352 1731 5420 Theodori
1781 5354 2031 5423 Dousaa
2081 5363 2146 5422 et
2193 5354 2445 5423 Leonis
2495 5352 2731 5420 Allatii
2780 5359 2980 5420 notae.

572 5477 685 5548 (33)
749 5478 903 5530 Πόλιν
967 5483 1323 5551 κινουμένην.Δ
1375 5480 1451 5551 Et
1542 5483 1680 5535 ante
1769 5480 2145 5551 Theodorum

504 5547 676 5625 {tuna
707 5551 1030 5625 Qomnena,
1063 5547 1341 5625 Arlexiud.
1374 5550 1476 5625 lib.
1508 5566 1603 5625 χιιι
1634 5569 1647 5606 :
1679 5556 1779 5605 Καὶ
1825 5547 1885 5625 ἧν
1935 5551 2146 5625 φοϐερὸν

507 5617 888 5695 θέαμα-’ἐκεῖνο
939 5617 1022 5672 τὸν
1057 5624 1330 5692 σύνταγμα
1380 5623 1610 5695 καθάπερ
1677 5642 1728 5674 τι
1796 5617 1984 5695 πόλεως
2048 5617 2148 5676 τεῖ-

503 5688 608 5766 χος
640 5688 878 5752 ἀλλήλοις
933 5688 1366 5767 συνηρμοσμένοι.
1417 5692 1523 5748 Lib
1582 5688 1698 5749 'xv:
1759 5699 1860 5751 Καὶ
1911 5691 2044 5758 εἶπες
2090 5694 2149 5746 ἂν

2259 5477 2384 5532 ἰδὼν
2444 5478 2591 5531 πόλιν
2665 5481 2783 5562 τινα
2857 5477 3099 5566 ἔμψυχον
3173 5481 3582 5553 πεπυργωμένην
3657 5484 3838 5553 πορέὰε-

2261 5554 2385 5624 σθαι
2418 5553 2554 5602 κατὰ
2588 5554 2680 5610 τὴν
2726 5551 2996 5624 εἰρημένην
3057 5551 3252 5609 ἐκείνην
3314 5551 3626 5623 κινουμένην
3685 5551 3838 5605 σύντα-

2261 5623 2357 5686 ξιν.
2380 5627 2514 5680 ALL.
