3966 6324
141 356 294 415 1149

1715 348 2062 406 ANNALES-

3371 364 3506 419 H50

141 485 241 554 μὶν
296 481 446 544 οὗτος
465 483 525 535 τὸ
559 482 713 536 Θεῒον
767 480 886 534 καθ’
949 478 1131 534 έαυτοῦ
1159 475 1420 549 πολέμιον,
1480 471 1630 547 ἡμεῖς
1682 469 1742 526 δέ

1859 472 2242 531 habebimus.
2269 477 2447 533 »Htec
2485 475 2814 550 imperator
2841 478 3022 537 effata
3059 482 3430 556 approbavit,
3451 491 3510 544 et

139 574 276 646 ὑπέρ
305 574 500 626 ὶαυτῶν
542 580 638 634 τῆς
675 571 920 632 άληθεὶας
953 573 1045 622 καὶ
1106 575 1199 620 τοῦ
1259 564 1472 619 δικαίου
1514 566 1746 638 ὑπερμα-

139 665 392 734 χόμενον.
429 683 458 712 »
487 663 644 714 Ταῦτ’
679 664 906 734 εἴπομεν,
938 659 1080 712 καὶὸ
1121 654 1372 730 βασιλεὺς
1428 660 1537 716 τοῖς
1584 652 1748 723 λελεγ-

140 755 316 823 μένοις
388 758 656 824 συνδῇνεσι.
729 755 830 804 Καὶ
892 746 1229 822 ὑποστρέφειν
1288 747 1420 819 πρὸς
1472 745 1568 804 τὰς
1621 761 1748 799 σκη-

137 842 242 904 νὰς
300 838 694 914 ίφωρμήκαμεν.
756 839 850 902 νὺξ
911 840 1014 911 γὰρ
1081 832 1211 896 ἤδη.
1256 833 1390 888 Ἀλλ’
1457 834 1488 892 ἠ
1561 830 1746 890 σελήνη

137 928 464 991 πανσέληνος
506 929 642 982 οὖσα
697 936 799 1002 φῶς
853 931 979 1000 ἡμῖν
1038 928 1290 1001 παρεῖχεν
1355 927 1498 996 ὁρᾷν·
1565 925 1667 974 Καὶ
1721 921 1747 971 ὁ

139 1015 396 1092 βασιλεύς
423 1013 460 1070 δ
465 1035 781 1090 ιερχομενος,
810 1037 839 1066 »
874 1020 938 1070 Τί
975 1016 1098 1088 ὑμῖν
1135 1013 1277 1086 ροκεῖ
1323 1016 1440 1083 περὶ
1485 1013 1582 1063 τῶν
1610 1008 1746 1062 λελεο

135 1110 346 1179 γμένων
379 1122 449 1174 ;»
489 1106 636 1168 αὖθις
673 1111 871 1182 ἠρώτα.
908 1109 1010 1158 Καὶ
1064 1108 1210 1176 ἡμεῖς
1248 1123 1277 1151 »
1331 1104 1508 1173 φευρές
1568 1106 1744 1167 τοῦτο,

137 1193 185 1269 ᾧ
217 1196 461 1270 βασιλεῦ.
485 1217 514 1247 ››
546 1203 712 1251 Τοῦτο
735 1193 794 1249 δὶ
824 1196 931 1268 οὐχ
958 1193 1119 1261 ἅπαξ,
1161 1189 1286 1246 add“:
1319 1189 1402 1254 δίς
1431 1192 1459 1251 ἦ
1489 1211 1580 1243 και
1609 1194 1745 1262 τρίς,

138 1284 279 1340 ἄλλά
341 1291 430 1339 καὶ
483 1285 726 1348 πολλάκις
825 1287 1109 1358 πυθόμενος
1179 1279 1260 1342 ἦν.
1332 1286 1432 1336 Καί
1470 1279 1616 1353 ἡμείς
1653 1281 1747 1341 τὰς

137 1373 454 1446 άποκρῖσεις
491 1375 547 1439 έξ
619 1383 741 1429 ῖσου
803 1378 930 1449 πρὸς
992 1376 1086 1436 τὰς
1141 1375 1351 1433 πεύσεις
1408 1373 1748 1429 πεποιηκότες

137 1465 468 1537 ὶσιωπῶμεν.
509 1463 572 1516 Ὀ
631 1460 691 1517 δὲ
742 1467 833 1517 καὶ
881 1462 1036 1517 πάλιν
1092 1467 1292 1536 ὴρώτω
1343 1460 1483 1514 Ἐπεὶ
1533 1455 1592 1512 di
1630 1461 1746 1518 τοὺς

137 1551 334 1615 ἄλλους
372 1560 625 1624 σιγῶντας
658 1556 809 1626 έῶρα,
851 1555 980 1626 πρὸς
1019 1571 1083 1623 με
1119 1554 1207 1603 τὸν
1270 1549 1419 1621 λόγον
1485 1549 1743 1621 άποστρέ-

137 1662 248 1715 φας
272 1647 527 1716 ἠρώτηκε,
570 1663 599 1692 ››
637 1645 703 1694 Σὺ
731 1637 791 1694 δὲ
823 1647 874 1694 τί
914 1645 1014 1714 φής
1047 1643 1178 1714 πρὸς
1209 1647 1376 1692 ταῦτα
1417 1655 1429 1693 :
1468 1659 1489 1688 ι
1532 1641 1620 1695 τὴν
1649 1644 1744 1688 τοῦ

135 1735 389 1804 οφφικίου
427 1730 615 1791 κλῆσιν
651 1732 916 1805 προσθείς·
993 1750 1022 1781 ν
1082 1731 1144 1782 Ἢ
1208 1730 1426 1786 τοιαύτη
1494 1727 1744 1789 ὑπόθεσις

1859 563 2116 636 quisque
2141 568 2412 620 nostrum
2444 565 2521 621 ad
2555 567 2808 623 tentoria
2854 571 3132 640 progredi
3198 580 3459 647 coeperat
3490 595 3503 634 :

1857 665 2122 723 namque
2143 668 2262 708 nox
2284 653 2490 710 omnia
2527 661 2944 728 occupaverat,
2985 658 3118 715 licet
3146 659 3290 716 luna
3329 662 3507 734 plena

1855 738 2080 796 lumine
2106 742 2494 800 collustraret.
2547 745 2875 817 Imperator
2937 747 3075 803 dein
3137 752 3504 823 praeteriens,

1853 846 2096 887 rursum
2127 849 2240 888 nos
2262 833 2632 900 sollicitare,»
2671 836 2814 908 quid
2871 837 3047 893 nobis
3075 839 3150 895 de
3206 842 3506 913 praedictis

1855 920 2174 977 videretur.
2214 944 2235 971 ι
2261 924 2326 977 Et
2351 938 2462 978 nos
2482 940 2539 988 ;»
2571 923 2940 981 Mendacium
2972 927 3086 984 hoc
3116 935 3224 995 est,
3251 930 3506 1003 impera-

1855 1011 1966 1065 tor.
2001 1031 2028 1060 ››
2058 1012 2124 1066 Et
2146 1009 2261 1066 hoc
2288 1026 2411 1067 non
2435 1011 2530 1067 bis
2568 1019 2672 1068 aut
2698 1018 2804 1081 ter,
2835 1015 2936 1071 sed
2979 1017 3306 1089 saepissime
3332 1019 3508 1076 inter-

1855 1097 2129 1168 rogabat.
2173 1102 2236 1156 Et
2272 1115 2384 1156 nos
2425 1095 2606 1173 porro
2645 1105 3136 1176 responsionibus
3173 1108 3502 1180 interroga-

1856 1188 2117 1244 tionibus
2169 1205 2242 1244 ex
2289 1205 2465 1263 aequo
2516 1191 2942 1250 satisfacientes
2989 1195 3361 1253 tacebamus.
3404 1198 3504 1256 Ille

1853 1293 2093 1334 rursum
2125 1278 2483 1350 compellare
2548 1281 2722 1352 138
2755 1281 2865 1338 Sed
2930 1289 3178 1340 eaeteros
3231 1286 3503 1344 obmute-

1857 1372 2087 1424 scentes
2117 1367 2365 1424 intuitus
2385 1368 2464 1424 ad
2490 1385 2586 1424 me
2612 1377 2962 1428 convertens
2981 1375 3312 1431 orationem
3335 1376 3500 1434 inﬁt:

1855 1479 1884 1507 »
1903 1459 1986 1513 Tu
2005 1473 2182 1528 porro
2207 1458 2354 1530 quid
2389 1459 2466 1514 ad
2489 1459 2618 1515 haec
2639 1460 2830 1516 dicis?
2847 1483 2874 1512 ‹‹
2894 1467 2950 1518 et
2974 1465 3202 1520 nomini
3237 1464 3502 1522 oﬂicium

1854 1546 2114 1603 addidit.
2150 1568 2177 1597 »
2202 1550 2321 1603 Hoc
2351 1550 2656 1619 negotium
2681 1561 2760 1607 ad
2774 1557 2825 1606 te
2849 1557 3094 1624 spectat,
3128 1559 3297 1610 ettua
3326 1557 3504 1628 potis-

1855 1635 2073 1691 simum
2103 1637 2412 1692 interest.»
2445 1640 2786 1695 Haacautem
2815 1641 3111 1697 irascendi
3125 1643 3234 1698 sibi
3257 1660 3504 1702 causam

1854 1741 2187 1798 procurans
2201 1726 2456 1783 dicebat.
2475 1730 2623 1784 Tum
2648 1745 2789 1799 ego:
2811 1751 2838 1778 »
2861 1731 3134 1796 Quanam
3157 1749 3340 1788 causa
3368 1750 3506 1790 mea

137 1825 232 1873 σοὶ
263 1823 524 1894 ἁρμόττει,
563 1825 653 1872 καὶ
691 1823 760 1883 ὡς
791 1824 857 1879 σὴ
898 1821 1189 1878 καθὶστηκε
1225 1820 1479 1892 μάγιστα.
1517 1839 1546 1868 »
1576 1819 1740 1873 Ταυτὶ

1857 1815 2096 1871 interest
2121 1816 2218 1872 ?Si
2245 1815 2492 1873 ﬁdeliter
2509 1818 2836 1890 scripturas
2863 1835 2985 1875 non
3011 1825 3323 1878 exsecutus
3344 1839 3502 1879 sum.

136 1907 208 1964 δε
265 1909 398 1982 ἔλεγε
447 1913 709 1984 πρόφασιν
775 1909 932 1984 ὀργῆς
992 1909 1162 1970 ζητῶν
1229 1907 1476 1980 ἐφευρείν.
1553 1904 1650 1958 Ἦν
1689 1901 1741 1958 δ’

140 1999 271 2071 ἐγὼ,
305 2020 335 2049 ››
364 2003 509 2060 Τίνος
527 2000 690 2073 χάριν
728 2001 869 2052 ὶστίν
908 1997 1003 2071 έμῆ
1049 2015 1063 2064 ;
1097 1997 1141 2052 εἰ
1177 1999 1280 2071 γάρ
1336 2000 1409 2069 μὴ
1451 1994 1615 2056 καλῶς
1645 2014 1741 2048 πε-

138 2093 345 2148 ποίηκα
379 2090 468 2150 τὰς
504 2091 708 2163 γραφὰς
757 2092 845 2141 καὶ
891 2092 1010 2149 τοὺς
1048 2087 1229 2162 ὅρκους
1291 2085 1546 2152 τετέλεκα,
1603 2079 1744 2157 μηδὲ

139 2183 514 2254 προσηκόντως
552 2177 708 2230 αὐτόν
759 2197 814 2231 τε
851 2182 941 2230 καὶ
979 2181 1102 2240 τοὺς
1156 2175 1280 2250 ἀμφ’
1341 2175 1498 2229 αὐτὸν
1554 2177 1742 2247 ῳκονὸ-

141 2274 312 2340 μηκᾶ,
357 2267 567 2340 σφάλμα
601 2274 752 2321 τοῦτο
811 2266 930 2340 έμόν
985 2272 1074 2320 καὶ
1124 2272 1366 2338 πταῖσμα
1429 2268 1647 2338 μακρόν.
1684 2267 1743 2316 Ei

143 2354 209 2411 δέ
270 2361 562 2431 πρεπόντως
627 2365 792 2410 ταῦτα
852 2361 1127 2430 γεγένηται
1190 2361 1280 2410 καὶ
1333 2357 1403 2418 ὡς
1428 2354 1523 2408 οὐκ
1580 2352 1744 2415 ἄλλως

142 2445 336 2520 ἕχρῆν,
365 2451 419 2500 τί
445 2450 573 2522 πρὸς
601 2446 691 2520 ὶμὶ
727 2450 793 2499 τὰ
821 2447 946 2522 παρ’
1009 2446 1202 2500 ἐκείνου
1261 2449 1392 2518 πρὸς
1449 2443 1744 2516 ἀνατροπὴν

141 2543 248 2587 τῶν
285 2537 627 2606 γεγενημὶνων
673 2533 949 2606 τελούμενα
988 2553 1002 2602 ;
1038 2555 1066 2585 η
1131 2539 1232 2587 Καὶ
1289 2535 1314 2585 ό
1378 2531 1622 2605 βασιλεὺς
1651 2533 1743 2584 ούκ

141 2621 422 2686 οἶδ’ὁπως
482 2624 592 2695 (τὴν
651 2625 754 2696 γὰρ
834 2623 1004 2676 αἰτίαν
1071 2625 1317 2698 είρήκυν)
1375 2621 1528 2674 πάλιν
1587 2620 1740 2694 λέγει,

144 2737 178 2766 κ
209 2719 274 2767 Τί
303 2719 404 2787 φης
431 2720 547 2790 περὶ
566 2721 669 2767 τῶν
695 2717 939 2768 τοιούτων
969 2730 982 2780 ;
1029 2736 1052 2764 ε
1088 2717 1191 2767 Καὶ
1238 2713 1392 2776 αὐτὸς
1433 2754 1453 2782 ,
1485 2735 1514 2764 ››
1549 2712 1742 2768 Ηολλά-

141 2824 229 2867 κις
257 2805 496 2878 εἰρήκειν,
528 2803 822 2873 ὧϐασιλεῦ,
883 2808 953 2866 ὡς
972 2803 1057 2857 ἐπὶ
1116 2803 1266 2856 πλέον
1329 2807 1420 2875 μόι
1475 2799 1620 2855 δὀκεί⁸
1683 2805 1741 2854 τὸ

140 2893 412 2968 εἰρημένον
437 2890 648 2965 ψευδὶς,
697 2891 776 2947 ἔπ’
819 2892 1030 2946 ἔλαττον
1079 2888 1139 2945 δὶ
1191 2892 1392 2953 άληθές.
1437 2895 1507 2944 Τό
1556 2888 1616 2945 δὶ
1659 2889 1741 2944 ἰπὶ

135 2990 255 3043 τοῖς
283 2979 497 3043 ἀδήλοις
527 2980 754 3056 ἀκριϐῶς
785 2980 1167 3055 ἀποφαίνεσθαι
1229 2985 1290 3035 οὔ
1327 3000 1417 3052 μοι
1444 2977 1590 3034 δοκεῖ
1616 2982 1742 3056 ρᾷον

131 3068 296 3129 ιῖναι.
332 3093 354 3122 ι
389 3077 458 3125 Ἦ
488 3068 543 3124 δ’
582 3067 791 3139 ὶκεῖνος,
826 3093 854 3122 ››
895 3073 976 3125 Ἐν
1014 3070 1123 3131 τοῖς
1163 3067 1384 3132 άδῆλοις
1423 3073 1534 3124 έστὶ
1579 3074 1742 3144 χάρις

136 3157 370 3234 βεδαίως
431 3165 522 3214 καὶ
583 3159 786 3223 ἀληθῶς
847 3159 1226 3232 ἀποφαίνεσθαι
1260 3175 1272 3189 ⁸

140 3247 326 3312 δήλοις
353 3254 443 3303 καὶ
472 3252 522 3303 οἱ
549 3246 787 3322 ἀείδαροι
815 3248 1076 3322 λέγουσιν.
1114 3270 1143 3298 ››
1172 3249 1268 3302 Ἦν
1304 3245 1353 3302 δ’
1380 3252 1503 3320 ὶγὼ,
1541 3270 1569 3300 »
1603 3247 1743 3304 Ἰδοὺ

140 3343 402 3414 μετὰτῶν
442 3337 698 3413 ἀειδάρων
737 3343 828 3392 καὶ
887 3341 1038 3412 ἡμεῖς
1105 3341 1512 3412 συντετάγμεθα·
1574 3364 1600 3393 ε
1648 3347 1746 3394 Καὶ

142 3431 173 3484 ὁ
201 3428 441 3490 ϐασιλεὺς
477 3429 641 3502 χόλου
671 3429 924 3490 πλησθεὶς
963 3431 984 3465 ³
1018 3450 1047 3479 ››
1088 3432 1153 3481 Σὺ
1173 3431 1388 3482 πάντονε
1415 3430 1557 3488 ἦσθα
1591 3453 1612 3481 ε
1651 3433 1744 3504 ἔφη

150 3522 375 3593 »μωρὸς
435 3525 525 3573 καὶ
587 3517 777 3594 ἀρτίως
831 3518 986 3572 πάλιν
1050 3522 1244 3591 μωρὸς.
1323 3541 1352 3570 ››
1419 3520 1538 3574 ’Καὶ
1597 3520 1747 3583 αὐτὸς

145 3605 305 3662 οὐδέν
330 3627 382 3660 τι
418 3607 568 3661 πλέον
605 3610 680 3680 μὰ
717 3612 838 3668 τοὺς
874 3607 1061 3678 λόγους
1099 3605 1501 3683 ἀνταπεκρίθην,
1543 3608 1648 3661 ἁλλ’
1688 3612 1743 3677 ἦ,

152 3719 176 3748 ι
213 3697 346 3768 Ἐγώ
375 3701 464 3769 μέν
504 3696 610 3770 εἰμι
647 3699 840 3770 μωρὸς,
872 3701 963 3749 καὶ
1002 3697 1084 3749 ἵνα
1123 3705 1325 3767 σιωπῶ,
1393 3701 1444 3749 οί
1503 3693 1562 3750 δε
1623 3717 1748 3770 φρο-

141 3791 351 3847 νοήντες
377 3785 713 3842 λαλείτωσαν.
756 3808 785 3837 η
823 3784 979 3840 Ταῦτ’
1020 3781 1180 3855 εἶπον,
1219 3790 1309 3838 καὶ
1348 3785 1510 3858 ὀργῆς
1540 3787 1565 3839 ὀ
1595 3786 1744 3840 ϐασι-

141 3877 258 3938 λεὺς
326 3875 542 3930 ἀπλέτου
622 3876 873 3938 πλησθεὶς
952 3876 1168 3929 ἑλκύσαι
1228 3880 1318 3949 μὶν
1393 3879 1608 3952 ὥρμησε
1653 3883 1747 3937 τὴν

143 3967 358 4025 σπάθην
439 3973 530 4019 τοῦ
608 3966 859 4033 κουλεοῦ,
953 3975 1048 4028 τῆς
1122 3970 1298 4026 κώπης
1362 3965 1744 4040 ἐπιλαϐόμενος.

140 4056 305 4112 Ἀλλά
341 4055 490 4110 τοῦτο
521 4058 610 4129 μὶν
649 4061 903 4128 κατέσχε·
951 4075 1137 4131 μικρον
1199 4059 1300 4131 γὰρ
1366 4060 1558 4114 ταύτην
1621 4057 1747 4110 ἀπο-

136 4151 421 4219 γυμνώσας
470 4145 625 4198 πάλιν
661 4145 835 4209 εἰσῆξε
872 4162 885 4176 °
927 4145 1000 4217 τῷ
1063 4145 1271 4218 μεγάλῳ
1321 4142 1380 4200 δὲ
1447 4143 1745 4219 δομεστίκῳ

135 4239 303 4288 αὐτου
333 4243 405 4306 τῷ
427 4235 736 4296 Μουςάλωνι
802 4231 1118 4309 ’Δνδρονίκῳ
1182 4234 1490 4288 καταϐαλεῖν
1551 4255 1614 4308 με
1651 4235 1743 4289 τού

137 4327 306 4378 ἵππου
327 4324 659 4398 προσέταξεν.
705 4329 807 4378 Καὶ
849 4326 904 4388 ὃς
935 4325 1103 4399 ἠρέμα
1131 4343 1238 4386 πως
1264 4328 1426 4397 ῆφη.‹
1484 4323 1744 4383 Ἔκστηθι

136 4422 239 4474 τῆς
277 4409 602 4486 έφεστρὶδος.
646 4434 676 4464 ››
724 4418 824 4466 Καὶ
890 4413 1045 4476 αὐτὸς
1105 4413 1302 4472 άπέϐην
1360 4421 1454 4476 τῆς
1501 4415 1738 4486 ἡμιόνου.

1853 1920 1964 1960 nec
1981 1905 2407 1976 jusjurandum
2432 1907 2713 1978 persolvi,
2738 1924 2934 1981 neque
2955 1914 3038 1965 uti
3068 1926 3180 1982 par
3206 1915 3328 1967 erat
3357 1911 3505 1968 illud

1853 1999 1909 2051 et
1945 2010 2081 2066 quas
2133 1995 2292 2050 circa
2346 1995 2493 2051 illud
2555 1988 2900 2068 pertractari
2964 1999 3157 2054 solent
3210 2000 3501 2074 disposui,

1851 2099 2016 2139 error
2040 2083 2136 2140 hic
2165 2084 2410 2156 quidem
2445 2101 2615 2141 meus
2647 2092 2702 2142 et
2739 2087 3090 2159 imprudens
3121 2088 3300 2161 culpa
3329 2089 3505 2146 fuerit

1851 2172 2075 2228 Verum
2103 2173 2151 2229 si
2172 2173 2301 2229 haec
2344 2174 2424 2228 uti
2471 2175 2685 2246 decuit,
2742 2179 2799 2230 et
2849 2177 3100 2243 ratione,
3167 2193 3290 2250 qua
3355 2177 3503 2234 nihil

1851 2261 2087 2330 melius,
2130 2261 2408 2318 absoluta
2445 2268 2600 2334 sunt,
2671 2265 3002 2337 quomodo,
3071 2281 3206 2338 quae
3265 2265 3364 2322 ille
3422 2266 3503 2322 ad

1851 2351 2242 2407 evertendum
2280 2367 2416 2424 quae
2456 2353 2726 2408 confecta
2764 2359 2904 2409 sunt
2957 2354 3300 2426 meditatur,
3366 2370 3502 2412 mea

1852 2446 2131 2512 poterunt
2157 2441 2441 2497 interesse
2465 2441 2493 2496 ?
2525 2463 2554 2492 ››
2587 2445 2654 2498 Ει
2680 2442 3008 2514 imperator
3036 2460 3272 2499 rursum
3301 2444 3500 2501 nescio

1850 2531 2162 2604 quomodo
2175 2534 2464 2604 (namque
2477 2548 2725 2588 causam
2739 2533 3232 2605 exposui)denuo
3245 2533 3498 2607 profert:

1851 2622 2044 2688 rQuid
2073 2622 2200 2694 ipse
2230 2621 2306 2677 de
2325 2621 2418 2676 his
2442 2622 2626 2678 sentis
2653 2624 2680 2678 ?
2713 2625 2903 2678 n”‘um
2935 2638 3046 2694 ego
3080 2640 3093 2678 :
3133 2645 3160 2673 ‹‹
3191 2629 3262 2679 At
3281 2625 3501 2696 saepius

1851 2710 2065 2767 effatus
2094 2727 2227 2766 sum
2262 2711 2398 2783 plus
2436 2711 2496 2767 in
2537 2728 2600 2767 se
2637 2712 2937 2768 mendacii
2997 2729 3184 2785 quam
3243 2713 3503 2770 veritatis

1848 2801 2014 2874 quod
2045 2801 2478 2867 circumtertur,
2516 2801 2577 2856 in
2619 2817 2681 2856 se
2715 2803 3017 2857 continere
3058 2820 3072 2870 ;
3114 2808 3170 2858 et
3207 2801 3268 2857 in
3303 2801 3502 2859 dubiis

1849 2890 2139 2962 exquisite
2177 2889 2532 2945 sententiam
2571 2890 2742 2960 ferre,
2809 2906 2931 2946 non
2992 2891 3076 2946 ita
3139 2891 3310 2948 facile
3356 2891 3502 2948 mihi

1850 2979 2158 3035 videtur.»
2199 2979 2523 3050 Respondit
2549 2979 2644 3034 ille
2677 2996 2690 3034 :
2735 2979 2849 3035 Sed
2889 2980 2952 3035 in
2991 2980 3188 3036 dubiis
3227 2995 3364 3035 vere
3431 2995 3502 3035 ac

1849 3068 2100 3123 ﬁrmiter
2123 3068 2451 3134 enuntiare,
2483 3068 2543 3123 id
2579 3067 2888 3139 prudentis
2912 3073 3000 3124 est
3029 3069 3139 3124 :de
3168 3068 3500 3124 manifestis

1333 3159 1417 3214 ἰπὶ
1479 3163 1580 3236 γὰρ
1637 3168 1742 3223 τοῖς

1857 3159 2078 3232 quippe
2106 3163 2164 3214 et
2183 3159 2334 3214 asini
2361 3157 2892 3230 pronuntiaverint.
2918 3179 2946 3208 »
2967 3160 3115 3214 Tum
3133 3173 3246 3228 ego
3273 3174 3285 3212 :
3317 3181 3345 3208 υ
3365 3159 3500 3214 Jam

1854 3254 1911 3305 et
1939 3264 2052 3304 nos
2091 3247 2242 3303 inter
2278 3247 2480 3303 asinos
2519 3245 2904 3302 collocamur.
2981 3268 3010 3298 »
3053 3250 3120 3303 Et
3177 3247 3502 3320 imperator

1853 3339 1942 3394 ira
1961 3335 2392 3402 inﬂammatus,
2422 3357 2450 3386 «
2473 3339 2556 3392 Tu
2577 3351 2833 3408 semper,
2857 3358 2886 3387 «
2920 3336 3022 3405 ait,
3046 3358 3076 3386 »
3118 3335 3281 3393 haud
3317 3351 3502 3392 sanus

1854 3427 2088 3500 ineptis,
2119 3431 2178 3482 et
2208 3442 2369 3481 nunc
2390 3441 2632 3498 quoque
2659 3425 2896 3498 ineptis.
2937 3447 2966 3476 »
2999 3429 3151 3498 Ipse,
3181 3441 3293 3482 nec
3315 3425 3496 3497 aliud,

1853 3518 1936 3574 ita
1963 3531 2058 3572 me
2085 3531 2392 3572 sermones
2418 3515 2937 3588 ament,respondi
2958 3533 2974 3572 :
2997 3539 3024 3566 »
3041 3521 3107 3572 At
3130 3517 3502 3589 egoquidem

1855 3607 2098 3678 ineptio,
2141 3605 2397 3676 ideoque
2428 3604 2724 3660 silentium
2764 3610 2852 3660 est
2888 3604 3036 3661 mihi
3073 3612 3089 3661 ε
3132 3605 3236 3678 qui
3262 3607 3503 3678 sapiunt

1855 3696 1974 3770 ipsi
2037 3695 2381 3767 loquantur.
2426 3715 2453 3744 »
2475 3694 2766 3750 Dixeram.
2809 3693 3136 3766 Imperator
3171 3694 3503 3752 incredibili

1857 3791 2036 3858 atque
2059 3785 2243 3842 atroci
2268 3783 2869 3856 percitusiracundia,
2897 3785 3054 3840 ensis
3075 3785 3291 3856 capulo
3316 3800 3503 3842 manu

1857 3891 2222 3948 compresso,
2291 3874 2511 3944 vagina
2565 3874 2838 3942 detegere
2875 3877 3078 3930 tentat.
3118 3873 3232 3929 Sed
3272 3881 3502 3930 motum

1856 3968 2400 4036 temperat,etquem
2421 3961 2724 4034 paululum
2741 3967 3027 4018 retexerat
3043 3962 3501 4033 ensem,vaginte

1863 4057 2036 4127 139
2063 4053 2273 4110 reddit.
2307 4055 2444 4109 Dein
2503 4067 2728 4122 magno
2778 4052 3108 4107 domestico
3161 4052 3502 4108 Andronico

1856 4145 2140 4201 Muzaloni
2172 4159 2268 4199 me
2297 4143 2371 4198 de
2411 4157 2567 4214 equo
2605 4142 2858 4212 dejicere
2897 4141 3171 4212 imperat.
3219 4141 3317 4196 Ille
3354 4157 3502 4198 voce

1855 4234 2185 4300 submissa,
2219 4231 2513 4296 «Secede,
2545 4251 2572 4280 »
2597 4231 2694 4299 ait,
2737 4249 2765 4284 ‹
2790 4245 2956 4302 sago.
2991 4252 3011 4278 ‹
3047 4232 3168 4299 Ego
3203 4229 3369 4286 mula
3402 4231 3501 4286 de-

1856 4322 2080 4379 scendi.
2111 4325 2272 4378 Tunc
2300 4320 2564 4393 optimus
2593 4335 2735 4390 erga
2764 4335 2874 4374 nos
2896 4319 3242 4391 imperator,
3274 4335 3386 4376 nos
3400 4320 3504 4392 qui

1855 4412 2046 4468 multa
2083 4428 2120 4468 a
2158 4416 2326 4483 patre
2366 4425 2476 4465 suo
2541 4409 2632 4464 sui
2695 4409 2884 4478 gratia
2957 4424 3173 4482 aspera
3236 4409 3542 4482 perpessi-

141 4504 205 4556 ’0
238 4500 298 4555 δὲ
334 4509 700 4578 χρηστότατος
735 4507 856 4576 περὶ
893 4505 1032 4575 ἡμᾶς
1095 4502 1334 4563 ϐασιλεὺς
1398 4507 1516 4566 τοὺς
1580 4503 1742 4555 πολλὰ

1857 4519 2096 4559 eramus
2125 4546 2138 4571 ,
2163 4507 2225 4557 ut
2257 4500 2484 4572 palam.
2514 4514 2793 4571 saepeque
2850 4499 3056 4554 multis
3123 4499 3503 4556 audientibus

135 4595 384 4666 πρόςτοῡ
406 4595 600 4667 πατρὸς
637 4592 798 4644 αὐτοῦ
860 4589 930 4644 δι’
989 4592 1144 4645 αὐτόν
1205 4595 1547 4656 πεπονθότας,
1602 4597 1666 4654 ὡς
1692 4592 1742 4645 έν

136 4681 314 4752 πολλῷ
339 4680 526 4740 πλήθει
554 4685 645 4734 καὶ
674 4681 916 4743 πολλάκις
970 4677 1275 4756 ὃιαπρυσὶῳ
1311 4682 1443 4746 ἔλεξε
1471 4690 1533 4754 τῇ
1577 4691 1740 4755 φωνῇ,

139 4771 212 4834 ὧς
245 4792 274 4821 »
304 4770 506 4824 Πολλῶν
530 4790 622 4845 μοι
659 4779 827 4833 αῖτιος
886 4774 1090 4843 ἀγαθῶν
1161 4767 1312 4832 οὗτος
1375 4776 1400 4824 ό
1474 4771 1744 4845 ἄνθρωπος

135 4865 338 4934 γέγονε,
363 4865 532 4935 »περὶ
564 4868 656 4924 τῆς
708 4859 924 4933 λογικῆς
979 4863 1191 4932 φάσκων
1247 4856 1513 4926 παιδεὶας,
1563 4860 1743 4934 [1³27]

139 4971 174 5001 ιι
214 4953 305 5002 καὶ
356 4947 554 5003 πολλῶν
611 4949 874 5024 ὀφειλέτης
939 4952 1105 5022 τούτῳ
1165 4951 1436 5021 τυγχάνω,
1510 4972 1532 4999 ι
1595 4946 1742 5003 δυοῖν

135 5043 510 5114 κορυνοφόροιν
546 5038 860 5112 προσέταξεν
891 5041 1102 5092 τύπτειν
1139 5058 1222 5112 με,
1259 5039 1431 5110 χθιζὰ
1487 5043 1576 5092 καὶ
1640 5042 1742 5112 πρὸ

133 5133 321 5203 τρὶτης
359 5131 574 5190 τούτους
638 5128 1039 5202 χειροτονήσας.
1109 5130 1173 5189 ὡς
1247 5131 1411 5180 εἴκοσι
1478 5132 1742 5201 τέσσαρας

133 5219 337 5279 πάντας
393 5219 480 5270 τὸν
532 5219 774 5292 ἀριθμὸν,
818 5217 911 5270 οὐκ
950 5213 1039 5270 οἶδ
1077 5218 1119 5270 εἱ
1159 5221 1229 5290 μὴ
1275 5213 1346 5270 δι’
1387 5219 1496 5290 έμὶ,
1557 5218 1619 5270 ἵν’
1659 5221 1735 5277 εἴη

132 5310 230 5360 κᾶὶ
271 5311 436 5367 σκηνὴ
481 5313 572 5360 τοῦ
612 5304 881 5383 δράματος
910 5308 982 5369 εἰς
1020 5303 1318 5380 τραγῳδίαν
1391 5311 1738 5380 μεμορφωμέ-

131 5417 220 5456 νη.
257 5403 356 5451 Καὶ
396 5400 446 5450 οἱ
483 5399 573 5469 μὲν
636 5399 875 5464 ἔτυπτον,
942 5395 1042 5468 έγώ
1110 5393 1168 5448 δὶ
1231 5399 1353 5466 σιγὴ
1416 5398 1504 5456 τὰς
1558 5395 1736 5468 τύψεις

130 5485 438 5555 ἐλάμϐανον.
503 5485 570 5539 Ὀ
633 5490 723 5538 καὶ
783 5484 973 5559 μᾶλλον
1035 5492 1214 5538 τοῦτον
1307 5483 1587 5557 ἐξέμαινεν,
1655 5489 1734 5538 ὅτι

130 5572 265 5651 μηδ’
303 5576 427 5638 ὅλως
474 5579 601 5650 πρὸς
643 5572 853 5638 δεήσεις
889 5577 1200 5648 κάμπτομαι
1237 5579 1326 5628 καὶ
1363 5574 1729 5648 πληττόμενος.

131 5671 259 5724 Επεὶ
299 5661 359 5721 δὲ
397 5665 583 5732 πολλάς
629 5668 764 5719 κατὰ
786 5668 979 5730 παντὸς
1007 5661 1264 5738 ἐδεξάμην
1327 5671 1421 5717 τοῦ
1487 5669 1728 5738 σώματος

1855 4592 2184 4649 clarissima
2199 4607 2346 4646 voce
2365 4594 2613 4646 testatus
2635 4595 2724 4644 est
2747 4589 2940 4644 virum
2960 4589 3140 4659 hunc,
3168 4606 3263 4646 me
3285 4605 3503 4662 nempe

1853 4682 2211 4751 intelligens,
2257 4681 2420 4736 bona
2473 4679 2585 4734 sibi
2640 4678 2900 4751 plurima
2970 4684 3326 4751 opportasse
3393 4694 3502 4751 pro

1852 4769 2168 4843 disciplina
2197 4769 2410 4840 logica,
2443 4784 2566 4841 qua
2596 4784 2734 4823 eum
2758 4768 3149 4836 institueram,
3181 4783 3291 4823 nec
3307 4782 3429 4822 non
3447 4771 3504 4823 et

1853 4860 1970 4916 alia
2025 4874 2147 4914 non
2200 4859 2417 4928 exigua
2471 4873 2535 4913 se
2591 4857 2810 4913 debere
2873 4855 3203 4924 confessus,
3262 4855 3502 4910 duobus

1851 4945 2164 5016 clavigeris
2185 4945 2311 5002 beri
2341 4944 2673 5002 autnudius
2686 4945 2907 5009 tertius,
2922 4941 3128 4998 nescio
3158 4957 3238 4998 an
3258 4945 3502 5015 propter

1849 5052 1969 5105 me,
2002 5041 2067 5091 ut
2093 5034 2381 5091 dramatis
2405 5048 2583 5089 scena
2616 5033 2676 5089 in
2694 5032 3048 5102 tragoediam
3087 5030 3166 5086 ad
3208 5031 3498 5087 amussim

1850 5129 2310 5192 converteretur,
2333 5123 2548 5190 electis,
2582 5128 2639 5179 et
2654 5138 2863 5179 eorum
2892 5135 3146 5177 numero
3184 5120 3263 5176 ad
3293 5121 3502 5191 viginti

1847 5221 2104 5288 quatuor
2146 5213 2525 5282 ascendente,
2574 5211 2925 5268 verberibus
2980 5214 3261 5282 appetere
3293 5209 3498 5281 jussit.

1849 5305 1930 5362 llli
1958 5305 2160 5376 itaque
2187 5302 2523 5368 verberare,
2551 5315 2664 5372 ego
2687 5299 2919 5356 silentio
2943 5299 3496 5371 verberaexcipere.

1847 5396 1910 5450 ld
1927 5392 2470 5462 magisinfurorem
2498 5391 2715 5460 agebat
2733 5389 3179 5461 imperatorem,
3203 5387 3368 5460 quod
3389 5405 3500 5446 nec

1843 5483 2188 5541 verberibus
2209 5497 2398 5538 caesus
2413 5479 2490 5536 ad
2504 5478 2969 5551 supplicationes
3000 5478 3356 5535 eﬁunderer.
3391 5478 3498 5536 Ubi

1841 5589 1982 5629 vero
2036 5569 2438 5638 frequentium
2499 5568 2815 5624 verberum
2882 5567 3095 5624 ictibus
3153 5567 3497 5624 universum

1840 5679 2060 5740 corpus
2083 5659 2478 5727 fmdaverant,
2502 5659 2598 5715 vix
2620 5657 2862 5715 tandem
2895 5673 3008 5730 ego
3037 5673 3186 5718 voce
3215 5657 3398 5718 debili
3425 5672 3496 5717 ac
