3966 6324
471 311 599 365 1151

1745 306 2030 364 GEORGII
2064 303 2542 362 ACROPOLITE.

3735 299 3866 353 HS!

471 433 798 502 submissa,
832 455 860 483 ‹‹
894 433 1114 491 Christe
1143 450 1245 490 rex
1306 456 1355 501 »,
1375 434 1644 506 inquam,
1670 455 1698 485 ‹‹
1725 436 1872 505 quot
1891 430 2118 488 morbis
2156 425 2206 481 Α
2234 454 2241 502 λ

2242 433 2388 502 μόγις
2435 431 2594 500 ἰσχνῆ
2637 432 2728 482 καὶ
2782 429 3009 501 ἠρεμαίᾳ
3029 433 3187 498 φωνή.
3237 447 3266 475 n
3332 422 3405 476 Ὦ
3444 424 3670 497 Χριστέ
3718 420 3872 474 ϐασις

471 520 791 578 aﬂlictatus
809 538 960 592 sum,
981 538 1169 593 quare
1181 537 1388 578 eorum
1404 522 1568 578 nullo
1583 523 1768 578 vitam
1782 520 1982 588 amisi,
2014 519 2120 575 sed

472 611 548 668 ad
578 612 687 666 has
709 627 802 666 me
834 615 1214 681 tempestates
1262 612 1515 667 servasti
1543 612 1572 668 ?
1621 633 1648 662 »
1675 611 1771 667 His
1820 610 2120 666 dictisim-

472 703 706 774 perator
742 699 1034 768 nonnihil,
1075 706 1139 756 ut
1177 700 1511 766 videbatur,
1570 702 1791 756 veritus
1857 699 2120 755 secessit.

473 806 612 845 cum
653 789 754 845 uni
794 805 866 845 ex
902 790 974 845 iis
1014 791 1116 862 qui
1156 791 1354 862 ipsum
1408 791 1815 863 sequebantur
1853 789 2122 853 dixisset,

476 898 504 927 ››
529 879 652 932 Duc
682 882 874 932 tecum
895 877 1113 949 ipsum.
1136 901 1157 926 ι
1181 878 1280 934 Ille
1298 895 1454 949 equo
1486 879 2127 946 advehensinterrogat

475 981 598 1038 quo
611 965 830 1021 abituri
850 966 1063 1022 simus.
1088 969 1208 1037 Ego
1237 983 1249 1022 :
1276 990 1295 1018 ι
1323 968 1471 1023 Praei
1496 985 1509 1033 ;
1535 982 1898 1040 quocunque
1918 966 2124 1021 luben-

477 1053 557 1108 tia
586 1054 785 1122 trahit,
817 1070 1056 1126 sequar.
1093 1078 1120 1105 »
1143 1057 1364 1110 Rursus
1387 1055 1480 1111 ille
1501 1055 1875 1125 interrogans
1889 1069 2122 1124 urgere,

477 1142 724 1214 quando
741 1148 798 1198 et
811 1143 935 1216 ipse
946 1145 1287 1216 respondizn
1305 1149 1411 1199 lter
1428 1144 1603 1200 nobis
1633 1144 1709 1200 ad
1727 1143 2123 1210 Bardariotas,

479 1231 583 1286 tibi
612 1232 806 1301 magis
837 1233 1181 1304 expeditum
1204 1234 1535 1290 ineundum
1558 1238 1702 1288 est.)
1727 1235 1835 1290 Res
1854 1233 1934 1288 ita
1956 1237 2127 1302 gesta

479 1326 584 1387 est,
606 1325 662 1376 et
691 1321 768 1376 ad
797 1323 1275 1378 Bardariotarum
1294 1323 1544 1380 tentoria
1571 1324 1988 1380 convenimus.
2014 1322 2127 1377 Ubi

479 1425 575 1464 me
593 1425 802 1466 eorum
823 1411 1196 1482 primicerius
1244 1412 1416 1485 140
1456 1414 1783 1485 conspexit,
1825 1428 1946 1468 non
2002 1411 2127 1466 sine

481 1498 875 1556 admiratione
902 1507 1322 1572 percunctatur
1355 1518 1637 1574 quaenam
1678 1517 1772 1558 me
1799 1501 2035 1558 occasio
2068 1502 2128 1554 in

481 1589 612 1657 ejus
651 1590 970 1645 tentorium
1006 1590 1386 1647 conduceret.
1427 1595 1570 1647 Tum
1615 1607 1747 1661 ego,
1774 1614 1802 1641 »
1835 1593 1904 1647 Ut
1939 1588 2131 1645 tantil-

481 1675 608 1732 lum
636 1677 868 1748 placide
894 1680 1272 1749 quiescam»,
1309 1681 1426 1736 aio.
1457 1680 1773 1736 Paululum
1804 1680 1950 1736 inibi
1971 1695 2130 1735 com-

2233 518 2339 586 λεῦ,
2376 539 2404 566 ››
2443 521 2587 590 ἔφην,
2629 521 2849 578 »πόσας
2888 521 3139 574 νενόσηκα
3175 520 3378 578 νόσους,
3446 508 3660 564 καὶδιὰ
3743 517 3803 562 τὶ
3832 512 3872 561 ἐν

2231 605 2456 677 οὐδεμιᾷ
2511 607 2705 659 τοῦτων
2743 606 3004 658 κατέλυσα
3040 610 3133 664 τὴν
3191 605 3329 664 ζωήν
3377 601 3488 654 ἀλλ’
3556 601 3616 653 ἐν
3696 603 3872 652 τοισιεὲ-

2229 717 2341 760 τοις
2378 716 2442 770 με
2478 693 2678 771 καιροῖς
2715 699 2996 769 εταμὶευες
3033 716 3060 745 ››
3098 694 3256 748 Ταῦτ’
3289 691 3452 759 εἶπον,
3520 696 3632 743 καὶ
3675 693 3707 741 ὁ
3786 688 3873 739 ϐα·

2233 791 2390 840 αύτοῦ
2415 788 2652 861 εἰρηκὼς,
2696 807 2724 835 ››
2768 784 2904 839 Λάϐε
2937 792 3119 837 τοῦτον
3157 784 3328 844 αὐτός.
3364 807 3392 832 ι»
3434 787 3547 836 Καὶ
3591 783 3672 833 ὄσ
3729 780 3872 850 ἔφιπ-

2234 877 2402 938 σιλεύς
2429 873 2532 928 οἷον
2600 872 2866 937 αἰδεσθεὶς
2921 873 3220 945 ἁπηλλὰγη,
3257 873 3330 926 ἐνὶ
3379 880 3486 924 τῶν
3549 868 3874 922 ἀκολούθων

3749 959 3877 1027 ,εγὼ

2235 1054 2313 1126 δὲ,
2348 1079 2368 1106 ι
2405 1055 2575 1108 Ὀπου
2599 1053 2656 1106 ἂν
2716 1054 2868 1114 αὐτὸς
2907 1053 3098 1122 ϐοῦλει,
3147 1055 3427 1125 ὲφέπομαιο
3493 1074 3523 1102 ››
3560 1054 3687 1103 Καὶ
3720 1047 3882 1100 πάλιν

2233 1145 2384 1210 οὗτος
2431 1146 2526 1203 διὰ
2586 1157 2686 1199 τῶν
2731 1144 3031 1220 ἐρωτήσεων
3075 1144 3461 1215 κατηνάγκαζε.
3533 1145 3695 1193 Τότε
3757 1145 3881 1208 76-}:

2234 1246 2323 1293 καὶ
2353 1240 2511 1304 αὐτὸς
2548 1245 2678 1316 πρὸς
2733 1248 2915 1292 τοῦτον
2982 1235 3220 1308 ἀντέφην,
3287 1235 3353 1294 ὡς
3412 1238 3509 1285 Δεῖ
3579 1231 3751 1302 ἡμᾶς
3787 1232 3873 1284 τὴν

2233 1334 2334 1405 πρὸ
2365 1334 2483 1393 τοῦς
2523 1314 2893 1406 Βαρδαριὼτας
2948 1323 3190 1379 ϐάδὶσαι·
3249 1331 3401 1376 τοῦτο
3460 1322 3577 1393 γάρ
3663 1338 3768 1390 μοι
3795 1314 3875 1367 ὄε-

2235 1427 2315 1473 κεί
2342 1425 2431 1472 καὶ
2469 1420 2658 1488 μᾶλλον
2727 1421 2986 1491 συμφέρον
3047 1433 3151 1468 σοι.
3223 1417 3323 1466 Καὶ
3373 1414 3602 1481 γέγονε-ν
3679 1408 3868 1468 οὕτως,

2234 1514 2324 1562 καὶ
2391 1508 2440 1572 ἐς
2533 1518 2632 1562 τῶν
2713 1504 3093 1580 Βαρδαριωτὼν
3150 1504 3400 1574 ἀπῄειμεν
3465 1502 3572 1560 τὰς
3640 1498 3866 1554 σκηνάς.

2240 1595 2386 1652 Ἰδὼν
2428 1596 2488 1651 δέ
2527 1617 2589 1672 με
2627 1601 2652 1650 6
2710 1597 2878 1650 αὐτῶν
2917 1597 3296 1667 πριμμικήριος
3347 1591 3658 1661 θαυμάσας
3691 1588 3872 1660 ἠρώτα

2237 1687 2371 1739 τίᾶν
2425 1687 2727 1762 ϐουλόμενος
2759 1688 2843 1738 επὶ
2905 1689 2998 1742 τήν
3062 1682 3222 1734 αὐτοῦ
3285 1683 3488 1737 σκηνὴν
3559 1675 3872 1748 ἀφικόμην.

2231 972 2326 1020 πόν
2365 985 2428 1039 με
2464 963 2632 1017 λαϐὼν
2681 965 2862 1038 ήρὼτα
2899 972 2997 1016 ποῦ
3036 969 3096 1016 ἄν
3152 967 3242 1015 καὶ
3285 961 3662 1032 ἀει-ἔλθοιμεν.

484 1783 718 1823 moror:
741 1768 870 1839 jam
898 1769 1056 1824 enim
1079 1774 1135 1824 et
1163 1770 1534 1841 primicerius
1549 1771 1624 1827 de
1654 1787 1749 1826 me
1771 1773 2130 1839 cognoverat
2160 1785 2202 1840 Β

2243 1783 2342 1830 Καὶ
2364 1779 2540 1850 ἔγωγε.
2577 1800 2604 1827 ‹‹
2637 1781 2861 1849 Μαιρᾶς,
2894 1795 2914 1823 ι
2946 1775 3088 1844 ἔφην’
3121 1793 3150 1820 ‹‹
3207 1768 3551 1827 ἀναπαῦσεως
3614 1768 3818 1839 χὰριν.
3847 1786 3868 1806 ιι

483 1857 709 1913 omnia.
736 1859 937 1930 Neque
975 1859 1036 1914 in
1073 1859 1330 1915 multum
1362 1865 1673 1917 cunctatus
1703 1861 2027 1933 imperator
2055 1860 2133 1916 ad

484 1948 805 2003 tentorium
821 1963 913 2003 me
927 1965 1128 2003 meum
1163 1950 1428 2006 conferre
1458 1952 1735 2023 praecepit
1765 1953 2134 2024 ,suspicatus

484 2051 624 2090 vero
647 2051 721 2092 ne
746 2037 1019 2092 molestia
1035 2037 1562 2110 conﬂictatusfuga
1579 2057 1674 2096 me
1707 2041 2129 2113 subducerem,

482 2125 686 2198 aliqua
698 2126 951 2183 militum
966 2145 1150 2184 manu
1173 2130 1492 2185 tentorium
1512 2131 1944 2203 circumsepsit,
1970 2138 2026 2186 et
2051 2132 2133 2186 sic

481 2214 821 2271 clanculum
849 2233 944 2272 me
983 2218 1266 2274 custodiri
1287 2219 1614 2275 mandavit.
1642 2223 1703 2274 In
1734 2236 1937 2275 meum
1961 2221 2134 2276 adve-

483 2309 613 2359 ctus
647 2305 968 2362 tentorium
1006 2307 1204 2377 quiete
1242 2314 1474 2362 aetatem
1515 2308 1796 2377 agebam,
1838 2324 2032 2381 neque
2073 2310 2132 2364 in

481 2391 684 2448 aulam
739 2394 987 2459 vadens,
1038 2411 1234 2467 neque
1275 2395 1596 2452 familiares
1634 2413 1830 2469 neque
1902 2398 2130 2453 amicos

483 2480 816 2553 alloquens.
848 2483 951 2538 sed
965 2483 1128 2539 libris
1159 2485 1776 2553 tautumincumbens,
1803 2502 2132 2558 eorumque

481 2568 733 2626 lectione
785 2588 882 2626 me
922 2571 1250 2639 delectans,
1313 2573 1566 2647 ciboque
1631 2591 1728 2631 me
1795 2582 2133 2648 opportune

481 2658 775 2714 reﬁciens.
809 2659 1074 2733 Plerique
1097 2661 1302 2734 itaque
1334 2661 1463 2719 dies
1491 2679 1630 2718 cum
1669 2663 1783 2720 hoc
1811 2665 1944 2720 vitae
1985 2682 2134 2722 mete

482 2749 899 2807 moderamine
959 2752 1362 2822 praetergressi
1429 2757 1590 2808 sunt.
1689 2756 1755 2809 Et
1811 2754 2135 2827 imperator

485 2841 791 2911 ingenium
805 2839 1241 2896 meumdurum
1254 2857 1324 2900 ac
1339 2840 1719 2912 implacabile
1745 2843 1954 2899 videns
1975 2859 2133 2913 aegre

483 2928 732 2987 ferebat.
771 2933 1076 3000 Augustus
1108 2934 1264 2986 totus
1305 2929 1632 2999 efﬂuxerat,
1675 2947 1869 3005 neque
1909 2948 2020 3003 ego
2057 2933 2132 2988 de

483 3019 775 3075 sententia
829 3018 976 3074 mihi
1019 3020 1327 3092 proposita
1379 3019 1605 3091 aliquid
1663 3021 1843 3077 movi.
1894 3021 2130 3077 Interim

2242 1872 2423 1939 Βραχὺ
2480 1867 2606 1938 γοῦν
2661 1886 2713 1918 τι
2778 1864 3244 1938 προσεκαρτέρησα
3309 1864 3418 1919 τοῖς
3489 1856 3703 1908 ἐκεῖσε.
3767 1850 3865 1911 £51:

2239 1975 2341 2030 γαρ
2369 1957 2513 2008 καὶὸ
2543 1958 2923 2027 πριμμικήριος
2971 1948 3300 2024 ἐμεμαθήκει“
3353 1949 3422 1998 τὰ
3467 1945 3597 1996 κατ’
3816 1942 3868 1992 Ὀ

2243 2041 2302 2098 δὲ
2328 2044 2571 2106 ϐασιλεῦς
2603 2040 2719 2096 666“
2742 2043 2809 2103 εἰς
2836 2040 2967 2094 πολὺ
3025 2039 3287 2112 μελλήσας
3358 2032 3754 2107 διεμηνῦσατο
3811 2030 3868 2088 εἰς

2240 2139 2329 2192 τήν
2362 2140 2558 2192 σκηνήν
2591 2133 2871 2206 ἀφικέσθαι
2901 2151 2984 2204 με,
3034 2124 3223 2188 Δεδιὼς
3261 2123 3320 2179 δε
3352 2129 3424 2198 μή
3447 2144 3566 2184 πως
3599 2130 3676 2180 τῆ
3732 2121 3864 2174 λύπη

2241 2226 2585 2294 κατασχεθεὶς
2630 2231 2766 2295 φυγῆ
2813 2226 3125 2295 χρήσωμαι,
3176 2213 3456 2289 προσεταξε
3516 2214 3730 2286 μοῖραν
3757 2229 3868 2260 τινα

2243 2317 2623 2385 στρατιωτικήν
2648 2315 3050 2386 περιστοιχίσαι
3087 2325 3188 2379 μου
3232 2309 3326 2362 τήν
3385 2306 3586 2359 σκηνήν
3636 2304 3740 2351 κοιὶ
3796 2297 3866 2348 λεδ

2239 2401 2470 2460 ληθότως
2523 2399 2792 2473 φυλὰττειν
2833 2396 2910 2451 δε.
2943 2398 3074 2468 Ἐγὼ
3099 2398 3189 2468 μὲν
3242 2389 3328 2445 οὖν
3390 2394 3458 2450 εἱς
3504 2395 3606 2448 τήν
3664 2389 3862 2440 οἰκείαν

2240 2488 2516 2562 ἀφιγμένος
2549 2494 2740 2547 σκηνὴν
2763 2491 2987 2560 ἡσύχως
3031 2485 3079 2538 ἐν
3138 2484 3278 2536 αῦτῶ
3315 2484 3403 2534 τόν
3450 2483 3649 2554 καιρὸν
3689 2474 3861 2530 διεϐί-

2241 2579 2422 2648 ϐαζον,
2477 2579 2570 2632 οὐκ
2623 2578 2670 2631 ἐν
2740 2576 3045 2651 ἀνακτόροις
3097 2570 3350 2636 ϐαδίζων,
3421 2566 3553 2622 οὐδέ
3602 2587 3720 2620 τινι
3765 2573 3860 2616 τῶν

2241 2665 2549 2726 επιτηδείων
2587 2673 2677 2720 καὶ
2742 2668 2976 2724 συνήθων
3059 2661 3413 2738 προσομιλῶν,
3501 2657 3616 2710 ἁλλ’
3678 2659 3712 2715 ᾖ
3749 2663 3862 2714 ταῖς

2245 2758 2448 2832 βίϐλοις
2505 2761 2846 2830 προσανέχων
2929 2759 3018 2806 καὶ
3098 2752 3384 2823 ἀναγνώσει
3440 2753 3735 2822 χρώμενος
3776 2752 3858 2796 καὶ

2240 2857 2431 2924 τροφῆς
2502 2845 2904 2920 μεταλαμϐάνων
2986 2845 3123 2896 κατὰ
3198 2843 3400 2922 καιρόν.
3456 2839 3669 2891 Ἰκανοιὶ
3734 2842 3857 2908 γοῦν

2242 2940 2432 3014 ἡμέραι
2462 2940 2657 2989 οὑτωσί
2699 2941 2805 2996 πώς
2858 2953 2958 3008 μου
3007 2935 3210 3005 ἔχονιος
3283 2932 3719 3003 παρῳχήκεσαν,
3769 2928 3855 2975 καὶ

2242 3030 2268 3080 ό
2299 3027 2541 3088 ϐασιλεὺς
2597 3026 2876 3096 ἠγανάκτει
2927 3026 2986 3075 τὸ
3053 3021 3278 3094 σκληρόν
3317 3037 3417 3090 μου
3477 3017 3731 3089 καθορῶν
3769 3017 3855 3064 καὶ

481 3108 769 3182 praesules
800 3124 922 3164 non
954 3108 1131 3181 pauci
1187 3107 1484 3165 advenere
1531 3110 1908 3180 imperatoris
1935 3111 2127 3182 jussu,
2162 3136 2206 3193 ο

2243 3121 2618 3190 όφρονήματος.
2667 3115 2864 3186 Ηοὶρὴει
2933 3119 3057 3183 ’γοῦν
3143 3109 3308 3170 ὄλοςό
3390 3109 3728 3175 Αὔγουστος,
3769 3106 3854 3153 καὶ

485 3203 548 3254 ut
586 3199 710 3271 ipse
749 3213 1173 3268 cognoveram,
1229 3197 1362 3254 licet
1413 3199 1528 3270 ipsi
1580 3199 1642 3254 id
1681 3199 1978 3256 occultare
2017 3205 2134 3255 stu-

481 3288 710 3355 derent,
788 3292 936 3342 nutu
967 3288 1210 3358 proprio
1267 3288 1629 3359 processisse
1695 3295 2129 3357 asseverantes,

483 3377 756 3432 amicitiae
779 3380 836 3431 et
872 3375 1050 3430 bonae
1111 3390 1255 3446 erga
1312 3392 1407 3431 me
1471 3377 1878 3450 dispositionis
1945 3371 2136 3448 gratia

481 3464 742 3533 ingenue
773 3463 1092 3520 suadentes
1157 3470 1219 3520 ut
1258 3466 1573 3537 asperitate
1614 3467 1827 3522 mentis
1865 3467 2134 3540 aliquan-

485 3553 674 3608 tulum
703 3552 932 3609 mollita
956 3553 1032 3609 ad
1054 3554 1474 3624 imperatorem
1493 3555 1837 3611 accederem
1870 3573 2133 3612 rursum-

484 3657 604 3714 que
662 3641 742 3697 illi
794 3657 888 3696 me
946 3643 1059 3697 sub
1113 3643 1410 3699 servitutis
1450 3643 1770 3700 subderem
1805 3647 1975 3716 jugo.
2018 3647 2135 3702 lllis

487 3737 686 3786 tamen
711 3730 1222 3788 cohortationibus
1234 3732 1310 3788 ad
1328 3733 1390 3788 id
1409 3732 1538 3805 ipse
1560 3733 1779 3789 adduci
1799 3750 1919 3790 non
1944 3735 2134 3806 potui.

489 3820 770 3878 Dicebam
786 3822 966 3888 enim,
983 3822 1105 3878 sive
1121 3822 1443 3896 imperator
1455 3824 1514 3879 in
1528 3839 1624 3879 me
1636 3824 1866 3896 optima
1877 3841 2136 3897 quaeque

488 3910 773 3966 muniﬁce
794 3910 1150 3977 admodum,
1177 3928 1313 3984 quae
1339 3911 1538 3967 nullus
1568 3912 2132 3985 eximperatoribus,

489 3999 594 4071 qui
615 4006 748 4056 ante
777 4015 916 4054 eum
943 3999 1195 4072 imperio
1217 4001 1525 4072 praefuere,
1547 4000 1714 4073 141
1753 4002 2136 4059 administro-

489 4102 626 4142 rum
655 4088 916 4161 cuipiam
956 4089 1141 4157 dedit,
1199 4089 1529 4160 contulerit,
1599 4090 1721 4145 sive
1789 4091 2056 4162 pessima
2084 4096 2141 4147 et

493 4178 885 4247 atrocissima,
909 4177 1132 4249 quibus
1144 4178 1294 4234 alius
1306 4179 1590 4234 omnibus
1609 4179 1845 4250 ﬂagitiis
1865 4180 2137 4252 inquina-

492 4265 758 4321 tissimos
798 4283 1069 4338 unquam
1123 4267 1442 4334 divexavit,
1478 4268 1534 4324 in
1593 4285 1689 4325 me
1746 4273 2139 4340 attentaverit,

496 4355 616 4409 sive
631 4355 744 4410 hac
762 4355 884 4409 sive
899 4355 995 4410 illa
1014 4356 1264 4422 ratione,
1289 4357 1453 4412 nullo
1475 4375 1570 4413 me
1593 4360 1776 4415 modo
1798 4361 1875 4416 illi
1895 4362 1951 4415 in
1962 4363 2143 4417 servi-

495 4449 723 4501 turum.
767 4447 884 4512 Ego
907 4444 1105 4516 itaque
1127 4462 1323 4519 neque
1369 4448 1443 4502 de
1498 4451 1787 4506 sententia
1843 4467 2039 4523 neque
2066 4453 2139 4508 de

498 4534 806 4605 proposito
832 4533 1121 4589 dimoveri
1156 4537 1340 4606 potui.
1383 4538 1529 4592 Cum
1592 4538 1939 4609 September
1960 4557 2143 4613 appe-

499 4627 660 4692 teret,
686 4621 951 4694 despotae
969 4625 1261 4680 Michaelis
1283 4640 1392 4679 con
1396 4626 1503 4695 jux
1531 4627 1840 4684 Theodora
1857 4644 1994 4684 cum
2021 4631 2143 4686 tilio

500 4729 610 4769 suo
638 4713 968 4786 Nicephoro
992 4714 1069 4770 ad
1090 4713 1494 4772 absolvendas
1532 4717 1796 4789 nuptias,
1844 4719 1929 4773 uti
1971 4721 2147 4775 Joan-

499 4818 606 4858 nes
645 4803 992 4875 imperator,
1060 4805 1412 4876 imperantis
1471 4812 1656 4878 pater,
1725 4812 1862 4863 ante
1924 4823 2151 4879 paucos

501 4907 696 4949 annos
738 4900 1118 4962 convenerat,
1160 4895 1237 4950 ad
1269 4895 1691 4966 imperatorem
1733 4895 2150 4968 proﬁciscitur,

2243 3203 2361 3260 666"
2415 3205 2542 3266 ὅλως
2613 3200 2849 3256 ἐνδοῦναι
2907 3199 3051 3273 εἶχον
3091 3197 3182 3259 τῆς
3233 3199 3296 3258 ἧς
3347 3193 3572 3268 ἔστερξα
3637 3198 3853 3264 ’γνώμης

2243 3299 2450 3370 μικρόν.
2483 3293 2664 3347 Ηολλοὶ
2728 3293 2850 3364 γοῦν
2912 3299 3011 3343 τῶν
3077 3291 3365 3362 ἀρχιερέων
3438 3282 3694 3355 ἀφίκοντο
3727 3286 3850 3354 πρὸς

2243 3385 2348 3457 ἐμὲ,
2381 3383 2625 3440 ϐασιλική
2667 3385 2775 3454 μεν,
2844 3383 2908 3440 ὡς
2969 3380 3294 3449 ήπιστὰμην,
3350 3381 3412 3432 τῆ
3469 3379 3781 3445 προσταγῆ,
3811 3372 3851 3422 εἰ

2242 3478 2332 3526 καὶ
2362 3473 2542 3525 ἐκεῖνοι
2603 3471 2865 3523 λανθὰνειν
2922 3467 3122 3533 ήθελον,
3190 3465 3389 3518 οἴκοθεν
3448 3461 3691 3532 λέγοντες
3741 3459 3852 3533 62?:-

2243 3565 2428 3616 κέσθαι
2459 3565 2583 3634 πρὸς
2613 3560 2698 3632 ἑμε
2737 3559 2903 3631 φιλίας
2967 3559 3128 3630 χάριν
3188 3559 3278 3606 καὶ
3339 3559 3596 3625 χρηστῆς
3662 3547 3848 3601 διαθέ-

2247 3661 2373 3712 σεῶς
2425 3665 2438 3679 ’
2481 3648 2643 3701 πολλα
2703 3667 2757 3700 τε
2812 3646 3042 3718 λέγοντες
3087 3648 3146 3696 τὸ
3193 3644 3482 3716 ἀπόκροτον
3540 3639 3847 3691 καταλιπεῖν

2245 3761 2307 3814 με
2333 3749 2426 3801 τῆς
2455 3743 2664 3810 ’γνώμης
2700 3741 2792 3788 καὶ
2830 3743 2903 3804 τῷ
2962 3733 3168 3786 ϐασιλεῖ
3231 3729 3479 3794 ξυνελθεῖν
3539 3733 3637 3780 καὶ
3703 3725 3847 3786 αὖθις

2245 3830 2386 3900 αὐτῷ
2415 3832 2548 3902 πρὸς
2567 3830 2652 3878 τὸν
2682 3833 2779 3887 τῆς
2819 3821 3058 3883 δουλείας
3118 3819 3460 3877 συνελαθῆναι
3522 3817 3712 3886 ζυγόν,
3747 3815 3843 3884 οὐχ

2247 3919 2486 3991 εὕρισκον
2537 3915 2662 3977 ὅλως
2702 3916 2966 3971 πειθήνιον
3007 3927 3019 3939 ·
3054 3911 3273 3983 ἔφασκον
3325 3910 3427 3982 ’γὰρ
3469 3908 3533 3966 ὡς
3575 3909 3720 3978 εἰπερ
3761 3923 3843 3976 μοι

2245 4007 2312 4060 τὰ
2349 4009 2697 4080 χρηστότατα
2734 4004 2758 4053 6
2808 4000 3045 4059 ϐασιλεὺς
3083 3995 3422 4062 ἐπιδείξαιτο,
3463 3993 3652 4066 [Ρ-ἿΒ]
3697 3999 3844 4045 ὁποῖα

2246 4092 2420 4156 οὐδεὶς
2480 4101 2578 4146 τῶν
2638 4090 3081 4165 βεϐασιλευκότων
3137 4088 3220 4141 ἐπί
3272 4107 3373 4140 τινι
3422 4093 3522 4136 τῶν
3587 4084 3840 4157 {mapm-

2249 4187 2447 4238 σὰντων
2480 4183 2619 4252 αὐτῷ
2668 4176 2955 4251 ἑπιδέιχεν,
2996 4179 3026 4236 ἦ
3073 4181 3137 4230 τὰ
3191 4181 3452 4249 χαίριστα
3488 4177 3580 4225 καὶ
3621 4176 3844 4224 κακιστε

2249 4275 2296 4329 ἐν
2365 4272 2479 4346 ἐμοὶ
2564 4272 2970 4342 κατεργάσαιτο,
3035 4263 3121 4320 οἶα
3176 4262 3342 4324 οὐδεὶς
3400 4262 3552 4324 ἄλλος
3620 4271 3724 4314 τῶν
3753 4266 3841 4319 ἐπὶ

2250 4368 2412 4434 κακὶᾳ
2442 4357 2834 4433 περιϐοήτωνέν
2859 4353 3035 4410 οὐδενὶ
3089 4364 3189 4408 τῶν
3251 4353 3487 4407 ἁπάντων
3545 4355 3840 4412 πεποίηκεν,

2252 4452 2362 4506 οὔθ’
2394 4454 2555 4511 οὕτως
2595 4448 2701 4500 οὔτ’
2726 4447 2926 4508 ἒκεὶνως
2957 4449 3030 4517 τῷ
3092 4444 3296 4497 ϐασιλεῖ
3363 4445 3500 4495 κατά
3525 4461 3580 4494 τι
3630 4438 3842 4493 δουλεύ-

2255 4561 2430 4614 σαιμι.
2474 4539 2604 4610 Ἐγὼ
2644 4540 2731 4610 μεν
2771 4533 2859 4588 οὖν
2913 4539 3073 4595 οὕτως
3139 4535 3283 4605 εἶχον
3321 4539 3536 4604 ’γνώμης
3566 4537 3661 4582 καί
3727 4530 3841 4602 ἆμε-

2253 4632 2470 4683 ταθέτου
2513 4633 2733 4681 σκοποῦ.
2773 4627 2924 4679 Ἐπεὶ
2963 4621 3022 4676 δὲ
3065 4625 3108 4658 ¹⁵
3148 4628 3239 4674 καὶ
3277 4623 3302 4674 6
3343 4618 3686 4692 Σεπτίμϐριος
3725 4619 3844 4692 ἐφει-

2258 4725 2439 4776 στήκει
2474 4722 2576 4789 μήν
2619 4719 2749 4786 (34),
2791 4719 2881 4767 καὶ
2918 4716 2948 4772 ἡ
2991 4721 3084 4766 τοῦ
3125 4709 3385 4765 δεσπότου
3425 4709 3655 4781 Μιχαὴλ
3695 4709 3844 4769 σύζυ-

2256 4829 2348 4881 γος
2404 4803 2654 4880 Θεοδώρα
2717 4807 2862 4877 παρὰ
2919 4807 3007 4855 τὸν
3047 4801 3264 4854 ϐασιλέα
3325 4799 3536 4872 ἁφικετο
3607 4797 3843 4870 μετ-ατοῦ

2260 4901 2375 4950 υἱοῦ
2401 4896 2565 4958 αὐτῆς
2602 4899 2902 4968 Νικηφόρον
2933 4896 2992 4945 τὸ
3062 4894 3195 4964 πρὸς
3243 4893 3332 4943 τὸν
3399 4888 3620 4942 ϐασιλέα
3688 4885 3844 4948 κῆδος

572 4993 616 5027 δι
649 4991 756 5044 ἐπεὶ
785 4987 843 5066 δε
869 5007 1053 5063 usque
1084 4993 1165 5048 ad
1192 4992 1432 5055 ξυνῆλθεν
1466 4994 1572 5048 lin.
1612 4998 1672 5047 17
1705 4995 1816 5066 col.
1845 4992 1992 5066 θεώ]
2017 4993 2253 5066 Ἀ-φίκετο
2276 4990 2336 5066 δε
2371 4998 2461 5045 καὶ
2491 4995 2520 5051 ἡ
2554 5000 2646 5044 τοῦ
2673 4989 2932 5045 δεσπότου
2971 4987 3204 5066 μιχαὴλ-
3253 4992 3381 5066 γυνὴ
3441 4983 3699 5066 Θερδώρα
3728 4990 3843 5058 μετὰ

500 5070 592 5114 τοῦ
620 5068 736 5115 υἱοῦ
775 5047 966 5125 αὐτῆςι
1001 5071 1301 5138 Νικηφόρον
1341 5068 1398 5116 τό
1438 5068 1564 5152 πρόκς
1601 5068 1685 5114 τὸν
1735 5063 1953 5116 ϐασιλέα
1970 5047 2147 5152 όιῆδιοξ
2185 5064 2666 5140 αποπληρώσοντες.
2705 5067 2768 5116 ’O
2809 5066 2897 5135 μὲν
2937 5058 3022 5113 οὖν
3064 5047 3560 5152 ϐασιλεύςῆὲσπξυδε
3595 5065 3690 5115 τήν
3720 5068 3842 5113 Θεσ-

577 5134 594 5152 ιλ
674 5140 683 5152 I
941 5136 956 5152 ἵ
1009 5134 1038 5152 Ω
1065 5143 1084 5151 ς
1307 5142 1316 5152 ν
1528 5143 1536 5152 ι
1564 5138 1574 5148 ν
1677 5137 1685 5148 ο
1871 5141 1877 5150 ι
1909 5136 1920 5148 ν
2038 5144 2053 5151 -ι
2258 5145 2262 5149 ι
2320 5137 2332 5152 ι
2514 5138 2524 5148 ιι
2685 5139 2694 5150 ι
2837 5142 2852 5148 -
2951 5139 2960 5149 ν
3004 5141 3013 5148 π
3178 5137 3187 5148 ὶ
3346 5132 3357 5146 ⁹
3408 5132 3421 5152 ξ
3476 5149 3506 5152 ,κ
3578 5133 3665 5152 _,‘,-
3733 5151 3764 5152 κν

507 5134 781 5192 σαλονίκην
808 5134 1130 5204 ταταλαϐεῐν,
1151 5133 1483 5188 ’συνείποντο
1513 5133 1574 5187 δέ
1602 5137 1766 5206 τούτῳ
1799 5136 1928 5208 καὶῂ
1964 5144 2055 5188 τοῦ
2105 5133 2365 5189 δεσπότόυ
2395 5133 2533 5208 ’γυνή

2621 5139 2708 5187 ετά
2763 5127 2855 5186 τοῦ
2908 5139 3042 5200 υἱοῦ,
3105 5137 3195 5184 καὶ
3239 5132 3357 5183 καθ’
3402 5127 3525 5201 ὀδόν
3575 5133 3667 5190 τὰς
3724 5151 3841 5201 συμ-

505 5204 680 5266 ϐάσεις
711 5205 934 5273 ἐποίουν,
967 5213 1057 5259 καί
1113 5200 1484 5280 συμπεφώνηκε
1505 5211 1592 5281 καί
1658 5200 1863 5258 ἄκουσα
1895 5203 2078 5259 δοῦναι
2147 5212 2273 5281 πρὸς
2303 5200 2669 5260 τὸν’ϐασιλέα
2735 5207 2801 5258 τὰ
2865 5203 3048 5281 Σέρϐιοι
3116 5208 3205 5281 καί
3269 5205 3326 5281 τό
3384 5200 3705 5281 Δυρἑὰχιρν.
3747 5200 3843 5281 Ἐξί

503 5280 707 5339 τούτοις
726 5283 815 5330 καί
881 5281 1025 5351 ὅρκοι
1084 5276 1389 5353 προύϐησαν
1419 5282 1509 5329 καί
1565 5276 1934 5336 ἀπεστάλησαν
1973 5282 2104 5352 πρὸς
2140 5276 2227 5332 τόν
2259 5279 2500 5352 Μιχαὴλ,

2578 5284 2667 5331 καί
2698 5281 2748 5338 ὅς
2797 5273 2932 5329 ἑκὼν
2963 5279 3165 5329 ἀέκοντί
3203 5294 3262 5346 γε
3301 5273 3463 5345 θυμῷ
3489 5273 3755 5337 ξυνῆλθεν.
3790 5275 3840 5328 D.

1393 5454 1733 5524 Theodori
1781 5457 2031 5525 Dousa;
2081 5465 2147 5524 et
2193 5455 2448 5524 Leonis
2499 5454 2733 5524 Allatii
2784 5465 2985 5521 notae.

579 5641 694 5714 (34)
716 5640 774 5694 Ὁ
807 5641 1148 5716 Σεπτέμϐριος
1173 5642 1436 5714 ἐφεστήκει
1462 5649 1582 5715 μήν.
1618 5646 1906 5713 Gregoras
1933 5661 1984 5700 D.
2014 5645 2101 5700 57.
2134 5650 2268 5700 ALL.
