3966 6324
115 389 239 441 1153
1585 378 1679 435 ΑΝ

1865 381 1928 436 LS.
3294 388 3431 442 1154

112 507 560 582 ἀποπληρώσοντες,
618 505 738 579 ὅπερ
792 505 819 556 6
895 502 1139 577 βασιλεύς
1197 505 1431 564 Ἰωάννης
1481 505 1510 556 6
1583 510 1675 556 τοῦ

1866 508 2112 576 Ῥεῖ-διον
2132 505 2210 561 ad
2225 505 2434 561 urbem
2447 507 2954 582 Thessalonicam,
2978 513 3035 566 in
3051 527 3176 583 qua
3193 512 3432 584 nuptias

110 596 447 670 βασιλεύοντος
496 598 671 667 πατὴρ
723 597 823 668 πρὸ
889 599 1094 666 χρόνων
1139 603 1290 646 τινῶν
1335 600 1676 666 συμπεφώνη-

1938 609 2080 648 nare
2137 594 2499 662 decreverat,
2557 600 2917 670 properavit,
2976 600 3226 672 jamque
3303 601 3435 657 loco
3496 595 3503 600 ’

110 687 355 758 κεν,όμὶν
404 682 650 755 βασιλεὺς
697 679 918 736 ἔσπευδε
975 688 1068 742 τὴν
1131 683 1520 740 Θεσσαλονὶκην
1585 703 1676 734 κα⁹

1871 683 2030 739 ierat.
2068 684 2386 740 Discedens
2425 686 2950 744 Thessalonicense
2976 690 3084 744 iter
3109 690 3437 761 ingreditur

108 774 342 841 ταλαϐειν,
372 775 492 826 ἔνθα
519 777 610 825 καὶ
659 776 781 834 τούς
832 773 1028 845 λάμους
1087 782 1311 833 ποιῆσαι
1341 771 1674 846 βεϐούληται.

1869 773 2018 828 inter
2057 773 2324 828 eundum
2369 777 2680 846 pactiones
2733 793 2871 832 cum
2939 781 3202 850 despotae
3252 795 3435 835 uxore

113 869 206 918 Καὶ
234 861 402 936 δήπερ
454 861 652 936 ἀπάραι
717 860 770 924 ἐξ
818 862 974 938 οὗπερ
1033 865 1194 916 ἔκειτο
1246 868 1407 915 τόπου
1465 871 1558 924 τῆς
1611 862 1677 922 εἰς

1871 861 2011 916 ibat.
2050 863 2318 934 Despotae
2354 879 2508 918 uxor
2544 865 2854 922 Theodora
2897 865 3032 922 licet
3075 868 3259 923 invita
3298 885 3436 924 cum

106 959 200 1013 τὴν
252 951 620 1009 Θεσσαλονίκην
655 953 913 1026 φερούσης
968 955 1177 1011 ἥπτετο·
1227 953 1346 1005 καθ’
1418 949 1542 1004 ὀδόν
1619 948 1672 1003 δί

1875 955 2144 1022 peratore
2176 952 2602 1019 concordabat,
2635 954 2858 1026 quippe
2885 971 3020 1027 quae
3050 957 3108 1011 in
3156 957 3437 1013 manibus

107 1046 232 1117 μετὰ
277 1051 357 1104 τῆς
409 1049 500 1094 τοῦ
558 1038 816 1094 δεσπότου
872 1042 1107 1113 συζύγου
1159 1045 1255 1104 τὰς
1330 1041 1673 1115 συμϐίϐάσεις

1870 1055 1917 1093 is
1947 1055 2084 1094 cum
2115 1045 2287 1104 esset,
2337 1044 2572 1097 tantum
2622 1058 2744 1098 non
2798 1045 3020 1100 carceri
3073 1046 3436 1118 mancipata,

107 1132 275 1187 ἐποίει.
306 1131 358 1185 Ἡ
403 1135 492 1203 μὲν
551 1126 638 1183 οὖν
689 1138 779 1183 τοῦ
824 1127 1084 1183 δεσπότου
1145 1132 1370 1203 σύζυγος
1429 1128 1673 1206 Θεόδωροι

1873 1129 1952 1183 ud
2024 1144 2201 1198 agere
2273 1130 2579 1201 nequibat.
2654 1132 2935 1187 Convenit
2982 1133 3184 1205 itaque
3235 1135 3438 1191 Serbia

103 1228 193 1275 καὶ
243 1224 432 1274 ἄκουσα
489 1228 600 1282 τοῖς
648 1227 740 1272 τοῦ
814 1217 1068 1292 βασιλέως
1136 1219 1307 1292 λόγοις
1365 1225 1669 1292 συνήρχετο·

1865 1224 2056 1273 strum
2086 1223 2299 1273 etcum
2331 1233 2400 1274 eo
2423 1219 2807 1290 Dyrrachium
2828 1220 3173 1292 imperatori
3204 1222 3431 1278 cedere.

107 1297 242 1372 ἐντός
289 1312 379 1383 γάρ
438 1317 538 1360 τῶν
605 1306 796 1360 ἐκείνου
857 1316 1052 1382 χειρῶν
1115 1305 1266 1375 οὖσα,
1327 1315 1416 1361 καὶ
1491 1317 1673 1383 μικρου

1887 1307 2016 1362 haec
2037 1307 2453 1378 jurejurando,
2470 1309 2632 1379 quod
2654 1310 2872 1381 scripto
2886 1311 3302 1380 consignatum
3327 1317 3437 1381 est,

109 1395 214 1451 δεῖν
237 1401 294 1458 ὡς
329 1397 374 1449 ἐν
412 1399 587 1470 εἱρκτῆ
620 1399 983 1468 τυγχάνουσα,
1015 1396 1109 1448 οὐκ
1139 1393 1253 1469 εἷχέ
1276 1417 1328 1449 τι
1378 1397 1498 1449 ἄλλο
1557 1394 1675 1470 δρᾶ-

1877 1403 2031 1452 irunt
2061 1395 2319 1452 stabilita
2349 1402 2406 1451 et
2433 1397 2512 1452 ad
2540 1397 2879 1453 Michaelem
2901 1399 3217 1471 despotam
3251 1407 3443 1456 trans-

107 1505 215 1541 σαι.
262 1491 625 1557 Συμπεφώνηκε
665 1492 792 1556 γοῦν
846 1481 1029 1537 δοῦναι
1108 1488 1239 1558 πρὸς
1316 1489 1401 1537 τόν
1459 1483 1673 1558 βασιλέα

1874 1501 1998 1540 ssa.
2037 1485 2152 1552 Ille,
2176 1485 2337 1558 quod
2363 1491 2542 1558 poeta
2571 1487 2787 1556 retulit,
2812 1487 3440 1562 lubentiillubentique

103 1580 166 1628 τό
185 1577 393 1648 κάστρον
419 1578 488 1626 τὰ
525 1572 710 1649 Σέρϐια
770 1578 861 1626 καὶ
920 1579 1013 1626 σὺν
1067 1574 1209 1645 αύτῷ
1247 1580 1337 1627 καὶ
1381 1578 1440 1626 τό
1491 1573 1669 1649 Δυῤῥά·

1875 1591 1997 1630 imo
2023 1574 2234 1645 juratis
2253 1591 2616 1630 consensum
2648 1577 2946 1647 praestitit:
2979 1577 3148 1650 142
3177 1594 3441 1651 namque

100 1685 224 1736 χιον
243 1667 362 1718 Ἐπὶ.
422 1666 626 1725 τούτοις
678 1668 767 1716 καὶ
815 1665 960 1735 ὅρκοι
1041 1662 1308 1736 ἐγγράφως
1386 1662 1666 1737 προέϐησω

1879 1680 2042 1719 orem
2076 1669 2132 1718 et
2167 1663 2357 1718 ﬁlium
2396 1663 2635 1719 liberari
2684 1670 2741 1720 et
2779 1665 2856 1720 ad
2911 1682 2971 1721 se
3024 1668 3228 1723 venire
3283 1684 3445 1723 sum-

100 1760 193 1807 καὶ
220 1753 574 1810 ἀπεστάλησαν
612 1755 742 1827 πρὸς
773 1756 858 1804 τόν
902 1749 1165 1811 δεσπότην
1219 1753 1454 1822 Μιχαὴλ.
1496 1753 1554 1805 '0
1603 1749 1662 1806 δὲ

1879 1767 2040 1824 )pere
2051 1752 2392 1824 exoptabat.
2425 1757 2578 1809 Inter
2605 1755 2731 1809 hinc
2755 1753 3078 1829 imperator
3093 1771 3189 1811 me
3203 1772 3445 1828 quoque

100 1846 131 1896 ὃ
159 1844 353 1915 φησινή
393 1847 635 1911 ποίησις,
661 1841 786 1894 ἑκὼν
829 1845 1030 1893 ἀέκοντί
1079 1861 1138 1913 γε
1193 1843 1338 1914 θυμῷ
1394 1850 1502 1905 τοῖς
1551 1843 1666 1915 ὠμο-

1962 1842 2249 1907 3rtinacia,
2295 1859 2432 1914 quae
2496 1843 2642 1898 mihi
2694 1843 3017 1916 insederat,
3071 1851 3448 1903 summotum
3523 1887 3528 1892 -

100 1937 300 2005 σμένοις
328 1930 587 1994 ξυνῆλθεν·
624 1933 822 2003 ηὔχετο
875 1931 922 1965 ⁵³
979 1933 1078 2004 γὰρ
1138 1929 1538 2005 ἐλευθερωθῆναι
1593 1951 1661 1984 κα

1881 1937 2127 2004 pugnat.
2157 1934 2367 1987 Patruo
2400 1933 2557 1987 enim
2591 1949 2661 1988 ex
2702 1949 2816 1988 avo
2845 1935 3108 1990 Manuele
3135 1935 3369 1991 Lascari
3390 1940 3447 1992 et

95 2023 222 2098 παρ’
249 2021 393 2075 αὐτόν
427 2021 670 2092 γενέσθαι
717 2025 808 2073 καὶ
847 2023 935 2072 τόν
983 2022 1094 2072 υἱόν
1143 2025 1233 2072 καὶ
1288 2025 1382 2078 τὴν
1433 2021 1661 2092 σύζυγον

1877 2020 2254 2077 otovestiario
2269 2021 2516 2090 Georgio
2531 2021 2826 2077 Muzalone
2842 2022 2918 2076 ad
2937 2039 3032 2078 me
3052 2024 3443 2093 transmissis,

96 2114 184 2166 Ἐν
212 2119 314 2172 τοῖς
362 2113 616 2172 τοιούτοις
671 2118 771 2161 τῶν
821 2109 986 2180 λόγων
1040 2110 1067 2161 ὃ
1116 2108 1367 2181 βασιλεὺς
1421 2109 1554 2183 κάμὲ
1597 2117 1658 2168 τῆ

1881 2111 2068 2182 tisque
2099 2124 2168 2164 ac
2191 2108 2442 2180 placidis
2469 2110 2849 2166 sermonibus
2881 2117 3146 2182 captum,
3168 2113 3246 2168 ad
3283 2128 3447 2178 eum,

96 2199 166 2264 ἧς
191 2200 324 2273 εἶχον
375 2199 735 2272 ἐκμοχλεύσας
769 2197 1111 2273 στερρότητος
1157 2198 1502 2274 ἐχειρώσατο·
1539 2200 1660 2262 Ἐξα

1885 2203 1901 2256 i
1933 2201 2098 2256 missi
2131 2199 2379 2266 fuerant,
2400 2200 2766 2258 conducunt.
2781 2203 2909 2273 Ipse
2923 2202 3001 2257 ad
3023 2203 3445 2275 imperatorem

97 2291 365 2351 ποστείλας
413 2293 516 2364 γὰρ
567 2293 652 2342 τόν
704 2291 834 2363 πρὸς
885 2290 1100 2341 πάππου
1164 2289 1323 2341 αὐτοῦ
1397 2293 1528 2342 θεῖον
1602 2294 1659 2343 τό

1884 2290 2044 2345 aiens
2077 2293 2132 2343 et
2152 2303 2260 2360 pro
2286 2303 2452 2344 more
2473 2294 2654 2360 caput
2681 2289 2996 2353 inclinans,
3040 2289 3262 2346 diutius
3284 2297 3450 2346 stans

99 2384 366 2454 Λάσκαριν
425 2377 672 2437 Μανουὴλ
723 2383 813 2430 καὶ
874 2381 960 2429 τόν
1049 2377 1521 2454 πρωτοϐεστιάριον
1603 2384 1665 2432 τό

1887 2378 2124 2434 :rebam.
2158 2380 2221 2432 Et
2251 2378 2607 2448 imperator:
2653 2383 2790 2433 «An
2818 2393 2940 2433 non
2963 2382 3126 2434 tenes
3159 2380 3262 2435 ubi
3297 2387 3453 2436 stare

99 2469 421 2530 Μουζάλωνα
450 2473 702 2540 Γεώργιον
739 2467 935 2541 ἱλαροῖς
973 2472 1062 2518 καὶ
1110 2465 1291 2529 ἁπλοῖς
1337 2487 1474 2520 τισιν
1528 2467 1663 2541 ἔχρη

1885 2469 2041 2525 iebas
2072 2467 2100 2522 ?
2131 2469 2351 2523 Locum
2391 2472 2560 2522 tuum
2593 2467 2909 2538 agnoscis;
2965 2485 3104 2524 eum
3164 2471 3366 2541 petito.
3423 2494 3451 2521 »

100 2579 232 2613 σατο
268 2558 436 2630 λόγοις
461 2562 551 2609 καὶ
582 2575 645 2629 με
675 2555 792 2624 εἷλε,
844 2561 934 2608 καὶ
975 2560 1105 2628 πρὸς
1157 2557 1312 2608 αὐτόν
1360 2559 1408 2609 οἱ
1462 2556 1666 2610 ἀποστα

1888 2559 1988 2614 ssis
2019 2555 2418 2627 imperatoriis
2445 2556 2697 2611 audiens
2730 2556 2942 2626 abii,et
2973 2557 3222 2625 elatere,
3244 2576 3454 2631 quem-

95 2651 259 2710 )ivrzg
289 2647 578 2719 ἀπήγαγον.
613 2651 714 2700 Καὶ
735 2653 862 2718 γοῦν
892 2651 1123 2718 προσιὼν
1170 2655 1242 2717 τῷ
1301 2645 1534 2719 βασιλεῖ,
1601 2669 1661 2701 κο

1889 2646 2133 2703 modum
2172 2645 2338 2717 prius
2364 2660 2701 2714 sueveram,
2742 2646 2891 2701 steti.
2938 2649 3083 2702 Tum
3147 2648 3293 2704 mihi
3359 2649 3455 2707 Mi-

96 2743 171 2801 ὡς
227 2739 334 2800 ἔθος
386 2735 560 2798 κλίνας
633 2739 721 2793 τὴν
804 2735 1048 2806 κεφαλὴν,
1133 2739 1450 2810 μακρότερον
1513 2739 1662 2796 ἔστην

1891 2736 2026 2792 aelis
2051 2735 2313 2805 despotae
2328 2734 2567 2803 negotia
2581 2735 3010 2800 communicat,
3031 2741 3137 2792 eta
3163 2737 3457 2809 principio

98 2833 204 2882 Καὶ
235 2828 258 2878 ό
287 2825 550 2899 βασιλεὺς,
585 2846 612 2874 ι(
640 2824 752 2876 Ούκ
793 2820 946 2885 οἶδας
1002 2825 1102 2881 ὅπη
1153 2823 1344 2886 εἰώθεις
1399 2826 1648 2878 ἵστασθαι

1892 2824 2008 2880 mia
2032 2822 2291 2878 dilucide
2321 2828 2542 2878 narrat.
2569 2825 2636 2878 Et
2667 2823 2794 2878 haec
2823 2824 3070 2895 quidem
3101 2827 3264 2896 apud
3311 2829 3458 2882 Lan-

94 2921 187 2970 τόν
213 2920 366 2986 τότῃν
399 2933 493 2967 σου
535 2919 831 2985 γινώσκεις,
888 2917 978 2964 καὶ
1022 2915 1256 2986 πρόσιθι.
1314 2935 1342 2963 »
1395 2920 1470 2986 Τῇ
1530 2935 1660 2990 προσ

1819 2914 2027 2985 gadam
2067 2912 2266 2967 locum
2296 2926 2485 2983 prope
2514 2910 2999 2966 Thessalonicam
3035 2919 3201 2982 gesta
3228 2920 3385 2972 sunt.

92 3013 234 3078 ταγῇ
264 3011 388 3076 γοῦν
413 3002 625 3065 ὑπείξας
646 3009 738 3054 τοῦ
770 3001 1028 3074 βασιλέως
1061 3000 1288 3054 ἀπελθὼν
1320 3004 1472 3060 ἔστην
1503 3002 1557 3054 ἐκ
1583 3004 1805 3076 πλαγίου
1837 3002 2018 3062 αὐτοῦ,
2049 3002 2216 3060 καθώς
2245 3018 2337 3074 περ
2370 2996 2514 3070 εἶχον
2572 3004 2660 3051 καὶ
2718 2999 2851 3060 ἔθος.
2921 3005 3048 3052 Τότε
3103 3008 3228 3071 γοῦν
3289 3022 3381 3074 μοι
3433 3005 3460 3054 6

93 3093 346 3170 βασιλεὺς
392 3095 487 3154 τὰς
532 3099 624 3144 τοῦ
656 3088 912 3144 δεσπότου
940 3091 1162 3162 Μιχαὴλ
1189 3093 1459 3154 ὑποθέσεις
1505 3095 1682 3156 πάσας
1714 3092 2107 3159 ἀνεκοινώσατο,
2159 3093 2250 3140 καὶ
2279 3086 2331 3150 ἐξ
2362 3086 2538 3163 ἀρχῆς
2576 3089 2714 3148 ὅπως
2770 3087 3067 3162 προέϐησαν
3125 3086 3457 3162 διηγήσατο.

89 3193 278 3240 Ταῦτα
297 3187 386 3256 μὲν
408 3178 496 3234 οὖν
526 3180 574 3234 ἐν
605 3188 715 3241 τοῖς
743 3188 834 3232 τοῦ
862 3177 1130 3252 Λαγγαδᾶ
1168 3186 1346 3248 (τόπος
1378 3178 1437 3234 δὲ
1458 3181 1594 3235 ἐστιν
1626 3184 1772 3244 οὗτος
1801 3181 1951 3254 ἐγγύς
1981 3199 2079 3232 που
2111 3179 2388 3250 τυγχάνων
2427 3185 2523 3237 τῆς
2553 3176 2968 3247 Θεσσαλονίκης)
2993 3178 3207 3248 ἐγένετο,

170 3269 270 3336 ξὸν.
305 3275 444 3326 Ἐπεὶ
471 3267 522 3324 δ’
544 3270 593 3306 ⁵³
623 3272 650 3323 ό
684 3267 937 3342 βασιλεὺς
985 3277 1080 3328 την
1135 3269 1523 3330 Θεσσαλονίκην
1578 3292 1698 3325 κατ-

1894 3273 1966 3326 54.
2033 3268 2142 3324 Ubi
2191 3264 2636 3322 Tessalonicam
2704 3271 2950 3322 ventum
3030 3271 3138 3334 est,
3221 3269 3460 3341 nuptias

88 3363 292 3435 είληφε,
345 3363 468 3422 τοὺς
520 3358 604 3412 ἰπὶ
651 3367 711 3430 τῇ
773 3361 994 3433 θυγατρὶ
1049 3364 1229 3431 Μαρίᾳ
1297 3362 1496 3433 γάμους
1571 3381 1654 3434 μετ

1893 3375 1943 3414 ω
1974 3373 2097 3412 suae
2121 3355 2313 3413 Marias
2344 3371 2482 3409 cum
2527 3354 2650 3410 ﬁlio
2695 3355 2991 3411 Michaelis
3046 3356 3310 3428 despotaa
3365 3358 3459 3413 Ni-

85 3461 189 3508 τοῦ
221 3454 338 3504 υἱοῦ
381 3458 474 3504 τοῦ
528 3446 789 3502 δεσπότου
856 3448 1079 3520 Μιχαὴλ
1132 3455 1456 3522 Νικηφόρον,
1505 3451 1558 3503 ὃν
1611 3471 1651 3503 κε

1896 3447 2092 3512 )horo,
2135 3460 2318 3518 quem
2367 3449 2422 3499 et
2471 3443 2741 3516 despotae
2810 3460 3057 3500 munere
3137 3445 3462 3516 insignivit,

86 3542 367 3601 δεσπότην
421 3544 716 3612 τετίμηκεν,
769 3537 1178 3612 ἐκπεπλήρωκεν.
1240 3539 1322 3592 Ἐν
1381 3542 1588 3601 τούτοις
1643 3561 1652 3592 ι

1893 3540 2085 3592 ornat.
2119 3533 2346 3590 Interea
2368 3532 2471 3604 qui
2504 3531 2790 3605 Bithyniae
2829 3539 3031 3606 partes
3087 3536 3456 3602 tutabantur,

83 3638 240 3694 ὄντος
266 3638 360 3684 τοῦ
406 3627 667 3702 βασιλέως
723 3633 898 3702 γραφή
948 3647 1030 3689 τις
1083 3631 1209 3700 πρός
1265 3628 1420 3680 αὐτόν
1487 3627 1649 3702 ἐξεπέρ

1898 3627 2035 3698 ique
2057 3624 2117 3680 in
2157 3627 2344 3678 semet
2381 3622 2654 3678 locorum
2703 3625 3041 3680 custodiam
3091 3629 3459 3698 receperant,

87 3723 203 3796 φθη
253 3722 402 3794 παρὰ
450 3727 550 3770 τῶν
607 3716 656 3769 ἐν
710 3724 818 3778 τοῖς
865 3725 960 3778 τῆς
1001 3718 1242 3779 Βιθυνίας
1285 3722 1490 3791 μέρεσιν
1547 3722 1653 3771 ὄντα

1895 3715 2016 3770 :eris
2070 3713 2225 3768 datis
2271 3712 2618 3784 imperatori
2691 3713 3049 3783 signiﬁcant,
3121 3714 3461 3770 Michaelem

85 3816 191 3865 καὶ
240 3811 314 3872 εἰς
356 3807 589 3882 φυλακὴν
641 3805 768 3860 εἶναι
817 3813 908 3858 τοῦ
991 3811 1150 3858 τόπου
1219 3811 1651 3880 προστεταγμένω

1901 3819 2184 3860 mnenum
2210 3802 2629 3874 Palseologum,
2663 3803 2868 3873 magni
2898 3804 3117 3859 stabuli
3148 3804 3380 3859 comitis
3431 3819 3467 3860 a

87 3905 170 3963 ὡς
215 3902 244 3952 6
301 3898 528 3971 Μιχαὴλ
595 3899 855 3969 Κομνηνός
907 3897 1025 3968 (35)
1086 3895 1454 3968 Παλαιολόγος,
1503 3897 1584 3968 [Ρ.
1615 3902 1653 3951 7η

1897 3909 2040 3949 mne
2067 3893 2445 3965 imperatore,
2473 3898 2538 3946 ut
2569 3907 2753 3963 supra
2776 3898 3086 3947 narratum
3126 3891 3298 3964 143
3357 3896 3463 3958 est,

84 3992 152 4044 ὃν
203 3995 298 4042 καὶ
350 3992 509 4060 μέγαν
560 3985 902 4039 κονοσταῡλον
949 3985 1062 4056 (36)
1119 4004 1250 4056 προς
1304 3992 1396 4037 τοῦ
1447 3983 1650 4057 βασιλέι

1902 3981 1981 4037 ilo
2008 3981 2498 4047 condecoratum,
2531 3982 2695 4037 etcui
2727 3979 3019 4037 universae
3034 3980 3188 4036 illius
3209 3981 3468 4050 regionis

82 4081 345 4134 Ἰωάννου
375 4079 403 4130 ό
451 4077 600 4148 λόγος
651 4077 856 4149 φθάσας
906 4075 1218 4146 τετιμῆσθαι
1281 4070 1546 4132 δεδήλωκε
1619 4095 1648 4126 κ

1903 4073 2170 4127 nfectura
2215 4070 2407 4125 fuerat
2455 4069 2842 4137 demandata,
2897 4069 2974 4125 ad
3056 4072 3469 4126 Musulmanos

105 4130 156 4134 _-
190 4130 218 4132 η
519 4130 532 4148 ,
584 4130 599 4137 -
657 4130 668 4149 ,
842 4130 855 4137 ,
1012 4130 1022 4146 ,
1070 4130 1077 4133 .
1400 4130 1407 4132 .

86 4174 197 4228 τήν
251 4174 352 4229 τῆς
411 4166 622 4225 ἁπάσης
671 4167 860 4224 ταύτης
926 4168 1106 4234 χώρας
1154 4164 1432 4236 ἡγεμονίαν
1499 4161 1652 4235 ἐμπεπ

1897 4160 2179 4229 nfugisse.
2214 4161 2406 4225 Quare
2449 4159 2662 4213 anxius
2715 4157 3039 4231 imperator
3093 4159 3296 4216 animo
3338 4176 3463 4216 non

92 4258 391 4325 στεῡσθαι,
419 4257 589 4328 φυγὰς
613 4258 778 4326 ᾤχετο
809 4258 898 4305 καὶ
937 4250 1020 4304 ἐπὶ
1067 4255 1154 4304 τόν
1206 4260 1304 4304 τῶν
1357 4252 1658 4325 Μουσουλμι

1903 4251 2305 4306 νὶῐθτωειυατθ.
2327 4251 2499 4304 Etme
2515 4247 2725 4315 accito,
2751 4270 2779 4298 «
2793 4251 3077 4319 Tenesne,
3096 4271 3124 4299 ››
3138 4249 3234 4319 ait,
3254 4272 3281 4301 «
3305 4247 3469 4322 quod

86 4355 198 4410 νῶς
229 4345 395 4418 ἀπῄει
422 4352 616 4419 χῶρον.
649 4343 949 4416 Ἐταράχθῆ
998 4343 1112 4411 (37)
1170 4347 1293 4412 γοῦν
1361 4339 1444 4394 ἐπὶ
1509 4344 1652 4394 τούτο

1907 4345 2053 4395 stum
2077 4343 2169 4394 est
2189 4340 2216 4394 *Γ
2249 4359 2276 4388 ››
2309 4340 2374 4393 Et
2404 4338 2550 4408 ipse,
2580 4359 2608 4386 ‹‹
2628 4339 3021 4410 Nequaquam
3048 4360 3097 4403 »,
3132 4338 3247 4401 aio,
3302 4357 3332 4392 ‹
3366 4337 3473 4393 im-

87 4440 118 4491 6
188 4435 449 4510 βασιλεύς
504 4433 562 4486 ού
620 4440 838 4507 μικρῶς,
899 4435 987 4483 καί
1070 4450 1132 4503 με
1202 4430 1653 4504 προσκαλεσάμενο

1906 4434 2079 4484 rator.
2111 4428 2263 4493 Quid
2297 4432 2486 4483 autem
2513 4443 2720 4482 recens
2751 4427 3018 4483 accidit?
3048 4450 3075 4477 »
3115 4426 3213 4483 Ille
3253 4427 3472 4483 subdit:

88 4549 123 4578 (ι
159 4525 392 4597 Ἐγνως,
429 4546 455 4573 ››
484 4525 600 4595 ἔφη,
634 4544 661 4571 (ι
690 4526 743 4573 τί
764 4525 964 4592 γέγονεν
998 4537 1012 4588 ;
1047 4542 1075 4571 ››
1107 4525 1206 4573 Καὶ
1236 4520 1410 4587 αύτός,
1459 4542 1487 4571 ‹‹
1537 4517 1654 4573 Οὐδ

1911 4522 2133 4587 lagnus
2163 4532 2364 4574 comes
2388 4515 2608 4572 stabuli
2645 4515 2789 4586 fuga
2830 4531 2893 4571 se
2933 4516 3236 4590 surripuit,
3289 4521 3346 4572 et
3397 4516 3477 4572 ad

82 4624 231 4691 μῶς,
272 4636 302 4663 ››
331 4615 477 4685 ἔφην,
521 4633 548 4661 ‹‹
581 4609 621 4663 ὦ
653 4609 896 4684 βασιλεῦ·
929 4614 981 4662 τί
1012 4605 1073 4662 δέ
1133 4608 1250 4662 ἐστι
1299 4629 1360 4662 το
1405 4611 1647 4682 προσφάτ

1912 4608 2234 4662 isulmanos
2263 4605 2442 4662 venit.
2471 4605 2622 4671 Quid
2646 4604 2719 4660 de
2740 4605 2856 4662 hoc
2891 4607 3130 4662 animus
3163 4606 3427 4677 suggerit
3451 4605 3478 4662 ?

81 4706 454 4778 γεγενημένον
489 4718 502 4764 ;
531 4723 560 4752 ››
594 4706 652 4772 ιΟ
675 4696 732 4752 δὲ
765 4718 946 4772 φησιν,
987 4721 1007 4748 ι
1044 4696 1102 4750 Ὀ
1153 4701 1317 4770 μέγας
1375 4697 1647 4750 κονοσταῦλ

1911 4711 2016 4750 lex
2048 4694 2437 4752 Musulmanis
2477 4693 2733 4749 exercitu
2781 4693 3078 4750 conducto
3123 4693 3185 4748 in
3237 4699 3477 4749 nostras

167 4795 223 4828 ⁵³
256 4791 464 4862 ηὔχετο
492 4804 676 4861 usque
704 4788 782 4862 qd
812 4786 1006 4859 ἆγένετο
1038 4788 1118 4855 (in
1140 4787 1261 4855 ﬁne
1285 4787 1349 4858 ξι)
1375 4803 1487 4842 0111-
1531 4787 1594 4840 θ’
1671 4786 1721 4822 ⁸³

1915 4789 2016 4862 Επεὶ
2048 4780 2107 4836 δε
2133 4785 2158 4836 6
2187 4781 2431 4857 βασιλεὺς
2469 4789 2562 4841 τὴν
2615 4782 3004 4862 φεσσριλονίκην
3063 4779 3326 4862 κατέλαβε,
3358 4783 3481 4862 τοὺς

78 4851 968 4937 γάμους’πληροί,’καὶ-δεσπότην
997 4851 1083 4911 τόν
1111 4851 1406 4937 Νικηφόρον
1442 4867 1732 4937 τετίμηκεν.
1755 4853 1967 4937 Ἦκε-δ’
1998 4856 2138 4937 αὐτῷ
2175 4851 2349 4937 γραφὴ
2392 4857 2515 4937 ᾡςηό
2562 4853 2908 4937 Πιαλοιιολόγος
2945 4852 3186 4937 ,Μιχαῄλ
3218 4851 3260 4937 ’6
3321 4855 3479 4937 μέγας

81 4921 463 4995 κυνοσταυλοξ
488 4921 582 4993 την
612 4933 852 4986 Βιθυνίαν
884 4927 1076 4985 διέπων
1098 4921 1446 5003 φυλας’ᾤχετο
1466 4921 1584 5004 περὶ
1616 4935 1709 4988 τὴν
1736 4937 1835 4980 τῶν
1866 4921 2309 5000 Μουσουλμάνων,
2333 4932 2424 4979 καὶ
2457 4925 2728 5002 ἐταράχθη
2761 4921 2846 4979 ἐπὶ
2869 4921 3079 4984 τούτοις
3118 4925 3144 4976 ό
3211 4921 3476 4996 βασιλεύς.

987 5143 1328 5215 Theodori
1377 5144 1627 5213 Dousae
1677 5151 1742 5212 et
1788 5141 2038 5213 Leonis
2086 5141 2320 5211 Allatii
2369 5151 2571 5210 notae.

168 5340 301 5412 (45)
336 5337 397 5392 Ὀ
446 5333 668 5409 Μιχαὴλ
707 5337 732 5388 ὁ
779 5336 1061 5408 Κομνηνὸς.
1133 5337 1444 5406 Gregoras,
1507 5350 1570 5406 p.
1633 5338 1722 5390 57.

1918 5331 2191 5412 νοσταῦλος
2246 5331 2379 5412 (ᾔρει.
2418 5329 2633 5412 melius
2689 5340 2911 5412 Quam.
2948 5327 3291 5412 ῐςονόσὶαλοςὶ
3380 5328 3484 5412 qui

80 5398 246 5471 AL‘L.
278 5398 295 5412 ’
522 5398 566 5409 ’⁷
853 5398 862 5408 ’
1245 5398 1276 5406 ⁷
1511 5398 1528 5406 ’
1833 5403 1992 5459 Italis
2021 5398 2429 5467 contestabile,
2465 5398 3070 5473 Gallisconnestable.
3113 5398 3171 5473 ’0
3197 5404 3359 5473 μέγας
3392 5398 3486 5453 Ko-

171 5483 304 5555 (36)
345 5482 407 5534 ’0
447 5484 610 5552 μέγας
640 5478 1003 5555 -Κονόσταλοᾳ
1063 5477 1339 5555 Magnus
1369 5491 1556 5555 comes
1604 5482 1726 5555 sta:-

1917 5474 2114 5555 rmgio;
2146 5489 2266 5555 non
2283 5478 2601 5555 postrema
2635 5471 2895 5555 dignitas
2929 5472 2990 5553 in
3037 5471 3261 5555 palatio
3302 5474 3483 5528 Greco

83 5542 262 5612 bu‘li.
289 5542 832 5619 'Krivr'oglltalorum
865 5557 1057 5619 conto,
1092 5555 1147 5603 et
1168 5542 1374 5619 'comte
1403 5547 1726 5618 Gallorum)
1837 5545 1962 5602 fuit.
1998 5545 2252 5619 Consule
2283 5542 2600 5619 Meursium
2635 5543 2693 5598 in
2735 5542 3058 5619 Clossario:
3093 5544 3305 5600 Dousa.

80 5641 338 5695 comes,
368 5617 587 5677 σταῦλον
631 5627 688 5678 et
750 5620 1018 5695 σταῡλος,Δ
1042 5616 1175 5676 Vsive
1234 5617 1646 5695 ardﬂo;_Grmt

1529 5616 1728 5695 :rascok
1910 5620 2022 5690 (37)
2059 5617 2385 5692 Ἐταράχθη.
2414 5616 2730 5686 Gregoras,
2755 5630 2815 5688 p-
2853 5618 3095 5671 57.ALL.

81 5689 410 5755 Barbaris
442 5695 766 5752 stabulum.
805 5697 892 5750 est
941 5691 1121 5763 igitur
1171 5689 1555 5752 Κοντοσταῡλος
1607 5690 1729 5745 sive
