3966 6324
473 364 613 420 H55

1760 357 2044 414 GEORGII
2074 356 2552 417 ACROPOLITA'I.

3725 365 3862 418 H56

470 486 760 558 irrumpet
811 482 910 538 ille
957 478 1266 552 provincia
1321 480 1349 534 ?
1405 501 1434 528 »
1477 499 1505 527 «
1563 478 1922 550 Neutiquam
1977 480 2116 537 mihi

2237 479 2443 554 ἀπέδρα
2492 487 2582 535 καὶ
2633 481 2719 534 ἐπὶ
2769 484 2837 535 τὰ
2888 492 2987 536 τῶν
3041 484 3465 557 Μουσουλμάνων
3543 491 3856 559 κεχώρηκε.

470 575 766 638 videtur,o
787 574 1128 644 imperator,
1161 585 1301 624 eum
1322 568 1434 623 tale
1456 568 1603 640 quid
1631 575 1902 623 acturum
1929 586 1942 623 :
1970 569 2126 624 illius

471 666 630 720 enim
659 679 903 719 sensum
938 675 1050 728 ego
1090 666 1146 714 et
1193 673 1337 728 erga
1393 661 1697 714 Romanos
1753 674 2124 730 propensum

471 754 744 809 animum
757 750 1003 823 pulchre
1018 748 1224 803 calleo.
1245 769 1272 796 η
1288 750 1353 802 Et
1374 747 1730 818 imperator:
1749 770 1776 797 ι(
1792 749 2124 813 Quamnam

471 857 612 912 ergo
639 841 716 896 ob
748 855 997 896 causam
1020 837 1304 907 fugitivus
1345 836 1546 893 abiit?
1573 857 1601 886 »
1644 860 1665 887 ε
1701 837 1890 908 Quod,
1949 859 1970 886 ι
2037 838 2123 892 in-

471 947 678 1004 quam,
715 954 737 980 ι
768 935 832 984 ut
862 935 923 984 tu
957 928 1110 984 bene
1140 927 1314 993 nosti,
1359 926 1704 998 imperator,
1753 943 1876 982 non
1937 927 2124 983 semel

471 1026 574 1076 aut
601 1019 714 1081 bis,
740 1018 848 1075 sed
876 1018 1098 1089 saapius
1123 1021 1302 1087 atque
1331 1016 1549 1086 saepius
1599 1016 1974 1072 atrocissima
2015 1017 2127 1073 mi-

470 1109 733 1179 nabaris,
760 1111 820 1162 in
849 1121 1109 1178 eumque
1148 1104 1824 1170 iracundiaconcitatus,
1851 1105 2124 1177 plurimis

472 1196 874 1262 audientibus,
897 1200 949 1250 te
974 1194 1056 1249 illi
1085 1192 1293 1249 oculos
1323 1191 1686 1249 eﬂ'ossurum
1711 1193 2008 1264 jactabas.
2044 1197 2122 1250 De

469 1287 563 1342 his
596 1285 691 1342 ille
719 1286 932 1341 certior
962 1284 1171 1351 factus,
1207 1299 1346 1338 cum
1375 1299 1412 1339 a
1433 1281 1635 1338 multis
1668 1283 2125 1355 quidquidinter

467 1375 842 1447 loquendum
855 1374 1147 1429 diceretur
1162 1373 1541 1442 perdisceret,
1560 1372 1896 1443 angebatur
1919 1372 2124 1429 animo

470 1480 805 1535 pcenasque
836 1462 1316 1528 exhorrescebat;
1352 1461 1594 1516 tandem
1618 1460 1794 1516 saluti
1837 1478 1958 1516 suae
1983 1461 2125 1530 fuga

471 1551 785 1607 consuluit.
821 1573 850 1600 ››
887 1573 908 1599 ι
955 1556 1016 1604 Et
1046 1555 1286 1621 propter
1314 1549 1480 1620 quid,
1524 1571 1553 1598 ››
1602 1549 1732 1606 inﬁt
1778 1550 2122 1622 imperator,

472 1664 501 1692 ιι
529 1641 589 1696 in
616 1641 839 1696 ditione
873 1645 1078 1695 nostra
1121 1643 1390 1694 moratus
1442 1654 1562 1694 non
1619 1644 1727 1707 est,
1775 1640 1912 1695 licet
1961 1638 2127 1697 mala

470 1729 600 1786 haec
630 1731 938 1785 subiturus
967 1729 1200 1794 fuisset,
1226 1729 1287 1784 in
1341 1728 1534 1784 alieno
1591 1729 1720 1785 solo
1761 1729 2018 1787 felicitati
2064 1733 2125 1786 in

419 1881 424 1888 ,
471 1823 747 1874 materno
773 1817 1170 1874 infortunium
1201 1818 1521 1889 praeferens
1547 1817 1575 1873 7
1602 1841 1629 1869 »
1665 1841 1685 1868 ε
1719 1819 1974 1876 Dedecet
2011 1820 2126 1876 hoc

470 1907 810 1966 humanum
837 1907 1134 1970 animum,
1165 1923 1201 1962 ο
1229 1908 1556 1979 imperator
1588 1924 1600 1973 ;
1632 1907 1784 1964 dura
1826 1908 2128 1981 siquidem

470 2004 649 2069 atque
687 2012 904 2069 aspera
931 1996 1157 2068 perpeti
1182 1997 1474 2068 noxisque
1497 1997 1677 2052 variis
1696 1995 1964 2052 aﬂlictari
1981 2013 2126 2053 non-

473 2085 623 2142 nulli
661 2086 904 2156 ingenio
944 2085 1219 2140 validiori
1271 2101 1340 2140 ac
1397 2084 1572 2158 145,
1620 2086 1897 2142 ferociori
1959 2093 2014 2142 et
2066 2086 2128 2142 in

469 2176 751 2232 humanae
785 2177 918 2231 vita:
964 2174 1224 2242 casibus,
1273 2179 1339 2230 ut
1393 2175 1476 2230 ita
1528 2175 1750 2242 dicam,
1805 2175 2125 2241 obdurato,

470 2265 848 2321 sustinebunt
879 2281 892 2320 :
919 2264 1024 2319 sed
1056 2265 1189 2320 vita
1215 2264 1408 2335 ipsius
1440 2262 1761 2319 discrimen
1819 2271 1873 2320 et
1919 2265 2126 2336 preci-

470 2369 731 2424 puarum
773 2353 1038 2424 corporis
1105 2353 1366 2424 partium
1417 2352 1918 2422 imminutionem,
1978 2353 2128 2409 dum

470 2442 607 2514 quis
633 2442 745 2496 sibi
772 2443 957 2510 timet,
983 2441 1148 2496 haud
1164 2441 1395 2495 videtur
1413 2440 1538 2495 ﬁeri
1552 2457 1729 2512 posse
1750 2447 1814 2497 ut
1833 2443 2127 2513 patienter

471 2532 640 2599 ferat,
669 2531 773 2586 sed
811 2547 918 2602 pro
953 2531 1084 2586 vita:
1121 2529 1381 2601 periculo
1407 2545 1672 2600 currens,
1707 2537 2005 2602 quantum
2062 2532 2126 2586 in

470 2635 532 2674 se
563 2625 672 2688 est,
697 2619 948 2675 molesta
977 2635 1048 2676 ac
1079 2619 1258 2674 noxia
1285 2619 1659 2689 subterfugit.
1706 2642 1735 2670 »
1797 2620 1897 2676 His
1953 2620 2127 2676 dictis

471 2707 768 2763 siluimus.
805 2710 870 2764 Et
895 2713 1036 2779 post
1062 2706 1244 2763 breve
1271 2706 1556 2779 spatium,
1591 2730 1618 2758 «
1650 2708 1805 2774 Quid
1831 2714 2052 2777 autem,
2094 2730 2124 2758 »

470 2797 550 2853 ait
578 2795 924 2868 imperator,
957 2819 979 2846 ι
1010 2796 1319 2853 existimas
1350 2812 1490 2852 eum
1521 2796 1819 2854 facturum
1861 2802 1889 2854 ?
1920 2821 1948 2850 »
1993 2801 2126 2871 Ipse

466 2886 752 2958 respondi
787 2903 799 2940 :
829 2909 858 2935 «
884 2886 1160 2958 suspicor
1177 2902 1316 2942 eum
1347 2902 1468 2941 non
1497 2885 1602 2942 diu
1627 2887 1792 2958 apud
1808 2889 2121 2944 Persarum

467 2973 801 3048 principem
828 2979 1269 3030 commoratum
1286 2975 1640 3042 missurum,
1660 2981 1775 3032 uta
1804 2977 2124 3048 majestate

470 3067 576 3118 tua
605 3063 1066 3118 commissorum
1097 3063 1335 3118 veniam
1363 3070 1796 3136 consequatur,
1829 3070 2123 3136 tanquam

466 3151 571 3222 qui
598 3158 792 3223 speret
817 3153 995 3207 etiam
1025 3152 1086 3207 in
1101 3152 1214 3207 hoc
1237 3152 1478 3222 negotio
1501 3151 1850 3209 auxiliarem
1874 3169 2124 3225 operam

469 3241 612 3297 dicti
642 3241 928 3314 principis
959 3257 1081 3297 non
1101 3241 1468 3310 defuturam,
1507 3248 1565 3298 et
1612 3242 1675 3298 in
1701 3243 1994 3298 veritatisc
2021 3259 2125 3298 on-

465 3328 869 3385 ﬁrmationem
914 3335 1357 3386 sacramentum
1416 3330 1596 3386 etiam
1641 3337 1938 3402 exposcet,
1993 3332 2126 3388 sine

465 3433 610 3491 quo,
648 3424 708 3472 ut
734 3418 968 3490 opinor,
1002 3419 1354 3490 neutiquam
1387 3419 1465 3474 ad
1497 3424 1551 3474 te
1581 3421 1797 3476 veniet.
1824 3441 1852 3470 »
1886 3423 2127 3493 Propter

465 3506 596 3562 haec
627 3505 953 3577 imperator
977 3507 1268 3575 turbatus,
1292 3507 1471 3563 rebus
1487 3508 1549 3564 in
1579 3508 1819 3564 incertis
1837 3525 1907 3565 ac
1927 3509 2128 3566 dubiis

468 3596 728 3666 agitatus
755 3614 772 3664 ;
806 3601 942 3667 post
963 3612 1192 3668 paucos
1225 3597 1354 3652 dies
1377 3614 1413 3653 a
1433 3598 1772 3654 cohortium
1792 3599 2128 3671 Bithynica-

466 3701 601 3740 rum
633 3688 690 3740 et
717 3684 1096 3756 Mesothyniaa
1136 3685 1495 3756 praesidibus
1549 3687 1820 3758 epistola:
1878 3688 1956 3743 ad
2018 3690 2124 3745 im-

469 3779 806 3848 peratorem
841 3774 996 3830 data;
1024 3780 1161 3830 sunt
1205 3792 1219 3843 ;
1250 3793 1386 3848 quae
1416 3785 1585 3833 erant
1611 3778 1881 3849 epistolae
1919 3779 2128 3848 magni

470 3865 694 3921 comitis
707 3864 928 3922 stabuli
946 3865 1020 3920 de
1040 3866 1292 3935 negotiis
1307 3872 1740 3938 pertractantes
1752 3868 1812 3924 in
1826 3869 1985 3925 hunc
2007 3871 2126 3925 fere

466 3954 742 4022 modum,
763 3954 840 4011 ad
859 3971 1356 4028 unumquemque
1385 3955 1616 4012 illorem
1645 3957 1880 4030 scriptae
1909 3976 1922 4013 :
1948 3980 1976 4008 «
2005 3961 2127 4029 Ego

466 4044 712 4117 quidem
736 4044 1190 4116 imperatorium
1230 4045 1510 4101 timorem
1563 4047 1768 4102 animo
1829 4047 2124 4112 volutans.

466 4132 824 4206 hearensque
863 4149 937 4188 ne
980 4149 1166 4204 quam
1199 4133 1464 4190 subirem
1504 4149 1752 4202 noxam,
1799 4135 2006 4204 fugam
2036 4152 2125 4192 ar-

466 4221 642 4293 ripui.
677 4225 788 4277 Vos
813 4227 984 4278 caute
1007 4239 1078 4278 ac
1116 4221 1341 4278 fortiter
1369 4239 1571 4279 rerum
1592 4225 1939 4281 militarium
1964 4241 2127 4281 com-

466 4325 792 4364 missarum
809 4309 981 4365 vobis
1001 4326 1208 4366 curam
1237 4311 1411 4380 agite.
1443 4311 1738 4368 Custodit}:
1761 4313 2003 4368 urbium
2031 4329 2123 4369 ac-

467 4396 832 4468 oppidorum
889 4397 950 4453 in
1007 4403 1132 4455 tuto
1191 4400 1325 4466 sint,
1385 4401 1803 4474 universasque
1865 4403 2124 4472 regionis

467 4484 736 4540 defensio
753 4502 824 4542 ac
840 4488 1384 4558 propugnaculum,
1398 4489 1483 4544 uti
1503 4491 1676 4545 moris
1689 4497 1795 4562 est,
1813 4492 2122 4562 procedat;

468 4579 522 4629 et
560 4573 1083 4645 quemadmodum
1104 4592 1366 4644 mecum,
1395 4577 1476 4632 ita
1488 4583 1795 4634 etrursum
1815 4596 1921 4634 vos
1940 4582 2124 4649 gerite

2159 3291 2199 3347 C

2234 575 2296 623 Τί
2322 579 2447 641 γοῦν
2494 573 2598 644 ἄρα
2652 576 2771 646 περὶ
2823 581 2912 624 τοῦ
2965 577 3201 626 τοιούτου
3263 571 3446 646 διανοῇ
3487 592 3502 642 ;
3557 583 3682 647 μῶν
3738 581 3859 645 πρὸς

2235 660 2656 732 Μουσουλμάνων
2708 661 3128 734 προσλαϐόμενος
3180 666 3482 736 στράτευμα
3539 666 3674 716 καθ’
3739 667 3858 735 ἐμε-

2232 753 2382 824 τέρας
2411 754 2651 825 χωρήσει
2685 771 2864 824 χωρας
2892 768 2906 818 ;
2931 771 2959 804 ν
2995 774 3023 801 ι(
3053 749 3313 824 Οὐδαμῶς
3341 773 3431 824 μοι
3477 750 3638 805 δοκεῖ
3688 772 3859 805 τοιου-

2232 858 2340 907 τον,
2373 835 2412 890 ὦ
2439 838 2682 911 βασιλεῦ,
2713 862 2739 888 ››
2787 843 2908 913 ἑφην
2969 864 2990 890 ε
3042 841 3198 894 αὐτὸν
3263 839 3712 914 δίαπράξασθαε·
3769 849 3856 901 τὴν

2230 931 2332 1003 γὰρ
2362 934 2572 1000 γνώμην
2603 936 2694 980 τοῦ
2722 926 2913 1001 ἀνδρὸς
2954 929 3197 1001 έπέγνων,
3248 936 3337 984 καὶ
3392 935 3453 984 τὸ
3497 940 3602 984 τοῦ
3663 938 3857 1005 φρονή-

2231 1038 2390 1090 ματος
2447 1017 2737 1090 ἐπίσταμαι
2807 1018 3175 1091 φιλορώμαιον.
3235 1041 3266 1070 ν
3327 1025 3426 1074 Καὶ
3485 1022 3514 1072 ὁ
3576 1019 3859 1093 βασιλεὺς,

2233 1110 2416 1168 «Τίνος
2465 1104 2552 1160 οὖν
2604 1110 2766 1182 χάριν
2823 1111 2988 1181 φυγὰς
3041 1117 3143 1161 τῶν
3200 1112 3454 1182 ἡμετέρων
3515 1109 3738 1181 ἆγε-δετο
3792 1129 3865 1178 ;.

2231 1218 2259 1246 ‹‹
2287 1195 2408 1248 ⁴Οτι
2434 1215 2527 1270 περ
2553 1197 2685 1268 (38),
2721 1220 2750 1246 »
2783 1199 2925 1270 ἔφην,
2959 1220 2979 1248 ε
3019 1201 3090 1260 ὡς
3114 1195 3292 1263 οἶσθα,
3338 1200 3378 1250 ὦ
3432 1198 3707 1272 βασιλεῦ,
3762 1201 3866 1271 οὐχ

2232 1285 2373 1348 άπαξ
2393 1281 2516 1338 οὐδὲ
2545 1282 2646 1352 δὶς,
2682 1284 2810 1338 ἀλλὰ
2845 1291 2937 1339 καὶ
2993 1289 3244 1360 μυριάκις
3295 1288 3528 1351 ἠπείλεις
3580 1289 3746 1359 αὐτῷ
3805 1294 3868 1342 τὰ

2235 1371 2508 1426 δεινότατα
2537 1379 2626 1426 καὶ
2654 1374 2881 1449 ὠργίζου
2928 1377 3044 1428 κατ’
3098 1376 3259 1430 αὐτοῦ
3319 1377 3591 1448 χαλεπῶς,
3665 1383 3768 1431 καὶ
3820 1379 3870 1432 έν

2232 1463 2417 1521 πλήθει
2447 1467 2663 1536 παρόντι
2701 1464 2895 1516 πολλῶν
2926 1467 3146 1537 ἔφασκες
3196 1465 3455 1539 ἐκπέμψαι
3519 1471 3624 1519 καὶ
3683 1468 3868 1541 ἐξορύ-

2235 1553 2320 1616 ξαι
2353 1556 2402 1606 οὶ
2431 1557 2548 1614 τοὺς
2589 1553 2896 1625 ὀφθαλμούς.
2948 1561 3128 1607 Ταῦτα
3169 1554 3357 1617 ἐκεῖνος
3415 1555 3694 1628 ἐμάνθανε
3752 1561 3869 1628 (39)

2233 1647 2323 1695 καὶ
2366 1662 2510 1716 παρα
2559 1642 2757 1695 πολλῶν
2808 1652 2906 1695 τῶν
2963 1643 3242 1717 λεγομένων
3287 1649 3463 1711 ἤκουε,
3539 1650 3644 1698 καὶ
3745 1644 3866 1700 ἐδά-

2234 1750 2379 1784 κνετο
2407 1736 2502 1789 τὴν
2540 1731 2726 1803 ψυχὴν
2752 1738 2841 1785 καὶ
2867 1729 3062 1785 ἐδειλία
3098 1737 3192 1793 τὴν
3250 1739 3509 1807 τιμωρίαν
3565 1739 3674 1786 καὶ
3729 1737 3865 1788 ἀπο-

2236 1827 2415 1893 φυγεῖν
2445 1819 2731 1874 ίπέσπευσε
2760 1825 2853 1880 τὴν
2881 1827 3089 1880 ποινήν,
3120 1845 3148 1872 ››
3181 1844 3209 1873 ιι
3243 1828 3342 1876 Καὶ
3389 1821 3486 1876 διὰ
3531 1829 3612 1890 τί,
3677 1847 3712 1874 υ
3775 1827 3863 1896 ἔφη

2235 1911 2261 1961 ὀ
2294 1908 2566 1982 βασιλεὺς,
2599 1931 2629 1961 ‹‹
2682 1910 2776 1962 οὐκ
2833 1909 2882 1962 έν
2936 1919 3046 1971 τοῖς
3097 1913 3363 1986 ἡμετέροις
3411 1920 3861 1988 προσεκαρτέρει,

2237 2004 2328 2052 καὶ
2353 1999 2398 2051 εἰ
2437 2001 2620 2051 παθεῖν
2667 1998 2839 2071 ἔμελλε
2890 2003 2958 2052 τὰ
3011 1996 3159 2053 δεινὰ
3213 2001 3398 2066 ταῦτα,
3451 2011 3550 2062 τῆς
3609 2000 3710 2054 ἐπὶ
3781 2012 3865 2063 τῆς

2238 2085 2539 2150 ἀλλοδαπῆς
2588 2087 2872 2161 εὖπραφίας
2921 2093 3018 2147 τὴν
3074 2088 3126 2141 ἐν
3173 2097 3278 2151 τοῖς
3332 2091 3600 2160 ἰθαγενέσι
3675 2110 3864 2166 προτι-

2236 2186 2344 2250 μῶν
2379 2174 2714 2251 δυσπραγίαν
2739 2193 2754 2245 ;
2784 2197 2814 2230 ν
2844 2199 2874 2228 (ι
2906 2178 3018 2230 Οὐκ
3049 2180 3162 2231 ἔστι
3191 2187 3344 2233 τοῦτο
3392 2179 3586 2252 ψυχῆς
3657 2178 3864 2255 ἀνθρω-

2235 2265 2472 2335 πίνης,ὦ
2503 2265 2746 2338 βασιλεῦ,
2795 2270 2941 2320 Δεινὰ
2992 2270 3082 2339 μεν
3138 2271 3241 2342 γὰρ
3306 2270 3488 2322 παθεῖν
3545 2274 3644 2322 καὶ
3711 2288 3863 2345 περι-

2235 2363 2409 2408 πεσεῖν
2455 2362 2752 2429 συμφοραῖς
2798 2358 2922 2408 ἔνιοι
2973 2355 3034 2407 ἂν
3090 2359 3256 2408 ἱκανοὶ
3321 2365 3542 2429 φανῶσι,

2235 2447 2384 2518 τέρου
2410 2448 2740 2516 γεγενημένοι
2772 2449 3100 2518 φρονήματος
3123 2449 3213 2497 καὶ
3255 2441 3360 2496 οἷον
3414 2445 3574 2498 εἰπεῖν
3639 2445 3858 2522 ἀπροσ-

2233 2535 2433 2594 παθοῦς
2486 2533 2534 2585 έν
2598 2540 2708 2594 τοῖς
2762 2541 2852 2586 τοῦ
2903 2531 3028 2606 βίου
3087 2536 3416 2608 πράγμασιν·
3473 2537 3538 2586 τὸ
3590 2531 3659 2588 δὲ
3736 2543 3856 2611 περι

2236 2622 2366 2694 αὐτῇ
2390 2630 2453 2695 τῇ
2503 2625 2610 2695 ζωῇ
2658 2618 2890 2675 δεδιέναι
2942 2629 3032 2676 καὶ
3082 2621 3521 2698 ἀκρωτηριασμὸν
3569 2633 3680 2676 τῶν
3737 2645 3858 2678 και·

2233 2715 2491 2786 ριωτέρων
2556 2720 2866 2784 σωματικῶν
2955 2720 3122 2785 μερῶν
3191 2709 3521 2786 προσδοκᾷν,
3596 2714 3859 2786 οὐμενοῦν

2236 2799 2409 2853 δοκεῖν
2430 2819 2545 2853 τινα
2577 2800 2629 2853 ἐν
2668 2804 2873 2863 τούτοις
2926 2806 3345 2878 προσκαρτέρεῖν,
3396 2801 3527 2855 ἀλλά
3579 2808 3677 2856 τὸν
3737 2811 3856 2881 περὶ

2233 2889 2422 2962 ψυχης
2463 2894 2666 2963 τρέχων
2721 2889 3079 2963 ἀποφυγγάνει
3131 2900 3234 2944 τῶν
3293 2888 3473 2944 δείνων
3524 2894 3628 2950 ὅση
3699 2891 3857 2947 δύνα-

2233 2999 2344 3050 μις.
2404 3002 2432 3030 ››
2488 2979 2648 3032 Ταῦτ’
2701 2979 2930 3041 εἰπόντες
3010 2985 3430 3053 σεσιωπὸκαμεν.
3511 2987 3617 3034 Καὶ
3721 2986 3853 3056 μετὰ

2237 3065 2444 3138 βραχὺ,
2472 3089 2499 3118 ι(
2521 3070 2584 3123 Τί
2624 3063 2683 3120 δε
2703 3070 2820 3135 οἰει,
2851 3090 2878 3118 ››
2912 3067 2938 3120 ὁ
2963 3067 3217 3141 βασιλεὺς
3242 3069 3358 3142 ἔφη,
3395 3090 3425 3118 ιι
3457 3076 3648 3122 τοῦτον
3703 3080 3854 3131 ποιῆ-

2235 3175 2326 3209 σαι
2359 3173 2373 3222 ;
2404 3179 2431 3207 »
2477 3157 2606 3228 Ἐγὼ
2637 3153 2696 3210 δε
2716 3159 2842 3230 ἔφην
2864 3160 2933 3220 ὡς
2971 3180 3002 3209 ε(
3033 3162 3234 3231 Μικρὸν
3273 3156 3628 3231 ὑπολαμϐάνω
3681 3163 3848 3236 παρα-

2232 3248 2316 3298 τὸν
2371 3248 2691 3320 Περσάρχην
2747 3251 3219 3322 προσκαρτερήσας
3291 3246 3581 3301 ἀποσταλεῖ
3638 3268 3852 3322 συμπαο

2236 3336 2375 3397 θείας
2424 3338 2551 3407 πρὸς
2597 3341 2690 3388 τοῦ
2757 3343 2854 3388 σοῦ
2907 3339 3133 3409 κράτους
3184 3334 3491 3406 ἀξιωθῆναι,
3553 3340 3704 3409 ἔχων
3765 3344 3852 3392 καὶ

2232 3427 2320 3476 τὸν
2362 3426 2682 3496 Περσάρχην
2713 3423 2800 3477 ἐπὶ
2854 3432 2917 3498 τῇ
2966 3427 3209 3478 ὑποθέσει
3281 3425 3707 3498 μεσολαϐοῦντα,
3765 3430 3852 3490 ζη-

2233 3509 2467 3570 τήσειδε
2499 3531 2557 3566 σε
2598 3515 2748 3588 ὅρκον
2798 3512 2867 3574 εἰς
2918 3518 3013 3572 τὴν
3068 3522 3160 3575 τῆς
3223 3512 3471 3576 ἀληθείας
3529 3514 3850 3588 βεϐαίωσον,

2235 3597 2294 3653 οὗ
2324 3603 2443 3654 ἄνευ
2479 3602 2650 3656 οὐκέτι
2677 3621 2768 3674 μοι
2809 3598 2955 3655 δοκεῖ
3010 3605 3154 3677 παρὰ
3206 3607 3264 3657 σὲ
3313 3602 3622 3677 ἀφικέσθαι.
3674 3628 3710 3655 κ
3769 3608 3854 3659 Ἐν

2233 3692 2439 3751 τούτοις
2471 3687 2531 3749 ἦν
2587 3694 2966 3765 τεταραγμένος
3020 3693 3046 3744 ὁ
3109 3690 3379 3764 βασιλεὺς,
3433 3692 3483 3746 ἓν
3532 3692 3852 3767 ἀμφιϐόλοις

2234 3781 2513 3850 τυγχάνων
2539 3787 2645 3840 τοῖς
2687 3799 3013 3855 πραγμασιν.
3067 3779 3152 3842 Ὠς
3209 3777 3270 3834 δὲ
3316 3782 3429 3854 μετ’
3473 3781 3664 3854 ὀλίγας
3713 3787 3852 3845 τινὰς

2234 3869 2432 3940 ἡμέρας
2469 3873 2667 3942 γραφαὶ
2689 3873 2823 3944 πρὸς
2868 3871 2956 3921 τὸν
3018 3867 3245 3942 βασιλέα
3308 3868 3653 3944 έπέμφθησαν
3721 3877 3851 3947 πρὸς

2233 3964 2333 4008 τῶν
2365 3961 2839 4034 στραταρχούντων
2891 3955 2939 4009 ἐν
2999 3960 3216 4031 Βιθυνίᾳ
3264 3964 3356 4012 καὶ
3406 3962 3738 4034 Μεσοθυνίᾳ,
3796 3963 3849 4014 αἱ

2236 4040 2295 4100 δε
2323 4052 2520 4121 γραγαὶ
2550 4055 2640 4100 τοῦ
2685 4045 3030 4100 κονοσταύλου
3084 4047 3312 4120 μεγάλου
3369 4045 3666 4121 ἐτύγχανον
3726 4054 3849 4124 πρὸς

2234 4135 2422 4196 αὐτοὺς
2489 4134 2815 4209 περιλήψεως
2868 4137 3095 4208 ἔχουσαι
3147 4136 3308 4197 οὕτως
3389 4138 3540 4210 (πρὸς
3620 4139 3717 4191 ἕνα
3794 4135 3852 4193 δέ

2232 4224 2451 4277 ἕκαστον
2517 4233 2616 4276 τῶν
2669 4227 2915 4277 τοιούτων
2968 4223 3332 4300 ἓγεγραφήκει)
3404 4226 3475 4288 ὡς
3561 4226 3702 4296 Ἐγὼ

2232 4315 2319 4365 τὸν
2349 4311 2404 4365 ἐκ
2434 4320 2528 4365 τοῦ
2556 4311 2816 4384 βασιλέως
2848 4312 3002 4385 φόϐον
3035 4311 3114 4387 [Ρ·
3145 4313 3239 4384 75]
3274 4311 3323 4365 έν
3370 4321 3433 4386 τῇ
3492 4311 3703 4387 καρδία
3746 4336 3848 4387 μου

2233 4405 2392 4473 ἔχων,
2442 4407 2532 4454 καὶ
2585 4398 2779 4465 δεδιὼς
2828 4407 2899 4475 μή
2966 4407 3017 4456 τί
3076 4423 3177 4456 που
3245 4405 3399 4456 πάθω
3456 4399 3652 4471 δεινὰν,
3705 4414 3844 4477 φυγῇ

2233 4489 2570 4564 ἐχρησάμην·
2621 4492 2768 4563 ὑμεῖς
2817 4487 2876 4544 δε
2923 4497 3182 4565 φρονίμως
3241 4511 3334 4554 κας
3410 4487 3682 4564 ἀνδρικῶς
3749 4503 3847 4547 τῶν

2235 4588 2623 4654 στρατιωτικῶν
2681 4580 3112 4653 ἒγχειρισθέντων
3175 4579 3298 4654 ὑμῖν
3339 4583 3671 4655 πραγμάτων
3735 4583 3846 4637 ἀντ-

3539 1650 3644 1698 καὶ

469 4661 840 4735 Subscriptio
878 4680 1170 4733 magnum
1203 4666 1486 4722 comitem
1513 4665 1685 4738 145
1739 4648 1962 4724 stabuli
1985 4685 2116 4725 con-

2233 4671 2441 4741 έχεσθε,
2492 4689 2581 4723 και
2639 4671 2693 4721 αἱ
2746 4669 2971 4742 φυλακαὶ
3021 4678 3120 4723 τῶν
3160 4669 3445 4743 πολιχνίων
3490 4675 3583 4723 καὶ
3646 4674 3845 4726 ᾶστεω

467 4751 737 4808 notabat.
780 4753 876 4808 His
905 4752 1230 4826 imperator
1274 4753 1478 4810 litteris
1522 4756 1804 4827 inspectis
1850 4758 2122 4815 animum

466 4841 656 4897 utmio
689 4843 912 4912 gaudio
941 4842 1304 4899 exhilaratus
1329 4845 1710 4900 sermonibus
1744 4846 1893 4902 meis
1937 4847 2121 4903 fidem

467 4930 764 4987 adhibuit.

2233 4757 2482 4832 ἀσφαλεῖς
2519 4759 2774 4826 ἔστωσαν,
2805 4764 2896 4812 καὶ
2925 4762 2955 4818 ἡ
2988 4766 3083 4822 τῆς
3119 4759 3328 4822 ἁπάσης
3354 4766 3538 4834 χώρας
3588 4769 3839 4836 προσοχή

2231 4853 2320 4901 καὶ
2375 4853 2701 4922 συντήρησις
2761 4848 2885 4921 παρ’
2940 4850 3082 4921 ὑμῶν
3131 4851 3200 4910 ὡς
3257 4851 3366 4911 ἔθος
3433 4852 3691 4921 γενέσθω⁹
3763 4859 3846 4904 καὶ

2230 4939 2404 5000 καθὼς
2451 4936 2722 5010 ἐπράττετε
2777 4936 2888 5010 μετ’
2937 4936 3081 5011 ἐμοῦ,
3131 4943 3223 4991 καὶ
3286 4935 3436 5000 αὖθις
3478 4947 3706 4997 ποιεῖτε.
3752 4947 3846 4996 Καὶ

467 5022 497 5078 ἡ
534 5018 789 5094 ἐπιγραφὴ
815 5025 902 5074 τὸν
933 5025 1096 5095 μέγαν
1125 5021 1466 5076 κονοσταῦλον
1488 5023 1755 5096 ἐσήμαίνε.
1790 5025 1997 5088 Ταύτας
2024 5027 2050 5078 ὁ
2082 5025 2329 5100 βασιλεὺς
2361 5029 2676 5100 θεασάμενος
2697 5030 2787 5088 τὰς
2826 5030 3028 5102 γραφὰς
3078 5026 3262 5104 ἱλαρῶς
3313 5024 3517 5086 διετέθη
3567 5033 3708 5104 πρὸς
3762 5037 3843 5091 τὴν

467 5109 716 5163 ὑπόθεσιν
747 5115 834 5164 καὶ
860 5118 970 5172 τοῖς
993 5111 1170 5184 λόγοις
1197 5131 1298 5186 μου
1326 5110 1750 5184 ἐμπεπίστευκεν,

537 5237 625 5291 65.
657 5234 772 5292 Sed
805 5236 954 5293 dum
983 5236 1102 5293 huc
1131 5237 1319 5294 oratio
1355 5237 1649 5310 perducta
1672 5239 2125 5310 est,inhistoria

2235 5241 2322 5306 ξέ.
2393 5241 2649 5295 Ἐνταῦθα
2707 5238 2767 5296 δι
2814 5243 2863 5279 ⁵⁸
2907 5249 3000 5295 τοῦ
3048 5245 3203 5314 λογου
3282 5246 3549 5315 γενόμενοι
3638 5249 3713 5300 τὰ
3761 5255 3842 5307 τῆς

537 5323 586 5360 ⁸⁸
643 5327 755 5382 D.:
806 5325 945 5381 Ἐπεὶ
1000 5323 1059 5380 δε
1108 5328 1135 5379 ὁ
1175 5326 1530 5400 Παλαιολὸγος
1575 5327 1623 5380 ἐν
1675 5335 1786 5392 τοῖς
1818 5330 2002 5393 οἴκοις
2046 5339 2148 5384 τῶν
2203 5334 2578 5407 Τουρκομάνων
2628 5329 2862 5404 ἀφίκετο,
2919 5333 3086 5405 τούτῳ
3156 5333 3225 5396 ὡς
3310 5331 3508 5409 έρμαίῳ
3596 5332 3840 5410 έντυχὸν-

1441 5471 1764 5535 Theodori
1803 5473 2037 5536 Dousa:
2069 5478 2134 5537 et
2161 5473 2393 5536 Leonis
2423 5474 2642 5536 Allatii
2668 5480 2860 5538 nota.

537 5616 929 5694 (38ὶῖοτιπερ.
958 5623 1267 5691 Gregoras,
1300 5637 1361 5694 p.
1397 5627 1482 5680 57.
1511 5625 1628 5680 Nec
1677 5623 1914 5681 diversa
1971 5629 2108 5682 sunt

461 5703 598 5761 quas
631 5690 896 5748 Phranza
925 5690 1378 5750 commemorat.
1427 5699 1563 5750 ALL.

2219 5627 2329 5697 (59)
2393 5632 2573 5680 Ταῦτα
2635 5625 2823 5688 ἐκεῖνος
2887 5624 3156 5683 ἕπάνθανε.

3242 5626 3678 5703 Pachymeres,
3737 5629 3830 5688 lib.

2196 5709 2234 5764 1,
2268 5713 2319 5754 c.
2350 5700 2402 5754 9.
2437 5700 2575 5756 ALL.
