3966 6324
96 352 246 407 1157

93 475 360 548 ἱστορίας,
399 475 465 534 ὡς
517 469 632 526 δεον
680 471 844 544 ἐστὶν,
897 475 1291 550 ἐμπλατύνωμεν
1325 497 1337 509 ·
1370 477 1568 530 πολλῶν
1601 481 1702 554 γὰρ
1736 487 1778 534 Α

88 560 269 634 λόγων
317 562 438 625 ἱξια
490 566 556 615 τά
610 561 658 614 ἓν
712 573 774 637 τῇ
825 574 961 640 φυγῇ
1003 570 1317 639 γεγενημένα
1367 575 1458 619 τοῦ
1493 573 1703 640 Κομνη-

85 659 191 704 νοῦ
220 651 434 724 Μιχαὴλ
479 650 720 724 ἐγεγόνει,
765 654 909 708 Ἐπεὶ
961 659 1061 731 γὰρ
1113 656 1266 718 οὗτος
1313 655 1359 708 ἐν
1414 664 1526 720 τοῖς
1562 657 1707 716 0317')-

89 761 241 813 μασι
269 751 366 794 τῶν
396 744 772 815 Τουρκομάνων
825 742 1037 816 ἀφίκετο
1097 747 1257 815 (ἔθνος
1310 742 1369 799 δὲ
1415 754 1566 799 τοῦτο
1596 755 1708 810 τοῖς

89 832 283 905 οἰκροις
338 833 502 905 ὁρίοις
551 839 649 883 τῶν
706 839 918 908 Περσῶν
969 830 1239 908 ἐφεδρεῦον
1300 840 1390 887 καὶ
1457 833 1706 908 ἀσπόνδῳ

87 923 252 991 μίσει
300 925 435 972 κατά
488 925 752 992 Ῥωμαίων
794 927 1063 995 χρώμενον
1122 927 1212 976 καὶ
1271 923 1532 997 ἁρπαγαῖς
1592 932 1709 988 ταῖς

88 1006 161 1059 ἔκ
197 1012 389 1061 τούτων
424 1017 616 1082 χαῖρον
673 1015 762 1062 καὶ
818 1019 928 1074 τοῖς
956 1010 1012 1064 ἐκ
1040 1012 1273 1086 πολέμων
1331 1015 1536 1076 σκύλοις
1562 1018 1708 1068 ἑπευ-

87 1103 455 1172 φραινόμενον,
510 1103 600 1152 καὶ
664 1104 780 1152 τότε
835 1097 901 1160 δὴ
973 1101 1162 1174 μᾶλλον
1243 1105 1397 1156 ὁπότε
1480 1107 1547 1156 τά
1607 1113 1706 1156 τῶν

93 1193 318 1260 Περσῶν
356 1185 657 1260 ἐκυμαίνετο
704 1193 794 1241 καὶ
833 1197 943 1251 ταῖς
1001 1189 1055 1242 ἐκ
1103 1199 1202 1243 τῶν
1239 1197 1522 1266 Ταχαρίων
1579 1192 1703 1265 ἑφό-

89 1269 215 1337 δοις
246 1274 691 1351 συνεταράττετο),
719 1285 792 1349 τῷ
847 1285 1096 1353 Κομνηνῷ
1126 1281 1351 1352 Μιχαὴλ
1401 1285 1471 1343 ὡς
1510 1281 1706 1354 ἑρμαὶῳ

87 1363 401 1437 ἐντυχόντες
446 1370 574 1435 τινὶ,
638 1372 724 1419 καὶ
784 1367 966 1440 λίχνον
1006 1371 1151 1442 ὄμμα
1194 1379 1302 1434 τοῖς
1331 1371 1492 1423 αὑτοῦ
1519 1369 1707 1423 ἐπιϐα-

85 1456 269 1519 λόντες
307 1458 605 1532 πράγμασι,
635 1459 807 1511 πάντα
849 1462 916 1511 τά
971 1460 1128 1512 αὑτοῦ
1161 1457 1514 1533 διηρπάκασι,
1563 1481 1709 1536 χρυ-

94 1551 214 1616 σόν,
280 1547 525 1622 ἄργυρον,
577 1547 787 1615 ἵππους,
843 1549 1131 1621 ὑφάσματα
1181 1554 1271 1602 καὶ
1329 1549 1465 1602 αὐτά
1521 1546 1588 1608 δὴ
1641 1555 1708 1604 τά

88 1633 370 1708 ἐνδύματα
416 1636 488 1697 οἷς
539 1637 588 1688 οἱ
636 1636 798 1689 αὐτοῦ
836 1633 1155 1694 ἐνεδέδυντο.
1214 1643 1616 1713 Διαμερίσαντες
1646 1635 1705 1692 δὲ

86 1729 192 1777 καὶ
246 1727 440 1784 πάντας
487 1727 607 1784 τοὺς
678 1722 1016 1797 ἔφεπομένους
1100 1726 1262 1797 αὐτῷ,
1342 1727 1559 1789 ἕκαστος
1616 1730 1703 1780 τὸν

1527 1817 1588 1869 Ὁ
1645 1813 1784 1888 δὲΒ

92 1906 368 1976 Κομνηνὸς
443 1902 668 1975 Μιχαὴλ
745 1907 896 1976 μόγις
945 1913 1133 1980 χεῖρας
1179 1909 1372 1959 τούτων
1413 1902 1704 1978 διαφυγὼν

87 1997 192 2045 καὶ
249 2000 379 2046 Θεοῦ
431 1998 646 2068 προνοίᾳ
702 1989 986 2056 διασωθεὶς
1026 1998 1220 2068 γυμνὸς
1273 1995 1505 2048 ἁπάντων
1560 1999 1706 2069 παρά

86 2086 194 2134 τὸν
233 2085 553 2155 Περσάρχην
605 2080 835 2155 ἀφίκετο.
881 2082 940 2135 Ὀ
999 2080 1058 2136 δε
1114 2084 1174 2135 οὐ
1237 2087 1374 2137 κατά
1400 2084 1580 2143 νέηλυν
1607 2105 1702 2157 φυ-

84 2168 250 2243 γάδα
274 2179 454 2224 τοῦτον
485 2168 696 2235 ἐδέξατο
728 2175 862 2239 (40),
897 2170 1003 2224 ἀλλ’
1056 2171 1291 2246 ἀσμένως
1346 2173 1459 2226 λίαν
1503 2179 1702 2247 προσή-

86 2280 247 2315 κατο.
297 2259 375 2314 Τό
432 2280 487 2313 τε
547 2263 646 2336 γὰρ
725 2261 924 2334 εὐγενὲς
971 2269 1062 2314 τοῦ
1125 2259 1315 2336 ἀνδρὸς
1367 2261 1702 2336 ἐμεμαθήκει,

87 2355 193 2402 καὶ
257 2351 436 2410 πάντες
519 2351 568 2402 οἱ
644 2351 776 2422 μετά
845 2358 936 2403 τοῦ
1014 2355 1330 2427 Περσάρχου
1401 2359 1704 2425 μεγιστᾶνες

89 2437 360 2500 τελοῦντες
388 2441 447 2490 τό
487 2435 624 2500 εἶδος
681 2439 841 2490 αὐτοῦ
898 2445 988 2492 καὶ
1041 2444 1100 2491 τὸ
1149 2447 1387 2516 φρόνημα
1427 2443 1698 2514 τεθαυμά-

87 1818 494 1886 κατισχημένον
560 1814 632 1876 εἰς
683 1814 874 1867 οἰκείαν
931 1812 1168 1869 δουλείαν
1224 1817 1468 1888 ἠγάγετο.

89 2547 253 2595 κασι,
293 2531 383 2580 καὶ
420 2529 447 2580 ὅ
495 2532 626 2599 φησί
656 2547 731 2589 τις
759 2536 858 2580 τῶν
910 2527 1164 2592 παλαιῶν,
1205 2527 1508 2606 τυραννίδος
1559 2531 1703 2593 ἄξιον

93 2619 330 2690 ἔκριναν.
378 2616 461 2677 Εἰς
500 2616 707 2689 ὀλίγους
759 2615 862 2692 γάρ
915 2617 1055 2688 αὐτῷ
1123 2617 1374 2682 ξυνιόντες
1435 2619 1620 2691 λόγους
1649 2619 1705 2672 ἐκ

97 2705 356 2780 βραχέων
381 2711 473 2766 τὴν
498 2714 590 2759 τοῦ
630 2703 816 2779 ἀνδρὸς
870 2705 1242 2779 ἰπεγνὼκεισαν
1285 2711 1657 2785 σταθηρότητα
1687 2731 1699 2743 ο

89 2798 196 2853 τήν
221 2813 277 2847 τε
319 2797 418 2870 γὰρ
469 2794 630 2847 αὐτοῦ
685 2799 1068 2868 στρατιωτικὴν
1116 2793 1460 2872 ἐτεκμήραντο
1511 2801 1704 2870 τέχνην

90 2888 193 2936 καὶ
271 2889 363 2943 τὴν
438 2882 487 2936 ἐν
551 2889 657 2945 τοῖς
711 2882 958 2956 πολέμοις
1010 2881 1298 2959 ἀκρίϐειαν,
1358 2890 1450 2938 καὶ
1499 2889 1564 2948 ὡς
1610 2885 1704 2938 οὐκ

89 2969 274 3034 ἀδαὴς
328 2971 388 3025 ἂν
449 2976 527 3030 εἴη
577 2981 677 3026 τῶν
728 2977 1097 3046 προσηκόντων
1150 2971 1198 3025 ἐν
1254 2976 1480 3047 μάχαις.
1535 2976 1702 3048 Χάριν

86 3064 192 3134 μὲν
250 3056 336 3114 οὖν
391 3069 491 3114 τῶν
555 3059 935 3134 ἕσκυλευμένων
987 3061 1149 3114 αὐτοῦ
1223 3065 1544 3137 πραγμάτων
1610 3068 1701 3116 καὶ

86 3159 200 3203 τῶν
260 3146 740 3223 διαμεμερισμένων
821 3151 1089 3226 ὑπηρετῶν
1148 3156 1348 3242 γραφαὶ
1395 3159 1488 3205 τοῦ
1555 3152 1702 3206 σουλ·
1743 3185 1783 3242 C

84 3242 278 3310 τάνου,
309 3239 355 3292 εἰ
380 3244 470 3295 καὶ
523 3239 590 3300 εἰς
614 3242 805 3312 μάτην,
835 3244 1160 3312 γεγένηνται,
1196 3239 1258 3292 ἶν’
1307 3238 1703 3313 ἐπισυναχθεᾱν

87 3332 168 3383 τὰ
213 3330 385 3386 πάντα
435 3333 524 3381 καὶ
575 3331 762 3392 πάντες
818 3334 909 3382 καὶ
947 3328 1327 3403 ἔπικομισθείεν
1357 3329 1516 3402 αὐτῷ.
1561 3329 1703 3384 Ἐπεὶ

92 3415 163 3472 δὲ
195 3417 282 3471 ἐπὶ
312 3417 471 3492 ξυροῦ
529 3415 696 3491 ἀκμῆς
725 3420 792 3470 τά
819 3426 915 3479 τῆς
965 3421 1153 3491 μάχης
1207 3423 1386 3491 σφίσιν
1434 3418 1704 3491 ἐφίστατο,

88 3539 176 3550 --
218 3508 268 3560 οἰ
317 3526 370 3560 τε
420 3509 524 3582 γὰρ
597 3509 862 3582 Ταχάριοι
908 3509 974 3559 τά
1020 3507 1178 3561 πλείω
1223 3516 1320 3570 τῆς
1376 3513 1556 3582 χώρας
1606 3516 1705 3561 τῶν

89 3595 528 3669 Μουσου).μάνων
581 3594 885 3669 ληϊσάμενοι
944 3601 1063 3672 περὶ
1127 3599 1194 3649 τά
1245 3595 1448 3672 ’Δξαρα
1512 3596 1706 3672 ἐστρα-

91 3681 511 3755 τοπεδεύσαντο,
551 3691 701 3738 πᾶσα
749 3682 809 3738 δε
849 3683 1045 3758 ἀνάγκη
1102 3683 1163 3745 ἧν
1219 3691 1308 3738 καὶ
1362 3690 1492 3761 πρὸς
1521 3688 1705 3760 μάχην

90 3778 230 3836 τοὺς
277 3778 484 3848 Πέρσας
556 3772 864 3832 ἀντιστῆναι
933 3782 1039 3835 τοίς
1111 3780 1418 3850 Ταχαρίοις.
1471 3778 1568 3828 Τὸν
1615 3779 1706 3849 μεν

95 3862 196 3919 οὖν
257 3867 519 3937 Κομνηνόν
553 3863 634 3936 [Ρ.
672 3863 765 3936 76]
822 3862 1048 3935 Μιχαὴλ
1107 3863 1179 3924 εἰς
1203 3865 1433 3936 ἡγεμόνα
1463 3865 1576 3937 (41)
1607 3873 1705 3917 τῶν

90 3961 438 4030 Χριστιανῶν
498 3955 897 4027 στρατευμάτων
948 3955 999 4005 οἱ
1061 3957 1259 4026 Πέρσαι
1338 3949 1466 4006 εἶναι
1533 3949 1706 4007 διετά-

93 4040 366 4107 ξαντο.Ὀ
411 4038 469 4095 δε
522 4040 634 4094 ἐπεὶ
685 4039 733 4093 ἐν
788 4038 1056 4116 ἀλλοδαπῇ
1127 4040 1406 4114 ἐτύγχανεν
1436 4041 1526 4111 ὢν,
1576 4061 1708 4116 συμ-

93 4139 299 4206 μαχεῖν
356 4134 447 4204 μεν
502 4129 936 4203 Μουσουλμάνοις
1007 4129 1318 4184 ἀπευκταίον
1378 4133 1573 4204 ἠγεῖτο,
1636 4136 1706 4205 μή

99 4239 254 4288 ποτε,
281 4223 350 4282 ὡς
391 4221 609 4291 ἔφασκεν
669 4239 835 4290 ουτος,
897 4218 946 4271 ἐν
1002 4221 1154 4292 μάχῃ
1212 4223 1370 4273 πεσὸν
1419 4223 1476 4272 τὸ
1504 4219 1708 4284 εὐσεϐὲς

97 4311 241 4382 αἷμα
303 4311 495 4382 αἵμασι
559 4309 972 4381 συνανακραθείη
1026 4308 1255 4370 ἀνοσίοις
1326 4314 1416 4361 καὶ
1472 4307 1704 4380 ἀσεϐέσι,

93 4401 290 4472 χάριτι
329 4395 388 4450 δέ
439 4399 552 4470 Θείᾳ
608 4396 955 4473 ἀναρρωσθεὶς
1014 4405 1102 4451 καὶ
1153 4406 1382 4471 γενναῖον
1442 4397 1706 4451 ἀναλαϐὼν

96 4492 348 4562 φρόνημα
409 4490 537 4559 πρὸς
601 4491 696 4546 τὴν
769 4489 955 4559 μάχην
1011 4486 1304 4562 ἐξώρμησε.
1357 4491 1427 4542 Τὸ
1475 4491 1565 4560 μὲν
1619 4485 1708 4542 οὖν

1606 356 1948 414 ANNALES.

3333 365 3469 421 1158

1818 480 2184 548 enarranda,
2212 480 2296 538 uti
2310 497 2421 552 par
2437 485 2541 553 est,
2574 482 2818 538 uberius
2848 483 3304 554 progrediamur
3331 503 3345 540 :
3380 485 3468 542 di-

1813 585 1933 639 gna
1948 571 2107 626 enim
2131 571 2610 628 consideratione
2636 579 2774 628 sunt
2793 575 3092 646 quaeinter
3112 575 3466 644 fugiendum

1812 659 2074 716 Michaeli
2105 663 2410 718 Comneno
2436 662 2723 729 accidere,
2765 665 3013 734 quando
3034 665 3129 719 hic
3157 663 3234 719 ad
3255 667 3465 721 Turco-

1814 765 2134 805 manorum
2169 751 2342 806 sedes
2383 751 2674 822 pervenit.
2725 754 2878 808 Gens
2929 754 3042 809 ista
3080 754 3141 809 in
3185 754 3466 810 extremis

1815 840 2126 894 Persarum
2144 839 2483 914 conﬁnibus
2507 841 2750 906 assidet,
2776 842 2916 898 odio
2942 843 3230 898 adversus
3249 846 3466 900 Roma-

1813 942 1925 984 nos
1947 928 2297 986 inexorabili
2335 937 2518 1002 atque
2546 931 2888 1004 inexpiabili
2912 931 3134 1001 furens,
3167 938 3222 988 et
3243 933 3466 1005 rapinis

1813 1034 2010 1074 eorum
2029 1023 2084 1074 et
2100 1018 2323 1074 bellicis
2338 1020 2541 1090 spoliis
2566 1019 2878 1076 admodum
2893 1021 3164 1092 gaudens
3179 1023 3467 1091 gestiens-

1812 1123 1952 1180 que.
1984 1107 2049 1163 Hi
2082 1111 2220 1162 tunc
2243 1107 2529 1179 temporis
2555 1108 2958 1180 potissimum,
2988 1125 3123 1165 cum
3155 1113 3467 1167 Persarum

1812 1212 1908 1252 res
1937 1196 2216 1252 titubaret
2261 1201 2318 1251 et
2358 1197 2785 1254 Tachariorum
2838 1197 3267 1270 irruptionibus
3321 1200 3466 1257 aﬂli-

1815 1290 2091 1350 ctaretus,
2127 1286 2184 1341 in
2236 1285 2573 1342 Michaelem
2609 1289 2983 1344 Comnenum
3020 1288 3267 1344 obvium
3306 1290 3468 1347 velut

1811 1373 1874 1430 in
1891 1374 2236 1429 thesaurum
2257 1372 2588 1445 quemdam
2606 1374 2956 1445 incidentes,
2971 1376 3242 1432 etoculos
3253 1393 3465 1434 avaros

1812 1463 1873 1518 in
1899 1461 2055 1518 illius
2082 1461 2546 1533 suppellectilem
2571 1462 2975 1531 conjicientes,
3010 1466 3290 1520 universa
3310 1466 3466 1522 illius

1811 1553 2086 1624 praadam
2114 1557 2317 1620 agunt,
2354 1567 2592 1616 aurum,
2621 1558 2959 1622 argentum,
2985 1569 3195 1625 equos,
3221 1556 3462 1624 textilia,

1809 1639 1974 1712 ipsas
2003 1638 2180 1695 etiam
2205 1644 2418 1709 vestes,
2439 1639 2661 1711 quibus
2687 1640 2791 1711 qui
2813 1656 2952 1712 cum
2983 1657 3053 1695 eo
3085 1647 3254 1698 erant
3290 1641 3463 1715 146

1810 1727 2234 1783 induebantur.
2273 1727 2474 1783 Socios
2505 1743 2748 1800 quoque
2778 1728 2934 1783 illius
2963 1728 3187 1784 divisos
3209 1731 3466 1804 quisque

1812 1833 1952 1873 suos
1973 1817 2034 1873 in
2061 1817 2368 1889 propriam
2399 1818 2739 1873 servitutem
2779 1818 3047 1874 adduxit.
3077 1819 3321 1876 Michael
3341 1836 3466 1876 ser—

1811 1913 2003 1973 vatus,
2033 1905 2326 1978 spoliatus
2373 1907 2656 1961 omnibus
2683 1907 2758 1962 ad
2794 1909 3112 1964 Persarum
3133 1908 3466 1982 principem

1811 1995 2133 2061 confertur,
2155 1995 2258 2067 qui
2285 2011 2422 2050 eum
2454 2010 2577 2050 non
2617 2001 2910 2067 tanquam
2954 1998 3330 2067 transfugam
3363 1998 3468 2055 ad-

1810 2101 2029 2140 venam
2058 2084 2307 2156 excepit,
2337 2084 2442 2139 sed
2467 2100 2653 2156 quam
2685 2083 3122 2141 humanissime
3153 2087 3464 2144 hominem

1811 2173 2126 2246 amplexus
2173 2179 2262 2229 est
2304 2173 2436 2243 (viri
2475 2188 2743 2246 namque
2773 2174 3147 2230 nobilitatem
3185 2191 3464 2248 percepe-

1808 2266 1941 2334 rat),
1967 2268 2023 2318 et
2047 2279 2259 2318 omnes
2300 2263 2468 2331 regni
2493 2277 2771 2334 proceres
2820 2262 3017 2319 forma
3052 2263 3214 2320 illius
3261 2269 3319 2321 et
3369 2282 3466 2323 co-

1811 2350 2199 2421 gitationibus
2225 2350 2737 2422 obstupescentes,
2761 2351 2927 2424 quod
2955 2352 3342 2424 antiquorum
3365 2370 3465 2411 ne-

1813 2442 1934 2498 scio
1983 2442 2118 2514 quis
2156 2441 2406 2510 dixerat,
2455 2441 2708 2510 dignum
2750 2442 3002 2513 imperio
3046 2442 3394 2512 judicarunt
3449 2458 3462 2498 :

1811 2530 2360 2604 paululumetenim
2383 2546 2520 2586 cum
2539 2546 2609 2585 eo
2626 2530 2935 2601 congressi
2955 2546 3028 2586 ex
3047 2530 3284 2586 modico
3306 2529 3467 2586 illius

1811 2620 1995 2676 eﬂ‘atu
2025 2625 2371 2676 constantes
2410 2635 2480 2676 ac
2509 2617 2719 2675 ﬁrmos
2751 2619 3015 2676 hominis
3064 2636 3263 2676 mores
3306 2635 3468 2677 asse-

1812 2709 1928 2765 cuti
1958 2715 2116 2774 sunt,
2144 2707 2302 2763 unde
2324 2707 2478 2763 illius
2500 2723 2562 2763 in
2592 2713 2716 2764 arte
2746 2709 2987 2764 militari
3013 2709 3371 2766 industriam
3409 2713 3470 2768 et

1810 2799 1873 2854 in
1894 2798 2071 2854 rebus
2092 2796 2318 2853 bellicis
2353 2797 2765 2868 sagacitatem,
2792 2813 2901 2853 nec
2930 2813 3054 2854 non
3075 2798 3135 2853 in
3170 2798 3466 2854 conﬂicti-

1811 2887 1928 2942 bus
1968 2885 2393 2958 experientiam
2449 2891 2854 2957 opportunam
2897 2887 3243 2957 conjectura
3286 2888 3468 2944 etiam

1811 2990 2192 3048 prospexere.
2227 2975 2406 3046 Igitur
2427 2990 2536 3046 pro
2553 2979 2729 3045 rapta
2753 2975 3114 3046 supellectile
3140 2975 3466 3048 divisisque

1811 3065 2055 3120 famulis
2085 3064 2510 3135 recuperandis
2529 3062 2774 3132 litteras,
2806 3065 2912 3119 etsi
2933 3063 3170 3129 frustra,
3197 3065 3467 3121 sultanus

1811 3154 2077 3221 dederat,
2109 3158 2174 3209 ut
2202 3152 2407 3208 omnia
2434 3151 2496 3207 in
2522 3167 2712 3208 unum
2740 3151 3050 3209 recollecta
3079 3153 3194 3225 ipsi
3215 3153 3468 3210 remitte-

1811 3248 2032 3301 rentur.
2054 3245 2269 3298 Verum
2294 3257 2432 3297 cum
2446 3240 2506 3295 in
2520 3245 2786 3297 extremo
2796 3241 3142 3298 discrimine
3158 3257 3250 3298 res
3276 3241 3469 3300 belica

1812 3339 1887 3400 et,
1924 3331 2091 3404 quod
2133 3331 2316 3395 aiunt,
2354 3330 2416 3386 in
2457 3329 2771 3387 novaculae
2806 3331 2933 3386 acie
2983 3336 3318 3388 versaretur
3344 3334 3470 3400 (Ta-

1813 3421 1998 3478 charii
2015 3421 2240 3494 quippe
2263 3419 2620 3493 plerumque
2640 3420 3083 3477 Musulmanicae
3103 3421 3344 3478 ditionis
3373 3438 3468 3479 oc-

1813 3515 2102 3582 cupatum
2153 3508 2558 3580 expilaverant
2589 3514 2644 3564 et
2673 3508 2839 3582 apud
2863 3514 3060 3566 Axara
3089 3514 3284 3568 castra
3311 3509 3470 3568 loca-

1814 3604 2064 3669 verant),
2111 3596 2574 3670 impellenteque
2619 3598 2970 3655 necessitate
3009 3601 3197 3655 Persae
3248 3600 3328 3655 ad
3364 3617 3472 3673 pu-

1815 3704 1997 3759 gnam
2017 3705 2156 3744 cum
2178 3687 2478 3744 Tachariis
2499 3687 2957 3744 instaurandam
2978 3695 3346 3759 urgerentur,
3377 3689 3472 3744 Mi-

1815 3778 2084 3834 chaelem
2107 3781 2482 3835 Comnenum
2512 3777 2856 3833 Christianis
2887 3778 3233 3833 cohortibus
3258 3777 3470 3851 praesi-

1814 3867 1953 3924 dere
1991 3866 2328 3924 decrevere.
2379 3866 2475 3922 Ille
2527 3865 2778 3921 extorris
2831 3870 2889 3921 et
2943 3866 3005 3920 in
3064 3865 3259 3922 aliena
3316 3872 3474 3924 terra

1813 3955 2102 4013 oberrans
2131 3955 2351 4011 auxilio
2383 3970 2492 4010 suo
2536 3953 2926 4010 Musulmanis
2959 3953 3273 4009 subvenire
3305 3955 3477 4010 nefas

1815 4061 1944 4102 esse
1969 4043 2246 4114 ducebat,
2294 4059 2368 4099 ne
2390 4044 2541 4100 inter
2560 4041 2982 4116 pugnandum,
3013 4048 3077 4098 ut
3105 4043 3203 4098 ille
3233 4059 3474 4102 asseve-

1813 4133 2010 4203 rabat,
2033 4131 2270 4204 piorum
2293 4131 2459 4204 147
2484 4131 2942 4204 sanguisimpiis
2956 4147 3026 4188 ac
3049 4132 3471 4189 consceleratis

1816 4221 2216 4292 sanguinibus
2251 4222 2708 4278 immisceretur.
2754 4221 2869 4278 Sed
2904 4221 3068 4278 enim
3099 4221 3302 4277 divino
3324 4238 3475 4294 prae-

1818 4311 1970 4366 sidio
1988 4309 2190 4375 fretus,
2206 4314 2262 4365 et
2275 4314 2516 4366 mentem
2529 4308 2786 4364 induens
2799 4323 3176 4379 generosam,
3202 4325 3475 4382 pugnam

1816 4399 2148 4457 committit.
2168 4401 2309 4456 Pars
2329 4399 2528 4471 itaque
2555 4397 2866 4468 exercitus,
2888 4413 3023 4470 quas
3049 4397 3162 4454 sub
3195 4399 3476 4455 Michaele

1817 4493 2122 4547 Comneno
2155 4504 2326 4544 armo
2356 4488 2660 4554 movebat,
2693 4487 2977 4543 adversos
3010 4487 3124 4543 sibi
3151 4489 3475 4544 Tacharios

95 4597 191 4654 τες
234 4579 300 4654 τά
346 4576 506 4629 αὐτοῦ
573 4572 956 4654 διηρπάκασιν.
1031 4576 1194 4654 Οὗτος
1268 4573 1328 4629 δὲ
1364 4651 1373 4654 Α
1410 4581 1582 4654 μόγιςΔ
1641 4575 1932 4654 διεκφυγὼν
1976 4581 2200 4654 Δγυμνὸς
2282 4582 2401 4654 περὶ
2482 4580 2568 4654 τόν
2653 4578 2971 4654 ῌερσάρχην
3025 4575 3250 4654 ἀφίκετο.
3415 4574 3475 4632 δε

97 4649 359 4721 ἀσμένως
401 4655 583 4700 τοῦτον
642 4647 970 4721 προσήκατο,
1019 4653 1121 4721 ,καὶ
1187 4651 1382 4721 γραφαὶ
1412 4647 1421 4650 ⁷
1453 4647 1776 4721 στελλόνται’
1802 4647 1888 4721 ἵνα,
1935 4647 2027 4701 τά’
2053 4647 2396 4721 ἐσκυλευμένα
2476 4647 2529 4712 ἐξ
2603 4647 2765 4721 οιρτόὺ
2830 4647 3226 4721 ίέπικομισθείεν
3307 4649 3470 4720 αὐτῷ.

99 4714 250 4774 Ἐπεὶ
307 4714 361 4772 δ’
416 4721 466 4771 οἱ
519 4714 786 4794 Ταχάρ-ιοι
851 4722 917 4772 τά
957 4714 1134 4773 πλείω
1194 4714 1314 4771 ’τῶν
1371 4719 1790 4794 Μουσουλμάνων
1859 4720 2122 4794 ἐληίζοντο
2197 4714 2288 4772 καὶ
2366 4725 2484 4794 περὶ
2537 4721 2605 4771 τά
2648 4719 2853 4794 Ἀξαρα
2908 4714 3473 4794 ἐστ’ρατοπεδευσαντο,

97 4795 125 4844 ό
189 4793 455 4874 Κομνηνὸς
510 4788 734 4874 Μιχαὴλ
806 4794 895 4848 τὴν
971 4792 1251 4874 ἠγεμονίαν
1320 4797 1418 4842 τῶν
1487 4788 1784 4865 Ῥωμαίκῶν
1859 4788 2071 4864 εἰληφὼς
2147 4788 2439 4874 στρατιῶν’
2488 4795 2576 4843 καὶ
2658 4788 2849 4874 χάρίτι
2935 4788 3063 4874 θείᾳ.
3098 4788 3474 4874 ¹ἀναρρωσθεὶς

93 4861 274 4937 πρόςή
319 4862 502 4935 μάχην
576 4861 862 4937 ἐξώρμησε,
922 4861 1024 4937 κοιῖ
1066 4861 1548 4937 τοὺς-ΔΤαχαρίους
1579 4861 1594 4937 γ’
1626 4869 1875 4933 νενίκηκε,
1959 4861 2158 4937 πρῶτος
2213 4861 2323 4914 ’τὸν
2404 4871 2607 4937 πρῶτος
2659 4861 2879 4937 τούτων
2971 4861 3162 4937 βαλών.
3214 4861 3335 4937 ﬁcti
3399 4879 3478 4922 τις

98 4928 517 5009 ’Ᾱμυραχοῇρης
592 4928 682 4985 τό’
707 4928 812 4985 ’ὑπ’
850 4928 1035 5009 αὐτὸν
1130 4928 1412 4986 συλλαϐὦί
1454 4936 1754 5009 στράτευμα
1825 4928 1936 5009 τοῖς
1994 4928 2720 5009 ’Ταχαρίοις-πρόσώρμησε,
2772 4928 3042 5009 κάντεῦθεν
3088 4934 3164 5009 οἱ.
3201 4928 3476 4996 διώκοντες

99 5000 356 5078 ἔφευγον(
397 5000 649 5088 Ἔπιπτον
714 5012 837 5076 γοῦν
895 5008 1095 5078 Πέρσαι
1150 5009 1364 5088 συχνοί.
1426 5000 1626 5088 Μέχρι·
1678 5000 1782 5088 ¹μέν
1857 5007 1956 5088 οὖν.⁸
2015 5000 2225 5080 μάκρ’ὠν
2293 5000 2671 5077 διαστημάτων
2705 5000 2714 5004 ⁷
2746 5000 3074 5088 τὴν,δίωξιν
3119 5005 3168 5054 οἱ
3208 5008 3480 5088 νενικηκό-

99 5071 186 5136 τες
236 5071 576 5134 πεποίηνται.
609 5071 887 5152 ΑὈ’γοτξν-
954 5071 1261 5152 Κομνηνόᾼςῖ
1305 5071 1559 5152 Μιχαὴλη
1611 5071 1817 5152 συμβὰν
1901 5071 2036 5152 οὕτω
2107 5071 2178 5148 τῷ
2206 5071 2505 5152 ⁸-μιγίο-ξιτεί
2541 5071 2985 5152 στρατοπεδάρχῃ
3049 5082 3149 5152 τῶν
3208 5081 3475 5152 Περσικῶν

104 5149 540 5219 στρατευμάτων,
604 5146 657 5199 ὃν
725 5144 1078 5231 τέεκλάρπακίν
1149 5145 1333 5231 οἴδασι
1382 5144 1616 5223 ⁷Πέρσαι
1653 5144 1846 5216 καλεῖν,
1901 5148 2074 5231 Eum?“
2126 5144 2254 5200 uiae"
2315 5144 2473 5231 ζόδόν,
2526 5144 2616 5200 καί
2669 5144 2994 5231 ἐπορεύοντο,
3018 5145 3224 5231 πλείουὲ
3278 5144 3476 5231 ημέρας

101 5205 428 5292 ἐφεπομένων
509 5205 621 5294 ¹τῶνΔ
680 5205 957 5290 πολεμίων.
1018 5219 1156 5274 Ἐπεὶ
1216 5217 1273 5273 δὲ
1343 5221 1374 5278 ἠ
1433 5205 1524 5272 τδῠ
1581 5205 1852 5294 λεγομένου
1902 5205 2231 5294 πεκλάρπακι
2284 5218 2426 5272 οἰκία
2458 5205 2597 5294 ’περὶ
2659 5205 2770 5276 την¹
2813 5218 3155 5290 Καστάμοναν
3181 5214 3264 5289 ἦν,
3313 5205 3479 5272 ἒκέῐσε

101 5285 460 5363 ἐγεγόνεισαν.
488 5293 559 5344 Τὸ
591 5285 650 5343 δε
679 5298 781 5342 τῶν
801 5285 1072 5363 Ταχαοίων
1100 5294 1246 5364 γένος
1275 5297 1451 5344 πᾶσαν
1474 5296 1569 5351 τὴν
1600 5285 1710 5344 ὑπὸ
1730 5296 1848 5352 τοὺς
1877 5285 2320 5365 Μουσουλμάνους
2344 5285 2639 5365 κατέδραμε
2666 5294 2870 5362 χώραν.

1003 5414 1348 5484 Theodori
1397 5416 1648 5485 Dousae
1695 5427 1764 5488 et
1808 5414 2062 5486 Leonis
2109 5414 2346 5484 Allatii
2397 5423 2596 5484 notae.

184 5548 300 5625 (ιο)
334 5544 530 5625 Τοῦτον
573 5543 809 5610 ἐδέξατο.
857 5551 1166 5622 Gregoras,
1221 5549 1329 5624 lib,
1381 5567 1462 5622 nr,
1514 5567 1585 5625 p.
1623 5555 1709 5608 58.

1912 5551 2001 5610 58.
2032 5553 2116 5607 Ex
2145 5553 2405 5622 Gregora
2435 5563 2545 5606 sua
2569 5546 3094 5622 habuithhranza,
3136 5544 3243 5608 lib.
3290 5563 3332 5623 ι,
3374 5549 3478 5608 ο.2

104 5619 564 5692 Pachymerius,
592 5635 650 5692 p.
682 5625 773 5677 25.
804 5626 943 5680 ALL.
974 5619 996 5622 ⁷
1308 5619 1319 5624 ⁷
1444 5619 1453 5622 ⁷
1516 5619 1530 5625 ’
1821 5619 1961 5680 λιι..

186 5692 297 5766 (41)
371 5695 469 5744 Τὸν
553 5697 818 5766 Κομνηνόν
898 5692 966 5754 εἰς

1058 5695 1305 5768 ἡγεμόνα.
1397 5695 1710 5767 Gregoras,
