3966 6324
513 374 649 427 1159

1789 353 2072 412 GEORGII
2103 349 2571 407 ACROPOLI'DE

3789 359 3900 412 1ίεῦ

507 496 567 551 vi
595 495 799 566 pulsos
825 491 1098 558 devicit,a
1123 486 1398 546 Michaele
1423 485 1552 558 ipso
1578 481 1840 554 primum
1872 476 2162 533 exercitus
2190 479 2236 528 Α
2278 479 2431 548 μέρος
2455 482 2541 528 τοῦ

2278 479 2431 548 μέρος
2455 482 2546 528 τοῦ
2578 477 2970 549 στρατεύματος
3005 479 3063 528 τό
3089 476 3232 547 ποιρὰ
3268 483 3362 527 τοῦ
3415 477 3665 548 Μιχαὴλ
3701 484 3901 549 Κορης-

507 584 737 639 hostilis
785 583 1028 636 ductore
1080 579 1154 634 ad
1218 591 1519 632 mammas
1579 567 2065 640 vulneratofqui,
2101 572 2164 622 ut

506 674 723 730 harum
755 685 952 725 rerum
981 667 1147 739 periti
1175 665 1648 725 afﬁrmarunt,ex
1673 676 1744 715 eo
1762 657 2005 712 vulnere
2036 671 2158 711 non

507 763 611 818 diu
637 765 773 831 post
810 758 1077 814 animam
1110 753 1349 811 eﬂlavit.
1407 749 1689 806 Debellati
1741 749 1941 818 itaque
1970 762 2041 801 ex
2088 761 2159 800 ea

504 854 694 923 parte,
727 849 821 902 cui
847 847 1190 901 Comnenus
1232 845 1505 914 praeerat,
1558 836 1827 894 Tacharii
1853 836 1979 906 jam
2015 835 2158 903 fuga

503 943 668 1007 terga
698 935 1022 991 vertebant.
1053 937 1126 988 At
1141 933 1225 986 vir
1253 930 1505 1004 quidam
1521 929 1670 982 inter
1684 930 1889 981 Persas
1903 923 2154 979 celebris

503 1027 788 1096 dignitate
847 1022 1306 1094 Amyrachures,
1365 1018 1646 1074 maximae
1725 1013 1888 1086 apud
1951 1015 2156 1068 Persas

503 1112 971 1177 existimationis,
989 1127 1173 1183 quam
1191 1109 1380 1164 multo
1395 1102 1966 1174 abhinctemporein
1981 1118 2155 1157 suam

503 1210 740 1275 gentem
764 1217 978 1273 parum
1005 1199 1165 1254 ﬁdus
1191 1196 1590 1270 proditionem
1612 1195 1984 1264 conceperat,
2016 1195 2155 1245 tunc

501 1293 768 1359 exclusit,
827 1296 884 1346 et
942 1305 1079 1344 cum
1133 1287 1412 1341 universo
1464 1285 1644 1340 milite
1693 1298 1803 1337 suo
1853 1279 2155 1336 Tacbariis

503 1383 771 1441 adhaesit.
804 1379 945 1434 Hinc
966 1378 1266 1433 contraria
1299 1375 1491 1431 cerni:
1518 1387 1782 1445 namque
1811 1369 1993 1442 paulo
2018 1375 2154 1425 ante

498 1473 752 1528 victores
771 1484 897 1524 sese
929 1468 988 1522 in
1029 1465 1212 1538 pedes
1241 1464 1534 1534 conjicere
1560 1466 1844 1532 tergaque
1879 1458 2154 1514 hostibus

501 1559 580 1616 ad
622 1556 1013 1614 lacerandum
1058 1553 1223 1608 dare.
1267 1555 1468 1624 Itaque
1500 1551 1691 1605 Persae
1723 1546 2153 1603 Tachariorum

496 1649 712 1721 jaculis
739 1645 1008 1702 dilaniati
1035 1643 1374 1714 frequentes
1405 1640 1640 1707 cadere,
1666 1653 1820 1710 quos
1837 1652 1942 1709 per
1971 1635 2154 1706 longa

503 1739 700 1811 spatia
727 1737 980 1791 victores
1011 1732 1312 1787 subsecuti
1339 1736 1494 1786 sunt.
1526 1727 1771 1784 Michael
1787 1729 2151 1794 Conmenus,

502 1845 639 1885 cum
671 1827 751 1881 ita
780 1840 907 1878 sors
951 1821 1198 1891 tulisset,
1237 1820 1501 1875 maximo
1533 1817 1904 1873 Persicorum
1937 1815 2154 1870 exerci-
2183 1847 2222 1900 Β

501 1922 671 1975 tuum
703 1910 1224 1984 stratopedarchae,
1247 1925 1427 1981 quem
1453 1906 1816 1980 Pelarpacim
1839 1908 2026 1960 Persae
2054 1919 2154 1959 vo-

503 2010 659 2072 cant,
693 2003 890 2059 socius
919 2001 978 2056 in
1019 2000 1224 2055 itinere
1275 1998 1679 2069 conjungitur.
1715 1995 1807 2051 Sic
1836 2010 1942 2067 per
1964 1993 2149 2066 pluri-

501 2111 635 2151 mos
673 2093 802 2148 dies
850 2088 1241 2164 procedentes
1294 2104 1432 2144 cum
1472 2085 1825 2142 adversariis
1868 2083 2150 2139 continuo

501 2180 1004 2255 subsequentibus
1018 2177 1264 2248 singulis
1284 2176 1447 2233 horis
1460 2190 1719 2248 pugnam
1733 2173 2148 2242 conserebant,

499 2272 644 2329 etad
664 2269 1029 2340 Peclarpacis
1041 2265 1470 2322 habitationem
1500 2279 1636 2336 quae
1651 2264 1971 2317 Castamon
2003 2266 2148 2331 erat,

499 2377 772 2432 gressum
799 2356 1225 2414 accelerarunt.
1259 2356 1420 2409 Tunc
1477 2351 1745 2408 Tacharii
1803 2351 2148 2406 universam

497 2449 1010 2506 Musulmanorum
1027 2442 1332 2512 regionem
1363 2440 1658 2496 hostiliter
1675 2443 2047 2512 percurrunt.
2080 2443 2150 2494 At

495 2537 572 2593 de
600 2537 694 2592 his
724 2533 1015 2590 narrratio
1040 2531 1152 2586 hoc
1174 2529 1234 2585 in
1261 2529 1392 2585 loco
1431 2526 1605 2600 15.8
1636 2527 1849 2599 pedem
1882 2526 2070 2594 sistat,
2094 2532 2150 2582 et

495 2624 571 2680 de
602 2622 905 2696 prioribus
938 2619 1120 2674 verba
1151 2617 1346 2683 faciat,
1389 2623 1451 2672 ut
1498 2621 1654 2671 recto
1707 2614 1916 2671 ordine
1966 2616 2149 2672 conti~

495 2715 702 2772 nuatio
741 2711 1004 2766 historiae
1040 2707 1350 2780 procedat.

498 2823 614 2857 σαν.
665 2805 734 2855 Τὸ
787 2797 846 2853 δὲ
917 2803 1198 2874 Ταχαρίων
1273 2799 1419 2867 γένος
1475 2802 1650 2850 πᾶσαν
1726 2799 1820 2854 τὴν
1895 2797 1996 2848 ὑπὸ
2063 2799 2187 2858 τοὺς
2251 2794 2691 2865 Μουσουλμάνους
2767 2788 3066 2866 κατέδραμε
3133 2797 3335 2866 χώραν.

2275 572 2365 615 νοῦ
2433 568 2738 636 τεταγμένον
2815 568 2934 625 τούς
2988 563 3450 636 ἀντιτεταγμένους
3510 566 3674 636 αὐτῷ
3735 575 3898 637 Tal:-

2273 657 2421 728 ρίους
2471 655 2605 704 κατὰ
2681 655 2871 724 κράτος
2947 659 3197 718 νενίκηκε,
3275 661 3367 704 τοῦ
3439 653 3694 724 Μιχαὴλ
3753 655 3894 704 αὑτοῦ

2272 751 2486 816 πρωτως
2535 739 2721 815 δόρατι
2749 743 2894 814 παρὰ
2939 743 3108 814 μαζόν
3150 740 3401 814 βαλόντος
3457 745 3554 793 τὸν
3617 751 3720 794 τοῦ
3753 763 3897 815 στρι-

2235 835 2519 903 ⁴τεύματος
2559 833 2965 906 προηγούμενον,
3026 831 3100 894 ὃς,
3159 833 3390 900 καθάπερ
3433 833 3660 901 ἔφησαν
3721 835 3771 883 οἱ
3819 854 3892 902 γι-

2270 926 2574 988 νώσκοντες,
2639 922 2768 993 μετὰ
2826 924 3010 994 μικρὸν
3067 919 3122 972 ἐκ
3176 928 3271 982 τῆς
3341 919 3516 992 βολῆς
3614 920 3889 978 ἐτεθνὲκει.

2273 1014 2374 1061 Καὶ
2404 1006 2540 1067 ἦσαν
2568 1012 2657 1081 μεν
2688 1008 2743 1060 ἐκ
2768 1009 2860 1061 τού
2896 1013 3244 1084 κρατουμένου
3275 1013 3471 1082 μέρους
3527 1018 3636 1062 τοῦ
3699 1017 3889 1082 Κομνῖο

2268 1105 2357 1150 νοῦ
2395 1097 2767 1170 ἐκνηικημένοι
2806 1098 2855 1150 οἰ
2909 1101 3194 1172 Ταχάριοι,
3230 1103 3320 1150 καὶ
3381 1103 3519 1172 πρὸς
3581 1105 3764 1171 φυγὴν
3795 1097 3891 1159 ἤδη

2270 1185 2504 1262 ἐχώρουν
2535 1208 2548 1220 ·
2581 1185 2708 1261 ἀνὴρ
2742 1184 2802 1240 δι
2831 1207 2910 1249 τις
2959 1188 3072 1257 (62)
3101 1195 3200 1240 τῶν
3243 1186 3292 1239 ἓν
3333 1192 3582 1262 Πέρσαις
3637 1196 3890 1261 περιωνύ-

2269 1297 2398 1349 μων,
2444 1282 2538 1335 τὴν
2574 1275 2721 1340 ἀξίαν
2778 1275 3163 1352 ἁμυραχούρης
3211 1281 3370 1349 (μέγα
3408 1274 3475 1330 δὲ
3538 1288 3714 1331 τοῦτο

2271 1368 2539 1440 Πέρσαις),
2588 1363 2837 1418 ἀπιστίαν
2894 1372 3012 1438 περὶ
3050 1369 3106 1418 τὸ
3164 1365 3324 1418 αὐτοῦ
3373 1371 3526 1437 γένος
3591 1367 3893 1440 ἐγκυμονύν

2269 1453 2322 1506 ἰκ
2377 1462 2580 1528 μακροῦ
2619 1458 2733 1506 τότε
2780 1456 2973 1511 ταύτην
3030 1450 3259 1523 ἐξὼδινε,
3315 1457 3406 1507 κάὶ
3465 1459 3532 1506 τό
3597 1457 3695 1528 ὑφ’
3749 1459 3892 1509 αὐτόν

2269 1545 2404 1596 ἅπαν
2456 1543 2720 1596 συλλαϐὼν
2781 1548 3080 1617 στράτευμα
3149 1551 3229 1596 τοῖ
3286 1549 3596 1618 Ταχαρίοις
3655 1554 3894 1619 προσωρ-

2268 1653 2420 1706 μηκε.
2474 1640 2570 1687 Καὶ
2618 1637 2675 1686 τὸ
2735 1631 2959 1685 ἐντεῦθεν
3008 1631 3254 1685 τάναντία
3311 1630 3373 1691 ἦν
3430 1631 3575 1686 ἰδεῖν
3617 1656 3632 1668 ·
3689 1638 3742 1688 οἱ

2266 1726 2367 1796 πρὸ
2439 1729 2631 1794 μικροῦ
2709 1717 2987 1783 διώκοντες
3051 1724 3260 1792 ἔφευγον
3315 1726 3408 1774 καὶ
3465 1731 3622 1775 νῶτα
3683 1721 3894 1776 ἐδίδουν

2267 1820 2371 1872 τοῖς
2397 1809 2644 1872 ἐναντίοις
2687 1809 3025 1869 πλήττεσθαι.
3081 1809 3332 1863 Ἐπιπτον
3378 1819 3514 1882 γοῦν
3573 1815 3633 1864 οἱ
3694 1818 3891 1885 Πέρσαι

2269 1906 2455 1973 συχιοὶ
2484 1907 2595 1961 τοῖς
2624 1908 2721 1952 τῶν
2770 1904 3052 1974 Ταχαρίων
3077 1903 3424 1973 πληττόμονοι
3452 1899 3686 1973 βείλεσιν
3719 1909 3891 1976 Μέχρι

2265 1993 2356 2065 μὶν
2382 1987 2470 2043 οὖν
2500 1997 2712 2064 μακρῶν
2763 1985 3138 2061 διαστημάτων
3185 1993 3279 2048 τὴν
3332 1986 3521 2053 δίωξιν
3574 1995 3631 2043 οἰ
3696 2012 3890 2050 νενικη-

2263 2085 2410 2141 κότες
2448 2085 2774 2137 πεποίηνται.
2829 2077 2886 2130 Ὀ
2937 2086 3062 2150 γοῦν
3117 2082 3380 2150 Κομνηνὸς
3445 2081 3699 2151 Μιχαὴλ
3759 2102 3886 2154 συμ-

2264 2169 2358 2222 ϐὰν
2387 2169 2522 2221 ούτω
2577 2176 2648 2238 τῷ
2695 2172 2927 2240 μεγίστῳ
2960 2164 3404 2240 στρατοπεδάρχῃ
3435 2177 3544 2220 τῶν
3604 2177 3886 2244 Περσικῶν

2267 2259 2663 2334 στρατευμάτων
2691 2256 2745 2308 ὃν
2785 2255 3137 2330 πεκλάρπακιν
3191 2257 3303 2327 (43)
3352 2253 3571 2310 οἴδασιν
3633 2262 3692 2311 οἱ
3755 2266 3886 2334 Περ-

2265 2367 2357 2400 σαι
2389 2346 2580 2412 καλεῖν,
2639 2345 2811 2418 ξυνῄει
2868 2347 3003 2397 κατά
3050 2350 3144 2404 τὴν
3203 2341 3348 2415 ὀδόν,
3407 2351 3501 2399 καὶ
3562 2347 3886 2411 ἐπορεύοντο

2262 2440 2398 2490 πάνυ
2450 2435 2656 2496 πλείους
2719 2436 2916 2508 ἡμέρας
2970 2434 3306 2508 ἐφεπομένους
3355 2435 3560 2498 ἑαυτοῖς
3623 2443 3762 2501 τοὺς
3791 2458 3888 2491 πο-

2263 2526 2471 2598 λεμίους
2517 2525 2725 2597 ἔχοντες
2761 2529 2851 2576 καὶ
2898 2524 3014 2576 καθ’
3051 2526 3185 2596 ὤραν
3236 2529 3560 2597 μαχόμενοι.
3619 2528 3780 2580 Ἐπεὶ
3833 2525 3886 2580 δὲ

2264 2617 2295 2674 ἠ
2325 2622 2416 2667 τοῦ
2461 2613 2758 2685 λελεγμένου
2813 2613 2951 2664 οἰκία
3003 2613 3332 2688 πεκλάρπακι
3360 2619 3478 2688 περὶ
3508 2618 3608 2674 τὴν
3661 2621 3882 2669 Καστή-

2263 2724 2420 2777 μοναν
2451 2702 2734 2775 ἐτύγχανεν
2800 2698 2953 2766 οὖσα,
3013 2699 3177 2756 ἐκεῖσε
3235 2706 3558 2766 σπεύσαντες
3605 2703 3881 2777 ἓγεγόνει-

3430 2793 3576 2847 Ἀλλ’
3657 2797 3884 2847 ἐνταῦθα

494 2895 584 2965 μεν
668 2893 692 2943 ὁ
760 2895 880 2963 περὶ
942 2891 1135 2940 τούτων
1191 2885 1338 2958 λόγος
1398 2883 1751 2959 ἀναμειμάτω,
1816 2883 2023 2956 ἐχέσθω
2078 2882 2137 2937 δὲ
2189 2892 2290 2937 τῶν
2346 2886 2627 2957 προτέρων,
2685 2882 2768 2933 ἶνα
2816 2885 2906 2933 καὶ
2956 2880 3075 2934 καθ’
3133 2883 3309 2956 εἱρμὸν
3353 2883 3421 2934 τὰ
3468 2891 3570 2944 τῆς
3634 2883 3881 2959 ἱστορίας

492 2987 760 3057 προῖησιν.

565 3074 653 3127 66.
686 3070 868 3140 Igitur
893 3067 1218 3139 imperator
1248 3063 1594 3121 Theodorus
1626 3065 1699 3118 de
1731 3063 1910 3119 rebus
1943 3064 2002 3119 in
2028 3067 2146 3121 Mu-
2179 3064 2219 3119 C

496 3160 916 3216 sulmanorum
949 3157 1172 3212 ditione
1204 3154 1382 3224 gestis
1409 3153 1621 3210 certior
1678 3152 1890 3219 factus,
1954 3154 2146 3223 magis

492 3251 616 3306 suis
654 3265 839 3322 quam
879 3247 993 3302 illis
1048 3245 1320 3302 animum
1367 3244 1703 3309 advertens,
1751 3243 1962 3314 ingens
2009 3241 2147 3297 inde

490 3338 768 3393 Romanis
783 3332 1429 3404 regionibusimminere
1444 3331 1763 3404 periculum
1779 3331 2144 3402 suspicatus,

491 3428 554 3484 in
590 3426 888 3482 Orientem
931 3438 1116 3494 quam
1175 3419 1479 3474 celerrime
1533 3419 1750 3491 pedem
1781 3417 1975 3487 retuli,
2007 3434 2146 3473 cum

489 3513 786 3571 universis
809 3513 1215 3566 Romanorum
1237 3507 1424 3578 copiis
1451 3507 1560 3562 iter
1581 3507 1658 3563 ad
1680 3522 1754 3562 ea
1774 3507 2150 3575 locaingres-

491 3619 620 3660 sus.
650 3597 1081 3657 Thessalonicae
1110 3612 1247 3651 vero
1277 3600 1334 3650 et
1363 3595 1423 3650 in
1455 3595 1604 3650 alliis
1645 3595 1977 3651 Occidentis
2007 3610 2146 3667 par-

488 3691 650 3748 tibus
682 3689 742 3744 in
769 3686 1102 3744 custodiam
1131 3684 1367 3756 reliquit
1406 3683 1774 3739 avunculum
1804 3684 2145 3740 Michaelem

488 3779 814 3847 Lascarim,
831 3776 1180 3844 consignata
1201 3773 1281 3829 illi
1299 3774 1515 3844 exigua
1546 3788 1656 3829 nec
1668 3773 1874 3846 ampla
1891 3773 2146 3845 Paphla—

486 3884 712 3939 gonum
744 3882 954 3931 manu,
987 3869 1042 3920 et
1075 3879 1146 3918 ex
1186 3862 1421 3934 Scythis
1455 3876 1578 3916 non
1640 3861 1793 3917 ultra
1848 3861 2142 3916 trecentis.

482 3959 698 4031 Prilapi
712 3962 768 4013 et
781 3956 1110 4011 vicinorum
1127 3951 1496 4008 exercituum
1511 3951 1868 4019 Scuterium,
1883 3950 2142 4022 Xyleam

483 4048 734 4115 dictum,
752 4046 935 4117 digno
952 4041 1586 4114 aedepolcognomine:
1609 4039 1788 4095 Belesi
1801 4045 2142 4112 tractusque

482 4137 642 4193 circa
661 4137 862 4209 ipsum
881 4133 1307 4203 Calampacem
1325 4130 1726 4192 Theodorum,
1749 4145 1932 4202 quem
1954 4134 2140 4185 tatam

482 4227 636 4282 aulae
651 4222 1110 4295 nuncupabant,
1134 4219 1592 4275 Constantinum
1615 4218 2031 4273 Chabaronem
2049 4217 2140 4273 Al-

480 4315 644 4370 bano
678 4311 945 4385 praefecit
978 4328 991 4366 :
1027 4324 1122 4364 me
1154 4313 1472 4382 praetorem
1533 4312 1798 4364 creatum
1855 4307 2138 4362 omnibus

2330 3060 2429 3126 ξς·’.
2466 3059 2526 3113 Ὀ
2578 3064 2666 3133 μὶν
2708 3055 2795 3112 οὖν
2852 3060 2900 3096 ⁸⁵
2959 3057 3209 3132 βασιλεὺς
3266 3056 3546 3134 Θεόδωρος
3591 3061 3716 3116 ἐπεὶ
3758 3069 3874 3136 περὶ

2255 3160 2354 3204 τῶν
2406 3155 2726 3223 γεγεημένων
2774 3148 2822 3202 ἐν
2875 3157 2937 3222 τῇ
2997 3158 3097 3201 τῶν
3163 3150 3590 3222 Μουσουλμάνων
3653 3151 3876 3206 ἐπύθετο

2254 3246 2429 3314 χώρᾳ,
2461 3239 2520 3292 ού
2550 3244 2662 3313 περὶ
2705 3240 2899 3291 τούτων
2960 3238 3150 3310 μᾶλλον
3197 3241 3336 3311 ἔχων
3390 3237 3656 3314 φροντίδα
3689 3243 3721 3300 ἦ
3755 3247 3873 3316 περὶ

2254 3337 2354 3381 τῶν
2404 3329 2564 3381 αὐτοῦ
2617 3323 2878 3400 (κίνδυνον
2941 3329 3043 3400 γὰρ
3097 3328 3156 3380 ού
3213 3331 3401 3402 μικρὸν
3459 3328 3870 3403 ἐπισυμϐαίνειν

2253 3427 2364 3482 τοῖς
2413 3418 2718 3490 Ῥωμαϊκοῖς
2788 3419 3084 3470 ύπετόποισε
3147 3419 3364 3492 χὼροις)
3437 3422 3667 3473 ἔσπευσε
3745 3426 3874 3495 πρὸς

2253 3511 2347 3566 τὴν
2373 3508 2437 3560 ἔῶ
2467 3505 2870 3564 παλινοστῆσαι.
2917 3510 3018 3558 Καὶ
3078 3501 3145 3564 δὴ
3201 3511 3376 3558 πᾶσαν
3431 3512 3525 3566 τὴν
3568 3507 3872 3581 Ῥωμαῖκὴν

2256 3597 2506 3670 στρατιὰν
2549 3595 2661 3666 μεθ’
2718 3593 2899 3647 ἑαυτοῦ
2952 3593 3260 3667 προσλαϐὼν
3316 3603 3410 3657 τῆς
3468 3600 3605 3669 πρὸς
3651 3603 3756 3657 τὴν
3813 3601 3874 3652 ἔω

2253 3687 2509 3758 φερούσης
2547 3686 2812 3756 ἐφήπτετο.
2857 3682 3224 3736 Καταλελοίπει
3265 3680 3325 3737 δὲ
3383 3686 3433 3736 ἓν
3490 3704 3548 3738 τε
3601 3695 3666 3759 τῇ
3741 3697 3870 3743 θεον.

2255 3774 2498 3845 σαλονίκη
2555 3777 2644 3824 καὶ
2697 3780 2806 3834 τοῖς
2859 3775 2994 3824 κατὰ
3044 3769 3256 3845 δυσμὴν
3312 3778 3522 3845 μέρεσιν
3601 3778 3676 3838 ὡς
3743 3783 3872 3852 πρὸς

2251 3863 2465 3934 φύλαξιν
2524 3859 2682 3921 δῆθεν
2735 3869 2831 3922 τῆς
2891 3868 3076 3934 χώρας
3119 3865 3204 3914 τὸν
3259 3866 3390 3937 πρὸς
3436 3866 3659 3918 πάππου
3735 3869 3866 3920 θεῖον

2249 3953 2410 4005 αύτοῦ
2452 3954 2537 4003 τὸν
2609 3952 2881 4023 Λάσκαριν
2957 3951 3194 4022 Μιχαὴλ,
3269 3956 3457 4027 μικρὸν
3519 3973 3574 4005 τε
3632 3961 3732 4008 καὶ
3788 3957 3867 4009 εὖ·

2252 4045 2504 4095 σύνοπτον
2576 4043 2631 4092 ἑκ
2691 4039 3038 4111 Παφλαγόνων
3094 4043 3393 4115 στράτευμα
3441 4038 3665 4105 ἐπιδούς
3719 4046 3862 4116 αὐτῷ

2246 4129 2344 4183 κάκ
2392 4137 2483 4182 τοῦ
2555 4131 2808 4182 Σκυθικοῦ
2864 4129 2985 4181 ὅσον
3045 4128 3118 4190 εἰς
3167 4135 3503 4204 τριακοσίους
3556 4135 3862 4208 ἠριθμημέ-

2245 4240 2348 4286 νον,
2383 4227 2476 4272 τοῦ
2501 4216 2560 4272 δὲ
2590 4218 2857 4293 Πριλάπου
2908 4222 2998 4270 καὶ
3049 4226 3148 4270 τῶν
3195 4224 3313 4294 περὶ
3371 4220 3527 4273 αὐτὸν
3596 4241 3859 4294 στρατευο

2245 4312 2420 4383 μάτων
2476 4311 2562 4361 τὸν
2603 4307 2655 4359 ὃν
2700 4305 2812 4378 εἶχε
2860 4310 3158 4381 Σκουτὲριον
3210 4308 3400 4361 Ξυλέαν
3451 4310 3854 4384 ὠνομασμένον,

479 4404 642 4460 hisce
688 4417 950 4476 praeesse
994 4400 1189 4472 jussit,
1237 4414 1360 4454 non
1421 4398 1557 4463 alio,
1605 4399 1666 4452 ni
1709 4397 1901 4461 fallor,
1952 4414 2137 4470 scopo
2166 4405 2210 4458 D
2246 4400 2541 4472 φερωνύμως

2259 4400 2546 4472 ρερωνύμως
2571 4401 2659 4454 τὴν
2686 4395 2871 4455 κλῆσιν
2931 4395 3011 4469 [Ρ.
3046 4395 3137 4469 ’77]
3175 4401 3234 4455 νὴ
3290 4401 3383 4456 τὴν
3425 4403 3590 4472 Θέμιν
3633 4403 3856 4472 ἔχοντα,

479 4508 668 4565 quam
692 4496 756 4546 ut
774 4489 1029 4559 longiori
1056 4488 1133 4544 ab
1159 4504 1228 4543 eo
1246 4487 1515 4542 discessu
1547 4486 1981 4559 praeteritorum
2011 4503 2137 4542 ma-

2246 4488 2314 4548 εἰς
2367 4484 2426 4540 δὲ
2494 4489 2581 4538 τὸν
2632 4484 2841 4538 Βελεσὸν
2899 4490 2990 4538 καὶ
3037 4487 3103 4537 τὰ
3158 4491 3275 4560 περὶ
3331 4487 3486 4540 αὐτόν
3536 4492 3597 4543 τό
3628 4491 3859 4565 Καλαμ-

550 4626 599 4661 ⁸⁵
633 4627 674 4680 D
705 4642 717 4679 :
743 4623 804 4698 f0
836 4620 895 4677 δὲ
948 4620 1196 4695 βασιλεὺς
1249 4616 1535 4698 Θςόὸξωρος-
1555 4617 1665 4698 ἐπει
1700 4626 1818 4696 περὶ
1851 4629 1950 4698 τῷν
1979 4627 2323 4698 γεγενημένων
2360 4620 2600 4698 ἐπύθετοζ
2643 4622 2864 4698 ἔσπευσε
2893 4623 3021 4698 πρός
3049 4624 3144 4678 τὴν
3169 4622 3234 4674 ἕω
3261 4620 3676 4693 παλινοστῆσαι,
3709 4625 3862 4698 ἀφεὶς

633 4669 672 4680 ,ι
705 4669 717 4679 .
766 4669 798 4675 -
838 4669 894 4677 η
948 4669 1195 4695 ,ηπ-ηπ,
1473 4669 1523 4682 -,
1705 4669 1760 4673 ν-
1802 4669 1817 4673 -
2017 4669 2034 4673 -
2075 4669 2155 4680 ---.
2205 4669 2316 4676 --ν-
2361 4669 2569 4674 τμη---
3171 4669 3229 4674 ρ-
3265 4669 3654 4681 --η-τ-..-
3709 4669 3746 4677 .-
3789 4669 3832 4679 --

479 4696 528 4750 ἓν
558 4695 916 4769 Θεσσαλονίκη
949 4699 1038 4746 καὶ
1067 4701 1176 4769 τοῖς
1203 4694 1339 4744 κατὰ
1352 4669 1572 4769 *δυ’σμὴν
1601 4669 1807 4765 μέρεσῖν
1865 4692 1930 4752 εἰς
1962 4669 2200 4764 ιρίᾶλῖαξινΓ
2226 4698 2312 4746 τόν
2361 4696 2488 4766 πρὸς
2527 4669 2742 4744 πάππου
2777 4692 2908 4744 θεῖον
2933 4669 3100 4743 αὑτοῦ
3155 4695 3242 4744 τόν
3297 4696 3571 4766 Λάσκαριν
3626 4669 3861 4768 Ἀίιγζτηί

477 4767 1292 4852 μετάομιχροῡ.στῆατεύματοὶ,
1344 4766 1464 4850 ὅσον
1522 4764 1592 4824 εἰς
1609 4755 1980 4852 ..τριακοσίους
2027 4755 2549 4852 ἠριθμημένουξξοῦ
2581 4759 2653 4852 δὲ
2680 4762 2966 4852 χΠριλοίπου
3005 4767 3114 4848 ,καὶ
3312 4770 3430 4851 περὶ
3474 4755 3636 4820 αὑτὸν
3685 4755 3857 4842 £9:-

477 4823 488 4843 I
635 4823 644 4840 ι
953 4823 961 4840 Ι
1260 4823 1290 4829 ⁷⁷
1580 4823 1586 4824 '
1675 4823 1683 4836 I
1968 4823 1973 4824 ’
2063 4823 2072 4836 ι
2155 4823 2164 4836 ι
2232 4823 2242 4838 ι
2399 4823 2405 4827 -
2746 4823 2754 4836 ι

473 4823 740 4913 τευμάτωιῖ
809 4843 896 4891 τόν
967 4837 1020 4890 ὃν
1074 4823 1186 4907 εἶχε
1252 4839 1550 4913 Σκουτξριον
1608 4835 1798 4913 Ξυλέαν
1839 4836 2220 4913 μώνόμα-σμένον
2272 4836 2351 4913 εἰς
2419 4832 2479 4887 δε
2501 4838 2585 4887 τόν
2621 4833 2828 4886 Βελεσόν
2852 4837 2935 4885 κοὶ
2961 4836 3028 4886 τὰ
3056 4840 3176 4909 περὶ
3208 4823 3479 4888 αύτόν’τόν
3523 4823 3857 4910 Καλαμτέάκι

477 4893 850 4999 Θεόδωρονέὄν
890 4915 986 4998 ’καὶ
1015 4893 1185 4998 Tmarii
1203 4916 1296 4969 τῆς
1332 4893 1510 4999 Αοιύλῆς
1556 4893 1967 4980 κατωνόμαζον,’
1993 4893 2082 4960 τοὺ
2131 4905 2191 4961 δε
2234 4893 2540 4980 Χαϐάρωμα
2593 4912 2978 4959 Κωνσταντῐνον
3036 4893 3129 4966 εἰς’
3171 4907 3453 4981 ἡγεμονίας
3501 4919 3595 4964 τοῦ
3663 4893 3859 4967 ’λλϐὼ

475 5005 584 5057 νου,
615 4955 702 5056 ei.
733 4955 792 5037 δὲ
828 4984 1032 5036 πάντων
1061 4981 1438 5054 προίστασθαι.

1363 5102 1705 5172 Theodori
1754 5103 2007 5172 Dousae
2055 5112 2122 5171 et
2167 5099 2420 5170 Leonis
2469 5098 2703 5168 Allatii
2751 5108 2955 5169 notae.

545 5271 656 5340 (42)
679 5271 832 5344 Ἀνὴρ
862 5264 922 5322 δέ
950 5287 1050 5330 τις.
1083 5269 1506 5344 ϐτθεοειιεηρ..
1531 5263 1616 5320 59.
1667 5267 1803 5319 ALL.

547 5333 658 5414 (43)
715 5333 1074 5400 Πεκλάαπακις
1129 5333 1220 5414 est
1272 5333 1663 5414 Begléi'lieggs
1717 5333 1880 5414 apud
1909 5336 2127 5388 Turcas

476 5404 652 5485 (quos
680 5414 772 5468 hic
805 5415 1008 5485 Persas
1022 5407 1550 5485 vocatlogozlheta),
1574 5404 1882 5485 dignitatis
1906 5420 2128 5485 nomen

477 5475 623 5540 satis
654 5491 886 5537 notum.
929 5479 1282 5552 Beglerbegi
1322 5478 1623 5552 significat
1643 5479 1897 5548 ἄρχον-ες
1929 5475 2124 5552 ἀρχον-

473 5574 596 5620 των,
625 5554 853 5608 domini
882 5546 1257 5608 domi’norwn
1294 5567 1306 5615 ;
1348 5546 1403 5604 et
1428 5547 1542 5620 ipsi
1585 5546 1790 5604 Bassw
1819 5546 2126 5620 appellati.

473 5628 538 5681 ln
561 5617 679 5680 ms.
711 5625 1000 5679 Chronico
1014 5617 1510 5694 Cpolitanoapud
1529 5620 1847 5694 Meursium
1865 5617 2131 5694 πεπηλερ-

471 5703 588 5760 mi;
613 5693 890 5751 scribitur
922 5710 936 5760 ;
969 5698 1026 5750 et
1054 5689 1214 5763 saepe
1261 5689 1346 5746 ibi
1386 5689 1660 5748 Occurrit.
1692 5691 1754 5745 V.
1784 5690 1859 5746 de
1888 5689 2130 5745 Glossa-

2237 5261 2416 5340 rium.
2428 5263 2648 5340 Praetor
2660 5260 2878 5340 Gracia;
2893 5258 3232 5340 historicus,
3248 5261 3608 5340 Leunclavio
3620 5269 3851 5340 sai-pius

2233 5331 2934 5408 laudatusLIIFxlaipmm;
2983 5330 3209 5408 scribit,
3235 5339 3292 5408 et
3333 5334 3496 5408 dicit,
3531 5330 3853 5408 Βεσιένρε.

2235 5403 2721 5486 gemma/“ﬁcium
2735 5403 3094 5486 respondere
3105 5403 3391 5486 dignitati
3403 5407 3500 5486 rei
3509 5403 3717 5478 ofﬁcio
3729 5429 3854 5469 ma-

2235 5476 2387 5532 an'mi
2409 5475 2920 5550 slratopedarcltae
2940 5474 3123 5545 (idem
3144 5474 3238 5550 hic
3264 5474 3848 5550 innuitlo'gotheta),

2237 5563 2418 5618 quem
2432 5562 2592 5601 nunc
2605 5547 2943 5618 generalem
2961 5547 3160 5615 campi
3169 5562 3384 5602 vocare
3399 5547 3694 5608 solemus.
3711 5547 3848 5611 Vide

2237 5617 2730 5700 incomparabiljs
2746 5618 2854 5672 viri
2872 5618 3216 5700 Pandecg‘en
3237 5619 3452 5689 Histor,
3483 5621 3538 5678 Τ
3534 5637 3695 5692 urc.,
3712 5642 3846 5700 cap.

2242 5691 2330 5759 14,
2355 5687 2461 5745 ubi
2489 5693 2546 5746 et
2575 5689 2784 5747 emires
2812 5689 3075 5760 exponit.
3118 5690 3333 5747 Dousx.
