3966 6324
82 363 200 431 uel
1440 367 1786 433 ANNALES.
3287 376 3426 438 U62

80 499 238 556 πάκην
263 493 554 573 Θεόδωρον,
575 496 630 551 ὃν
658 499 748 551 καὶ
774 501 932 551 τατᾶν
961 504 1054 559 τῆς
1108 496 1264 558 αύλῆς
1319 496 1437 573 (44)
1489 519 1646 552 κατω·

1861 514 1966 556 um
1993 492 2398 557 obliviscerer.
2423 496 2696 573 Namque
2721 502 2856 574 post
2884 499 3097 574 plagas
3142 507 3423 577 acceptas

77 587 306 660 νόμαζον·
358 591 444 641 τὸν
525 585 584 642 δε
668 587 966 664 Χαϐάρωνα
1013 593 1369 642 Κωνστατῖνον
1421 588 1489 649 εἰς
1544 590 1643 662 ἠγε-

1858 588 1951 662 Εθ
1992 605 2308 663 nunquam
2333 606 2430 646 me
2454 589 2700 647 liberius
2723 589 2919 646 dicere
2939 607 3075 664 quae
3100 592 3424 664 seniorem,

80 682 244 750 μονίαν
267 685 358 732 τοῦ
404 675 653 731 Ἀλϐάνου
717 682 1055 737 κατέστησεν.
1116 679 1237 753 Ἐμε
1285 675 1343 732 δὲ
1402 683 1646 754 πραίτορο

1860 695 2088 753 nquam
2107 679 2306 736 verbis
2322 679 2703 737 hilarioribus
2723 695 2890 737 more
2910 696 3047 737 meo
3068 681 3154 738 uti
3173 697 3426 756 conspe-

79 771 447 840 χειροτονήσας
508 770 712 821 πάντων
799 767 967 821 αὐτῶν
1045 766 1210 841 ἀφῆκε
1281 770 1641 844 προΐστασθαι

1861 773 1964 826 rat.
1997 771 2066 826 Ut
2086 784 2227 841 ergo
2243 769 2427 841 longa
2449 769 2569 826 ista
2589 785 2760 826 mora
2778 785 3098 827 maerorem
3121 785 3152 828 e
3185 775 3427 844 pectore

80 862 231 908 Τοῦτο
292 853 373 927 δὲ,
442 859 512 920 ὡς
563 853 730 930 οἶμαι,
783 862 1081 925 πεποίηκεν,
1142 858 1226 911 ἵνα
1274 866 1336 916 τῆ
1406 857 1458 922 ἐξ
1506 857 1646 911 αύτοι

1859 873 2100 929 merem,
2122 858 2186 915 id
2215 863 2458 930 egerat;
2525 858 2776 916 fortasse
2816 861 2997 916 etiam
3052 861 3172 917 mei
3218 863 3425 917 contu-

76 949 359 1023 μακροτέρα
396 942 672 1020 ἀποδημίᾳ
709 947 777 1009 εἰς
820 946 983 1007 λήθην
1046 945 1113 998 ὧν
1157 945 1444 1001 ἐπεπόνθειν
1505 950 1642 1018 γενοί

1861 947 1986 1014 rnii,
2009 947 2177 1022 quod
2205 948 2574 1018 fastidiebat,
2607 948 2804 1006 taedio.
2836 950 2997 1022 Smpe
3049 949 3210 1007 enim
3256 948 3318 1006 in
3355 950 3427 1006 iis

80 1055 194 1108 μην.
234 1033 373 1090 Οὐδὲ
401 1041 502 1112 γὰρ
553 1030 661 1090 εἶδέ
697 1041 761 1111 μέ
810 1054 934 1091 ποτε
991 1039 1122 1110 μετὰ
1159 1039 1250 1099 τὰς
1296 1037 1500 1111 πληγὰς
1558 1036 1642 1090 λευ

1865 1054 1915 1094 ae
1943 1037 2040 1094 ille
2069 1038 2388 1111 contrajus
2413 1038 2625 1112 fasque
2645 1037 3016 1110 intendebat,
3046 1037 3176 1113 ipse
3215 1037 3430 1098 adver-

81 1123 385 1199 θεριάσαντα
443 1132 533 1180 καὶ
605 1126 773 1200 λόγοις
849 1130 1264 1202 χαρωποτίροις,
1345 1130 1412 1189 ὡς
1475 1127 1668 1180 εἰώθειν
1781 1126 1978 1183 sabar.

73 1218 196 1291 πρὸς
221 1214 723 1290 αύτόνχρὴσασθαι.
782 1213 894 1270 Ἵνα
943 1224 1068 1289 γοῦν
1124 1225 1185 1276 τῆ
1251 1221 1446 1291 χρονίᾳ
1493 1219 1655 1274 ταύτη
1691 1210 1937 1290 διατριϐῆ
1967 1221 2057 1279 τῆς
2090 1212 2278 1290 ψυχῆς
2326 1218 2356 1278 ἡ
2414 1218 2786 1294 σκυθρωπὸτης
2833 1214 3103 1278 διαλυθείη
3145 1237 3258 1292 μοι,
3297 1220 3428 1272 «tm

74 1323 204 1379 ραχε
231 1313 402 1361 τοῦτο.
433 1307 591 1378 Τάχα
639 1301 698 1360 δὲ
721 1311 812 1360 καὶ
843 1309 911 1368 ὡς
951 1303 1316 1383 δυσχεραίνων
1355 1302 1417 1366 ἦν
1446 1311 1539 1366 τὴν
1586 1304 1860 1369 ξυναυλίαν
1914 1325 2014 1380 μου
2063 1301 2433 1382 βαρυνόμενος·
2466 1313 2817 1386 προσέκρουον
2841 1311 2942 1385 γὰρ
2980 1308 3120 1381 αύτῷ
3182 1308 3432 1371 πολλάκις

79 1393 150 1466 ἐφ’
180 1395 253 1458 οἷς
283 1391 432 1455 ἣδειν
470 1396 527 1449 ού
551 1398 686 1450 κατὰ
722 1401 809 1450 τὸν
836 1393 1255 1473 διαπράττεσθαι
1287 1396 1513 1453 θέλοντα.

142 1480 232 1547 EQ".
264 1483 324 1537 '0
361 1488 452 1558 μὲν
491 1481 578 1539 οὖν
624 1486 673 1522 ⁵⁸
731 1484 986 1560 βασιλεὺς
1031 1490 1162 1560 πρὸς
1217 1491 1310 1546 τὴν
1375 1481 1440 1540 ἕω
1493 1478 1671 1552 ambat,

1861 1493 1939 1552 67.
1963 1499 2289 1569 Imperator
2305 1496 2504 1570 itaque
2524 1496 2586 1554 in
2621 1497 2920 1555 Orientem
2945 1496 3255 1571 processit,
3315 1511 3427 1570 ego

77 1565 170 1644 ὶγὼ
229 1569 289 1627 δὲ
371 1574 770 1660 κατελελείμμην
840 1583 949 1638 τοῖς
1020 1568 1068 1629 ἓν
1123 1567 1326 1650 δυσμῆ.
1385 1582 1494 1638 Τῆς
1547 1581 1643 1647 γοῦ

1873 1565 2138 1642 occiduis
2163 1565 2434 1660 partibus
2453 1587 2659 1645 restiti.
2683 1565 2973 1658 Egressus
3000 1565 3428 1645 Thessalonica

77 1664 462 1726 Θεσσαλονίκης
509 1658 652 1728 ἐξιὼν
738 1664 998 1739 ἀφικόμην
1081 1665 1166 1718 ἐπὶ
1238 1670 1330 1725 τὴν
1408 1665 1643 1741 Βέρρόιαν

1863 1691 2081 1732 rroeam
2121 1658 2486 1750 proﬁciscor,
2513 1677 2618 1733 ubi
2649 1681 2706 1734 et
2726 1692 2900 1750 papae
2925 1677 3106 1750 legati
3141 1677 3427 1735 immoraa

76 1746 236 1806 ἰκεῑσε
264 1756 367 1830 γὰρ
405 1751 649 1830 ὑπῆρχον
670 1760 762 1809 καὶ
790 1758 951 1808 οἱτοῡ
1011 1757 1204 1809 πάππα
1265 1753 1530 1832 πρέσϐεις,
1589 1753 1642 1807 οὗ

1866 1768 2020 1831 ntur,
2077 1782 2230 1838 quos
2289 1766 2675 1839 imperatorio
2723 1773 3014 1824 mandato
3070 1766 3429 1823 dimissurus

81 1841 380 1897 ἀπεκϐαλείν
439 1843 707 1918 βασιλικῷ
753 1848 1124 1921 προστάγματι
1182 1845 1409 1920 ἔμελλον.
1481 1843 1647 1898 Κὰκίσ

1869 1870 1968 1910 im.
1995 1853 2081 1911 lbi
2111 1859 2354 1928 propter
2380 1855 2716 1928 legatorum
2747 1857 3163 1914 dimissionem
3199 1856 3435 1929 aliaque

79 1936 260 2008 μικρὸν
290 1940 758 2010 προσκαρτερήσας
798 1931 893 1989 διὰ
920 1940 1014 1994 την
1043 1943 1144 1989 τῶν
1199 1934 1463 2010 πρέσϐεων
1515 1933 1645 1987 ἁπεκ

1869 1943 2077 2000 nnulla
2097 1945 2338 2015 negotia
2359 1945 2675 2018 paululum
2697 1951 3032 2013 cunctatus,
3074 1945 3214 2002 dein
3245 1945 3431 2002 disce‘

80 2019 226 2081 ϐολὴν
254 2027 346 2076 καὶ
379 2019 452 2076 δι’
497 2024 671 2098 ἐτέρας
736 2027 876 2086 τινὰς
933 2025 1225 2094 ὑποθέσεις,
1285 2023 1477 2077 ἐκεῖθεν
1532 2022 1646 2086 ἐξιὼ

1873 2047 1935 2089 ns
1958 2033 2172 2090 Albani
2199 2034 2362 2090 viam
2389 2034 2709 2104 ingredior,
2745 2039 2800 2091 et
2824 2035 3033 2090 Serviis
3065 2050 3102 2092 a
3143 2039 3308 2106 tergo
3351 2049 3439 2090 re-

76 2115 162 2172 τῆς
189 2115 319 2186 πρὸς
373 2116 432 2166 τό
498 2109 751 2167 Ἀλϐανον
807 2117 1066 2188 φερούσης
1121 2116 1383 2188 ἡπτόμην.
1452 2117 1554 2166 Καὶ
1608 2107 1642 2164 ὃ

1874 2122 1957 2192 tis,
1981 2126 2037 2180 et
2057 2123 2388 2180 Castoriam
2405 2127 2880 2195 praetergressus,
2900 2139 3010 2180 nec
3034 2139 3159 2180 non
3179 2122 3440 2180 Achrida

79 2201 144 2252 τὰ
172 2199 360 2274 Σέρϐια
397 2202 661 2277 παρελθὼν
725 2209 815 2257 καὶ
851 2203 1184 2278 παραμείψας
1222 2208 1316 2263 τὴν
1386 2206 1645 2278 Καστορία

1872 2212 2370 2285 .psus,Albanum
2383 2213 2698 2282 convenio,
2720 2213 2981 2286 indeque
3007 2229 3148 2270 cum
3187 2211 3438 2269 nobilio-

76 2293 166 2344 καὶ
219 2294 286 2344 τὰ
349 2297 468 2366 περὶ
527 2296 621 2352 τὴν
700 2291 936 2369 Ἀχρίδα
985 2293 1337 2368 παραγγείλας
1421 2292 1642 2366 ἁφικόμη

1873 2319 1955 2358 ius
1986 2301 2151 2358 urbis
2170 2302 2394 2360 accolis
2425 2303 2819 2375 Dyrrachium
2848 2307 2987 2376 peto
3013 2320 3026 2371 ;
3052 2301 3154 2358 ubi
3171 2317 3278 2375 per
3310 2301 3439 2358 dies

78 2377 160 2432 ἐπὶ
206 2383 267 2433 τό
323 2379 591 2450 Ἀλϐανόν,
631 2381 732 2436 κάκ
784 2387 970 2437 τούτου
1019 2387 1147 2457 μετὰ
1191 2392 1290 2437 τῶν
1351 2391 1443 2444 τῆς
1500 2389 1644 2458 χώρα

1874 2396 1921 2448 to
1943 2391 2123 2448 rebus
2138 2391 2291 2448 inter
2317 2391 2586 2447 eundum
2603 2397 3050 2465 peropportune
3085 2389 3440 2464 praeparatis

75 2465 321 2543 ἐκκρίτων
363 2472 647 2546 κατείληφα
698 2476 757 2526 τό
819 2472 1134 2548 Δυρράχιον.
1183 2476 1406 2527 Κὰκεῖσε
1455 2469 1641 2550 ὃιακαρ

1871 2480 2234 2554 ornatisque,
2274 2484 2340 2537 ut
2367 2480 2516 2537 mihi
2536 2480 2914 2538 commodius
2949 2479 3286 2551 videbatur,
3323 2479 3437 2552 Pyr

74 2565 300 2634 τερήσας
347 2563 540 2635 ἡμέρας
625 2561 758 2614 ὀκτὼ
807 2561 971 2626 ἐξήειν
1036 2565 1208 2617 πάντα
1268 2564 1336 2616 τὰ
1397 2561 1512 2616 καθ’
1557 2560 1640 2616 όδέ

1874 2569 2093 2644 :hiique
2123 2570 2373 2640 negotiis
2399 2570 2769 2643 compositis,
2791 2569 2851 2626 in
2873 2569 3034 2626 viam
3061 2568 3347 2640 deducor,
3382 2571 3440 2625 et

76 2648 426 2725 οἰκονομήσας
462 2656 552 2706 καὶ
597 2656 920 2729 καταρτίσας
972 2655 1041 2715 ὡς
1097 2655 1272 2726 ἔμοιγε
1325 2648 1440 2706 δέον
1489 2649 1636 2707 ἓὸόκε

1867 2659 2096 2716 .unavia
2121 2675 2388 2730 emensa,
2411 2664 2747 2717 etmontem
2760 2675 2947 2732 quam
2962 2661 3178 2716 Malam
3200 2660 3433 2714 Petram

75 2741 211 2792 κατὰ
240 2749 412 2794 ταῦτα
433 2737 492 2794 δὲ
519 2746 610 2795 καὶ
633 2744 701 2795 τὰ
723 2749 815 2795 τοῦ
872 2740 1173 2817 Δυρραχίου
1236 2743 1367 2816 (45).
1423 2741 1641 2816 Ἐξορμή

1874 2749 2222 2820 gnominant
2251 2764 2593 2822 permeans,
2625 2751 2834 2806 Matem
2860 2747 3231 2822 progredior,
3275 2745 3440 2804 inde-

80 2848 177 2892 σας
203 2839 333 2904 γοῦν
358 2838 451 2885 τοῦ
480 2831 781 2908 Δυρραχίου
807 2836 896 2885 καὶ
942 2829 1158 2886 διελθὼν
1215 2833 1282 2886 τὰ
1332 2841 1423 2894 τῆς
1479 2841 1646 2888 Χουνα

1875 2854 1906 2894 e
1938 2836 2190 2895 Derbem
2219 2838 2478 2912 appello,
2510 2855 2650 2895 cum
2671 2837 2962 2895 universis
2983 2837 3089 2910 qui
3133 2837 3195 2893 in
3233 2835 3440 2893 itinere

77 2917 216 2987 ϐίας,
240 2923 412 2974 καὶτὸ
441 2926 558 2998 o'po;
580 2919 804 2996 ὑπερϐὰς
853 2923 878 2974 ὃ
905 2917 973 2981 δὴ
1023 2925 1200 2981 Κακήν
1272 2925 1469 2996 Πέτραν
1533 2941 1643 2976 κατι

1876 2927 2034 2985 viam
2056 2927 2192 2984 facti
2224 2932 2382 2997 sunt,
2430 2929 2656 3000 quique
2681 2927 2774 2984 vel
2795 2926 3022 3000 oppida
3051 2925 3144 2982 vel
3175 2925 3442 2998 privatos

75 3010 421 3083 νομάζουσιν,
482 3011 552 3073 εἰς
603 3014 669 3064 τὰ
746 3015 864 3087 περὶ
921 3015 1013 3071 τὴν
1071 3013 1256 3070 Μάτην
1321 3009 1524 3081 ἀπήειν,
1566 3011 1641 3065 κὰη

1877 3018 2080 3074 arcitus
2110 3016 2205 3073 vel
2235 3017 2612 3090 publicarum
2644 3017 2824 3073 etiam
2879 3031 3082 3073 rerum
3136 3029 3443 3070 summam

71 3101 252 3152 τεῡθεν
284 3099 372 3154 ἐπὶ
400 3105 491 3160 τὴν
513 3099 704 3174 Δέρϐην
731 3100 976 3174 ἀφῖγμαι.
1012 3107 1149 3155 Πάσι
1186 3099 1244 3155 δὲ
1293 3108 1399 3163 τοῖς
1454 3098 1514 3154 δε
1566 3121 1634 3155 κα

1879 3107 1970 3180 50
2016 3110 2388 3178 peragerent,
2441 3121 2781 3163 sermonem
2833 3119 3154 3161 conserens
3184 3120 3198 3172 ;
3227 3106 3285 3160 et
3337 3117 3445 3170 per

74 3186 202 3242 όὸόν
235 3191 510 3264 ξυντυχών
534 3200 643 3253 τοῖς
670 3189 802 3266 ἀμφὶ
833 3195 900 3245 τὰ
956 3193 1093 3251 ἄστη
1160 3196 1250 3246 καὶ
1305 3199 1387 3246 τοῖ
1430 3191 1563 3266 ἀμφὶ
1621 3213 1640 3246 τ

1881 3193 2096 3251 lzabim
2126 3193 2420 3250 transiens
2450 3192 2765 3271 Philapum
2815 3191 3116 3250 contendi.
3159 3193 3274 3248 lter
3328 3189 3443 3247 hoc

69 3283 277 3333 τοπικὰ
332 3283 700 3355 στρατεύματα
777 3285 864 3334 καὶ
920 3287 1026 3343 τοῖς
1074 3283 1138 3335 τὰ
1195 3277 1435 3355 δημόσια
1491 3278 1635 3356 διενει

1879 3283 2212 3340 essalonica
2241 3287 2506 3355 coeptum
2537 3281 2617 3339 ad
2638 3282 2944 3356 Prilapum
2974 3297 3170 3354 usque
3203 3295 3309 3354 per
3329 3285 3445 3337 tres

68 3374 352 3443 γουμένοις
426 3372 732 3445 πράγματα,
794 3366 889 3424 διὰ
951 3379 1042 3432 τῆς
1118 3369 1424 3435 Κυτζάϐεως
1489 3390 1634 3448 παρτε

1878 3387 2030 3430 ωεθε
2053 3377 2404 3446 tempestate
2417 3371 2672 3429 hiberna
2688 3371 2927 3444 perfeci.
2945 3368 3256 3427 Decembri
3275 3384 3444 3426 nam-

67 3460 157 3513 ἐπὶ
188 3463 292 3513 πὸν
321 3459 580 3535 Πρίλαπον
612 3459 877 3534 ἐγενόμην.
909 3462 1114 3519 Ταύτην
1165 3468 1290 3532 γοῦν
1328 3465 1423 3520 τὴν
1479 3465 1633 3536 πορείι

1880 3479 1912 3519 e
1940 3465 2173 3520 Berroea
2202 3461 2498 3534 egredior,
2538 3466 2596 3519 et
2618 3460 2938 3519 Februario
2975 3464 3228 3518 exeunte
3264 3457 3443 3517 Prila-

68 3553 168 3607 τὴν
212 3549 272 3601 ἐκ
314 3549 707 3612 Θεσσαλονίκης
735 3553 900 3624 μέχρι
928 3553 1018 3602 καὶ
1056 3547 1216 3603 αὐτοῦ
1260 3557 1352 3603 τοῦ
1420 3550 1634 3624 Πριλάπ‹

669 3570 707 3612 ις
735 3553 900 3624 μέχρι
928 3553 1018 3602 καὶ
1056 3547 1216 3603 αὐτοῦ
1260 3557 1352 3603 τοῦ
1420 3550 1688 3624 Πριλάπου
1795 3569 1942 3626 pum
1975 3551 2235 3626 appello.

67 3632 168 3691 θ’ιὰ
207 3645 372 3714 τριῶν
400 3642 663 3698 πεποίηκα
697 3647 797 3691 τῶν
827 3646 998 3712 μηνῶν
1027 3647 1287 3712 χειμῶνος
1315 3637 1446 3713 ὣρᾳ.
1478 3640 1743 3716 Δεκίϐριος
1766 3644 1867 3716 γὰρ
1890 3642 1952 3702 ἦν
1983 3643 2136 3695 ὁπότε
2157 3649 2250 3705 τῆς
2276 3639 2518 3719 Βερῥοίας
2563 3639 2823 3716 ἐξώρμων,
2845 3661 2936 3696 και
2989 3643 3048 3695 τὸ
3094 3637 3442 3718 Φεϐρουαρίου

65 3729 219 3791 τέλος
248 3732 337 3782 ἐπὶ
376 3731 463 3781 τὸν
493 3728 754 3802 Πρίλαπον
785 3725 901 3802 εἴχέ
934 3748 1016 3802 με.
2929 3779 2932 3782 .

143 3816 250 3881 ξγί,
311 3817 508 3872 Ἐκεῖσε
585 3826 710 3892 γοῦν
764 3817 1044 3891 ἀφιγμένου
1095 3836 1195 3892 μου
1269 3822 1408 3892 φήμη
1465 3820 1683 3894 πάμπαν

1877 3824 1955 3878 58.
1985 3819 2093 3886 Ubi
2123 3835 2193 3878 eo
2235 3820 2554 3891 venissem,
2607 3836 2725 3876 vox
2768 3819 3074 3893 quaedam,
3120 3818 3228 3875 sed
3263 3814 3443 3876 nimis

69 3902 224 3968 δεινὴ
252 3915 368 3971 τοίς
403 3908 530 3962 ὠσὶν
569 3907 940 3983 ὠπεισέφρησε.
971 3909 1048 3961 Τὰ
1087 3904 1146 3960 δὲ
1209 3916 1304 3970 τῆς
1357 3912 1556 3981 φήμης,
1607 3911 1633 3962 ὅ

1878 3924 1928 3966 εει
1953 3907 2032 3965 ad
2062 3924 2236 3965 aures
2259 3914 2500 3965 nostras
2533 3907 2795 3965 advolat.
2821 3911 3043 3964 Rumor
3063 3911 3190 3963 erat
3217 3905 3444 3962 Chabas

68 4016 168 4074 περ
207 4003 311 4057 τήν
342 3999 614 4071 ἡγεμονίαν
639 4005 731 4051 τοῦ
790 3996 1040 4054 Ἀλϐάνου
1096 4000 1228 4073 πρὸς
1283 4005 1377 4050 τοῦ
1433 3995 1634 4070 βασιλέι

1880 4013 2007 4054 nem
2029 3998 2504 4066 Constantinum,
2559 3998 2653 4054 cui
2704 3997 2920 4053 Albani
2959 3995 3316 4070 praefectura
3367 3994 3446 4051 ab

64 4086 251 4140 λαϐὼν
276 4088 302 4140 ό
344 4087 598 4162 Χαϐάρων
657 4095 1040 4150 Κωνσταντῖνος
1103 4091 1236 4162 πρὸς
1289 4095 1380 4141 τοῦ
1429 4084 1626 4142 δεσπότ

1886 4091 2158 4159 peratore
2191 4087 2516 4143 commissa
2544 4085 2754 4152 fuerat,
2783 4101 2820 4141 a
2847 4084 3124 4142 Michaele
3175 4084 3445 4156 despota,

65 4177 312 4249 Μιχαὴλ
356 4177 484 4229 ἑάλω
533 4183 799 4250 μηχαναῖς
876 4184 972 4237 τῆς
1044 4173 1464 4249 γυναικαδέλφης
1530 4177 1626 4230 αύτ

1885 4175 2003 4232 oris
2035 4174 2190 4231 illius
2221 4175 2440 4231 sororis
2454 4174 2670 4246 Mariae,
2690 4189 2826 4246 qum
2854 4173 3019 4246 prius
3042 4171 3170 4230 viro
3190 4171 3451 4246 Sphrana

65 4272 318 4341 Μαρίας,
365 4270 479 4327 ἣτις
540 4273 756 4341 προεῖχε
809 4269 898 4339 μεν
937 4261 1109 4339 ἄνδρα
1161 4267 1460 4338 Σφραντζῆν
1512 4267 1631 4320 τούπ

1889 4280 1908 4319 3
1947 4262 2304 4334 cognomine
2332 4267 2643 4334 nupserat,
2692 4261 2798 4318 sed
2826 4266 2952 4319 tum
2983 4261 3170 4319 vidua
3221 4263 3455 4317 aetatem

67 4357 228 4424 κλην,
275 4359 393 4409 τότε
414 4352 473 4408 δὲ
537 4358 750 4430 ὑπῆρχε
809 4361 978 4430 χήρα·
1032 4352 1208 4418 δόλοις
1257 4359 1358 4432 γὰρ
1414 4356 1544 4416 αύτὴ
1602 4377 1632 4410 τ

1890 4352 2044 4419 ebat,
2075 4350 2309 4408 insidiis
2337 4351 2808 4408 circumventum
2840 4355 3084 4424 captum
3123 4349 3305 4407 fuisse
3354 4348 3456 4405 Illa

64 4445 385 4522 Χαϐάρωνα
434 4444 770 4518 μετελθοῦσα,
852 4450 942 4497 καὶ
1007 4447 1316 4518 γράμμασιν
1397 4444 1630 4520 ἐρτωτικι

1886 4441 2024 4498 anim
2051 4439 2204 4496 dolis
2226 4440 2591 4496 subductum
2620 4446 2675 4496 et
2703 4439 2910 4497 litteris
2964 4438 3274 4496 amatoriis
3309 4437 3452 4494 insia

65 4532 391 4589 δελεάσασα
443 4537 628 4588 τούτου
711 4536 770 4586 τὸ
867 4537 1107 4608 φρόνημα
1168 4535 1495 4611 (κουρότερος
1590 4556 1631 4608 γε

1886 4547 1973 4588 )se
2002 4528 2385 4603 compulsum
2412 4528 2700 4602 (namque
2732 4528 2794 4585 in
2821 4527 2915 4585 his
2943 4533 3070 4585 erat
3104 4528 3200 4585 ille
3245 4527 3452 4597 levior,

64 4626 161 4700 [Ρ.
200 4625 304 4698 ’78]
338 4625 488 4686 οὗτος
519 4628 637 4698 περὶ
665 4626 733 4676 τὰ
769 4631 986 4677 τοιαυτα
1040 4625 1320 4696 τυγχάνων
1373 4621 1456 4694 ἧν,
1507 4628 1551 4678 εἶ
1606 4645 1630 4678 κ

1888 4624 1940 4676 et
1968 4619 2140 4676 miles
2169 4623 2465 4691 praestans
2493 4624 2676 4692 atque
2720 4620 3018 4693 egregius)
3056 4620 3280 4676 retibus
3353 4617 3454 4674 illa

63 4715 251 4777 ἄλλως
307 4714 464 4776 καλός
545 4713 802 4786 ἐτύγχανε
891 4715 1263 4786 στρατιώτης),
1341 4720 1452 4774 ταῖς
1499 4715 1629 4787 πάγε

1887 4710 1930 4765 is
1957 4708 2270 4782 intercipit.
2334 4707 2476 4765 Hinc
2505 4709 2710 4782 palam
2772 4710 3014 4767 Michael
3059 4708 3453 4765 defectionem

147 4843 204 4876 π
231 4842 282 4896 D
314 4838 575 4911 duorum
613 4842 878 4911 capitum
915 4837 1168 4911 loco(67
1195 4835 1378 4911 e_t68):
1410 4840 1513 4911 Καί
1539 4832 1713 4911 διελθᾴ

1888 4843 1954 4896 ·ῆς
1978 4832 2273 4911 Χουναϐίας
2311 4836 2487 4911 καὶτὸ
2519 4837 2634 4909 ᾂοος
2659 4838 2753 4891 τὴν
2777 4838 2943 4892 κακὴν
2973 4837 3188 4911 Πέτραν,
3217 4835 3311 4889 τὴν
3342 4834 3454 4911 hiric-

64 4917 196 4978 τήν,
231 4917 326 4964 τὸν
348 4910 561 4986 Δέϐρην,
596 4899 709 4969 την⁵
724 4909 1007 4986 Ιςύτξαϐιν,
1026 4899 1097 4986 εἰς
1118 4899 1381 4984 Πρίλαπον
1407 4909 1606 4980 ἤχθην.
1640 4908 1773 4964 Εἶτα
1801 4913 1894 4966 τὴν
1925 4905 2198 4960 Ἀλϐανίαν
2217 4904 2519 4964 κατέλαϐον.
2547 4899 2749 4958 ’Ἦλθον
2776 4906 2847 4968 εἰς
2876 4899 3160 4979 Ἀχρίὸἀν,
3187 4907 3272 4956 τὸν
3295 4899 3451 4961 Σιὸη.

62 4989 408 5060 ρόκαστρον,
430 4980 612 5053 καὶτῷ
640 4980 889 5054 Πριλάπῳ
918 4980 1244 5056 προσέσχον.

1082 5108 1394 5171 Theodori
1419 5110 1644 5170 Dousa-3
1673 5111 1736 5168 et
1762 5105 1989 5168 Leonis
2016 5103 2230 5165 Allatii
2263 5108 2450 5166 notae.

144 5237 282 5310 (44)
307 5242 366 5289 Ὁ
394 5241 555 5310 τατᾶς
606 5242 715 5310 τῆς,
750 5233 912 5296 αὐλῆς
965 5249 1188 5310 nomen
1222 5233 1552 5310 dignitatis

1895 5234 2255 5310 ηιξ-ΚΑ]Δ
2293 5233 2583 5310 auom.-
2646 5231 3098 5310 ΑςΓῙΝβᾼβΕῐΣ.
3163 5223 3456 5310 rimanti;

59 5298 233 5368 aula.
262 5298 596 5380 Cpolitana,
624 5308 796 5380 cujus
818 5305 1091 5380 meminit
1115 5298 1396 5376 Codinﬁs,
1419 5305 1494 5362 de
1525 5303 1696 5360 vesti-
1804 5308 2032 5380 ΧΑΡΙῌ.
2064 5303 2262 5380 Exstat
2291 5300 2350 5380 in
2395 5298 3005 5380 qualeqinﬁalatia,
3061 5299 3460 5380 producitque

53 5369 461 5450 mentis‘ejus
476 5369 781 5436 etornatu.
808 5377 918 5434 Sed
935 5377 1164 5450 nullum
1181 5369 1404 5450 munus
1427 5381 1699 5450 suotem~
1805 5389 1880 5430 ex
1910 5373 2144 5450 schedis
2161 5371 2609 5450 _Busbequ_iani_s
2641 5374 2702 5426 V.
2737 5372 2804 5450 C._
2820 5377 2876 5426 et
2894 5369 2997 5450 Ade’
3022 5369 3330 5450 republica
3350 5369 3462 5450 lita-

52 5469 227 5526 pore
260 5442 448 5526 fuisse
468 5451 698 5526 scribit.
724 5453 850 5506 Non
865 5449 1007 5526 satis
1037 5448 1222 5526 liquet
1239 5463 1329 5526 an
1343 5447 1698 5526 hujus'l‘atae
1805 5445 2035 5526 teraria
2052 5443 2276 5526 optime
2298 5442 2544 5498 meritus
2563 5445 2746 5499 Janus
2769 5445 3066 5511 Gruterus,
3089 5442 3462 5512 inscription

51 5513 320 5594 inentio
343 5521 876 5594 ﬁatinﬁdepravata
890 5525 1074 5594 veteri
1091 5513 1699 5594 i-nscriptioneGrmca
1805 5533 1866 5590 p.
1891 5522 1923 5594 il
1942 5519 2038 5594 128
2053 5513 2292 5594 .jDopsA
2307 5555 2321 5572 .

53 5581 286 5670 quam
299 5593 428 5670 haec
440 5581 1050 5670 nobismeditantibus
1063 5581 1362 5670 suggessit
1375 5589 1619 5670 multijul

1893 5588 1994 5660 ἥδ)
2073 5589 2220 5639 Κατὰ
2296 5591 2458 5638 ταῦτα
2529 5581 2606 5670 Δδὲ
2674 5589 2770 5670 καί
2974 5592 3066 5638 τοῦ
3135 5585 3459 5661 Δυρραχίου,

54 5657 371 5725 Ιέοείοηὶε
409 5664 498 5720 vir
517 5663 787 5736 mihique
817 5657 1215 5721 amicissimus
1241 5664 1445 5718 Petrus
1476 5657 1701 5736 scrive-
1807 5657 1899 5716 Cf"
1933 5657 2106 5718 Anna
2133 5659 2461 5726 Comnena,
2508 5657 2788 5716 Atexiad.
2840 5657 2945 5717 lib.
2967 5674 3050 5716 xu
3075 5661 3132 5719 et
3180 5657 3284 5717 xm
3315 5661 3454 5714 ALL.

57 5740 270 5801 rius:
318 5734 723 5792 ΕΤΕΙΜΗΣΑΝ·
763 5741 958 5793 TATA.
1008 5739 1078 5804 N,
1129 5738 1218 5791 οι.
1276 5737 1540 5806 I‘ONEIE,
1597 5734 1704 5786 BA-

392 5858 610 5924 Patrol.
642 5861 750 5936 Gr.
782 5860 930 5920 CXL.
2738 5856 2810 5933 .31
