3966 6324
520 332 659 429 ἒίῆ

1718 304 1999 366 GEORGII
2025 298 2492 405 acaoroLrl‘zE;

3774 302 3897 375 ua
3951 302 3953 391 ι

516 423 675 512 iecit.
700 454 823 525 Ego
851 450 1055 523 itaque
1079 442 1299 517 Prilapi
1326 440 1571 512 degens,
1595 437 1673 525 ut
1686 434 1950 507 primum
2266 429 2369 480 ταύ

2276 429 2461 490 ταύτης
2528 427 2793 501 ἁλώσιμος
2872 427 3111 502 ἐγεγόνει.
3158 426 3467 480 ’τούντεῦθεν
3522 424 3603 489 εἰς
3664 423 3896 478 imm-u-

517 544 667 602 tium
698 518 919 607 audivi,
950 518 1074 612 qua
1097 533 1261 610 potui
1283 526 1589 599 diligentia
1638 521 1882 612 litteras,
1934 518 2159 592 quibus

515 649 652 708 quae
682 607 1005 687 evenerant
1048 607 1272 691 indico,
1343 618 1423 675 ad
1476 611 1821 672 Michaelem
1862 607 2161 665 Lascarim

514 697 682 779 mitto
712 718 805 775 cui
834 722 892 773 et
913 714 1293 786 Pelagoniam
1327 720 1662 772 accessum,
1692 707 1755 756 ut
1775 697 2160 772 eoprofectus

512 817 570 867 et
598 808 781 865 ambo
797 807 859 862 in
881 819 1071 860 unum
1093 803 1397 862 coeuntes,
1415 795 1491 851 de
1510 792 1692 848 rebus
1719 802 1857 862 quas
1886 803 2007 858 pra:
2039 801 2164 840 ma-

513 899 691 956 nibus
721 898 906 959 erant,
938 891 1256 949 consilium
1278 886 1584 943 iniremus.
1615 878 1810 934 Ambo
1834 868 1976 945 ergo
2000 873 2159 930 Pela-

516 988 760 1059 goniam
798 981 1238 1057 progredimur.
1271 973 1594 1033 Nobiscum
1637 966 1936 1026 Scuterius
1958 964 2162 1036 Xyleas

518 1053 867 1134 advenerat:
892 1075 935 1143 ι
951 1071 1002 1144 5
1015 1072 1059 1140 1
1080 1084 1219 1126 eum
1237 1066 1391 1123 enim
1411 1061 1664 1117 militiam
1695 1058 1930 1113 doctum
1950 1053 2156 1110 velsal-

517 1173 637 1223 tem
650 1143 1061 1221 Romanorum
1072 1157 1334 1231 partium
1348 1152 1643 1209 fautorem
1669 1143 2083 1202 existimabam
2094 1159 2164 1196 us

518 1249 1014 1330 quandoquidem
1046 1253 1104 1304 et
1130 1237 1807 1318 imperatorTheodorus
1837 1249 1959 1289 non
2000 1232 2168 1288 aliter

517 1347 592 1403 de
613 1362 685 1402 eo
717 1324 1013 1400 sentiebat
1042 1359 1055 1407 ;
1079 1355 1221 1395 nam
1248 1334 1567 1391 militarem
1598 1329 1692 1384 ille
1735 1324 2165 1398 experientiam

514 1451 640 1509 prae
667 1449 729 1488 se
754 1431 1002 1488 ferebat.
1026 1423 1486 1494 ostentabatque
1504 1435 1565 1474 se
1584 1432 1725 1487 erga
1742 1415 2165 1485 imperatorem

514 1499 894 1595 reliquosque
919 1520 1224 1573 Romanos
1276 1525 1402 1582 qua
1444 1506 1711 1563 maxima
1753 1499 2167 1558 benevolentia

515 1591 692 1671 afﬁci.
725 1591 1130 1668 Convenimus
1163 1619 1176 1669 ;
1208 1591 2036 1657 deliberavimusMichaelem
2058 1592 2163 1645 La-

516 1702 734 1758 scarim
764 1712 904 1753 cum
935 1694 1221 1751 universa
1248 1687 1507 1745 militum
1528 1699 1734 1751 manu,
1754 1684 2164 1737 Romanorum

2272 521 2389 569 σίαν
2456 516 2575 589 (46)
2657 519 2873 593 φανερὰν
2941 518 2965 568 ὁ
3031 515 3252 588 Μιχαὴλ
3300 515 3625 591 ἐξωρμήκει.
3710 514 3898 586 Ἔγωγε

2270 607 2359 678 μὲν
2389 601 2477 658 οὖν
2528 602 2726 678 διάγων
2790 611 2909 681 περὶ
2962 610 3050 658 τὸν
3100 604 3359 680 Πρίλαπον
3415 609 3542 679 περὶ
3601 612 3712 656 τοῦ
3756 624 3899 675 727s-

2269 699 2487 768 νημένου
2520 693 2787 770 δράματος
2818 694 3141 768 ἐπεπύσμην.
3184 693 3267 755 Ὠς
3321 690 3466 766 εἶχον
3529 700 3677 764 γοῦν
3744 711 3900 744 στου-

2273 782 2374 846 δῆς
2402 789 2528 859 πρὸς
2591 805 2678 836 τον
2733 787 3005 856 Λάσκαριν
3047 783 3270 855 Μιχαὴλ
3323 781 3619 839 επιστὸλήν

2273 894 2401 946 φειν,
2433 878 2501 927 τὰ
2547 873 2910 946 ξυμϐεϐηκότα
2949 876 3113 945 τούτῳ
3167 869 3260 924 διὰ
3320 876 3531 933 ταύτης
3565 867 3896 930 animam,

2271 967 2362 1015 καὶ
2391 962 2474 1015 ἐπὶ
2517 967 2611 1022 τὴν
2663 964 2975 1035 Πελαγονίαν
3033 961 3261 1035 ἀφῖχθαι
3307 969 3492 1014 τοῦτον
3553 963 3894 1033 γεγράφηκα,

2273 1054 2340 1113 ὡς
2371 1051 2430 1103 ἂν
2479 1056 2569 1103 καὶ
2620 1053 2776 1114 αὐτὸς
2818 1051 3092 1123 ἀφιγμένος
3143 1052 3305 1102 ἐκεῖσε
3333 1058 3426 1102 καὶ
3486 1052 3663 1124 ἄμφω
3732 1050 3809 1110 εἰς
3858 1049 3899 1101 ὲν

2271 1146 2535 1212 ’γεγονότες
2578 1147 2697 1216 περὶ
2756 1149 2856 1192 τῶν
2937 1139 3032 1191 ἀνὰ
3083 1147 3270 1213 χεῖρας
3343 1141 3473 1212 ἡμῖν
3567 1142 3897 1213 πραγμέτω

2274 1234 2367 1287 τὴν
2422 1229 2714 1303 ξυμϐουλὴν
2770 1230 3146 1301 ποιησαίμεθα.
3232 1227 3574 1301 Ξυνήλθομεν
3633 1236 3774 1301 γοῦν
3822 1248 3900 1278 και.

2274 1317 2589 1391 ἄμφωένιῆ
2626 1317 2933 1389 Πελαγονίᾳ,
2975 1321 3065 1369 καὶ
3132 1315 3243 1389 μεθ’
3289 1318 3439 1388 ἡμῶν
3485 1322 3590 1368 καὶ
3638 1317 3665 1368 ὀ
3720 1316 3901 1374 Ξυῖιέες

2273 1410 2595 1480 Σκουτέριος.
2684 1405 3125 1479 ’Υπελαμϐοξνομεν
3197 1408 3298 1478 γὰρ
3380 1404 3549 1457 αὐτὸν
3624 1406 3898 1474 ἄνθρωπον

2276 1499 2647 1570 στρατιωτικὸν
2708 1492 2838 1547 εἶναι
2899 1495 2929 1553 ἣ
2997 1493 3092 1545 κᾶν
3138 1494 3533 1568 ῥωμαιόφρονα·

2274 1590 2362 1637 καὶ
2391 1587 2416 1636 ὁ
2476 1583 2725 1658 βασιλεὺς
2782 1580 3051 1656 Θεόδωρος
3105 1582 3295 1640 πολλὴν
3347 1585 3468 1656 περὶ
3523 1582 3710 1635 αὐτοῦ
3774 1585 3901 1654 εἶχε»

3636 1499 3740 1546 καὶ
3807 1498 3897 1565 γάρ

2273 1674 2554 1745 ὑπόληψιν,
2615 1679 2969 1748 στρατηγικὴν
3053 1692 3107 1725 τε
3178 1672 3329 1724 αὑτὸν
3382 1672 3589 1745 αὐχεῖν
3632 1674 3900 1746 ἐμπειρίαι

515 1804 730 1859 nempe
757 1801 828 1843 ac
857 1783 1233 1855 Scytharum,
1269 1793 1341 1833 ex
1373 1779 1586 1832 Bercem
1610 1771 1774 1835 locis,
1820 1768 1927 1825 ubi
1964 1772 2165 1823 castra
2200 1776 2247 1831 Β
2272 1767 2364 1815 καὶ

2276 1767 2364 1815 καὶ
2401 1768 2522 1839 περὶ
2560 1762 2715 1815 αὐτὸν
2771 1766 2860 1814 καὶ
2888 1763 2957 1814 τὰ
2989 1770 3090 1814 τῶν
3141 1759 3406 1834 Ῥωμαίων
3460 1763 3687 1812 εὔνοιαν
3728 1768 3901 1816 mi-

516 1856 874 1938 metabatur,
931 1871 1244 1927 deﬂectere
1302 1870 1358 1922 et
1410 1861 1796 1932 Pelagoniam
1839 1857 2057 1913 advehi
2103 1856 2164 1911 in

515 1982 709 2040 eaque
736 1961 992 2020 tentoria
1039 1959 1255 2015 locare.
1321 1953 1544 2010 Eodem
1593 1949 1778 2006 modo
1834 1946 2165 2003 Scuterium

518 2035 757 2129 Xyleam
787 2068 926 2108 cum
957 2063 1069 2105 suo
1099 2046 1384 2111 exercitu,
1415 2037 1795 2097 multitudine
1824 2035 2004 2105 longe
2038 2050 2167 2089 am-

512 2123 724 2219 pliore,
746 2138 1011 2199 Michaeli
1034 2135 1270 2193 Lascari
1281 2131 1415 2203 conj
1424 2131 1567 2219 ungi
1578 2132 1636 2183 et
1656 2127 1814 2181 circa
1830 2123 2165 2193 Pelagoniae

511 2215 647 2292 loca
672 2236 872 2288 castra
901 2241 1146 2301 ponere.
1174 2226 1364 2279 Locus
1394 2218 1473 2277 ad
1492 2215 1791 2275 Michaelis
1812 2215 2075 2285 despotae
2094 2227 2165 2268 ac

514 2326 835 2381 Servorum
970 2315 1132 2371 enim
1164 2313 1346 2368 etiam
1400 2322 1540 2363 cum
1583 2305 1840 2375 despota
1888 2300 2165 2358 Michaele

512 2412 710 2470 foedus
753 2407 1029 2469 inierant)
1101 2404 1396 2474 impetum
1454 2391 1978 2467 comprimendum
2020 2390 2165 2446 satis

514 2502 771 2557 idoneus
806 2500 987 2565 atque
1009 2495 1405 2564 opportunus,
1430 2489 1497 2540 ut
1520 2482 1884 2553 accepimus,
1902 2484 2046 2534 erat.
2067 2479 2165 2534 His

513 2589 754 2646 decreta
782 2599 846 2638 se
875 2580 1280 2652 completuros
1304 2573 1579 2648 pollicitis
1599 2569 1832 2639 relictis,
1866 2568 1996 2641 ipse
2026 2583 2165 2623 cum

515 2674 749 2735 decenti
776 2668 1071 2727 famulitio
1097 2671 1278 2738 atque
1305 2662 1543 2719 servitio
1592 2657 1916 2714 Achridam
1968 2656 2162 2721 venio,

516 2768 566 2824 si
585 2767 734 2822 forte
762 2759 1091 2836 potuissem
1119 2772 1216 2812 res
1265 2750 1681 2810 Albanitarum
1721 2746 2035 2816 corrigere.
2073 2745 2167 2801 Al-

514 2856 747 2914 banum
758 2835 880 2925 pra:
888 2848 1167 2905 miseram
1181 2840 1577 2917 imperatorias
1595 2852 1811 2893 mensae
1822 2835 2163 2907 praefectum

516 2943 811 3003 lsaacium
858 2941 1246 3007 Nestongum,
1302 2947 1440 2988 cum
1476 2928 1559 2985 illi
1622 2931 1820 2991 antea,
1868 2925 2166 2997 quidquid

515 3031 822 3105 agendum
856 3030 1011 3085 esset
1030 3025 1189 3081 circa
1212 3017 1813 3085 administrationem,
1838 3014 1899 3070 in
1915 3014 2166 3069 manda-

2278 1854 2403 1904 σθαι
2458 1856 2553 1911 τὴν
2631 1849 2939 1924 ἀκροτάτην.
3035 1848 3176 1903 Ἐπεὶ
3239 1849 3326 1901 οὖν
3380 1848 3703 1921 ξυνήειμεν,
3774 1848 3902 1900 ἔϐεν-

2273 1940 2568 2014 λευσεξμεθα
2617 1942 2831 1999 οὑτωσὶ.
2900 1943 2987 1991 τὸν
3034 1941 3124 2011 μὲν
3187 1940 3465 2011 Λάσκαριν
3522 1938 3784 2010 Μιχαὴλ
3822 1938 3903 1989 λι-

2277 2029 2381 2083 ϐεῖν
2429 2034 2489 2082 τὸ
2542 2028 2631 2082 ὑπ’
2683 2030 2838 2081 αὐτὸν
2893 2028 3029 2081 ἅπαν
3086 2024 3463 2102 στρατόπεδον,
3536 2033 3608 2080 τό
3681 2048 3742 2080 τε
3790 2027 3904 2079 Ῥω-

2275 2123 2463 2191 μαῑκὸν
2492 2123 2582 2171 καὶ
2631 2122 2691 2170 τὸ
2739 2119 3007 2183 Σκυθικὸν,
3062 2120 3152 2169 καὶ
3204 2114 3579 2187 ἀποχωρῆσαι
3644 2124 3756 2168 τῶν
3803 2122 3905 2167 mai

2274 2212 2370 2266 τὴν
2427 2207 2666 2283 Βέῥροιαν
2721 2212 2909 2279 χώρων
2972 2204 3161 2275 (ἐκεῖσε
3209 2211 3299 2257 καὶ
3357 2207 3460 2278 γὰρ
3524 2204 3781 2258 ἐποιεῖτο
3829 2180 3907 2263 τας

2279 2300 2493 2367 σκηνὰς)
2558 2300 2648 2349 καὶ
2726 2295 2811 2349 ἐπὶ
2856 2299 2950 2354 τὴν
3005 2295 3318 2366 Πελαγονὶαν
3362 2294 3623 2367 ὁρμῆσαι
3700 2293 3907 2347 κάκεῖσε

2279 2383 2748 2462 στρατοπεδεῦσαι.
2792 2386 3057 2446 Ὡσαύτως
3125 2385 3274 2436 καὶὸ
3333 2384 3538 2446 Ξυλέας
3598 2391 3909 2445 Excutiam;

2344 2445 2353 2462 .
3524 2445 3531 2446 κ
3811 2445 3821 2457 .

2278 2476 2360 2529 ἵνα
2383 2474 2514 2534 λάϐη
2547 2478 2605 2528 τὸ
2635 2474 2722 2528 ὑπ’
2753 2475 2907 2526 αὐτὸν
2958 2473 3095 2525 ἅπαν
3151 2492 3380 2548 στρατιω
3415 2476 3575 2525 τικὸν
3621 2477 3909 2544 σύνταγμα

2276 2565 2457 2636 (ἓκείνο
2477 2567 2578 2640 γὰρ
2608 2564 2798 2638 μᾶλλον
2843 2564 2915 2625 εἰς
2967 2562 3162 2625 πλῆθος
3219 2561 3514 2636 ἠρίθμητο)
3576 2566 3687 2614 καὶ
3749 2563 3912 2615 συνεῖ-

2279 2657 2451 2726 θοιτῷ
2473 2657 2720 2727 Λάσκαρι
2756 2652 2997 2726 Μιχαὴλ,
3028 2658 3119 2705 καὶ
3191 2654 3451 2725 ἡνωμένος
3512 2652 3566 2704 ἐν
3630 2660 3753 2713 τοῖς
3806 2658 3910 2724 περὶ

2277 2748 2370 2803 τὴν
2468 2744 2781 2816 Πελασγονίαν
2862 2746 3045 2817 μέρεσι
3128 2737 3743 2815 στρατοπεδεύσασθαι.
3838 2741 3906 2792 ἐδ

2276 2832 2526 2904 ἐπικαίρῳ
2609 2835 2710 2906 ’γὰρ
2788 2831 2851 2904 ᾖν
2903 2832 2930 2882 ὁ
2985 2836 3142 2890 τόπος
3197 2829 3281 2882 ἐπὶ
3328 2834 3424 2889 τὴν
3478 2838 3579 2881 τοῦ
3649 2827 3905 2884 eam

2276 2922 2500 2994 Μιχαὴλ
2524 2926 2614 2974 καὶ
2640 2920 2723 2973 ἐπὶ
2751 2924 2847 2978 τὴν
2901 2927 3005 2972 τῶν
3061 2917 3278 2992 Σέρϐων,
3339 2920 3412 2979 ὡς
3478 2919 3810 2991 ἐπυθόμεθα
3838 2920 3907 2970 ἐτι

2275 3015 2366 3061 καί
2447 3029 2591 3062 ουτοι
2676 3012 2979 3082 συμφώνους
3049 3007 3238 3079 λόγους
3295 3009 3422 3080 πρὸς
3480 3009 3572 3058 τὸν
3640 3002 3906 3062 δεσπότην

513 3124 587 3181 tis
602 3136 712 3196 pro
752 3132 919 3175 more
935 3113 1273 3172 dedissem:
1302 3114 1453 3166 nutu
1470 3120 1736 3178 namque
1766 3119 1902 3159 meo
1945 3102 2165 3159 similia
2193 3117 2236 3175 α
2276 3105 2369 3171 Mc;

2276 3098 2499 3171 Μιχαὴλ
2536 3097 2857 3155 ἐπεποίηντο.
2916 3095 3172 3155 Ἐκείνους
3386 3092 3479 3145 οὖν
3558 3091 3904 3167 ἐκπληρῶσαι

511 3180 720 3285 peragi
748 3208 1084 3279 injunctum
1097 3202 1291 3257 fuerat
1316 3197 1650 3264 ;ministros
1688 3193 1831 3248 item
1849 3196 1906 3246 et
1924 3190 2169 3263 publica
2276 3191 2343 3241 τὰ

2276 3191 2343 3241 τὰ
2406 3186 2784 3260 βεϐουλευμένα
2852 3187 3256 3256 ὑπεσχημένους
3315 3181 3623 3247 κατέλιπον,
3705 3184 3809 3254 ἐγὼ
3853 3180 3901 3234 δὲ

511 3268 926 3373 procurantes,
956 3307 1067 3348 nec
1108 3304 1231 3345 non
1259 3287 1540 3343 ductores
1569 3282 1937 3338 exercituum
1963 3279 2170 3351 praefe-
2279 3295 2369 3350 μετ

2279 3279 2407 3350 μετὰ
2432 3284 2524 3337 τῆς
2569 3275 2944 3349 προσηκούσης
3007 3274 3299 3346 ὑπηρεσιας
3345 3290 3446 3343 μου
3501 3275 3602 3328 τὴν
3668 3268 3899 3345 Ἀκρίδα

512 3358 761 3459 ctosque
778 3383 1042 3449 urbium,
1060 3384 1365 3449 utcunque
1378 3368 2167 3441 mihilibuissetpermutari.
2278 3385 2369 3418 κατ

2278 3364 2579 3433 κατέλαϐον,
2608 3367 2652 3417 εῖ
2669 3383 2779 3424 πως
2836 3362 2895 3413 ἂν
2961 3358 3241 3419 δυνηθείην
3297 3362 3362 3413 τὰ
3414 3368 3519 3412 τῶν
3579 3359 3896 3413 Ἀλϐανιτών

517 3446 714 3535 Satius
737 3474 939 3544 itaque
963 3446 1107 3525 duxi
1137 3446 1442 3522 Albanum
1503 3461 1674 3534 152
1729 3459 1893 3515 abire
1939 3459 2018 3514 ad
2058 3459 2174 3514 loci
2283 3452 2369 3508 διο

2283 3452 2706 3528 διορθώσασθαι.
2767 3450 3063 3525 Προῦλαϐον
3160 3446 3222 3502 δι
3295 3447 3673 3511 ἐξαποστεῖλαι
3736 3448 3819 3501 ἐπὶ
3845 3452 3893 3499 τὲ

515 3537 1021 3627 emendationem,
1077 3571 1187 3612 nec
1232 3569 1357 3610 non
1395 3556 1453 3608 et
1496 3548 1984 3619 cognoscendum
2025 3548 2173 3620 quid
2278 3542 2369 3598 Ἀ)

2278 3542 2528 3598 ’Λλϐανον
2552 3547 2638 3594 τὸν
2686 3541 2770 3594 ἐπὶ
2817 3548 2909 3600 τῆς
2967 3538 3248 3612 βασιλικῆς
3306 3537 3574 3613 τραπέζης
3632 3538 3894 3591 ’Ῑσαοὶκιοτ

517 3625 1166 3721 mensaeimperatoriaa
1215 3641 1535 3716 praefectus
1573 3637 1963 3711 praestitisset.
2020 3640 2172 3693 Praa-
2280 3637 2369 3686 τὸν

2280 3637 2369 3686 τὸν
2399 3637 2711 3704 Νεστόγγον,
2749 3630 2969 3702 ἔνταλμα
3010 3625 3134 3689 δοὺς
3198 3627 3336 3699 αὐτῷ
3399 3628 3515 3679 κατ’
3572 3628 3699 3689 ἔθος
3756 3647 3893 3701 περιρ

519 3742 741 3799 fectum
761 3714 1306 3807 mehsas,utipotui,
1339 3730 1575 3785 Albano
1607 3727 1785 3783 eduxi
1814 3741 1990 3795 :gens
2011 3727 2174 3781 enim
2282 3722 2369 3795 λαμ

2282 3721 2542 3795 λαμϐάνον
2572 3729 2664 3780 τῆς
2715 3721 2992 3791 ἡγεμονίας
3026 3715 3330 3791 περίληψιν.
3379 3714 3605 3788 ⁴Ὦριστό
3665 3736 3761 3789 μοι
3811 3723 3892 3768 καὶ

521 3830 941 3888 Albanitarum
966 3802 1441 3896 conjurationem
1481 3817 1738 3873 inierant
1793 3819 2015 3871 etcum
2069 3815 2173 3871 de-
2281 3813 2369 3886 γὰρ

2281 3813 2382 3886 γὰρ
2412 3809 2493 3862 ἐπ’
2522 3805 2699 3869 ἀδείας
2737 3810 2877 3879 ἓχέιν
2898 3826 2962 3879 με
3025 3813 3247 3859 τοιαῦτα
3309 3812 3492 3869 ποιεῖν,
3555 3802 3891 3878 ἐνεργοῦντας

521 3920 742 3977 fectore
754 3913 1030 3975 Michaele
1050 3893 1302 3984 despota
1315 3923 1426 3965 con
1434 3906 1752 3980 spirarant.
1773 3905 1920 3960 Cum
1936 3902 2176 3961 turbata
2281 3904 2369 3952 καὶ

2281 3904 2372 3952 καὶ
2434 3895 2675 3971 δημόσια
2739 3893 3220 3968 διαπραττομένους
3307 3897 3398 3945 καὶ
3481 3897 3889 3966 στρατευμάτων

522 4008 731 4068 omnia
763 4004 1213 4077 comperissem,
1261 3997 1469 4056 Debris
1511 3995 1830 4052 discedens
1884 3994 2174 4065 (namque
2282 4008 2369 4063 πρε

2282 3992 2694 4063 προϊσταμένους
2766 3990 2856 4037 καὶ
2920 3991 3109 4059 χωρῶν
3206 3985 3482 4055 ἠγεμονίαν
3540 3988 3890 4054 κατημένους

521 4099 725 4172 plures
743 4096 825 4152 ibi
844 4094 972 4150 dies
998 4106 1185 4166 quam
1215 4103 1370 4160 opus
1414 4091 1572 4141 esset
1617 4083 2013 4156 perstiteram)
2068 4097 2167 4137 un-

522 4188 705 4260 dique
753 4199 852 4240 me
931 4180 1208 4237 hostibus
1272 4173 1701 4241 ambientibus,
1732 4175 1966 4228 armata
1986 4186 2173 4225 manu

522 4246 848 4331 Achridam
874 4270 1041 4328 haud
1091 4266 1282 4324 multo
1345 4279 1483 4320 cum
1531 4261 1826 4318 famulatu
1872 4259 2174 4332 profectus
2281 4275 2369 4307 και

2281 4275 2373 4307 και
2402 4262 2492 4305 τοῦ
2523 4255 2704 4326 μαθεῖν
2735 4271 2799 4325 με
2827 4256 2879 4303 τί
2908 4250 2968 4302 ἂν
2996 4251 3021 4301 ὁ
3051 4248 3135 4301 ἐπί
3162 4254 3259 4311 τῆς
3290 4246 3579 4321 βασιλικῆς
3626 4254 3889 4322 τραπέζης

524 4378 684 4419 sum.
726 4360 929 4432 Ibique
961 4356 1165 4430 oppidi
1192 4352 1528 4411 custodiam
1615 4364 1842 4405 mensae
1894 4347 2174 4420 praefecto
2283 4363 2369 4397 1m

2283 4349 2580 4401 πεποίηκεν.
2651 4341 2909 4395 Ἀπελθὼν
2955 4346 3081 4412 ’γοῦν
3131 4342 3218 4391 τὸν
3256 4342 3347 4409 μὲν
3402 4336 3487 4390 ἆπί
3541 4344 3638 4399 τῆς
3697 4346 3889 4414 τραξ-

522 4425 919 4514 committens,
950 4425 1307 4516 et-Prespam
1335 4438 1679 4512 prasteriens
1712 4442 1768 4492 et
1795 4436 1962 4509 quod
1988 4436 2171 4506 vulgo
2211 4476 2255 4532 ο
2287 4434 2369 4495 ζηι

2287 4434 2353 4495 ζη
2365 4454 2404 4495 ς,
2435 4434 2609 4493 καθὼς
2638 4429 2697 4482 ἂν
2728 4426 2875 4501 εἶχον
2904 4427 3115 4500 ἰσχύος,
3154 4434 3246 4479 τοῦ
3303 4425 3554 4480 Ἀλϐάνου
3610 4425 3890 4501 Egi-7:702.

526 4538 998 4595 Siderocastrum
1022 4513 1257 4599 dicitur,
1280 4529 1580 4599 Prilapum
1610 4525 1878 4598 perveni,
1929 4530 1985 4581 et
2030 4530 2172 4581 tunc
2211 4513 2254 4532 ν
2287 4530 2369 4596 np

2287 4523 2635 4596 Προὺφθασαν
2679 4522 2780 4592 γὰρ
2828 4522 2887 4569 τὸ
2941 4526 3040 4569 τῶν
3105 4513 3416 4568 Ἀλϐανιτῶν
3469 4516 3633 4582 ἔθνος,
3694 4538 3790 4571 mu
3835 4522 3892 4571 τὰ

2282 3992 2694 4063 προϊσταμένους
2766 3990 2856 4037 καὶ
2920 3991 3109 4059 χωρῶν

2284 4076 2642 4129 ἀπαλλάττειν
2666 4077 2737 4136 ὡς
2766 4072 2825 4126 ἀν
2856 4071 3164 4146 βουλοίμην.
3205 4070 3431 4144 Εἰλόμην
3492 4070 3587 4122 οὖν
3657 4070 3888 4125 ἀπελθεῖν

2283 4164 2445 4218 ἕπὶτὸ
2465 4163 2721 4219 ’Ἄλϐανον
2774 4167 2865 4214 καὶ
2912 4170 3006 4223 τῆς
3027 4169 3123 4220 τῆς
3156 4166 3337 4232 χώρας
3364 4162 3521 4212 ἕνεκεν
3557 4155 3889 4231 διορθώσεως

523 4641 622 4684 me
642 4623 820 4681 veluti
835 4622 896 4677 in
923 4625 1165 4694 portum
1182 4614 1565 4688 tranquillum
1582 4618 1847 4669 ettutum
1874 4614 2173 4669 invectum

523 4730 655 4773 esse
678 4712 871 4770 rebar.
901 4709 1035 4768 Mihi
1052 4706 1237 4764 nihilo
1257 4705 1477 4767 minus,
1501 4703 1754 4775 aliisque
1797 4702 1903 4775 qui
1956 4718 2029 4758 ex
2067 4717 2173 4757 no-

525 4805 659 4863 stris
687 4802 913 4859 ibidem
928 4795 1512 4870 agebant,contraria
1523 4807 1790 4848 evenere.
1807 4791 2174 4863 Oppidorum

526 4894 686 4954 enim
711 4908 783 4948 ac
804 4887 1184 4946 castellorum
1213 4882 1622 4954 adjacentium
1640 4879 1883 4937 Michael
1911 4879 2175 4936 defector

526 4983 770 5047 Potitus,
798 4993 918 5035 uno
944 4983 999 5032 et
1026 4974 1155 5030 solo
1183 4972 1412 5045 Prilapo
1425 4969 1857 5026 destituebatur
1880 4984 1894 5036 ;
1917 4968 2174 5040 ideoque

525 5085 715 5143 quam
728 5064 1118 5141 cupidissime
1134 5060 1371 5119 adillud
1382 5056 1804 5131 occupandum
1819 5056 2137 5114 festinabat
2154 5075 2169 5114 :

525 5175 596 5216 eo
633 5159 853 5232 quippe
879 5156 1147 5217 subacto,
1179 5152 1307 5206 sine
1346 5148 1467 5203 ullo
1497 5144 1885 5202 incommodo
1929 5151 2173 5218 tutoque

521 5250 746 5307 circum
766 5248 923 5304 circa
951 5243 1070 5301 alia
1116 5243 1350 5315 poterat
1399 5249 1758 5309 expugnare.
1816 5237 2016 5306 Neque
2068 5235 2172 5290 diu

515 5342 656 5413 post
674 5353 787 5395 nos
806 5348 1050 5410 quoque
1079 5330 1341 5388 defector
1368 5324 1616 5382 Michael
1641 5339 1781 5379 cum
1835 5339 1946 5379 suo
2006 5339 2169 5380 exer-

2283 4619 2379 4672 τῆς
2427 4610 2708 4683 ἁνταρσίας
2762 4605 3241 4677 ἐκπεπληρώκασιν·
3292 4605 3510 4665 ἅπαντες
3555 4607 3667 4678 γὰρ
3719 4606 3893 4670 ξυνῇ.

2286 4702 2371 4753 θον
2407 4708 2480 4770 τῷ
2509 4697 2781 4769 ἀποστάτῃ
2815 4692 3046 4766 δεσπότῃ
3087 4691 3323 4765 Μιχαὴλ.
3356 4691 3499 4745 Ἐπεί
3551 4702 3687 4764 γοῦν
3744 4698 3889 4759 αὐτὸς

2284 4789 2451 4863 ἑώρων
2481 4790 2548 4840 τὰ
2598 4788 2769 4839 πάντα
2816 4789 3112 4856 κυκώμενα,
3163 4780 3218 4834 ἔκ
3281 4790 3382 4834 τῶν
3407 4780 3609 4856 Δεϐρῶν
3661 4782 3871 4859 ἀπάρας

2284 4877 2513 4944 (πλείους
2539 4879 2641 4951 γὰρ
2677 4874 2842 4927 ἐκεῖσε
2873 4875 3072 4946 ἡμέρας
3114 4872 3145 4931 ἦ
3198 4867 3305 4924 ἔδει
3372 4867 3626 4930 διήνυσα·
3686 4874 3773 4946 [Ρ.
3803 4876 3886 4950 79]

2281 4966 2451 5038 κύκλῳ
2515 4968 2613 5037 ’γὰρ
2671 4960 2815 5035 εἶχον
2889 4966 3011 5022 τοὺς
3089 4959 3391 5033 πολεμίους)
3475 4963 3613 5032 μετὰ
3666 4970 3888 5038 μετρίων

2281 5065 2431 5108 τινῶν
2482 5051 2683 5128 ἀνδρῶν
2736 5061 2834 5104 τῶν
2900 5049 3345 5122 ἑξυπηρετούντων
3402 5069 3493 5122 μοι
3555 5051 3679 5123 μεθ’
3731 5055 3888 5107 ὃπλων

2280 5144 2566 5216 κατείληφα
2610 5147 2703 5199 τὴν
2743 5137 2999 5214 Ἀχρίδα.
3080 5137 3301 5192 Κάκεῖσε
3363 5146 3491 5210 γοῦν
3533 5144 3626 5192 τὸν
3676 5138 3769 5195 ἐπὶ
3808 5152 3888 5202 τῆς

2281 5232 2543 5310 τραπέζης
2596 5230 2666 5292 εἰς
2734 5228 2957 5302 φυλακὴν
3026 5233 3119 5279 τοῦ
3187 5228 3421 5301 κάστρου
3473 5224 3652 5299 ἀφείς,
3708 5227 3887 5292 διαϐὰς

2280 5327 2374 5382 τὴν
2430 5324 2672 5395 Πρέσπαν
2750 5336 2841 5369 και
2910 5335 2969 5369 το
3029 5316 3164 5368 οὕτω
3255 5335 3363 5377 πως
3443 5313 3885 5395 ἓπονομαζομενςν

1408 5447 1754 5517 Theodori
1801 5447 2052 5517 Dousae
2100 5457 2168 5516 et
2211 5444 2460 5519 Leonis
2509 5441 2742 5511 Allatii
2788 5450 2993 5509 notas.

592 5566 707 5640 (46)
728 5565 1036 5622 Τοῦντεῦθεν
1064 5560 1133 5624 εἰς
1158 5559 1508 5614 ἀποστασίαν.
1537 5556 1849 5626 Gregoras,
1888 5554 1992 5612 lib.
2024 5570 2103 5623 IlI,
2136 5568 2197 5627 p.
2238 5552 2369 5626 56,j

2277 5557 2330 5622 6,
2352 5552 2561 5626 jejune
2602 5548 2958 5608 admodum.
3003 5546 3214 5604 Fusius
3254 5544 3730 5623 Pachymerius,
3782 5552 3876 5611 lib.

522 5655 567 5710 ι,
593 5654 649 5697 ο.
682 5643 771 5697 30.
802 5645 942 5695 ALL.
