3966 6324
25 371 228 429 1169

1635 362 1961 426 ANNALES
1973 404 1988 422 .

3327 371 3470 436 1170

23 514 144 550 τον
170 491 542 568 Παλαιολόγον
579 493 665 549 καὶ
703 492 754 550 οἱ
803 495 923 569 περὶ
980 492 1065 546 τὸν
1125 489 1400 569 Λάσκαριν
1456 495 1589 563 Μιχι

1895 487 2137 563 laeologo
2162 489 2221 547 et
2235 488 2514 549 Michaele
2528 489 2763 550 Lasoari
2793 492 2984 560 erant,
2997 490 3144 554 talia
3170 493 3461 562 tulerunt,

25 581 252 638 τοιάδε
309 585 650 641 πεπόνθασιν.
702 584 846 640 Ἐπεὶ
901 585 996 641 τὴν
1054 580 1193 636 λείαν
1252 578 1301 633 ἓν
1346 589 1408 654 τῇ
1469 577 1686 656 Βερῥοία

28 677 410 742 πεποίηνται,
439 679 558 749 περὶ
587 678 675 729 τόν
705 672 754 727 ἓν
815 669 1064 735 Βοδηνοῖς
1126 679 1304 746 χῶρον
1357 669 1682 742 ἔσκὴνωσαν,

35 763 269 838 ὁμαλόν
327 783 383 818 τε
438 767 562 818 ὄντα
612 767 702 818 καὶ
757 763 828 826 εἰς
882 767 1076 838 τροφὴν
1139 763 1306 814 ἳππων
1385 764 1680 836 χρήσιμον,

30 853 116 906 Ὀ
153 852 474 915 ἀποστάτης
501 849 560 908 δε
602 851 827 928 Μιχαὴλ
875 852 901 905 6
955 847 1221 913 δεσπότης
1289 850 1357 903 τὰ
1414 855 1503 901 τοῦ
1557 847 1682 901 Ῥω-

33 950 270 1016 μαὶκοῦ
341 945 732 1019 στρατεύματος
785 939 1013 1015 ἀκριϐῶς
1092 938 1342 1012 έγνωκὼς,
1437 941 1528 992 καὶ
1611 936 1684 998 εἰς

35 1032 268 1086 ὁπόσον
298 1039 454 1086 τοῦτο
484 1032 776 1108 ὴρίθμηται
813 1035 904 1083 καί
959 1032 1028 1094 ὡς
1075 1027 1208 1088 πλὴν
1249 1027 1432 1100 όλίγων
1471 1028 1532 1080 τό
1577 1031 1680 1080 πᾶν

38 1120 210 1177 ἔστιν
261 1119 508 1196 ἁνωφελὶς
584 1125 674 1174 καὶ
746 1118 1074 1194 ἁχρήσιμον,
1158 1117 1373 1190 ἐκλογὴν
1452 1117 1680 1175 ποιησά-

38 1231 220 1285 μενος
261 1210 366 1265 ἀπὸ
414 1213 608 1274 παντὸς
637 1211 797 1265 αὐτοῦ
851 1217 943 1264 τοῦ
995 1211 1384 1282 στρατεύματος
1434 1210 1522 1259 καὶ
1573 1207 1679 1259 οἷον

40 1301 117 1367 ἓξ
149 1302 400 1357 ἁπάντων
430 1306 554 1366 τούς
589 1305 853 1376 κρείττους
881 1305 1125 1377 χωρίσας
1172 1303 1262 1354 καὶ
1310 1301 1378 1362 ὡς
1433 1297 1501 1360 εἰς
1558 1316 1680 1350 πεν-

39 1398 354 1456 τακοσίους
395 1392 580 1455 αύτούς
644 1391 968 1468 ἀριθμήσας,
1033 1395 1123 1446 καὶ
1187 1391 1482 1462 στρατηγόν
1557 1407 1678 1460 χιι-

37 1488 253 1558 ροτονή
266 1481 364 1547 σάς
387 1486 474 1536 τόν
495 1483 642 1538 νόθον
673 1482 834 1535 αὐτοῦ
904 1483 1016 1534 υἱὸν
1067 1483 1154 1535 τὸν
1209 1475 1483 1553 Θεόδωρον
1540 1478 1676 1550 (51),

39 1575 202 1626 κατὰ
231 1580 328 1628 τού
357 1571 649 1646 Ῥωμαίκοῦ
699 1573 1090 1648 στρατεύματος
1140 1574 1426 1643 πέπομφεν.
1477 1566 1680 1640 Ἔτυχε

44 1660 124 1716 δὲ
155 1671 235 1734 τῷ
281 1665 400 1718 τότε
445 1667 536 1717 καὶ
587 1663 614 1715 6
654 1657 990 1737 Λαμπαρδᾶς
1041 1658 1289 1718 Μανουήλ
1331 1659 1460 1732 μετὰ
1503 1676 1676 1732 στρα-

40 1753 330 1825 τεύματος
361 1749 730 1829 συρφετώδους
777 1754 866 1805 καὶ
897 1746 1187 1823 ξύγκλυδος
1233 1751 1363 1822 πρὸς
1417 1753 1511 1801 τοῦ
1571 1745 1679 1820 βα-

1795 581 2052 639 Berrceee
2081 580 2290 639 omnia
2314 579 2645 656 depraedati
2663 581 2830 656 apud
2854 581 3126 642 Bodenos
3140 589 3340 643 castra
3368 586 3459 644 lo-

1797 674 1956 740 cant,
1985 669 2298 744 planitiem
2336 670 2590 727 fertilem
2613 669 2968 752 alendisque
2988 674 3159 751 equis
3185 677 3460 750 apprime

1793 760 2098 820 idoneam.
2161 759 2405 818 Michael
2461 760 2719 833 despota
2773 759 3039 818 defector
3118 765 3460 824 Romanum

1796 851 2066 921 militem,
2092 855 2356 926 quantus
2395 855 2568 915 esset,
2602 854 2658 908 et
2696 850 2856 909 illius
2903 866 3226 912 numerum
3278 856 3459 931 plane

1795 939 2042 1010 callens,
2072 956 2144 997 ex
2180 939 2415 1016 illisque
2446 944 2661 1013 prmter
2681 955 2910 1014 paucos
2939 941 3204 1015 reliquos
3246 959 3458 1002 omnes

1794 1045 1986 1103 neque
2011 1029 2148 1087 usui
2171 1045 2369 1106 neque
2398 1028 2501 1088 ulli
2529 1029 2693 1086 bono
2724 1045 2871 1101 esse,
2898 1045 2972 1087 ex
3012 1031 3290 1090 universo
3344 1050 3456 1092 suo

1793 1119 2056 1177 exercitu
2083 1118 2250 1176 electi
2271 1121 2326 1176 et
2354 1134 2427 1176 ex
2457 1119 2688 1175 cunctis
2718 1119 3167 1193 probatioribus
3215 1123 3457 1180 secretis

1793 1207 2101 1282 quingenti
2124 1223 2398 1276 numero,
2421 1207 2545 1265 ﬁlio
2573 1225 2682 1266 suo
2729 1207 2932 1283 spurio
2989 1209 3301 1268 Theodoro
3349 1212 3457 1268 du-

1793 1299 1953 1355 ctore
1979 1298 2299 1355 constituto
2321 1298 2381 1354 in
2412 1300 2714 1356 Romanas
2739 1298 3013 1355 cohortes
3038 1299 3319 1359 immittit.
3372 1304 3456 1361 Ea

1792 1385 1972 1444 etiam
2004 1389 2353 1460 tempestate
2384 1387 2615 1444 Manuel
2641 1387 3014 1462 Lampardas
3044 1403 3183 1448 cum
3230 1389 3453 1447 tumul.

1792 1475 1986 1534 tuario
2009 1491 2080 1531 ac
2092 1475 2404 1533 collectitio
2427 1476 2688 1534 exercitu
2711 1475 2788 1533 ab
2809 1477 3189 1550 imperatore,
3206 1483 3270 1536 ut
3311 1497 3450 1540 cum

1791 1563 1922 1621 aliis
1942 1564 2201 1622 ducibus
2230 1569 2682 1638 aggregaretur,
2715 1565 2981 1624 mittitur.
2999 1567 3110 1624 Sed
3127 1568 3290 1625 enim
3315 1569 3444 1642 ipse

1793 1668 1950 1722 aegre
1970 1653 2198 1712 ferebat
2234 1670 2336 1711 eos
2368 1655 2640 1728 praedam
2659 1655 3064 1730 praeripuisse,
3089 1657 3276 1715 semel
3295 1658 3446 1718 lucri

1790 1749 2095 1819 expertem
2112 1745 2302 1803 labori
2326 1761 2658 1819 superesse.
2683 1745 2924 1805 Interim
2953 1746 3101 1805 dum
3149 1748 3277 1806 haec
3293 1749 3447 1812 inter

45 1840 254 1905 σιλέως
291 1839 602 1906 ἀποσταλεὶς
654 1847 764 1904 τοῖς
816 1839 1108 1914 προσοῦσιν
1161 1840 1387 1912 ὴγεμόσι
1447 1843 1611 1910 συγκῦ

1888 1833 2201 1891 conferunt
2217 1835 2528 1909 copiarum
2559 1835 2858 1902 ductores,
2879 1834 3026 1894 viles
3072 1836 3443 1912 abjectzeque

41 1949 175 2003 σαι,
230 1935 324 1984 καὶ
374 1935 724 2005 κατεμέμφετο
782 1929 968 1991 αὐτοὺς
1020 1932 1089 1992 ὡς
1145 1925 1496 2002 προλαϐόντας
1586 1931 1678 1981 καὶ

42 2023 160 2078 τὴν
205 2018 348 2073 λείαν
401 2017 804 2094 ἐργασαμένους,
858 2017 1092 2073 κάκεῖνον
1158 2013 1218 2071 δε
1265 2017 1483 2090 ἄμοιρον
1530 2019 1676 2088 γενέ-

47 2110 197 2164 σθαι
223 2116 320 2164 τοῦ
349 2105 593 2184 κέρδους.
624 2109 707 2162 Ἐν
737 2110 812 2170 οἷς
863 2115 990 2181 γοῦν
1040 2109 1107 2162 τὰ
1158 2113 1379 2161 τοιαῦτα
1437 2125 1673 2179 συνωμι-

37 2198 248 2254 λοῦντο
291 2201 342 2253 οἱ
381 2205 472 2253 τοῦ
525 2200 917 2273 στρατεύματος
981 2200 1248 2273 ἡγεμόνες,
1311 2199 1371 2249 τὸ
1425 2196 1526 2248 ὑπὸ
1582 2197 1671 2248 τὸν

40 2285 402 2362 Λαμπαρδᾶν
431 2287 673 2348 Μανουὴλ
732 2283 1055 2364 συρφετώδες
1121 2287 1442 2362 στράτευμα,
1492 2283 1559 2337 ὧν
1621 2286 1671 2338 οἱ

39 2377 272 2442 πλείους
321 2377 623 2452 έπωχοῦντο
675 2377 902 2454 φορϐάσι
951 2382 1041 2432 καὶ
1119 2375 1264 2450 εἶχον
1342 2375 1505 2438 αὐτὰς
1602 2376 1671 2428 τὰ

34 2464 300 2541 χρειώδη
356 2470 790 2542 πεφορτισμὲνας,
840 2471 912 2540 μὴ
973 2473 1072 2519 τῶν
1153 2464 1318 2520 ἄλλων
1403 2467 1666 2538 ἡγεμόνων

38 2554 276 2611 εἰδότων
307 2559 517 2630 εἴχοντο
537 2565 634 2619 τῆς
662 2553 792 2610 ὁδοῦ
818 2565 914 2620 τῆς
945 2553 1380 2632 παραμειϐούσης
1420 2557 1478 2606 τό
1528 2554 1666 2607 ἄστυ

29 2653 151 2700 τῶν
206 2643 469 2716 Βοδηνῶν,
522 2649 609 2700 ἵνα
663 2649 911 2721 πρότερον
958 2653 1060 2700 τῶν
1134 2643 1299 2698 ἄλλων
1375 2639 1667 2704 διελθόντες

35 2735 196 2793 λείαν
235 2741 326 2790 καὶ
365 2736 510 2791 οὗτοι
561 2741 894 2796 ποιήσαιντο.
947 2737 1259 2796 Ξυνηντήκει
1309 2741 1435 2806 γοῦν
1489 2733 1666 2796 αὐτοῖς

39 2823 99 2878 έν
126 2833 191 2899 τῇ
225 2825 418 2882 κλείσει
446 2833 548 2880 τῶν
578 2825 626 2880 έν
655 2833 766 2889 τοῖς
796 2821 1048 2890 Βοδηνοῖς
1087 2824 1216 2901 ὀρῶν
1262 2827 1322 2878 τό
1377 2821 1663 2877 ἁποσταλὶν

42 2917 196 2989 πρὸς
248 2922 340 2972 τοῦ
393 2913 694 2970 ἀποστάτου
752 2914 979 2989 Μιχαὴλ
1031 2916 1335 2992 στράτευμα
1387 2916 1513 2988 πρός
1566 2915 1662 2972 τὴν

43 3011 158 3058 τῶν
219 3003 481 3077 Ῥωμαίων
524 3003 966 3078 καταπολέμησιν.
1031 3000 1253 3078 Ἀνδρες
1320 3008 1451 3075 γοῦν
1499 3020 1662 3078 στρα-

38 3100 245 3147 τιῶται
291 3100 516 3166 γενναῖοι
570 3093 874 3167 ύψαύχεσιν
934 3094 1113 3156 ἵπποις
1168 3091 1513 3167 ἐποχούμενοι
1569 3097 1660 3147 καὶ

1789 1924 2071 1985 Manuelis
2095 1925 2447 1999 Lampardte
2474 1925 2766 1984 cohortes.
2803 1940 2873 1982 ex
2915 1925 3137 2001 quibus
3176 1925 3445 2001 plerique

1787 2013 2132 2087 gregalibus
2175 2015 2345 2088 equis
2391 2031 2594 2072 rerum
2656 2014 3135 2076 necessariarum
3211 2017 3443 2078 onustis

1788 2104 2179 2174 vehebantur,
2210 2104 2411 2163 insciis
2438 2104 2569 2163 aliis
2599 2104 2856 2161 ducibus
2885 2104 3057 2172 inter,
3089 2105 3256 2178 quod
3283 2106 3441 2172 ultra

1787 2193 2163 2251 Bodenorum
2176 2193 2472 2268 oppidum
2493 2193 2946 2259 extendebatur,
2971 2195 3344 2267 continuant,
3377 2201 3444 2260 ut

1781 2283 1913 2341 aliis
1945 2285 2272 2343 anteversis
2317 2283 2434 2357 ipsi
2466 2299 2710 2362 quoque
2746 2283 3016 2358 prtadam
3057 2300 3440 2359 praeoccupa-

1779 2377 1930 2432 rent.
1947 2373 2061 2430 Illis
2089 2372 2334 2432 obviam
2352 2373 2418 2430 fit
2437 2375 2498 2432 in
2522 2373 2900 2432 Bodenorum
2940 2376 2982 2447 ι
2999 2375 3106 2447 57
3137 2375 3438 2439 montium

1777 2462 2054 2520 claustris
2078 2463 2375 2521 Michaelis
2397 2462 2712 2522 defectoris
2731 2477 2951 2532 agmen
2969 2464 3046 2521 ad
3076 2479 3322 2537 oppugn
3332 2479 3437 2526 an-

1777 2553 1891 2611 dos
1920 2557 2224 2611 Romanos
2255 2553 2700 2613 transmissum.
2740 2552 2942 2610 Milites
2968 2569 3109 2626 ergo
3133 2553 3312 2610 fortes
3360 2570 3435 2611 ac

1777 2644 2022 2711 strenui,
2064 2643 2335 2718 superbis
2379 2642 2552 2716 equis
2611 2642 2765 2700 vecti
2819 2645 2874 2699 et
2927 2643 3111 2699 armis
3164 2643 3432 2718 undique

1776 2734 1948 2808 septi,
1981 2734 2420 2790 homunciones
2460 2733 2720 2790 inermes
2771 2747 2841 2790 ac
2883 2733 3152 2808 putidos,
3198 2734 3433 2808 equulis

1774 2823 2124 2891 insidentes,
2139 2822 2306 2882 nulla
2317 2838 2488 2880 mora
2502 2838 2714 2879 omnes
2726 2827 2894 2894 terga
2920 2827 3146 2881 vertere
3161 2837 3431 2895 coegere.

1776 2915 1860 2969 Ex
1889 2912 1982 2968 his
2008 2911 2303 2982 nonnulli,
2335 2913 2442 2985 qui
2497 2912 2614 2969 sibi
2659 2911 2804 2983 fuga
2868 2911 3311 2985 consuluerant,
3355 2913 3435 2972 ad

1775 3001 2120 3061 Michaelem
2155 3003 2528 3060 Comnenum
2583 3001 2998 3069 concedentes,
3050 3017 3434 3076 quascunque

1777 3091 2118 3150 acciderant
2172 3095 2474 3148 enarrant.
2525 3090 2624 3148 Ille
2677 3105 2740 3148 re
2788 3089 3030 3149 insolita
3091 3093 3272 3168 atque
3320 3091 3434 3149 im-

38 3188 166 3245 τοῖς
215 3181 390 3246 ὅπλοις
433 3186 794 3258 κατάφρακτοι
851 3183 1238 3257 ἀνθρωπίσκοις
1313 3182 1604 3254 ξυντυχόντ

1865 3183 2022 3239 )visa
2041 3181 2289 3238 minime
2319 3184 2758 3252 consternatus,
2791 3181 2878 3238 vir
2929 3195 3118 3238 manu
3169 3179 3431 3249 validus,

37 3270 268 3334 ἀόπλοις
331 3276 420 3326 καὶ
472 3271 704 3346 ἀγεννέσι
753 3276 842 3327 καὶ
886 3271 1117 3336 θηλείαις
1167 3275 1342 3333 ἵπποις
1408 3269 1657 3345 ἐφεζομέ-

35 3381 162 3423 νοις
190 3359 239 3414 ἐν
274 3359 459 3436 ἀκαρεί
517 3365 715 3427 πάντᾶς
779 3361 1061 3439 ἐτρέψαντο
1115 3365 1354 3426 τούτους.
1417 3357 1657 3434 Φυγάδες

31 3457 176 3525 γοῦν
214 3453 338 3506 ἔνιοι
374 3452 430 3506 ἐκ
494 3456 686 3508 τούτων
749 3457 1074 3527 γεγενημένοι
1158 3457 1249 3506 καὶ
1344 3454 1476 3526 πρὸς
1563 3454 1654 3505 τόν

36 3543 318 3613 Κομνηνόν
373 3542 597 3615 Μιχαὴλ
655 3541 924 3616 ἀφιγμένοι
980 3540 1300 3615 ἀπήγγειλαν
1369 3549 1511 3612 αυτῷ
1585 3541 1655 3594 τὰ

36 3627 417 3703 ξυμϐάντα.”0
448 3627 508 3686 δε
541 3630 636 3685 οὐκ
693 3631 917 3708 ὶθροὴθη
967 3639 1038 3704 τῷ
1095 3627 1364 3704 αἰφνιδίῳ,
1425 3629 1653 3706 ἰσχυρὸς

38 3716 109 3774 δῖε
155 3718 220 3772 ὧν
249 3724 341 3779 τὴν
383 3727 546 3797 χεῖρα
596 3725 686 3774 καὶ
738 3725 834 3781 τὴν
886 3725 1096 3794 γνώμην
1154 3717 1391 3794 ἀνδρεῖος
1437 3724 1528 3773 καὶ
1584 3720 1653 3774 τὰ

36 3811 272 3885 μάχιμα
307 3811 545 3886 ἔμπειρος
605 3809 839 3884 (πολλοῖς
907 3812 1010 3885 γὰρ
1072 3814 1163 3865 καὶ⁵
1226 3813 1470 3884 πρότερον
1537 3816 1651 3872 τοῖς

35 3895 343 3972 πολεμικοῖς
371 3899 786 3974 έγγεγύμναστο)
827 3899 1096 3964 όπλισθεὶς
1154 3904 1246 3953 καὶ
1301 3895 1434 3975 δόρυ
1479 3897 1648 3952 λαϐὼν

37 3993 142 4044 καὶ
179 3991 238 4042 τὸ
273 3993 664 4063 στρατιωτικόν,
723 3990 845 4064 ὅπερ
885 3987 946 4049 ὴν
1012 3991 1112 4044 ύπό
1188 3993 1275 4043 τὸν
1372 3990 1646 4064 Λάσκαριν

1775 3275 1994 3331 natura
2029 3271 2218 3339 fortis,
2255 3270 2481 3328 militiae
2528 3285 2753 3342 magna
2805 3270 3054 3328 scientia
3121 3274 3178 3328 et
3225 3270 3429 3328 animo

1775 3361 2004 3433 ingenti
2045 3359 2313 3428 celebris,
2372 3364 2664 3433 tanquam
2701 3359 2807 3434 qui
2871 3362 2927 3416 et
2979 3361 3157 3418 antea
3206 3358 3426 3432 prmliis

1766 3454 2178 3517 consueverat,
2208 3453 2500 3518 armatus,
2525 3448 2706 3506 hasta
2739 3453 3000 3522 arrepta,
3055 3453 3113 3506 et
3157 3447 3420 3520 agmine,

1762 3541 1932 3615 quod
1979 3539 2223 3598 Michael
2263 3539 2534 3597 Lascaris
2598 3555 2631 3595 e
2677 3537 3087 3614 Paphlogonia
3141 3538 3418 3608 duxerat,

1763 3628 2206 3704 quinquaginta
2225 3631 2456 3685 tantum
2512 3627 2830 3684 hominum
2885 3627 3186 3684 conducto
3238 3627 3413 3700 (illud

1761 3734 2027 3792 namque
2047 3718 2243 3774 solum
2271 3732 2545 3791 pugnam
2577 3717 2870 3774 sustinere
2899 3716 2985 3774 uti
3013 3717 3240 3775 caeteris
3267 3733 3416 3789 prte-

1761 3809 2016 3866 stantius
2044 3808 2298 3882 poterat)
2326 3806 2388 3863 in
2411 3807 2616 3862 hostes
2645 3821 2816 3864 armo
2869 3811 3090 3866 movet.
3136 3807 3410 3864 Lascaris

1760 3897 2003 3958 Michael
2050 3913 2162 3971 pro
2216 3913 2328 3953 suo
2384 3911 2552 3954 more
2589 3911 2713 3953 non
2761 3895 2970 3960 lorica,
3002 3895 3108 3952 sed
3159 3895 3413 3954 loricula

1759 3986 2186 4052 circumdatus,
2218 3990 2284 4043 ut
2303 3984 2638 4058 expeditius
2683 3984 2745 4042 in
2771 3983 2980 4054 fugam
3007 4000 3138 4042 sese
3161 3984 3416 4054 conjice-

1756 4080 1866 4143 ret,
1899 4093 1932 4134 e
1958 4076 2142 4133 latere
2167 4090 2388 4148 pugnaa
2417 4077 2700 4132 eventum
2721 4075 3023 4132 observat.
3043 4077 3113 4131 At
3167 4076 3416 4132 Comne-

1755 4181 1872 4223 nus
1904 4163 2147 4223 Michael
2179 4163 2374 4237 primo
2403 4163 2670 4220 hostium
2725 4162 2971 4220 obviam
3018 4163 3210 4222 factus
3239 4162 3415 4224 hasta

1754 4270 2109 4329 percussum
2153 4251 2366 4324 sagulo
2404 4251 2582 4326 pellit.
2633 4255 2770 4310 Erat
2792 4253 2844 4309 is
2876 4267 3063 4327 quem
3117 4252 3412 4322 diximus,

39 4348 243 4420 μενον),
277 4347 412 4401 κατᾶ
442 4355 542 4400 τῶν
581 4345 818 4407 ἐναντίων
894 4349 1050 4420 ὁρμᾷ.
1131 4346 1192 4400 Ὀ
1235 4342 1296 4401 δε
1366 4346 1605 4414 Λάσκαρι

1845 4345 2048 4403 :haelis
2068 4343 2381 4401 defectoris
2408 4343 2563 4399 filius
2608 4343 2848 4417 spurius
2890 4343 3259 4414 Theodorus,
3306 4344 3411 4419 qui

37 4434 289 4508 Μιχαὴλ,
345 4437 414 4499 ὡς
469 4435 657 4505 εἰώθει,
721 4436 781 4491 ού
859 4437 1070 4511 θώρακα
1130 4435 1259 4490 ἄλλα
1325 4432 1603 4510 θωρακίδιι

1837 4452 1932 4492 )su
1953 4434 2298 4492 sublevatus
2327 4433 2592 4492 Michaeli
2631 4433 2936 4492 Comneno
2993 4435 3403 4509 supplicatum

38 4521 365 4592 ύπενδυθεὶς,
414 4528 479 4588 ὡς
526 4525 587 4579 ἂν
630 4529 749 4600 ἔχοι
789 4522 991 4602 ῥᾳδίως
1043 4527 1265 4599 φεύγειν,
1297 4524 1352 4578 έκ
1411 4525 1604 4598 πλαγίο

1843 4524 1935 4595 ait,
1975 4522 2302 4596 multisque
2340 4521 2538 4578 verbis
2579 4537 2656 4579 ne
2695 4522 2828 4579 neci
2866 4523 3198 4582 traderetur
3242 4523 3409 4584 eﬂla-

38 4623 150 4678 τῆς
178 4616 354 4688 μάχης
396 4613 458 4676 ἧν
501 4619 591 4670 καὶ
648 4614 858 4670 έσκόπιι
913 4619 973 4670 τὸ
1033 4619 1390 4690 γενησόμενον.
1440 4614 1500 4668 “Ο
1547 4618 1604 4688 μὶ

1841 4613 2003 4672 abat.
2040 4615 2190 4669 Eum
2232 4611 2476 4671 Michael
2512 4625 2710 4685 neque
2749 4613 3156 4684 cognoscebat
3203 4630 3405 4688 neque

39 4711 141 4759 όῦν
184 4707 438 4776 Κομνηνός
481 4703 704 4776 Μιχαὴλ
759 4712 833 4777 τῷ
881 4710 1098 4780 πρώτως
1143 4703 1407 4781 ἐρχομένῳ
1456 4704 1605 4769 ξυναν

1839 4704 1890 4760 is
1911 4707 2068 4760 esset
2088 4701 2566 4775 sciebat;quare
2593 4704 2796 4760 Turcm
2848 4703 3093 4761 cuidam
3149 4703 3403 4760 traditus

37 4799 215 4855 τήσας
253 4791 426 4866 βάλλει
471 4802 544 4866 τῷ
593 4789 779 4870 δόρατι
830 4799 920 4848 καὶ
967 4795 1144 4871 ῥίπτει
1198 4802 1294 4858 τῆς
1350 4791 1603 4871 εφετρίδος

1836 4793 2058 4852 ciditur.
2093 4791 2234 4850 Dein
2261 4791 2676 4864 Paphlagones
2726 4807 2946 4866 pugnae
2977 4793 3222 4850 comites
3262 4807 3402 4848 cum

36 4883 109 4945 ἦν
144 4879 203 4936 δε
235 4883 258 4935 6
291 4883 468 4958 ῥηθεὶς
521 4889 614 4937 τοῦ
671 4881 971 4938 ἁποστάτου
1040 4882 1265 4958 Μιχαὴλ
1327 4885 1472 4946 νόθος
1528 4885 1602 4936 υἱὲ

1831 4883 1992 4957 .iquis
2005 4882 2393 4954 conﬂigentes
2419 4883 2462 4953 ι
2479 4881 2594 4954 58
2611 4880 2764 4938 alius
2784 4881 2970 4939 alium
2992 4880 3397 4938 trucidebant:

37 4967 330 5046 Θεόδωρος.
359 4979 461 5026 Τοῦ
488 4977 764 5047 πτώματος
810 4981 933 5047 γοῦν
981 4973 1207 5038 ἀναστὰς
1257 4972 1408 5036 οὗτος
1463 4992 1603 5048 προσ

1833 4972 2116 5047 idemque
2159 4987 2367 5046 pugna
2415 4974 2683 5029 extrema
2725 4970 3026 5028 Michaelis
3076 4969 3399 5026 defectoris

37 5061 242 5138 έδραμε
265 5070 334 5135 τῷ
362 5069 608 5136 Κομνηνῷ
648 5062 890 5138 Μιχαὴλ,
942 5062 1026 5138 [Ρ.
1080 5062 1174 5138 8‘2]
1229 5067 1321 5118 καὶ
1373 5059 1603 5118 έδυσώπι

1836 5063 1964 5122 lites
1987 5061 2144 5133 fugas
2163 5078 2228 5120 se
2240 5061 2478 5131 dedere,
2495 5059 2790 5118 Michaelis
2813 5058 3102 5118 Comneni
3117 5058 3327 5130 viginti
3344 5064 3402 5117 et

35 4077 274 4151 Μιχαὴλ
309 4077 364 4132 έκ
402 4079 764 4152 Παφλαγονίας
813 4082 1112 4156 ὡρμημένον
1169 4083 1260 4133 καὶ
1322 4078 1394 4142 εἰς
1459 4082 1648 4136 πεντή-

33 4187 206 4222 κοντα
251 4164 448 4244 ἄνδρας
497 4169 848 4244 ἠριθμημένον
907 4171 1090 4241 (έκεῖνο
1146 4172 1234 4223 καὶ
1304 4170 1407 4243 γὰρ
1491 4170 1645 4240 μόνον

37 4257 302 4328 ἐτύγχανε
347 4264 448 4312 τῶν
496 4256 660 4311 ἄλλων
696 4264 925 4332 κρεῖττον
979 4263 1070 4312 καὶ
1117 4257 1412 4330 πολεμῆσαι
1477 4253 1644 4310 δυνά-

34 5215 117 5280 τῷ
155 5213 422 5295 στρατηγῷ
448 5213 541 5294 τοῦ
568 5205 868 5260 ἀποστάτου
900 5202 1158 5282 Θεοδώρῳ
1181 5205 1446 5295 συρρήξας
1472 5203 1654 5280 βάλλει
1675 5212 1854 5260 τοῦτον
1884 5212 1977 5259 τοῦ
2000 5206 2275 5295 ἰππουβαὶ
2300 5206 2470 5262 ἱκέτην
2507 5204 2656 5288 ὑπὲρ,
2688 5209 2780 5257 τοῦ
2829 5207 2903 5290 μὴ
2964 5203 3129 5289 θανεῖν
3158 5198 3400 5288 δὲχεται.

35 5271 416 5352 Ιίἀραδίδωσιν
443 5278 532 5331 οὖν
559 5281 992 5352 τοῦτονν-Τούρκῳ
1011 5271 1257 5351 magna?
1275 5271 1331 5341 ὃς
1366 5271 1643 5352 πεφόνευκε
1671 5285 1872 5352 τοῦτον.
1904 5283 2006 5332 Καὶ
2036 5276 2314 5352 ἐτρέψαντο
2354 5279 2476 5337 τοὺς
2505 5271 2613 5329 τοῦ
2635 5271 2956 5329 ἁποστάτου.
2987 5272 3110 5329 Εἶτα
3150 5271 3397 5350 ἀφίκοντο

34 5349 274 5429 πρόςτόν
304 5349 587 5424 Πρίλαπον,
613 5355 704 5405 καὶ
734 5349 915 5425 ὀλίγας
935 5349 1128 5427 ἡμέρας
1158 5349 1559 5426 προσμείναντες
1598 5349 1953 5426 ὑπέστρεψαν.

923 5527 1267 5598 Theodori
1315 5529 1567 5598 Dousae
1615 5536 1682 5597 et
1726 5527 1981 5600 Leonis
2029 5527 2268 5597 Allatii
2315 5532 2518 5595 notae.

119 5725 233 5800 (51)
261 5722 548 5806 Θεόδωρος.
575 5723 992 5802 Pachymeres,
1023 5741 1086 5802 p.
1125 5727 1218 5796 26,
1255 5729 1434 5788 vocat
1457 5724 1811 5799 Manuelem,
1839 5727 1975 5784 ALL.
