  <div class='ocr_page' id='page_1' title='image "/cluster/home/n/w/nwhite01/storage/ocr_20150623/140/pst.000005714568/632.png"; bbox 0 0 3966 6324; ppageno 0'>
   <div class='ocr_carea' id='block_1_1' title="bbox 110 328 266 422">
    <p class='ocr_par' dir='ltr' id='par_1_1' title="bbox 110 328 266 422">
     <span class='ocr_line' id='line_1_1' title="bbox 110 328 266 422; baseline 0.013 -2"><span class='ocrx_word' id='word_1_1' title='bbox 110 328 266 422; x_wconf 64' lang='lat' dir='ltr'>ilva</span> 
     </span>
    </p>
   </div>
   <div class='ocr_carea' id='block_1_2' title="bbox 1654 322 1999 425">
    <p class='ocr_par' dir='ltr' id='par_1_2' title="bbox 1654 322 1999 425">
     <span class='ocr_line' id='line_1_2' title="bbox 1654 322 1999 425; baseline 0.003 -3"><span class='ocrx_word' id='word_1_2' title='bbox 1654 322 1999 425; x_wconf 51' lang='lat' dir='ltr'>issit-Es.</span> 
     </span>
    </p>
   </div>
   <div class='ocr_carea' id='block_1_3' title="bbox 3354 324 3497 426">
    <p class='ocr_par' dir='ltr' id='par_1_3' title="bbox 3354 324 3497 426">
     <span class='ocr_line' id='line_1_3' title="bbox 3354 324 3497 426; baseline 0.014 -2"><span class='ocrx_word' id='word_1_3' title='bbox 3354 324 3497 426; x_wconf 57' lang='grc' dir='ltr'><em>λιτὶ</em></span> 
     </span>
    </p>
   </div>
   <div class='ocr_carea' id='block_1_4' title="bbox 115 458 1721 569">
    <p class='ocr_par' dir='ltr' id='par_1_4' title="bbox 115 466 1721 562">
     <span class='ocr_line' id='line_1_4' title="bbox 115 466 1721 562; baseline 0.001 -21"><span class='ocrx_word' id='word_1_4' title='bbox 115 489 473 562; x_wconf 76' lang='grc' dir='ltr'><em>σιτοφυλάκια</em></span> <span class='ocrx_word' id='word_1_5' title='bbox 519 484 841 558; x_wconf 74' lang='grc' dir='ltr'>ἀπάγουσιν.</span> <span class='ocrx_word' id='word_1_6' title='bbox 907 472 995 550; x_wconf 80' lang='grc' dir='ltr'>Ἐξ</span> <span class='ocrx_word' id='word_1_7' title='bbox 1042 470 1239 562; x_wconf 76' lang='grc' dir='ltr'><em>ἐρήμης</em></span> <span class='ocrx_word' id='word_1_8' title='bbox 1286 496 1413 560; x_wconf 84' lang='grc' dir='ltr'><em>γοῦν</em></span> <span class='ocrx_word' id='word_1_9' title='bbox 1452 488 1721 562; x_wconf 78' lang='grc' dir='ltr'><em>ἀνοίγουσι</em></span> 
     </span>
    </p>
   </div>
   <div class='ocr_carea' id='block_1_5' title="bbox 1874 458 3498 569">
    <p class='ocr_par' dir='ltr' id='par_1_5' title="bbox 1874 458 3498 569">
     <span class='ocr_line' id='line_1_5' title="bbox 1874 458 3498 569; baseline 0.002 -24"><span class='ocrx_word' id='word_1_10' title='bbox 1874 491 2080 547; x_wconf 84' lang='lat' dir='ltr'>.besset</span> <span class='ocrx_word' id='word_1_11' title='bbox 2114 488 2289 563; x_wconf 79' lang='lat'>160</span> <span class='ocrx_word' id='word_1_12' title='bbox 2329 492 2645 557; x_wconf 88' lang='lat' dir='ltr'>exercitus,</span> <span class='ocrx_word' id='word_1_13' title='bbox 2691 458 2897 564; x_wconf 78' lang='lat' dir='ltr'>portas</span> <span class='ocrx_word' id='word_1_14' title='bbox 2943 483 3238 566; x_wconf 86' lang='lat' dir='ltr'>aperiunt.</span> <span class='ocrx_word' id='word_1_15' title='bbox 3286 493 3498 569; x_wconf 87' lang='lat' dir='ltr'>Sicque</span> 
     </span>
    </p>
   </div>
   <div class='ocr_carea' id='block_1_6' title="bbox 109 575 1727 651">
    <p class='ocr_par' dir='ltr' id='par_1_6' title="bbox 109 575 1727 651">
     <span class='ocr_line' id='line_1_6' title="bbox 109 575 1727 651; baseline 0.001 -22"><span class='ocrx_word' id='word_1_16' title='bbox 109 579 218 639; x_wconf 77' lang='grc' dir='ltr'>τὰς</span> <span class='ocrx_word' id='word_1_17' title='bbox 280 577 445 639; x_wconf 77' lang='grc' dir='ltr'><em>πύλας</em></span> <span class='ocrx_word' id='word_1_18' title='bbox 508 576 556 628; x_wconf 85' lang='grc' dir='ltr'>οἱ</span> <span class='ocrx_word' id='word_1_19' title='bbox 607 582 775 627; x_wconf 83' lang='grc' dir='ltr'><em>ταῦτα</em></span> <span class='ocrx_word' id='word_1_20' title='bbox 849 575 1341 651; x_wconf 82' lang='grc' dir='ltr'><em>προμελετήσαντες.</em></span> <span class='ocrx_word' id='word_1_21' title='bbox 1428 583 1529 631; x_wconf 82' lang='grc' dir='ltr'>Καὶ</span> <span class='ocrx_word' id='word_1_22' title='bbox 1598 578 1727 631; x_wconf 83' lang='grc' dir='ltr'>ἑάλω</span> 
     </span>
    </p>
   </div>
   <div class='ocr_carea' id='block_1_7' title="bbox 113 663 1726 740">
    <p class='ocr_par' dir='ltr' id='par_1_7' title="bbox 113 663 1726 740">
     <span class='ocr_line' id='line_1_7' title="bbox 113 663 1726 740; baseline 0.001 -22"><span class='ocrx_word' id='word_1_23' title='bbox 113 667 262 718; x_wconf 81' lang='grc' dir='ltr'><em>οὕτω</em></span> <span class='ocrx_word' id='word_1_24' title='bbox 288 669 346 718; x_wconf 82' lang='grc' dir='ltr'>τὸ</span> <span class='ocrx_word' id='word_1_25' title='bbox 368 673 460 717; x_wconf 83' lang='grc' dir='ltr'>τοῦ</span> <span class='ocrx_word' id='word_1_26' title='bbox 488 663 757 739; x_wconf 90' lang='grc' dir='ltr'><em>Πριλάπου</em></span> <span class='ocrx_word' id='word_1_27' title='bbox 796 665 953 728; x_wconf 82' lang='grc' dir='ltr'><em>ἄστυ,</em></span> <span class='ocrx_word' id='word_1_28' title='bbox 998 664 1056 717; x_wconf 76' lang='grc' dir='ltr'><em>οὐ</em></span> <span class='ocrx_word' id='word_1_29' title='bbox 1085 666 1340 739; x_wconf 86' lang='grc' dir='ltr'><em>πολεμίων</em></span> <span class='ocrx_word' id='word_1_30' title='bbox 1401 665 1578 740; x_wconf 78' lang='grc' dir='ltr'><em>ἀρετῇ,</em></span> <span class='ocrx_word' id='word_1_31' title='bbox 1633 668 1726 720; x_wconf 76' lang='grc' dir='ltr'>οὐκ</span> 
     </span>
    </p>
   </div>
   <div class='ocr_carea' id='block_1_8' title="bbox 112 751 1726 830">
    <p class='ocr_par' dir='ltr' id='par_1_8' title="bbox 112 751 1726 830">
     <span class='ocr_line' id='line_1_8' title="bbox 112 751 1726 830; baseline 0.001 -25"><span class='ocrx_word' id='word_1_32' title='bbox 112 753 474 828; x_wconf 81' lang='grc' dir='ltr'><em>ἀνοχυρότητι</em></span> <span class='ocrx_word' id='word_1_33' title='bbox 509 757 690 817; x_wconf 86' lang='grc' dir='ltr'><em>τόπου,</em></span> <span class='ocrx_word' id='word_1_34' title='bbox 740 751 869 804; x_wconf 81' lang='grc' dir='ltr'><em>ἀλλὰ</em></span> <span class='ocrx_word' id='word_1_35' title='bbox 910 759 974 829; x_wconf 77' lang='grc' dir='ltr'>τῇ</span> <span class='ocrx_word' id='word_1_36' title='bbox 1004 761 1105 805; x_wconf 86' lang='grc' dir='ltr'><em>τῶν</em></span> <span class='ocrx_word' id='word_1_37' title='bbox 1162 753 1397 825; x_wconf 73' lang='grc' dir='ltr'><em>φυλάκων</em></span> <span class='ocrx_word' id='word_1_38' title='bbox 1444 753 1726 830; x_wconf 79' lang='grc' dir='ltr'><em>ἀϐελτηρίᾳ</em></span> 
     </span>
    </p>
   </div>
   <div class='ocr_carea' id='block_1_9' title="bbox 112 840 1724 917">
    <p class='ocr_par' dir='ltr' id='par_1_9' title="bbox 112 840 1724 917">
     <span class='ocr_line' id='line_1_9' title="bbox 112 840 1724 917; baseline 0.002 -23"><span class='ocrx_word' id='word_1_39' title='bbox 112 846 216 894; x_wconf 74' lang='grc' dir='ltr'><em>καὶ</em></span> <span class='ocrx_word' id='word_1_40' title='bbox 278 841 515 914; x_wconf 75' lang='grc' dir='ltr'><em>ἀπιστίᾳ.</em></span> <span class='ocrx_word' id='word_1_41' title='bbox 576 846 680 894; x_wconf 78' lang='grc' dir='ltr'>Καὶ</span> <span class='ocrx_word' id='word_1_42' title='bbox 736 842 888 914; x_wconf 82' lang='grc' dir='ltr'><em>ἡμεῖς</em></span> <span class='ocrx_word' id='word_1_43' title='bbox 941 841 1261 915; x_wconf 85' lang='grc' dir='ltr'><em>συνεάλωμεν</em></span> <span class='ocrx_word' id='word_1_44' title='bbox 1311 849 1401 895; x_wconf 82' lang='grc' dir='ltr'><em>καὶ</em></span> <span class='ocrx_word' id='word_1_45' title='bbox 1457 840 1724 917; x_wconf 79' lang='grc' dir='ltr'>δεσμῶται</span> 
     </span>
    </p>
   </div>
   <div class='ocr_carea' id='block_1_10' title="bbox 110 925 1725 1006">
    <p class='ocr_par' dir='ltr' id='par_1_10' title="bbox 110 925 1725 1006">
     <span class='ocr_line' id='line_1_10' title="bbox 110 925 1725 1006; baseline 0.002 -23"><span class='ocrx_word' id='word_1_46' title='bbox 110 935 427 1004; x_wconf 80' lang='grc' dir='ltr'><em>γεγόναμεν,</em></span> <span class='ocrx_word' id='word_1_47' title='bbox 493 925 634 982; x_wconf 71' lang='grc' dir='ltr'><em>Οὐδε</em></span> <span class='ocrx_word' id='word_1_48' title='bbox 670 932 772 1004; x_wconf 79' lang='grc' dir='ltr'><em>γὰρ</em></span> <span class='ocrx_word' id='word_1_49' title='bbox 822 933 1018 988; x_wconf 82' lang='grc' dir='ltr'><em>ὤνησεν</em></span> <span class='ocrx_word' id='word_1_50' title='bbox 1046 932 1182 1004; x_wconf 79' lang='grc' dir='ltr'><em>ἡμᾶς</em></span> <span class='ocrx_word' id='word_1_51' title='bbox 1244 936 1304 984; x_wconf 87' lang='grc' dir='ltr'>τὸ</span> <span class='ocrx_word' id='word_1_52' title='bbox 1360 941 1450 993; x_wconf 81' lang='grc' dir='ltr'><em>τῆς</em></span> <span class='ocrx_word' id='word_1_53' title='bbox 1504 931 1725 1006; x_wconf 79' lang='grc' dir='ltr'>ἀκροπό-</span> 
     </span>
    </p>
   </div>
   <div class='ocr_carea' id='block_1_11' title="bbox 110 1016 1722 1095">
    <p class='ocr_par' dir='ltr' id='par_1_11' title="bbox 110 1016 1722 1095">
     <span class='ocr_line' id='line_1_11' title="bbox 110 1016 1722 1095; baseline 0.002 -22"><span class='ocrx_word' id='word_1_54' title='bbox 110 1020 248 1083; x_wconf 70' lang='grc' dir='ltr'><em>λεως</em></span> <span class='ocrx_word' id='word_1_55' title='bbox 292 1022 535 1093; x_wconf 77' lang='grc' dir='ltr'><em>φρούριον</em></span> <span class='ocrx_word' id='word_1_56' title='bbox 568 1041 581 1053; x_wconf 92' lang='grc'><strong>·</strong></span> <span class='ocrx_word' id='word_1_57' title='bbox 613 1023 779 1092; x_wconf 80' lang='grc' dir='ltr'><em>πέτρα</em></span> <span class='ocrx_word' id='word_1_58' title='bbox 828 1022 930 1095; x_wconf 85' lang='grc' dir='ltr'><em>γὰρ</em></span> <span class='ocrx_word' id='word_1_59' title='bbox 976 1016 1060 1090; x_wconf 78' lang='grc' dir='ltr'>ἧν,</span> <span class='ocrx_word' id='word_1_60' title='bbox 1100 1024 1187 1072; x_wconf 81' lang='grc' dir='ltr'><em>καὶ</em></span> <span class='ocrx_word' id='word_1_61' title='bbox 1235 1020 1404 1080; x_wconf 80' lang='grc' dir='ltr'><em>ἁλωτὴ</em></span> <span class='ocrx_word' id='word_1_62' title='bbox 1457 1018 1722 1076; x_wconf 82' lang='grc' dir='ltr'><em>δεκαϐάθ-</em></span> 
     </span>
    </p>
   </div>
   <div class='ocr_carea' id='block_1_12' title="bbox 112 1108 1717 1184">
    <p class='ocr_par' dir='ltr' id='par_1_12' title="bbox 112 1108 1717 1184">
     <span class='ocr_line' id='line_1_12' title="bbox 112 1108 1717 1184; baseline 0.003 -23"><span class='ocrx_word' id='word_1_63' title='bbox 112 1130 206 1183; x_wconf 77' lang='grc' dir='ltr'>μω</span> <span class='ocrx_word' id='word_1_64' title='bbox 282 1110 519 1182; x_wconf 78' lang='grc' dir='ltr'>κλίμακι,</span> <span class='ocrx_word' id='word_1_65' title='bbox 594 1112 731 1184; x_wconf 82' lang='grc' dir='ltr'><em>εἴπερ</em></span> <span class='ocrx_word' id='word_1_66' title='bbox 808 1108 1030 1182; x_wconf 73' lang='grc' dir='ltr'><em>ἕπῄεσάν</em></span> <span class='ocrx_word' id='word_1_67' title='bbox 1118 1130 1247 1171; x_wconf 84' lang='grc' dir='ltr'><em>τινες</em></span> <span class='ocrx_word' id='word_1_68' title='bbox 1320 1110 1717 1184; x_wconf 82' lang='grc' dir='ltr'><em>πολεμήσοντες.</em></span> 
     </span>
    </p>
   </div>
   <div class='ocr_carea' id='block_1_13' title="bbox 111 1197 1723 1277">
    <p class='ocr_par' dir='ltr' id='par_1_13' title="bbox 111 1197 1723 1277">
     <span class='ocr_line' id='line_1_13' title="bbox 111 1197 1723 1277; baseline 0.001 -24"><span class='ocrx_word' id='word_1_69' title='bbox 111 1199 207 1253; x_wconf 85' lang='grc' dir='ltr'><em>Ἐν</em></span> <span class='ocrx_word' id='word_1_70' title='bbox 240 1200 386 1273; x_wconf 61' lang='lat' dir='ltr'>futui.</span> <span class='ocrx_word' id='word_1_71' title='bbox 429 1202 615 1261; x_wconf 76' lang='grc' dir='ltr'><em>νυκτὸς</em></span> <span class='ocrx_word' id='word_1_72' title='bbox 668 1200 718 1251; x_wconf 82' lang='grc' dir='ltr'>οἱ</span> <span class='ocrx_word' id='word_1_73' title='bbox 777 1197 1024 1252; x_wconf 78' lang='grc' dir='ltr'><em>τάναντία</em></span> <span class='ocrx_word' id='word_1_74' title='bbox 1084 1205 1429 1273; x_wconf 75' lang='grc' dir='ltr'>φρονήσαντες</span> <span class='ocrx_word' id='word_1_75' title='bbox 1482 1203 1723 1277; x_wconf 79' lang='grc' dir='ltr'>ἡμέτεροι</span> 
     </span>
    </p>
   </div>
   <div class='ocr_carea' id='block_1_14' title="bbox 115 1286 1721 1362">
    <p class='ocr_par' dir='ltr' id='par_1_14' title="bbox 115 1286 1721 1362">
     <span class='ocr_line' id='line_1_14' title="bbox 115 1286 1721 1362; baseline 0.002 -23"><span class='ocrx_word' id='word_1_76' title='bbox 115 1286 417 1361; x_wconf 74' lang='grc' dir='ltr'>ἐφορμῆσαι</span> <span class='ocrx_word' id='word_1_77' title='bbox 444 1288 563 1340; x_wconf 84' lang='grc' dir='ltr'><em>καθ’</em></span> <span class='ocrx_word' id='word_1_78' title='bbox 593 1289 740 1361; x_wconf 81' lang='grc' dir='ltr'><em>ἡμῶν</em></span> <span class='ocrx_word' id='word_1_79' title='bbox 783 1287 1152 1347; x_wconf 81' lang='grc' dir='ltr'><em>ἠϐουλήθησαν</em></span> <span class='ocrx_word' id='word_1_80' title='bbox 1205 1291 1270 1350; x_wconf 79' lang='grc' dir='ltr'><em>ὡς</em></span> <span class='ocrx_word' id='word_1_81' title='bbox 1309 1290 1447 1362; x_wconf 76' lang='grc' dir='ltr'><em>ἡμᾶς</em></span> <span class='ocrx_word' id='word_1_82' title='bbox 1498 1309 1553 1343; x_wconf 88' lang='grc' dir='ltr'><em>τε</em></span> <span class='ocrx_word' id='word_1_83' title='bbox 1587 1289 1721 1343; x_wconf 79' lang='grc' dir='ltr'>ἁπο-</span> 
     </span>
    </p>
   </div>
   <div class='ocr_carea' id='block_1_15' title="bbox 113 1375 1723 1449">
    <p class='ocr_par' dir='ltr' id='par_1_15' title="bbox 113 1375 1723 1449">
     <span class='ocr_line' id='line_1_15' title="bbox 113 1375 1723 1449; baseline 0.002 -20"><span class='ocrx_word' id='word_1_84' title='bbox 113 1384 312 1429; x_wconf 72' lang='grc' dir='ltr'><em>κτενεῖν</em></span> <span class='ocrx_word' id='word_1_85' title='bbox 362 1382 454 1429; x_wconf 80' lang='grc' dir='ltr'>καὶ</span> <span class='ocrx_word' id='word_1_86' title='bbox 519 1380 585 1429; x_wconf 82' lang='grc' dir='ltr'><em>τὰ</em></span> <span class='ocrx_word' id='word_1_87' title='bbox 659 1378 806 1449; x_wconf 79' lang='grc' dir='ltr'><em>ἡμῶν</em></span> <span class='ocrx_word' id='word_1_88' title='bbox 862 1376 1145 1440; x_wconf 80' lang='grc' dir='ltr'><em>ξυλλαϐεῖν.</em></span> <span class='ocrx_word' id='word_1_89' title='bbox 1223 1377 1365 1431; x_wconf 82' lang='grc' dir='ltr'><em>Ἐπεὶ</em></span> <span class='ocrx_word' id='word_1_90' title='bbox 1433 1375 1493 1432; x_wconf 73' lang='grc' dir='ltr'><em>δὲ</em></span> <span class='ocrx_word' id='word_1_91' title='bbox 1566 1380 1723 1441; x_wconf 70' lang='grc' dir='ltr'><em>αὐτὸς</em></span> 
     </span>
    </p>
   </div>
   <div class='ocr_carea' id='block_1_16' title="bbox 112 1465 1723 1541">
    <p class='ocr_par' dir='ltr' id='par_1_16' title="bbox 112 1465 1723 1541">
     <span class='ocr_line' id='line_1_16' title="bbox 112 1465 1723 1541; baseline 0.002 -23"><span class='ocrx_word' id='word_1_92' title='bbox 112 1470 276 1518; x_wconf 79' lang='grc' dir='ltr'><em>ταυτὶ</em></span> <span class='ocrx_word' id='word_1_93' title='bbox 340 1465 662 1538; x_wconf 76' lang='grc' dir='ltr'><em>ἐπεγνὼκειν,</em></span> <span class='ocrx_word' id='word_1_94' title='bbox 715 1470 833 1517; x_wconf 83' lang='grc' dir='ltr'><em>τότε</em></span> <span class='ocrx_word' id='word_1_95' title='bbox 913 1468 1002 1539; x_wconf 69' lang='grc' dir='ltr'><em>μὲν</em></span> <span class='ocrx_word' id='word_1_96' title='bbox 1088 1466 1302 1529; x_wconf 83' lang='grc' dir='ltr'><em>ἑαυτοὺς</em></span> <span class='ocrx_word' id='word_1_97' title='bbox 1365 1467 1723 1541; x_wconf 76' lang='grc' dir='ltr'><em>ἐφυλαξάμεθα</em></span> 
     </span>
    </p>
   </div>
   <div class='ocr_carea' id='block_1_17' title="bbox 107 1551 1721 1632">
    <p class='ocr_par' dir='ltr' id='par_1_17' title="bbox 107 1551 1721 1632">
     <span class='ocr_line' id='line_1_17' title="bbox 107 1551 1721 1632; baseline 0.001 -25"><span class='ocrx_word' id='word_1_98' title='bbox 107 1556 292 1617; x_wconf 73' lang='grc' dir='ltr'><em>καθὼς</em></span> <span class='ocrx_word' id='word_1_99' title='bbox 317 1552 377 1613; x_wconf 79' lang='grc' dir='ltr'><em>ἦν</em></span> <span class='ocrx_word' id='word_1_100' title='bbox 404 1556 531 1627; x_wconf 81' lang='grc' dir='ltr'><em>ἡμῖν</em></span> <span class='ocrx_word' id='word_1_101' title='bbox 576 1551 819 1622; x_wconf 81' lang='grc' dir='ltr'><em>δυνατὸν,</em></span> <span class='ocrx_word' id='word_1_102' title='bbox 870 1553 1244 1627; x_wconf 71' lang='grc' dir='ltr'>ἐπιλαμψάσης</span> <span class='ocrx_word' id='word_1_103' title='bbox 1288 1552 1348 1609; x_wconf 71' lang='grc' dir='ltr'><em>δὲ</em></span> <span class='ocrx_word' id='word_1_104' title='bbox 1399 1558 1596 1632; x_wconf 80' lang='grc' dir='ltr'><em>ἡμέρας</em></span> <span class='ocrx_word' id='word_1_105' title='bbox 1648 1565 1721 1628; x_wconf 86' lang='grc' dir='ltr'><em>τῷ</em></span> 
     </span>
    </p>
   </div>
   <div class='ocr_carea' id='block_1_18' title="bbox 110 1640 1721 1718">
    <p class='ocr_par' dir='ltr' id='par_1_18' title="bbox 110 1640 1721 1718">
     <span class='ocr_line' id='line_1_18' title="bbox 110 1640 1721 1718; baseline 0.001 -21"><span class='ocrx_word' id='word_1_106' title='bbox 110 1643 388 1718; x_wconf 70' lang='grc' dir='ltr'><em>ἀποστάτῃ</em></span> <span class='ocrx_word' id='word_1_107' title='bbox 436 1640 661 1715; x_wconf 71' lang='grc' dir='ltr'><em>Μιχαὴλ</em></span> <span class='ocrx_word' id='word_1_108' title='bbox 732 1644 803 1706; x_wconf 80' lang='grc' dir='ltr'><em>εἰς</em></span> <span class='ocrx_word' id='word_1_109' title='bbox 856 1644 1150 1718; x_wconf 79' lang='grc' dir='ltr'><em>ξυμφωνίας</em></span> <span class='ocrx_word' id='word_1_110' title='bbox 1201 1645 1468 1709; x_wconf 82' lang='grc' dir='ltr'><em>ξυνῆλθον.</em></span> <span class='ocrx_word' id='word_1_111' title='bbox 1537 1645 1721 1700; x_wconf 77' lang='grc' dir='ltr'><em>Κάκεῖ-</em></span> 
     </span>
    </p>
   </div>
   <div class='ocr_carea' id='block_1_19' title="bbox 105 1730 1721 1812">
    <p class='ocr_par' dir='ltr' id='par_1_19' title="bbox 105 1730 1721 1812">
     <span class='ocr_line' id='line_1_19' title="bbox 105 1730 1721 1812; baseline 0.003 -26"><span class='ocrx_word' id='word_1_112' title='bbox 105 1755 197 1796; x_wconf 77' lang='grc' dir='ltr'>νος</span> <span class='ocrx_word' id='word_1_113' title='bbox 387 1738 520 1809; x_wconf 85' lang='grc' dir='ltr'><em>πρὸς</em></span> <span class='ocrx_word' id='word_1_114' title='bbox 571 1736 709 1807; x_wconf 80' lang='grc' dir='ltr'><em>ἡμᾶς</em></span> <span class='ocrx_word' id='word_1_115' title='bbox 757 1730 983 1787; x_wconf 82' lang='grc' dir='ltr'><em>δέδωκεν</em></span> <span class='ocrx_word' id='word_1_116' title='bbox 1047 1737 1227 1810; x_wconf 81' lang='grc' dir='ltr'><em>ὅρκους</em></span> <span class='ocrx_word' id='word_1_117' title='bbox 1288 1734 1582 1812; x_wconf 84' lang='grc' dir='ltr'><em>ἐλευθέρους</em></span> <span class='ocrx_word' id='word_1_118' title='bbox 1630 1740 1721 1810; x_wconf 75' lang='grc' dir='ltr'>μεν</span> 
     </span>
    </p>
   </div>
   <div class='ocr_carea' id='block_1_20' title="bbox 1838 579 3495 652">
    <p class='ocr_par' dir='ltr' id='par_1_20' title="bbox 1838 579 3495 652">
     <span class='ocr_line' id='line_1_20' title="bbox 1838 579 3495 652; baseline 0.002 -16"><span class='ocrx_word' id='word_1_119' title='bbox 1838 579 2056 652; x_wconf 87' lang='lat' dir='ltr'>Prilapi</span> <span class='ocrx_word' id='word_1_120' title='bbox 2100 579 2396 652; x_wconf 87' lang='lat' dir='ltr'>oppidum</span> <span class='ocrx_word' id='word_1_121' title='bbox 2443 595 2567 635; x_wconf 90' lang='lat' dir='ltr'>non</span> <span class='ocrx_word' id='word_1_122' title='bbox 2606 580 2821 638; x_wconf 89' lang='lat' dir='ltr'>virtute</span> <span class='ocrx_word' id='word_1_123' title='bbox 2879 581 3164 651; x_wconf 88' lang='lat' dir='ltr'>hostium,</span> <span class='ocrx_word' id='word_1_124' title='bbox 3218 597 3343 639; x_wconf 91' lang='lat' dir='ltr'>non</span> <span class='ocrx_word' id='word_1_125' title='bbox 3380 582 3495 639; x_wconf 92' lang='lat' dir='ltr'>loci</span> 
     </span>
    </p>
   </div>
   <div class='ocr_carea' id='block_1_21' title="bbox 1836 667 3493 743">
    <p class='ocr_par' dir='ltr' id='par_1_21' title="bbox 1836 667 3493 743">
     <span class='ocr_line' id='line_1_21' title="bbox 1836 667 3493 743; baseline 0.004 -20"><span class='ocrx_word' id='word_1_126' title='bbox 1836 667 2259 734; x_wconf 83' lang='lat' dir='ltr'>imbecillitate,</span> <span class='ocrx_word' id='word_1_127' title='bbox 2302 667 2407 722; x_wconf 92' lang='lat' dir='ltr'>sed</span> <span class='ocrx_word' id='word_1_128' title='bbox 2438 668 2760 725; x_wconf 81' lang='lat' dir='ltr'>custodum</span> <span class='ocrx_word' id='word_1_129' title='bbox 2796 669 3072 726; x_wconf 89' lang='lat' dir='ltr'>socordia</span> <span class='ocrx_word' id='word_1_130' title='bbox 3114 685 3186 726; x_wconf 91' lang='lat' dir='ltr'>ac</span> <span class='ocrx_word' id='word_1_131' title='bbox 3238 670 3493 743; x_wconf 89' lang='lat' dir='ltr'>perﬁdia</span> 
     </span>
    </p>
   </div>
   <div class='ocr_carea' id='block_1_22' title="bbox 1835 758 3490 830">
    <p class='ocr_par' dir='ltr' id='par_1_22' title="bbox 1835 758 3490 830">
     <span class='ocr_line' id='line_1_22' title="bbox 1835 758 3490 830; baseline 0.002 -18"><span class='ocrx_word' id='word_1_132' title='bbox 1835 764 2079 830; x_wconf 88' lang='lat' dir='ltr'>captum</span> <span class='ocrx_word' id='word_1_133' title='bbox 2109 762 2214 827; x_wconf 88' lang='lat' dir='ltr'>est,</span> <span class='ocrx_word' id='word_1_134' title='bbox 2262 761 2321 812; x_wconf 90' lang='lat' dir='ltr'>et</span> <span class='ocrx_word' id='word_1_135' title='bbox 2373 771 2484 811; x_wconf 93' lang='lat' dir='ltr'>nos</span> <span class='ocrx_word' id='word_1_136' title='bbox 2533 772 2656 812; x_wconf 90' lang='lat' dir='ltr'>una</span> <span class='ocrx_word' id='word_1_137' title='bbox 2694 774 2833 813; x_wconf 92' lang='lat' dir='ltr'>cum</span> <span class='ocrx_word' id='word_1_138' title='bbox 2889 763 3043 826; x_wconf 91' lang='lat' dir='ltr'>eo,et</span> <span class='ocrx_word' id='word_1_139' title='bbox 3095 758 3344 814; x_wconf 88' lang='lat' dir='ltr'>vinculis</span> <span class='ocrx_word' id='word_1_140' title='bbox 3375 764 3490 816; x_wconf 88' lang='lat' dir='ltr'>tra-</span> 
     </span>
    </p>
   </div>
   <div class='ocr_carea' id='block_1_23' title="bbox 1833 845 3484 919">
    <p class='ocr_par' dir='ltr' id='par_1_23' title="bbox 1833 845 3484 919">
     <span class='ocr_line' id='line_1_23' title="bbox 1833 845 3484 919; baseline 0.002 -17"><span class='ocrx_word' id='word_1_141' title='bbox 1833 847 2034 902; x_wconf 91' lang='lat' dir='ltr'>dimur</span> <span class='ocrx_word' id='word_1_142' title='bbox 2053 859 2076 918; x_wconf 87' lang='lat'>,&#39;</span> <span class='ocrx_word' id='word_1_143' title='bbox 2093 845 2313 919; x_wconf 88' lang='lat' dir='ltr'>quibus</span> <span class='ocrx_word' id='word_1_144' title='bbox 2336 861 2446 902; x_wconf 91' lang='lat' dir='ltr'>nec</span> <span class='ocrx_word' id='word_1_145' title='bbox 2462 846 2616 902; x_wconf 89' lang='lat' dir='ltr'>arcis</span> <span class='ocrx_word' id='word_1_146' title='bbox 2638 845 2950 903; x_wconf 86' lang='lat' dir='ltr'>castellum</span> <span class='ocrx_word' id='word_1_147' title='bbox 2973 848 3198 919; x_wconf 89' lang='lat' dir='ltr'>profuit</span> <span class='ocrx_word' id='word_1_148' title='bbox 3223 865 3236 902; x_wconf 91' lang='lat'>:</span> <span class='ocrx_word' id='word_1_149' title='bbox 3269 864 3484 906; x_wconf 88' lang='lat' dir='ltr'>saxum</span> 
     </span>
    </p>
   </div>
   <div class='ocr_carea' id='block_1_24' title="bbox 1830 935 3482 1010">
    <p class='ocr_par' dir='ltr' id='par_1_24' title="bbox 1830 935 3482 1010">
     <span class='ocr_line' id='line_1_24' title="bbox 1830 935 3482 1010; baseline 0.002 -18"><span class='ocrx_word' id='word_1_150' title='bbox 1830 951 2097 1008; x_wconf 87' lang='lat' dir='ltr'>namque</span> <span class='ocrx_word' id='word_1_151' title='bbox 2153 942 2299 1001; x_wconf 78' lang='lat' dir='ltr'>erat,</span> <span class='ocrx_word' id='word_1_152' title='bbox 2348 940 2405 991; x_wconf 90' lang='lat' dir='ltr'>et</span> <span class='ocrx_word' id='word_1_153' title='bbox 2460 940 2811 1006; x_wconf 86' lang='lat' dir='ltr'>expugnatu</span> <span class='ocrx_word' id='word_1_154' title='bbox 2865 935 3215 1005; x_wconf 89' lang='lat' dir='ltr'>facilimum,</span> <span class='ocrx_word' id='word_1_155' title='bbox 3249 938 3298 992; x_wconf 89' lang='lat' dir='ltr'>si</span> <span class='ocrx_word' id='word_1_156' title='bbox 3345 938 3482 1010; x_wconf 89' lang='lat' dir='ltr'>quis</span> 
     </span>
    </p>
   </div>
   <div class='ocr_carea' id='block_1_25' title="bbox 1830 1022 3482 1095">
    <p class='ocr_par' dir='ltr' id='par_1_25' title="bbox 1830 1022 3482 1095">
     <span class='ocr_line' id='line_1_25' title="bbox 1830 1022 3482 1095; baseline 0.001 -15"><span class='ocrx_word' id='word_1_157' title='bbox 1830 1024 2040 1081; x_wconf 89' lang='lat' dir='ltr'>decem</span> <span class='ocrx_word' id='word_1_158' title='bbox 2093 1024 2391 1095; x_wconf 89' lang='lat' dir='ltr'>graduum</span> <span class='ocrx_word' id='word_1_159' title='bbox 2441 1022 2602 1080; x_wconf 90' lang='lat' dir='ltr'>scala</span> <span class='ocrx_word' id='word_1_160' title='bbox 2646 1023 2793 1080; x_wconf 92' lang='lat' dir='ltr'>illud</span> <span class='ocrx_word' id='word_1_161' title='bbox 2833 1024 3080 1081; x_wconf 87' lang='lat' dir='ltr'>adortus</span> <span class='ocrx_word' id='word_1_162' title='bbox 3129 1025 3354 1081; x_wconf 84' lang='lat' dir='ltr'>fuisset.</span> <span class='ocrx_word' id='word_1_163' title='bbox 3415 1027 3482 1088; x_wconf 88' lang='lat' dir='ltr'>In</span> 
     </span>
    </p>
   </div>
   <div class='ocr_carea' id='block_1_26' title="bbox 1829 1112 3510 1188">
    <p class='ocr_par' dir='ltr' id='par_1_26' title="bbox 1829 1112 3510 1188">
     <span class='ocr_line' id='line_1_26' title="bbox 1829 1112 3510 1188; baseline 0.001 -19"><span class='ocrx_word' id='word_1_164' title='bbox 1829 1114 1996 1188; x_wconf 88' lang='lat' dir='ltr'>quod</span> <span class='ocrx_word' id='word_1_165' title='bbox 2028 1121 2228 1179; x_wconf 85' lang='lat' dir='ltr'>noctu,</span> <span class='ocrx_word' id='word_1_166' title='bbox 2259 1113 2364 1185; x_wconf 87' lang='lat' dir='ltr'>qui</span> <span class='ocrx_word' id='word_1_167' title='bbox 2398 1129 2471 1168; x_wconf 92' lang='lat' dir='ltr'>ex</span> <span class='ocrx_word' id='word_1_168' title='bbox 2509 1113 2725 1169; x_wconf 88' lang='lat' dir='ltr'>nostris</span> <span class='ocrx_word' id='word_1_169' title='bbox 2753 1114 3039 1171; x_wconf 90' lang='lat' dir='ltr'>adversus</span> <span class='ocrx_word' id='word_1_170' title='bbox 3075 1130 3189 1171; x_wconf 91' lang='lat' dir='ltr'>nos</span> <span class='ocrx_word' id='word_1_171' title='bbox 3242 1112 3510 1171; x_wconf 87' lang='lat' dir='ltr'>hostilia-</span> 
     </span>
    </p>
   </div>
   <div class='ocr_carea' id='block_1_27' title="bbox 1829 1200 3483 1279">
    <p class='ocr_par' dir='ltr' id='par_1_27' title="bbox 1829 1200 3483 1279">
     <span class='ocr_line' id='line_1_27' title="bbox 1829 1200 3483 1279; baseline 0.001 -21"><span class='ocrx_word' id='word_1_172' title='bbox 1829 1202 2171 1265; x_wconf 86' lang='lat' dir='ltr'>induerant,</span> <span class='ocrx_word' id='word_1_173' title='bbox 2189 1201 2266 1258; x_wconf 93' lang='lat' dir='ltr'>ad</span> <span class='ocrx_word' id='word_1_174' title='bbox 2283 1217 2392 1256; x_wconf 91' lang='lat' dir='ltr'>nos</span> <span class='ocrx_word' id='word_1_175' title='bbox 2406 1200 2835 1258; x_wconf 90' lang='lat' dir='ltr'>interimendos</span> <span class='ocrx_word' id='word_1_176' title='bbox 2854 1208 3181 1279; x_wconf 89' lang='lat' dir='ltr'>nostraque</span> <span class='ocrx_word' id='word_1_177' title='bbox 3191 1201 3483 1275; x_wconf 89' lang='lat' dir='ltr'>rapienda</span> 
     </span>
    </p>
   </div>
   <div class='ocr_carea' id='block_1_28' title="bbox 1829 1289 3478 1367">
    <p class='ocr_par' dir='ltr' id='par_1_28' title="bbox 1829 1289 3478 1367">
     <span class='ocr_line' id='line_1_28' title="bbox 1829 1289 3478 1367; baseline 0 -19"><span class='ocrx_word' id='word_1_178' title='bbox 1829 1292 2105 1364; x_wconf 83' lang='lat' dir='ltr'>ingruere</span> <span class='ocrx_word' id='word_1_179' title='bbox 2146 1291 2415 1347; x_wconf 90' lang='lat' dir='ltr'>animum</span> <span class='ocrx_word' id='word_1_180' title='bbox 2474 1289 2857 1347; x_wconf 86' lang='lat' dir='ltr'>induxerant.</span> <span class='ocrx_word' id='word_1_181' title='bbox 2902 1294 3034 1348; x_wconf 66' lang='lat' dir='ltr'>Hanc</span> <span class='ocrx_word' id='word_1_182' title='bbox 3090 1291 3284 1348; x_wconf 90' lang='lat' dir='ltr'>edocti</span> <span class='ocrx_word' id='word_1_183' title='bbox 3327 1296 3478 1367; x_wconf 89' lang='lat' dir='ltr'>tum,</span> 
     </span>
    </p>
   </div>
   <div class='ocr_carea' id='block_1_29' title="bbox 1830 1379 3485 1447">
    <p class='ocr_par' dir='ltr' id='par_1_29' title="bbox 1830 1379 3485 1447">
     <span class='ocr_line' id='line_1_29' title="bbox 1830 1379 3485 1447; baseline 0.002 -13"><span class='ocrx_word' id='word_1_184' title='bbox 1830 1381 1914 1435; x_wconf 89' lang='lat' dir='ltr'>uti</span> <span class='ocrx_word' id='word_1_185' title='bbox 1945 1379 2100 1435; x_wconf 90' lang='lat' dir='ltr'>vires</span> <span class='ocrx_word' id='word_1_186' title='bbox 2132 1384 2571 1447; x_wconf 84' lang='lat' dir='ltr'>concesserant,</span> <span class='ocrx_word' id='word_1_187' title='bbox 2604 1396 2716 1436; x_wconf 90' lang='lat' dir='ltr'>nos</span> <span class='ocrx_word' id='word_1_188' title='bbox 2754 1379 3207 1437; x_wconf 90' lang='lat' dir='ltr'>custodivimus.</span> <span class='ocrx_word' id='word_1_189' title='bbox 3240 1380 3354 1438; x_wconf 91' lang='lat' dir='ltr'>Sed</span> <span class='ocrx_word' id='word_1_190' title='bbox 3378 1379 3485 1437; x_wconf 90' lang='lat' dir='ltr'>ubi</span> 
     </span>
    </p>
   </div>
   <div class='ocr_carea' id='block_1_30' title="bbox 1829 1467 3486 1542">
    <p class='ocr_par' dir='ltr' id='par_1_30' title="bbox 1829 1467 3486 1542">
     <span class='ocr_line' id='line_1_30' title="bbox 1829 1467 3486 1542; baseline -0.001 -18"><span class='ocrx_word' id='word_1_191' title='bbox 1829 1468 1957 1524; x_wconf 91' lang='lat' dir='ltr'>dies</span> <span class='ocrx_word' id='word_1_192' title='bbox 2002 1470 2201 1542; x_wconf 76' lang='lat' dir='ltr'>coepit,</span> <span class='ocrx_word' id='word_1_193' title='bbox 2235 1484 2373 1523; x_wconf 92' lang='lat' dir='ltr'>cum</span> <span class='ocrx_word' id='word_1_194' title='bbox 2422 1467 2699 1525; x_wconf 82' lang='lat' dir='ltr'>Michaele</span> <span class='ocrx_word' id='word_1_195' title='bbox 2738 1467 3034 1525; x_wconf 87' lang='lat' dir='ltr'>defectore</span> <span class='ocrx_word' id='word_1_196' title='bbox 3071 1469 3150 1526; x_wconf 88' lang='lat' dir='ltr'>ad</span> <span class='ocrx_word' id='word_1_197' title='bbox 3176 1469 3486 1542; x_wconf 87' lang='lat' dir='ltr'>pactiones</span> 
     </span>
    </p>
   </div>
   <div class='ocr_carea' id='block_1_31' title="bbox 1827 1548 3486 1628">
    <p class='ocr_par' dir='ltr' id='par_1_31' title="bbox 1827 1548 3486 1628">
     <span class='ocr_line' id='line_1_31' title="bbox 1827 1548 3486 1628; baseline 0 -14"><span class='ocrx_word' id='word_1_198' title='bbox 1827 1558 2021 1614; x_wconf 90' lang='lat' dir='ltr'>venio.</span> <span class='ocrx_word' id='word_1_199' title='bbox 2051 1556 2149 1613; x_wconf 86' lang='lat' dir='ltr'>Ille</span> <span class='ocrx_word' id='word_1_200' title='bbox 2173 1558 2350 1613; x_wconf 88' lang='lat' dir='ltr'>etiam</span> <span class='ocrx_word' id='word_1_201' title='bbox 2377 1556 2776 1628; x_wconf 85' lang='lat' dir='ltr'>jurejurando</span> <span class='ocrx_word' id='word_1_202' title='bbox 2808 1574 2872 1613; x_wconf 90' lang='lat' dir='ltr'>se</span> <span class='ocrx_word' id='word_1_203' title='bbox 2903 1557 3279 1628; x_wconf 86' lang='lat' dir='ltr'>obligaverat</span> <span class='ocrx_word' id='word_1_204' title='bbox 3307 1548 3418 1615; x_wconf 86' lang='lat' dir='ltr'>nos</span> <span class='ocrx_word' id='word_1_205' title='bbox 3447 1571 3486 1614; x_wconf 91' lang='lat' dir='ltr'>a</span> 
     </span>
    </p>
   </div>
   <div class='ocr_carea' id='block_1_32' title="bbox 1828 1645 3485 1718">
    <p class='ocr_par' dir='ltr' id='par_1_32' title="bbox 1828 1645 3485 1718">
     <span class='ocr_line' id='line_1_32' title="bbox 1828 1645 3485 1718; baseline 0.001 -16"><span class='ocrx_word' id='word_1_206' title='bbox 1828 1662 1990 1703; x_wconf 85' lang='lat' dir='ltr'>noxa</span> <span class='ocrx_word' id='word_1_207' title='bbox 2004 1646 2307 1702; x_wconf 90' lang='lat' dir='ltr'>immunes</span> <span class='ocrx_word' id='word_1_208' title='bbox 2332 1651 2390 1701; x_wconf 90' lang='lat' dir='ltr'>et</span> <span class='ocrx_word' id='word_1_209' title='bbox 2410 1661 2549 1701; x_wconf 88' lang='lat' dir='ltr'>cum</span> <span class='ocrx_word' id='word_1_210' title='bbox 2560 1662 2622 1701; x_wconf 91' lang='lat' dir='ltr'>re</span> <span class='ocrx_word' id='word_1_211' title='bbox 2636 1645 2914 1702; x_wconf 87' lang='lat' dir='ltr'>familiari</span> <span class='ocrx_word' id='word_1_212' title='bbox 2923 1662 3033 1718; x_wconf 92' lang='lat' dir='ltr'>pro</span> <span class='ocrx_word' id='word_1_213' title='bbox 3043 1645 3272 1703; x_wconf 88' lang='lat' dir='ltr'>viribus</span> <span class='ocrx_word' id='word_1_214' title='bbox 3286 1646 3485 1704; x_wconf 86' lang='lat' dir='ltr'>salvos</span> 
     </span>
    </p>
   </div>
   <div class='ocr_carea' id='block_1_33' title="bbox 1830 1733 3480 1808">
    <p class='ocr_par' dir='ltr' id='par_1_33' title="bbox 1830 1733 3480 1808">
     <span class='ocr_line' id='line_1_33' title="bbox 1830 1733 3480 1808; baseline 0.001 -18"><span class='ocrx_word' id='word_1_215' title='bbox 1830 1740 2010 1808; x_wconf 85' lang='lat' dir='ltr'>atque</span> <span class='ocrx_word' id='word_1_216' title='bbox 2033 1734 2366 1790; x_wconf 87' lang='lat' dir='ltr'>incolumes</span> <span class='ocrx_word' id='word_1_217' title='bbox 2395 1733 2793 1807; x_wconf 81' lang='lat' dir='ltr'>imperatoriae</span> <span class='ocrx_word' id='word_1_218' title='bbox 2822 1733 3032 1791; x_wconf 85' lang='lat' dir='ltr'>ditioni</span> <span class='ocrx_word' id='word_1_219' title='bbox 3084 1734 3480 1791; x_wconf 86' lang='lat' dir='ltr'>redditurum.</span> 
     </span>
    </p>
   </div>
   <div class='ocr_carea' id='block_1_34' title="bbox 102 1821 1721 1900">
    <p class='ocr_par' dir='ltr' id='par_1_34' title="bbox 102 1826 1721 1900">
     <span class='ocr_line' id='line_1_34' title="bbox 102 1826 1721 1900; baseline 0.001 -24"><span class='ocrx_word' id='word_1_220' title='bbox 102 1832 290 1876; x_wconf 76' lang='grc' dir='ltr'><em>κακῶν</em></span> <span class='ocrx_word' id='word_1_221' title='bbox 335 1828 426 1875; x_wconf 76' lang='grc' dir='ltr'><em>καὶ</em></span> <span class='ocrx_word' id='word_1_222' title='bbox 497 1826 629 1895; x_wconf 81' lang='grc' dir='ltr'><em>μετὰ</em></span> <span class='ocrx_word' id='word_1_223' title='bbox 709 1832 810 1875; x_wconf 87' lang='grc' dir='ltr'>τῶν</span> <span class='ocrx_word' id='word_1_224' title='bbox 886 1828 1139 1899; x_wconf 79' lang='grc' dir='ltr'>σφετέρων</span> <span class='ocrx_word' id='word_1_225' title='bbox 1212 1827 1531 1898; x_wconf 89' lang='grc' dir='ltr'><em>πραγμάτων</em></span> <span class='ocrx_word' id='word_1_226' title='bbox 1577 1828 1721 1900; x_wconf 87' lang='grc' dir='ltr'><em>παρὰ</em></span> 
     </span>
    </p>
   </div>
   <div class='ocr_carea' id='block_1_35' title="bbox 1874 1821 3483 1900">
    <p class='ocr_par' dir='ltr' id='par_1_35' title="bbox 1874 1821 3483 1894">
     <span class='ocr_line' id='line_1_35' title="bbox 1874 1821 3483 1894; baseline 0.001 -16"><span class='ocrx_word' id='word_1_227' title='bbox 1874 1823 1924 1878; x_wconf 91' lang='lat' dir='ltr'>ic</span> <span class='ocrx_word' id='word_1_228' title='bbox 1953 1838 2065 1879; x_wconf 92' lang='lat' dir='ltr'>nos</span> <span class='ocrx_word' id='word_1_229' title='bbox 2094 1821 2377 1894; x_wconf 89' lang='lat' dir='ltr'>pusillum</span> <span class='ocrx_word' id='word_1_230' title='bbox 2394 1821 2540 1878; x_wconf 92' lang='lat' dir='ltr'>illud</span> <span class='ocrx_word' id='word_1_231' title='bbox 2561 1825 2827 1879; x_wconf 90' lang='lat' dir='ltr'>castrum</span> <span class='ocrx_word' id='word_1_232' title='bbox 2848 1822 3216 1880; x_wconf 83' lang='lat' dir='ltr'>dedidimus.</span> <span class='ocrx_word' id='word_1_233' title='bbox 3233 1826 3483 1879; x_wconf 85' lang='lat' dir='ltr'>Verum-</span> 
     </span>
    </p>
   </div>
   <div class='ocr_carea' id='block_1_36' title="bbox 101 1910 1718 1986">
    <p class='ocr_par' dir='ltr' id='par_1_36' title="bbox 101 1910 1718 1986">
     <span class='ocr_line' id='line_1_36' title="bbox 101 1910 1718 1986; baseline 0.002 -22"><span class='ocrx_word' id='word_1_234' title='bbox 101 1920 207 1965; x_wconf 83' lang='grc' dir='ltr'><em>τοῦ</em></span> <span class='ocrx_word' id='word_1_235' title='bbox 266 1916 455 1986; x_wconf 82' lang='grc' dir='ltr'><em>μέρους</em></span> <span class='ocrx_word' id='word_1_236' title='bbox 505 1911 666 1964; x_wconf 75' lang='grc' dir='ltr'><em>αὑτοῦ</em></span> <span class='ocrx_word' id='word_1_237' title='bbox 725 1911 795 1974; x_wconf 83' lang='grc' dir='ltr'><em>εἰς</em></span> <span class='ocrx_word' id='word_1_238' title='bbox 868 1916 963 1971; x_wconf 77' lang='grc' dir='ltr'><em>τὴν</em></span> <span class='ocrx_word' id='word_1_239' title='bbox 1019 1918 1203 1984; x_wconf 82' lang='grc' dir='ltr'><em>χώραν</em></span> <span class='ocrx_word' id='word_1_240' title='bbox 1250 1910 1582 1974; x_wconf 78' lang='grc' dir='ltr'>διασωθῆναι</span> <span class='ocrx_word' id='word_1_241' title='bbox 1627 1922 1718 1967; x_wconf 80' lang='grc' dir='ltr'><em>τοῦ</em></span> 
     </span>
    </p>
   </div>
   <div class='ocr_carea' id='block_1_37' title="bbox 105 1997 1720 2077">
    <p class='ocr_par' dir='ltr' id='par_1_37' title="bbox 105 1997 1720 2077">
     <span class='ocr_line' id='line_1_37' title="bbox 105 1997 1720 2077; baseline 0 -24"><span class='ocrx_word' id='word_1_242' title='bbox 105 1999 391 2074; x_wconf 79' lang='grc' dir='ltr'><em>βασιλέως.</em></span> <span class='ocrx_word' id='word_1_243' title='bbox 431 2002 578 2073; x_wconf 81' lang='grc' dir='ltr'><em>ἡμεῖς</em></span> <span class='ocrx_word' id='word_1_244' title='bbox 657 1997 718 2053; x_wconf 68' lang='grc' dir='ltr'><em>δὲ</em></span> <span class='ocrx_word' id='word_1_245' title='bbox 791 2003 854 2053; x_wconf 87' lang='grc' dir='ltr'>τὸ</span> <span class='ocrx_word' id='word_1_246' title='bbox 912 2004 1098 2076; x_wconf 62' lang='grc' dir='ltr'><em>μικρὸν</em></span> <span class='ocrx_word' id='word_1_247' title='bbox 1168 2000 1327 2055; x_wconf 80' lang='grc' dir='ltr'><em>ἐκεῖνο</em></span> <span class='ocrx_word' id='word_1_248' title='bbox 1382 2006 1514 2077; x_wconf 88' lang='grc' dir='ltr'><em>πρὸς</em></span> <span class='ocrx_word' id='word_1_249' title='bbox 1564 2002 1720 2054; x_wconf 78' lang='grc' dir='ltr'><em>αὐτὸν</em></span> 
     </span>
    </p>
   </div>
   <div class='ocr_carea' id='block_1_38' title="bbox 103 2089 1719 2166">
    <p class='ocr_par' dir='ltr' id='par_1_38' title="bbox 103 2089 1719 2166">
     <span class='ocr_line' id='line_1_38' title="bbox 103 2089 1719 2166; baseline 0 -24"><span class='ocrx_word' id='word_1_250' title='bbox 103 2089 496 2163; x_wconf 74' lang='grc' dir='ltr'><em>ἀπολελυκαμεν</em></span> <span class='ocrx_word' id='word_1_251' title='bbox 525 2091 792 2165; x_wconf 79' lang='grc' dir='ltr'><em>φρούριον,</em></span> <span class='ocrx_word' id='word_1_252' title='bbox 847 2089 981 2143; x_wconf 84' lang='grc' dir='ltr'>Ἀλλ’</span> <span class='ocrx_word' id='word_1_253' title='bbox 1034 2098 1177 2143; x_wconf 83' lang='grc' dir='ltr'><em>ὦσαν</em></span> <span class='ocrx_word' id='word_1_254' title='bbox 1232 2093 1282 2143; x_wconf 80' lang='grc' dir='ltr'>οἱ</span> <span class='ocrx_word' id='word_1_255' title='bbox 1332 2093 1483 2166; x_wconf 85' lang='grc' dir='ltr'><em>ὄρσοι</em></span> <span class='ocrx_word' id='word_1_256' title='bbox 1533 2094 1719 2143; x_wconf 84' lang='grc' dir='ltr'>τούτου</span> 
     </span>
    </p>
   </div>
   <div class='ocr_carea' id='block_1_39' title="bbox 101 2175 327 2250">
    <p class='ocr_par' dir='ltr' id='par_1_39' title="bbox 101 2175 327 2250">
     <span class='ocr_line' id='line_1_39' title="bbox 101 2175 327 2250; baseline -0.009 -18"><span class='ocrx_word' id='word_1_257' title='bbox 101 2175 327 2250; x_wconf 72' lang='grc' dir='ltr'><em>ψευδεῖς</em></span> 
     </span>
    </p>
   </div>
   <div class='ocr_carea' id='block_1_40' title="bbox 97 2263 521 2329">
    <p class='ocr_par' dir='ltr' id='par_1_40' title="bbox 97 2263 521 2329">
     <span class='ocr_line' id='line_1_40' title="bbox 97 2263 521 2329; baseline 0.005 -9"><span class='ocrx_word' id='word_1_258' title='bbox 97 2286 234 2328; x_wconf 81' lang='grc' dir='ltr'><em>νους</em></span> <span class='ocrx_word' id='word_1_259' title='bbox 262 2263 496 2329; x_wconf 77' lang='grc' dir='ltr'>πεδήταις</span> <span class='ocrx_word' id='word_1_260' title='bbox 508 2310 521 2323; x_wconf 95' lang='grc'><strong>.</strong></span> 
     </span>
    </p>
   </div>
   <div class='ocr_carea' id='block_1_41' title="bbox 181 2352 1721 2430">
    <p class='ocr_par' dir='ltr' id='par_1_41' title="bbox 181 2352 1721 2430">
     <span class='ocr_line' id='line_1_41' title="bbox 181 2352 1721 2430; baseline 0.004 -22"><span class='ocrx_word' id='word_1_261' title='bbox 181 2355 248 2408; x_wconf 80' lang='grc' dir='ltr'><strong>Ὀ</strong></span> <span class='ocrx_word' id='word_1_262' title='bbox 302 2358 392 2428; x_wconf 72' lang='grc' dir='ltr'><em>μὲν</em></span> <span class='ocrx_word' id='word_1_263' title='bbox 435 2356 524 2408; x_wconf 71' lang='grc' dir='ltr'><em>οὖν</em></span> <span class='ocrx_word' id='word_1_264' title='bbox 565 2353 811 2428; x_wconf 82' lang='grc' dir='ltr'><em>βασιλεὺς</em></span> <span class='ocrx_word' id='word_1_265' title='bbox 841 2352 1114 2429; x_wconf 84' lang='grc' dir='ltr'><em>Θεόδωρος</em></span> <span class='ocrx_word' id='word_1_266' title='bbox 1169 2361 1288 2430; x_wconf 86' lang='grc' dir='ltr'><em>περὶ</em></span> <span class='ocrx_word' id='word_1_267' title='bbox 1342 2359 1535 2410; x_wconf 77' lang='grc' dir='ltr'><em>τούτων</em></span> <span class='ocrx_word' id='word_1_268' title='bbox 1592 2355 1721 2414; x_wconf 77' lang='grc' dir='ltr'>ἀκη-</span> 
     </span>
    </p>
   </div>
   <div class='ocr_carea' id='block_1_42' title="bbox 109 2443 1719 2519">
    <p class='ocr_par' dir='ltr' id='par_1_42' title="bbox 109 2443 1719 2519">
     <span class='ocr_line' id='line_1_42' title="bbox 109 2443 1719 2519; baseline 0.001 -22"><span class='ocrx_word' id='word_1_269' title='bbox 109 2449 258 2506; x_wconf 80' lang='grc' dir='ltr'><em>κοὼς</em></span> <span class='ocrx_word' id='word_1_270' title='bbox 286 2446 581 2497; x_wconf 79' lang='grc' dir='ltr'><em>ὑπετόπασε</em></span> <span class='ocrx_word' id='word_1_271' title='bbox 618 2447 710 2517; x_wconf 67' lang='grc' dir='ltr'><em>μὲν</em></span> <span class='ocrx_word' id='word_1_272' title='bbox 759 2448 880 2519; x_wconf 80' lang='grc' dir='ltr'><em>περὶ</em></span> <span class='ocrx_word' id='word_1_273' title='bbox 933 2443 1059 2517; x_wconf 78' lang='grc' dir='ltr'><em>ἐμοῦ</em></span> <span class='ocrx_word' id='word_1_274' title='bbox 1108 2444 1167 2497; x_wconf 76' lang='grc' dir='ltr'>οὐ</span> <span class='ocrx_word' id='word_1_275' title='bbox 1223 2444 1410 2515; x_wconf 82' lang='grc' dir='ltr'><em>καλῶς,</em></span> <span class='ocrx_word' id='word_1_276' title='bbox 1455 2447 1719 2519; x_wconf 76' lang='grc' dir='ltr'><em>ἀνθρωπί-</em></span> 
     </span>
    </p>
   </div>
   <div class='ocr_carea' id='block_1_43' title="bbox 101 2530 1718 2607">
    <p class='ocr_par' dir='ltr' id='par_1_43' title="bbox 101 2530 1718 2607">
     <span class='ocr_line' id='line_1_43' title="bbox 101 2530 1718 2607; baseline 0 -22"><span class='ocrx_word' id='word_1_277' title='bbox 101 2552 219 2593; x_wconf 84' lang='grc' dir='ltr'><em>νοις</em></span> <span class='ocrx_word' id='word_1_278' title='bbox 274 2530 334 2586; x_wconf 80' lang='grc' dir='ltr'><em>δέ</em></span> <span class='ocrx_word' id='word_1_279' title='bbox 387 2532 663 2605; x_wconf 73' lang='grc' dir='ltr'>λογισμοῖς</span> <span class='ocrx_word' id='word_1_280' title='bbox 739 2532 983 2605; x_wconf 76' lang='grc' dir='ltr'><em>ἑπόμενος</em></span> <span class='ocrx_word' id='word_1_281' title='bbox 1065 2535 1408 2589; x_wconf 82' lang='grc' dir='ltr'><em>ὑπετόπασεν.</em></span> <span class='ocrx_word' id='word_1_282' title='bbox 1474 2533 1564 2595; x_wconf 82' lang='grc' dir='ltr'><em>Ὦς</em></span> <span class='ocrx_word' id='word_1_283' title='bbox 1616 2537 1718 2607; x_wconf 87' lang='grc' dir='ltr'><em>γὰρ</em></span> 
     </span>
    </p>
   </div>
   <div class='ocr_carea' id='block_1_44' title="bbox 113 2620 1720 2696">
    <p class='ocr_par' dir='ltr' id='par_1_44' title="bbox 113 2620 1720 2696">
     <span class='ocr_line' id='line_1_44' title="bbox 113 2620 1720 2696; baseline 0.001 -23"><span class='ocrx_word' id='word_1_284' title='bbox 113 2620 438 2695; x_wconf 72' lang='grc' dir='ltr'>ἐμεμαθήκει</span> <span class='ocrx_word' id='word_1_285' title='bbox 490 2626 608 2682; x_wconf 84' lang='grc' dir='ltr'><em>τοὺς</em></span> <span class='ocrx_word' id='word_1_286' title='bbox 671 2626 940 2696; x_wconf 77' lang='grc' dir='ltr'>κρείττους</span> <span class='ocrx_word' id='word_1_287' title='bbox 1014 2629 1116 2674; x_wconf 82' lang='grc' dir='ltr'>τῶν</span> <span class='ocrx_word' id='word_1_288' title='bbox 1186 2626 1619 2695; x_wconf 75' lang='grc' dir='ltr'>στρατηγούντων</span> <span class='ocrx_word' id='word_1_289' title='bbox 1671 2622 1720 2675; x_wconf 79' lang='grc' dir='ltr'>ἐν</span> 
     </span>
    </p>
   </div>
   <div class='ocr_carea' id='block_1_45' title="bbox 107 2706 1718 2785">
    <p class='ocr_par' dir='ltr' id='par_1_45' title="bbox 107 2706 1718 2785">
     <span class='ocr_line' id='line_1_45' title="bbox 107 2706 1718 2785; baseline 0 -23"><span class='ocrx_word' id='word_1_290' title='bbox 107 2718 182 2782; x_wconf 75' lang='grc' dir='ltr'>τῇ</span> <span class='ocrx_word' id='word_1_291' title='bbox 247 2706 453 2783; x_wconf 72' lang='grc' dir='ltr'><em>δυσμῇ,</em></span> <span class='ocrx_word' id='word_1_292' title='bbox 504 2709 553 2762; x_wconf 80' lang='grc' dir='ltr'><em>ἐν</em></span> <span class='ocrx_word' id='word_1_293' title='bbox 614 2712 691 2773; x_wconf 85' lang='grc' dir='ltr'>οἷς</span> <span class='ocrx_word' id='word_1_294' title='bbox 744 2709 946 2785; x_wconf 79' lang='grc' dir='ltr'><em>ἐθάρῥει</em></span> <span class='ocrx_word' id='word_1_295' title='bbox 996 2715 1087 2763; x_wconf 76' lang='grc' dir='ltr'><em>καὶ</em></span> <span class='ocrx_word' id='word_1_296' title='bbox 1132 2713 1199 2763; x_wconf 83' lang='grc' dir='ltr'>τὰ</span> <span class='ocrx_word' id='word_1_297' title='bbox 1248 2710 1432 2775; x_wconf 79' lang='grc' dir='ltr'><em>πολλὰ,</em></span> <span class='ocrx_word' id='word_1_298' title='bbox 1478 2712 1579 2765; x_wconf 83' lang='grc' dir='ltr'>ὑπὸ</span> <span class='ocrx_word' id='word_1_299' title='bbox 1631 2717 1718 2764; x_wconf 90' lang='grc' dir='ltr'><em>τον</em></span> 
     </span>
    </p>
   </div>
   <div class='ocr_carea' id='block_1_46' title="bbox 104 2797 1718 2873">
    <p class='ocr_par' dir='ltr' id='par_1_46' title="bbox 104 2797 1718 2873">
     <span class='ocr_line' id='line_1_46' title="bbox 104 2797 1718 2873; baseline 0 -22"><span class='ocrx_word' id='word_1_300' title='bbox 104 2797 421 2856; x_wconf 80' lang='grc' dir='ltr'><em>ἆποστάτην</em></span> <span class='ocrx_word' id='word_1_301' title='bbox 472 2798 698 2870; x_wconf 77' lang='grc' dir='ltr'><em>Μιχαὴλ</em></span> <span class='ocrx_word' id='word_1_302' title='bbox 763 2801 1100 2871; x_wconf 80' lang='grc' dir='ltr'><em>γεγενῆσθαι,</em></span> <span class='ocrx_word' id='word_1_303' title='bbox 1152 2802 1276 2859; x_wconf 86' lang='grc' dir='ltr'><em>τούς</em></span> <span class='ocrx_word' id='word_1_304' title='bbox 1329 2801 1420 2872; x_wconf 72' lang='grc' dir='ltr'><em>μὲν</em></span> <span class='ocrx_word' id='word_1_305' title='bbox 1471 2805 1563 2852; x_wconf 78' lang='grc' dir='ltr'>καὶ</span> <span class='ocrx_word' id='word_1_306' title='bbox 1617 2802 1718 2873; x_wconf 81' lang='grc' dir='ltr'><em>πρὸ</em></span> 
     </span>
    </p>
   </div>
   <div class='ocr_carea' id='block_1_47' title="bbox 100 2891 1719 2962">
    <p class='ocr_par' dir='ltr' id='par_1_47' title="bbox 100 2891 1719 2962">
     <span class='ocr_line' id='line_1_47' title="bbox 100 2891 1719 2962; baseline 0.002 -23"><span class='ocrx_word' id='word_1_307' title='bbox 100 2896 215 2940; x_wconf 85' lang='grc' dir='ltr'>τῶν</span> <span class='ocrx_word' id='word_1_308' title='bbox 267 2893 641 2959; x_wconf 73' lang='grc' dir='ltr'><em>κατασχέσεων</em></span> <span class='ocrx_word' id='word_1_309' title='bbox 691 2896 792 2940; x_wconf 86' lang='grc' dir='ltr'>τῶν</span> <span class='ocrx_word' id='word_1_310' title='bbox 842 2893 1118 2962; x_wconf 80' lang='grc' dir='ltr'><em>φρουρίων,</em></span> <span class='ocrx_word' id='word_1_311' title='bbox 1168 2891 1328 2959; x_wconf 80' lang='grc' dir='ltr'><em>ἤγουν</em></span> <span class='ocrx_word' id='word_1_312' title='bbox 1376 2892 1464 2940; x_wconf 85' lang='grc' dir='ltr'><em>τὸν</em></span> <span class='ocrx_word' id='word_1_313' title='bbox 1512 2893 1719 2942; x_wconf 78' lang='grc' dir='ltr'><em>Σκουτέ-</em></span> 
     </span>
    </p>
   </div>
   <div class='ocr_carea' id='block_1_48' title="bbox 1828 1909 3481 1983">
    <p class='ocr_par' dir='ltr' id='par_1_48' title="bbox 1828 1909 3481 1983">
     <span class='ocr_line' id='line_1_48' title="bbox 1828 1909 3481 1983; baseline -0.001 -16"><span class='ocrx_word' id='word_1_314' title='bbox 1828 1916 2030 1967; x_wconf 89' lang='lat' dir='ltr'>tamen</span> <span class='ocrx_word' id='word_1_315' title='bbox 2055 1909 2486 1983; x_wconf 87' lang='lat' dir='ltr'>jusjurandum</span> <span class='ocrx_word' id='word_1_316' title='bbox 2517 1927 2656 1967; x_wconf 92' lang='lat' dir='ltr'>cum</span> <span class='ocrx_word' id='word_1_317' title='bbox 2680 1910 2776 1967; x_wconf 89' lang='lat' dir='ltr'>ille</span> <span class='ocrx_word' id='word_1_318' title='bbox 2796 1911 3019 1967; x_wconf 88' lang='lat' dir='ltr'>nefarie</span> <span class='ocrx_word' id='word_1_319' title='bbox 3051 1910 3330 1983; x_wconf 90' lang='lat' dir='ltr'>jurasset,</span> <span class='ocrx_word' id='word_1_320' title='bbox 3352 1909 3481 1967; x_wconf 83' lang='lat' dir='ltr'>fru-</span> 
     </span>
    </p>
   </div>
   <div class='ocr_carea' id='block_1_49' title="bbox 1831 1998 3480 2072">
    <p class='ocr_par' dir='ltr' id='par_1_49' title="bbox 1831 1998 3480 2072">
     <span class='ocr_line' id='line_1_49' title="bbox 1831 1998 3480 2072; baseline 0 -16"><span class='ocrx_word' id='word_1_321' title='bbox 1831 2005 1954 2057; x_wconf 87' lang='lat' dir='ltr'>stra</span> <span class='ocrx_word' id='word_1_322' title='bbox 1980 1999 2107 2071; x_wconf 86' lang='lat' dir='ltr'>fuit,</span> <span class='ocrx_word' id='word_1_323' title='bbox 2141 1998 2744 2072; x_wconf 85' lang='lat' dir='ltr'>quandoquidemille</span> <span class='ocrx_word' id='word_1_324' title='bbox 2763 2015 2876 2056; x_wconf 89' lang='lat' dir='ltr'>nos</span> <span class='ocrx_word' id='word_1_325' title='bbox 2894 1998 3150 2056; x_wconf 85' lang='lat' dir='ltr'>vinculis</span> <span class='ocrx_word' id='word_1_326' title='bbox 3170 1998 3480 2072; x_wconf 82' lang='lat' dir='ltr'>colligatos</span> 
     </span>
    </p>
   </div>
   <div class='ocr_carea' id='block_1_50' title="bbox 1829 2088 2879 2160">
    <p class='ocr_par' dir='ltr' id='par_1_50' title="bbox 1829 2088 2879 2160">
     <span class='ocr_line' id='line_1_50' title="bbox 1829 2088 2879 2160; baseline 0 -15"><span class='ocrx_word' id='word_1_327' title='bbox 1829 2091 1905 2146; x_wconf 92' lang='lat' dir='ltr'>de</span> <span class='ocrx_word' id='word_1_328' title='bbox 1934 2089 2067 2145; x_wconf 88' lang='lat' dir='ltr'>loco</span> <span class='ocrx_word' id='word_1_329' title='bbox 2096 2088 2157 2144; x_wconf 89' lang='lat' dir='ltr'>in</span> <span class='ocrx_word' id='word_1_330' title='bbox 2183 2088 2384 2144; x_wconf 93' lang='lat' dir='ltr'>locum</span> <span class='ocrx_word' id='word_1_331' title='bbox 2412 2089 2879 2160; x_wconf 84' lang='lat' dir='ltr'>transportabat.</span> 
     </span>
    </p>
   </div>
   <div class='ocr_carea' id='block_1_51' title="bbox 385 2175 3482 2255">
    <p class='ocr_par' dir='ltr' id='par_1_51' title="bbox 385 2175 3482 2255">
     <span class='ocr_line' id='line_1_51' title="bbox 385 2175 3482 2255; baseline -0 -25"><span class='ocrx_word' id='word_1_332' title='bbox 385 2200 398 2212; x_wconf 89' lang='lat'><strong><em>-</em></strong></span> <span class='ocrx_word' id='word_1_333' title='bbox 449 2176 688 2252; x_wconf 80' lang='grc' dir='ltr'><em>ἐπίορκον</em></span> <span class='ocrx_word' id='word_1_334' title='bbox 734 2180 836 2255; x_wconf 83' lang='grc' dir='ltr'><em>γὰρ</em></span> <span class='ocrx_word' id='word_1_335' title='bbox 893 2179 1186 2253; x_wconf 82' lang='grc' dir='ltr'><em>ὠμωμόκει.</em></span> <span class='ocrx_word' id='word_1_336' title='bbox 1226 2178 1426 2253; x_wconf 79' lang='grc' dir='ltr'><em>Ἐσχεν</em></span> <span class='ocrx_word' id='word_1_337' title='bbox 1479 2177 1566 2233; x_wconf 84' lang='grc' dir='ltr'><em>οὖν</em></span> <span class='ocrx_word' id='word_1_338' title='bbox 1614 2181 1755 2253; x_wconf 84' lang='grc' dir='ltr'><em>ἡμᾶς</em></span> <span class='ocrx_word' id='word_1_339' title='bbox 1803 2178 1852 2232; x_wconf 74' lang='grc' dir='ltr'><em>ἄν</em></span> <span class='ocrx_word' id='word_1_340' title='bbox 1904 2175 2124 2251; x_wconf 80' lang='grc' dir='ltr'><em>δεσμοῖς</em></span> <span class='ocrx_word' id='word_1_341' title='bbox 2171 2181 2263 2230; x_wconf 79' lang='grc' dir='ltr'>καὶ</span> <span class='ocrx_word' id='word_1_342' title='bbox 2320 2175 2422 2230; x_wconf 79' lang='grc' dir='ltr'>ἀπὸ</span> <span class='ocrx_word' id='word_1_343' title='bbox 2472 2181 2657 2251; x_wconf 82' lang='grc' dir='ltr'><em>χώρας</em></span> <span class='ocrx_word' id='word_1_344' title='bbox 2699 2177 2769 2239; x_wconf 84' lang='grc' dir='ltr'><em>εἰς</em></span> <span class='ocrx_word' id='word_1_345' title='bbox 2835 2183 3020 2254; x_wconf 80' lang='grc' dir='ltr'><em>χώραν</em></span> <span class='ocrx_word' id='word_1_346' title='bbox 3070 2175 3482 2252; x_wconf 73' lang='grc' dir='ltr'><em>μεταϐιϐαζομέ-</em></span> 
     </span>
    </p>
   </div>
   <div class='ocr_carea' id='block_1_52' title="bbox 1903 2352 3484 2426">
    <p class='ocr_par' dir='ltr' id='par_1_52' title="bbox 1903 2352 3484 2426">
     <span class='ocr_line' id='line_1_52' title="bbox 1903 2352 3484 2426; baseline 0.001 -15"><span class='ocrx_word' id='word_1_347' title='bbox 1903 2354 2085 2425; x_wconf 85' lang='lat' dir='ltr'>Igitur</span> <span class='ocrx_word' id='word_1_348' title='bbox 2103 2354 2429 2426; x_wconf 84' lang='lat' dir='ltr'>imperator</span> <span class='ocrx_word' id='word_1_349' title='bbox 2456 2353 2824 2424; x_wconf 89' lang='lat' dir='ltr'>Theodorus,</span> <span class='ocrx_word' id='word_1_350' title='bbox 2850 2355 2926 2411; x_wconf 93' lang='lat' dir='ltr'>de</span> <span class='ocrx_word' id='word_1_351' title='bbox 2945 2354 3039 2412; x_wconf 93' lang='lat' dir='ltr'>his</span> <span class='ocrx_word' id='word_1_352' title='bbox 3055 2354 3269 2411; x_wconf 86' lang='lat' dir='ltr'>certior</span> <span class='ocrx_word' id='word_1_353' title='bbox 3286 2352 3484 2412; x_wconf 85' lang='lat' dir='ltr'>reddi-</span> 
     </span>
    </p>
   </div>
   <div class='ocr_carea' id='block_1_53' title="bbox 1829 2436 3479 2516">
    <p class='ocr_par' dir='ltr' id='par_1_53' title="bbox 1829 2436 3479 2516">
     <span class='ocr_line' id='line_1_53' title="bbox 1829 2436 3479 2516; baseline -0.001 -15"><span class='ocrx_word' id='word_1_354' title='bbox 1829 2448 1946 2509; x_wconf 89' lang='lat' dir='ltr'>tus,</span> <span class='ocrx_word' id='word_1_355' title='bbox 1977 2444 2052 2500; x_wconf 90' lang='lat' dir='ltr'>de</span> <span class='ocrx_word' id='word_1_356' title='bbox 2083 2459 2178 2498; x_wconf 91' lang='lat' dir='ltr'>me</span> <span class='ocrx_word' id='word_1_357' title='bbox 2207 2442 2453 2515; x_wconf 89' lang='lat' dir='ltr'>quidem</span> <span class='ocrx_word' id='word_1_358' title='bbox 2481 2441 2646 2498; x_wconf 89' lang='lat' dir='ltr'>haud</span> <span class='ocrx_word' id='word_1_359' title='bbox 2675 2443 2934 2513; x_wconf 89' lang='lat' dir='ltr'>ingenue</span> <span class='ocrx_word' id='word_1_360' title='bbox 2993 2442 3334 2516; x_wconf 88' lang='lat' dir='ltr'>suspicatus</span> <span class='ocrx_word' id='word_1_361' title='bbox 3370 2436 3479 2511; x_wconf 80' lang='lat' dir='ltr'>est,</span> 
     </span>
    </p>
   </div>
   <div class='ocr_carea' id='block_1_54' title="bbox 1830 2530 3483 2611">
    <p class='ocr_par' dir='ltr' id='par_1_54' title="bbox 1830 2530 3483 2611">
     <span class='ocr_line' id='line_1_54' title="bbox 1830 2530 3483 2611; baseline -0.001 -23"><span class='ocrx_word' id='word_1_362' title='bbox 1830 2532 2171 2611; x_wconf 87' lang='lat' dir='ltr'>suspicatus</span> <span class='ocrx_word' id='word_1_363' title='bbox 2216 2536 2309 2587; x_wconf 90' lang='lat' dir='ltr'>est</span> <span class='ocrx_word' id='word_1_364' title='bbox 2339 2535 2540 2587; x_wconf 91' lang='lat' dir='ltr'>tamen</span> <span class='ocrx_word' id='word_1_365' title='bbox 2587 2532 2869 2588; x_wconf 86' lang='lat' dir='ltr'>humanis</span> <span class='ocrx_word' id='word_1_366' title='bbox 2901 2530 3483 2588; x_wconf 89' lang='lat' dir='ltr'>considerationibus</span> 
     </span>
    </p>
   </div>
   <div class='ocr_carea' id='block_1_55' title="bbox 1827 2619 3478 2691">
    <p class='ocr_par' dir='ltr' id='par_1_55' title="bbox 1827 2619 3478 2691">
     <span class='ocr_line' id='line_1_55' title="bbox 1827 2619 3478 2691; baseline 0 -16"><span class='ocrx_word' id='word_1_367' title='bbox 1827 2619 2065 2677; x_wconf 89' lang='lat' dir='ltr'>ductus.</span> <span class='ocrx_word' id='word_1_368' title='bbox 2095 2621 2366 2691; x_wconf 89' lang='lat' dir='ltr'>Namque</span> <span class='ocrx_word' id='word_1_369' title='bbox 2416 2625 2482 2675; x_wconf 90' lang='lat' dir='ltr'>ut</span> <span class='ocrx_word' id='word_1_370' title='bbox 2510 2619 2701 2676; x_wconf 90' lang='lat' dir='ltr'>audiit</span> <span class='ocrx_word' id='word_1_371' title='bbox 2735 2619 3055 2676; x_wconf 91' lang='lat' dir='ltr'>ductorum</span> <span class='ocrx_word' id='word_1_372' title='bbox 3101 2619 3478 2691; x_wconf 87' lang='lat' dir='ltr'>celebriores,</span> 
     </span>
    </p>
   </div>
   <div class='ocr_carea' id='block_1_56' title="bbox 1828 2707 3487 2782">
    <p class='ocr_par' dir='ltr' id='par_1_56' title="bbox 1828 2707 3487 2782">
     <span class='ocr_line' id='line_1_56' title="bbox 1828 2707 3487 2782; baseline 0.001 -18"><span class='ocrx_word' id='word_1_373' title='bbox 1828 2709 2052 2782; x_wconf 88' lang='lat' dir='ltr'>quibus</span> <span class='ocrx_word' id='word_1_374' title='bbox 2070 2723 2255 2781; x_wconf 89' lang='lat' dir='ltr'>quam</span> <span class='ocrx_word' id='word_1_375' title='bbox 2271 2708 2531 2763; x_wconf 81' lang='lat' dir='ltr'>maxime</span> <span class='ocrx_word' id='word_1_376' title='bbox 2540 2707 2789 2778; x_wconf 89' lang='lat' dir='ltr'>ﬁdebat,</span> <span class='ocrx_word' id='word_1_377' title='bbox 2801 2708 2864 2765; x_wconf 89' lang='lat' dir='ltr'>in</span> <span class='ocrx_word' id='word_1_378' title='bbox 2892 2708 3207 2766; x_wconf 88' lang='lat' dir='ltr'>Occidente</span> <span class='ocrx_word' id='word_1_379' title='bbox 3219 2708 3400 2767; x_wconf 78' lang='lat' dir='ltr'>Micha</span> <span class='ocrx_word' id='word_1_380' title='bbox 3409 2707 3487 2766; x_wconf 87' lang='lat' dir='ltr'>eli</span> 
     </span>
    </p>
   </div>
   <div class='ocr_carea' id='block_1_57' title="bbox 1827 2795 3486 2869">
    <p class='ocr_par' dir='ltr' id='par_1_57' title="bbox 1827 2795 3486 2869">
     <span class='ocr_line' id='line_1_57' title="bbox 1827 2795 3486 2869; baseline 0 -17"><span class='ocrx_word' id='word_1_381' title='bbox 1827 2796 2111 2852; x_wconf 84' lang='lat' dir='ltr'>defectori</span> <span class='ocrx_word' id='word_1_382' title='bbox 2130 2795 2401 2866; x_wconf 84' lang='lat' dir='ltr'>cessisse,</span> <span class='ocrx_word' id='word_1_383' title='bbox 2434 2796 2654 2868; x_wconf 85' lang='lat' dir='ltr'>partim</span> <span class='ocrx_word' id='word_1_384' title='bbox 2679 2801 3007 2869; x_wconf 85' lang='lat' dir='ltr'>antequam</span> <span class='ocrx_word' id='word_1_385' title='bbox 3054 2796 3281 2869; x_wconf 89' lang='lat' dir='ltr'>oppida</span> <span class='ocrx_word' id='word_1_386' title='bbox 3300 2810 3486 2869; x_wconf 88' lang='lat' dir='ltr'>expu-</span> 
     </span>
    </p>
   </div>
   <div class='ocr_carea' id='block_1_58' title="bbox 1827 2883 3480 2957">
    <p class='ocr_par' dir='ltr' id='par_1_58' title="bbox 1827 2883 3480 2957">
     <span class='ocr_line' id='line_1_58' title="bbox 1827 2883 3480 2957; baseline 0.001 -17"><span class='ocrx_word' id='word_1_387' title='bbox 1827 2889 2157 2957; x_wconf 82' lang='lat' dir='ltr'>gnarentur</span> <span class='ocrx_word' id='word_1_388' title='bbox 2211 2884 2298 2941; x_wconf 90' lang='lat' dir='ltr'>uti</span> <span class='ocrx_word' id='word_1_389' title='bbox 2338 2884 2669 2941; x_wconf 83' lang='lat' dir='ltr'>Scuterium</span> <span class='ocrx_word' id='word_1_390' title='bbox 2715 2885 2977 2957; x_wconf 87' lang='lat' dir='ltr'>Xyleam,</span> <span class='ocrx_word' id='word_1_391' title='bbox 3008 2883 3338 2941; x_wconf 87' lang='lat' dir='ltr'>Manuelem</span> <span class='ocrx_word' id='word_1_392' title='bbox 3367 2886 3480 2941; x_wconf 79' lang='lat' dir='ltr'>Ra-</span> 
     </span>
    </p>
   </div>
   <div class='ocr_carea' id='block_1_59' title="bbox 102 2972 1721 3050">
    <p class='ocr_par' dir='ltr' id='par_1_59' title="bbox 102 2975 1719 3050">
     <span class='ocr_line' id='line_1_59' title="bbox 102 2975 1719 3050; baseline 0.001 -22"><span class='ocrx_word' id='word_1_393' title='bbox 102 2995 228 3049; x_wconf 86' lang='grc' dir='ltr'><em>ριον</em></span> <span class='ocrx_word' id='word_1_394' title='bbox 282 2976 493 3042; x_wconf 84' lang='grc' dir='ltr'><em>Ξυλέαν,</em></span> <span class='ocrx_word' id='word_1_395' title='bbox 537 2980 624 3029; x_wconf 86' lang='grc' dir='ltr'><em>τὸν</em></span> <span class='ocrx_word' id='word_1_396' title='bbox 668 2975 925 3049; x_wconf 82' lang='grc' dir='ltr'><em>Ῥαματᾶν</em></span> <span class='ocrx_word' id='word_1_397' title='bbox 978 2976 1246 3044; x_wconf 83' lang='grc' dir='ltr'><em>Μανουὴλ,</em></span> <span class='ocrx_word' id='word_1_398' title='bbox 1297 2980 1384 3029; x_wconf 85' lang='grc' dir='ltr'>τὸν</span> <span class='ocrx_word' id='word_1_399' title='bbox 1436 2977 1719 3050; x_wconf 88' lang='grc' dir='ltr'><em>Πουλάχαν</em></span> 
     </span>
    </p>
   </div>
   <div class='ocr_carea' id='block_1_60' title="bbox 1874 2972 3480 3050">
    <p class='ocr_par' dir='ltr' id='par_1_60' title="bbox 1874 2972 3480 3046">
     <span class='ocr_line' id='line_1_60' title="bbox 1874 2972 3480 3046; baseline 0 -17"><span class='ocrx_word' id='word_1_400' title='bbox 1874 2979 2053 3029; x_wconf 75' lang='lat' dir='ltr'>latam</span> <span class='ocrx_word' id='word_1_401' title='bbox 2083 2972 2405 3028; x_wconf 87' lang='lat' dir='ltr'>Pulacham</span> <span class='ocrx_word' id='word_1_402' title='bbox 2436 2972 2705 3046; x_wconf 89' lang='lat' dir='ltr'>aliosque</span> <span class='ocrx_word' id='word_1_403' title='bbox 2733 2973 3075 3044; x_wconf 90' lang='lat' dir='ltr'>nonnullos,</span> <span class='ocrx_word' id='word_1_404' title='bbox 3099 2974 3317 3044; x_wconf 89' lang='lat' dir='ltr'>partim</span> <span class='ocrx_word' id='word_1_405' title='bbox 3339 2977 3480 3045; x_wconf 90' lang='lat' dir='ltr'>post</span> 
     </span>
    </p>
   </div>
   <div class='ocr_carea' id='block_1_61' title="bbox 102 3063 1720 3139">
    <p class='ocr_par' dir='ltr' id='par_1_61' title="bbox 102 3063 1720 3139">
     <span class='ocr_line' id='line_1_61' title="bbox 102 3063 1720 3139; baseline 0.002 -23"><span class='ocrx_word' id='word_1_406' title='bbox 102 3070 207 3117; x_wconf 80' lang='grc' dir='ltr'>καὶ</span> <span class='ocrx_word' id='word_1_407' title='bbox 237 3064 417 3125; x_wconf 79' lang='grc' dir='ltr'><em>ἄλλους</em></span> <span class='ocrx_word' id='word_1_408' title='bbox 447 3070 612 3127; x_wconf 81' lang='grc' dir='ltr'><em>ἐνίους</em></span> <span class='ocrx_word' id='word_1_409' title='bbox 656 3074 755 3117; x_wconf 88' lang='grc' dir='ltr'>τῶν</span> <span class='ocrx_word' id='word_1_410' title='bbox 804 3069 901 3117; x_wconf 80' lang='grc' dir='ltr'><em>σὺν</em></span> <span class='ocrx_word' id='word_1_411' title='bbox 930 3065 1126 3137; x_wconf 78' lang='grc' dir='ltr'><em>αὐτοῖς,</em></span> <span class='ocrx_word' id='word_1_412' title='bbox 1183 3067 1336 3127; x_wconf 79' lang='grc' dir='ltr'><em>αὖθις</em></span> <span class='ocrx_word' id='word_1_413' title='bbox 1373 3063 1432 3119; x_wconf 72' lang='grc' dir='ltr'><em>δὲ</em></span> <span class='ocrx_word' id='word_1_414' title='bbox 1477 3071 1564 3119; x_wconf 80' lang='grc' dir='ltr'>καὶ</span> <span class='ocrx_word' id='word_1_415' title='bbox 1593 3068 1720 3139; x_wconf 86' lang='grc' dir='ltr'><em>μετὰ</em></span> 
     </span>
    </p>
   </div>
   <div class='ocr_carea' id='block_1_62' title="bbox 100 3153 1720 3230">
    <p class='ocr_par' dir='ltr' id='par_1_62' title="bbox 100 3153 1720 3230">
     <span class='ocr_line' id='line_1_62' title="bbox 100 3153 1720 3230; baseline 0.002 -25"><span class='ocrx_word' id='word_1_416' title='bbox 100 3155 212 3215; x_wconf 83' lang='grc' dir='ltr'><em>τὰς</em></span> <span class='ocrx_word' id='word_1_417' title='bbox 289 3158 661 3226; x_wconf 76' lang='grc' dir='ltr'><em>κατασχέσεις,</em></span> <span class='ocrx_word' id='word_1_418' title='bbox 724 3153 813 3206; x_wconf 83' lang='grc' dir='ltr'>εἶτ’</span> <span class='ocrx_word' id='word_1_419' title='bbox 886 3154 973 3206; x_wconf 79' lang='grc' dir='ltr'><em>οὖν</em></span> <span class='ocrx_word' id='word_1_420' title='bbox 1021 3158 1111 3206; x_wconf 87' lang='grc' dir='ltr'><em>τὸν</em></span> <span class='ocrx_word' id='word_1_421' title='bbox 1165 3154 1252 3207; x_wconf 70' lang='grc' dir='ltr'>ἐπὶ</span> <span class='ocrx_word' id='word_1_422' title='bbox 1317 3163 1409 3215; x_wconf 84' lang='grc' dir='ltr'>τῆς</span> <span class='ocrx_word' id='word_1_423' title='bbox 1458 3156 1720 3230; x_wconf 81' lang='grc' dir='ltr'>τραπέζης</span> 
     </span>
    </p>
   </div>
   <div class='ocr_carea' id='block_1_63' title="bbox 106 3242 1716 3315">
    <p class='ocr_par' dir='ltr' id='par_1_63' title="bbox 106 3242 1716 3315">
     <span class='ocr_line' id='line_1_63' title="bbox 106 3242 1716 3315; baseline -0.001 -19"><span class='ocrx_word' id='word_1_424' title='bbox 106 3243 382 3296; x_wconf 80' lang='grc' dir='ltr'><em>Ἰσαάκιον</em></span> <span class='ocrx_word' id='word_1_425' title='bbox 465 3245 553 3294; x_wconf 90' lang='grc' dir='ltr'>τὸν</span> <span class='ocrx_word' id='word_1_426' title='bbox 627 3246 944 3314; x_wconf 72' lang='grc' dir='ltr'><em>Νεστόγγον,</em></span> <span class='ocrx_word' id='word_1_427' title='bbox 1025 3242 1079 3294; x_wconf 88' lang='grc' dir='ltr'><em>ὃν</em></span> <span class='ocrx_word' id='word_1_428' title='bbox 1136 3243 1289 3304; x_wconf 77' lang='grc' dir='ltr'><em>αὐτὸς</em></span> <span class='ocrx_word' id='word_1_429' title='bbox 1340 3243 1412 3304; x_wconf 86' lang='grc' dir='ltr'><em>εἰς</em></span> <span class='ocrx_word' id='word_1_430' title='bbox 1463 3242 1716 3315; x_wconf 75' lang='grc' dir='ltr'><em>φυλακὴν,</em></span> 
     </span>
    </p>
   </div>
   <div class='ocr_carea' id='block_1_64' title="bbox 100 3329 1715 3407">
    <p class='ocr_par' dir='ltr' id='par_1_64' title="bbox 100 3329 1715 3407">
     <span class='ocr_line' id='line_1_64' title="bbox 100 3329 1715 3407; baseline 0.001 -23"><span class='ocrx_word' id='word_1_431' title='bbox 100 3331 257 3384; x_wconf 74' lang='grc' dir='ltr'><em>καθὰ</em></span> <span class='ocrx_word' id='word_1_432' title='bbox 296 3336 718 3407; x_wconf 75' lang='grc' dir='ltr'><em>προῖστορήκειν,</em></span> <span class='ocrx_word' id='word_1_433' title='bbox 794 3329 1203 3390; x_wconf 79' lang='grc' dir='ltr'><em>ἁποκατέστησα</em></span> <span class='ocrx_word' id='word_1_434' title='bbox 1266 3340 1363 3394; x_wconf 83' lang='grc' dir='ltr'><em>τῆς</em></span> <span class='ocrx_word' id='word_1_435' title='bbox 1434 3329 1715 3406; x_wconf 84' lang='grc' dir='ltr'><em>Ἀχρίδος,</em></span> 
     </span>
    </p>
   </div>
   <div class='ocr_carea' id='block_1_65' title="bbox 100 3418 1719 3494">
    <p class='ocr_par' dir='ltr' id='par_1_65' title="bbox 100 3418 1719 3494">
     <span class='ocr_line' id='line_1_65' title="bbox 100 3418 1719 3494; baseline 0.001 -22"><span class='ocrx_word' id='word_1_436' title='bbox 100 3424 207 3472; x_wconf 83' lang='grc' dir='ltr'>καὶ</span> <span class='ocrx_word' id='word_1_437' title='bbox 233 3418 418 3482; x_wconf 81' lang='grc' dir='ltr'><em>ἄλλους</em></span> <span class='ocrx_word' id='word_1_438' title='bbox 455 3420 549 3472; x_wconf 77' lang='grc' dir='ltr'>οὐκ</span> <span class='ocrx_word' id='word_1_439' title='bbox 610 3419 814 3491; x_wconf 76' lang='grc' dir='ltr'>ὀλίγους</span> <span class='ocrx_word' id='word_1_440' title='bbox 864 3428 966 3472; x_wconf 87' lang='grc' dir='ltr'>τῶν</span> <span class='ocrx_word' id='word_1_441' title='bbox 1021 3426 1290 3493; x_wconf 86' lang='grc' dir='ltr'><em>γνωρίμων</em></span> <span class='ocrx_word' id='word_1_442' title='bbox 1318 3439 1371 3474; x_wconf 91' lang='grc' dir='ltr'><em>τε</em></span> <span class='ocrx_word' id='word_1_443' title='bbox 1407 3425 1498 3474; x_wconf 83' lang='grc' dir='ltr'>καὶ</span> <span class='ocrx_word' id='word_1_444' title='bbox 1527 3422 1719 3494; x_wconf 85' lang='grc' dir='ltr'><em>ὀνομα-</em></span> 
     </span>
    </p>
   </div>
   <div class='ocr_carea' id='block_1_66' title="bbox 110 3507 1721 3577">
    <p class='ocr_par' dir='ltr' id='par_1_66' title="bbox 110 3507 1721 3577">
     <span class='ocr_line' id='line_1_66' title="bbox 110 3507 1721 3577; baseline 0.001 -16"><span class='ocrx_word' id='word_1_445' title='bbox 110 3516 255 3561; x_wconf 87' lang='grc' dir='ltr'><em>στῶν</em></span> <span class='ocrx_word' id='word_1_446' title='bbox 314 3509 414 3561; x_wconf 84' lang='grc' dir='ltr'>ὑπὸ</span> <span class='ocrx_word' id='word_1_447' title='bbox 487 3512 574 3560; x_wconf 81' lang='grc' dir='ltr'>τὸν</span> <span class='ocrx_word' id='word_1_448' title='bbox 625 3508 929 3567; x_wconf 80' lang='grc' dir='ltr'>ἀποστάτην</span> <span class='ocrx_word' id='word_1_449' title='bbox 984 3508 1192 3570; x_wconf 79' lang='grc' dir='ltr'><em>ἑκόντας</em></span> <span class='ocrx_word' id='word_1_450' title='bbox 1236 3509 1460 3577; x_wconf 78' lang='grc' dir='ltr'>τελέσαι,</span> <span class='ocrx_word' id='word_1_451' title='bbox 1528 3507 1721 3563; x_wconf 74' lang='grc' dir='ltr'><em>ἕδεδίει</em></span> 
     </span>
    </p>
   </div>
   <div class='ocr_carea' id='block_1_67' title="bbox 102 3595 1716 3671">
    <p class='ocr_par' dir='ltr' id='par_1_67' title="bbox 102 3595 1716 3671">
     <span class='ocr_line' id='line_1_67' title="bbox 102 3595 1716 3671; baseline 0.002 -23"><span class='ocrx_word' id='word_1_452' title='bbox 102 3604 205 3649; x_wconf 78' lang='grc' dir='ltr'><em>καὶ</em></span> <span class='ocrx_word' id='word_1_453' title='bbox 241 3600 359 3670; x_wconf 83' lang='grc' dir='ltr'><em>περὶ</em></span> <span class='ocrx_word' id='word_1_454' title='bbox 383 3595 518 3669; x_wconf 74' lang='grc' dir='ltr'><em>ἐμοὶ,</em></span> <span class='ocrx_word' id='word_1_455' title='bbox 548 3602 620 3669; x_wconf 79' lang='grc' dir='ltr'><em>μή</em></span> <span class='ocrx_word' id='word_1_456' title='bbox 671 3616 795 3651; x_wconf 88' lang='grc' dir='ltr'><em>ποτε</em></span> <span class='ocrx_word' id='word_1_457' title='bbox 851 3602 943 3651; x_wconf 80' lang='grc' dir='ltr'>καὶ</span> <span class='ocrx_word' id='word_1_458' title='bbox 1003 3597 1163 3659; x_wconf 75' lang='grc' dir='ltr'><em>αὐτὸς</em></span> <span class='ocrx_word' id='word_1_459' title='bbox 1215 3600 1366 3651; x_wconf 85' lang='grc' dir='ltr'><em>πάθω</em></span> <span class='ocrx_word' id='word_1_460' title='bbox 1402 3601 1469 3651; x_wconf 82' lang='grc' dir='ltr'>τὰ</span> <span class='ocrx_word' id='word_1_461' title='bbox 1524 3600 1716 3671; x_wconf 73' lang='grc' dir='ltr'><em>ὅμοιαι</em></span> 
     </span>
    </p>
   </div>
   <div class='ocr_carea' id='block_1_68' title="bbox 99 3685 1720 3761">
    <p class='ocr_par' dir='ltr' id='par_1_68' title="bbox 99 3685 1720 3761">
     <span class='ocr_line' id='line_1_68' title="bbox 99 3685 1720 3761; baseline 0.001 -22"><span class='ocrx_word' id='word_1_462' title='bbox 99 3687 328 3761; x_wconf 83' lang='grc' dir='ltr'><em>ἔθραττε</em></span> <span class='ocrx_word' id='word_1_463' title='bbox 352 3705 444 3738; x_wconf 79' lang='grc' dir='ltr'>και</span> <span class='ocrx_word' id='word_1_464' title='bbox 463 3689 565 3760; x_wconf 82' lang='grc' dir='ltr'><em>γὰρ</em></span> <span class='ocrx_word' id='word_1_465' title='bbox 604 3689 692 3738; x_wconf 85' lang='grc' dir='ltr'><em>τὸν</em></span> <span class='ocrx_word' id='word_1_466' title='bbox 747 3686 910 3739; x_wconf 79' lang='grc' dir='ltr'><em>αὐτοῦ</em></span> <span class='ocrx_word' id='word_1_467' title='bbox 951 3685 1201 3759; x_wconf 84' lang='grc' dir='ltr'><em>λογισμὸν</em></span> <span class='ocrx_word' id='word_1_468' title='bbox 1247 3691 1306 3739; x_wconf 85' lang='grc' dir='ltr'>τό</span> <span class='ocrx_word' id='word_1_469' title='bbox 1358 3686 1411 3750; x_wconf 76' lang='grc' dir='ltr'><em>ἐξ</em></span> <span class='ocrx_word' id='word_1_470' title='bbox 1465 3688 1720 3759; x_wconf 80' lang='grc' dir='ltr'><em>ὑπογυίου</em></span> 
     </span>
    </p>
   </div>
   <div class='ocr_carea' id='block_1_69' title="bbox 104 3771 1717 3851">
    <p class='ocr_par' dir='ltr' id='par_1_69' title="bbox 104 3771 1717 3851">
     <span class='ocr_line' id='line_1_69' title="bbox 104 3771 1717 3851; baseline 0.001 -24"><span class='ocrx_word' id='word_1_471' title='bbox 104 3772 322 3847; x_wconf 77' lang='grc' dir='ltr'><em>συμϐὰν</em></span> <span class='ocrx_word' id='word_1_472' title='bbox 353 3776 466 3846; x_wconf 84' lang='grc' dir='ltr'><em>ἐμοὶ</em></span> <span class='ocrx_word' id='word_1_473' title='bbox 498 3774 623 3849; x_wconf 84' lang='grc' dir='ltr'><em>παρ’</em></span> <span class='ocrx_word' id='word_1_474' title='bbox 668 3775 849 3829; x_wconf 77' lang='grc' dir='ltr'>αὐτοῦ.</span> <span class='ocrx_word' id='word_1_475' title='bbox 882 3776 948 3827; x_wconf 85' lang='grc' dir='ltr'>Οἱ</span> <span class='ocrx_word' id='word_1_476' title='bbox 1001 3771 1061 3828; x_wconf 73' lang='grc' dir='ltr'><em>δὲ</em></span> <span class='ocrx_word' id='word_1_477' title='bbox 1089 3777 1155 3827; x_wconf 86' lang='grc' dir='ltr'>τὰ</span> <span class='ocrx_word' id='word_1_478' title='bbox 1206 3775 1322 3827; x_wconf 82' lang='grc' dir='ltr'><em>κατ’</em></span> <span class='ocrx_word' id='word_1_479' title='bbox 1374 3774 1460 3828; x_wconf 67' lang='grc' dir='ltr'>ἐπὶ</span> <span class='ocrx_word' id='word_1_480' title='bbox 1510 3774 1717 3851; x_wconf 78' lang='grc' dir='ltr'>ἀκριϐέ-</span> 
     </span>
    </p>
   </div>
   <div class='ocr_carea' id='block_1_70' title="bbox 104 3859 1720 3936">
    <p class='ocr_par' dir='ltr' id='par_1_70' title="bbox 104 3859 1720 3936">
     <span class='ocr_line' id='line_1_70' title="bbox 104 3859 1720 3936; baseline 0.002 -23"><span class='ocrx_word' id='word_1_481' title='bbox 104 3881 291 3935; x_wconf 85' lang='grc' dir='ltr'><em>στερον</em></span> <span class='ocrx_word' id='word_1_482' title='bbox 340 3860 625 3934; x_wconf 76' lang='grc' dir='ltr'>ἐπιγνόντες</span> <span class='ocrx_word' id='word_1_483' title='bbox 690 3859 1099 3936; x_wconf 83' lang='grc' dir='ltr'><em>διισχυρίζοντο</em></span> <span class='ocrx_word' id='word_1_484' title='bbox 1146 3867 1217 3936; x_wconf 83' lang='grc' dir='ltr'>μὴ</span> <span class='ocrx_word' id='word_1_485' title='bbox 1268 3865 1329 3915; x_wconf 78' lang='grc' dir='ltr'>ἄν</span> <span class='ocrx_word' id='word_1_486' title='bbox 1380 3882 1508 3916; x_wconf 90' lang='grc' dir='ltr'><em>ποτε</em></span> <span class='ocrx_word' id='word_1_487' title='bbox 1552 3871 1720 3917; x_wconf 84' lang='grc' dir='ltr'><em>τοιοῦ-</em></span> 
     </span>
    </p>
   </div>
   <div class='ocr_carea' id='block_1_71' title="bbox 96 3948 1716 4026">
    <p class='ocr_par' dir='ltr' id='par_1_71' title="bbox 96 3948 1716 4026">
     <span class='ocr_line' id='line_1_71' title="bbox 96 3948 1716 4026; baseline 0.001 -23"><span class='ocrx_word' id='word_1_488' title='bbox 96 3968 198 4003; x_wconf 88' lang='grc' dir='ltr'><em>τον</em></span> <span class='ocrx_word' id='word_1_489' title='bbox 225 3955 442 4022; x_wconf 75' lang='grc' dir='ltr'><em>φανῆναί</em></span> <span class='ocrx_word' id='word_1_490' title='bbox 479 3970 563 4022; x_wconf 86' lang='grc' dir='ltr'><em>με.</em></span> <span class='ocrx_word' id='word_1_491' title='bbox 617 3950 760 4004; x_wconf 80' lang='grc' dir='ltr'><em>Ἐπεὶ</em></span> <span class='ocrx_word' id='word_1_492' title='bbox 820 3948 878 4004; x_wconf 74' lang='grc' dir='ltr'><em>δὲ</em></span> <span class='ocrx_word' id='word_1_493' title='bbox 935 3957 1129 4025; x_wconf 85' lang='grc' dir='ltr'><em>χρόνος</em></span> <span class='ocrx_word' id='word_1_494' title='bbox 1173 3950 1441 4026; x_wconf 79' lang='grc' dir='ltr'><em>παρερῥύη</em></span> <span class='ocrx_word' id='word_1_495' title='bbox 1496 3955 1716 4023; x_wconf 87' lang='grc' dir='ltr'><em>συχνὸς,</em></span> 
     </span>
    </p>
   </div>
   <div class='ocr_carea' id='block_1_72' title="bbox 98 4035 1721 4113">
    <p class='ocr_par' dir='ltr' id='par_1_72' title="bbox 98 4035 1721 4113">
     <span class='ocr_line' id='line_1_72' title="bbox 98 4035 1721 4113; baseline 0.001 -22"><span class='ocrx_word' id='word_1_496' title='bbox 98 4044 203 4092; x_wconf 79' lang='grc' dir='ltr'><em>καὶ</em></span> <span class='ocrx_word' id='word_1_497' title='bbox 251 4047 351 4091; x_wconf 84' lang='grc' dir='ltr'>τῶν</span> <span class='ocrx_word' id='word_1_498' title='bbox 408 4042 767 4113; x_wconf 73' lang='grc' dir='ltr'><em>ἑπερχομένων</em></span> <span class='ocrx_word' id='word_1_499' title='bbox 825 4035 1103 4112; x_wconf 81' lang='grc' dir='ltr'><em>δεσμώτην</em></span> <span class='ocrx_word' id='word_1_500' title='bbox 1159 4038 1433 4107; x_wconf 80' lang='grc' dir='ltr'><em>ἐμάνθανεν</em></span> <span class='ocrx_word' id='word_1_501' title='bbox 1481 4037 1610 4093; x_wconf 87' lang='grc' dir='ltr'><em>εἷναί</em></span> <span class='ocrx_word' id='word_1_502' title='bbox 1657 4060 1721 4113; x_wconf 86' lang='grc' dir='ltr'>με</span> 
     </span>
    </p>
   </div>
   <div class='ocr_carea' id='block_1_73' title="bbox 99 4125 1720 4202">
    <p class='ocr_par' dir='ltr' id='par_1_73' title="bbox 99 4125 1720 4202">
     <span class='ocr_line' id='line_1_73' title="bbox 99 4125 1720 4202; baseline 0.001 -22"><span class='ocrx_word' id='word_1_503' title='bbox 99 4132 203 4180; x_wconf 77' lang='grc' dir='ltr'><em>καὶ</em></span> <span class='ocrx_word' id='word_1_504' title='bbox 261 4129 434 4202; x_wconf 73' lang='grc' dir='ltr'><em>εἱρκτῇ</em></span> <span class='ocrx_word' id='word_1_505' title='bbox 501 4127 886 4201; x_wconf 82' lang='grc' dir='ltr'><em>περικλείεσθαι</em></span> <span class='ocrx_word' id='word_1_506' title='bbox 931 4125 1257 4190; x_wconf 79' lang='grc' dir='ltr'><em>ποδοκάκαις</em></span> <span class='ocrx_word' id='word_1_507' title='bbox 1308 4148 1363 4181; x_wconf 83' lang='grc' dir='ltr'>τε</span> <span class='ocrx_word' id='word_1_508' title='bbox 1409 4133 1499 4182; x_wconf 81' lang='grc' dir='ltr'>καὶ</span> <span class='ocrx_word' id='word_1_509' title='bbox 1545 4149 1720 4202; x_wconf 82' lang='grc' dir='ltr'><em>χειρο-</em></span> 
     </span>
    </p>
   </div>
   <div class='ocr_carea' id='block_1_74' title="bbox 98 4211 1717 4293">
    <p class='ocr_par' dir='ltr' id='par_1_74' title="bbox 98 4211 1717 4293">
     <span class='ocr_line' id='line_1_74' title="bbox 98 4211 1717 4293; baseline 0.001 -24"><span class='ocrx_word' id='word_1_510' title='bbox 98 4211 299 4278; x_wconf 79' lang='grc' dir='ltr'><em>πέδαις</em></span> <span class='ocrx_word' id='word_1_511' title='bbox 333 4219 671 4288; x_wconf 80' lang='grc' dir='ltr'><em>συνέχεσθαι,</em></span> <span class='ocrx_word' id='word_1_512' title='bbox 734 4216 820 4289; x_wconf 90' lang='grc' dir='ltr'>[Ρ.</span> <span class='ocrx_word' id='word_1_513' title='bbox 885 4217 975 4289; x_wconf 70' lang='grc'>84]</span> <span class='ocrx_word' id='word_1_514' title='bbox 1034 4217 1213 4290; x_wconf 71' lang='grc' dir='ltr'><em>ἠγάπα</em></span> <span class='ocrx_word' id='word_1_515' title='bbox 1264 4237 1319 4270; x_wconf 85' lang='grc' dir='ltr'><em>τε</em></span> <span class='ocrx_word' id='word_1_516' title='bbox 1384 4221 1478 4276; x_wconf 77' lang='grc' dir='ltr'><em>τὴν</em></span> <span class='ocrx_word' id='word_1_517' title='bbox 1530 4217 1717 4293; x_wconf 85' lang='grc' dir='ltr'><em>πρᾶξιν</em></span> 
     </span>
    </p>
   </div>
   <div class='ocr_carea' id='block_1_75' title="bbox 1826 3060 3465 3134">
    <p class='ocr_par' dir='ltr' id='par_1_75' title="bbox 1826 3060 3465 3134">
     <span class='ocr_line' id='line_1_75' title="bbox 1826 3060 3465 3134; baseline -0.001 -16"><span class='ocrx_word' id='word_1_518' title='bbox 1826 3067 2153 3134; x_wconf 87' lang='lat' dir='ltr'>occupatas</span> <span class='ocrx_word' id='word_1_519' title='bbox 2194 3061 2397 3122; x_wconf 81' lang='lat' dir='ltr'>urbes,</span> <span class='ocrx_word' id='word_1_520' title='bbox 2426 3060 2606 3117; x_wconf 87' lang='lat' dir='ltr'>veluti</span> <span class='ocrx_word' id='word_1_521' title='bbox 2643 3077 2861 3118; x_wconf 64' lang='lat' dir='ltr'>mensas</span> <span class='ocrx_word' id='word_1_522' title='bbox 2899 3060 3236 3134; x_wconf 72' lang='lat' dir='ltr'>prmfectum</span> <span class='ocrx_word' id='word_1_523' title='bbox 3297 3062 3465 3134; x_wconf 72' lang='lat'>161</span> 
     </span>
    </p>
   </div>
   <div class='ocr_carea' id='block_1_76' title="bbox 1828 3149 3474 3223">
    <p class='ocr_par' dir='ltr' id='par_1_76' title="bbox 1828 3149 3474 3223">
     <span class='ocr_line' id='line_1_76' title="bbox 1828 3149 3474 3223; baseline 0 -17"><span class='ocrx_word' id='word_1_524' title='bbox 1828 3152 2122 3207; x_wconf 78' lang='lat' dir='ltr'>Isaacium</span> <span class='ocrx_word' id='word_1_525' title='bbox 2161 3154 2548 3219; x_wconf 88' lang='lat' dir='ltr'>Nestongum,</span> <span class='ocrx_word' id='word_1_526' title='bbox 2611 3149 2707 3205; x_wconf 91' lang='lat' dir='ltr'>cui</span> <span class='ocrx_word' id='word_1_527' title='bbox 2744 3150 2893 3223; x_wconf 90' lang='lat' dir='ltr'>ipse,</span> <span class='ocrx_word' id='word_1_528' title='bbox 2928 3154 2992 3206; x_wconf 89' lang='lat' dir='ltr'>ut</span> <span class='ocrx_word' id='word_1_529' title='bbox 3016 3155 3195 3206; x_wconf 87' lang='lat' dir='ltr'>antea</span> <span class='ocrx_word' id='word_1_530' title='bbox 3210 3150 3474 3217; x_wconf 85' lang='lat' dir='ltr'>narravi,</span> 
     </span>
    </p>
   </div>
   <div class='ocr_carea' id='block_1_77' title="bbox 1828 3237 3484 3310">
    <p class='ocr_par' dir='ltr' id='par_1_77' title="bbox 1828 3237 3484 3310">
     <span class='ocr_line' id='line_1_77' title="bbox 1828 3237 3484 3310; baseline -0.001 -15"><span class='ocrx_word' id='word_1_531' title='bbox 1828 3239 2099 3296; x_wconf 67' lang='lat' dir='ltr'>Achridaa</span> <span class='ocrx_word' id='word_1_532' title='bbox 2132 3238 2470 3294; x_wconf 88' lang='lat' dir='ltr'>custodiam</span> <span class='ocrx_word' id='word_1_533' title='bbox 2488 3238 3025 3308; x_wconf 88' lang='lat' dir='ltr'>demandaveram,</span> <span class='ocrx_word' id='word_1_534' title='bbox 3056 3237 3330 3310; x_wconf 87' lang='lat' dir='ltr'>aliosque</span> <span class='ocrx_word' id='word_1_535' title='bbox 3359 3252 3484 3294; x_wconf 88' lang='lat' dir='ltr'>non</span> 
     </span>
    </p>
   </div>
   <div class='ocr_carea' id='block_1_78' title="bbox 1829 3325 3480 3401">
    <p class='ocr_par' dir='ltr' id='par_1_78' title="bbox 1829 3325 3480 3401">
     <span class='ocr_line' id='line_1_78' title="bbox 1829 3325 3480 3401; baseline -0.001 -17"><span class='ocrx_word' id='word_1_536' title='bbox 1829 3343 2059 3401; x_wconf 89' lang='lat' dir='ltr'>paucos</span> <span class='ocrx_word' id='word_1_537' title='bbox 2085 3345 2157 3384; x_wconf 90' lang='lat' dir='ltr'>ex</span> <span class='ocrx_word' id='word_1_538' title='bbox 2172 3327 2434 3384; x_wconf 83' lang='lat' dir='ltr'>maxime</span> <span class='ocrx_word' id='word_1_539' title='bbox 2447 3327 2601 3383; x_wconf 90' lang='lat' dir='ltr'>notis</span> <span class='ocrx_word' id='word_1_540' title='bbox 2621 3330 2802 3400; x_wconf 87' lang='lat' dir='ltr'>atque</span> <span class='ocrx_word' id='word_1_541' title='bbox 2814 3326 3119 3384; x_wconf 88' lang='lat' dir='ltr'>nobilibus</span> <span class='ocrx_word' id='word_1_542' title='bbox 3142 3325 3480 3383; x_wconf 84' lang='lat' dir='ltr'>voluntarie</span> 
     </span>
    </p>
   </div>
   <div class='ocr_carea' id='block_1_79' title="bbox 1829 3413 3484 3488">
    <p class='ocr_par' dir='ltr' id='par_1_79' title="bbox 1829 3413 3484 3488">
     <span class='ocr_line' id='line_1_79' title="bbox 1829 3413 3484 3488; baseline -0.001 -15"><span class='ocrx_word' id='word_1_543' title='bbox 1829 3433 1892 3473; x_wconf 88' lang='lat' dir='ltr'>se</span> <span class='ocrx_word' id='word_1_544' title='bbox 1917 3416 2203 3473; x_wconf 89' lang='lat' dir='ltr'>defectori</span> <span class='ocrx_word' id='word_1_545' title='bbox 2226 3415 2589 3481; x_wconf 88' lang='lat' dir='ltr'>subdidisse,</span> <span class='ocrx_word' id='word_1_546' title='bbox 2617 3415 2693 3471; x_wconf 92' lang='lat' dir='ltr'>de</span> <span class='ocrx_word' id='word_1_547' title='bbox 2721 3431 2817 3471; x_wconf 92' lang='lat' dir='ltr'>me</span> <span class='ocrx_word' id='word_1_548' title='bbox 2841 3430 3087 3488; x_wconf 90' lang='lat' dir='ltr'>quoque</span> <span class='ocrx_word' id='word_1_549' title='bbox 3119 3413 3386 3482; x_wconf 88' lang='lat' dir='ltr'>timebat,</span> <span class='ocrx_word' id='word_1_550' title='bbox 3406 3429 3484 3472; x_wconf 87' lang='lat' dir='ltr'>ne</span> 
     </span>
    </p>
   </div>
   <div class='ocr_carea' id='block_1_80' title="bbox 1827 3504 3488 3581">
    <p class='ocr_par' dir='ltr' id='par_1_80' title="bbox 1827 3504 3488 3581">
     <span class='ocr_line' id='line_1_80' title="bbox 1827 3504 3488 3581; baseline -0.001 -18"><span class='ocrx_word' id='word_1_551' title='bbox 1827 3506 1973 3579; x_wconf 90' lang='lat' dir='ltr'>quid</span> <span class='ocrx_word' id='word_1_552' title='bbox 2008 3511 2307 3581; x_wconf 86' lang='lat' dir='ltr'>patrarem</span> <span class='ocrx_word' id='word_1_553' title='bbox 2358 3504 2581 3562; x_wconf 87' lang='lat' dir='ltr'>simile:</span> <span class='ocrx_word' id='word_1_554' title='bbox 2628 3505 2804 3561; x_wconf 85' lang='lat' dir='ltr'>anxie</span> <span class='ocrx_word' id='word_1_555' title='bbox 2831 3506 2991 3562; x_wconf 89' lang='lat' dir='ltr'>enim</span> <span class='ocrx_word' id='word_1_556' title='bbox 3022 3504 3181 3562; x_wconf 89' lang='lat' dir='ltr'>illius</span> <span class='ocrx_word' id='word_1_557' title='bbox 3212 3504 3488 3561; x_wconf 89' lang='lat' dir='ltr'>animum</span> 
     </span>
    </p>
   </div>
   <div class='ocr_carea' id='block_1_81' title="bbox 1827 3593 3484 3667">
    <p class='ocr_par' dir='ltr' id='par_1_81' title="bbox 1827 3593 3484 3667">
     <span class='ocr_line' id='line_1_81' title="bbox 1827 3593 3484 3667; baseline -0.002 -15"><span class='ocrx_word' id='word_1_558' title='bbox 1827 3594 2134 3665; x_wconf 88' lang='lat' dir='ltr'>turbabat,</span> <span class='ocrx_word' id='word_1_559' title='bbox 2164 3593 2331 3666; x_wconf 90' lang='lat' dir='ltr'>quod</span> <span class='ocrx_word' id='word_1_560' title='bbox 2359 3610 2553 3667; x_wconf 87' lang='lat' dir='ltr'>nuper</span> <span class='ocrx_word' id='word_1_561' title='bbox 2589 3594 2721 3666; x_wconf 88' lang='lat' dir='ltr'>ipse</span> <span class='ocrx_word' id='word_1_562' title='bbox 2774 3593 2837 3649; x_wconf 92' lang='lat' dir='ltr'>in</span> <span class='ocrx_word' id='word_1_563' title='bbox 2876 3610 2975 3650; x_wconf 91' lang='lat' dir='ltr'>me</span> <span class='ocrx_word' id='word_1_564' title='bbox 3020 3597 3484 3666; x_wconf 87' lang='lat' dir='ltr'>perpetraverat.</span> 
     </span>
    </p>
   </div>
   <div class='ocr_carea' id='block_1_82' title="bbox 1828 3681 3484 3756">
    <p class='ocr_par' dir='ltr' id='par_1_82' title="bbox 1828 3681 3484 3756">
     <span class='ocr_line' id='line_1_82' title="bbox 1828 3681 3484 3756; baseline -0.001 -16"><span class='ocrx_word' id='word_1_565' title='bbox 1828 3689 2102 3740; x_wconf 88' lang='lat' dir='ltr'>Attamen</span> <span class='ocrx_word' id='word_1_566' title='bbox 2134 3684 2209 3739; x_wconf 92' lang='lat' dir='ltr'>de</span> <span class='ocrx_word' id='word_1_567' title='bbox 2240 3700 2336 3739; x_wconf 91' lang='lat' dir='ltr'>me</span> <span class='ocrx_word' id='word_1_568' title='bbox 2359 3684 2657 3756; x_wconf 88' lang='lat' dir='ltr'>rebusque</span> <span class='ocrx_word' id='word_1_569' title='bbox 2687 3683 2838 3739; x_wconf 87' lang='lat' dir='ltr'>meis</span> <span class='ocrx_word' id='word_1_570' title='bbox 2887 3683 3256 3740; x_wconf 84' lang='lat' dir='ltr'>enucleatius</span> <span class='ocrx_word' id='word_1_571' title='bbox 3285 3681 3484 3738; x_wconf 87' lang='lat' dir='ltr'>edocti</span> 
     </span>
    </p>
   </div>
   <div class='ocr_carea' id='block_1_83' title="bbox 1828 3770 3488 3845">
    <p class='ocr_par' dir='ltr' id='par_1_83' title="bbox 1828 3770 3488 3845">
     <span class='ocr_line' id='line_1_83' title="bbox 1828 3770 3488 3845; baseline -0.002 -17"><span class='ocrx_word' id='word_1_572' title='bbox 1828 3789 1924 3828; x_wconf 91' lang='lat' dir='ltr'>me</span> <span class='ocrx_word' id='word_1_573' title='bbox 1946 3788 2248 3845; x_wconf 90' lang='lat' dir='ltr'>nusquam</span> <span class='ocrx_word' id='word_1_574' title='bbox 2281 3773 2458 3828; x_wconf 89' lang='lat' dir='ltr'>talem</span> <span class='ocrx_word' id='word_1_575' title='bbox 2515 3771 2783 3827; x_wconf 86' lang='lat' dir='ltr'>futurum</span> <span class='ocrx_word' id='word_1_576' title='bbox 2826 3770 3292 3829; x_wconf 87' lang='lat' dir='ltr'>contendebant.</span> <span class='ocrx_word' id='word_1_577' title='bbox 3349 3772 3488 3826; x_wconf 89' lang='lat' dir='ltr'>Post</span> 
     </span>
    </p>
   </div>
   <div class='ocr_carea' id='block_1_84' title="bbox 1826 3858 3481 3934">
    <p class='ocr_par' dir='ltr' id='par_1_84' title="bbox 1826 3858 3481 3934">
     <span class='ocr_line' id='line_1_84' title="bbox 1826 3858 3481 3934; baseline -0.003 -16"><span class='ocrx_word' id='word_1_578' title='bbox 1826 3866 2066 3934; x_wconf 87' lang='lat' dir='ltr'>tempus</span> <span class='ocrx_word' id='word_1_579' title='bbox 2097 3877 2216 3917; x_wconf 90' lang='lat' dir='ltr'>non</span> <span class='ocrx_word' id='word_1_580' title='bbox 2248 3860 2556 3916; x_wconf 91' lang='lat' dir='ltr'>modicum</span> <span class='ocrx_word' id='word_1_581' title='bbox 2588 3876 2661 3915; x_wconf 81' lang='lat' dir='ltr'>ex</span> <span class='ocrx_word' id='word_1_582' title='bbox 2691 3860 3068 3917; x_wconf 89' lang='lat' dir='ltr'>internuntiis</span> <span class='ocrx_word' id='word_1_583' title='bbox 3102 3875 3199 3914; x_wconf 91' lang='lat' dir='ltr'>me</span> <span class='ocrx_word' id='word_1_584' title='bbox 3226 3858 3481 3914; x_wconf 87' lang='lat' dir='ltr'>vinculis</span> 
     </span>
    </p>
   </div>
   <div class='ocr_carea' id='block_1_85' title="bbox 1828 3945 3484 4019">
    <p class='ocr_par' dir='ltr' id='par_1_85' title="bbox 1828 3945 3484 4019">
     <span class='ocr_line' id='line_1_85' title="bbox 1828 3945 3484 4019; baseline -0.002 -14"><span class='ocrx_word' id='word_1_585' title='bbox 1828 3949 2140 4005; x_wconf 89' lang='lat' dir='ltr'>addictum</span> <span class='ocrx_word' id='word_1_586' title='bbox 2165 3948 2400 4006; x_wconf 85' lang='lat' dir='ltr'>occludi</span> <span class='ocrx_word' id='word_1_587' title='bbox 2423 3964 2681 4015; x_wconf 88' lang='lat' dir='ltr'>carcere,</span> <span class='ocrx_word' id='word_1_588' title='bbox 2712 3947 3109 4019; x_wconf 87' lang='lat' dir='ltr'>compedibus</span> <span class='ocrx_word' id='word_1_589' title='bbox 3147 3945 3354 4018; x_wconf 87' lang='lat' dir='ltr'>pedes,</span> <span class='ocrx_word' id='word_1_590' title='bbox 3386 3961 3484 4002; x_wconf 87' lang='lat' dir='ltr'>ca-</span> 
     </span>
    </p>
   </div>
   <div class='ocr_carea' id='block_1_86' title="bbox 1826 4033 3485 4111">
    <p class='ocr_par' dir='ltr' id='par_1_86' title="bbox 1826 4033 3485 4111">
     <span class='ocr_line' id='line_1_86' title="bbox 1826 4033 3485 4111; baseline -0.002 -18"><span class='ocrx_word' id='word_1_591' title='bbox 1826 4038 1984 4111; x_wconf 90' lang='lat' dir='ltr'>pulis</span> <span class='ocrx_word' id='word_1_592' title='bbox 2006 4054 2225 4094; x_wconf 90' lang='lat' dir='ltr'>manus</span> <span class='ocrx_word' id='word_1_593' title='bbox 2251 4036 2501 4110; x_wconf 83' lang='lat' dir='ltr'>astringi</span> <span class='ocrx_word' id='word_1_594' title='bbox 2529 4050 2992 4105; x_wconf 88' lang='lat' dir='ltr'>recognoscens,</span> <span class='ocrx_word' id='word_1_595' title='bbox 3021 4034 3257 4091; x_wconf 83' lang='lat' dir='ltr'>facinus</span> <span class='ocrx_word' id='word_1_596' title='bbox 3275 4033 3485 4091; x_wconf 87' lang='lat' dir='ltr'>lauda-</span> 
     </span>
    </p>
   </div>
   <div class='ocr_carea' id='block_1_87' title="bbox 1824 4122 3483 4196">
    <p class='ocr_par' dir='ltr' id='par_1_87' title="bbox 1824 4122 3483 4196">
     <span class='ocr_line' id='line_1_87' title="bbox 1824 4122 3483 4196; baseline -0.002 -12"><span class='ocrx_word' id='word_1_597' title='bbox 1824 4143 1911 4192; x_wconf 88' lang='lat' dir='ltr'>re,</span> <span class='ocrx_word' id='word_1_598' title='bbox 1942 4126 2270 4183; x_wconf 73' lang='lat' dir='ltr'>humanius</span> <span class='ocrx_word' id='word_1_599' title='bbox 2291 4126 2351 4181; x_wconf 91' lang='lat' dir='ltr'>in</span> <span class='ocrx_word' id='word_1_600' title='bbox 2385 4142 2479 4181; x_wconf 89' lang='lat' dir='ltr'>me</span> <span class='ocrx_word' id='word_1_601' title='bbox 2532 4123 2709 4193; x_wconf 70' lang='lat' dir='ltr'>amci,</span> <span class='ocrx_word' id='word_1_602' title='bbox 2741 4124 2938 4196; x_wconf 89' lang='lat' dir='ltr'>deque</span> <span class='ocrx_word' id='word_1_603' title='bbox 2984 4122 3165 4180; x_wconf 89' lang='lat' dir='ltr'>rebus</span> <span class='ocrx_word' id='word_1_604' title='bbox 3196 4123 3368 4192; x_wconf 91' lang='lat' dir='ltr'>meis,</span> <span class='ocrx_word' id='word_1_605' title='bbox 3405 4137 3483 4181; x_wconf 84' lang='lat' dir='ltr'>ne</span> 
     </span>
    </p>
   </div>
   <div class='ocr_carea' id='block_1_88' title="bbox 1828 4209 3479 4288">
    <p class='ocr_par' dir='ltr' id='par_1_88' title="bbox 1828 4209 3479 4288">
     <span class='ocr_line' id='line_1_88' title="bbox 1828 4209 3479 4288; baseline -0.003 -16"><span class='ocrx_word' id='word_1_606' title='bbox 1828 4215 2045 4288; x_wconf 88' lang='lat' dir='ltr'>aliquis</span> <span class='ocrx_word' id='word_1_607' title='bbox 2074 4215 2133 4271; x_wconf 89' lang='lat' dir='ltr'>in</span> <span class='ocrx_word' id='word_1_608' title='bbox 2162 4230 2267 4271; x_wconf 92' lang='lat' dir='ltr'>eas</span> <span class='ocrx_word' id='word_1_609' title='bbox 2310 4213 2710 4270; x_wconf 88' lang='lat' dir='ltr'>intruderetur</span> <span class='ocrx_word' id='word_1_610' title='bbox 2767 4211 3186 4286; x_wconf 89' lang='lat' dir='ltr'>damnumque</span> <span class='ocrx_word' id='word_1_611' title='bbox 3214 4209 3479 4282; x_wconf 88' lang='lat' dir='ltr'>inferret,</span> 
     </span>
    </p>
   </div>
   <div class='ocr_carea' id='block_1_89' title="bbox 97 4299 1721 4399">
    <p class='ocr_par' dir='ltr' id='par_1_89' title="bbox 97 4302 1716 4380">
     <span class='ocr_line' id='line_1_89' title="bbox 97 4302 1716 4380; baseline 0.001 -23"><span class='ocrx_word' id='word_1_612' title='bbox 97 4310 202 4358; x_wconf 81' lang='grc' dir='ltr'>καί</span> <span class='ocrx_word' id='word_1_613' title='bbox 225 4325 315 4377; x_wconf 85' lang='grc' dir='ltr'>μοι</span> <span class='ocrx_word' id='word_1_614' title='bbox 360 4306 801 4379; x_wconf 43' lang='grc' dir='ltr'><em>προσφιῇστερον</em></span> <span class='ocrx_word' id='word_1_615' title='bbox 837 4302 1139 4376; x_wconf 80' lang='grc' dir='ltr'><em>διετέθειτο,</em></span> <span class='ocrx_word' id='word_1_616' title='bbox 1197 4307 1447 4380; x_wconf 80' lang='grc' dir='ltr'><em>ὁρισμοὺς</em></span> <span class='ocrx_word' id='word_1_617' title='bbox 1501 4304 1559 4360; x_wconf 68' lang='grc' dir='ltr'>δὲ</span> <span class='ocrx_word' id='word_1_618' title='bbox 1605 4306 1716 4360; x_wconf 76' lang='grc' dir='ltr'><em>ἑπε-</em></span> 
     </span>
    </p>
   </div>
   <div class='ocr_carea' id='block_1_90' title="bbox 1874 4299 3472 4399">
    <p class='ocr_par' dir='ltr' id='par_1_90' title="bbox 1874 4299 3472 4374">
     <span class='ocr_line' id='line_1_90' title="bbox 1874 4299 3472 4374; baseline -0.003 -13"><span class='ocrx_word' id='word_1_619' title='bbox 1874 4310 2068 4361; x_wconf 90' lang='lat' dir='ltr'>ecreta</span> <span class='ocrx_word' id='word_1_620' title='bbox 2094 4302 2395 4373; x_wconf 86' lang='lat' dir='ltr'>evulgare.</span> <span class='ocrx_word' id='word_1_621' title='bbox 2431 4305 2496 4359; x_wconf 87' lang='lat' dir='ltr'>Et</span> <span class='ocrx_word' id='word_1_622' title='bbox 2521 4302 2649 4359; x_wconf 67' lang='lat' dir='ltr'>haec</span> <span class='ocrx_word' id='word_1_623' title='bbox 2675 4301 2923 4374; x_wconf 89' lang='lat' dir='ltr'>quidem</span> <span class='ocrx_word' id='word_1_624' title='bbox 2957 4301 3043 4357; x_wconf 92' lang='lat' dir='ltr'>sic</span> <span class='ocrx_word' id='word_1_625' title='bbox 3085 4316 3148 4357; x_wconf 88' lang='lat' dir='ltr'>se</span> <span class='ocrx_word' id='word_1_626' title='bbox 3176 4299 3472 4358; x_wconf 85' lang='lat' dir='ltr'>habuere.</span> 
     </span>
    </p>
   </div>
   <div class='ocr_carea' id='block_1_91' title="bbox 96 4393 1718 4470">
    <p class='ocr_par' dir='ltr' id='par_1_91' title="bbox 96 4393 1718 4470">
     <span class='ocr_line' id='line_1_91' title="bbox 96 4393 1718 4470; baseline 0 -23"><span class='ocrx_word' id='word_1_627' title='bbox 96 4400 321 4452; x_wconf 82' lang='grc' dir='ltr'><em>ποιήκει</em></span> <span class='ocrx_word' id='word_1_628' title='bbox 367 4396 645 4466; x_wconf 75' lang='grc' dir='ltr'><em>κτημάτων</em></span> <span class='ocrx_word' id='word_1_629' title='bbox 674 4398 793 4470; x_wconf 85' lang='grc' dir='ltr'><em>πέρι</em></span> <span class='ocrx_word' id='word_1_630' title='bbox 842 4402 941 4447; x_wconf 83' lang='grc' dir='ltr'>τῶν</span> <span class='ocrx_word' id='word_1_631' title='bbox 999 4394 1153 4466; x_wconf 79' lang='grc' dir='ltr'><em>ἐμῶν,</em></span> <span class='ocrx_word' id='word_1_632' title='bbox 1211 4393 1415 4467; x_wconf 74' lang='grc' dir='ltr'><em>μηδένα</em></span> <span class='ocrx_word' id='word_1_633' title='bbox 1453 4395 1718 4467; x_wconf 85' lang='grc' dir='ltr'><em>τολμῆσαι</em></span> 
     </span>
    </p>
   </div>
   <div class='ocr_carea' id='block_1_92' title="bbox 93 4478 1742 4558">
    <p class='ocr_par' dir='ltr' id='par_1_92' title="bbox 93 4478 1742 4558">
     <span class='ocr_line' id='line_1_92' title="bbox 93 4478 1742 4558; baseline 0.003 -22"><span class='ocrx_word' id='word_1_634' title='bbox 93 4478 254 4536; x_wconf 80' lang='grc' dir='ltr'><em>ποδα</em></span> <span class='ocrx_word' id='word_1_635' title='bbox 297 4502 350 4535; x_wconf 86' lang='grc' dir='ltr'>τε</span> <span class='ocrx_word' id='word_1_636' title='bbox 426 4481 601 4555; x_wconf 83' lang='grc' dir='ltr'><em>βαλεῖν</em></span> <span class='ocrx_word' id='word_1_637' title='bbox 668 4482 717 4534; x_wconf 77' lang='grc' dir='ltr'><em>ἐν</em></span> <span class='ocrx_word' id='word_1_638' title='bbox 774 4482 953 4545; x_wconf 70' lang='grc' dir='ltr'><em>αὐτοῖς</em></span> <span class='ocrx_word' id='word_1_639' title='bbox 1004 4489 1094 4536; x_wconf 78' lang='grc' dir='ltr'>καὶ</span> <span class='ocrx_word' id='word_1_640' title='bbox 1170 4484 1366 4557; x_wconf 81' lang='grc' dir='ltr'><em>ζημίαν</em></span> <span class='ocrx_word' id='word_1_641' title='bbox 1424 4483 1742 4558; x_wconf 74' lang='grc' dir='ltr'><em>ἐπεμϐαλεῖν.</em></span> 
     </span>
    </p>
   </div>
   <div class='ocr_carea' id='block_1_93' title="bbox 96 4569 889 4645">
    <p class='ocr_par' dir='ltr' id='par_1_93' title="bbox 96 4569 889 4645">
     <span class='ocr_line' id='line_1_93' title="bbox 96 4569 889 4645; baseline 0.004 -23"><span class='ocrx_word' id='word_1_642' title='bbox 96 4569 293 4635; x_wconf 74' lang='grc' dir='ltr'><em>ξυνέϐη</em></span> <span class='ocrx_word' id='word_1_643' title='bbox 326 4572 462 4624; x_wconf 75' lang='grc' dir='ltr'><em>οὕτω</em></span> <span class='ocrx_word' id='word_1_644' title='bbox 495 4573 561 4624; x_wconf 80' lang='grc' dir='ltr'>τὰ</span> <span class='ocrx_word' id='word_1_645' title='bbox 583 4574 889 4645; x_wconf 81' lang='grc' dir='ltr'><em>πράγματα.</em></span> 
     </span>
    </p>
   </div>
   <div class='ocr_carea' id='block_1_94' title="bbox 181 4644 1714 4735">
    <p class='ocr_par' dir='ltr' id='par_1_94' title="bbox 181 4656 1714 4735">
     <span class='ocr_line' id='line_1_94' title="bbox 181 4656 1714 4735; baseline -0.001 -20"><span class='ocrx_word' id='word_1_646' title='bbox 181 4658 275 4730; x_wconf 64' lang='lat'>07&#39;.</span> <span class='ocrx_word' id='word_1_647' title='bbox 324 4659 385 4713; x_wconf 77' lang='grc' dir='ltr'>Ὀ</span> <span class='ocrx_word' id='word_1_648' title='bbox 434 4662 525 4731; x_wconf 69' lang='grc' dir='ltr'><em>μὲν</em></span> <span class='ocrx_word' id='word_1_649' title='bbox 565 4656 654 4712; x_wconf 83' lang='grc' dir='ltr'><em>οὖν</em></span> <span class='ocrx_word' id='word_1_650' title='bbox 684 4662 732 4696; x_wconf 77' lang='grc'>⁶²</span> <span class='ocrx_word' id='word_1_651' title='bbox 789 4669 889 4712; x_wconf 85' lang='grc' dir='ltr'><em>τῶν</em></span> <span class='ocrx_word' id='word_1_652' title='bbox 947 4660 1249 4734; x_wconf 82' lang='grc' dir='ltr'><em>Βουλγάρων</em></span> <span class='ocrx_word' id='word_1_653' title='bbox 1295 4662 1498 4735; x_wconf 79' lang='grc' dir='ltr'><em>ἄρχων,</em></span> <span class='ocrx_word' id='word_1_654' title='bbox 1547 4663 1572 4713; x_wconf 86' lang='grc' dir='ltr'><strong><em>ὁ</em></strong></span> <span class='ocrx_word' id='word_1_655' title='bbox 1619 4681 1714 4733; x_wconf 86' lang='grc' dir='ltr'><em>γυ-</em></span> 
     </span>
    </p>
   </div>
   <div class='ocr_carea' id='block_1_95' title="bbox 93 4746 1717 4824">
    <p class='ocr_par' dir='ltr' id='par_1_95' title="bbox 93 4746 1717 4824">
     <span class='ocr_line' id='line_1_95' title="bbox 93 4746 1717 4824; baseline 0.001 -22"><span class='ocrx_word' id='word_1_656' title='bbox 93 4746 454 4821; x_wconf 73' lang='grc' dir='ltr'><em>ναικάδελφος</em></span> <span class='ocrx_word' id='word_1_657' title='bbox 492 4749 653 4800; x_wconf 74' lang='grc' dir='ltr'><em>αὐτοῦ</em></span> <span class='ocrx_word' id='word_1_658' title='bbox 701 4748 946 4821; x_wconf 74' lang='grc' dir='ltr'><em>Μιχαὴλ,</em></span> <span class='ocrx_word' id='word_1_659' title='bbox 1006 4749 1060 4811; x_wconf 86' lang='grc' dir='ltr'><em>ὃς</em></span> <span class='ocrx_word' id='word_1_660' title='bbox 1109 4749 1299 4807; x_wconf 78' lang='grc' dir='ltr'><em>πολλὴν</em></span> <span class='ocrx_word' id='word_1_661' title='bbox 1364 4755 1457 4809; x_wconf 74' lang='grc' dir='ltr'><em>τήν</em></span> <span class='ocrx_word' id='word_1_662' title='bbox 1520 4753 1717 4824; x_wconf 83' lang='grc' dir='ltr'><em>ἔχθραν</em></span> 
     </span>
    </p>
   </div>
   <div class='ocr_carea' id='block_1_96' title="bbox 94 4836 1718 4913">
    <p class='ocr_par' dir='ltr' id='par_1_96' title="bbox 94 4836 1718 4913">
     <span class='ocr_line' id='line_1_96' title="bbox 94 4836 1718 4913; baseline -0.001 -22"><span class='ocrx_word' id='word_1_663' title='bbox 94 4839 242 4891; x_wconf 78' lang='grc' dir='ltr'><em>κατὰ</em></span> <span class='ocrx_word' id='word_1_664' title='bbox 278 4856 333 4890; x_wconf 88' lang='grc' dir='ltr'><em>τε</em></span> <span class='ocrx_word' id='word_1_665' title='bbox 391 4837 548 4890; x_wconf 74' lang='grc' dir='ltr'><em>αὐτοῦ</em></span> <span class='ocrx_word' id='word_1_666' title='bbox 599 4846 692 4890; x_wconf 78' lang='grc' dir='ltr'>τοῦ</span> <span class='ocrx_word' id='word_1_667' title='bbox 733 4836 975 4913; x_wconf 74' lang='grc' dir='ltr'><em>γαμϐροῦ</em></span> <span class='ocrx_word' id='word_1_668' title='bbox 1027 4843 1119 4890; x_wconf 79' lang='grc' dir='ltr'>καὶ</span> <span class='ocrx_word' id='word_1_669' title='bbox 1177 4838 1437 4911; x_wconf 85' lang='grc' dir='ltr'><em>βασιλέως</em></span> <span class='ocrx_word' id='word_1_670' title='bbox 1483 4843 1574 4892; x_wconf 76' lang='grc' dir='ltr'>καὶ</span> <span class='ocrx_word' id='word_1_671' title='bbox 1620 4847 1718 4891; x_wconf 86' lang='grc' dir='ltr'>τῶν</span> 
     </span>
    </p>
   </div>
   <div class='ocr_carea' id='block_1_97' title="bbox 90 4923 1720 5001">
    <p class='ocr_par' dir='ltr' id='par_1_97' title="bbox 90 4923 1720 5001">
     <span class='ocr_line' id='line_1_97' title="bbox 90 4923 1720 5001; baseline 0.001 -21"><span class='ocrx_word' id='word_1_672' title='bbox 90 4927 370 4998; x_wconf 77' lang='grc' dir='ltr'><em>Ῥωμαίων</em></span> <span class='ocrx_word' id='word_1_673' title='bbox 429 4924 687 4999; x_wconf 72' lang='grc' dir='ltr'><em>ἐξέτρεφε,</em></span> <span class='ocrx_word' id='word_1_674' title='bbox 741 4930 871 4999; x_wconf 88' lang='grc' dir='ltr'><em>πρὸς</em></span> <span class='ocrx_word' id='word_1_675' title='bbox 923 4934 1015 4979; x_wconf 82' lang='grc' dir='ltr'>τοῦ</span> <span class='ocrx_word' id='word_1_676' title='bbox 1044 4935 1050 4943; x_wconf 89' lang='grc'><em>’</em></span> <span class='ocrx_word' id='word_1_677' title='bbox 1079 4923 1507 5001; x_wconf 77' lang='grc' dir='ltr'><em>πρωτεξαδελφου</em></span> <span class='ocrx_word' id='word_1_678' title='bbox 1559 4927 1720 4981; x_wconf 79' lang='grc' dir='ltr'><em>αὐτοῦ</em></span> 
     </span>
    </p>
   </div>
   <div class='ocr_carea' id='block_1_98' title="bbox 179 5099 1804 5190">
    <p class='ocr_par' dir='ltr' id='par_1_98' title="bbox 179 5099 1804 5190">
     <span class='ocr_line' id='line_1_98' title="bbox 179 5099 1804 5190; baseline -0.001 -33"><span class='ocrx_word' id='word_1_679' title='bbox 179 5104 229 5190; x_wconf 59' lang='grc' dir='ltr'>εξ²</span> <span class='ocrx_word' id='word_1_680' title='bbox 312 5103 356 5156; x_wconf 89' lang='lat' dir='ltr'><strong>D</strong></span> <span class='ocrx_word' id='word_1_681' title='bbox 413 5101 565 5190; x_wconf 39' lang='grc' dir='ltr'>εηῖο</span> <span class='ocrx_word' id='word_1_682' title='bbox 623 5099 830 5190; x_wconf 33' lang='grc' dir='ltr'><em>δὲιτών</em></span> <span class='ocrx_word' id='word_1_683' title='bbox 883 5103 1194 5190; x_wconf 64' lang='grc' dir='ltr'><em>Βουλγάρων</em></span> <span class='ocrx_word' id='word_1_684' title='bbox 1245 5104 1465 5190; x_wconf 39' lang='grc' dir='ltr'><em>⁸οἶλοχων,</em></span> <span class='ocrx_word' id='word_1_685' title='bbox 1517 5099 1804 5190; x_wconf 59' lang='grc' dir='ltr'><em>γμναικάδε</em></span> 
     </span>
    </p>
   </div>
   <div class='ocr_carea' id='block_1_99' title="bbox 94 5170 1811 5260">
    <p class='ocr_par' dir='ltr' id='par_1_99' title="bbox 94 5170 1811 5260">
     <span class='ocr_line' id='line_1_99' title="bbox 94 5170 1811 5260; baseline 0 -34"><span class='ocrx_word' id='word_1_686' title='bbox 94 5178 300 5249; x_wconf 81' lang='grc' dir='ltr'><em>μαίων,</em></span> <span class='ocrx_word' id='word_1_687' title='bbox 405 5170 532 5255; x_wconf 63' lang='grc' dir='ltr'><em>ἄλλα</em></span> <span class='ocrx_word' id='word_1_688' title='bbox 613 5178 743 5247; x_wconf 82' lang='grc' dir='ltr'><em>πρὸς</em></span> <span class='ocrx_word' id='word_1_689' title='bbox 787 5245 803 5257; x_wconf 23' lang='grc' dir='ltr'><strong>ἡ</strong></span> <span class='ocrx_word' id='word_1_690' title='bbox 829 5184 921 5260; x_wconf 62' lang='grc' dir='ltr'>τξυ</span> <span class='ocrx_word' id='word_1_691' title='bbox 995 5170 1421 5247; x_wconf 61' lang='grc' dir='ltr'><em>πρωτεξαδελῲου</em></span> <span class='ocrx_word' id='word_1_692' title='bbox 1497 5170 1658 5260; x_wconf 72' lang='grc' dir='ltr'><em>αὐτοῦ</em></span> <span class='ocrx_word' id='word_1_693' title='bbox 1735 5181 1811 5227; x_wconf 84' lang='lat' dir='ltr'>Ku</span> 
     </span>
    </p>
   </div>
   <div class='ocr_carea' id='block_1_100' title="bbox 1832 4390 3205 4466">
    <p class='ocr_par' dir='ltr' id='par_1_100' title="bbox 1832 4390 3205 4466">
     <span class='ocr_line' id='line_1_100' title="bbox 1832 4390 3205 4466; baseline -0.003 -15"><span class='ocrx_word' id='word_1_694' title='bbox 1832 4392 2174 4466; x_wconf 87' lang='lat' dir='ltr'>Imperatori</span> <span class='ocrx_word' id='word_1_695' title='bbox 2196 4408 2339 4448; x_wconf 89' lang='lat' dir='ltr'>vero</span> <span class='ocrx_word' id='word_1_696' title='bbox 2375 4390 2687 4447; x_wconf 89' lang='lat' dir='ltr'>Theodoro</span> <span class='ocrx_word' id='word_1_697' title='bbox 2712 4407 2808 4448; x_wconf 89' lang='lat' dir='ltr'>res</span> <span class='ocrx_word' id='word_1_698' title='bbox 2829 4391 2912 4447; x_wconf 92' lang='lat' dir='ltr'>ita</span> <span class='ocrx_word' id='word_1_699' title='bbox 2931 4406 3205 4448; x_wconf 88' lang='lat' dir='ltr'>evenere.</span> 
     </span>
    </p>
   </div>
   <div class='ocr_carea' id='block_1_101' title="bbox 1822 4476 3485 4555">
    <p class='ocr_par' dir='ltr' id='par_1_101' title="bbox 1822 4476 3485 4555">
     <span class='ocr_line' id='line_1_101' title="bbox 1822 4476 3485 4555; baseline -0.003 -18"><span class='ocrx_word' id='word_1_700' title='bbox 1822 4489 1923 4537; x_wconf 79' lang='grc' dir='ltr'>Καὶ</span> <span class='ocrx_word' id='word_1_701' title='bbox 1980 4490 2147 4536; x_wconf 82' lang='grc' dir='ltr'><em>ταῦτα</em></span> <span class='ocrx_word' id='word_1_702' title='bbox 2320 4481 2488 4545; x_wconf 79' lang='grc' dir='ltr'><em>αὔτως</em></span> <span class='ocrx_word' id='word_1_703' title='bbox 2541 4482 2694 4555; x_wconf 82' lang='grc' dir='ltr'><em>ἔσχε,</em></span> <span class='ocrx_word' id='word_1_704' title='bbox 2749 4489 2823 4553; x_wconf 84' lang='grc' dir='ltr'><em>τῷ</em></span> <span class='ocrx_word' id='word_1_705' title='bbox 2862 4477 2922 4536; x_wconf 82' lang='grc' dir='ltr'>δέ</span> <span class='ocrx_word' id='word_1_706' title='bbox 2965 4478 3179 4555; x_wconf 88' lang='grc' dir='ltr'><em>βασιλεῖ</em></span> <span class='ocrx_word' id='word_1_707' title='bbox 3226 4476 3485 4554; x_wconf 80' lang='grc' dir='ltr'>Θεοδώρῳ</span> 
     </span>
    </p>
   </div>
   <div class='ocr_carea' id='block_1_102' title="bbox 1894 4655 3485 4732">
    <p class='ocr_par' dir='ltr' id='par_1_102' title="bbox 1894 4655 3485 4732">
     <span class='ocr_line' id='line_1_102' title="bbox 1894 4655 3485 4732; baseline -0.003 -15"><span class='ocrx_word' id='word_1_708' title='bbox 1894 4665 1985 4717; x_wconf 91' lang='lat'>73.</span> <span class='ocrx_word' id='word_1_709' title='bbox 2012 4659 2408 4729; x_wconf 83' lang='lat' dir='ltr'>Bulgarorum</span> <span class='ocrx_word' id='word_1_710' title='bbox 2437 4658 2739 4732; x_wconf 89' lang='lat' dir='ltr'>princeps,</span> <span class='ocrx_word' id='word_1_711' title='bbox 2779 4658 2982 4716; x_wconf 84' lang='lat' dir='ltr'>uxoris</span> <span class='ocrx_word' id='word_1_712' title='bbox 3007 4657 3164 4715; x_wconf 84' lang='lat' dir='ltr'>illius</span> <span class='ocrx_word' id='word_1_713' title='bbox 3191 4658 3371 4715; x_wconf 84' lang='lat' dir='ltr'>frater</span> <span class='ocrx_word' id='word_1_714' title='bbox 3388 4655 3485 4714; x_wconf 83' lang='lat' dir='ltr'>Mi-</span> 
     </span>
    </p>
   </div>
   <div class='ocr_carea' id='block_1_103' title="bbox 1826 4748 3482 4821">
    <p class='ocr_par' dir='ltr' id='par_1_103' title="bbox 1826 4748 3482 4821">
     <span class='ocr_line' id='line_1_103' title="bbox 1826 4748 3482 4821; baseline -0.002 -15"><span class='ocrx_word' id='word_1_715' title='bbox 1826 4749 2016 4819; x_wconf 89' lang='lat' dir='ltr'>chael,</span> <span class='ocrx_word' id='word_1_716' title='bbox 2058 4749 2160 4821; x_wconf 89' lang='lat' dir='ltr'>qui</span> <span class='ocrx_word' id='word_1_717' title='bbox 2209 4748 2541 4804; x_wconf 90' lang='lat' dir='ltr'>simultates</span> <span class='ocrx_word' id='word_1_718' title='bbox 2587 4753 2644 4804; x_wconf 90' lang='lat' dir='ltr'>et</span> <span class='ocrx_word' id='word_1_719' title='bbox 2684 4748 3045 4818; x_wconf 87' lang='lat' dir='ltr'>inimicitias,</span> <span class='ocrx_word' id='word_1_720' title='bbox 3087 4761 3311 4818; x_wconf 89' lang='lat' dir='ltr'>easque</span> <span class='ocrx_word' id='word_1_721' title='bbox 3357 4759 3482 4802; x_wconf 92' lang='lat' dir='ltr'>non</span> 
     </span>
    </p>
   </div>
   <div class='ocr_carea' id='block_1_104' title="bbox 1827 4833 3480 4908">
    <p class='ocr_par' dir='ltr' id='par_1_104' title="bbox 1827 4833 3480 4908">
     <span class='ocr_line' id='line_1_104' title="bbox 1827 4833 3480 4908; baseline -0.004 -13"><span class='ocrx_word' id='word_1_722' title='bbox 1827 4839 2009 4908; x_wconf 88' lang='lat' dir='ltr'>leves,</span> <span class='ocrx_word' id='word_1_723' title='bbox 2041 4839 2172 4894; x_wconf 90' lang='lat' dir='ltr'>etin</span> <span class='ocrx_word' id='word_1_724' title='bbox 2187 4852 2474 4908; x_wconf 89' lang='lat' dir='ltr'>generum</span> <span class='ocrx_word' id='word_1_725' title='bbox 2493 4836 2620 4893; x_wconf 91' lang='lat' dir='ltr'>etin</span> <span class='ocrx_word' id='word_1_726' title='bbox 2636 4836 3061 4908; x_wconf 88' lang='lat' dir='ltr'>imperatorem</span> <span class='ocrx_word' id='word_1_727' title='bbox 3089 4840 3147 4890; x_wconf 92' lang='lat' dir='ltr'>et</span> <span class='ocrx_word' id='word_1_728' title='bbox 3175 4849 3300 4889; x_wconf 90' lang='lat' dir='ltr'>rem</span> <span class='ocrx_word' id='word_1_729' title='bbox 3312 4833 3480 4889; x_wconf 83' lang='lat' dir='ltr'>deni-</span> 
     </span>
    </p>
   </div>
   <div class='ocr_carea' id='block_1_105' title="bbox 1828 4920 3490 5000">
    <p class='ocr_par' dir='ltr' id='par_1_105' title="bbox 1828 4920 3490 5000">
     <span class='ocr_line' id='line_1_105' title="bbox 1828 4920 3490 5000; baseline -0.001 -17"><span class='ocrx_word' id='word_1_730' title='bbox 1828 4943 1945 5000; x_wconf 90' lang='lat' dir='ltr'>que</span> <span class='ocrx_word' id='word_1_731' title='bbox 1959 4929 2292 4983; x_wconf 80' lang='lat' dir='ltr'>Romanam</span> <span class='ocrx_word' id='word_1_732' title='bbox 2305 4925 2613 4997; x_wconf 89' lang='lat' dir='ltr'>gerebat,a</span> <span class='ocrx_word' id='word_1_733' title='bbox 2627 4924 2991 4981; x_wconf 89' lang='lat' dir='ltr'>consobrino</span> <span class='ocrx_word' id='word_1_734' title='bbox 3003 4938 3114 4979; x_wconf 92' lang='lat' dir='ltr'>suo</span> <span class='ocrx_word' id='word_1_735' title='bbox 3126 4920 3490 4981; x_wconf 89' lang='lat' dir='ltr'>Callimano-</span> 
     </span>
    </p>
   </div>
   <div class='ocr_carea' id='block_1_106' title="bbox 1804 5094 3478 5226">
    <p class='ocr_par' dir='ltr' id='par_1_106' title="bbox 1804 5094 3478 5226">
     <span class='ocr_line' id='line_1_106' title="bbox 1804 5094 3478 5173; baseline -0.002 -18"><span class='ocrx_word' id='word_1_736' title='bbox 1804 5102 1834 5155; x_wconf 89' lang='grc' dir='ltr'>λ</span> <span class='ocrx_word' id='word_1_737' title='bbox 1873 5123 1929 5165; x_wconf 88' lang='grc' dir='ltr'><em>ος</em></span> <span class='ocrx_word' id='word_1_738' title='bbox 1985 5110 2076 5156; x_wconf 80' lang='grc' dir='ltr'><em>τοῦ</em></span> <span class='ocrx_word' id='word_1_739' title='bbox 2141 5102 2303 5155; x_wconf 78' lang='grc' dir='ltr'><em>αὐτοῦ</em></span> <span class='ocrx_word' id='word_1_740' title='bbox 2360 5101 2608 5173; x_wconf 75' lang='grc' dir='ltr'><em>Μιχαὴλ,</em></span> <span class='ocrx_word' id='word_1_741' title='bbox 2661 5103 2859 5173; x_wconf 80' lang='grc' dir='ltr'><em>ἔχθραν</em></span> <span class='ocrx_word' id='word_1_742' title='bbox 3044 5094 3158 5173; x_wconf 83' lang='grc' dir='ltr'><em>εἶχε</em></span> <span class='ocrx_word' id='word_1_743' title='bbox 3202 5100 3340 5152; x_wconf 79' lang='grc' dir='ltr'>κατὰ</span> <span class='ocrx_word' id='word_1_744' title='bbox 3360 5097 3478 5173; x_wconf 83' lang='grc' dir='ltr'><em>Ῥω,</em></span> 
     </span>
     <span class='ocr_line' id='line_1_107' title="bbox 1804 5124 3477 5226; baseline -0.003 0"><span class='ocrx_word' id='word_1_745' title='bbox 1804 5124 2057 5226; x_wconf 56' lang='grc' dir='ltr'><em>ελλιιιάνου</em></span> <span class='ocrx_word' id='word_1_746' title='bbox 2136 5178 2344 5226; x_wconf 81' lang='grc' dir='ltr'><em>καιοίαν</em></span> <span class='ocrx_word' id='word_1_747' title='bbox 2413 5172 2631 5226; x_wconf 74' lang='grc' dir='ltr'><em>πληγεὶς</em></span> <span class='ocrx_word' id='word_1_748' title='bbox 2687 5171 2961 5226; x_wconf 69' lang='grc' dir='ltr'><em>ἐτεθνήκει.</em></span> <span class='ocrx_word' id='word_1_749' title='bbox 3016 5169 3076 5223; x_wconf 81' lang='grc' dir='ltr'><strong>Ὀ</strong></span> <span class='ocrx_word' id='word_1_750' title='bbox 3155 5166 3214 5223; x_wconf 69' lang='grc' dir='ltr'>δε</span> <span class='ocrx_word' id='word_1_751' title='bbox 3286 5169 3477 5224; x_wconf 80' lang='grc' dir='ltr'><em>Καλλι-</em></span> 
     </span>
    </p>
   </div>
   <div class='ocr_carea' id='block_1_107' title="bbox 1876 5166 3477 5259">
    <p class='ocr_par' dir='ltr' id='par_1_107' title="bbox 1876 5166 3477 5259">
     <span class='ocr_line' id='line_1_108' title="bbox 1876 5166 3477 5259; baseline -0.002 -34"><span class='ocrx_word' id='word_1_752' title='bbox 1876 5177 2057 5259; x_wconf 80' lang='grc' dir='ltr'><em>ιμάνου</em></span> <span class='ocrx_word' id='word_1_753' title='bbox 2136 5166 2961 5259; x_wconf 28' lang='grc' dir='ltr'><em>Ξιαιρίανκπληγεὶςκκξτεθνήξὲ..</em></span> <span class='ocrx_word' id='word_1_754' title='bbox 3016 5166 3214 5259; x_wconf 48' lang='grc' dir='ltr'>ὈΠ</span> <span class='ocrx_word' id='word_1_755' title='bbox 3286 5166 3477 5258; x_wconf 56' lang='grc' dir='ltr'><em>Καλλιξ</em></span> 
     </span>
    </p>
   </div>
   <div class='ocr_carea' id='block_1_108' title="bbox 97 5237 3482 5320">
    <p class='ocr_par' dir='ltr' id='par_1_108' title="bbox 97 5237 3482 5320">
     <span class='ocr_line' id='line_1_109' title="bbox 97 5237 3482 5320; baseline -0.001 -23"><span class='ocrx_word' id='word_1_756' title='bbox 97 5237 294 5320; x_wconf 17' lang='grc' dir='ltr'><em>μάνοςν</em></span> <span class='ocrx_word' id='word_1_757' title='bbox 338 5249 433 5320; x_wconf 82' lang='grc' dir='ltr'>τὴν</span> <span class='ocrx_word' id='word_1_758' title='bbox 506 5237 705 5320; x_wconf 10' lang='grc' dir='ltr'><em>ἐκείνου,</em></span> <span class='ocrx_word' id='word_1_759' title='bbox 787 5244 955 5298; x_wconf 81' lang='grc' dir='ltr'><em>λαϐὼν</em></span> <span class='ocrx_word' id='word_1_760' title='bbox 1032 5237 1264 5320; x_wconf 72' lang='grc' dir='ltr'><em>γαμετήν</em></span> <span class='ocrx_word' id='word_1_761' title='bbox 1331 5237 1429 5305; x_wconf 70' lang='grc' dir='ltr'><em>τὴν</em></span> <span class='ocrx_word' id='word_1_762' title='bbox 1503 5245 1808 5320; x_wconf 89' lang='grc' dir='ltr'><em>Βουλγάρων</em></span> <span class='ocrx_word' id='word_1_763' title='bbox 1886 5237 2061 5320; x_wconf 75' lang='grc' dir='ltr'><em>ἀρχὴν</em></span> <span class='ocrx_word' id='word_1_764' title='bbox 2128 5237 2495 5320; x_wconf 75' lang='grc' dir='ltr'><em>ἐσφετερίζετο.</em></span> <span class='ocrx_word' id='word_1_765' title='bbox 2527 5237 2539 5244; x_wconf 57' lang='grc'>⁷</span> <span class='ocrx_word' id='word_1_766' title='bbox 2572 5242 2709 5320; x_wconf 40' lang='grc' dir='ltr'>’.λλγ</span> <span class='ocrx_word' id='word_1_767' title='bbox 2784 5244 2810 5294; x_wconf 88' lang='grc' dir='ltr'><strong><em>ὁ</em></strong></span> <span class='ocrx_word' id='word_1_768' title='bbox 2879 5240 3073 5320; x_wconf 37' lang='grc' dir='ltr'><em>ᾎΡωσος</em></span> <span class='ocrx_word' id='word_1_769' title='bbox 3133 5237 3303 5320; x_wconf 69' lang='grc' dir='ltr'><em>ῼῦρος</em></span> <span class='ocrx_word' id='word_1_770' title='bbox 3346 5244 3482 5320; x_wconf 70' lang='grc' dir='ltr'><em>μετὰ</em></span> 
     </span>
    </p>
   </div>
   <div class='ocr_carea' id='block_1_109' title="bbox 100 5312 3480 5399">
    <p class='ocr_par' dir='ltr' id='par_1_109' title="bbox 100 5312 3480 5399">
     <span class='ocr_line' id='line_1_110' title="bbox 100 5312 3480 5399; baseline -0.004 -29"><span class='ocrx_word' id='word_1_771' title='bbox 100 5312 517 5390; x_wconf 66' lang='grc' dir='ltr'><em>στρατευμάτων</em></span> <span class='ocrx_word' id='word_1_772' title='bbox 567 5314 787 5369; x_wconf 79' lang='grc' dir='ltr'><em>ἐπελθὼν</em></span> <span class='ocrx_word' id='word_1_773' title='bbox 830 5325 919 5399; x_wconf 58' lang='grc' dir='ltr'>τῷ</span> <span class='ocrx_word' id='word_1_774' title='bbox 968 5312 1200 5399; x_wconf 33' lang='grc' dir='ltr'>Τρὲινόϐῳ</span> <span class='ocrx_word' id='word_1_775' title='bbox 1256 5321 1351 5375; x_wconf 77' lang='grc' dir='ltr'><em>τὴν</em></span> <span class='ocrx_word' id='word_1_776' title='bbox 1376 5387 1386 5398; x_wconf 22' lang='grc' dir='ltr'><strong>ἢ</strong></span> <span class='ocrx_word' id='word_1_777' title='bbox 1417 5312 1679 5399; x_wconf 64' lang='grc' dir='ltr'><em>θυγοιτέρα</em></span> <span class='ocrx_word' id='word_1_778' title='bbox 1706 5312 1929 5399; x_wconf 56' lang='grc' dir='ltr'>’τούτους</span> <span class='ocrx_word' id='word_1_779' title='bbox 1953 5312 2073 5374; x_wconf 69' lang='grc' dir='ltr'><em>’τὴν</em></span> <span class='ocrx_word' id='word_1_780' title='bbox 2104 5312 2218 5399; x_wconf 40' lang='grc' dir='ltr'><em>’τοῦ</em></span> <span class='ocrx_word' id='word_1_781' title='bbox 2266 5312 2513 5399; x_wconf 42' lang='grc' dir='ltr'><em>Μιχαῄλι</em></span> <span class='ocrx_word' id='word_1_782' title='bbox 2546 5313 2815 5399; x_wconf 31' lang='grc' dir='ltr'><em>σύζυγονζ</em></span> <span class='ocrx_word' id='word_1_783' title='bbox 2852 5312 3050 5398; x_wconf 72' lang='grc' dir='ltr'><em>εἴληφεν</em></span> <span class='ocrx_word' id='word_1_784' title='bbox 3081 5333 3094 5346; x_wconf 71' lang='grc' dir='ltr'>ι</span> <span class='ocrx_word' id='word_1_785' title='bbox 3129 5313 3159 5399; x_wconf 60' lang='grc' dir='ltr'><em>ο</em></span> <span class='ocrx_word' id='word_1_786' title='bbox 3187 5312 3289 5387; x_wconf 83' lang='grc' dir='ltr'><em>γὰρ</em></span> <span class='ocrx_word' id='word_1_787' title='bbox 3344 5312 3480 5399; x_wconf 49' lang='grc' dir='ltr'>καλ.</span> 
     </span>
    </p>
   </div>
   <div class='ocr_carea' id='block_1_110' title="bbox 98 5385 3478 5462">
    <p class='ocr_par' dir='ltr' id='par_1_110' title="bbox 98 5385 3478 5462">
     <span class='ocr_line' id='line_1_111' title="bbox 98 5385 3478 5462; baseline -0.001 -22"><span class='ocrx_word' id='word_1_788' title='bbox 98 5385 241 5458; x_wconf 70' lang='grc' dir='ltr'><em>λιμά</em></span> <span class='ocrx_word' id='word_1_789' title='bbox 289 5385 775 5462; x_wconf 65' lang='grc' dir='ltr'><em>οςπροπεφονευτο.</em></span> <span class='ocrx_word' id='word_1_790' title='bbox 830 5385 979 5462; x_wconf 32' lang='grc' dir='ltr'><em>Ἐπεὶ-</em></span> <span class='ocrx_word' id='word_1_791' title='bbox 1011 5385 1072 5441; x_wconf 80' lang='grc' dir='ltr'>’δ’</span> <span class='ocrx_word' id='word_1_792' title='bbox 1126 5385 1319 5462; x_wconf 79' lang='grc' dir='ltr'><em>ἔρημος</em></span> <span class='ocrx_word' id='word_1_793' title='bbox 1367 5385 1661 5462; x_wconf 72' lang='grc' dir='ltr'><em>ἐναπελείθη</em></span> <span class='ocrx_word' id='word_1_794' title='bbox 1725 5387 2045 5462; x_wconf 64' lang='grc' dir='ltr'><em>διληρονόμου</em></span> <span class='ocrx_word' id='word_1_795' title='bbox 2094 5388 2125 5445; x_wconf 85' lang='grc' dir='ltr'><strong>ἠ</strong></span> <span class='ocrx_word' id='word_1_796' title='bbox 2170 5395 2269 5462; x_wconf 58' lang='grc' dir='ltr'><em>τῶν</em></span> <span class='ocrx_word' id='word_1_797' title='bbox 2324 5385 2628 5462; x_wconf 74' lang='grc' dir='ltr'><em>Βουλγάρων</em></span> <span class='ocrx_word' id='word_1_798' title='bbox 2678 5385 2873 5462; x_wconf 35' lang='lat' dir='ltr'>am),</span> <span class='ocrx_word' id='word_1_799' title='bbox 2902 5386 2977 5436; x_wconf 62' lang='grc' dir='ltr'>οἱ.</span> <span class='ocrx_word' id='word_1_800' title='bbox 3013 5385 3338 5462; x_wconf 75' lang='grc' dir='ltr'><em>προῦχοντες</em></span> <span class='ocrx_word' id='word_1_801' title='bbox 3390 5387 3478 5436; x_wconf 84' lang='grc' dir='ltr'>τὸν</span> 
     </span>
    </p>
   </div>
   <div class='ocr_carea' id='block_1_111' title="bbox 100 5445 3478 5530">
    <p class='ocr_par' dir='ltr' id='par_1_111' title="bbox 100 5445 3478 5530">
     <span class='ocr_line' id='line_1_112' title="bbox 100 5445 3478 5530; baseline -0.001 -17"><span class='ocrx_word' id='word_1_802' title='bbox 100 5447 322 5530; x_wconf 69' lang='grc' dir='ltr'><em>Τοίχου</em></span> <span class='ocrx_word' id='word_1_803' title='bbox 348 5445 460 5530; x_wconf 54' lang='lat' dir='ltr'>uitii;</span> <span class='ocrx_word' id='word_1_804' title='bbox 504 5445 887 5530; x_wconf 60' lang='grc' dir='ltr'><em>Κξὺνσταντῖνον</em></span> <span class='ocrx_word' id='word_1_805' title='bbox 940 5459 1011 5519; x_wconf 80' lang='grc' dir='ltr'><em>εἰς</em></span> <span class='ocrx_word' id='word_1_806' title='bbox 1068 5464 1125 5511; x_wconf 83' lang='grc' dir='ltr'><em>τὸ</em></span> <span class='ocrx_word' id='word_1_807' title='bbox 1150 5445 1158 5462; x_wconf 57' lang='grc'><strong>⁸</strong></span> <span class='ocrx_word' id='word_1_808' title='bbox 1183 5445 1369 5530; x_wconf 74' lang='grc' dir='ltr'><em>αρχειν</em></span> <span class='ocrx_word' id='word_1_809' title='bbox 1426 5460 1594 5511; x_wconf 72' lang='grc' dir='ltr'><em>αὐτῶν</em></span> <span class='ocrx_word' id='word_1_810' title='bbox 1639 5445 1960 5530; x_wconf 58' lang='grc' dir='ltr'><em>ἀνεδέξαντοί</em></span> <span class='ocrx_word' id='word_1_811' title='bbox 2017 5456 2128 5530; x_wconf 63' lang='grc' dir='ltr'><em>Ἵνα</em></span> <span class='ocrx_word' id='word_1_812' title='bbox 2179 5455 2239 5511; x_wconf 73' lang='grc' dir='ltr'>δε</span> <span class='ocrx_word' id='word_1_813' title='bbox 2280 5462 2370 5509; x_wconf 81' lang='grc' dir='ltr'>καὶ</span> <span class='ocrx_word' id='word_1_814' title='bbox 2390 5445 2788 5530; x_wconf 64' lang='grc' dir='ltr'>Δεὖπρὸσωπὸξ⁷</span> <span class='ocrx_word' id='word_1_815' title='bbox 2813 5455 2952 5526; x_wconf 76' lang='grc' dir='ltr'><em>αὐτῷ</em></span> <span class='ocrx_word' id='word_1_816' title='bbox 2992 5445 3064 5530; x_wconf 29' lang='lat' dir='ltr'>Ai).</span> <span class='ocrx_word' id='word_1_817' title='bbox 3091 5445 3234 5529; x_wconf 50' lang='grc' dir='ltr'><em>ἁρξὴ</em></span> <span class='ocrx_word' id='word_1_818' title='bbox 3277 5459 3478 5527; x_wconf 84' lang='grc' dir='ltr'><em>γένοιτο</em></span> 
     </span>
    </p>
   </div>
   <div class='ocr_carea' id='block_1_112' title="bbox 101 5526 3476 5613">
    <p class='ocr_par' dir='ltr' id='par_1_112' title="bbox 101 5526 3476 5613">
     <span class='ocr_line' id='line_1_113' title="bbox 101 5526 3476 5613; baseline -0.001 -30"><span class='ocrx_word' id='word_1_819' title='bbox 101 5526 249 5613; x_wconf 61' lang='grc' dir='ltr'><em>καῖ’</em></span> <span class='ocrx_word' id='word_1_820' title='bbox 295 5526 489 5591; x_wconf 78' lang='grc' dir='ltr'><em>δόξειεν</em></span> <span class='ocrx_word' id='word_1_821' title='bbox 536 5528 1059 5613; x_wconf 25' lang='grc' dir='ltr'><em>ἁπὸηκληρονομίαςν</em></span> <span class='ocrx_word' id='word_1_822' title='bbox 1077 5526 1305 5603; x_wconf 70' lang='grc' dir='ltr'><em>κρατεῖν,</em></span> <span class='ocrx_word' id='word_1_823' title='bbox 1358 5533 1459 5602; x_wconf 89' lang='grc' dir='ltr'><em>πρό</em></span> <span class='ocrx_word' id='word_1_824' title='bbox 1507 5534 1594 5582; x_wconf 88' lang='grc' dir='ltr'><em>τὸν</em></span> <span class='ocrx_word' id='word_1_825' title='bbox 1644 5529 1872 5613; x_wconf 77' lang='grc' dir='ltr'><em>βασιλέα</em></span> <span class='ocrx_word' id='word_1_826' title='bbox 1912 5526 2200 5613; x_wconf 64' lang='grc' dir='ltr'>⁷Θεόδωρον</span> <span class='ocrx_word' id='word_1_827' title='bbox 2243 5526 2523 5613; x_wconf 61' lang='grc' dir='ltr'><em>πρεσϐείαν</em></span> <span class='ocrx_word' id='word_1_828' title='bbox 2574 5531 2929 5613; x_wconf 54' lang='grc' dir='ltr'><em>πεπόμφασιν,</em></span> <span class='ocrx_word' id='word_1_829' title='bbox 2989 5526 3476 5613; x_wconf 35' lang='grc' dir='ltr'><em>ἶναήτὴντπρώτην</em></span> 
     </span>
    </p>
   </div>
   <div class='ocr_carea' id='block_1_113' title="bbox 103 5593 3476 5674">
    <p class='ocr_par' dir='ltr' id='par_1_113' title="bbox 103 5593 3476 5674">
     <span class='ocr_line' id='line_1_114' title="bbox 103 5593 3476 5674; baseline -0.003 -20"><span class='ocrx_word' id='word_1_830' title='bbox 103 5601 278 5654; x_wconf 75' lang='grc' dir='ltr'><em>αὐτοῦ</em></span> <span class='ocrx_word' id='word_1_831' title='bbox 312 5603 568 5673; x_wconf 86' lang='grc' dir='ltr'><em>θυγατέρα</em></span> <span class='ocrx_word' id='word_1_832' title='bbox 606 5593 1119 5674; x_wconf 22' lang='grc' dir='ltr'>Εἰρηνὴνᾼσυζεύξῇ</span> <span class='ocrx_word' id='word_1_833' title='bbox 1143 5609 1215 5674; x_wconf 64' lang='grc' dir='ltr'>τῷ</span> <span class='ocrx_word' id='word_1_834' title='bbox 1252 5593 1342 5653; x_wconf 75' lang='grc' dir='ltr'>τοῦ</span> <span class='ocrx_word' id='word_1_835' title='bbox 1384 5593 1609 5674; x_wconf 64' lang='grc' dir='ltr'><em>Τοίχου,</em></span> <span class='ocrx_word' id='word_1_836' title='bbox 1635 5593 1851 5674; x_wconf 75' lang='grc' dir='ltr'><em>ἓγγόνην</em></span> <span class='ocrx_word' id='word_1_837' title='bbox 1878 5598 2038 5654; x_wconf 82' lang='grc' dir='ltr'><em>οὖσαν</em></span> <span class='ocrx_word' id='word_1_838' title='bbox 2091 5593 2182 5652; x_wconf 71' lang='grc' dir='ltr'><em>τοῦ</em></span> <span class='ocrx_word' id='word_1_839' title='bbox 2245 5593 2429 5674; x_wconf 64' lang='grc' dir='ltr'><em>ᾍσάν.</em></span> <span class='ocrx_word' id='word_1_840' title='bbox 2485 5593 2784 5674; x_wconf 72' lang='grc' dir='ltr'><em>Ἐχώρισαν</em></span> <span class='ocrx_word' id='word_1_841' title='bbox 2821 5593 3035 5659; x_wconf 52' lang='grc' dir='ltr'><em>οὖν’τὴν</em></span> <span class='ocrx_word' id='word_1_842' title='bbox 3087 5597 3148 5658; x_wconf 80' lang='grc' dir='ltr'><em>ἣν</em></span> <span class='ocrx_word' id='word_1_843' title='bbox 3203 5593 3325 5673; x_wconf 73' lang='grc' dir='ltr'>οἶχε</span> <span class='ocrx_word' id='word_1_844' title='bbox 3378 5605 3476 5673; x_wconf 83' lang='grc' dir='ltr'>γῦ-</span> 
     </span>
    </p>
   </div>
   <div class='ocr_carea' id='block_1_114' title="bbox 102 5670 2491 5755">
    <p class='ocr_par' dir='ltr' id='par_1_114' title="bbox 102 5670 2491 5755">
     <span class='ocr_line' id='line_1_115' title="bbox 102 5670 2491 5755; baseline -0.001 -31"><span class='ocrx_word' id='word_1_845' title='bbox 102 5679 293 5742; x_wconf 56' lang='lat' dir='ltr'>putata,</span> <span class='ocrx_word' id='word_1_846' title='bbox 315 5677 406 5725; x_wconf 80' lang='grc' dir='ltr'>καὶ</span> <span class='ocrx_word' id='word_1_847' title='bbox 430 5670 562 5755; x_wconf 71' lang='grc' dir='ltr'><em>προς</em></span> <span class='ocrx_word' id='word_1_848' title='bbox 588 5670 676 5725; x_wconf 81' lang='grc' dir='ltr'>τὸν</span> <span class='ocrx_word' id='word_1_849' title='bbox 703 5670 930 5747; x_wconf 77' lang='grc' dir='ltr'><em>βασιλέα</em></span> <span class='ocrx_word' id='word_1_850' title='bbox 958 5670 1283 5733; x_wconf 75' lang='grc' dir='ltr'><em>ἀπέστειλαν.</em></span> <span class='ocrx_word' id='word_1_851' title='bbox 1318 5670 1619 5745; x_wconf 69' lang='grc' dir='ltr'><em>Οὖτωγοϋν</em></span> <span class='ocrx_word' id='word_1_852' title='bbox 1644 5670 1810 5750; x_wconf 79' lang='grc' dir='ltr'><em>ἦρέμη</em></span> <span class='ocrx_word' id='word_1_853' title='bbox 1821 5691 1916 5733; x_wconf 85' lang='grc' dir='ltr'>σαν</span> <span class='ocrx_word' id='word_1_854' title='bbox 1937 5675 2002 5726; x_wconf 86' lang='grc' dir='ltr'>τὰ</span> <span class='ocrx_word' id='word_1_855' title='bbox 2028 5680 2129 5729; x_wconf 84' lang='grc' dir='ltr'><em>τῶν</em></span> <span class='ocrx_word' id='word_1_856' title='bbox 2166 5671 2491 5751; x_wconf 75' lang='grc' dir='ltr'><em>Βουλγάρων.</em></span> 
     </span>
    </p>
   </div>
  </div>
