3966 6324
514 324 656 423 iiii

1813 331 2096 413 Geoacii
2123 331 2588 412 maeremus

3767 341 3885 411 uso

515 465 753 553 fecerat,
777 465 842 541 ut
865 457 1110 556 quidem
1139 481 1475 547 videbatur,
1533 497 1643 554 pro
1701 475 1875 553 165
1930 479 2072 546 ﬁlio,
2107 495 2170 536 re
2201 467 2248 534 A
2279 481 2374 532 τού

2287 481 2463 532 τούτου
2493 482 2583 530 καὶ
2638 476 2888 549 βασιλεὺς
2939 473 3200 537 διαθήκην
3252 483 3540 544 πεποίηκε,
3609 481 3770 550 τάχα

516 583 738 642 autem,
774 590 916 629 vera
943 587 1052 645 pro
1084 571 1334 640 Georgio
1368 571 1670 628 Muzalone
1692 571 2166 642 protovestiario.

518 647 683 724 Hunc
713 665 871 720 enim
930 666 1284 717 testamento
1330 664 1740 717 Romanarum
1784 676 1984 716 rerum
2046 677 2174 716 om-

516 756 687 811 nium
718 752 1158 808 moderatorem
1195 766 1264 805 ac
1317 751 1633 806 dominum
1686 752 2035 820 instituerat,
2090 749 2172 807 ita

518 825 583 900 ut
610 845 793 916 penes
815 857 955 896 eum
994 839 1248 895 Romani
1280 839 1512 910 imperii
1532 839 1711 895 totius
1731 845 1889 893 esset
1908 854 2167 898 summa.

515 931 914 1005 quoadusque
940 927 1320 1000 imperatoris
1332 927 1490 982 ﬁlius
1505 927 1583 984 ad
1597 926 1920 1000 perfectam
1934 932 2170 982 aetatem

517 1020 900 1093 pervenisset.
933 1016 1606 1087 Mandataimperatoris
1639 1031 1848 1070 eorum
1878 1015 1982 1087 qui
2030 1021 2171 1071 tunc

519 1099 772 1166 aderunt
783 1106 1177 1178 jurejurando
1197 1104 1548 1161 conﬁrmata
1569 1110 1726 1160 sunt.
1754 1105 1864 1160 Sed
1897 1105 2168 1160 nondum

517 1199 723 1255 tertius
749 1197 898 1266 dies,
921 1201 1246 1267 postquam
1268 1194 1642 1266 imperatoris
1662 1193 1925 1249 cadaver
1941 1193 2170 1249 tumulo

519 1286 828 1342 conditum
851 1290 960 1352 est,
978 1285 1340 1352 decurrerat,
1365 1287 1419 1338 et
1437 1287 1726 1354 tanquam
1745 1298 1816 1336 ex
1832 1282 2171 1353 composito

518 1375 884 1448 quicumque
908 1372 1022 1428 illic
1044 1371 1568 1444 comperiebantur
1597 1371 1872 1435 Romani,
1894 1387 2033 1426 cum
2060 1371 2169 1425 ibi-

519 1463 659 1519 dem
686 1479 808 1518 non
834 1461 1050 1533 exiguo
1073 1461 1326 1516 militum
1345 1476 1561 1515 manus
1588 1466 2003 1524 commeasset,
2032 1475 2170 1514 con-

519 1557 843 1616 currentes,
874 1565 1108 1605 necnon
1133 1549 1237 1621 qui
1264 1548 1341 1604 ab
1371 1549 1729 1620 imperatore
1779 1563 1941 1603 noxa
1991 1555 2171 1619 atque

518 1638 920 1696 incommodis
942 1637 1119 1693 attriti
1143 1636 1384 1692 fuerunt
1421 1636 1653 1692 nobiles
1677 1643 1734 1692 et
1765 1637 1973 1708 prima:
2029 1651 2170 1692 con-

519 1727 760 1784 ditionis
827 1727 1126 1790 homines,
1191 1725 1342 1781 inter
1405 1741 1507 1781 eos
1576 1731 1632 1782 et
1723 1725 2172 1797 Strategopulus

2281 572 2345 629 ὡς
2372 568 2454 620 ἐπὶ
2475 577 2545 638 τῷ
2575 564 2753 634 παιδὶ,
2784 573 2846 637 τῇ
2882 563 2917 618 δ
2924 567 2936 585 ’
2978 565 3193 638 ἀληθείᾳ
3246 571 3330 620 ἐπὶ
3387 575 3460 638 τῷ
3495 569 3880 640 πρωτοεεστεε»

2280 662 2375 730 ρίῳ
2431 665 2503 727 τῷ
2551 655 2860 716 Μουζάλωνι
2919 661 3154 729 Γεωργίῳ
3200 655 3320 726 (61)
3367 678 3382 690 ο
3447 666 3646 709 τοῦτον
3715 662 3814 731 γὰρ
3861 680 3878 708 τ

2281 744 2514 803 διαθήκη
2548 744 2705 797 ἐποίει
2741 744 2854 816 (62)
2908 753 3008 795 τῶν
3062 743 3356 816 Ῥωμαῖκὼν
3415 748 3674 798 ἁπάντων
3740 767 3883 819 πρη-

2280 837 2455 906 μάτων
2485 836 2683 907 κύριον,
2711 833 2844 884 ὥστε
2872 836 2929 883 τὸ
2969 835 3160 906 κράτος
3197 835 3336 904 ἔχειν
3371 834 3600 896 ἁπάσης
3651 843 3753 896 τῆς
3805 846 3882 884 τέ,

2274 927 2539 994 Ῥωμαίων
2567 921 2761 996 ἀρχῆς,
2808 926 2996 994 μέχρις
3028 921 3088 972 διν
3131 924 3158 974 6
3208 931 3298 974 τοῦ
3357 922 3636 996 βασιλέως
3695 929 3807 986 υἱός
3833 928 3881 985 si;

2278 1011 2471 1064 τελείαν
2526 1016 2620 1069 τὴν
2676 1010 2879 1068 ἠλικίαν
2937 1009 3191 1082 ἀφίκοιτο.
3250 1017 3349 1064 Καὶ
3407 1011 3744 1084 προῦϐησαν
3823 1016 3882 1063 ἐτι

2279 1105 2480 1160 τούτοις
2509 1099 2792 1172 προστάξει
2820 1106 2911 1151 τοῦ
2944 1098 3198 1170 βασιλέως
3225 1106 3316 1152 καὶ
3370 1103 3525 1172 ὅρκοι
3584 1102 3714 1171 (63)
3765 1107 3888 1175 παρέ

2277 1199 2376 1242 τῶν
2425 1189 2743 1260 ἐντυχόντων
2795 1198 2866 1260 τῷ
2908 1194 3044 1246 τότε.
3091 1189 3230 1244 Ἀλλ’
3284 1194 3421 1248 οὔπη
3483 1199 3739 1263 τριταῖος
3791 1192 3886 1262 (Gil

2282 1277 2342 1337 ἦν
2383 1278 2430 1331 ἕν
2457 1282 2601 1351 τάφῳ
2630 1285 2857 1351 κείμενος
2897 1281 2922 1331 6
2961 1287 3052 1332 τοῦ
3103 1278 3360 1351 βασιλέως
3411 1285 3622 1353 νεκρός,
3687 1288 3783 1333 καὶ
3836 1285 3890 1340 ὡς

2281 1367 2383 1420 ἀπὸ
2408 1377 2580 1420 κοινοῦ
2611 1370 2941 1439 συνθήματος
2991 1365 3372 1441 συνδραμόντες
3427 1372 3631 1430 πάντες
3688 1372 3806 1437 (65}
3853 1372 3892 1420 si

2281 1457 2623 1531 ἐφευρεθεντες
2690 1455 2854 1510 ἐκεῖσε
2925 1457 3260 1528 Ῥωμαῖοι-
3291 1460 3611 1532 στράτευμα
3701 1455 3766 1511 δὲ
3843 1469 3890 1514 ᾗ

2283 1549 2454 1598 ἱκανόν
2489 1551 2806 1616 συνηγμένον
2837 1545 3020 1611 ἐκεῖσε,
3063 1546 3121 1598 οὐ
3173 1552 3270 1617 μὴν
3323 1545 3451 1598 ἀλλα
3509 1553 3609 1599 καὶ
3677 1551 3733 1599 οἱ
3783 1553 3893 1620 πρὸς

2279 1642 2372 1687 του
2425 1633 2678 1706 βασιλέως
2729 1639 3075 1707 κεκακωμένοι
3135 1636 3245 1705 (66)
3297 1632 3484 1709 ἄνδρες
3537 1637 3778 1706 εὐγενεῖς
3822 1644 3894 1688 zz;

2279 1732 2372 1786 τῆς
2409 1729 2620 1795 πρώτης
2667 1725 3010 1794 τυγχάνοντες
3065 1723 3275 1790 τάξεως,
3325 1725 3391 1774 ὧν
3447 1726 3520 1785 εἷς
3583 1731 3685 1797 μὲν
3743 1727 3895 1798 ὑπῆρ-

519 1815 780 1878 Alexius,
811 1815 982 1886 cujus
1013 1813 1204 1870 ﬁlium
1244 1815 1701 1870 Constantinum
1731 1814 1921 1870 oculis
1957 1814 2172 1886 spolia-
2201 1826 2250 1883 Β
2281 1831 2374 1884 χεν

2287 1831 2376 1884 χεν
2434 1813 2460 1864 ὀ
2510 1811 2970 1886 Στρατηγοπουλος
3021 1811 3266 1881 Ἀλέξιος,
3321 1813 3383 1864 οὗ
3431 1818 3523 1864 τὸν
3588 1817 3714 1866 υἱὸν
3776 1822 3897 1867 Κειτο-

519 1909 705 1972 verat,
738 1904 939 1977 ipsum
970 1903 1191 1960 carceri
1229 1903 1661 1959 constrinxerat
1703 1919 1718 1967 ;
1754 1903 2172 1959 Constantinus

519 1994 796 2049 Tornices
815 2008 1073 2063 magnus
1101 1992 1180 2048 ab
1215 1992 1575 2065 imperatore
1612 1994 1842 2048 Joanne
1895 1993 2171 2064 primice-

519 2082 644 2139 rius
666 2083 1040 2146 constitutus,
1066 2082 1171 2136 sed
1189 2081 1266 2137 ab
1280 2082 1410 2152 ejus
1434 2081 1555 2137 ﬁlio
1576 2081 1846 2154 privatus
1873 2100 1886 2147 ;
1909 2082 2168 2138 Theodo-

517 2187 623 2228 rus
653 2171 842 2228 Philes
872 2171 1214 2227 obcaecatus
1267 2176 1325 2226 et
1371 2171 1499 2243 ipse
1533 2189 1546 2237 ;
1589 2177 1646 2226 et
1711 2173 2174 2239 Zagarommata

520 2261 826 2331 Georgius,
858 2276 1040 2332 quem
1069 2260 1396 2330 imperator
1414 2261 1678 2314 Joannes
1723 2259 2173 2329 protovestiari-

519 2353 638 2407 tem
661 2355 912 2416 crearat,
940 2349 1098 2404 ﬁlius
1119 2364 1260 2404 vero
1277 2347 1433 2403 illius
1460 2363 2033 2419 paracoemomenon
2064 2349 2176 2404 ele-

524 2446 712 2510 gerat,
741 2439 846 2494 sed
870 2455 1054 2510 quem
1081 2453 1203 2493 non
1229 2438 1333 2494 diu
1345 2438 1775 2509 postdignitate
1788 2439 1888 2494 illa
1901 2445 2171 2506 exuerat;

519 2527 886 2600 Nicephorus
905 2526 1187 2597 Alyattes,
1211 2525 1392 2598 paulo
1415 2530 1551 2582 ante
1573 2525 1887 2598 praefectus
1906 2527 2174 2584 canicleii

516 2615 732 2684 factus,
760 2615 1151 2687 postmodum
1184 2613 1412 2670 nullam
1435 2614 1515 2670 ob
1531 2631 1784 2672 causam
1811 2616 1890 2671 ab
1911 2619 2172 2688 impera-

516 2708 643 2760 tore
670 2704 877 2773 lingua
898 2703 1275 2767 imminutus,
1295 2702 1492 2758 otﬁcio
1523 2704 1702 2759 etiam
1733 2703 2051 2761 absolutus
2077 2725 2090 2774 ;
2117 2713 2174 2762 et

515 2792 786 2865 plerique
811 2791 911 2848 alii
937 2792 1060 2847 veri
1089 2792 1414 2864 opportuni
1445 2807 1514 2848 ac
1543 2790 1806 2848 celebres
1836 2809 1973 2848 cum
2015 2795 2172 2850 mili-

517 2881 680 2938 tibus
703 2880 941 2937 confusi
971 2879 1319 2936 festinanter
1345 2879 1424 2936 ad
1475 2881 1915 2937 Sosandrorum
1960 2898 2173 2940 mona-

517 2971 788 3039 sterium,
822 2971 928 3027 ubi
958 2970 1448 3043 protovestiarius
1481 2969 1622 3026 sede
1649 2970 1846 3027 locata
1869 2971 2032 3042 justa
2067 2971 2172 3028 de-

2285 1909 2550 1954 σταντῖνον
2580 1901 2912 1972 τετύφλωκεν,
2955 1901 3108 1954 αὐτόν
3158 1897 3216 1953 δε
3265 1901 3560 1975 καθεῖρξεν,
3636 1906 3663 1954 6
3725 1909 3894 1976 Τορνί-

2281 2010 2380 2051 κης
2407 2009 2459 2042 τε
2499 1997 2900 2055 Κωνσταντῖνος,
2951 1990 3005 2042 ὃν
3059 1993 3218 2062 μέγαν
3275 1996 3682 2063 πριμμικὴριον
3733 1995 3761 2044 6
3816 1992 3894 2064 i5:-

2284 2080 2457 2142 σιλεὺς
2506 2079 2740 2139 Ἰωάννης
2803 2081 2916 2150 εἶχε
2967 2084 3058 2131 καὶ
3109 2083 3234 2153 πρὸς
3288 2088 3379 2131 τοῦ
3440 2079 3716 2144 ϐασιλέως
3795 2085 3894 2133 vis;

2281 2171 2609 2234 καθωσίωτό,
2664 2170 2690 2219 6
2747 2167 2905 2228 ψιλῆς
2955 2165 3225 2242 Θεόδωρος
3279 2173 3400 2230 τοὺς
3449 2169 3771 2242 ὀφθαλμοὺς
3821 2192 3892 2221 και

2283 2259 2436 2318 αὐτὸς
2483 2257 2912 2331 ἐξορωρυγμένος,
2966 2262 3057 2309 καὶ
3116 2259 3142 2309 6
3220 2262 3659 2330 Ζαγαρομμάτης
3753 2267 3874 2332 Fara;

2281 2367 2416 2419 ⁶νιος,
2447 2348 2499 2400 ὃν
2534 2345 3044 2420 πρωτοϐἐστιαρίτην
3100 2350 3190 2418 μὲν
3239 2348 3263 2398 ό
3320 2345 3581 2418 βασιλεὺς
3637 2349 3894 2418 ὠνόμασῦ

2284 2438 2554 2501 Ιωάννης,ό
2622 2432 2680 2488 δὲ
2739 2438 2849 2498 υἱὸς
2921 2436 3082 2488 αὐτοῦ
3137 2443 3613 2510 παρακοιμώμενον
3703 2449 3896 2512 πρῶτον

2281 2533 2515 2600 τιμώσας
2583 2528 2714 2597 μετὰ
2791 2523 2975 2597 βραχὺ
3027 2526 3357 2588 καθωσίωσε,
3413 2532 3736 2598 Νικηφόρος
3790 2530 3894 2578 τεο

2277 2615 2588 2679 Ἀὶυάττης,
2631 2613 2683 2666 ὃν
2715 2617 2813 2686 πρὸ
2849 2613 3084 2686 βραχέος
3123 2612 3206 2665 ἐπὶ
3262 2622 3353 2666 του
3399 2616 3718 2668 κανικλείου
3773 2635 3894 2668 τετιο

2277 2709 2458 2777 μηκὼς
2525 2703 2740 2776 ὓστερον
2795 2707 2890 2760 τὴν
2935 2701 3168 2772 ’γλῶτταν
3224 2701 3300 2754 ἐπ’
3352 2699 3594 2774 οὐδεμιᾷ
3667 2705 3816 2775 αἰτίᾳ
3875 2725 3892 2753 ο

2281 2793 2363 2866 [Ρ.
2395 2791 2488 2865 86]
2518 2790 2767 2863 βασιλεὺς
2788 2789 3008 2862 ἐκτεμὼν
3046 2793 3406 2856 καθωσίωσεν,
3461 2792 3624 2844 ἄλλοι
3683 2813 3739 2846 τε
3791 2793 3888 2844 πο).-

2276 2881 2355 2934 λοὶ
2394 2889 2493 2933 τῶν
2550 2884 2834 2953 χρησίμων
2885 2884 2976 2931 καὶ
3035 2878 3332 2950 ὀνομαστῶν
3377 2876 3624 2954 ἀνδρῶν,
3698 2882 3748 2934 οἱ
3797 2890 3890 2941 τοῖς

2280 2975 2627 3045 στρατιώταις
2683 2968 2939 3030 ξυνιόντες
2988 2973 3078 3020 καὶ
3136 2966 3245 3040 ἅμα
3313 2965 3728 3043 συνδραμοντες
3816 2978 3890 3022 και

519 3060 740 3119 mortui
771 3040 1149 3133 imperatoris
1180 3059 1828 3132 faciabat,properant,
1873 3040 2062 3133 ‘166
2117 3068 2174 3118 et
2211 3040 2252 3096 Ο
2279 3040 2362 3114 ἐπὶ

2287 3059 2362 3114 ἐπὶ
2388 3066 2450 3131 τῇ
2502 3066 2602 3110 τῶν
2654 3053 2976 3129 Σωσάνδρων
3037 3063 3362 3118 συνανιόντες
3420 3067 3555 3130 μονῇ
3622 3067 3767 3112 κατά
3818 3069 3894 3112 τοῦ

515 3150 839 3208 adversum
877 3148 1404 3222 protovestiarium
1457 3163 1528 3205 ac
1584 3152 1842 3204 tutorem
1895 3148 2172 3221 illiusque

514 3238 723 3296 fratres
745 3252 868 3294 non
903 3237 1030 3293 sine
1061 3235 1325 3293 clamore
1355 3236 1718 3309 irrumpunt.
1753 3237 1946 3302 Quare
1976 3243 2172 3309 proto-

2277 3147 2755 3223 πρωτοϐεστιαρίου
2809 3151 2898 3198 καὶ
2946 3145 3221 3220 ἐπιτρόπου
3264 3152 3354 3198 καὶ
3393 3156 3499 3199 τῶν
3563 3147 3893 3218 adunati-Iw:

2279 3238 2440 3291 αὐτού
2497 3234 2735 3288 αὐτοϐοεὶ
2785 3234 2896 3306 (67)
2952 3234 3268 3310 ἐφώρμησαν
3326 3256 3337 3267 ·
3404 3233 3583 3288 ἐκεῖσε
3644 3241 3754 3311 γὰρ
3804 3237 3897 3307 sil:

1401 3360 1742 3427 Theodori
1794 3361 2045 3429 Dousae
2093 3373 2158 3429 et
2208 3362 2447 3432 Leonis
2498 3358 2732 3428 Allatii
2782 3368 2983 3425 notae.

515 3481 727 3532 tutoris
768 3474 1006 3530 nomine
1033 3480 1346 3530 contentus
1373 3481 1549 3530 essset
1607 3475 2012 3544 Pataeologus.
2061 3477 2179 3532 Sed

518 3547 690 3602 homo
721 3547 1050 3602 vehementi
1076 3547 1294 3614 spiritu
1325 3547 1640 3614 multaque
1686 3546 2015 3613 prudentia
2052 3563 2172 3602 non

515 3617 710 3744 acaum
733 3616 1026 3741 galduini
1047 3631 1182 3685 opes
1207 3617 1415 3687 fregit,
1448 3616 1550 3672 sed
1597 3618 1805 3672 evertit
1827 3619 2002 3673 etiam
2023 3620 2170 3688 fun-

563 3704 582 3742 i
630 3702 717 3742 us.
794 3703 884 3742 LL.

563 3691 717 3742 idus.
746 3692 884 3742 ALL.

587 3759 700 3829 (61)
764 3756 1094 3829 Μουζάλωνι,
1151 3761 1407 3829 Γεωργίῳ.
1478 3758 1610 3812 Erat
1686 3757 1734 3811 is
1810 3772 1931 3812 non
2011 3760 2172 3815 claro

520 3826 737 3898 genere
767 3833 953 3894 ortus,
995 3826 1100 3883 sed
1151 3826 1691 3897 ob‘cognitionem
1745 3844 1943 3883 rerum
1983 3835 2041 3884 et
2095 3829 2173 3885 ad

520 3901 730 3956 omnia
758 3898 1152 3972 aptitudinem
1177 3905 1626 3972 atqueimorum
1679 3899 2079 3955 urbanitatem
2128 3916 2174 3972 7a

521 3986 709 4044 puero
730 3970 1020 4044 iniaulam
1032 3970 1483 4044 imperatoriam
1508 3970 1835 4044 ascitus,_ut
1855 3986 1990 4025 cum
2018 3971 2173 4026 mul-

521 4041 592 4097 tis
614 4041 958 4114 aequalibus
985 4041 1294 4114 Theodoro
1315 4041 1658 4112 imperatori
1683 4041 1944 4114 collusor
1973 4050 2132 4097 esset
2157 4061 2170 4109 ;

567 4113 626 4168 ui
651 4111 731 4168 ita
761 4128 824 4168 se
864 4113 942 4168 ad
967 4127 1164 4166 mores
1197 4111 1349 4167 illius
1376 4111 1878 4174 accommodavit.
1913 4118 1975 4167 ut
2015 4129 2173 4168 unus

526 4182 604 4239 illi
633 4189 791 4238 esset
819 4184 1024 4238 omnia
1057 4182 1281 4237 faciens
1312 4182 1636 4254 dicens-que
1667 4183 1960 4254 quidquid
1992 4185 2176 4254 impe-

522 4255 705 4309 ratori
729 4259 967 4323 gratum
988 4259 1130 4308 erat.
1160 4258 1345 4308 Amor
1396 4269 1603 4308 eorum
1651 4260 1954 4309 creSCc-nte
2002 4259 2175 4309 aetate

523 4323 820 4395 concrevit
847 4325 1020 4386 adeo,
1055 4331 1118 4377 ut
1167 4323 1330 4394 aqud
1377 4339 1514 4378 eum
1564 4325 1706 4395 jam_
1749 4324 2174 4395 imperatorem

526 4394 856 4464 principem
886 4402 944 4449 et
974 4393 1298 4449 autoritatis
1347 4400 1403 4448 et
1447 4393 1651 4462 gratiae
1694 4393 1892 4449 locum
1951 4395 2175 4450 obtine-

525 4463 630 4537 ret,
687 4463 1107 4537 solertissimus
1163 4465 1482 4537 conjector,
1540 4467 1703 4536 quod
1727 4465 1835 4537 “illi
1888 4465 2168 4537 placeret.

2275 3477 2550 3533 diversus
2579 3480 2671 3528 est
2699 3473 2967 3528 Pbranza
2997 3479 3130 3528 ALL.

2378 3551 2468 3614 63)
2503 3551 2602 3618 καὶ
2631 3545 2794 3618 ὅρκοι.
2827 3547 3137 3614 Gregoras,
3171 3547 3344 3615 p.63.
3388 3551 3535 3618 ALL.

2378 3551 2468 3614 63)
2503 3551 2602 3597 Καὶ
2631 3550 2794 3618 ὅρκοι.
2827 3550 3137 3614 Gregoras,
3171 3559 3230 3615 p.
3257 3550 3344 3600 63.
3388 3551 3535 3602 ALL.

2352 3550 2468 3690 664)
2499 3616 2659 3668 Οὑπω
2690 3623 2935 3690 τριταῖος.
2987 3618 3297 3684 Gregoras,
3353 3617 3810 3690 Pachymerius
3856 3625 3898 3670 et

2283 3687 2549 3744 Phranza
2579 3687 2821 3742 tradent
2841 3687 3024 3740 fuisse
3054 3692 3457 3758 perpetratum
3489 3687 3592 3742 die
3630 3705 3823 3746 nono.
3854 3698 3896 3740 et

2283 3760 2432 3816 forte
2463 3774 2673 3814 omnes
2699 3774 2836 3812 vera
2861 3759 3159 3814 nuntiant.
3218 3760 3419 3828 Neque
3463 3759 3638 3813 enim
3711 3763 3895 3814 statim

2284 3837 2464 3907 atque
2519 3829 3168 3907 moritur_im_perator,
3227 3828 3554 3907 sepulturae
3627 3833 3895 3885 traditur.

2283 3899 2475 3966 Quare
2494 3917 2591 3955 sex
2623 3901 2829 3970 priruis
2855 3899 3069 3952 diebus
3090 3901 3269 3953 funus
3293 3899 3447 3953 illius
3469 3908 3772 3956 curatum
3805 3908 3894 3954 est.

2283 3973 2528 4035 elatum,
2552 3969 2924 4042 prepositum
2951 3969 3198 4042 populo,
3233 3975 3401 4042 terra:
3433 3970 3699 4026 tandem
3737 3973 3896 4026 tradi-

2284 4050 2409 4098 tum
2435 4040 2598 4110 non—0
2625 4057 2762 4094 vero
2793 4041 2886 4094 die
2919 4040 2995 4094 ab
3019 4040 3174 4094 illius
3207 4040 3395 4105 obitu,
3433 4042 3612 4096 tertio
3641 4043 3896 4098 illiusse

2284 4113 2526 4187 pultura
2555 4112 2885 4187 Mugalones
2911 4111 3362 4187 obtruncarunt.
3379 4116 3537 4187 _ALL.

2355 4187 2470 4254 (65)
2547 4179 2931 4254 Συνδραμόντες
3003 4184 3214 4254 πάντες.
3300 4181 3671 4238 Solemnitas
3750 4199 3893 4238 exse

2285 4252 2566 4327 quiarum
2582 4262 2639 4308 et
2663 4252 2941 4327 frequens
2968 4252 3240 4308 omnium
3264 4269 3606 4327 concursus
3637 4270 3768 4309 non
3787 4269 3893 4309 me-

2285 4324 2529 4381 rebatur
2563 4330 2683 4379 tam
2701 4324 3011 4390 indignum
3029 4324 3461 4394 spectaculum.
3476 4326 3604 4379 Con
3615 4334 3895 4380 venerant

2285 4397 2444 4451 enim
2472 4397 2527 4450 in
2561 4395 2849 4465 templum
2877 4394 3215 4465 patriarcha
3237 4412 3372 4465 cum
3405 4394 3569 4449 clero
3597 4399 3892 4456 universo,

2287 4473 2599 4532 matronae,
2632 4464 2842 4520 omnes
2873 4464 3221 4536 nobiles.iut
3245 4464 3319 4520 de
3350 4481 3520 4521 more
3547 4467 3831 4536 lugerent
3852 4474 3894 4519 et

526 4533 732 4590 dexter
761 4535 1133 4607 negotiorum
1165 4533 1614 4607 administrator
1636 4540 1692 4589 et
1717 4533 1908 4589 ﬁdus_
1932 4553 2176 4592 arcano-
2209 4550 2248 4603 ο
2287 4541 2638 4592 memoriam
2662 4536 3038 4607 imperatoris
3070 4535 3460 4590 celebrarent.
3484 4533 3765 4593 Aderant
3787 4554 3893 4591 om-

527 4619 663 4677 rum
681 4606 992 4677 particeps
1014 4623 1027 4669 ;
1053 4621 1208 4676 quas
1231 4606 1311 4660 ob
1334 4621 1425 4659 res
1447 4605 1711 4660 celeriter
1738 4608 2176 4677 protovestiarii

527 4674 815 4747 dignitate
841 4674 1092 4730 ornatus
1123 4691 1362 4747 uxorem
1405 4692 1477 4730 ex
1518 4674 1901 4747 imperatoria
1949 4676 2177 4733 familia

527 4745 715 4802 duxit.
742 4748 1126 4818 Exieregora.
1161 4746 1494 4818 Videietiam
1513 4745 1967 4818 Pachymerium
1985 4751 2178 4804 Histo-

527 4819 762 4889 riarum
787 4817 940 4872 libro
967 4818 1182 4889 primo.
1215 4817 1441 4882 Quibus
1478 4817 2077 4889 notabismonstrum
2123 4826 2179 4873 et

530 4887 900 4961 ἁνιστορησίαν
931 4887 1526 4961 ΞὲὺοηίοὶλΕηηεαά,
1586 4890 1650 4943 IX
1722 4888 1824 4942 lib.
1852 4905 1910 4944 v1
1949 4905 1970 4944 .'
2021 4892 2176 4946 Sunt

529 4961 636 5030 qui
659 4960 1009 5030 Gregorium
1040 4960 1348 5015 Imisolum
1374 4966 1624 5015 tutorem
1654 4976 1688 5015 a
1720 4961 2023 5014 Theodoro
2048 4961 2178 5015 reti-

528 5034 684 5086 ctum
716 5031 1002 5096 scribant,
1031 5046 1202 5102 quem
1224 5031 1410 5085 sacris
1427 5038 1769 5098 operantem
1800 5032 2179 5100 [’ata’ologus

529 5103 936 5171 interfecerat,
971 5109 1208 5170 rcrepta
1233 5102 1313 5156 ad
1342 5117 1402 5157 se
1429 5117 1744 5170 puerorum
1777 5102 1984 5167 tutela,
2035 5118 2178 5172 quos

526 5173 670 5242 pari
687 5173 918 5242 injuria
938 5187 1009 5227 ac
1039 5173 1231 5228 nescio
1281 5187 1360 5226 an
1417 5175 1646 5241 majore
1683 5173 1859 5227 etiam
1910 5174 2174 5226 sustulit.

531 5241 814 5312 Georgius
846 5245 903 5298 in
937 5245 1288 5312 Gregorium
1329 5244 1537 5300 evasit.
1572 5244 1837 5297 Muzalon
1877 5243 1935 5296 in
1985 5244 2180 5298 [misn-

531 5314 674 5381 tum,
707 5314 1094 5369 obtruncatus
1119 5314 1197 5368 ab
1220 5314 1481 5368 exercitu
1515 5319 1569 5368 et
1601 5316 1826 5384 pepulo
1847 5313 1904 5368 in
1937 5314 2179 5384 interfe-

530 5390 687 5439 ctum
715 5401 752 5440 a
783 5386 1142 5454 Patwologo.
1168 5400 1315 5456 puer
1339 5386 1546 5438 unicus
1572 5383 1629 5438 in
1652 5400 1886 5452 pueros,
1909 5383 2179 5456 obcaeca-

531 5461 624 5507 tus
646 5457 705 5510 in
717 5457 1038 5512 sublatum.
1061 5454 1211 5520 Quid
1225 5458 1298 5510 de
1313 5456 1552 5527 reliquis
1564 5454 2032 5526 exspectandum
2051 5457 2182 5512 est?

775 5601 967 5647 Τοῦτον
1023 5599 1122 5666 γάρ
1177 5599 1206 5654 ἡ
1295 5593 1526 5654 διαθήκη
1611 5596 1790 5652 ἐποίει.
1867 5597 2178 5666 Gregoras,

530 5645 1003 5746 ρῃδξςςξοέέίρ
1029 5645 1205 5722 iam;
1240 5645 1574 5746 εεειῖίιάιέφ
1613 5645 2176 5746 ξάιξξίοεξιξῖῇιιξέί

528 5737 700 5799 ilium
727 5737 1152 5817 patriarcham,
1185 5747 1370 5817 quem
1390 5738 1572 5795 tacuit
1595 5739 1953 5818 Acropolita.
1975 5741 2178 5818 Neque

2284 4625 2392 4664 nes
2421 4606 2986 4679 principes,’plebeii
3018 4623 3260 4678 quoque
3283 4623 3402 4679 non
3436 4607 3719 4671 deerant,
3773 4624 3892 4662 con-

2285 4676 2537 4733 ﬂuxerat
2549 4676 2736 4732 omnis
2751 4676 3057 4741 exercitus,
3075 4676 3194 4732 non
3208 4676 3419 4733 eadem
3436 4693 3657 4732 omnes
3672 4688 3889 4734 senten-

2285 4751 2386 4813 tia,
2411 4749 2750 4820 aliiluctuui
2782 4748 3176 4820 praeferentes,
3197 4748 3295 4802 alii
3318 4765 3526 4802 necem
3578 4750 3891 4820 spirantes.

2285 4828 2342 4876 et
2360 4819 2526 4891 quod
2544 4835 2685 4874 sane
2705 4821 2962 4891 atrocius
2983 4826 3085 4891 est,
3111 4819 3254 4891 dum
3282 4821 3488 4890 hymni
3513 4819 3894 4875 concineren-

2286 4889 2398 4958 tur,
2430 4889 2517 4944 vel
2542 4898 2602 4944 ut
2619 4889 2955 4960 ACI‘OpOlila
2979 4890 3136 4951 dicit,
3162 4890 3306 4943 dum
3326 4889 3752 4960 sacrosanctae
3777 4894 3895 4946 niis-

2286 4979 2367 5015 sie
2391 4962 2744 5015 sacriﬁcium
2768 4959 3150 5034 etl'erreturiet
3167 4960 3363 5034 cultus
3381 4959 3630 5014 divinus
3657 4978 3894 5034 perage-

2287 5039 2465 5104 retur.
2493 5034 2884 5102 Gregoras,p.
2933 5035 3016 5086 65.
3067 5030 3292 5086 Similia
3339 5038 3480 5086 sunt
3521 5030 3676 5104 quae'
3710 5030 3897 5089 narrat

2288 5103 2576 5157 Pbranza.
2621 5108 2753 5155 ALL.

2359 5175 2469 5244 (66)
2498 5173 2563 5247 0i
2593 5182 2716 5246 πρός
2737 5179 2827 5223 τοῦ
2857 5170 3114 5243 βασιλέως
3161 5177 3534 5246 κεκακωμένοι.
3594 5174 3896 5247 Pachym..

2288 5259 2346 5314 p.
2380 5247 2470 5310 '23,
2496 5246 2587 5308 ‘24,
2607 5248 2695 5302 6’i.
2719 5247 2803 5314 65A.
2829 5251 2970 5314 _ALL.

2359 5316 2468 5384 (67)
2499 5319 2599 5366 Καὶ
2631 5323 2744 5386 τῶν
2776 5311 3016 5386 ἀδελφῶν
3064 5313 3222 5386 αυτοῦ
3247 5385 3250 5386 ν
3277 5313 3537 5366 αὐτοϐοεὶ.
3593 5318 3898 5386 Gregoras,

2288 5400 2347 5455 p.
2382 5389 2468 5439 66.
2503 5385 2705 5438 Scriba
2732 5384 2826 5438 hic
2856 5384 2934 5439 ob
2979 5384 3420 5439 similitudinem
3479 5384 3898 5442 obtruncatus.

2290 5462 2352 5510 ut
2399 5455 2458 5509 id
2525 5471 2766 5530 quoque
2815 5455 3003 5509 obiter
3058 5456 3386 5530 advertam,
3418 5457 3900 5530 Theophylactus

2288 5527 2777 5601 nuncupabatur.
2795 5532 3037 5601 eratque
3056 5526 3506 5601 aﬁinisGeorgii
3527 5526 3898 5601 Paetiymern

2286 5596 2573 5676 historici.
2606 5596 3042 5655 Audiamus’ab
3072 5599 3204 5676 ipso
3229 5597 3383 5654 libro
3413 5600 3642 5670 primo,
3824 5607 3897 5654 39.

2286 5674 2423 5732 ALL,
3096 5673 3100 5677 ’
