3966 6324
53 333 208 398 1189

1578 336 1921 418 AlﬂlALES-

3295 348 3438 445 1199

53 467 132 529 δή
168 489 328 537 τινος,
363 467 555 530 πολλῆς
592 475 686 529 τῆς
749 463 946 529 ἡδονῆς
1001 467 1374 542 ἐμφορούμενον
1419 476 1510 524 καὶ
1560 470 1668 524 ἐπὶ·

1797 472 1826 527 ’ί
1843 487 2054 530 omnes
2066 476 2358 547 poterant.
2376 477 2904 546 Quemadmodum
2924 476 3108 546 enim,
3131 479 3280 552 dum
3301 479 3438 556 quis

51 568 260 634 χαῖρον
291 566 395 618 τοῖς
428 560 764 632 πράγμασιν.
795 556 998 630 ’Ὠσπερ
1035 561 1133 628 γὰρ
1160 577 1239 619 τις
1299 557 1352 610 ἐκ
1407 565 1668 633 σκοτομή-

51 670 156 711 νης
213 649 430 722 βαθείας
521 649 629 714 (80)
721 647 796 706 εἰς
847 648 1213 718 καθαρώτατον
1281 647 1430 705 ἡλίου
1484 654 1670 721 φέγγος

53 737 248 795 ἐπέλθῃ
273 741 302 795 ἦ
331 741 418 788 καὶ
446 734 546 787 ἀπο
577 732 844 793 κλύδωνος
901 735 967 794 εἰς
997 735 1224 804 γαλήνην
1254 736 1282 793 ἡ
1354 737 1412 788 ἐκ
1471 747 1668 810 χειμῶ-

50 845 144 887 νος
206 826 274 887 εἰς
334 827 424 899 ἔαρ
491 827 522 882 ἦ
581 823 648 882 εἰς
693 827 936 894 νηνεμίαν
976 822 1029 874 ἐκ
1091 823 1355 884 λαίλαπος.
1421 824 1522 875 κάκ
1573 835 1666 886 τῆς

49 913 251 974 πολλῆς
288 912 431 973 ἀνίας
477 913 846 985 μεταμειφθείη
893 911 960 973 εἰς
999 908 1216 976 ἡδονὴν,
1289 913 1449 974 οὕτως
1505 913 1664 967 ἃπαν-

49 1023 143 1063 τες
189 1002 492 1073 ἐπεγάνυντο
552 1007 641 1052 καὶ
695 1001 943 1073 ἐσκίρτων
993 1002 1075 1072 ὑφ’
1135 997 1346 1068 ηὸονῆς,
1410 1010 1503 1064 τῆς
1540 1022 1662 1076 προ-

46 1099 211 1167 τέρας
262 1091 648 1163 ἐπιλελησμένοι
693 1089 1047 1164 ἀλγεινοτέρας
1094 1111 1183 1142 και
1233 1098 1419 1165 πικρᾶς
1471 1090 1664 1164 διαγω-

47 1191 173 1253 γῆς.
217 1184 283 1234 Οἱ
312 1184 401 1252 μεν
433 1181 518 1232 οὖν
541 1179 589 1231 ἐν
619 1187 681 1237 τῆ
711 1186 1099 1232 Κωνσταντινου
1128 1179 1271 1232 πόλει
1303 1187 1518 1236 Λατῖνοι
1547 1181 1660 1250 (81)

49 1273 190 1322 καὶὸ
219 1271 270 1322 ἐν
296 1270 472 1329 αὐτοῖς
498 1271 646 1340 τάχα
693 1267 985 1340 βασιλεύων
1027 1265 1334 1332 Βαλδουῖνος
1385 1270 1661 1343 πρεσϐείαν

52 1363 292 1412 ἔστειλαν
321 1362 445 1430 πρὸς
475 1361 562 1409 τόν
603 1355 846 1429 βασιλέα,
907 1358 1171 1429 ύπέρογκά
1218 1377 1335 1410 τινα
1393 1362 1663 1421 ζητοῦντες

53 1454 148 1501 καὶ
217 1452 416 1500 ατόπων
500 1448 624 1498 ὂντα
898 1455 1350 1518 καταφρονητικῶς
1396 1451 1498 1520 γὰρ
1549 1445 1664 1500 δια-

52 1541 284 1598 τεθέντες
313 1540 443 1611 πρὸς
479 1540 564 1588 τὸν
592 1534 817 1608 βασιλέα
847 1537 915 1594 ὡς
934 1542 1022 1585 νῦν
1085 1544 1178 1596 τῆς
1229 1533 1404 1607 ἀρχῆς
1455 1536 1664 1609 ἁψάμε-

53 1647 145 1679 νον
179 1625 395 1698 βαρείας
423 1627 513 1685 τὰς
585 1625 836 1685 ζητήσεις
888 1622 1113 1677 ἐποίουν.
1173 1630 1273 1678 Καὶ
1315 1634 1516 1698 πρῶτον
1575 1630 1664 1699 μεν

55 1715 285 1787 ἤρξαντο
320 1712 419 1766 ἀπὸ
451 1721 545 1774 τῆς
574 1711 768 1773 πόλεως
812 1711 1198 1772 Θεσσαλονίκης
1254 1715 1516 1766 ποιεῖσθαι
1572 1719 1666 1773 τὴν

53 1805 310 1868 ζήτησιν,
374 1803 456 1856 ἱνα
492 1803 750 1876 παράσχη
779 1803 970 1858 ταύτην
1001 1803 1208 1861 τούτοις
1237 1803 1262 1852 ό
1303 1800 1548 1874 βασιλεὺς
1578 1808 1666 1878 καὶ

51 1899 239 1944 πᾶσαν
269 1896 363 1949 τὴν
393 1890 551 1948 ἄλλην
577 1897 762 1964 χώραν
813 1891 948 1960 οἷχρι
990 1894 1080 1941 καὶ
1126 1899 1217 1949 τῆς
1277 1897 1664 1944 Κωνσταντίνου

50 1980 330 2043 αὐτῆς.”0
384 1976 443 2032 δὲ
513 1977 760 2052 βασιλεὺς
813 1987 912 2029 τῶν
975 1980 1222 2029 τοιούτων
1283 1976 1667 2052 ἀκροασάμενος

52 2069 388 2142 ἀστειότερον
415 2071 542 2141 πρὸς
573 2073 702 2138 σφᾶς
750 2067 940 2127 αύτούς
982 2070 1068 2118 τόν
1123 2065 1374 2137 ἀπόλογον
1427 2069 1668 2126 ἐποιήσα-

48 2177 136 2224 το,
166 2160 260 2217 ὡς.
291 2177 320 2209 ε
340 2156 398 2210 Ἠ
425 2155 574 2215 πόλις
596 2155 728 2212 αύτη
749 2159 940 2227 πατρίς
955 2174 1055 2226 μον
1082 2156 1134 2206 οἵ
1152 2157 1484 2226 οντνγχάνει·
1539 2154 1666 2208 ἐκεῖ-

56 2265 123 2297 σε
152 2249 250 2319 γὰρ
279 2247 304 2297 ό
337 2244 458 2316 ἐμὸς
485 2249 654 2318 πατὴρ
690 2245 1009 2315 ὁγεμόνευεν,
1045 2245 1098 2295 ὄν
1142 2248 1227 2294 καὶ
1286 2246 1433 2315 ὑμεῖς
1488 2242 1667 2297 οἴδατε

52 2338 148 2386 τόν
181 2338 342 2405 μέγαν
388 2330 719 2405 δομέστικον.
770 2331 922 2382 Ἀλλά
967 2336 1058 2383 καὶ
1107 2330 1156 2382 ἐν
1219 2331 1349 2390 αὐτῆ
1418 2328 1562 2393 οὗτος
1607 2338 1664 2386 τό

53 2424 160 2483 ζῆν
224 2422 579 2496 ἐξεμέτρησεν,
634 2425 724 2472 καὶ
773 2423 831 2471 τό
907 2428 1059 2491 σῶμα
1103 2420 1259 2471 αὐτοῦ
1313 2419 1475 2473 ἐκεῖσε
1521 2425 1665 2475 τέθα-

50 2531 212 2565 πται.
244 2518 360 2572 Πῶς
380 2511 465 2562 οὖν
516 2507 630 2562 δέον
680 2509 792 2561 ἐστι
838 2511 1028 2566 ταύτην
1076 2513 1170 2566 τὴν
1222 2508 1369 2560 πόλιν
1432 2510 1531 2571 ἔξω
1575 2519 1665 2572 τῆς

50 2600 185 2672 ἐμῆς
211 2599 494 2672 τυγχάνεὶν
525 2597 698 2673 ἀρχῆς
729 2616 742 2662 ;
778 2619 805 2646 ››
832 2604 1007 2649 Ταῦτα
1033 2595 1310 2659 ἀκηκοότες
1341 2600 1388 2650 οἱ
1423 2598 1666 2674 πρέσϐεις

49 2691 494 2746 ὑποκνηστιώσαν
534 2690 695 2758 ἔσχον
722 2689 816 2744 τὴν
866 2685 1044 2754 ἀκοὴν,
1099 2685 1180 2758 [Ρ.
1252 2687 1342 2757 90]
1397 2690 1461 2747 ὡς
1517 2691 1664 2760 τάχα

48 2780 176 2830 τινά
217 2785 314 2829 τῶν
375 2777 700 2848 ζητουμένων
755 2777 1014 2846 παράσχη
1070 2777 1273 2834 τούτοις
1311 2777 1336 2826 ό
1391 2774 1658 2847 βασιλεὺς,

52 2872 150 2918 καὶ
190 2864 555 2938 μεταϐαλόντες
578 2868 664 2916 τόν
694 2863 865 2935 λόγον,
895 2885 922 2913 ‹‹
953 2863 1176 2930 Οὐκοῦν,
1220 2887 1246 2912 ››
1314 2866 1528 2936 ἔφησαν,
1563 2888 1591 2914 ‹‹
1619 2867 1658 2918 ὧ

51 2954 301 3028 βασιλεῦ,
335 2960 731 3028 παραχώρησον
784 2956 909 3026 ἡμῖν
961 2952 1017 3004 ἐκ
1073 2963 1170 3005 τῶν
1240 2953 1431 3028 Σερῥὼν
1488 2957 1657 3007 αὐτῶν

48 3051 346 3115 κατασχεῖν
377 3045 443 3094 τά
473 3042 650 3098 λοιπὰ.
684 3065 710 3090 ››
747 3046 848 3094 Καὶ
878 3043 903 3092 ό
935 3039 1201 3113 βασιλεὺς,
1234 3064 1261 3091 ‹‹
1294 3039 1425 3094 Οὐδ’
1494 3043 1655 3102 αὐτὴν

44 3151 148 3204 μοι
187 3136 558 3206 προσήκουσαν
608 3131 792 3182 ποῖσθε
845 3133 938 3188 τὴν
989 3129 1234 3200 ζήτησιν.
1285 3135 1503 3204 Πρώτως
1552 3134 1653 3207 γὰρ

45 3220 104 3272 ἐν
137 3220 264 3278 αύτῆ
298 3223 423 3294 πρὸς
451 3227 543 3272 τοῦ
575 3224 863 3291 μακαρίτου
905 3216 1166 3291 βασιλέως
1213 3227 1303 3270 τοῦ
1359 3221 1494 3272 θείου
1555 3228 1655 3294 μοῡ

46 3313 378 3381 ἡγεμονεύειν
429 3314 614 3380 χώρας
669 3307 925 3382 ἠρξάμην,
1005 3312 1094 3359 καὶ
1155 3313 1373 3382 πρώτως
1428 3309 1475 3361 ἐν
1521 3310 1651 3368 αύτῆ

44 3399 450 3473 ἐστρατήγησα,
482 3403 572 3449 καὶ
599 3397 726 3470 φιλώ
754 3400 842 3449 τόν
895 3401 1052 3447 τόπον
1111 3399 1176 3456 ὡς
1255 3400 1472 3459 σύνηθες
1537 3395 1656 3451 ἔδα-

44 3508 164 3560 φος,
200 3488 274 3540 Ού
304 3493 474 3560 χρεὼν
496 3495 620 3559 γοῦν
679 3482 802 3538 ούδέ
851 3487 1045 3542 ταύτην
1108 3490 1203 3544 τὴν
1254 3486 1400 3538 πόλιν
1447 3488 1656 3539 καταλι·

42 3585 184 3630 πεῖν.
225 3598 245 3626 ι
281 3576 527 3650 Εύχερῶς
555 3581 681 3647 γοῦν
728 3577 776 3626 οἱ
828 3572 1069 3648 πρέσϐέις
1113 3571 1167 3624 ἐκ
1218 3579 1380 3627 τόπου
1428 3582 1658 3648 μετεπὴ-

44 3663 158 3718 ὃων
191 3665 258 3725 εἰς
287 3670 462 3735 τόπον,
501 3668 591 3715 καὶ
621 3659 786 3736 μηδὲν
810 3665 1032 3733 ἔχοντες,
1079 3662 1122 3714 εί
1179 3668 1267 3715 καὶ
1320 3684 1371 3715 τι
1429 3664 1653 3735 λάϐοιεν,

41 3756 258 3826 ἀγαπᾷν
286 3757 354 3815 ὡς
384 3749 751 3826 κερδήσαντες,
784 3757 888 3819 καὶ,
923 3771 954 3804 ‹
1000 3752 1070 3804 Ὠ
1124 3752 1361 3826 βασιλεῦ,
1417 3775 1445 3803 ››
1486 3754 1656 3806 ἀντεῖ-

42 3863 164 3912 πον,
200 3865 226 3891 ‹‹
259 3848 348 3894 καὶ
375 3839 468 3902 δός
499 3844 622 3913 ἡμῖν
664 3840 719 3892 ἐκ
748 3849 838 3892 τού
869 3841 1083 3916 Βολερού
1113 3845 1180 3894 τά
1207 3846 1400 3915 μέχρις
1430 3844 1597 3915 ἡμῶν.
1622 3861 1654 3896 ι

47 3933 202 3985 Καὶό
231 3929 480 4003 βασιλεὺς
523 3953 550 3978 ‹‹
608 3929 690 3981 Ἐν
759 3932 963 3991 τούτοις
1012 3939 1115 3991 τοῖς
1181 3936 1358 3992 τόποις
1412 3932 1656 3992 πολλάκις

44 4022 330 4094 ἐθήρευσα,
361 4025 451 4071 καὶ
484 4015 682 4091 σχεδόν
711 4023 769 4071 τό
799 4019 970 4081 καλῶς
1006 4022 1245 4092 χρᾶσθαι
1297 4028 1413 4082 ταῖς
1471 4023 1656 4094 θήραις

46 4110 102 4162 ἐν
131 4112 296 4181 τούτῳ
326 4111 625 4182 μεμάθηκα,
659 4113 748 4161 καὶ
775 4111 834 4160 οὔ
893 4129 983 4181 μοι
1037 4114 1272 4182 κέκριται
1334 4109 1476 4172 άξιον
1529 4117 1654 4162 τοῦ-

43 4219 139 4251 τον
167 4197 367 4270 ἀφεῖναι
413 4201 500 4248 τόν
557 4206 755 4270 χῶρον,
817 4199 937 4250 ἔνθα
989 4203 1078 4249 καὶ
1131 4198 1284 4250 πάλιν
1330 4196 1515 4269 ἀγαπῶ
1565 4202 1653 4256 θη-

40 4291 215 4362 ρεύειν
240 4293 328 4339 καὶ
359 4287 549 4360 ἄγραις
594 4286 737 4346 ζώων
783 4282 1093 4358 ἐφήδεσθαι.
1167 4307 1194 4336 ››
1243 4292 1306 4338 Τί
1350 4295 1474 4358 γοῦν
1527 4290 1653 4360 ἡμῖν

45 4371 224 4437 δίδως
258 4393 272 4442 ;
304 4394 336 4429 ›
363 4373 654 4447 ἀντέφησαν
685 4376 734 4425 οἱ
764 4373 1008 4448 πρέσϐεις
1032 4383 1104 4446 τῷ
1155 4373 1386 4448 βασιλεῖ.
1441 4399 1466 4425 α
1521 4375 1652 4448 Ἐγὼ

42 4470 160 4539 μὲν,
198 4487 224 4514 ››
252 4468 342 4536 ἔφη
384 4466 410 4516 ό
439 4462 704 4536 βασιλεὺς,
742 4485 769 4505 η
825 4460 995 4518 οὐδέν.
1063 4464 1195 4518 Ἀλλ’
1256 4469 1395 4540 εἴπερ
1463 4463 1652 4518 ἐθέλετε

39 4559 140 4612 τήν
179 4552 232 4616 ἐξ
260 4553 385 4626 ἐμοῦ
435 4553 641 4628 εἰρήνην
687 4551 860 4604 λαϐεῖν
905 4553 1098 4626 (καλῶς
1146 4555 1247 4627 γάρ
1302 4573 1365 4626 με
1429 4553 1650 4607 ἐπίστα-

45 4648 164 4714 σθε,
198 4649 286 4696 καὶ
315 4648 409 4702 *ὴν
439 4643 491 4706 ἐξ
526 4642 649 4715 ἐμοῦ
674 4645 858 4716 μάχην
915 4642 1126 4714 ξυνίετε,
1194 4646 1350 4702 ἡνίκα
1394 4649 1488 4702 τὴν
1535 4645 1654 4717 ἦγε-

39 4739 230 4808 μονίαν
259 4735 496 4792 Βεθυνὶας
543 4736 632 4784 καὶ
661 4736 897 4806 Ταρσίας
959 4733 1123 4804 εἶχον,
1177 4734 1310 4792 ὅπως
1364 4731 1484 4805 ύμῖς
1531 4731 1656 4787 οἶδα

40 4821 441 4896 μαχέσασθαι),
495 4819 646 4872 ἐθέλω
718 4825 834 4880 τοὺς
905 4819 953 4872 ἐν
1011 4829 1070 4878 τῆ
1148 4822 1655 4876 Κωνστανινουπολει

41 4916 300 4970 Λατίνους
321 4913 452 4983 πρός
479 4914 571 4968 τὴν
624 4916 725 4961 τῶν
779 4907 1042 4982 Ῥωμαίων
1101 4909 1260 4962 τελεῖν
1327 4910 1503 4982 ἀρχὴν
1559 4932 1653 4984 με-

38 4997 178 5076 ρίδα
234 5003 321 5071 μὲν
380 5003 474 5056 την
522 5006 577 5049 εκ
633 5005 725 5049 τού
775 5004 1094 5071 κομμερκίου
1152 5000 1266 5065 (8'2)
1319 4999 1506 5062 αὐτῶν,
1557 5005 1652 5060 τὴν

39 5089 296 5158 ἀνάλογον
327 5089 580 5148 ὡσαύτως
609 5083 835 5141 εἴσοδον.
884 5088 944 5138 Εἰ
990 5089 1157 5140 ταῦτά
1211 5107 1300 5160 μοι
1351 5097 1651 5163 παρασχεῖν

38 5181 396 5248 ὑποσχοίητε,
430 5175 502 5238 εἰς
531 5176 731 5244 εἰρήνην
765 5179 1109 5248 συνέρχομαι.
1161 5177 1221 5229 Εἰ
1277 5173 1328 5229 δ’
1375 5177 1484 5245 οὖν,
1541 5177 1649 5232 ἀλλ’

1684 3191 1727 3249 C

1687 4543 1734 4608 Ι)

1778 576 1810 616 e
1841 560 2221 620 densissimis
2251 567 2510 622 tenebris
2541 567 2602 622 in
2632 567 3029 640 purissimum
3063 568 3205 626 solis
3253 565 3440 646 jubar

1777 665 2112 720 emergens,
2147 660 2250 710 aut
2280 671 2310 710 e
2342 661 2692 726 tempestate
2725 657 2786 711 in
2827 656 3149 729 tranquilla
3210 662 3313 714 aut
3365 673 3438 712 ex

1774 737 1868 792 hie
1877 754 1969 792 me
1981 739 2042 794 in
2053 756 2305 797 vernum
2320 748 2506 798 autex
2523 745 2783 815 procella
2796 745 2856 799 in
2872 744 3077 816 quieta
3099 733 3432 815 accesserit,

1775 831 1876 880 aut
1893 829 2070 882 etiam
2087 828 2391 898 ingentem
2411 847 2729 888 maerorem
2747 833 2808 887 in
2821 832 3114 904 gaudium
3137 836 3435 888 transmu-

1772 917 1999 982 taverit,
2017 916 2217 974 laetitia
2228 918 2516 989 differtur,
2533 921 2608 976 ita
2624 937 2827 977 omnes
2842 923 3147 993 voluptate
3168 921 3434 993 quadam

1773 1003 2048 1074 perfundi
2072 1011 2128 1062 et
2145 1008 2368 1076 gaudio
2380 1008 2674 1065 cumulari
2692 1016 2869 1082 atque
2888 1010 3139 1077 exsilire,
3173 1010 3432 1067 miserri-

1771 1108 1872 1148 ma
1901 1093 2340 1169 deterrimaque
2372 1098 2585 1169 prioris
2640 1099 2770 1155 vitae
2826 1100 3055 1172 ratione
3113 1115 3145 1154 e
3194 1104 3434 1172 pectore

1769 1181 2076 1255 oculisque
2101 1191 2327 1242 amota.
2363 1187 2565 1253 Latini,
2607 1188 2711 1259 qui
2743 1187 2904 1242 CPoli
2949 1192 3137 1255 erant,
3192 1192 3250 1242 et
3312 1187 3411 1244 Bal

1770 1266 1992 1324 duinus
2017 1271 2254 1328 illorum
2284 1275 2623 1330 moderator
2644 1275 2722 1331 ad
2743 1276 3169 1348 imperatorem
3199 1275 3432 1354 legatos

1771 1361 2129 1430 praetumida
2158 1362 2442 1433 quadam
2469 1369 2525 1419 et
2545 1380 2697 1436 pene
2719 1364 2989 1420 absurda
3035 1365 3428 1438 quwritantes

1773 1448 2081 1504 miserunt.
2096 1451 2504 1523 Contemptius
2531 1469 2795 1524 namque
2818 1469 2960 1522 erga
2983 1453 3427 1525 imperatorem,

1772 1539 2060 1606 tanquam
2117 1539 2221 1610 qui
2305 1545 2432 1594 tum
2497 1541 2761 1612 primum
2824 1541 3143 1613 imperium
3195 1557 3431 1596 assum-

1773 1631 1996 1696 pserat,
2028 1625 2237 1693 affecti,
2273 1627 2685 1684 immoderatis
2725 1629 3228 1696 postulationibus
3258 1646 3432 1700 urge-

1773 1714 1922 1771 bant
1955 1715 2154 1783 ;etab
2183 1717 2315 1790 ipsa
2362 1717 2786 1774 Thessalonica
2830 1718 3066 1774 initium
3122 1719 3426 1784 facientes,

1776 1808 1842 1858 ut
1893 1820 2029 1859 eam
2111 1805 2223 1861 sibi
2297 1810 2354 1861 et
2434 1807 2730 1878 reliquam
2805 1823 3050 1863 omnem
3125 1807 3431 1878 regionem

1775 1893 1997 1966 Cpolim
2032 1909 2222 1968 usque
2264 1895 2589 1967 imperator
2639 1897 3010 1962 concederet,
3077 1896 3430 1968 poscebant.

1773 1981 1874 2037 His
1916 1982 2137 2038 auditis
2202 1984 2526 2056 imperator
2590 2001 2948 2058 responsum
3003 1985 3273 2057 lepidum
3340 1999 3432 2040 sa-

1771 2087 1845 2126 ne
1913 2087 2106 2144 neque
2173 2071 2558 2128 invenustum
2616 2073 2802 2130 dedit.
2865 2077 3008 2129 Eam
3055 2073 3278 2129 scilicet
3331 2089 3430 2128 ur-

1772 2159 1909 2214 bem
1925 2161 2014 2214 sui
2027 2161 2283 2231 patriam
2312 2162 2354 2232 1
2367 2161 2418 2232 7
2431 2161 2482 2234 3
2503 2163 2957 2234 quodammodo
2973 2177 3100 2218 esse
3126 2181 3138 2229 ;
3158 2162 3220 2217 in
3241 2177 3314 2217 ea
3327 2175 3432 2233 pa-

1771 2253 1919 2302 trem
1973 2265 2174 2315 suum,
2227 2264 2407 2321 quem
2470 2250 2584 2322 ipsi
2639 2252 2864 2320 Optime
2922 2254 3232 2316 noverant,
3289 2264 3428 2304 ma-

1772 2353 1959 2408 gnum
1985 2338 2380 2394 domesticum
2415 2339 2816 2412 principatum
2859 2339 3209 2409 obtinuisse,
3264 2339 3326 2394 in
3356 2353 3429 2394 ea

1769 2426 1902 2482 vitte
1925 2427 2107 2482 ﬁnem
2133 2427 2360 2493 fecisse,
2393 2427 2452 2482 in
2478 2443 2667 2500 eaque
2689 2427 2942 2483 cadaver
2981 2428 3136 2483 illius
3165 2427 3429 2500 sepultu-

1770 2531 1850 2570 rae
1883 2517 2259 2572 mandatum.
2292 2515 2606 2581 Quomodo
2624 2515 2824 2588 itaque
2857 2533 2928 2572 ea
2952 2517 3097 2572 urbs
3119 2524 3286 2574 extra
3314 2536 3424 2592 po-

1770 2609 2040 2660 testatem
2097 2621 2295 2660 meam
2377 2603 2591 2660 fuerit?
2618 2605 2880 2660 Audiunt
2941 2605 3166 2675 legati:
3227 2608 3427 2665 adhuc

1770 2698 1970 2748 tamen
1993 2694 2225 2767 pruritu
2239 2694 2474 2748 aurium
2497 2692 2698 2764 aliqua
2719 2709 3149 2750 concessurum
3166 2695 3424 2769 impera-

1769 2785 1949 2837 torem
1969 2782 2947 2855 sperabant,etmutataoratione,«
2962 2783 3164 2853 Igitur,
3191 2807 3219 2835 ιο
3236 2785 3422 2859 aiunt,

1767 2893 1793 2921 «
1824 2871 2170 2943 imperator,
2200 2871 2462 2926 concede
2494 2869 2670 2924 nobis
2700 2870 2778 2926 ab
2803 2871 2986 2926 Serris
3015 2872 3165 2944 ipsis
3193 2874 3427 2946 reliqua

1763 2961 2089 3033 possidere.
2117 2983 2143 3010 ››
2177 2959 2581 3031 Etimperator
2605 2976 2617 3012 :
2643 2961 2893 3031 «Neque
2916 2960 3075 3031 juste
3106 2977 3301 3035 neque
3323 2963 3428 3023 de.

1763 3054 1964 3104 center
2000 3049 2128 3104 hinc
2160 3047 2500 3120 postulatis.
2531 3046 2796 3118 primum
2827 3049 2986 3102 enim
3013 3048 3073 3103 in
3099 3064 3171 3104 ea
3198 3065 3235 3106 a
3280 3051 3425 3108 bea-

1764 3143 1836 3192 tae
1852 3137 2150 3192 memoriae
2168 3136 2526 3208 imperatore
2538 3139 2754 3206 patruo
2767 3149 2902 3190 meo
2912 3134 3025 3191 loci
3043 3137 3423 3196 dominatum

1763 3227 1970 3295 habui,
1994 3225 2107 3280 illic
2133 3224 2559 3280 dominationis
2597 3239 2748 3278 meae
2769 3223 3035 3291 exordia,
3052 3224 3168 3280 illic
3198 3226 3421 3284 militiae

1763 3316 1960 3388 prima
1990 3312 2359 3370 incunabula
2393 3317 2486 3380 ;et
2501 3312 2634 3368 loco
2657 3317 2946 3385 tanquam
2986 3312 3263 3371 familiari
3292 3316 3421 3374 solo

1765 3403 2045 3460 delector.
2085 3402 2253 3458 Haud
2285 3402 2486 3474 itaque
2542 3401 2650 3457 erit
2697 3417 2895 3474 operae
2942 3403 3200 3476 pretium
3250 3404 3420 3463 illum

1767 3494 2054 3548 amittere.
2098 3515 2126 3541 »
2161 3491 2358 3560 Legati
2396 3489 2470 3546 de
2501 3494 2634 3546 loco
2664 3491 2725 3546 in
2755 3490 2957 3546 locum
2983 3491 3137 3547 facili
3179 3495 3422 3566 negotio

1767 3597 2106 3637 sermonem
2128 3584 2493 3650 convertere,
2529 3584 2584 3634 et
2621 3595 2760 3634 cum
2807 3579 2953 3636 nihil
3001 3580 3314 3649 haberent,
3373 3583 3422 3639 si

1765 3671 1912 3744 quid
1934 3670 2380 3742 impetrassent,
2421 3685 2491 3724 eo
2521 3673 2834 3725 contentos
2880 3684 3027 3736 esse,
3060 3686 3131 3726 ac
3161 3671 3210 3726 si
3239 3671 3422 3728 victo-

1763 3762 1912 3816 riam
1930 3759 2181 3814 fuissent
2195 3757 2519 3813 consecuti.
2534 3760 2706 3824 Et,«0
2723 3759 3081 3829 imperator»
3095 3760 3418 3832 excipiunt,

1766 3871 1795 3901 «
1825 3849 2032 3904 saltem
2055 3847 2229 3902 nobis
2251 3863 2281 3901 e
2315 3846 2517 3902 Bolero
2533 3846 2611 3900 ad
2629 3851 2835 3901 nostra
2874 3847 3166 3917 permitte.
3202 3867 3231 3896 »
3270 3851 3419 3903 Tum

1765 3938 2108 4010 imperator,
2133 3958 2160 3986 «
2194 3936 2315 3990 Illis
2342 3935 2403 3990 in
2433 3934 2575 3989 locis
2597 3933 2923 4005 saepissime
2945 3935 3247 3990 venationi
3275 3951 3418 4008 ope-

1762 4043 1891 4082 ram
1916 4025 2074 4094 dedi,
2108 4029 2164 4080 et
2211 4022 2631 4078 venationibus
2660 4037 2780 4077 non
2837 4021 2992 4078 male
3053 4021 3134 4078 uti
3189 4023 3252 4079 in
3305 4023 3419 4079 illis

1764 4114 2112 4188 aprehendi.
2169 4113 2489 4181 Indignum
2555 4113 2755 4183 itaque
2823 4110 3054 4167 videtur
3102 4112 3248 4169 locis
3304 4112 3419 4169 illis

1761 4204 2122 4269 renuntiare,
2151 4203 2254 4256 ubi
2284 4217 2490 4256 rursus
2517 4199 2815 4257 venationi
2843 4199 3190 4256 incumbere
3229 4202 3418 4274 gestio

1764 4299 1819 4350 et
1848 4293 2109 4349 ferarum
2141 4291 2402 4362 capturis
2441 4288 2714 4344 animum
2762 4289 3081 4347 oblectare.
3137 4311 3166 4340 »
3222 4285 3417 4357 «Quid

1761 4382 1940 4452 igitur
1964 4380 2139 4437 nobis
2167 4379 2362 4434 donas
2382 4379 2410 4434 ?
2442 4400 2469 4429 »
2499 4377 2677 4448 legati
2714 4377 3057 4450 imperatori
3095 4378 3420 4452 responde-

1762 4476 1921 4527 runt.
1950 4489 1979 4522 α
2008 4472 2128 4540 Ego
2158 4466 2428 4540 quidem,
2457 4487 2486 4515 »
2507 4464 2635 4520 inﬁt
2663 4465 3010 4538 imperator,
3047 4489 3076 4518 «
3100 4466 3269 4523 nihil.
3304 4467 3416 4524 Sed

1764 4562 1810 4616 si
1837 4576 2047 4634 pacem
2070 4574 2142 4614 ex
2165 4572 2258 4611 me
2279 4555 2502 4610 habere
2522 4555 2938 4626 concupiscitis
2953 4554 3129 4627 (bene
3153 4573 3418 4629 namque

1762 4667 1860 4706 me
1885 4649 2156 4717 nostis,et
2174 4644 2320 4718 quid
2350 4643 2676 4716 pugnando
2700 4643 2936 4700 valeam
2965 4662 2978 4713 ;
2998 4645 3250 4718 jamque
3271 4647 3416 4702 satis

1763 4738 2048 4795 didicistis
2062 4753 2198 4792 cum
2217 4733 2496 4805 Bithyniae
2516 4734 2558 4802 ι
2569 4733 2620 4802 ’1
2633 4731 2688 4804 4
2699 4735 3038 4805 Tarsiaeque
3050 4749 3248 4790 rerum
3267 4735 3416 4804 poti-

1762 4840 1876 4894 rer,
1890 4837 2154 4896 quanam
2175 4820 2304 4891 ipse
2315 4818 2544 4873 ratione
2556 4817 2713 4872 bello
2730 4817 3098 4889 conﬂigam),
3113 4817 3250 4874 volo
3271 4817 3418 4874 Lati-

1761 4929 1894 4976 nos,
1923 4911 2027 4984 qui
2049 4909 2213 4982 Cpoli
2233 4911 2391 4973 sunt,
2407 4908 2678 4962 Romano
2692 4905 2945 4977 imperio
2962 4921 3088 4961 eam
3109 4921 3179 4960 ex
3195 4904 3414 4961 tributo

1762 5005 1993 5073 partem
2058 4995 2398 5070 persolvant
2451 5009 2587 5067 quae
2639 4992 2976 5049 introitibus
3026 4991 3413 5066 proportione

1758 5087 2142 5162 respondeat.
2176 5089 2310 5141 Haec
2353 5084 2402 5139 si
2457 5087 2742 5155 praestare
2798 5082 3146 5147 annueritis,
3197 5099 3412 5155 pacem

1760 5191 2098 5250 compono;
2123 5175 2215 5230 sin
2245 5173 2464 5241 minus,
2486 5186 2756 5244 pugnam
2771 5171 2960 5238 edico,
2983 5186 3120 5246 quae
3155 5173 3273 5230 Deo
3310 5187 3415 5228 au.

962 5300 1303 5368 Theodori
1353 5299 1604 5370 Dousae
1651 5312 1720 5374 et
1763 5301 2016 5374 Leonis
2063 5295 2299 5367 Allatii
2346 5305 2549 5364 notae.

121 5445 235 5516 (80)
273 5447 362 5500 Ἐκ
415 5451 736 5520 σκοτομήνης
785 5444 1022 5520 βαθείας.
1083 5444 1534 5518 Pachymerius,
1581 5461 1644 5520 p.

419 5590 508 5660 μὲν
564 5590 666 5670 γὰρ
706 5587 754 5642 ἓν
819 5597 919 5670 τῇ-
945 5588 1483 5670 Κωνσταντινουπόλει
1529 5594 1649 5646 Λα-

31 5665 198 5716 τῖνοι.
229 5659 681 5733 Pachymerius,
717 5676 781 5734 p.
818 5663 946 5719 106.
983 5666 1121 5718 ALL.

1825 5446 1938 5518 (82)
1961 5450 2073 5497 Τῶν
2102 5460 2405 5518 κομερκιων.
2447 5438 2968 5518 σόοιηιενςιόνωπ.
3026 5439 3152 5518 Vox
3204 5437 3414 5518 Latina

1756 5510 1884 5598 tota
1901 5510 2196 5598 κομέρκιοέ.
2217 5510 2374 5594 sive”
2394 5512 2730 5598 xq‘ppt'pxwv,
2766 5510 3214 5567 ’commercium.
3269 5510 3413 5568 Vide

1757 5583 2125 5648 Glossarium
2148 5583 2402 5643 Meursii.
2439 5585 2650 5640 Dousa.
