3966 6324
530 282 671 340 “93
1788 272 2073 329 GEORGII
2106 271 2592 334 ACROPOLITE.
3772 280 3882 334 ιιθε

527 407 747 482 liphas,
768 406 971 464 uxoris
989 404 1283 462 Michaelis
1294 398 1607 457 defectoris
1631 397 1827 462 frater,
1864 396 2185 452 audentius
2221 401 2265 452 Α

2294 397 2467 469 ὥσπερ
2489 402 2625 460 τινὸς
2674 397 2876 470 ξίφους,
2916 395 3045 451 ὀδοῦ
3093 401 3264 472 ἔργον,
3328 404 3432 452 Καὶ
3490 401 3518 451 6
3582 402 3881 473 Πετραλίᾳις

532 511 759 569 equum
788 495 1029 552 calcans
1057 494 1161 550 ubi
1198 493 1331 548 loca
1371 492 1676 561 prwrupta
1730 484 1976 541 obviam
2027 484 2185 540 facta

2296 483 2354 539 δὲ
2398 482 2668 559 Θεόδωρος
2724 488 2750 538 6
2799 487 3246 558 αὐτοκασιγνητος
3312 495 3406 547 τῆς
3457 496 3556 540 τοῦ
3605 487 3879 543 Emerita;

538 591 697 652 sunt,
731 587 859 658 ipse
927 589 985 639 et
1037 598 1229 655 equus
1270 576 1620 653 praecipitati
1674 575 1858 630 vitam
1906 588 2181 646 posuere.

538 675 864 745 Fugatique
876 677 1015 729 sunt
1028 671 1105 727 ad
1117 669 1392 743 prOprios
1405 664 1725 723 conﬁnium
1744 662 2040 732 terminos,
2060 663 2182 717 sive

534 768 768 818 montes
791 765 1124 834 Pyrenaeos,
1149 760 1247 831 qui
1275 762 1533 813 veterem
1565 758 1621 809 et
1669 769 1891 809 novam
1939 752 2182 823 Epirum

533 868 571 908 a
587 857 792 907 nostra
804 853 1046 921 Grascaq
1057 865 1128 904 ue
1150 848 1388 918 regione
1401 842 1840 900 disterminant.
1882 842 2030 896 Cum
2053 840 2181 896 haec

530 941 615 997 ita
654 939 1011 1003 evenissent,
1049 936 1375 994 Occasione
1441 938 1684 1003 sumpta
1740 930 2181 986 sebastocrator

530 1028 911 1085 auxiliarium
932 1026 1269 1083 cohortium
1294 1022 1570 1094 praesidio
1592 1020 1896 1089 regionem
1917 1034 2176 1073 vacuam

528 1117 1009 1189 deprehendens,
1032 1116 1091 1169 in
1108 1113 1335 1185 oppida
1357 1128 1493 1183 quae
1510 1110 1570 1165 in
1596 1125 1666 1164 ea
1679 1114 1864 1171 erant,
1885 1108 2178 1178 impetum

524 1206 682 1262 facit.
698 1208 762 1259 Et
774 1204 1036 1276 primum
1047 1201 1294 1274 quidem
1310 1198 1650 1262 Achridam,
1666 1212 1850 1268 quam
1884 1194 2176 1263 Bulgariee

525 1293 1110 1366 archiepiscopatum
1141 1306 1275 1345 esse
1306 1292 1527 1344 norunt
1552 1300 1782 1352 omnes,
1807 1299 2011 1339 secum
2057 1297 2178 1338 una

527 1388 583 1439 ct
597 1382 752 1438 illius
779 1379 1303 1452 archiepiscopum
1346 1375 1796 1431 Constantinum
1831 1370 2174 1428 Cabasilam

527 1472 775 1535 ducens,
799 1467 1122 1526 contendit.
1156 1465 1458 1523 Cabasilas
1486 1478 1665 1535 porro
1705 1462 1783 1517 ab
1815 1462 2175 1534 imperatore

2294 575 2517 647 Μιχαὴλ
2569 576 2825 648 συζύγου,
2886 577 3201 651 θρασυτέρου
3278 575 3465 638 ἐπιϐὰς
3534 580 3734 645 ἵππου,
3798 580 3881 632 ἐπει

2293 665 2504 735 ἐνέτυχε
2533 663 2832 740 κρημνώδει
2858 670 3022 737 τόπῳ,
3050 665 3207 727 αὐτὸς
3252 686 3306 717 τε
3353 672 3444 719 καὶ
3508 669 3535 719 6
3603 669 3763 729 ἵππος
3812 691 3881 721 u-

2291 754 2653 819 ταϐἐϐληνται,
2696 760 2785 807 καὶ
2819 757 2970 827 ἄμφω
3016 754 3301 812 ἀπώλοντο.
3352 756 3773 815 Συνεστεὶλησαν
3815 756 3881 810 οὖν

2291 848 2454 915 μέχρι
2510 853 2607 895 τῶν
2662 844 2861 896 οἰκείων
2917 845 3067 915 ὅρων,
3117 845 3208 896 εἰτ’
3258 844 3343 896 οὖν
3392 853 3497 896 τῶν
3558 846 3883 920 Πυρῥπναίω

2292 932 2442 1007 ὀρῶν,
2475 933 2509 983 ἃ
2539 929 2603 991 δὴ
2640 930 2864 1006 διορίζει
2890 937 2982 991 τήν
3026 933 3248 985 παλαιάν
3299 953 3355 986 τε
3396 939 3491 985 καὶ
3540 940 3669 987 νέαν
3720 937 3883 990 "Him-

2287 1041 2376 1093 ρον
2406 1031 2496 1081 τῆς
2519 1020 2813 1083 Ἐλληνιδος
2842 1028 2930 1073 καὶ
2968 1024 3222 1096 ἡμετέρας
3270 1031 3388 1094 γῆς.
3438 1022 3593 1075 Ἐπεὶ
3667 1021 3730 1077 δὲ
3785 1034 3885 1077 ταν-

2288 1130 2354 1161 τα
2381 1110 2543 1171 οὕτως
2578 1110 2661 1163 ἐπὶ
2717 1114 2922 1171 τούτοις
2976 1110 3180 1175 ξυνέϐη,
3224 1107 3406 1173 ἀδείας
3453 1113 3481 1162 6
3537 1112 3884 1189 σεϐαστοκρέο

2286 1217 2387 1273 τωρ
2448 1196 2786 1274 δραξάμενος,
2836 1202 3025 1272 ἔρημον
3084 1202 3242 1274 εὑρὼν
3324 1209 3418 1262 τῆς
3506 1199 3886 1275 ἐπεχουρούσις

2285 1293 2378 1345 την
2400 1294 2580 1360 χώραν
2626 1284 2910 1360 δυνάμεως’
2951 1291 3089 1340 κατὰ
3132 1297 3231 1340 τῶν
3284 1287 3333 1339 ἐν
3380 1289 3516 1362 αὐτῇ
3557 1292 3769 1343 ἄστεων
3810 1298 3887 1353 τὰς

2285 1378 2449 1451 ὁρμὰς
2496 1375 2735 1431 ἐποιεῖτο.
2798 1382 2898 1429 Καὶ
2953 1386 3154 1450 πρῶτον
3231 1380 3319 1449 μὲν
3389 1376 3556 1449 ἀπῄει
3651 1377 3743 1432 ἐπὶ
3806 1387 3884 1439 ri:

2283 1462 2538 1537 Ἀχρίδα,
2587 1465 2646 1523 ἢν
2693 1470 2783 1517 καὶ
2837 1464 3256 1539 ἁρχίεπισκοπήν
3307 1466 3651 1542 Βουλγαρίας
3674 1471 3727 1520 οἱ
3773 1476 3884 1521 πά»-

523 1558 836 1615 Theodoro
866 1561 992 1612 erat
1014 1556 1336 1626 sejunctas,
1364 1558 1654 1623 tanquam
1704 1549 1806 1622 qui
1857 1553 2174 1620 suspectus

526 1646 607 1703 illi
618 1646 899 1701 foretnon
915 1658 1092 1715 aaquo
1104 1644 1164 1698 in
1180 1640 1501 1713 imperium
1517 1639 1718 1695 animo
1732 1653 1884 1693 esse.
1901 1636 2174 1707 Namque

2282 1573 2366 1614 τες
2390 1550 2622 1619 οἴδασιν,
2666 1557 2802 1625 ἔχων
2842 1553 2952 1625 μεθ’
3013 1553 3198 1606 ἑαυτοῦ
3250 1558 3338 1606 καὶ
3388 1558 3479 1606 τὸν
3538 1554 3885 1628 ἀρχιεπίσιε-

2281 1662 2375 1694 πον
2427 1646 2622 1705 ταύτης
2679 1646 2765 1694 τόν
2825 1642 3125 1695 Καϐασιλαν
3217 1650 3642 1709 Κωνσταντῖνον,
3713 1645 3768 1708 ὃς
3837 1642 3884 1704 ξπ

524 1735 735 1791 fratres
766 1733 921 1789 illius
943 1731 1214 1801 germani
1255 1733 1509 1786 Joannes
1551 1735 1606 1783 et
1646 1727 1993 1783 Theodorus
2033 1742 2171 1780 cum
2204 1748 2245 1801 Β

2280 1737 2409 1806 πρὸς
2445 1741 2535 1785 τοῦ
2593 1732 2846 1806 βασιλέως
2903 1730 3181 1809 Θεοδωρου
3224 1739 3667 1807 κατεσχημένος.
3724 1744 3886 1808 Ὕφευ-

524 1822 802 1880 Michaele
819 1821 1117 1878 defectore
1138 1819 1321 1875 vitam
1341 1818 1620 1887 agebant,
1648 1815 1999 1871 Theodorus
2022 1815 2173 1870 inter

522 1913 680 1969 illius
710 1927 984 1985 proceres
1010 1913 1498 1973 connumeratus,
1521 1910 1779 1963 Joannes
1804 1905 1922 1960 fere
1969 1921 2169 1960 rerum

519 2003 962 2069 universarum,
974 1998 1351 2071 publicarum
1364 2012 1582 2068 nempe
1594 2013 1663 2052 ac
1676 1995 2166 2056 domesticarum,

521 2091 902 2147 dominatum
931 2104 1040 2160 pro
1065 2092 1214 2143 nutu
1244 2102 1429 2156 agens
1452 2085 1790 2156 ferensque.
1824 2082 1911 2138 0b
1933 2082 2081 2148 haec,
2108 2087 2172 2138 ut

520 2180 798 2247 diximus,
809 2176 1155 2233 Theodorus
1168 2176 1485 2247 imperator
1499 2190 1619 2229 non
1632 2171 1954 2228 admodum
1978 2170 2169 2226 archi-

521 2269 806 2342 episcopo
816 2266 1056 2322 ﬁdebat.
1070 2264 1581 2320 Verumenimvero
1595 2261 1833 2317 Michael
1850 2262 2169 2331 imperator

521 2358 716 2427 magis
740 2356 922 2411 libere
941 2370 1012 2410 ac
1045 2355 1302 2422 ingenue
1323 2367 1418 2407 res
1445 2356 1833 2422 pertractans,
1858 2354 1912 2403 et
1930 2347 2168 2403 Numini

523 2444 958 2502 maximamab
996 2444 1127 2516 ipso
1153 2447 1457 2515 gestorum
1506 2446 1735 2512 partem
1795 2444 1899 2493 aut
1950 2443 2168 2493 cuncta

524 2535 850 2601 ascribens,
876 2532 1349 2604 archiepiSCOpo,
1364 2530 1467 2602 qui
1488 2534 1615 2583 tum
1631 2529 2164 2583 sebastocratorem

520 2623 903 2696 sequebatur,
931 2625 1285 2693 potestatem
1333 2617 1411 2674 ad
1471 2633 1582 2672 sua
1639 2615 1969 2671 revertendi
2008 2614 2163 2669 fecit.

516 2717 723 2784 Itaque
755 2727 895 2767 cum
922 2708 1244 2765 Achridam
1273 2706 1701 2779 pervenissent,
1752 2710 1815 2759 ut
1879 2704 2162 2771 diximus,

514 2802 953 2857 sebastocrator
980 2797 1264 2853 militares
1289 2795 1603 2850 machinas
1634 2793 1807 2864 178
1830 2794 1889 2848 in
1918 2809 2021 2848 eos
2034 2808 2163 2847 mo-

2278 1827 2404 1893 ρᾶτο
2433 1824 2534 1895 γὰρ
2561 1822 2826 1874 ὑπἀὐτοῦ
2875 1828 2946 1895 μὴ
3000 1822 3151 1896 ὀρθός
3194 1819 3321 1874 εἶναι
3367 1829 3488 1895 περὶ
3541 1829 3667 1883 τὴν
3730 1824 3885 1898 ἀρχήν

2275 1914 2367 1967 τὴν
2391 1909 2676 1982 βασιλειονο
2708 1912 2757 1961 οῖ
2781 1931 2835 1963 τε
2862 1914 2962 1983 γὰρ
3022 1907 3337 1983 αὖτάδελφοι
3398 1911 3572 1964 αὐτοῦ
3621 1918 3760 1984 μετά
3813 1922 3887 1965 τον

2279 1996 2578 2051 ἀποστατου
2632 1998 2920 2071 ἐτύγχανον
2975 1999 3216 2071 Μιχαὴλ,
3278 2002 3303 2051 6
3350 2020 3403 2052 τε
3470 1999 3740 2065 Ἰωάννης
3814 2008 3887 2054 καὶ

2278 2084 2573 2161 Θεόδωρος,
2600 2094 2689 2141 καὶ
2719 2090 2745 2140 6
2797 2088 2886 2161 μὲν
2914 2084 3187 2162 Θεόδωρος
3248 2091 3642 2163 συνηριθμεῖτο
3706 2100 3811 2151 τοῖς
3849 2091 3885 2143 ἐν

2278 2177 2419 2246 αὐτῷ
2450 2182 2801 2251 προῦχουσιν,
2834 2179 2860 2229 6
2919 2173 2975 2230 δε
3033 2176 3268 2237 Ἰωάννης
3326 2175 3534 2249 σχεδὸν
3596 2189 3711 2231 τῶν
3746 2182 3884 2232 αὐτοῦ

2276 2268 2597 2339 πραγμάτων
2620 2270 2713 2323 τὴν
2741 2262 3046 2318 δεσποτείαν
3111 2269 3273 2339 ἔφερε,
3329 2269 3397 2318 τά
3449 2286 3509 2319 τε
3578 2273 3748 2322 κοινὰ
3800 2267 3887 2321 6‘65-

2274 2375 2382 2406 πων
2412 2359 2503 2406 καὶ
2530 2357 2595 2406 τὰ
2623 2357 2740 2406 κατ’
2783 2352 2940 2409 οἶκον.
2998 2358 3093 2407 Διά
3145 2362 3331 2421 ταῦτα,
3390 2358 3461 2417 ὡς
3522 2358 3756 2429 ἔφημεν,
3809 2359 3888 2410 οὐκ

2274 2442 2477 2516 εθάρῥει
2518 2444 2544 2494 6
2612 2441 2863 2515 βασιλεὺς
2917 2440 3184 2516 Θεόδωρος
3227 2452 3301 2514 τῷ
3360 2442 3640 2519 ἀρχιερεῖ,
3699 2447 3889 2499 ’Δλὶῖό

2275 2530 2524 2604 βασιλεύς
2556 2532 2789 2603 Μιχαὴλ
2821 2532 3212 2605 ἐλευθερώτερον
3261 2540 3368 2593 τοῖς
3418 2537 3727 2606 πράγμασι
3758 2556 3891 2609 χρω-

2270 2640 2437 2690 μενος,
2468 2625 2558 2672 καὶ
2586 2629 2697 2691 Θεῷ
2727 2625 2785 2672 τὸ
2839 2621 3008 2673 πλεῖον
3074 2630 3171 2673 τῶν
3219 2627 3600 2694 πραττομένων
3656 2626 3807 2697 αὗτῳ
3866 2628 3887 2684 ἓ

2270 2716 2358 2762 καὶ
2420 2715 2477 2762 τό
2534 2717 2633 2762 πᾶν
2687 2708 2939 2784 ἀναρτῶν,
2982 2710 3267 2784 ἓλευθερίαν
3321 2720 3394 2763 τῶ
3464 2712 3894 2785 ἀρχιεπισκόπω

2271 2796 2496 2852 δέδωκεν
2556 2800 2623 2859 εἰς
2669 2804 2764 2857 τὴν
2821 2801 2984 2852 αὐτοῦ
3067 2798 3368 2871 ἀφικέσθαι,
3428 2808 3528 2853 καὶ
3622 2812 3894 2858 συνείπετο

509 2906 666 2954 vere,
681 2886 1168 2958 archiepiscopus
1181 2898 1451 2939 sermone
1466 2882 1812 2938 alliciendos
1826 2898 1955 2936 esse
1969 2881 2162 2936 existi-
2267 2909 2273 2934 ι

2277 2886 2414 2945 »ὗτος
2469 2894 2541 2957 τῷ
2592 2885 3051 2961 σεϐαστοκράτορι.
3105 2887 3428 2948 Ἐπελθόντες
3489 2886 3588 2941 οὖν
3677 2893 3754 2953 εἰς
3811 2899 3893 2949 τὴν

508 2980 816 3034 mare.Nec
834 2974 1095 3031 multum
1129 2977 1265 3044 post
1288 2978 1523 3043 tempus
1538 2970 1795 3026 Achrida
1814 2970 1981 3042 potiti
1998 2974 2155 3025 sunt.
2266 2972 2273 2992 ‘

2277 2972 2521 3047 Ἀχρίδοι,
2553 2978 2618 3036 ὡς
2660 2978 2869 3048 ἔφημεν,
2930 2977 2956 3026 6
3004 2979 3092 3047 μὲν
3143 2974 3595 3051 σεϐαστοκράτωρ
3667 2985 3768 3042 τὰς
3815 3002 3893 3033 πός

504 3072 569 3123 In
595 3083 667 3123 ea
690 3066 870 3121 rebus
894 3063 1337 3119 sebastocrator
1365 3066 1522 3116 recte
1561 3060 1906 3132 composxtis
1931 3059 2158 3113 Deabo-
2188 3093 2227 3147 ρ
2266 3062 2273 3113 Ι

2277 3066 2477 3134 λεμικὰς
2507 3067 2752 3135 μηχανὰς
2781 3065 2898 3116 κατ’
2952 3064 3117 3116 αὐτῶν
3173 3067 3346 3135 ἐκίνει,
3414 3067 3440 3116 6
3517 3063 3582 3119 δε
3642 3067 3887 3142 ἀρχιπε-

500 3156 606 3212 lim
627 3153 970 3228 petit,cujus
991 3164 1185 3207 arcem
1202 3149 1487 3206 omnibus
1511 3149 1809 3204 machinis
1826 3148 1935 3202 sibi
1960 3147 2153 3203 adsci-

502 3260 664 3301 scere
694 3242 1079 3299 constituerat
1111 3284 1123 3308 ,
1154 3255 1342 3311 quare
1372 3243 1666 3293 tormenta
1692 3237 1983 3306 admovit,
2008 3237 2154 3292 arie-

503 3338 592 3389 tes
616 3331 914 3394 instruxit,
948 3328 1260 3384 machinas
1290 3327 1486 3382 omnis
1508 3326 1742 3397 generis
1764 3325 2074 3397 applicuit,
2101 3328 2157 3379 et

502 3419 911 3492 frequentibus
923 3416 1354 3488 irruptionibus
1371 3415 1659 3469 infestans
1672 3414 1861 3469 modis
1876 3414 2152 3469 omnibus

503 3508 616 3564 sibi
639 3507 933 3579 oppidum
950 3503 1429 3576 expugnandum
1453 3508 1869 3575 proposuerat.
1920 3504 1984 3557 Et
2007 3519 2153 3558 sane

503 3612 642 3653 eum
674 3612 811 3668 spes
836 3609 959 3649 non
980 3592 1213 3648 fefellit:
1241 3591 1443 3646 multis
1469 3591 1631 3646 enim
1654 3590 1974 3661 oppidanis
1998 3592 2153 3646 occi-

502 3686 601 3750 sis,
625 3701 747 3741 non
772 3683 982 3756 paucis
1003 3697 1144 3736 vero
1157 3680 1413 3736 telorum
1434 3679 1649 3735 ictibus
1671 3679 1983 3744 confossis,
2022 3680 2152 3734 reli-

2269 3170 2457 3212 σκοπος
2492 3152 2668 3222 λόγοις
2722 3150 3033 3205 {modoaut
3084 3153 3378 3225 ὑπείληφεν.
3439 3154 3529 3206 Ἐν
3593 3158 3664 3209 οὐ
3730 3160 3886 3227 πολ).νρ

2263 3250 2387 3312 γοῦν
2416 3248 2592 3315 χρόνῳ
2625 3242 2752 3294 ἑάλω
2781 3244 2896 3314 (90)
2954 3247 3080 3317 πρὸς
3144 3244 3312 3295 αὐτῶν
3366 3246 3397 3301 ἡ
3462 3243 3708 3318 Ἀχρίς.
3758 3249 3882 3302 Ἐπεὶ

2266 3328 2325 3384 δὲ
2368 3335 2432 3383 τὰ
2479 3331 2644 3385 ἐκεῖσε
2696 3333 2863 3395 καλῶς
2921 3335 2945 3384 6
3009 3332 3441 3408 σεϐαστοκράτωρ
3507 3332 3760 3405 διέθετο,
3812 3340 3879 3390 ἐπι

2263 3425 2356 3479 τὴν
2410 3421 2648 3474 Δεάϐολιν
2701 3424 2941 3495 ὥρμησεν
2995 3427 3085 3475 καὶ
3125 3442 3182 3474 το
3225 3431 3322 3483 τῶς
3370 3424 3685 3488 Δεαϐόλεως
3760 3432 3879 3480 εἱς-τυ

2264 3516 2593 3582 μηχαήμασι
2657 3516 2919 3571 παντοίοις
3000 3512 3450 3583 παραστήσασθαι
3517 3512 3876 3570 ἐϐεϐούλευτο.

2266 3605 2365 3650 Καὶ
2395 3599 2537 3661 ἔταξε
2558 3607 2723 3651 ταῦτα
2752 3605 2841 3651 καὶ
2886 3599 3140 3661 ἑλεπόλεις
3183 3602 3395 3661 ἔστησε.
3463 3607 3561 3653 καὶ
3625 3614 3880 3676 μηχανάς

2262 3693 2508 3750 παντοίας
2537 3693 2807 3753 πεποίηκε,
2856 3694 2945 3740 καὶ
2992 3695 3231 3760 συνεχεῖς
3277 3685 3502 3760 ἐφόδους
3556 3688 3877 3765 διεπράττε-

499 3775 605 3847 qui
633 3773 913 3830 dcmissis
928 3769 1143 3828 animis
1161 3770 1401 3835 (natura
1413 3768 1637 3841 quippe
1652 3768 1729 3823 ad
1754 3768 2035 3823 tutandas
2058 3784 2154 3823 ur-

495 3865 605 3921 bes
642 3863 895 3921 occidua
925 3860 1089 3917 natio
1128 3858 1364 3915 mollior
1384 3858 1638 3928 exsistit)
1678 3858 1990 3912 Dcabolim
2027 3873 2148 3912 non

496 3951 1007 4011 contemnendum
1059 3948 1353 4022 oppidum
1402 3946 1858 4003 sebastocratori
1899 3945 2149 4001 dedide-
2256 3971 2273 4003 τ

2277 3956 2315 4003 ’ὸ
2364 3959 2602 4025 πρᾶγμα·
2662 3953 2857 4005 πολλῶν
2907 3956 3009 4028 γὰρ
3085 3963 3185 4006 τῶν
3259 3953 3400 4017 ἐντὸς
3472 3945 3873 4029 maturuisse-aa

494 4050 673 4113 runt;
705 4047 762 4098 et
790 4042 1073 4097 universa
1111 4038 1269 4094 circa
1312 4052 1385 4092 ea
1416 4035 1641 4108 oppida
1672 4036 1855 4103 regio,
1907 4051 2141 4090 necnon
2255 4059 2273 4090 τ

2277 4048 2346 4091 ὀυ
2372 4041 2583 4100 ἄστεως.
2625 4041 2717 4092 οὐκ
2757 4040 2943 4112 ὀλίγων
2983 4038 3041 4094 δὲ
3098 4046 3187 4094 καὶ
3237 4050 3352 4104 ταῖς
3399 4041 3593 4115 βολαῖς
3646 4056 3775 4110 ταῖς
3821 4048 3873 4099 ὰ

492 4136 734 4205 Prespa,
762 4128 1102 4200 Pelagonia,
1120 4130 1354 4192 Soscus,
1383 4126 1677 4196 Molyscus
1711 4125 1823 4179 sub
1851 4130 2141 4197 potestate
2172 4134 2216 4187 1)
2251 4148 2273 4179 τ

2277 4137 2349 4179 ’ὠν
2412 4137 2599 4182 οἰστῶν
2653 4130 3043 4202 πεπληγμένων,
3097 4133 3147 4182 οἰ
3206 4130 3350 4183 ἄλλοι
3435 4131 3869 4205 μαλακισθέντες

491 4224 882 4278 Romanarum
946 4217 1154 4271 virium
1214 4214 1469 4270 redactae
1528 4213 1805 4269 Romanis
1860 4214 2139 4269 obnoxiae
2254 4232 2263 4279 ι

2277 4223 2426 4290 φύσει
2450 4222 2551 4292 γὰρ
2589 4220 2820 4291 ὑπάρχει
2867 4224 2926 4271 τὸ
2978 4216 3192 4272 δυτικόν
3231 4225 3369 4292 γένος
3420 4226 3556 4295 πρὸς
3614 4225 3872 4295 φυλάξεις

490 4310 661 4366 factae
692 4311 849 4363 sunt.
879 4302 1343 4361 Occidentalium
1380 4301 1603 4374 quippe
1636 4303 1895 4374 partium
1927 4304 2138 4359 incolae
2249 4309 2273 4358 ἀ

2277 4310 2442 4359 ἱστεων
2468 4307 2884 4381 μαλθακώτερον)
2912 4314 3003 4359 καὶ
3041 4312 3101 4360 τὸ
3159 4318 3390 4361 τοιοῦτον
3451 4312 3591 4363 ἄστυ
3650 4322 3715 4366 τό
3774 4324 3871 4378 τῆς

487 4399 570 4455 ita
588 4397 712 4453 nati
739 4400 879 4451 sunt
909 4400 971 4449 ut
1008 4392 1289 4448 omnibus
1320 4393 1787 4463 prmpotentibus
1840 4392 1994 4447 facili
2035 4408 2135 4447 ne-
2248 4402 2273 4447 Δ

2277 4395 2531 4458 ιεαϐόλεως
2607 4406 2678 4467 τῷ
2764 4396 3208 4472 σεϐαστοχροξτορε
3296 4402 3650 4472 ἐνεχειρισαν.
3763 4411 3867 4458 Καὶ

489 4486 650 4558 gotio
688 4482 1106 4539 succumbant.
1141 4481 1283 4536 Hinc
1322 4495 1497 4535 neces
1529 4479 1849 4553 cladesque
1892 4482 2133 4547 evitant,
2245 4506 2273 4537 π

2277 4491 2392 4537 ¹οἱσοι
2438 4483 2497 4537 δὲ
2545 4487 2574 4543 ἡ
2621 4484 2771 4557 πέριξ
2821 4493 2921 4537 τῶν
2968 4488 3212 4538 τοιούτων
3262 4488 3458 4539 ἄστεων
3517 4495 3712 4564 χώρα,
3772 4495 3869 4546 εἰτ’

489 4573 870 4632 facultatibus
886 4571 1007 4627 suis
1030 4570 1240 4641 majori
1261 4586 1334 4625 ex
1363 4575 1531 4641 parte
1554 4570 1896 4625 consulunt.
1924 4574 1985 4625 Et
2008 4571 2134 4627 haec
2245 4595 2271 4627 ο

2277 4583 2332 4626 ῡν
2364 4578 2600 4648 Πρίσπα,
2633 4574 2937 4642 Πελαγονία,
2971 4579 3195 4644 Σωσκὸς,
3241 4575 3541 4645 Μολυσκὸς,
3610 4581 3727 4634 ὑπό
3768 4590 3869 4641 τὰν

488 4664 735 4738 quidem
764 4665 1077 4734 appetente
1099 4675 1233 4715 vere
1263 4663 1428 4729 gesta
1457 4664 1615 4713 sunt.
2247 4662 2273 4715 έ.

2277 4666 2571 4738 πικράτειαν
2610 4672 2710 4715 τῶν
2758 4663 3054 4735 Ῥωμαῑκών
3109 4667 3194 4730 [Ρ.
3244 4664 3336 4738 93]
3407 4662 3691 4735 δυνάμεων
3754 4671 3869 4743 ἆγε-

482 4759 722 4827 γόνεισαν
747 4758 836 4804 καὶ
865 4752 1204 4803 ὑπετάττοντο
1233 4751 1459 4809 τούτοις,
1490 4755 1724 4801 Τοιοῦτοι
1770 4752 1871 4821 γὰρ
1931 4751 2060 4802 εἰσιν
2110 4754 2159 4804 ὀί
2203 4750 2431 4805 δυτικῶν
2488 4752 2769 4827 οἰκήτορες,
2824 4750 3026 4828 ῥᾳδιως
3078 4760 3211 4806 πᾶσι
3263 4762 3373 4815 τοῖς
3430 4752 3868 4815 δυναστεύουσα

480 4846 871 4905 ὑποπίπτοντες,
915 4841 1170 4893 Ἐντεῦθεν
1217 4841 1336 4897 τοὺς
1394 4836 1632 4909 ὀλέθρους
1692 4835 2123 4909 ἀποφυγγάνουσι
2174 4847 2264 4894 καὶ
2312 4844 2379 4894 τὰ
2432 4841 2589 4895 πλείω
2646 4852 2745 4895 τῶν
2806 4848 3059 4918 σφετέρων
3119 4853 3428 4917 περιουσιῶν
3481 4842 3867 4911 διασώζουσι.

477 4938 577 4987 Καὶ
604 4941 761 4985 ταῦτο
788 4935 878 5004 μεν
907 4928 1132 5000 ὑπῆρξεν
1162 4928 1309 4998 ἔαρος
1345 4924 1696 4996 ἐνισταμένου.

541 5025 599 5078 8i
628 5022 847 5078 Verum
873 5017 1135 5073 defector
1160 5012 1401 5071 Michael
1459 5012 1520 5068 in
1552 5019 1885 5069 extremum
1917 5016 2117 5071 discri-

484 5218 497 5231 '
544 5146 597 5231 τό
647 5148 690 5201 ι)
746 5162 759 5199 ε
835 5145 893 5195 '0
970 5139 1022 5231 ii
1095 5140 1397 5225 ἀποστάτης
1467 5140 1668 5231 πάνταρ
1714 5140 1880 5222 κάλων
1949 5146 2167 5204 κινήσας
2235 5148 2358 5207 τοὺς
2412 5143 2634 5204 οἰκείους
2684 5144 2951 5213 Ισυνελεξε,
3005 5150 3096 5198 καὶ
3156 5152 3476 5221 συμμαχίαν
3535 5156 3697 5226 ποιρά
3768 5164 3865 5207 τοῦ

772 5224 780 5229 ,
1086 5220 1102 5227 ,-
1186 5229 1315 5231 ,ν-ᾉγ
1410 5224 1617 5231 _____,7
1678 5229 1743 5231 _77
1977 5215 1988 5222 ·
2087 5220 2091 5225 ·
2525 5219 2534 5229 ο
2723 5216 2781 5231 "—-
3023 5213 3057 5231 ἧι
3197 5222 3207 5231 ι
3494 5218 3524 5231 ἰ
3572 5226 3579 5231 -
3696 5226 3709 5231 λ
3775 5228 3786 5231 -

471 5218 636 5301 ῥηγός
699 5224 791 5268 του
863 5212 1104 5305 γαμϐροῦ
1176 5209 1336 5261 αὑτοῦ
1403 5208 1752 5296 προσελάϐετο
1817 5212 1887 5273 εἰς
1974 5215 2195 5305 ἱππότας
2257 5219 2646 5305 τετρακρσίους·
2684 5208 2688 5213 ’
2723 5208 2946 5289 ’Έτερος
3011 5213 3071 5269 δε
3120 5208 3308 5271 τούτου
3344 5208 3625 5293 ’ἶγαιιϐρός⁸
3684 5226 3713 5276 ὁ
3775 5228 3864 5281 Ἀ.

572 5302 573 5305 η
809 5292 818 5303 ν
1032 5288 1103 5305 ,λγ
1213 5288 1381 5305 __~___.,
1471 5289 1626 5305 “-_-_~_
1684 5286 1909 5305 ___Un,,~,
1998 5304 2019 5305 κ
2057 5284 2133 5305 ms,
2194 5288 2205 5300 ι
2491 5288 2502 5305 ν
2571 5285 2582 5294 ·
2725 5295 2740 5302 ς.
2853 5292 2862 5304 .
3060 5291 3069 5303 ι
3218 5294 3227 5304 .
3400 5291 3411 5305 ς
3448 5278 3458 5291 ⁵
3494 5300 3511 5305 μ
3721 5300 3739 5305 -
3816 5304 3821 5305 ,

473 5293 639 5360 χαὶας
719 5278 951 5374 πρίγκιφ
1009 5288 1121 5371 ’τὴν
1208 5288 1383 5366 πᾶσαν
1465 5280 1627 5374 αξῖοῡ
1679 5286 1928 5367 στρατιὰν
1988 5278 2358 5357 συλλεξάμενος
2429 5283 2502 5338 δι’
2559 5285 2744 5339 ἑαυτοῦ
2808 5278 2901 5346 τὴν
2975 5291 3102 5361 πρὸς
3177 5294 3263 5342 τὸν
3350 5278 3534 5343 αυτοῦ·
3599 5278 3861 5371 ποθῳῖν

477 5351 793 5431 συμμαχίαν
828 5351 838 5356 ’
864 5351 1135 5421 πεποίητο,
1204 5354 1345 5424 οῖγων
1425 5351 1617 5412 πλῆθος
1684 5351 1875 5406 ἱππέων
1944 5374 1999 5406 τε
2068 5361 2157 5408 καὶ
2207 5351 2398 5420 πεζῶν.
2477 5360 2829 5433 Συνήθροιστό
2886 5351 3024 5429 γοῦν
3066 5361 3386 5431 παμπληθὴς
3447 5371 3710 5437 στρατιά,
3758 5351 3860 5422 έιαὶ

1346 5450 1689 5518 Theodori
1739 5453 1987 5521 Dousae
2036 5464 2102 5522 et
2147 5456 2395 5523 Leonis
2444 5456 2679 5524 Allatii
2730 5466 2936 5525 nota.

553 5579 668 5651 (90)
695 5579 878 5633 Ἑάλω·
906 5578 1353 5650 Pachymerius,
1381 5575 1485 5632 lib.
1518 5592 1579 5647 ιι,
1605 5591 1666 5649 p.
1699 5581 1822 5633 106.
1855 5579 1991 5634 ALL.

2260 3795 2340 3838 το,
2370 3781 2454 3828 καὶ
2482 3782 2737 3839 παντοίως
2762 3782 2855 3835 τὴν
2901 3786 2993 3830 τοῦ
3050 3779 3251 3839 ἄστεως
3292 3778 3490 3831 ἅλωσιν
3545 3787 3877 3853 γεγενῆσθαι

2258 3866 2535 3937 προείλετο.
2581 3872 2680 3919 Καὶ
2710 3872 2812 3937 μὴν
2861 3872 2951 3919 καὶ
3006 3870 3145 3919 κατὰ
3201 3871 3392 3920 σκοπὸν
3448 3869 3602 3939 αὐτῷ
3678 3873 3873 3947 προέϐη

2296 5016 2403 5075 πα’.
2455 5018 2514 5075 Ὀ
2568 5016 2626 5072 δε
2676 5019 2979 5083 ἀποστάτης
3042 5022 3093 5056 ⁷⁰
3160 5021 3385 5092 Μιχαὴλ
3441 5021 3659 5101 ἐπείπερ
3723 5029 3867 5106 ἑώρα
