3966 6324
88 379 271 434 1205

1640 374 1983 432 ANNALES.

3359 378 3494 435 1206

86 503 272 555 ἔθετο
310 523 323 535 ·
344 522 373 552 ι(
403 500 723 554 ’Υπετόπασε
752 522 779 549 ››
807 498 889 571 [Ρ.
920 497 1011 571 97]
1050 502 1152 571 ’γὰρ
1220 498 1442 573 εἶρηκεν,
1497 504 1544 547 «⁵
1587 499 1736 561 οὗτος

1845 499 2134 556 referebat
2161 519 2174 556 :
2213 522 2235 551 ι
2268 504 2468 574 Neque
2498 506 2655 560 enim
2681 505 2967 561 decorum
2990 505 3072 561 illi
3138 505 3495 565 videbantur

86 594 194 654 ὡς
220 592 286 644 οῦ
315 590 471 643 καλόν
496 588 611 642 ἔστι
644 591 734 649 τὰς
763 589 901 650 κλεῖς
959 608 1021 661 με
1068 597 1167 641 τῶν
1211 596 1305 649 τῆς
1358 588 1551 649 πόλεως
1612 609 1733 640 κατ-

90 682 273 751 έχειν
337 678 532 745 πυλῶν,
586 682 676 730 καὶ
724 675 818 729 διὰ
874 684 1043 729 ταῦτα
1093 677 1265 748 εἶληφε
1298 680 1489 737 ταύτας
1554 677 1730 739 αὐτὸς,

86 773 215 820 καὶ
237 765 277 820 δ
305 771 341 820 ὰ
365 774 519 820 τοῦτο
547 768 710 837 ἲσγωιγε
737 770 855 839 περὶ
884 769 943 817 τὸ
983 768 1128 839 ἔργον
1182 761 1446 822 ἀδυνατῶ,
1508 786 1535 813 ››
1593 767 1732 818 Ἐπεὶ

90 854 214 908 οὖν
241 857 486 930 καθαρῶς
534 858 629 912 τὴν
675 861 767 905 τοῦ
818 854 1090 928 ἀνθρώπου
1134 851 1339 911 ἀπάτην
1400 853 1674 925 ἐπεγνώκει
1703 856 1729 905 6

98 943 562 1017 βασιλεὺς,έξῄει
588 949 684 995 τοῦ
729 947 912 995 τόπου.
975 942 1108 996 Καθ’
1153 938 1276 995 όδὸν
1317 939 1377 996 δὲ
1427 949 1565 1015 τρεῖς
1605 947 1727 1016 πρέ-

98 1032 272 1094 σϐεις
294 1033 501 1105 εἰρήνην
529 1031 798 1093 αἰτοῦντας
830 1035 960 1104 πρὸς
980 1034 1068 1084 τόν
1127 1030 1352 1104 βασιλέα
1405 1033 1454 1084 οἱ
1513 1034 1727 1084 Λατῖνοι

94 1127 486 1194 πεπόμφασιν.
543 1120 602 1174 Ὀ
657 1117 717 1173 δε
775 1119 1024 1193 βασιλεὺς
1084 1125 1335 1178 πεποίηκε
1388 1122 1598 1187 ταύτην,
1660 1120 1727 1180 εἰς

1843 604 2030 661 penes
2062 606 2175 655 me,
2207 612 2235 640 νδ
2262 590 2459 648 aiebat
2486 592 2601 659 ille,
2639 615 2667 643 «
2699 593 2897 649 claves
2926 594 3093 649 urbis
3122 611 3276 663 esse,
3331 596 3500 652 ideo-

1840 693 1959 749 que
1990 694 2092 734 eas
2121 679 2386 743 abstulit,
2421 686 2477 737 et
2505 697 2650 752 ergo
2680 699 2834 755 opus
2859 682 3141 754 perﬁcere
3168 700 3425 756 nequeo.
3464 707 3495 739 ι)

1843 765 1933 821 Sic
1957 766 2163 823 fraude
2192 769 2454 825 hominis
2484 770 2662 842 plane
2692 771 2924 827 detecta
2979 773 3308 844 imperator
3364 773 3498 831 loco

1838 857 2155 925 egreditur.
2192 861 2255 914 in
2277 857 2487 914 itinere
2517 864 2633 914 tres
2662 860 2837 930 legati
2864 877 2901 917 a
2933 861 3149 918 Latinis
3172 862 3250 918 ad
3307 862 3495 935 impe-

1834 949 2094 1001 ratorem
2118 947 2284 1001 missi
2317 963 2530 1018 pacem
2552 954 2791 1020 petunt:
2815 966 3000 1022 quam
3018 950 3132 1007 illis
3163 956 3489 1023 imperator

1834 1049 1956 1088 non
1980 1050 2101 1090 uno
2121 1035 2380 1106 amplius
2396 1052 2557 1092 anno
2580 1039 2888 1106 concessit,
2908 1055 3047 1095 cum
3065 1056 3158 1096 res
3182 1055 3392 1096 eorum
3421 1039 3484 1096 in

1832 1126 2161 1179 extremum
2189 1125 2317 1194 jam
2341 1124 2661 1181 discrimen
2678 1126 3046 1185 adduxisset.

92 1214 364 1264 ἐνιαυτὸν
396 1208 455 1264 δε
483 1216 574 1263 καὶ
630 1214 783 1283 μόνον
838 1212 946 1272 ἕνα,
996 1210 1043 1261 ἐν
1103 1218 1262 1279 στενῷ
1303 1207 1499 1282 κομιδῆ
1551 1208 1861 1281 έπισφίγξας
1886 1214 2087 1272 τούτοις
2110 1215 2174 1265 τὰ
2211 1215 2515 1286 πράγματα.

191 1297 308 1355 τπδ’.
342 1302 672 1373 Διαπεράσας
707 1307 832 1371 γοῦν
888 1301 938 1334 ⁷³
997 1301 1022 1351 6
1077 1297 1322 1371 βασιλεὺς
1368 1302 1454 1351 τὸν
1518 1298 1727 1356 Ἕλλησι

98 1410 311 1443 πόντον
336 1393 401 1443 τὰ
446 1399 549 1443 τῶν
616 1396 805 1460 Πηγῶν
852 1387 1101 1441 κατέλαϐε
1156 1392 1310 1462 μέρη,
1363 1386 1574 1440 κάκεῖσε
1636 1389 1728 1448 τὰς

105 1475 412 1552 διατριϐὰς
477 1478 718 1533 ἐποιεῖτο,
769 1479 912 1532 Ἐπεὶ
973 1475 1034 1531 δὲ
1086 1478 1112 1528 ό
1169 1484 1262 1529 τοῦ
1318 1479 1492 1549 θέρους
1540 1480 1727 1549 παρῂει

103 1569 330 1641 καιρός,
365 1568 494 1621 ἀλλὰ
520 1588 579 1639 γε
632 1564 700 1625 δὴ
760 1572 850 1620 καὶ
906 1569 932 1618 ό
987 1575 1085 1628 τῆς
1141 1566 1344 1641 ὀπώρας
1400 1565 1575 1640 ἐρρύη,
1630 1573 1729 1616 τῶν

100 1662 376 1710 τοιούτων
407 1657 608 1732 ἀπάρας
635 1663 826 1729 χώρων
854 1660 980 1729 πρὸς
1012 1660 1105 1714 τήν
1158 1654 1211 1718 ἐξ
1258 1657 1402 1715 ἔθους
1460 1656 1575 1725 (98)
1621 1661 1732 1715 τοῖς

104 1745 439 1818 βασιλεῦσιν
470 1746 632 1799 οὖσαν
667 1746 982 1813 ἀνάπαυσιν,
1036 1744 1089 1806 έξ
1135 1746 1254 1796 ὅτου
1305 1753 1401 1805 τῆς
1461 1751 1732 1797 Κωνσταν-

94 1840 266 1888 τίνου
333 1841 613 1907 γεγόνασιν
674 1836 963 1906 ὐπερόριοι,
1047 1838 1361 1891 κατηντήκει
1433 1836 1493 1884 τὸ

103 1944 296 1995 φαιόν.
357 1924 476 1995 Ἐμὲ
526 1919 588 1976 δε
636 1926 763 1997 πρὸς
822 1921 909 1975 τὸν
960 1923 1203 1994 ἄρχοντα
1259 1930 1354 1980 τῆν
1430 1921 1729 1992 Βουλογάρων

1586 1837 1730 1904 Νύμ-

102 2026 520 2074 Κωνσταντῖνον
591 2018 821 2094 πρέσϐυν
904 2018 1241 2091 ἕκπέπομφεν.
1325 2018 1535 2089 Ἀπῄειν
1605 2025 1727 2089 γοῦν

96 2112 251 2183 πρὸς
282 2109 460 2173 αὐτόν,
491 2113 582 2161 καὶ
612 2105 897 2161 διεϐίϐασα
929 2107 1039 2180 μετ’
1066 2107 1227 2159 αὐτοῦ
1287 2108 1483 2179 ἡμέρας
1537 2109 1681 2168 τινας
1709 2127 1722 2139 ·

101 2201 313 2270 ἔτυχον
332 2200 434 2273 γὰρ
456 2201 573 2251 τότε
601 2203 692 2250 καὶ
735 2198 1038 2271 ἑορτάσιμοι
1085 2203 1177 2248 τοῦ
1226 2203 1461 2269 Χριστοῦ
1513 2197 1726 2269 ἡμέραι,

106 2290 147 2347 ἦ
194 2307 254 2340 τε
292 2296 393 2340 τῶν
446 2286 714 2359 γενεθλίων
767 2290 856 2339 καὶ
926 2288 956 2344 ἡ
1016 2285 1108 2337 τοῦ
1166 2284 1557 2358 βαπτίσματος,
1679 2286 1729 2336 oi

104 2385 223 2429 τῶν
312 2376 616 2448 Βουλγάρων
692 2377 947 2447 ἄρχοντες
1013 2374 1401 2447 λαμπρύνονται
1475 2373 1723 2445 μάλιστα,

106 2470 214 2517 καὶ
234 2463 468 2517 έϐούλετο
497 2466 524 2516 6
558 2472 658 2517 τῶν
676 2463 982 2535 Βουλιγάρων
1029 2465 1212 2537 ἄρχων
1270 2467 1385 2515 τότε
1450 2469 1726 2515 Κωνσταν-

105 2561 259 2614 τίνος
292 2558 470 2625 σφίσιν
520 2554 697 2615 αὐτοῖς
756 2553 985 2605 minium
1041 2556 1174 2624 καμε
1233 2557 1323 2603 καὶ
1370 2553 1556 2608 θεατὴν
1594 2554 1726 2621 ’γενέ-

113 2644 254 2695 σθαι
308 2650 407 2695 τῶν
460 2641 791 2714 τελουμένων.
857 2643 936 2694 Τὰ
972 2645 1395 2715 προστεταγμένα
1459 2658 1549 2711 μοι
1602 2647 1728 2709 ⁹γοῦν

109 2731 405 2803 πληρώσας
423 2737 514 2783 τοῦ
539 2729 788 2803 Τρινόϐου
840 2729 1027 2802 ἐξῄειν,
1082 2734 1172 2782 καὶ
1227 2734 1354 2804 πρὸς
1418 2732 1510 2780 τὸυ
1561 2726 1727 2801 βασι-

110 2820 214 2872 λέα
242 2819 429 2892 ἀπῄειν
459 2819 509 2871 έν
570 2828 641 2871 τῶ
692 2824 951 2891 Νυμφαίῳ
1012 2816 1283 2890 διάγοντα.
1348 2819 1547 2870 Ἐκιίσε
1601 2825 1727 2889 γοῦν

115 2909 146 2961 ὁ
209 2908 458 2982 βασιλεὺς
506 2914 875 2983 παρεχείμεσε,
936 2913 1028 2960 καὶ
1110 2906 1497 2980 ἐπιλάμψαντος
1579 2906 1727 2980 ἒαρος

113 3004 220 3050 τοῦ
271 3001 549 3069 Νυμφαίου
600 2996 756 3068 εξῄει,
803 3002 897 3055 τὴν
944 2996 1186 3070 λαμπρὰν
1248 3004 1343 3056 τῆς
1397 2994 1726 3056 ἀναστάσεως

112 3093 222 3139 τοῦ
284 3091 468 3161 κυρίου
511 3087 707 3160 ἡμέραν
772 3086 1131 3160 προεορτάσας
1174 3104 1223 3138 εν
1302 3093 1373 3155 τῷ
1445 3088 1721 3156 Νυμφαίῳ.

112 3175 351 3250 Ἡμέρας
381 3172 441 3227 δε
492 3195 635 3237 τινας
687 3173 736 3227 έν
795 3183 905 3236 τοῖς
962 3174 1195 3236 Φλεϐίοις
1239 3171 1578 3239 διαϐιϐάσας,
1641 3173 1725 3226 ἐπὶ

114 3269 285 3317 τόπον
341 3264 477 3316 οὕτω
518 3284 625 3325 πως
680 3263 1123 3336 ἐπονομαζόμενον
1184 3263 1514 3334 Κλυζόμένην
1574 3260 1723 3315 ἀπελ-

117 3355 230 3406 θὼν
268 3351 487 3416 έπήξατο
529 3355 624 3415 τὰς
682 3356 893 3413 σκηνὰς,
946 3354 1143 3406 Ἐκεῖσε
1189 3356 1278 3403 καὶ
1332 3354 1434 3425 γὰρ
1484 3350 1725 3403 εἰώθασιν

113 3444 172 3494 οἱ
209 3440 441 3513 βασιλεῖς
483 3450 574 3494 τοῦ
638 3446 913 3514 Νυμφαίου
958 3440 1171 3503 ἐξιόντες
1225 3438 1577 3514 χρονοτριϐεῖν
1637 3443 1727 3492 καὶ

114 3532 181 3582 τὸ
214 3529 361 3582 πλέον
387 3538 479 3583 τοῦ
509 3529 711 3605 ἐαρινοῦ
767 3528 1102 3603 παραμείϐειν
1160 3536 1364 3602 καιροῦ·
1426 3530 1451 3581 ὁ
1515 3547 1568 3580 τε
1622 3530 1724 3599 γὰρ

113 3623 284 3680 τόπος
327 3615 514 3681 πεδιὰς
575 3620 707 3680 ἅπας
763 3624 852 3671 καὶ
890 3624 1082 3691 χόρτον
1147 3616 1533 3690 προϐεϐλημένη
1607 3616 1729 3671 πολ-

113 3708 236 3768 λοῖς
295 3705 553 3778 ἀρκοῦντα
616 3716 726 3770 τοῖς
774 3711 1002 3774 νῖπποις,
1076 3706 1398 3780 κατάρρυτος
1475 3703 1535 3758 δὲ
1597 3726 1724 3777 τυγ-

115 3798 281 3868 χάνει
334 3801 424 3848 καὶ
475 3793 689 3861 ὒδασιν,
759 3797 917 3867 ἐγγὺς
994 3792 1053 3847 δὲ
1135 3797 1295 3847 αὐτοῦ
1372 3800 1553 3866 κώμας
1613 3797 1726 3866 ἕχνι

116 3884 318 3947 πολλὰς
365 3890 455 3937 καὶ
514 3886 705 3949 πόλεις,
773 3884 827 3948 ἐξ
883 3886 952 3935 ὧν
1011 3881 1210 3955 δαψιλῆ
1271 3886 1607 3941 καθειστήκει
1661 3888 1726 3937 τὰ

119 3974 363 4046 ζωαρκῆο
411 3973 607 4025 Ἐκεῖσε
655 3975 757 4048 ’γὰρ
812 3976 950 4032 ὄντος
1027 3980 1120 4023 τοῦ
1193 3970 1451 4043 βασιλέως
1538 3977 1628 4023 καὶ
1697 3973 1724 4023 6

122 4059 560 4134 σεϐαστοκράτωρ
648 4062 674 4112 6
773 4064 1041 4135 Τορνίκιος
1136 4058 1190 4112 ἐκ
1297 4069 1391 4121 τῆς
1492 4064 1723 4113 Νικαέων

121 4144 506 4219 ἐπιδεδήμηκε,
541 4152 630 4201 καὶ
659 4144 735 4200 δι’
792 4148 954 4219 ὄχλου
1012 4156 1074 4219 τῇ
1137 4146 1348 4220 βασιλεί
1404 4151 1576 4218 γέγονε
1631 4144 1725 4199 διὰ

119 4257 216 4289 τον
243 4240 846 4312 προπατριαρχιύσαντα
877 4237 1163 4309 Ἀρσένιον.
1201 4235 1259 4287 Ὀ
1317 4238 1418 4309 ’γὰρ
1473 4255 1722 4310 πατριαρ⁹

120 4328 283 4396 χικός
331 4323 554 4397 ἐχήρευε
610 4325 807 4398 θρόνος,
883 4331 974 4375 τοῦ
1026 4326 1510 4395 πατριαχεύσαντος
1562 4330 1722 4379 Νικη-

1766 3057 1804 3108 (Ῑ
1833 3057 2060 3131 dictum
2100 3077 2345 3131 veniens
2400 3077 2657 3132 tentoria
2706 3077 2957 3133 collocat
3009 3095 3022 3132 :

1908 1302 1995 1355 84.
2029 1303 2210 1370 igitur
2237 1303 2561 1374 imperator
2591 1304 3037 1377 Hellespontum
3090 1309 3255 1363 trans
3315 1307 3486 1379 abiit,

1837 1397 1892 1443 et
1923 1392 2211 1456 Pegarum
2238 1398 2457 1464 partes,
2491 1393 2594 1449 ubi
2633 1394 2798 1464 187
2826 1410 3029 1451 moras
3053 1396 3344 1463 trahebat,
3374 1411 3478 1451 oc-

1837 1485 2038 1550 cupat.
2068 1481 2212 1535 Cum
2243 1497 2378 1536 vero
2400 1487 2581 1537 aestas
2610 1483 3004 1555 prmterlapsa
3018 1483 3229 1541 fuisset
3247 1500 3486 1541 necnon

1837 1569 2109 1624 autumni
2132 1575 2370 1641 tempus
2396 1570 2774 1640 excurrisset,
2825 1572 2966 1628 inde
3026 1572 3345 1629 discedens
3403 1572 3486 1629 ad

1837 1657 2576 1731 quietemimperatoribus
2602 1659 2679 1716 de
2704 1676 2889 1728 more,
2919 1677 2987 1717 ex
3024 1677 3097 1717 eo
3152 1678 3275 1733 quo
3324 1661 3489 1734 Cpoli

1839 1752 2102 1803 extorres
2138 1752 2407 1820 tempore
2470 1749 2856 1818 oberrabant,
2884 1750 3268 1810 destinatam.
3300 1754 3483 1820 Nym-

1838 1838 2080 1909 phaeum
2106 1838 2393 1909 pervenit.
2422 1840 2506 1895 Me
2534 1854 2714 1910 porro
2743 1839 2823 1896 ad
2855 1839 3314 1897 Constantinum
3355 1840 3487 1896 Bul-

1837 1941 2119 1995 garorum
2153 1927 2477 1997 principem
2507 1928 2769 1999 legatum
2803 1928 2995 1985 mittit.
3025 1927 3178 1995 Abii,
3237 1933 3293 1985 et
3343 1942 3487 1987 cum

1835 2030 1906 2070 eo
1933 2030 2038 2085 per
2065 2014 2299 2086 aliquos
2320 2015 2448 2071 dies
2469 2019 2738 2071 versatus
2767 2033 2922 2084 sum,
2948 2020 3218 2088 Namque
3238 2031 3312 2072 ea
3331 2021 3483 2072 tem-

1833 2110 2057 2176 pestate
2087 2104 2218 2159 festi
2249 2104 2374 2159 dies
2397 2104 2607 2160 Christi
2637 2106 2929 2162 natalium
2955 2105 3034 2161 ad
3076 2106 3479 2178 baptismatis,

1830 2192 2055 2263 quibus
2078 2192 2466 2261 Bulgarorum
2500 2193 2798 2265 principes
2826 2193 3340 2263 magniﬁcentiam
3383 2209 3482 2250 os-

1834 2284 2081 2346 tentant,
2111 2279 2569 2349 celebrabantur
2592 2299 2609 2351 ;
2634 2280 2888 2352 ideoque
2915 2280 3301 2351 Bulgarorum
3323 2281 3484 2355 prin-

1835 2383 1975 2439 ceps
2008 2369 2451 2434 Constantinus,
2477 2374 2541 2424 ut
2559 2385 2696 2424 cum
2718 2368 2803 2424 eis
2820 2373 2959 2426 tunc
2974 2369 3249 2426 oculatus
3270 2385 3482 2426 eorum

1835 2473 1970 2528 qua:
1997 2456 2223 2513 ﬂebant
2252 2462 2550 2530 spectator
2578 2458 2873 2525 adessem,
2905 2459 3179 2529 cogebat.
3207 2460 3486 2516 Mandata

1836 2545 2036 2618 itaque
2056 2545 2201 2601 mihi
2217 2547 2499 2618 imposita
2518 2552 2835 2603 exsecutus
2858 2547 3115 2604 Trinobo
3139 2563 3305 2604 exeo.
3329 2552 3387 2605 et
3405 2547 3485 2605 ad

1836 2634 2256 2705 imperatorem
2286 2640 2428 2690 tunc
2459 2635 2770 2707 Nymphazi
2799 2641 3202 2703 cunctantem,
3255 2637 3315 2692 in
3361 2652 3485 2709 quo

1835 2728 1892 2778 et
1911 2723 2348 2789 hibernaverat,
2367 2739 2463 2779 me
2485 2723 2750 2780 confero.
2770 2728 3012 2781 ineunte
3029 2741 3162 2781 vere
3183 2724 3279 2781 ille
3300 2728 3488 2797 Nym-

1836 2812 2011 2882 pham
2037 2812 2356 2880 egreditur,
2377 2811 2541 2883 prius
2564 2811 2787 2867 ibidem
2810 2813 2946 2869 laeto
2966 2829 3037 2868 ac
3058 2813 3375 2885 splendido
3394 2829 3486 2870 re-

1836 2900 2214 2956 surrectionis
2246 2900 2564 2956 Dominicae
2594 2899 2691 2955 die
2737 2901 3171 2959 concelebrato.
3236 2906 3302 2959 Et
3355 2902 3487 2959 dies

1835 2987 2064 3059 aliquot
2086 2987 2338 3042 Phlebiis
2367 2989 2521 3057 egit;
2545 2988 2683 3044 inde
2710 2989 2789 3044 ad
2810 2989 3012 3047 locum
3068 2990 3485 3062 Clyzomenem

3080 3094 3347 3151 namque
3398 3078 3483 3137 ibi

1834 3165 2164 3237 Nymphaeo
2189 3170 2473 3221 exeuntes
2503 3170 2736 3238 tempus
2767 3169 3073 3222 conterere
3090 3170 3147 3222 et
3176 3164 3331 3221 veris
3357 3166 3479 3238 ple-

1832 3270 2088 3325 rumque
2118 3269 2293 3323 agere
2316 3255 2703 3325 imperatores
2724 3260 3057 3311 sueverant.
3088 3256 3348 3326 Campus
3373 3269 3480 3311 un-

1833 3342 2013 3415 dique
2044 3342 2285 3414 planitie
2304 3343 2578 3409 excurrit,
2608 3359 2755 3413 agro
2776 3342 2945 3399 fertili
2971 3347 3153 3416 atque
3194 3342 3478 3411 herboso,

1833 3432 1936 3504 qui
1964 3432 2239 3503 plurimis
2259 3432 2429 3504 equis
2469 3432 2643 3504 188
2666 3432 2895 3488 alendis
2947 3432 3265 3501 suﬂ‘ecerit,
3306 3433 3482 3505 aquis

1834 3519 2079 3591 irriguo,
2096 3526 2153 3576 et
2178 3521 2503 3577 multorum
2523 3524 2793 3577 vicorum
2813 3538 2883 3579 ac
2907 3522 3146 3579 urbium
3162 3521 3480 3591 vicinitate;

1836 3610 1995 3664 unde
2020 3611 2152 3665 vitae.
2175 3611 2513 3667 necessaria
2525 3610 2835 3668 afﬂuenter
2848 3612 3323 3686 suppeditantur,
3346 3626 3484 3685 per-

1835 3704 2197 3769 opportuno.
2224 3703 2285 3754 In
2316 3715 2387 3753 eo
2426 3715 2564 3755 cum
2614 3705 2771 3755 esset
2817 3700 3163 3772 imperator,
3214 3700 3483 3757 sebasto-

1835 3792 2033 3842 orator
2060 3787 2363 3842 Tornicius
2391 3788 2585 3843 Nicaea
2610 3789 2902 3845 accedens
2921 3805 3031 3860 pro
3066 3788 3483 3862 expatriarcha

1836 3875 2084 3930 Arsenio
2116 3876 2383 3931 modeste
2404 3872 2820 3947 imperatorem
2851 3883 3042 3948 rogat,
3084 3876 3480 3949 patriarchale

1835 3963 2132 4035 siquidem
2157 3963 2374 4018 solium
2406 3964 2735 4036 Nicephoro
2763 3966 3118 4037 patriarcha,
3149 3966 3252 4037 qui
3282 3965 3342 4021 in
3374 3979 3481 4037 pa-

1834 4052 2145 4109 triarchale
2159 4052 2393 4108 culmen
2407 4068 2479 4108 ex
2496 4053 2787 4125 Ephesino
2800 4054 3177 4126 metropolita
3195 4053 3480 4111 ascende-

1832 4145 1941 4206 rat,
1958 4157 2029 4196 ex
2048 4148 2278 4197 terreno
2295 4142 2372 4197 ad
2390 4141 2655 4198 caelestia
2673 4147 3116 4214 promoto,cum
3128 4158 3238 4199 nec
3248 4144 3481 4215 integro

1833 4245 1993 4286 anno
2007 4230 2431 4301 patriarchatui
2446 4230 3033 4303 prtefuisset,sessore
3045 4231 3481 4289 destituebatur

1831 4320 2116 4374 Arsenius
2148 4319 2225 4372 ad
2256 4319 2615 4391 imperatore
2643 4319 2959 4376 Theodoro
2981 4320 3040 4376 in
3069 4321 3478 4393 patriarcham

120 4416 303 4486 φόρου,
366 4412 421 4475 6;
488 4413 589 4465 ἀπὸ
647 4421 742 4473 τῆς
798 4414 1016 4484 Ἐφέσου
1075 4412 1147 4471 εἰς
1195 4415 1276 4463 τὸν
1333 4415 1721 4485 πατριαρχικόν

1845 4408 2018 4463 :‘uerat
2050 4409 2289 4473 electus,
2317 4408 2401 4462 vir
2432 4414 2487 4463 et
2508 4408 2688 4464 verbo
2714 4415 2772 4466 et
2791 4424 2969 4481 opere
3006 4426 3195 4483 quam
3250 4410 3479 4466 dexter-

119 4502 360 4573 μετετέθη
422 4503 619 4575 θρόνον,
668 4499 960 4575 ἀπάραντος
1025 4510 1125 4552 τῶν
1180 4496 1380 4552 ἐνθένδε
1462 4520 1591 4572 προς
1658 4504 1723 4552 τὰ

121 4589 357 4658 οὐράνια,
391 4586 529 4661 μηδὲ
555 4589 626 4651 εἰς
651 4589 762 4642 ὅλον
788 4586 988 4660 σχεδόν
1019 4588 1250 4641 ἐνιαυτόν
1301 4596 1392 4639 τοῦ
1450 4608 1712 4662 πατριαρ-

122 4686 286 4750 χικοῦ
308 4676 694 4739 ἀπολούσαντος
750 4680 953 4752 θρόνου,
1012 4677 1069 4729 Ὀ
1124 4674 1183 4730 δὲ
1235 4677 1508 4738 Ἀπσένιος
1568 4678 1722 4739 αῦτος

123 4764 190 4825 ἦν
221 4765 627 4838 προϐεϐλημένος
678 4766 749 4827 εἰς
806 4770 893 4818 τὸν
945 4770 1303 4840 πατριαχικὸν
1364 4767 1540 4838 θρόνον
1598 4770 1722 4839 πρὸς

121 4862 220 4907 τοῦ
250 4851 505 4926 βασιλέως
537 4850 838 4926 Θεοδώρου,
873 4852 1001 4929 ἀνὴρ
1041 4858 1132 4906 καὶ
1193 4854 1258 4914 εἰς
1312 4854 1463 4924 λόγον
1514 4860 1603 4905 καὶ
1656 4855 1721 4915 εἰς

121 4941 311 5017 πρᾶξιν
339 4946 789 5014 πανευφυέστατος
817 4944 950 5011 (99),
1004 4947 1093 4994 καὶ
1157 4941 1307 5012 λόγον
1359 4942 1589 5013 μάλιστα
1637 4947 1721 4994 τόν

1829 4499 2042 4563 rimus,
2069 4502 2126 4552 et
2154 4513 2428 4551 sermone
2460 4498 2784 4569 przecipue,
2811 4498 2911 4570 qui
2949 4505 3166 4556 natura
3217 4499 3478 4556 inditur:

1830 4601 2095 4657 namque
2115 4586 2217 4657 qui
2240 4585 2571 4641 eruditione
2588 4592 3217 4661 comparatur,parum
3232 4589 3481 4645 omnino

1830 4675 2270 4741 degustaverat.
2311 4675 2535 4730 litenirn
2560 4691 2700 4730 cum
2740 4676 3032 4733 nonnulla
3078 4692 3152 4732 ex
3198 4677 3481 4749 encycliis

1829 4764 2286 4836 philosophatus
2340 4765 2772 4837 perdidicisset,
2834 4783 2908 4821 ne
2964 4767 3181 4822 horum
3239 4767 3479 4838 penitus

1830 4855 2173 4924 inexpertus
2237 4853 2577 4921 haberetur,
2630 4869 2829 4927 neque
2875 4870 2948 4910 ea
2999 4857 3297 4922 ignorare,
3338 4870 3477 4926 qum

1833 4944 1962 5010 ipse
1991 4941 2288 5010 negligere
2302 4941 2410 4995 sibi
2428 4942 2486 4996 in
2501 4942 2705 4996 animo
2718 4948 3129 5014 proposuerat,
3157 4942 3472 5014 videretur,

198 5040 310 5094 ⁷³1)
340 5056 353 5093 :
388 5038 542 5092 Ἦκεν
572 5039 660 5113 οὖν
695 5039 767 5113 εἰς
803 5042 1007 5110 Πηγὰς,
1041 5036 1152 5090 εἶτα
1172 5042 1320 5113 Δπρὸς
1360 5041 1632 5113 Νῦμφαιον
1691 5036 1785 5098 ἧκε
1832 5044 1922 5092 καὶ
1972 5043 2091 5110 περὶ
2136 5037 2485 5113 Κλαζομένιον,
2546 5038 2605 5113 οῦ
2672 5035 2761 5113 ἦξε
2812 5043 2900 5090 καὶ
2957 5040 2983 5089 6
3042 5038 3473 5113 σεϐαστοκράτωρ

122 5116 408 5184 Τορνίκιος,
435 5116 525 5161 καὶ
566 5107 640 5162 δι’
669 5110 832 5181 ὄχλου
852 5106 1029 5181 γέγονε
1059 5119 1130 5179 τῷ
1160 5106 1371 5181 βασιλεῖ
1403 5106 1605 5184 διατόν
1654 5106 2157 5184 πατριαρχεύσαντα
2214 5106 2495 5183 Ἀρσένιον.
2561 5111 2586 5160 6
2637 5112 2759 5184 764p
2798 5113 3184 5184 πατριαρχικός
3253 5106 3477 5182 έχήρευε

126 5179 323 5255 θρόνος,
356 5190 456 5255 τοῦ
476 5179 1000 5255 πατριαρχεύσαντος
1022 5188 1065 5233 Ν
1072 5179 1349 5255 ικηφορου,
1378 5181 1427 5241 ὃς
1442 5179 1555 5255 Δἀπὸ
1589 5190 1679 5242 τῆς
1708 5179 1921 5255 Ἐφέσου
1943 5182 2009 5240 εἰς
2035 5179 2539 5255 τὸν-πατριαρχικὸν
2564 5179 2800 5255 μετετέθη
2837 5179 3038 5255 θρόνον,
3065 5179 3475 5255 ἀπάραντοςτῶν

121 5248 321 5306 ἐνθένδε
346 5249 477 5326 μηδ’
508 5248 619 5326 ό-λόν
651 5248 882 5326 ἐνιαυτὸν
916 5248 1309 5326 διαρκέσαντος.
1341 5251 1397 5303 Ὀ
1430 5248 1491 5317 6“;
1514 5248 1780 5325 Ἀρσένιος
1801 5253 2094 5326 προεκλήθη
2127 5249 2227 5303 ἀπὸ
2249 5248 2629 5324 τοῦβασιλέως
2658 5248 2955 5323 Θεοδώρου,
2989 5251 3042 5313 ὃς
3095 5248 3291 5324 ἔχθραν
3348 5255 3479 5325 ἔσχε

123 5326 259 5377 κατά
278 5308 369 5375 τοῦ
392 5308 675 5395 βασιλέως.
698 5329 787 5375 καὶ
811 5308 1018 5394 ἀνήχθη.
1038 5320 1191 5383 αὖθις
1212 5312 1492 5396 Ἀρσένιος.

1015 5455 1361 5522 Theodori
1411 5456 1662 5523 Dousa:
1710 5465 1777 5523 et
1823 5455 2078 5523 Leonis
2115 5455 2347 5522 Allatii
2383 5465 2588 5521 notas.

198 5607 308 5677 (98)
332 5612 439 5665 Τὴν
460 5605 513 5671 ἐξ
542 5608 705 5668 ἔθους.
729 5608 1042 5677 Gregoras,
1066 5622 1124 5678 p.
1152 5607 1236 5662 81.
1263 5612 1395 5661 ALL.

198 5680 308 5750 (99)
362 5682 838 5753 Πανευφυέστατος.
908 5677 1198 5748 Gregoras
1252 5677 1566 5734 Arsenium
1606 5693 1724 5736 usu

1828 5623 2030 5662 rerum
2057 5610 2148 5663 est
2168 5604 2402 5675 imperii
2424 5602 2938 5675 administratione
2958 5620 3070 5661 nec
3091 5621 3230 5663 cum
3254 5606 3483 5665 fossore

1829 5678 2077 5751 quidem
2107 5673 2536 5733 conferendum
2567 5673 2763 5745 tradit,
2802 5691 2861 5748 p.
2899 5679 2986 5733 66.
3023 5683 3158 5735 ALL.
