3966 6324
521 339 654 395 1211

519 549 952 622 ingrediuntur.
975 553 1037 604 In
1067 548 1200 620 ipso
1215 562 1388 602 muro
1409 544 1867 618 quemdam,cui
1897 543 2172 598 custodia

521 638 889 696 demandata
953 641 1096 702 erat,
1148 639 1546 706 compertum,
1605 649 1780 689 muro
1836 645 2172 688 conscenso

523 731 828 800 arreptum
861 727 1030 798 192
1065 725 1324 798 pedibus
1352 728 1520 779 extra
1566 738 1772 778 muros
1827 722 2170 794 projiciunt,

522 817 620 873 alii
651 816 865 872 strictis
887 815 1198 870 securibus
1226 819 1284 869 et
1303 817 1614 885 portarum
1665 811 1934 867 vectibus
1981 810 2174 866 disru-

521 905 638 979 ptis
659 905 720 960 in
740 905 953 959 urbem
975 903 1280 959 introitum
1301 901 1556 958 liberum
1578 901 1859 956 exercitui
1879 899 2172 971 aperiunt.

523 997 642 1052 Hac
656 995 885 1050 ratione
907 996 1102 1049 Caesar
1126 991 1580 1063 Strategopulus
1592 995 1652 1046 et
1670 1005 1809 1046 cum
1821 1005 1892 1046 eo
1924 987 2176 1044 Romani

522 1083 782 1139 universi
811 1098 882 1138 ac
917 1082 1150 1152 Scythae
1181 1085 1275 1149 (ex
1301 1081 1394 1135 his
1438 1080 1596 1135 cnim
1658 1079 1846 1150 copia-
1903 1077 2176 1133 conﬂatm

523 1174 714 1244 erant)
760 1172 973 1228 urbem
1021 1171 1269 1240 ingressi
1331 1174 1486 1224 sunt.
1548 1169 1713 1224 Cives
1747 1185 1808 1224 re
1848 1167 2179 1238 improvisa

523 1261 802 1336 perculsi,
835 1265 900 1315 ut
927 1261 1182 1332 quisque
1211 1263 1460 1331 poterat,
1494 1257 1666 1312 saluti
1697 1273 1819 1312 suae
1849 1255 2173 1311 consulere.

524 1349 627 1404 Hic
651 1348 902 1421 quidam
954 1347 1318 1402 monasteria
1372 1351 1592 1418 petere,
1665 1351 1722 1400 et
1778 1345 2178 1400 monasticum

523 1436 820 1499 habitum,
853 1442 917 1492 ut
943 1435 1170 1491 cladem
1214 1435 1520 1503 evitarent,
1591 1433 1856 1488 induere.
1912 1433 2178 1490 Mulieres

525 1525 587 1581 in
624 1541 936 1580 murorum
968 1524 1268 1579 foramina
1296 1523 1532 1592 conjici,
1557 1526 1614 1577 et
1636 1522 1694 1576 in
1726 1521 1887 1576 cellis
1906 1521 2181 1576 obscuris

526 1613 970 1685 reconditisque
983 1611 1274 1668 abscondi
1285 1654 1296 1664 .
1307 1611 1532 1668 Civitati
1546 1611 1842 1682 imperans
1855 1610 1997 1666 Bald
2007 1610 2182 1665 uinus

527 1702 588 1757 in
617 1716 911 1770 magnum
941 1700 1225 1756 advolare
1251 1699 1568 1771 palatium.
1601 1700 1710 1765 Qui
1728 1715 1868 1755 vero
1898 1700 2180 1771 Daphnu-

1793 329 2080 386 GEORGII
2133 326 2595 384 AGBOPOLITJE

518 466 579 520 et
604 463 719 519 hac
746 460 976 517 ratione
987 458 1334 533 quindecim
1355 457 1576 513 etforte
1616 455 1818 528 plures
1831 454 1935 510 Viri
1956 453 2169 509 urbem
2203 455 2250 506 Α
2282 450 2445 523 ἀκριϐι

2301 450 2508 523 ὶκριϐῶς
2551 447 2756 511 εἰδότας
2800 455 2868 503 τὰ
2920 452 3036 503 κατ’
3094 451 3278 519 αὐτὴν,
3339 457 3428 504 καὶ

3770 329 3886 383 ﬁt?

3520 471 3633 504 πυν
3641 454 3890 522 Omna»;

2282 541 2450 592 αὐτῶν
2484 540 2796 612 ἐμεμαθήκει
2824 540 2953 598 ὀπήν
2983 561 3098 593 τινα
3122 541 3202 611 (6)
3233 536 3363 592 εἶναι
3409 546 3538 614 περὶ
3601 546 3669 593 τὸ
3738 545 3890 612 tsi-£2;

2279 638 2374 691 τῆς
2415 629 2609 690 πόλεως
2662 626 2735 680 δι’
2793 627 2854 691 ἧς
2909 628 3036 703 ἀνὴρ
3097 629 3309 689 ὁπλίτης
3369 626 3590 682 δύναιτ’
3649 632 3715 681 ἂν
3777 651 3889 682 trra:

2282 718 2546 795 εἰσελθεῖν,
2600 715 2730 790 μηδ’
2783 717 2909 780 ὅλως
2962 719 3218 790 μελλήσας
3288 726 3380 770 τοῦ
3450 722 3623 792 ἔργον
3717 725 3888 790 sileri.

2285 812 2386 862 Καί
2423 807 2630 865 εἰσῆλθε
2679 803 2771 859 διὰ
2819 810 3015 869 ταύτης
3047 808 3128 878 (7)
3179 807 3322 882 ἀνὴρ,
3374 814 3470 860 καὶ
3537 809 3892 865 Eunuchus:-

2285 915 2370 949 σεν
2394 897 2534 966 αὐτῷ
2565 898 2752 968 ἕτερος,
2782 896 2892 949 εἶτα
2933 895 3102 968 ἐκεινῳ
3153 897 3321 962 ἄλλος,
3387 903 3483 949 καὶ
3543 900 3697 950 οὕτω
3751 907 3892 970 μχε.

2283 994 2384 1037 τῶν
2414 983 2802 1050 πεντεκαίδεκα,
2835 986 2982 1056 τάχα
3017 983 3076 1038 δὲ
3131 992 3219 1038 καὶ
3271 986 3482 1047 πλείους
3519 985 3730 1061 ἄνδρες
3781 987 3894 1044 bra.

2287 1074 2524 1133 εἰσῆλθον
2565 1083 2662 1134 τῆς
2720 1074 2931 1136 πόλεως·
2979 1077 3120 1128 Ἐπεὶ
3167 1071 3225 1128 δὲ
3290 1081 3409 1150 περὶ
3447 1079 3513 1128 τὸ
3570 1085 3772 1147 τεῖχος
3827 1080 3894 1128 ὸέ

2287 1160 2432 1236 εὖρον
2475 1168 2562 1215 τὸν
2602 1162 3066 1236 ἓμπεπιστευμένον
3115 1168 3209 1222 τὴν
3289 1164 3557 1235 φυλακὴν,

2290 1255 2454 1305 αὐτῶν
2501 1251 2773 1314 ἀναϐάντες
2826 1258 2912 1304 καὶ
2977 1261 3078 1304 τῶν
3129 1250 3306 1305 ποδῶν
3362 1253 3612 1313 λαϐόντες
3693 1255 3898 1327 Epp-lue:

3658 1169 3796 1225 τινες
3863 1167 3899 1226 ἐξ

2289 1342 2384 1404 ἔξω
2413 1351 2510 1402 τῆς
2543 1341 2755 1402 πόλεως.
2816 1344 2880 1393 Οἱ
2929 1338 2982 1408 δ,
3043 1342 3188 1393 ἄλλοι
3237 1343 3411 1404 ἀξίνας
3462 1341 3900 1416 ἐγχειρεσκμενε.

2286 1435 2379 1483 καὶ
2421 1435 2543 1492 τοὺς
2597 1430 2832 1501 μοχλοὺς
2880 1439 2979 1480 τῶν
3034 1430 3206 1482 πυλῶν
3253 1427 3642 1503 διαρρήξαντες
3719 1431 3900 1483 £79465-

2289 1540 2384 1594 ραν
2413 1524 2720 1576 πεποίηνται
2754 1524 2848 1577 τήν
2875 1519 2947 1579 εἰς
2997 1524 3092 1577 τὴν
3149 1519 3294 1571 πόλιν
3361 1517 3584 1572 εἴσοδον
3639 1528 3729 1589 τῷ
3764 1539 3898 1590 στρι-

2288 1611 2528 1680 τεύματι.
2581 1609 2731 1660 Οὖτω
2929 1607 3017 1658 οὖν
3083 1613 3109 1659 ο
3167 1609 3642 1682 Στρατηγόπουὶος
3707 1616 3898 1678 Reice;

2289 1702 2380 1750 καὶ
2427 1699 2476 1749 οἱ
2538 1697 2678 1766 αὐτῷ
2721 1699 2903 1756 πάντες
2952 1703 3198 1767 Ῥωμαῖοι
3257 1701 3346 1747 καὶ
3401 1699 3611 1749 Σκύθαι
3820 1707 3901 1747 τὼν

527 1790 684 1845 siam
722 1789 994 1844 abierant
1021 1789 1221 1858 Latini,
1252 1794 1473 1844 etcum
1503 1787 1616 1844 illis
1640 1791 1926 1854 Potestas,
1971 1804 2180 1843 eorum
2217 1805 2257 1858 Β
2289 1788 2445 1838 τοιού·

2301 1788 2535 1838 τοιούτων
2566 1787 2781 1859 καὶγὰρ
2811 1789 2869 1836 τὸ
2918 1783 3004 1837 ὑπ’
3064 1786 3218 1836 αὑτὸν
3277 1792 3709 1859 συνεκεκρότητο
3764 1789 3906 1859 στρέ-

527 1894 664 1951 quae
685 1877 1044 1950 gerebantur
1069 1877 1246 1950 plane
1276 1878 1488 1946 ignari,
1521 1894 1660 1933 cum
1686 1877 1834 1932 nihil
1857 1877 2180 1932 adversum

529 1967 919 2040 Daphnusian
961 1971 1300 2039 perpetrare
1350 1967 1686 2038 potuissent
1736 1966 1940 2038 (opem
2020 1966 2180 2020 enim

526 2056 642 2113 illis
670 2055 886 2111 tulerat
920 2054 1114 2124 Deus),
1137 2055 1482 2126 retrogressi
1504 2055 1564 2110 in
1595 2054 1805 2110 urbem
1823 2054 2183 2110 contendere

527 2150 584 2201 et
609 2146 671 2201 in
700 2160 1098 2217 supernarum
1112 2145 1398 2200 virtutum
1415 2145 1700 2216 principis
1727 2143 2021 2200 Michaelis
2041 2148 2183 2198 tem-

527 2234 699 2308 plum
728 2235 787 2289 in
819 2234 1052 2306 Anaplo
1082 2234 1261 2289 situm
1291 2233 1672 2299 conveniunt,
1734 2233 1933 2288 adhuc
1971 2248 2182 2288 eorum

525 2323 1086 2397 quaezpatrabantur
1116 2323 1318 2378 nescii.
1342 2321 1404 2377 Id
1426 2325 1710 2377 Romanae.
1734 2321 1921 2392 copiae
1943 2321 2185 2377 audien-

527 2415 614 2467 tes
624 2454 638 2478 ,
651 2412 788 2481 igne
801 2411 862 2465 in
875 2411 1221 2466 Latinorum
1238 2410 1455 2465 domos
1469 2425 1656 2482 prope
1668 2409 1829 2464 littus
1842 2409 2184 2479 adjacentes

527 2498 823 2565 immisso,
850 2514 952 2554 eas
975 2503 1387 2570 corrumpunt,
1413 2502 1471 2553 et
1489 2503 1626 2554 ante
1648 2497 1796 2553 alias
1819 2497 2182 2554 Venetorum

529 2587 902 2657 aliarumque
918 2585 1200 2657 deinceps
1247 2587 1584 2654 nationum,
1616 2601 1770 2658 quas
1801 2588 2058 2659 Campos
2082 2603 2182 2642 vo-

529 2679 688 2731 cant.
719 2675 905 2730 Latini
953 2674 1246 2730 incendiis
1318 2675 1529 2730 urbem
1576 2675 1940 2731 inﬂammari
2010 2677 2180 2748 193

528 2763 1162 2836 oonspicientes,genis
1175 2763 1449 2820 manibus
1461 2763 1873 2830 diverberatis,
1888 2771 2185 2838 quotquot

527 2851 751 2909 habere
777 2856 1186 2924 potueruntex
1213 2854 1338 2908 suis
1354 2853 1413 2908 in
1442 2853 1709 2910 triremes
1735 2858 1792 2909 et
1808 2852 1925 2909 alia
1944 2855 2186 2926 navigia

527 2940 878 3012 assumptis,
915 2945 1071 2997 retro
1109 2957 1360 2997 cessere.
1384 2944 1451 2998 Et
1467 2941 1808 2998 triremibus
1831 2943 2039 3008 una,in
2059 2960 2182 2999 ma-

526 3043 718 3100 gnum
740 3029 1034 3102 palatium
1059 3045 1378 3103 progressa
1411 3030 1766 3087 Balduinum
1801 3031 1858 3086 iu
1915 3032 2183 3087 maximo

529 3116 872 3174 discrimine
902 3123 959 3174 et
987 3124 1253 3175 extremo
1293 3135 1444 3190 pene
1485 3118 1768 3191 periculo,
1787 3119 1914 3190 jam
1934 3120 2182 3192 jamque
2221 3151 2262 3206 Ο

530 3207 730 3264 vivum
753 3207 1136 3281 capiendum,
1169 3209 1408 3281 recepit.
1445 3211 1508 3263 Et
1537 3208 1619 3263 ita
1646 3223 1719 3263 ea
1746 3224 1841 3263 res
1873 3209 2085 3279 evenit,
2127 3216 2184 3265 et

529 3296 750 3368 Cpolis,
780 3299 862 3353 ita
893 3297 1013 3354 Deo
1025 3303 1347 3365 annuente,
1370 3313 1606 3352 rursum
1627 3299 1741 3352 sub
1764 3302 2053 3369 potestate
2077 3301 2159 3354 Ro

537 3386 704 3441 mani
734 3386 1257 3457 imperatorisjure
1303 3392 1359 3440 et
1412 3385 1621 3440 merito
1676 3388 1852 3448 venit.
1899 3387 2187 3456 vigesima

532 3473 744 3546 quinta
773 3474 1000 3528 mensis
1045 3473 1200 3544 Julii,
1243 3473 1564 3528 indictione
1617 3479 1853 3545 quarta,
1901 3490 2062 3530 anno
2107 3475 2186 3530 ab

532 3561 679 3617 orbe
705 3562 944 3617 condito
983 3565 1144 3632 6769,
1171 3569 1494 3636 postquam
1521 3562 1721 3618 hostes
1739 3580 1809 3620 ea
1839 3565 2005 3636 potiti
2046 3565 2186 3620 fuis-

533 3654 664 3706 sent
687 3665 877 3706 annos
902 3651 1341 3724 quinquaginta
1368 3657 1524 3706 octo.

2290 1895 2478 1946 τευμα)
2531 1873 2669 1934 ἐντὸς
2717 1881 2806 1933 τῆς
2861 1873 3056 1934 πόλεως
3115 1872 3459 1944 ἐγεγόνεισαν.
3516 1877 3593 1926 Οἱ
3651 1872 3710 1926 δ’
3781 1877 3901 1932 sm;

2291 1971 2363 2015 τῶ
2407 1959 2652 2034 αἰφνιδίῳ
2691 1963 3117 2023 κατασεισθέντες
3160 1967 3237 2032 (8)
3292 1958 3382 2014 τοῦ
3447 1965 3809 2034 πράγματος,
3857 1969 3904 2020 ως

2292 2051 2437 2124 εἶχον
2493 2053 2712 2112 ἕκαστος
2764 2055 2850 2109 τὴν
2900 2050 3080 2102 ἑαυτοῦ
3143 2056 3404 2124 σωτηρίαν
3443 2049 3892 2124 ἐπραγματεύετο.

2295 2143 2470 2194 Κοιιοί
2519 2144 2608 2212 μεν
2667 2140 2751 2191 ἐπὶ
2804 2142 2870 2190 τὰ
2926 2147 3134 2211 σεμνεῐα
3181 2137 3425 2199 ἐϐάδιζον
3484 2146 3584 2192 καὶ
3644 2161 3904 2212 μοναχαε

2292 2227 2590 2282 ἓνεδὲδυντο
2644 2231 2832 2300 ἀμφια,
2878 2229 3012 2288 ὅπως
3061 2232 3146 2280 τὸν
3219 2234 3368 2300 φόνον
3437 2227 3752 2300 ἀφήσω’
3831 2253 3906 2299 7,.

2291 2326 2460 2380 ναῖκες
2523 2315 2582 2370 δὲ
2645 2318 2716 2379 εἰς
2773 2320 2899 2376 ὀπὰς
2947 2322 3142 2388 τοίχων
3201 2317 3607 2370 συνεστέλλοντο
3675 2326 3774 2371 καὶ
3850 2320 3905 2378 εἰς

2295 2410 2448 2468 στοὰς
2475 2409 2740 2467 σκοτεινὰς
2802 2411 2892 2457 καὶ
2935 2403 3267 2477 ἁποκρυφους
3317 2405 3677 2480 ἐκρύπτοντο.
3741 2407 3800 2459 ’0
3856 2406 3901 2459 δε

2292 2503 2384 2556 τῆς
2431 2495 2622 2555 πόλεως
2667 2497 2951 2567 κατάρχων
3006 2491 3315 2556 Βαλδουῑνος
3376 2496 3452 2564 (9)
3514 2494 3615 2548 ἐπὶ
3671 2501 3733 2548 τὸ
3793 2503 3906 2567 ut]:

2292 2585 2540 2638 παλάτιοι
2569 2584 2830 2656 ὥρμησεν,
2865 2585 2930 2639 Oi
2963 2580 3022 2635 δὲ
3046 2582 3130 2635 ἐπὶ
3169 2588 3263 2641 τὴν
3327 2590 3682 2655 Δαφνουσίαν
3745 2586 3904 2637 ἀπίεν-

2292 2695 2375 2738 τες
2417 2682 2628 2728 Λατῖνοι
2667 2679 2756 2726 καὶ
2785 2675 2810 2725 ὁ
2842 2676 2951 2745 μετ’
2983 2673 3150 2725 αὐτῶν
3188 2675 3506 2734 ποτεστοὲτος
3537 2678 3695 2745 (10),
3759 2673 3903 2747 μηδεν

2293 2784 2344 2816 τι
2398 2772 2498 2816 τῶν
2565 2767 2842 2835 γινομένων
2907 2767 3272 2836 γνωρίσαντες,
3330 2761 3439 2814 ἐπεὶ
3499 2768 3578 2834 μὴ
3637 2771 3783 2816 κατὰ
3829 2773 3903 2820 τὶς

2291 2861 2459 2913 νήσου
2487 2857 2804 2924 Δαφνουσίας
2845 2850 2934 2923 [Ρ.
2973 2851 3093 2922 100]
3132 2855 3350 2910 ποιῆσαί
3379 2871 3430 2902 τι
3487 2855 3752 2924 ἰσχυσαν
3786 2854 3903 2918 (ἀυτ-

2293 2941 2499 2996 ελοὶϐετο
2550 2944 2649 3014 γὰρ
2708 2940 2904 2992 ἐκείνων
2963 2945 3136 3009 (θεὸς),
3188 2937 3542 3012 παλίνδρομοι
3641 2947 3776 3013 προς
3831 2961 3902 2998 τεν

2293 3031 2438 3085 πόλιν
2487 3031 2906 3100 επανεζεύγνυον,
2968 3033 3144 3101 Μέχρι
3192 3033 3282 3100 μεν
3338 3025 3427 3080 οὖν
3477 3037 3577 3080 τοῦ
3647 3040 3782 3082 ναοῦ
3833 3051 3904 3080 75-.-

2291 3120 2731 3193 ἀρχιστρατήγου
2762 3126 2861 3168 τῶν
2910 3118 3013 3168 οἶνω
3081 3114 3346 3188 δυνάμεων
3389 3118 3635 3189 Μιχαὴλ
3675 3119 3906 3178 ἐλθοντες,

2290 3218 2381 3261 τοῦ
2413 3213 2528 3282 περὶ
2559 3211 2644 3259 τὸν
2676 3206 2722 3258 ἐν
2791 3205 3023 3276 Ἀνοίπλῳ
3085 3203 3435 3277 διακειμένου,
3471 3203 3643 3259 οὐδέν
3697 3229 3752 3260 τι
3807 3209 3907 3266 ὀὶως

2291 3307 2387 3351 τῶν
2443 3300 2790 3368 γεγενημένων
2871 3293 3284 3366 ἐμεμαθήκεισαν
3341 3317 3351 3326 ·
3412 3293 3590 3347 ἐκεῖσε
3654 3293 3720 3350 δε
3779 3297 3906 3366 est,

2294 3391 2434 3458 μένοι
2491 3390 2578 3437 καὶ
2644 3392 2809 3435 ταῦτα
2873 3385 3118 3455 μαθόντες
3172 3384 3240 3444 εἰς
3289 3389 3383 3440 τὴν
3443 3383 3603 3435 πολιν
3673 3389 3905 3460 ὥρμησαν

2627 3472 2780 3524 Ἀ).λὰ
2851 3476 2914 3524 τὰ

2294 3568 2497 3636 γνόντες
2526 3571 2626 3636 πῦρ
2675 3569 2789 3622 ταῖς
2832 3561 3018 3621 οἰκίαις
3076 3565 3189 3630 (Η)
3235 3568 3334 3610 τῶν
3385 3567 3640 3614 Λατίνων
3703 3563 3906 3615 sin-€135.

2295 3475 2535 3528 ἐπελθεῖν.
2627 3472 2780 3524 Ἀ).λὰ
2851 3476 2914 3524 τὰ
2996 3471 3257 3543 Ῥωμαίκὰ
3322 3476 3719 3544 στρατεύματα
3771 3484 3906 3526 τςῡτε

2295 3655 2440 3724 παρὰ
2477 3656 2562 3702 τὸν
2601 3649 2834 3721 αἰγιαὶόν
2875 3654 3152 3721 κειμέναις,
3191 3653 3282 3700 καὶ
3321 3647 3624 3722 ἐνέπρησαν
3707 3658 3905 3716 ταύτας,

1423 3749 1765 3816 Theodori
1818 3751 2067 3818 Dousa).
2117 3762 2181 3818 et
2227 3750 2475 3821 Leonis
2523 3746 2757 3814 Allatii
2807 3756 3009 3815 notae.

531 3871 705 3936 porta
731 3869 894 3920 nocte
913 3863 1204 3920 concubia
1235 3866 1471 3920 estadm
1490 3866 2008 3921 issus.Balduinus
2050 3883 2188 3922 vero

535 3937 859 4006 imperator
871 3942 924 3992 et
939 3937 1229 3992 Pantaleo
1245 3937 1620 3991 Justinianus
1636 3937 2190 4005 patriarcha,navi—

535 4007 633 4076 gio
655 4007 970 4074 derepente
989 4023 1122 4062 cum
1139 4008 1257 4062 suis
1272 4007 1540 4062 omnibus
1553 4014 1606 4062 et
1621 4015 1800 4075 rapta
1819 4009 2190 4076 supellectile

536 4078 618 4148 ad
637 4078 932 4146 Euripum
949 4093 1069 4134 sese
1077 4081 1326 4147 profugi
1336 4085 1704 4148 receperunt.
1720 4079 2010 4134 Audiatur
2022 4079 2188 4134 etiam

536 4147 738 4203 denuo
779 4148 1105 4205 Sabellicus
1132 4149 1397 4204 Ennead.
1429 4147 1504 4215 ιχ,
1546 4148 1630 4203 lib
1675 4166 1728 4204 Vl
1755 4150 1902 4205 :Sed
1921 4151 2063 4204 dum
2086 4150 2191 4205 ille

539 4218 872 4274 Balduinus
901 4224 1224 4276 extremam
1255 4222 1371 4274 vim
1397 4220 1710 4288 formidat.
1735 4222 2054 4276 domestica
2093 4236 2167 4289 op

534 4291 846 4358 primitur,
879 4291 1021 4344 urbs
1052 4305 1244 4346 vacua
1278 4306 1313 4345 α
1335 4294 1538 4354 paucis
1576 4292 1920 4360 Palteologo
1949 4293 2192 4360 prodita

540 4367 645 4415 est.
671 4361 748 4414 Et
764 4367 902 4415 sunt
921 4362 1026 4430 qui
1039 4362 1247 4416 dicunt
1269 4377 1400 4415 eum
1419 4361 1695 4430 abfuisse,
1740 4378 1869 4416 cum
1892 4364 2046 4417 hosti
2073 4369 2194 4416 tra-

540 4430 670 4485 dita
695 4436 779 4486 est
817 4447 829 4485 :
858 4431 964 4485 sed
981 4432 1101 4486 sive
1126 4431 1336 4499 adfuit,
1359 4447 1492 4486 cum
1516 4431 1696 4486 hostis
1718 4433 1780 4486 in
1817 4433 2018 4488 urbem
2039 4448 2193 4488 reue-

2299 3868 2660 3938 pertentaret
2672 3868 2728 3918 et
2745 3863 2961 3938 Latinis
2975 3862 3234 3938 timorem
3246 3861 3302 3916 in
3311 3863 3907 3938 cuteret._Pachyme-

2299 3931 2413 4001 res,
2431 3935 2532 3990 lib.
2549 3952 2608 4001 ιι,
2624 3951 2682 4005 p.
2705 3938 2820 3989 138.
2839 3935 3153 3998 Quomodo
3167 3938 3374 4004 postea
3404 3931 3658 3989 Alexius
3712 3931 3904 3990 urbem

2299 4008 2536 4078 ceperit.
2571 4006 2698 4079 fuse
2729 4010 2975 4079 narrant
3008 4020 3211 4079 eorum
3239 4010 3587 4079 temporum
3611 4010 3903 4079 σύγχρςπι

2302 4075 2643 4148 scriptores,
2664 4076 3020 4148 Acropolita.
3050 4075 3476 4148 Pachym‘erius
3499 4081 3561 4131 et
3601 4075 3898 4133 forte'lire-

2301 4145 2498 4216 goras,
2515 4163 2772 4219 quorum
2786 4145 2941 4201 dicta
2960 4145 3366 4218 praeponenda
3381 4151 3526 4219 sunt
3543 4148 3830 4203 Vabellici
3859 4155 3900 4202 ct

2305 4220 2508 4275 Blondi
2529 4216 2799 4273 somniis.
2823 4216 3174 4272 Balduinum
3198 4234 3334 4272 cum
3355 4216 3902 4274 rebusnecessariis

2303 4297 2360 4345 et
2378 4289 3056 4361 pretiosissimisi‘ugaad
3077 4288 3901 4361 Euripum_appulisse,credat

2351 4357 2647 4428 uicumque
2675 4357 2944 4428 ejusdem
2984 4366 3082 4429 atq
3102 4375 3163 4412 .ie
3198 4357 3522 4414 Sabellicus
3561 4366 3618 4413 et
3653 4361 3900 4416 Blondus

2351 4379 2647 4428 UlCllDQIIe
2675 4379 2944 4428 BJllSUCUJ
2984 4379 3163 4429 alqie
3198 4379 3522 4414 aauemcus
3561 4379 3618 4413 el
3653 4379 3900 4416 ﬁlOﬂtlUS

2302 4379 2487 4486 ?elicis
2510 4431 2734 4502 cerebri
2767 4435 2874 4485 θ›ῐ.
2909 4432 3019 4494 Qui
3050 4430 3210 4484 enim
3241 4430 3589 4502 necessaria
3621 4439 3685 4484 et
3710 4435 3900 4502 pretio-

538 4503 929 4580 ptus_est.sive
943 4503 1232 4580 incastris
1247 4503 1812 4580 fuit,_sati_sconstat,
1838 4505 2191 4580 Byzantium
2221 4503 2266 4557 Γ)
2306 4503 2542 4580 sissmia
2570 4501 2803 4580 deferre
2858 4517 3065 4580 secum
3127 4501 3337 4580 potuit,
3395 4499 3516 4580 qui.
3549 4499 3900 4558 orna—menta

542 4571 878 4645 proditione
899 4573 1208 4645 amissum.
1242 4571 1476 4645 Alesius
1507 4571 1962 4645 Strategopulus
1991 4581 2047 4629 et
2074 4589 2192 4628 non

543 4641 786 4714 Michael
820 4641 1186 4713 Palaeologus
1219 4642 1446 4714 Cpolim
1478 4644 1656 4714 capit.
1693 4641 2010 4708 Quomodo
2035 4645 2194 4699 enim

543 4712 646 4784 qui
659 4713 864 4768 Nicaeae
877 4718 938 4786 Aet
952 4712 1281 4786 Peritheorii
1298 4712 1805 4781 commorabatur,
1822 4716 2085 4786 Copolizu
2102 4731 2189 4770 ca-

545 4799 684 4857 pere
723 4784 914 4857 potuit
941 4784 968 4838 ?
989 4791 1044 4839 et
1071 4800 1212 4857 sane
1237 4801 1283 4857 si
1305 4800 1409 4856 per
1423 4788 1650 4841 Graecos
1687 4787 1759 4840 de
1786 4784 2197 4857 recuperanda

545 4800 684 4856 pere
719 4800 914 4910 gown
943 4800 968 4838 γ
989 4800 1044 4839 et
1071 4800 1212 4839 sane
1237 4801 1283 4838 ει
1305 4800 1409 4856 per
1423 4800 1650 4841 uraecos
1687 4800 1759 4840 ae
1786 4800 2195 4857 recuperanda

545 4855 705 4936 Cpoli
763 4855 902 4910 dem
938 4862 1158 4936 certam
1185 4855 1514 4936 habuisset,
1542 4857 1869 4936 gloriosam
1893 4858 2041 4912 adeo
2063 4873 2195 4928 pro-

543 4926 804 5000 vinciam
845 4941 966 4981 non
987 4927 1419 5000 demandasset
1455 4926 1673 5000 Alexio,
1718 4929 1820 5000 sed
1853 4928 1976 4999 ipse
2007 4926 2112 5000 per
2137 4943 2196 4981 se

545 4996 623 5052 ad
649 4997 902 5053 similem
928 4998 1299 5068 triumphum
1323 4999 1688 5064 accessisset,
1714 5003 1777 5052 ut
1801 4996 2196 5053 fecerat—anno

545 5069 861 5139 superiori,
893 5084 1015 5139 quo
1029 5069 1226 5124 verbis
1256 5069 1445 5123 Aselis
1462 5069 1647 5123 fretus
1665 5069 1988 5124 exercitum
2015 5070 2071 5123 in
2093 5072 2195 5124 Ga-

543 5137 729 5211 latam
755 5137 1007 5194 duxerat
1030 5140 1104 5194 ad
1126 5139 1599 5210 expugnandum
1626 5139 1769 5193 illud
1800 5140 2115 5211 oppidum,
2137 5144 2197 5194 ut

545 5210 884 5278 videbatur,
912 5226 974 5266 re
998 5217 1190 5265 tamen
1219 5226 1376 5277 vera,
1403 5215 1463 5264 ut
1501 5211 1847 5280 Byzantium
1875 5210 2197 5280 occuparet

547 5281 834 5352 deceptus
867 5281 1254 5335 nihilominus
1286 5281 1599 5352 promissis
1621 5281 1823 5344 Aselis,
1858 5297 1936 5352 re,
1958 5281 2194 5346 iniecta,

547 5351 807 5408 Nica‘am
836 5353 1160 5407 revertitur.
1196 5351 1362 5406 Adde
1388 5351 1668 5406 eumdem
1703 5351 2043 5406 Michaclem
2077 5367 2196 5406 non

550 5421 782 5494 misisse
812 5421 1084 5494 Alexium
1125 5421 1660 5494 adioccupaudam
1703 5423 1950 5493 Cpolim,
1986 5424 2087 5477 sed
2121 5422 2197 5477 ad

545 5493 1332 5566 debellandumMichaelem
1353 5493 1729 5566 defectorem.
1757 5501 1812 5566 et
1841 5509 1980 5566 cum
2010 5509 2198 5566 prape

549 5562 774 5634 Cpolim
799 5565 1090 5619 exercitus
1119 5571 1273 5620 esset
1296 5564 1628 5632 ducendus,
1673 5564 1907 5619 dedisse
1957 5562 2199 5619 in'coin-

545 5632 750 5694 missis
769 5634 974 5702 Alexio
1003 5649 1126 5691 non
1157 5640 1222 5692 ut
1241 5639 1498 5708 caperet,
1527 5635 1633 5692 sed
1666 5640 1728 5694 ut
1777 5635 2199 5693 tantummodo

2305 4573 2534 4645 imperii
2552 4578 2607 4625 et
2623 4571 2924 4645 dignitatis
2939 4571 3632 4645 insigniaetcharissima
3647 4589 3900 4645 quaeque

2305 4642 2578 4699 hostibus
2615 4642 2879 4713 praedam
2909 4642 3143 4713 reliquit
3169 4643 3194 4697 ?
3222 4649 3352 4696 ALL.

2377 4714 2454 4786 (6)
2483 4714 2648 4786 ’ρπην
2680 4733 2812 4786 τινα.
2855 4719 3169 4781 bregoras,
3206 4729 3263 4785 p.
3297 4716 3382 4767 85.
3416 4718 3556 4770 ALL.

2376 4781 2454 4855 (7i
2487 4784 2704 4855 Εἰσῆλρε
2735 4781 2828 4855 διὰ
2879 4789 3093 4850 ταύτης,
3159 4781 3466 4855 Gi'egoras,
3513 4799 3575 4854 p.
3626 4789 3722 4838 85.
3777 4790 3900 4840 ALL.

2377 4852 2456 4920 (8)
2506 4861 2571 4905 Oi.
2634 4852 2684 4906 δ’
2738 4853 2876 4915 ἐντὸς
2957 4863 3027 4925 τῷ
3129 4852 3374 4926 αἰφνιδίῳ
3449 4852 3899 4915 κατασεισθεντες.

2306 4926 2680 4996 Ρᾶεῒιγῐηηρ.
2724 4930 2834 4981 147.
2865 4933 2995 4979 ALL.

2379 4993 2815 5069 (gingiua-mag.
2842 4995 3284 5069 Pachymerius,
3318 5011 3376 5067 p.
3420 4999 3538 5050 144.
3578 5003 3718 5052 ALL.

2377 5067 2491 5138 (10)
2549 5070 2874 5127 Ποτεστάτος
2955 5067 3396 5138 l’achymerius,
3455 5083 3515 5138 p.
3581 5071 3706 5122 162.
3782 5082 3898 5124 ALL.

2307 5134 2486 5196 Μηδέν
2515 5158 2565 5189 τι
2596 5147 2693 5189 τῶν
2741 5142 3067 5209 γινομένωνν.
3113 5134 3474 5209 ’(ἶΐριεζοΐᾶεξ
3501 5153 3564 5208 p.
3609 5141 3701 5204 86,
3772 5141 3897 5195 dicit

2307 5210 2626 5264 eodemdie
2642 5209 2715 5280 ad
2732 5208 3818 5280 eos,quiDaphnusiam_obsidebant,
3841 5212 3898 5263 de

2309 5286 2478 5351 capta
2496 5280 2652 5350 Cpoli
2680 5278 2909 5334 famam
2924 5278 3188 5334 allatam.
3205 5282 3318 5334 Nec
3337 5278 3570 5334 videtur
3599 5280 3899 5338 dissentire

2309 5352 2755 5421 Pachyuierius.
2801 5367 2858 5422 p.
2895 5351 3015 5422 144.
3060 5355 3202 5405 ALL.

2379 5425 2490 5491 (11)
2557 5428 2665 5494 Πύρ
2742 5421 2852 5494 ταῖς
2899 5421 3107 5494 οἰκίαις.
3185 5423 3475 5490 Gregoras
3532 5429 3590 5477 et
3653 5423 3897 5479 Phranza

2310 5494 2505 5567 statim
2522 5493 2578 5547 in
2600 5492 2730 5567 ipso
2743 5492 3045 5567 adurbem
3061 5492 3706 5564 ingressu,antequam
3727 5498 3824 5567 qui
3851 5499 3893 5550 in

2312 5563 2720 5637 Daphnusiam
2736 5563 3007 5637 abierant
3021 5563 3790 5637 reverterentur,_tlsesarem
3810 5570 3876 5637 By

2308 5634 2571 5692 zantium
2592 5634 2929 5706 incendisse
2939 5639 3202 5706 narrant,
3230 5635 3574 5707 Acropolita
3597 5643 3738 5708 post
3757 5634 3892 5694 retii-
