3966 6324
65 331 251 386 1213

1643 329 1990 398 ΔΝΝᾼιΕδ.

3332 342 3475 400 1214

55 458 191 518 καὶ
275 460 457 525 πρῶτα
511 451 602 523 μὲν
654 450 746 510 τὰς
831 455 932 502 τῶν
984 453 1276 516 Βενετίκων,
1342 447 1450 501 εἶτα
1496 457 1602 504 τῶν
1673 451 1836 506 ἄλλων
1914 461 2094 525 γενῶν,
2161 454 2224 518 ἃς
2278 459 2367 508 καὶ
2436 459 2688 530 Κάμπους
2738 463 2852 530 (12)
2908 463 3294 536 κατωνόμαζον.
3341 464 3483 520 ,Επει

62 537 156 594 δὲ
238 537 380 595 εἶδον
459 539 569 611 (13)
627 543 720 598 τὴν
794 537 942 590 πόλιν
1016 537 1442 612 πυρπολουμένην
1517 542 1566 590 οἱ
1608 548 1706 592 τῶν
1757 546 2011 610 Λατίνων,
2082 545 2176 605 τὰς
2265 547 2482 619 παρειὰς
2529 555 2640 609 ταῖς
2689 555 2851 623 χερσὶ
2907 551 3186 622 τύψαντες,
3248 558 3338 608 καὶ
3390 553 3480 606 λα,

57 629 274 692 ϐὀντες
349 631 500 692 ὅσους
578 624 835 686 ἠδύναντο
911 625 1050 690 ἐντὸς
1119 636 1216 692 τῶς
1299 633 1548 702 τριηρεων
1621 630 1788 682 αὐτῶν
1845 635 1935 682 καὶ⁵
1999 639 2099 683 τῶν
2152 632 2340 686 λοιπῶν
2394 635 2606 706 πλοίων,
2661 639 3102 715 ὑπανεχώρησαν,
3148 647 3276 712 μιᾶς
3329 647 3480 715 τριή-

59 740 212 795 ρεος
285 720 400 790 (Ml
479 717 551 780 εἰς
635 720 694 769 τὸ
781 721 919 789 μέγα
977 716 1225 770 παλάτιον
1301 716 1621 805 ἀπελθούσης
1689 724 1779 772 καὶ
1856 717 2234 795 ἀναδεξαμένης
2288 727 2373 776 τὸν
2433 722 2744 780 Βαλδουίνον
2797 727 2846 781 ἐν
2903 738 3023 802 χρῷ
3075 739 3167 791 τῆς
3213 731 3470 805 ζωγρείας

57 813 392 882 γενόμενον.
450 810 551 859 Καὶ
620 812 788 872 ταῦτα
841 808 932 877 μὲν
1011 805 1146 857 οὕτω
1221 804 1401 869 ξυνέϐη
1472 808 1607 876 (15),
1668 813 1757 861 καὶ
1814 810 1844 866 ἠ
1903 815 2294 866 Κωνσταντίνου
2349 819 2563 886 προνοίᾳ
2618 822 2752 868 Θεοῦ
2800 823 2889 870 καὶ
2952 814 3104 880 αὖθις
3157 820 3259 871 ὑπὸ
3313 804 3483 896 χεῖρα

58 905 189 952 τοῦ
276 895 556 970 βασιλέως,
618 902 716 946 τῶν
797 893 1060 966 Ῥωμαίων
1139 894 1334 966 ἐγένετο
1401 897 1537 946 κατά
1613 897 1762 968 λόγον
1845 893 2049 950 δίκαιον
2129 919 2182 952 τε
2257 905 2344 952 καὶ
2408 908 2764 974 προσήκοντα,
2821 906 3042 960 Ἰουλίου
3097 907 3337 967 εἰκοστὴν
3394 893 3480 961 καὶ

61 991 342 1058 πέμπτην
426 986 660 1054 ἄγοντος,
735 986 894 1046 οὔσης
979 981 1326 1055 έπινεμήσεως
1401 986 1670 1058 τετάρτης,
1748 990 1839 1038 καὶ
1898 986 1998 1039 ἀπὸ
2069 993 2309 1058 γενέσεως
2381 995 2586 1064 κόσμου
2667 995 2813 1057 ἔτους
2895 999 3035 1057 ὄντος
3108 994 3288 1068 ςψξθ,

62 1083 197 1126 τῶν
228 1073 437 1149 ἐχθρῶν
464 1076 786 1146 κρατουμένη
809 1075 1038 1147 χρόνους
1065 1077 1388 1131 πεντήκοντα
1409 1080 1494 1124 καὶ
1524 1075 1677 1128 ὀκτώ.

3379 997 3478 1050 ὑπό

165 1161 286 1228 πςζ
331 1168 456 1236 Περὶ
506 1169 632 1234 γοῦν
705 1165 764 1212 τὸ
820 1166 1106 1236 Μετεὼριον
1193 1166 1311 1213 τότε
1360 1167 1710 1234 σκηνουμένου

1891 1167 1979 1220 86.
2041 1167 2118 1220 Ea
2171 1171 2520 1238 tempestate
2581 1170 2908 1242 imperator
2985 1178 3182 1229 castra
3271 1175 3477 1230 Meteo-

69 1259 191 1304 τοῦ
249 1250 536 1325 βασιλέως,
607 1248 852 1314 έξαπίνης
909 1255 1053 1322 φήμη
1118 1269 1191 1311 τις
1247 1252 1448 1325 νύκτωρ
1494 1255 1559 1303 τὰ
1613 1260 1713 1304 τῶν

74 1341 301 1393 πολλῶν
372 1337 780 1412 περιεϐόμϐησεν
866 1338 1042 1400 ἀκοάς.
1126 1338 1184 1392 Ἡ
1232 1335 1290 1392 δὲ
1371 1348 1516 1412 φήμη
1600 1342 1715 1410 (16)

74 1432 246 1502 παρά
294 1425 581 1501 παιδαρίου
628 1431 768 1488 τινὸς
797 1424 1130 1500 αὗταδέλφης
1185 1436 1276 1479 τοῦ
1334 1427 1588 1499 βασιλέως
1625 1437 1716 1488 τῆς

81 1517 486 1591 ὀνομοςομένης
545 1519 636 1587 μὲν
711 1515 957 1589 Εἰρήνης,
1018 1512 1113 1568 διὰ
1167 1513 1225 1568 δε
1281 1524 1372 1568 τοῦ
1425 1513 1714 1587 μοναδικοῦ

83 1611 387 1680 σχήματος
449 1606 932 1678 μετονομασθείσης
991 1600 1263 1675 Εὗλογίας,
1347 1603 1401 1656 ἐκ
1473 1613 1573 1657 τῶν
1620 1613 1714 1668 τῆς

79 1696 346 1757 Βιθυνίας
393 1702 559 1767 μερῶν
631 1693 755 1766 παρ’
817 1692 979 1751 αὐτὴν
1067 1692 1398 1766 ἀφικομένου,
1484 1692 1539 1756 ὃς
1596 1695 1714 1746 καθ’

79 1779 224 1835 ὀδόν
305 1781 619 1856 ἐμεμαθήκει
687 1783 831 1856 παρά
915 1801 1006 1832 του
1057 1790 1156 1833 τῶν
1202 1781 1498 1854 Ῥωμαϊκῶν
1559 1801 1716 1855 στρα-

77 1872 369 1944 τευμάτων
414 1870 605 1923 ἁλῶναι
650 1875 745 1928 τὸν
795 1875 1211 1924 Κωνσταντίνου.
1274 1869 1357 1931 Ὠς
1414 1867 1528 1942 εἶχε
1589 1878 1713 1942 γοῦν

79 1963 302 2032 τάχους
355 1961 386 2020 ἡ
455 1967 546 2018 τοῦ
610 1957 872 2032 βασιλέως
933 1959 1358 2031 αὐτοκασιγνήτη
1417 1962 1561 2033 παρά
1628 1963 1714 2011 τὸν

85 2049 331 2123 ﬁcedulae:
377 2047 630 2120 ἀφιγμένη
687 2045 1155 2122 καταδαρθάνοντα
1205 2055 1386 2100 τοῦτον
1443 2049 1576 2123 εὗρε,
1621 2053 1712 2100 καὶ

85 2139 276 2214 ἠρέμα
315 2158 424 2200 πως
454 2134 602 2189 ἐκίνει
655 2137 808 2188 αὐτὸν
867 2144 928 2210 τῇ
989 2141 1156 2212 χειρὶ,
1197 2138 1330 2196 ὅπως
1387 2138 1447 2188 ἄν
1510 2156 1570 2210 γε
1624 2143 1715 2189 καὶ

85 2227 528 2300 ἐγρηγορήσειεν,
583 2226 908 2301 ἰσχυροτέρα
955 2234 1017 2299 τῇ
1073 2233 1209 2299 φωνῇ
1271 2225 1598 2296 ὑπολέγουσα
1645 2227 1715 2287 ὡς

90 2319 398 2386 Κατέσχες,
459 2311 499 2365 ὦ
563 2313 804 2388 βασιλεῦ,
856 2319 950 2373 τὴν
1007 2314 1567 2369 Κωνσταντινούπολιν.
1615 2318 1714 2369 Καὶ

87 2403 351 2464 πολλάκις
419 2411 572 2455 τοῦτο
644 2403 858 2478 εἰρήκει,
932 2408 1022 2455 καὶ
1098 2404 1124 2454 ὁ
1201 2401 1451 2476 βασιλεὺς
1512 2403 1715 2477 ἐπέμενε

1817 1252 1886 1324 rii
1924 1252 2322 1324 disposuerat.
2383 1261 2683 1330 noctuque
2738 1275 2808 1315 ex
2877 1261 3208 1333 improviso
3267 1277 3475 1318 rumor

1817 1341 2067 1414 quidam
2093 1344 2244 1397 inter
2260 1343 2584 1402 multorum
2607 1363 2780 1402 aures
2808 1350 3419 1424 perstrepuit.Rumor
3437 1366 3475 1407 a

1820 1429 2057 1484 servulo
2097 1431 2365 1502 quodam
2408 1435 2631 1489 sororis
2689 1436 3068 1512 imperatoris
3108 1442 3324 1508 lrenes,
3369 1438 3475 1494 sed

1820 1521 2063 1588 propter
2077 1520 2477 1575 monasticum
2499 1521 2770 1580 habitum
2789 1524 3046 1594 Eulogiaz
3079 1525 3428 1592 nominatae,
3447 1541 3478 1581 e

1822 1605 2086 1677 Bithynae
2118 1608 2386 1677 partibus
2419 1610 2494 1664 ad
2520 1610 2716 1684 ipsam
2739 1613 3026 1684 profecto,
3049 1615 3153 1686 qui
3181 1613 3241 1669 in
3268 1614 3478 1670 itinere

1819 1693 2136 1749 audierata
2150 1697 2433 1752 Romanis
2446 1699 2636 1771 copiis
2652 1707 2893 1773 captam
2908 1717 3035 1756 esse
3050 1701 3300 1774 Cpolim,
3315 1717 3480 1776 spar-

1820 1799 1923 1837 sus
1959 1781 2171 1837 fuerat.
2209 1783 2313 1840 Illa
2351 1800 2606 1859 propere
2647 1789 3075 1862 imperatorem
3116 1791 3478 1847 conveniens

1820 1888 2036 1927 somno
2091 1873 2355 1944 sopitum
2416 1875 2642 1932 invenit
2703 1891 2726 1948 ;
2778 1894 2968 1951 quare
3035 1895 3173 1934 eum
3239 1878 3475 1951 placide

1819 1977 2081 2033 movere,
2113 1970 2170 2020 et
2190 1969 2254 2020 ut
2274 1965 2797 2031 excitaret,altiore
2826 1983 2972 2023 voce
2986 1967 3284 2040 proloqui,
3315 1990 3343 2017 ››
3368 1970 3475 2023 Te-

1818 2065 1946 2120 nes,
1965 2068 2001 2107 o
2021 2053 2365 2126 imperator,
2393 2053 2640 2126 Cpolim.
2669 2055 2942 2128 »Saapius
2955 2056 3068 2111 hoc
3087 2055 3479 2130 repetiitzim—

1819 2145 2055 2212 perator
2077 2141 2363 2196 immotus
2388 2146 2550 2202 stans
2584 2159 2703 2197 non
2723 2143 3151 2216 respondebat.
3173 2145 3477 2199 Verumta—

1823 2243 1949 2284 men
1967 2245 2097 2284 cum
2111 2229 2212 2285 illa
2229 2245 2493 2285 sermone
2511 2235 2727 2286 mutato
2741 2230 3013 2287 dixisset:
3032 2253 3060 2282 ››
3077 2234 3283 2303 Surge,
3296 2231 3478 2306 impe-

1821 2321 2010 2374 rator:
2028 2319 2298 2374 Christus
2311 2318 2412 2374 tibi
2429 2319 2656 2391 Cpolim
2679 2322 2721 2390 ι
2735 2319 2851 2393 46
2865 2319 3146 2391 elargitus
3159 2325 3266 2384 est,
3286 2341 3314 2370 »
3322 2320 3474 2376 lecto

1823 2421 2150 2476 assurgens
2167 2406 2641 2480 manibusquein
2656 2407 2875 2464 cmlum
2893 2409 3172 2480 extensis,
3196 2429 3224 2457 »
3237 2409 3425 2475 Hunc,
3443 2431 3472 2459 »

92 2490 275 2566 μηδέν
314 2513 366 2545 τι
414 2496 544 2566 πρὸς
590 2495 785 2552 ταύτην
832 2491 1342 2569 ἀνταποκρινόμενος.
1391 2493 1480 2555 Ὠς
1525 2490 1584 2546 δὲ
1628 2497 1714 2546 τὸν

1889 2500 1922 2550 l‘
1945 2517 1972 2544 »
1988 2511 2346 2563 sermonem,
2364 2512 2552 2564 soror,
2568 2501 2624 2551 et
2643 2497 2773 2568 ipse
2786 2497 3134 2570 amplector,
3169 2497 3271 2554 sed
3293 2513 3474 2572 quem

91 2582 258 2655 λόγον
297 2580 539 2654 μετέϐαλε
584 2586 674 2634 καὶ
725 2581 938 2654 εἰρήκει,
999 2604 1026 2632 ‹‹
1091 2583 1396 2649 Ἀνάστηθι,
1450 2581 1668 2655 βασιλεῦ
1699 2604 1712 2616 ·

97 2673 128 2724 ὁ
160 2673 267 2747 γὰρ
317 2674 546 2745 Χριστὸς
599 2669 962 2746 ἀπεχαρίσατὸ
1009 2690 1094 2723 σοι
1144 2676 1236 2728 τήν
1295 2674 1714 2726 Κωνσταντινού-

97 2761 272 2826 πολιν,
312 2782 338 2809 )δ
369 2769 465 2822 τῆς
512 2759 687 2823 κλίνης
715 2757 941 2821 ἀναστὰς
977 2764 1067 2812 καὶ
1122 2763 1215 2822 τὰς
1260 2767 1445 2836 χεῖρας
1503 2761 1570 2822 εἰς
1632 2760 1715 2813 οὐ·

97 2853 258 2926 ρανὸν
291 2849 570 2917 ἀνατείνας,
595 2871 623 2898 ‹‹
649 2855 844 2902 Κοῦτον
876 2851 980 2922 μὶν,
1021 2872 1050 2898 η
1082 2851 1174 2922 ἔφη
1202 2852 1336 2922 (17).
1369 2871 1397 2897 ‹‹
1421 2854 1507 2902 τόν
1540 2849 1711 2922 λόγον,

103 2935 147 2990 ὦ
183 2935 401 3011 ἀδελφὴ,
431 2943 521 2990 καὶ
546 2937 700 2999 αὐτὸς
739 2934 990 3011 δέχομαι.
1025 2937 1118 2991 “Ov
1173 2936 1232 2990 δὲ
1276 2937 1426 3010 λόγον
1479 2942 1537 2991 τὸ
1580 2948 1714 3014 πρῶ-

97 3048 194 3080 τον
256 3026 414 3098 εἶπες,
472 3029 538 3088 ὡς
590 3037 688 3090 τῆς
737 3033 1125 3081 Κωνσταντίνου
1173 3029 1491 3102 κεκράτηκα,
1549 3024 1712 3080 οὖδα-

99 3125 217 3190 μῶς
305 3112 644 3189 ἀποδέχομαι
702 3137 715 3150 ο
761 3124 867 3176 πῶς
944 3119 1046 3191 γὰρ
1117 3115 1172 3168 ἐκ
1245 3124 1338 3170 τοῦ
1420 3123 1714 3191 Μετεωρίου

100 3203 367 3280 ἐγκρατὴς
425 3209 668 3282 γενοίμην
747 3211 844 3264 τῆς
907 3209 1299 3258 Κωνσταντίνου
1351 3223 1369 3276 ;
1430 3203 1536 3257 ἀλλ’
1591 3201 1715 3258 οὐδὲ

105 3294 413 3368 στράτευμα
461 3291 576 3346 κατ’
643 3292 804 3355 αὐτῆς
879 3292 1148 3365 ἀξιόλογον
1194 3296 1457 3366 πέπομφα.
1526 3297 1595 3346 Τὸ
1655 3291 1714 3347 δὲ

259 3389 427 3433 ταῦτα
503 3378 630 3434 εἶναι
681 3389 795 3451 Θεῷ
852 3387 941 3434 καὶ
1021 3382 1174 3444 αὐτὸς
1227 3381 1569 3456 ξυνομολογῶ,
1623 3388 1712 3436 καὶ

108 3473 298 3524 θᾶττον
337 3469 398 3521 ἀν
449 3473 513 3522 τά
565 3477 754 3545 μικροῦ
801 3475 892 3523 καὶ
934 3468 1171 3524 ἀδύνατα
1212 3478 1316 3532 τοῖς
1360 3473 1431 3533 οἷς
1472 3471 1532 3523 ἂν
1590 3471 1714 3544 βού-

102 3559 251 3613 λοιτο
288 3565 588 3634 παρασχεῖν
627 3561 919 3616 καθέστηκε
983 3557 1220 3621 δυνατός.
1263 3579 1293 3611 ι
1352 3560 1509 3612 Ταῦτ’
1561 3560 1712 3612 εἰπὼν

105 3652 233 3710 τοὺς
310 3647 357 3700 ἐν
441 3647 570 3700 τέλει
641 3647 728 3721 [Ρ.
817 3646 941 3721 101]
1001 3651 1196 3710 πάντας
1252 3648 1577 3722 ξυνηθροισε,
1623 3668 1713 3701 και

106 3735 415 3789 ἐπυνθάνετο
475 3737 518 3788 εἰ
565 3735 731 3796 ἀληθῆ
794 3733 941 3790 δοκεῖ
994 3741 1174 3810 σφίσιν
1226 3738 1405 3798 αὐτοῖς
1460 3741 1524 3790 τά
1571 3740 1714 3812 παρά

103 3837 205 3889 τῆς
273 3831 467 3900 φήμης.
541 3831 641 3878 Καὶ
699 3827 747 3878 οἱ
822 3827 912 3899 μὲν
973 3828 1236 3878 συνέθεντο
1291 3825 1354 3878 τά
1407 3834 1507 3886 τῶς
1548 3825 1712 3897 λόγων
1745 3863 1786 3917 C

107 3915 460 3980 ἐπαληθεύειν,
502 3920 591 3967 καὶ
622 3914 854 3982 μάλιστα
896 3914 974 3976 οἷς
1021 3916 1050 3973 ἡ
1098 3922 1198 3966 τῶν
1251 3920 1486 3968 Λατίνων
1535 3912 1712 3977 ἔξοδος

106 4001 472 4079 ἀκριϐέστερον
531 4002 828 4074 ἐπεγνώσθη
883 4024 897 4036 ’
952 4005 1078 4054 ἔνιοι
1136 3999 1196 4055 δὲ
1243 4007 1329 4054 τὸν
1389 4000 1712 4075 λόγονοῆγον

1823 2583 2086 2656 primum
2112 2584 2372 2652 dixeras,
2431 2600 2529 2640 me
2575 2584 2738 2658 Cpoli
2781 2585 3057 2658 potitum,
3106 2587 3270 2642 nullo
3301 2592 3476 2660 pacto

1824 2673 2069 2745 excipio.
2101 2674 2371 2739 Quanam
2405 2673 2566 2729 enim
2605 2674 2854 2741 ratione,
2894 2675 2998 2748 qui
3028 2676 3281 2732 Meteorii
3314 2692 3470 2745 sum,

1821 2761 2008 2834 polim
2056 2761 2373 2820 devicerim
2400 2761 2428 2816 ?
2481 2763 2585 2835 qui
2631 2779 2742 2819 nec
2779 2769 2977 2821 tantas
3015 2765 3218 2838 copias
3244 2765 3321 2820 ad
3341 2781 3477 2822 eam

1823 2850 2248 2907 debellandam
2282 2852 2590 2908 adornavi.
2626 2853 2736 2909 Sed
2759 2853 2890 2909 haec
2921 2855 3160 2910 Numini
3191 2853 3477 2910 facillima

1823 2955 1953 3005 esse
1965 2946 2022 2994 et
2033 2940 2162 3012 ipse
2179 2941 2383 3010 fateor,
2403 2940 2694 3014 citiusque
2708 2957 2777 2997 ac
2791 2958 2923 2998 com
2933 2943 3172 2998 modius
3192 2959 3263 2999 ea
3275 2943 3473 3010 etiam,

1822 3043 1957 3100 quae
1970 3027 2094 3082 ﬁeri
2109 3028 2272 3083 haud
2296 3044 2470 3100 posse
2493 3029 2786 3090 videntur,
2801 3031 3024 3103 quibus
3055 3031 3182 3104 ipse
3203 3030 3474 3102 voluerit,

1822 3116 2149 3172 concedere
2180 3122 2394 3190 potens
2405 3121 2514 3172 est.
2531 3139 2558 3166 ››
2576 3117 2746 3183 Dixit,
2772 3119 3173 3192 omnibusque
3184 3119 3290 3192 qui
3306 3119 3390 3174 ibi
3412 3119 3476 3174 in

1821 3205 2106 3275 dignitate
2161 3211 2330 3261 erant
2367 3206 2729 3277 convocatis,
2784 3222 2862 3263 an
2899 3223 3043 3263 vera
3081 3224 3152 3264 ea
3189 3223 3322 3263 esse
3360 3207 3475 3262 illis

1819 3293 2162 3350 viderentur
2191 3311 2326 3367 quae
2357 3293 2522 3351 fama
2549 3295 3090 3366 circumferrentur,
3123 3297 3472 3365 interrogat.

1821 3382 2076 3448 Quidam
2092 3399 2210 3438 ann
2221 3399 2378 3450 uere,
2391 3399 2690 3438 rumorem
2703 3399 2844 3440 vera
2857 3385 3153 3452 nuntiare,
3171 3391 3226 3440 et
3241 3385 3481 3458 potissi-

1821 3488 1990 3527 mum
2019 3471 2057 3527 ii
2086 3472 2308 3544 quibus
2345 3473 2680 3528 Latinorum
2712 3473 2902 3530 exitus
2934 3475 3285 3547 exquisitius
3315 3491 3477 3531 com-

1821 3565 2024 3631 pertus
2045 3559 2255 3615 fuerat.
2279 3560 2387 3615 Alii
2411 3560 2690 3616 dubitare
2729 3567 2787 3617 et
2812 3562 2871 3618 in
2913 3561 3202 3633 ambiguo
3229 3579 3472 3636 ponere,

1818 3649 1922 3721 qui
1945 3648 2160 3704 divinae
2173 3649 2403 3720 judicia
2434 3649 2823 3722 providentiae
2852 3667 2974 3707 non
3008 3658 3282 3709 accurate
3312 3657 3476 3710 tene-

1818 3743 1969 3805 rent,
1999 3741 2424 3796 ratiocinantes
2452 3755 2579 3796 rem
2610 3741 3015 3798 ediﬂicillimis
3031 3758 3167 3798 esse
3187 3747 3244 3798 et
3263 3759 3334 3798 ex
3359 3743 3474 3799 illis

1819 3843 1952 3899 quae
1984 3827 2203 3884 nonita
2223 3827 2378 3884 facili
2409 3828 2649 3898 negotio
2688 3835 3078 3900 peraguntur.
3113 3832 3177 3886 In
3216 3831 3309 3886 his
3347 3847 3474 3886 ser-

1821 3911 2106 3972 monibus
2136 3917 2325 3972 noctis
2351 3917 2611 3988 spatium
2645 3917 2986 3987 evigilatum
3017 3923 3104 3974 est
3151 3936 3164 3974 :
3206 3919 3308 3975 ubi
3347 3919 3474 3975 dies

1822 4005 2012 4076 erepit,
2049 4020 2186 4076 spes
2207 4020 2418 4060 omnes
2443 4011 2638 4061 tenere
2663 4005 2741 4061 ab
2769 4008 3050 4073 exercitu,
3083 4008 3189 4079 qui
3218 4023 3360 4064 vera
3385 4024 3473 4064 re-

995 4099 1340 4166 Theodori
1390 4101 1641 4168 Dousa;
1691 4109 1756 4168 et
1805 4101 2057 4168 Leonis
2105 4103 2336 4169 Allatii
2385 4113 2587 4170 notae.

110 4221 238 4290 tum
260 4215 602 4290 Latinorum
633 4231 704 4272 ex
726 4214 924 4271 insula
958 4217 1317 4290 Daphnusia.
1348 4215 1430 4290 Illi
1453 4222 1713 4290 quatuor

109 4291 170 4360 in
189 4286 330 4342 locis
343 4285 554 4342 urbem
569 4285 1160 4360 inrcensam,eamque
1174 4285 1437 4360 ﬂammis
1457 4285 1709 4360 circum-

109 4357 311 4412 datam
332 4375 346 4420 ;
369 4357 920 4426 Acropolitaignem
941 4357 1278 4412 immissum
1296 4358 1355 4412 in
1367 4358 1707 4413 Latinorum

111 4427 270 4483 mdes
295 4443 484 4500 prope
513 4427 674 4500 littus
697 4429 983 4500 jacentes,
1000 4443 1152 4500 quas
1165 4432 1423 4500 Campos
1439 4428 1707 4500 appella-

109 4500 276 4556 bant.
300 4498 485 4570 ldque
510 4499 731 4570 factum
765 4498 1370 4570 consilio'cujusdain
1434 4498 1703 4568 Joannis,

112 4571 217 4643 qui
247 4569 435 4626 fuerat
463 4569 728 4626 famulus
747 4569 1037 4641 Balduini,
1058 4571 1236 4626 tradit
1261 4570 1706 4642 Pachymerius,

164 4683 176 4695 .
209 4644 321 4696 146.
363 4647 498 4696 ALL.

112 4659 321 4781 "(123'
349 4659 618 4783 ξάῖιῖδτξουςο
663 4712 726 4766 G.
764 4709 1026 4766 Codinus
1080 4711 1141 4767 in
1199 4709 1401 4766 libello
1428 4711 1500 4783 de
1526 4711 1706 4767 rebus

114 4783 314 4854 patriis
347 4782 616 4855 Cpoleos,
646 4783 1020 4855 quemfrater
1042 4797 1211 4855 meus
1243 4782 1607 4855 GeorgiusiP.
1632 4785 1704 4840 M.

111 4853 190 4910 de
219 4853 417 4910 Graeco
444 4853 503 4910 in
539 4853 805 4912 Latinum
843 4853 1159 4921 transtulit,
1199 4853 1371 4923 cujus
1412 4854 1610 4918 statim
1643 4855 1704 4910 in

112 4924 400 4997 principio
423 4930 703 4997 notarum
735 4925 1140 4997 meminimus,
1174 4923 1270 4978 hic
1293 4925 1349 4997 in
1382 4924 1499 4997 ﬁne
1531 4925 1704 4980 nobis

113 4994 192 5051 ad
217 4994 670 5067 explicationem
692 4994 873 5067 hujus
888 4994 1003 5067 loci
1023 5010 1142 5067 prae
1161 4994 1385 5067 caeteris
1408 4995 1705 5067 advocan-

109 5067 225 5120 dus
252 5073 335 5120 est

104 5136 498 5210 (Theodosius
523 5137 752 5210 Junior)
783 5136 981 5188 ἱκεσίαν
1018 5140 1107 5189 καὶ
1143 5136 1290 5210 λιτὴν
1336 5136 1408 5198 εἰς
1454 5136 1541 5190 τὸν
1571 5140 1704 5210 κάμ-

110 5207 207 5260 πον
227 5207 700 5282 του-τριϐουναλίου
738 5210 869 5282 μετὰ
907 5215 999 5282 τοῦ
1059 5209 1394 5282 πατριάρχου
1446 5207 1698 5282 ξῖρόκλού.

111 5280 211 5337 His
229 5277 383 5334 adde
411 5277 756 5336 Diaconum‘:
786 5279 856 5334 Ut
885 5277 1500 5347 timentes‘Byzamtii'
1527 5287 1703 5336 extra

109 5351 509 5413 civitatem,in
525 5350 651 5406 loco
679 5349 934 5418 Campus
972 5350 1218 5416 dicitur,
1264 5356 1451 5420 essent
1491 5365 1704 5420 perse-

110 5426 477 5500 verantes,_et
500 5426 890 5500 castera,_quaa
913 5421 970 5500 in
994 5420 1240 5500 notis_ad
1265 5419 1557 5500 Codinum
1580 5421 1701 5500 exi-

109 5492 242 5548 mia:
259 5489 604 5548 eruditionis
627 5489 1014 5560 etdiligentiae
1037 5491 1125 5546 vir
1144 5492 1401 5546 Joannes
1418 5493 1702 5548 Meursius

108 5563 434 5628 adnotavit.
507 5565 711 5628 Dousa.

183 5635 472 5710 (13))Ἐπεὶ
493 5627 552 5686 δὲ
601 5629 760 5705 εἶδον,
803 5634 1114 5712 Gregoras,
1144 5647 1204 5723 ρ,
1237 5635 1325 5688 87.
1356 5637 1490 5723 ALL,

1893 4218 2025 4292 (iiii
2072 4224 2211 4278 Μιᾶς
2297 4221 2533 4292 τριήρεος
2600 4221 3042 4292 Gregoras,_p.
3107 4221 3200 4286 86,
3263 4221 3470 4278 scribit

1819 4288 2180 4413 Ealduinum
2203 4288 2431 4359 cymba
2445 4293 2680 4361 arrepta
2707 4289 2850 4359 fuga
2865 4288 3117 4346 salutem
3137 4292 3467 4364 quaesiisse.

1872 4375 1954 4414 LL.

1890 4430 2004 4501 (15)
2082 4435 2182 4483 Καὶ
2256 4437 2422 4482 ταῦτα
2505 4433 2595 4501 μὲν
2663 4433 2798 4482 οὕτω
2873 4430 3077 4493 ξυνέϐη.
3157 4433 3468 4491 Phranza:

1823 4501 2150 4574 Tatzrmoido
2181 4501 2557 4574 urbsrampla
2596 4503 2795 4574 illae!
2833 4503 3071 4559 urbium
3110 4504 3472 4574 imperati-ix

1817 4573 2051 4626 auxilio
2070 4573 2174 4628 Dei
2185 4573 2600 4642 omnipotentis
2626 4580 2677 4629 et
2694 4573 2948 4629 Cwsaris
2958 4576 3178 4644 peritia
3192 4573 3470 4634 Sotertia-

1818 4657 1929 4712 que
1944 4644 2200 4698 militari
2209 4643 2278 4699 ab
2299 4645 2385 4699 Ita
2396 4646 2422 4698 ί
2426 4660 2597 4699 orum
2615 4643 3328 4703 Latinorumvemanibus
3341 4650 3470 4704 vin-

1815 4713 2125 4782 dicata,ad
2139 4715 2433 4770 Romanos
2460 4717 2699 4771 tandem
2718 4723 3146 4783 postannorum
3172 4735 3379 4774 novem
3412 4727 3468 4775 et

1813 4785 2277 4858 quinquaginta,
2299 4788 2586 4842 mensium
2611 4788 2816 4858 trium,
2844 4787 3077 4844 dierum
3098 4795 3356 4858 quatuor
3381 4791 3470 4844 in-

1815 4857 2137 4930 tervallum
2151 4857 2347 4924 rediit.
2383 4859 2527 4914 Cum
2554 4857 2893 4929 Acropolita
2919 4857 3215 4914 consentit
3241 4860 3465 4930 Puth-

1814 4927 2036 4980 merius
2066 4943 2078 4980 :
2110 4927 2191 4978 Ἐν
2214 4930 2348 4978 ὀκτὼ
2386 4933 2567 5000 μόνοις
2619 4927 2750 5000 πρῗὸς
2795 4935 2904 4988 τοῖς
2960 4933 3276 4986 πεντήκοντα
3331 4927 3468 4982 ἓτέσι

1814 4950 2036 4980 ωυιΊυδ
2066 4950 2078 4980 ζ
2126 4950 2191 4978 ην
2214 4950 2348 4978 οκτω
2433 4950 2567 4990 ονοις
2619 4950 2750 5000 προς
2795 4950 2904 4988 τοις
2960 4950 3080 4980 πεντ

1813 5001 2172 5069 κατεχομένης
2200 5007 2294 5059 τῆς
2315 4950 2508 5060 nefa»;
2532 5005 2642 5060 τοῖς
2675 4999 2908 5069 ἐχθροῖς·
2946 5001 3082 5052 ALL.

2545 4433 2595 4483 ὲν
2663 4433 2798 4482 οὕτω
2873 4429 3077 4493 ξυνέϐη.

391 5083 418 5146 ε⁸
450 5070 682 5147 Ποίὴσας
736 5064 975 5150 (ιῐιᾳυίι)
1023 5064 1199 5146 ὀὗν-ὀ
1252 5065 1406 5147 αὐτος
1455 5064 1706 5150 βασιλεὺς

1889 5064 2089 5139 [16)’Ἢ
2120 5064 2178 5120 δὲ
2205 5074 2378 5141 φήμη.
2451 5064 2897 5141 l'achymerius,
2965 5069 3066 5123 lib.
3134 5084 3191 5129 it,
3250 5086 3303 5125 c.
3361 5074 3456 5128 26.

1812 5141 1948 5203 ALL,

1881 5209 1995 5279 (I7)
2031 5216 2222 5282 Τοῦτον
2261 5213 2350 5282 μὲν
2404 5213 2518 5282 ἔφη.
2563 5212 2873 5279 Gregoras,
2907 5223 2997 5282 __p.
3066 5211 3154 5282 86,
3202 5213 3268 5266 Et
3320 5217 3466 5268 nota

1812 5280 2131 5353 Gregioram
2161 5278 2479 5353 hic'dicere
2508 5278 2748 5353 captam
2783 5278 3010 5352 Cpolim
3039 5295 3074 5334 a
3109 5281 3244 5338 viris
3284 5289 3467 5339 octin-

1812 5352 2028 5419 gentis,
2057 5367 2200 5431 ουρ.
2221 5368 2406 5431 supra
2435 5351 2680 5431 dixisset
2702 5351 2837 5406 eam
2871 5355 3110 5431 captam
3149 5355 3464 5431 a_C.£esare,

1810 5437 1946 5476 cum
1981 5437 2053 5494 ne
2082 5421 2478 5477 millenarium
2500 5423 2745 5494 quidem
2777 5421 3103 5494 exercitum
3142 5421 3462 5494 adducere;

1811 5508 1920 5569 nec
1943 5491 2445 5569 ullas_ma_chinas
2468 5481 2544 5549 ad
2583 5491 3178 5569 dejicieudosmuros
3218 5481 3462 5569 paratas

1809 5563 2074 5618 haberet.
2104 5565 2518 5636 Pachymeres,
2559 5581 2618 5640 p.
2651 5563 2772 5620 151.
2817 5564 3052 5620 Brevius
3089 5563 3462 5634 haec'eadem

1811 5635 2098 5690 Phranza.
2147 5639 2286 5690 ALL.
2568 5643 2570 5646 '
3449 5639 3455 5644 ’

1895 5649 2098 5690 ranza.
2147 5639 2286 5691 ALL.
2568 5643 2570 5646 '
3449 5639 3455 5644 ’
