3966 6324
484 292 617 368 {2‘15
1827 310 2113 368 GEORGII
2137 308 2601 369 acaorouw
3744 314 3857 369 me

480 436 673 508 ferret,
706 435 1206 494 adventurum.At
1223 437 1379 495 illius
1425 435 1732 496 etiamdlei
1749 435 2128 494 intervallum
2164 442 2179 492 λ

2243 433 2633 510 ἰνὰμφιϐὀλοις,
2667 433 2742 497 οἷς
2788 432 2874 496 ούς
2936 433 2986 488 ἐν
3040 438 3230 508 γνώσει
3274 437 3342 488 τὰ
3390 441 3500 498 τῆς
3562 434 3685 487 ἄνω
3748 442 3865 510 HF:-
3948 438 3949 451 ‘

483 526 870 593 consumitur,
904 529 959 582 et
977 526 1193 583 horum
1222 527 1368 584 nihil
1397 526 1806 584 annuntiatur.
1836 526 2129 584 Anxiiita-

2243 529 2376 587 νοίας
2450 528 2741 584 καθέστηκε
2813 529 3064 600 κρίματα,
3147 524 3604 598 ὑπολογιζόμενοι
3684 530 3777 578 καὶ
3814 546 3861 577 τι
3948 528 3949 591 l

482 631 600 691 que
621 630 830 672 omnes
853 614 1082 672 trahere
1113 632 1252 674 eum
1275 616 1479 675 animo
1498 633 1607 673 suo
1639 620 1695 673 et
1715 617 1877 687 angi,
1903 618 1959 672 et
1983 631 2127 689 prae-

2243 621 2459 691 πρᾶγμα
2509 622 2607 669 τῶν
2667 612 3108 691 δυσχερεστάτων
3155 633 3210 667 τε
3253 612 3385 668 ιῖναι
3422 620 3525 667 καὶ
3562 618 3648 688 μὴ
3676 611 3863 687 ῥᾳδίως
3948 668 3949 677 γ

483 705 1011 778 cipueimperator.
1032 708 1451 766 Verumtamen
1471 711 1644 763 nocte
1666 707 1906 763 ineunte
1931 706 2131 762 bonus

2243 707 2680 780 κατορθουμένων.
2763 705 2845 758 Ἕν
2910 711 3022 766 τοῖς
3084 705 3340 766 τοιούτοις
3396 708 3495 776 μὲν
3584 702 3776 774 λόγοις
3812 710 3862 756 τε

482 793 875 851 internuntius
901 795 1169 865 accessit,
1187 795 1485 871 planeque
1503 796 1736 853 facinus
1763 795 1998 861 fatetur,
2015 798 2129 852 Ro-

2243 802 2333 857 τῆς
2406 797 2584 856 νυκτὸς
2624 798 2814 871 παρῄει
2863 788 3142 866 διάστημα
3177 813 3194 830 ο
3246 791 3354 846 ἐπεὶ
3401 789 3466 846 δὲ
3525 794 3721 867 ἡμέρα
3766 795 3865 846 ἐπέρ

482 898 734 943 manum
772 884 1019 943 militem
1056 902 1197 943 eum
1236 889 1464 945 Caesare
1505 886 1919 959 Strategopulo
1971 886 2131 941 intus

2243 903 2463 958 φωσκεν,
2487 883 2627 947 ἐλπὶς
2657 888 2747 959 μὶν
2794 880 2856 943 ἧν
2910 890 3045 937 πᾶσι
3095 887 3181 936 τόν
3236 880 3644 957 διακομίζοντα
3707 882 3862 942 6:12:65

484 972 829 1045 Byzantium
854 974 1057 1032 sedem
1073 975 1320 1049 locasse,
1347 980 1403 1034 et
1419 980 1634 1033 cuncta
1650 975 1834 1033 modo
1851 991 1972 1049 quo
1998 989 2131 1031 eve-

2243 971 2522 1047 ἆφικέσθαι
2572 977 2701 1049 πρὸς
2765 977 2823 1027 τό
2890 969 3266 1049 στρατόπεδον,
3323 972 3459 1025 ἀλλὰ
3528 978 3633 1026 καὶ
3677 976 3739 1026 τό
3783 982 3867 1034 τῆς

474 1066 695 1135 ‘nerant
732 1067 953 1121 narrat.
2014 1131 2034 1145 ,

2243 1066 2437 1140 ἡμέρας
2479 1062 2669 1125 ἐκείνης
2724 1059 3192 1138 παραδεδραμήκιι
3257 1059 3568 1135 διάστημα,
3643 1068 3745 1115 καὶ
3796 1064 3866 1115 6-3-

487 1149 597 1213 δεὶς
624 1160 851 1215 τοιοῦτος
880 1154 1103 1227 ἀφίκετο.
1134 1155 1437 1229 Ἶῐσχαλλον
1457 1163 1582 1229 γοῦν
1604 1157 1657 1209 αἱ
1688 1162 1788 1211 τῶν
1818 1154 2055 1210 ἁπάντων
2077 1151 2380 1225 ψυχαὶοκαὶ
2420 1151 2742 1227 ἠδημόνουν,
2782 1158 2872 1207 καὶ
2910 1153 3138 1228 μάλιστα
3165 1172 3224 1228 γε
3253 1161 3343 1206 τοῦ
3371 1152 3678 1226 βασιλέως.
3717 1153 3869 1207 Ἀλὶὲ

482 1245 668 1303 νυκτὸς
714 1242 964 1307 ἐπιούσης
1016 1244 1124 1317 (18)
1178 1248 1202 1298 6
1272 1251 1366 1305 τὴν
1427 1246 1627 1319 ἀγαθὴν
1682 1245 1921 1318 ἀγγελίαν
1976 1241 2298 1318 διακομίζων
2376 1241 2614 1301 ἐλήλυθεν
2664 1248 2755 1296 καὶ
2814 1250 2987 1315 σαφῶς
3060 1242 3251 1317 εἰρηκει
3302 1247 3426 1318 περὶ
3519 1251 3621 1295 τοῦ
3698 1247 3868 1317 ἔργον,

510 1333 681 1407 ὅτιπερ
706 1334 770 1385 τὰ
798 1341 895 1385 τῶν
922 1334 1185 1408 Ῥωμαίων
1218 1339 1583 1412 στρατεύματα
1606 1338 1737 1410 μετὰ
1756 1342 1846 1389 τοῦ
1871 1339 2131 1409 Καίσαρος
2170 1331 2632 1410 Στρατηγοπούλου
2676 1331 2818 1395 ἐντὸς
2844 1341 2939 1395 τῆς
2971 1336 3357 1387 Κωνσταντίνου
3408 1327 3444 1385 δ
3450 1333 3743 1404 ιοὲγουσιν.
3781 1334 3871 1385 Καὶ

504 1421 672 1474 πάντα
705 1424 773 1485 ὡς
800 1425 954 1497 ἔσχεν
981 1423 1309 1497 ἀπήγγειλεν.

557 1513 644 1566 87.
674 1512 855 1581 Igitur
879 1513 1204 1586 imperator
1231 1516 1505 1572 Meteorio
1536 1516 1759 1585 exiens,
1788 1514 2134 1571 mirandum

483 1599 544 1655 in
574 1601 823 1658 modum
848 1618 956 1658 suo
977 1600 1141 1659 bono
1174 1604 1346 1677 195
1380 1605 1671 1677 gaudens,
1703 1604 1928 1678 Cpolim
1952 1604 2131 1661 celer-

483 1689 631 1744 rime
648 1690 985 1758 festinabat,
1006 1698 1281 1750 metuens
1293 1710 1366 1751 ne
1382 1695 1566 1751 Latini
1580 1693 1927 1768 Daphnusia
1940 1707 2121 1751 rever-

2312 1510 2419 1573 πξ.
2499 1510 2728 1585 Ἀπάρας
2803 1518 2925 1585 γοῦν
3000 1512 3027 1563 6
3084 1509 3330 1585 βασιλεὺς
3381 1517 3477 1563 τοῦ

2242 1600 2354 1674 μεθ’
2436 1597 2629 1663 ἡδονῆς
2702 1602 2783 1652 ὃτι
2839 1599 3032 1663 πολλῆς
3111 1605 3205 1658 τὴν
3255 1605 3670 1653 Κωνσταντίνου
3746 1600 3873 1673 φθεί-

2245 1710 2335 1743 σαι
2372 1689 2485 1762 (19)
2543 1687 2638 1743 διὰ
2684 1692 2889 1762 τάχους
2943 1686 3250 1756 ἒπὲσπευδι,
3303 1685 3501 1752 δεδιὼς
3559 1694 3784 1762 μήποτε
3824 1690 3873 1742 ἐκ

3565 1517 3621 1565 M
3628 1530 3792 1582 ετεωρ
3801 1515 3869 1562 ξεν

484 1780 672 1833 tentes
703 1784 759 1834 et
785 1780 995 1836 urbem
1019 1782 1589 1858 introgressipugna
1610 1765 1836 1854 magna
1856 1800 1995 1840 cum
2027 1785 2134 1839 Ro-
2176 1765 2179 1817 ἶ

2243 1787 2334 1843 τῆς
2364 1784 2686 1852 Δαφνουσίας
2706 1782 2756 1832 οἱ
2787 1785 3001 1833 Λατῖνοι
3032 1780 3485 1841 ὑπονοστήσαντες
3530 1784 3628 1831 καὶ
3658 1787 3761 1840 τῆς
3791 1799 3874 1830 7.;-

484 1865 681 1923 manis
712 1867 1099 1939 conﬂigerent
1124 1874 1442 1930 etnumero
1465 1872 1798 1948 superiores
1828 1879 2132 1929 extramu-

484 1971 582 2012 ros
610 1956 906 2028 ejicerent.
936 1959 1048 2017 Sed
1074 1960 1204 2017 haec
1230 1962 1477 2020 minime
1500 1963 2133 2038 eontigerunt,quippe

482 2045 585 2117 qui
602 2061 663 2102 re
677 2046 873 2104 subita
903 2052 1083 2121 atque
1114 2050 1435 2125 improvisa
1477 2054 1705 2110 animos
1732 2051 2029 2109 deturbati
2049 2051 2135 2107 fn-

481 2149 609 2206 gam
624 2136 1071 2210 praeripuere,ut
1084 2142 1700 2216 supraenarravimusl
1712 2189 1718 2197 .
1729 2146 2020 2216 mperator
2030 2141 2137 2197 iter

482 2226 855 2297 sollicitabat,
893 2234 950 2286 et
975 2231 1191 2287 Calami
1214 2233 1393 2289 colles
1414 2250 1699 2290 emensus
1730 2248 1919 2306 prope
1941 2232 2134 2304 Achy-

481 2332 654 2372 raum
676 2322 871 2375 castra
891 2320 1113 2391 posuit.
1145 2324 1305 2377 Tunc
1327 2322 1605 2379 Balduini
1634 2322 1798 2395 Cpoli
1836 2322 2134 2394 imperan-

480 2408 553 2464 tis
574 2408 736 2480 regia
757 2410 1016 2480 insignia
1033 2410 1212 2467 allata
1234 2416 1389 2468 sunt.
1409 2416 1541 2469 Hme
1564 2418 1765 2470 autem
1779 2417 1948 2469 erant
1965 2426 2133 2483 oper-

482 2497 685 2553 culum
718 2499 923 2555 Latino
949 2515 1115 2556 more
1155 2500 1559 2569 cfformatum,
1603 2500 1927 2558 unionibus
1957 2500 2134 2557 inter-

483 2585 784 2655 stinctum,
816 2588 878 2643 in
906 2586 1120 2645 vertice
1150 2589 1359 2647 saxulo
1382 2590 1571 2647 rubeo
1602 2591 1917 2646 renidens:
1952 2605 2131 2648 cocco

483 2676 647 2734 tincti
675 2677 876 2748 calcei,
908 2682 965 2735 et
993 2680 1152 2737 ensis
1183 2696 1255 2737 ex
1277 2682 1466 2738 serico
1503 2681 1687 2737 rubro
1720 2685 2131 2753 tegumentum

481 2766 746 2824 indutus.
760 2770 1250 2827 Tuncmultitudo
1265 2771 1444 2828 etiam
1459 2788 1585 2828 rem
1598 2771 1681 2828 ita
1694 2770 1873 2827 fuisse
1888 2787 2130 2845 persua-

485 2872 554 2912 sa
573 2860 678 2924 est,
706 2858 1193 2932 quandoquidem
1210 2860 1490 2918 facinoris
1505 2860 1855 2932 magnitudo
1869 2877 1943 2916 ne
1958 2865 2130 2918 teme-

480 2962 545 3003 re
557 2946 708 3003 adeo
722 2947 892 3005 dictis
906 2948 1053 3005 ﬁdes
1068 2948 1456 3008 adhiberetur
1469 2950 1782 3010 efficiebat.
1800 2955 2129 3024 Imperator

479 3035 595 3092 loci
622 3037 981 3095 mutationes
1005 3037 1309 3110 longiores
1337 3044 1393 3096 et
1414 3039 1739 3097 velociores
1773 3055 2127 3112 percurrens

2241 1868 2361 1930 λεως
2385 1867 2519 1930 ἐντὸς
2564 1872 2822 1942 γενόμενοι
2873 1871 3057 1942 μάχην
3113 1871 3249 1921 κατὰ
3284 1866 3563 1940 Ῥωμαίων
3619 1873 3872 1927 arietum

2242 1960 2515 2034 κρατερὰν,
2564 1963 2654 2010 καὶ
2725 1957 2893 2029 πολλῷ
2945 1957 3150 2020 πλείους
3218 1966 3318 2010 τῶν
3387 1958 3677 2030 Ῥωμαὶων
3743 1962 3873 2018 ὄντες

2242 2056 2342 2101 τῶν
2367 2056 2558 2121 τειχῶν
2585 2047 2679 2111 ἐξω
2706 2046 2980 2122 βάλλουσι.
3016 2047 3171 2100 Ἀλλὰ
3197 2054 3364 2100 ταῦτα
3415 2050 3512 2118 μὲν
3565 2047 3633 2099 οὗ
3662 2047 3870 2110 ξυνέϐη,

2245 2134 2350 2188 ἀλλ’
2398 2135 2579 2189 ἐκεῖνοι
2633 2139 2723 2209 μὲν
2771 2139 2829 2189 τὸ
2875 2134 3061 2210 ἁθρόον
3105 2139 3199 2199 τὰς
3253 2135 3439 2209 ψυχὰς
3487 2140 3873 2190 κατασεισθῇ-

2243 2245 2325 2288 τες
2399 2224 2689 2302 προῦλαϐον
2772 2223 3086 2300 ἀποδρᾶναι,
3155 2227 3325 2286 καθὼς
3362 2227 3389 2278 6
3444 2224 3611 2297 λόγος
3667 2229 3874 2299 φθάσας

2243 2310 2847 2388 ἐδήλωσεν,ὁβασιλεὺς
2890 2311 2949 2368 6":
2991 2318 3085 2373 τὴν
3132 2319 3341 2389 πορείαν
3395 2313 3685 2370 ἐπέτεινεν.
3741 2317 3872 2369 Ἐπεὶ

2245 2399 2304 2456 δὲ
2371 2408 2461 2456 καὶ
2528 2408 2644 2464 τούς
2710 2411 2802 2456 τοῦ
2860 2402 3106 2477 Καλάμου
3172 2402 3392 2478 βουνοὺς
3447 2405 3871 2479 παρημείψαμεν

2241 2496 2447 2555 καὶτῆς
2477 2492 2773 2566 ’Λχυροίους
2802 2489 2952 2563 ἐγγὺς
2980 2492 3004 2542 6
3037 2489 3287 2564 βασιλεὺς
3330 2490 3571 2554 ἐπήξατο
3618 2500 3725 2550 τὴν
3754 2512 3872 2550 σκη-

2240 2586 2350 2653 νὴν,
2379 2586 2496 2637 τότε
2528 2579 2597 2641 δή
2619 2584 2707 2635 καὶ
2736 2589 2825 2635 τοῦ
2848 2577 3164 2634 Βαλδουῖνου
3196 2589 3288 2634 τοῦ
3318 2584 3472 2654 τοίχα
3520 2582 3655 2657 (20)
3719 2583 3872 2656 βασιο

2239 2670 2398 2734 λιχὼς
2465 2674 2560 2732 τῆς
2624 2674 3011 2725 Κωνσταντίνου
3068 2672 3427 2743 κατάρχοντος
3475 2674 3549 2724 τὰ
3608 2671 3867 2745 βασιλικὰ

2242 2757 2659 2823 διεκομίσθησαν
2692 2759 2926 2834 σύμϐολα
2952 2778 2965 2791 ³
2990 2767 3157 2813 ταῦτα
3189 2757 3248 2814 δὲ
3274 2757 3333 2819 ἦν
3365 2760 3663 2836 καλύπτρας
3712 2768 3864 2816 Λατι-

2238 2857 2353 2911 νικη
2383 2855 2439 2904 τὸ
2473 2860 2666 2924 σχῆμα
2695 2855 2785 2904 καὶ
2834 2853 3124 2925 μαργάροις
3176 2850 3557 2924 πεποικιλμένη
3617 2858 3717 2906 καὶ
3747 2855 3860 2925 ὑπὲρ

2237 2941 2456 3014 κεφαλῆς
2496 2940 2648 3013 λιοίῳ
2727 2945 2968 3012 κοκκίνῳ,
3023 2936 3215 2993 πέδιλοὶ
3282 2959 3338 2993 τε
3376 2940 3728 3015 κοκκοϐαφιξ,
3784 2946 3862 2994 καὶ

2240 3032 2415 3090 σπάθη
2472 3034 2688 3105 σηρικὸν
2735 3028 3048 3103 χοκκοϐαφές
3109 3025 3425 3103 ἐνδεδυμένη
3476 3032 3853 3105 προκάλυμμι

478 3124 636 3183 viam
656 3126 1124 3201 eeleravit.Cpoli
1147 3130 1646 3204 appropinquans
1671 3128 1876 3188 animo
1900 3130 2125 3203 agitare
2165 3132 2179 3184 t

2243 3117 2432 3180 Γότεδὴ
2456 3124 2545 3174 καὶ
2570 3121 2596 3174 6
2617 3119 2776 3183 πολὺς
2811 3119 2929 3182 λεὼς
2959 3122 3025 3172 τὰ
3078 3128 3172 3181 τῆς
3225 3121 3523 3182 ὑποθέσεως
3550 3120 3858 3175 ἐπι-πίστιν-

481 3220 744 3288 cceperat
768 3232 1068 3275 accessum
1095 3218 1173 3274 ad
1195 3219 1405 3276 urbem
1422 3222 1538 3276 Dco
1561 3219 1748 3291 magis
1770 3218 2125 3276 convenien-

480 3303 688 3360 tiorem
706 3320 890 3376 quam
902 3307 1026 3378 regi
1041 3307 1363 3376 instituere,
1380 3308 1846 3381 etmodum,quo
1860 3308 1918 3363 id
1936 3308 2016 3364 ita
2027 3308 2126 3363 ﬁe-

479 3396 977 3465 ret,excogitavit:
998 3412 1103 3470 per
1116 3413 1416 3454 sermones
1429 3413 1641 3472 nempe
1658 3399 1760 3471 qui
1774 3398 1995 3469 gratias
2012 3400 2128 3455 Deo

480 3482 784 3551 referrent,
811 3489 867 3541 et
888 3501 1063 3542 voces
1085 3502 1191 3559 pro
1217 3488 1491 3559 imperio,
1524 3487 1876 3558 sacerdotio,
1903 3487 2051 3544 urbe
2073 3489 2131 3544 et

483 3571 808 3630 cultoribus
860 3575 1150 3632 universis
1189 3577 1510 3650 supplices.
1563 3578 1679 3634 Sed
1715 3577 2129 3650 precationum

483 3662 830 3735 scriptorem
864 3665 1226 3738 conquirens
1262 3665 1697 3739 philosophum
1736 3665 2129 3723 Blemmidam

483 3751 561 3807 ad
589 3766 741 3823 opus
766 3751 1126 3811 decreverat.
1152 3756 1369 3810 Verum
1405 3754 1491 3810 vir
1528 3754 1624 3811 ille
1659 3754 1838 3827 longe
1878 3754 2125 3811 aberat:

482 3839 696 3912 Ephesi
734 3856 997 3914 namque
1036 3845 1271 3899 aetatem
1312 3843 1550 3913 agebat.
1592 3845 1785 3910 Quare
1832 3844 2005 3916 169
2036 3858 2130 3898 res

480 3928 659 3987 nimis
679 3928 901 3987 differri
928 3946 998 3988 ac
1019 3932 1444 4004 procrastinari
1496 3932 1832 4000 videbatur,
1870 3948 2010 3988 cum
2037 3936 2129 3988 ta-

482 4033 623 4074 men
649 4019 1212 4091 imperatoringress
1222 4038 1320 4076 um
1335 4021 1605 4095 impense
1623 4019 1955 4077 admodum
1970 4036 2133 4076 acce-

481 4105 713 4175 leraret,
733 4113 1166 4182 proptereaque
1184 4109 1386 4167 animo
1400 4126 1475 4166 an
1483 4109 1752 4179 gebatur.
1773 4110 1886 4167 Sed
1898 4110 2025 4182 ipse
2040 4123 2130 4165 ar-

485 4196 608 4252 dua
633 4197 980 4270 imperatori
1004 4200 1416 4272 complanavi.
1436 4204 1606 4267 Nam,
1630 4223 1657 4250 ι(
1677 4200 2074 4272 Oimperator,
2104 4219 2126 4249 ι

485 4285 626 4354 dixi,
651 4308 679 4336 ‹‹
715 4286 825 4343 sia
854 4292 1062 4344 sancto
1088 4289 1214 4344 viro
1246 4304 1451 4362 preces
1488 4289 1670 4345 hasce
1713 4289 2010 4345 conscribi
2036 4305 2135 4346 ex-

486 4379 680 4446 optas,
695 4375 1051 4446 quiddicam
1081 4377 1206 4449 ipse
1219 4393 1340 4433 non
1361 4377 1585 4434 habeo:
1605 4378 1653 4433 si
1681 4393 1718 4434 a
1738 4395 2127 4452 quocunque,

2236 3230 2295 3265 το
2327 3232 2340 3244 ·
2368 3213 2425 3264 τὸ
2454 3214 2555 3285 γὰρ
2584 3209 2852 3282 μεγαλεῖον
2884 3208 2978 3262 οὐκ
3004 3212 3083 3262 εἷα
3126 3216 3219 3262 τοῦ
3257 3211 3579 3283 πράγματος
3625 3211 3847 3286 ﬁxae-:3;

2236 3303 2499 3355 πιστεύειν
2528 3307 2639 3364 τοῖς
2668 3299 2978 3373 λεγομένοις.
3027 3297 3316 3353 Ἐσπευσεν
3368 3299 3458 3352 οὖν
3515 3301 3542 3352 ό
3605 3300 3854 3374 βασιλεύς

2237 3394 2367 3465 πρὸς
2420 3395 2513 3450 τὴν
2573 3394 2800 3449 κίνησιν.
2850 3393 3159 3462 Ταχυτέρας
3209 3396 3331 3461 γοῦν
3380 3393 3474 3442 καὶ
3526 3395 3857 3465 μακροτέρας

2239 3479 2458 3534 ἐποιεῖτο
2479 3483 2567 3542 τὰς
2589 3479 2917 3554 μεταϐάσεις.
2955 3480 3254 3550 Ἐγγίσαντι
3279 3486 3404 3551 γοῦν
3451 3486 3521 3553 τῇ
3586 3486 3857 3534 Xeno-rsu-

2238 3575 2381 3624 τίνου
2450 3578 2523 3642 τῷ
2587 3568 2777 3644 βασιλί
2853 3570 2986 3621 κατὰ
3036 3575 3152 3622 νοῦν
3214 3568 3361 3641 ἐπῄει
3409 3570 3856 3644 θεοπρεπεστέριν

2240 3659 2429 3735 μᾶλλον
2470 3663 2499 3719 ἣ
2551 3658 2963 3734 βασιλικωτέραν
3018 3661 3114 3718 τὴν
3165 3657 3233 3719 εἰς
3288 3661 3382 3716 τὴν
3449 3663 3856 3711 Κωνσταντὶνον

2238 3749 2571 3808 ποιήσασθαι
2594 3744 2846 3822 πάροδον.
2883 3752 2982 3800 Καὶ
3007 3749 3095 3799 τόν
3149 3749 3337 3821 τρόπον
3383 3744 3684 3817 ἐσκέψατο,
3733 3748 3858 3806 ὅπως

2239 3836 2301 3891 ἆν
2333 3841 2531 3910 γίνοιτο
2562 3838 2587 3890 6
2633 3833 2700 3895 δὴ
2750 3832 2845 3889 διὰ
2897 3834 3063 3908 λόγων
3110 3834 3546 3909 εὐχαριστηρίων
3602 3839 3741 3909 πρὸς
3783 3838 3856 3887 τὸν

2241 3930 2369 3982 Θεόν
2394 3931 2484 3979 καὶ
2516 3934 2689 4000 φωνῶν
2740 3925 3022 4000 ιύκτηρίων
3073 3926 3200 4000 ὑπέρ
3251 3943 3306 3977 τι
3337 3922 3631 3998 βασιλείας
3671 3930 3766 3977 καὶ
3796 3926 3855 3975 ἱξ-

2239 4020 2468 4093 ραρχίας
2488 4017 2613 4089 ὑπέρ
2634 4034 2688 4069 τε
2712 4022 2802 4076 τῆς
2829 4013 3016 4075 πόλεως
3067 4019 3157 4068 καὶ
3194 4021 3296 4066 τῶν
3346 4013 3511 4074 αὐτῆς
3563 4013 3854 4088 οἰκητόρων

2239 4111 2445 4160 καὶτοῦ
2474 4107 2669 4168 ταύτης
2726 4104 3092 4181 πληρώματος.
3138 4102 3281 4158 Ἐπεὶ
3339 4100 3400 4156 δὲ
3438 4102 3624 4164 ἐζήτει
3658 4108 3751 4157 τόν
3777 4106 3859 4161 τὰς

2242 4195 2401 4269 εύχὰς
2455 4194 2871 4271 συγγραψασθαῐ
2916 4193 3181 4267 μέλλοντα,
3228 4196 3316 4246 τόν
3354 4190 3649 4266 φιλόσοφον
3702 4195 3855 4266 Bitu-

2243 4282 2406 4360 μίδην
2428 4289 2558 4359 πρὸς
2593 4281 2812 4359 τοῦργον
2855 4283 3091 4346 ἕπινύξαι
3113 4281 3421 4358 βεϐούλητο.
3444 4285 3681 4358 Μακρόιν
3717 4280 3779 4337 δέ
3807 4281 3858 4340 ἓν

2246 4376 2272 4428 6
2294 4374 2422 4449 ἀνὴρ
2457 4396 2469 4409 ·
2497 4373 2629 4447 ἀμφὶ
2654 4376 2753 4446 γὰρ
2779 4377 2873 4432 τὴν
2904 4372 3121 4445 Ἔφεσον
3151 4373 3245 4436 τὰς
3297 4368 3578 4445 διατριϐὰς
3610 4372 3856 4429 ἐποιεῖτο.

483 4462 588 4535 qui
608 4466 808 4519 tamen
827 4463 1082 4520 scribere
1102 4464 1608 4536 possit,voluntati
1634 4469 1747 4522 tum
1770 4467 2136 4526 satisfactum
2175 4483 2179 4537 ι

2246 4465 2332 4527 Εἰς
2367 4463 2552 4538 ἀργίαν
2584 4462 2665 4537 [Ρ.
2708 4462 2827 4536 102]
2887 4458 2947 4515 δὲ
2992 4464 3059 4515 τὰ
3114 4469 3206 4514 τοῦ
3257 4463 3574 4536 πράγματος
3622 4465 3855 4517 ἔπιπτεν.

484 4552 554 4608 iri
579 4555 777 4625 putas,
811 4552 939 4625 ipse
966 4568 1078 4623 ego
1109 4553 1211 4609 tibi
1241 4571 1377 4627 quae
1403 4555 1777 4629 concupiscis
1798 4556 2055 4614 eﬂiciam
2078 4563 2137 4616 et

482 4658 690 4716 preces
719 4657 1105 4714 componam.
1135 4667 1163 4695 »
1194 4644 1261 4700 Id
1281 4648 1344 4701 ut
1368 4645 1581 4702 melius
1614 4646 1906 4718 probatur
1943 4650 2135 4719 impe-

482 4732 683 4799 ratori,
723 4736 780 4788 et
817 4736 881 4789 ut
926 4732 1231 4803 ingressus
1275 4734 1428 4790 celer
1465 4738 1642 4803 esset,
1689 4752 1725 4793 a
1755 4752 1851 4793 me
1880 4752 2135 4808 compo-

482 4822 711 4879 nendas
745 4821 873 4879 aliis
904 4822 1184 4895 praetulit.
1225 4827 1353 4898 Ipse
1383 4825 1583 4881 statim
1606 4841 1759 4900 opus
1791 4825 2128 4896 aggredior.

483 4914 548 4969 Et
581 4912 853 4970 nondum
883 4912 1112 4985 integer
1136 4914 1262 4972 dies
1284 4919 1340 4973 et
1367 4930 1488 4972 nox
1510 4919 1908 4988 excurrerant,
1939 4919 1995 4973 et
2014 4918 2131 4974 tres

2244 4556 2302 4608 Ὀ
2353 4550 2412 4608 δὲ
2445 4552 2693 4627 βασιλεὺς
2740 4550 3012 4625 μιλλὴσιιν
3066 4550 3160 4605 ούκ
3206 4551 3355 4611 ἤθελε
3399 4554 3532 4624 πρὸς
3591 4557 3697 4611 τὴν
3754 4557 3855 4606 εἷς.

2246 4641 2387 4700 οδον.
2417 4640 2796 4718 Ἐδυσχέραινε
2845 4649 2969 4715 γοῦν
2999 4640 3083 4696 ἐπὶ
3138 4643 3363 4705 τούτοις.
3418 4641 3559 4696 Ἀλλ’
3615 4643 3778 4705 αὐτὸς
3803 4646 3853 4696 τὸ

2247 4732 2510 4807 δυσχερὲς
2559 4730 2882 4806 διιλυσοίμην
2930 4738 3004 4803 τῷ
3048 4729 3277 4804 βασιλεῖ.
3330 4755 3352 4781 (
3404 4732 3467 4785 Εἰ
3501 4734 3598 4803 μὲν
3654 4754 3685 4783 ι,
3732 4737 3847 4806 γάρ,

2246 4826 2389 4897 ἔφην,
2433 4844 2462 4874 ι(
2511 4819 2551 4874 ὦ
2600 4821 2841 4896 βασιλεύ,
2891 4824 2960 4882 ὡς
3002 4819 3054 4884 ἐξ
3093 4819 3246 4892 ἁγίου
3298 4816 3491 4895 ἀνδρὸς
3542 4818 3732 4894 βούλει
3770 4826 3851 4883 τὰς

2247 4913 2430 4987 εὐχὰς,
2460 4912 2626 4988 ἇσπερ
2668 4910 2873 4980 ἐθέλεις,
2902 4911 3142 4985 γενέσθαι
3196 4929 3300 4984 σοι²
3355 4909 3452 4964 οὐκ
3496 4929 3590 4983 χω
3635 4910 3801 4984 λέγειν
3832 4933 3846 4946 ·

1367 5092 1709 5161 Theodori
1756 5093 2006 5160 Dousa:
2054 5100 2120 5160 et
2165 5089 2416 5160 Leonis
2465 5088 2699 5157 Allatii
2746 5096 2951 5156 notae.

550 5274 660 5345 (i8)
707 5277 909 5336 Νυπιός
956 5271 1209 5335 ἐπιούσης
1239 5271 1530 5328 Phranza.
1596 5271 1758 5345 {Sed
1799 5276 2116 5342 postquam

480 5343 730 5403 nuntius
763 5347 920 5404 alter
944 5349 1119 5402 etiam
1142 5360 1272 5401 cum
1297 5345 1513 5401 litteris
1531 5360 1566 5401 a
1581 5343 1815 5401 Caesare
1840 5346 1964 5412 ipso
1982 5359 2120 5399 con-

481 5419 668 5491 script
677 5418 722 5472 is
733 5419 1173 5491 superreniljis
1190 5416 1325 5472 visis
1339 5416 1769 5491 dum'tationem
1785 5431 1820 5472 α
1832 5430 1891 5472 se
1902 5416 2122 5473 amovit

480 5490 719 5559 Deoque
745 5488 975 5559 gratias
996 5491 1111 5559 egit
1133 5496 1185 5545 et
1212 5486 1573 5557 patriarcha
1612 5492 1866 5559 totoque
1911 5491 2125 5559 senatu

480 5552 933 5615 assentientibus
946 5552 1190 5629 propter
1206 5552 1517 5615 uictoriam
1539 5559 1682 5615 adeo
1710 5552 2123 5629 admirabilem

483 5636 537 5687 et
552 5631 708 5702 facta
725 5629 973 5702 Caesaris
986 5627 1230 5700 ingetz'a‘
1244 5630 1453 5702 quibus
1469 5627 2125 5702 Romanumimperium

482 5700 928 5773 ampliﬁcasset.
958 5700 1377 5773 Paehyme‘res,
1408 5717 1470 5772 p,
1515 5705 1635 5771 152,
1667 5700 1747 5758 ait
1766 5701 1981 5757 eodem
2006 5700 2124 5768 die,

2225 5284 2349 5399 quo
2379 5272 2554 5352 capta
2591 5272 2680 5326 est
2708 5265 2924 5340 Cpolis,
2955 5264 3163 5324 allatas
3186 5265 3367 5322 etiam
3389 5263 3580 5322 fuisse
3612 5264 3830 5324 litteras

2281 5357 2509 5398 aesaris.
2562 5344 2698 5397 ALL.

2281 5341 2509 5398 aasaris.
2562 5344 2698 5397 ALL.

2303 5412 2535 5482 (19)Τήν
2564 5414 2951 5484 Κωνσταντίνου
3010 5410 3228 5482 φθάσαι.
3276 5410 3597 5480 Gregoras,
3631 5427 3694 5484 p.
3726 5414 3825 5475 87;

2232 5482 2811 5555 Pachymerius,‘lib.
2838 5499 2894 5540 ιι.
2932 5498 2983 5541 c.
3012 5485 3098 5538 3t.
3141 5486 3278 5555 ALL.

2306 5549 2422 5627 (20)
2446 5563 2549 5627 '1‘on
2568 5549 2903 5627 Βαλδοοῖνοσ
2921 5560 3013 5606 τοῦ
3055 5572 3221 5627 τοςχκ1
3234 5550 3473 5627 _Serien_1
3510 5551 3826 5627 imperato-

2232 5614 2370 5683 rum
2398 5614 2821 5683 'Latinorumin
2875 5614 3160 5697 Byzantio
3186 5614 3487 5696 disposuit
3514 5614 3802 5695 Grégoras
3820 5667 3833 5689 ,

2233 5713 2295 5771 p.
2332 5701 2397 5754 85
2426 5698 2550 5757 ima
2599 5701 2734 5754 ALL.
