3966 6324
49 356 195 412 1221

870 353 1143 413 ΝΙΟΕΤΛΕ
1180 357 1530 414 LAUDATIO
1571 358 1671 416 SS.
1710 356 2082 415 HICHAELIS
2124 358 2218 417 ET
2255 358 2643 419 GABRIELIS.

3295 365 3437 421 1232

50 477 3435 519 W

1284 642 2210 814 NIKHTA

494 939 1109 1030 ΕΓΚΩΜΙΟΝ
1176 942 1348 1028 ΕΙΣ
1405 940 1683 1027 ΤΟΥΣ
1740 941 2156 1030 ΑΓΙΟΥΣ
2214 945 3033 1036 ΑΡΧΑΓΓΕΛΘΥΣ

882 1152 1516 1275 ΜΙΧΑΗΛ
1593 1154 1869 1274 ΚΑΙ
1948 1156 2628 1278 ΓΑΒΡΙΗΛ

1290 1566 2226 1731 ΝΙΟΕΤλἘ

404 1871 1058 1964 LAUDATIO
1122 1843 1903 1962 SANCI‘ORUM
1958 1864 3110 1966 ARCHANGELORUM

493 2096 1540 2236 MICHAELIS
1623 2094 1857 2231 ET
1939 2095 3016 2236 GABRIELIS.

448 2333 665 2407 (Edidit
692 2339 751 2391 et
782 2334 1089 2391 Latinitate
1110 2333 1358 2390 donavit
1383 2334 1583 2388 Petrus
1603 2329 1911 2399 Possinus,
1945 2331 2075 2389 Soc.
2111 2329 2274 2388 Jesu.
2300 2362 2369 2371 —
2393 2331 2620 2389 Tolosae
2652 2336 2811 2401 l637,
2841 2332 3049 2406 ἰπὶ-12.)

66 2604 290 2681 Νικὴτα
364 2595 553 2681 δούλου
634 2600 810 2658 Ἰησοῦ
853 2671 865 2681 '
896 2607 1151 2681 Xpta'roz}:
1233 2607 1325 2652 τοῦ
1356 2599 1682 2681 Αφιλοσόφου,

1839 2596 2015 2681 licetat
2025 2597 2327 2681 serquesu
2354 2579 2602 2681 Christi,
2626 2598 2996 2681 philosophi,
3023 2598 3295 2681 laudatio
3308 2604 3446 2681 sqit-

141 2670 407 2745 ἐγκῴμιον
491 2671 561 2745 εἰς
637 2675 755 2745 τοὺς
842 2670 1026 2743 ἁγίους
1123 2670 1501 2745 ἀρχαῪῪῇους,
1585 2675 1683 2722 Μι-

142 2741 299 2814 χαὴἷ
325 2747 416 2795 καὶ
446 2741 581 2816 Γαϐρ
590 2741 694 2801 ιήλ,

142 2865 376 2938 Μιχαὴλ
412 2864 631 2918 ἐπαινῶν
657 2870 744 2918 τὸν
792 2865 1024 2939 Γαϐριὴλ
1076 2865 1416 2939 ἐπαινέσομαι
1447 2886 1459 2898 ·
1494 2867 1683 2916 ταυτὸν

71 2957 174 3028 γὰρ
214 2955 446 3027 Μιχαὴλ
483 2959 573 3007 καὶ
612 2955 843 3030 Γαϐριὴλ
879 2954 1100 3008 ἐπαινεῖν
1143 2977 1155 2989 ·
1198 2957 1278 3008 ὃτι
1328 2955 1441 3016 ὅλος
1475 2953 1523 3006 ἓν
1562 2952 1683 3025 ὅλῳ,

81 3044 324 3118 ἑκάτερος
393 3042 441 3096 ἓν
521 3044 763 3120 ἑκατέρῳ,
842 3050 1116 3117 συμφωνίᾳ
1193 3064 1248 3096 τε
1282 3049 1509 3117 γνώμης,
1594 3046 1684 3095 καὶ

73 3135 286 3203 φύσεως
340 3134 655 3191 καθέστηκεν
738 3132 994 3206 ἰσοτιμίᾳ,
1083 3132 1270 3205 ’Δμφω
1356 3129 1415 3185 δὲ
1470 3136 1684 3196 τούτους

514 3225 643 3275 Θεὸν
697 3220 892 3274 ἂνοὶσω
944 3225 1031 3273 τὸν
1089 3224 1292 3274 ἔπαινον
1322 3244 1334 3254 ·
1368 3223 1449 3274 ὅτι
1506 3228 1682 3275 πᾶσαν

73 3314 227 3362 αυτοὶ
259 3312 355 3367 τὴν
401 3309 761 3383 μεγαλοπρεπῆ
818 3318 913 3371 τῆς
957 3312 1210 3385 θεαρχίας
1260 3306 1418 3372 δόξαν
1472 3308 1518 3361 ἐν
1567 3309 1681 3362 ἐαυ-

71 3406 184 3459 τοῖς
214 3401 410 3470 ἔχουσι
446 3399 828 3471 συνειληφότες.
892 3401 1124 3472 Νεύματί
1179 3402 1278 3473 γὰρ
1338 3397 1549 3475 ἁχρόνῳ
1600 3399 1679 3470 (1)

71 3495 288 3559 πρώταν
319 3486 430 3559 ἅμα
458 3495 567 3548 τοῖς
602 3492 741 3550 νόοις
769 3487 905 3550 ὅλοις
934 3489 959 3539 ὁ
989 3494 1102 3548 νοῦς
1127 3489 1154 3539 ὁ
1196 3496 1399 3560 πρῶτος
1450 3489 1680 3547 ὑποστὴ-

72 3219 320 3289 ἐπαινών,
374 3221 443 3282 εἰς

76 3595 195 3645 σας,
228 3581 469 3647 πρώτους
510 3570 570 3628 δὲ
625 3579 837 3637 τούτους
892 3584 954 3648 τῇ
992 3576 1133 3639 τάξει
1173 3585 1500 3635 καταστῆναι
1548 3575 1679 3649 βου-

70 3661 272 3730 lnam,
313 3672 422 3725 πῶς
461 3662 522 3715 ἂν
578 3664 743 3727 ἄλλως
799 3674 889 3726 τῆς
927 3664 1292 3739 ὑπερεχούσης
1345 3661 1512 3727 δόσης
1563 3685 1681 3739 μετ·

73 3750 241 3804 ἐδωκε
285 3756 375 3804 καὶ
428 3751 795 3827 λαμπρότητος
846 3754 875 3813 ἣ
946 3753 1198 3828 καλλίστῃ
1265 3759 1356 3806 καὶ
1416 3753 1678 3828 ἀκροτάτῃ

74 3844 204 3916 πρὸς
294 3839 449 3893 αύτὸν
514 3847 860 3917 κεχρημένοις
913 3844 1186 3916 ὁμοιότητι
1244 3859 1258 3910 ;
1309 3842 1448 3896 Ἐπεὶ
1493 3839 1552 3895 δὲ
1608 3851 1680 3914 τῷ

1865 2675 2097 2725 clarum
2119 2668 2643 2740 Archangeloruni
2688 2668 3008 2728 Michaelis
3036 2677 3093 2728 et
3133 2672 3432 2729 Gabrielis

1863 2861 2204 2919 Michaelem
2223 2862 2482 2920 laudans
2507 2862 2837 2920 Gabrielem
2854 2878 3100 2938 quoque
3126 2863 3395 2923 laudabo
3427 2872 3444 2921 ‘:

1791 2949 2027 3007 laudari
2057 2952 2285 3025 quippe
2315 2952 2461 3008 alter
2506 2951 2745 3008 illorum
2768 2952 2997 3026 nequit,
3023 2957 3085 3010 ut
3097 2953 3232 3010 laus
3262 2954 3447 3012 etiam

1792 3038 1869 3094 ad
1895 3038 2149 3095 alterum
2175 3036 2389 3096 eadem
2438 3055 2561 3095 non
2589 3039 2884 3112 pertineat
2916 3056 2929 3095 :
2962 3056 3102 3096 cum
3132 3041 3263 3098 illos
3291 3042 3445 3098 invi-

1791 3142 1922 3182 cem
1980 3127 2302 3183 consensio
2335 3127 2702 3199 judiciorum
2754 3130 2810 3184 et
2849 3127 3161 3200 aequalitas
3209 3134 3442 3186 natura

1789 3219 2004 3271 mutuo
2078 3214 2319 3273 vinculo
2376 3214 2814 3286 conjunctionis
2874 3215 3103 3272 intimae
3168 3217 3433 3290 copulet.

1789 3303 2019 3360 Ambos
2062 3319 2243 3377 porro
2271 3304 2452 3361 hosce
2473 3303 2733 3360 laudans
2774 3304 2964 3361 Deum
3007 3319 3253 3379 quoque
3283 3321 3445 3363 com-

1788 3394 2075 3449 munione
2095 3393 2224 3464 ejus
2256 3391 2452 3449 laudis
2479 3392 2806 3465 amplectar
2838 3409 2852 3450 :
2879 3394 3041 3467 quod
3075 3409 3319 3452 omnem
3349 3393 3447 3452 isti

1790 3480 2300 3552 magniﬁcentiam
2342 3480 2562 3538 divinas
2591 3481 2794 3553 glorise
2838 3483 3341 3556 comprehensam
3381 3483 3446 3540 in

1790 3585 1852 3625 se
1880 3574 2322 3641 repraesentem.
2356 3573 2502 3628 Cum
2533 3572 2694 3628 enim
2732 3587 2835 3628 eos
2872 3574 3139 3645 primum
3165 3573 3444 3646 omnipo-

1788 3658 1932 3714 tenti
1961 3662 2112 3715 nutu
2141 3665 2278 3716 ante
2304 3675 2485 3717 omne
2531 3664 2770 3733 tempus
2798 3677 2938 3718 cum
2982 3661 3112 3719 aliis
3142 3662 3322 3719 simul
3358 3662 3448 3718 in-

1789 3745 2121 3818 telligentiis
2144 3748 2422 3821 princeps
2448 3748 3188 3820 intelligentialcondiderit
3206 3765 3278 3808 eo
3303 3764 3445 3815 con-

1791 3835 1919 3892 silio
1949 3841 2013 3893 ut
2042 3837 2447 3910 principatum
2473 3855 2509 3895 a
2534 3854 2599 3894 se
2626 3852 2749 3895 una
2776 3838 2838 3894 in
2867 3853 3078 3894 omnes
3108 3837 3326 3896 deinde
3355 3854 3445 3895 re-

78 3931 244 4001 ὁμοίῳ
274 3933 331 3981 τὸ
388 3931 564 4002 ὅμοιον
615 3931 730 3984 κατ’
780 3929 1057 4004 ἀναλογίαν
1096 3940 1193 3995 τῆς
1242 3933 1549 4004 ὁμοιότητος
1599 3934 1682 3985 ἓν-

1839 3940 1983 3996 quas
2033 3925 2405 3982 obtinerent:
2435 3942 2559 3983 non
2607 3930 2879 3984 ornasset
2917 3925 3051 3982 illos
3084 3942 3228 3983 sane
3278 3931 3445 3984 tanta

80 4019 353 4094 θεωρεῖται
381 4040 392 4051 ·
434 4022 512 4077 εἰη
546 4018 652 4072 ἆνὸ
696 4023 892 4073 τούτων
942 4023 1142 4082 ἔπαινος
1190 4028 1283 4074 τοῦ
1335 4024 1404 4081 ὡς
1460 4019 1509 4072 ἐν
1569 4019 1683 4074 ἒσό-

76 4126 262 4180 πτροις
347 4106 524 4170 αὐτοῖς
613 4105 962 4173 ἀκηλιδώτοις
1041 4109 1443 4185 ἐνθεωρουμένου
1525 4100 1678 4165 Θεοῦ.

81 4198 215 4248 Θεὸν
256 4191 315 4248 δέ
342 4194 563 4248 ἐπαινῶν
616 4205 751 4250 Θεού
789 4217 880 4270 μοι
915 4194 1001 4251 δεῖ
1024 4203 1321 4273 παρουσίας
1352 4200 1422 4260 ὡς
1447 4200 1681 4272 πνεύμα-

78 4304 164 4347 τος
189 4290 283 4337 καὶ
321 4290 509 4358 φωτὸς,
563 4290 622 4339 τὸ
674 4291 784 4359 μὲν³
847 4287 930 4340 ἵνα
974 4288 1245 4361 λαμπρύνῃ
1306 4292 1397 4340 καὶ
1444 4308 1681 4362 καταφω-

78 4377 203 4446 τίζῃ
238 4376 323 4425 τὸν
352 4375 597 4448 ἡμέτερον
640 4383 776 4445 νοῦν,
831 4380 920 4428 καὶ
978 4382 1159 4429 τοῦτον
1221 4376 1441 4449 θεωριῶν
1494 4375 1684 4450 ἀκραι-

81 4465 377 4535 φνεστάτων
428 4461 648 4537 ἀποτελῇ
711 4467 898 4539 θεωρὸν
932 4486 945 4498 ·
977 4469 1036 4517 τὸ
1088 4472 1291 4537 πνεῦμα
1322 4461 1381 4518 δὲ
1409 4465 1584 4532 πάλιν,
1614 4463 1683 4518 ἶν’

81 4552 259 4616 ὥσπερ
302 4550 503 4625 ὀργάνῳ
549 4557 652 4605 τινὶ
701 4551 896 4624 λογικῷ
946 4560 1009 4626 τῇ
1062 4549 1270 4626 διανοίᾳ
1320 4558 1409 4606 καὶ
1461 4553 1679 4628 γλώσσῃ

80 4632 441 4706 χρησάμενον,
496 4635 628 4707 πρὸς
680 4630 869 4707 ἀκριϐῆ
944 4640 1042 4685 τῶν
1110 4635 1464 4706 θεωρουμένων
1526 4634 1684 4708 ἑρμη-

81 4724 221 4772 νείαν
270 4726 386 4781 ταῖς
438 4724 727 4793 πανσόφοις
799 4721 961 4774 αὐτοῦ
1027 4724 1353 4775 κατευθύνειν
1411 4721 1685 4795 ἐμπνεύσε-

86 4827 188 4862 σιν.
222 4805 395 4880 ⁴⁸’ῼτινι
424 4811 554 4880 μετὰ
593 4805 680 4861 οὖν
727 4809 925 4883 ὑπῆρξε
981 4813 1107 4884 πρὸς
1152 4816 1251 4864 πᾶν
1311 4809 1498 4884 ἀρετῆς
1551 4808 1686 4872 εἶδος

81 4899 505 4971 καταρτιζομένῳ
580 4902 671 4950 καὶ
747 4900 1142 4972 κατορθουμένῳ
1224 4902 1686 4974 χειραγωγηθῆναι

81 4989 170 5059 μὲν
205 4981 300 5037 διὰ
331 4983 455 5058 βίου
484 4990 615 5060 πρὸς
645 4987 878 5062 θεωρίαν,
913 4986 968 5039 ἐκ
1001 4990 1217 5061 θεωρίας
1260 4985 1320 5041 δὲ
1366 4992 1498 5063 πρὸς
1555 4990 1684 5041 θεω-

80 5077 199 5145 ρίαν
252 5073 546 5145 ύψωθῆναι,
592 5080 681 5128 καὶ
734 5076 853 5128 ὅλου
904 5079 995 5144 μὲν
1045 5083 1142 5129 τοῦ
1219 5073 1536 5150 βὶεπομένου
1594 5081 1684 5130 κό-

84 5181 245 5234 σμου,
292 5167 383 5215 καὶ
428 5170 527 5225 τῆς
576 5161 625 5216 ἒν
681 5164 821 5236 αύτῷ
870 5170 1221 5238 ματαιότητος
1277 5171 1368 5219 καὶ
1424 5164 1683 5239 ἀκοσμίας

1791 4012 1979 4084 gloria
2009 4017 2239 4086 quanta
2260 4014 2337 4071 ad
2363 4019 2488 4071 tam
2518 4014 2904 4071 excellentem
2934 4013 3286 4086 dignitatem
3316 4030 3445 4071 sus-

1791 4102 2099 4159 tinendam
2155 4118 2310 4175 opus
2385 4108 2494 4174 est,
2553 4103 2672 4160 nisi
2725 4103 3196 4176 pulcherrimam
3238 4103 3302 4160 in
3357 4102 3443 4160 eis

1789 4190 2124 4263 quamdam
2145 4194 2203 4247 et
2224 4190 2722 4263 perfectissimam
2748 4191 2840 4249 sui
2869 4189 3321 4249 similitudinem
3345 4206 3445 4249 ex-

1789 4278 2126 4351 pressisset.
2174 4281 2499 4351 Postquam
2546 4285 2749 4336 autem
2779 4278 2972 4337 simile
3015 4279 3077 4335 in
3119 4278 3293 4336 simili
3335 4292 3459 4351 pro,

1792 4364 2197 4422 similitudinis
2226 4366 2455 4423 ratione
2475 4368 2753 4436 cernitur,
2780 4366 2915 4424 laus
2935 4368 3141 4441 utique
3167 4383 3300 4442 quis
3329 4368 3444 4426 illis

1790 4470 2030 4528 cunque
2077 4455 2385 4525 tribuetur,
2421 4457 2523 4513 Dei
2569 4472 2836 4530 quoque,
2867 4458 3043 4530 cujus
3070 4456 3153 4514 illi
3183 4457 3446 4531 speciem

1792 4544 2175 4617 speculorum
2233 4544 2426 4602 instar
2477 4545 3023 4604 mundissimorum
3078 4547 3444 4620 exprimunt,

1792 4634 2036 4707 propria
2064 4634 2388 4706 putabitur.
2421 4636 2606 4691 Deum
2635 4649 2818 4710 porro
2852 4635 3126 4694 laudanti
3173 4638 3275 4694 Dei
3296 4636 3449 4695 mihi

1788 4722 1919 4794 jam
1941 4724 2260 4796 praesentia
2287 4724 2477 4797 ipsius
2504 4740 2658 4798 opus
2684 4730 2793 4799 est,
2815 4729 3023 4799 utpote
3043 4729 3101 4782 et
3129 4725 3369 4798 spiritus
3389 4727 3448 4781 et

1792 4809 2033 4867 luminis
2063 4828 2077 4867 :
2103 4811 2329 4867 lumine
2351 4811 2594 4884 indigeo
2619 4828 2741 4885 quo
2762 4827 2936 4868 mens
2964 4811 3287 4868 illustretur
3308 4822 3447 4868 mea

1794 4903 1851 4955 et
1887 4899 2344 4972 purissimarum
2390 4899 2496 4956 ﬁat
2541 4900 3120 4973 contemplationum
3154 4912 3443 4973 compos;

1792 4986 2000 5044 rursus
2025 5003 2169 5044 vero
2195 4989 2404 5061 spiritu
2433 4989 2538 5062 qui
2565 4994 2763 5045 mente
2790 4988 3117 5060 linguaque
3146 5000 3284 5044 mea
3311 4991 3445 5044 tant

1792 5091 1981 5149 quam
2008 5077 2417 5133 instrumentis
2442 5081 2616 5133 utens
2649 5077 2729 5133 ad
2755 5075 3048 5150 liquidam
3077 5075 3447 5149 contempla-

1794 5164 1952 5221 tione
1994 5170 2414 5239 perceptarum
2456 5178 2657 5221 rerum
2703 5163 3163 5237 explicationem
3201 5162 3326 5220 suis
3356 5179 3447 5221 sa-

80 5249 489 5327 ύπεραναϐῆναι,
539 5250 675 5314 ἐντὸς
729 5249 789 5305 δέ
843 5261 936 5315 τῆς
982 5256 1339 5330 ύπερκοσμίου
1395 5263 1495 5307 τῶν
1537 5256 1682 5308 θείων

1839 5254 2178 5311 ientissimis
2207 5253 2703 5328 inspirationibus
2735 5253 2977 5324 dirigat.
3037 5256 3192 5312 Sane
3221 5254 3272 5310 si
3308 5252 3446 5328 quis

159 5445 504 5526 (ileﬁpm'f
548 5448 651 5521 γὰρ
699 5445 930 5521 ἀχρόνῳ,
975 5452 1086 5505 etc.
1127 5450 1292 5526 .Hinc
1321 5447 1686 5526 intelligitur

89 5516 461 5573 existimasse
474 5516 636 5574 hunc
651 5516 961 5590 auctorem
970 5517 1218 5590 angelos
1233 5522 1370 5576 ante
1382 5516 1684 5578 mundum

91 5592 145 5663 et
173 5590 309 5663 ante
336 5602 517 5663 omne
543 5599 779 5662 tempus
810 5589 1103 5663 conditos,
1134 5602 1254 5663 qua
1279 5590 1342 5649 in
1372 5592 1686 5663 sententia

87 5657 354 5731 plerique
381 5658 527 5717 olim
576 5657 927 5719 sanctorum
972 5657 1232 5732 fuerunt,
1274 5664 1333 5721 et
1365 5661 1520 5721 inter
1555 5676 1680 5736 eos,

1791 5448 1959 5523 quod
2004 5413 2267 5523 Nicetam
2298 5449 2462 5523 hunc
2495 5449 2712 5522 opinor
2738 5447 3040 5523 praecipue
3075 5450 3284 5523 movit,
3314 5466 3449 5509 san-

1792 5518 1891 5578 fus
1922 5521 2237 5592 Gregorius
2262 5518 2684 5592 Nazianzenus,
2708 5518 3089 5592 orationeias.
3113 5518 3220 5580 Illa
3242 5518 3448 5582 tamen

1793 5592 1997 5668 opinio
2024 5589 2228 5650 minus
2259 5591 2440 5650 hodie
2460 5589 2754 5664 theologis
2774 5589 3088 5667 probatur.
