3966 6324
29 326 152 383 ὶιὸ
860 332 1126 397 ΝΙΟΕΤᾸΞ
1152 337 1527 400 LAUDATIO
1551 339 1592 398 S

1853 339 2062 400 [AELIS
2098 336 2184 402 ET
2209 344 2597 404 GABRIELIS.
3278 343 3419 409 1226

54 457 185 514 τῆς
242 453 641 548 ἆρχαγγελικῆς
695 461 788 534 μὶν
836 461 1029 528 τάξεως
1085 461 1378 542 ίδιαιτέρως
1425 465 1620 542 ταξιάρ·

1853 483 1888 525 o
1931 467 2094 527 fonte
2122 469 2327 529 lumen
2358 469 2618 544 gratuita
2675 467 3218 528 communicatione
3276 490 3419 548 pro-

29 558 90 591 κε
127 548 250 598 καὶ
306 548 484 609 πάσης
537 543 597 601 δε
650 558 751 603 τῶν
834 553 980 606 θείων
1047 553 1274 628 ἀγγέλων
1322 557 1595 632 πανάριστ‹

1848 551 1954 629 gat.
1987 559 2213 617 Caelum
2238 560 2355 618 hoc
2378 543 2598 618 verum
2634 557 2924 616 nimirum
2963 573 3171 629 unum,
3206 543 3414 622 ac-tali

29 639 348 724 σμαῖῳγοὶ
369 642 753 713 χοροστασίαις,
775 643 826 693 οἱ
851 649 947 694 τοῦ
1011 653 1201 704 νοητοῦ
1251 651 1454 720 κόσμου
1508 667 1595 702 παι

1848 663 2006 710 :num
2043 649 2288 708 nomine
2330 656 2622 724 tanquam
2640 664 2959 723 supremus
2976 650 3229 722 quidam
3250 652 3414 712 thro-

29 737 78 780 ις
137 717 250 776 οἶοί
279 742 407 786 τινες
466 725 722 802 ὀφθαλμοὶ
783 731 1184 788 θεοπτικὼτατοι
1240 741 1330 790 καὶ
1354 717 1595 811 -φωταυγι

1846 754 1864 792 ς
1904 737 2204 796 Altissimo
2241 717 2616 812 praeparatus
2640 717 2734 794 est
2748 740 2925 795 Terra
2952 717 3093 795 vero
3121 743 3412 814 tanquam

29 826 236 880 τοι-τοι,
268 812 673 890 προϐέϐλημένοι
699 815 774 872 δι’
805 820 873 871 ὧν
934 820 1018 876 ἐπὶ
1073 829 1248 878 πᾶσαν
1300 826 1397 900 ὁρᾷ
1450 827 1595 901 Κύριε

1845 824 2082 884 ὼοιιιιω
2109 837 2323 898 aptum
2368 827 2705 886 humilitate
2759 843 2870 884 sua
2907 827 2987 885 ad
3033 844 3217 886 usum
3243 812 3411 888 itam

29 902 82 955 iv
131 908 281 972 γῆν.
311 908 618 980 Ιῐροαιρίσει
647 909 751 984 γὰρ
793 906 1111 982 ἀγαθοτοξτη,
1138 917 1228 967 καὶ
1265 918 1381 976 νοὸς
1435 913 1595 991 ἁχράι

1841 931 1942 988 am,
1976 916 2314 989 subjectum
2342 916 2425 974 illi
2451 917 2668 974 throno
2725 919 2834 973 est.
2904 918 3144 975 Terram
3204 923 3407 978 autem

29 1005 102 1049 οις
168 991 396 1064 ἐφέσεσι
448 999 577 1068 πρὸς
622 1001 718 1056 τὴν
777 1000 1029 1073 θεαρχίαν
1076 1001 1267 1076 μᾶλλον
1328 1012 1429 1056 τῶν
1466 1003 1595 1059 ἀλλω

1838 1020 1905 1062 nc
1933 1005 2171 1079 appello
2221 1005 2672 1064 universitatem
2720 1020 2962 1063 omnem
3019 1007 3404 1066 sensibilium

29 1085 406 1154 νοιτετοιμένοι,
463 1088 555 1138 καὶ
601 1089 733 1162 πρὸς
791 1092 886 1147 τὴν
953 1086 1111 1154 δόξαν
1149 1093 1315 1155 αὐτῆς
1368 1091 1595 1149 ἆντονὼτι

1825 1109 2062 1168 rporum
2091 1114 2104 1166 ;
2129 1111 2266 1169 quae
2289 1095 2594 1152 secundus
2623 1095 2889 1152 mundus
2957 1098 3281 1156 materialis
3335 1102 3391 1156 et

29 1187 73 1218 ιν
111 1174 464 1244 κεκινημένοι
488 1180 584 1237 τῆς
646 1173 891 1230 ἀνωτάτω
942 1179 1066 1254 παρ’
1123 1179 1286 1244 αὐτῆς
1325 1183 1595 1248 καταξιοῦν

1831 1183 2116 1241 )ectabilis
2143 1189 2200 1242 et
2227 1191 2316 1243 est
2355 1190 2412 1242 et
2479 1183 2834 1259 appellatur.
2880 1184 3098 1244 Verum
3151 1187 3226 1244 de
3278 1187 3397 1246 hoc

29 1276 66 1309 ιι
98 1267 310 1333 τιμῆς,
351 1263 401 1316 οἱ
427 1258 643 1318 δυνατοὶ
683 1265 840 1340 ἰσχῦι
894 1277 1119 1329 ποιῆσαι
1165 1275 1224 1324 τό
1281 1271 1478 1347 θέλημα
1533 1293 1593 1328 το

1829 1273 2373 1347 mdo'capessenda
2400 1258 2583 1332 modo
2613 1273 2790 1331 nobis
2822 1275 3092 1332 tractatio
3118 1291 3238 1333 non
3285 1277 3395 1334 est.

29 1356 266 1414 ινσετοῡ,
296 1351 346 1403 οἱ
377 1358 582 1406 συνετοί
600 1362 789 1414 νοῆσαι
826 1359 886 1409 τὸ
951 1355 1198 1432 βούλημα
1239 1368 1330 1413 τοῦ
1387 1371 1595 1415 συνετοῦ

1845 1362 2110 1434 primum
2157 1363 2328 1420 illum
2400 1362 2648 1436 quidem
2705 1362 3155 1438 intelligibilem,
3208 1380 3396 1438 quam

29 1434 195 1488 ἰλλον
251 1433 314 1491 δι
365 1447 456 1492 τοῦ
508 1448 599 1496 καὶ
661 1439 931 1516 δυνάμεως
1005 1449 1181 1510 πάσης
1224 1453 1316 1502 καὶ
1373 1454 1595 1504 συνέσεω

1825 1433 2057 1524 epatet,
2088 1433 2443 1510 universum
2464 1452 2779 1525 complecti
2817 1433 3247 1526 disputatione—
3277 1471 3391 1512 va-

29 1529 314 1599 τερέκεινα
371 1530 742 1605 θεωρουμένου.
811 1531 971 1588 Οὗτοι
1011 1533 1071 1589 δὲ
1127 1545 1214 1589 νῦν
1271 1539 1320 1591 οἱ
1383 1539 1591 1612 μεγαλὼ

1824 1558 1845 1595 ;.
1889 1542 2234 1598 Orationem
2263 1541 2489 1615 quippe
2517 1546 2791 1598 nostram
2850 1558 3094 1601 omnem
3153 1544 3390 1601 hodier-

30 1635 168 1689 μοι,
239 1617 290 1670 οἱ
347 1616 654 1694 ἀγιώνυμοι,
710 1631 782 1695 τῷ
824 1625 1055 1700 ἡμετέρῳ
1110 1624 1247 1700 λογῳ
1296 1633 1596 1703 προκείμενο

1823 1645 1873 1686 m
1902 1630 2063 1688 hanc
2093 1631 2173 1688 ad
2195 1647 2259 1688 se
2285 1613 2678 1704 jamdudum
2735 1632 2980 1704 rapiunt
3029 1629 3389 1704 Arcbangeli

29 1709 222 1776 ιοττός,
256 1706 408 1762 αὐτοὶ
437 1707 498 1762 ἄν
537 1713 932 1784 καθηγήσαιντο
973 1718 1103 1790 πρὸς
1156 1715 1331 1772 αὐτόν.
1388 1718 1464 1770 Οὐ
1513 1721 1595 1794 γάε

1839 1719 2087 1776 maximi
2117 1719 2359 1778 Michael
2387 1725 2444 1778 et
2480 1720 2715 1778 Gabriel
2750 1738 2763 1791 ;
2819 1728 3245 1792 argumentum
3299 1721 3389 1778 dio

29 1799 113 1858 νὸς
150 1798 316 1870 ἡμῶν
371 1806 468 1861 τῆς
538 1807 638 1853 τῶν
692 1803 836 1856 θείων
892 1805 1334 1882 μεγαλοπρεπείας
1399 1805 1595 1880 ἄφικνεῖ·

1820 1809 1901 1866 Idi
1933 1809 2322 1881 magniﬁcum
2353 1809 2415 1866 in
2440 1809 2651 1883 primis
2701 1811 3115 1882 Archangelici
3159 1811 3386 1868 ordinis

29 1889 112 1936 tat.
181 1883 310 1940 οὐδ’
351 1885 578 1953 ὶπαίνοις
639 1893 964 1966 χαρίζεσθαι
1035 1901 1142 1958 τοῖς
1202 1893 1391 1972 ἀπείρῳ
1443 1901 1595 1972 μέτρεε

1817 1898 2017 1956 Iividui
2055 1899 2240 1956 duces
2269 1903 2327 1956 et
2359 1898 2617 1956 universi
2642 1898 2988 1957 divinorum
3028 1901 3383 1972 angelorum

29 1973 203 2046 εεδόν
263 1980 352 2030 τόν
394 1987 494 2032 τῶν
568 1979 850 2057 ἀνθρώπων
936 1983 1416 2059 ὑπιραναϐεϐηκόσι
1471 1996 1589 2041 νοῦν

1816 1988 1890 2046 πί
1927 1988 2339 2046 moderatores
2365 1988 2594 2062 Optimi.
2628 1988 2948 2063 Mundique
3001 1991 3132 2064 ejus
3183 1989 3382 2048 omnis

30 2063 120 2118 λλ’
157 2065 345 2129 αὐτοῖς
385 2067 596 2134 ἐκείνοις
654 2080 747 2125 τοῦ
803 2079 892 2124 νοῦ
948 2079 1038 2127 καὶ
1080 2073 1236 2148 λόγου
1282 2077 1596 2152 καθηγεμόση

1826 2094 1894 2135 us
1925 2078 2129 2136 animo
2159 2078 2322 2136 cerni
2362 2076 2489 2134 solo
2530 2078 2760 2151 species
2811 2084 3006 2152 potest
3036 2063 3214 2138 velut
3258 2079 3382 2135 duo

29 2159 322 2229 χρημένοι
349 2157 543 2212 οἰκείαν
588 2159 762 2223 αὐτοῖς
823 2158 930 2221 ἤδη
989 2167 1084 2222 τὴν
1128 2167 1342 2238 αῖνεσιν,
1395 2167 1460 2228 ὡς
1507 2185 1595 2241 εφιι

1814 2167 1971 2226 idam
1991 2167 2150 2225 oculi
2178 2166 2552 2238 lucidissimi,
2575 2167 2657 2225 ad
2695 2169 2800 2226 Dei
2846 2185 3038 2242 usque
3083 2169 3380 2226 visionem

29 2248 126 2318 ὸν,
229 2245 649 2324 ἕξεργαζώμεθα·
700 2251 759 2304 οὐ
811 2256 906 2312 τὴν
965 2250 1265 2326 ἀγγελικὴν,
1319 2254 1431 2318 ἣτις
1485 2269 1595 2311 ποτε

1812 2273 1887 2314 ὀε
1915 2273 2160 2315 omnem
2187 2256 2250 2313 in
2289 2261 2525 2330 partem
2553 2255 2762 2314 intenti
2814 2275 2827 2312 :
2887 2258 3112 2331 quibus
3167 2256 3378 2314 orbem

29 2363 113 2409 τι,
190 2347 354 2418 φύσιν
448 2346 1018 2424 πολυπραγμονοῦντες,
1133 2351 1399 2426 ἀνέφικτον
1481 2357 1595 2432 γὰρ⁵

1810 2363 2013 2404 rarum
2036 2347 2388 2408 universum
2425 2345 2678 2419 despicit
2729 2349 2904 2404 Deus.
2951 2348 3160 2404 Libera
3212 2345 3376 2402 enim

29 2432 79 2484 λ’
108 2431 174 2486 ἐκ
207 2442 308 2498 τῆς
337 2436 581 2500 ποικίλης
610 2436 866 2514 ἐνεργείας
914 2441 944 2501 ἦ
998 2436 1271 2506 διακονίας
1315 2446 1404 2497 τὸν
1468 2431 1595 2498 «Im

1807 2453 1842 2494 n
1891 2453 1930 2495 a
1969 2436 2265 2511 principio
2323 2434 2402 2493 ab
2459 2450 2532 2493 ea
2575 2437 3060 2494 constantissima
3087 2435 3373 2493 electione

37 2528 292 2588 αίνοντες
333 2527 400 2578 τά
466 2532 587 2602 περὶ
656 2535 748 2590 τῆς
794 2529 962 2583 αὐτῶν
1009 2531 1195 2594 οὐσίας
1249 2532 1344 2586 οὐκ
1396 2532 1603 2598 ἀπεικός

1808 2526 1904 2583 imi
1937 2532 1993 2584 et
2016 2528 2265 2584 isnceras
2297 2524 2514 2582 mentis
2543 2525 2852 2583 amoribus
2899 2525 3237 2600 purissimis
3294 2521 3374 2580 ad

29 2633 89 2667 τι
144 2618 554 2690 τεκμαίρεσθαι,
612 2619 643 2677 ἣ
710 2617 974 2694 σύδρομος
1026 2620 1111 2676 ἐπὶ
1180 2627 1348 2678 τούτω
1399 2629 1595 2700 τυγχά·

1803 2616 1928 2673 Vinus
1939 2617 2060 2689 maj
2069 2618 2270 2673 estatis
2304 2613 2681 2672 adorandam
2692 2614 3106 2672 excellentiam
3125 2627 3369 2687 promo.

29 2722 146 2756 υσα
193 2713 260 2764 τῆ
315 2705 542 2782 ἐνεργείᾳ
597 2703 672 2760 δι’
729 2707 891 2773 αὐτῆς
949 2711 1118 2785 ἠρέμα
1176 2699 1595 2790 καταθιωρεῖται.

1802 2705 2099 2780 adamque
2129 2704 2382 2776 gloriam
2408 2703 2719 2760 intentiore
2732 2719 2919 2776 quam
2933 2703 3127 2760 caeteri
3171 2699 3368 2790 studio

389 2768 399 2782 ι
430 2768 443 2778 π
518 2768 528 2780 ι
845 2768 852 2770 “
875 2768 889 2773 '
966 2768 995 2785 'I
1044 2768 1054 2784 Ι
1413 2768 1424 2790 Ι
1552 2768 1556 2769 7
1587 2768 1595 2772 ’

29 2811 68 2844 τι
104 2796 206 2867 μὶν
240 2790 378 2848 οὖνὸ
419 2800 551 2859 Θεὸς
605 2794 872 2870 ἀγέννητος
937 2805 1028 2854 καὶ
1090 2800 1320 2866 ἀναίτιος
1366 2806 1434 2856 ὧν
1477 2824 1595 2858 statv-

1803 2768 2027 2867 aversi;
2033 2794 2330 2867 supremis
2372 2793 2701 2850 honoribus
2753 2793 2832 2850 ab
2894 2809 2968 2850 ea
3022 2789 3234 2850 merito
3281 2789 3369 2847 di-

37 2883 289 2946 ςαίῶνος
306 2889 398 2936 καὶ
435 2891 632 2962 χρόνου
667 2891 948 2950 καὶπάσης
1005 2885 1064 2944 δι
1119 2895 1338 2956 κτίσεως
1397 2893 1601 2968 ὀπωμί-

1799 2891 1994 2942 antur.
2026 2883 2109 2940 Illi
2139 2887 2410 2956 potentes
2437 2882 2648 2940 virtute
2669 2881 2748 2939 ad
2766 2881 3112 2940 faciendam
3147 2885 3365 2938 volun-

43 2992 65 3033 ;
101 2972 275 3034 αὐτός
302 2973 444 3026 ἐστιν
476 2977 506 3034 ἦ
558 2982 894 3054 πρωτουργός
955 2978 1349 3053 αἰτία,Μιχαὴλ
1404 2979 1463 3035 δι
1509 2987 1599 3037 καὶ

1801 2990 1892 3031 em
1943 2972 2224 3046 potentis.
2297 2970 2382 3027 llli
2439 2970 2740 3044 sapientes
2771 2971 2852 3028 ad
2907 2969 3367 3041 intelligendum

29 3061 222 3138 ἱϐριήλ
255 3065 616 3140 στρατιάρχαι
639 3074 739 3119 τῶν
805 3069 950 3120 θείων
993 3069 1081 3122 ὑπ’
1122 3070 1282 3123 αὐτοῦ
1345 3076 1595 3132 κατέστη-

1799 3062 2017 3119 1silium
2049 3060 2332 3134 sapientis
2377 3065 2530 3116 :aut
2579 3060 2710 3132 ejus
2768 3059 2968 3134 potius
3031 3073 3213 3133 quem
3259 3056 3365 3131 qui

29 3172 70 3204 ιν
103 3151 368 3226 ἀγγέλων,
407 3152 465 3207 οὐ
522 3163 745 3232 μακροῖς
788 3154 928 3210 ἔστιν
984 3155 1354 3214 ἀποδεικνύναι
1400 3159 1591 3234 λόγὸις,

1796 3151 2188 3226 atemplantur
2209 3150 2456 3225 propius
2490 3149 2761 3223 potentia
2783 3150 3200 3224 sapientiaque
3236 3163 3362 3205 om-

33 3258 157 3296 στει
220 3239 282 3296 δι
345 3261 474 3316 μόνη
549 3252 613 3304 τῆ
669 3248 842 3308 πάσης
896 3243 1212 3313 ἀποδείξεως
1264 3248 1596 3327 ίνεργεστέρᾳ

1796 3241 2164 3318 superiorem
2193 3239 2398 3297 vident
2414 3253 2568 3296 esse.
2625 3239 2712 3296 Illi
2760 3256 2984 3312 magno
3032 3242 3362 3311 sanctoque

37 3335 57 3383 ἱ
111 3329 435 3405 βεϐαιοτέρα
485 3335 633 3387 ταῦθ’
709 3334 912 3400 έαυτοίς
949 3338 1322 3412 ὑποτιθέμενοι,
1400 3341 1590 3394 ἄνωθεν

1782 3334 1968 3406 signes
2022 3332 2290 3389 nomine.
2340 3329 2456 3403 Ipsi
2511 3345 2733 3404 scopus
2787 3329 3078 3388 orationis
3108 3333 3348 3386 nostrae.

63 3429 143 3492 τῷ
172 3419 315 3494 λόγῳ
370 3429 485 3484 ταῖς
539 3424 697 3498 ἱεραῖς
762 3423 1017 3499 ἑπομένως
1090 3435 1316 3502 γραφαῖς
1369 3425 1589 3504 διαλαμ-

1795 3440 1914 3494 em,
1946 3439 2120 3496 spero
2167 3419 2466 3494 equidem,
2522 3435 2658 3477 eam
2707 3419 2788 3478 ad
2842 3437 2906 3478 se
2958 3419 3218 3490 dirigent
3283 3431 3359 3472 ne

31 3529 208 3571 νοντες
265 3515 354 3571 τὰς
429 3511 750 3586 λειτουργίας
808 3515 994 3585 αὐτῶν,
1047 3518 1140 3570 εἶτ’
1189 3512 1276 3570 οὖν
1305 3517 1580 3595 ἐνεργείας.

1784 3518 1958 3571 erret.
2001 3515 2223 3569 Natura
2248 3509 2409 3566 enim
2436 3525 2506 3566 ac
2534 3509 2813 3568 facultate
2842 3515 3053 3568 nostra
3077 3507 3350 3582 superius

33 3604 54 3657 t
82 3600 410 3674 quiddam,
443 3600 524 3658 ad
546 3602 892 3662 divinarnm
921 3621 1122 3663 rerum
1147 3608 1650 3678 magniﬁcentiam
1679 3604 1944 3678 aspirare
1973 3619 1987 3659 :
2037 3607 2142 3658 aut
2196 3600 2488 3656 demereri
2520 3599 2819 3674 nobisque
2844 3599 3114 3672 obligare
3139 3595 3327 3654 lauda

31 3703 130 3745 ine
162 3695 377 3746 nostra
401 3705 696 3762 supernas
724 3692 858 3751 illas
913 3700 1162 3764 mentes,
1220 3713 1482 3770 quarum
1530 3704 1619 3756 est
1663 3693 1895 3752 inﬁnito
1938 3690 2208 3764 quodam
2265 3688 2577 3746 intervallo
2622 3703 2811 3762 supra
2861 3689 3200 3744 humanum
3257 3699 3354 3742 ca-

31 3783 74 3835 it
93 3778 260 3836 elata
289 3781 652 3852 praestantia.
678 3782 792 3838 Sed
823 3782 970 3854 ipsis
999 3783 1113 3840 illis
1138 3786 1513 3856 cogitationis
1557 3793 1614 3844 et
1661 3782 1952 3843 orationis
2001 3779 2095 3836 usi
2120 3779 2382 3836 ducibus
2448 3783 2660 3836 exacta
2701 3778 2781 3836 ad
2836 3793 3047 3835 eorum
3097 3775 3349 3832 ductum

49 3867 285 3925 directa
311 3873 562 3942 utraque
584 3885 694 3942 pro
723 3877 940 3928 nostrae
970 3872 1270 3932 facultatis
1294 3876 1544 3933 modulo
1570 3875 1767 3950 potius
1821 3887 2007 3945 quam
2071 3885 2183 3943 pro
2225 3869 2467 3925 illorum
2520 3869 2732 3925 merito
2773 3867 3186 3924 laudationem
3234 3863 3356 3920 ela‘

31 3973 285 4014 iremus.
321 3959 462 4024 Quae
486 3957 655 4016 nulla
703 3959 953 4032 quidem
1000 3962 1062 4018 in
1098 3963 1301 4020 subtili
1337 3971 1564 4022 naturae
1614 3961 1900 4033 angelicae
1948 3959 2387 4032 disquisitione,
2437 3957 2633 4030 qualis
2670 3956 2916 4013 tandem
2965 3955 3060 4022 sit,
3115 3952 3352 4009 curiose

31 4046 435 4114 inﬂictabitur,
457 4047 516 4104 id
539 4047 699 4104 enim
730 4047 949 4107 frustra
977 4058 1295 4109 conaretur
1313 4053 1578 4126 quidem,
1613 4052 1729 4110 nisi
1760 4050 1810 4106 si
1832 4048 1980 4123 quid
2007 4064 2216 4105 eorum
2245 4063 2315 4104 ex
2355 4047 2540 4103 variis
2601 4045 2888 4119 operibus
2956 4042 3137 4101 laude
3195 4040 3356 4098 velut

31 4135 382 4202 mtexenda,
423 4151 496 4192 ex
521 4137 576 4192 vi
597 4153 733 4210 quae
767 4137 827 4193 in
853 4138 924 4194 iis
953 4140 1213 4198 cernitur
1258 4142 1338 4199 ad
1389 4142 1792 4213 cognitionem
1837 4142 1969 4211 ejus
2027 4153 2164 4211 quae
2226 4137 2392 4194 illam
2439 4135 2703 4194 continet
2740 4140 2922 4208 atque
2977 4131 3194 4190 exserit
3241 4146 3352 4188 na-

31 4239 131 4280 lrae
172 4225 280 4280 niti
305 4224 596 4299 paulatim
625 4227 989 4298 suspicando
1033 4234 1212 4303 atque
1259 4231 1616 4290 aestimando
1667 4229 2062 4306 potuerimus.
2091 4236 2171 4282 Ac
2229 4226 2492 4299 primum
2543 4223 2791 4297 quidem
2832 4236 3142 4279 summum
3184 4218 3354 4276 illum

33 4329 181 4384 eque
202 4318 446 4387 parente
471 4314 740 4384 genitum
770 4331 968 4388 neque
991 4317 1270 4377 eﬂ'ectum
1330 4337 1534 4388 causa,
1589 4326 1693 4378 aut
1739 4336 1770 4377 e
1825 4316 2121 4392 principio
2177 4316 2500 4372 excitatum
2555 4329 2688 4369 esse
2748 4327 3063 4385 quoquam
3125 4312 3350 4366 Deum:

34 4407 304 4460 uctorem
333 4418 472 4460 vero
497 4404 700 4476 ipsum
731 4410 911 4478 atque
940 4407 1280 4466 effectorem
1310 4416 1436 4467 tum
1458 4411 1568 4468 aevi
1589 4409 1789 4468 omnis
1815 4423 1886 4464 ac
1906 4404 2212 4477 temporis,
2270 4409 2399 4460 tum
2448 4401 2850 4459 universitatis
2914 4399 3113 4458 omnis
3168 4398 3352 4470 hujus

33 4491 195 4548 iundi
222 4491 475 4566 duplicis
504 4494 730 4566 quique
761 4509 941 4551 sensu
969 4497 1282 4555 oculorum
1309 4499 1536 4574 quique
1578 4498 1934 4572 cogitatione
1993 4493 2285 4551 mentium
2335 4492 2676 4566 percipitur.
2731 4494 2942 4548 Porrro
3008 4487 3354 4547 Michaelem

33 4597 38 4634 ;
65 4579 400 4638 Gabrielem
426 4581 677 4638 caelestis
707 4583 1061 4653 angelorum
1092 4587 1293 4644 milites
1341 4605 1605 4646 summos
1638 4590 2030 4660 Imperatores
2061 4584 2140 4640 ab
2193 4582 2326 4654 ipso
2373 4597 2502 4638 esse
2555 4581 2931 4647 constitutos,
2962 4578 3163 4636 verbis
3218 4577 3356 4650 qui-

33 4684 119 4726 em
143 4669 594 4741 etargumentis
623 4669 894 4744 pluribus
921 4676 1248 4748 approbari
1266 4679 1490 4752 nequit.
1518 4684 1600 4736 Ac
1629 4693 1706 4735 ne
1734 4689 1978 4732 necesse
2029 4671 2276 4746 quidem
2327 4675 2434 4739 est,
2503 4687 2642 4726 cum
2681 4671 2810 4726 haec
2862 4668 3030 4726 omni
3102 4667 3354 4724 demon-

34 4760 265 4815 ratione
314 4759 617 4816 efﬁcacior
666 4760 998 4834 certiorque
1050 4765 1200 4822 ﬁdes
1251 4767 1483 4825 doceat.
1570 4767 1755 4838 Cujus
1796 4763 1975 4820 unius
2021 4777 2132 4834 par
2185 4765 2291 4832 cst,
2343 4759 2697 4817 auctoritate
2749 4758 3046 4832 persuasi,
3101 4755 3352 4827 ejusque

33 4847 64 4902 ei
93 4847 440 4905 assensione
469 4849 806 4919 constituta,
840 4857 1116 4911 eceteram
1157 4855 1244 4913 sic
1280 4857 1528 4915 demum
1547 4855 1930 4914 instituamus
1978 4849 2520 4908 considerationem
2569 4853 2634 4904 ut
2689 4864 2725 4904 a
2767 4848 2963 4921 primo
3010 4846 3146 4918 ipso
3185 4857 3353 4914 repe-

33 4940 152 4995 tam
183 4937 376 5010 capite
404 4953 512 5011 per
536 4953 846 4996 sacrorum
877 4950 1312 5017 consequenter
1334 4946 1906 5005 commentariorum
1931 4941 2149 4999 seriem
2180 4955 2425 4999 omnem
2463 4954 2675 4995 eorum
2699 4935 3021 4994 functionis
3071 4931 3346 5005 alicujus,

33 5032 84 5082 ut
107 5025 442 5084 efﬁcientia
472 5027 830 5086 memoriam
855 5045 1313 5106 persequamur.

52 5122 177 5177 Θεος
207 5115 274 5166 ὧν
300 5113 400 5186 ἀεὶ,
426 5119 560 5170 κατὰ
603 5120 662 5170 τὸ
735 5119 866 5171 θεῖον
908 5119 1080 5194 λογιον
1131 5121 1308 5194 ἐκεῖνο,
1355 5127 1585 5193 κάθηται

1777 5123 1922 5180 Deus
1947 5125 2226 5185 aeternus.
2276 5117 2450 5190 juxta
2502 5116 2772 5174 divinum
2815 5114 2962 5173 illud
3009 5111 3343 5182 oraculum,

33 5205 66 5256 τι
86 5206 268 5260 θρόνου
299 5205 449 5277 ἁγίου
479 5205 749 5261 αὐτοῦ.Ὀ
770 5211 824 5260 τί
880 5229 1004 5265 ποτε
1053 5208 1120 5272 δὴ
1179 5219 1274 5274 τὴν
1323 5214 1584 5292 καθέδραν

1781 5213 1857 5270 let
1883 5227 2063 5286 super
2131 5211 2415 5268 thronum
2467 5213 2744 5264 sanctum
2797 5221 2995 5263 suum.
3044 5203 3347 5272 Quidnam

33 5295 172 5354 ιύτην
202 5311 406 5353 νοητεον
443 5293 646 5368 ;Οἶμαι
674 5291 732 5350 δε
766 5302 860 5358 τὴν
920 5299 1183 5376 ἀραρότως
1241 5310 1331 5358 καὶ
1385 5291 1578 5379 ἀμετα-

1779 5319 1846 5361 nc
1858 5318 1986 5358 esse
1999 5299 2248 5358 tandem
2267 5297 2536 5355 sessione
2548 5314 2602 5353 cn
2619 5295 3045 5354 arbitrabimur
3064 5296 3093 5354 ἰ’
3113 5295 3345 5352 Firmis‘

35 5381 138 5447 ξτως
167 5383 252 5438 ἐπὶ
280 5393 375 5448 τῆς
404 5382 600 5448 οἰκείας
617 5386 780 5440 αὐτοῦ
832 5384 992 5453 δόξης
1037 5389 1248 5466 ἵδρυσιν
1278 5401 1367 5449 καὶ
1390 5402 1572 5469 μονήν.

1781 5408 1908 5450 iam
1928 5392 2143 5465 opinor
2161 5389 2330 5446 illam
2361 5391 2540 5460 atque
2571 5385 3011 5444 immutabilem
3037 5400 3162 5443 una
3206 5400 3347 5439 sem‘

35 5480 66 5524 ιί
86 5483 156 5546 τῷ
188 5474 270 5528 ἐπὶ
301 5476 482 5549 θρόνου
512 5471 724 5536 δηλαδὴ
756 5480 1049 5554 καθημένῳ,
1098 5484 1184 5536 οἵα
1249 5481 1314 5544 δὴ
1370 5484 1583 5560 βασιλεῖ

1778 5499 1796 5542 r
1821 5482 1885 5540 in
1907 5479 2201 5540 sententia
2229 5475 2624 5536 constantiam
2641 5481 2699 5534 et
2732 5491 2991 5535 moram.
3057 5478 3188 5533 ἔδει]
3245 5489 3344 5529 su-

36 5563 209 5638 εγάλῳ,
251 5567 372 5628 τοὺς
447 5561 773 5641 δορυφόρους
826 5573 1163 5645 παρεστάναι.
1221 5578 1310 5629 Δεῖ
1347 5583 1419 5648 τῷ
1487 5585 1582 5642 τῆς

1780 5587 1799 5630 r
1862 5572 2148 5630 thronum
2213 5565 2445 5625 sedenti
2501 5571 2737 5640 oportet
2791 5581 3011 5640 nempe
3054 5571 3346 5640 tan-quam

35 5657 106 5717 tu;
132 5655 352 5720 κτίσεως
383 5649 702 5717 δεσπόζοντι
737 5658 803 5710 τὰ
831 5663 932 5711 τῶν
951 5662 1254 5738 κτισμάτων
1329 5663 1588 5727 κάλλιστα

1779 5675 1920 5738 tgno
1947 5660 2090 5735 Regi
2104 5656 2386 5753 satellites
2420 5669 2734 5734 apparere.
2755 5658 2999 5733 Oportet
3010 5658 3345 5719 creatarum

406 5755 654 5834 Panos,
693 5755 797 5824 Gs.
827 5757 977 5826 CXL.
2810 5769 2910 5837 39.
