3966 6324
578 335 721 412 1227

2104 349 2458 409 ADDENDA.

3851 357 3950 410 19.Ξὶ

585 477 688 533 uni
710 469 986 533 omnium
1017 489 1216 531 rerum
1250 469 1500 531 Domino
1521 476 1954 548 pulcherrimas
2023 491 2230 530 earum

2342 486 2615 549 προσεχῶς
2663 483 3068 554 παρεστηκέναι.
3139 485 3228 539 Τίς
3287 478 3378 530 οὖν
3428 485 3511 548 τῷ
3575 484 3689 528 τοῦ
3745 477 3949 545 Tibiae-1:

585 579 858 637 quasque
887 569 1103 634 praesto
1143 579 1380 634 semper
1412 570 1467 619 et
1517 578 1720 620 coram
1780 564 2038 618 adstare.
2095 564 2238 627 Quis

584 655 761 722 igitur
798 652 874 706 ad
926 651 1212 707 Altissimi
1257 652 1540 707 thronum
1602 653 1874 724 proxime
1935 651 2240 706 excubat?

586 741 728 806 Quis
753 739 1006 795 idoneus
1037 739 1315 795 inventus
1347 746 1439 796 est
1462 742 1563 813 qui
1627 742 1706 797 ad
1765 743 1894 811 ejus
1961 739 2240 794 sublimi-

586 834 704 886 tate
731 830 1054 883 inaccessae
1103 829 1431 900 majestatis
1485 830 1763 885 intimum
1821 845 1891 884 ac
1946 827 2242 884 familiare

586 917 1383 988 ministeriumquotidianus
1415 919 1799 974 adhiberetur
1859 917 2098 975 Michael
2147 917 2241 970 hic

587 1007 872 1064 nimirum
899 1011 954 1062 et
1020 1005 1253 1062 Gabriel
1293 1014 1397 1063 est.
1457 1008 1523 1062 Hi
1564 1025 1862 1080 supremte
1912 1007 2243 1077 majestatis

591 1099 924 1169 stipatores.
961 1098 1024 1152 Hi
1095 1097 1370 1153 doctores
1439 1099 2014 1170 sapientissimarum
2077 1113 2242 1153 men-

590 1187 756 1243 tium.
793 1189 857 1242 Et
875 1187 937 1242 in
963 1203 1095 1242 arce
1119 1187 1388 1259 quadam
1411 1187 1769 1243 excellentiae
1788 1187 2001 1257 majori
2033 1202 2245 1258 quam-

588 1276 705 1332 dici
733 1277 922 1347 possit
969 1291 1220 1331 excessu
1311 1276 1676 1331 celsitudinis
1742 1291 1925 1347 supra
1996 1285 2242 1331 Omnem

591 1369 926 1422 creatarum
950 1379 1150 1419 rerum
1165 1365 1395 1436 apicem
1410 1364 1700 1434 collocati,
1728 1364 1872 1419 Hinc
1897 1381 2026 1434 iam
2069 1380 2242 1419 mun-

593 1454 655 1509 di
682 1453 956 1509 conditor
983 1453 1281 1526 reliquum
1339 1453 1419 1510 ad
1457 1469 1612 1525 opus
1653 1452 2018 1522 aggreditur.
2074 1455 2244 1508 Great

591 1543 809 1599 calum
840 1547 895 1596 et
922 1542 1136 1598 fundat
1164 1548 1404 1598 terram.
1439 1543 1610 1597 Lucis
1664 1547 1946 1597 naturam
1992 1545 2238 1614 promit,

593 1637 650 1688 et
676 1631 955 1688 tenebras
986 1631 1268 1686 discernit
1293 1648 1329 1688 a
1357 1632 1604 1688 lumine.
1645 1630 1867 1686 Deinde
1897 1630 2242 1686 ﬁrmamen-

2344 563 2654 639 παρεδρεὺιι
2694 571 3014 640 θρονῳ;Τίς
3076 575 3176 620 τῶν
3241 569 3449 618 πάντων
3503 566 3801 635 ἐγγύτατα
3863 587 3949 617 :a-r:

2347 672 2472 704 σίων
2685 656 2954 730 ἀπροσίτῳ
3054 659 3342 730 θεοπρεπῶς
3416 674 3476 706 τε
3555 653 3862 728 luteo-pb
3897 677 3949 720 εῖτ

2350 740 2571 804 ἀεννάως
2632 741 2972 797 διατέτακται
3005 763 3018 811 ;
3050 744 3118 796 Ἦ
3186 740 3343 802 δῆλον
3421 745 3508 794 ὅτι
3580 743 3830 812 Μιχαὴλ
3895 764 3949 792 r1-

2349 829 2596 902 Γαϐριὴλ,
2651 834 2699 884 οἱ
2749 843 2838 893 τῆς
2893 835 3184 907 ὑπερτάτης
3245 831 3618 903 μεγαλοσύνης
3672 828 3942 904 δορυφορεῖ

2347 923 2396 971 oi
2423 929 2766 994 μυσταγωγοὶ
2821 933 2919 976 τῶν
2972 925 3273 996 ὑπερσόφων
3315 927 3464 986 νὸων,
3551 927 3656 974 καὶ
3717 932 3816 981 τῆς
3873 923 3949 972 ξιξ.

2348 1015 2567 1070 κτίσεως
2672 1011 2959 1085 ἀφράστοις
3055 1014 3340 1085 ὑπεροχαῖς
3454 1013 3950 1084 ὑπερανῳκισμιὴες

2351 1096 2600 1151 Ἀπτεται
2646 1100 2824 1152 λοιπὸν
2874 1100 3097 1153 ἐντεῦθεν
3185 1109 3274 1160 τῆς
3342 1109 3442 1152 τῶν
3493 1104 3805 1170 γινοψ
3860 1120 3949 1168 τινε

2354 1205 2478 1247 σεως
2529 1190 2554 1239 ὁ
2605 1194 2984 1262 τενεσιουργόςο

2349 1285 2468 1347 γῆν·
2524 1279 2750 1350 παράγει
2832 1283 2994 1349 φωτὸς
3063 1277 3267 1343 οὐσίαν,
3321 1283 3411 1329 καὶ
3467 1282 3670 1337 σκότος
3727 1273 3949 1346 citus-us

3077 1196 3218 1241 ποιεῖ
3269 1189 3508 1260 οὐρανὸν⁹
3595 1194 3700 1240 καὶ
3767 1190 3944 1258 θεμεὶιε

2352 1369 2536 1435 φωτός.
2571 1361 2700 1418 Εἶτα
2723 1371 2987 1440 περιτείνει
3030 1369 3086 1418 τὸ
3148 1371 3431 1438 στερέωμα.
3487 1371 3598 1419 Καὶ
3662 1369 3770 1427 τὰς
3827 1365 3949 1416 irin-

2353 1472 2479 1514 σους
2502 1462 2598 1505 νῶν
2641 1451 2869 1519 ὑδάτων,
2925 1455 2986 1516 οἷς
3178 1456 3414 1528 ὑπεράνω
3456 1463 3555 1506 τοῦ
3610 1462 3946 1526 στερεωματε

2351 1542 2669 1616 μετεωρίζει,
2725 1542 2787 1604 άς
2885 1539 2945 1595 δε
3008 1550 3117 1604 τοῖς
3203 1552 3442 1595 κενεῶσιν
3495 1542 3848 1616 ίναποκρίνει
3897 1551 3944 1598 τε

2350 1639 2470 1701 γῆς.
2519 1630 2737 1684 Ἔπειτα
2785 1641 2954 1703 φυτῶν
2994 1637 3084 1684 καὶ
3135 1633 3279 1692 ζώων
3329 1635 3424 1692 τὰς
3475 1629 3846 1693 παντοδαπὰς
3899 1653 3949 1683 ιω

599 1727 722 1777 tum
751 1719 1032 1785 extendit,
1065 1725 1119 1775 et
1149 1721 1404 1792 abyssos
1437 1736 1758 1792 aquarum,
1801 1733 1957 1791 quas
2023 1719 2230 1791 partim

2355 1723 2474 1778 σίας
2511 1723 2600 1770 καὶ
2626 1722 2826 1792 μορφὰς
2855 1720 2990 1791 λογῳ
3019 1727 3111 1779 τῆς
3139 1727 3239 1790 γῆς
3268 1725 3359 1771 καὶ
3384 1728 3476 1771 τοῦ
3545 1717 3764 1782 ὕδατος
3801 1720 3946 1782 ego:

596 1825 781 1881 supra
800 1809 1260 1865 fundamentum
1287 1810 1616 1881 suspendit,
1641 1809 1859 1881 partim
1889 1808 2045 1864 infra
2074 1816 2242 1864 teme

599 1898 945 1970 superficies
974 1898 1033 1952 in
1064 1914 1356 1954 cavernas
1380 1905 1435 1954 et
1464 1898 1781 1967 voragines
1814 1897 2019 1968 rejicit.
2082 1897 2246 1953 Plan-

599 1994 794 2046 tarum
825 1986 1041 2043 deinde
1081 1993 1138 2043 et
1188 1988 1540 2044 animalium
1584 1987 1784 2043 varias
1837 2003 2018 2042 omne
2058 2003 2247 2056 genus

597 2082 844 2134 naturas
866 2080 922 2132 et
951 2078 1201 2148 species,
1230 2077 1325 2132 vel
1349 2093 1420 2133 ex
1452 2083 1626 2142 terra,
1665 2078 1752 2132 vel
1783 2092 1855 2132 ex
1909 2092 2072 2148 aqua
2129 2091 2242 2131 ver-

595 2167 676 2223 bo
701 2165 933 2222 excitat.
962 2169 1176 2235 Magna
1228 2177 1512 2237 prieterea
1547 2165 1870 2220 luminaria
1925 2170 2249 2220 astrorum-

596 2273 714 2328 que
771 2271 1046 2325 sparsam
1095 2257 1210 2311 late
1267 2255 1706 2311 multitudinem
1781 2253 2247 2324 pulcherrimum

597 2344 728 2400 orbi
747 2349 869 2401 toto
899 2344 1218 2416 explicavit
1239 2343 1668 2416 spectaculum,
1702 2343 1984 2413 idemque
2015 2341 2250 2412 sapien-

597 2433 690 2488 tia;
731 2448 800 2487 ac
824 2433 1137 2504 potestatis
1179 2449 1305 2487 suae
1331 2433 1562 2501 insigne
1585 2436 2065 2486 monumentum.
2098 2431 2248 2494 Quo-

595 2535 742 2576 nam
769 2522 946 2592 igitur
974 2521 1171 2577 oﬂicio
1201 2521 1494 2576 conditori
1549 2536 1641 2575 res
1680 2519 1926 2575 conditae
1991 2519 2246 2586 gratiam

594 2609 927 2681 rependant
953 2610 982 2663 ?
1009 2608 1371 2664 Laudatione
1403 2623 1522 2663 una
1553 2607 1634 2662 ob
1669 2613 1752 2662 tot
1766 2606 2026 2678 perfecta
2041 2621 2244 2677 opera.

596 2713 892 2770 sacroque
923 2698 1154 2769 hymno
1172 2697 1358 2752 mixto
1397 2713 1467 2751 ex
1489 2701 1782 2751 concentu
1809 2696 2082 2750 omnium
2105 2710 2245 2750 cum

597 2787 1109 2843 sanctissimarum
1128 2790 1418 2841 mentium
1437 2785 1800 2857 symphonia
1813 2783 2085 2839 confuso.
2105 2784 2245 2847 Quis

593 2881 795 2932 autem
829 2876 1008 2946 hujus
1045 2875 1261 2930 cantici
1295 2875 1543 2930 modum
1557 2877 1835 2929 ettonum
1868 2872 2036 2944 praeit
2062 2871 2244 2936 ?Quis

2354 1803 2580 1859 δίδωσιν
2613 1807 2687 1858 Oi}
2717 1816 2885 1859 ταῦτα
2939 1805 2997 1860 δε
3063 1813 3236 1879 μόνον,
3288 1813 3584 1881 φωστηρων
3633 1805 3705 1860 δὲ
3770 1813 3949 1880 μιγείη

2352 1901 2441 1948 καὶ
2463 1895 2690 1969 ἀστέρων
2724 1896 2896 1955 πλήθη
2924 1916 2978 1949 τε
3031 1899 3144 1949 κατ’
3192 1897 3406 1970 οὐρανὸν
3451 1903 3547 1950 καὶ
3594 1898 3804 1963 κάλλη,
3863 1899 3947 1952 si:

2355 1986 2432 2037 θει
2463 1989 2710 2046 συνέσεως
2738 1990 2829 2038 καὶ
2875 1986 3062 2057 ἰσχύος
3111 1985 3413 2058 ἕπορίσατο.
3463 1992 3558 2047 Τίς
3614 1987 3717 2038 οὖν
3779 1990 3810 2044 i3
3873 2008 3949 2058 :5;

2353 2073 2521 2125 αὐτῶν
2548 2072 2738 2144 ἀμοιϐὴ
2795 2083 2868 2145 τῷ
2913 2084 3104 2147 ποιητῇ
3139 2092 3154 2141 ;
3185 2079 3387 2136 Αἰνεσις
3469 2075 3561 2128 ἐπὶ
3614 2084 3742 2138 τοῖς
3784 2097 3949 2147 γινςμε

2557 2167 2646 2214 καὶ
2698 2164 2856 2227 ύμνος
2898 2165 3031 2235 ἱερὸς
3111 2171 3222 2224 τοῖς
3278 2168 3547 2237 πανιίροις
3603 2174 3949 2237 cur/1907557:

2355 2269 2510 2312 νοοις.
2542 2256 2631 2310 Τίς
2660 2253 2919 2322 κατάρχει
2966 2259 3062 2313 τῆς
3113 2256 3364 2313 τοιαύτης
3389 2252 3645 2312 αἰνέσεως
3683 2272 3700 2316 ;

2357 2340 2491 2390 ἔνθεν
2550 2339 2704 2410 ὕμνον
2771 2349 2844 2409 τῷ
2900 2341 3241 2414 ὑπερυμνήτῳ
3299 2344 3838 2414 προοιμιαζόμενος
3873 2345 3949 2410 Οᾴέ

2357 2429 2406 2479 οἱ
2432 2436 2520 2486 τῆς
2559 2426 2854 2498 ἡγελικῆς,
2913 2430 2982 2490 ὡς
3039 2428 3196 2498 εἰκὸς,
3259 2431 3659 2501 καθηγούμενοι
3720 2452 3948 2506 lopas-t2

2359 2520 2477 2577 σίας
2503 2535 2514 2581 ;
2547 2516 2669 2586 Ούχ
2694 2520 2743 2568 οι
2773 2514 3070 2591 ὑπερφερεῖς
3103 2513 3338 2569 διάκονοι
3389 2529 3486 2580 τῆς
3521 2522 3800 2592 θεαρχίας
3827 2542 3842 2589 ;
3872 2524 3949 2586 0.,

2354 2181 2480 2228 νοις,

3741 2260 3830 2314 τίς
3855 2257 3880 2304 ὁ
3906 2274 3949 2303 τι

2355 2607 2404 2656 οἱ
2457 2611 2674 2677 πρώτως
2721 2615 2821 2657 τῶν
2871 2626 3087 2679 πρωτων
3171 2606 3470 2679 ἐλλάμψεων
3543 2611 3949 2685 ὑπερπληρούμ

2353 2713 2450 2758 νοι,
2485 2699 2574 2746 καὶ
2630 2703 2729 2744 τῶν
2786 2697 2932 2746 θείων
2981 2695 3201 2766 εὐλόγως
3254 2697 3528 2766 ὑμνήσεων
3592 2708 3809 2771 πρῶτοι
3861 2703 3949 2750 ιιι-ἓ-

2353 2787 2660 2852 ηγησαντο;
2694 2783 2848 2835 Ἀλλά
2893 2789 3210 2854 μετενεκτέον
3272 2785 3451 2836 λοιπὸν
3503 2790 3600 2838 τὸν
3663 2787 3826 2859 λόγον
3881 2786 3949 2854 εἰν

2354 2867 2647 2942 βαδίζοντα
2673 2876 2798 2944 πρὸς
2825 2874 2890 2923 τὰ
2912 2871 3049 2934 ἔξῆς.

592 2965 722 3036 ejus
760 2965 1043 3020 carminis
1067 2964 1228 3036 quod
1260 2963 1584 3020 inlaudem
1606 2962 1851 3032 majoris
1889 2960 2055 3016 omni
2084 2959 2264 3014 laude
2297 2959 2392 3013 Dei
2425 2960 2655 3014 canitur
2683 2959 2982 3015 modulari
3005 2966 3262 3032 occupat
3316 2964 3631 3034 prooemia
3693 2965 3723 3018 ἱ)
3756 2969 3850 3022 An
3871 2981 3950 3021 non

591 3055 706 3110 illis
748 3070 856 3110 suo
896 3055 1108 3110 merito
1134 3055 1296 3110 chori
1330 3053 1702 3125 principibus
1731 3051 2003 3121 angelici,
2034 3049 2147 3104 illis
2198 3047 2673 3120 praecellentibus
2745 3049 2841 3104 Dei
2907 3049 3206 3120 ministris,
3259 3050 3370 3105 illis
3429 3053 3799 3122 primarum
3856 3056 3950 3110 ΗΜ

591 3145 946 3200 strationum
989 3143 1088 3198 Dei
1107 3142 1497 3214 participibus
1523 3143 1637 3196 hoc
1667 3139 2050 3196 tribuendum
2077 3143 2168 3193 est
2207 3142 2266 3191 ut
2295 3135 2354 3190 in
2391 3135 2490 3190 Dei
2521 3136 2910 3192 concinendis
2935 3137 3219 3193 laudibus
3259 3140 3514 3195 musicae
3561 3145 3749 3198 omni
3791 3145 3947 3200 mouit--

588 3237 794 3288 rentur
822 3237 850 3287 ν
877 3235 1092 3287 Verum
1130 3237 1334 3287 tamen
1362 3230 1724 3286 reducamus
1747 3230 1807 3284 in
1839 3229 1999 3284 viam
2037 3226 2393 3291 orationem,
2430 3232 2486 3279 et
2519 3233 2730 3297 sponte
2752 3225 3034 3298 deinceps
3089 3241 3199 3282 sua
3244 3235 3672 3300 perrecturam
3735 3234 3818 3288 ad
3863 3236 3948 3288 rei:

591 3337 716 3393 qua
737 3321 1130 3377 dimittamus.

662 3412 852 3465 Homo
881 3409 1059 3478 igitur
1091 3408 1190 3464 Dei
1221 3423 1406 3463 manu
1456 3407 1529 3462 ad
1597 3407 1856 3463 auctoris
1915 3405 2240 3475 imaginem
2275 3405 2312 3459 C

589 3497 1002 3552 conformatus
1041 3497 1102 3551 in
1121 3496 1402 3567 paradiso
1432 3496 1529 3550 Dei
1561 3495 1889 3551 collocatus
1939 3501 2050 3552 est.
2100 3495 2240 3549 Inde

588 3585 670 3640 illi
699 3585 924 3641 ibidem
955 3585 1203 3640 edicitur
1231 3600 1505 3657 quosque
1555 3584 1780 3639 fructus
1831 3584 1921 3639 fas
1985 3585 2060 3639 sit
2115 3599 2238 3639 car-

588 3687 748 3744 pere,
771 3687 1050 3745 quosque
1079 3671 1248 3727 nefas
1270 3677 1599 3727 attrectare.
1663 3673 1853 3735 Quam
1913 3678 1975 3726 ut
2019 3671 2115 3726 ille
2162 3671 2238 3726 le-

586 3776 724 3831 gem
761 3761 977 3817 infelici
999 3762 1196 3832 gustui
1227 3761 1594 3833 posthabuit,
1646 3761 1857 3816 eadem
1903 3761 1984 3816 illi
2038 3761 2235 3815 vinde-

583 3850 706 3907 mia
725 3867 862 3922 quaa
887 3850 1396 3924 praevaricationis
1452 3865 1635 3905 uvam
1694 3865 2026 3921 praecocem
2064 3851 2234 3906 obtu-

579 3937 745 4001 lerat.
780 3956 1024 4012 poenam
1050 3955 1293 4012 quoque
1315 3945 1669 4010 praesentem
1726 3938 1916 3994 exsilii
1962 3955 2034 3995 ex
2098 3939 2232 3995 loco

580 4029 993 4086 ammnissimo
1025 4027 1340 4084 tristissimi
1387 4027 1741 4099 propinavit.
1802 4028 2088 4100 Deinceps
2142 4028 2229 4083 illi

575 4117 898 4188 paradisus
911 4117 1223 4174 clauditur.
1240 4116 1846 4188 Appositiclavisloco
1885 4115 2226 4186 Cherubim,

575 4221 686 4262 nec
714 4206 994 4272 inermes,
1029 4207 1133 4263 sed
1165 4207 1377 4262 muniti
1403 4207 1602 4275 gladio
1641 4207 1898 4263 versatili
1942 4213 1999 4264 et
2054 4207 2221 4264 ﬂam-

574 4308 710 4350 meo
739 4311 921 4367 quem
960 4311 1081 4352 non
1113 4295 1296 4351 alium
1323 4294 1596 4350 fuisseab
1626 4296 1873 4366 eoquod
1894 4295 2218 4352 laudamus

570 4382 849 4452 equidem
875 4384 1228 4439 crediderim
1260 4400 1273 4437 :
1307 4383 1385 4438 ab
1415 4383 1548 4448 hoc,
1572 4383 1844 4455 inquam,
1884 4385 2218 4456 praecellen-

569 4469 802 4525 tissimo
829 4471 1353 4542 intelligentiarum
1380 4471 1512 4542 pari
1540 4472 1830 4528 virtutum
1889 4474 2216 4530 cmlestium

568 4558 743 4628 quasi
772 4558 1009 4628 fastigio
1039 4567 1095 4615 et
1140 4558 1600 4630 complemento.
1641 4561 1743 4616 Cui
1776 4561 1854 4617 ob
1904 4563 2215 4618 scindendi

565 4646 812 4718 quidem
842 4648 1032 4704 aciem
1084 4655 1139 4704 et
1194 4647 1457 4704 hostium
1513 4650 2029 4707 conficiendorum
2092 4654 2212 4709 vim

560 4736 889 4807 romphaea;
916 4753 1138 4793 nomen
1163 4736 1459 4792 convenit.
1494 4740 1714 4793 Natura
1745 4755 1882 4795 vero
1913 4741 2081 4812 quod
2138 4742 2212 4798 sit

560 4824 736 4893 ignea
748 4832 804 4880 et
817 4827 1078 4882 materia:
1091 4824 1396 4880 deterioris
1420 4826 1735 4899 noxiisque
1749 4830 2210 4901 comsumptrice
2249 4824 2274 4846 "

557 4906 863 4976 aptissime
897 4906 973 4961 illi
1018 4906 1370 4977 adjunctum
1431 4921 1674 4978 quoque
1726 4907 1986 4979 quadrat
2034 4909 2208 4966 ﬂam-

555 5001 726 5040 meae.
755 4987 895 5053 Quae
920 4986 1085 5059 quod
1112 4985 1325 5041 dicitur
1353 4986 1662 5053 versatilis,
1727 5004 1797 5042 eo
1851 4988 2045 5044 valere
2109 5007 2205 5045 su-

553 5073 751 5144 spicor
780 5081 843 5131 ut
871 5075 950 5130 ad
993 5091 1238 5131 omnem
1283 5074 1658 5143 cogitationis
1716 5082 1947 5130 motum
1997 5094 2202 5148 prom-

550 5161 822 5232 ptissima
855 5163 1365 5219 velocissimarum
1394 5165 1682 5218 mentium
1715 5164 2010 5230 alacritas,
2032 5190 2058 5216 ››
2075 5172 2199 5223 tum

547 5249 627 5304 ad
656 5267 1080 5325 quemcunque
1111 5258 1323 5308 nutum
1359 5252 1587 5308 domini
1618 5253 2067 5324 expeditissima
2113 5256 2198 5312 fa-

543 5338 805 5396 cilitaset
869 5343 1104 5411 agilitas
1162 5342 1470 5398 celerrima
1527 5341 1887 5412 designetur.
1966 5346 2195 5410 Quibus

541 5431 946 5486 commendati
978 5432 1218 5488 dotibus
1247 5431 1601 5503 Archangeli
1632 5432 1690 5487 in
1723 5433 1982 5490 eundem
2038 5435 2192 5492 ordi-

537 5530 680 5572 nem
714 5533 854 5574 cum
880 5520 1197 5577 Cherubim
1227 5522 1307 5578 ad
1335 5527 1522 5595 portae
1547 5522 1812 5594 paradisi
1855 5525 2191 5584 custodiam

536 5604 779 5679 ascripti
805 5612 964 5680 sunt,
993 5624 1117 5682 quo
1174 5625 1300 5667 non
1345 5615 1582 5668 tantum
1637 5615 1874 5668 strenue
1946 5615 2187 5687 perfun-

2422 3402 2724 3478 ’Ἄνθρωπος
2757 3411 2926 3458 τοίνυν
2957 3412 3101 3480 χειρὶ
3133 3415 3266 3460 Θεοῦ
3328 3413 3417 3460 καὶ
3459 3409 3636 3463 εἰκόνι
3693 3418 3945 3488 pappet-aiax;

2351 3491 2400 3544 ἐν
2458 3491 2764 3566 παραδείσῳ
2807 3497 3032 3548 τέθειται
3103 3505 3258 3551 Θεοῦ.
3324 3497 3549 3550 Ἐκεῖθεν
3603 3502 3762 3572 αὐτῷ
3810 3504 3945 3554 λείπω

2349 3583 2378 3639 ἡ
2441 3580 2611 3640 ἐντολή
2675 3582 2740 3634 ὧν
2791 3604 2844 3636 τε
2895 3594 3104 3658 καρπῶν
3169 3587 3522 3658 μεταληπτέον
3615 3599 3716 3643 καὶ
3803 3590 3858 3643 οὗ
3898 3613 3940 3660 si

2348 3675 2693 3744 προσαπτέον.
2741 3675 2882 3725 Ἐπεὶ
2942 3670 3000 3725 δὲ
3052 3676 3246 3732 ταύτην
3303 3671 3499 3737 ἡδονῆς
3566 3678 3837 3750 ὴμοίϐετο
3885 3701 3940 3730 τί·

2347 3763 2494 3829 κρᾶς,
2538 3764 2734 3831 καρπὸν
2766 3759 3108 3834 παραϐάσεως
3147 3771 3239 3814 τοῦ
3281 3759 3629 3836 παραδείσου
3689 3774 3790 3826 τήν

2343 3844 2434 3915 φιν
2483 3846 2692 3920 ἐτρύγα.
2754 3848 2985 3901 κλείεται
3037 3845 3095 3902 δὲ
3145 3850 3371 3903 λοιπὸνὸ
3402 3851 3755 3924 παράδεισος
3815 3861 3924 3908 atri

2347 3935 2492 3996 κλεὶς
2523 3933 2582 3988 δὲ
2607 3939 2671 3988 τὰ
2709 3937 2974 4012 Χερουϐὶμ
3017 3937 3176 4010 ἐτάγη
3235 3939 3293 3992 ού
3345 3945 3500 4011 μόνα,
3559 3940 3706 3996 ἀλλά
3764 3952 3850 3998 σὺν

2343 4031 2679 4098 στρεφομένη,
2736 4027 2797 4084 ἦν
2879 4027 2972 4079 οὐκ
3033 4027 3190 4086 ἄλλην
3258 4025 3402 4101 οἶμαί
3459 4050 3584 4083 τινα
3655 4043 3934 4109 amicust-ign

2336 4117 2567 4166 νοεῖσθαι
2598 4115 2626 4172 ἣ
2685 4119 2778 4173 τὴν
2826 4123 2912 4167 νῦν
2998 4116 3335 4189 ὑποκειμένην
3415 4118 3483 4179 εἰς
3566 4123 3813 4191 ἔπαινον,
3863 4135 3933 4174 :a'n

2333 4201 2581 4273 οὐρανίων
2638 4200 2903 4277 δυνάμεων
2937 4210 3030 4263 τὴν
3083 4203 3364 4279 κορωνίδα,
3415 4212 3511 4265 τὴν
3565 4209 3932 4285 ὑπερφερεπέ-

2333 4309 2424 4347 την
2456 4300 2555 4342 τῶν
2587 4298 2711 4343 νὸων
2743 4291 3027 4366 ξυνωρίδα.
3079 4293 3335 4367 Ῥομφαία
3385 4299 3477 4367 μὲν
3542 4298 3645 4348 οὖν
3708 4304 3777 4363 ὡς
3830 4321 3928 4374 ta:-

2330 4387 2447 4440 τικη
2502 4382 2705 4453 λέγεται
2764 4389 2854 4436 καὶ
2902 4393 3000 4436 τῶν
3051 4383 3288 4437 ἐναντίων
3335 4382 3683 4461 διαιρετικὴ·
3745 4393 3922 4465 φλογίνξ

2331 4463 2390 4520 δὲ
2428 4471 2498 4530 ὡς
2523 4476 2712 4542 πυρίνη
2745 4475 2838 4529 τὴν
2871 4475 3026 4543 φύσιν
3070 4478 3159 4525 καὶ
3213 4482 3304 4534 τῆς
3355 4480 3602 4547 χείρονος
3677 4463 3806 4541 ὕλης
3859 4501 3920 4529 11'

2327 4558 2606 4631 μοχθηρᾶς
2660 4557 3029 4620 ἐξαναλωτικὴο
3104 4567 3417 4635 πρεφομώνη
3489 4558 3549 4615 δὲ
3639 4573 3829 4640 τυχὸν,
3877 4573 3921 4624 ὡς

2325 4651 2584 4717 ταχίστη,
2645 4653 2734 4700 καὶ
2799 4647 2913 4700 λίαν
2988 4654 3082 4706 τὴν
3147 4653 3323 4723 νοερὰν
3378 4656 3592 4708 κίνησιν
3670 4659 3919 4732 εὕστροοες

2323 4738 2453 4808 πρὸς
2500 4739 2593 4792 τὴν
2672 4745 2764 4788 τοῦ
2827 4743 3147 4790 Δεσποτικοῦ
3216 4743 3461 4812 νεύματος
3501 4749 3827 4814 περαίωσιν,
3872 4745 3915 4796 Ἠ

2321 4830 2430 4882 τοῖς
2499 4823 2761 4898 Χερουϐιμ
2808 4823 3019 4887 ἐκείνοις
3079 4828 3348 4900 ὁμοταγῶς
3410 4827 3631 4882 ἑστῶσα
3701 4840 3796 4893 τὴν
3847 4843 3914 4886 ττι-ζ·

2318 4908 2645 4986 παραδείσου
2675 4915 2831 4987 θύραν
2860 4916 3112 4987 ἐπιτηρεῖ,
3146 4915 3222 4978 οἷς
3251 4917 3340 4989 μὲν
3373 4921 3466 4975 τὴν
3516 4917 3741 4973 εἴσοδον
3807 4925 3915 4976 ὑπε-

2315 5009 2591 5075 χωροῦσα,
2624 5002 2653 5060 ἦ
2689 4999 3035 5071 ὀδοποιοῦσα,
3094 5001 3170 5068 οἷς
3222 5001 3431 5064 δηλαδὴ
3493 5006 3744 5074 θεοειδὴς
3772 5016 3911 5082 ὀττεί-

2314 5107 2405 5149 πος
2442 5086 2654 5150 κηλίδος
2677 5110 2729 5143 τε
2760 5093 2934 5154 πάσης
2965 5097 3052 5145 καὶ
3097 5093 3274 5167 ῥύπων
3323 5098 3380 5146 τὸ
3439 5093 3606 5167 βάθος
3666 5110 3906 5174 σαρκικεὲο

2311 5179 2688 5251 καθηραμένοςο
2758 5179 2832 5240 οἷς
2909 5176 2967 5233 δὲ
3009 5180 3162 5233 πάλιν
3239 5187 3475 5257 φρημός
3557 5181 3901 5251 ἀδιέξοδοςξ

2307 5267 2554 5340 μάχαιρα
2582 5263 2835 5340 δίστομος
2865 5272 3292 5342 προσαπωτῶσα
3321 5269 3402 5334 οἷς
3452 5272 3548 5324 οὐκ
3613 5273 3730 5337 ἐξὸν
3794 5280 3900 5331 εἶναι

2305 5362 2402 5405 τῶν
2442 5351 2726 5425 ἀψαύστων
2756 5355 3071 5429 ἐπιψαῦσαι.
3104 5358 3246 5413 Ἐπεὶ
3277 5356 3336 5412 δὲ
3377 5363 3506 5433 μετὰ
3549 5372 3727 5417 ταῦτα
3773 5374 3899 5418 mm

2301 5446 2391 5514 μὲν
2448 5445 2581 5519 σὰρξ
2637 5451 2729 5504 τὴν
2778 5443 2901 5499 ὁδὸν
2959 5447 3120 5509 αὐτῆς
3166 5447 3214 5501 ἐν
3270 5455 3537 5524 προσώπῳ
3592 5459 3733 5506 Θεοῦ
3789 5476 3896 5508 κατ-

2299 5531 2520 5606 έφθειρεν
2560 5533 2643 5586 ἐπὶ
2674 5542 2766 5597 τῆς
2795 5543 2917 5608 γῆς,
2944 5543 3091 5590 πᾶσα
3117 5534 3176 5591 δε
3219 5535 3431 5592 διάνοια
3480 5537 3685 5613 κομιδῆ
3749 5564 3894 5616 προτ-

2296 5619 2546 5684 ίκειτοτῆ
2597 5628 2840 5703 πονηρίᾳ,
2881 5627 2940 5679 ού
2990 5623 3196 5682 δίκαιον
3254 5624 3428 5696 ἔδοξεν
3491 5632 3576 5685 ἔτι
3621 5635 3684 5686 τὸ
3708 5643 3891 5710 πνεῦμα
