3966 6324
563 292 707 370 1221

2090 307 2444 367 ADDENDA.

3821 315 3958 370 ωε

570 436 674 493 uni
696 427 972 492 omnium
1003 447 1202 490 rerum
1235 432 1486 490 Domino
1507 435 1940 506 pulcherrimas
2009 449 2217 488 earum

2327 445 2601 507 προσεχῶς
2649 441 3055 513 παρεστηκέναι.
3126 442 3214 497 Τίς
3272 436 3362 489 οὖν
3409 443 3485 506 τῷ
3541 442 3646 486 τοῦ
3699 435 3958 505 Ὕψίσττυτ

570 539 844 596 quasque
873 528 1090 594 prasto
1129 537 1366 593 semper
1398 529 1453 578 et
1503 536 1706 579 coram
1765 522 2023 576 adstare.
2081 522 2223 585 Quis

569 614 746 681 igitur
784 611 861 666 ad
912 610 1198 666 Altissimi
1243 611 1525 667 thronum
1587 611 1859 683 proxime
1920 609 2225 665 excubat?

571 701 714 765 Quis
739 699 992 754 idoneus
1024 698 1301 754 inventus
1333 706 1424 754 est
1447 701 1548 772 qui
1613 701 1690 756 ad
1750 701 1880 770 ejus
1946 697 2226 752 sublimi-

572 793 690 845 tate
719 789 1040 843 inaccessa
1088 788 1416 858 majestatis
1472 789 1749 844 intimum
1807 803 1877 843 ac
1933 785 2226 842 familiare

572 877 1369 947 ministeriumquotidianus
1401 878 1784 933 adhiberetur
1845 875 2084 934 Michael
2133 875 2227 929 hic

573 967 858 1023 nimirum
885 971 941 1021 et
1006 965 1239 1021 Gabriel
1279 973 1383 1022 est.
1443 967 1509 1022 Hi
1550 983 1847 1038 suprema
1897 965 2228 1035 majestatis

577 1058 910 1128 stipatores.
946 1057 1012 1111 Hi
1080 1057 1355 1112 doctores
1424 1057 2001 1129 sapientissimarum
2061 1072 2227 1112 men-

577 1146 743 1202 tium.
777 1148 843 1202 Et
861 1146 922 1201 in
949 1162 1081 1202 arce
1106 1147 1374 1218 quadam
1397 1146 1755 1202 excellentia
1773 1145 1986 1216 majori
2019 1161 2230 1217 quam'

575 1235 692 1291 dici
719 1235 909 1306 possit
956 1251 1206 1290 excessu
1297 1235 1660 1290 celsitudinis
1728 1250 1912 1306 supra
1982 1243 2227 1290 Omnem

577 1328 912 1380 creatarum
936 1339 1137 1378 rerum
1150 1325 1382 1396 apicem
1397 1323 1686 1392 collocati,
1713 1323 1858 1378 Hinc
1883 1339 2012 1392 jam
2055 1339 2226 1377 mun-

579 1413 641 1468 di
669 1412 942 1468 conditor
969 1412 1268 1484 reliquum
1325 1413 1405 1468 ad
1443 1428 1597 1484 opus
1639 1411 2003 1481 aggreditur.
2061 1413 2230 1467 Great

577 1502 795 1558 calum
827 1505 882 1556 et
909 1501 1124 1557 fundat
1150 1506 1390 1557 terram.
1425 1502 1596 1556 Lucis
1650 1507 1931 1556 naturam
1978 1503 2223 1572 promit,

580 1596 636 1648 et
665 1590 942 1646 tenebras
973 1590 1255 1646 discernit
1280 1607 1315 1647 a
1343 1590 1590 1647 lumine.
1631 1589 1853 1645 Deinde
1883 1589 2228 1644 ﬁrmamen-

2330 520 2638 598 παρεδρεύιι
2679 529 2842 598 θρόνῳ
2869 531 3001 597 ςΤίς
3063 533 3162 577 τῶν
3227 527 3432 576 πάντων
3481 523 3768 594 ἐγγύτατα
3841 545 3958 597 πρε

2334 617 2458 662 σίων
2516 622 2586 683 τῷ
2671 614 2940 688 ἀπροσίτῳ
3041 616 3328 688 θεοπρεπῶς
3400 631 3458 663 τε
3527 611 3843 686 lui-0973i,
3888 633 3954 662 κα

2336 698 2557 761 ἀεννάως
2618 699 2958 754 διατέτακται
2991 721 3004 770 ;
3039 702 3104 754 Ἦ
3173 698 3329 760 δῆλον
3406 702 3488 751 ὅτι
3554 701 3811 770 Μιχαὴλ
3887 722 3950 751 zu

2334 788 2582 860 Γαϐριὴλ,
2637 793 2685 842 οἱ
2735 801 2824 852 τῆς
2879 793 3169 865 ὑπερτάτης
3232 789 3594 862 μηαλοσύνης
3643 785 3954 862 δορυφόροι

2333 881 2382 929 οὶ
2410 887 2752 952 μυσταγωγοὶ
2807 891 2905 933 τῶν
2958 883 3259 954 ὑπερσόφων
3302 885 3449 945 νὸων,
3529 883 3630 931 καὶ
3687 889 3797 939 τῆς
3865 881 3956 936 ὡς

2334 973 2553 1028 κτίσεως
2658 969 2946 1044 ἀφράστοις
3042 971 3326 1043 ὑπεροχαῖς
3439 971 3570 1042 ὑπερ
3579 974 3957 1040 ανῳκισμένοι

2337 1054 2586 1110 Ἀπτεται
2632 1059 2810 1110 λοιπὸν
2860 1058 3084 1112 ἐντεῦθεν
3170 1067 3261 1118 τῆς
3328 1066 3428 1108 τῶν
3477 1063 3790 1128 γινομένων
3853 1065 3957 1127 γενέ

2340 1164 2464 1205 σεως
2516 1148 2541 1197 ὁ
2591 1151 2970 1221 γενεσιουργός·
3065 1153 3204 1199 ποιεῖ
3255 1146 3492 1218 οὐρανὸν⁹
3577 1151 3678 1198 καὶ
3747 1148 3957 1216 Garuli:

2335 1243 2455 1305 ’χῆν’
2511 1238 2736 1308 παράγει
2818 1241 2980 1307 φωτὸς
3050 1235 3254 1301 οὐσίαν,
3307 1240 3396 1287 καὶ
3453 1239 3649 1294 σκότος
3707 1231 3958 1306 acupis:

2339 1327 2522 1394 φωτός.
2558 1320 2686 1376 Εἶτα
2709 1329 2973 1398 περιτείνει
3017 1328 3073 1376 τὸ
3135 1328 3416 1396 στερέωμα.
3473 1328 3583 1377 Καὶ
3646 1327 3755 1384 τὰς
3821 1323 3958 1375 ὰϐνε

2339 1431 2465 1472 σονς
2488 1421 2585 1464 νῶν
2627 1409 2855 1477 ὑδάτων,
2912 1413 2973 1475 οἷς
3165 1413 3399 1485 ὑπεράνω
3441 1420 3536 1464 τοῦ
3596 1419 3956 1484 στερεὼματο

2337 1501 2656 1574 μετιωρίζει,
2712 1501 2773 1563 ἅς
2871 1497 2931 1553 δε
2995 1508 3104 1561 τοῖς
3189 1510 3428 1554 κενεῶσιν
3481 1499 3844 1574 ἕναποκρίνει
3896 1509 3953 1558 τιξ

2336 1597 2456 1660 γῆς.
2506 1589 2723 1642 Ἔπειτα
2771 1599 2941 1661 φυτῶν
2981 1596 3071 1642 καὶ
3122 1590 3264 1650 ζωων
3314 1591 3409 1650 τὰς
3461 1586 3844 1651 παντοδαπὰς
3896 1591 3957 1641 οὐ

585 1687 709 1736 tum
737 1679 1018 1743 extendit,
1051 1684 1106 1734 et
1136 1679 1390 1751 abyssos
1424 1695 1744 1750 aquarum,
1787 1693 1943 1750 quas
2010 1678 2217 1750 partim

2341 1682 2460 1736 σίας
2497 1681 2587 1728 καὶ
2613 1679 2812 1750 μορφὰς
2841 1678 2977 1749 λογῳ
3007 1685 3098 1737 τῆς
3126 1685 3225 1748 γῆς
3254 1682 3345 1729 καὶ
3371 1685 3464 1729 τοῦ
3529 1674 3752 1740 ὓδατος
3795 1678 3957 1740 ἐξαναη

583 1785 767 1840 supra
787 1768 1246 1824 fundamentum
1274 1768 1602 1840 suspendit,
1628 1767 1844 1840 partim
1875 1767 2031 1823 infra
2061 1774 2228 1822 terra

586 1857 932 1929 superﬁcies
961 1857 1020 1911 in
1051 1873 1343 1913 cavernas
1367 1862 1422 1912 et
1451 1856 1768 1925 voragines
1800 1856 2005 1926 rejicit.
2068 1855 2232 1911 Plan-

585 1953 782 2005 tarum
811 1945 1028 2002 deinde
1067 1950 1124 2002 et
1175 1947 1527 2002 animalium
1571 1946 1771 2002 varias
1823 1960 2003 2000 omne
2044 1961 2233 2015 genus

583 2041 830 2093 naturas
853 2039 909 2090 et
938 2037 1188 2106 species,
1216 2036 1312 2091 vel
1335 2052 1406 2092 ex
1439 2042 1613 2101 terra,
1651 2037 1738 2090 vel
1769 2051 1842 2090 ex
1895 2049 2058 2106 aqua
2113 2050 2229 2089 ver-

581 2127 663 2182 bo
688 2125 920 2180 excitat.
949 2127 1164 2194 Magna
1215 2135 1499 2196 praterea
1533 2123 1856 2179 luminaria
1911 2128 2236 2178 astrorum-

583 2231 700 2287 que
758 2229 1034 2284 sparsam
1082 2215 1197 2270 late
1253 2213 1692 2269 multitudinem
1767 2211 2233 2282 pulcherrimum

583 2302 714 2359 orbi
735 2307 856 2360 toto
887 2303 1204 2375 explicavit
1225 2302 1656 2374 spectaculum,
1689 2301 1971 2372 idemque
2001 2300 2236 2370 sapien-

584 2392 677 2447 tia
718 2407 786 2446 ac
811 2392 1124 2462 potestatis
1166 2407 1292 2445 sua
1317 2391 1549 2459 insigne
1571 2395 2051 2444 monumentum.
2084 2389 2235 2453 Quo-

581 2495 728 2535 nam
756 2481 933 2552 igitur
961 2479 1158 2536 oﬂicio
1188 2479 1480 2534 conditori
1535 2494 1628 2533 res
1667 2477 1914 2534 condita
1978 2477 2233 2544 gratiam

581 2568 914 2640 rependant
940 2568 968 2622 ?
996 2567 1358 2622 Laudatione
1390 2582 1508 2622 una
1540 2565 1620 2620 ob
1657 2570 1739 2620 tot
1753 2565 2013 2637 perfecta
2028 2579 2230 2635 opera.

583 2671 880 2729 sacroque
910 2656 1141 2728 hymno
1159 2656 1344 2710 mixto
1384 2671 1453 2710 ex
1476 2660 1770 2710 concentu
1795 2654 2068 2709 omnium
2091 2668 2232 2708 cum

583 2745 1096 2802 sanctissimarum
1115 2748 1405 2800 mentium
1424 2743 1788 2815 symphonia
1799 2742 2072 2797 confuso.
2091 2742 2232 2805 Quis

581 2839 782 2890 autem
815 2834 996 2905 hujus
1032 2833 1249 2889 cantici
1282 2833 1530 2888 modum
1544 2836 1822 2888 ettonum
1856 2830 2023 2902 prait
2048 2829 2230 2894 ‘IQuis

2340 1761 2566 1818 δίδωσιν
2599 1765 2674 1817 Ού
2704 1773 2872 1818 ταῦτα
2926 1763 2984 1818 δε
3051 1771 3223 1837 μόνον,
3275 1771 3566 1839 φωστήρων
3621 1763 3689 1818 δῖε
3759 1770 3956 1838 μεγέθη

2338 1859 2427 1906 καὶ
2449 1853 2677 1928 ἀστέρων
2711 1854 2883 1913 πλήθη
2911 1874 2966 1907 τε
3018 1857 3131 1907 κατ’
3179 1854 3393 1928 οὐρανὸν
3436 1861 3530 1907 καὶ
3578 1855 3798 1920 κάλλη,
3859 1856 3952 1911 πλη

2342 1944 2418 1994 θει
2449 1948 2696 2004 συνέσεως
2725 1948 2816 1996 καὶ
2861 1943 3049 2016 ἰσχύος
3098 1943 3398 2016 ίπορίσατο.
3448 1949 3540 2004 Τίς
3600 1945 3702 1996 οὖν
3769 1947 3803 2002 ia
3867 1966 3957 2017 περ

2339 2031 2507 2084 αὑτῶν
2535 2031 2724 2103 ἀμοιϐὴ
2782 2040 2855 2103 τῷ
2900 2042 3091 2105 ποιητῇ
3127 2050 3140 2099 ;
3171 2036 3374 2094 Αἷνεσις
3454 2032 3542 2085 ἐπὶ
3601 2041 3729 2096 τοῖς
3773 2040 3953 2105 τινομε

2341 2139 2466 2186 νοις,
2543 2126 2632 2172 καὶ
2684 2121 2843 2185 ὑμνος
2886 2123 3018 2193 ἱερὸς
3099 2128 3208 2182 τοῖς
3265 2125 3530 2195 πανιίροις
3587 2131 3957 2194 συγκροτεῖτα

2341 2228 2496 2270 νοοις.
2529 2213 2618 2269 Τίς
2647 2211 2906 2280 κατάρχει
2953 2217 3049 2271 τῆς
3101 2213 3350 2271 τοιαύτης
3377 2209 3632 2270 αἰνέσεως
3669 2229 3686 2274 ;
3726 2218 3822 2271 τίς
3849 2214 3875 2262 ο
3902 2217 3952 2262 τὰ

2343 2299 2477 2349 ἔνθεν
2536 2297 2692 2368 ὖμνον
2758 2307 2831 2368 τῷ
2887 2299 3229 2372 ὑπερυμνητῳ
3287 2301 3830 2372 προοιμιαζόμενοςς
3867 2300 3957 2370 0‘3}

2343 2388 2392 2438 οὶ
2419 2394 2507 2444 τῆς
2546 2384 2841 2457 ἀγγελικῆς,
2901 2388 2969 2448 ὡς
3026 2387 3182 2455 εἰκὸς,
3247 2388 3647 2459 καθηγούμενοι
3705 2409 3957 2462 χοροστα·

2345 2479 2501 2539 σίας;
2533 2475 2655 2545 Οὐχ
2681 2478 2729 2526 oi
2761 2471 3056 2549 ὑπερφερείς
3089 2471 3324 2528 διάκονοι
3377 2485 3471 2537 τῆς
3507 2479 3791 2549 θεαρχίας
3818 2498 3834 2545 ;
3865 2480 3957 2547 0-."

2342 2566 2390 2614 οἱ
2444 2570 2662 2636 πρώτως
2708 2573 2808 2615 τῶν
2857 2584 3074 2637 πρωτων
3158 2564 3452 2636 ἐλλάμψεων
3528 2567 3958 2642 ὑπερπληρονμ-

2339 2671 2437 2716 νοι,
2471 2657 2561 2704 καί
2617 2661 2716 2703 τῶν
2773 2654 2918 2704 θείων
2968 2652 3188 2724 εὐλόγως
3241 2655 3512 2724 ὑμνήσεων
3570 2665 3799 2728 πρῶτοι
3853 2660 3958 2707 καῦ-

2340 2745 2648 2812 ηγησαντο;
2681 2741 2835 2792 Ἀλλά
2881 2746 3198 2812 μετενεκτέον
3259 2743 3434 2794 λοιπὸν
3488 2747 3580 2795 τὸν
3648 2745 3817 2817 λογον
3875 2743 3957 2797 έδε

2341 2825 2634 2900 βαδίζοντα
2660 2833 2785 2902 πρὸς
2811 2832 2877 2881 τὰ
2899 2830 3036 2892 ἔξῆς.

579 2923 709 2994 ejus
747 2923 1030 2979 carminis
1054 2922 1215 2994 quod
1246 2922 1308 2977 in
1327 2922 1571 2978 laudem
1593 2920 1838 2991 majoris
1875 2918 2043 2975 omni
2071 2917 2250 2972 laude
2285 2918 2380 2971 Dei
2412 2918 2642 2972 canitur
2669 2917 2968 2973 modulari
2993 2924 3249 2990 occupat
3303 2921 3613 2992 prooemia.
3680 2923 3711 2976 ἰν
3743 2926 3838 2979 An
3860 2939 3957 2979 non

579 3013 694 3068 illis
735 3028 844 3069 suo
882 3012 1095 3068 merito
1120 3013 1283 3068 chori
1318 3011 1688 3084 principibus
1718 3009 1990 3079 angelici,
2021 3007 2134 3062 illis
2184 3005 2660 3078 praccllentibus
2732 3007 2828 3062 Dei
2894 3006 3194 3077 ministris,
3246 3008 3356 3063 illis
3413 3010 3786 3080 primarum
3845 3014 3956 3068 illu-

578 3103 933 3158 strationum
974 3101 1075 3157 Dei
1093 3100 1484 3173 participibus
1509 3101 1624 3155 hoc
1655 3097 2038 3154 tribuendum
2064 3101 2156 3151 est
2193 3100 2253 3149 ut
2282 3093 2343 3148 in
2377 3093 2478 3149 Dei
2507 3095 2897 3150 concinendis
2922 3095 3206 3152 laudibus
3246 3097 3499 3152 musica
3544 3102 3736 3156 omni
3777 3102 3950 3157 mode-

575 3195 781 3248 rentur
809 3195 838 3245 ?
865 3193 1080 3246 Verum
1117 3195 1321 3245 tamen
1349 3188 1712 3244 reducamus
1733 3188 1795 3242 in
1826 3187 1987 3243 viam
2024 3184 2380 3249 orationem,
2417 3189 2472 3237 et
2506 3191 2719 3256 sponte
2740 3184 3022 3257 deinceps
3076 3199 3186 3240 sua,
3230 3192 3658 3258 perrectumm
3722 3191 3805 3246 ad

578 3296 702 3352 qua
724 3279 1118 3335 dimittamus.

649 3371 839 3423 Homo
869 3368 1047 3437 igitur
1078 3367 1177 3422 Dei
1208 3381 1393 3421 manu
1443 3365 1516 3421 ad
1584 3365 1842 3421 auctoris
1902 3364 2226 3433 imaginem
2262 3363 2299 3417 C

576 3455 989 3512 conformatus
1028 3455 1089 3510 in
1108 3455 1389 3526 paradiso
1419 3454 1516 3509 Dei
1548 3453 1876 3509 collocatus
1926 3457 2037 3509 est.
2087 3452 2227 3507 Inde

575 3543 656 3599 illi
686 3544 912 3599 ibidem
942 3543 1190 3599 edicitur
1218 3558 1492 3616 quosque
1542 3542 1767 3598 fructus
1818 3542 1908 3597 fas
1971 3543 2047 3597 sit
2102 3557 2226 3597 car-

575 3646 735 3703 pere,
758 3646 1036 3704 quosque
1066 3630 1235 3686 nefas
1257 3635 1586 3685 attrectare.
1651 3631 1840 3694 Quam
1900 3636 1962 3684 ut
2006 3629 2102 3684 ille
2149 3629 2225 3684 le-

573 3735 711 3789 gem
748 3720 964 3776 infelici
987 3721 1183 3790 gustui
1214 3719 1582 3792 posthabuit,
1633 3719 1844 3774 eadem
1890 3719 1973 3774 illi
2026 3719 2223 3774 vinde-

570 3809 694 3864 mia
712 3826 849 3881 qua
874 3808 1384 3882 pravaricationis
1441 3824 1624 3864 uvam
1682 3823 2014 3880 pracocem
2051 3808 2222 3864 obtu-

567 3897 733 3960 lerat,
767 3915 1012 3971 panam
1037 3913 1281 3971 quoque
1302 3903 1656 3968 prasentem
1713 3896 1903 3953 exsilii
1950 3913 2022 3954 ex
2085 3897 2219 3952 loco

567 3987 980 4044 amwnissimo
1010 3986 1327 4042 tristissimi
1374 3986 1728 4057 propinavit.
1789 3986 2076 4058 Deinceps
2130 3986 2216 4041 illi

563 4076 885 4146 paradisus
897 4076 1210 4132 clauditur.
1227 4075 1834 4146 Appositiclavisloco
1872 4073 2214 4143 Cherubim,

561 4180 673 4220 nec
701 4165 981 4231 inermes,
1016 4166 1121 4221 sed
1153 4165 1364 4220 muniti
1390 4165 1590 4233 gladio
1626 4165 1885 4221 versatili
1929 4171 1987 4221 et
2041 4165 2209 4222 ﬂam-

561 4267 697 4308 meo
726 4270 908 4326 quem
948 4270 1068 4310 non
1101 4253 1284 4310 alium
1311 4253 1584 4309 fuisseab
1613 4269 1684 4309 eo
1697 4254 1861 4324 quod
1882 4253 2206 4310 laudamus

558 4341 836 4411 equidem
863 4343 1216 4398 crediderim
1247 4359 1261 4395 :
1294 4342 1372 4397 ab
1403 4341 1536 4406 hoc,
1559 4342 1832 4413 inquam,
1871 4341 2206 4414 praecellen-

557 4428 790 4484 tissimo
817 4430 1342 4501 intelligentiarum
1368 4429 1499 4500 pari
1528 4430 1818 4485 virtutum
1877 4432 2204 4488 calestium

555 4517 732 4587 quasi
759 4517 996 4587 fastigio
1026 4525 1083 4574 et
1128 4517 1588 4589 complemento.
1629 4519 1730 4574 Cui
1764 4519 1842 4575 ob
1892 4521 2203 4577 scindendi

553 4605 800 4676 quidem
829 4608 1020 4664 aciem
1071 4613 1127 4663 et
1181 4607 1444 4663 hostium
1501 4608 2017 4665 conﬁciendorum
2080 4612 2200 4667 vim

548 4695 876 4766 romphaa
903 4711 1126 4752 nomen
1150 4695 1446 4751 convenit.
1481 4699 1702 4752 Natura
1733 4713 1869 4753 vero
1901 4698 2068 4770 quod
2127 4700 2200 4756 sit

547 4783 724 4852 ignea
736 4791 792 4839 et
803 4786 1066 4841 materia
1079 4783 1384 4839 deterioris
1408 4785 1723 4857 noxiaque
1737 4788 2198 4859 comsumptrice

545 4865 850 4935 aptissime
885 4865 961 4920 illi
1006 4865 1358 4936 adjunctum
1419 4880 1662 4936 quoque
1713 4865 1975 4938 quadrat
2022 4867 2196 4924 ﬂam-

543 4959 714 4999 mea.
743 4946 883 5012 Qua
908 4945 1072 5018 quod
1100 4944 1313 5000 dicitur
1341 4944 1650 5012 versatilis,
1715 4962 1785 5001 eo
1837 4945 2033 5002 valere
2097 4965 2194 5003 su-

541 5031 740 5102 spicor
768 5040 831 5090 ut
859 5034 937 5089 ad
981 5050 1226 5089 omnem
1271 5032 1646 5102 cogitationis
1703 5041 1934 5090 motum
1985 5051 2190 5106 prom-

538 5120 811 5190 ptissima
842 5122 1353 5178 velocissimarum
1382 5123 1670 5177 mentium
1702 5123 1998 5189 alacritas,
2021 5149 2047 5174 »
2063 5130 2187 5182 tum

536 5208 616 5263 ad
644 5226 1069 5284 quemcunque
1099 5217 1311 5267 nutum
1347 5211 1576 5267 domini
1606 5211 2056 5283 expeditissima
2102 5215 2185 5270 fa-

531 5297 793 5355 cilitaset
858 5301 1093 5369 agilitas
1149 5301 1459 5357 celerrima
1515 5300 1875 5370 designetur.
1955 5304 2183 5370 Quibus

529 5389 935 5444 commendati
966 5391 1204 5447 dotibus
1234 5391 1589 5462 Archangeli
1620 5391 1679 5446 in
1711 5392 1970 5449 eundem
2026 5393 2180 5451 ordi-

526 5489 668 5531 nem
702 5492 842 5532 cum
869 5478 1185 5535 Cherubim
1216 5480 1295 5537 ad
1324 5486 1510 5554 porta
1535 5481 1801 5553 paradisi
1843 5483 2178 5542 custodiam

525 5563 768 5637 ascripti
793 5571 952 5639 sunt,
982 5583 1106 5640 quo
1163 5584 1288 5626 non
1333 5573 1569 5626 tantum
1625 5573 1863 5627 strenue
1934 5574 2175 5646 perfun-

2410 3361 2713 3436 ’Ἄνθρωπος
2744 3369 2914 3416 τοίνυν
2944 3370 3088 3438 χειρὶ
3120 3373 3253 3418 Θεοῦ
3314 3370 3404 3418 καὶ
3443 3366 3617 3419 εἰκόνι
3679 3373 3947 3445 μορφωεεις

2338 3449 2388 3502 ἓν
2445 3448 2752 3524 παραδείσῳ
2795 3455 3018 3506 τέθειται
3090 3462 3244 3509 Θεοῦ.
3311 3454 3534 3508 Ἐκεῖθεν
3583 3459 3748 3530 αὖτῷ
3798 3461 3942 3511 itam-:2

2337 3541 2366 3597 ἡ
2428 3539 2599 3598 ἐντολὴ
2662 3540 2727 3592 ὧν
2778 3561 2832 3594 τε
2882 3552 3091 3616 καρπῶν
3156 3543 3509 3614 μεταληπτέον
3596 3555 3704 3600 καὶ
3789 3547 3845 3601 οὗ
3887 3571 3935 3620 ‘3:

2335 3634 2680 3702 προσαπτέον.
2729 3633 2869 3683 Ἐπεὶ
2929 3627 2987 3683 δὲ
3039 3634 3233 3690 ταύτην
3289 3629 3486 3694 ἡδονῆς
3551 3635 3825 3707 ὴμοίϐετο
3874 3659 3936 3688 πι-

2334 3722 2482 3788 κρᾶς,
2525 3721 2722 3789 καρπὸν
2752 3716 3094 3791 παραϐάσεως
3133 3727 3226 3771 τοῦ
3268 3717 3611 3794 παραδείσου
3676 3731 3776 3783 τήν
3833 3731 3935 3799 ἐκρι-

2331 3803 2422 3874 φιν
2471 3803 2680 3879 ἐτρύγα.
2741 3806 2973 3859 κλείεται
3023 3803 3082 3859 δὲ
3133 3807 3358 3860 λοιπὸνὸ
3389 3807 3742 3882 παράδεισος
3803 3817 3932 3866 αὑτῶ.

2335 3893 2478 3954 Κλεὶς
2511 3890 2569 3946 δὲ
2595 3898 2659 3946 τὰ
2699 3895 2962 3969 Χερουϐὶμ
3005 3895 3162 3968 ἐτάγη
3222 3897 3281 3949 ού
3333 3903 3486 3968 μόνα,
3545 3898 3692 3954 ἀλλὰ
3752 3911 3839 3955 r'n
3885 3911 3928 3960 τε

2331 3988 2666 4055 στρεφομένη,
2723 3984 2784 4042 ην
2866 3985 2959 4036 οὐκ
3021 3984 3177 4044 ἄλλην
3245 3983 3391 4059 οἶμαί
3444 4007 3566 4040 τινα
3640 4001 3928 4067 κυριώτερετ

2323 4074 2554 4123 νοεῖσθαι
2586 4073 2614 4130 ἦ
2673 4077 2765 4130 τὴν
2813 4082 2901 4125 νῦν
2985 4074 3324 4147 ὑποκειμένην
3402 4076 3469 4136 εἰς
3552 4080 3800 4144 ἔπαινον,
3851 4090 3924 4131 τῶν

2321 4159 2569 4231 οὐρανίων
2626 4157 2891 4234 δυνάμεων
2925 4168 3017 4220 τὴν
3071 4159 3351 4237 κορωνίδα,
3401 4169 3497 4222 τὴν
3552 4167 3923 4242 ὑπερφερεπέκ

2320 4267 2412 4304 την
2445 4258 2542 4300 τῶν
2575 4255 2699 4301 νὸων
2731 4248 3014 4324 ξυνωρίδα.
3067 4251 3324 4325 Ῥομφαία
3373 4256 3461 4324 μὲν
3531 4255 3629 4306 οὖν
3694 4262 3764 4320 ὡς
3817 4278 3916 4331 rp;-

2317 4344 2436 4398 τικη
2490 4339 2692 4412 λέγεται
2751 4347 2842 4394 καὶ
2889 4351 2987 4394 τῶν
3039 4341 3277 4395 ἐναντίων
3324 4340 3666 4418 διαιρετικὴ·
3730 4351 3910 4421 φλογίιε

2319 4422 2378 4478 δὲ
2416 4429 2485 4488 ὡς
2511 4434 2699 4500 πυρίνη
2733 4433 2826 4487 τὴν
2859 4433 3012 4502 φύσιν
3057 4436 3146 4482 καὶ
3202 4441 3293 4491 τῆς
3343 4438 3583 4504 χείρονος
3659 4436 3790 4498 ὕλης
3842 4440 3906 4487 κει

2314 4517 2594 4589 μοχθηρᾶς
2648 4515 3016 4579 ἐξαναλωτικὴ·
3091 4524 3404 4593 στρεφομένη
3474 4515 3535 4572 δὲ
3621 4530 3812 4596 τυχὸν,
3858 4528 3904 4583 ὡς

2313 4609 2572 4675 ταχίστη,
2633 4611 2722 4658 καὶ
2787 4604 2900 4658 λίαν
2975 4612 3070 4664 τὴν
3135 4610 3312 4680 νοερὰν
3365 4613 3574 4666 κίνησιν
3653 4616 3902 4688 εὔστροφνς

2310 4696 2441 4766 πρὸς
2488 4698 2580 4751 τὴν
2661 4702 2751 4746 τοῦ
2814 4701 3135 4748 Δεσποτικού
3204 4699 3448 4769 νεύματος
3486 4705 3809 4772 περαίωσιν,
3852 4701 3898 4755 Ἠ

2309 4787 2418 4841 τοῖς
2487 4781 2749 4856 Χερουϐιμ
2796 4781 3006 4845 ἐκείνοις
3067 4786 3336 4857 ὁμοταγὼς
3398 4785 3614 4839 ἑστῶσα
3682 4796 3777 4849 τὴν
3828 4795 3896 4843 rei

2307 4866 2633 4944 παραδείσου
2664 4873 2819 4945 θύραν
2848 4875 3100 4945 ἐπιτηρεῖ,
3134 4873 3210 4936 οἷς
3239 4875 3328 4946 μὲν
3361 4879 3453 4932 την
3503 4873 3720 4929 εἴσοδον
3787 4867 3915 4932 ὑπο-Ι

2303 4967 2580 5032 χωροῦσα,
2613 4961 2640 5018 ἦ
2676 4957 3022 5029 ὀδοποιούσα,
3082 4959 3158 5024 οἷς
3210 4959 3419 5022 δηλαδὴ
3479 4963 3722 5030 θεοειδὴς
3753 4973 3894 5038 ἀτρό-

2303 5065 2393 5107 πος
2430 5045 2643 5109 κηλίδος
2665 5068 2716 5102 τε
2748 5052 2922 5112 πάσης
2953 5055 3040 5102 καὶ
3084 5050 3261 5125 ῥύπων
3311 5057 3368 5103 τὸ
3427 5050 3590 5125 βάθος
3649 5055 3911 5130 σαρκικὰ(

2299 5137 2676 5209 καθηραμένος·
2746 5138 2820 5198 οἷς
2896 5133 2955 5190 δὲ
2997 5138 3149 5191 πάλιν
3227 5145 3462 5215 φραγμὸς
3544 5139 3822 5207 ἀδιέξοδος
3862 5135 3909 5205 ξύ

2295 5227 2542 5298 μάχαιρα
2570 5221 2822 5298 δίστομος
2853 5229 3280 5299 προσαπωτῶσα
3310 5227 3389 5291 οἷς
3439 5229 3534 5281 οὑκ
3598 5229 3711 5294 ἐξὸν
3776 5237 3880 5288 ιῖ-ρτι

2293 5321 2390 5364 τῶν
2431 5311 2714 5384 ἀψαύστων
2744 5313 3059 5386 ἐπιψαῦσαι.
3092 5315 3234 5370 Ἐπεὶ
3265 5313 3324 5370 δὲ
3364 5320 3494 5390 μετά
3535 5328 3709 5374 ταῦτα
3757 5332 3878 5375 xiv-:1:

2289 5404 2379 5472 μὲν
2436 5403 2570 5477 σὰρξ
2625 5408 2717 5461 τὴν
2765 5400 2888 5456 ὁδὸν
2947 5405 3107 5467 αὑτῆς
3154 5405 3202 5458 ἐν
3258 5413 3524 5482 προσώπῳ
3579 5417 3715 5463 Θεοῦ
3772 5433 3901 5475 κεκτη

2288 5489 2509 5564 ἔφθειρεν
2548 5490 2631 5544 ἐπὶ
2662 5500 2754 5555 τῆς
2783 5501 2850 5564 γῆ
2863 5513 2904 5566 ς,
2931 5500 3078 5548 πᾶσα
3105 5493 3164 5548 δὲ
3207 5492 3418 5549 διάνοια
3467 5494 3669 5570 κομιδῆ
3731 5521 3868 5574 προς·
3897 5553 3899 5557 ,

2285 5578 2534 5642 ἔκειτοτῆ
2585 5587 2827 5661 πονηρίᾳ,
2868 5585 2927 5637 οὑ
2979 5581 3184 5640 δίκαιον
3243 5581 3415 5653 ἔδοξεν
3479 5589 3562 5643 ἔτι
3608 5593 3669 5644 τό
3692 5600 3897 5666 κνήμῃ,

3877 6011 3887 6131 i
