3966 6324
38 399 161 476 ὶΞὸ

997 411 1269 482 NICETIS
1297 405 1648 481 LAUDATIU
1689 388 1788 479 ss;
1809 399 2177 481 iiIcHAELIs
2203 427 2290 482 ET
2318 413 2715 484 GABRIELIS.

3265 417 3400 490 i236

33 551 150 596 δεοῦ
178 543 356 616 μένειν
387 540 434 594 ἕν
461 537 664 606 αύτοίς.
710 540 862 597 Ὅθεν
914 550 1008 603 τὴν
1059 545 1181 604 ὅλην
1236 545 1436 618 ἆθροως
1478 566 1637 598 κατα-

1750 529 1972 614 guntur
1992 562 2259 614 munere,
2308 547 2415 603 sed
2461 549 2641 604 etiam
2699 549 3012 620 sapienter.
3069 553 3215 609 Sunt
3239 554 3399 610 enim

38 640 184 684 ῦσαε
223 639 352 703 γῆν,
384 637 474 684 καὶ
503 639 605 684 πᾶν
634 629 692 685 δε
712 636 770 684 τὸ
801 637 992 696 ταύτης
1025 632 1305 707 ἀνάστημα
1361 643 1450 687 τοῦ
1508 641 1640 688 Θεοῦ

33 720 355 792 Ξουλομὲνου
385 720 854 796 καταστρέψασθαι
883 719 930 774 ἐν
969 727 1113 797 χειρί
1172 743 1301 796 φασι
1354 733 1454 776 τῶν
1506 722 1644 794 ὑψη-

40 819 116 860 ῶν
150 811 358 861 τούτων
389 805 678 882 δυνάμεων,
741 814 864 872 τούς
918 831 973 864 τε
1029 821 1129 864 τῶν
1187 813 1417 888 ούρανῶν
1482 832 1642 864 κατα-

33 902 223 958 ιάκτας
283 899 476 951 ἄνωθεν
534 897 949 972 καταρῥαγῆναι,
1024 903 1114 962 τάς
1184 921 1236 954 τε
1316 904 1487 972 πηγὰς
1538 909 1640 954 τῶν

33 986 283 1039 εϐύσσων
312 989 540 1040 κάτωθεν
588 987 965 1063 ἁναῤῥαγῆναι.
1025 987 1118 1052 Οἷς
1172 989 1384 1052 ἀπάσης
1448 993 1642 1066 σαρκός

33 1080 463 1146 ιαταπνιγείσης,
494 1081 646 1148 μόνον
687 1081 774 1130 τὸν
849 1073 1055 1131 δίκαιον
1100 1086 1212 1140 ταῖς
1260 1082 1454 1131 τούτων
1515 1099 1641 1153 προ-

34 1169 192 1225 ιοίαις
254 1163 305 1216 ἓν
379 1162 585 1237 κιϐωτῷ
646 1164 820 1228 ξυλίνη
888 1172 1197 1240 πανοικεσίᾳ
1254 1164 1637 1228 διασώζεσθαι.

34 1255 295 1306 Εντεῦθεν
361 1255 596 1306 κάτεισιν
671 1258 762 1326 μὲν
816 1255 1088 1331 οὐρανόθεν
1120 1258 1144 1308 ό
1178 1255 1368 1329 Κύριος
1402 1255 1488 1308 ἐπὶ
1545 1259 1639 1315 τὴν

33 1349 146 1400 γῆν.
178 1341 438 1403 ’Δλλὰτίς
474 1343 506 1400 ἠ
557 1339 785 1406 κάθοδος
832 1350 924 1396 τοῦ
975 1348 1063 1396 τὸν
1121 1345 1334 1417 οὐρανόν
1385 1345 1501 1397 κατ’
1559 1345 1642 1397 ού-

33 1434 149 1482 τίαν
180 1435 275 1482 καὶ
316 1435 411 1489 τὴν
459 1437 560 1501 γῆν
611 1431 1009 1505 πεπληρωκότος
1040 1448 1054 1499 ;
1080 1429 1146 1486 Ὅ
1188 1435 1335 1505 τάχα
1392 1437 1486 1492 τὴν
1530 1431 1640 1486 ἔπι-

33 1525 162 1588 ροαῆ
205 1527 313 1571 τῶν
335 1518 418 1572 ἐπὶ
443 1521 542 1590 γῆς
587 1519 745 1595 ἔργων
795 1522 954 1574 αὐτοῦ
1003 1525 1340 1595 καινοτομίαν
1389 1528 1522 1576 Θεοῦ
1575 1531 1636 1582 τῆ

33 1614 209 1681 Τραφῆ
258 1607 553 1662 κατάϐασιν
613 1608 856 1684 εἰρῆσθαι
890 1625 904 1678 ;
939 1611 1157 1664 κάτεισι
1211 1615 1384 1663 τοίνυν
1429 1613 1500 1669 πῆ
1550 1613 1641 1683 μὶν

1749 633 1972 706 quibus
2003 634 2232 691 aditum
2264 639 2622 709 permittant,
2653 642 2709 692 et
2747 637 2909 693 viam
2963 639 3203 696 faciant.
3240 643 3398 708 Quo-

1748 738 1883 778 rum
1913 723 2182 781 videlicet
2195 725 2400 783 divina
2430 727 2714 799 quaedam
2745 733 2905 784 secta
2929 732 3016 783 est
3046 734 3101 784 et
3139 731 3396 788 caelestis

1749 805 2035 867 institutio
2072 812 2405 870 innocentis
2471 816 2624 881 vitae,
2683 813 2821 872 labe
2882 823 3194 889 segregata
3233 823 3400 877 omni

1748 900 1981 973 illisque
2048 901 2201 958 adeo
2267 903 2413 975 ipsis
2480 910 2844 977 perpurgata
2908 907 3185 962 sordibus
3250 925 3398 982 qua-

1748 1006 1883 1045 rum
1910 1005 2039 1045 esse
2063 990 2231 1059 solet,
2296 991 2357 1046 in
2423 992 2755 1049 humilitate
2816 993 3126 1050 tardorum
3188 1012 3400 1069 corpo-

1748 1095 1883 1134 rum
1942 1083 2233 1151 tanquam
2291 1079 2350 1134 in
2412 1081 2645 1137 sentina
2700 1081 2867 1137 locus
2928 1084 3223 1154 proprius.
3285 1085 3398 1141 Illis

1747 1165 1890 1223 vero
1928 1182 2135 1222 rursus
2174 1167 2398 1224 vallum
2465 1169 2868 1242 insuperabile
2935 1188 3171 1228 moram
3197 1173 3406 1245 objicit

1749 1257 2190 1324 necessariam;
2236 1259 2329 1312 vel
2369 1258 2416 1313 si
2483 1264 2689 1315 contra
2746 1259 3033 1332 pergendi
3097 1261 3402 1318 obstinent

1749 1344 2087 1416 audaciam,
2131 1361 2354 1418 anceps
2394 1361 2714 1403 occurrens
2755 1347 2990 1418 gladius
3060 1351 3399 1422 periculum

1749 1431 1999 1489 intentat
2025 1450 2575 1508 prtesens,quorum
2598 1436 2902 1509 cupiditati
2929 1437 3005 1494 ad
3026 1441 3398 1513 carpendum

1748 1519 1978 1592 lignum
2004 1524 2254 1580 vetitum
2292 1529 2513 1581 temere
2545 1525 2832 1598 praecipiti
2865 1526 3025 1597 juste
3066 1528 3261 1585 aditus
3301 1545 3399 1585 ne-

1749 1617 1940 1682 gatur,
1977 1613 2044 1669 Ut
2082 1618 2281 1668 autem
2311 1613 2508 1670 omnis
2547 1613 2764 1670 deinde
2795 1630 2934 1671 caro
2973 1615 3035 1670 in
3075 1623 3401 1689 conspectu

33 1703 128 1756 ·οἶς
186 1696 256 1757 εἰς
325 1696 541 1772 οὐρανὸν
592 1700 687 1755 τὴν
741 1696 994 1750 ἀνάϐασιν
1054 1699 1420 1771 οἰκοκομοῦσιν
1459 1695 1637 1769 ἀλογί-

1750 1700 1850 1756 Dei
1881 1701 2041 1756 viam
2066 1717 2239 1758 suam
2280 1703 2542 1776 corrupit
2581 1719 2761 1776 super
2803 1708 3040 1776 terram,
3083 1707 3400 1779 omnisque

33 1803 156 1846 rrmg
213 1789 312 1845 τήν
360 1786 606 1858 γλῶσσαν
672 1791 1164 1862 καταμεριούμενος,
1215 1781 1286 1847 πῆ
1340 1783 1400 1841 δι
1442 1787 1638 1852 ξενιζὸ-

33 1891 170 1937 ιενος
267 1873 716 1950 inept-moan
808 1877 952 1951 stupet
1025 1886 1096 1948 τῷ
1175 1875 1455 1950 ’Δϐραάμ·
1531 1873 1642 1929 εἶτα

33 1967 150 2036 πυρὶ
179 1967 273 2015 καὶ
317 1964 435 2035 θείῳ
481 1967 599 2025 τούς
653 1963 926 2037 ἀθεμίτους
982 1962 1226 2027 ἇπολλύς.
1283 1968 1638 2039 Συγκατέρχε·

33 2071 107 2104 ἀι
137 2053 310 2124 τούτῳ
335 2052 559 2123 Μιχαὴλ
589 2057 682 2105 καὶ
737 2052 988 2129 Γαϐριὴλ,
1038 2053 1096 2106 ού
1144 2060 1235 2114 τῆς
1291 2051 1640 2126 Ἀϐραμιαίας

33 2145 176 2192 ιόνον
270 2145 360 2193 καί
425 2140 568 2203 ξένης
651 2141 817 2204 ξενίας
896 2141 1090 2204 ἐκείνης
1149 2150 1512 2203 κοινωνοῦντες
1565 2150 1638 2212 τῷ

33 2233 287 2303 ιεσπὸτεῄ,
347 2229 479 2282 ἀλλὰ
562 2235 654 2282 καὶ
706 2236 863 2284 παντὶ
919 2233 1038 2304 θείῳ
1098 2231 1411 2304 κελεύσματι
1464 2232 1638 2305 θεαρί-

33 2337 168 2379 ττως
229 2320 629 2393 ὑπουργοῦντες.
701 2319 1075 2393 Διαμερίξουσι
1160 2324 1250 2392 μεν
1315 2321 1431 2376 ἔθνη
1503 2321 1640 2371 κατὰ

33 2407 280 2478 γλώσσας
308 2421 364 2460 τε
391 2412 481 2460 καὶ
510 2407 692 2480 φυλάς·
726 2407 965 2471 ἑκάστοις
1025 2404 1084 2462 δε
1131 2412 1325 2462 τούτων
1393 2405 1638 2482 ἆγίέλους

33 2497 247 2571 ἱφόρους
305 2495 660 2568 Ξφιστάνουσι,
747 2502 838 2550 καὶ
889 2494 1202 2570 κηδεμόνας.
1253 2503 1353 2551 Καὶ
1399 2497 1640 2572 ῥυόμενοί

33 2590 122 2638 αεν
162 2593 551 2658 περιποιοῦνται
628 2588 718 2640 καὶ
767 2587 1028 2648 σώξουσιν
1100 2586 1188 2648 οὓς
1259 2583 1566 2638 ἐδικαίωσεν
1614 2587 1643 2640 ὁ

33 2679 185 2745 Θεὸς,
215 2677 640 2748 καταστρέφουσι
686 2671 745 2728 δε
789 2680 881 2728 καὶ
928 2683 1269 2728 κατασπῶσιν
1301 2674 1387 2737 οὓς
1439 2671 1643 2736 ἔνδικος

33 2763 284 2834 Ὑψίστου
389 2761 563 2836 ψῆφος
647 2759 869 2816 ἆκδίωσι
951 2763 1303 2838 πανωλεθρίῳ.
1401 2761 1641 2837 Ἀϐραὰμ

33 2853 263 2905 ἐντεῦθεν
301 2853 558 2925 ἡγίασται
588 2856 716 2924 Θεῷ,
758 2849 830 2906 δι’
863 2852 916 2904 ὃν
961 2858 1052 2906 καὶ
1095 2854 1122 2905 ὃ
1152 2855 1354 2925 ἔκγονος
1411 2851 1642 2905 ὕπαινεί-

33 2961 120 2995 ται
140 2941 372 3014 Ἰσράήλ.

1746 1787 2026 1862 cogitatio
2049 1789 2126 1846 ad
2161 1790 2387 1847 malum
2426 1791 2650 1864 impetu
2681 1791 2910 1859 ruebat,
2933 1808 3056 1848 non
3096 1799 3184 1850 est
3204 1795 3400 1850 visum

1746 1879 2216 1932 consentaneum
2248 1883 2479 1934 tantam
2509 1878 2660 1935 inter
2698 1879 3101 1953 corruptelam
3144 1882 3246 1937 Dei
3277 1882 3401 1954 Spi-

1744 1963 1925 2022 ritum
1956 1964 2016 2021 in
2047 1965 2290 2022 homine
2334 1983 2709 2038 permanere.
2761 1967 2927 2024 Unde
2975 1985 3114 2024 cum
3142 1967 3242 2026 illa
3284 1974 3400 2028 Deo

1746 2053 1976 2110 sederet
2032 2054 2343 2121 sententia,
2404 2059 2624 2111 terram
2680 2055 3001 2112 delendam
3060 2057 3399 2115 universam

1744 2147 1972 2215 quanta
1998 2145 2085 2198 est
2105 2147 2161 2198 et
2189 2140 2434 2199 omnem
2464 2142 2594 2214 ejus
2627 2143 2975 2215 superbiam
2996 2144 3394 2214 obruendam,

1745 2229 2096 2286 sublimium
2126 2230 2341 2287 harum
2369 2231 2650 2286 virtutum
2686 2236 2933 2304 putatur
2961 2247 3108 2289 usus
3132 2233 3399 2290 ministe-

1743 2319 1831 2376 rio
1857 2318 1937 2376 ad
1955 2324 2288 2375 cataractas
2314 2319 2602 2375 calorum
2640 2319 3100 2392 perfringendos
3141 2321 3399 2395 desuper

1745 2411 1802 2463 et
1840 2405 1916 2463 ad
1957 2407 2161 2480 abyssi
2197 2405 2388 2464 fontes
2428 2407 2580 2464 infra
2618 2408 3009 2480 rumpendas.
3055 2411 3132 2465 Ex
3171 2410 3396 2483 quibus

1744 2511 2042 2569 aquarum
2081 2495 2455 2552 redundante
2511 2496 2685 2568 copia
2739 2513 2877 2553 cum
2917 2499 3210 2554 exstincta
3265 2515 3400 2556 esse

1747 2584 1944 2642 omnis
1974 2600 2134 2656 caro,
2181 2597 2338 2640 unus
2371 2583 2569 2656 justus
2606 2601 2746 2641 cum
2784 2583 3009 2642 familia
3044 2587 3400 2644 eorumdem

1745 2673 2125 2749 providentia
2165 2675 2434 2730 servatus
2474 2672 2655 2729 fuisse
2696 2674 2906 2730 merito
2945 2674 3227 2734 creditur.
3257 2675 3399 2732 inde

1747 2760 1823 2820 de
1849 2762 2001 2818 coelo
2053 2762 2336 2817 Dominus
2392 2760 2702 2818 descendit
2746 2763 2808 2818 in
2851 2769 3094 2819 terram.
3137 2763 3278 2830 Quis
3301 2765 3398 2821 hic

1747 2851 2074 2908 descensus
2105 2855 2305 2906 autem
2327 2850 2475 2922 ejus,
2495 2851 2668 2921 cujus
2699 2851 3016 2922 praesentia
3042 2852 3263 2908 coelum
3283 2853 3397 2910 im-

1746 2939 1866 3013 plet
1895 2945 1953 2998 et
1977 2945 2194 2997 terram
2231 2939 2260 2995 ?
2288 2941 2377 2995 An
2429 2953 2728 2995 novorum
2783 2939 2932 2996 forte
2971 2957 3225 3014 Operum
3255 2959 3399 2999 mox

33 3035 403 3112 3den‘dorum
444 3049 627 3112 super
665 3034 882 3097 terram
951 3038 1240 3098 mirabilis
1278 3038 1508 3096 eﬂectio‘
1541 3037 1656 3095 hoc
1695 3037 1733 3095 α
1771 3039 2075 3110 Scriptura
2129 3037 2372 3092 nomine
2405 3036 2754 3106 designatur
2794 3035 2824 3092 ?
2873 3039 3184 3095 Descendit
3218 3038 3399 3107 igitur

33 3143 196 3184 nunc
217 3126 531 3184 hominum
571 3129 1017 3202 conspiratione
1055 3130 1370 3186 temeraria
1410 3128 1487 3184 ad
1543 3126 2076 3184 conscendendum
2143 3125 2362 3182 coelum
2422 3123 2699 3182 insanam
2755 3127 2965 3183 turrim
3021 3127 3396 3184 molientium

35 3217 303 3286 linguam
361 3215 665 3273 divisurus
699 3236 712 3273 :
744 3227 906 3274 nunc
946 3216 1366 3290 hospitalitatis
1417 3211 1673 3272 Abrahé
1723 3221 2006 3288 capturus
2063 3215 2576 3288 experimentum:
2645 3221 2769 3271 tum
2830 3215 2956 3287 igni
2993 3221 3050 3272 et
3112 3216 3398 3288 sulphure

35 3305 291 3360 incestos
323 3305 808 3377 consumpturus.
855 3307 1005 3362 Eunt
1030 3303 1110 3362 illi
1159 3305 1407 3362 comites
1445 3304 1688 3362 Michael
1730 3310 1787 3361 et
1829 3304 2082 3360 Gabriel.
2130 3307 2258 3360 Non
2288 3308 2353 3359 ut
2397 3303 2728 3360 Abramaeae
2776 3305 3192 3378 hospitalitatis
3241 3305 3398 3362 illius

35 3392 327 3450 inusitata:
351 3397 528 3466 atque
573 3394 652 3450 ab
700 3395 1019 3451 hominum
1066 3399 1194 3451 tum
1251 3391 1520 3450 moribus
1563 3389 1993 3466 peregrinantis
2045 3392 2304 3449 fructum
2371 3392 2550 3448 simul
2589 3409 2727 3448 cum
2781 3393 3030 3450 domino
3085 3395 3396 3466 praesentis

35 3483 242 3552 gaudii
260 3483 653 3555 perciperent,
685 3483 788 3539 sed
817 3489 880 3539 ut
915 3482 990 3539 ad
1039 3499 1219 3540 omne
1247 3484 1487 3553 signum
1531 3479 1745 3538 divinas
1782 3482 2103 3538 voluntatis
2161 3498 2464 3539 summam
2521 3482 2746 3555 ubique
2789 3482 2868 3539 ad
2907 3483 3168 3556 quodvis
3212 3485 3399 3540 obse-

37 3572 246 3644 quium
287 3587 472 3644 opera
495 3572 779 3628 naVanda
795 3572 1166 3642 diligentiam
1202 3575 1715 3644 repraesentarent.
1768 3575 1977 3628 Gentes
2018 3571 2194 3641 igitur
2231 3570 2291 3626 in
2338 3571 2574 3642 linguas
2620 3576 2677 3628 et
2721 3572 2910 3628 tribus
2944 3571 3027 3628 illi
3075 3572 3394 3641 dividunt,

37 3669 167 3718 tum
199 3663 423 3718 eisdem
454 3662 704 3732 singulis
735 3668 1034 3718 curatores
1101 3661 1404 3735 quosdam
1448 3661 1694 3731 angelos
1742 3665 1799 3716 et
1843 3659 2128 3732 praesides
2184 3661 2517 3731 praeﬁciunt
2564 3660 2764 3716 iidem.
2824 3664 2956 3717 Iam
3001 3660 3080 3717 ad
3127 3678 3230 3718 eos
3279 3677 3396 3717 ser-

37 3751 268 3806 vandos
294 3753 450 3822 quos
480 3750 831 3807 eximendos
864 3767 900 3806 a
939 3751 1244 3806 communi
1286 3749 1455 3806 clade
1507 3751 1657 3806 Deus
1706 3748 1935 3805 censuit
1997 3763 2185 3819 quam
2234 3748 2426 3804 seduli
2482 3755 2621 3804 sunt
2648 3749 2821 3822 ?qua
2840 3765 2942 3805 eos
2972 3751 3045 3817 ἡ,
3077 3766 3202 3822 qua
3227 3767 3394 3819 cura,

37 3855 221 3912 quam
272 3839 544 3895 beneﬁca
593 3841 934 3911 protegunt,
995 3839 1273 3911 eripiunt,
1327 3843 1517 3894 tutum
1551 3839 1610 3893 in
1652 3842 1958 3908 receptum
2007 3835 2267 3909 denique
2307 3837 2648 3910 perducunt
2700 3835 2793 3892 7E
2835 3840 3132 3894 contrario
3161 3854 3303 3894 vero
3333 3844 3399 3896 ut

37 3931 292 3997 vastant,
319 3928 587 3984 obruunt
614 3933 794 4002 atque
816 3928 982 3983 omni
1013 3929 1318 3984 atrocitate
1350 3928 1409 3982 in
1451 3942 1553 3983 eos
1599 3927 1886 3983 detonant
1936 3925 2158 3997 quibus
2207 3925 2319 3982 hoc
2375 3925 2650 3981 meritum
2674 3926 2920 3981 exitium
2943 3928 3141 3996 justus
3193 3941 3396 3998 supre-

39 4017 123 4073 mi
148 4016 358 4087 judicis
391 4015 656 4072 calculus
682 4015 1077 4072 decreverat?
1101 4015 1406 4072 Abraham
1447 4015 1662 4071 exinde
1702 4012 2105 4070 sanctiﬁcatus
2145 4014 2262 4069 Deo
2301 4017 2410 4084 est,
2440 4013 2520 4070 ob
2549 4029 2733 4087 quem
2754 4020 2812 4070 et
2859 4018 3049 4088 nepos
3107 4017 3236 4086 ejus
3260 4014 3395 4071 lau-

39 4105 212 4162 datur
241 4104 440 4162 Israel.

110 4193 281 4248 Ἂλλοι
309 4197 398 4266 μεν
448 4194 536 4246 οὗν

39 4281 341 4348 προστατεῖν
366 4273 875 4345 κατακεκληρωνται·
927 4269 1071 4326 οὗτοι
1120 4271 1180 4326 δὲ
1237 4275 1490 4346 ἄρχοντες
1543 4278 1634 4326 καὶ

39 4367 391 4436 «paucula-rati
443 4371 534 4415 τοῦ
609 4362 827 4438 Ἰσραὴλ
883 4365 1013 4437 πρὸς
1077 4369 1211 4416 Θεοῦ
1278 4358 1628 4434 διαττάχατο.

41 4453 191 4504 Ὀθεν
216 4459 284 4522 τῷ
303 4453 485 4505 Ἰσαακ
533 4454 564 4511 ἡ
607 4456 850 4524 γέννησις
906 4451 1236 4527 ξηοπρεπὴςο
1308 4452 1425 4504 κατ’
1475 4451 1631 4522 ἐπα-γ-

41 4541 211 4615 γελίαν
275 4542 375 4613 γάρ
433 4541 534 4613 (3).
600 4542 913 4614 Ξενοπρεπὴς
983 4536 1043 4593 δε
1089 4542 1250 4593 θυσία
1291 4542 1424 4613 μετὰ
1468 4547 1636 4594 ταῦτα

41 4634 421 4703 προσαγόμενος
500 4638 637 4702 φωνῇ
711 4627 930 4702 ἀγγέλου
1027 4635 1274 4704 πατρῴας
1359 4634 1634 4704 μαχαίρας

41 4717 402 4784 ἀπηλλάττετο,
487 4722 652 4780 τύπος
749 4720 1024 4793 ἱερωτέρας
1108 4717 1636 4791 παραλαμϐανόμενος

43 4811 349 4881 ἱερουργίας.
407 4813 566 4888 Πῶς,
614 4803 668 4860 δ’
745 4806 806 4858 ἃν
859 4804 1046 4860 Ἰακὼϐ
1095 4816 1193 4868 τῆς
1245 4806 1634 4881 οὐρανομήκους

43 4897 276 4968 κλίμωιος
325 4896 536 4963 ἐκείνης,
604 4901 694 4949 καὶ
742 4904 841 4948 τῶν
923 4893 1165 4948 ἀνιόντων
1222 4901 1313 4948 καὶ
1352 4901 1633 4949 κατιόντων

43 4982 116 5038 δι’
145 4983 295 5044 αὐτῆς
315 4981 563 5056 διαγγέλων,
623 4986 654 5043 ἦ
715 4991 808 5036 τοῦ
853 4981 1288 5057 ἔπεστηριγμένου
1333 4991 1467 5038 Θεοῦ
1525 4985 1635 5058 ἐγεδ

43 5078 167 5140 νόνει
194 5073 442 5144 θεωρὸς-,ἡ
497 5081 600 5126 τῶν
645 5073 860 5145 ὕστερον
912 5070 1164 5144 όφθεισῶν
1227 5071 1367 5144 αὐτῷ
1432 5093 1630 5150 παρεμ-

615 4211 714 4246 των
777 4195 922 4246 θείων
976 4191 1206 4265 ἀγγέλων
1257 4193 1420 4246 ἄλλων
1479 4191 1632 4246 ίθνῶν

1813 4192 1993 4264 Igitur
2013 4190 2110 4249 alii
2140 4191 2386 4265 quidem
2419 4193 2604 4250 sancti
2633 4191 3096 4263 angelialiarum
3127 4193 3394 4265 gentium

1742 4281 1927 4337 sortiti
1957 4281 2371 4354 prafecturam
2401 4287 2559 4338 sunt.
2589 4281 2721 4338 Istis
2743 4287 2944 4339 autem
2975 4289 3143 4340 extra
3172 4288 3394 4340 sortem

1743 4369 1843 4426 Dei
1903 4369 2428 4427 commendatione
2468 4371 2675 4444 populi
2715 4371 3016 4428 Israelitici
3054 4371 3301 4443 regendi
3339 4379 3397 4429 et

1739 4459 2091 4531 protegendi
2120 4459 2487 4516 demandata
2515 4467 2599 4516 est
2623 4461 2951 4532 provincia.
2994 4461 3164 4518 Unde
3199 4462 3395 4519 lsaaci

1741 4548 2043 4618 generatio
2064 4547 2373 4612 mirabilis.
2404 4553 2461 4605 et
2489 4548 2824 4622 inopinata,
2854 4567 2962 4622 per
2978 4551 3393 4622 repromissio-

1739 4651 1879 4694 nem
1910 4637 2070 4693 enim
2100 4643 2278 4694 natus
2297 4643 2405 4709 est,
2433 4653 2636 4696 eorum
2657 4640 3088 4698 administrata
3117 4657 3237 4698 esse
3253 4657 3392 4712 pru-

1741 4727 1945 4783 dentia
1971 4727 2248 4796 putanda
2278 4733 2381 4784 est.
2425 4729 2536 4794 Qui
2575 4728 2791 4785 deinde
2832 4734 3006 4786 Isaac
3047 4747 3184 4786 cum
3223 4730 3393 4786 altari

1740 4821 1899 4872 esset
1921 4815 2229 4886 inopinata
2259 4815 2499 4872 victima
2530 4816 2862 4889 impositus,
2885 4833 3029 4874 voce
3069 4817 3390 4889 prohiben-

1741 4904 1816 4960 tis
1856 4903 2052 4974 angeli
2094 4904 2324 4975 paterni
2377 4909 2466 4960 est
2503 4905 2686 4976 gladii
2723 4906 2986 4979 periculo
3027 4906 3386 4966 subtractus.

1741 4993 1884 5058 Quae
1913 4997 2082 5048 erant
2100 4992 2229 5064 jam
2259 4998 2385 5048 tum
2408 4995 2614 5051 omnia
2645 4995 2722 5050 ad
2773 4994 3084 5052 sanctioris
3114 4995 3388 5051 sacriﬁcii

1736 5080 1996 5151 ﬁguram
2018 5080 2351 5152 designata.
2380 5083 2696 5147 Quomodo
2713 5099 2853 5140 vero
2875 5083 3062 5139 Jacob
3096 5083 3383 5140 mira‘bilis

43 5161 210 5226 ϐολῶν,
253 5162 281 5221 ἡ
329 5170 426 5224 τῆς
473 5165 604 5235 μετὰ
677 5168 770 5214 τοῦ
819 5162 1166 5236 Θεανθρὼπου
1220 5161 1407 5234 πάλῆς,
1469 5162 1522 5227 ἕξ
1566 5167 1628 5218 οὗ

1741 5169 1890 5226 illius
1919 5169 2138 5224 coelum
2168 5175 2338 5226 terrae
2377 5171 2799 5228 committentis
2841 5172 3017 5227 scalae
3057 5173 3385 5228 ascenden-

45 5253 204 5311 ἕατῇς
230 5249 437 5322 Ἰσραὴλ
495 5253 656 5323 ἴτυχε
715 5253 1101 5323 προσηγορίαςο
1149 5258 1256 5310 πῶς
1312 5250 1371 5302 ἂν
1428 5256 1624 5307 τούτων

1741 5257 2004 5330 tiumque
2033 5273 2140 5329 per
2189 5272 2323 5314 eam
2366 5259 2715 5330 angelorum
2751 5265 2853 5316 aut
2890 5259 3382 5318 descendentium

45 5338 214 5402 ἰξίωτο
239 5346 327 5398 τῆς
359 5340 590 5414 θεωρίας,
657 5339 702 5392 εἰ
757 5343 831 5411 μή
885 5344 996 5398 τοῖς
1049 5335 1457 5410 ἆρχαγγελικοίς
1506 5347 1622 5395 τοῦ.

1741 5346 2254 5419 lncumbentisque
2281 5346 2361 5402 illi
2418 5349 2533 5417 Dei,
2579 5365 2785 5404 rursus
2839 5355 3167 5406 castrorum
3199 5366 3384 5424 appa-

45 5446 137 5488 rot;
206 5431 336 5488 νόοες
444 5425 799 5487 κατηυούνετό
915 5428 1354 5502 φρουρούμενοςς

45 5515 197 5589 del“,
225 5520 309 5569 χαι
353 5516 551 5591 ἰωάῂφ
589 5517 803 5591 ὕστερον
846 5515 920 5579 εἰς
947 5519 1212 5589 Αἴγυπτον
1258 5513 1616 5594 ὁδηγηθῆναι,

1401 5427 1507 5503 Ὑφ’
1551 5431 1618 5484 ὧν
1727 5437 2009 5504 rentium,
2043 5438 2173 5491 tum
2194 5435 2366 5492 luctas
2390 5452 2528 5492 cum
2576 5437 2782 5494 divino
2829 5439 2955 5494 viro
2984 5455 3120 5512 qua;
3152 5440 3382 5497 Israelis

1728 5524 1811 5581 illi
1831 5524 2298 5598 appellationem
2336 5526 2601 5598 peperit:
2635 5543 2757 5600 quo
2787 5527 3042 5601 inquam
3069 5528 3164 5586 ille
3195 5529 3379 5587 modo

104 5657 184 5737 (3)
204 5655 408 5733 Aliqua
431 5647 532 5718 hic
554 5647 762 5720 deesse
790 5649 1062 5718 videntur
1086 5658 1151 5716 in
1171 5661 1386 5720 Graecis
1413 5679 1551 5736 quae
1588 5681 1702 5725 nos
1735 5669 1936 5728 Latine
1970 5667 2382 5744 supplevimus
2419 5669 2826 5743 probabiliter.
