3966 6324
554 357 689 416 1231

1984 347 2343 407 ADDENDA.
2433 413 2436 416 ,

3791 363 3915 417 “39.

553 483 642 537 tot
671 487 826 536 esset
882 477 1210 550 taliumque
1257 491 1457 532 rerum
1491 478 1611 532 tam
1659 473 1950 548 praeclara
2001 471 2198 546 specie

2341 477 2395 524 αὶ
2453 481 2545 534 τῆς
2617 475 2915 548 Αἰγυπτίων
2996 477 3172 552 ἀρχῆς
3229 478 3604 543 ἐπιλαϐέσθαι,
3662 488 3760 534 καὶ
3809 487 3912 558 πρές

555 569 906 640 visioneque
928 567 1228 635 dignatus,
1257 565 1367 621 nisi
1393 566 1608 620 harum
1647 562 2200 632 archangelicarum

556 657 848 714 mentium
888 655 1165 728 praesidio
1205 654 1426 727 ubique
1465 658 1522 710 et
1559 652 1988 723 gubernatione
2017 656 2205 706 utere-

557 752 674 804 tur.
697 747 958 811 Quarum
982 744 1160 801 etiam
1188 744 1405 800 deinde
1452 742 1631 800 credo
1683 740 2060 815 providentia
2090 740 2206 796 du-

560 841 722 891 ctum
745 835 968 908 Joseph
1009 834 1070 890 in
1104 837 1428 906 Aigyptum
1477 832 1554 890 ad
1580 832 1710 904 ejus
1759 831 2020 903 denique
2051 829 2212 900 genti

561 924 872 982 emersisse
893 924 1335 997 principatum:
1387 939 1512 996 quo
1550 927 1605 978 et
1627 921 1706 978 ad
1753 920 2210 986 humanitatem,

564 1022 621 1072 et
641 1015 719 1072 ad
743 1014 1090 1085 religionem
1115 1030 1260 1069 usus
1301 1019 1428 1069 tum
1456 1017 1742 1084 cognatos
1791 1011 1866 1067 ad
1919 1026 1983 1067 se
2004 1025 2214 1066 omnes

565 1105 804 1163 attraxit
835 1121 998 1173 suos,
1033 1109 1158 1160 tum
1189 1103 1416 1160 alienos
1464 1107 1644 1175 atque
1683 1107 1914 1158 exteros
1943 1101 2022 1157 ad
2055 1099 2215 1172 ejus-

568 1195 706 1254 dem
769 1211 972 1250 secum
1029 1193 1130 1250 Dei
1189 1193 1416 1250 cultum
1472 1192 1832 1264 provocavit.
1903 1193 2039 1247 Post
2088 1190 2218 1246 haec

567 1304 778 1345 rursus
823 1287 974 1342 eruit
1025 1285 1313 1342 Dominus
1355 1300 1426 1340 ex
1471 1283 1890 1355 IEgyptiorum
1936 1280 2220 1338 manibus

568 1379 870 1442 Israelem,
902 1375 1082 1431 modo
1108 1374 1237 1446 jam
1287 1374 1430 1430 satis
1480 1374 1695 1445 opinor
1742 1377 1885 1428 noto
1914 1371 2219 1428 omnibus.

572 1466 864 1540 Disruptis
893 1465 1050 1521 enim
1075 1464 1246 1536 aquis
1271 1463 1383 1518 illis
1420 1462 1733 1518 immensis
1787 1461 2036 1532 gurgitis
2063 1459 2223 1517 altis-

573 1556 709 1612 simi
729 1554 897 1611 siccis
918 1553 1211 1626 populum
1259 1551 1514 1624 pedibus
1565 1555 1734 1607 vasto
1753 1551 1903 1606 mari
1942 1549 2220 1607 traduxit.

575 1643 758 1715 Cujus
805 1643 991 1714 ipsius
1049 1639 1330 1696 ﬂuctibus
1382 1644 1840 1712 persequentem
1890 1638 2092 1694 obruit
2154 1652 2224 1693 ac

573 1731 834 1805 perdidit
868 1729 1230 1802 Egyptium.
1253 1730 1563 1786 Servatum
1614 1728 1753 1784 hinc
1793 1727 2087 1802 populum
2119 1724 2226 1782 ad-

576 1821 764 1878 movit
795 1836 966 1877 sacro
1001 1820 1211 1876 monti.
1256 1818 1362 1875 Ubi
1427 1819 1644 1874 divinis
1694 1835 1834 1874 eum
1887 1817 2140 1874 vocibus
2172 1819 2229 1872 et

575 1909 809 1982 legibus
827 1908 1163 1966 caelestibus
1211 1907 1484 1965 erudivit.
1516 1912 1705 1981 Atque
1738 1907 1834 1964 hic
1863 1906 1924 1962 in
1964 1906 2222 1978 speciem

579 2001 692 2057 soli
719 2003 950 2074 Moyses
989 2004 1044 2055 et
1082 2003 1281 2054 Aaron
1321 1997 1685 2070 excipiendis
1725 1997 1825 2054 Dei
1855 1996 2053 2054 verbis
2092 2011 2228 2069 por-

578 2091 871 2164 tentisque
891 2088 1290 2162 procurandis
1320 2091 1437 2144 Deo
1459 2087 1804 2162 populoque
1830 2086 2226 2143 ministerium

578 2180 902 2238 navabant.
931 2183 1009 2236 De
1041 2185 1242 2236 autem
1268 2194 1407 2234 vera
1452 2177 1694 2235 Michael
1732 2182 1789 2234 et
1841 2176 2074 2234 Gabriel
2098 2191 2227 2232 om-

579 2287 718 2326 nem
741 2269 904 2326 illam
944 2269 1023 2325 ad
1054 2284 1264 2325 sensus
1289 2267 1646 2324 admirantis
1674 2266 1884 2339 populi
1904 2265 2226 2322 miraculo-

580 2377 716 2417 rum
747 2373 1038 2432 pompam
1059 2362 1115 2414 et
1143 2355 1525 2414 oraculorum
1558 2356 1823 2412 sonitum
1849 2371 1922 2410 ex
1942 2355 2230 2424 dignitate

583 2447 940 2519 legislatoris
985 2447 1083 2502 Dei
1105 2446 1262 2502 clam
1292 2443 1820 2501 administrabant.
1861 2443 2233 2513 Quodigitur

580 2536 663 2594 illi
689 2540 971 2608 praestare
1000 2534 1377 2599 videbantur,
1399 2533 1516 2589 hoc
1542 2549 1680 2590 vere
1709 2533 1803 2589 isti
1843 2533 2230 2606 praestabant.

584 2633 665 2682 Ac
703 2623 1222 2697 quemadmodum
1260 2622 1536 2678 omnium
1565 2627 1774 2679 auctor
1805 2622 2096 2695 sapientia
2125 2621 2232 2676 im-

584 2713 865 2771 mediatis
926 2712 1054 2770 istis
1094 2711 1185 2768 sui
1225 2711 1452 2768 consilii
1493 2710 1858 2769 administris
1906 2711 2185 2768 utebatur
2217 2727 2229 2766 :

585 2804 670 2860 sic
700 2803 796 2858 isti
817 2803 982 2858 Mose
1003 2806 1060 2859 et
1079 2807 1312 2858 Aarone
1337 2801 1512 2874 quasi
1541 2801 1944 2857 secundarum
1971 2801 2234 2874 partium

584 2893 863 2950 ﬁdelibus
889 2891 1258 2968 quibusdam
1297 2891 1582 2948 ministris
1615 2891 1707 2947 usi
1744 2891 2103 2962 magnificas
2127 2905 2236 2964 per

584 2983 749 3056 ipsos
773 2981 905 3039 illas
936 2986 992 3038 et
1019 2979 1237 3038 divina:
1256 2981 1483 3037 indices
1511 2981 1790 3054 potentia:
1822 2981 2236 3054 prodigiorum

589 3072 953 3131 mirabilium
1007 3071 1296 3128 editiones
1369 3075 1762 3128 ostentarunt.
1840 3075 2040 3145 Neque
2083 3071 2143 3127 id
2174 3071 2235 3127 in

2309 561 2489 615 ἑαυτὸν
2543 567 2633 636 μὲν
2673 565 2783 618 ὅλον
2837 566 3162 621 ἐπισπᾶσθαι
3218 573 3276 621 τό
3336 575 3615 642 συγγενὲς,
3675 576 3807 646 :96;
3842 583 3910 629 τὲ»

2312 651 2427 702 κατ’
2459 651 2612 704 αὐτόν
2649 650 2708 707 δὲ
2767 655 3055 709 θεοσέϐειαν
3103 663 3192 710 καὶ
3247 662 3366 721 τοὺς
3425 659 3750 734 ἀλλοτρίους
3795 661 3917 731 ἑγιις

2315 739 2542 799 λεῖσθαι.
2571 746 2715 796 Μετὰ
2752 753 2918 798 ταῦτα
2961 745 3113 799 πάλιν
3171 747 3381 810 ἐξείλετο
3440 752 3646 822 Κύριος
3707 760 3800 810 τῖς
3852 755 3924 803 Ai-

2318 841 2612 901 γυπτιακῆς
2641 837 2824 909 χειρός
2844 839 2929 886 τόν
2961 835 3193 909 Ἰσραήλ.
3251 844 3392 889 nam
3467 835 3533 891 δὲ
3603 836 3777 900 δῆλος
3831 844 3930 899 ἴτυς

2322 920 2347 970 ὁ
2392 928 2483 981 τῆς
2526 917 2708 986 ἐξόδου
2789 929 2998 996 τρόπος.
3042 921 3216 999 ’Υδωρ
3274 929 3376 1002 γὰρ
3439 926 3704 981 ἀϐύσσου
3773 935 3931 1002 μύρων

2325 1007 2617 1084 ἀναρρήξας
2647 1015 2732 1064 τὸν
2760 1015 2852 1085 μὲν
2892 1012 3145 1087 ἀϐρόχοις
3172 1012 3398 1088 διήγαγε
3449 1022 3640 1070 ποσίν·
3705 1017 3759 1070 ἐν
3819 1020 3930 1070 α-ὶτνῐ

2327 1093 2386 1149 δὲ
2415 1102 2501 1150 τὸν
2529 1095 2757 1159 διώκτην
2789 1101 3066 1174 Αἰγύπτιον
3096 1102 3352 1167 ἐξῶλεσεν.
3404 1106 3494 1167 Εἰς
3548 1110 3677 1180 ὅρος
3740 1103 3804 1160 δὲ
3871 1128 3933 1158 τεν

2329 1194 2654 1262 σεσωσμένον
2730 1195 2862 1264 μετὰ
2936 1202 3104 1246 ταῦτα
3168 1203 3549 1268 προσαγαγὼν,
3638 1200 3936 1257 θεσπεσίαις

2329 1286 2515 1347 φωναῖς
2544 1284 2634 1332 καὶ
2693 1282 2906 1354 θεσμοῖς
2955 1283 3214 1356 οὐρανίοις
3257 1282 3722 1358 ἐπαιδαγὼγησεν
3783 1289 3935 1341 αὐτῶ.

2325 1364 2423 1422 Ἦν
2452 1374 2623 1421 τοίνυν
2653 1368 2755 1423 ἐκεῖ
2783 1375 2840 1423 τό
2887 1376 2976 1445 μεν
3027 1375 3299 1447 ὁρώμενον,
3342 1381 3546 1436 Μωσῆς
3593 1382 3694 1429 καὶ
3763 1377 3934 1448 'Ax_:.--.n

2331 1463 2464 1510 Θεοῦ
2488 1459 2688 1532 ῥήμασι
2717 1466 2804 1513 καὶ
2854 1466 3063 1537 τέρασιν
3124 1465 3562 1539 ὑπηρετούμενοι,
3623 1471 3688 1519 τό
3755 1487 3942 1539 secus;-

2330 1566 2412 1599 νον
2467 1543 2525 1600 δε
2583 1550 2805 1621 Μιχαὴλ
2853 1556 2940 1604 καὶ
2990 1551 3230 1627 Γαβριὴλ
3282 1562 3380 1606 τῶν
3437 1558 3612 1630 ἔργων
3673 1565 3823 1610 Θεοῦ
3876 1565 3942 1608 u-

2332 1635 2518 1708 λογίων
2570 1648 2870 1711 πανευαγῶς
2952 1647 3343 1714 προεστηκότες.
3380 1643 3553 1718 Ὅπερ
3621 1647 3722 1699 οὖν
3787 1647 3944 1699 ἑκεὲη.

2334 1728 2443 1788 τοῖς
2495 1726 2670 1791 ἄλλοις
2720 1731 3071 1806 καθεωρῶντο,
3148 1743 3298 1787 τοῦτο
3358 1745 3485 1807 γοῦν
3564 1734 3730 1790 οὗτοι
3774 1742 3947 1794 τούτες

2335 1811 2712 1888 ἐχρημάτιζον.
2742 1825 2841 1872 Καὶ
2889 1825 3061 1895 ῶσπερ
3102 1825 3136 1882 ἢ
3183 1829 3508 1898 παντουργὸς
3565 1832 3746 1899 σοφία
3798 1824 3948 1880 διεω-

2334 1923 2441 1966 νοις
2469 1909 2673 1970 τούτοις
2706 1907 2909 1982 ἀμέσως
2937 1919 3030 1972 τῆς
3053 1908 3194 1974 ἰδίας
3246 1913 3471 1986 ἒκέχητο
3538 1913 3761 1988 βουλῆς
3822 1918 3949 1973 οὖτα·

2339 1993 2481 2047 οὗτοι
2511 1999 2690 2053 Μωσεί
2717 2004 2806 2052 καὶ
2845 1999 3043 2072 Ἀαρὼν
3074 2005 3175 2056 ὅσα
3213 2009 3299 2056 καὶ
3349 2007 3650 2080 ὑπηρέταις
3703 2012 3947 2080 an-ium.

2333 2093 2564 2153 πιστοῖς,
2596 2089 2684 2148 τὰς
2709 2089 3009 2151 πανσθενείς
3069 2089 3116 2142 ἐν
3173 2092 3351 2155 αὐτοῖς
3423 2092 3800 2156 ἐξεκάλυπτον
3863 2099 3948 2146 6m-

2339 2178 2575 2245 σημείας.
2605 2175 2746 2230 Ἀλλ’
2774 2177 2867 2230 ούκ
2917 2178 2964 2230 ἐν
3021 2184 3196 2252 μόνοις
3242 2181 3453 2244 ἐκείνοις
3506 2185 3616 2244 τὰς
3677 2184 3949 2256 μεγαλοπ-

2336 2267 2458 2334 γίας
2487 2261 2832 2329 ἐπεδείξαντο.
2869 2273 2969 2322 Καὶ
2989 2277 3078 2322 τοῦ
3109 2271 3282 2330 Ἰησοῦ
3316 2268 3376 2324 δε
3398 2274 3536 2343 μετὰ
3600 2282 3789 2325 ταῦτα
3847 2294 3948 2346 7.7:;

2339 2357 2433 2410 τήν
2464 2351 2844 2428 ἐπηγγελμένην
2883 2365 2954 2428 τῷ
3010 2359 3114 2430 λαῷ
3171 2369 3268 2431 γῆν
3325 2367 3823 2435 προπορευὸμενοι,
3883 2385 3948 2412 κει

2339 2447 2433 2500 τὴν
2464 2439 2585 2496 ὁδόν
2635 2444 2795 2498 αὐτοῦ
2851 2450 3344 2517 κατασκευάζοντες,
3401 2455 3496 2503 καὶ
3546 2456 3690 2525 πρὸς
3750 2458 3847 2512 τήν
3882 2472 3946 2503 τε.

2341 2540 2476 2584 Θεοῦ
2501 2535 2829 2588 κατάπαυσιν
2875 2535 3188 2608 εἰσάγοντες,
3255 2548 3494 2611 ποταμοῦ
3553 2544 3734 2614 φορὰν
3791 2542 3948 2593 ἀνακο-

2341 2641 2581 2675 πτουσιν·
2638 2629 2792 2696 τείχη
2871 2621 3011 2698 δίχα
3095 2630 3498 2701 μηχανημάτων
3557 2637 3948 2684 κατασείονσυ·

2343 2709 2604 2773 δυνάστας
2626 2712 3068 2788 ἀναθεματίζουσι
3123 2725 3246 2788 γῆς.
3311 2719 3446 2770 Ἐκεὶ
3508 2720 3761 2791 Μιχαὴλ
3815 2720 3950 2795 ἀρχι-

2345 2804 2641 2874 στράτηγος
2695 2809 2888 2878 Κυρίου
2960 2807 3128 2866 καθὼς
3207 2804 3334 2879 ἀνὴρ
3415 2807 3781 2881 ἐσπασμένην
3835 2829 3948 2880 χειει

2341 2895 2580 2963 κατέχων
2633 2893 2892 2967 ῥομφαίαν
2967 2893 3312 2968 ὁπταζόμενος
3389 2895 3583 2948 ἑαυτὸν
3669 2901 3820 2960 ὅστις

2342 2984 2648 3055 παρέφηνεν,
2679 2987 2768 3034 καὶ
2799 2982 2932 3035 λύειν
2961 2987 3020 3035 τὸ
3056 2981 3312 3057 ὑπόδημα
3361 2990 3675 3060 παρηγγύα
3739 2997 3817 3059 τῷ
3873 2988 3950 3039 'Ir-

2346 3077 2462 3139 σοῦ,
2503 3075 2592 3123 καὶ
2619 3068 2784 3143 μηδεν
2807 3093 2956 3144 παχυ
2983 3077 3072 3126 καὶ
3100 3071 3415 3133 ἀναίσθητον
3443 3083 3537 3128 τοῦ
3595 3080 3794 3148 γηῖνον
3854 3096 3948 3149 9;:-

589 3169 794 3222 monte
823 3166 1052 3220 tantum
1083 3167 1185 3219 aut
1212 3161 1275 3218 in
1313 3160 1574 3218 deserto.
1608 3163 1804 3218 lesum
1829 3161 1988 3217 enim
2029 3165 2223 3234 postea

2345 3164 2571 3232 νήματος
2599 3160 2904 3232 ἐπάγεσθαι,
2937 3165 3001 3223 ὡς
3069 3159 3179 3222 ἤδη
3239 3172 3330 3226 τῆς
3391 3163 3546 3236 ἁγίας
3606 3165 3947 3219 ἐπιϐαττπ-ιτι

591 3255 671 3313 ad
699 3255 1068 3328 promissam
1106 3251 1187 3308 illi
1216 3251 1442 3324 populo
1469 3257 1686 3308 terram
1714 3251 1886 3308 solita
1925 3250 2239 3324 providen-

592 3345 677 3402 tia
734 3342 1050 3416 prosecuti,
1095 3346 1504 3416 prasparantes
1543 3341 1765 3414 ubique
1795 3357 1864 3399 ac
1904 3341 2240 3398 munientes

592 3437 751 3492 viam
780 3437 839 3490 et
875 3431 954 3488 ad
993 3431 1096 3487 Dei
1132 3431 1400 3503 requiem
1437 3430 1808 3497 inducentes,
1851 3431 2012 3487 ﬂuvii
2037 3431 2241 3488 refrin-

595 3525 746 3593 gunt
799 3521 1114 3592 impetum,
1165 3535 1373 3575 muros
1432 3518 1557 3574 sine
1611 3519 1906 3575 machinis
1954 3524 2240 3591 evertunt,

592 3610 886 3682 dynastas
939 3608 1070 3679 ejus
1119 3611 1287 3663 terra;
1334 3607 1480 3663 diris
1502 3613 1559 3664 et
1607 3607 1951 3664 efﬁcacibus
1977 3625 2245 3666 exsecra-

594 3697 858 3755 tionibus
878 3697 1191 3754 devovent.
1222 3696 1322 3751 Hie
1353 3696 1595 3754 Michael
1631 3697 1913 3770 princeps
1954 3699 2245 3755 exercitus

595 3787 832 3844 Domini
886 3785 990 3843 viri
1039 3785 1237 3858 specie
1280 3787 1663 3856 evaginatum
1725 3803 1917 3843 manu
1990 3789 2246 3844 tenentis

593 3876 863 3948 gladium
923 3890 1240 3948 apparens,
1293 3875 1429 3947 quis
1484 3880 1642 3931 esset
1688 3875 2010 3933 declaraxit
2080 3881 2138 3932 et
2183 3881 2248 3934 ut

593 3966 998 4023 calceamenta
1023 3963 1272 4020 solveret
1297 3965 1472 4019 Josue
1498 3965 1782 4036 praecepit
1813 3982 1824 4020 :
1861 3979 1932 4021 ea
1960 3980 2022 4020 re
2055 3964 2245 4036 signi-

592 4051 781 4108 iicans
807 4051 1022 4125 siquid
1056 4057 1400 4108 concretum
1439 4057 1566 4108 erat
1621 4057 1798 4124 atque
1853 4052 2038 4108 hebes
2060 4053 2244 4109 tardae

593 4146 960 4213 terrenaeque
1011 4140 1324 4209 cogitionis
1365 4140 1790 4198 excutiendum
1849 4157 1981 4196 esse
2064 4157 2243 4198 omne

591 4246 698 4302 per
717 4235 934 4287 terram
955 4230 1080 4300 jam
1115 4235 1388 4286 sanctam
1440 4231 1812 4300 ingredienti.
1873 4230 2033 4286 Idem
2061 4231 2243 4287 ambo

591 4324 807 4390 postea
836 4323 898 4374 ut
924 4319 1290 4374 sanctiorum
1354 4334 1734 4391 quorumque
1768 4318 2044 4390 judicum
2076 4323 2132 4374 et
2157 4335 2244 4375 re-

592 4423 738 4475 gum
777 4407 978 4476 gloriae
1018 4407 1305 4463 servirent
1367 4407 1488 4462 vim
1527 4408 1839 4463 elementis
1900 4408 2240 4464 attulerunt.

591 4494 819 4554 Caelum
868 4510 1008 4551 cum
1067 4494 1192 4552 sole
1255 4498 1314 4552 et
1372 4495 1548 4552 astris
1587 4495 1914 4570 aliquando
1969 4496 2244 4569 quidem—

591 4590 748 4642 stare
775 4585 1197 4656 coegeruntad
1219 4586 1508 4656 integram
1557 4588 2080 4660 consumptionem
2136 4588 2244 4643 im-

588 4675 846 4750 piorum.
879 4677 1328 4748 Nonnunquam
1371 4691 1508 4731 vero
1566 4691 1776 4731 cursus
1822 4681 2123 4732 astrorum
2154 4693 2242 4734 re-

589 4767 886 4822 torserunt
910 4763 1183 4820 omnium
1205 4764 1284 4820 ad
1305 4780 1445 4820 suos
1492 4769 1648 4820 retro
1703 4781 1968 4822 carceres
2016 4766 2240 4824 reﬂexo

586 4856 832 4927 impetu,
857 4858 920 4910 ut
945 4869 1016 4910 eo
1049 4853 1321 4926 prodigio
1347 4853 1481 4909 vitae
1512 4853 1880 4926 promissum
1904 4857 2237 4914 auctarium

585 4943 745 4999 ﬁdeli
769 4943 896 5014 regi
923 4943 1367 5000 confirmarent.
1414 4943 1804 5000 Abstulerunt
1825 4943 2002 5015 bella,
2034 4961 2070 5001 a
2101 4961 2240 5016 gen-

585 5033 746 5089 tibus
789 5031 987 5104 impiis
1019 5032 1189 5088 tutati
1221 5031 1500 5087 Israelem
1528 5036 1684 5089 sunt.
1715 5035 1994 5105 Satrapas
2016 5034 2238 5091 multos

585 5128 643 5178 et
702 5138 959 5193 magnos
1041 5121 1211 5192 signo
1267 5121 1514 5193 quidem
1574 5121 1651 5177 ad
1708 5124 2063 5180 memoriam
2133 5130 2239 5181 aut

582 5211 832 5282 vestigio
893 5211 1094 5267 relicto
1177 5227 1246 5266 ex
1319 5215 1473 5267 terra
1537 5211 2024 5270 exterminarunt.
2085 5216 2234 5272 Nam

583 5301 631 5355 si
657 5300 890 5373 absque
917 5299 1030 5355 illis
1052 5299 1634 5370 fuisset,potueratne
1661 5317 1798 5356 cum
1831 5303 2104 5358 trecentis
2128 5304 2230 5360 Ge-

578 5389 731 5445 deon
787 5389 1096 5462 myriadas
1153 5387 1498 5444 debellare?
1546 5392 1610 5446 Et
1655 5390 1821 5463 quod
1859 5407 2068 5464 quasso
2110 5397 2230 5450 tam

579 5477 837 5534 ferreum
865 5477 1132 5550 corporis
1187 5493 1258 5534 ac
1297 5477 1656 5536 lacertorum
1709 5481 1896 5538 robur
1951 5483 2230 5540 Samsoni

578 5566 910 5624 suﬂecisset
941 5585 953 5624 :
983 5572 1086 5625 aut
1105 5583 1242 5642 quas
1262 5569 1506 5627 tandem
1527 5571 1588 5627 id
1616 5571 1732 5628 hoc
1771 5573 1986 5631 durare
2008 5575 2230 5647 potuis-

573 5661 669 5715 set
695 5653 847 5717 asini
876 5657 1120 5716 maxilla
1147 5661 1215 5719 ut
1248 5659 1332 5718 ita
1367 5660 1808 5722 Philistinorum
1870 5665 2226 5726 exercitibus

2345 3257 2462 3321 γῆς.
2516 3248 2734 3302 Ἔπειτα
2797 3259 2984 3324 κριτῶν
3042 3258 3130 3304 καὶ
3177 3251 3434 3326 βασιλέων
3495 3262 3620 3316 τοῖς
3678 3255 3945 3309 εὐσεϐεῖτε·

2346 3357 2459 3413 ροις
2512 3337 2899 3411 μεγαλύνοντες,
2984 3351 3297 3417 τυραννοῦσι
3368 3351 3650 3416 στοιχεῖα.

2353 3433 2446 3481 σὺν
2476 3428 2604 3500 ἡλίῳ
2658 3434 2748 3481 καὶ
2799 3431 3014 3503 ἄστροις
3071 3434 3193 3484 ποτε
3241 3436 3331 3505 μὲν
3389 3435 3622 3486 ἱστῶσιν
3683 3435 3757 3497 εἰς
3807 3439 3946 3488 σεπτε-

2350 3517 2488 3570 λειαν
2547 3514 2836 3591 δυσμενῶν·
2909 3524 3028 3574 ποτε
3111 3517 3169 3574 δὲ
3234 3521 3547 3596 παλίνορσον
3577 3522 3945 3598 assesasses-1::

3745 3346 3944 3419 Οὖρα-νεῖ

2351 3611 2411 3660 τὸ
2437 3613 2557 3675 πᾶν,
2589 3617 2760 3680 πιστῷ
2785 3607 2997 3682 βασιλεί
3036 3611 3178 3673 ζωῆς
3237 3615 3582 3684 πιστούμενοι
3638 3617 3942 3687 προσθεῖεν-

2351 3697 2753 3771 Ἀνταναιροῦσι
2799 3699 3053 3772 πολέμους
3138 3705 3534 3776 περὶποιοῦνται
3623 3708 3720 3755 τὸν
3769 3703 3940 3774 Ἰσραξί

2354 3785 2505 3840 ἐθνῶν
2556 3787 2776 3859 ἀσεϐῶν,
2848 3794 2936 3841 καὶ
2989 3798 3268 3865 σατραπῶν
3316 3790 3514 3843 πολλῶν
3584 3811 3688 3845 και
3749 3792 3946 3865 μεγαλεθ

2353 3881 2682 3949 μνημόσυνον
2709 3877 2764 3928 ἐκ
2822 3885 2917 3940 τῆς
2981 3886 3082 3951 γῆς
3134 3887 3515 3954 περιαιροῦσιν.
3589 3887 3723 3942 Πῶς
3787 3883 3840 3931 'm
3887 3885 3946 3930 Γε-

2355 3963 2482 4018 δεὼν
2530 3965 2580 4018 ἐν
2661 3971 2984 4038 τριακοσίοις
3066 3967 3338 4041 ἐκστρατει
3384 3964 3719 4043 μυριάδων;
3756 3977 3861 4028 lis};
3909 3962 3948 4017 ἕε

2353 4053 2575 4126 Σαμψὼν
2605 4054 2761 4128 ἰσχύῑ
2789 4062 3024 4128 σώματος
3067 4062 3197 4129 μόνη
3233 4059 3261 4116 ἣ
3297 4063 3504 4129 σιαγόνι
3556 4063 3690 4111 ὄνου
3745 4068 3839 4120 τῆς
3876 4077 3947 4107 τςιι

2353 4141 2644 4216 ἀλλοφύλων
2704 4145 2835 4197 οὕτω
2917 4147 3196 4207 κατέπαιζε
3259 4143 3574 4219 δυνάμεωςς
3617 4148 3740 4200 Οὐκ
3803 4148 3858 4198 Era
3905 4142 3947 4201 ξι

2353 4238 2517 4305 μέγας
2567 4237 2712 4308 παρὰ
2779 4239 2952 4308 Κυρίῳ
3004 4235 3265 4307 Σαμουὴλ.
3325 4236 3437 4288 Ούκ
3495 4235 3608 4288 ἆνὸ
3641 4235 3818 4292 Δάξιὸ
3870 4243 3944 4283 ’ἐν

2351 4325 2553 4376 πάντων
2579 4325 2867 4398 ὑπερέσχεν
2898 4323 3120 4397 ἐχθρῶν.
3153 4325 3264 4378 Ούκ
3290 4324 3350 4376 ἆν
3380 4321 3496 4377 οὐδ’
3553 4326 3728 4389 αὐτὸς
3794 4326 3942 4382 ’Πὶιις

2350 4417 2511 4486 πυρός
2542 4413 2886 4488 φοϐερώτερος
2941 4422 3046 4474 τοίς
3101 4419 3340 4488 πυρίνοις
3389 4417 3562 4486 ἔργοις
3634 4419 3936 4488 καθεωρέτέ.

2349 4507 2439 4554 καὶ
2485 4505 2650 4574 πυρός
2695 4502 2858 4575 ἄματι
2917 4507 3048 4575 πρὸς
3109 4503 3361 4576 ούρανούς
3409 4504 3713 4575 ὀχούμενος
3771 4503 3941 4556 ἀνείης-

2349 4609 2465 4645 πτο.
2501 4588 2632 4643 Οὐδ’
2662 4592 2723 4644 οἷν
2749 4611 2824 4652 τις
2849 4590 3000 4653 οἰλλος
3050 4600 3149 4644 τῶν
3197 4594 3375 4646 ἐνθέων
3421 4593 3600 4664 λόγοις
3647 4600 3745 4646 καὶ
3797 4597 3940 4667 ἔργςις

2348 4683 2600 4752 ἐπίσημος
2626 4678 2849 4751 ἐγεγόνει
2868 4689 3163 4755 προφητῶν,
3196 4681 3240 4732 εἰ
3301 4685 3371 4754 μὴ
3439 4690 3644 4742 νοητῶς
3687 4690 3738 4734 οἱ
3783 4685 3940 4756 agit:-

2349 4788 2465 4824 στοι
2494 4777 2593 4822 τῶν
2634 4773 2760 4822 νόων
2801 4765 3085 4842 κηδεμόνες
3131 4769 3362 4845 λαμπροὶ
3409 4778 3824 4846 προεστηκότεῆ
3874 4774 3940 4821 ut

2345 4871 2444 4914 τῶν
2484 4857 2620 4913 ὁδῶν
2673 4859 2863 4924 αὐτῶν,
2944 4865 3034 4911 καὶ
3083 4867 3184 4911 τῶν
3227 4863 3388 4934 ἔργων
3444 4865 3845 4934 προηγούμενοι
3891 4863 3941 4919 si;

2344 4958 2445 5005 πᾶν
2496 4949 2692 5022 θελημα
2764 4951 2893 5001 θεῖον
2968 4951 3295 5007 κατηύθυναν
3353 4950 3558 5010 αύτούς.
3617 4950 3737 5003 ’Υπ’
3789 4951 3940 5007 αὐτοῖς

2343 5044 2434 5093 καὶ
2463 5047 2599 5116 τρεῖς
2626 5042 2817 5090 νεανίαι
2858 5037 3046 5110 φλογὸς
3097 5043 3316 5111 καμίνου
3381 5043 3672 5112 καιομένης
3734 5043 3806 5100 ὡς
3861 5058 3938 5090 ςι-

2347 5126 2543 5192 στοίδος
2593 5127 2852 5186 ἀλώϐητοι
2922 5127 3390 5196 κατεπιϐαίνοντες,
3431 5132 3519 5181 τόν
3567 5137 3796 5203 Σωτῆρα
3851 5134 3938 5184 τοίς

2343 5223 2519 5292 ῦμνόις
2569 5221 2872 5293 χορεύοντες
2951 5215 3259 5282 ἐδεξιοῦντο.
3322 5218 3434 5272 Ὑπ²
3510 5217 3714 5285 αὐτοῖς,
3787 5217 3934 5290 eiust,

2340 5315 2430 5362 καὶ
2457 5309 2627 5368 Ἰωνᾶς
2675 5312 2764 5381 μὲν
2815 5307 2998 5368 ἀσινὴς
3052 5316 3152 5360 τῶν
3208 5307 3355 5361 ἁλίου
3389 5307 3716 5381 σπλάγχνων
3755 5311 3934 5383 sistis?!

2341 5401 2517 5474 θηρός.
2573 5399 2760 5456 Δανιὴλ
2803 5394 2862 5449 δε
2883 5397 3094 5451 λεόντων
3127 5394 3310 5462 δεινῶς
3361 5398 3714 5472 βρυχομὲνων
3774 5398 3932 5453 διασε-

2339 5508 2558 5558 σωσται,
2612 5493 2702 5541 καὶ
2761 5487 3066 5562 ’Λμϐακούμ
3118 5491 3208 5562 μὶν
3252 5488 3302 5542 ἐν
3353 5490 3480 5564 ῥιπῇ
3537 5489 3840 5565 βλέμματος
3891 5487 3928 5547 ἓξ

2336 5578 2662 5655 Ιερουσαλὴμ
2713 5578 2786 5640 εἰς
2863 5577 3138 5632 Βαϐυλῶνα
3205 5585 3275 5653 τῷ
3335 5579 3497 5656 ῥοίζῳ
3546 5583 3724 5635 τούτω
3763 5583 3928 5654 μετείθη

2335 5690 2446 5737 σιος
2475 5674 2631 5745 ἤγετο
2675 5665 2882 5727 δεῖπνον
2909 5668 3225 5745 ἕπικομίξων
3265 5677 3338 5744 τῷ
3378 5669 3585 5731 Δανιὴλ.
3636 5670 3734 5728 Ὀν
3779 5670 3924 5726 δ’ωὶ
