3966 6324
77 327 225 383 1233
910 329 1178 387 NICETE
1211 328 1560 387 LAUDATIO
1593 327 1689 387 SS.
1723 324 2092 392 MICHAELIS
2123 337 2209 393 ET
2235 338 2615 395 GABRIELIS.
3300 320 3440 396 1234

73 471 177 513 τας
231 450 632 526 αἰνιγματώδεις
686 451 896 528 ὁράσεις
978 464 1077 509 τῶν
1140 454 1517 530 ἐκϐησομένων,
1579 456 1632 509 ἐκ

1879 457 2114 518 lderet?
2143 467 2230 518 An
2254 479 2379 520 non
2406 463 2546 520 inde
2576 476 2835 532 magnus
2868 464 2994 520 erat
3046 462 3286 519 Samuel
3349 479 3445 521 co-

80 543 372 604 συνετίζων
429 545 611 618 ὁρᾶται
672 544 918 618 Γαϐριὴλ.
969 545 1056 599 Ἐκ
1107 554 1199 607 τῆς
1258 545 1553 606 Βαϐυλῶνος
1627 543 1646 599 ὁ

1873 564 1924 604 m
1956 551 2208 609 Domino
2225 553 2254 609 ?
2271 557 2397 610 Non
2423 553 2690 610 indidem
2711 552 2985 608 hostibus
3007 554 3131 608 suis
3153 553 3439 609 omnibus

75 634 221 704 μετὰ
240 639 406 685 ταῦτα
437 629 512 686 δι’
539 633 707 686 αὐτῶν
753 634 970 710 Ἰσραήλ
1019 638 1147 710 πρὸς
1201 639 1290 694 τὴν
1345 635 1640 710 Ἰερουσαλή

1880 639 2065 712 perior
2096 641 2204 699 fuit
2236 644 2421 700 David
2451 643 2479 698 ‘l
2509 647 2634 701 Non
2666 642 2761 700 ille
2794 642 2921 716 ipse
2949 641 3102 698 Elias
3145 659 3257 699 suo
3313 643 3446 717 ipso

79 719 444 795 ἀνεκομίζετο.
491 722 766 786 Πλεονάκις
820 725 928 791 οὖν,
983 725 1046 776 ἶν’
1093 728 1220 778 εἴπω
1271 725 1512 793 συνελὼν,
1593 745 1645 779 το

1881 744 1931 784 te
1959 730 2271 789 terribilior
2301 733 2491 803 igneis
2522 731 2805 805 operibus
2858 731 3217 788 cernebatur
3263 733 3292 789 ?
3335 735 3447 799 Qui

82 818 226 864 Θεοῦ
279 815 370 885 μὲν
430 811 784 887 όλιγωροῦτες,
848 817 973 888 πρὸς
1033 816 1178 878 θεούς
1235 811 1295 869 δᾶ
1347 815 1648 889 αὐτομολοῦι

1879 834 2054 874 curru
2086 821 2312 878 vehens
2350 822 2526 892 igneo
2579 825 2931 894 assumptus
2982 821 3044 876 in
3102 821 3284 878 caelos
3335 827 3444 880 est.

78 921 195 967 τες,
293 909 404 964 τοῖς
514 901 723 976 ἐχθροῖς
795 905 1169 967 ὑποπίπτοντες
1242 903 1638 978 ἐπρονομεύοντο

1883 923 1996 981 que
2025 925 2204 981 porro
2235 910 2554 985 quisquam
2579 910 2730 966 alius
2755 909 3097 966 divinorum
3127 911 3449 984 propheta-

85 990 367 1052 Πλεονάκις
425 987 483 1045 δὲ
525 997 616 1051 τὴν
680 995 816 1046 θείαν
869 993 1260 1067 ἐπικεκλημένοι
1324 994 1511 1069 ῥοπὴν,
1595 992 1651 1047 δι

1879 1015 1930 1054 m
1958 998 2230 1056 doctrina
2248 1000 2504 1056 rebusve
2523 1000 2701 1070 gestis
2722 999 2901 1073 paulo
2923 999 3136 1056 exstitit
3166 999 3445 1060 illustrior

77 1088 189 1133 τῶν
242 1080 452 1152 ὑψηλῶν
505 1085 698 1136 τούτων
760 1088 850 1136 καὶ
926 1083 1178 1159 λαμπρῶν
1245 1082 1643 1158 ἁρχιστρατὴγιι

1881 1088 1892 1143 ἱ
1945 1104 2068 1144 non
2117 1089 2212 1145 isti
2262 1089 2595 1146 cmlestium
2645 1088 2956 1163 spirituum
3026 1089 3333 1165 praecipui,
3392 1095 3447 1148 et

82 1177 182 1230 τῆς
226 1169 468 1242 χαλεπῆς
513 1175 604 1244 μὲν
657 1169 966 1247 τυραννίδος
1024 1173 1357 1247 πολυτρόπως
1417 1173 1648 1232 ἀπηλλάτ

1887 1193 1982 1232 ces
2021 1177 2238 1234 fuerint
2266 1179 2563 1245 itinerum,
2607 1182 2663 1235 et
2704 1177 3008 1249 adjutores
3064 1193 3338 1254 operum,
3393 1183 3449 1235 et

83 1279 262 1329 τοντο,
284 1267 398 1324 ταῖς
426 1259 618 1315 ἑαυτῶν
641 1257 700 1316 δὲ
755 1282 982 1337 χωραις,
1031 1267 1120 1315 καὶ
1173 1263 1375 1329 πόλισι,
1426 1267 1515 1315 καὶ
1579 1270 1649 1315 rei

1881 1265 1963 1321 ini
1995 1269 2206 1323 caetera
2235 1271 2576 1325 curatorum
2605 1268 2970 1342 optimorum
2989 1267 3283 1340 complexi
3310 1283 3447 1342 pro-

86 1349 303 1412 οἰκείοις
345 1349 760 1404 ἁποκαθίσταντο
834 1354 1059 1426 θεσμοῖς.
1117 1353 1268 1405 Ούτω
1316 1354 1404 1426 μὲν
1450 1352 1499 1404 οἱ
1559 1373 1652 1405 παν

1882 1355 2319 1412 lentia'motum
2346 1372 2590 1413 omnem
2611 1361 2667 1412 et
2682 1372 3068 1429 progressum
3090 1372 3210 1430 quo
3223 1373 3346 1412 suis
3370 1357 3448 1414 ad

87 1437 242 1491 ἀύλοι
298 1447 394 1503 τῆς
469 1449 799 1514 παντουργοῦ
886 1445 1072 1514 σοφίας
1148 1461 1248 1494 των
1335 1440 1653 1517 ἀρχαιοτέρα

1881 1445 2187 1501 sectandos
2214 1445 2432 1502 divinte
2467 1446 2785 1502 voluntatis
2819 1450 3000 1503 nutus
3029 1446 3276 1502 occultis
3317 1463 3447 1503 mo-

77 1525 512 1602 ἒπιτηδευμάτων
578 1532 834 1606 ὑπουργοὶ
889 1535 979 1583 καὶ
1032 1528 1268 1584 διάκονοί
1344 1531 1643 1590 καθειστήκε

1887 1535 1935 1590 is
1968 1539 2022 1592 et
2045 1536 2423 1592 instinctibus
2481 1536 2821 1592 direxerint.
2881 1536 2946 1592 Hi
3005 1536 3194 1592 tribus
3249 1537 3450 1611 pueris

79 1637 183 1671 σαν
205 1615 547 1695 δραστήριοι.

1888 1623 2119 1680 ardenti
2148 1624 2390 1682 fornace
2441 1624 2722 1682 ﬂammas
2771 1629 3063 1697 tanquam
3113 1624 3449 1682 thalamum

70 1709 323 1765 innoxie
345 1709 716 1766 calcantibus
746 1709 1130 1784 hymnosque
1157 1709 1454 1767 Servatori
1492 1709 1674 1766 mixto
1726 1710 1949 1784 plausu
1997 1712 2354 1769 chorearum
2403 1713 2860 1770 concinentibus
2913 1716 3188 1769 auctores
3267 1713 3450 1770 iidem

73 1803 132 1854 et
164 1798 483 1872 participes
501 1798 718 1856 laetitiae
748 1800 1039 1856 consertis
1090 1799 1385 1856 haerentes
1423 1799 1728 1868 manibus,
1783 1817 1932 1857 voce
1981 1806 2269 1876 motuque
2315 1803 2628 1876 praeibant.
2688 1802 2839 1869 Quin
2890 1801 2968 1858 ab
3022 1801 3248 1858 eisdem
3304 1805 3452 1874 puto

70 1888 305 1944 factum
331 1893 397 1944 ut
417 1905 488 1945 ex
519 1888 768 1945 marinae
793 1893 998 1945 ventre
1019 1888 1234 1945 bellum
1267 1889 1392 1944 sine
1438 1904 1599 1946 noxa
1639 1891 1828 1947 Jonas
1875 1891 2156 1960 exsiliret,
2223 1895 2407 1965 utque
2460 1891 2615 1948 inter
2670 1891 2875 1948 leones
2923 1890 3298 1947 horrendum
3357 1907 3454 1947 ru-

74 1980 313 2049 gientes
358 1979 587 2050 integer
643 1979 770 2035 sine
814 1979 1041 2036 damno
1092 1983 1432 2036 servaretur
1483 1979 1708 2046 Daniel,
1766 1980 1862 2036 cui
1909 1979 2190 2036 Abbacuc
2246 1980 2616 2054 Babylonem
2665 1980 3088 2052 Hierosolymis
3139 1984 3304 2037 tanta
3348 1981 3448 2038 via

70 2069 301 2125 horum
330 2070 390 2125 vi
413 2074 591 2143 atque
621 2070 850 2142 impetu
877 2070 1036 2126 nictu
1064 2069 1374 2143 palpebrae
1401 2073 1676 2141 correpta
1711 2068 2037 2143 prandium
2064 2069 2216 2128 tulit.
2241 2069 2345 2126 Cui
2389 2071 2532 2126 item
2583 2069 2807 2125 ibidem
2875 2069 3168 2126 obscuras
3216 2069 3451 2126 futura-

74 2173 220 2214 rum
249 2174 452 2214 rerum
483 2158 931 2229 designationes
959 2158 1101 2214 visis
1134 2157 1434 2231 perplexis
1477 2157 1872 2215 adumbratas
1903 2158 2106 2232 palam
2169 2157 2404 2215 Gabriel
2455 2158 2747 2214 edisserit.
2799 2162 2921 2228 Age
2979 2157 3281 2231 Babylone
3338 2173 3454 2232 po-

79 2253 212 2304 stea
237 2247 465 2303 eisdem
487 2247 549 2303 id
569 2247 886 2318 agentibus
925 2247 1106 2304 Israel
1159 2247 1486 2304 Jerusalem
1542 2247 1910 2320 postliminio
1969 2248 2298 2304 revertitur.
2357 2247 2584 2320 Saepius
2643 2246 2879 2314 deinde,
2924 2251 2987 2302 ut
3051 2247 3250 2304 dicam
3292 2263 3458 2303 com-

79 2337 331 2410 pendio,
357 2340 494 2402 Deo,
526 2337 745 2404 miseri,
777 2341 1118 2410 contempto
1150 2336 1227 2392 ad
1249 2338 1394 2392 deos
1421 2336 1746 2406 transfugere
1775 2336 1907 2392 victi
1965 2336 2044 2392 ab
2092 2336 2365 2393 hostibus
2423 2336 2640 2408 captivi
2698 2335 3176 2394 abducebantur.
3229 2337 3455 2410 Saepius

80 2441 226 2482 vero
247 2425 748 2483 divinainvocata
801 2427 1138 2495 clementia,
1188 2441 1399 2498 opera-
1421 2425 1672 2483 istorum
1719 2424 2068 2483 sublimium
2122 2425 2378 2483 caelestis
2427 2424 2651 2482 militias
2693 2424 3126 2498 imperatorum
3178 2425 3456 2480 servitute

82 2520 484 2588 tyrannorum
535 2516 698 2572 varie
744 2515 977 2574 liberati
1024 2515 1147 2572 suis
1202 2514 1370 2571 terris
1413 2518 1593 2589 atque
1645 2514 1898 2572 urbibus
1948 2514 2304 2590 legibusque
2348 2514 2775 2572 reddebantur.
2842 2513 3004 2570 Adeo
3065 2530 3128 2570 se
3185 2518 3458 2571 strenuos

80 2605 221 2679 pari
241 2605 336 2662 isti
369 2605 609 2678 spiritus
638 2606 1155 2662 etaconcretione
1182 2605 1445 2661 materiae
1493 2604 1840 2676 longissime
1893 2606 2106 2661 remoti
2152 2606 2283 2677 ejus
2347 2606 2408 2662 in
2462 2603 2900 2678 procurationis
2949 2604 3253 2660 functione
3309 2619 3461 2678 pras-

81 2694 350 2750 buerunt
378 2694 473 2750 cui
497 2693 764 2767 praefecti
793 2694 1048 2761 fuerant,
1081 2697 1142 2750 ut
1172 2693 1613 2766 antiquioribus
1654 2709 1852 2750 rerum
1893 2695 2158 2768 parentis
2236 2694 2512 2750 omnium
2562 2693 2866 2768 sapientiae
2912 2692 3121 2750 studiis
3175 2695 3460 2768 prompto

83 2801 158 2841 ac
188 2783 350 2839 ﬁdeli
383 2783 710 2840 ministerio
735 2784 1040 2840 servirent.

161 2873 300 2927 Ἐπεὶ
336 2869 394 2926 δὲ
447 2874 472 2925 ό
525 2872 822 2947 ἀσώματος,
869 2874 894 2925 ό
924 2871 1163 2948 ἀόρατος,
1199 2873 1556 2946 όύπερούσιος
1603 2871 1694 2924 ούκ

1896 2871 2132 2938 )uando
2153 2887 2295 2928 vero
2319 2872 2730 2944 incorporeus,
2779 2870 3092 2938 invisiblis,
3141 2871 3462 2945 supersub-

85 2965 166 3017 ἔτι
231 2965 383 3035 μόνον
441 2959 576 3024 εἶδος
614 2963 767 3015 ἆύλον
822 2965 949 3036 πρὸς
1031 2961 1202 3034 ὀλίγον
1283 2963 1534 3036 ὁρώμενον
1606 2981 1651 3012 κι

1895 2959 2098 3016 .ntialis
2130 2963 2282 3015 Deus
2310 2975 2431 3016 non
2457 2961 2584 3030 jam
2613 2975 2832 3032 corpus
2867 2975 3108 3016 aereum
3142 2959 3219 3015 ad
3261 2958 3461 3030 exigui

87 3056 278 3107 θᾶττον
319 3052 690 3125 ἀφιπτάμενον,
751 3050 878 3104 ἀλλὰ
931 3049 999 3110 δὴ
1053 3056 1142 3104 καὶ
1219 3051 1344 3108 ύλην
1439 3051 1529 3104 εἴτ’
1608 3055 1653 3102 oi

1892 3048 2089 3121 nporis
2113 3048 2372 3120 speciem
2390 3047 2876 3120 deprOperatum,
2899 3062 3041 3104 mox
3057 3046 3458 3104 avolaturum.

86 3144 277 3196 οὐσίαν
333 3146 427 3200 τὴν
491 3143 741 3215 ὑμετέραν
789 3146 878 3193 καὶ
946 3145 1148 3214 μορφὴν
1220 3136 1481 3192 ὑποδῦναι
1574 3159 1652 3191 κα·

1892 3137 2155 3194 iterram
2194 3137 2346 3192 adeo
2371 3136 2802 3208 ipsamlutum,
2847 3139 3138 3205 nostram,
3186 3135 3458 3209 inquam,

88 3230 556 3303 ηξίωσε,Γαϐριὴ)
611 3234 702 3303 μὲν
763 3231 910 3292 εὐθὺς
965 3234 1023 3283 τό
1072 3235 1364 3304 μυστήριον
1418 3248 1654 3302 μυσταγο

1896 3227 2204 3283 astantiam
2235 3229 2291 3281 et
2314 3224 2574 3282 formam
2596 3224 2842 3280 induere
2885 3224 3168 3294 dignatus
3210 3227 3320 3294 est,
3349 3241 3352 3244 ’
3383 3222 3462 3282 ad

86 3328 286 3395 γείται,
330 3321 478 3384 εὐθὺς
537 3317 596 3374 δὲ
644 3329 717 3389 τῷ
781 3323 902 3394 ἱερεῖ
965 3324 1212 3396 Ζαχαρία
1266 3321 1544 3395 παραστὰς
1601 3322 1652 3370 τί

1897 3317 2080 3373 imam
2111 3315 2314 3373 statim
2361 3315 2761 3384 cognitionem
2805 3314 3076 3389 mysterii
3124 3313 3300 3371 totius
3356 3315 3463 3370 Ga-

88 3411 146 3464 ἒκ
203 3419 298 3473 τῆς
345 3415 551 3486 στείρας
605 3409 745 3480 αύτῷ
798 3413 1038 3482 γέννησιν
1084 3407 1304 3481 ἐκφαίνει
1355 3416 1447 3460 τοῦ
1507 3415 1654 3460 Βαπτη

1897 3404 1955 3461 el
1982 3403 2330 3460 admittitur.
2357 3403 2463 3469 Qui
2514 3402 2847 3459 sacerdotio
2891 3401 3162 3473 iungenti
3220 3404 3463 3473 repente

92 3509 246 3557 στοῦ.
306 3497 433 3554 Εἶτα
483 3507 545 3574 τῇ
605 3503 964 3574 κεχαριπμένη
1018 3501 1259 3574 Παρθένῳ
1311 3501 1486 3573 χαρὰν
1553 3498 1658 3570 εύας

1899 3509 2013 3549 ηδιιε
2044 3492 2340 3549 Zachariae
2387 3492 2763 3549 nasciturum
2829 3493 2942 3566 ipsi
2991 3492 3181 3565 aperit
3220 3506 3294 3547 ex
3342 3506 3465 3548 anu

87 3591 372 3665 γελίζεται.
449 3590 529 3644 Ἐν
597 3589 730 3662 ἁγίῳ
816 3585 875 3642 δὲ
941 3591 1206 3661 Πνεύματι
1284 3592 1374 3640 καὶ
1447 3587 1653 3659 ’Υψίστι

1899 3583 1988 3639 rili
2015 3581 2358 3656 Baptistam.
2385 3584 2533 3638 Tum
2565 3582 2757 3656 gratia
2803 3581 2989 3654 plenre
3035 3579 3256 3651 Virgini
3299 3580 3463 3637 bono

90 3679 318 3754 δυνάμει
356 3683 442 3732 τὸν
488 3681 606 3733 Υἰόν
663 3685 795 3732 Θεοῦ
837 3678 1165 3752 χρηματίζει
1206 3683 1389 3732 τεκεῖν.
1449 3676 1592 3729 Ἐπεὶ
1642 3673 1656 3729 ἑ

1896 3672 2020 3729 ntio
2049 3673 2366 3743 insperatae
2397 3670 2769 3727 salutationis
2793 3671 3018 3739 oblato,
3043 3676 3259 3727 caetera
3280 3685 3462 3741 nego-

88 3778 194 3824 τῶν
247 3771 566 3843 παρθινικῶν
624 3768 849 3841 λαγόνων
901 3767 951 3820 ἐν
1009 3769 1298 3840 ὁμοιώματι
1376 3765 1602 3841 βρέφους

1895 3761 2051 3818 tione
2076 3761 2388 3833 legationis
2417 3777 2540 3816 sure
2576 3777 2702 3817 rem
2756 3760 3018 3833 denique
3067 3759 3151 3816 sic
3203 3759 3461 3829 conﬁcit,

89 3861 400 3935 ύπερούσιος
462 3856 676 3929 ἐτέχθη,
738 3862 887 3909 πᾶσα
959 3859 1048 3929 μὲν
1140 3855 1354 3930 οὐρανία
1435 3855 1655 3927 γηθομέν

1900 3868 1962 3908 er
1981 3867 2086 3907 eos
2113 3856 2177 3907 ut
2202 3850 2520 3906 conveniat
2552 3869 2563 3902 :
2595 3851 2656 3905 in
2703 3850 2924 3921 Spiritu
2973 3853 3179 3905 sancto
3231 3849 3464 3905 virtute-

95 3951 326 4023 στρατια
374 3951 431 4000 τό
487 3948 620 4020 ἱερὸν
660 3954 751 4007 τῆς
823 3942 1130 4016 δοξολογίας
1189 3944 1320 3996 αἰνεῖ
1380 3943 1548 4016 μέλος.
1602 3950 1654 3996 Μ

1897 3956 1928 3997 e
1958 3938 2245 3996 Altissimi
2274 3937 2575 4008 Virginem
2600 3937 2702 3994 Dei
2734 3937 2941 3994 Filium
2991 3937 3341 4010 parituram.
3396 3939 3463 3993 Ut

91 4027 246 4112 χαὴλ
295 4033 353 4090 δε
403 4041 493 4088 καὶ
551 4033 780 4108 Γαϐρίὴλ
834 4034 886 4097 ἐξ
934 4033 1106 4109 ἀρχῆς
1183 4035 1319 4107 ἄχρι
1373 4030 1551 4092 τέλους
1627 4051 1656 4084 τ

1894 4045 1948 4086 ro
1970 4029 2099 4101 jam
2128 4029 2188 4083 in
2213 4027 2498 4098 virgineis
2528 4026 2853 4082 visceribus
2902 4026 2963 4081 in
3010 4025 3460 4082 similitudinem

95 4129 476 4201 σεσαρκωμένῳ
505 4127 869 4198 παρεπόμενοι,
909 4127 999 4175 καὶ
1047 4119 1152 4183 τοῖς
1209 4128 1420 4194 γονεῦσι
1475 4123 1534 4173 τὸ
1585 4116 1661 4173 δὲι

1901 4118 2061 4174 mani
2088 4117 2262 4172 foetus
2289 4119 2600 4188 assumpto
2627 4114 2982 4188 corpusculo
3006 4115 3467 4188 supersubstan-

94 4223 222 4290 ὄναρ
284 4215 665 4288 εἰσηγούμενοι,
718 4219 808 4266 καὶ
859 4215 990 4286 μετὰ
1045 4215 1132 4264 τόν
1204 4214 1491 4286 πειρασμὸν
1561 4209 1657 4262 αύτ

1898 4208 1964 4264 lis
1993 4210 2082 4262 est
2111 4205 2362 4277 genitus,
2393 4205 2673 4261 universa
2696 4204 2945 4275 quidem
2986 4203 3295 4274 gratulans
3353 4203 3464 4260 mi-

96 4304 514 4376 διακονούμενοι,
572 4307 661 4355 καὶ
719 4302 766 4354 ἐν
860 4308 1025 4377 καιρῷ
1083 4307 1172 4354 τοῦ
1245 4302 1446 4361 πάθους
1512 4302 1662 4374 τρόπι

1901 4314 1934 4353 a
1964 4296 2212 4352 cmlestis
2242 4311 2480 4351 sacrum
2508 4294 2952 4365 gloriﬁcationis
2977 4294 3276 4366 hymnum
3321 4293 3467 4350 ceci-

95 4398 216 4448 τινὰι
238 4394 682 4463 συνεπισχύοντες
705 4413 716 4424 ο
752 4390 810 4443 ού
833 4395 987 4464 μόνον
1022 4387 1080 4443 δὲ
1138 4388 1265 4442 ἀλλὰ
1325 4393 1413 4440 καὶ
1441 4395 1536 4448 τῆς
1579 4407 1661 4460 σαί

1897 4429 1916 4453 η,
1942 4383 2261 4442 atMichael
2290 4388 2345 4440 et
2375 4383 2608 4440 Gabriel
2658 4399 2693 4438 a
2741 4383 3036 4456 principio
3084 4383 3463 4439 incarnatum

95 4489 186 4546 κός
244 4480 336 4535 διά
389 4489 618 4555 σταυροῦ
669 4481 869 4534 λυθέντι
923 4501 935 4514 ο
983 4484 1072 4532 καὶ
1128 4487 1298 4552 γυμνῇ
1342 4477 1495 4550 ψυχῇ
1578 4496 1661 4551 πρε

1899 4474 2087 4532 sectati
2109 4478 2330 4546 prresto
2353 4487 2592 4544 semper
2612 4470 2953 4539 adfuerunt,
2972 4488 3112 4546 qua,
3135 4487 3245 4545 pro
3269 4487 3465 4528 neces-

97 4575 401 4646 κενθμῶνας
467 4568 622 4624 ἁὶὸου
662 4577 926 4644 χωροῦντι
981 4570 1415 4641 προύηγούμενοι,
1469 4569 1558 4617 καὶ
1614 4584 1663 4617 τι

1901 4569 1984 4622 ate
2026 4579 2250 4624 rerum,
2299 4567 2645 4634 opportuna
2703 4562 3051 4634 parentibus
3120 4561 3467 4633 objicientes

105 4667 328 4724 σκότους
355 4665 444 4735 μέν
489 4665 604 4723 τοὺς
657 4661 959 4732 προστάτας
1006 4657 1456 4732 καταρράσσοντες
1511 4657 1606 4715 τὰς
1659 4652 1671 4705 ί

1901 4651 2069 4718 nnia,
2102 4667 2224 4724 qua
2273 4655 2407 4723 post
2454 4649 2840 4706 tentationem
2897 4649 2959 4706 in
3010 4650 3248 4706 deserto
3295 4648 3467 4704 mini-

103 4753 249 4823 αύτῷ
287 4754 655 4826 κατειργμένας
705 4748 892 4820 ψυχὰς
943 4749 1007 4808 ὡς
1056 4745 1261 4819 πλάστῃ
1331 4745 1669 4820 προσάγοντες

1903 4746 2090 4808 antes,
2115 4755 2237 4812 qua
2289 4737 2586 4811 passionis
2633 4742 2902 4813 tempore
2959 4738 3361 4794 confortantes
3400 4752 3469 4792 ac

102 4845 198 4892 καὶ
237 4839 376 4911 αὐτῷ
427 4846 614 4912 νοερῶς
668 4835 1159 4910 προσαρμοζόμενοι
1217 4854 1228 4868 ·
1303 4829 1412 4886 εἶτα
1477 4835 1572 4890 τήν
1654 4830 1668 4882 ἐ

1905 4827 2275 4887 odammodo
2304 4827 2969 4899 collaborantcs.Neque
2991 4828 3105 4882 hoc
3139 4823 3470 4912 solum,sed

101 4932 273 5002 τάφου
331 4933 606 5003 τριήμερόν
655 4930 858 5000 ἔγερσιν
912 4933 1020 4985 τοῖς
1089 4922 1251 4987 ἀξίοις
1298 4921 1667 4996 ἐμφανίσαντες

1905 4922 2008 4976 >rte
2029 4916 2220 4974 crucis
2251 4931 2500 4989 corpore
2535 4915 2817 4985 solutum,
2844 4915 3129 4987 nudaque
3163 4913 3367 4970 anima
3391 4910 3471 4968 ad

106 5019 248 5072 οὕτω
280 5015 346 5076 δὴ
379 5020 510 5091 πρὸς
565 5016 808 5090 οὐρανούς
857 5012 1183 5066 ἀναϐαίνοντι
1229 5015 1319 5064 καὶ
1371 5015 1456 5062 τόν
1503 5014 1671 5083 Πατέρ

1904 5007 2245 5062 bterraneos
2271 5002 2598 5059 inferorum
2622 5006 3030 5075 penetrantem
3072 5015 3338 5056 carceres
3363 5014 3470 5072 ap-

107 5111 438 5168 συνανιόντις
461 5107 794 5181 τεθεώρηντο.
853 5104 1090 5157 Κάτωθεν
1141 5105 1230 5174 μὲν
1281 5097 1368 5153 οὖν
1427 5105 1539 5160 τοῖς
1586 5097 1673 5149 ἀπε

1909 5096 2110 5151 ritores
2139 5094 2232 5150 isti
2261 5096 2709 5165 prmcesserunt.
2736 5092 2847 5156 Qui
2872 5092 3050 5147 etiam
3079 5088 3475 5162 impressione

112 5196 316 5257 στόλοις
367 5199 432 5257 ὡς
488 5191 673 5268 ἀνδρες
719 5191 817 5246 δύο
862 5193 1191 5265 λειλχείμονες
1246 5186 1320 5243 δι’
1377 5187 1525 5262 ἀέρος
1586 5183 1678 5240 ἔδει

1907 5183 2023 5239 bita
2038 5183 2348 5256 perculsos
2380 5179 2760 5236 tenebrarum
2789 5179 3088 5252 principes
3115 5177 3473 5235 afﬂixerunt.

108 5305 296 5340 κνυντο
352 5289 639 5358 πετόμένοι,
686 5288 775 5336 καὶ
832 5287 917 5335 τόν
956 5289 1050 5343 τῆς
1131 5277 1376 5352 δευτέρας
1426 5277 1674 5351 ἐπιφανείο

1916 5288 1974 5327 m
2001 5275 2235 5343 ereptas
2260 5285 2333 5326 ex
2359 5285 2566 5325 eorum
2596 5268 2850 5324 vinculis
2897 5268 3189 5324 conditori
3243 5266 3477 5323 animas

110 5379 302 5449 τρόπον
337 5381 427 5427 τοῦ
475 5370 958 5445 ἀναλαμϐανομένου
1026 5367 1450 5440 καταγγέλλοντες
1514 5386 1528 5399 ο
1604 5373 1676 5417 ταῖ

1914 5363 2232 5428 duxerunt,
2261 5364 2595 5432 creteraque
2627 5358 2936 5416 sedulitate
2963 5357 3127 5415 omni
3161 5373 3222 5414 se
3275 5372 3480 5412 suum-

114 5467 419 5538 ύπερτέραις
467 5457 526 5514 δὲ
589 5463 785 5513 τούτων
869 5455 1175 5531 δυνάμεσιν,
1260 5455 1451 5530 ’Ἄρατε
1537 5453 1680 5507 πύλα‹

1922 5469 1952 5509 e
1991 5449 2353 5523 obsequium
2384 5447 2460 5504 ad
2483 5447 2810 5519 majestatis
2831 5449 2961 5520 ejus
2987 5462 3277 5521 pompam
3301 5449 3357 5502 et
3385 5460 3484 5501 vo-

119 5550 344 5605 ἑπεϐόων
385 5573 400 5586 ·
439 5556 529 5604 καὶ
569 5550 729 5605 πύλαι
769 5549 987 5619 αἰώνιοι,
1035 5551 1093 5601 τὸ
1140 5548 1310 5620 τάχος
1372 5545 1684 5618 ἐπαιρόμενα

1916 5541 2082 5598 atatis
2094 5555 2274 5598 omne
2288 5538 2527 5608 signum
2543 5539 3097 5594 accommodarunt.
3114 5540 3195 5593 Ex
3209 5534 3482 5608 sepulcro

116 5649 195 5713 τῷ
229 5639 442 5713 βασιλεῖ
465 5647 562 5700 τῆς
615 5635 1152 5702 ὃόξηςόδοποιήσατε
1214 5640 1309 5696 τὴν
1358 5633 1564 5688 εἴσοδον
1612 5633 1676 5687 Ἀ

1921 5631 2060 5688 inde
2086 5626 2582 5686 resurrectionem
2620 5643 2756 5700 quae
2797 5629 2966 5686 tertia
3012 5627 3108 5684 die
3133 5625 3379 5696 contigit
3408 5623 3484 5679 iis
