3966 6324
521 283 662 346 1233

2018 275 2377 356 ADDBNDL

3783 285 3943 343 1136‘

527 429 684 487 quos
711 408 1053 481 dignandos
1075 410 1240 467 tanto
1259 408 1488 466 honore
1510 408 1664 464 Deus
1693 408 1879 470 voluit
1927 408 2091 468 mani

2315 405 2367 460 ὗν
2401 409 2620 474 ἐνταῦθα
2656 411 2861 474 τούτοις
2898 414 2990 472 καὶ
3050 412 3081 471 ἠ
3134 405 3380 468 διακονία
3449 411 3841 484 περεγίγααται
3875 429 3881 466 :

530 507 719 558 stata:
755 501 838 556 sic
861 499 1107 556 demum
1131 498 1210 554 ad
1241 497 1422 554 caelos
1451 504 1507 555 et
1546 498 1624 554 ad
1684 501 1917 554 Patrem
1967 513 2178 556 ascen-

531 591 771 646 dentem
799 588 1068 644 comitari
1114 587 1224 643 visi
1268 592 1426 646 sunt.
1477 589 1623 646 Tum
1668 587 2060 642 ostenderunt
2117 601 2181 642 se

532 678 820 753 apostolis
841 677 1100 733 duorum
1116 677 1378 734 virorum
1420 677 1618 749 specie
1631 678 1842 732 vestitu
1858 675 2002 732 albo
2015 689 2183 748 aper-

529 772 588 824 to
611 782 745 823 aere
767 765 1196 836 devolantium,
1228 765 1508 824 secundae
1530 765 2028 824 manifestationis
2052 764 2182 834 ejus

529 857 632 930 qui
659 860 1006 929 assumptus
1037 855 1228 911 fuerat
1246 855 1670 913 annuntiantes
1687 855 1958 912 modum.
1982 858 2052 910 At
2085 870 2182 914 su-

528 945 864 1022 perioribus
892 944 1307 1016 potestatibus,
1341 944 1593 1002 Attollite
1634 949 1855 1018 portas,
1896 942 2179 1000 inclama-

527 1033 696 1101 bant,
731 1039 787 1089 et
815 1032 1152 1099 elevamini,
1177 1038 1364 1106 portae
1425 1033 1786 1101 aeternales,
1810 1038 1865 1087 et
1917 1029 2183 1092 introibit

529 1126 649 1180 Rex
681 1123 902 1193 gloriae.
949 1124 1162 1178 Verum
1206 1137 1353 1178 num
1405 1121 1574 1180 dictis
1625 1123 1915 1178 hactenus
1969 1134 2180 1176 eorum

528 1211 928 1268 ministerium
950 1211 1466 1283 circumscriptum
1488 1216 1574 1268 est
1601 1211 1628 1267 ‘I
1684 1211 1938 1267 Minime.
1977 1211 2178 1281 Neque

2293 495 2582 572 Οὐδαμῶς.
2617 500 2693 553 Οῦ
2722 502 2825 574 γὰρ
2864 501 2956 562 ἕως
2991 509 3083 562 τῆς
3106 503 3236 573 πρὸς
3261 503 3349 552 τόν
3384 502 3707 572 γεννήτορα
3771 504 3885 571 μενεῖ

2289 594 2382 658 τοῦ
2435 591 2758 660 γεννηθέντος
2839 589 3330 657 ἀποκαταστάσεως,
3407 595 3594 662 μέχρι
3687 585 3751 641 δε
3823 598 3888 648 τὶς

2290 673 2733 751 προσδοκωμένης
2786 679 3094 745 συντελείας,
3147 684 3236 731 καὶ
3283 677 3399 732 κατ’
3447 678 3639 735 αὐτὴν
3708 673 3770 730 δε
3825 685 3884 734 τι»

2289 765 2650 840 μεγαλοπρεπῆ
2682 775 2775 830 τῆς
2813 775 2905 824 τοῦ
2935 771 3060 821 Υἱοῦ
3125 765 3287 832 δόξης
3337 767 3665 840 ἐπιφάνειαν
3715 771 3776 818 τό
3826 775 3889 823 ti;

2289 854 2458 910 αὐτῶν
2509 855 2834 932 λειτουργίας
2892 857 3241 930 ἐπιφαίνοντες
3321 853 3705 931 δραστήριον,
3799 857 3891 907 σει]-

2288 943 2438 1015 πιγξι
2493 944 2999 1017 μεγαλοφωνοτάταις
3055 946 3366 1018 κελεύσματι
3432 947 3564 1015 θείῳ
3669 944 3893 997 cultiss-

2292 1049 2374 1102 σιν
2409 1051 2422 1064 ο
2455 1031 2618 1094 οὓτως
2655 1038 2785 1088 ὥστε
2843 1038 2900 1087 τό
2957 1036 3183 1107 φθαρτόν
3359 1032 3741 1092 ἁλλοιώθῆναι
3795 1051 3895 1104 προς

2289 1116 2605 1194 ἀκηρασίαν,
2633 1141 2731 1192 παν
2783 1118 2842 1187 δζ
2878 1125 2937 1175 τὸ
2989 1121 3210 1195 πλάσμα
3260 1129 3329 1192 τῷ
3378 1121 3600 1194 πλάστῃ
3665 1123 3896 1194 κριθεῖσι·

2287 1227 2434 1282 μενον
2477 1207 2823 1265 ἁνίστασθαιί

529 1300 690 1355 enim
720 1298 782 1355 id
812 1299 1067 1355 cessabit
1098 1315 1134 1356 a
1159 1300 1526 1356 restitutione
1562 1299 1851 1370 Unigeniti
1883 1297 1960 1354 ad
2019 1295 2202 1352 Patris
2225 1311 2318 1364 sui
2341 1295 2670 1365 dexteram,
2705 1314 2896 1372 usque
2917 1299 2996 1372 ad
3044 1304 3450 1371 exspectatam
3504 1313 3894 1356 consumma-

527 1389 751 1445 tionem
779 1395 836 1445 et
864 1405 998 1445 eam
1027 1405 1163 1462 quae
1196 1389 1294 1444 illo
1317 1393 1581 1460 tempore
1601 1388 1800 1446 futura
1821 1393 1909 1444 est
1949 1384 2336 1456 magniﬁcam
2393 1385 2511 1452 Filii
2569 1387 2772 1460 gloriae
2832 1387 3338 1446 manifestionem.
3401 1389 3540 1455 Quo
3608 1393 3896 1460 tempore

529 1483 796 1535 extremo
820 1477 918 1533 illo
940 1477 1240 1550 praeconio
1263 1477 1559 1544 faciendo,
1588 1483 1644 1534 et
1664 1476 2045 1534 vocalissima
2076 1472 2178 1530 Dei
2199 1476 2380 1543 jussu
2411 1473 2679 1532 inﬂanda
2701 1475 2846 1532 tuba
2874 1476 3042 1548 cujus
3068 1475 3294 1536 efﬁcaci
3320 1491 3470 1538 sono
3507 1476 3900 1549 corruptibile

529 1566 607 1622 ad
636 1565 1254 1637 incorruptibilitatem
1280 1566 1714 1644 immutabitur,
1745 1571 1802 1623 et
1823 1569 2094 1622 creatura
2117 1561 2316 1640 omnis
2341 1567 2544 1634 surget
2566 1569 2624 1622 et
2646 1564 2882 1622 sistetur
2903 1564 3234 1637 judicanda
3263 1567 3547 1636 Creatori,
3563 1566 3666 1632 sui
3699 1564 3902 1630 minis-

530 1655 655 1710 terii
693 1654 1063 1726 diligentiam
1093 1654 1541 1728 approbabunt.

605 1743 719 1800 Sed
745 1743 1112 1816 jampridem
1132 1750 1491 1814 evagantem
1523 1760 1594 1801 eo
1613 1744 1772 1802 unde
1804 1749 1890 1824 est
1911 1743 2184 1820 digressa
2216 1743 2254 1797 Β

531 1833 864 1889 orationem
895 1847 1270 1889 revocemus.
1301 1836 1446 1890 Nam
1474 1839 1797 1906 postquam
1828 1849 2032 1890 rerum
2057 1847 2184 1889 om-

527 1920 698 1976 nium
734 1924 998 1994 potestas
1035 1919 1174 1976 Filio
1199 1924 1288 1978 est
1309 1921 1544 1987 tradita,
1595 1937 1700 1994 per
1754 1937 2000 1978 omnem
2055 1920 2186 1993 qui-

531 2008 671 2064 dem
696 2012 914 2065 terram
943 2009 1407 2082 dispensationis
1445 2014 1575 2082 ejus
1621 2011 1864 2068 nuntius
1891 2016 1947 2078 et
1993 2014 2182 2066 Evan-

531 2097 666 2168 gelii
729 2114 927 2154 sermo
968 2099 1156 2158 instar
1213 2099 1444 2156 sonitus
1495 2101 1734 2178 tonitrui
1807 2099 2184 2156 vocalissime

527 2187 804 2261 pervasit.
837 2190 911 2243 At
937 2188 1337 2260 spiritualium
1381 2189 1599 2246 harum
1645 2194 2010 2260 potestatum
2069 2189 2184 2248 hoc

529 2281 742 2346 agente
783 2276 1160 2332 Providentia
1180 2277 1257 2332 ad
1280 2277 1694 2350 amplitudinis
1733 2278 1992 2352 speciem
2051 2294 2183 2335 ma-

529 2363 811 2432 gniﬁcam
843 2363 1130 2435 prodigiis
1165 2364 1623 2434 commendatus
1673 2364 2184 2444 conﬁrmatus.un

528 2457 636 2508 est.
673 2453 910 2508 Deserto
941 2453 1100 2508 enim
1136 2452 1348 2508 Israele
1383 2453 1561 2509 veteri
1597 2453 1764 2526 quod
1795 2454 1843 2508 is
1874 2454 2059 2510 verbo
2090 2471 2185 2512 sa-

528 2557 644 2596 crae
665 2541 804 2596 ﬁdei
825 2542 1131 2598 restitisset
1160 2541 1342 2614 impie
1375 2561 1388 2610 ;
1436 2548 1538 2598 aut
1574 2543 1772 2618 potius
1822 2544 2074 2617 receptis
2121 2545 2181 2602 in

527 2629 831 2702 peculiare
855 2630 1253 2702 patrocinium
1275 2629 1388 2686 illis
1421 2629 1704 2687 omnibus
1737 2632 2079 2706 quicunque
2110 2649 2182 2694 ex

527 2733 599 2774 eo
620 2718 846 2789 populo
877 2734 940 2773 se
977 2718 1201 2774 dociles
1217 2720 1293 2774 ad
1319 2726 1600 2792 pietatem
1617 2722 2026 2792 praebuerunt,
2053 2739 2182 2779 om—-

526 2807 706 2864 nibus
730 2808 835 2881 qui
865 2824 1048 2882 supra
1068 2809 1319 2866 modum
1349 2810 1622 2868 infraenes
1644 2827 1714 2868 ac
1735 2811 1984 2868 rebelles
2013 2829 2092 2868 er:

2339 2816 2388 2868 ᾔν
2443 2816 2539 2872 τῆς
2587 2807 2905 2881 ἐπιγνώσεως
2963 2809 3123 2868 αὐτοῦ
3199 2810 3558 2885 πληροῦσθαι.
3650 2815 3905 2883 Πρότερ-ςν

529 2895 802 2966 abjectis,
838 2897 921 2952 sic
959 2887 1208 2955 demum
1240 2899 1461 2955 sanctis
1495 2900 1681 2957 divini
1711 2901 1878 2956 verbi
1899 2902 2095 2974 praedic

2337 2893 2477 2950 ςδιὰ
2533 2901 2748 2964 τούτων,
2799 2899 2870 2963 ὡς
2924 2906 2984 2972 αῖ
3032 2901 3166 2953 θεῖαί
3223 2918 3380 2972 φασιν
3436 2897 3831 2972 ἀποκαλύψεις,
3888 2900 3903 2950 i

525 2983 754 3040 toribus
795 2986 874 3041 ad
913 2987 1369 3042 conversionem
1401 2988 1670 3060 gentium
1700 2989 2091 3064 promovenda

2337 2988 2500 3058 ράκων
2548 2986 2572 3037 ὁ
2616 2986 2790 3059 με’λας,
2851 2989 2876 3056 ὁ
2927 2989 3189 3060 θεομάχος
3246 2997 3361 3050 νοῦς
3435 2993 3529 3042 καὶ
3578 2987 3903 3049 διποστάτῑς.

529 3073 878 3130 auxiliarem
911 3091 1087 3131 suam
1117 3092 1365 3146 operam
1406 3077 1704 3150 prolixam
1759 3083 1817 3134 et
1874 3079 2095 3134 assidu:

2337 3095 2401 3147 αα
2429 3081 2541 3138 τοῖς
2594 3074 2754 3128 αὐτοῦ
2811 3076 3258 3150 καταπολεμηθεὶς
3322 3075 3593 3149 ἀγγέλοις,
3656 3083 3764 3130 καὶ
3819 3087 3903 3130 τῶν

525 3168 1052 3236 τορτωεεηῑθτυηῐ,
1084 3180 1154 3220 eo
1178 3181 1457 3222 successu
1493 3170 1557 3222 ut
1581 3165 1884 3224 celerrime
1904 3168 2091 3240 univei

2337 3163 2542 3236 ὶρανίων
2616 3168 3032 3239 κατοίκητηρίων
3107 3165 3292 3240 ῥιφεὶς,
3365 3164 3607 3220 ἄϐυσσον
3683 3185 3748 3221 τε
3831 3173 3903 3218 ui

533 3254 688 3308 terra
714 3252 1052 3322 cognitione
1079 3253 1179 3308 Dei
1225 3254 1570 3325 repleretur.
1622 3255 1792 3339 Prius
1835 3260 2040 3332 tamen

2335 3253 2546 3324 ἑρταρον
2605 3251 2760 3305 οἰκεῖν
2839 3247 3288 3326 καταδεδίκαστο.
3372 3261 3537 3314 Τοῦτο
3628 3260 3723 3306 καὶ
3825 3263 3901 3316 τῆς

528 3339 746 3394 iisdem
771 3341 916 3403 istis,
949 3347 1007 3395 ut
1031 3341 1234 3398 divina
1278 3347 1481 3398 narrat
1529 3337 1945 3418 Apocolypsis,
2000 3344 2094 3400 dra

2332 3343 2561 3414 αρούσης
2597 3339 2743 3414 οἶμαι
2780 3341 3020 3416 πρόξενον
3075 3339 3276 3418 ἑορτῆς,
3334 3351 3487 3395 τοῦτο
3527 3349 3625 3396 καὶ
3693 3345 3897 3405 σῦναξιν

528 3428 698 3496 niger
723 3434 1001 3499 apostata
1052 3431 1104 3484 ei
1162 3447 1353 3503 usque
1411 3432 1490 3486 ad
1543 3433 2010 3504 repugnandum
2061 3434 2094 3494 Ι]

2329 3439 2389 3480 ῶν
2448 3427 2791 3504 ἀρχαγγίλων
2860 3435 3092 3504 σημερσν
3130 3431 3578 3505 πανηγυρίζομεν.
3644 3434 3784 3486 Καθ’
3855 3434 3895 3483 ό.

525 3519 850 3571 contumax
886 3517 1128 3586 spiritus
1155 3534 1292 3574 cum
1317 3519 1440 3574 suis
1464 3521 1691 3590 angelis
1722 3520 2052 3596 debellatus
2071 3539 2091 3578 ε

2330 3521 2469 3594 αιρόν
2545 3521 2837 3592 Πνεῦματος
2921 3521 3056 3572 θείου
3131 3515 3517 3596 συνδραμόντες
3587 3522 3762 3594 ῥοπῇ,
3826 3526 3896 3571 καὶ

526 3609 583 3660 et
617 3604 956 3660 ccelestibus
990 3607 1212 3678 ejectus
1241 3608 1482 3664 sedibus
1512 3609 1573 3664 in
1602 3593 1908 3682 abyssum,
1939 3628 2008 3667 ac
2050 3615 2092 3668 Τη

2329 3613 2480 3670 ιητώς
2522 3615 2594 3678 τῷ
2652 3617 2742 3670 τῆς
2788 3613 2976 3674 κακίας
3023 3593 3362 3683 συρῥαγέντες
3399 3593 3895 3688 πατρξῗέτρί-ξιαντι

525 3697 720 3748 tarum
753 3693 1048 3764 relegatus
1078 3700 1186 3751 est.
1211 3696 1395 3767 Hujus
1423 3697 1632 3753 merito
1683 3698 1937 3755 victorias
1986 3717 2091 3772 con

2329 3716 2345 3749 ι
2373 3705 2551 3764 τοῦτον
2584 3701 2650 3759 είς
2673 3697 2813 3760 τέλος
2878 3703 2966 3750 καὶ
3011 3699 3146 3772 κατα
3192 3703 3286 3780 τὴν
3342 3699 3478 3772 ἱερὰν
3529 3705 3761 3776 Γραφὲν
3825 3701 3895 3773 ὴ-

524 3780 733 3836 liatum
766 3782 916 3854 ipsis
945 3784 1258 3857 praesentis
1278 3784 1526 3857 hujusce
1545 3785 1672 3842 festi
1700 3788 1988 3846 honorem
2013 3795 2178 3862 puto.

522 3873 838 3942 Propterea
861 3873 1141 3944 synaxim
1170 3875 1679 3944 archangelorum
1705 3876 1883 3932 hodie
1922 3878 2183 3947 gratula-

527 3959 683 4015 tione
706 3966 870 4017 tanta
902 3978 1320 4036 concursuque
1353 3951 1729 4020 celebramus
1778 3968 1897 4022 Hoc
1938 3967 2018 4023 illi
2075 3967 2184 4024 de-

525 4064 632 4104 cus
663 4057 1003 4108 meruerunt
1023 4069 1146 4125 quo
1172 4058 1437 4124 tempore
1464 4053 1542 4110 ad
1563 4054 1750 4110 divini
1800 4043 2012 4112 nutum
2065 4057 2182 4129 spi-

523 4138 666 4193 ritus
681 4145 970 4211 tanquam
987 4139 1063 4196 ad
1075 4141 1089 4196 i
1101 4141 1453 4214 inperatoris
1468 4143 1708 4212 signum
1732 4160 1880 4216 conc
1894 4150 2177 4218 urrentes,

527 4227 848 4299 etspiritali
895 4229 1166 4300 quodam
1197 4230 1422 4304 impetu
1477 4236 1654 4305 atque
1703 4233 2091 4306 impressione
2122 4236 2181 4291 in

521 4321 752 4389 patrem
814 4317 1050 4373 malitize
1109 4319 1285 4374 simul
1372 4319 1770 4392 irrumpentes
1841 4329 2087 4379 averterl

2330 4328 2490 4396 ὶσπερ
2548 4329 2636 4373 οῦν
2679 4319 2726 4372 ἐν
2782 4325 2981 4381 τούτοις
3033 4330 3124 4374 τοῦ
3172 4325 3387 4386 ἥττονος
3441 4325 3469 4376 ό
3542 4321 3896 4400 σφοδρότερος

524 4403 690 4459 illum
724 4405 784 4459 in
815 4405 994 4460 tinem
1025 4424 1038 4461 :
1075 4411 1131 4461 et
1157 4408 1328 4477 juxta
1359 4409 1629 4464 divinam
1665 4411 2032 4483 Scripturam
2056 4413 2090 4469 il

2329 4419 2572 4485 τικρατεί,
2628 4411 2788 4472 οὕτως
2848 4412 2878 4469 ἡ
2938 4420 3038 4464 τῶν
3096 4410 3437 4485 ἀρχαγγίλων
3530 4411 3701 4485 βιαία
3774 4419 3895 4467 κατὰ

527 4491 737 4546 dentes
764 4498 840 4561 et,
868 4495 1018 4549 sicut
1040 4495 1237 4564 fulgur
1253 4497 1423 4566 juxta
1454 4497 1743 4554 visionem
1760 4499 1900 4555 Jesu
1949 4518 1979 4572 _e
2031 4519 2093 4558 co

2328 4506 2382 4550 οῦ
2440 4495 2721 4574 δράκοντος
2775 4497 3111 4571 ἓνεσχύσασα
3170 4506 3293 4560 πνοὴ
3347 4505 3432 4553 τόν
3482 4505 3575 4574 μεν
3637 4503 3715 4566 εἰς
3775 4510 3894 4577 χάος

526 4580 891 4652 praecipitem
905 4584 1311 4638 exturbarunt.
1333 4587 1621 4641 Caeterum
1635 4603 1916 4660 quaenam
1932 4590 2005 4646 sit
2030 4591 2088 4646 in

2327 4591 2378 4638 αὶ
2407 4587 2562 4660 ζόφον
2590 4585 2892 4662 ἔξερῥίψατο
2925 4610 2937 4621 ·
2972 4588 3121 4641 αὐτοὶ
3173 4584 3232 4642 δε
3290 4593 3384 4649 τήν
3439 4581 3644 4642 ἑκείνου
3699 4603 3893 4645 πτῶσιν

2365 1741 2498 1796 ’Δλλ⁹
2573 1747 2660 1798 ίπί
2714 1749 2809 1804 τὴν
2872 1744 3179 1812 ἀκολουθίαν
3231 1747 3342 1800 ὅθεν
3397 1747 3425 1814 ό
3474 1744 3642 1817 λόγος
3700 1745 3903 1819 προεξε-

2294 1828 2485 1910 ᾇραμε,
2546 1833 2700 1886 πάλιν
2752 1834 2908 1888 αὐτόν
2960 1837 3288 1902 επανακτεον.
3346 1835 3491 1888 Ἐπεὶ
3556 1837 3672 1907 γόιρ
3736 1837 3768 1892 ἡ
3817 1841 3906 1885 τίη

2293 1920 2421 1973 ὅλων
2460 1921 2675 1992 ἔξουσία
2729 1923 2802 1996 εἰς
2857 1926 2951 1994 τὰς
3005 1931 3186 1999 χεῖρας
3241 1925 3454 1996 ὑπῆρχε
3521 1931 3596 1996 τῷ
3671 1929 3802 1993 figi,
3849 1923 3910 1982 εἰς

2293 2015 2467 2076 πᾶσαν
2510 2014 2600 2086 μὶν
2657 2016 2751 2071 τὴν
2807 2020 2907 2084 γῆν
2961 2014 2988 2084 ό
3044 2021 3138 2075 τῆς
3194 2011 3494 2084 οἰκονομίας
3541 2012 3722 2086 αὐτοῦ
3772 2012 3910 2082 λόγος

2293 2098 2358 2162 ὡς
2411 2103 2549 2171 φωνὴ
2612 2097 2837 2175 βροντῆς
2888 2098 3193 2176 ἔνορμονίως
3239 2099 3480 2172 ίξηχείτο
3545 2121 3560 2134 ·
3624 2101 3740 2154 ὑπὸ
3823 2110 3912 2152 τῶν

2291 2196 2475 2262 νοερῶν
2541 2184 2600 2242 δε
2654 2191 2849 2241 τούτων
2924 2185 3192 2261 δυνάμεων
3265 2188 3690 2264 μεγαλυνόμενος
3770 2188 3911 2262 ἰκρι-

2291 2283 2520 2332 ταιοίτο.
2561 2281 2659 2330 Τόν
2705 2277 2867 2330 πάλαι
2912 2280 3014 2350 γὰρ
3072 2277 3278 2354 Ἰσραὴλ
3329 2278 3410 2331 ὅτι
3470 2285 3549 2342 τῷ
3601 2277 3759 2349 λόγῳ
3827 2285 3911 2337 τῆς

2295 2365 2428 2439 ἱερᾶς
2485 2384 2714 2432 πιστεως
2787 2363 2994 2439 ἀνιέρως
3073 2363 3358 2420 ἁντετίθετο
3441 2366 3834 2439 καταλιπόντες
3897 2388 3905 2397 ·

2290 2452 2480 2539 μᾶλλον
2511 2449 2570 2530 δε
2607 2457 2666 2520 τό
2724 2457 2814 2527 μεν
2867 2455 2986 2507 ὅσον
3032 2463 3125 2508 τοῦ
3189 2456 3364 2518 ἔθνους
3417 2453 3640 2534 εὐσεβὲς
3708 2453 3909 2512 ἀνειλη-

2291 2538 2457 2616 φότες,
2498 2543 2618 2614 ὅσον
2663 2538 2722 2596 δε
2775 2539 2971 2616 κομιδῆ
3032 2539 3283 2622 δυσήνιον
3360 2541 3704 2622 ίκρίψοωτες,
3786 2545 3908 2616 οὕτω

2291 2639 2401 2694 τοῖς
2433 2633 2586 2703 ἱεροῖς
2635 2639 2727 2684 τοῦ
2779 2637 2950 2704 Λόγου
3013 2633 3274 2705 θεολόγοις
3329 2633 3399 2696 εἰς
3436 2637 3534 2706 τὴν
3588 2630 3699 2700 τῶν
3760 2633 3907 2686 ibin

2289 2725 2622 2793 περιποίησιν
2649 2717 2994 2794 συνέδραμον,
3047 2724 3116 2790 ὡς
3169 2724 3408 2792 τάχιστα
3464 2724 3563 2779 τήν
3615 2723 3906 2793 σύμπασαι

2292 3786 2703 3866 καταπαίξαντες
2747 3792 2836 3840 καὶ
2891 3790 3065 3862 ὥσπερ
3119 3787 3392 3864 ἀστραπήν
3450 3793 3592 3841 κατά
3657 3796 3761 3850 τὴν
3819 3798 3898 3843 τοῦ

2293 3873 2472 3933 Ἰησοῦ
2539 3878 2754 3956 θεωρίαν
2820 3875 2875 3940 ἕξ
2951 3875 3170 3952 οὐρανοῦ
3240 3871 3511 3950 βαλλοντες
3601 3878 3897 3958 ᾇξέῥριψαν.

2295 3962 2452 4016 Ἀλλὰ
2509 3969 2586 4026 τίς
2633 3967 2658 4016 ό
2715 3972 2808 4017 τοῦ
2853 3961 3076 4038 πολέμου
3137 3975 3238 4036 τῶν
3312 3965 3611 4042 ᾁσωμάτων
3697 3975 3900 4042 τρόπος,

2299 4049 2479 4106 εἰδεῖεν
2535 4055 2597 4105 οἷν
2649 4053 2832 4106 ἐκεῖνοι
2880 4064 3076 4126 σαφῶς.
3122 4055 3400 4120 Εἰκάζουεν
3447 4051 3505 4107 δε
3571 4058 3736 4130 ἡμεῖς
3799 4066 3900 4118 ταῖς

2297 4151 2395 4196 τῶν
2473 4142 2669 4215 ἀνέμων
2753 4143 2864 4195 κατ’
2950 4143 3176 4202 ἀλλήλων
3253 4142 3552 4218 ἐμπτώσεσι
3623 4153 3724 4206 τήν
3815 4157 3898 4198 τῶι

2293 4239 2486 4289 νοητῶν
2554 4229 2754 4284 ἐκείνων
2824 4235 3126 4304 πνευμάτων
3197 4235 3622 4308 παρωμοιῶσθαί
3715 4237 3901 4294 πάλιν.

527 4672 755 4725 mentes
779 4670 1162 4742 incorporeas
1198 4672 1332 4728 belli
1367 4688 1830 4748 pugnarumque
1861 4683 1992 4746 rati,
2035 4681 2179 4752 ipsa:

527 4756 744 4813 scilicet
776 4758 1061 4830 prmclare
1093 4762 1390 4818 noverint.
1453 4763 1568 4818 Nos
1609 4763 2003 4822 humilitatem
2025 4768 2180 4838 cogi-

527 4845 822 4902 tationum
869 4846 1252 4904 similitudine
1306 4848 1687 4907 sublevantes
1739 4870 1810 4908 ex
1863 4862 2176 4911 ventorum

527 4934 804 4990 conﬂictu
845 4942 1016 4992 vasto
1041 4939 1191 4993 inter
1212 4954 1274 4993 se
1299 4937 1448 4994 caelo
1474 4938 1950 5012 depraeliantium
1974 4927 2177 5000 nescio

525 5039 711 5096 quam
743 5024 821 5082 ad
853 5026 1270 5099 usurpandam
1304 5028 1484 5100 hujus
1514 5028 1677 5086 lectae
1721 5033 1980 5102 speciem
2031 5034 2177 5088 nite-

525 5111 760 5168 bamur.
792 5115 860 5171 Ut
891 5115 1065 5185 igitur
1093 5116 1153 5171 in
1192 5117 1383 5172 ventis
1447 5117 1853 5174 vehementior
1891 5121 2177 5177 inﬁrmio-

525 5215 649 5256 rem
672 5207 916 5274 superat
942 5221 954 5259 :
983 5205 1068 5260 sic
1090 5205 1583 5274 archangelorum
1617 5207 1870 5264 violenta
1891 5209 2175 5281 quaedam

523 5289 583 5344 in
625 5290 950 5348 draconem
974 5293 1322 5348 sustinendo
1352 5294 1646 5366 imparem
1678 5296 2013 5368 praevalens
2038 5314 2173 5355 con-

524 5377 770 5450 spiratio
803 5380 862 5436 in
903 5379 1086 5436 chaos
1128 5385 1184 5436 et
1212 5380 1528 5451 caliginem
1561 5383 1846 5439 miserum
1900 5383 2170 5444 difﬂavit.

2289 4676 2480 4728 ἑαυτῶν
2507 4674 2786 4748 ἀσφάλειαν
2824 4678 3098 4749 τιθέμενοι,
3159 4679 3329 4751 ἕτερος
3383 4681 3516 4744 πρός
3579 4683 3677 4732 τόν
3734 4685 3893 4756 inp-:2

2286 4765 2560 4840 ἐκέκραγον
2590 4785 2602 4798 ·
2629 4769 2846 4834 Μήπως,
2870 4769 3018 4837 φασὶ,
3050 4762 3144 4834 διὰ
3214 4774 3308 4840 τῆς
3358 4766 3520 4830 αὐτῆς
3586 4770 3776 4836 αἰτίας
3842 4772 3897 4829 εἰς

2286 4857 2379 4911 τὴν
2468 4854 2650 4926 ὁμοίαν
2729 4849 3091 4926 ῦπενεχθῶμεν
3172 4855 3344 4930 pitu.
3423 4857 3731 4932 Τοιγαροῦν
3817 4867 3895 4910 καὶ

2287 4943 2436 5014 ἡμεῖς
2486 4947 2817 5015 κροτήσωμεν
2867 4947 3087 5018 σήμερον
3136 4948 3229 5002 τὴν
3291 4945 3450 5004 ἧτταν
3527 4953 3628 4997 τοῦ
3710 4945 3899 5021 δυσμε-

2287 5037 2422 5092 νοῦς.
2492 5029 2849 5104 Ἐορτάσωμεν
2891 5035 2982 5090 τὴν
3035 5030 3087 5084 ἐν
3141 5039 3232 5102 νοῦ
3285 5027 3525 5108 οὖρανοῦ,
3599 5039 3752 5088 κατὰ
3848 5027 3894 5088 τό

2287 5119 2484 5177 ὑψηλόν
2529 5117 2846 5190 εὐαγγέλιον,
2889 5127 2981 5171 τοῦ
3040 5111 3240 5172 Σατανᾶ
3325 5130 3548 5190 πτῶσιν,
3646 5130 3743 5176 καὶ
3820 5130 3898 5182 τὴν

2285 5201 2538 5281 λαμπρὰν
2578 5215 2675 5258 τῶν
2729 5205 2954 5278 ἀγγέλων
2997 5212 3141 5266 νίκην
3198 5206 3432 5284 φαιδρῶς
3489 5197 3898 5287 πανηγυρέσιν-

2286 5317 2368 5362 τες
2415 5295 2498 5348 ἐπὶ
2534 5297 2627 5357 τὰς
2699 5293 2875 5368 ἐφεξῆς
2953 5295 3118 5348 αὐτῶν
3215 5296 3481 5374 ἀριστείας
3569 5303 3669 5352 τόν
3760 5303 3896 5376 λόγω

2287 5386 2683 5457 καταγάγωμέν.

522 5465 706 5538 Quem
736 5468 864 5538 ejus
887 5468 967 5523 illi
998 5485 1206 5525 casum
1239 5486 1411 5526 suam
1467 5469 1740 5544 ipsorum
1799 5476 2177 5532 securitatem
2221 5465 2600 5562 reputabant,
2659 5472 2742 5528 sic
2803 5488 2866 5529 se
2909 5472 3167 5556 invicem
3217 5481 3691 5558 commonentes
3740 5498 3755 5537 :
3800 5484 3892 5539 Ne-

520 5550 671 5608 forte
732 5553 812 5609 ob
863 5557 1144 5613 eamdem
1204 5558 1398 5614 simile
1453 5575 1563 5614 nos
1606 5559 1720 5636 ipsi
1779 5577 2024 5640 quoque
2073 5547 2401 5652 aliquade
2441 5547 2513 5654 ‘in
2545 5547 2847 5650 'exsflium
2897 5547 3304 5654 deportemur.
3377 5555 3496 5620 Nos
3551 5551 3711 5654 vero
3789 5584 3886 5644 par
