3966 6324
0 337 172 395 23³7

860 334 1129 398 NICETJE
1157 334 1512 397 LAUDATIO
1544 331 1642 389 SS.
1671 328 2047 387 IICHAELIS
2083 327 2170 384 ET
2197 325 2582 407 GABRIELIS.

3277 324 3415 394 i838

0 478 154 520 em
188 461 375 520 etiam
396 459 734 520 delibemus
776 462 917 519 huic
974 465 1219 533 gaudii:
1253 467 1312 521 et
1339 461 1561 518 victum
1619 454 1876 528 impium
1927 453 2234 508 communi
2273 451 2452 507 hodie
2490 451 2713 523 plausu
2752 448 3144 521 gratulemur.
3190 448 3412 510 Casum

0 554 282 610 latame
307 553 480 624 juxta
499 551 775 606 divinum
799 553 1182 624 Evangelium
1213 552 1288 608 de
1327 549 1478 606 coelo
1507 544 1775 602 cadentis
1821 542 1975 597 festa
1998 541 2224 595 Laetitia
2251 553 2693 611 prosequamur
2743 537 3190 611 gloriosamque
3219 540 3409 596 victo-

0 642 194 700 iam
220 643 575 712 angelorum
599 641 898 698 hilaritate
928 642 1171 714 publica
1199 642 1566 698 celebrantes
1593 634 1671 691 ad
1703 637 1977 688 crateram
2005 645 2207 687 rerum
2236 632 2310 684 ab
2341 629 2489 705 ipsis
2520 627 2802 704 praeclare
2831 631 3138 702 gestarum
3171 644 3409 701 percur-

7 731 298 788 endam
328 730 541 786 seriem
574 729 908 786 orationem
938 730 1350 787 admittamus.

76 832 208 881 Διὰ
261 830 455 881 τούτων
521 825 824 893 ἀπόστολοι,
885 830 1162 904 μάρτυρες,
1224 830 1392 900 ἱερέων
1457 845 1508 878 τε
1558 829 1642 876 καὶ

1849 824 2052 876 iorum
2085 818 2361 892 praesenti
2395 835 2509 893 ope
2543 818 2795 892 apostoli
2834 821 2890 876 et
2928 819 3235 892 martyres,
3264 835 3415 892 pon-

0 923 197 970 ισίων
281 919 678 991 κραταιούμενοι
750 922 926 989 χοροὶ,
978 919 1026 970 οἱ
1064 920 1154 990 μὲν
1205 921 1265 969 τὸ
1319 919 1503 988 κράτος
1557 918 1647 966 καὶ

0 1010 237 1080 ’ράσος
292 1016 389 1068 τῆς
439 1005 679 1058 ἀνέκαθεν
743 1005 983 1067 ἀσεϐείας
1039 1006 1374 1079 ἑκριξοῦντες,
1425 1008 1513 1056 τόν
1569 1003 1648 1055 εύ-

0 1095 164 1155 ι-εϐῆ
215 1103 310 1149 τοῦ
341 1102 474 1148 Θεοῦ
515 1099 691 1166 Λόγου
721 1094 872 1165 λόγον
909 1095 1244 1167 ἐνεφύτευσαν
1282 1103 1345 1167 τῇ
1394 1102 1462 1167 γῇ
1527 1114 1540 1126 ·
1599 1095 1648 1145 οἱ

0 1180 60 1237 f'e
148 1187 418 1258 τυράννων
493 1188 812 1256 μιαιφονίαις
878 1184 1287 1256 συμπλεκόμενοι
1336 1187 1425 1235 καὶ
1455 1185 1648 1256 μέχρις

0 1275 266 1347 εἵματος
320 1276 524 1335 τούτοις
574 1273 1080 1346 ἀντικαθιστάμενοι,
1139 1277 1228 1334 τὰς
1295 1272 1487 1344 ἐναγεῖς
1555 1275 1645 1344 μὲν

0 1365 232 1425 θυσίας
273 1371 373 1415 τῶν
427 1357 711 1433 δαιμονίων
785 1361 1094 1430 ἀντανεῖλον,
1171 1363 1320 1414 αὐτοὶ
1368 1357 1428 1413 δὲ
1484 1363 1645 1413 θυσία

0 1456 188 1510 ζῶσα
244 1447 397 1508 δεκτὴ
456 1458 529 1520 τῷ
565 1459 662 1512 τῆς
714 1447 876 1512 δόξης
931 1453 1290 1524 κεκάρπωνται
1347 1457 1482 1520 Θεῷ.
1543 1454 1644 1501 Καὶ

7 1545 192 1610 spcto;
237 1541 328 1611 μεν
379 1542 573 1610 Κυρίου
611 1533 955 1596 δικαιοσύνην
1003 1535 1342 1611 ἐνδυσάμενοι
1396 1543 1497 1590 πᾶν
1553 1540 1642 1610 μεν

0 1629 157 1698 Ξγος
241 1629 484 1699 αἱρέσεων
535 1625 983 1696 ἀπεσκοράκισαν,
1057 1633 1233 1680 πᾶσαν
1274 1623 1334 1678 δε
1379 1625 1642 1696 θεολογίαν

0 1720 320 1787 ιμώμητον
360 1716 483 1786 ἡμῖν
528 1713 828 1777 ἀξίϐλυσαν.
871 1715 1085 1788 Ὀμιλος
1133 1713 1194 1768 δὲ
1247 1724 1346 1768 τῶν
1399 1719 1640 1772 ἀσκητῶν

3 1807 170 1877 ερός
215 1806 350 1856 κατὰ
374 1811 465 1855 τοῦ
493 1808 652 1876 νόμου
687 1812 784 1866 τῆς
840 1804 1096 1876 ἁμαρτίας
1141 1804 1492 1876 όπλιζόμενοι,
1550 1809 1639 1857 καὶ

0 1900 211 1945 ὀὔτ-ον
260 1897 399 1964 νόμῳ
437 1896 778 1966 τροπούμενοι
830 1890 1196 1960 δικαιοσύνης,
1249 1893 1296 1945 ἐν
1339 1898 1444 1968 ὄρει
1505 1901 1638 1947 Θεοῦ

0 1983 162 2052 ισγίῳ
237 1983 605 2034 καταπαύουσι
675 1988 823 2036 Σιών.
881 1983 981 2036 Καὶ
1028 1985 1130 2057 γὰρ
1185 1984 1370 2044 πάντες
1445 1984 1534 2053 μὲν
1590 1982 1638 2032 οὶ

2 2075 152 2144 apo}.
211 2075 322 2131 νόες
407 2070 705 2142 λειτουγικὰ
780 2074 1049 2143 πνεύματα
1112 2073 1246 2123 κατά
1319 2074 1406 2122 τόν
1475 2073 1636 2142 μέγαν

0 2158 348 2212 Λπόστολον
417 2160 744 2232 ὑπάρχοντες
821 2165 952 2234 πρὸς
998 2165 1092 2217 τὴν
1165 2168 1265 2212 τῶν
1332 2160 1636 2231 σωζομένων

0 2247 74 2319 ’φ’
118 2245 258 2303 ὃλην
315 2250 409 2304 τὴν
446 2254 543 2317 γῆν
585 2249 1018 2322 προχειρίξονται
1070 2245 1341 2300 διακονίαν
1366 2269 1378 2280 ο
1412 2246 1636 2318 Μιχαὴλ

0 2333 55 2388 3“:
126 2340 229 2388 καὶ
280 2334 502 2409 Γαϐριὴλ
568 2339 806 2408 τοσούτῳ
861 2342 1173 2412 πιστοτέραν
1203 2341 1292 2388 καὶ
1348 2335 1634 2409 ἐυεργεστέ-

0 2444 96 2476 δοιν
168 2427 276 2481 τήν
333 2423 526 2476 ἑαυτῶν
584 2424 908 2498 λειτουργίαν
961 2424 1325 2500 ἀναφέρουσιν,
1392 2425 1498 2493 ὅσῳ
1544 2428 1634 2475 καὶ

0 2515 233 2566 τάντων
292 2514 648 2585 ὑπερκείμένοι
707 2520 892 2586 σοφίας
929 2520 1209 2590 περιουσίᾳ
1267 2519 1357 2566 καὶ
1402 2513 1634 2587 λαμπρό·

0 2621 195 2669 γητος,
256 2600 445 2673 μᾶλλον
488 2607 884 2675 προσηγγίκασι
941 2611 1002 2675 τῇ
1059 2604 1480 2678 ὑπερουσιότητι.
1540 2603 1634 2654 Διά

0 2696 212 2752 ταντός
295 2686 354 2742 δε
435 2689 712 2761 βλέπουσι,
785 2695 854 2754 ὡς
899 2693 924 2744 ό
970 2694 1103 2754 θεῖός
1151 2711 1282 2764 φησι
1355 2691 1522 2762 λόγος,
1573 2693 1632 2743 τὸ

0 2783 302 2853 τρόσωπον
337 2787 429 2831 τοῦ
461 2787 616 2836 Θεοῦ.
647 2777 964 2855 Ὠσπεριοῦν
1013 2781 1169 2842 αὐτὸς
1215 2781 1360 2840 οὗτος
1408 2781 1434 2832 ό
1492 2781 1633 2832 θεάν-

0 2870 222 2943 )ρωπος
282 2871 511 2940 Χριστός
581 2869 785 2929 Ἰησοῦς
824 2873 937 2941 ἔχει
993 2880 1083 2941 μεν
1139 2868 1193 2921 ix
1244 2866 1447 2931 δεξιῶν,
1516 2871 1631 2940 ἔχει

0 2954 52 3010 re
121 2961 226 3009 καὶ
303 2955 354 3018 ἐξ
425 2957 693 3030 εὐωνύμων
751 2957 891 3028 αὐτῷ
947 2955 1406 3028 συνεδριάζοντας,
1459 2958 1536 3018 οἷς
1595 2959 1624 3016 ἠ

0 3041 280 3119 τυνεδρία
351 3047 482 3116 πρός
531 3053 625 3098 τοῦ
679 3050 878 3120 Πατρός
973 3042 1130 3105 δῆλον
1187 3048 1268 3098 ὃτι
1333 3050 1627 3119 πρητοίμα-

0 3153 130 3187 πται
185 3133 350 3198 οὕτω,
395 3138 548 3204 φημὶ,
617 3139 707 3186 καὶ
762 3143 862 3186 τῶν
913 3142 1098 3206 νοερῶν
1150 3136 1344 3187 τούτων
1397 3133 1626 3208 λειτουρ-

1 3232 104 3288 γῶν
139 3221 202 3274 ὃν
231 3220 399 3293 μὲνὶκ
439 3218 640 3288 δεξιῶν,
701 3223 754 3274 ὃν
805 3219 865 3275 δε
906 3227 997 3276 καὶ
1044 3221 1097 3285 ἐξ
1153 3221 1422 3294 εὐωνύμων
1481 3222 1622 3292 αὐτῷ

1 3317 354 3382 ταρεστῶτας
395 3309 447 3372 ἐξ
489 3311 674 3371 αἰῶνος
719 3316 1111 3385 παρεστήσατο.
1171 3309 1245 3364 Δι’
1301 3311 1370 3362 ὧν
1426 3313 1490 3371 ὡς
1541 3313 1619 3363 οἰ-

1 3401 295 3452 ιειοτάτων
355 3405 463 3460 τοῖς
529 3398 666 3466 ὅλοις
721 3399 1062 3472 ἐντελλόμενος
1137 3407 1238 3452 τῶν
1289 3399 1416 3452 ὅλων
1489 3401 1616 3472 ύπερ

1 3493 287 3548 ουέστατα
366 3483 583 3545 κήδεται
666 3493 756 3540 καὶ
851 3491 1218 3561 προμηθείται.

1 3572 288 3636 τολυεδεῖς
342 3571 632 3645 διακονίας,
702 3577 792 3630 εἶτ’
851 3576 938 3629 οὖν
997 3577 1317 3650 λειτουργίας
1345 3585 1443 3629 τῶν
1483 3575 1618 3630 ἀσω-

1 3669 184 3718 ιάτων
226 3666 740 3740 καταϐεωρήσαντες,
783 3669 899 3737 φέρε
960 3663 1028 3724 δὴ
1079 3665 1256 3718 λοιπόν
1305 3670 1380 3725 τίς
1441 3665 1618 3727 αὐτοῖς

2 3754 184 3826 φεξῆς
226 3753 260 3810 ἦ
320 3755 448 3824 πρὸς
499 3756 587 3806 τόν
643 3754 950 3827 ὑπερούσιον
1000 3756 1264 3826 ὁμοιότης,
1313 3759 1402 3806 καὶ
1446 3758 1527 3815 τίς
1583 3755 1614 3812 ἠ

3 3839 242 3916 Ῐιαφορά
317 3850 666 3915 κατανοῶμεν,

1298 3489 1450 3540 Οὕτω
1523 3491 1617 3550 τὰς

756 3850 816 3915 τῇ
902 3850 1000 3895 τῶν
1049 3843 1309 3915 ὀνομάτων
1379 3847 1620 3914 κοινωνίᾳ

754 3935 824 3992 ὡς
879 3931 939 3984 ἂν
995 3935 1128 3985 εἶποι
1175 3951 1271 3999 τις,
1335 3932 1619 4003 ὁμοιότητα

3 4022 134 4071 ιατὰ
197 4020 356 4089 φύσιν
405 4023 818 4091 τεκμαιρόμενοι.
880 4020 1032 4072 Οὕτω
1083 4022 1184 4092 γὰρ
1239 4018 1299 4070 ἂν
1343 4022 1372 4078 ἠ
1423 4021 1618 4070 τούτων

3 3937 89 3988 ἠν
170 3929 414 4002 ἀνόμοιον
484 3931 674 3999 αὐτῶν,

3 4116 203 4170 γνῶσις
236 4106 582 4181 ἑναργεστέρα
600 4115 673 4178 τῷ
702 4117 772 4179 νῷ
802 4109 1187 4180 καταλειφθείη.

1759 910 1987 966 tiﬁcum
2009 914 2474 982 sanctorumque
2494 910 2856 981 reliquorum
2882 909 3250 965 corroborati
3279 911 3414 965 cho-

1758 1000 1807 1055 ri
1840 1016 1853 1066 ;
1887 999 1966 1054 illi
1990 1000 2256 1071 quidem,
2286 998 2501 1055 robore
2541 1006 2719 1070 atque
2745 999 3002 1055 audacia
3047 1000 3411 1070 superstitio-

1757 1089 1872 1157 nis,
1903 1105 2033 1160 quaa
2083 1104 2152 1143 ex
2184 1087 2388 1142 inferis
2418 1093 2732 1157 emeserat,
2782 1088 3128 1160 exstirpata,
3174 1089 3409 1160 pietatis

1757 1191 1960 1232 semen
2023 1177 2122 1231 Dei
2154 1176 2323 1231 Verbi
2354 1175 2607 1231 verbum
2665 1176 2724 1231 in
2780 1181 2936 1232 terra
2993 1181 3292 1233 severunt.
3324 1177 3409 1234 llli

1754 1281 1894 1322 vero
1937 1281 2076 1321 cum
2127 1265 2473 1322 crudelitate
2523 1270 2914 1337 tyrannorum
2942 1267 3216 1322 cominus
3269 1281 3410 1323 con-

1755 1355 1942 1425 gressi
1967 1360 2020 1411 et
2048 1371 2237 1427 usque
2264 1355 2342 1410 ad
2364 1355 2718 1424 sanguinem
2750 1355 2835 1411 eis
2882 1356 3219 1412 resistentes
3266 1373 3406 1428 pro-

1754 1444 1896 1501 fana
1955 1445 2202 1516 quidem
2241 1443 2532 1501 sacriﬁcia
2561 1444 3000 1501 daemoniorum
3039 1446 3409 1502 sustulerunt

1751 1533 1864 1604 ipsi
1895 1549 2036 1589 vero
2065 1534 2269 1590 vivens
2299 1533 2494 1588 hostia
2517 1539 2574 1589 et
2613 1533 2995 1605 acceptabilis
3029 1537 3145 1590 Deo
3200 1535 3404 1604 glorias

1751 1621 2043 1678 immolati
2084 1627 2242 1677 sunt.
2271 1627 2341 1677 At
2373 1621 2710 1677 sacerdotes
2743 1622 2842 1677 Dei
2866 1622 3158 1692 justitiam
3188 1623 3402 1691 induti,

1751 1717 1915 1782 peste
1935 1712 2094 1766 omni
2120 1713 2428 1766 haereseon
2455 1711 2664 1782 procul
2689 1727 2726 1766 a
2772 1712 3129 1782 contagione
3159 1713 3403 1768 sinceras

1750 1799 1888 1855 fidei
1917 1800 2328 1867 exterminata,
2361 1815 2545 1854 sacrm
2576 1799 2751 1855 nobis
2805 1799 3089 1856 doctrinae
3135 1796 3400 1873 explica-

1750 1890 1973 1946 tionem
2014 1905 2227 1945 sanam
2256 1895 2315 1945 et
2357 1889 2936 1961 irreprehensibilem
2985 1889 3402 1961 profuderunt.

1749 1981 1947 2035 Coetus
1997 1994 2176 2051 porro
2227 1993 2393 2034 sacer
2438 1982 2785 2033 Ascetarum
2835 1979 3125 2034 adversus
3175 1980 3400 2052 peccati

1745 2066 1941 2136 legem
1971 2068 2205 2133 armati,
2235 2065 2520 2137 illamque
2549 2065 2678 2136 lege
2721 2066 2960 2136 justitiae
2991 2071 3400 2138 permutantes

1672 2185 1714 2238 Β
1745 2156 1808 2212 in
1857 2161 2059 2212 monte
2108 2159 2202 2211 Dei
2237 2162 2443 2212 sancto
2473 2156 2614 2211 Sion
2651 2155 3056 2226 acquiescant.
3108 2158 3397 2212 Caeterum

1746 2261 1882 2300 cum
1932 2245 2044 2300 illae
2093 2259 2306 2300 omnes
2362 2248 2586 2299 sanctas
2643 2248 2872 2299 mentes
2921 2244 3092 2314 juxta
3145 2259 3396 2314 magum

1745 2332 2095 2405 Apostolum
2127 2331 2615 2388 administratorii
2646 2331 2764 2388 sint
2791 2332 3051 2404 spiritus,
3094 2333 3396 2388 omnium-

1743 2437 1862 2494 que
1915 2421 2078 2478 salus
2102 2421 2205 2492 qui
2237 2419 2461 2492 ubique
2496 2425 2789 2476 terrarum
2836 2421 3244 2478 haereditatem
3291 2436 3396 2478 ca-

1745 2511 1918 2582 piunt
1945 2510 2153 2566 salutis
2183 2525 2392 2565 eorum
2423 2509 2504 2565 ad
2531 2509 2840 2566 ministerii
2887 2510 3396 2583 providentiaaque

1744 2606 1975 2672 partem
2020 2599 2286 2671 aliquam
2331 2598 2620 2670 pertineat
2646 2614 2659 2652 :
2693 2603 2860 2654 tanto
2891 2598 3026 2670 plus
3055 2604 3257 2655 tamen
3281 2599 3397 2656 hac

1741 2689 1802 2744 in
1847 2687 2326 2745 administranda
2387 2686 2634 2758 spiritali
2690 2687 3045 2759 praefectura
3092 2687 3395 2746 ﬁdelitatis

1741 2778 2171 2849 industriaeque
2203 2775 2381 2832 laude
2411 2775 2655 2832 Michael
2682 2781 2739 2832 et
2772 2775 3004 2832 Gabriel
3034 2793 3217 2848 supra
3256 2777 3396 2834 reli-

1739 2881 1894 2939 quos
1923 2865 2237 2933 excellunt,
2273 2871 2502 2936 quanto
2537 2865 2751 2920 iisdem
2780 2865 3066 2922 omnibus
3101 2867 3398 2938 sapientia

1739 2962 1796 3010 et
1849 2955 2154 3010 nobilitate
2198 2953 2354 3008 infra
2385 2969 2449 3008 se
2500 2952 2716 3009 relictis
2765 2953 3020 3010 vicinius
3078 2954 3159 3010 ad
3195 2955 3394 3011 omnis

1737 3043 2116 3116 perfectionis
2166 3043 2400 3114 apicem
2455 3041 2828 3097 divinitatem
2876 3041 3199 3098 similitudo
3248 3044 3392 3099 istos

1736 3133 1981 3205 propior
2003 3148 2187 3204 quam
2212 3131 2464 3192 aliorum
2485 3145 2859 3202 quemquam
2879 3130 3260 3203 dignitasque
3287 3132 3392 3188 ad-

1733 3227 1935 3278 movet
1964 3221 2296 3276 sublimior.
2333 3221 2578 3292 Semper
2608 3225 2828 3288 autem,
2864 3224 2928 3276 ut
2955 3219 3227 3275 divinum
3254 3221 3387 3276 Ver-

1731 3310 1878 3365 bum
1905 3309 2189 3381 loquitur,
2221 3307 2424 3363 vident
2453 3307 2664 3363 faciem
2695 3307 2810 3362 Dei.
2860 3307 3387 3372 Quemadmodum

1723 3399 1909 3468 igitur
1938 3399 2032 3453 hic
2052 3413 2184 3469 ipse
2221 3401 2372 3452 Deus
2412 3395 2590 3451 simul
2619 3401 2676 3452 et
2703 3396 2886 3452 homo
2913 3396 3178 3452 Christus
3219 3399 3386 3454 Jesus

1725 3505 1764 3545 a
1787 3487 2010 3542 dextris
2037 3492 2093 3540 et
2131 3502 2168 3542 a
2199 3483 2453 3540 sinistris
2507 3483 2839 3539 assidentes
2895 3483 3012 3540 sibi
3041 3484 3226 3541 habet
3273 3485 3386 3542 ali-

1725 3592 1879 3648 quos
1911 3592 1924 3630 :
1959 3591 2060 3630 eos
2110 3572 2330 3629 scilicet
2379 3571 2601 3643 quibus
2632 3573 2776 3628 tanti
2826 3588 3145 3628 consessus
3193 3573 3388 3631 honor

1727 3671 1975 3737 paratus
2004 3679 2040 3718 a
2063 3666 2228 3718 Patre
2245 3666 2342 3718 est
2376 3677 2388 3716 :
2423 3662 2504 3716 ita
2551 3661 2688 3716 dico
2728 3661 3127 3732 spiritualium
3165 3662 3384 3720 horum

1729 3754 2137 3810 ministrorum
2163 3751 2401 3806 adstare
2430 3751 2478 3804 ei
2513 3765 2750 3821 semper
2778 3765 2814 3804 a
2843 3749 3064 3806 dextris
3107 3750 3382 3820 alterum,

1729 3841 1981 3897 alterum
2011 3856 2048 3894 a
2077 3838 2328 3894 sinistris
2397 3837 2474 3892 ad
2527 3837 2641 3892 hoc
2691 3836 2964 3893 ofﬁcium
3017 3838 3382 3909 quotidianus

1728 3927 2122 4002 apparitionis
2171 3933 2273 3982 aut
2322 3942 2596 3981 assessus
2646 3930 2868 3980 aeterna
2919 3925 3016 3980 Dei
3081 3924 3382 3982 voluntate

1727 4018 1946 4074 electos
1976 4023 2032 4072 et
2064 4015 2388 4071 adhibitos.
2425 4014 2651 4079 Quibus
2689 4019 2754 4068 ut
2790 4013 3266 4071 familiarissimis
3295 4016 3380 4071 in-

1727 4106 2041 4164 ternuntiis
2069 4121 2139 4160 ac
2169 4103 2656 4175 procuratoribus
2685 4101 2764 4158 ad
2793 4102 3000 4158 omnia
3029 4108 3221 4168 utens,
3254 4105 3378 4160 uni-

3 4195 349 4250 versitatem
381 4210 580 4251 rerum
609 4196 932 4266 magniﬁca
965 4197 1233 4266 quadam
1281 4195 1579 4268 planeque
1608 4195 1773 4264 regia
1811 4193 2194 4250 Providentiae
2259 4191 2488 4247 ratione
2541 4190 2906 4246 moderatur.
2955 4189 3070 4246 Sed
3112 4191 3238 4262 jam
3293 4193 3378 4250 in-

3 4296 438 4353 :orporearum
471 4283 764 4340 mentium
797 4282 1130 4342 functiones
1177 4285 1373 4341 varias
1419 4299 1490 4338 ac
1520 4283 1847 4340 ministeria
1897 4283 2038 4339 satis
2078 4281 2367 4336 hactenus
2425 4279 2829 4351 contemplati,
2888 4295 2998 4351 age
3047 4279 3185 4336 hinc
3217 4279 3379 4337 dein-

5 4387 142 4442 :eps
174 4385 462 4442 quaenam
486 4372 730 4428 tandem
752 4374 826 4428 sit
852 4373 1088 4428 illorum
1117 4387 1253 4428 cum
1286 4372 1405 4428 Deo
1433 4371 1776 4438 similitudo,
1811 4389 2018 4427 rursus
2049 4387 2183 4442 quae
2210 4368 2562 4434 differentia,
2591 4368 3056 4424 consideremus.
3089 4372 3370 4444 Hancque

11 4474 52 4513 n
84 4473 160 4512 eo
191 4457 356 4513 viam
377 4462 689 4514 teneamus
721 4475 963 4524 censeo,
989 4465 1053 4514 ut
1076 4460 1390 4516 nominum
1417 4460 1636 4516 indicio
1657 4466 1902 4516 naturas
1928 4460 2282 4532 indagantes
2313 4458 2694 4513 attendamus
2719 4472 2910 4528 ecqua
2929 4463 2985 4512 et
3008 4458 3204 4530 qualis
3224 4461 3378 4518 inter

5 4563 102 4602 eos
132 4545 243 4618 qui
275 4547 701 4603 communione
733 4549 1112 4604 continentur
1143 4548 1317 4604 unius
1343 4549 1626 4615 nominis,
1658 4549 1982 4613 dissimilis,
2014 4555 2076 4602 ut
2105 4549 2187 4602 sic
2216 4547 2484 4619 loquam,
2514 4561 2648 4601 esse
2679 4545 2865 4617 possit
2908 4546 3232 4604 similitudo
3273 4566 3380 4606 na-

5 4649 290 4692 :urarum.
320 4636 412 4690 Sic
443 4638 602 4691 enim
638 4637 781 4707 vim,
810 4643 872 4692 ut
891 4638 1126 4708 opinor,
1149 4637 1333 4706 hujus
1362 4638 1447 4692 rei
1468 4638 1894 4709 perspiciemus
1925 4636 2160 4693 clarius.
2243 4696 2246 4699 _

71 4723 240 4776 Ἐστι
401 4725 502 4797 γὰρ
555 4721 706 4776 οὐδὲν
753 4725 976 4778 καθόλου
1030 4734 1130 4777 τῶν
1177 4730 1332 4778 ὄντων
1391 4725 1611 4778 ἀκοινω-

1806 4726 1943 4782 Nihil
1980 4741 2227 4798 prorsus
2259 4728 2346 4778 est
2371 4723 2640 4780 omnium
2662 4725 2826 4796 quod
2860 4740 3145 4796 supremo
3173 4743 3372 4786 rerum

5 4832 152 4871 ρητον
235 4810 476 4872 όλοτελῶς
536 4813 566 4871 ἦ
620 4809 904 4888 ἀδιαφορον
959 4817 1088 4887 πρὸς
1160 4819 1254 4872 τὴν
1304 4816 1611 4887 ύπερούσιον

7 4902 326 4971 »ύσιαρχίαν
384 4917 396 4929 ⁸
431 4903 601 4954 πάντα
649 4899 700 4954 δ’
759 4903 862 4955 ὅσα
887 4905 944 4954 τό
985 4899 1114 4955 εἶναι
1157 4905 1286 4977 πρὸς
1327 4903 1492 4965 αὐτῆς
1545 4903 1611 4964 εἰς

7 4996 146 5058 κήφει
187 4993 280 5041 καὶ
330 4992 459 5062 πρὸς
501 4996 792 5053 κοινωνίαις
842 4996 955 5044 τισὶ
1016 4995 1147 5066 πρὸς
1198 4996 1392 5050 ταύτην
1446 5012 1610 5044 κεκοι-

325 5083 415 5131 καὶ
466 5075 700 5153 διαφέρει
745 5076 1022 5152 διαφοραῖς
1053 5077 1290 5139 δηλαδή.
1323 5080 1458 5134 Ἀλλ’
1491 5083 1612 5133 ἔστι

7 5169 86 5218 κεν
147 5167 230 5226 οἷς
289 5168 317 5223 ἡ
373 5172 616 5219 κοινωνία
687 5167 1046 5229 πλεονάζουσα
1101 5173 1195 5227 τὴν
1251 5165 1613 5243 διαφορότητα

182 5276 195 5287 ο
231 5256 346 5308 ἔστι
405 5253 457 5307 δ’
518 5257 596 5317 οἷς
626 5258 653 5314 ἡ
704 5253 1024 5331 διαφορότης
1067 5256 1462 5330 ὑπερϐάλλουσα
1516 5262 1610 5316 τὴν

7 5347 276 5396 κοινωνίαν
317 5343 536 5401 ἐλαττοῖ.
586 5347 651 5398 Οἱ
696 5342 755 5398 δὲ·
803 5346 1016 5419 πλείστη
1075 5350 1164 5418 μεν
1211 5350 1341 5418 πρός
1381 5351 1476 5404 τὴν
1536 5349 1613 5399 θε-

7 5438 204 5507 αρχίαν
236 5436 526 5507 κέχρηνται
564 5441 625 5506 τῇ
656 5436 941 5505 ὁμοιότητι,
975 5431 1009 5486 δ
1016 5438 1060 5486 ιό
1117 5439 1206 5486 καὶ
1261 5442 1373 5494 ταῖς
1432 5436 1612 5487 θεωνυ-

9 5525 155 5590 μΐαις
186 5517 387 5591 σχεδόν
431 5520 662 5584 ἁπάσαις
715 5521 1033 5594 ἀξιοπρεπῶς
1075 5527 1564 5595 κατακεκόσμηνται
1595 5544 1610 5558 ο

9 5607 202 5660 ἐλάττω
285 5605 344 5662 δε
417 5613 694 5669 κέκτηνται
743 5616 838 5669 την
913 5611 1206 5681 ἑτερότητα.
1259 5615 1504 5666 Σκεπτέον
1534 5607 1615 5666 δε

7 5085 226 5136 ιώνηται
265 5098 278 5110 ·

7 5263 138 5308 κείοί

1722 4816 1993 4872 omnium
2029 4814 2324 4886 principio
2354 4819 2455 4868 aut
2491 4813 2799 4869 diversum
2827 4813 2910 4870 ita
2962 4815 3036 4870 sit
3066 4820 3271 4872 utnon
3309 4818 3371 4872 in

1721 4904 1922 4976 aliquo
1950 4903 2269 4958 conveniat
2301 4921 2312 4968 ;
2343 4908 2445 4958 aut
2485 4917 2694 4957 rursus
2735 4903 2815 4958 ita
2845 4903 3154 4972 geminum
3208 4905 3373 4965 nulla

1720 4997 1784 5048 ut
1839 4994 1894 5047 in
1959 4998 2119 5062 parte
2179 4990 2434 5046 differat.
2506 4990 2598 5045 Sic
2650 4991 2764 5046 ista
2815 4993 3225 5062 temperantur
3278 5008 3369 5048 in-

1721 5081 1930 5137 vicem.
1964 5083 2062 5135 Est
2084 5085 2141 5134 in
2169 5079 2332 5134 omni
2357 5078 2455 5134 Dei
2477 5093 2656 5150 opere
2681 5078 2988 5134 character
3029 5081 3168 5135 certi
3189 5080 3370 5138 linea-

1721 5172 1901 5224 menti
1948 5168 2112 5240 quod
2153 5172 2459 5222 auctorem
2514 5165 2727 5221 referat
2758 5186 2772 5231 ;
2802 5170 2943 5221 sunt
2997 5171 3054 5220 et
3107 5169 3370 5240 insignes

1720 5258 1858 5314 item
1892 5257 1967 5312 ad
1993 5256 2450 5312 discernendum
2479 5262 2660 5309 notae.
2682 5256 2896 5308 Verum
2916 5254 2976 5309 in
3004 5255 3372 5328 quibusdam

1721 5346 2046 5402 similitudo
2097 5352 2216 5400 tam
2249 5359 2531 5415 expressa
2577 5343 2835 5397 cernitur
2873 5343 3272 5401 differentiam
3307 5353 3370 5406 ut

1719 5449 1964 5490 omnem
2011 5449 2163 5504 pene
2204 5431 2416 5486 obruat
2470 5430 2576 5484 :in
2616 5430 2986 5500 quibusdam
3041 5433 3124 5488 ita
3181 5439 3370 5493 exstat

1720 5523 2054 5580 differentia
2083 5520 2310 5576 nullam
2341 5522 2404 5573 ut
2434 5518 2762 5590 relinquere
2801 5519 3204 5578 similitudinis
3235 5541 3369 5598 spe-

1720 5611 1872 5668 ciem
1901 5611 2192 5666 videatur.
2223 5607 2413 5664 Nostri
2437 5612 2638 5666 autem
2677 5608 3051 5680 archangelis
3077 5613 3242 5682 prius
3267 5614 3371 5671 ad.
