3966 6324
546 295 686 352 1239

2070 281 2430 346 ADDEDNA.

3817 287 3919 345 tua

542 416 692 477 illud
745 429 934 488 genus
984 412 1282 488 pertinent
1322 410 1726 469 illustrissima
1781 409 1882 467 Dei
1937 407 2210 466 similitu-

2333 411 2498 478 n'rmg,
2558 418 2670 475 Φῶς
2856 412 2883 466 ό
2929 413 3121 491 Κύριος
3157 411 3334 476 πάσης
3387 413 3724 487 φωτιστικὸς
3805 412 3921 483 λετ-

547 507 688 564 dine
757 504 1001 574 insigni.
1046 501 1210 559 Unde
1250 501 1460 558 merito
1523 498 2032 574 appellationibus
2071 514 2210 573 quas

551 599 670 654 Deo
697 593 1062 651 conveniunt
1081 607 1236 664 pene
1269 593 1559 647 ornantur
1587 589 1894 656 omnibus,
1938 586 2212 644 differen-

549 685 631 742 tia
653 699 832 757 porro
854 681 1208 738 tenuissima
1247 679 1546 752 dispares.
1588 678 1762 746 Quod
1793 677 1947 734 adeo
1979 676 2063 733 sic
2105 675 2212 732 de-

547 775 940 831 monstratur.
970 773 1093 827 Lux
1123 773 1216 826 est
1246 769 1556 839 Dominus,
1582 766 1891 825 rationalis
1911 766 2108 824 omnis
2156 769 2214 823 et

549 859 874 936 spiritualis
904 864 1133 917 naturas
1163 859 1549 916 illuminator.
1588 859 1709 914 Lux
1739 873 1880 914 vera
1909 872 2044 930 quae
2075 854 2214 913 illu-

549 951 760 1017 minat,
775 950 946 1021 juxta
976 948 1275 1006 excelsam
1308 946 1694 1017 theologiam,
1741 960 1988 1004 omnem
2013 944 2214 1001 homi-

547 1057 691 1098 nem
738 1039 1067 1096 venientem
1117 1038 1179 1094 in
1207 1037 1370 1094 hunc
1399 1035 1718 1094 mundum.
1753 1038 1876 1092 Lux
1937 1035 2070 1093 item
2129 1035 2220 1091 est

551 1128 820 1195 Michael,
850 1128 955 1184 lux
993 1127 1246 1185 Gabriel.
1295 1129 1414 1183 Lux
1457 1131 1708 1198 uterque
1746 1125 2051 1198 pellucens
2085 1127 2142 1180 et
2181 1137 2220 1180 a

558 1221 674 1276 Deo
706 1217 1049 1291 splendens.
1083 1217 1210 1274 Lux
1241 1231 1544 1289 corporeae
1596 1214 1794 1272 omnis
1832 1216 2222 1287 repraesenta-

559 1308 737 1365 tionis
794 1322 1032 1380 expers.
1078 1307 1207 1362 Lux
1237 1321 1358 1362 non
1387 1320 1461 1362 ex
1511 1304 1826 1374 accidenti,
1865 1302 1972 1359 sed
2000 1307 2221 1360 natura

555 1399 792 1471 fulgens
821 1415 836 1464 ;
868 1399 1078 1455 vivens
1099 1396 1313 1455 eadem
1344 1400 1402 1452 et
1436 1395 1623 1452 divini
1654 1395 1900 1451 luminis
1945 1393 2223 1467 splendo-

557 1503 685 1545 rem
707 1486 987 1544 referens.
1024 1489 1149 1543 Lux
1189 1484 1473 1556 secunda,
1507 1485 1718 1558 primas
1774 1483 1926 1540 lucis
1983 1497 2220 1556 expres-

562 1593 688 1634 sum
718 1580 774 1633 et
797 1575 1021 1632 illustre
1044 1573 1436 1632 simulacrum
1465 1572 1545 1630 ad
1569 1572 2021 1630 similitudinem
2043 1571 2224 1645 primi

561 1665 721 1738 genii
759 1663 1095 1738 splendoris
1117 1662 1435 1730 resultans,
1475 1661 1579 1718 lux
1609 1661 1812 1719 radios
1839 1661 2147 1733 ejaculans
2168 1664 2227 1717 et

559 1755 811 1828 fulguris
843 1754 922 1811 ad
950 1753 1205 1810 modum
1257 1752 1666 1826 subjectorum
1705 1751 1913 1808 oculos
1943 1751 2224 1824 perstrin-

2318 508 2416 563 κῆς
2463 509 2559 564 τῆς
2610 501 2792 566 οὐσίας
2837 507 2927 556 καὶ
2980 509 3176 576 νοερᾶς,
3237 510 3348 566 Φῶς
3401 502 3662 561 ἀληθινὸν
3705 502 3735 555 ὃ
3795 524 3925 576 fat.-

2321 591 2420 660 ζει,
2489 593 2624 645 κατὰ
2680 596 2773 651 τὴν
2839 591 3048 665 ὑψηλὴν
3095 592 3377 666 Θεολογίαν,
3439 596 3620 646 πάντα
3673 594 3924 668 assam

2319 679 2600 754 ἐρχόμενον
2655 680 2722 743 εἰς
2780 685 2864 735 τόν
2921 686 3118 756 κόσμον
3175 703 3189 717 ·
3269 691 3416 756 φῶτα
3469 679 3534 736 δι
3593 683 3839 756 Μιχαὴλ
3867 691 3924 733 ut

2323 768 2553 843 Γαϐριὴλ
2592 766 2789 842 διαυγῆ
2839 775 2931 824 καὶ
3006 773 3194 844 θεαυγῆ
3227 793 3241 806 ο
3274 775 3421 846 φῶτα
3466 780 3799 845 σωματικῆς
3859 771 3928 840 ii-

2323 861 2522 932 φάσεως
2590 861 2768 924 πάσης
2834 859 2998 934 ἀμιγῆ
3057 867 3148 916 καὶ
3201 863 3414 937 λαμπρά
3459 866 3560 921 τήν
3619 865 3792 935 φύσιν
3867 884 3932 914 an

2328 953 2495 1014 ζῶντα
2540 953 2630 1002 καὶ
2686 946 2887 1010 Θεοειδῆ
2932 972 2946 985 υ
2980 960 3126 1023 φῶτα
3172 948 3390 1025 δεύτερα
3415 958 3511 1005 τοῦ
3568 957 3802 1028 πρώτου
3851 974 3934 1024 9s-

2323 1042 2409 1100 τός
2445 1037 2633 1114 ἐναργῆ
2671 1045 2952 1114 μιμήματα
2998 1042 3117 1095 καθ’
3161 1044 3448 1115 ὁμοιότητα
3493 1049 3601 1104 τῆς
3660 1061 3932 1116 πρωτονιίο

2323 1134 2422 1202 γοῦ
2505 1125 2816 1202 διαλλόμενα
2903 1128 3287 1206 λαμπρότητος,
3354 1129 3821 1185 ὰκτινοϐολοῦντα
3872 1152 3936 1182 2::

2326 1219 2800 1291 καταστράπτοντα
2835 1225 2958 1282 τοὺς
3007 1219 3414 1284 ῦποϐεϐηκότας.
3477 1219 3762 1293 Ἀγγελος
3814 1221 3939 1273 πίω

2328 1308 2354 1360 6
2410 1310 2598 1380 Κύριος
2652 1315 2749 1369 τῆς
2804 1308 3027 1382 μεγάλης
3092 1309 3443 1383 ἑξαγγελτικός
3493 1308 3745 1383 βουλῆς,

2326 1395 2416 1459 λος
2483 1404 2577 1460 τῆς
2625 1406 2881 1472 πατρικῆς
2940 1401 2966 1451 6
3024 1402 3145 1462 Υἱὸς
3202 1396 3444 1462 εὐδοκίας
3495 1404 3596 1452 καὶ
3668 1399 3946 1472 φιλανθρω-

2328 1493 2468 1549 πίας.
2523 1491 2587 1541 Τί
2629 1484 2688 1542 δε
2727 1489 2951 1560 Μιγαήλ
3006 1495 3097 1542 καὶ
3164 1489 3394 1565 Γαϐριὴλ
3463 1509 3482 1562 ς
3549 1491 3674 1544 Οὐκ
3749 1491 3947 1562 ἄγγελοι

2334 1582 2529 1652 Κυρίου
2559 1580 2976 1654 παντοκράτορος
3009 1597 3022 1644 ;
3055 1579 3167 1633 Οὐκ
3214 1579 3363 1634 αὐτοὶ
3411 1582 3552 1655 πρὸς
3603 1586 3722 1635 πᾶν
3776 1585 3838 1633 τὸ
3874 1587 3948 1635 τὲι

2331 1665 2478 1731 τάξιν
2530 1665 2848 1729 ὑποϐεϐηκός
2918 1671 3010 1728 τὴν
3104 1665 3260 1733 δόξαν
3319 1667 3726 1742 ἀναγγέλλουσι
3787 1677 3950 1734 Θεό-ἇς

2335 1755 2446 1810 Οὐκ
2494 1758 2644 1809 αὐτοὶ
2673 1760 2798 1830 πρὸς
2843 1759 3013 1810 πάντα
3067 1760 3135 1811 τὰ
3171 1759 3287 1817 ἔθνη
3319 1762 3375 1812 τὸ
3424 1763 3784 1832 πρόσταγμα
3825 1755 3953 1828 δια-ι-

565 1859 737 1916 gens.
761 1847 986 1900 Rursus
1017 1841 1269 1913 angelus
1295 1841 1580 1899 Dominus
1608 1841 1816 1912 magni
1841 1841 2220 1898 annuntiator

2333 1845 2574 1917 γε’λλουσι
2633 1851 2826 1920 Κυρίου
2877 1863 2891 1914 ;
2952 1854 3163 1920 Πνεῦμα
3190 1849 3216 1900 ό
3246 1851 3394 1918 Θεὸς,
3469 1853 3571 1901 καὶ
3623 1853 3808 1902 πνέων
3849 1851 3952 1901 ἐπει

565 1931 811 1990 consilii.
835 1931 1100 2004 Angelus
1119 1931 1278 1988 ﬁlius
1317 1936 1375 1988 et
1403 1931 1649 1988 nuntius
1678 1935 1943 2004 paternae
1970 1929 2230 1987 benevo-

563 2022 758 2081 lentiae
801 2037 872 2078 ac
925 2021 1217 2079 adversus
1267 2020 1547 2078 homines
1593 2020 1840 2087 amoris,
1885 2018 2039 2086 Quid
2085 2033 2229 2075 vero

569 2112 813 2170 Michael
843 2116 899 2170 et
924 2111 1208 2169 Gabriel?
1236 2127 1315 2168 an
1355 2126 1480 2168 non
1508 2115 1566 2168 et
1623 2111 1736 2184 ipsi
1785 2108 1984 2182 angeli
2040 2108 2232 2166 omni-

567 2201 828 2276 potentis
860 2201 1140 2259 Domini?
1162 2205 1250 2257 An
1279 2215 1404 2256 non
1426 2199 1713 2257 omnibus
1743 2199 1857 2256 sibi
1886 2202 2118 2255 naturae
2140 2213 2232 2254 or-

565 2290 706 2348 dine
748 2289 1032 2362 subjectis
1091 2289 1194 2347 Dei
1237 2288 1488 2362 gloriam
1521 2288 1881 2346 annuutiant
1909 2288 1938 2345 7
1979 2291 2069 2344 An
2107 2302 2231 2344 non

565 2381 628 2438 in
648 2395 860 2436 omnes
882 2383 1088 2450 gentes
1108 2378 1454 2435 mandatum
1476 2377 1594 2451 ipsi
1615 2377 1922 2451 perferunt
1942 2377 2181 2434 Domini
2202 2376 2230 2433 ?

568 2468 820 2541 Spiritus
849 2472 938 2526 est
995 2470 1149 2524 Deus
1202 2466 1438 2540 spirans
1476 2465 1581 2522 ubi
1612 2467 1737 2523 vult
1787 2470 1846 2522 et
1887 2466 2136 2539 quando
2174 2469 2233 2522 et

567 2561 890 2630 quantum,
931 2571 1178 2614 omnem
1227 2571 1443 2612 sensus
1497 2559 1554 2612 et
1604 2554 1983 2626 cogitationis
2037 2554 2229 2613 aciem

568 2644 890 2702 subtilitate
922 2645 1272 2702 substantias
1319 2661 1391 2702 ac
1441 2645 1723 2702 tenuitate
1774 2644 2030 2715 fugiens.
2073 2645 2230 2716 ignis

570 2739 864 2810 praeterea
891 2738 1045 2792 Deus
1071 2738 1274 2792 noster
1292 2739 1396 2803 est,
1444 2739 1502 2792 et
1536 2735 1693 2806 ignis
1741 2734 1938 2792 omnis
1988 2733 2229 2792 malitias

568 2830 982 2898 consumptor,
1012 2825 1477 2899 animarumque
1525 2829 1905 2900 expugnator
1932 2824 2227 2894 omnium,

570 2915 1002 2986 cogitationum
1027 2930 1271 2988 quoque
1296 2916 1570 2972 omnium
1614 2913 2001 2972 illuminator.
2068 2916 2232 2972 Post-

567 3006 686 3064 hac
711 3009 768 3063 et
787 3005 1054 3062 minister
1072 3005 1132 3062 in
1158 3005 1330 3062 terris
1359 3005 1527 3061 visus
1557 3008 1666 3062 est.
1706 3026 1734 3055 «
1769 3007 1890 3074 Ego
1915 3003 2097 3076 enim,
2127 3003 2230 3070 ait,

567 3095 630 3154 in
653 3095 854 3153 medio
885 3100 1153 3151 vestrum
1177 3110 1312 3150 sum
1338 3094 1488 3151 sicut
1507 3094 1612 3168 qui
1632 3093 1948 3150 ministrat.
1983 3114 2004 3144 ι
2041 3092 2155 3150 Sed
2175 3095 2234 3150 et

565 3185 694 3258 ipse
743 3185 880 3241 fecit
934 3184 1182 3255 angelos
1241 3199 1384 3241 suos
1450 3183 1714 3257 spiritu,
1792 3183 1969 3255 leves,
2019 3182 2228 3254 agiles,

565 3280 860 3346 strenuos,
885 3277 942 3331 et
967 3273 1268 3330 ministros
1295 3288 1436 3330 suos
1466 3274 1779 3330 ﬂammam
1796 3271 1973 3343 ignis,
2002 3287 2230 3345 prunas

566 3361 1016 3432 immateriales,
1040 3362 1332 3419 micantes
1354 3361 1433 3418 ad
1464 3377 1708 3418 omnem
1739 3360 2018 3418 vibrandi
2051 3375 2231 3431 agen-
2259 3349 2298 3405 C

568 3451 750 3525 dique
772 3449 1183 3507 efﬁcacitatem
1214 3449 1454 3518 celeres,
1485 3450 1868 3523 purgativam
1895 3449 2228 3523 quamdam

567 3540 692 3596 vim
737 3540 1050 3613 spirantes.
1112 3539 1280 3596 Tales
1339 3537 1454 3594 sibi
1517 3539 1822 3595 ministros
1861 3544 1920 3596 et
1968 3538 2228 3597 famulos

569 3627 745 3699 elegit
772 3627 874 3701 qui
905 3643 1026 3683 non
1055 3641 1227 3684 mora
1252 3631 1308 3684 et
1329 3642 1604 3684 aerumna
1629 3631 1903 3701 optatum
1967 3627 2227 3702 denique

569 3715 901 3791 perﬁciant,
938 3714 1046 3771 sed
1084 3714 1500 3788 peruicissimo
1552 3730 1749 3788 neque
1801 3731 1872 3772 eo
1924 3715 2228 3774 laborioso

570 3809 738 3862 motu
757 3804 1055 3879 quidquid
1086 3803 1349 3861 decrevit
1379 3808 1534 3862 Deus
1554 3803 1682 3861 ﬁeri
1713 3804 1990 3862 effectum
2021 3805 2226 3862 cumul

568 3894 686 3952 late
708 3897 1116 3968 reptesentent.
1145 3894 1318 3961 Quod
1342 3895 1388 3950 si
1429 3909 1642 3950 omnes
1669 3898 1966 3968 quotquot
1981 3899 2120 3951 sunt
2148 3895 2229 3952 ad

569 3984 661 4040 sui
691 3981 1494 4054 similitudinemdesignavit
1521 3983 1795 4054 angelos,
1825 3984 2019 4042 multo
2046 3984 2227 4040 nimi-

570 4088 706 4130 rum
727 4072 944 4147 potiori
969 4073 1198 4130 ratione
1219 4072 1654 4130 existimandus
1680 4077 1768 4130 est
1784 4074 1928 4130 istos
1953 4073 2227 4130 omnium

571 4164 912 4238 pracipuos
941 4163 1018 4219 ad
1079 4163 1527 4220 exactissimam
1567 4164 1658 4219 sui
1685 4162 1874 4236 ipsius
1900 4164 2228 4234 imaginem

573 4253 869 4312 elimasse.
899 4252 1151 4325 Spiritus
1179 4251 1273 4308 ille
1297 4253 1596 4326 princeps,
1621 4252 1972 4325 immensus,
2003 4254 2229 4310 incom-

571 4340 1010 4415 prehensibilis,
1044 4340 1604 4414 perspicacissinus.
1647 4343 1808 4398 Mens
1835 4343 2002 4399 omni
2031 4346 2229 4400 mente

572 4429 921 4501 majorquae
960 4434 1190 4486 mentes
1230 4445 1440 4486 omnes
1481 4434 1537 4487 et
1574 4430 1840 4503 potentia
1867 4431 2150 4505 produxit
2175 4436 2230 4490 et

572 4517 958 4590 intelligentia
985 4523 1257 4591 penetrat
1277 4535 1348 4576 ac
1387 4519 1677 4592 pervidet.
1718 4521 2000 4578 Omnium
2028 4526 2230 4578 tamen

575 4611 826 4665 conatus
845 4606 924 4664 ad
955 4622 1017 4664 se
1057 4607 1318 4665 vicissim
1351 4610 1837 4680 cognoscendam
1891 4609 2223 4668 frustrans:

574 4696 740 4770 quod
767 4696 947 4770 longe
967 4695 1308 4755 facultatem
1339 4699 1746 4770 cognoscendi
1777 4715 2019 4757 omnem
2051 4700 2228 4758 habi-

2337 1934 2488 1996 θέλει,
2540 1939 2630 1990 καὶ
2681 1937 2858 2006 ἡνίκα,
2912 1940 3004 1990 καὶ
3051 1937 3194 2006 ὅσον,
3251 1943 3427 1990 πᾶσαν
3477 1939 3766 1996 αἴσθησιν
3799 1941 3829 1998 ξ
3861 1942 3952 1995 vii:-

2339 2043 2422 2078 σιν
2448 2031 2510 2098 τῇ
2542 2032 2638 2087 τῆς
2664 2023 2850 2089 οὐσίας
2895 2025 3172 2085 λεπτότητι
3221 2023 3352 2080 διαδ
3355 2023 3415 2080 ιδ
3414 2027 3667 2101 ράσκων.
3717 2033 3826 2082 Καὶ
3873 2036 3950 2101 πᾶς

2338 2109 2397 2167 δε
2437 2115 2464 2166 6
2504 2116 2634 2177 Θεὸς
2662 2116 2829 2187 ἡμῶν,
2886 2119 2976 2168 καὶ
3022 2122 3126 2191 πῦρ
3185 2120 3371 2178 κακίας
3416 2119 3510 2189 μὲν
3575 2116 3946 2179 ἐξαιαλωτικσ

2337 2201 2566 2272 ἁπάσης,
2601 2202 2794 2275 ψυχῶν
2827 2199 2886 2257 δὲ
2937 2213 3120 2257 πασῶν
3176 2206 3558 2281 καθαρτήριον.
3621 2211 3738 2262 Καὶ
3795 2205 3952 2261 διάκερ

2335 2311 2423 2354 νος
2452 2291 2535 2345 ἐπὶ
2564 2299 2790 2365 τῆςγῆς
2845 2295 3016 2366 ὤφθη.
3062 2316 3090 2344 ι(
3115 2293 3247 2367 Ἐγὼ
3311 2296 3436 2369 γὰρ,
3479 2316 3509 2344 »
3581 2302 3786 2368 φησὶν,
3841 2320 3864 2347 ιι
3920 2298 3950 2349 ἐι

2337 2385 2480 2454 μέσῳ
2551 2382 2694 2455 ὑμῶν
2749 2384 2815 2444 ὡς
2877 2384 2903 2435 6
2958 2380 3234 2439 διακονῶν.
3297 2403 3328 2437 ν
3410 2383 3575 2438 Ἀλλὰ
3633 2391 3739 2439 καὶ
3821 2386 3952 2440 aries:

2339 2468 2550 2528 ἐποίησε
2605 2474 2727 2534 τοὺς
2799 2470 3046 2544 ἀγγέλους
3089 2472 3248 2526 αὐτοῦ
3301 2475 3584 2546 πνεύματα
3637 2477 3827 2548 κούφα
3880 2497 3948 2529 ισ-

2339 2559 2626 2628 ἀεικίνητα,
2684 2565 2774 2616 καὶ
2834 2560 3014 2638 ἐνεργὰ
3077 2567 3166 2616 καὶ
3216 2566 3339 2626 τοὺς
3391 2564 3749 2640 λειτουργοὺς
3810 2567 3950 2620 αὖτοὺ

2338 2653 2497 2722 πυρός
2563 2649 2771 2723 φλόγας,
2857 2652 3116 2724 ἄνθρακας
3161 2651 3369 2721 ἀῦλους,
3435 2653 3807 2718 ἀκτινοειδείς
3881 2679 3948 2709 xz

2340 2735 2716 2813 δραστηρίους,
2767 2741 3117 2816 καθαρτήριον
3179 2746 3421 2806 πνέοντας
3489 2741 3793 2818 ἐνέργειαν.
3857 2754 3946 2800 Δεῖ·

2339 2831 2598 2904 τουργοὺς
2629 2826 2690 2883 δε
2736 2831 3030 2889 καθίστησι
3057 2835 3147 2885 καὶ
3202 2828 3499 2905 διακόνους,
3552 2834 3621 2887 οὐ
3680 2840 3947 2911 χρόνῳπ

2338 2921 2486 2992 μόγῳ
2531 2921 2591 2971 τὸ
2655 2915 3082 2993 σπουδαζόμενον
3154 2919 3534 2989 ἐπιτελοῦντας,
3605 2923 3855 2997 ὀξυτατῳ
3913 2922 3945 2976 5':

2337 3011 2428 3060 καὶ
2463 3005 2715 3081 ἀκαμάτῳ
2761 3009 2909 3083 ῥῶπῇ
2970 3014 3064 3069 τὴν
3128 3015 3446 3072 Δεσποτικήν
3502 3010 3720 3086 βουλήν
3778 3015 3945 3087 πληρε-

2338 3103 2633 3170 φοροῦντας.
2675 3099 2737 3152 Εἰ
2791 3094 2851 3151 δὴ
2901 3103 3018 3161 τοὺς
3054 3099 3257 3168 ἄλλους,
3297 3099 3469 3172 πολλῷ
3523 3098 3720 3162 δήπου
3780 3104 3942 3177 pilis:

2337 3189 2456 3248 τοὺς
2527 3193 2626 3239 τῶν
2705 3186 2832 3240 ὅλων
2914 3186 3320 3262 ἀρχικωτάτους
3392 3194 3527 3267 πρὸς
3588 3191 3940 3270 ἐνεργεστάττι

2338 3274 2476 3346 αὐτῷ
2523 3279 2826 3351 παρήγαγεν
2856 3278 3124 3352 ὁμοίωσιν.
3179 3285 3317 3342 Νοῦς
3370 3278 3397 3332 ὃ
3467 3284 3674 3354 Κύριος
3712 3284 3938 3345 ἄληπτος,

2337 3365 2695 3439 ἀπερινόητος,
2779 3365 3231 3442 εἰλικρινέστατος.
3303 3375 3441 3432 Νοῦς
3498 3372 3788 3445 ὑπέρνοος,

2335 3457 2426 3528 μὲν
2506 3459 2852 3529 παραγωγεὺς
2930 3461 3020 3511 καὶ
3065 3462 3441 3523 κατανοητικὸς
3514 3459 3802 3531 ἁπάντων,
3869 3465 3926 3514 ξιτ

2337 3539 2547 3606 οὐδενὸς
2595 3541 2655 3598 δέ
2682 3547 2948 3618 νοούμενος
3003 3549 3066 3608 ὡς
3119 3549 3278 3616 ἔστιν,
3336 3555 3407 3602 τῶ
3460 3555 3652 3604 πᾶσαν
3713 3557 3938 3612 venturi:

2338 3629 2564 3707 δύναμιν
2622 3635 2651 3694 ἣ
2685 3634 2788 3698 ἕξιν
2836 3637 3252 3710 ὑπερεκπίπτειν.
3310 3637 3466 3691 Ἀλλὰ
3503 3644 3602 3694 καὶ
3655 3641 3810 3696 οὗτοι
3853 3647 3936 3702 νέες

2336 3723 2438 3777 εἰσὶ
2484 3726 2706 3798 καθαροὶ
2763 3730 2852 3779 καὶ
2909 3725 3213 3802 εἰλικρινεῖς,
3271 3731 3360 3782 καὶ
3433 3727 3657 3801 ἀγαθῶν
3723 3739 3937 3806 71-Ma-

2334 3831 2421 3888 ρες
2459 3811 2683 3883 ἐννοιῶν,
2715 3818 2806 3867 καὶ
2852 3817 3026 3876 πάσας
3079 3819 3170 3889 μεν
3219 3818 3313 3879 τὰς
3369 3817 3458 3870 ὑπ’
3516 3818 3722 3884 αὐτοὺς
3781 3822 3935 3879 οὐσίας

2338 3899 2686 3977 ἀκριϐέστατα
2762 3911 3106 3957 κατανοοῦσιν
3163 3925 3177 3942 ο
3235 3908 3487 3978 φεύγουσι
3528 3905 3592 3962 δε
3663 3916 3761 3965 καὶ
3817 3913 3936 3962 αὖτις

2339 3993 2663 4064 θεομιμήτως
2739 3997 2831 4052 τὴν
2895 4001 2994 4046 τῶν
3072 3995 3352 4067 ὑφειμένων
3409 4002 3766 4057 κατανόησιν.
3843 4007 3934 4056 Ζωί

2337 4080 2364 4132 6
2391 4083 2519 4141 Θεὸς
2551 4085 2641 4133 καὶ
2681 4079 2946 4152 αὐτοζωή,
2994 4082 3206 4144 ξωοῦσα
3235 4086 3326 4157 μὶν
3380 4085 3482 4137 ὅσα
3526 4093 3752 4160 μετέχει
3803 4090 3932 4152 ζωῇ,

2337 4168 2396 4222 οὐ
2436 4168 2700 4242 ζωουμένη
2731 4165 2809 4226 δέ.
2853 4173 2917 4224 Τί
2961 4173 3064 4246 γάρ
3096 4170 3156 4223 ἂν
3208 4177 3298 4225 καὶ
3353 4175 3432 4232 εἴη
3477 4176 3539 4226 τὸ
3585 4180 3692 4234 τὴν
3753 4184 3930 4251 πρώτῃ

2338 4257 2477 4319 ζωὴν
2561 4261 2775 4323 ζωῶσαν
2834 4263 2929 4318 την
2981 4259 3186 4322 ἁπάσης
3217 4259 3486 4335 ἀρχίξωον
3517 4262 3665 4326 ξωῆν
3702 4283 3717 4332 ;
3745 4266 3864 4329 Eua:
3890 4263 3932 4317 ἔτ

2338 4345 2466 4401 εἰσὶν
2503 4347 2668 4415 οὗτοι,
2740 4351 2830 4401 καὶ
2877 4357 3157 4423 προσφυῶς
3209 4349 3271 4402 ἂν
3319 4350 3551 4410 κληθεῖεν
3608 4355 3688 4416 ὡς
3741 4358 3928 4428 Enim

2337 4442 2400 4508 τῇ
2433 4435 2670 4508 αὑτοξωῇ
2731 4441 3183 4509 προσεσχηκότες,
3255 4442 3344 4492 καὶ
3387 4447 3477 4499 τῆς
3523 4437 3728 4494 ἐκεῖθεν
3775 4443 3924 4502 issu;

2338 4525 2845 4599 ὑπερεμπιπλάμενοι
2919 4523 3248 4601 ζωοδωρίας.
3322 4533 3423 4583 Καὶ
3475 4533 3573 4588 τὴν
3659 4532 3827 4592 αὐτὴν
3876 4533 3926 4585 si-

2339 4617 2466 4666 κόνα
2537 4617 2882 4688 μορφούμενοι
2935 4624 3028 4679 τῆς
3074 4616 3234 4685 ζωῆς,
3317 4615 3573 4691 ἀκραιφνῆ
3648 4622 3928 4695 ὁμοιώματα

2338 4712 2431 4767 τῆς
2501 4704 2775 4780 ζωαρχίας
2826 4710 3275 4779 χρηματίζουσιν.
3363 4711 3588 4781 Δύναμις
3653 4712 3682 4764 6
3743 4716 3927 4787 Κύριος,

573 4790 823 4862 tumque
849 4787 1250 4844 transcendat.
1283 4789 1500 4845 Mentes
1519 4788 1614 4846 isti
1630 4804 1872 4863 quoque
1894 4804 2061 4863 puras
2091 4795 2220 4848 sunt

2336 4797 2425 4845 καὶ
2482 4791 2726 4867 ἐνεργεια,
2780 4793 2971 4866 μᾶλλον
3049 4791 3108 4850 δὲ
3157 4791 3511 4869 αὖτοδύναμις
3562 4803 3662 4853 καὶ
3725 4802 3934 4874 αὐτ-θέρ-

574 4879 632 4934 et
652 4875 918 4950 liquidae,
950 4875 1449 4947 etcogitationum
1464 4876 1767 4934 bonarum
1801 4879 2229 4951 procreatrices

571 4980 710 5039 quae
722 4970 965 5022 naturas
994 4965 1240 5038 quidem
1266 4981 1476 5022 omnes
1499 4981 1561 5022 se
1577 4965 1885 5023 inferiores
1901 4967 2232 5026 clarissime

573 5059 969 5125 cognoscunt.
998 5058 1068 5112 At
1091 5055 1237 5128 ipste
1265 5055 1596 5112 imitatione
1662 5055 1762 5113 Dei
1829 5058 2233 5130 cognitionem

573 5141 923 5201 inferiorum
967 5148 1243 5206 mutuam
1283 5143 1541 5215 fugiunt.
1613 5147 1740 5202 Vita
1764 5151 1850 5202 est
1891 5148 2062 5220 Deus,
2095 5149 2232 5206 vitae

574 5232 686 5290 sibi
710 5233 823 5306 ipsi
863 5249 986 5289 sua:
1017 5231 1381 5306 principium
1407 5237 1465 5290 et
1494 5232 1647 5306 fons,
1673 5234 1855 5292 vitam
1885 5237 2232 5310 impertiens

570 5322 856 5381 omnibus
882 5322 1240 5390 viventibus,
1272 5321 1399 5396 ipse
1423 5338 1459 5381 a
1487 5324 1727 5382 nemine
1751 5341 2017 5384 sumens.
2045 5327 2232 5396 Quale

641 5499 723 5572 (ἱ)
774 5505 1236 5581 Προκαταρτςτικὴ.
1322 5501 1502 5581 Αἰτίοις
1593 5508 2062 5581 προπαταρκτιπάς
2120 5515 2220 5561 τῶν

568 5571 732 5651 νόσων
757 5571 861 5629 ea's
920 5571 1224 5651 appellant
1254 5571 1680 5651 __medicorum
1745 5571 1916 5651 pueri
1973 5594 2112 5651 qum
2142 5579 2222 5636 ab

571 5641 902 5726 extrinseco
931 5641 1221 5726 incidunt.
1253 5647 1403 5704 Nam
1430 5660 1542 5726 eas.
1573 5662 1711 5726 quas
1745 5641 1834 5705 "ex
1889 5641 2102 5726 inti’ma
2127 5667 2220 5726 ra-

569 5716 732 5774 tione
749 5716 1204 5787 temperamenti
1233 5730 1307 5774 ac
1359 5716 1719 5790 qualitatum
1773 5721 2042 5794 corporis
2064 5723 2220 5783 οιεί.

2335 4901 2455 4954 γεια
2534 4886 2712 4948 πάσης
2779 4881 3046 4958 δυνάμεως
3127 4881 3508 4959 δυναμωτικός,
3580 4890 3774 4954 πάσης
3825 4890 3935 4965 ivi;-

2337 4976 2478 5044 γείας
2508 4971 2828 5048 ἐνεργητικὸς
2860 4994 2873 5009 ο
2903 4970 3122 5048 δύναμις
3153 4971 3340 5049 δρῶσα
3376 4979 3466 5049 μὲν
3525 4981 3625 5035 τήν
3690 4999 3746 5033 τε
3798 4977 3936 5034 δῦναι

2338 5082 2426 5135 μιν
2479 5067 2570 5115 καὶ
2615 5067 2708 5121 τὴν
2755 5061 3008 5136 ἐνέργειαν
3069 5084 3083 5099 ·
3143 5063 3214 5127 εἰς
3264 5063 3418 5118 πάνθ’
3467 5067 3572 5119 ὃσα
3627 5075 3938 5142 furia-xxxiv

2339 5149 2520 5217 αὗτῆς,
2554 5152 2848 5224 πάσχουσα
2878 5147 2937 5205 δι
2961 5158 3127 5205 ταῦτα
3176 5161 3276 5205 τῶν
3329 5155 3531 5206 πάντων
3573 5155 3670 5207 ὑπ’
3726 5155 3936 5217 θῦδῦὸς,

2341 5244 2765 5318 προκαταρκτική
2817 5240 2896 5314 (4)
2949 5248 3050 5294 τῶν
3101 5239 3228 5295 ὅλων
3281 5246 3545 5301 ποιήσεων
3601 5245 3934 5320 ὑπάρχοντι.

2332 5512 2512 5584 stunt,
2545 5513 2934 5584 προηγουμένας
2973 5509 3160 5584 iidem
3181 5511 3420 5584 'vocare
3475 5522 3923 5572 consueverunt.

2332 5527 2512 5578 Stunt,
2545 5529 2582 5563 π
2619 5527 2934 5584 οηγουμενας
2973 5527 3158 5567 llaem
3181 5527 3420 5568 'vocare
3475 5527 3923 5572 consueverunt.

2332 5582 2474 5664 Quae
2489 5581 2568 5639 ad
2583 5527 2962 5664 iiunc‘locum
2980 5581 3435 5664 intelligendum
3452 5585 3822 5664 nonnullum
3840 5588 3923 5664 ha-

2328 5652 2700 5731 be_nt_ust_1m.
2739 5652 2916 5731 lsthic
2953 5653 3118 5731 enim
3147 5652 3542 5731 προκαταρταή
3591 5652 3820 5731 δύναμις
3845 5659 3919 5713 vis

2327 5679 3619 5791 ἕὲι“ἑιῖ³ιῗὲι¹“ἐ’σὲ³ἓιῖἒὶἕὲἶῖι“ὧπὲὗ⁸ἕὲίὲίῖιῗὲοὲ
3630 5679 3916 5792 Ἢ
