  <div class='ocr_page' id='page_1' title='image "/cluster/home/n/w/nwhite01/storage/ocr_20150623/140/pst.000005714568/668.png"; bbox 0 0 3966 6324; ppageno 0'>
   <div class='ocr_carea' id='block_1_1' title="bbox 79 352 242 410">
    <p class='ocr_par' dir='ltr' id='par_1_1' title="bbox 79 352 242 410">
     <span class='ocr_line' id='line_1_1' title="bbox 79 352 242 410; baseline 0.006 -2"><span class='ocrx_word' id='word_1_1' title='bbox 79 352 242 410; x_wconf 68' lang='grc' dir='ltr'><strong>12ιί</strong></span> 
     </span>
    </p>
   </div>
   <div class='ocr_carea' id='block_1_2' title="bbox 920 339 2626 419">
    <p class='ocr_par' dir='ltr' id='par_1_2' title="bbox 920 339 2626 419">
     <span class='ocr_line' id='line_1_2' title="bbox 920 339 2626 419; baseline 0.002 -7"><span class='ocrx_word' id='word_1_2' title='bbox 920 354 1187 416; x_wconf 77' lang='grc' dir='ltr'><strong>ΝῙΟΕἸῈ</strong></span> <span class='ocrx_word' id='word_1_3' title='bbox 1206 355 1565 419; x_wconf 79' lang='lat' dir='ltr'><strong>LAUDATIO</strong></span> <span class='ocrx_word' id='word_1_4' title='bbox 1597 352 1696 413; x_wconf 91' lang='lat' dir='ltr'><strong>SS.</strong></span> <span class='ocrx_word' id='word_1_5' title='bbox 1724 339 2094 415; x_wconf 79' lang='lat' dir='ltr'><strong>MICHAELIS</strong></span> <span class='ocrx_word' id='word_1_6' title='bbox 2121 357 2207 415; x_wconf 75' lang='lat' dir='ltr'><strong>ET</strong></span> <span class='ocrx_word' id='word_1_7' title='bbox 2243 357 2626 418; x_wconf 79' lang='lat' dir='ltr'><strong>GABRIELIS.</strong></span> 
     </span>
    </p>
   </div>
   <div class='ocr_carea' id='block_1_3' title="bbox 3340 367 3480 428">
    <p class='ocr_par' dir='ltr' id='par_1_3' title="bbox 3340 367 3480 428">
     <span class='ocr_line' id='line_1_3' title="bbox 3340 367 3480 428; baseline 0.05 -7"><span class='ocrx_word' id='word_1_8' title='bbox 3340 367 3480 428; x_wconf 68' lang='grc'><strong>1242</strong></span> 
     </span>
    </p>
   </div>
   <div class='ocr_carea' id='block_1_4' title="bbox 85 469 1719 565">
    <p class='ocr_par' dir='ltr' id='par_1_4' title="bbox 85 475 1712 557">
     <span class='ocr_line' id='line_1_4' title="bbox 85 475 1712 557; baseline 0.002 -26"><span class='ocrx_word' id='word_1_9' title='bbox 85 479 364 552; x_wconf 75' lang='grc' dir='ltr'><strong>Δυνάμεις</strong></span> <span class='ocrx_word' id='word_1_10' title='bbox 408 475 512 532; x_wconf 79' lang='grc' dir='ltr'>εἰσὶ</span> <span class='ocrx_word' id='word_1_11' title='bbox 567 481 659 532; x_wconf 76' lang='grc' dir='ltr'><strong>καὶ</strong></span> <span class='ocrx_word' id='word_1_12' title='bbox 713 475 965 556; x_wconf 74' lang='grc' dir='ltr'>ἒνίργειαι</span> <span class='ocrx_word' id='word_1_13' title='bbox 1027 484 1252 556; x_wconf 77' lang='grc' dir='ltr'>Μιχαὴλ</span> <span class='ocrx_word' id='word_1_14' title='bbox 1314 488 1401 538; x_wconf 77' lang='grc' dir='ltr'><strong>καὶ</strong></span> <span class='ocrx_word' id='word_1_15' title='bbox 1463 482 1712 557; x_wconf 72' lang='grc' dir='ltr'>Γαϐριὴλ,</span> 
     </span>
    </p>
   </div>
   <div class='ocr_carea' id='block_1_5' title="bbox 1831 469 3481 565">
    <p class='ocr_par' dir='ltr' id='par_1_5' title="bbox 1831 469 3481 565">
     <span class='ocr_line' id='line_1_5' title="bbox 1831 469 3481 565; baseline 0.009 -30"><span class='ocrx_word' id='word_1_16' title='bbox 1831 479 1986 536; x_wconf 89' lang='lat' dir='ltr'><strong>enim</strong></span> <span class='ocrx_word' id='word_1_17' title='bbox 2011 479 2158 539; x_wconf 90' lang='lat' dir='ltr'><strong>illud</strong></span> <span class='ocrx_word' id='word_1_18' title='bbox 2187 485 2420 542; x_wconf 87' lang='lat' dir='ltr'><strong>tantum</strong></span> <span class='ocrx_word' id='word_1_19' title='bbox 2449 500 2585 542; x_wconf 80' lang='lat' dir='ltr'><strong>esse</strong></span> <span class='ocrx_word' id='word_1_20' title='bbox 2610 488 2816 558; x_wconf 86' lang='lat' dir='ltr'><strong>posset</strong></span> <span class='ocrx_word' id='word_1_21' title='bbox 2843 486 3010 561; x_wconf 90' lang='lat' dir='ltr'><strong>quod</strong></span> <span class='ocrx_word' id='word_1_22' title='bbox 3036 487 3172 546; x_wconf 72' lang='lat' dir='ltr'><strong>vitae</strong></span> <span class='ocrx_word' id='word_1_23' title='bbox 3199 469 3481 565; x_wconf 53' lang='lat' dir='ltr'><strong>primige&#39;</strong></span> 
     </span>
    </p>
   </div>
   <div class='ocr_carea' id='block_1_6' title="bbox 89 562 1717 647">
    <p class='ocr_par' dir='ltr' id='par_1_6' title="bbox 89 562 1717 647">
     <span class='ocr_line' id='line_1_6' title="bbox 89 562 1717 647; baseline 0.004 -27"><span class='ocrx_word' id='word_1_24' title='bbox 89 562 384 642; x_wconf 80' lang='grc' dir='ltr'>δυνάμεις,</span> <span class='ocrx_word' id='word_1_25' title='bbox 442 567 500 622; x_wconf 86' lang='grc' dir='ltr'><strong>ού</strong></span> <span class='ocrx_word' id='word_1_26' title='bbox 549 572 824 633; x_wconf 85' lang='grc' dir='ltr'>ποιότητες</span> <span class='ocrx_word' id='word_1_27' title='bbox 877 569 1073 634; x_wconf 75' lang='grc' dir='ltr'><strong>ἀτελεῖς</strong></span> <span class='ocrx_word' id='word_1_28' title='bbox 1134 575 1230 644; x_wconf 81' lang='grc' dir='ltr'>ε’ίτ,</span> <span class='ocrx_word' id='word_1_29' title='bbox 1264 581 1351 628; x_wconf 79' lang='grc' dir='ltr'><strong>οῦν</strong></span> <span class='ocrx_word' id='word_1_30' title='bbox 1400 573 1529 638; x_wconf 78' lang='grc' dir='ltr'>ἕξεις</span> <span class='ocrx_word' id='word_1_31' title='bbox 1592 576 1717 647; x_wconf 83' lang='grc' dir='ltr'>πρὸς</span> 
     </span>
    </p>
   </div>
   <div class='ocr_carea' id='block_1_7' title="bbox 89 654 1713 737">
    <p class='ocr_par' dir='ltr' id='par_1_7' title="bbox 89 654 1713 737">
     <span class='ocr_line' id='line_1_7' title="bbox 89 654 1713 737; baseline 0.004 -28"><span class='ocrx_word' id='word_1_32' title='bbox 89 655 372 732; x_wconf 76' lang='grc' dir='ltr'>ἓνέργειαν</span> <span class='ocrx_word' id='word_1_33' title='bbox 414 654 719 726; x_wconf 80' lang='grc' dir='ltr'>όδεύουσαι,</span> <span class='ocrx_word' id='word_1_34' title='bbox 780 657 909 714; x_wconf 80' lang='grc' dir='ltr'>ἀλλὰ</span> <span class='ocrx_word' id='word_1_35' title='bbox 976 657 1225 737; x_wconf 82' lang='grc' dir='ltr'>δυνάμεις</span> <span class='ocrx_word' id='word_1_36' title='bbox 1284 663 1456 725; x_wconf 73' lang='grc' dir='ltr'>ζῶσαι</span> <span class='ocrx_word' id='word_1_37' title='bbox 1502 667 1593 717; x_wconf 82' lang='grc' dir='ltr'><strong>καὶ</strong></span> <span class='ocrx_word' id='word_1_38' title='bbox 1651 671 1713 736; x_wconf 72' lang='grc' dir='ltr'>τῇ</span> 
     </span>
    </p>
   </div>
   <div class='ocr_carea' id='block_1_8' title="bbox 90 743 1718 829">
    <p class='ocr_par' dir='ltr' id='par_1_8' title="bbox 90 743 1718 829">
     <span class='ocr_line' id='line_1_8' title="bbox 90 743 1718 829; baseline 0.005 -31"><span class='ocrx_word' id='word_1_39' title='bbox 90 745 277 819; x_wconf 78' lang='grc' dir='ltr'>ούσίᾳ</span> <span class='ocrx_word' id='word_1_40' title='bbox 332 743 626 824; x_wconf 84' lang='grc' dir='ltr'>σύνδρομον</span> <span class='ocrx_word' id='word_1_41' title='bbox 685 750 932 821; x_wconf 70' lang='grc' dir='ltr'>ἔχουσαν</span> <span class='ocrx_word' id='word_1_42' title='bbox 986 755 1078 804; x_wconf 80' lang='grc' dir='ltr'><strong>καὶ</strong></span> <span class='ocrx_word' id='word_1_43' title='bbox 1131 756 1220 810; x_wconf 81' lang='grc' dir='ltr'>τὴν</span> <span class='ocrx_word' id='word_1_44' title='bbox 1272 752 1546 829; x_wconf 75' lang='grc' dir='ltr'>ἕνέργειαν.</span> <span class='ocrx_word' id='word_1_45' title='bbox 1598 753 1718 805; x_wconf 83' lang='grc' dir='ltr'><strong>Ἐπὶ</strong></span> 
     </span>
    </p>
   </div>
   <div class='ocr_carea' id='block_1_9' title="bbox 93 835 1720 916">
    <p class='ocr_par' dir='ltr' id='par_1_9' title="bbox 93 835 1720 916">
     <span class='ocr_line' id='line_1_9' title="bbox 93 835 1720 916; baseline 0.004 -28"><span class='ocrx_word' id='word_1_46' title='bbox 93 837 206 907; x_wconf 65' lang='grc' dir='ltr'><strong>μὲν</strong></span> <span class='ocrx_word' id='word_1_47' title='bbox 263 837 364 910; x_wconf 85' lang='grc' dir='ltr'><strong>γὰρ</strong></span> <span class='ocrx_word' id='word_1_48' title='bbox 413 845 513 889; x_wconf 93' lang='grc' dir='ltr'><strong>τῶν</strong></span> <span class='ocrx_word' id='word_1_49' title='bbox 577 835 766 890; x_wconf 80' lang='grc' dir='ltr'>ύλικῶν</span> <span class='ocrx_word' id='word_1_50' title='bbox 825 839 1077 912; x_wconf 86' lang='grc' dir='ltr'>σωμάτων</span> <span class='ocrx_word' id='word_1_51' title='bbox 1132 844 1222 894; x_wconf 80' lang='grc' dir='ltr'><strong>καὶ</strong></span> <span class='ocrx_word' id='word_1_52' title='bbox 1284 850 1516 916; x_wconf 74' lang='grc' dir='ltr'>φυσικῶν</span> <span class='ocrx_word' id='word_1_53' title='bbox 1604 838 1720 916; x_wconf 81' lang='grc' dir='ltr'>ἰδίᾳ</span> 
     </span>
    </p>
   </div>
   <div class='ocr_carea' id='block_1_10' title="bbox 96 925 1720 1006">
    <p class='ocr_par' dir='ltr' id='par_1_10' title="bbox 96 925 1720 1006">
     <span class='ocr_line' id='line_1_10' title="bbox 96 925 1720 1006; baseline 0.005 -29"><span class='ocrx_word' id='word_1_54' title='bbox 96 927 207 997; x_wconf 73' lang='grc' dir='ltr'><strong>μὲν</strong></span> <span class='ocrx_word' id='word_1_55' title='bbox 237 925 263 978; x_wconf 80' lang='grc' dir='ltr'><strong><em>ὃ</em></strong></span> <span class='ocrx_word' id='word_1_56' title='bbox 291 933 386 988; x_wconf 81' lang='grc' dir='ltr'>τῆς</span> <span class='ocrx_word' id='word_1_57' title='bbox 413 925 597 990; x_wconf 82' lang='grc' dir='ltr'>ούσίας</span> <span class='ocrx_word' id='word_1_58' title='bbox 627 927 745 981; x_wconf 78' lang='grc' dir='ltr'><strong>καθ’</strong></span> <span class='ocrx_word' id='word_1_59' title='bbox 776 927 802 981; x_wconf 85' lang='grc' dir='ltr'><strong><em>ὃ</em></strong></span> <span class='ocrx_word' id='word_1_60' title='bbox 845 926 985 982; x_wconf 72' lang='grc' dir='ltr'>ἐστιν</span> <span class='ocrx_word' id='word_1_61' title='bbox 1036 931 1223 1004; x_wconf 82' lang='grc' dir='ltr'>ὁρᾶται</span> <span class='ocrx_word' id='word_1_62' title='bbox 1262 929 1432 1004; x_wconf 97' lang='grc' dir='ltr'>λόγος,</span> <span class='ocrx_word' id='word_1_63' title='bbox 1488 929 1602 1006; x_wconf 81' lang='grc' dir='ltr'>ἰδίᾳ</span> <span class='ocrx_word' id='word_1_64' title='bbox 1659 927 1720 986; x_wconf 73' lang='grc' dir='ltr'><strong>δε</strong></span> 
     </span>
    </p>
   </div>
   <div class='ocr_carea' id='block_1_11' title="bbox 93 1011 1718 1097">
    <p class='ocr_par' dir='ltr' id='par_1_11' title="bbox 93 1011 1718 1097">
     <span class='ocr_line' id='line_1_11' title="bbox 93 1011 1718 1097; baseline 0.005 -31"><span class='ocrx_word' id='word_1_65' title='bbox 93 1015 139 1072; x_wconf 77' lang='grc' dir='ltr'>ἡ</span> <span class='ocrx_word' id='word_1_66' title='bbox 179 1014 404 1087; x_wconf 71' lang='grc' dir='ltr'>ἔμφυτος</span> <span class='ocrx_word' id='word_1_67' title='bbox 433 1011 652 1088; x_wconf 84' lang='grc' dir='ltr'>δύναμις</span> <span class='ocrx_word' id='word_1_68' title='bbox 682 1014 1066 1082; x_wconf 78' lang='grc' dir='ltr'><strong>ἐπιτηδειότης,</strong></span> <span class='ocrx_word' id='word_1_69' title='bbox 1099 1027 1236 1073; x_wconf 81' lang='grc' dir='ltr'>οὖσα</span> <span class='ocrx_word' id='word_1_70' title='bbox 1284 1024 1414 1096; x_wconf 88' lang='grc' dir='ltr'>πρὸς</span> <span class='ocrx_word' id='word_1_71' title='bbox 1465 1019 1718 1097; x_wconf 71' lang='grc' dir='ltr'>ἐνέργειαν</span> 
     </span>
    </p>
   </div>
   <div class='ocr_carea' id='block_1_12' title="bbox 97 1104 1720 1186">
    <p class='ocr_par' dir='ltr' id='par_1_12' title="bbox 97 1104 1720 1186">
     <span class='ocr_line' id='line_1_12' title="bbox 97 1104 1720 1186; baseline 0.006 -31"><span class='ocrx_word' id='word_1_72' title='bbox 97 1107 204 1156; x_wconf 73' lang='grc' dir='ltr'><strong>καὶ</strong></span> <span class='ocrx_word' id='word_1_73' title='bbox 233 1107 377 1179; x_wconf 85' lang='grc' dir='ltr'><strong>παρά</strong></span> <span class='ocrx_word' id='word_1_74' title='bbox 405 1112 569 1158; x_wconf 86' lang='grc' dir='ltr'>ταῦτα</span> <span class='ocrx_word' id='word_1_75' title='bbox 619 1107 649 1164; x_wconf 81' lang='grc' dir='ltr'>ἡ</span> <span class='ocrx_word' id='word_1_76' title='bbox 706 1104 934 1182; x_wconf 71' lang='grc' dir='ltr'>ἐνέργεια</span> <span class='ocrx_word' id='word_1_77' title='bbox 989 1109 1095 1162; x_wconf 84' lang='grc' dir='ltr'>οἷον</span> <span class='ocrx_word' id='word_1_78' title='bbox 1159 1109 1340 1171; x_wconf 88' lang='grc' dir='ltr'>ούσίας</span> <span class='ocrx_word' id='word_1_79' title='bbox 1397 1109 1720 1186; x_wconf 68' lang='grc' dir='ltr'><strong>ἀποτέλεσμα</strong></span> 
     </span>
    </p>
   </div>
   <div class='ocr_carea' id='block_1_13' title="bbox 98 1189 1719 1272">
    <p class='ocr_par' dir='ltr' id='par_1_13' title="bbox 98 1189 1719 1272">
     <span class='ocr_line' id='line_1_13' title="bbox 98 1189 1719 1272; baseline 0.006 -29"><span class='ocrx_word' id='word_1_80' title='bbox 98 1193 464 1264; x_wconf 65' lang='grc' dir='ltr'>τυγχάνουσα</span> <span class='ocrx_word' id='word_1_81' title='bbox 516 1189 610 1247; x_wconf 80' lang='grc' dir='ltr'>διὰ</span> <span class='ocrx_word' id='word_1_82' title='bbox 661 1202 752 1256; x_wconf 84' lang='grc' dir='ltr'>τῆς</span> <span class='ocrx_word' id='word_1_83' title='bbox 805 1194 1023 1258; x_wconf 75' lang='grc' dir='ltr'><strong>ἐνούσης</strong></span> <span class='ocrx_word' id='word_1_84' title='bbox 1078 1197 1208 1272; x_wconf 70' lang='grc' dir='ltr'>αὐτῇ</span> <span class='ocrx_word' id='word_1_85' title='bbox 1271 1195 1561 1272; x_wconf 83' lang='grc' dir='ltr'>δυνάμεως,</span> <span class='ocrx_word' id='word_1_86' title='bbox 1647 1199 1719 1262; x_wconf 85' lang='grc' dir='ltr'>εἰς</span> 
     </span>
    </p>
   </div>
   <div class='ocr_carea' id='block_1_14' title="bbox 101 1280 1718 1360">
    <p class='ocr_par' dir='ltr' id='par_1_14' title="bbox 101 1280 1718 1360">
     <span class='ocr_line' id='line_1_14' title="bbox 101 1280 1718 1360; baseline 0.006 -26"><span class='ocrx_word' id='word_1_87' title='bbox 101 1280 410 1341; x_wconf 77' lang='grc' dir='ltr'><strong>τελειότητα</strong></span> <span class='ocrx_word' id='word_1_88' title='bbox 463 1288 852 1357; x_wconf 69' lang='grc' dir='ltr'><strong>προσαγομένη·</strong></span> <span class='ocrx_word' id='word_1_89' title='bbox 911 1284 1029 1339; x_wconf 80' lang='grc' dir='ltr'><strong>Ἐπὶ</strong></span> <span class='ocrx_word' id='word_1_90' title='bbox 1080 1295 1180 1339; x_wconf 90' lang='grc' dir='ltr'><strong>τῶν</strong></span> <span class='ocrx_word' id='word_1_91' title='bbox 1241 1295 1424 1360; x_wconf 87' lang='grc' dir='ltr'>νοερῶν</span> <span class='ocrx_word' id='word_1_92' title='bbox 1500 1286 1560 1342; x_wconf 76' lang='grc' dir='ltr'><strong>δὲ</strong></span> <span class='ocrx_word' id='word_1_93' title='bbox 1629 1295 1718 1345; x_wconf 82' lang='grc' dir='ltr'><strong>καὶ</strong></span> 
     </span>
    </p>
   </div>
   <div class='ocr_carea' id='block_1_15' title="bbox 106 1368 1717 1448">
    <p class='ocr_par' dir='ltr' id='par_1_15' title="bbox 106 1368 1717 1448">
     <span class='ocr_line' id='line_1_15' title="bbox 106 1368 1717 1448; baseline 0.004 -27"><span class='ocrx_word' id='word_1_94' title='bbox 106 1368 286 1423; x_wconf 77' lang='grc' dir='ltr'>ἆύλων</span> <span class='ocrx_word' id='word_1_95' title='bbox 328 1371 520 1425; x_wconf 78' lang='grc' dir='ltr'><strong>οὐσιῶν</strong></span> <span class='ocrx_word' id='word_1_96' title='bbox 575 1372 706 1432; x_wconf 85' lang='grc' dir='ltr'>αύτή</span> <span class='ocrx_word' id='word_1_97' title='bbox 776 1373 942 1435; x_wconf 69' lang='grc' dir='ltr'>αὐτῆς</span> <span class='ocrx_word' id='word_1_98' title='bbox 991 1376 1022 1433; x_wconf 80' lang='grc' dir='ltr'>ἡ</span> <span class='ocrx_word' id='word_1_99' title='bbox 1083 1379 1238 1428; x_wconf 76' lang='grc' dir='ltr'>οὐσία</span> <span class='ocrx_word' id='word_1_100' title='bbox 1295 1372 1519 1448; x_wconf 84' lang='grc' dir='ltr'>δύναμίς</span> <span class='ocrx_word' id='word_1_101' title='bbox 1577 1373 1717 1428; x_wconf 73' lang='grc' dir='ltr'>ἔστιν</span> 
     </span>
    </p>
   </div>
   <div class='ocr_carea' id='block_1_16' title="bbox 104 1459 1718 1539">
    <p class='ocr_par' dir='ltr' id='par_1_16' title="bbox 104 1459 1718 1539">
     <span class='ocr_line' id='line_1_16' title="bbox 104 1459 1718 1539; baseline 0.003 -26"><span class='ocrx_word' id='word_1_102' title='bbox 104 1459 346 1535; x_wconf 73' lang='grc' dir='ltr'>ἔνεργής,</span> <span class='ocrx_word' id='word_1_103' title='bbox 411 1461 538 1517; x_wconf 78' lang='grc' dir='ltr'><strong>Καθ’</strong></span> <span class='ocrx_word' id='word_1_104' title='bbox 592 1463 618 1515; x_wconf 87' lang='grc' dir='ltr'><strong><em>ὃ</em></strong></span> <span class='ocrx_word' id='word_1_105' title='bbox 681 1465 784 1539; x_wconf 87' lang='grc' dir='ltr'><strong>γάρ</strong></span> <span class='ocrx_word' id='word_1_106' title='bbox 835 1464 938 1518; x_wconf 83' lang='grc' dir='ltr'>εἰσι</span> <span class='ocrx_word' id='word_1_107' title='bbox 996 1469 1086 1518; x_wconf 78' lang='grc' dir='ltr'><strong>καὶ</strong></span> <span class='ocrx_word' id='word_1_108' title='bbox 1144 1461 1414 1518; x_wconf 85' lang='grc' dir='ltr'>δύνανται·</span> <span class='ocrx_word' id='word_1_109' title='bbox 1469 1470 1558 1518; x_wconf 79' lang='grc' dir='ltr'>καὶ</span> <span class='ocrx_word' id='word_1_110' title='bbox 1608 1465 1718 1518; x_wconf 79' lang='grc' dir='ltr'>ἄεν-</span> 
     </span>
    </p>
   </div>
   <div class='ocr_carea' id='block_1_17' title="bbox 94 1551 1717 1628">
    <p class='ocr_par' dir='ltr' id='par_1_17' title="bbox 94 1551 1717 1628">
     <span class='ocr_line' id='line_1_17' title="bbox 94 1551 1717 1628; baseline 0.002 -25"><span class='ocrx_word' id='word_1_111' title='bbox 94 1570 228 1603; x_wconf 83' lang='grc' dir='ltr'>ναον</span> <span class='ocrx_word' id='word_1_112' title='bbox 278 1557 497 1627; x_wconf 79' lang='grc' dir='ltr'>προίᾶσι</span> <span class='ocrx_word' id='word_1_113' title='bbox 540 1556 634 1611; x_wconf 77' lang='grc' dir='ltr'>τὴν</span> <span class='ocrx_word' id='word_1_114' title='bbox 702 1551 975 1628; x_wconf 77' lang='grc' dir='ltr'>ἓνέργειαν·</span> <span class='ocrx_word' id='word_1_115' title='bbox 1046 1552 1180 1608; x_wconf 82' lang='grc' dir='ltr'>ὥστε</span> <span class='ocrx_word' id='word_1_116' title='bbox 1252 1551 1320 1612; x_wconf 79' lang='grc' dir='ltr'><strong>δὴ</strong></span> <span class='ocrx_word' id='word_1_117' title='bbox 1409 1559 1500 1607; x_wconf 80' lang='grc' dir='ltr'><strong>καὶ</strong></span> <span class='ocrx_word' id='word_1_118' title='bbox 1573 1552 1717 1608; x_wconf 71' lang='grc' dir='ltr'>οὗτοι</span> 
     </span>
    </p>
   </div>
   <div class='ocr_carea' id='block_1_18' title="bbox 93 1639 1714 1717">
    <p class='ocr_par' dir='ltr' id='par_1_18' title="bbox 93 1639 1714 1717">
     <span class='ocr_line' id='line_1_18' title="bbox 93 1639 1714 1717; baseline 0.002 -25"><span class='ocrx_word' id='word_1_119' title='bbox 93 1641 314 1692; x_wconf 83' lang='grc' dir='ltr'>πάντων</span> <span class='ocrx_word' id='word_1_120' title='bbox 372 1641 725 1716; x_wconf 81' lang='grc' dir='ltr'>ύπερκείμενοι</span> <span class='ocrx_word' id='word_1_121' title='bbox 777 1649 876 1694; x_wconf 91' lang='grc' dir='ltr'><strong>τῶν</strong></span> <span class='ocrx_word' id='word_1_122' title='bbox 935 1641 1330 1702; x_wconf 77' lang='grc' dir='ltr'>ύποϐεϐηκότων</span> <span class='ocrx_word' id='word_1_123' title='bbox 1381 1639 1553 1717; x_wconf 82' lang='grc' dir='ltr'>δρῶσι</span> <span class='ocrx_word' id='word_1_124' title='bbox 1623 1646 1714 1716; x_wconf 73' lang='grc' dir='ltr'><strong>μὲν</strong></span> 
     </span>
    </p>
   </div>
   <div class='ocr_carea' id='block_1_19' title="bbox 91 1725 1710 1806">
    <p class='ocr_par' dir='ltr' id='par_1_19' title="bbox 91 1725 1710 1806">
     <span class='ocr_line' id='line_1_19' title="bbox 91 1725 1710 1806; baseline 0.001 -24"><span class='ocrx_word' id='word_1_125' title='bbox 91 1732 387 1805; x_wconf 77' lang='grc' dir='ltr'>περιουσίᾳ</span> <span class='ocrx_word' id='word_1_126' title='bbox 445 1725 708 1804; x_wconf 77' lang='grc' dir='ltr'>δυνάμεως</span> <span class='ocrx_word' id='word_1_127' title='bbox 754 1731 1048 1804; x_wconf 87' lang='grc' dir='ltr'>θεοπρεπεῖς</span> <span class='ocrx_word' id='word_1_128' title='bbox 1095 1739 1190 1795; x_wconf 81' lang='grc' dir='ltr'>τῆς</span> <span class='ocrx_word' id='word_1_129' title='bbox 1247 1731 1371 1794; x_wconf 85' lang='grc' dir='ltr'>ὅλης</span> <span class='ocrx_word' id='word_1_130' title='bbox 1438 1731 1710 1806; x_wconf 73' lang='grc' dir='ltr'><strong>ἐνεργείας,</strong></span> 
     </span>
    </p>
   </div>
   <div class='ocr_carea' id='block_1_20' title="bbox 1826 568 3480 646">
    <p class='ocr_par' dir='ltr' id='par_1_20' title="bbox 1826 568 3480 646">
     <span class='ocr_line' id='line_1_20' title="bbox 1826 568 3480 646; baseline 0.011 -23"><span class='ocrx_word' id='word_1_131' title='bbox 1826 568 1942 624; x_wconf 70' lang='lat' dir='ltr'><strong>nias</strong></span> <span class='ocrx_word' id='word_1_132' title='bbox 1962 571 2134 642; x_wconf 86' lang='lat' dir='ltr'><strong>cujus</strong></span> <span class='ocrx_word' id='word_1_133' title='bbox 2165 588 2235 629; x_wconf 86' lang='lat' dir='ltr'><strong>ex</strong></span> <span class='ocrx_word' id='word_1_134' title='bbox 2263 574 2490 646; x_wconf 82' lang='lat' dir='ltr'><strong>origine</strong></span> <span class='ocrx_word' id='word_1_135' title='bbox 2516 575 2654 632; x_wconf 75' lang='lat' dir='ltr'><strong>vitae</strong></span> <span class='ocrx_word' id='word_1_136' title='bbox 2707 576 2904 633; x_wconf 89' lang='lat' dir='ltr'><strong>omnis</strong></span> <span class='ocrx_word' id='word_1_137' title='bbox 2956 593 3146 637; x_wconf 90' lang='lat' dir='ltr'><strong>usura</strong></span> <span class='ocrx_word' id='word_1_138' title='bbox 3205 579 3480 643; x_wconf 81' lang='lat' dir='ltr'><strong>derivata</strong></span> 
     </span>
    </p>
   </div>
   <div class='ocr_carea' id='block_1_21' title="bbox 1828 662 3477 741">
    <p class='ocr_par' dir='ltr' id='par_1_21' title="bbox 1828 662 3477 741">
     <span class='ocr_line' id='line_1_21' title="bbox 1828 662 3477 741; baseline 0.008 -27"><span class='ocrx_word' id='word_1_139' title='bbox 1828 662 1934 728; x_wconf 86' lang='lat' dir='ltr'><strong>est,</strong></span> <span class='ocrx_word' id='word_1_140' title='bbox 1969 675 2154 718; x_wconf 87' lang='lat' dir='ltr'><strong>causa</strong></span> <span class='ocrx_word' id='word_1_141' title='bbox 2176 667 2355 738; x_wconf 88' lang='lat' dir='ltr'><strong>atque</strong></span> <span class='ocrx_word' id='word_1_142' title='bbox 2377 669 2586 722; x_wconf 86' lang='lat' dir='ltr'><strong>auctor</strong></span> <span class='ocrx_word' id='word_1_143' title='bbox 2607 665 2919 722; x_wconf 84' lang='lat' dir='ltr'><strong>existitisse</strong></span> <span class='ocrx_word' id='word_1_144' title='bbox 2939 666 3179 726; x_wconf 86' lang='lat' dir='ltr'><strong>vivendi</strong></span> <span class='ocrx_word' id='word_1_145' title='bbox 3203 670 3339 741; x_wconf 89' lang='lat' dir='ltr'><strong>jure</strong></span> <span class='ocrx_word' id='word_1_146' title='bbox 3391 671 3477 729; x_wconf 75' lang='lat' dir='ltr'><strong>di~</strong></span> 
     </span>
    </p>
   </div>
   <div class='ocr_carea' id='block_1_22' title="bbox 1827 748 3478 834">
    <p class='ocr_par' dir='ltr' id='par_1_22' title="bbox 1827 748 3478 834">
     <span class='ocr_line' id='line_1_22' title="bbox 1827 748 3478 834; baseline 0.008 -31"><span class='ocrx_word' id='word_1_147' title='bbox 1827 748 2058 806; x_wconf 83' lang='lat' dir='ltr'><strong>ceretur</strong></span> <span class='ocrx_word' id='word_1_148' title='bbox 2085 751 2114 808; x_wconf 83' lang='lat'><strong>?</strong></span> <span class='ocrx_word' id='word_1_149' title='bbox 2146 751 2286 809; x_wconf 81' lang='lat' dir='ltr'><strong>Vitae</strong></span> <span class='ocrx_word' id='word_1_150' title='bbox 2307 753 2399 810; x_wconf 87' lang='lat' dir='ltr'><strong>isti</strong></span> <span class='ocrx_word' id='word_1_151' title='bbox 2429 771 2672 828; x_wconf 89' lang='lat' dir='ltr'><strong>quoque</strong></span> <span class='ocrx_word' id='word_1_152' title='bbox 2704 760 2864 825; x_wconf 90' lang='lat' dir='ltr'><strong>sunt,</strong></span> <span class='ocrx_word' id='word_1_153' title='bbox 2897 756 3101 834; x_wconf 81' lang='lat' dir='ltr'><strong>sicque</strong></span> <span class='ocrx_word' id='word_1_154' title='bbox 3130 759 3341 817; x_wconf 90' lang='lat' dir='ltr'><strong>merito</strong></span> <span class='ocrx_word' id='word_1_155' title='bbox 3371 775 3478 817; x_wconf 87' lang='lat' dir='ltr'><strong>vo-</strong></span> 
     </span>
    </p>
   </div>
   <div class='ocr_carea' id='block_1_23' title="bbox 1829 841 3476 922">
    <p class='ocr_par' dir='ltr' id='par_1_23' title="bbox 1829 841 3476 922">
     <span class='ocr_line' id='line_1_23' title="bbox 1829 841 3476 922; baseline 0.009 -29"><span class='ocrx_word' id='word_1_156' title='bbox 1829 841 2054 910; x_wconf 89' lang='lat' dir='ltr'><strong>centur,</strong></span> <span class='ocrx_word' id='word_1_157' title='bbox 2087 844 2150 897; x_wconf 91' lang='lat' dir='ltr'><strong>ut</strong></span> <span class='ocrx_word' id='word_1_158' title='bbox 2189 843 2293 914; x_wconf 86' lang='lat' dir='ltr'><strong>qui</strong></span> <span class='ocrx_word' id='word_1_159' title='bbox 2330 859 2580 917; x_wconf 81' lang='lat' dir='ltr'><strong>perenni</strong></span> <span class='ocrx_word' id='word_1_160' title='bbox 2604 845 2739 902; x_wconf 64' lang='lat' dir='ltr'><strong>vitae</strong></span> <span class='ocrx_word' id='word_1_161' title='bbox 2767 845 2915 903; x_wconf 93' lang='lat' dir='ltr'><strong>fonti</strong></span> <span class='ocrx_word' id='word_1_162' title='bbox 2953 847 3301 906; x_wconf 73' lang='lat' dir='ltr'><strong>adhaereant</strong></span> <span class='ocrx_word' id='word_1_163' title='bbox 3342 865 3476 922; x_wconf 91' lang='lat' dir='ltr'><strong>per-</strong></span> 
     </span>
    </p>
   </div>
   <div class='ocr_carea' id='block_1_24' title="bbox 1826 929 3474 1008">
    <p class='ocr_par' dir='ltr' id='par_1_24' title="bbox 1826 929 3474 1008">
     <span class='ocr_line' id='line_1_24' title="bbox 1826 929 3474 1008; baseline 0.008 -24"><span class='ocrx_word' id='word_1_164' title='bbox 1826 932 2032 1002; x_wconf 90' lang='lat' dir='ltr'><strong>petuo,</strong></span> <span class='ocrx_word' id='word_1_165' title='bbox 2064 929 2558 1008; x_wconf 81' lang='lat' dir='ltr'><strong>aﬂluentiumque</strong></span> <span class='ocrx_word' id='word_1_166' title='bbox 2613 935 2774 993; x_wconf 91' lang='lat' dir='ltr'><strong>illinc</strong></span> <span class='ocrx_word' id='word_1_167' title='bbox 2819 937 2954 994; x_wconf 82' lang='lat' dir='ltr'><strong>vitae</strong></span> <span class='ocrx_word' id='word_1_168' title='bbox 3002 953 3325 996; x_wconf 88' lang='lat' dir='ltr'><strong>munerum</strong></span> <span class='ocrx_word' id='word_1_169' title='bbox 3369 955 3474 998; x_wconf 93' lang='lat' dir='ltr'><strong>co-</strong></span> 
     </span>
    </p>
   </div>
   <div class='ocr_carea' id='block_1_25' title="bbox 1826 1018 3478 1099">
    <p class='ocr_par' dir='ltr' id='par_1_25' title="bbox 1826 1018 3478 1099">
     <span class='ocr_line' id='line_1_25' title="bbox 1826 1018 3478 1099; baseline 0.008 -26"><span class='ocrx_word' id='word_1_170' title='bbox 1826 1020 1930 1092; x_wconf 89' lang='lat' dir='ltr'><strong>pia</strong></span> <span class='ocrx_word' id='word_1_171' title='bbox 1955 1018 2336 1094; x_wconf 81' lang='lat' dir='ltr'><strong>redundent;</strong></span> <span class='ocrx_word' id='word_1_172' title='bbox 2378 1024 2518 1080; x_wconf 66' lang='lat' dir='ltr'><strong>Vitae</strong></span> <span class='ocrx_word' id='word_1_173' title='bbox 2547 1025 2833 1099; x_wconf 86' lang='lat' dir='ltr'><strong>principis</strong></span> <span class='ocrx_word' id='word_1_174' title='bbox 2850 1025 3116 1097; x_wconf 87' lang='lat' dir='ltr'><strong>imagine</strong></span> <span class='ocrx_word' id='word_1_175' title='bbox 3157 1027 3219 1084; x_wconf 91' lang='lat' dir='ltr'><strong>in</strong></span> <span class='ocrx_word' id='word_1_176' title='bbox 3286 1029 3349 1085; x_wconf 88' lang='lat' dir='ltr'><strong>se</strong></span> <span class='ocrx_word' id='word_1_177' title='bbox 3398 1030 3478 1088; x_wconf 89' lang='lat' dir='ltr'><strong>ad</strong></span> 
     </span>
    </p>
   </div>
   <div class='ocr_carea' id='block_1_26' title="bbox 1825 1105 3476 1187">
    <p class='ocr_par' dir='ltr' id='par_1_26' title="bbox 1825 1105 3476 1187">
     <span class='ocr_line' id='line_1_26' title="bbox 1825 1105 3476 1187; baseline 0.01 -26"><span class='ocrx_word' id='word_1_178' title='bbox 1825 1105 2031 1164; x_wconf 88' lang='lat' dir='ltr'><strong>vivum</strong></span> <span class='ocrx_word' id='word_1_179' title='bbox 2061 1125 2346 1183; x_wconf 88' lang='lat' dir='ltr'><strong>expressa</strong></span> <span class='ocrx_word' id='word_1_180' title='bbox 2374 1112 2452 1168; x_wconf 86' lang='lat' dir='ltr'><strong>ad</strong></span> <span class='ocrx_word' id='word_1_181' title='bbox 2491 1118 2720 1171; x_wconf 84' lang='lat' dir='ltr'><strong>naturae</strong></span> <span class='ocrx_word' id='word_1_182' title='bbox 2777 1114 3170 1187; x_wconf 67' lang='lat' dir='ltr'><strong>prmcellentis</strong></span> <span class='ocrx_word' id='word_1_183' title='bbox 3201 1122 3476 1177; x_wconf 80' lang='lat' dir='ltr'><strong>exactam</strong></span> 
     </span>
    </p>
   </div>
   <div class='ocr_carea' id='block_1_27' title="bbox 1829 1196 3476 1279">
    <p class='ocr_par' dir='ltr' id='par_1_27' title="bbox 1829 1196 3476 1279">
     <span class='ocr_line' id='line_1_27' title="bbox 1829 1196 3476 1279; baseline 0.01 -28"><span class='ocrx_word' id='word_1_184' title='bbox 1829 1196 2274 1258; x_wconf 82' lang='lat' dir='ltr'><strong>similitudinem</strong></span> <span class='ocrx_word' id='word_1_185' title='bbox 2299 1203 2674 1261; x_wconf 77' lang='lat' dir='ltr'><strong>conformati.</strong></span> <span class='ocrx_word' id='word_1_186' title='bbox 2702 1207 2913 1261; x_wconf 86' lang='lat' dir='ltr'><strong>Potens</strong></span> <span class='ocrx_word' id='word_1_187' title='bbox 2954 1205 3290 1279; x_wconf 75' lang='lat' dir='ltr'><strong>efﬁcaxque</strong></span> <span class='ocrx_word' id='word_1_188' title='bbox 3317 1209 3476 1267; x_wconf 82' lang='lat' dir='ltr'><strong>Deus</strong></span> 
     </span>
    </p>
   </div>
   <div class='ocr_carea' id='block_1_28' title="bbox 1828 1289 3477 1366">
    <p class='ocr_par' dir='ltr' id='par_1_28' title="bbox 1828 1289 3477 1366">
     <span class='ocr_line' id='line_1_28' title="bbox 1828 1289 3477 1366; baseline 0.008 -23"><span class='ocrx_word' id='word_1_189' title='bbox 1828 1290 1916 1344; x_wconf 90' lang='lat' dir='ltr'><strong>est</strong></span> <span class='ocrx_word' id='word_1_190' title='bbox 1949 1291 2054 1345; x_wconf 88' lang='lat' dir='ltr'><strong>aut</strong></span> <span class='ocrx_word' id='word_1_191' title='bbox 2101 1289 2230 1363; x_wconf 85' lang='lat' dir='ltr'><strong>ipsa</strong></span> <span class='ocrx_word' id='word_1_192' title='bbox 2277 1292 2477 1362; x_wconf 82' lang='lat' dir='ltr'><strong>potius</strong></span> <span class='ocrx_word' id='word_1_193' title='bbox 2534 1297 2798 1366; x_wconf 83' lang='lat' dir='ltr'><strong>potestas</strong></span> <span class='ocrx_word' id='word_1_194' title='bbox 2851 1294 2902 1350; x_wconf 92' lang='lat' dir='ltr'><strong>ei</strong></span> <span class='ocrx_word' id='word_1_195' title='bbox 2952 1294 3272 1355; x_wconf 80' lang='lat' dir='ltr'><strong>eﬂlcacitas</strong></span> <span class='ocrx_word' id='word_1_196' title='bbox 3320 1313 3358 1356; x_wconf 90' lang='lat' dir='ltr'><strong>a</strong></span> <span class='ocrx_word' id='word_1_197' title='bbox 3414 1314 3477 1356; x_wconf 89' lang='lat' dir='ltr'><strong>se</strong></span> 
     </span>
    </p>
   </div>
   <div class='ocr_carea' id='block_1_29' title="bbox 1827 1378 3478 1455">
    <p class='ocr_par' dir='ltr' id='par_1_29' title="bbox 1827 1378 3478 1455">
     <span class='ocr_line' id='line_1_29' title="bbox 1827 1378 3478 1455; baseline 0.008 -25"><span class='ocrx_word' id='word_1_198' title='bbox 1827 1380 2150 1450; x_wconf 88' lang='lat' dir='ltr'><strong>utrumque</strong></span> <span class='ocrx_word' id='word_1_199' title='bbox 2170 1378 2421 1447; x_wconf 85' lang='lat' dir='ltr'><strong>habens,</strong></span> <span class='ocrx_word' id='word_1_200' title='bbox 2445 1385 2799 1455; x_wconf 88' lang='lat' dir='ltr'><strong>potestatem</strong></span> <span class='ocrx_word' id='word_1_201' title='bbox 2822 1399 3064 1443; x_wconf 89' lang='lat' dir='ltr'><strong>omnem</strong></span> <span class='ocrx_word' id='word_1_202' title='bbox 3079 1385 3478 1446; x_wconf 84' lang='lat' dir='ltr'><strong>corroborans</strong></span> 
     </span>
    </p>
   </div>
   <div class='ocr_carea' id='block_1_30' title="bbox 1828 1463 3475 1550">
    <p class='ocr_par' dir='ltr' id='par_1_30' title="bbox 1828 1463 3475 1550">
     <span class='ocr_line' id='line_1_30' title="bbox 1828 1463 3475 1550; baseline 0.009 -30"><span class='ocrx_word' id='word_1_203' title='bbox 1828 1463 2156 1523; x_wconf 76' lang='lat' dir='ltr'><strong>efﬁcaciam</strong></span> <span class='ocrx_word' id='word_1_204' title='bbox 2186 1484 2429 1540; x_wconf 89' lang='lat' dir='ltr'><strong>acuens,</strong></span> <span class='ocrx_word' id='word_1_205' title='bbox 2461 1471 2768 1546; x_wconf 90' lang='lat' dir='ltr'><strong>utriusque</strong></span> <span class='ocrx_word' id='word_1_206' title='bbox 2801 1477 3008 1531; x_wconf 85' lang='lat' dir='ltr'><strong>auctor</strong></span> <span class='ocrx_word' id='word_1_207' title='bbox 3035 1475 3318 1532; x_wconf 90' lang='lat' dir='ltr'><strong>omnibus</strong></span> <span class='ocrx_word' id='word_1_208' title='bbox 3338 1493 3475 1550; x_wconf 69' lang='lat' dir='ltr'><strong>quae</strong></span> 
     </span>
    </p>
   </div>
   <div class='ocr_carea' id='block_1_31' title="bbox 1824 1553 3478 1632">
    <p class='ocr_par' dir='ltr' id='par_1_31' title="bbox 1824 1553 3478 1632">
     <span class='ocr_line' id='line_1_31' title="bbox 1824 1553 3478 1632; baseline 0.008 -23"><span class='ocrx_word' id='word_1_209' title='bbox 1824 1553 1955 1610; x_wconf 91' lang='lat' dir='ltr'><strong>illas</strong></span> <span class='ocrx_word' id='word_1_210' title='bbox 1986 1571 2224 1630; x_wconf 91' lang='lat' dir='ltr'><strong>cunque</strong></span> <span class='ocrx_word' id='word_1_211' title='bbox 2267 1559 2648 1632; x_wconf 80' lang='lat' dir='ltr'><strong>participant.</strong></span> <span class='ocrx_word' id='word_1_212' title='bbox 2701 1563 2968 1632; x_wconf 88' lang='lat' dir='ltr'><strong>Quorum</strong></span> <span class='ocrx_word' id='word_1_213' title='bbox 3018 1563 3165 1620; x_wconf 87' lang='lat' dir='ltr'><strong>nihil</strong></span> <span class='ocrx_word' id='word_1_214' title='bbox 3203 1566 3478 1625; x_wconf 88' lang='lat' dir='ltr'><strong>omnium</strong></span> 
     </span>
    </p>
   </div>
   <div class='ocr_carea' id='block_1_32' title="bbox 1824 1644 3479 1724">
    <p class='ocr_par' dir='ltr' id='par_1_32' title="bbox 1824 1644 3479 1724">
     <span class='ocr_line' id='line_1_32' title="bbox 1824 1644 3479 1724; baseline 0.009 -25"><span class='ocrx_word' id='word_1_215' title='bbox 1824 1644 2159 1719; x_wconf 87' lang='lat' dir='ltr'><strong>quidquam</strong></span> <span class='ocrx_word' id='word_1_216' title='bbox 2173 1646 2362 1704; x_wconf 90' lang='lat' dir='ltr'><strong>simile</strong></span> <span class='ocrx_word' id='word_1_217' title='bbox 2384 1649 3001 1724; x_wconf 89' lang='lat' dir='ltr'><strong>patituraquoquam,</strong></span> <span class='ocrx_word' id='word_1_218' title='bbox 3017 1669 3154 1713; x_wconf 88' lang='lat' dir='ltr'><strong>cum</strong></span> <span class='ocrx_word' id='word_1_219' title='bbox 3179 1654 3327 1713; x_wconf 89' lang='lat' dir='ltr'><strong>nulli</strong></span> <span class='ocrx_word' id='word_1_220' title='bbox 3353 1671 3479 1714; x_wconf 91' lang='lat' dir='ltr'><strong>non</strong></span> 
     </span>
    </p>
   </div>
   <div class='ocr_carea' id='block_1_33' title="bbox 1825 1732 3480 1819">
    <p class='ocr_par' dir='ltr' id='par_1_33' title="bbox 1825 1732 3480 1819">
     <span class='ocr_line' id='line_1_33' title="bbox 1825 1732 3480 1819; baseline 0.007 -30"><span class='ocrx_word' id='word_1_221' title='bbox 1825 1732 2123 1792; x_wconf 82' lang='lat' dir='ltr'><strong>effectioni</strong></span> <span class='ocrx_word' id='word_1_222' title='bbox 2152 1738 2491 1819; x_wconf 22' lang='lat' dir='ltr'><strong>causa&#39;ipse</strong></span> <span class='ocrx_word' id='word_1_223' title='bbox 2541 1740 2910 1796; x_wconf 83' lang='lat' dir='ltr'><strong>extrinsecus</strong></span> <span class='ocrx_word' id='word_1_224' title='bbox 2968 1758 3322 1801; x_wconf 88' lang='lat' dir='ltr'><strong>succurrens</strong></span> <span class='ocrx_word' id='word_1_225' title='bbox 3375 1745 3480 1801; x_wconf 89' lang='lat' dir='ltr'><strong>ad-</strong></span> 
     </span>
    </p>
   </div>
   <div class='ocr_carea' id='block_1_34' title="bbox 89 1814 1719 1898">
    <p class='ocr_par' dir='ltr' id='par_1_34' title="bbox 89 1814 1713 1896">
     <span class='ocr_line' id='line_1_34' title="bbox 89 1814 1713 1896; baseline 0.002 -25"><span class='ocrx_word' id='word_1_226' title='bbox 89 1814 214 1871; x_wconf 78' lang='grc' dir='ltr'><strong>’Υπ’</strong></span> <span class='ocrx_word' id='word_1_227' title='bbox 274 1818 435 1880; x_wconf 70' lang='grc' dir='ltr'>αὐτῆς</span> <span class='ocrx_word' id='word_1_228' title='bbox 485 1815 544 1872; x_wconf 68' lang='grc' dir='ltr'><strong>δε</strong></span> <span class='ocrx_word' id='word_1_229' title='bbox 589 1823 748 1882; x_wconf 82' lang='grc' dir='ltr'>μόνης</span> <span class='ocrx_word' id='word_1_230' title='bbox 802 1818 951 1874; x_wconf 82' lang='grc' dir='ltr'>αύτοὶ</span> <span class='ocrx_word' id='word_1_231' title='bbox 1015 1828 1110 1884; x_wconf 85' lang='grc' dir='ltr'>τῆς</span> <span class='ocrx_word' id='word_1_232' title='bbox 1159 1828 1501 1896; x_wconf 84' lang='grc' dir='ltr'>πρωτουργού</span> <span class='ocrx_word' id='word_1_233' title='bbox 1558 1817 1713 1875; x_wconf 75' lang='grc' dir='ltr'><strong>δυνὰ-</strong></span> 
     </span>
    </p>
   </div>
   <div class='ocr_carea' id='block_1_35' title="bbox 1831 1814 3484 1898">
    <p class='ocr_par' dir='ltr' id='par_1_35' title="bbox 1831 1816 3484 1898">
     <span class='ocr_line' id='line_1_35' title="bbox 1831 1816 3484 1898; baseline 0.008 -20"><span class='ocrx_word' id='word_1_234' title='bbox 1831 1821 2121 1898; x_wconf 85' lang='lat' dir='ltr'><strong>iutrixque</strong></span> <span class='ocrx_word' id='word_1_235' title='bbox 2136 1824 2312 1882; x_wconf 88' lang='lat' dir='ltr'><strong>adsit.</strong></span> <span class='ocrx_word' id='word_1_236' title='bbox 2339 1816 2669 1885; x_wconf 86' lang='lat' dir='ltr'><strong>Potestates</strong></span> <span class='ocrx_word' id='word_1_237' title='bbox 2683 1834 2740 1886; x_wconf 90' lang='lat' dir='ltr'><strong>et</strong></span> <span class='ocrx_word' id='word_1_238' title='bbox 2775 1829 3156 1888; x_wconf 78' lang='lat' dir='ltr'><strong>eiﬂcacitates</strong></span> <span class='ocrx_word' id='word_1_239' title='bbox 3177 1833 3316 1890; x_wconf 86' lang='lat' dir='ltr'><strong>item</strong></span> <span class='ocrx_word' id='word_1_240' title='bbox 3340 1837 3484 1891; x_wconf 86' lang='lat' dir='ltr'><strong>sunt</strong></span> 
     </span>
    </p>
   </div>
   <div class='ocr_carea' id='block_1_36' title="bbox 91 1904 1713 1985">
    <p class='ocr_par' dir='ltr' id='par_1_36' title="bbox 91 1904 1713 1985">
     <span class='ocr_line' id='line_1_36' title="bbox 91 1904 1713 1985; baseline 0.002 -25"><span class='ocrx_word' id='word_1_241' title='bbox 91 1905 249 1982; x_wconf 82' lang='grc' dir='ltr'><strong><em>μεως</em></strong></span> <span class='ocrx_word' id='word_1_242' title='bbox 295 1907 388 1960; x_wconf 78' lang='grc' dir='ltr'>εἴτ’</span> <span class='ocrx_word' id='word_1_243' title='bbox 436 1904 524 1962; x_wconf 81' lang='grc' dir='ltr'><strong>οὖν</strong></span> <span class='ocrx_word' id='word_1_244' title='bbox 575 1909 950 1985; x_wconf 85' lang='grc' dir='ltr'>αύτενεργείας,</span> <span class='ocrx_word' id='word_1_245' title='bbox 1034 1907 1359 1985; x_wconf 75' lang='grc' dir='ltr'>ἔνεργοῦνταὶ</span> <span class='ocrx_word' id='word_1_246' title='bbox 1443 1907 1713 1983; x_wconf 83' lang='grc' dir='ltr'>δυναμού-</span> 
     </span>
    </p>
   </div>
   <div class='ocr_carea' id='block_1_37' title="bbox 92 1995 1716 2074">
    <p class='ocr_par' dir='ltr' id='par_1_37' title="bbox 92 1995 1716 2074">
     <span class='ocr_line' id='line_1_37' title="bbox 92 1995 1716 2074; baseline 0.001 -24"><span class='ocrx_word' id='word_1_247' title='bbox 92 2015 272 2071; x_wconf 83' lang='grc' dir='ltr'>μενοι.</span> <span class='ocrx_word' id='word_1_248' title='bbox 329 1995 512 2070; x_wconf 82' lang='grc' dir='ltr'>Ἀγιος</span> <span class='ocrx_word' id='word_1_249' title='bbox 568 1999 726 2062; x_wconf 84' lang='grc' dir='ltr'>ὅντως</span> <span class='ocrx_word' id='word_1_250' title='bbox 785 1997 973 2062; x_wconf 74' lang='grc' dir='ltr'>ἐκεῖνος</span> <span class='ocrx_word' id='word_1_251' title='bbox 1025 2004 1115 2054; x_wconf 80' lang='grc' dir='ltr'><strong>καὶ</strong></span> <span class='ocrx_word' id='word_1_252' title='bbox 1173 2004 1324 2073; x_wconf 88' lang='grc' dir='ltr'>μόνος</span> <span class='ocrx_word' id='word_1_253' title='bbox 1376 1997 1567 2072; x_wconf 82' lang='grc' dir='ltr'>ἀγαθὸς</span> <span class='ocrx_word' id='word_1_254' title='bbox 1625 2003 1716 2074; x_wconf 72' lang='grc' dir='ltr'><strong>φύ-</strong></span> 
     </span>
    </p>
   </div>
   <div class='ocr_carea' id='block_1_38' title="bbox 103 2086 1716 2164">
    <p class='ocr_par' dir='ltr' id='par_1_38' title="bbox 103 2086 1716 2164">
     <span class='ocr_line' id='line_1_38' title="bbox 103 2086 1716 2164; baseline 0.001 -23"><span class='ocrx_word' id='word_1_255' title='bbox 103 2105 222 2156; x_wconf 86' lang='grc' dir='ltr'>στι,</span> <span class='ocrx_word' id='word_1_256' title='bbox 283 2086 340 2149; x_wconf 86' lang='grc' dir='ltr'>ὃς</span> <span class='ocrx_word' id='word_1_257' title='bbox 382 2091 524 2160; x_wconf 81' lang='grc' dir='ltr'>πηγή</span> <span class='ocrx_word' id='word_1_258' title='bbox 579 2105 635 2140; x_wconf 91' lang='grc' dir='ltr'><strong>τε</strong></span> <span class='ocrx_word' id='word_1_259' title='bbox 685 2093 776 2141; x_wconf 78' lang='grc' dir='ltr'><strong>καὶ</strong></span> <span class='ocrx_word' id='word_1_260' title='bbox 822 2089 948 2164; x_wconf 82' lang='grc' dir='ltr'><strong>ῥίζα</strong></span> <span class='ocrx_word' id='word_1_261' title='bbox 1003 2093 1193 2152; x_wconf 86' lang='grc' dir='ltr'>παντός</span> <span class='ocrx_word' id='word_1_262' title='bbox 1260 2088 1403 2142; x_wconf 71' lang='grc' dir='ltr'>ἐστιν</span> <span class='ocrx_word' id='word_1_263' title='bbox 1452 2088 1716 2163; x_wconf 81' lang='grc' dir='ltr'>ἁγιασμοῦ</span> 
     </span>
    </p>
   </div>
   <div class='ocr_carea' id='block_1_39' title="bbox 95 2173 1713 2251">
    <p class='ocr_par' dir='ltr' id='par_1_39' title="bbox 95 2173 1713 2251">
     <span class='ocr_line' id='line_1_39' title="bbox 95 2173 1713 2251; baseline 0.004 -23"><span class='ocrx_word' id='word_1_264' title='bbox 95 2179 197 2230; x_wconf 78' lang='grc' dir='ltr'><strong>καὶ</strong></span> <span class='ocrx_word' id='word_1_265' title='bbox 253 2174 599 2248; x_wconf 61' lang='grc' dir='ltr'>ἀγαθῶ-ητος.</span> <span class='ocrx_word' id='word_1_266' title='bbox 653 2175 828 2250; x_wconf 78' lang='grc' dir='ltr'>Ἀγιοι</span> <span class='ocrx_word' id='word_1_267' title='bbox 890 2173 948 2232; x_wconf 68' lang='grc' dir='ltr'><strong>δὲ</strong></span> <span class='ocrx_word' id='word_1_268' title='bbox 995 2182 1086 2231; x_wconf 82' lang='grc' dir='ltr'><strong>καὶ</strong></span> <span class='ocrx_word' id='word_1_269' title='bbox 1145 2176 1332 2251; x_wconf 81' lang='grc' dir='ltr'>ἀγαθοὶ</span> <span class='ocrx_word' id='word_1_270' title='bbox 1383 2183 1474 2232; x_wconf 79' lang='grc' dir='ltr'><strong>καὶ</strong></span> <span class='ocrx_word' id='word_1_271' title='bbox 1549 2175 1713 2235; x_wconf 82' lang='grc' dir='ltr'>οὗτοι.</span> 
     </span>
    </p>
   </div>
   <div class='ocr_carea' id='block_1_40' title="bbox 98 2263 1720 2346">
    <p class='ocr_par' dir='ltr' id='par_1_40' title="bbox 98 2263 1720 2346">
     <span class='ocr_line' id='line_1_40' title="bbox 98 2263 1720 2346; baseline 0 -26"><span class='ocrx_word' id='word_1_272' title='bbox 98 2263 251 2320; x_wconf 81' lang='grc' dir='ltr'>Ἀλλ’</span> <span class='ocrx_word' id='word_1_273' title='bbox 285 2265 421 2337; x_wconf 67' lang='grc' dir='ltr'><strong>ὁμὲν</strong></span> <span class='ocrx_word' id='word_1_274' title='bbox 451 2263 739 2340; x_wconf 77' lang='grc' dir='ltr'>ἀμεθέκτως</span> <span class='ocrx_word' id='word_1_275' title='bbox 777 2271 868 2318; x_wconf 82' lang='grc' dir='ltr'><strong>καὶ</strong></span> <span class='ocrx_word' id='word_1_276' title='bbox 927 2264 1184 2332; x_wconf 77' lang='grc' dir='ltr'>ἀναιτίως,</span> <span class='ocrx_word' id='word_1_277' title='bbox 1245 2269 1294 2320; x_wconf 81' lang='grc' dir='ltr'>οἱ</span> <span class='ocrx_word' id='word_1_278' title='bbox 1340 2263 1400 2320; x_wconf 74' lang='grc' dir='ltr'><strong>δὲ</strong></span> <span class='ocrx_word' id='word_1_279' title='bbox 1460 2268 1720 2346; x_wconf 79' lang='grc' dir='ltr'>μεθεκτῶς</span> 
     </span>
    </p>
   </div>
   <div class='ocr_carea' id='block_1_41' title="bbox 100 2353 1718 2431">
    <p class='ocr_par' dir='ltr' id='par_1_41' title="bbox 100 2353 1718 2431">
     <span class='ocr_line' id='line_1_41' title="bbox 100 2353 1718 2431; baseline 0.002 -25"><span class='ocrx_word' id='word_1_280' title='bbox 100 2358 199 2406; x_wconf 81' lang='grc' dir='ltr'><strong>καὶ</strong></span> <span class='ocrx_word' id='word_1_281' title='bbox 272 2353 663 2427; x_wconf 79' lang='grc' dir='ltr'>μεταληπτικῶς</span> <span class='ocrx_word' id='word_1_282' title='bbox 743 2361 816 2426; x_wconf 81' lang='grc' dir='ltr'>τῷ</span> <span class='ocrx_word' id='word_1_283' title='bbox 893 2358 1024 2431; x_wconf 83' lang='grc' dir='ltr'>πρὸς</span> <span class='ocrx_word' id='word_1_284' title='bbox 1091 2356 1248 2410; x_wconf 74' lang='grc' dir='ltr'>αὐτὸν</span> <span class='ocrx_word' id='word_1_285' title='bbox 1306 2360 1436 2416; x_wconf 79' lang='grc' dir='ltr'>’τὴν</span> <span class='ocrx_word' id='word_1_286' title='bbox 1535 2356 1718 2410; x_wconf 70' lang='grc' dir='ltr'>οὐσίαν</span> 
     </span>
    </p>
   </div>
   <div class='ocr_carea' id='block_1_42' title="bbox 103 2442 1721 2521">
    <p class='ocr_par' dir='ltr' id='par_1_42' title="bbox 103 2442 1721 2521">
     <span class='ocr_line' id='line_1_42' title="bbox 103 2442 1721 2521; baseline 0.002 -26"><span class='ocrx_word' id='word_1_287' title='bbox 103 2444 410 2517; x_wconf 75' lang='grc' dir='ltr'>ᾠκειῶσθαι</span> <span class='ocrx_word' id='word_1_288' title='bbox 445 2452 540 2505; x_wconf 86' lang='grc' dir='ltr'>τῆς</span> <span class='ocrx_word' id='word_1_289' title='bbox 588 2442 866 2519; x_wconf 75' lang='grc' dir='ltr'>ἁγιότητος</span> <span class='ocrx_word' id='word_1_290' title='bbox 915 2445 1394 2521; x_wconf 83' lang='grc' dir='ltr'>ύπερπληρούμενοι</span> <span class='ocrx_word' id='word_1_291' title='bbox 1447 2449 1536 2499; x_wconf 81' lang='grc' dir='ltr'><strong>καὶ</strong></span> <span class='ocrx_word' id='word_1_292' title='bbox 1593 2444 1721 2518; x_wconf 76' lang='grc' dir='ltr'>ἀγα-</span> 
     </span>
    </p>
   </div>
   <div class='ocr_carea' id='block_1_43' title="bbox 107 2532 1717 2610">
    <p class='ocr_par' dir='ltr' id='par_1_43' title="bbox 107 2532 1717 2610">
     <span class='ocr_line' id='line_1_43' title="bbox 107 2532 1717 2610; baseline 0.002 -24"><span class='ocrx_word' id='word_1_293' title='bbox 107 2534 354 2605; x_wconf 79' lang='grc' dir='ltr'>θότητος,</span> <span class='ocrx_word' id='word_1_294' title='bbox 387 2532 492 2587; x_wconf 82' lang='grc' dir='ltr'>οἷον</span> <span class='ocrx_word' id='word_1_295' title='bbox 519 2535 840 2608; x_wconf 72' lang='grc' dir='ltr'>αὐτόχρημα</span> <span class='ocrx_word' id='word_1_296' title='bbox 895 2537 954 2588; x_wconf 85' lang='grc' dir='ltr'>τὸ</span> <span class='ocrx_word' id='word_1_297' title='bbox 1001 2539 1347 2609; x_wconf 85' lang='grc' dir='ltr'>μετεχόμενον</span> <span class='ocrx_word' id='word_1_298' title='bbox 1404 2536 1717 2610; x_wconf 68' lang='grc' dir='ltr'>πεφύκασιν.</span> 
     </span>
    </p>
   </div>
   <div class='ocr_carea' id='block_1_44' title="bbox 1823 1911 3482 1993">
    <p class='ocr_par' dir='ltr' id='par_1_44' title="bbox 1823 1911 3482 1993">
     <span class='ocr_line' id='line_1_44' title="bbox 1823 1911 3482 1993; baseline 0.006 -24"><span class='ocrx_word' id='word_1_299' title='bbox 1823 1911 2065 1969; x_wconf 82' lang='lat' dir='ltr'><strong>Michael</strong></span> <span class='ocrx_word' id='word_1_300' title='bbox 2097 1918 2155 1969; x_wconf 90' lang='lat' dir='ltr'><strong>et</strong></span> <span class='ocrx_word' id='word_1_301' title='bbox 2180 1915 2430 1972; x_wconf 85' lang='lat' dir='ltr'><strong>Gabriel.</strong></span> <span class='ocrx_word' id='word_1_302' title='bbox 2455 1919 2797 1984; x_wconf 87' lang='lat' dir='ltr'><strong>Potestates,</strong></span> <span class='ocrx_word' id='word_1_303' title='bbox 2829 1935 2954 1976; x_wconf 91' lang='lat' dir='ltr'><strong>non</strong></span> <span class='ocrx_word' id='word_1_304' title='bbox 2996 1920 3314 1993; x_wconf 85' lang='lat' dir='ltr'><strong>qualitates</strong></span> <span class='ocrx_word' id='word_1_305' title='bbox 3371 1921 3482 1979; x_wconf 91' lang='lat' dir='ltr'><strong>im-</strong></span> 
     </span>
    </p>
   </div>
   <div class='ocr_carea' id='block_1_45' title="bbox 1824 2000 3480 2076">
    <p class='ocr_par' dir='ltr' id='par_1_45' title="bbox 1824 2000 3480 2076">
     <span class='ocr_line' id='line_1_45' title="bbox 1824 2000 3480 2076; baseline 0.008 -20"><span class='ocrx_word' id='word_1_306' title='bbox 1824 2000 2116 2076; x_wconf 64' lang='lat' dir='ltr'><strong>perfectae,</strong></span> <span class='ocrx_word' id='word_1_307' title='bbox 2149 2009 2250 2060; x_wconf 91' lang='lat' dir='ltr'><strong>aut</strong></span> <span class='ocrx_word' id='word_1_308' title='bbox 2275 2003 2516 2062; x_wconf 88' lang='lat' dir='ltr'><strong>habitus</strong></span> <span class='ocrx_word' id='word_1_309' title='bbox 2567 2006 2646 2062; x_wconf 90' lang='lat' dir='ltr'><strong>ad</strong></span> <span class='ocrx_word' id='word_1_310' title='bbox 2695 2006 3111 2066; x_wconf 80' lang='lat' dir='ltr'><strong>efﬁcacitatem</strong></span> <span class='ocrx_word' id='word_1_311' title='bbox 3141 2009 3305 2066; x_wconf 90' lang='lat' dir='ltr'><strong>viam</strong></span> <span class='ocrx_word' id='word_1_312' title='bbox 3343 2028 3480 2070; x_wconf 37' lang='lat' dir='ltr'><strong>mus</strong></span> 
     </span>
    </p>
   </div>
   <div class='ocr_carea' id='block_1_46' title="bbox 1825 2091 3480 2174">
    <p class='ocr_par' dir='ltr' id='par_1_46' title="bbox 1825 2091 3480 2174">
     <span class='ocr_line' id='line_1_46' title="bbox 1825 2091 3480 2174; baseline 0.009 -28"><span class='ocrx_word' id='word_1_313' title='bbox 1825 2091 2054 2148; x_wconf 85' lang='lat' dir='ltr'><strong>nientes</strong></span> <span class='ocrx_word' id='word_1_314' title='bbox 2090 2092 2234 2148; x_wconf 87' lang='lat' dir='ltr'><strong>:sed</strong></span> <span class='ocrx_word' id='word_1_315' title='bbox 2260 2091 2574 2152; x_wconf 81' lang='lat' dir='ltr'><strong>facultates</strong></span> <span class='ocrx_word' id='word_1_316' title='bbox 2604 2095 2757 2152; x_wconf 74' lang='lat' dir='ltr'><strong>vivaa</strong></span> <span class='ocrx_word' id='word_1_317' title='bbox 2783 2112 3047 2174; x_wconf 88' lang='lat' dir='ltr'><strong>quarum</strong></span> <span class='ocrx_word' id='word_1_318' title='bbox 3102 2102 3335 2157; x_wconf 60' lang='lat' dir='ltr'><strong>naturas</strong></span> <span class='ocrx_word' id='word_1_319' title='bbox 3382 2116 3480 2161; x_wconf 83' lang='lat' dir='ltr'><strong>ex-</strong></span> 
     </span>
    </p>
   </div>
   <div class='ocr_carea' id='block_1_47' title="bbox 1826 2179 3479 2256">
    <p class='ocr_par' dir='ltr' id='par_1_47' title="bbox 1826 2179 3479 2256">
     <span class='ocr_line' id='line_1_47' title="bbox 1826 2179 3479 2256; baseline 0.006 -20"><span class='ocrx_word' id='word_1_320' title='bbox 1826 2179 2204 2252; x_wconf 86' lang='lat' dir='ltr'><strong>peditissima</strong></span> <span class='ocrx_word' id='word_1_321' title='bbox 2234 2197 2473 2256; x_wconf 88' lang='lat' dir='ltr'><strong>semper</strong></span> <span class='ocrx_word' id='word_1_322' title='bbox 2502 2183 2722 2254; x_wconf 82' lang='lat' dir='ltr'><strong>agendi</strong></span> <span class='ocrx_word' id='word_1_323' title='bbox 2755 2185 2840 2240; x_wconf 90' lang='lat' dir='ltr'><strong>vis</strong></span> <span class='ocrx_word' id='word_1_324' title='bbox 2857 2201 3060 2242; x_wconf 86' lang='lat' dir='ltr'><strong>comes</strong></span> <span class='ocrx_word' id='word_1_325' title='bbox 3095 2186 3362 2247; x_wconf 74' lang='lat' dir='ltr'><strong>adhaeret</strong></span> <span class='ocrx_word' id='word_1_326' title='bbox 3392 2189 3479 2246; x_wconf 90' lang='lat' dir='ltr'><strong>in-</strong></span> 
     </span>
    </p>
   </div>
   <div class='ocr_carea' id='block_1_48' title="bbox 1827 2266 3477 2347">
    <p class='ocr_par' dir='ltr' id='par_1_48' title="bbox 1827 2266 3477 2347">
     <span class='ocr_line' id='line_1_48' title="bbox 1827 2266 3477 2347; baseline 0.009 -25"><span class='ocrx_word' id='word_1_327' title='bbox 1827 2266 2093 2324; x_wconf 89' lang='lat' dir='ltr'><strong>dividua.</strong></span> <span class='ocrx_word' id='word_1_328' title='bbox 2125 2271 2274 2325; x_wconf 89' lang='lat' dir='ltr'><strong>Nam</strong></span> <span class='ocrx_word' id='word_1_329' title='bbox 2303 2269 2364 2325; x_wconf 93' lang='lat' dir='ltr'><strong>in</strong></span> <span class='ocrx_word' id='word_1_330' title='bbox 2395 2271 2718 2328; x_wconf 90' lang='lat' dir='ltr'><strong>materialis</strong></span> <span class='ocrx_word' id='word_1_331' title='bbox 2749 2272 2996 2347; x_wconf 88' lang='lat' dir='ltr'><strong>quidem</strong></span> <span class='ocrx_word' id='word_1_332' title='bbox 3019 2277 3077 2334; x_wconf 88' lang='lat' dir='ltr'><strong>et</strong></span> <span class='ocrx_word' id='word_1_333' title='bbox 3099 2275 3477 2337; x_wconf 86' lang='lat' dir='ltr'><strong>naturalibus</strong></span> 
     </span>
    </p>
   </div>
   <div class='ocr_carea' id='block_1_49' title="bbox 1829 2356 3478 2436">
    <p class='ocr_par' dir='ltr' id='par_1_49' title="bbox 1829 2356 3478 2436">
     <span class='ocr_line' id='line_1_49' title="bbox 1829 2356 3478 2436; baseline 0.008 -25"><span class='ocrx_word' id='word_1_334' title='bbox 1829 2356 2182 2428; x_wconf 88' lang='lat' dir='ltr'><strong>corporibus</strong></span> <span class='ocrx_word' id='word_1_335' title='bbox 2222 2359 2540 2431; x_wconf 87' lang='lat' dir='ltr'><strong>separatim</strong></span> <span class='ocrx_word' id='word_1_336' title='bbox 2563 2366 2790 2417; x_wconf 80' lang='lat' dir='ltr'><strong>naturae</strong></span> <span class='ocrx_word' id='word_1_337' title='bbox 2811 2362 3312 2436; x_wconf 88' lang='lat' dir='ltr'><strong>ratio,separatim</strong></span> <span class='ocrx_word' id='word_1_338' title='bbox 3334 2365 3478 2424; x_wconf 89' lang='lat' dir='ltr'><strong>item</strong></span> 
     </span>
    </p>
   </div>
   <div class='ocr_carea' id='block_1_50' title="bbox 1828 2444 3477 2526">
    <p class='ocr_par' dir='ltr' id='par_1_50' title="bbox 1828 2444 3477 2526">
     <span class='ocr_line' id='line_1_50' title="bbox 1828 2444 3477 2526; baseline 0.007 -26"><span class='ocrx_word' id='word_1_339' title='bbox 1828 2444 2009 2502; x_wconf 89' lang='lat' dir='ltr'><strong>insita</strong></span> <span class='ocrx_word' id='word_1_340' title='bbox 2038 2450 2342 2519; x_wconf 88' lang='lat' dir='ltr'><strong>spectatur</strong></span> <span class='ocrx_word' id='word_1_341' title='bbox 2361 2451 2451 2504; x_wconf 86' lang='lat' dir='ltr'><strong>vis</strong></span> <span class='ocrx_word' id='word_1_342' title='bbox 2484 2465 2497 2505; x_wconf 87' lang='lat'><strong>:</strong></span> <span class='ocrx_word' id='word_1_343' title='bbox 2526 2465 2662 2525; x_wconf 88' lang='lat' dir='ltr'><strong>quae</strong></span> <span class='ocrx_word' id='word_1_344' title='bbox 2708 2449 2994 2508; x_wconf 87' lang='lat' dir='ltr'><strong>habilitas</strong></span> <span class='ocrx_word' id='word_1_345' title='bbox 3047 2456 3133 2508; x_wconf 90' lang='lat' dir='ltr'><strong>est</strong></span> <span class='ocrx_word' id='word_1_346' title='bbox 3189 2453 3477 2526; x_wconf 66' lang='lat' dir='ltr'><strong>quaedam</strong></span> 
     </span>
    </p>
   </div>
   <div class='ocr_carea' id='block_1_51' title="bbox 1831 2533 3477 2616">
    <p class='ocr_par' dir='ltr' id='par_1_51' title="bbox 1831 2533 3477 2616">
     <span class='ocr_line' id='line_1_51' title="bbox 1831 2533 3477 2616; baseline 0.005 -26"><span class='ocrx_word' id='word_1_347' title='bbox 1831 2534 1910 2590; x_wconf 85' lang='lat' dir='ltr'><strong>ad</strong></span> <span class='ocrx_word' id='word_1_348' title='bbox 1934 2533 2107 2591; x_wconf 85' lang='lat' dir='ltr'><strong>facile</strong></span> <span class='ocrx_word' id='word_1_349' title='bbox 2142 2536 2521 2609; x_wconf 88' lang='lat' dir='ltr'><strong>operandum</strong></span> <span class='ocrx_word' id='word_1_350' title='bbox 2552 2538 2869 2606; x_wconf 88' lang='lat' dir='ltr'><strong>instruens,</strong></span> <span class='ocrx_word' id='word_1_351' title='bbox 2893 2543 3017 2596; x_wconf 85' lang='lat' dir='ltr'><strong>tum</strong></span> <span class='ocrx_word' id='word_1_352' title='bbox 3047 2540 3181 2614; x_wconf 89' lang='lat' dir='ltr'><strong>ipsa</strong></span> <span class='ocrx_word' id='word_1_353' title='bbox 3218 2541 3477 2616; x_wconf 90' lang='lat' dir='ltr'><strong>denique</strong></span> 
     </span>
    </p>
   </div>
   <div class='ocr_carea' id='block_1_52' title="bbox 104 2623 3478 2702">
    <p class='ocr_par' dir='ltr' id='par_1_52' title="bbox 104 2623 3478 2702">
     <span class='ocr_line' id='line_1_52' title="bbox 104 2623 3478 2702; baseline 0.002 -24"><span class='ocrx_word' id='word_1_354' title='bbox 104 2623 459 2698; x_wconf 87' lang='lat' dir='ltr'><strong>supervenit</strong></span> <span class='ocrx_word' id='word_1_355' title='bbox 501 2623 780 2696; x_wconf 82' lang='lat' dir='ltr'><strong>expedita</strong></span> <span class='ocrx_word' id='word_1_356' title='bbox 821 2623 1091 2698; x_wconf 84' lang='lat' dir='ltr'><strong>proxime</strong></span> <span class='ocrx_word' id='word_1_357' title='bbox 1146 2624 1418 2690; x_wconf 85' lang='lat' dir='ltr'><strong>facultas,</strong></span> <span class='ocrx_word' id='word_1_358' title='bbox 1478 2624 1986 2698; x_wconf 89' lang='lat' dir='ltr'><strong>complementum</strong></span> <span class='ocrx_word' id='word_1_359' title='bbox 2043 2625 2352 2699; x_wconf 88' lang='lat' dir='ltr'><strong>quoddam</strong></span> <span class='ocrx_word' id='word_1_360' title='bbox 2409 2625 2778 2695; x_wconf 71' lang='lat' dir='ltr'><strong>substantiae,</strong></span> <span class='ocrx_word' id='word_1_361' title='bbox 2810 2643 2996 2702; x_wconf 91' lang='lat' dir='ltr'><strong>quam</strong></span> <span class='ocrx_word' id='word_1_362' title='bbox 3054 2629 3288 2686; x_wconf 90' lang='lat' dir='ltr'><strong>virtutis</strong></span> <span class='ocrx_word' id='word_1_363' title='bbox 3345 2630 3478 2701; x_wconf 90' lang='lat' dir='ltr'><strong>ejus</strong></span> 
     </span>
    </p>
   </div>
   <div class='ocr_carea' id='block_1_53' title="bbox 104 2711 3476 2792">
    <p class='ocr_par' dir='ltr' id='par_1_53' title="bbox 104 2711 3476 2792">
     <span class='ocr_line' id='line_1_53' title="bbox 104 2711 3476 2792; baseline 0.004 -26"><span class='ocrx_word' id='word_1_364' title='bbox 104 2726 251 2785; x_wconf 69' lang='lat' dir='ltr'><strong>quae</strong></span> <span class='ocrx_word' id='word_1_365' title='bbox 278 2712 338 2770; x_wconf 90' lang='lat' dir='ltr'><strong>in</strong></span> <span class='ocrx_word' id='word_1_366' title='bbox 361 2727 422 2768; x_wconf 90' lang='lat' dir='ltr'><strong>se</strong></span> <span class='ocrx_word' id='word_1_367' title='bbox 448 2717 535 2770; x_wconf 91' lang='lat' dir='ltr'><strong>est</strong></span> <span class='ocrx_word' id='word_1_368' title='bbox 559 2711 872 2770; x_wconf 88' lang='lat' dir='ltr'><strong>collatione</strong></span> <span class='ocrx_word' id='word_1_369' title='bbox 905 2713 1154 2786; x_wconf 83' lang='lat' dir='ltr'><strong>perﬁcit.</strong></span> <span class='ocrx_word' id='word_1_370' title='bbox 1187 2712 1365 2770; x_wconf 78' lang='lat' dir='ltr'><strong>Aliter</strong></span> <span class='ocrx_word' id='word_1_371' title='bbox 1395 2729 1574 2787; x_wconf 91' lang='lat' dir='ltr'><strong>porro</strong></span> <span class='ocrx_word' id='word_1_372' title='bbox 1601 2729 1664 2770; x_wconf 93' lang='lat' dir='ltr'><strong>se</strong></span> <span class='ocrx_word' id='word_1_373' title='bbox 1684 2729 1778 2770; x_wconf 90' lang='lat' dir='ltr'><strong>res</strong></span> <span class='ocrx_word' id='word_1_374' title='bbox 1817 2714 2002 2772; x_wconf 87' lang='lat' dir='ltr'><strong>habet</strong></span> <span class='ocrx_word' id='word_1_375' title='bbox 2051 2716 2113 2773; x_wconf 93' lang='lat' dir='ltr'><strong>in</strong></span> <span class='ocrx_word' id='word_1_376' title='bbox 2172 2716 2674 2775; x_wconf 87' lang='lat' dir='ltr'><strong>intellectualibus</strong></span> <span class='ocrx_word' id='word_1_377' title='bbox 2721 2722 2778 2776; x_wconf 92' lang='lat' dir='ltr'><strong>et</strong></span> <span class='ocrx_word' id='word_1_378' title='bbox 2825 2719 3170 2792; x_wconf 87' lang='lat' dir='ltr'><strong>expertibus</strong></span> <span class='ocrx_word' id='word_1_379' title='bbox 3211 2719 3476 2778; x_wconf 69' lang='lat' dir='ltr'><strong>materias</strong></span> 
     </span>
    </p>
   </div>
   <div class='ocr_carea' id='block_1_54' title="bbox 105 2800 3479 2882">
    <p class='ocr_par' dir='ltr' id='par_1_54' title="bbox 105 2800 3479 2882">
     <span class='ocr_line' id='line_1_54' title="bbox 105 2800 3479 2882; baseline 0.002 -24"><span class='ocrx_word' id='word_1_380' title='bbox 105 2800 363 2877; x_wconf 84' lang='lat' dir='ltr'><strong>naturis.</strong></span> <span class='ocrx_word' id='word_1_381' title='bbox 394 2800 622 2872; x_wconf 86' lang='lat' dir='ltr'><strong>Quibus</strong></span> <span class='ocrx_word' id='word_1_382' title='bbox 653 2801 789 2875; x_wconf 88' lang='lat' dir='ltr'><strong>ipsa</strong></span> <span class='ocrx_word' id='word_1_383' title='bbox 819 2818 928 2859; x_wconf 90' lang='lat' dir='ltr'><strong>sua</strong></span> <span class='ocrx_word' id='word_1_384' title='bbox 953 2802 1248 2860; x_wconf 83' lang='lat' dir='ltr'><strong>facultatis</strong></span> <span class='ocrx_word' id='word_1_385' title='bbox 1283 2801 1473 2859; x_wconf 87' lang='lat' dir='ltr'><strong>vicem</strong></span> <span class='ocrx_word' id='word_1_386' title='bbox 1502 2803 1699 2859; x_wconf 89' lang='lat' dir='ltr'><strong>omnis</strong></span> <span class='ocrx_word' id='word_1_387' title='bbox 1721 2803 1837 2859; x_wconf 91' lang='lat' dir='ltr'><strong>sibi</strong></span> <span class='ocrx_word' id='word_1_388' title='bbox 1895 2808 2159 2877; x_wconf 87' lang='lat' dir='ltr'><strong>potestas</strong></span> <span class='ocrx_word' id='word_1_389' title='bbox 2197 2810 2254 2862; x_wconf 90' lang='lat' dir='ltr'><strong>et</strong></span> <span class='ocrx_word' id='word_1_390' title='bbox 2304 2806 2624 2865; x_wconf 82' lang='lat' dir='ltr'><strong>efﬁcacitas</strong></span> <span class='ocrx_word' id='word_1_391' title='bbox 2677 2808 2956 2882; x_wconf 83' lang='lat' dir='ltr'><strong>expedita</strong></span> <span class='ocrx_word' id='word_1_392' title='bbox 3006 2808 3278 2882; x_wconf 85' lang='lat' dir='ltr'><strong>proxime</strong></span> <span class='ocrx_word' id='word_1_393' title='bbox 3330 2809 3479 2866; x_wconf 84' lang='lat' dir='ltr'><strong>sub-</strong></span> 
     </span>
    </p>
   </div>
   <div class='ocr_carea' id='block_1_55' title="bbox 106 2891 3476 2970">
    <p class='ocr_par' dir='ltr' id='par_1_55' title="bbox 106 2891 3476 2970">
     <span class='ocr_line' id='line_1_55' title="bbox 106 2891 3476 2970; baseline 0.002 -22"><span class='ocrx_word' id='word_1_394' title='bbox 106 2891 336 2948; x_wconf 89' lang='lat' dir='ltr'><strong>stantia</strong></span> <span class='ocrx_word' id='word_1_395' title='bbox 364 2906 468 2964; x_wconf 89' lang='lat' dir='ltr'><strong>per</strong></span> <span class='ocrx_word' id='word_1_396' title='bbox 498 2907 559 2948; x_wconf 92' lang='lat' dir='ltr'><strong>se</strong></span> <span class='ocrx_word' id='word_1_397' title='bbox 585 2897 690 2949; x_wconf 87' lang='lat' dir='ltr'><strong>est.</strong></span> <span class='ocrx_word' id='word_1_398' title='bbox 717 2894 820 2948; x_wconf 84' lang='lat' dir='ltr'><strong>Per</strong></span> <span class='ocrx_word' id='word_1_399' title='bbox 853 2892 915 2948; x_wconf 91' lang='lat' dir='ltr'><strong>id</strong></span> <span class='ocrx_word' id='word_1_400' title='bbox 942 2892 1098 2949; x_wconf 89' lang='lat' dir='ltr'><strong>enim</strong></span> <span class='ocrx_word' id='word_1_401' title='bbox 1128 2892 1328 2967; x_wconf 82' lang='lat' dir='ltr'><strong>ipsum</strong></span> <span class='ocrx_word' id='word_1_402' title='bbox 1356 2896 1608 2966; x_wconf 89' lang='lat' dir='ltr'><strong>possunt</strong></span> <span class='ocrx_word' id='word_1_403' title='bbox 1635 2909 1758 2966; x_wconf 92' lang='lat' dir='ltr'><strong>quo</strong></span> <span class='ocrx_word' id='word_1_404' title='bbox 1789 2897 1967 2950; x_wconf 89' lang='lat' dir='ltr'><strong>sunt:</strong></span> <span class='ocrx_word' id='word_1_405' title='bbox 2000 2909 2070 2950; x_wconf 92' lang='lat' dir='ltr'><strong>ac</strong></span> <span class='ocrx_word' id='word_1_406' title='bbox 2115 2894 2277 2952; x_wconf 91' lang='lat' dir='ltr'><strong>velut</strong></span> <span class='ocrx_word' id='word_1_407' title='bbox 2330 2911 2401 2952; x_wconf 84' lang='lat' dir='ltr'><strong>ex</strong></span> <span class='ocrx_word' id='word_1_408' title='bbox 2466 2896 2716 2970; x_wconf 90' lang='lat' dir='ltr'><strong>perenni</strong></span> <span class='ocrx_word' id='word_1_409' title='bbox 2778 2897 2941 2954; x_wconf 88' lang='lat' dir='ltr'><strong>fonte</strong></span> <span class='ocrx_word' id='word_1_410' title='bbox 2989 2902 3277 2954; x_wconf 63' lang='lat' dir='ltr'><strong>aeternam</strong></span> <span class='ocrx_word' id='word_1_411' title='bbox 3335 2898 3476 2958; x_wconf 89' lang='lat' dir='ltr'><strong>inde</strong></span> 
     </span>
    </p>
   </div>
   <div class='ocr_carea' id='block_1_56' title="bbox 102 2979 3476 3058">
    <p class='ocr_par' dir='ltr' id='par_1_56' title="bbox 102 2979 3476 3058">
     <span class='ocr_line' id='line_1_56' title="bbox 102 2979 3476 3058; baseline 0.002 -21"><span class='ocrx_word' id='word_1_412' title='bbox 102 2979 374 3037; x_wconf 90' lang='lat' dir='ltr'><strong>fundunt</strong></span> <span class='ocrx_word' id='word_1_413' title='bbox 403 2979 753 3037; x_wconf 80' lang='lat' dir='ltr'><strong>efﬂeacitem</strong></span> <span class='ocrx_word' id='word_1_414' title='bbox 787 2997 799 3048; x_wconf 91' lang='lat'><strong>;</strong></span> <span class='ocrx_word' id='word_1_415' title='bbox 829 2997 1038 3038; x_wconf 89' lang='lat' dir='ltr'><strong>eorum</strong></span> <span class='ocrx_word' id='word_1_416' title='bbox 1061 2985 1126 3038; x_wconf 90' lang='lat' dir='ltr'><strong>ut</strong></span> <span class='ocrx_word' id='word_1_417' title='bbox 1149 2983 1347 3038; x_wconf 89' lang='lat' dir='ltr'><strong>omnis</strong></span> <span class='ocrx_word' id='word_1_418' title='bbox 1375 2981 1578 3054; x_wconf 88' lang='lat' dir='ltr'><strong>(longe</strong></span> <span class='ocrx_word' id='word_1_419' title='bbox 1603 2981 1890 3038; x_wconf 89' lang='lat' dir='ltr'><strong>nimirum</strong></span> <span class='ocrx_word' id='word_1_420' title='bbox 1918 2999 2104 3056; x_wconf 90' lang='lat' dir='ltr'><strong>supra</strong></span> <span class='ocrx_word' id='word_1_421' title='bbox 2130 2999 2450 3040; x_wconf 89' lang='lat' dir='ltr'><strong>causarum</strong></span> <span class='ocrx_word' id='word_1_422' title='bbox 2483 2985 2831 3043; x_wconf 84' lang='lat' dir='ltr'><strong>inﬁmarum</strong></span> <span class='ocrx_word' id='word_1_423' title='bbox 2878 3001 3136 3058; x_wconf 83' lang='lat' dir='ltr'><strong>egenam</strong></span> <span class='ocrx_word' id='word_1_424' title='bbox 3194 2991 3251 3042; x_wconf 89' lang='lat' dir='ltr'><strong>et</strong></span> <span class='ocrx_word' id='word_1_425' title='bbox 3304 2986 3476 3045; x_wconf 87' lang='lat' dir='ltr'><strong>defa-</strong></span> 
     </span>
    </p>
   </div>
   <div class='ocr_carea' id='block_1_57' title="bbox 103 3068 3475 3148">
    <p class='ocr_par' dir='ltr' id='par_1_57' title="bbox 103 3068 3475 3148">
     <span class='ocr_line' id='line_1_57' title="bbox 103 3068 3475 3148; baseline 0.002 -22"><span class='ocrx_word' id='word_1_426' title='bbox 103 3069 384 3142; x_wconf 89' lang='lat' dir='ltr'><strong>tigationi</strong></span> <span class='ocrx_word' id='word_1_427' title='bbox 411 3068 730 3126; x_wconf 88' lang='lat' dir='ltr'><strong>ﬁnitimam</strong></span> <span class='ocrx_word' id='word_1_428' title='bbox 759 3069 976 3140; x_wconf 84' lang='lat' dir='ltr'><strong>agendi</strong></span> <span class='ocrx_word' id='word_1_429' title='bbox 1004 3071 1323 3142; x_wconf 88' lang='lat' dir='ltr'><strong>rationem)</strong></span> <span class='ocrx_word' id='word_1_430' title='bbox 1345 3086 1420 3128; x_wconf 81' lang='lat' dir='ltr'><strong>ex</strong></span> <span class='ocrx_word' id='word_1_431' title='bbox 1439 3069 1738 3128; x_wconf 86' lang='lat' dir='ltr'><strong>facultatis</strong></span> <span class='ocrx_word' id='word_1_432' title='bbox 1774 3071 2149 3128; x_wconf 87' lang='lat' dir='ltr'><strong>abundantia</strong></span> <span class='ocrx_word' id='word_1_433' title='bbox 2198 3088 2438 3147; x_wconf 87' lang='lat' dir='ltr'><strong>semper</strong></span> <span class='ocrx_word' id='word_1_434' title='bbox 2493 3073 2787 3131; x_wconf 89' lang='lat' dir='ltr'><strong>redundet</strong></span> <span class='ocrx_word' id='word_1_435' title='bbox 2834 3075 3123 3148; x_wconf 90' lang='lat' dir='ltr'><strong>operatio.</strong></span> <span class='ocrx_word' id='word_1_436' title='bbox 3175 3077 3294 3131; x_wconf 91' lang='lat' dir='ltr'><strong>Deo</strong></span> <span class='ocrx_word' id='word_1_437' title='bbox 3344 3076 3475 3148; x_wconf 89' lang='lat' dir='ltr'><strong>jam</strong></span> 
     </span>
    </p>
   </div>
   <div class='ocr_carea' id='block_1_58' title="bbox 104 3157 3476 3240">
    <p class='ocr_par' dir='ltr' id='par_1_58' title="bbox 104 3157 3476 3240">
     <span class='ocr_line' id='line_1_58' title="bbox 104 3157 3476 3240; baseline 0.002 -25"><span class='ocrx_word' id='word_1_438' title='bbox 104 3159 334 3230; x_wconf 89' lang='lat' dir='ltr'><strong>dignus</strong></span> <span class='ocrx_word' id='word_1_439' title='bbox 365 3157 660 3216; x_wconf 79' lang='lat' dir='ltr'><strong>efﬁciendi</strong></span> <span class='ocrx_word' id='word_1_440' title='bbox 690 3160 928 3232; x_wconf 87' lang='lat' dir='ltr'><strong>modus,</strong></span> <span class='ocrx_word' id='word_1_441' title='bbox 959 3175 1082 3234; x_wconf 90' lang='lat' dir='ltr'><strong>quo</strong></span> <span class='ocrx_word' id='word_1_442' title='bbox 1113 3159 1399 3217; x_wconf 88' lang='lat' dir='ltr'><strong>nimirum</strong></span> <span class='ocrx_word' id='word_1_443' title='bbox 1425 3159 1504 3217; x_wconf 91' lang='lat' dir='ltr'><strong>ab</strong></span> <span class='ocrx_word' id='word_1_444' title='bbox 1535 3175 1656 3215; x_wconf 91' lang='lat' dir='ltr'><strong>uno</strong></span> <span class='ocrx_word' id='word_1_445' title='bbox 1686 3159 1801 3218; x_wconf 90' lang='lat' dir='ltr'><strong>hac</strong></span> <span class='ocrx_word' id='word_1_446' title='bbox 1831 3160 1913 3217; x_wconf 91' lang='lat' dir='ltr'><strong>illi</strong></span> <span class='ocrx_word' id='word_1_447' title='bbox 1933 3162 2098 3218; x_wconf 92' lang='lat' dir='ltr'><strong>omni</strong></span> <span class='ocrx_word' id='word_1_448' title='bbox 2120 3162 2203 3220; x_wconf 91' lang='lat' dir='ltr'><strong>ita</strong></span> <span class='ocrx_word' id='word_1_449' title='bbox 2227 3168 2509 3236; x_wconf 89' lang='lat' dir='ltr'><strong>prompta</strong></span> <span class='ocrx_word' id='word_1_450' title='bbox 2535 3167 2714 3237; x_wconf 87' lang='lat' dir='ltr'><strong>atque</strong></span> <span class='ocrx_word' id='word_1_451' title='bbox 2743 3162 2900 3220; x_wconf 88' lang='lat' dir='ltr'><strong>facili</strong></span> <span class='ocrx_word' id='word_1_452' title='bbox 2948 3167 3085 3220; x_wconf 91' lang='lat' dir='ltr'><strong>sunt</strong></span> <span class='ocrx_word' id='word_1_453' title='bbox 3134 3166 3327 3223; x_wconf 91' lang='lat' dir='ltr'><strong>ornati</strong></span> <span class='ocrx_word' id='word_1_454' title='bbox 3377 3181 3476 3240; x_wconf 83' lang='lat' dir='ltr'><strong>pe-</strong></span> 
     </span>
    </p>
   </div>
   <div class='ocr_carea' id='block_1_59' title="bbox 105 3248 3476 3326">
    <p class='ocr_par' dir='ltr' id='par_1_59' title="bbox 105 3248 3476 3326">
     <span class='ocr_line' id='line_1_59' title="bbox 105 3248 3476 3326; baseline 0.002 -20"><span class='ocrx_word' id='word_1_455' title='bbox 105 3251 350 3306; x_wconf 86' lang='lat' dir='ltr'><strong>testate.</strong></span> <span class='ocrx_word' id='word_1_456' title='bbox 378 3248 486 3316; x_wconf 85' lang='lat' dir='ltr'><strong>Qui</strong></span> <span class='ocrx_word' id='word_1_457' title='bbox 506 3249 644 3306; x_wconf 82' lang='lat' dir='ltr'><strong>item</strong></span> <span class='ocrx_word' id='word_1_458' title='bbox 678 3264 817 3306; x_wconf 88' lang='lat' dir='ltr'><strong>vere</strong></span> <span class='ocrx_word' id='word_1_459' title='bbox 849 3254 1091 3306; x_wconf 89' lang='lat' dir='ltr'><strong>sanctus</strong></span> <span class='ocrx_word' id='word_1_460' title='bbox 1130 3254 1186 3306; x_wconf 93' lang='lat' dir='ltr'><strong>et</strong></span> <span class='ocrx_word' id='word_1_461' title='bbox 1206 3249 1370 3306; x_wconf 89' lang='lat' dir='ltr'><strong>solus</strong></span> <span class='ocrx_word' id='word_1_462' title='bbox 1398 3249 1598 3306; x_wconf 89' lang='lat' dir='ltr'><strong>bonus</strong></span> <span class='ocrx_word' id='word_1_463' title='bbox 1629 3253 1848 3307; x_wconf 90' lang='lat' dir='ltr'><strong>natura</strong></span> <span class='ocrx_word' id='word_1_464' title='bbox 1877 3266 2008 3307; x_wconf 85' lang='lat' dir='ltr'><strong>vere</strong></span> <span class='ocrx_word' id='word_1_465' title='bbox 2030 3251 2262 3308; x_wconf 91' lang='lat' dir='ltr'><strong>dicitur.</strong></span> <span class='ocrx_word' id='word_1_466' title='bbox 2295 3253 2526 3326; x_wconf 88' lang='lat' dir='ltr'><strong>Quippe</strong></span> <span class='ocrx_word' id='word_1_467' title='bbox 2549 3253 2876 3310; x_wconf 88' lang='lat' dir='ltr'><strong>sanctitatis</strong></span> <span class='ocrx_word' id='word_1_468' title='bbox 2891 3258 2949 3310; x_wconf 90' lang='lat' dir='ltr'><strong>et</strong></span> <span class='ocrx_word' id='word_1_469' title='bbox 2979 3253 3261 3312; x_wconf 85' lang='lat' dir='ltr'><strong>bonitatis</strong></span> <span class='ocrx_word' id='word_1_470' title='bbox 3286 3256 3476 3312; x_wconf 89' lang='lat' dir='ltr'><strong>omnis</strong></span> 
     </span>
    </p>
   </div>
   <div class='ocr_carea' id='block_1_60' title="bbox 107 3337 3472 3417">
    <p class='ocr_par' dir='ltr' id='par_1_60' title="bbox 107 3337 3472 3417">
     <span class='ocr_line' id='line_1_60' title="bbox 107 3337 3472 3417; baseline 0.002 -21"><span class='ocrx_word' id='word_1_471' title='bbox 107 3339 248 3396; x_wconf 81' lang='lat' dir='ltr'><strong>fons</strong></span> <span class='ocrx_word' id='word_1_472' title='bbox 273 3337 435 3395; x_wconf 91' lang='lat' dir='ltr'><strong>idem</strong></span> <span class='ocrx_word' id='word_1_473' title='bbox 469 3342 527 3395; x_wconf 89' lang='lat' dir='ltr'><strong>et</strong></span> <span class='ocrx_word' id='word_1_474' title='bbox 551 3338 722 3396; x_wconf 81' lang='lat' dir='ltr'><strong>radix</strong></span> <span class='ocrx_word' id='word_1_475' title='bbox 751 3343 859 3397; x_wconf 89' lang='lat' dir='ltr'><strong>est.</strong></span> <span class='ocrx_word' id='word_1_476' title='bbox 894 3339 1090 3396; x_wconf 91' lang='lat' dir='ltr'><strong>Sancti</strong></span> <span class='ocrx_word' id='word_1_477' title='bbox 1119 3355 1363 3412; x_wconf 90' lang='lat' dir='ltr'><strong>quoque</strong></span> <span class='ocrx_word' id='word_1_478' title='bbox 1387 3338 1576 3396; x_wconf 89' lang='lat' dir='ltr'><strong>nostri</strong></span> <span class='ocrx_word' id='word_1_479' title='bbox 1603 3338 1699 3396; x_wconf 91' lang='lat' dir='ltr'><strong>isti</strong></span> <span class='ocrx_word' id='word_1_480' title='bbox 1729 3338 1902 3397; x_wconf 90' lang='lat' dir='ltr'><strong>simul</strong></span> <span class='ocrx_word' id='word_1_481' title='bbox 1939 3343 1996 3397; x_wconf 92' lang='lat' dir='ltr'><strong>et</strong></span> <span class='ocrx_word' id='word_1_482' title='bbox 2028 3340 2192 3398; x_wconf 93' lang='lat' dir='ltr'><strong>boni.</strong></span> <span class='ocrx_word' id='word_1_483' title='bbox 2238 3344 2311 3398; x_wconf 83' lang='lat' dir='ltr'><strong>At</strong></span> <span class='ocrx_word' id='word_1_484' title='bbox 2365 3341 2461 3398; x_wconf 90' lang='lat' dir='ltr'><strong>ille</strong></span> <span class='ocrx_word' id='word_1_485' title='bbox 2511 3341 2760 3416; x_wconf 87' lang='lat' dir='ltr'><strong>propria</strong></span> <span class='ocrx_word' id='word_1_486' title='bbox 2815 3342 3085 3417; x_wconf 90' lang='lat' dir='ltr'><strong>nullique</strong></span> <span class='ocrx_word' id='word_1_487' title='bbox 3145 3359 3346 3401; x_wconf 59' lang='lat' dir='ltr'><strong>causa:</strong></span> <span class='ocrx_word' id='word_1_488' title='bbox 3373 3343 3472 3402; x_wconf 86' lang='lat' dir='ltr'><strong>de-</strong></span> 
     </span>
    </p>
   </div>
   <div class='ocr_carea' id='block_1_61' title="bbox 109 3426 3476 3505">
    <p class='ocr_par' dir='ltr' id='par_1_61' title="bbox 109 3426 3476 3505">
     <span class='ocr_line' id='line_1_61' title="bbox 109 3426 3476 3505; baseline 0.002 -21"><span class='ocrx_word' id='word_1_489' title='bbox 109 3427 284 3485; x_wconf 84' lang='lat' dir='ltr'><strong>bitu:</strong></span> <span class='ocrx_word' id='word_1_490' title='bbox 319 3427 414 3484; x_wconf 88' lang='lat' dir='ltr'><strong>isti</strong></span> <span class='ocrx_word' id='word_1_491' title='bbox 436 3426 656 3484; x_wconf 90' lang='lat' dir='ltr'><strong>aluude</strong></span> <span class='ocrx_word' id='word_1_492' title='bbox 686 3426 869 3487; x_wconf 87' lang='lat' dir='ltr'><strong>ducta</strong></span> <span class='ocrx_word' id='word_1_493' title='bbox 899 3432 956 3485; x_wconf 91' lang='lat' dir='ltr'><strong>et</strong></span> <span class='ocrx_word' id='word_1_494' title='bbox 983 3428 1343 3501; x_wconf 87' lang='lat' dir='ltr'><strong>participata</strong></span> <span class='ocrx_word' id='word_1_495' title='bbox 1367 3428 1654 3498; x_wconf 88' lang='lat' dir='ltr'><strong>bonitate,</strong></span> <span class='ocrx_word' id='word_1_496' title='bbox 1693 3429 1867 3500; x_wconf 89' lang='lat' dir='ltr'><strong>cujus</strong></span> <span class='ocrx_word' id='word_1_497' title='bbox 1911 3429 2257 3487; x_wconf 59' lang='lat' dir='ltr'><strong>haurienda;</strong></span> <span class='ocrx_word' id='word_1_498' title='bbox 2319 3431 2621 3505; x_wconf 91' lang='lat' dir='ltr'><strong>copiosius</strong></span> <span class='ocrx_word' id='word_1_499' title='bbox 2667 3447 2777 3488; x_wconf 89' lang='lat' dir='ltr'><strong>sua</strong></span> <span class='ocrx_word' id='word_1_500' title='bbox 2822 3431 3112 3491; x_wconf 89' lang='lat' dir='ltr'><strong>naturalis</strong></span> <span class='ocrx_word' id='word_1_501' title='bbox 3151 3448 3290 3489; x_wconf 90' lang='lat' dir='ltr'><strong>cum</strong></span> <span class='ocrx_word' id='word_1_502' title='bbox 3345 3434 3476 3505; x_wconf 89' lang='lat' dir='ltr'><strong>ejus</strong></span> 
     </span>
    </p>
   </div>
   <div class='ocr_carea' id='block_1_62' title="bbox 111 3516 3464 3594">
    <p class='ocr_par' dir='ltr' id='par_1_62' title="bbox 111 3516 3464 3594">
     <span class='ocr_line' id='line_1_62' title="bbox 111 3516 3464 3594; baseline 0.002 -20"><span class='ocrx_word' id='word_1_503' title='bbox 111 3517 280 3574; x_wconf 84' lang='lat' dir='ltr'><strong>fonte</strong></span> <span class='ocrx_word' id='word_1_504' title='bbox 309 3519 426 3573; x_wconf 90' lang='lat' dir='ltr'><strong>Deo</strong></span> <span class='ocrx_word' id='word_1_505' title='bbox 456 3516 876 3590; x_wconf 85' lang='lat' dir='ltr'><strong>propinquitas</strong></span> <span class='ocrx_word' id='word_1_506' title='bbox 905 3533 1196 3589; x_wconf 88' lang='lat' dir='ltr'><strong>magnam</strong></span> <span class='ocrx_word' id='word_1_507' title='bbox 1227 3517 1376 3591; x_wconf 90' lang='lat' dir='ltr'><strong>ipsis</strong></span> <span class='ocrx_word' id='word_1_508' title='bbox 1408 3518 1922 3592; x_wconf 86' lang='lat' dir='ltr'><strong>opportunitatem</strong></span> <span class='ocrx_word' id='word_1_509' title='bbox 1952 3519 2226 3594; x_wconf 68' lang='lat' dir='ltr'><strong>praebuit,</strong></span> <span class='ocrx_word' id='word_1_510' title='bbox 2261 3525 2326 3578; x_wconf 92' lang='lat' dir='ltr'><strong>ut</strong></span> <span class='ocrx_word' id='word_1_511' title='bbox 2350 3536 2471 3578; x_wconf 92' lang='lat' dir='ltr'><strong>non</strong></span> <span class='ocrx_word' id='word_1_512' title='bbox 2498 3521 2626 3594; x_wconf 89' lang='lat' dir='ltr'><strong>jam</strong></span> <span class='ocrx_word' id='word_1_513' title='bbox 2649 3521 2709 3578; x_wconf 92' lang='lat' dir='ltr'><strong>in</strong></span> <span class='ocrx_word' id='word_1_514' title='bbox 2740 3520 2853 3579; x_wconf 87' lang='lat' dir='ltr'><strong>illis</strong></span> <span class='ocrx_word' id='word_1_515' title='bbox 2894 3523 3340 3583; x_wconf 82' lang='lat' dir='ltr'><strong>communicata</strong></span> <span class='ocrx_word' id='word_1_516' title='bbox 3358 3522 3464 3582; x_wconf 85' lang='lat' dir='ltr'><strong>bo-</strong></span> 
     </span>
    </p>
   </div>
   <div class='ocr_carea' id='block_1_63' title="bbox 112 3605 1466 3680">
    <p class='ocr_par' dir='ltr' id='par_1_63' title="bbox 112 3605 1466 3680">
     <span class='ocr_line' id='line_1_63' title="bbox 112 3605 1466 3680; baseline 0 -16"><span class='ocrx_word' id='word_1_517' title='bbox 112 3607 298 3678; x_wconf 85' lang='lat' dir='ltr'><strong>nitas,</strong></span> <span class='ocrx_word' id='word_1_518' title='bbox 332 3606 437 3662; x_wconf 89' lang='lat' dir='ltr'><strong>sed</strong></span> <span class='ocrx_word' id='word_1_519' title='bbox 459 3606 590 3680; x_wconf 89' lang='lat' dir='ltr'><strong>ipsa</strong></span> <span class='ocrx_word' id='word_1_520' title='bbox 611 3605 764 3663; x_wconf 90' lang='lat' dir='ltr'><strong>adeo</strong></span> <span class='ocrx_word' id='word_1_521' title='bbox 788 3606 1147 3680; x_wconf 86' lang='lat' dir='ltr'><strong>primigenia</strong></span> <span class='ocrx_word' id='word_1_522' title='bbox 1171 3611 1466 3664; x_wconf 88' lang='lat' dir='ltr'><strong>cernatur.</strong></span> 
     </span>
    </p>
   </div>
   <div class='ocr_carea' id='block_1_64' title="bbox 187 3691 1719 3776">
    <p class='ocr_par' dir='ltr' id='par_1_64' title="bbox 187 3691 1717 3770">
     <span class='ocr_line' id='line_1_64' title="bbox 187 3691 1717 3770; baseline -0.003 -18"><span class='ocrx_word' id='word_1_523' title='bbox 187 3693 308 3752; x_wconf 79' lang='grc' dir='ltr'><strong>Ἒτι</strong></span> <span class='ocrx_word' id='word_1_524' title='bbox 341 3700 498 3770; x_wconf 73' lang='grc' dir='ltr'>σοφία</span> <span class='ocrx_word' id='word_1_525' title='bbox 525 3700 655 3770; x_wconf 88' lang='grc' dir='ltr'>πρὸς</span> <span class='ocrx_word' id='word_1_526' title='bbox 704 3699 907 3760; x_wconf 84' lang='grc' dir='ltr'>τούτοις</span> <span class='ocrx_word' id='word_1_527' title='bbox 956 3701 1047 3750; x_wconf 78' lang='grc' dir='ltr'><strong>καὶ</strong></span> <span class='ocrx_word' id='word_1_528' title='bbox 1107 3694 1346 3766; x_wconf 73' lang='grc' dir='ltr'>ἀλήθεια,</span> <span class='ocrx_word' id='word_1_529' title='bbox 1403 3691 1717 3755; x_wconf 77' lang='grc' dir='ltr'>δικαισύονη</span> 
     </span>
    </p>
   </div>
   <div class='ocr_carea' id='block_1_65' title="bbox 1831 3691 3474 3776">
    <p class='ocr_par' dir='ltr' id='par_1_65' title="bbox 1902 3697 3474 3776">
     <span class='ocr_line' id='line_1_65' title="bbox 1902 3697 3474 3776; baseline 0.005 -22"><span class='ocrx_word' id='word_1_530' title='bbox 1902 3697 1985 3754; x_wconf 82' lang='lat' dir='ltr'><strong>Ad</strong></span> <span class='ocrx_word' id='word_1_531' title='bbox 2009 3699 2140 3756; x_wconf 69' lang='lat' dir='ltr'><strong>haec</strong></span> <span class='ocrx_word' id='word_1_532' title='bbox 2166 3699 2228 3756; x_wconf 93' lang='lat' dir='ltr'><strong>in</strong></span> <span class='ocrx_word' id='word_1_533' title='bbox 2250 3699 2468 3756; x_wconf 88' lang='lat' dir='ltr'><strong>divinis</strong></span> <span class='ocrx_word' id='word_1_534' title='bbox 2519 3704 2810 3774; x_wconf 69' lang='lat' dir='ltr'><strong>praeterea</strong></span> <span class='ocrx_word' id='word_1_535' title='bbox 2848 3701 3107 3760; x_wconf 87' lang='lat' dir='ltr'><strong>oraculis</strong></span> <span class='ocrx_word' id='word_1_536' title='bbox 3157 3702 3474 3776; x_wconf 85' lang='lat' dir='ltr'><strong>sapientia,</strong></span> 
     </span>
    </p>
   </div>
   <div class='ocr_carea' id='block_1_66' title="bbox 112 3784 1722 3860">
    <p class='ocr_par' dir='ltr' id='par_1_66' title="bbox 112 3784 1722 3860">
     <span class='ocr_line' id='line_1_66' title="bbox 112 3784 1722 3860; baseline -0.001 -22"><span class='ocrx_word' id='word_1_537' title='bbox 112 3788 208 3838; x_wconf 80' lang='grc' dir='ltr'><strong>καὶ</strong></span> <span class='ocrx_word' id='word_1_538' title='bbox 255 3788 491 3860; x_wconf 85' lang='grc' dir='ltr'>σωτηρία</span> <span class='ocrx_word' id='word_1_539' title='bbox 539 3789 630 3837; x_wconf 82' lang='grc' dir='ltr'>καὶ</span> <span class='ocrx_word' id='word_1_540' title='bbox 677 3787 744 3837; x_wconf 80' lang='grc' dir='ltr'>τὰ</span> <span class='ocrx_word' id='word_1_541' title='bbox 793 3784 1141 3858; x_wconf 80' lang='grc' dir='ltr'>παραπλήσια</span> <span class='ocrx_word' id='word_1_542' title='bbox 1181 3803 1311 3860; x_wconf 88' lang='grc' dir='ltr'>προς</span> <span class='ocrx_word' id='word_1_543' title='bbox 1365 3791 1464 3836; x_wconf 89' lang='grc' dir='ltr'><strong>τῶν</strong></span> <span class='ocrx_word' id='word_1_544' title='bbox 1538 3785 1722 3837; x_wconf 81' lang='grc' dir='ltr'>θεοσό-</span> 
     </span>
    </p>
   </div>
   <div class='ocr_carea' id='block_1_67' title="bbox 115 3868 1722 3950">
    <p class='ocr_par' dir='ltr' id='par_1_67' title="bbox 115 3868 1722 3950">
     <span class='ocr_line' id='line_1_67' title="bbox 115 3868 1722 3950; baseline 0.002 -27"><span class='ocrx_word' id='word_1_545' title='bbox 115 3893 222 3946; x_wconf 75' lang='grc' dir='ltr'>φων</span> <span class='ocrx_word' id='word_1_546' title='bbox 251 3872 436 3946; x_wconf 75' lang='grc' dir='ltr'>λογίων</span> <span class='ocrx_word' id='word_1_547' title='bbox 461 3875 490 3932; x_wconf 84' lang='grc' dir='ltr'>ἡ</span> <span class='ocrx_word' id='word_1_548' title='bbox 527 3876 754 3949; x_wconf 81' lang='grc' dir='ltr'>Θεαρχία</span> <span class='ocrx_word' id='word_1_549' title='bbox 783 3876 1216 3950; x_wconf 82' lang='grc' dir='ltr'>προυηγόρευται.</span> <span class='ocrx_word' id='word_1_550' title='bbox 1273 3876 1338 3927; x_wconf 89' lang='grc' dir='ltr'><strong>Τί</strong></span> <span class='ocrx_word' id='word_1_551' title='bbox 1385 3868 1444 3926; x_wconf 72' lang='grc' dir='ltr'><strong>δε</strong></span> <span class='ocrx_word' id='word_1_552' title='bbox 1497 3872 1722 3945; x_wconf 74' lang='grc' dir='ltr'>Μιχαὴλ</span> 
     </span>
    </p>
   </div>
   <div class='ocr_carea' id='block_1_68' title="bbox 113 3961 1719 4038">
    <p class='ocr_par' dir='ltr' id='par_1_68' title="bbox 113 3961 1719 4038">
     <span class='ocr_line' id='line_1_68' title="bbox 113 3961 1719 4038; baseline 0 -24"><span class='ocrx_word' id='word_1_553' title='bbox 113 3961 447 4038; x_wconf 77' lang='grc' dir='ltr'>καὶΓαϐριήλ</span> <span class='ocrx_word' id='word_1_554' title='bbox 479 3962 573 4030; x_wconf 77' lang='grc' dir='ltr'>;ού</span> <span class='ocrx_word' id='word_1_555' title='bbox 604 3969 754 4036; x_wconf 77' lang='grc' dir='ltr'>σοφοὶ</span> <span class='ocrx_word' id='word_1_556' title='bbox 780 3965 847 4016; x_wconf 81' lang='grc' dir='ltr'>τὰ</span> <span class='ocrx_word' id='word_1_557' title='bbox 877 3965 990 4017; x_wconf 86' lang='grc' dir='ltr'>θεῖα</span> <span class='ocrx_word' id='word_1_558' title='bbox 1018 3983 1033 4031; x_wconf 87' lang='lat'><strong>;</strong></span> <span class='ocrx_word' id='word_1_559' title='bbox 1097 3966 1189 4016; x_wconf 81' lang='grc' dir='ltr'>καὶ</span> <span class='ocrx_word' id='word_1_560' title='bbox 1228 3971 1321 4024; x_wconf 84' lang='grc' dir='ltr'>τῆς</span> <span class='ocrx_word' id='word_1_561' title='bbox 1374 3965 1560 4033; x_wconf 74' lang='grc' dir='ltr'>σοφίας</span> <span class='ocrx_word' id='word_1_562' title='bbox 1623 3969 1719 4025; x_wconf 84' lang='grc' dir='ltr'>τῆς</span> 
     </span>
    </p>
   </div>
   <div class='ocr_carea' id='block_1_69' title="bbox 113 4048 1724 4128">
    <p class='ocr_par' dir='ltr' id='par_1_69' title="bbox 113 4048 1724 4128">
     <span class='ocr_line' id='line_1_69' title="bbox 113 4048 1724 4128; baseline 0 -24"><span class='ocrx_word' id='word_1_563' title='bbox 113 4053 307 4105; x_wconf 79' lang='grc' dir='ltr'>ἄνωθεν</span> <span class='ocrx_word' id='word_1_564' title='bbox 354 4059 464 4114; x_wconf 88' lang='grc' dir='ltr'>τοῖς</span> <span class='ocrx_word' id='word_1_565' title='bbox 516 4051 683 4116; x_wconf 79' lang='grc' dir='ltr'>ἀξίοις</span> <span class='ocrx_word' id='word_1_566' title='bbox 736 4049 1152 4128; x_wconf 80' lang='grc' dir='ltr'>ὃιαπορθμευταί</span> <span class='ocrx_word' id='word_1_567' title='bbox 1224 4069 1238 4120; x_wconf 85' lang='grc'>;</span> <span class='ocrx_word' id='word_1_568' title='bbox 1321 4050 1431 4104; x_wconf 81' lang='grc' dir='ltr'><strong>Ούκ</strong></span> <span class='ocrx_word' id='word_1_569' title='bbox 1512 4048 1724 4112; x_wconf 76' lang='grc' dir='ltr'>ἀληθεῖς</span> 
     </span>
    </p>
   </div>
   <div class='ocr_carea' id='block_1_70' title="bbox 116 4135 1723 4217">
    <p class='ocr_par' dir='ltr' id='par_1_70' title="bbox 116 4135 1723 4217">
     <span class='ocr_line' id='line_1_70' title="bbox 116 4135 1723 4217; baseline 0.001 -24"><span class='ocrx_word' id='word_1_570' title='bbox 116 4141 265 4194; x_wconf 71' lang='grc' dir='ltr'>αὐτοὶ</span> <span class='ocrx_word' id='word_1_571' title='bbox 311 4145 401 4194; x_wconf 84' lang='grc' dir='ltr'><strong>καὶ</strong></span> <span class='ocrx_word' id='word_1_572' title='bbox 450 4137 651 4195; x_wconf 72' lang='grc' dir='ltr'>δίκαιοι</span> <span class='ocrx_word' id='word_1_573' title='bbox 701 4144 843 4217; x_wconf 84' lang='grc' dir='ltr'>ποιρὰ</span> <span class='ocrx_word' id='word_1_574' title='bbox 897 4148 1012 4195; x_wconf 85' lang='grc' dir='ltr'>Θεῶ</span> <span class='ocrx_word' id='word_1_575' title='bbox 1096 4158 1109 4209; x_wconf 89' lang='lat'><strong>;</strong></span> <span class='ocrx_word' id='word_1_576' title='bbox 1191 4139 1438 4202; x_wconf 78' lang='grc' dir='ltr'>ἀληθείας</span> <span class='ocrx_word' id='word_1_577' title='bbox 1507 4135 1565 4193; x_wconf 72' lang='grc' dir='ltr'>δε</span> <span class='ocrx_word' id='word_1_578' title='bbox 1632 4143 1723 4194; x_wconf 79' lang='grc' dir='ltr'><strong>καὶ</strong></span> 
     </span>
    </p>
   </div>
   <div class='ocr_carea' id='block_1_71' title="bbox 116 4227 1721 4306">
    <p class='ocr_par' dir='ltr' id='par_1_71' title="bbox 116 4227 1721 4306">
     <span class='ocr_line' id='line_1_71' title="bbox 116 4227 1721 4306; baseline -0.002 -21"><span class='ocrx_word' id='word_1_579' title='bbox 116 4227 462 4294; x_wconf 78' lang='grc' dir='ltr'>δικαιοσύνης</span> <span class='ocrx_word' id='word_1_580' title='bbox 506 4232 632 4304; x_wconf 77' lang='grc' dir='ltr'>ἡμῖν</span> <span class='ocrx_word' id='word_1_581' title='bbox 683 4228 973 4306; x_wconf 79' lang='grc' dir='ltr'>βραϐεῦταί</span> <span class='ocrx_word' id='word_1_582' title='bbox 1036 4245 1050 4297; x_wconf 87' lang='grc'><strong>;</strong></span> <span class='ocrx_word' id='word_1_583' title='bbox 1116 4229 1175 4282; x_wconf 74' lang='grc' dir='ltr'><strong>ού</strong></span> <span class='ocrx_word' id='word_1_584' title='bbox 1237 4237 1464 4304; x_wconf 85' lang='grc' dir='ltr'>σωτῆρες</span> <span class='ocrx_word' id='word_1_585' title='bbox 1520 4232 1721 4302; x_wconf 84' lang='grc' dir='ltr'>κόσμου</span> 
     </span>
    </p>
   </div>
   <div class='ocr_carea' id='block_1_72' title="bbox 115 4318 1724 4394">
    <p class='ocr_par' dir='ltr' id='par_1_72' title="bbox 115 4318 1724 4394">
     <span class='ocr_line' id='line_1_72' title="bbox 115 4318 1724 4394; baseline -0.001 -21"><span class='ocrx_word' id='word_1_586' title='bbox 115 4320 249 4394; x_wconf 83' lang='grc' dir='ltr'>μετά</span> <span class='ocrx_word' id='word_1_587' title='bbox 296 4339 354 4392; x_wconf 85' lang='grc' dir='ltr'><strong>γε</strong></span> <span class='ocrx_word' id='word_1_588' title='bbox 405 4323 494 4373; x_wconf 89' lang='grc' dir='ltr'><strong>τὸν</strong></span> <span class='ocrx_word' id='word_1_589' title='bbox 549 4324 704 4383; x_wconf 84' lang='grc' dir='ltr'>ὄντως</span> <span class='ocrx_word' id='word_1_590' title='bbox 756 4327 973 4392; x_wconf 80' lang='grc' dir='ltr'><strong>Σωτῆρα</strong></span> <span class='ocrx_word' id='word_1_591' title='bbox 1023 4323 1283 4392; x_wconf 70' lang='grc' dir='ltr'>πεφήνασι</span> <span class='ocrx_word' id='word_1_592' title='bbox 1331 4325 1443 4380; x_wconf 88' lang='grc' dir='ltr'>τοῖς</span> <span class='ocrx_word' id='word_1_593' title='bbox 1494 4318 1724 4390; x_wconf 81' lang='grc' dir='ltr'>σωζομέ-</span> 
     </span>
    </p>
   </div>
   <div class='ocr_carea' id='block_1_73' title="bbox 113 4403 1724 4484">
    <p class='ocr_par' dir='ltr' id='par_1_73' title="bbox 113 4403 1724 4484">
     <span class='ocr_line' id='line_1_73' title="bbox 113 4403 1724 4484; baseline -0.001 -23"><span class='ocrx_word' id='word_1_594' title='bbox 113 4428 224 4471; x_wconf 88' lang='grc' dir='ltr'>νοις</span> <span class='ocrx_word' id='word_1_595' title='bbox 257 4426 272 4477; x_wconf 83' lang='grc'><strong>;</strong></span> <span class='ocrx_word' id='word_1_596' title='bbox 298 4407 365 4462; x_wconf 84' lang='grc' dir='ltr'><strong><em>Ἥ</em></strong></span> <span class='ocrx_word' id='word_1_597' title='bbox 395 4409 524 4482; x_wconf 79' lang='grc' dir='ltr'>ούχὶ</span> <span class='ocrx_word' id='word_1_598' title='bbox 552 4411 648 4472; x_wconf 83' lang='grc' dir='ltr'>τὰς</span> <span class='ocrx_word' id='word_1_599' title='bbox 667 4417 766 4462; x_wconf 91' lang='grc' dir='ltr'><strong>τῶν</strong></span> <span class='ocrx_word' id='word_1_600' title='bbox 795 4417 996 4461; x_wconf 86' lang='grc' dir='ltr'>πιστῶν</span> <span class='ocrx_word' id='word_1_601' title='bbox 1036 4410 1340 4484; x_wconf 79' lang='grc' dir='ltr'>προσευχὰς</span> <span class='ocrx_word' id='word_1_602' title='bbox 1404 4408 1472 4470; x_wconf 85' lang='grc' dir='ltr'>ὡς</span> <span class='ocrx_word' id='word_1_603' title='bbox 1529 4403 1724 4469; x_wconf 77' lang='grc' dir='ltr'>εὐῶδες</span> 
     </span>
    </p>
   </div>
   <div class='ocr_carea' id='block_1_74' title="bbox 119 4496 1726 4573">
    <p class='ocr_par' dir='ltr' id='par_1_74' title="bbox 119 4496 1726 4573">
     <span class='ocr_line' id='line_1_74' title="bbox 119 4496 1726 4573; baseline -0.001 -22"><span class='ocrx_word' id='word_1_604' title='bbox 119 4501 361 4571; x_wconf 81' lang='grc' dir='ltr'>θυμίαμα</span> <span class='ocrx_word' id='word_1_605' title='bbox 400 4500 733 4573; x_wconf 74' lang='grc' dir='ltr'>προσάγουσι</span> <span class='ocrx_word' id='word_1_606' title='bbox 794 4503 988 4572; x_wconf 78' lang='grc' dir='ltr'>Κυρίῳ,</span> <span class='ocrx_word' id='word_1_607' title='bbox 1051 4498 1285 4549; x_wconf 74' lang='grc' dir='ltr'>κάκεῖοεν</span> <span class='ocrx_word' id='word_1_608' title='bbox 1367 4505 1466 4549; x_wconf 88' lang='grc' dir='ltr'><strong>τῶν</strong></span> <span class='ocrx_word' id='word_1_609' title='bbox 1543 4496 1726 4549; x_wconf 83' lang='grc' dir='ltr'>αἰτου-</span> 
     </span>
    </p>
   </div>
   <div class='ocr_carea' id='block_1_75' title="bbox 119 4583 1724 4662">
    <p class='ocr_par' dir='ltr' id='par_1_75' title="bbox 119 4583 1724 4662">
     <span class='ocr_line' id='line_1_75' title="bbox 119 4583 1724 4662; baseline -0.002 -22"><span class='ocrx_word' id='word_1_610' title='bbox 119 4591 280 4660; x_wconf 80' lang='grc' dir='ltr'><strong><em>μένων</em></strong></span> <span class='ocrx_word' id='word_1_611' title='bbox 346 4591 442 4646; x_wconf 81' lang='grc' dir='ltr'>τὴν</span> <span class='ocrx_word' id='word_1_612' title='bbox 489 4587 759 4662; x_wconf 73' lang='grc' dir='ltr'>πληρωσιν</span> <span class='ocrx_word' id='word_1_613' title='bbox 809 4587 876 4648; x_wconf 78' lang='grc' dir='ltr'>εἷς</span> <span class='ocrx_word' id='word_1_614' title='bbox 932 4590 1194 4660; x_wconf 85' lang='grc' dir='ltr'>σωτηρίαν</span> <span class='ocrx_word' id='word_1_615' title='bbox 1245 4592 1350 4646; x_wconf 90' lang='grc' dir='ltr'>τοῖς</span> <span class='ocrx_word' id='word_1_616' title='bbox 1422 4583 1724 4658; x_wconf 69' lang='grc' dir='ltr'>εὐχομένοις</span> 
     </span>
    </p>
   </div>
   <div class='ocr_carea' id='block_1_76' title="bbox 120 4673 1725 4750">
    <p class='ocr_par' dir='ltr' id='par_1_76' title="bbox 120 4673 1725 4750">
     <span class='ocr_line' id='line_1_76' title="bbox 120 4673 1725 4750; baseline -0.002 -21"><span class='ocrx_word' id='word_1_617' title='bbox 120 4673 534 4750; x_wconf 78' lang='grc' dir='ltr'>ἓπιχορηγούσιν</span> <span class='ocrx_word' id='word_1_618' title='bbox 563 4690 586 4749; x_wconf 83' lang='grc'><strong><em>;</em></strong></span> <span class='ocrx_word' id='word_1_619' title='bbox 615 4675 682 4729; x_wconf 80' lang='grc' dir='ltr'>Ἦ</span> <span class='ocrx_word' id='word_1_620' title='bbox 725 4676 854 4749; x_wconf 77' lang='grc' dir='ltr'>ούχὶ</span> <span class='ocrx_word' id='word_1_621' title='bbox 911 4679 1000 4728; x_wconf 77' lang='grc' dir='ltr'>καὶ</span> <span class='ocrx_word' id='word_1_622' title='bbox 1049 4681 1148 4728; x_wconf 82' lang='grc' dir='ltr'>πᾶν</span> <span class='ocrx_word' id='word_1_623' title='bbox 1194 4677 1254 4726; x_wconf 88' lang='grc' dir='ltr'>τὸ</span> <span class='ocrx_word' id='word_1_624' title='bbox 1309 4677 1586 4747; x_wconf 85' lang='grc' dir='ltr'>πρόσωπον</span> <span class='ocrx_word' id='word_1_625' title='bbox 1631 4683 1725 4737; x_wconf 82' lang='grc' dir='ltr'>τῆς</span> 
     </span>
    </p>
   </div>
   <div class='ocr_carea' id='block_1_77' title="bbox 118 4759 1722 4842">
    <p class='ocr_par' dir='ltr' id='par_1_77' title="bbox 118 4759 1722 4842">
     <span class='ocr_line' id='line_1_77' title="bbox 118 4759 1722 4842; baseline 0.001 -28"><span class='ocrx_word' id='word_1_626' title='bbox 118 4774 216 4838; x_wconf 79' lang='grc' dir='ltr'>γῆς</span> <span class='ocrx_word' id='word_1_627' title='bbox 236 4768 532 4842; x_wconf 70' lang='grc' dir='ltr'>ἱφορῶντες,</span> <span class='ocrx_word' id='word_1_628' title='bbox 583 4765 689 4838; x_wconf 74' lang='grc' dir='ltr'><strong>οὐχ</strong></span> <span class='ocrx_word' id='word_1_629' title='bbox 741 4769 937 4824; x_wconf 75' lang='grc' dir='ltr'>ἥκιστα</span> <span class='ocrx_word' id='word_1_630' title='bbox 987 4759 1046 4816; x_wconf 69' lang='grc' dir='ltr'><strong>δε</strong></span> <span class='ocrx_word' id='word_1_631' title='bbox 1106 4766 1229 4825; x_wconf 83' lang='grc' dir='ltr'>τοὺς</span> <span class='ocrx_word' id='word_1_632' title='bbox 1273 4761 1319 4815; x_wconf 78' lang='grc' dir='ltr'>ἕν</span> <span class='ocrx_word' id='word_1_633' title='bbox 1370 4770 1477 4834; x_wconf 83' lang='grc' dir='ltr'><strong>ναῷ</strong></span> <span class='ocrx_word' id='word_1_634' title='bbox 1525 4764 1722 4816; x_wconf 90' lang='grc' dir='ltr'>τούτων</span> 
     </span>
    </p>
   </div>
   <div class='ocr_carea' id='block_1_78' title="bbox 120 4840 1796 4930">
    <p class='ocr_par' dir='ltr' id='par_1_78' title="bbox 120 4840 1796 4930">
     <span class='ocr_line' id='line_1_78' title="bbox 120 4840 1796 4930; baseline 0 -25"><span class='ocrx_word' id='word_1_635' title='bbox 120 4854 250 4926; x_wconf 77' lang='grc' dir='ltr'>ἁγίῳ</span> <span class='ocrx_word' id='word_1_636' title='bbox 313 4840 828 4930; x_wconf 83' lang='grc' dir='ltr'>προσκαρτεροῦντας</span> <span class='ocrx_word' id='word_1_637' title='bbox 924 4851 1286 4914; x_wconf 71' lang='grc' dir='ltr'>ἐποπτεύοντες</span> <span class='ocrx_word' id='word_1_638' title='bbox 1373 4847 1721 4906; x_wconf 79' lang='grc' dir='ltr'>παντοδαπῶν</span> <span class='ocrx_word' id='word_1_639' title='bbox 1755 4840 1796 4896; x_wconf 82' lang='lat' dir='ltr'><strong>D</strong></span> 
     </span>
    </p>
   </div>
   <div class='ocr_carea' id='block_1_79' title="bbox 118 4939 1723 5016">
    <p class='ocr_par' dir='ltr' id='par_1_79' title="bbox 118 4939 1723 5016">
     <span class='ocr_line' id='line_1_79' title="bbox 118 4939 1723 5016; baseline -0.001 -20"><span class='ocrx_word' id='word_1_640' title='bbox 118 4962 174 4996; x_wconf 84' lang='grc' dir='ltr'>τε</span> <span class='ocrx_word' id='word_1_641' title='bbox 210 4946 395 5010; x_wconf 89' lang='grc' dir='ltr'>νόσων,</span> <span class='ocrx_word' id='word_1_642' title='bbox 439 4949 529 4996; x_wconf 79' lang='grc' dir='ltr'><strong>καὶ</strong></span> <span class='ocrx_word' id='word_1_643' title='bbox 580 4945 756 5005; x_wconf 89' lang='grc' dir='ltr'>πάσης</span> <span class='ocrx_word' id='word_1_644' title='bbox 803 4939 1066 5016; x_wconf 78' lang='grc' dir='ltr'>δαιμόνων</span> <span class='ocrx_word' id='word_1_645' title='bbox 1114 4939 1373 5016; x_wconf 81' lang='grc' dir='ltr'>ἐπηρείας,</span> <span class='ocrx_word' id='word_1_646' title='bbox 1416 4944 1507 4994; x_wconf 80' lang='grc' dir='ltr'><strong>καὶ</strong></span> <span class='ocrx_word' id='word_1_647' title='bbox 1549 4943 1723 5003; x_wconf 72' lang='grc' dir='ltr'>πάσης</span> 
     </span>
    </p>
   </div>
   <div class='ocr_carea' id='block_1_80' title="bbox 121 5032 1720 5107">
    <p class='ocr_par' dir='ltr' id='par_1_80' title="bbox 121 5032 1720 5107">
     <span class='ocr_line' id='line_1_80' title="bbox 121 5032 1720 5107; baseline -0.003 -19"><span class='ocrx_word' id='word_1_648' title='bbox 121 5036 372 5107; x_wconf 86' lang='grc' dir='ltr'>σωμάτων</span> <span class='ocrx_word' id='word_1_649' title='bbox 429 5032 665 5098; x_wconf 75' lang='grc' dir='ltr'>ἕξιῶνται</span> <span class='ocrx_word' id='word_1_650' title='bbox 701 5033 873 5107; x_wconf 84' lang='grc' dir='ltr'>λύμης</span> <span class='ocrx_word' id='word_1_651' title='bbox 926 5051 981 5086; x_wconf 83' lang='grc' dir='ltr'><strong>τε</strong></span> <span class='ocrx_word' id='word_1_652' title='bbox 1027 5035 1117 5085; x_wconf 82' lang='grc' dir='ltr'><strong>καὶ</strong></span> <span class='ocrx_word' id='word_1_653' title='bbox 1188 5032 1378 5107; x_wconf 74' lang='grc' dir='ltr'>φθορᾶς</span> <span class='ocrx_word' id='word_1_654' title='bbox 1429 5048 1444 5098; x_wconf 86' lang='grc'><strong>;</strong></span> <span class='ocrx_word' id='word_1_655' title='bbox 1520 5037 1720 5107; x_wconf 84' lang='grc' dir='ltr'>Ὥσπερ</span> 
     </span>
    </p>
   </div>
   <div class='ocr_carea' id='block_1_81' title="bbox 115 5118 1726 5198">
    <p class='ocr_par' dir='ltr' id='par_1_81' title="bbox 115 5118 1726 5198">
     <span class='ocr_line' id='line_1_81' title="bbox 115 5118 1726 5198; baseline -0.001 -23"><span class='ocrx_word' id='word_1_656' title='bbox 115 5125 240 5198; x_wconf 79' lang='grc' dir='ltr'>γὰρ,</span> <span class='ocrx_word' id='word_1_657' title='bbox 277 5123 320 5176; x_wconf 87' lang='grc' dir='ltr'><strong>εἰ</strong></span> <span class='ocrx_word' id='word_1_658' title='bbox 343 5126 416 5197; x_wconf 76' lang='grc' dir='ltr'><strong>μὴ</strong></span> <span class='ocrx_word' id='word_1_659' title='bbox 475 5123 734 5197; x_wconf 80' lang='grc' dir='ltr'>τολμηρόν</span> <span class='ocrx_word' id='word_1_660' title='bbox 783 5122 962 5192; x_wconf 85' lang='grc' dir='ltr'>εἰπεῖν,</span> <span class='ocrx_word' id='word_1_661' title='bbox 1014 5121 1117 5174; x_wconf 83' lang='grc' dir='ltr'>ὅσα</span> <span class='ocrx_word' id='word_1_662' title='bbox 1170 5121 1308 5173; x_wconf 81' lang='grc' dir='ltr'><strong>κατὰ</strong></span> <span class='ocrx_word' id='word_1_663' title='bbox 1355 5121 1511 5193; x_wconf 73' lang='grc' dir='ltr'>φύσιν</span> <span class='ocrx_word' id='word_1_664' title='bbox 1551 5118 1726 5194; x_wconf 73' lang='grc' dir='ltr'>ἐνορᾶ-</span> 
     </span>
    </p>
   </div>
   <div class='ocr_carea' id='block_1_82' title="bbox 114 5204 1724 5284">
    <p class='ocr_par' dir='ltr' id='par_1_82' title="bbox 114 5204 1724 5284">
     <span class='ocr_line' id='line_1_82' title="bbox 114 5204 1724 5284; baseline 0 -20"><span class='ocrx_word' id='word_1_665' title='bbox 114 5231 202 5265; x_wconf 86' lang='grc' dir='ltr'><strong>ται</strong></span> <span class='ocrx_word' id='word_1_666' title='bbox 227 5219 361 5284; x_wconf 85' lang='grc' dir='ltr'>Θεῷ,</span> <span class='ocrx_word' id='word_1_667' title='bbox 393 5215 560 5267; x_wconf 74' lang='grc' dir='ltr'>ταῦτά</span> <span class='ocrx_word' id='word_1_668' title='bbox 599 5231 658 5284; x_wconf 89' lang='grc' dir='ltr'>γε</span> <span class='ocrx_word' id='word_1_669' title='bbox 712 5215 848 5265; x_wconf 77' lang='grc' dir='ltr'>κατὰ</span> <span class='ocrx_word' id='word_1_670' title='bbox 895 5215 982 5270; x_wconf 72' lang='grc' dir='ltr'><strong>τὴν</strong></span> <span class='ocrx_word' id='word_1_671' title='bbox 1035 5210 1197 5263; x_wconf 86' lang='grc' dir='ltr'>αύτοῡ</span> <span class='ocrx_word' id='word_1_672' title='bbox 1260 5210 1392 5262; x_wconf 83' lang='grc' dir='ltr'>εἰσιν</span> <span class='ocrx_word' id='word_1_673' title='bbox 1439 5204 1581 5263; x_wconf 82' lang='grc' dir='ltr'>οὗτοι</span> <span class='ocrx_word' id='word_1_674' title='bbox 1636 5229 1724 5284; x_wconf 83' lang='grc' dir='ltr'><strong>με·</strong></span> 
     </span>
    </p>
   </div>
   <div class='ocr_carea' id='block_1_83' title="bbox 116 5295 1724 5376">
    <p class='ocr_par' dir='ltr' id='par_1_83' title="bbox 116 5295 1724 5376">
     <span class='ocr_line' id='line_1_83' title="bbox 116 5295 1724 5376; baseline -0.001 -22"><span class='ocrx_word' id='word_1_675' title='bbox 116 5305 350 5370; x_wconf 88' lang='grc' dir='ltr'>τουσίαν,</span> <span class='ocrx_word' id='word_1_676' title='bbox 385 5306 476 5355; x_wconf 83' lang='grc' dir='ltr'><strong>καὶ</strong></span> <span class='ocrx_word' id='word_1_677' title='bbox 505 5303 606 5356; x_wconf 83' lang='grc' dir='ltr'>ὅσα</span> <span class='ocrx_word' id='word_1_678' title='bbox 654 5297 714 5356; x_wconf 69' lang='grc' dir='ltr'><strong>δὲ</strong></span> <span class='ocrx_word' id='word_1_679' title='bbox 766 5299 963 5376; x_wconf 88' lang='grc' dir='ltr'>πληροῖ</span> <span class='ocrx_word' id='word_1_680' title='bbox 1002 5295 1277 5360; x_wconf 81' lang='grc' dir='ltr'>ούσιωδῶς</span> <span class='ocrx_word' id='word_1_681' title='bbox 1335 5296 1499 5357; x_wconf 75' lang='grc' dir='ltr'>ἐκείνη</span> <span class='ocrx_word' id='word_1_682' title='bbox 1569 5295 1724 5353; x_wconf 80' lang='grc' dir='ltr'>ἀδια-</span> 
     </span>
    </p>
   </div>
   <div class='ocr_carea' id='block_1_84' title="bbox 123 5385 1722 5465">
    <p class='ocr_par' dir='ltr' id='par_1_84' title="bbox 123 5385 1722 5465">
     <span class='ocr_line' id='line_1_84' title="bbox 123 5385 1722 5465; baseline 0 -23"><span class='ocrx_word' id='word_1_683' title='bbox 123 5391 322 5452; x_wconf 89' lang='grc' dir='ltr'>στάτως</span> <span class='ocrx_word' id='word_1_684' title='bbox 374 5398 446 5462; x_wconf 78' lang='grc' dir='ltr'>τῷ</span> <span class='ocrx_word' id='word_1_685' title='bbox 487 5395 644 5444; x_wconf 85' lang='grc' dir='ltr'>παντὶ</span> <span class='ocrx_word' id='word_1_686' title='bbox 708 5396 979 5465; x_wconf 84' lang='grc' dir='ltr'>παροῦσα,</span> <span class='ocrx_word' id='word_1_687' title='bbox 1051 5395 1219 5443; x_wconf 82' lang='grc' dir='ltr'>ταῦτα</span> <span class='ocrx_word' id='word_1_688' title='bbox 1292 5393 1491 5461; x_wconf 85' lang='grc' dir='ltr'>νοεραῖς</span> <span class='ocrx_word' id='word_1_689' title='bbox 1579 5385 1722 5442; x_wconf 81' lang='grc' dir='ltr'>οὗτοι</span> 
     </span>
    </p>
   </div>
   <div class='ocr_carea' id='block_1_85' title="bbox 121 5475 1721 5554">
    <p class='ocr_par' dir='ltr' id='par_1_85' title="bbox 121 5475 1721 5554">
     <span class='ocr_line' id='line_1_85' title="bbox 121 5475 1721 5554; baseline -0.001 -23"><span class='ocrx_word' id='word_1_690' title='bbox 121 5482 374 5538; x_wconf 82' lang='grc' dir='ltr'>πτήσεσιν</span> <span class='ocrx_word' id='word_1_691' title='bbox 423 5482 493 5543; x_wconf 86' lang='grc' dir='ltr'>ὡς</span> <span class='ocrx_word' id='word_1_692' title='bbox 573 5480 852 5554; x_wconf 82' lang='grc' dir='ltr'>ὑπόπτεροι</span> <span class='ocrx_word' id='word_1_693' title='bbox 919 5481 1026 5541; x_wconf 88' lang='grc' dir='ltr'>νόες</span> <span class='ocrx_word' id='word_1_694' title='bbox 1113 5475 1505 5550; x_wconf 59' lang='grc' dir='ltr'>κατειλήφασιν</span> <span class='ocrx_word' id='word_1_695' title='bbox 1587 5479 1721 5530; x_wconf 77' lang='grc' dir='ltr'>οὕτω</span> 
     </span>
    </p>
   </div>
   <div class='ocr_carea' id='block_1_86' title="bbox 123 5564 1718 5636">
    <p class='ocr_par' dir='ltr' id='par_1_86' title="bbox 123 5564 1718 5636">
     <span class='ocr_line' id='line_1_86' title="bbox 123 5564 1718 5636; baseline -0.002 -14"><span class='ocrx_word' id='word_1_696' title='bbox 123 5569 406 5623; x_wconf 77' lang='grc' dir='ltr'>καὶπάνθ’</span> <span class='ocrx_word' id='word_1_697' title='bbox 460 5573 562 5623; x_wconf 83' lang='grc' dir='ltr'>ὅσα</span> <span class='ocrx_word' id='word_1_698' title='bbox 641 5565 864 5623; x_wconf 80' lang='grc' dir='ltr'>δύναται</span> <span class='ocrx_word' id='word_1_699' title='bbox 935 5574 1098 5622; x_wconf 85' lang='grc' dir='ltr'>ποιεῖν</span> <span class='ocrx_word' id='word_1_700' title='bbox 1174 5566 1228 5632; x_wconf 72' lang='grc' dir='ltr'><strong>ἐξ</strong></span> <span class='ocrx_word' id='word_1_701' title='bbox 1305 5566 1465 5632; x_wconf 78' lang='grc' dir='ltr'>αὐτῆς</span> <span class='ocrx_word' id='word_1_702' title='bbox 1529 5564 1718 5636; x_wconf 71' lang='grc' dir='ltr'>ἐκείνη,</span> 
     </span>
    </p>
   </div>
   <div class='ocr_carea' id='block_1_87' title="bbox 122 5652 1714 5734">
    <p class='ocr_par' dir='ltr' id='par_1_87' title="bbox 122 5652 1714 5734">
     <span class='ocr_line' id='line_1_87' title="bbox 122 5652 1714 5734; baseline -0.003 -18"><span class='ocrx_word' id='word_1_703' title='bbox 122 5664 289 5716; x_wconf 79' lang='grc' dir='ltr'>ταῦτα</span> <span class='ocrx_word' id='word_1_704' title='bbox 314 5662 405 5713; x_wconf 80' lang='grc' dir='ltr'>καὶ</span> <span class='ocrx_word' id='word_1_705' title='bbox 432 5661 647 5722; x_wconf 86' lang='grc' dir='ltr'>τούτους</span> <span class='ocrx_word' id='word_1_706' title='bbox 680 5661 847 5733; x_wconf 82' lang='grc' dir='ltr'>τυχὸν</span> <span class='ocrx_word' id='word_1_707' title='bbox 895 5660 944 5714; x_wconf 76' lang='grc' dir='ltr'><strong>ἑν</strong></span> <span class='ocrx_word' id='word_1_708' title='bbox 991 5657 1154 5734; x_wconf 69' lang='grc' dir='ltr'>ἐκείνῃ</span> <span class='ocrx_word' id='word_1_709' title='bbox 1211 5652 1475 5712; x_wconf 73' lang='grc' dir='ltr'>δύνᾶσθαε</span> <span class='ocrx_word' id='word_1_710' title='bbox 1527 5663 1714 5727; x_wconf 84' lang='grc' dir='ltr'>ποιεῖν,</span> 
     </span>
    </p>
   </div>
   <div class='ocr_carea' id='block_1_88' title="bbox 153 5799 276 5839">
    <p class='ocr_par' dir='ltr' id='par_1_88' title="bbox 153 5799 276 5839">
     <span class='ocr_line' id='line_1_88' title="bbox 153 5799 276 5839; baseline 0 0"><span class='ocrx_word' id='word_1_711' title='bbox 153 5799 276 5839; x_wconf 57' lang='grc' dir='ltr'><strong>«πεῖ-ά</strong></span> 
     </span>
    </p>
   </div>
   <div class='ocr_carea' id='block_1_89' title="bbox 1829 3786 3540 3864">
    <p class='ocr_par' dir='ltr' id='par_1_89' title="bbox 1829 3786 3540 3864">
     <span class='ocr_line' id='line_1_89' title="bbox 1829 3786 3540 3864; baseline 0.001 -22"><span class='ocrx_word' id='word_1_712' title='bbox 1829 3786 2066 3854; x_wconf 88' lang='lat' dir='ltr'><strong>veritas,</strong></span> <span class='ocrx_word' id='word_1_713' title='bbox 2077 3787 2324 3859; x_wconf 90' lang='lat' dir='ltr'><strong>justitia,</strong></span> <span class='ocrx_word' id='word_1_714' title='bbox 2346 3788 2530 3859; x_wconf 89' lang='lat' dir='ltr'><strong>salus,</strong></span> <span class='ocrx_word' id='word_1_715' title='bbox 2548 3793 2604 3846; x_wconf 91' lang='lat' dir='ltr'><strong>et</strong></span> <span class='ocrx_word' id='word_1_716' title='bbox 2628 3790 2676 3846; x_wconf 93' lang='lat' dir='ltr'><strong>si</strong></span> <span class='ocrx_word' id='word_1_717' title='bbox 2701 3789 2851 3862; x_wconf 91' lang='lat' dir='ltr'><strong>quid</strong></span> <span class='ocrx_word' id='word_1_718' title='bbox 2872 3791 2923 3862; x_wconf 92' lang='lat' dir='ltr'><strong>ej</strong></span> <span class='ocrx_word' id='word_1_719' title='bbox 2934 3791 3274 3848; x_wconf 89' lang='lat' dir='ltr'><strong>usmodiest</strong></span> <span class='ocrx_word' id='word_1_720' title='bbox 3289 3791 3472 3864; x_wconf 88' lang='lat' dir='ltr'><strong>aliud,</strong></span> <span class='ocrx_word' id='word_1_721' title='bbox 3535 3839 3540 3844; x_wconf 86' lang='lat'><strong>.</strong></span> 
     </span>
    </p>
   </div>
   <div class='ocr_carea' id='block_1_90' title="bbox 1831 3877 3476 3950">
    <p class='ocr_par' dir='ltr' id='par_1_90' title="bbox 1831 3877 3476 3950">
     <span class='ocr_line' id='line_1_90' title="bbox 1831 3877 3476 3950; baseline 0.005 -19"><span class='ocrx_word' id='word_1_722' title='bbox 1831 3878 1985 3932; x_wconf 88' lang='lat' dir='ltr'><strong>Deus</strong></span> <span class='ocrx_word' id='word_1_723' title='bbox 2014 3877 2368 3950; x_wconf 90' lang='lat' dir='ltr'><strong>appellatur.</strong></span> <span class='ocrx_word' id='word_1_724' title='bbox 2395 3878 2548 3946; x_wconf 91' lang='lat' dir='ltr'><strong>Quid</strong></span> <span class='ocrx_word' id='word_1_725' title='bbox 2586 3879 2832 3936; x_wconf 89' lang='lat' dir='ltr'><strong>Michael</strong></span> <span class='ocrx_word' id='word_1_726' title='bbox 2862 3885 2916 3938; x_wconf 92' lang='lat' dir='ltr'><strong>et</strong></span> <span class='ocrx_word' id='word_1_727' title='bbox 2949 3879 3232 3938; x_wconf 80' lang='lat' dir='ltr'><strong>Gabriel?</strong></span> <span class='ocrx_word' id='word_1_728' title='bbox 3253 3896 3328 3938; x_wconf 88' lang='lat' dir='ltr'><strong>an</strong></span> <span class='ocrx_word' id='word_1_729' title='bbox 3351 3896 3476 3940; x_wconf 89' lang='lat' dir='ltr'><strong>non</strong></span> 
     </span>
    </p>
   </div>
   <div class='ocr_carea' id='block_1_91' title="bbox 1830 3964 3476 4042">
    <p class='ocr_par' dir='ltr' id='par_1_91' title="bbox 1830 3964 3476 4042">
     <span class='ocr_line' id='line_1_91' title="bbox 1830 3964 3476 4042; baseline 0.002 -21"><span class='ocrx_word' id='word_1_730' title='bbox 1830 3964 2164 4022; x_wconf 88' lang='lat' dir='ltr'><strong>divinarum</strong></span> <span class='ocrx_word' id='word_1_731' title='bbox 2195 3982 2391 4023; x_wconf 90' lang='lat' dir='ltr'><strong>rerum</strong></span> <span class='ocrx_word' id='word_1_732' title='bbox 2407 3967 2638 4040; x_wconf 61' lang='lat' dir='ltr'><strong>praediti</strong></span> <span class='ocrx_word' id='word_1_733' title='bbox 2652 3967 2945 4041; x_wconf 90' lang='lat' dir='ltr'><strong>sapientia</strong></span> <span class='ocrx_word' id='word_1_734' title='bbox 2975 3969 3155 4025; x_wconf 88' lang='lat' dir='ltr'><strong>sunt?</strong></span> <span class='ocrx_word' id='word_1_735' title='bbox 3185 3970 3370 4042; x_wconf 89' lang='lat' dir='ltr'><strong>nonej</strong></span> <span class='ocrx_word' id='word_1_736' title='bbox 3385 3986 3476 4025; x_wconf 87' lang='lat' dir='ltr'><strong>us-</strong></span> 
     </span>
    </p>
   </div>
   <div class='ocr_carea' id='block_1_92' title="bbox 1831 4052 3478 4128">
    <p class='ocr_par' dir='ltr' id='par_1_92' title="bbox 1831 4052 3478 4128">
     <span class='ocr_line' id='line_1_92' title="bbox 1831 4052 3478 4128; baseline 0.002 -18"><span class='ocrx_word' id='word_1_737' title='bbox 1831 4052 1969 4110; x_wconf 89' lang='lat' dir='ltr'><strong>dem</strong></span> <span class='ocrx_word' id='word_1_738' title='bbox 2009 4054 2088 4111; x_wconf 90' lang='lat' dir='ltr'><strong>ad</strong></span> <span class='ocrx_word' id='word_1_739' title='bbox 2117 4055 2394 4111; x_wconf 89' lang='lat' dir='ltr'><strong>homines</strong></span> <span class='ocrx_word' id='word_1_740' title='bbox 2425 4056 2473 4112; x_wconf 92' lang='lat' dir='ltr'><strong>si</strong></span> <span class='ocrx_word' id='word_1_741' title='bbox 2509 4055 2615 4128; x_wconf 91' lang='lat' dir='ltr'><strong>qui</strong></span> <span class='ocrx_word' id='word_1_742' title='bbox 2655 4060 2819 4114; x_wconf 88' lang='lat' dir='ltr'><strong>tanto</strong></span> <span class='ocrx_word' id='word_1_743' title='bbox 2851 4061 2992 4114; x_wconf 88' lang='lat' dir='ltr'><strong>sunt</strong></span> <span class='ocrx_word' id='word_1_744' title='bbox 3029 4056 3197 4128; x_wconf 85' lang='lat' dir='ltr'><strong>digni</strong></span> <span class='ocrx_word' id='word_1_745' title='bbox 3231 4074 3478 4115; x_wconf 89' lang='lat' dir='ltr'><strong>munere</strong></span> 
     </span>
    </p>
   </div>
   <div class='ocr_carea' id='block_1_93' title="bbox 1831 4142 3480 4220">
    <p class='ocr_par' dir='ltr' id='par_1_93' title="bbox 1831 4142 3480 4220">
     <span class='ocr_line' id='line_1_93' title="bbox 1831 4142 3480 4220; baseline 0.003 -21"><span class='ocrx_word' id='word_1_746' title='bbox 1831 4142 2128 4200; x_wconf 86' lang='lat' dir='ltr'><strong>institores</strong></span> <span class='ocrx_word' id='word_1_747' title='bbox 2152 4143 2314 4201; x_wconf 88' lang='lat' dir='ltr'><strong>velut</strong></span> <span class='ocrx_word' id='word_1_748' title='bbox 2340 4144 2591 4218; x_wconf 86' lang='lat' dir='ltr'><strong>quidam</strong></span> <span class='ocrx_word' id='word_1_749' title='bbox 2623 4149 2679 4202; x_wconf 91' lang='lat' dir='ltr'><strong>et</strong></span> <span class='ocrx_word' id='word_1_750' title='bbox 2707 4146 3060 4220; x_wconf 87' lang='lat' dir='ltr'><strong>interpretes</strong></span> <span class='ocrx_word' id='word_1_751' title='bbox 3087 4147 3115 4204; x_wconf 65' lang='grc' dir='ltr'>Τ</span> <span class='ocrx_word' id='word_1_752' title='bbox 3142 4151 3232 4204; x_wconf 83' lang='lat' dir='ltr'><strong>An</strong></span> <span class='ocrx_word' id='word_1_753' title='bbox 3261 4162 3385 4204; x_wconf 91' lang='lat' dir='ltr'><strong>non</strong></span> <span class='ocrx_word' id='word_1_754' title='bbox 3413 4147 3480 4204; x_wconf 87' lang='lat' dir='ltr'><strong>ii-</strong></span> 
     </span>
    </p>
   </div>
   <div class='ocr_carea' id='block_1_94' title="bbox 1832 4231 3479 4306">
    <p class='ocr_par' dir='ltr' id='par_1_94' title="bbox 1832 4231 3479 4306">
     <span class='ocr_line' id='line_1_94' title="bbox 1832 4231 3479 4306; baseline 0.003 -19"><span class='ocrx_word' id='word_1_755' title='bbox 1832 4231 1971 4287; x_wconf 89' lang='lat' dir='ltr'><strong>dem</strong></span> <span class='ocrx_word' id='word_1_756' title='bbox 1992 4233 2115 4288; x_wconf 89' lang='lat' dir='ltr'><strong>veri</strong></span> <span class='ocrx_word' id='word_1_757' title='bbox 2143 4237 2199 4288; x_wconf 89' lang='lat' dir='ltr'><strong>et</strong></span> <span class='ocrx_word' id='word_1_758' title='bbox 2214 4232 2359 4304; x_wconf 90' lang='lat' dir='ltr'><strong>justi</strong></span> <span class='ocrx_word' id='word_1_759' title='bbox 2385 4231 2548 4306; x_wconf 89' lang='lat' dir='ltr'><strong>apud</strong></span> <span class='ocrx_word' id='word_1_760' title='bbox 2584 4233 2818 4290; x_wconf 83' lang='lat' dir='ltr'><strong>Deum?</strong></span> <span class='ocrx_word' id='word_1_761' title='bbox 2863 4234 3044 4292; x_wconf 89' lang='lat' dir='ltr'><strong>Nobis</strong></span> <span class='ocrx_word' id='word_1_762' title='bbox 3094 4250 3237 4292; x_wconf 89' lang='lat' dir='ltr'><strong>vero</strong></span> <span class='ocrx_word' id='word_1_763' title='bbox 3277 4250 3479 4292; x_wconf 90' lang='lat' dir='ltr'><strong>nonne</strong></span> 
     </span>
    </p>
   </div>
   <div class='ocr_carea' id='block_1_95' title="bbox 1831 4319 3482 4394">
    <p class='ocr_par' dir='ltr' id='par_1_95' title="bbox 1831 4319 3482 4394">
     <span class='ocr_line' id='line_1_95' title="bbox 1831 4319 3482 4394; baseline 0.004 -18"><span class='ocrx_word' id='word_1_764' title='bbox 1831 4319 1913 4377; x_wconf 91' lang='lat' dir='ltr'><strong>illi</strong></span> <span class='ocrx_word' id='word_1_765' title='bbox 1958 4323 2218 4379; x_wconf 82' lang='lat' dir='ltr'><strong>veritatis</strong></span> <span class='ocrx_word' id='word_1_766' title='bbox 2264 4326 2319 4378; x_wconf 91' lang='lat' dir='ltr'><strong>et</strong></span> <span class='ocrx_word' id='word_1_767' title='bbox 2365 4322 2607 4394; x_wconf 73' lang='lat' dir='ltr'><strong>justitiae</strong></span> <span class='ocrx_word' id='word_1_768' title='bbox 2654 4323 2904 4394; x_wconf 64' lang='lat' dir='ltr'><strong>praamia</strong></span> <span class='ocrx_word' id='word_1_769' title='bbox 2945 4323 3221 4381; x_wconf 89' lang='lat' dir='ltr'><strong>dividunt</strong></span> <span class='ocrx_word' id='word_1_770' title='bbox 3275 4323 3302 4379; x_wconf 84' lang='lat'>?</span> <span class='ocrx_word' id='word_1_771' title='bbox 3352 4328 3482 4382; x_wconf 87' lang='lat' dir='ltr'><strong>Non</strong></span> 
     </span>
    </p>
   </div>
   <div class='ocr_carea' id='block_1_96' title="bbox 1834 4411 3478 4486">
    <p class='ocr_par' dir='ltr' id='par_1_96' title="bbox 1834 4411 3478 4486">
     <span class='ocr_line' id='line_1_96' title="bbox 1834 4411 3478 4486; baseline 0.002 -21"><span class='ocrx_word' id='word_1_772' title='bbox 1834 4411 2389 4468; x_wconf 86' lang='lat' dir='ltr'><strong>mundisalvatores</strong></span> <span class='ocrx_word' id='word_1_773' title='bbox 2419 4411 2708 4481; x_wconf 90' lang='lat' dir='ltr'><strong>(secundo</strong></span> <span class='ocrx_word' id='word_1_774' title='bbox 2739 4413 2982 4485; x_wconf 89' lang='lat' dir='ltr'><strong>quidem</strong></span> <span class='ocrx_word' id='word_1_775' title='bbox 3001 4413 3135 4469; x_wconf 92' lang='lat' dir='ltr'><strong>loco</strong></span> <span class='ocrx_word' id='word_1_776' title='bbox 3171 4417 3308 4486; x_wconf 91' lang='lat' dir='ltr'><strong>post</strong></span> <span class='ocrx_word' id='word_1_777' title='bbox 3358 4413 3478 4471; x_wconf 89' lang='lat' dir='ltr'><strong>Sal-</strong></span> 
     </span>
    </p>
   </div>
   <div class='ocr_carea' id='block_1_97' title="bbox 1832 4500 3480 4576">
    <p class='ocr_par' dir='ltr' id='par_1_97' title="bbox 1832 4500 3480 4576">
     <span class='ocr_line' id='line_1_97' title="bbox 1832 4500 3480 4576; baseline 0.002 -21"><span class='ocrx_word' id='word_1_778' title='bbox 1832 4504 2101 4556; x_wconf 88' lang='lat' dir='ltr'><strong>vatorem</strong></span> <span class='ocrx_word' id='word_1_779' title='bbox 2132 4503 2358 4570; x_wconf 89' lang='lat' dir='ltr'><strong>verum)</strong></span> <span class='ocrx_word' id='word_1_780' title='bbox 2389 4500 2631 4557; x_wconf 85' lang='lat' dir='ltr'><strong>salvatis</strong></span> <span class='ocrx_word' id='word_1_781' title='bbox 2664 4517 2725 4557; x_wconf 90' lang='lat' dir='ltr'><strong>se</strong></span> <span class='ocrx_word' id='word_1_782' title='bbox 2756 4502 3083 4560; x_wconf 81' lang='lat' dir='ltr'><strong>exhibent?</strong></span> <span class='ocrx_word' id='word_1_783' title='bbox 3116 4507 3173 4558; x_wconf 90' lang='lat' dir='ltr'><strong>et</strong></span> <span class='ocrx_word' id='word_1_784' title='bbox 3203 4502 3480 4576; x_wconf 90' lang='lat' dir='ltr'><strong>nunquid</strong></span> 
     </span>
    </p>
   </div>
   <div class='ocr_carea' id='block_1_98' title="bbox 1833 4589 3480 4664">
    <p class='ocr_par' dir='ltr' id='par_1_98' title="bbox 1833 4589 3480 4664">
     <span class='ocr_line' id='line_1_98' title="bbox 1833 4589 3480 4664; baseline 0.001 -18"><span class='ocrx_word' id='word_1_785' title='bbox 1833 4589 2134 4646; x_wconf 88' lang='lat' dir='ltr'><strong>orationes</strong></span> <span class='ocrx_word' id='word_1_786' title='bbox 2148 4590 2417 4648; x_wconf 85' lang='lat' dir='ltr'><strong>ﬁdelium</strong></span> <span class='ocrx_word' id='word_1_787' title='bbox 2433 4595 2723 4664; x_wconf 86' lang='lat' dir='ltr'><strong>tanquam</strong></span> <span class='ocrx_word' id='word_1_788' title='bbox 2739 4591 2986 4647; x_wconf 88' lang='lat' dir='ltr'><strong>odorem</strong></span> <span class='ocrx_word' id='word_1_789' title='bbox 3003 4608 3188 4648; x_wconf 91' lang='lat' dir='ltr'><strong>suave</strong></span> <span class='ocrx_word' id='word_1_790' title='bbox 3211 4593 3480 4662; x_wconf 87' lang='lat' dir='ltr'><strong>fragran-</strong></span> 
     </span>
    </p>
   </div>
   <div class='ocr_carea' id='block_1_99' title="bbox 1831 4679 3482 4755">
    <p class='ocr_par' dir='ltr' id='par_1_99' title="bbox 1831 4679 3482 4755">
     <span class='ocr_line' id='line_1_99' title="bbox 1831 4679 3482 4755; baseline 0.002 -21"><span class='ocrx_word' id='word_1_791' title='bbox 1831 4681 1954 4735; x_wconf 89' lang='lat' dir='ltr'><strong>tem</strong></span> <span class='ocrx_word' id='word_1_792' title='bbox 1995 4679 2246 4736; x_wconf 89' lang='lat' dir='ltr'><strong>Domino</strong></span> <span class='ocrx_word' id='word_1_793' title='bbox 2276 4679 2599 4736; x_wconf 87' lang='lat' dir='ltr'><strong>admovent</strong></span> <span class='ocrx_word' id='word_1_794' title='bbox 2627 4679 3061 4755; x_wconf 64' lang='lat' dir='ltr'><strong>iindidemque</strong></span> <span class='ocrx_word' id='word_1_795' title='bbox 3087 4682 3482 4754; x_wconf 83' lang='lat' dir='ltr'><strong>expetitarum</strong></span> 
     </span>
    </p>
   </div>
   <div class='ocr_carea' id='block_1_100' title="bbox 1831 4768 3483 4842">
    <p class='ocr_par' dir='ltr' id='par_1_100' title="bbox 1831 4768 3483 4842">
     <span class='ocr_line' id='line_1_100' title="bbox 1831 4768 3483 4842; baseline 0.001 -18"><span class='ocrx_word' id='word_1_796' title='bbox 1831 4783 2030 4824; x_wconf 89' lang='lat' dir='ltr'><strong>rerum</strong></span> <span class='ocrx_word' id='word_1_797' title='bbox 2048 4768 2292 4825; x_wconf 87' lang='lat' dir='ltr'><strong>uberem</strong></span> <span class='ocrx_word' id='word_1_798' title='bbox 2306 4770 2540 4842; x_wconf 86' lang='lat' dir='ltr'><strong>copiam</strong></span> <span class='ocrx_word' id='word_1_799' title='bbox 2561 4773 2897 4826; x_wconf 86' lang='lat' dir='ltr'><strong>etvotorum</strong></span> <span class='ocrx_word' id='word_1_800' title='bbox 2915 4769 3124 4826; x_wconf 77' lang='lat' dir='ltr'><strong>effecta</strong></span> <span class='ocrx_word' id='word_1_801' title='bbox 3135 4770 3212 4825; x_wconf 90' lang='lat' dir='ltr'><strong>ad</strong></span> <span class='ocrx_word' id='word_1_802' title='bbox 3227 4769 3483 4826; x_wconf 89' lang='lat' dir='ltr'><strong>salutem</strong></span> 
     </span>
    </p>
   </div>
   <div class='ocr_carea' id='block_1_101' title="bbox 1831 4857 3482 4931">
    <p class='ocr_par' dir='ltr' id='par_1_101' title="bbox 1831 4857 3482 4931">
     <span class='ocr_line' id='line_1_101' title="bbox 1831 4857 3482 4931; baseline -0.001 -18"><span class='ocrx_word' id='word_1_803' title='bbox 1831 4857 2218 4929; x_wconf 87' lang='lat' dir='ltr'><strong>precantibus</strong></span> <span class='ocrx_word' id='word_1_804' title='bbox 2236 4857 2600 4931; x_wconf 82' lang='lat' dir='ltr'><strong>expediunt?</strong></span> <span class='ocrx_word' id='word_1_805' title='bbox 2613 4873 2689 4914; x_wconf 92' lang='lat' dir='ltr'><strong>an</strong></span> <span class='ocrx_word' id='word_1_806' title='bbox 2704 4873 2826 4914; x_wconf 88' lang='lat' dir='ltr'><strong>non</strong></span> <span class='ocrx_word' id='word_1_807' title='bbox 2854 4858 2914 4914; x_wconf 92' lang='lat' dir='ltr'><strong>in</strong></span> <span class='ocrx_word' id='word_1_808' title='bbox 2928 4863 3114 4915; x_wconf 89' lang='lat' dir='ltr'><strong>terras</strong></span> <span class='ocrx_word' id='word_1_809' title='bbox 3136 4857 3252 4914; x_wconf 89' lang='lat' dir='ltr'><strong>late</strong></span> <span class='ocrx_word' id='word_1_810' title='bbox 3267 4872 3482 4914; x_wconf 88' lang='lat' dir='ltr'><strong>omnes</strong></span> 
     </span>
    </p>
   </div>
   <div class='ocr_carea' id='block_1_102' title="bbox 1832 4945 3486 5020">
    <p class='ocr_par' dir='ltr' id='par_1_102' title="bbox 1832 4945 3486 5020">
     <span class='ocr_line' id='line_1_102' title="bbox 1832 4945 3486 5020; baseline -0.001 -16"><span class='ocrx_word' id='word_1_811' title='bbox 1832 4963 1904 5004; x_wconf 86' lang='lat' dir='ltr'><strong>ex</strong></span> <span class='ocrx_word' id='word_1_812' title='bbox 1934 4946 2202 5020; x_wconf 88' lang='lat' dir='ltr'><strong>quadam</strong></span> <span class='ocrx_word' id='word_1_813' title='bbox 2226 4947 2388 5004; x_wconf 90' lang='lat' dir='ltr'><strong>velut</strong></span> <span class='ocrx_word' id='word_1_814' title='bbox 2417 4945 2663 5020; x_wconf 89' lang='lat' dir='ltr'><strong>specula</strong></span> <span class='ocrx_word' id='word_1_815' title='bbox 2688 4946 3245 5003; x_wconf 83' lang='lat' dir='ltr'><strong>beneﬁcentissimae</strong></span> <span class='ocrx_word' id='word_1_816' title='bbox 3282 4945 3486 5019; x_wconf 89' lang='lat' dir='ltr'><strong>provi-</strong></span> 
     </span>
    </p>
   </div>
   <div class='ocr_carea' id='block_1_103' title="bbox 1832 5033 3478 5106">
    <p class='ocr_par' dir='ltr' id='par_1_103' title="bbox 1832 5033 3478 5106">
     <span class='ocr_line' id='line_1_103' title="bbox 1832 5033 3478 5106; baseline 0 -16"><span class='ocrx_word' id='word_1_817' title='bbox 1832 5034 2049 5091; x_wconf 82' lang='lat' dir='ltr'><strong>dentiae</strong></span> <span class='ocrx_word' id='word_1_818' title='bbox 2078 5034 2494 5106; x_wconf 89' lang='lat' dir='ltr'><strong>despectantes</strong></span> <span class='ocrx_word' id='word_1_819' title='bbox 2523 5033 2871 5090; x_wconf 86' lang='lat' dir='ltr'><strong>universum</strong></span> <span class='ocrx_word' id='word_1_820' title='bbox 2901 5049 3090 5104; x_wconf 85' lang='lat' dir='ltr'><strong>genus</strong></span> <span class='ocrx_word' id='word_1_821' title='bbox 3137 5033 3478 5106; x_wconf 89' lang='lat' dir='ltr'><strong>hominum,</strong></span> 
     </span>
    </p>
   </div>
   <div class='ocr_carea' id='block_1_104' title="bbox 1833 5121 3482 5194">
    <p class='ocr_par' dir='ltr' id='par_1_104' title="bbox 1833 5121 3482 5194">
     <span class='ocr_line' id='line_1_104' title="bbox 1833 5121 3482 5194; baseline -0.001 -13"><span class='ocrx_word' id='word_1_822' title='bbox 1833 5128 1891 5181; x_wconf 93' lang='lat' dir='ltr'><strong>et</strong></span> <span class='ocrx_word' id='word_1_823' title='bbox 1917 5122 2134 5180; x_wconf 90' lang='lat' dir='ltr'><strong>scilicet</strong></span> <span class='ocrx_word' id='word_1_824' title='bbox 2173 5123 2235 5179; x_wconf 91' lang='lat' dir='ltr'><strong>in</strong></span> <span class='ocrx_word' id='word_1_825' title='bbox 2282 5137 2490 5179; x_wconf 89' lang='lat' dir='ltr'><strong>eorum</strong></span> <span class='ocrx_word' id='word_1_826' title='bbox 2550 5137 2756 5177; x_wconf 87' lang='lat' dir='ltr'><strong>curam</strong></span> <span class='ocrx_word' id='word_1_827' title='bbox 2803 5121 2906 5194; x_wconf 87' lang='lat' dir='ltr'><strong>qui</strong></span> <span class='ocrx_word' id='word_1_828' title='bbox 2960 5127 3170 5178; x_wconf 89' lang='lat' dir='ltr'><strong>sancto</strong></span> <span class='ocrx_word' id='word_1_829' title='bbox 3209 5121 3482 5194; x_wconf 85' lang='lat' dir='ltr'><strong>ipsorum</strong></span> 
     </span>
    </p>
   </div>
   <div class='ocr_carea' id='block_1_105' title="bbox 1831 5210 3482 5287">
    <p class='ocr_par' dir='ltr' id='par_1_105' title="bbox 1831 5210 3482 5287">
     <span class='ocr_line' id='line_1_105' title="bbox 1831 5210 3482 5287; baseline -0.003 -16"><span class='ocrx_word' id='word_1_830' title='bbox 1831 5212 2056 5287; x_wconf 89' lang='lat' dir='ltr'><strong>templo</strong></span> <span class='ocrx_word' id='word_1_831' title='bbox 2082 5211 2386 5283; x_wconf 77' lang='lat' dir='ltr'><strong>religionis</strong></span> <span class='ocrx_word' id='word_1_832' title='bbox 2435 5210 2645 5268; x_wconf 82' lang='lat' dir='ltr'><strong>otliciis</strong></span> <span class='ocrx_word' id='word_1_833' title='bbox 2685 5211 2980 5266; x_wconf 87' lang='lat' dir='ltr'><strong>constanti</strong></span> <span class='ocrx_word' id='word_1_834' title='bbox 3026 5211 3243 5284; x_wconf 90' lang='lat' dir='ltr'><strong>pietate</strong></span> <span class='ocrx_word' id='word_1_835' title='bbox 3265 5225 3482 5280; x_wconf 70' lang='lat' dir='ltr'><strong>reprm-</strong></span> 
     </span>
    </p>
   </div>
   <div class='ocr_carea' id='block_1_106' title="bbox 1832 5297 3484 5374">
    <p class='ocr_par' dir='ltr' id='par_1_106' title="bbox 1832 5297 3484 5374">
     <span class='ocr_line' id='line_1_106' title="bbox 1832 5297 3484 5374; baseline -0.002 -16"><span class='ocrx_word' id='word_1_836' title='bbox 1832 5301 2138 5358; x_wconf 89' lang='lat' dir='ltr'><strong>sentandis</strong></span> <span class='ocrx_word' id='word_1_837' title='bbox 2171 5303 2619 5374; x_wconf 86' lang='lat' dir='ltr'><strong>perseveranter</strong></span> <span class='ocrx_word' id='word_1_838' title='bbox 2670 5297 2972 5366; x_wconf 86' lang='lat' dir='ltr'><strong>insistunt,</strong></span> <span class='ocrx_word' id='word_1_839' title='bbox 3031 5297 3316 5371; x_wconf 86' lang='lat' dir='ltr'><strong>peculiari</strong></span> <span class='ocrx_word' id='word_1_840' title='bbox 3364 5301 3484 5355; x_wconf 85' lang='lat' dir='ltr'><strong>stu-</strong></span> 
     </span>
    </p>
   </div>
   <div class='ocr_carea' id='block_1_107' title="bbox 1830 5385 3481 5459">
    <p class='ocr_par' dir='ltr' id='par_1_107' title="bbox 1830 5385 3481 5459">
     <span class='ocr_line' id='line_1_107' title="bbox 1830 5385 3481 5459; baseline -0.002 -13"><span class='ocrx_word' id='word_1_841' title='bbox 1830 5390 1931 5446; x_wconf 92' lang='lat' dir='ltr'><strong>dio</strong></span> <span class='ocrx_word' id='word_1_842' title='bbox 1960 5389 2297 5459; x_wconf 87' lang='lat' dir='ltr'><strong>vigilantes,</strong></span> <span class='ocrx_word' id='word_1_843' title='bbox 2329 5385 2775 5444; x_wconf 81' lang='lat' dir='ltr'><strong>abmorborurn</strong></span> <span class='ocrx_word' id='word_1_844' title='bbox 2797 5385 2963 5442; x_wconf 89' lang='lat' dir='ltr'><strong>omni</strong></span> <span class='ocrx_word' id='word_1_845' title='bbox 2988 5401 3224 5457; x_wconf 85' lang='lat' dir='ltr'><strong>genere,</strong></span> <span class='ocrx_word' id='word_1_846' title='bbox 3261 5390 3392 5442; x_wconf 88' lang='lat' dir='ltr'><strong>tum</strong></span> <span class='ocrx_word' id='word_1_847' title='bbox 3443 5401 3481 5443; x_wconf 93' lang='lat' dir='ltr'><strong>a</strong></span> 
     </span>
    </p>
   </div>
   <div class='ocr_carea' id='block_1_108' title="bbox 1830 5473 3480 5547">
    <p class='ocr_par' dir='ltr' id='par_1_108' title="bbox 1830 5473 3480 5547">
     <span class='ocr_line' id='line_1_108' title="bbox 1830 5473 3480 5547; baseline -0.004 -11"><span class='ocrx_word' id='word_1_848' title='bbox 1830 5478 2128 5537; x_wconf 88' lang='lat' dir='ltr'><strong>malorum</strong></span> <span class='ocrx_word' id='word_1_849' title='bbox 2141 5476 2490 5532; x_wconf 57' lang='lat' dir='ltr'><strong>daemonum</strong></span> <span class='ocrx_word' id='word_1_850' title='bbox 2509 5473 2904 5546; x_wconf 89' lang='lat' dir='ltr'><strong>impressione</strong></span> <span class='ocrx_word' id='word_1_851' title='bbox 2925 5475 3125 5545; x_wconf 75' lang='lat' dir='ltr'><strong>noxia,</strong></span> <span class='ocrx_word' id='word_1_852' title='bbox 3153 5473 3480 5547; x_wconf 88' lang='lat' dir='ltr'><strong>corruptio-</strong></span> 
     </span>
    </p>
   </div>
   <div class='ocr_carea' id='block_1_109' title="bbox 1829 5561 3476 5641">
    <p class='ocr_par' dir='ltr' id='par_1_109' title="bbox 1829 5561 3476 5641">
     <span class='ocr_line' id='line_1_109' title="bbox 1829 5561 3476 5641; baseline -0.004 -16"><span class='ocrx_word' id='word_1_853' title='bbox 1829 5583 2026 5641; x_wconf 88' lang='lat' dir='ltr'><strong>neque</strong></span> <span class='ocrx_word' id='word_1_854' title='bbox 2041 5565 2208 5624; x_wconf 89' lang='lat' dir='ltr'><strong>omni</strong></span> <span class='ocrx_word' id='word_1_855' title='bbox 2221 5581 2292 5624; x_wconf 90' lang='lat' dir='ltr'><strong>ac</strong></span> <span class='ocrx_word' id='word_1_856' title='bbox 2319 5562 2580 5638; x_wconf 91' lang='lat' dir='ltr'><strong>pernicie</strong></span> <span class='ocrx_word' id='word_1_857' title='bbox 2608 5561 3199 5636; x_wconf 87' lang='lat' dir='ltr'><strong>corporumliberant</strong></span> <span class='ocrx_word' id='word_1_858' title='bbox 3229 5565 3256 5620; x_wconf 74' lang='grc' dir='ltr'><strong>ἱ)</strong></span> <span class='ocrx_word' id='word_1_859' title='bbox 3287 5565 3476 5631; x_wconf 89' lang='lat' dir='ltr'><strong>Quem</strong></span> 
     </span>
    </p>
   </div>
   <div class='ocr_carea' id='block_1_110' title="bbox 1829 5651 3473 5726">
    <p class='ocr_par' dir='ltr' id='par_1_110' title="bbox 1829 5651 3473 5726">
     <span class='ocr_line' id='line_1_110' title="bbox 1829 5651 3473 5726; baseline -0.006 -8"><span class='ocrx_word' id='word_1_860' title='bbox 1829 5655 2166 5718; x_wconf 87' lang='lat' dir='ltr'><strong>admodum</strong></span> <span class='ocrx_word' id='word_1_861' title='bbox 2194 5653 2376 5726; x_wconf 84' lang='lat' dir='ltr'><strong>enim,</strong></span> <span class='ocrx_word' id='word_1_862' title='bbox 2407 5651 2522 5711; x_wconf 87' lang='lat' dir='ltr'><strong>nisi</strong></span> <span class='ocrx_word' id='word_1_863' title='bbox 2566 5651 2630 5710; x_wconf 92' lang='lat' dir='ltr'><strong>id</strong></span> <span class='ocrx_word' id='word_1_864' title='bbox 2683 5652 2800 5712; x_wconf 89' lang='lat' dir='ltr'><strong>diei</strong></span> <span class='ocrx_word' id='word_1_865' title='bbox 2845 5653 3116 5714; x_wconf 88' lang='lat' dir='ltr'><strong>videatur</strong></span> <span class='ocrx_word' id='word_1_866' title='bbox 3157 5651 3473 5724; x_wconf 88' lang='lat' dir='ltr'><strong>audacius,</strong></span> 
     </span>
    </p>
   </div>
  </div>
