3966 6324
509 263 648 352 ξ2ἐ3

1991 278 2346 352 ᾹΠΒΕΝΒᾸΣ

3759 293 3863 354 12H

505 404 965 475 quaacunquein
995 409 1114 464 Deo
1160 415 1508 480 naturaliter
1558 419 1752 476 inesse
1805 420 2133 476 cernuntur

2263 407 2341 472 οἷς
2377 415 2462 466 καὶ
2516 422 2626 478 ταῖς
2681 418 2986 493 θεωνυμίαις
3051 417 3183 493 αὐτῇ
3247 424 3541 478 κοινωνεῖν.
3607 419 3698 472 Ἐν
3763 425 3869 472 πᾶσι

507 488 720 545 eadem
748 492 848 548 Dei
877 509 950 550 ex
975 497 1247 564 eiusdem
1286 503 1401 576 ipsi
1435 507 1869 564 consuetudine
1914 507 1972 564 in
2024 518 2154 559 sese

505 574 734 634 ducunt
765 585 942 653 atque
999 574 1356 663 exprimunt,
1416 599 1472 650 et
1517 611 1896 671 quaecunque
1936 610 2040 666 per
2091 607 2153 647 se

505 663 701 736 ipsam
727 667 826 723 illa
844 670 1050 743 implet
1069 682 1283 734 natura
1312 682 1476 738 nullo
1524 663 1844 742 interclusa
1880 683 2152 756 locorum

503 751 809 812 intervallo
853 763 1178 832 quominus
1229 769 1505 828 universo
1556 789 1818 846 praesens
1866 772 1996 828 orbi
2057 770 2149 841 sit,

502 841 714 897 eadem
741 843 821 900 illi
852 851 1043 920 spatia
1103 841 1572 917 celerrimarum-
1596 863 1886 920 mentium
1934 859 2155 916 intelle-

502 930 798 988 ctualibus
824 935 1049 996 obeunt
1079 943 1374 1002 volatibus
1436 966 1449 1004 :
1496 951 1578 1008 ita
1614 966 1992 1024 quaecunque
2049 965 2153 1021 per

503 1019 762 1092 seipsam
816 1025 914 1082 illa
956 1029 1127 1100 valet,
1179 1036 1391 1098 eadem
1431 1038 1523 1095 isti
1573 1019 1721 1096 forte
1761 1019 2150 1113 dici—queant

546 1125 685 1167 osse
707 1113 862 1170 illius
887 1119 944 1173 vi
975 1121 1280 1192 perﬁcere,
1314 1132 1376 1182 ut
1403 1130 1768 1201 quibuscum
1802 1147 1942 1187 suas
1994 1129 2149 1186 Deus

546 1125 685 1167 osse
707 1125 862 1170 imus
887 1125 944 1173 vi
975 1125 1280 1192 perﬁcere,
1314 1132 1376 1182 ut
1403 1130 1768 1201 quibuscum
1802 1147 1942 1187 suas
1994 1129 2148 1186 Deus

500 1125 664 1271 rpsas
686 1204 1117 1276 appellationes
1147 1214 1327 1269 rebus
1359 1217 1561 1291 utique
1591 1235 1713 1276 non
1745 1236 1964 1276 vacuas
1989 1235 2148 1274 com-

499 1285 782 1348 municet.
801 1293 864 1348 In
890 1299 1174 1355 omnibus
1207 1319 1365 1366 vero,
1389 1311 1454 1362 ut
1475 1307 1658 1364 semel
1682 1309 1902 1374 dicam,
1931 1307 2147 1363 divinis

499 1374 961 1451 Proprietatibus
990 1403 1248 1460 quarum
1280 1391 1392 1466 ipsi
1422 1412 1560 1452 cum
1584 1399 1900 1453 "conditore
1947 1413 2146 1453 rerum

499 1468 771 1525 omnium
805 1479 1154 1544 communia
1193 1479 1461 1539 obtinent
1481 1485 1752 1554 nomina,
1791 1487 1918 1542 haec
1961 1491 2144 1541 atten-

499 1553 699 1614 denda
717 1559 1054 1638 differentia
1091 1584 1104 1620 :
1147 1573 1211 1624 ut
1239 1569 1318 1626 illi
1342 1573 1586 1644 quidem
1613 1553 1812 1632 hocisit
1835 1576 2146 1647 proprium

498 1657 537 1699 a
561 1645 726 1701 nullo
756 1635 1059 1722 accepisse
1081 1657 1244 1733 quod
1273 1659 1344 1714 sit
1364 1677 1614 1735 esseque
1640 1665 1720 1719 ita
1753 1683 1765 1730 ;
1807 1669 1987 1736 atque
2008 1679 2147 1720 eum

498 1733 818 1790 exsistendi
849 1755 1032 1811 supra
1061 1731 1305 1802 omnem
1336 1731 1821 1820 longe—naturam
1863 1754 2148 1810 exsisten-

495 1821 617 1876 tem
647 1821 913 1882 obtinere
934 1843 1003 1883 ac
1049 1833 1195 1908 tueri
1242 1837 1668 1910 principatum,
1731 1843 2148 1900 constitutione

496 1909 853 1980 certissima,
885 1913 1166 1990 ﬁrmitate
1191 1909 1573 1998 immutabili,
1608 1934 1798 1986 stante
1825 1947 2060 2003 semper
2094 1938 2151 1989 et

499 1999 859 2068 perdurante
883 2011 1240 2082 constantia,
1295 2019 1356 2071 ut
1418 2016 1582 2076 nulla
1634 2018 1717 2074 illi
1776 1999 2148 2094 participatio

499 2085 898 2168 similitudinis
953 2099 1328 2171 proprietatis
1388 2105 1447 2161 in
1501 2085 1846 2166 excellentia
1895 2085 2148 2166 summae
2182 2085 2220 2137 Β

497 2174 892 2237 differentiam
927 2177 1171 2244 adimat.
1207 2192 1271 2246 Hi
1322 2210 1458 2250 vero
1514 2212 1635 2254 non
1693 2204 1926 2255 tantum
1982 2199 2147 2271 quod

495 2267 745 2324 omnino
776 2277 934 2338 sunt,
965 2275 1067 2330 sed
1118 2280 1283 2352 quod
1339 2282 1686 2354 hujusmodi
1734 2293 1892 2344 sunt.
1943 2267 2146 2362 anue

493 2359 742 2412 utuntur
767 2361 1106 2421 conditione
1137 2383 1206 2422 ac
1237 2368 1509 2428 felicitate
1531 2380 1759 2431 naturae
1800 2376 1879 2432 illi
1923 2359 2146 2434 debent

492 2443 784 2501 conditori
809 2464 1008 2505 rerum
1039 2455 1310 2512 omnium
1345 2459 1422 2514 ad
1457 2460 1758 2532 insignem
1810 2466 2143 2536 quamdam

492 2535 669 2604 atque
718 2550 1062 2606 expressam
1103 2544 1194 2599 sui
1242 2546 1690 2608 similitudinem
1740 2535 1895 2624 opus
1960 2570 2141 2610 suum

491 2617 803 2676 elaborare
834 2627 1114 2697 cupienti.
1152 2633 1465 2690 Enimvero
1491 2653 1528 2693 a
1557 2637 1721 2694 nullo
1765 2640 1895 2718 ipse
1939 2643 2140 2698 condi-

490 2707 602 2777 tus,
629 2713 807 2781 atque
846 2718 911 2768 ut
943 2713 1025 2770 sic
1047 2716 1246 2774 dicam
1279 2738 1348 2776 ex
1370 2723 1569 2797 seipso
1597 2733 1794 2784 natus.
1856 2711 1941 2785 Illi
1999 2748 2139 2788 vero

490 2795 722 2852 conditi
746 2804 801 2854 et
827 2800 955 2872 ejus
988 2805 1040 2859 vi
1067 2812 1247 2880 atque
1278 2795 1592 2870 efﬁcientia
1623 2816 1700 2872 ad
1764 2817 1925 2874 hunc
1983 2820 2138 2876 exsi-

487 2885 681 2940 stendi
712 2887 802 2943 vel
823 2888 1116 2950 honorem
1155 2898 1388 2955 excitati
1452 2903 1540 2958 vel
1588 2904 1863 2962 fructum.
1916 2911 2138 2964 Rursus

484 2969 581 3026 ille
605 2974 849 3046 quidem
873 2981 1042 3051 praeit
1068 2983 1375 3044 celerrima
1401 2995 1747 3063 operatione
1767 2997 1982 3052 mentis
2008 2996 2136 3053 lon-

482 3073 676 3134 geque
723 3076 978 3140 occupat
1020 3087 1385 3149 quocunque
1427 3080 1690 3138 velocius
1734 3085 2134 3158 intelligentia:

480 3155 694 3208 creatae
725 3161 892 3213 motu
919 3161 1144 3217 consilii
1178 3157 1377 3221 omnis
1399 3167 1545 3225 boni
1561 3173 2134 3248 excogitationisque

478 3235 645 3296 initia
671 3251 1040 3314 praevertere.
1069 3253 1361 3310 Caatarum
1393 3257 1535 3314 istos
1574 3235 1755 3317 habet
1811 3235 2132 3320 assectato-

477 3342 572 3382 res
602 3331 662 3384 in
690 3331 801 3388 isto
830 3350 1009 3391 cursu
1047 3343 1319 3400 omnium
1346 3348 1676 3417 proximos.
1711 3352 1820 3417 Qui
1868 3354 2132 3422 cognito-

477 3431 615 3472 rum
645 3420 891 3490 quidem
921 3425 1126 3499 aliqua
1146 3421 1256 3504 ipsi
1288 3449 1393 3505 per
1418 3451 1480 3492 se
1526 3437 1823 3496 efﬁciunt:
1881 3420 1998 3498 alia
2045 3443 2127 3497 in-

477 3504 794 3564 ferioribus
831 3517 1226 3583 potestatibus
1273 3504 1638 3581 declarantes
1685 3529 1921 3586 illarum
1943 3531 2128 3588 ascito

478 3607 777 3651 concursu
834 3604 890 3654 et
937 3608 1354 3675 cooperatione
1418 3612 1747 3684 perﬁciunt.
1805 3623 1994 3692 Atque
2044 3621 2128 3676 illi

477 3681 745 3752 quidem,
793 3693 996 3760 utpote
1037 3695 1174 3760 Deo,
1232 3681 1506 3757 summus
1545 3704 1844 3775 religionis
1895 3681 2125 3765 ccultus

477 3770 813 3830 adhibetur.
841 3778 1082 3837 Michael
1111 3788 1168 3839 et
1212 3787 1444 3845 Gabriel
1476 3808 1585 3847 sua
1631 3770 1772 3850 item
1799 3796 2128 3854 observan-

479 3859 559 3916 tia
583 3877 654 3918 ac
683 3864 960 3936 religiosa
1023 3875 1402 3933 veneratione
1457 3879 1783 3952 dignantur
1833 3891 2126 3960 tanquam

475 3949 732 4008 ministri
759 3955 890 4026 ejus
924 3957 1104 4028 ignei,
1148 3968 1204 4019 et
1250 3949 1650 4038 intelligentia:
1693 3978 1906 4030 natura
1963 3977 2127 4032 volu-

477 4052 605 4093 cres
629 4039 1200 4119 fulmineaquadam
1225 4051 1586 4127 incitatione,
1611 4066 1714 4116 aut
1767 4062 1969 4119 divina
2025 4083 2126 4138 po-

477 4126 593 4181 tius
621 4131 938 4201 rapiditate
965 4143 1186 4204 motus,
1209 4157 1454 4199 omnem
1489 4163 1785 4218 supremae
1807 4126 2127 4210 voluntatis

475 4222 689 4273 nutum
710 4220 1273 4298 obsequioimpigro
1293 4241 1749 4306 prosequentes.
1768 4240 1878 4295 Sed
1895 4242 2025 4313 jam
2049 4245 2127 4300 ad

475 4318 683 4360 eorum
717 4310 1151 4378 praecellentem
1185 4322 1239 4372 et
1268 4319 1534 4378 divinam
1570 4325 1823 4396 gloriam
1858 4332 2127 4388 conside-

475 4392 770 4450 rationem
817 4415 1279 4476 sermonemque
1330 4415 1551 4466 vertere
1587 4418 1937 4484 parantibus
1966 4422 2124 4477 unde

476 4485 582 4535 aut
608 4496 745 4552 quae
777 4487 1020 4544 tandem
1055 4494 1242 4549 verba
1300 4505 1621 4570 suppetant
1668 4520 1804 4576 quae
1852 4523 1989 4564 cum
2042 4512 2126 4567 rci

476 4571 777 4640 exaequari
801 4573 1088 4644 dignitate
1118 4584 1400 4654 possint?
1436 4591 1636 4660 Neque
1673 4571 1833 4649 enim
1857 4597 2124 4654 verbosis

2264 496 2342 562 δὲ,
2393 505 2637 568 καθάπαξ
2688 508 2866 578 εἰπεῖν,
2947 517 3053 572 τοῖς
3139 511 3553 583 θεοπρεστοίτοις
3663 504 3869 580 iampe-

2265 609 2345 641 σιν
2376 594 2447 653 οἷς
2491 603 2562 666 τῷ
2605 607 2796 671 ποιητῇ
2846 605 3275 659 κεκοινωνήκασιν
3335 599 3475 651 οὔτω
3527 603 3636 656 τὴν
3701 594 3869 668 διψ-

2260 682 2354 752 ρὰν
2388 683 2687 756 θεωρητέον,
2744 689 2878 740 ὥστε
2932 697 3003 760 τῷ
3057 690 3146 761 μὲν
3201 688 3297 740 ούκ
3340 690 3398 740 Ex
3443 707 3601 750 τινος
3668 684 3801 739 εἶναι
3845 689 3865 742 ἑ

2261 770 2420 831 οὕτως
2455 770 2582 825 εἶναι
2630 779 2801 839 πάσης
2854 776 3035 839 οὐσίας
3085 780 3406 852 ὑπερουσίως
3466 773 3870 852 ύπεριδρνμενῳ

2259 864 2348 912 καὶ
2407 860 2759 926 mximam;
2815 864 2890 918 ἀεὶ
2943 867 3133 919 ἑστῶτι
3183 871 3315 919 κατὰ
3365 874 3552 918 πᾶσαν
3630 868 3873 938 ὑπερειπ-

2261 951 2456 1008 στάτην
2513 949 2776 1011 ἰδιότητα·
2837 963 2946 1016 τοῖς
2994 952 3053 1008 δὲ
3101 955 3159 1008 ού
3211 960 3270 1008 τό
3328 953 3457 1008 εἶναι
3511 959 3709 1028 μόνον,
3761 974 3872 1005 eum

2258 1043 2347 1089 καὶ
2377 1040 2403 1090 ὁ
2433 1049 2523 1092 τοῦ
2570 1044 2697 1094 εἶναι
2747 1047 2931 1118 τρόπος
2978 1043 3030 1107 ἐξ
3074 1045 3234 1096 αὐτοῦ
3279 1049 3412 1119 πρὸς
3467 1047 3730 1119 ὑπερφυῆ
3796 1051 3873 1093 τοῦ

2256 1136 2521 1190 ποιοῦντος
2577 1134 2863 1203 ὁμοιότητα
2926 1136 3311 1207 καθισταμένου
3388 1142 3481 1186 τοῦ
3583 1153 3871 1203 πεποιημ-

2256 1235 2364 1269 νου.
2405 1225 2504 1272 Καὶ
2549 1223 2648 1293 γὰρ
2677 1223 2702 1272 ὁ
2765 1225 2853 1292 μὲν
2905 1223 3152 1290 ἇκτιστος
3192 1228 3282 1276 καὶ
3333 1221 3745 1293 αύτογένεθλος,
3815 1242 3870 1280 ως

2256 1305 2316 1358 ἂν
2347 1327 2427 1370 τις
2457 1312 2610 1379 εἰποι,
2669 1313 2718 1362 οἱ
2779 1308 2838 1364 δὲ
2889 1318 3093 1366 κτιστοὶ
3139 1319 3229 1364 καὶ
3284 1311 3332 1364 ἐν
3374 1313 3561 1384 ἐκείνῳ
3624 1331 3692 1363 το
3754 1312 3873 1362 εἶναι

2255 1394 2524 1469 λαχόντες.
2590 1399 2748 1452 Πάλιν
2791 1402 2816 1452 ό
2872 1405 2960 1472 μεν
3010 1403 3218 1473 ἡγεῖται
3271 1404 3452 1463 πάσης
3508 1420 3569 1454 τε
3679 1399 3873 1473 fac-uiui;

2257 1483 2461 1556 ἀγαθῆς
2490 1493 2580 1538 καὶ
2611 1487 2941 1559 ἓννοήματος·
2991 1492 3041 1541 οἱ
3095 1485 3154 1542 δὲ
3211 1488 3324 1540 λίαν
3379 1488 3537 1552 ὀξέως
3591 1497 3871 1541 συνιοῦσα

2256 1573 2573 1646 ἐφεπόμενοι,
2647 1582 2747 1629 Καὶ
2799 1576 2833 1629 ἆ
2884 1580 2974 1650 μεν
3033 1578 3430 1653 αὖτουργοῦσιν,
3493 1577 3532 1629 ἆ
3610 1575 3679 1630 5":
3772 1585 3876 1636 ταῖς

2256 1665 2553 1737 ὑφειμέναις
2601 1663 2885 1738 δυνάμεσιν
2939 1666 3257 1743 ἐκφαίνοντες
3325 1676 3436 1728 ταῖς
3487 1668 3694 1729 αὐταῖς
3756 1688 3874 1720 σνν-

2259 1749 2478 1828 δρομαῖς
2507 1759 2596 1806 καὶ
2638 1760 2977 1828 συνεργείαις,
3028 1759 3095 1808 τὰ
3150 1758 3320 1809 πάντα
3372 1757 3873 1830 τελιεσιουργούσιν.

2259 1848 2361 1895 Καὶ
2393 1844 2418 1894 ὁ
2468 1846 2557 1916 μὲν
2615 1846 2682 1905 ὡς
2741 1847 2865 1905 Θεὸς
2926 1846 3260 1918 θεραπεύεται
3310 1851 3399 1898 καὶ
3454 1846 3875 1920 λειτούργεῑται·

2257 1931 2480 2003 Μιχαὴλ
2512 1929 2568 1984 δὲ
2600 1937 2688 1983 καὶ
2717 1932 2946 2004 Γαϐριὴλ
2968 1930 3052 1984 οἶα
3083 1931 3149 1991 δὴ
3204 1934 3487 2008 λειτουργοὶ
3545 1939 3799 2008 πύρινοι,
3850 1936 3874 1992 ξ

2255 2025 2360 2082 νόες
2387 2027 2572 2079 πτηνοὶ
2602 2027 2696 2080 τὴν
2742 2025 2895 2094 φύσιν
2961 2025 3286 2094 καθεστῶτες
3331 2023 3583 2098 ἐμπύρως
3628 2026 3662 2084 ᾖ
3733 2028 3881 2087 θείως

2255 2117 2361 2170 τοῖς
2419 2112 2861 2184 θεαρχικωτοξτοις
2930 2111 3186 2184 θελήμασι
3262 2103 3629 2169 διακονοῦσιν,
3724 2114 3885 2166 Ἀλλὰ

2254 2207 2364 2262 πῶς
2391 2197 2450 2249 ἂν
2473 2198 2793 2261 εύεπηϐόλως
2871 2204 2962 2257 τὴν
3007 2203 3200 2252 τούτων
3259 2203 3502 2260 θειότητα
3565 2209 3662 2270 καὶ
3720 2200 3884 2265 δόξαν

2253 2289 2703 2362 καταθέωροίημεν
2760 2307 2774 2357 ς
2831 2285 2969 2341 Ούδε
3024 2293 3125 2363 γὰρ
3181 2298 3407 2362 μακραῖς
3458 2291 3617 2363 οἶμαι
3711 2291 3883 2362 λόγων

2255 2371 2536 2443 διεξόδοις,
2567 2384 2636 2447 νῷ
2663 2373 2719 2428 δὲ
2744 2378 2954 2450 καθαρῷ
2982 2383 3072 2430 καὶ
3125 2386 3258 2431 Θεοῦ
3312 2381 3579 2452 Πνεύματι
3639 2401 3880 2451 πεφωτι-

2254 2469 2422 2536 σμένῳ
2468 2469 2558 2522 τὴν
2616 2467 2828 2539 θεωρίαν
2880 2474 2980 2516 τῶν
3040 2468 3185 2518 θείων
3221 2473 3346 2520 νόων
3408 2470 3474 2528 ὡς
3514 2470 3570 2520 ἐν
3623 2468 3875 2544 ἐσόπτρῳ

2250 2555 2682 2608 κατοπτεύεσθαι.
2753 2553 2954 2605 Ούκοῡν
3032 2552 3359 2628 ἐπιμελητέον
3434 2565 3526 2617 τῆς
3619 2560 3874 2630 πράξεως

2250 2641 2365 2700 ἢτοι
2418 2650 2515 2694 τῶν
2567 2641 2777 2694 ἐντολῶν
2825 2643 3076 2714 φυλακῆς,
3140 2641 3211 2697 δι’
3267 2641 3324 2706 ἧς
3395 2654 3458 2718 τῇ
3531 2654 3706 2721 σαρκὶ

2247 2733 2525 2804 κάθαρσις,
2549 2731 2800 2804 ἔλλαμψις
2833 2729 2892 2785 δὲ
2922 2741 2981 2806 τῇ
3010 2732 3190 2807 ψυχῇ,
3241 2739 3330 2786 καὶ
3389 2745 3462 2807 τῷ
3511 2744 3589 2807 νῷ
3650 2739 3868 2800 Gaium;

2251 2824 2612 2896 ἱερουργεῐται·
2675 2821 2830 2873 Ἀλλὰ
2890 2818 3028 2894 μηδὲ
3081 2831 3175 2885 τῆς
3220 2827 3347 2896 μετὰ
3406 2823 3559 2895 λόγον
3645 2824 3870 2901 θεωρῖας

2248 2910 2528 2985 ἀμελῶμενο
2560 2911 2910 2969 ἀντιποιητέον
2959 2909 3018 2964 δὲ
3073 2919 3163 2965 καὶ
3220 2915 3384 2976 αύτῆς
3436 2917 3536 2974 ὅση
3609 2913 3865 2988 δύναμις

2245 2999 2289 3052 εἳ
2342 3020 2400 3070 γε
2459 2997 2525 3059 δὴ
2594 3000 2858 3074 μέλλοιμεν
2912 3009 3007 3062 τῆς
3055 3011 3154 3053 τῶν
3214 3007 3339 3054 νόων
3394 3003 3564 3075 ὄψεως
3639 3013 3868 3081 μετρίως

2669 3089 2891 3160 Ὁμοίως
2938 3092 3039 3165 γὰρ
3095 3088 3262 3153 ἀτελὲς
3320 3096 3411 3144 καὶ
3467 3093 3670 3166 πρᾶξις
3742 3095 3864 3146 αἶσιο-

3065 3177 3123 3230 Ἠ
3211 3181 3301 3252 μὲν
3390 3179 3691 3252 ἀμφίϐολος
3777 3189 3863 3233 καὶ

2243 3087 2392 3147 ἐπιϐή
2404 3090 2608 3142 σεσθαι.

2240 3197 2329 3249 γος
2386 3182 2474 3229 καὶ
2523 3177 2670 3248 λόγος
2724 3177 3011 3251 ἄπρακτος.
3065 3177 3123 3230 Ἠ
3211 3181 3301 3252 μὲν
3390 3179 3686 3268 ἀμφίϐολος

2243 3270 2460 3338 στύγνὴ,
2492 3275 2583 3327 τῆς
2629 3274 2718 3318 τοῦ
2765 3269 2917 3337 λόγου
2970 3269 3195 3344 χάριτος
3253 3268 3579 3341 ἀστοχοῦσα
3629 3277 3728 3323 καὶ
3774 3279 3862 3323 τοῦ

2240 3355 2582 3429 φωτισμοῡ·ὁ
2637 3355 2788 3428 λόγος
2835 3353 2892 3408 δὲ
2949 3356 3102 3408 πάλιν
3163 3358 3274 3417 εἰκῆ
3342 3360 3469 3432 ῥέων
3550 3360 3628 3420 εἰς
3710 3360 3857 3434 ἀέρα,

2237 3448 2327 3496 καὶ
2378 3448 2461 3496 τὸν
2489 3442 2535 3495 ἐν
2592 3443 2734 3514 αύτῷ
2783 3447 3121 3516 κομπάζοντα
3167 3449 3306 3498 κενὸν
3364 3445 3548 3519 ἀφιεὶς,
3610 3452 3726 3520 εἴγε
3787 3453 3854 3521 μὲ

2235 3539 2294 3604 τῇ
2359 3532 2542 3606 πράξει
2599 3531 2904 3606 βεϐαιωθεὶς
2963 3531 3226 3607 ἀραρότως
3280 3533 3609 3609 ἐνιδρυθείηο
3673 3536 3752 3598 οἷς
3802 3534 3856 3589 δὲ

2234 3623 2300 3672 τὰ
2332 3623 2585 3696 θεωρητέα
2613 3626 2864 3697 πρακτέα,
2914 3628 3003 3674 καὶ
3067 3625 3134 3675 τὰ
3185 3629 3418 3700 πρακτέα
3484 3629 3681 3696 γέγονε
3735 3631 3855 3681 θεω-

2157 3751 2197 3806 C
2234 3714 2394 3783 ρητέα
2417 3714 2618 3771 τούτοις
2641 3717 2730 3764 καὶ
2763 3714 2821 3762 τὸ
2875 3712 3002 3763 εἶναι
3074 3711 3305 3781 τελείοις,
3359 3718 3448 3765 καὶ
3501 3715 3715 3786 ὁμιλεῖν
3758 3715 3853 3786 ἀγα

2234 3798 2418 3870 γέλοις,
2474 3804 2562 3852 καὶ
2637 3802 2731 3860 τὰς
2783 3799 3098 3873 νοέρωτοὲτας
3175 3802 3342 3854 αὐτῶν
3421 3801 3699 3877 ἐνεργείας
3770 3811 3853 3856 καὶ

2238 3883 2393 3949 δόξας
2439 3887 2892 3961 καταλάμπεσθαι·
2950 3891 3044 3941 Διά
3108 3897 3255 3942 τοῦτο
3332 3896 3451 3963 περὶ
3526 3895 3623 3943 τὸν
3709 3893 3854 3965 λόγον

2238 3975 2613 4048 φιλολογητέον,
2657 3983 2746 4028 καὶ
2801 3983 2918 4051 περὶ
2970 3981 3055 4029 τόν
3111 3977 3227 4051 βίον
3286 3978 3696 4052 φιλοπονητέον,
3770 3989 3851 4034 καὶ

2236 4067 2322 4117 τόν
2353 4068 2526 4138 μὶντῇ
2576 4066 2779 4139 μελέτῃ,
2843 4069 2930 4118 τὸν
2976 4063 3035 4118 δὲ
3080 4075 3142 4139 τῇ
3207 4067 3430 4140 ἆσκῄσει
3481 4071 3854 4144 κατορθωτέον

2236 4155 2316 4204 ὅτι
2364 4153 2614 4226 μάλιστα.
2669 4153 2820 4206 Οὕτω
2872 4158 2972 4230 γὰρ
3039 4158 3439 4230 κατορθούμενοι
3487 4165 3580 4210 καὶ
3632 4160 3856 4212 τελειοῦ-

2235 4263 2399 4314 μενοι,
2450 4249 2538 4295 καὶ
2597 4249 2791 4304 τούτοις
2843 4245 2928 4296 οἷα
2985 4241 3114 4297 δυσὶ
3192 4246 3406 4319 πτέρυξι
3478 4253 3854 4322 πτερούμενοι,

2235 4337 2325 4384 καὶ
2375 4334 2532 4403 γῆθεν
2589 4331 2936 4405 ἐπαιρόμενοι,
2991 4337 3076 4385 τὸν
3146 4336 3398 4409 ὁρώμενον
3465 4339 3561 4407 μὲν
3653 4345 3855 4411 κόσμον

2235 4420 2704 4495 ύπεραναϐαίημεν,
2760 4430 2832 4491 τῷ
2886 4432 3052 4493 νοητῷ
3111 4421 3170 4476 δὲ
3226 4428 3315 4476 καὶ
3362 4425 3491 4498 ὑπὲρ
3548 4426 3726 4479 αὐτὸν
3778 4430 3856 4480 ἐκ-

2236 4512 2420 4563 στάσει
2444 4516 2694 4584 κρείττονι
2751 4517 3162 4585 προσηγγικότες
3216 4520 3314 4565 τῶν
3366 4513 3411 4564 τ’
3466 4513 3646 4566 ἄλλων
3709 4521 3852 4590 ἱερῶν

2231 4604 2357 4652 νόων
2414 4607 2508 4660 τῆς
2561 4619 2886 4672 φωτοφανους
2954 4599 3367 4674 ἐμπλησθείημεν
3443 4601 3851 4679 λαμπρότητος,

475 4656 1006 4737 disputationibus,
1041 4671 1272 4742 opinor,
1309 4677 1410 4732 sed
1465 4687 1661 4735 mente
1711 4699 1860 4754 pura
1911 4703 1980 4742 ac
2021 4689 2122 4745 Dei

477 4747 692 4772 o..:..u--
724 4750 928 4772 Δ,ΙΙ-..Δ
948 4769 984 4772 ,ι
1006 4760 1019 4772 ι
1147 4758 1162 4772 1
1349 4763 1403 4772 ,Α-

2465 4656 2505 4660 r—
2563 4656 2576 4672 .
2706 4656 2717 4672 .
2872 4656 2884 4662 -
2978 4656 2986 4674 .
3107 4656 3114 4659 -
3260 4656 3288 4674 -.
3513 4663 3522 4674 .
3595 4656 3848 4679 ιν---ηη

2245 4694 2321 4740 ιαὶ
2355 4691 2454 4762 πρὸ
2508 4690 2710 4740 πάντων
2767 4697 2864 4751 τῆς
2916 4689 3305 4762 ἀρχαγγελικῆς
3354 4694 3553 4750 ταύτην
3605 4693 3848 4769 ἀκρότη-

477 4747 696 4818 Spiritu
719 4750 1057 4810 collustrata
1088 4758 1167 4814 ad
1189 4763 1587 4832 cognitionem
1611 4747 1951 4841 pervenitur
1975 4777 2122 4833 divi-

469 4848 688 4892 narum
716 4843 1009 4899 mentium
1049 4845 1129 4903 ita
1199 4853 1599 4928 perspicuam,
1652 4864 1713 4914 ut
1765 4877 1972 4918 earum
2034 4867 2121 4921 vis

473 4927 671 4980 omnis
702 4943 772 4983 ac
799 4936 1036 5003 natura,
1069 4937 1150 4990 sic
1201 4943 1490 5012 tanquam
1541 4947 1598 5000 in
1641 4949 1904 5020 speculo,
1963 4952 2121 5010 clare

472 5018 769 5072 cernatur.
804 5021 1280 5082 Incumbendum
1312 5031 1488 5086 nobis
1534 5018 1712 5103 igitur
1763 5039 1982 5095 actioni
2032 5048 2123 5097 est

471 5105 527 5156 et
547 5105 974 5165 mandatorum
997 5112 1421 5185 observationi,
1447 5122 1616 5192 cujus
1649 5125 1940 5184 beneﬁcio
1967 5131 2123 5202 puri-

467 5189 666 5248 ﬁcatio
693 5198 949 5267 corpori,
978 5200 1294 5259 illustratio
1327 5189 1567 5277 anim'e,
1591 5211 1888 5271 deiﬁcatio
1934 5220 2121 5276 menti

468 5295 638 5337 sacro
660 5286 929 5356 quodam
959 5290 1142 5347 modo
1173 5303 1573 5367 comparatur.
1600 5303 2019 5362 Verumtamen
2046 5325 2120 5364 ne

466 5372 1035 5443 contemplationem
1066 5382 1352 5450 quodem,
1378 5391 1434 5440 et
1466 5403 1601 5443 eam
1659 5406 1794 5464 quae
1842 5410 2120 5453 sermone

463 5460 643 5528 atque
657 5463 924 5538 oratione
943 5464 1007 5520 ﬁt
1023 5470 1586 5545 considerationem,
1619 5460 2018 5551 negligamus,
2058 5491 2120 5542 at

459 5559 598 5600 eam
627 5561 772 5604 sane
801 5557 1099 5622 quantum
1131 5557 1238 5614 erit
1266 5561 1327 5616 in
1355 5561 1531 5619 nobis
1557 5565 1736 5623 situm
1793 5571 1959 5626 omni
2010 5563 2112 5630 co?

2233 4798 2316 4840 τος
2360 4783 2450 4829 καὶ
2499 4779 2784 4840 θειότητος.
2839 4779 2912 4830 Δι’
2965 4779 3032 4830 ὧν
3076 4780 3244 4852 ἡρέμα
3297 4787 3387 4832 καὶ
3439 4783 3468 4838 ἡ
3530 4783 3848 4858 θεαρχικω·

2229 4869 2359 4925 τάτη
2400 4874 2831 4940 παραγυμνοῡται
2874 4870 3043 4941 τριὰς,
3096 4864 3170 4930 οἷς
3219 4872 3308 4942 μὲν
3363 4869 3552 4928 ἑαυτήν
3612 4872 3689 4934 ὡς
3741 4874 3849 4927 ἐνόν

2229 4963 2675 5026 μυσταγωγούσα,
2710 4954 2781 5016 οἷς
2809 4952 2868 5007 δὲ
2896 4965 3260 5028 μυσταγωγεῐν
3292 4957 3478 5019 ἄλλους
3526 4956 3848 5034 δωρουμένη

2230 5049 2426 5102 πάντας
2482 5041 2828 5114 ἆγαθονργοίς
2878 5043 3137 5115 λάμψεσιν
3205 5046 3456 5118 εὐεργετεί
3530 5053 3625 5099 καὶ

2232 5133 2391 5185 θύνεν.
2428 5130 2630 5183 Ἀλλ’ὦ
2667 5133 2846 5206 θεωροὶ
2907 5136 2995 5184 καὶ
3051 5133 3340 5208 λειτουργοὶ
3394 5142 3488 5196 τῆς
3542 5135 3856 5211 ἀκροτάτης

2229 5225 2318 5270 καὶ
2373 5220 2543 5270 πάντα
2597 5226 2713 5270 νοῦν
2766 5225 2856 5272 καὶ
2929 5220 3078 5292 λογον
3154 5223 3537 5296 ὑπεραιρούσης
3619 5228 3852 5304 ὑπερευ.

2232 5313 2489 5369 σιότητος’
2537 5308 2576 5358 ὧ
2624 5311 2891 5380 πνεύματα
2943 5307 3054 5362 θεῖα
3109 5316 3197 5363 καὶ
3257 5314 3450 5385 πύρινα
3509 5319 3601 5366 καὶ
3669 5323 3853 5392 νοερὰ,

2229 5405 2327 5447 τῶν
2353 5405 2616 5470 κοσμικών
2665 5401 2942 5468 στοιχείων
3004 5397 3404 5472 ἀῤῥαγέσταυτα
3468 5408 3848 5477 στηρίγματα,

2224 5493 2323 5538 τῶν
2387 5493 2481 5546 τῆς
2539 5491 2789 5560 πονηρίας
2873 5490 3177 5559 πνευματῶ
3263 5494 3620 5564 κραταιότατα
3727 5516 3846 5548 σνν-

2225 5576 2511 5647 τρίμματα·
2564 5582 2664 5626 τῶν
2719 5583 2886 5647 σοφῶν
2939 5577 2988 5628 οἱ
3037 5580 3304 5648 σοφισταὶ,
3355 5585 3457 5628 τῶν
3537 5579 3715 5651 ἁγίων
3790 5588 3842 5670 ος
