3966 6324
55 316 213 401 ἔμιξε

883 322 1151 381 ΝῙΟΕΤᾸΞ
1181 326 1532 384 LAUDATIO
1565 327 1660 391 SS.
1692 326 2067 397 HICHAELIS
2105 333 2192 387 ΕΤ
2228 331 2623 391 GABRIELIS.

3292 326 3432 401 i366

60 450 336 523 πτερωταί
362 467 375 495 έ
409 445 459 499 οἱ
485 446 690 501 πάντων
742 447 873 520 ὁμοῦ
928 456 1029 501 τῶν
1084 449 1236 504 ἐθνῶν
1298 453 1507 524 ἄριστοι
1552 472 1674 524 προ-

1787 457 1930 510 natu
1956 470 2371 528 capessamus,
2426 458 2477 513 si
2532 455 2781 529 quidem
2817 452 2896 511 ad
2944 453 3150 525 aliqua
3182 451 3277 508 vel
3312 451 3434 508 me”

63 539 263 609 μηθείς
326 539 417 588 καὶ
482 532 764 608 κηδεμόνες
834 558 846 570 ·
905 546 1005 589 τῶν
1057 538 1283 611 ἀγγέλων
1324 541 1373 591 οἱ
1424 537 1674 613 δημαγωσ

60 632 180 696 γοὶ,
213 634 313 677 τῶν
342 624 682 697 ἆρχαγγέλων
715 627 763 677 οἱ
784 625 1041 700 ἀρχηγοὶ,
1085 630 1133 679 οἱ
1172 630 1421 701 ἄρχοντες
1567 637 1678 689 ταῖς

64 713 292 787 ἀρχαῖς,
326 718 415 766 καὶ
436 712 825 776 ἐξουσιάζοντες
878 714 927 766 ἐν
974 714 1239 778 ἐξουσίαις
1289 739 1301 750 ·
1361 720 1410 769 οἱ
1463 712 1679 770 δυνατοὶ

63 805 165 876 μὶν
224 802 274 855 ἓν
345 810 461 863 ταῖς
513 799 789 874 δυνάμεσι,
857 823 1032 876 κυριοι
1090 802 1148 857 δὲ
1181 804 1229 857 ἐν
1273 814 1384 867 ταῖς
1438 811 1680 879 κυριότη-

67 912 160 944 σιν
216 914 230 927 ·
287 894 335 945 οἱ
408 900 509 944 τῶν
569 893 760 966 θρόνων
812 895 1068 952 σύσκηνοι
1118 899 1208 947 καὶ
1261 895 1528 968 συνόμιλοι
1581 904 1679 947 τῶν

64 980 343 1055 Χερουϐὶμ
395 984 485 1032 καὶ
536 980 837 1033 ἰσοστάσιοι
892 990 991 1034 τῶν
1037 988 1264 1059 Σεραφίμ
1313 1003 1328 1019 ο
1380 985 1420 1034 ὦ
1458 987 1544 1036 τόν
1573 1003 1681 1055 τρι-

65 1074 258 1142 σάγιον
297 1072 453 1143 ὕμνον
495 1074 589 1123 σὺν
644 1077 806 1123 πᾶσιν
859 1072 1036 1134 αὐτοῖς
1093 1073 1123 1132 ἣ
1167 1077 1265 1150 πρὸ
1320 1076 1521 1126 πάντων
1572 1084 1684 1145 τρι·

66 1164 281 1231 σαγίοις
345 1159 570 1220 ἀεννάοις
626 1167 699 1230 τῷ
752 1161 1017 1234 ὑπεραγίῳ
1072 1160 1427 1237 προσᾴδοντες
1468 1162 1679 1235 apolo-

61 1254 238 1320 γίαις,
293 1249 498 1324 εἰρήνης
576 1256 710 1303 Θεοῦ
787 1248 1024 1307 πλήσατε
1086 1257 1180 1309 την
1230 1260 1344 1323 γῆν.
1402 1251 1677 1325 Ὁμόνοιαν

65 1337 268 1407 ἀληθῆ,
327 1340 690 1411 ὁμοφροσύνην
746 1338 973 1411 θεοφιλῆ,
1026 1348 1138 1401 ταῖς
1197 1340 1526 1401 Ἐκκλησίαις
1591 1342 1675 1392 ἄν-

64 1429 199 1480 ωθεν
231 1426 560 1502 βραϐεύσατε
620 1448 633 1460 ·
693 1432 783 1478 καὶ
826 1431 947 1489 τοὺς
990 1427 1233 1492 ἀναξίους
1286 1437 1375 1482 τοῦ
1434 1435 1675 1501 σώματος

62 1515 386 1590 περιελόντες
454 1523 692 1590 Χριστοῦ
744 1517 815 1577 εἰς
863 1515 912 1568 ἓν
962 1524 1166 1589 πνεῦμα
1211 1523 1301 1571 καὶ
1352 1519 1439 1570 ἕνα
1497 1521 1673 1570 καινόν

61 1596 379 1679 ἄνθρωποΥ
419 1607 480 1657 τό
554 1604 814 1676 πλήρωμα
877 1609 1265 1680 καταρτίσασθε
1313 1614 1464 1661 Θεοῦ.
1521 1606 1673 1679 Ἡμῖν

64 1691 130 1746 δὲ
185 1698 273 1746 τόν
329 1696 418 1766 μὲν
479 1698 711 1766 παρόντα
764 1692 883 1765 βίον
934 1697 1296 1748 κατευθύνοιτε
1344 1699 1471 1768 πρός
1496 1699 1553 1747 τό
1589 1695 1672 1747 εῦ-

62 1784 149 1842 θες
206 1781 388 1854 πρᾶξίν
453 1801 510 1834 τε
561 1788 737 1834 πᾶσαν
791 1786 881 1834 καὶ
918 1782 1169 1854 λογισμὸν
1200 1784 1309 1856 (καὶ
1350 1783 1501 1855 λόγον
1542 1787 1675 1857 πρὸς

60 1871 418 1945 εὐαρέστησιν
468 1875 812 1932 συντείνοντες
868 1879 960 1923 τοῦ
1008 1880 1141 1925 Θεοῦ
1201 1893 1214 1907 ο
1269 1876 1673 1946 μεθισταμένους

61 1956 128 2012 δὲ
163 1967 258 2021 τῆς
306 1959 639 2022 πολυπαθοῦς
666 1962 864 2022 ταύτης
922 1962 1061 2023 ζωῆς
1100 1965 1186 2013 καὶ
1241 1960 1470 2033 ὁχληρᾶς
1498 1967 1569 2035 μὴ
1601 1960 1667 2021 δὴ

57 2054 176 2108 τοῖς
223 2048 472 2121 ὀλεθρίοις
519 2056 611 2101 τοῦ
669 2053 891 2111 σκότους
939 2047 1176 2121 ἀγγέλοις
1223 2052 1412 2125 χάρμα
1463 2051 1673 2107 καταλί-

56 2156 221 2195 πητε.
249 2133 545 2209 Μηδαμῶς,
600 2135 640 2188 ὦ
690 2138 944 2189 θειότατοι
993 2138 1214 2209 Μιχαὴλ
1268 2144 1357 2191 καὶ
1422 2146 1459 2192 Γ
1462 2139 1671 2216 αϐριὴλ,

58 2231 137 2299 μὴ
232 2222 515 2299 παραδῶτε
590 2225 777 2298 ψυχήν
852 2225 1318 2301 εξομολογουμένην
1387 2236 1500 2299 Θεῷ
1584 2235 1675 2301 καὶ,

60 2318 554 2389 προσανακειμένην
643 2316 786 2386 ὑμῖν,
856 2314 982 2367 ἀλλὰ
1057 2319 1177 2378 τοὺς
1259 2320 1350 2391 μεν
1425 2317 1671 2391 ἐμϐριμὴ-

58 2423 201 2475 ματι
292 2405 409 2474 θείῳ
482 2402 707 2477 στερρῶς
764 2402 1199 2478 ἀποῤῥιψάμενοι,
1260 2405 1408 2457 αὐτοὶ
1463 2403 1523 2457 δέ
1584 2426 1675 2479 μοι

61 2499 311 2563 σωτῆρες
337 2490 526 2563 ἁγαθοὶ
556 2496 646 2543 καὶ
688 2493 1011 2565 ὑπέρμαχοι,
1069 2498 1159 2545 καὶ
1211 2514 1341 2566 προς
1383 2498 1469 2546 τὸν
1522 2497 1674 2568 ὑπέρ-

60 2582 183 2633 θεον
238 2581 517 2652 εἰσαγωγοὶ
570 2586 661 2633 καὶ
721 2588 933 2654 μεσῖται
978 2585 1293 2656 πανάριστοι
1346 2588 1674 2655 γεγενημένοι

62 2672 324 2742 Χριστόν,
366 2674 436 2741 μὴ
471 2675 592 2742 πρὶν
652 2669 916 2729 ἀποστῆτε
959 2676 1053 2729 τὴν
1111 2674 1179 2731 ὡς
1231 2673 1387 2723 αὐτόν
1438 2673 1673 2743 ἄγουσαν

68 2755 287 2827 εἰσοδον
316 2757 742 2831 ᾇξευμαρίζοντες
770 2760 931 2837 ᾷχρις
965 2758 1024 2811 ἄν
1064 2760 1131 2825 εἰς
1183 2760 1344 2819 αὐτὴν
1392 2767 1484 2813 τοῦ
1534 2757 1666 2833 Θεοῦ

56 2852 161 2906 τὴν
189 2848 521 2905 κατάπαυσιν
547 2846 866 2919 εἰσαγαγεῖν,
900 2852 990 2900 καὶ
1021 2856 1092 2919 τῷ
1130 2856 1231 2901 τῶν
1277 2847 1460 2919 ἐφετῶν
1517 2848 1672 2918 ἀκρο-

57 2938 206 3006 τάτῳ
268 2940 641 3009 προσαρμόσαι
695 2936 767 3005 εἰς
797 2933 956 2999 δόξαν
1010 2940 1211 3011 Πατρός
1261 2942 1350 2990 καὶ
1401 2943 1525 2990 Υίοῦ
1581 2942 1670 2991 καὶ

1787 542 2046 601 diocrem
2073 546 2600 617 intelligentiarum
2640 547 2908 601 notitiam
2943 543 3298 615 aspiremus.
3352 542 3433 599 Si-

1787 630 2000 709 militer
2029 635 2189 690 enim
2220 636 2569 706 imperfecta
2601 639 2759 703 sunt,
2787 633 2941 689 actio
2962 631 3177 697 infans,
3209 635 3268 686 et
3291 632 3436 687 otio-

1787 735 1889 773 sus
1923 737 2141 778 sermo.
2178 723 2282 779 Illa
2308 723 2553 795 quidem
2581 722 2864 795 perplexa
2893 725 2949 777 et
2973 720 3033 775 in
3062 721 3430 790 inconstans,

1786 809 1911 862 tum
1930 809 2108 865 tristis
2138 812 2442 883 quaedam,
2476 811 2679 881 gratiae
2699 811 2827 882 ejus
2847 813 2904 865 et
2930 808 3081 864 lucis
3101 809 3277 879 inOps
3300 824 3434 880 quae

1788 895 2060 952 doctrina
2092 904 2147 954 et
2171 915 2445 955 sermone
2471 900 2822 955 continetur.
2882 898 2983 953 Hic
3015 912 3158 952 vero
3188 896 3434 968 strepitu

1788 983 1978 1041 inutili
2004 1002 2111 1058 per
2139 1002 2337 1043 aerem
2380 987 2593 1055 ﬂuens,
2628 992 2685 1043 et
2734 990 3036 1043 auctorem
3089 1000 3268 1041 suum
3304 984 3435 1057 ejus

1789 1076 2185 1131 ostentatione
2216 1077 2569 1148 gloriantem
2618 1078 2854 1133 inanem
2904 1075 3270 1146 relinquens,
3321 1074 3435 1129 nisi

1787 1161 2019 1217 actione
2042 1162 2426 1219 conﬁrmatus
2453 1164 2703 1219 solidam
2722 1169 2849 1220 tum
2862 1161 3433 1218 demuminvictam-

1784 1264 1902 1341 que
1928 1249 2215 1341 ‘obtineat,
2262 1257 2323 1341 ut
2369 1253 2495 1322 jam
2549 1240 2771 1325 optime
2803 1250 3084 1307 fundatus
3114 1251 3172 1305 in
3205 1250 3431 1341 animo,

1781 1336 2145 1413 ﬁrmitatem.
2178 1339 2284 1404 Qui
2311 1345 2511 1395 autem
2544 1341 2666 1396 haec
2697 1340 3072 1410 conjungunt
3096 1338 3193 1409 ita,
3229 1343 3293 1392 ut
3324 1336 3433 1393 nec

1783 1427 2205 1499 contemplatio
2230 1428 2523 1485 actionem
2551 1429 2863 1495 desideret,
2898 1443 3006 1483 nec
3035 1428 3153 1483 ista
3173 1426 3433 1481 vicissim

1781 1513 1937 1570 illius
1984 1516 2283 1571 consortio
2347 1516 2641 1572 auxiliove
2685 1517 3058 1585 destituatur,
3114 1514 3340 1570 eisdem
3379 1517 3437 1593 et

1780 1605 2053 1677 perfectis
2082 1623 2213 1662 esse
2262 1607 2459 1677 datur,
2501 1614 2557 1663 et
2604 1607 2971 1665 familiariter
3020 1604 3248 1675 angelis
3302 1596 3433 1660 uti:

1780 1698 1905 1750 tum
1935 1694 2244 1751 facultates
2271 1696 2561 1768 dotesque
2596 1712 2811 1752 omnes
2848 1695 2979 1750 illas
3018 1693 3336 1749 subtilitate
3368 1709 3437 1747 ac

1781 1783 2099 1855 splendore
2124 1801 2233 1839 suo
2256 1801 2547 1841 sensuum
2571 1785 2921 1841 frustrantes
2934 1784 3123 1839 aciem
3137 1782 3437 1853 soliusque

1779 1872 1996 1927 mentis
2024 1873 2301 1928 intuitum
2324 1874 2705 1949 admittentes
2739 1889 2918 1946 posse
2948 1871 3277 1927 clarissime
3302 1885 3436 1943 per-

1781 1960 2025 2031 spicere.
2052 1962 2246 2027 Quare
2269 1966 2325 2016 et
2344 1962 2404 2015 in
2427 1961 2646 2017 idonea
2665 1960 2943 2034 paranda
2964 1959 3437 2030 instruendaque

1779 2048 2065 2115 doctrinae
2095 2065 2166 2106 ac
2191 2051 2489 2115 sermonis
2520 2051 2692 2123 copia
2722 2048 3211 2105 contendendum
3243 2051 3349 2113 est,
3379 2051 3438 2102 et

1781 2138 1859 2194 ad
1889 2138 2281 2211 obtinendam
2340 2139 2763 2211 perfectionem
2818 2138 2952 2194 vitae
3009 2136 3436 2206 laborandum,

1779 2228 2243 2302 faciendumque
2271 2235 2334 2285 ut
2381 2229 2548 2285 illam
2597 2228 2795 2285 studio
2843 2232 2900 2283 et
2938 2225 3348 2289 meditatione,
3379 2229 3437 2279 et

1777 2317 1955 2375 istam
1988 2317 2263 2388 religiosa
2288 2318 2502 2383 mentis
2531 2316 2948 2373 exercitatione
2978 2330 3162 2387 quam
3188 2313 3438 2382 diligen-

1781 2407 2009 2473 tissime
2027 2407 2293 2477 excolam
2306 2425 2392 2462 us.
2424 2407 2516 2463 Sic
2534 2407 2693 2463 enim
2717 2407 3017 2478 utrimque
3033 2404 3225 2481 ornati
3247 2403 3436 2458 omni-

1776 2495 2013 2567 busque
2039 2495 2299 2550 absoluti
2330 2495 2621 2559 numeris,
2654 2493 2894 2550 duabus
2923 2493 3084 2549 hisce
3112 2490 3273 2547 velut
3302 2490 3434 2558 alis,

1777 2584 1948 2649 terris
1972 2584 2179 2650 evecti,
2211 2582 2507 2638 mundum
2537 2583 2699 2638 hunc
2728 2582 2973 2654 quidem
3004 2578 3434 2652 aspectabilem

1779 2672 2296 2739 transcendemus,
2320 2671 2675 2741 intelligibili
2697 2687 2835 2727 vero
2865 2670 3116 2739 admoti,
3140 2670 3261 2725 imo
3282 2667 3437 2723 ultra

1776 2762 1979 2833 ipsum
2016 2761 2415 2823 abstractione
2468 2761 2681 2817 mentis
2738 2760 2905 2825 haud
2961 2759 3143 2831 paulo
3192 2755 3437 2813 feliciori

1781 2866 2023 2909 sursum
2050 2849 2328 2921 provecti,
2353 2865 2492 2904 cum
2532 2849 2785 2905 aliarum
2811 2863 3117 2904 sacrarum
3144 2846 3435 2903 mentium

1781 2938 2166 2995 lucidissimis
2216 2937 2633 3009 splendoribus
2679 2936 3089 3007 implehimur,
3139 2939 3270 2990 tum
3292 2948 3434 2988 vero

56 3023 224 3095 ἁγίου
261 3028 553 3097 Πνεῦματος
583 3025 654 3091 εὶς
681 3028 802 3087 τοὺς
826 3025 1017 3087 αἰῶνας
1053 3035 1153 3078 τῶν
1206 3026 1422 3081 αἰώνων.
1481 3026 1665 3098 ’Δμήν.

1787 3042 1903 3098 prae
1934 3026 2159 3083 caeteris
2194 3024 2677 3093 archangelicam
2707 3025 2923 3080 horum
2977 3021 3430 3091 sublimitatem.

55 3113 561 3186 divinitatemque
604 3113 980 3183 mirabimur.
1040 3116 1220 3185 Cujus
1276 3114 1523 3171 visionis
1572 3120 1737 3175 tanto
1785 3114 2000 3179 fructui
2044 3114 2173 3171 haec
2225 3114 2469 3170 accedet
2513 3112 2764 3185 insuper
2817 3111 3057 3179 utilitas,
3116 3108 3281 3181 quod
3332 3103 3435 3164 tali

53 3202 571 3276 contemplatione
592 3203 918 3261 exercitatis
945 3220 1015 3260 ac
1037 3205 1389 3276 praeparatis
1442 3204 1746 3261 mentibus
1792 3203 2166 3264 divinissima
2202 3203 2331 3273 jam
2383 3202 2632 3259 Trinitas
2683 3199 3055 3257 manifestius
3080 3197 3432 3261 ostenditur,

54 3291 432 3364 quibusdam
455 3296 751 3364 quantum
772 3292 1043 3357 humana
1065 3294 1225 3365 capit
1249 3292 1620 3359 imbellicitas
1649 3307 1711 3348 se
1736 3292 2221 3362 cognoscendam
2245 3291 2534 3348 exhibens
2564 3290 2976 3363 ;quibusdam
2992 3289 3173 3345 etiam
3203 3291 3433 3344 tantum

53 3381 180 3436 hoc
233 3379 463 3447 donum
493 3380 592 3436 illo
619 3380 938 3438 cumulans
968 3383 1254 3448 auctario,
1282 3387 1347 3437 ut
1374 3383 1605 3454 privato
1653 3381 1848 3447 fructu
1898 3381 2217 3445 multorum
2267 3380 2345 3437 ad
2400 3379 2709 3436 utilitatem
2766 3383 3123 3451 propagato,
3171 3390 3426 3437 arcanas

52 3469 487 3543 illustrationes
519 3474 573 3527 et
593 3471 1014 3542 mysteriorum
1059 3486 1271 3527 sensus
1297 3471 1746 3528 communicare
1793 3470 1921 3526 aliis
1961 3470 2235 3526 docendo
2266 3485 2440 3541 posse
2498 3469 2805 3539 concedat,
2848 3469 2931 3524 ita
2977 3467 3278 3531 neminem
3311 3479 3435 3520 sum

55 3556 607 3614 beniﬁcentissimaa
647 3558 1100 3631 illuminationis
1129 3564 1429 3632 expertem
1481 3560 1701 3617 sinens.
1761 3559 1867 3617 sed
1926 3559 2203 3631 quamvis
2250 3558 2521 3614 diversos
2548 3573 2759 3615 omnes
2814 3573 2933 3613 uno
2968 3554 3262 3612 beneﬁcio
3312 3568 3436 3615 suae

55 3646 568 3703 manifestationis
630 3648 1036 3721 complectens
1085 3653 1142 3704 et
1176 3649 1385 3721 beans.
1439 3652 1511 3703 At
1553 3665 1687 3711 vos,
1729 3663 1767 3703 o
1818 3647 2317 3720 contemplatores
2374 3652 2431 3703 et
2468 3646 2720 3703 ministri
2747 3662 3041 3719 supremae
3071 3657 3435 3714 omnemque

52 3739 327 3807 mentem
352 3750 421 3790 ac
444 3751 786 3803 sermonem
817 3737 1156 3803 excedentis
1214 3735 1943 3809 supersubstantialitatis.
1987 3738 2030 3792 Ο
2079 3737 2329 3807 Spiritus
2369 3736 2577 3809 divini,
2627 3736 2807 3806 ignei,
2854 3734 3267 3803 intelligentes.
3300 3731 3433 3785 Ele—

54 3827 405 3893 mentorum
437 3825 648 3895 mundi
674 3825 1057 3883 ﬁrmamenta
1102 3841 1173 3881 ac
1230 3826 1623 3883 fundamenta
1653 3825 2015 3891 solidissima
2044 3823 2433 3894 Malignorum
2465 3824 2783 3895 spirituum
2815 3823 3013 3879 mallei
3050 3817 3435 3877 validissimi.

54 3913 177 3987 Qui
203 3914 503 3985 sapientes
526 3929 734 3987 sapere
764 3915 1011 3971 docetis.
1045 3915 1155 3981 Qui
1188 3915 1410 3983 sanctis
1454 3920 1519 3970 ut
1568 3915 1735 3970 terris
1789 3913 2026 3971 evolent
2056 3928 2287 3983 pennas
2320 3913 2558 3982 aptatis.
2591 3914 2635 3968 Ο
2659 3915 3009 3973 cunctarum
3066 3908 3243 3965 simul
3295 3921 3435 3976 gen-

54 4003 213 4058 tium
267 4002 552 4073 praesides
603 4002 835 4074 optimi,
911 4007 965 4060 et
1016 4004 1523 4076 providentissimi
1578 4007 1902 4069 curatores,
1963 4001 2155 4074 plebis
2207 4000 2568 4070 Angelorum
2626 4001 2867 4067 tribuni,
2924 3997 3435 4066 Archangelorum

52 4092 477 4163 imperatores.
505 4092 803 4165 Principes
832 4092 892 4149 in
949 4092 1404 4165 Principatibus,
1462 4096 1739 4164 potentes
1786 4092 1846 4159 in
1900 4089 2307 4151 Potestatibus,
2366 4088 2632 4145 valentes
2654 4090 2712 4144 in
2747 4088 3086 4152 Virtutibus,
3120 4085 3435 4149 dominan-

54 4186 151 4249 tes
176 4179 236 4235 in
280 4179 815 4255 Dominationibus,
844 4182 1215 4237 Thronorum
1247 4180 1727 4249 contubernales,
1757 4184 2097 4243 sanctorum
2130 4176 2445 4232 Cherubim
2470 4176 2815 4244 familiares,
2851 4181 2906 4243 et
2953 4174 3251 4247 supremis
3307 4188 3436 4227 om-

53 4269 234 4331 nium
270 4268 577 4341 Seraphim
607 4269 888 4342 aequales.
925 4271 967 4325 Ο
999 4271 1100 4342 qui
1122 4271 1415 4341 hymnum
1450 4270 1760 4338 trisagium
1782 4285 1914 4324 cum
1943 4268 2055 4322 illis
2098 4266 2402 4328 omnibus,
2446 4265 2537 4320 vel
2586 4282 2709 4337 prae
2736 4265 2849 4323 illis
2875 4264 3177 4329 omnibus,
3196 4260 3432 4321 mternis

58 4363 115 4412 et
154 4361 244 4412 ter
277 4356 665 4433 sanctissimis
691 4357 1202 4415 modulationibus
1227 4358 1392 4414 omni
1425 4359 1734 4429 sanctitate
1764 4356 2049 4413 Sanctiori
2078 4358 2195 4412 Deo
2226 4354 2559 4419 concinitis.
2584 4354 2819 4425 Replete
2850 4359 3069 4409 terram
3114 4366 3263 4423 pace
3312 4348 3430 4418 Dei,

54 4461 434 4502 consensum
477 4461 681 4502 verum
722 4452 777 4502 et
808 4446 1251 4521 conspirantem
1302 4446 1359 4501 in
1396 4463 1517 4501 uno
1568 4447 1667 4519 Dei
1713 4446 1947 4501 colendi
1992 4449 2170 4517 atque
2210 4443 2457 4513 amandi
2521 4443 2635 4498 ritu
2683 4442 3069 4498 concordiam
3101 4437 3374 4501 Ecclesiis
3402 4451 3434 4492 e

55 4534 218 4590 caelo
246 4539 585 4609 procurate.
616 4533 993 4608 Rejectisque
1016 4535 1278 4605 indignis
1326 4551 1357 4590 e
1398 4535 1609 4590 Christi
1662 4550 1932 4606 corpore,
1988 4534 2048 4588 in
2104 4548 2294 4587 unum
2326 4531 2630 4603 spriritum
2658 4546 3008 4603 novumque
3036 4545 3223 4595 unum
3246 4525 3435 4583 homi-

53 4639 205 4680 nem
232 4622 599 4697 reliquorum
632 4624 732 4681 Dei
756 4623 1022 4681 ﬁdelium
1070 4624 1511 4680 multitudinem
1542 4624 1883 4693 reformate.
1936 4622 2116 4679 Nobis
2160 4637 2299 4676 vero
2340 4624 2698 4691 praesentem
2745 4620 2991 4692 quidem
3042 4618 3223 4674 vitam
3270 4617 3330 4683 in
3374 4614 3436 4671 id

52 4710 231 4783 quod
256 4716 482 4769 rectum
513 4717 602 4771 est
630 4712 886 4789 dirigite,
922 4712 1339 4784 actionemque
1359 4717 1625 4769 nostram
1663 4727 1927 4781 omnem,
1970 4716 2025 4766 et
2056 4709 2500 4779 cogitationem,
2535 4712 2590 4763 et
2618 4707 2980 4767 locutionem
3018 4707 3097 4763 ad
3142 4706 3434 4767 amussim

53 4799 253 4879 divini
272 4800 629 4875 beneplaciti
650 4816 897 4875 prorsus
922 4800 1158 4877 exigite.
1188 4802 1325 4857 l‘um
1372 4801 1445 4858 ad
1499 4807 1833 4857 extremum
1881 4814 2223 4855 aerumnosa
2280 4797 2396 4853 ista
2449 4801 2505 4852 et
2552 4797 2772 4852 misera
2824 4795 3136 4865 defunctos
3194 4796 3314 4849 vita
3362 4807 3435 4847 ne

52 4907 180 4967 nos
214 4889 468 4946 funestis
517 4891 897 4961 tenebrarum
953 4891 1181 4959 angelis
1217 4906 1510 4960 magnum
1549 4891 1627 4947 ad
1659 4905 1864 4953 eorum
1907 4886 2197 4957 gaudium
2246 4884 2616 4958 relinquatis.
2668 4888 3082 4956 Nequaquam,
3110 4898 3147 4938 o
3177 4883 3434 4937 divinis—

56 4978 204 5034 simi
228 4968 471 5037 MiChael
492 4985 549 5053 et
577 4979 833 5055 Gabriel,
890 4994 987 5048 ne,
1042 4979 1291 5053 inquam
1362 4994 1457 5045 ne,
1508 4995 1717 5053 quaeso
1764 4993 1893 5041 vos,
1947 4991 2023 5031 ne
2066 4973 2553 5031 condonaveritis
2600 4973 2711 5029 illis
2766 4975 3032 5028 animam
3083 4970 3179 5026 Dei
3222 4969 3433 5026 laudes

58 5062 434 5143 cOnfessam,
464 5084 574 5145 vos
597 5084 734 5125 vero
760 5068 1061 5142 humiliter
1081 5084 1150 5124 ac
1182 5067 1528 5141 suppliciter
1574 5068 1980 5140 deprecatam,
2033 5063 2137 5119 sed
2191 5068 2371 5120 tetros
2433 5062 2677 5134 quidem
2732 5056 3037 5123 daemonas
3082 5060 3301 5117 minaci
3353 5062 3435 5114 at-

54 5144 187 5232 que
215 5144 508 5236 iracundo
534 5158 771 5236 fremitu
802 5156 1045 5235 rejicite,
1070 5157 1214 5236 mihi
1244 5167 1383 5211 vero
1416 5156 1746 5212 salvatores
1786 5160 1906 5209 este
1956 5152 2100 5208 boni
2161 5156 2218 5206 et
2259 5151 2479 5216 invicti,
2533 5154 2660 5206 tum
2714 5150 2792 5206 ad
2842 5165 3191 5222 supremum
3248 5151 3434 5204 Deum

58 5230 1043 5319 admissionalesmediatoresque
1069 5230 1245 5312 longe
1271 5244 1479 5317 optimi
1512 5243 1832 5300 Christum.
1882 5245 2082 5313 Neque
2138 5240 2303 5312 prius
2334 5239 2595 5295 desistite
2649 5240 2726 5295 ab
2779 5238 3154 5310 expediendo
3189 5237 3333 5293 mihi
3357 5236 3435 5293 ad

57 5349 210 5391 eum
237 5332 426 5401 aditu,
452 5320 639 5407 quam
671 5350 768 5391 me
815 5334 876 5389 in
913 5328 1105 5406 ipsam
1164 5331 1264 5401 Dei
1317 5332 1584 5405 requiem
1615 5331 1981 5391 induxeritis,
2025 5334 2081 5393 et
2113 5328 2338 5383 summi
2368 5332 2643 5383 votorum
2674 5326 2945 5382 omnium
2979 5330 3316 5399 compotem
3348 5325 3435 5380 fa-

60 5426 234 5477 ctum
257 5435 541 5497 supremo
564 5408 1035 5497 expetendorum
1068 5424 1123 5476 et
1146 5408 1585 5497 desideriorum
1622 5418 1729 5474 ﬁni
1760 5418 1967 5475 ultimo
2004 5432 2242 5471 summo
2295 5415 2458 5493 bono
2499 5431 2594 5470 me
2633 5414 3058 5489 conjunxeritis
3085 5415 3143 5469 in
3183 5413 3435 5485 gloriam

64 5510 289 5576 Patris,
324 5515 379 5583 et
408 5510 554 5591 Filii,
581 5516 639 5591 et
662 5512 851 5585 sancti
882 5496 1131 5582 Spiritus
1160 5496 1219 5589 in
1243 5507 1461 5585 saecula
1490 5506 1869 5577 saeculorum.
1900 5512 2104 5585 Arnen.
