3966 6324
44 380 213 442 1249

970 378 1347 442 MICHAELIS
1372 364 1764 438 ACOMINATI
1788 364 2110 437 MONODIA
2138 383 2210 441 IN
2234 380 2559 449 FRATREM

3275 411 3416 468 i250

105 548 125 563 .
173 512 312 570 είνας
368 512 485 568 ταῖς
538 507 734 581 τούτῳ.
757 552 769 565 .
791 552 804 566 .
874 504 1206 586 προσθήκαις
1260 509 1340 580 πείς
1394 505 1686 583 ἀκροτάτην
1722 500 1771 555 Α
1803 503 1894 553 καὶ
1922 503 1987 563 ὧς
2024 503 2202 605 λέαινα.
2228 507 2504 585 ἀρτιτόκος
2530 516 2623 579 τὰς
2673 518 2983 593 θηρωτικὰς
3017 526 3175 593 κύνας
3223 529 3418 605 βλοσυ.

58 594 427 671 φιλαδελφίαν
448 596 698 658 ἐλήλακα,
738 598 861 672 Οὐχ
881 596 1034 660 ἧττον
1083 599 1143 656 δι
1190 601 1420 663 κάκεῖνος
1469 599 1541 662 εἰς
1601 602 1690 657 τὴν

48 686 245 746 αὐτήν
306 689 579 762 ἠπεροχήν
636 685 866 743 ἐπέδωκε
915 697 1007 744 τοῦ
1069 690 1361 764 φιλ......
1454 690 1535 742 ὅτι
1612 691 1687 762 μὴ

48 780 162 828 καὶ
193 774 433 849 μάλιστα
460 779 525 838 ὡς
550 773 603 831 εὖ
650 779 880 852 πάσχων
930 778 1080 835 πλέον
1132 785 1163 840 ἤ
1232 777 1371 856 δρῶν
1450 777 1540 839 ἓως
1565 774 1687 852 παρ’

52 866 204 935 ἡμῖν
272 863 502 940 ἐτρέφετο
554 866 709 934 ἤθεσι
774 872 865 921 καὶ
948 871 1258 944 μαθήμασιν
1348 862 1690 943 ἐμπαιδοτρι·

60 952 359 1028 ϐούμενος.

143 1043 341 1097 Ἠνίκα
556 1045 698 1109 ἡμᾶς
744 1050 836 1120 μεν
893 1048 1038 1121 εἶχον
1095 1048 1347 1122 Ἀχῆναι,
1398 1046 1586 1102 ἐκεῖνον
1632 1043 1692 1101 δε

58 1138 217 1206 μέγα
249 1131 533 1208 δυνάμενον
564 1137 632 1189 τά
664 1134 920 1209 βασιλικὰ
970 1146 1261 1197 τηνικαῦτα
1308 1142 1395 1192 καὶ
1452 1142 1548 1197 τήν
1604 1137 1693 1190 τά-

64 1223 155 1287 ξιν
178 1231 276 1277 τοῦ
307 1224 363 1277 εὖ
390 1232 556 1278 ποιεῖν
598 1244 654 1279 τε
701 1231 790 1279 καὶ
845 1230 1079 1301 πάσχειν
1147 1225 1203 1288 δ,
1229 1271 1242 1286 .
1265 1272 1278 1286 .
1301 1272 1315 1287 .
1338 1273 1349 1285 .
1372 1273 1386 1287 .
1443 1228 1683 1301 ψάμεθα.

63 1314 314 1366 Ἐκείνου
371 1316 461 1386 μὲν
511 1316 612 1390 φάρ
668 1315 831 1370 πολλά
895 1321 985 1370 καὶ
1037 1317 1240 1392 μεγάλα
1287 1317 1538 1379 πολλάκις
1592 1315 1694 1389 ίγὼ

75 1421 140 1456 τε
199 1406 296 1455 καὶ
354 1403 573 1462 Ἀθῆναι
629 1400 845 1478 οἴδαμεν
925 1404 1236 1481 ἀπονήμενοι
1294 1428 1308 1442 ο
1378 1405 1561 1468 ἐκεῖνος
1636 1402 1696 1460 δὲ

76 1493 416 1564 agn...”
451 1489 834 1568 οὐδεήβαχύ,

155 1579 302 1639 Πλὴν
379 1585 468 1634 καὶ
517 1582 680 1644 οὕτως
756 1584 783 1635 ό
847 1590 936 1646 τῆς
1016 1581 1313 1658 φιλαδελίας
1403 1580 1698 1658 σύνδεσμος

74 1674 374 1743 ῡπέρτονος
400 1674 493 1724 καὶ
542 1669 733 1747 ἄρκτος
788 1670 977 1746 ἀμφοῖν
1035 1670 1316 1747 διεγένετο.
1366 1679 1427 1729 Ei.
1484 1671 1544 1729 δὲ
1608 1678 1697 1727 καὶ.

72 1778 144 1813 κο
157 1780 202 1812 ιν
218 1801 233 1817 .
255 1802 269 1816 .
292 1801 307 1816 .
328 1800 342 1815 .
366 1802 380 1816 .
401 1802 414 1815 .
437 1804 451 1818 .
473 1803 484 1816 .
508 1801 522 1817 .
608 1758 788 1832 ἐνίοτε,
844 1761 1112 1834 φιλητικόν
1166 1765 1268 1838 γὰρ
1321 1768 1411 1817 καὶ
1467 1763 1697 1817 ἑνοποιὸν

70 1853 140 1902 τό
204 1852 499 1923 συμπαθὲς,
584 1852 834 1924 πάρεστιν
928 1851 1319 1927 ἐπιλογίζεσθαι
1404 1854 1685 1912 οἵαν.....

72 1935 297 2009 ἀγάπης
474 1942 837 2013 πεπορίσμεθα

78 2028 200 2087 θεις
261 2022 467 2080 οὐδέπω
541 2032 1064 2105 προσταιρισάμενοι.
1147 2033 1277 2085 Οὔτε
1607 2033 1696 2085 εύ-

85 2118 336 2187 ρίσκοντ.
360 2159 373 2173 .
395 2157 409 2171 .
430 2157 444 2171 .
467 2159 481 2173 .
504 2159 515 2172 .
539 2157 552 2172 .
575 2158 588 2174 .
609 2158 623 2173 .
646 2160 659 2174 .
698 2137 871 2192 γημα.
936 2124 1102 2173 Μόνοι
1157 2116 1218 2174 δε
1272 2117 1697 2197 συνδιαφέροντες

81 2202 334 2267 ἀλλήλοις
372 2206 499 2279 ἡμῖν
559 2207 738 2270 αὐτοῖς
789 2210 857 2262 τά
916 2216 1011 2271 τῆς
1067 2209 1288 2274 ξεντείας
1343 2209 1553 2283 ἀλγεςνά
1605 2214 1696 2265 καὶ

81 2298 185 2353 την
231 2294 310 2348 ἐπ’
368 2291 673 2359 ἀλλοδαπῆς
736 2303 1044 2373 παροικίαν.
1066 2341 1081 2357 .
1103 2342 1117 2357 .
1141 2344 1153 2358 .
1175 2343 1190 2359 .
1214 2345 1225 2356 .
1326 2305 1695 2374 συνεικαμένης

86 2387 416 2458 στέργοντες,
483 2388 579 2439 Διά
631 2390 727 2445 τὴν
780 2387 993 2442 αὐτόθεν
1039 2388 1237 2443 πολλων
1286 2387 1520 2465 ἱδρὼτων
1573 2388 1696 2444 ἀντ-

86 2472 447 2547 αλαττομένην
500 2470 783 2529 παίδέυσιν
850 2474 913 2539 ἧς
969 2485 1087 2541 ταῖς
1168 2479 1529 2553 τεχνολογίαις
1610 2477 1696 2553 ἒμ-

86 2560 318 2634 μελετῶν
390 2563 775 2637 ....αξόμεθα.
836 2565 968 2639 Ἐγὼ
1022 2571 1113 2640 μεν
1166 2573 1285 2642 περὶ
1358 2565 1698 2623 διδασκάλῶν

85 2656 188 2704 καὶ
240 2653 372 2728 πρός
428 2654 493 2706 τά
546 2652 873 2730 πρεσϐύτερα
922 2664 1024 2709 τῶν
1066 2659 1387 2731 μαθημάτων
1430 2656 1699 2735 παραϐαλ-

86 2740 324 2813 λόμενος,
357 2737 464 2795 ὁδε
499 2744 622 2818 παρ’
662 2741 788 2818 ἐμοῦ
836 2750 928 2799 καὶ
982 2748 1207 2800 καθόσον
1264 2789 1277 2804 .
1299 2790 1313 2806 .
1335 2789 1349 2804 .
1370 2791 1384 2808 .
1406 2753 1547 2809 ,χίας
1601 2751 1699 2820 μία

87 2848 216 2903 τρον
269 2828 463 2903 ἕχὼροι
516 2835 964 2907 νεοττοτρούμενος
1044 2838 1171 2910 πρὸς
1255 2840 1315 2890 τό
1399 2836 1697 2913 τελεώτερον

90 2924 187 2972 καὶ
232 2919 403 2994 ἠρέμα
450 2923 813 2996 πτερούμενος,
867 2924 958 2986 ἕως
1010 2920 1104 2978 διά
1157 2944 1217 2979 το
1264 2934 1364 2979 τῶν
1417 2924 1700 2999 ἐγκυκλίων

93 3013 306 3070 καὶτῆς
335 3027 648 3082 σοφιστικης
701 3017 1006 3085 κουφισγεὶς
1061 3015 1169 3077 οἰός
1224 3034 1280 3068 τε
1337 3012 1398 3075 ἦν
1453 3014 1584 3069 κάπὶ
1635 3019 1702 3090 τά

99 3103 459 3173 μετεωρότερα
510 3104 601 3152 καὶ
681 3104 962 3177 σεμνότερα
1032 3105 1344 3180 θεωρήματα
1422 3107 1691 3181 φέρεσθαι.

174 3186 311 3241 Ἀλλ’
366 3185 570 3264 ἐπείπερ
622 3186 759 3261 τῷδε
808 3199 906 3253 τῆς
959 3190 1160 3255 ἁλικίας
1225 3191 1410 3268 ἀφῖκτο
1472 3190 1703 3269 ἀνδρού-

97 3294 257 3351 μονος
283 3274 333 3328 ἕν
454 3281 545 3330 καὶ
604 3286 705 3330 τῶν
756 3286 850 3332 τοῦ
904 3278 1027 3354 βίου
1076 3279 1211 3335 ὁδῶν
1266 3291 1477 3355 συχνῶν
1534 3283 1703 3337 οὐσῶν

95 3361 214 3419 ἔδει
231 3371 351 3438 μίαν
388 3364 624 3441 ἄγκρῖναι
679 3367 742 3426 ἣν
800 3411 816 3425 .
837 3407 850 3424 .
875 3412 889 3427 ,
909 3412 923 3426 .
946 3413 960 3428 .
981 3412 996 3428 .
1017 3414 1031 3429 .
1053 3415 1068 3429 .
1122 3371 1283 3444 αὐτῷ,
1332 3371 1552 3427 ἱνταύθα
1610 3417 1623 3430 .
1645 3415 1660 3429 .
1679 3413 1695 3429 .

264 3462 370 3516 πῶς
397 3455 459 3508 ἄν
491 3451 755 3532 ἀδακρυτὶ
806 3465 898 3520 τῆς
953 3463 1069 3514 τότε
1108 3466 1446 3535 καινοτομίας
1496 3466 1705 3536 μνήμην
1744 3472 1785 3527 C
1813 3454 1904 3504 καὶ
1967 3458 2240 3531 κοινοτέρῳ
2291 3456 2424 3517 ἔναυ.
2447 3503 2461 3518 .
2482 3503 2496 3518 .
2517 3504 2531 3519 .

95 3544 513 3617 ποιήσωμαι;ἡ
566 3551 744 3620 πρώτη
789 3556 881 3609 τῆς
936 3545 1248 3613 διαζεάξεως
1304 3551 1480 3623 σχίζα
1528 3550 1706 3605 τετόλ-

95 3652 270 3705 μηται
301 3676 316 3690 .
338 3676 350 3689 .
372 3675 385 3688 .
418 3634 449 3692 ἡ
479 3639 856 3708 ταυτογνὼμων
907 3633 1193 3711 ἀδελφικῆς
1255 3638 1489 3712 σχὲσεως
1545 3643 1705 3713 μονὰς

99 3718 453 3796 διαιριθεῖσαν
500 3723 618 3775 καθ’
674 3726 874 3799 αἰρεσιν
934 3724 1054 3799 βίου
1102 3723 1392 3782 δυάλεσθαι
1438 3728 1569 3800 Ἐγὼ

96 3812 204 3883 γὰρ
235 3810 327 3863 ἅτε
354 3816 474 3885 περὶ
499 3820 601 3864 τῶν
621 3816 806 3884 γονέων
863 3813 918 3867 ἇκ
964 3812 1163 3879 παιδος
1213 3819 1282 3881 ὡς
1335 3816 1555 3894 ἀπαρχὴ
1610 3826 1708 3880 τῆς

100 3897 303 3951 ἕκείνων
347 3905 668 3973 τεκνογονίας
740 3910 816 3975 τῷ
888 3905 1006 3976 ἱερῷ
1081 3907 1419 3979 καθιερωθεὶς
1500 3905 1707 3980 βήματι

99 3991 308 4062 πρέπων
347 3984 409 4046 ἦν
467 3985 749 4062 ἰδιαστικῷ
808 3991 913 4065 βίῷ
956 3998 1046 4046 καὶ
1094 3993 1395 4070 ἀπράγμονι
1446 4000 1536 4049 καὶ
1581 4000 1706 4069 μίαν

104 4076 369 4130 αἰτεῖσθαι
419 4082 535 4152 περὶ
586 4085 720 4132 Θεοῦ
758 4078 1165 4137 ἐπισκέπτεσθαι
1203 4087 1288 4137 τόν
1345 4084 1495 4156 ἅγιον
1544 4085 1706 4138 αὐτοῦ

105 4169 226 4219 νεὼν
271 4170 361 4218 καὶ
418 4163 592 4221 οὐδενὶ
647 4173 997 4242 προσανέχειν
1052 4169 1358 4249 ἀνθρωπίνῳ
1436 4175 1708 4248 πράγματι

109 4255 191 4307 ὅτι
227 4258 297 4327 μὴ
332 4261 502 4329 σχολῇ
535 4261 626 4311 καὶ
651 4254 853 4330 βίϐλοίς
872 4260 1296 4333 χαρίζεσθαι.Ὀ
1325 4258 1386 4316 δὲ
1435 4266 1566 4337 πρός
1611 4270 1705 4317 τοῦ

113 4345 201 4416 μὶν
241 4343 602 4416 σχολαστικοῦ
658 4349 749 4399 καὶ
802 4346 961 4418 ψιλὴν
1004 4351 1220 4427 θεωρίαν
1264 4358 1366 4404 τῶν
1409 4353 1569 4406 ὄντων
1619 4351 1709 4406 ἒπ-

115 4430 480 4505 αγγελλομίνου
505 4437 592 4487 τόν
621 4439 1086 4510 πρακτὶκευόμενον
1137 4443 1227 4492 καὶ
1282 4439 1568 4513 φιλόκοινον
1618 4446 1709 4495 καὶ

117 4521 351 4584 πλείονας
397 4522 807 4596 ύποαϐλλόμενον
841 4524 968 4588 ὕλας
1016 4534 1110 4580 τοῦ
1185 4527 1480 4603 φιλοσοφεῖν
1554 4528 1711 4604 ἔμϐια

120 4607 273 4663 είλετο
319 4609 412 4663 καί
439 4611 740 4671 ήσπασατο.
770 4612 881 4668 Ἲνα
928 4610 990 4668 δέ
1025 4619 1154 4692 πρός
1206 4620 1356 4692 ἔργου
1407 4618 1567 4672 αὐτοῦ
1617 4625 1709 4673 καὶ

117 4695 278 4751 εὔοδα
300 4701 369 4752 τά
390 4709 487 4762 τῆς
531 4704 822 4775 προθέσεως
879 4707 1098 4776 γένοιτο,
1157 4707 1603 4782 παρεοσκεξάζετό
1652 4729 1708 4764 τε

86 4810 89 4811 ν
115 4792 204 4841 καὶ
237 4792 544 4863 προσφόρως
568 4786 886 4863 ἐφωδιάζετο
915 4799 1005 4846 καὶ
1024 4796 1115 4867 μὲν
1143 4790 1209 4854 δὴ
1247 4800 1337 4848 καὶ
1385 4798 1455 4859 ὡς
1511 4800 1707 4873 ὄργανά

111 4894 226 4929 τινα
253 4876 417 4949 εὐφυᾶ
475 4881 566 4930 καὶ
614 4874 763 4942 δεξιά
814 4879 1071 4944 πολιτείας
1124 4889 1559 4961 μετακεχείριστο
1603 4886 1705 4961 ῥηι-

111 4969 323 5038 τορικὴν
372 4983 428 5019 τε
478 4971 569 5019 καὶ
618 4967 994 5042 νομοτρίϐειαν,
1062 4972 1186 5048 παρ’
1264 4971 1389 5045 ἐμοῦ
1468 4976 1558 5047 μὲν
1641 4978 1707 5029 τὰ

112 5061 293 5127 πρῶτα
376 5061 556 5128 σοφοῖς
631 5059 698 5109 τὰ
765 5056 1010 5113 πολιτικά
1102 5065 1192 5114 καὶ
1292 5060 1704 5136 πολυειδήμοσιν

114 5139 336 5218 ἀνδράσι
366 5146 756 5219 συνιστάμενος,
807 5150 940 5220 μέτά
988 5145 1046 5203 δε
1089 5155 1180 5204 καὶ
1234 5153 1376 5228 τύχῃ
1421 5155 1703 5228 χρησάμε-

111 5250 209 5293 νος.
239 5230 297 5286 ’Π
339 5229 399 5286 δὲ
442 5236 585 5307 τύχη
640 5233 831 5309 ἐπεφύη
888 5245 962 5309 τῷ
1013 5239 1235 5311 νεοθαλῷ
1298 5242 1387 5303 τὰς
1426 5240 1701 5315 βασιλείας

114 5318 327 5393 βλαστῷ
373 5324 445 5385 ὡς
494 5322 689 5396 σμίλαξ
735 5323 1106 5400 ἐπιπλοκομίνη
1177 5334 1268 5382 καὶ
1331 5337 1704 5404 συμπνίγουσα

110 5416 368 5483 γραφικῶς
413 5409 570 5465 εἰπεῖν
623 5413 654 5472 ἡ
709 5413 826 5467 κατ’
873 5412 1211 5491 Ἀνδρόνικον
1277 5424 1537 5495 τυραννίς,
1613 5425 1704 5475 καί

114 5493 181 5557 δὴ
210 5506 319 5562 τοῖς
347 5498 638 5572 βασιλείοις
666 5501 1008 5580 εἰσφθαρεῖσα
1033 5506 1114 5559 ὅτε
1164 5510 1255 5560 καὶ
1300 5493 1350 5560 ότ
1380 5507 1504 5582 ἐμός
1552 5505 1700 5564 ἀδελ-

113 5589 203 5659 φός
258 5595 365 5651 τοῖς
428 5587 735 5664 βασιλικοῖς
804 5593 1281 5670 ὑπογραμματούσι
1337 5601 1697 5675 συνετέτακτο,

110 5671 275 5755 δεινόν
334 5679 473 5741 Ξπνει
542 5684 635 5753 καὶ
704 5685 900 5756 παντὸς
954 5687 1159 5762 ,θηρίου
1230 5671 1697 5767 μεσανθρπὸτερον,

1797 592 2021 665 ρὼτερον
2051 594 2412 670 ύποϐλέπεται,
2465 603 2600 656 οὕτω
2642 604 2852 668 κάκείνη
2905 615 2951 665 ε¹ί
3002 635 3055 668 τι
3100 627 3196 683 τῆς
3223 592 3416 694 ’βασι-

1803 675 1822 694 η
1898 686 1920 694 _
2002 682 2023 694 Α
2197 690 2206 694 _
2335 685 2355 694 ,
2389 690 2414 694 __
2549 690 2571 694 _

1803 675 1949 741 λικῆς
1998 682 2267 759 θεραπείας
2323 685 2492 754 δεξιόν
2541 690 2602 753 ἦν
2686 702 2776 751 καὶ
2847 705 3035 756 πιστόν
3068 725 3083 739 σ

3133 708 3399 786 ὑφεωρᾶτο

1807 761 1867 819 δὲ
1892 773 1981 822 καὶ
2008 769 2057 823 ἐν
2090 772 2299 851 σπουδῇ
2351 779 2512 855 πολλῇ

2575 779 2715 857 εἶχεν
2773 787 3009 845 ἐκποδὼν
3061 800 3393 856 ποιήσασθαι

1804 859 1873 909 Τό
1925 864 2099 932 μέντοι
2146 869 2235 918 καὶ
2298 875 2526 942 συχνούς
2590 872 2664 928 ἐνί
2721 881 2780 950 γέ
2827 898 2897 953 τῳ
2957 886 3101 957 τόπῳ
3149 883 3416 944 διαλωϐω-

1804 957 1929 1027 ﬁam
1961 957 2232 1013 πεποίηκε.

1875 1040 2037 1092 Ταῦθ’
2088 1043 2218 1114 ὁρῶν
2251 1046 2277 1098 ό
2321 1051 2698 1128 μισοτύραννος
2758 1053 3004 1123 ἐκεῖνοςῆ
3072 1071 3418 1145 γενικώτερον

1804 1125 1958 1229 φάναι
2014 1137 2372 1212 μισοπόνηρος
2408 1139 2434 1190 ὁ
2488 1183 2501 1197 .
2523 1183 2537 1197 .
2560 1185 2572 1199 .
2596 1185 2608 1198 .
2631 1185 2645 1199 .
2666 1187 2681 1201 .
2743 1142 3131 1227 ἀνθρωποφάγῳ
3181 1125 3413 1232 τυράίσνῳ

1805 1213 1835 1271 ἦ
1867 1215 2143 1292 ὑπουργεῖν
2176 1232 2291 1287 ταῖς
2329 1224 2521 1282 ἐκείνου
2587 1240 2906 1307 μιαιφονίαις
2959 1244 3020 1293 τό
3073 1245 3165 1316 μὲν
3225 1213 3419 1319 θρασύ’

1805 1322 1969 1378 τερον,
2004 1312 2060 1361 τό
2120 1307 2179 1365 δὲ
2230 1312 2470 1380 ἀσεϐείας
2691 1324 2888 1398 όμιζεν.
2930 1328 3102 1404 Ἔγνω
3132 1329 3194 1388 δε
3240 1335 3416 1412 πόῥρω

1806 1398 1926 1458 Διός
1952 1396 2207 1454 ἵστασθαι
2231 1409 2317 1456 καὶ
2345 1413 2614 1482 κεραυνόν.’

1877 1482 2084 1585 Ἔνθεν*
2109 1509 2191 1543 τοι
2238 1494 2304 1546 τά
2389 1499 2481 1569 μεν
2561 1496 2806 1572 βασίλεια
2870 1502 2941 1569 ὡς
2990 1519 3265 1585 τυραννεῖα
3320 1517 3418 1570 καὶ

1806 1579 1992 1646 μηκέτι
2048 1575 2189 1649 βατά
2250 1590 2360 1645 τοῖς
2413 1604 2500 1658 γε.
2525 1629 2573 1644 ..
2745 1591 2909 1647 σεϐεῖν
2962 1596 3226 1655 ἐθέλουσιν
3280 1603 3420 1659 ἀντι-

1806 1668 2139 1740 περιίσταται
2174 1676 2264 1725 καὶ
2321 1675 2405 1727 ἐπὶ
2443 1680 2539 1736 τήν
2588 1687 2688 1733 τῶν
2740 1694 2966 1757 νομικῶν
3020 1686 3208 1745 δελτων
3260 1693 3416 1750 αὐτοά

1806 1753 2000 1826 μολ...
2062 1758 2273 1831 μελέτην
2351 1769 2442 1819 καὶ
2522 1766 2821 1844 ἐπιστήμην
2868 1780 2959 1830 καί
3001 1776 3282 1853 βασιλείων
3326 1804 3416 1839 τυ-

1804 1850 2156 1946 ραννουμένων
2205 1860 2430 1923 μουσεῖα
2502 1860 2670 1930 νόμων
2756 1867 2846 1916 καὶ
2913 1850 3108 1941 ἀρχεῖα
3181 1869 3416 1946 Θέμιδος

1808 1929 2223 2010 ἀνταλλάττεται,
2286 1945 2379 1994 καὶ
2466 1940 2533 2004 δή
2564 1929 2569 1930 ⁷
2606 1950 2675 2001 τὰ
2726 1943 2777 2002 ἕν
2839 1929 3108 2030 διφθέραις
3164 1929 3265 2014 δι’.
3297 1962 3417 2018 ἀναὶ

1805 2028 2043 2094 γνώσεως
2130 2027 2409 2100 φιλοπόνως
2492 2032 2855 2112 ἀναλεγόμενος
2937 2027 3188 2112 ..⁷...αῖς
3258 2051 3417 2117 πλαξ-

1804 2119 1903 2174 τῆς
1953 2113 2138 2168 ἑαυτοῦ
2183 2115 2410 2195 καρδίας
2459 2129 2864 2203 μεταγράφεται,
2909 2139 2999 2188 καὶ
3045 2137 3233 2214 κύρϐις
3283 2113 3412 2205 ἀπο·

1804 2200 2026 2255 τελεῖται
2070 2208 2378 2278 νομοθεσίας
2435 2210 2585 2272 ζῶσα
2639 2221 2730 2270 καὶ
2767 2218 2903 2283 ἄξων
2956 2200 3220 2300 ἔμψυχος.
3278 2227 3410 2286 Εἶτα

1808 2287 2077 2363 βασιλείας
2148 2293 2184 2349 δ
2188 2295 2280 2351 ιαδ
2283 2298 2530 2373 εξαμένης
2588 2346 2602 2360 .
2625 2349 2639 2364 .
2661 2349 2674 2362 .
2695 2349 2709 2364 .
2733 2311 2789 2364 ,ὑ
2827 2287 3142 2386 τυραννίδα-
3170 2316 3401 2375 ἐπάνεισι

1805 2377 1897 2436 κά.
1990 2423 2004 2437 .
2026 2425 2039 2439 .
2061 2425 2075 2440 .
2099 2429 2110 2440 .
2150 2388 2218 2439 τά
2256 2385 2519 2460 βασίλεια.
2549 2396 2744 2467 Χρῆμά
2771 2416 2825 2451 τι
2881 2377 3070 2456 πολλοῦ
3117 2405 3263 2469 οἰξιον
3313 2415 3406 2464 καὶ

1808 2466 2091 2542 σνμδαῖνον
2164 2473 2214 2527 ἐν
2267 2481 2407 2551 νόμῳ
2459 2480 2749 2547 πολικτείας
2814 2485 3101 2546 ἐπιστασία
3153 2500 3410 2572 τοσούτῳ,

1815 2570 2081 2646 ἶ
2166 2567 2295 2637 χθες
2368 2568 2644 2646 τυραννίδι
2699 2573 2937 2641 ἀντίξουν
2986 2578 3159 2638 ἐδόκει
3212 2591 3302 2642 καὶ

1808 2643 2094 2727 διαμέτρου
2132 2650 2418 2713 ἀντίθετον.

1878 2744 2075 2835 ΤοῦτοΔ
2100 2747 2190 2797 καὶ
2255 2744 2414 2804 ἄλλην
2463 2745 2639 2825 ἀρχὴν
2692 2752 2873 2809 ἄλλοτε
2930 2762 3132 2835 κόσμου
3177 2764 3414 2829 ἠξιοῦτο.

1808 2828 1885 2882 Οὐ
1914 2835 2017 2903 μήν
2045 2826 2104 2886 δε
2128 2831 2364 2889 ἀλλὰκαὶ
2393 2845 2492 2890 τῶν
2546 2838 2595 2892 ἓν
2627 2845 2811 2918 Θρᾴκη
2868 2826 3091 2904 πολλεων
3140 2826 3418 2928 ἁρμοστής

1806 2922 1898 2971 καὶ
1962 2927 2058 2971 τῶν
2139 2919 2303 2977 ἐκεῖσε
2387 2938 2675 2997 στρατικῶν
2764 2936 3051 3001 συντάξεων
3135 2919 3417 3017 διάνομεύς

1808 2999 2088 3101 ἐστέλλετο,
2150 3008 2304 3065 Ἀλλά
2350 3020 2519 3068 ταῦτα
2565 3020 2657 3090 μὲν
2712 3030 2886 3096 μικρῷ
2938 2999 3177 3101 ύστερον.
3229 2999 3412 3090 Ἦνίκά

1811 3087 1871 3191 δὲ
1915 3095 2020 3191 καὶ.
2061 3094 2185 3169 βίου
2216 3098 2391 3175 ἀρχὴν
2430 3087 2867 3191 *καταϐάλλεσθαί
2894 3114 3009 3186 μεθ’
3064 3087 3214 3191 ήμῶν
3268 3087 3411 3178 ini;

1808 3180 1968 3252 ψατο,
2000 3182 2109 3238 ἔπει
2132 3192 2264 3262 χρὴ,
2311 3190 2367 3243 εὖ
2395 3188 2538 3259 οῖδα,
2573 3191 2904 3255 διατίθεσθαι
2933 3208 3025 3258 καὶ
3081 3209 3199 3261 καθ’
3230 3209 3414 3267 ἑαυτὸν

1812 3269 2104 3378 σπουδαῖον
2151 3273 2280 3332 εἶναι
2333 3285 2424 3334 καὶ
2473 3283 2540 3345 ὡς
2585 3287 2636 3339 ἓν
2692 3307 2796 3341 τινι
2847 3298 3017 3369 μικρᾷ
3069 3296 3305 3374 πολιτείᾳ
3347 3310 3411 3378 τῇ

1814 3356 1929 3434 ἰδίᾳ
2001 3363 2142 3437 οἰκίᾳ
2230 3366 2668 3446 ίγγεγυνασμίνον
2741 3380 2829 3431 τόν
2847 3356 2860 3364 υ
2898 3356 3147 3453 μέλλοντα
3209 3356 3416 3464 μεγάλῷ

2598 3473 2727 3539 κιμῆ
2735 3485 2828 3521 σαι
2885 3470 3228 3548 πολιτεύματι
3277 3478 3415 3534 οἶκον

1812 3544 2090 3614 πρώτιστα
2160 3545 2291 3616 ἔγνω
2371 3555 2746 3611 συστήσασθαι
2820 3544 3138 3635 ἀγαγόμενος
3192 3575 3418 3638 γυναῖκα

1813 3632 1903 3687 τὴν
1959 3635 2086 3700 περὶ
2140 3640 2272 3723 Θεοῦ
2330 3632 2614 3712 δεδομένην
2661 3632 2937 3720 οἰκωφελή
2970 3632 3168 3723 βοηθόν
3198 3632 3228 3713 τ.
3249 3699 3263 3714 .
3285 3701 3298 3715 .
3391 3701 3406 3718 ,

1818 3719 2099 3793 ζευγμένην
2152 3722 2225 3786 εἰς
2276 3726 2599 3803 όμοσαρκίαν
2649 3719 2981 3811 παιδουργόν
3016 3761 3073 3795 τε
3124 3749 3214 3799 καὶ
3265 3744 3418 3804 ἀδιά-

1819 3827 2070 3881 σπακτον,
2150 3817 2240 3866 καὶ
2294 3819 2388 3875 τήν
2469 3821 2655 3873 τούτου
2704 3833 3094 3905 συμπεριφορὰν
3146 3839 3413 3913 προῦργου

1814 3901 2146 3956 ποιήσασθαι
2190 3906 2265 3975 μὴ
2325 3909 2415 3958 καὶ
2479 3918 2705 3981 ποιμανῆ
2747 3953 2762 3968 .
2785 3955 2797 3968 .
2821 3957 2832 3969 .
2855 3956 2906 3972 ..
2944 3901 3082 3973 κατὰ
3142 3901 3202 3975 τό
3257 3901 3448 4000 σοφόν.

1816 3984 2145 4062 ἀπόφθεγμα.
2210 3990 2300 4055 Ὠς
2365 3990 2455 4046 οὖν
2526 3997 2622 4050 οὐκ
2685 3996 2880 4064 ἄδηλος
2979 4002 3041 4065 ήν
3108 4018 3219 4074 τοῖς
3294 3984 3417 4070 τέο).-

1815 4073 1925 4137 λοῖς
1959 4084 2110 4130 τοῦτο
2163 4083 2493 4155 προθέμενος,
2541 4095 2648 4149 πῶς
2700 4087 2762 4141 ἂν
2806 4087 3172 4168 διηγησαίμην
3227 4103 3415 4162 ὀπόσοι

1816 4170 1906 4220 καὶ
1932 4167 2071 4230 ὅπως
2108 4212 2119 4224 .
2143 4213 2154 4224 .
2176 4212 2189 4226 .
2212 4211 2227 4227 .
2247 4211 2260 4226 .
2319 4172 2444 4245 ἡμῖν
2501 4172 2895 4235 ἐσπουδάκασιν
2928 4199 2942 4251 ;
2975 4185 3035 4239 οὐ
3090 4193 3239 4245 τόσοι
3293 4202 3416 4273 περὶ

1862 4259 1873 4273 .
1992 4262 2036 4273 ..
2129 4256 2148 4273 κ
2170 4261 2181 4272 .
2562 4272 2567 4273 ,
2760 4267 2771 4273 -

1815 4259 1911 4359 τήν
1992 4256 2290 4360 Πηνελόπην
2373 4272 2666 4341 μνηστῆρες
2750 4267 3043 4344 ἐκώμασαν,
3123 4280 3242 4334 ὅσοι
3295 4256 3416 4360 περὶ

1817 4342 2005 4399 ἐκεῖνον
2049 4343 2247 4444 σχεδόν
2310 4368 2376 4444 τι⁸
2406 4356 2549 4411 συνέ.
2571 4396 2584 4410 .
2606 4396 2620 4412 .
2641 4398 2656 4415 .
2677 4396 2693 4412 .
2749 4342 3004 4435 φαγήωγοί.
3028 4342 3036 4344 ν
3060 4369 3126 4420 Οἱ
3179 4373 3271 4444 μὶν
3327 4342 3416 4434 θυ-

1815 4437 2039 4536 γατέρας
2117 4432 2235 4490 οὐδ’
2611 4432 2978 4536 μνηστεύοντες
3072 4432 3417 4536 ἁμιλλώμενοι

1818 4521 2058 4586 ἀλλήλοις
2128 4530 2217 4578 καὶ
2253 4527 2569 4618 ⁸φιλοτίμως
2634 4521 3159 4618 ἀντεπιδεικνύμενόι,
3211 4521 3288 4604 διζ
3346 4555 3413 4606 ὧν

1816 4614 2033 4676 ἕκαστος
2099 4612 2160 4666 ἂν
2241 4612 2488 4679 δυνηθείη
2548 4624 2636 4675 τόν
2676 4612 3043 4704 περιμάχητόν
3102 4612 3187 4692 καὶ
3234 4641 3415 4697 πολυί-

1815 4721 2010 4796 ραστον
2102 4723 2288 4796 νυμφι.
2311 4748 2325 4762 .
2346 4749 2359 4763 .
2381 4748 2395 4764 .
2416 4749 2432 4767 .
2451 4750 2466 4766 .
2488 4752 2502 4766 .
2523 4754 2539 4769 .
2561 4754 2575 4769 .
2660 4720 2989 4790 περιφάνειαν
3088 4727 3118 4785 ᾖ
3195 4730 3413 4796 κάλλους

1815 4790 2158 4868 λαμπρότητα
2226 4795 2257 4855 ἦ
2307 4800 2397 4849 καὶ
2449 4796 2714 4877 ἀμφότερα
2762 4807 3142 4880 προύϐάλλοντο
3188 4835 3203 4850 ο
3251 4820 3301 4871 οἱ
3352 4790 3414 4874 δέ

1816 4890 2006 4957 φρενῶν
2097 4882 2252 4943 ὁλκὴν
2315 4883 2608 4964 βαρυτέραν
2697 4890 3018 4958 ἀντεηη..
3108 4905 3178 4965 ὡς
3248 4904 3410 4979 κάμοὶ

1813 4973 2103 5046 πράγματα
2141 4977 2392 5050 παρέχειν
2421 4981 2509 5030 τόν
2553 4975 2774 5055 ἀδελφόν
2811 4982 2860 5037 ἓν
2913 4985 3224 5066 ἀμφηρίστῳ
3267 4973 3411 5068 γενό-

1813 5079 1962 5132 μενον
1986 5065 2077 5115 καὶ
2114 5066 2208 5121 τήν
2255 5068 2430 5139 κρίσιν
2459 5064 2838 5143 ἀνατιθέμενον.
2895 5074 3142 5144 Κάκεῖνος
3192 5064 3406 5161 δὲνπρό

1812 5153 2013 5205 πάντων
2083 5150 2288 5206 Dicam
2349 5155 2617 5228 φάσκοντα
2664 5158 2691 5212 ὃ
2737 5159 2799 5213 ἀν
2882 5165 3028 5239 ἡμεῖς
3079 5150 3407 5248 ἐγκρινοῦμεν

1812 5243 2245 5315 καταγεύσαντες.

1872 5330 1972 5395 Ὧς
1998 5331 2182 5405 ψυχῆς
2242 5328 2559 5425 φιλαδίλφης
2604 5342 2695 5393 καὶ
2740 5349 3096 5413 πιστευούσης
3149 5349 3290 5425 ἔμοι.
3311 5397 3326 5412 .
3347 5397 3361 5412 .
3382 5396 3401 5413 .

1808 5421 1981 5476 πάντα
2014 5426 2225 5474 καὶτοῦ
2277 5422 2527 5517 ἡμετέρου
2578 5427 2678 5481 ὅσα
2729 5435 2816 5484 καὶ
2868 5435 3006 5490 θείου
3062 5421 3408 5517 ἐξηρτημένης

1811 5509 2141 5586 βουλήματος
2170 5530 2183 5544 ο
2214 5512 2334 5564 ἔνθα
2355 5507 2424 5572 δή
2453 5518 2544 5567 καὶ
2590 5516 2914 5591 εὐαγίστατα
2943 5507 3223 5604 διεδείχθη
3253 5507 3408 5600 ’ὅπως

1806 5600 1976 5698 τὶμόν.
1995 5602 2120 5698 θρίμ
2131 5640 2183 5698 ἒ..
2203 5640 2220 5658 .
2238 5640 2254 5657 .
2283 5605 2382 5698 ’καὶ
2409 5607 2527 5698 περὶ
2553 5607 2614 5698 τό
2662 5618 2857 5698 χρῆμα
2882 5621 2974 5677 τῆς
3031 5600 3220 5695 ἀρετῆς
3268 5620 3404 5698 εἶχε.

1808 5695 1913 5749 Καὶ
1948 5693 2018 5758 ὡς
2054 5686 2215 5748 οὐδὲν
2233 5689 2374 5768 αὐτῷ
2419 5691 2653 5771 ἐνόμιζεν
2695 5686 3079 5784 ineptia-ope;
3112 5719 3237 5770 τῶν·
3266 5686 3408 5792 πξῐὶ.
