3966 6324
572 377 704 459 lis!

569 547 668 578 των
716 514 911 580 οῦδ...
956 522 1013 575 ού
1043 541 1083 573 π
1112 521 1310 588 ολῡτον,
1369 515 1485 571 οὐδ’
1535 518 1688 579 ἄλλος
1729 537 1743 549 ο

571 613 721 682 δόξα,
743 618 832 666 καὶ
859 613 1003 664 ταῦτ’
1037 609 1084 662 ἐν
1114 609 1294 681 ἡλικίᾳ
1330 617 1428 660 τῶν
1472 609 1717 660 τοιούτων
1776 604 2026 674 ἆλωσίμῳ
2076 606 2171 653 καὶ

565 701 816 774 ἀγωγίμῴ
898 695 1217 774 περιθέρμων
1293 698 1492 771 ἐρώτων
1575 694 2031 767 φιλοκτημοσύνης
2116 709 2171 742 τε

568 796 655 844 καὶ
691 790 944 861 εὐγενείας
981 791 1070 839 καί¹
1107 786 1360 860 λαμπρῶν
1395 787 1672 857 σωμάτων,

636 882 844 932 Πάντων
901 879 1000 950 γὰρ
1057 883 1156 927 τῶν
1212 879 1602 947 μνηστευόντων
1656 875 1745 924 καὶ
1803 871 2169 940 κατεγγυωμέ-

563 990 660 1021 νων
711 966 1014 1040 ὀλϐιώτερος
1061 967 1239 1037 φερνός
1304 959 1564 1036 ὑπεριδὼν
1619 960 1810 1030 εὐγενεῖ
1863 962 1956 1010 καὶ
2015 975 2170 1030 μεγα-

563 1059 769 1129 λόφρονι
848 1054 1084 1125 λογισμῷ
1141 1055 1302 1123 μόνης
1354 1051 1556 1107 ἡττήθη
1625 1056 1714 1108 τῆς
1779 1045 2168 1116 καλοκαγαθίας

562 1155 663 1198 τῶν
703 1139 956 1216 ἀοιδίμων
999 1139 1444 1213 βελισσαριωτῶν,
1497 1137 1586 1198 οὓς
1646 1139 1676 1195 ἡ
1711 1135 1842 1193 αὑτὴ
1914 1131 2164 1207 διατριϐὴ

562 1240 651 1286 καὶ
689 1237 930 1285 κοινωνία
977 1239 1076 1282 τῶν
1135 1229 1301 1280 αύτῶν
1363 1224 1702 1279 διδασκάλων
1761 1229 1851 1276 καὶ
1916 1224 2166 1295 μαθημά-

563 1343 663 1375 των
749 1325 1144 1391 συνῳκειώσατο
1218 1321 1307 1368 καὶ
1347 1316 1417 1377 εἰς
1499 1315 1671 1387 φίλους
1723 1313 1964 1387 εταίρους
2004 1311 2165 1383 ἐφήρ-

563 1431 737 1484 μοσεν.
809 1409 1044 1462 Ἐκείνων
1123 1409 1224 1478 γὰρ
1301 1402 1527 1476 ἀδελφὴν
1585 1407 1702 1475 περὶ
1761 1405 1926 1474 μητρὶ
1992 1399 2162 1471 ἁγαθῇ

560 1502 871 1573 τρεφομένην
945 1501 1034 1548 καὶ
1107 1495 1522 1566 Θαλαμευομένην
1600 1490 1919 1562 ἐνύμφευσα,
1995 1491 2167 1573 ὅμοιος

563 1571 763 1660 ὁμοίοις
815 1585 1122 1658 ἆνακραθεὶς
1169 1583 1226 1635 οὐ
1289 1587 1442 1634 τόσον
1501 1583 1636 1632 κατὰ
1692 1574 1859 1639 κῆδος
1908 1579 2034 1630 ὅσον
2093 1571 2166 1627 δι’

562 1678 864 1741 όμοὴθειαν.
892 1672 1094 1746 Ἀμέλει
1122 1691 1204 1724 τοι
1254 1673 1322 1732 ὡς
1363 1666 1575 1741 ἀδελφοὶ
1631 1667 1852 1739 ψυχαῖς,
1887 1669 1953 1726 ὡς
2009 1661 2168 1717 ἀδελ-

563 1769 648 1838 φοὶ
687 1770 919 1835 σώμασι,
953 1766 1221 1832 κατῴκουν
1251 1759 1334 1812 επὶ
1374 1760 1431 1810 τό
1477 1758 1602 1809 αύτό
1654 1759 1888 1829 όμέστιοι
1923 1760 2014 1806 καὶ
2065 1751 2168 1804 ἀπὸ

561 1863 652 1914 τῆς
704 1852 864 1911 αὐτῆς
918 1850 1183 1923 τραπεζης
1233 1851 1455 1922 όσμέραι
1523 1848 1838 1917 σιτούμενοι,
1891 1847 2163 1917 χαίροντες

561 1949 671 2002 τοῖς
735 1939 925 2006 αὑτοῖς,
1014 1936 1427 2010 ἀπεχθανόμενοι
1493 1943 1602 1997 τοῖς
1665 1934 1863 1995 αὐτοῖς,
1934 1931 2171 1992 ἀπιόντες

567 2030 680 2103 οἶμα
735 2030 808 2090 εἰς
865 2025 1229 2091 δικαπολεία,
1298 2024 1365 2085 εἰς
1413 2027 1542 2097 ἱερὰ,
1591 2023 1657 2084 εἰς
1709 2024 2044 2096 πανηγύρεις,
2098 2021 2170 2080 εἰς

561 2123 629 2173 τὰ
663 2117 930 2192 βασίλεια,
987 2114 1221 2167 κάκεῖθεν
1255 2111 1408 2174 αὖθις
1460 2111 1749 2172 ἐπανιόντες
1779 2110 1838 2162 ού
1895 2109 2014 2161 καθ’
2060 2109 2167 2175 ἕνα,

571 2206 678 2262 ἀλλ’
710 2205 993 2280 ὁμόστολον
1022 2209 1113 2256 καὶ
1166 2203 1253 2256 ὑπ’
1308 2201 1536 2260 ἀλλήλων
1595 2197 2031 2276 δορυφορούμενοι
2079 2201 2169 2249 καὶ

559 2299 929 2368 κοσμούμενοι,
1026 2289 1325 2364 σύνδεσμος
1401 2297 1700 2360 συγγενείας
1787 2287 2017 2348 ζηλωτός
2080 2290 2170 2338 καὶ

560 2389 885 2459 μακαριστόν
944 2381 1288 2453 ἁγχίστευμα
1349 2379 1399 2430 ἐν
1455 2385 1566 2438 τοίς
1621 2377 1858 2428 ἁπάντων
1919 2379 2168 2446 στόμασι,

563 2480 652 2528 καὶ
679 2470 1086 2546 παραδείγματα
1135 2470 1471 2540 σωφροσύνης
1527 2463 1561 2519 δ
1567 2477 1767 2537 ιαφανε.
1791 2508 1802 2521 .
1827 2507 1840 2519 .
1862 2507 1874 2520 .
1929 2467 2170 2536 προσκεί-

561 2582 723 2634 μενοι,
775 2569 897 2613 Βιου
948 2563 1036 2630 μὲν
1089 2557 1396 2628 ἀνυμεναίου
1444 2561 1534 2607 καὶ
1579 2555 1773 2625 ἄζυγος
1803 2555 1834 2611 ἡ
1891 2548 2172 2614 διαϐόητος

562 2659 661 2703 τῶν
715 2645 948 2720 ἀδελφῶν
1015 2646 1227 2719 ξυνωρίς
1273 2666 1286 2678 ·
1326 2647 1498 2715 γάμου
1561 2647 1652 2694 καὶ
1702 2646 1878 2713 τιμίου
1931 2641 1981 2693 ἐν
2036 2645 2172 2693 πᾶσι

562 2744 654 2791 καὶ
709 2756 868 2792 κο...
930 2741 1183 2807 αμίαντου
1237 2736 1264 2786 ό
1320 2732 1519 2785 ἐκείνων
1581 2727 1869 2799 κηδεστής,
1941 2729 2062 2801 ἐμὸς
2117 2727 2170 2782 δ’

561 2824 802 2898 ἀδελφός.
825 2824 1003 2884 Οὕτως
1037 2822 1087 2886 ἐς
1133 2824 1291 2896 ἄκρον
1357 2821 1538 2894 μυελόν
1578 2819 1767 2892 ψυχῆς
1814 2823 2167 2891 συντακέντες,

561 2919 632 2977 ὡς
659 2917 750 2987 ἔφη
778 2932 860 2973 τις
885 2913 958 2972 εἰς
1004 2907 1053 2964 ἓν
1107 2911 1257 2984 ἐκρα.
1281 2954 1292 2966 .
1317 2952 1330 2964 .
1392 2913 1686 2981 σύνταγμα,
1749 2912 1874 2982 Περὶ
1920 2916 2169 2959 τοσοῦτον

564 3004 824 3079 ἀχριστον
880 3007 1076 3074 πρόσον
1136 3000 1548 3073 βελισσαριῶται
1615 3000 1704 3070 μὲν
1754 2999 1823 3057 ὡς
1893 2999 1960 3048 τὰ
2005 2995 2169 3049 πολλὰ

562 3098 686 3146 εἴσω
739 3101 835 3154 τῆς
882 3090 1268 3164 μεγαλοπόλεως
1315 3092 1381 3140 τὰ
1426 3092 1725 3162 πρόσφορα.
1784 3129 1797 3142 .
1843 3083 1987 3158 εἶχον
2036 3085 2167 3149 ἁξώ-

563 3201 717 3254 μασι,
771 3177 1201 3233 διεπολιτεύοντο.
1261 3177 1320 3230 Ὀ
1390 3174 1450 3229 δι
1519 3174 1637 3248 ἐμός
1694 3171 1912 3247 ἁδελφὸς
1961 3180 2051 3227 καὶ
2097 3175 2168 3236 εἰς

559 3269 825 3343 ἐπαρχίας
879 3273 970 3321 καὶ
1019 3271 1113 3328 τὰς
1160 3267 1255 3330 ἔξω
1284 3265 1475 3329 πόλεις,
1517 3268 1582 3325 ὡς
1631 3267 1854 3338 εἴρηται,
1908 3263 2030 3336 παρ’
2070 3263 2164 3314 ἄλ-

559 3358 674 3411 λοτε
721 3357 836 3411 ἀλλ.
861 3399 872 3411 .
896 3399 943 3413 ..
1009 3361 1098 3408 καὶ
1158 3352 1415 3426 βασιλέων
1457 3352 1735 3405 ἐστέλλετο.
1777 3352 1999 3424 Δημόσι’
2033 3352 2166 3404 ἅττα

561 3443 862 3498 έπιτελέσων
940 3443 1378 3516 λειτουργήματα.
1452 3440 1512 3492 Ὀ
1581 3441 1682 3513 γάρ
1755 3457 1836 3492 τοι
1891 3438 2166 3511 φιλομετά-

561 3533 710 3592 ϐόλος
793 3530 917 3583 αἰὼν
981 3529 1170 3602 βασιλ.
1193 3572 1204 3584 .
1227 3573 1239 3587 .
1265 3573 1275 3584 .
1299 3571 1312 3584 .
1334 3571 1346 3584 .
1371 3573 1382 3584 .
1470 3533 1738 3601 περιόντας
1820 3534 1911 3587 τῆς
1987 3526 2164 3601 ἀρχῆς

561 3620 838 3694 παρέλυσε,
925 3623 1016 3670 καὶ
1101 3619 1246 3692 παρὰ
1318 3624 1417 3669 τῶν
1483 3615 1708 3688 έχόντών
1790 3615 2028 3688 ἁρπάσας
2100 3619 2166 3669 τὰ

565 3715 812 3781 σκῆπτρα
897 3706 1104 3778 ἑτέροις,
1181 3709 1271 3757 καὶ
1347 3705 1470 3776 παρ’
1572 3703 1740 3755 αὐτῶν
1821 3702 2056 3765 ἄλλοις..

559 3795 870 3870 ἐνεχείρισε.
907 3794 1045 3866 Ἐμῷ
1091 3789 1298 3865 ἀδελφῷ
1347 3795 1415 3846 τὰ
1459 3799 1551 3853 τῆς
1607 3795 1767 3864 τιμῆς
1825 3796 1915 3844 καὶ
1967 3792 2163 3844 οἰκειώ-

559 3886 742 3946 σεωςή
781 3888 1008 3954 συνεχὴς
1055 3883 1184 3940 αὕτη
1237 3890 1337 3934 τῶν
1369 3880 1627 3954 βασιλέων
1683 3876 1717 3932 δ
1724 3876 1923 3952 ιαδοχὴ
1977 3877 2162 3938 διετὴ-

553 3993 712 4048 ρησεν
740 3969 1038 4044 ἁδιάδοχα,
1071 3970 1260 4044 μᾶλλον
1296 3966 1356 4022 δε
1387 3968 1504 4033 ἐξῆς
1548 3967 1628 4022 ἀεὶ
1670 3973 1786 4030 τοὺς
1855 3972 1957 4042 πρὸ
1987 3968 2156 4020 αὐτῶν

553 4070 617 4135 τῇ
672 4066 794 4136 περὶ
857 4061 1044 4114 ἐκεῖνον
1107 4059 1278 4132 εὐνοίᾳ
1327 4057 1658 4132 ὑπερϐάλλειν
1713 4060 1885 4133 ὥσπερ
1945 4057 2160 4130 φιλονει-

553 4158 778 4217 κοῦντες,
842 4154 910 4203 τὰ
991 4156 1082 4209 τῆς
1155 4145 1312 4210 δόξης
1377 4146 1645 4201 έπέτεινον.
1735 4149 1804 4200 Τὸ
1871 4165 1999 4201 π....
2066 4155 2160 4208 τῆς

555 4237 741 4312 ἀρετῆς
818 4245 909 4292 τοῦ
985 4233 1172 4311 ἀνδρὸς
1248 4232 1666 4307 δυσωπούμενοι,
1743 4233 1910 4295 ἄλλως
1955 4253 2011 4286 τε
2066 4241 2157 4288 καί

554 4326 735 4398 ὕφεσιν
774 4335 866 4386 τῆς
911 4326 1100 4385 οἰκείας
1154 4323 1330 4397 ἀρχῆς
1376 4328 1469 4382 τὴν
1509 4325 1776 4398 ὑφαίρεσιν
1823 4331 1914 4384 τῆς
1962 4325 2154 4376 ἐκείνου

552 4422 708 4485 τιμῆς
732 4415 923 4488 ἄριστα
946 4431 1230 4487 κρινοντες.
1253 4410 1349 4467 Ἦ.
1372 4455 1385 4468 .
1401 4453 1415 4467 .
1447 4413 1498 4463 οἱ
1523 4410 1706 4463 πολλοὶ
1742 4419 1844 4463 τῶν
1889 4411 2156 4483 ἀγεύστων

556 4498 716 4564 δόξης
758 4506 847 4554 καὶ
902 4500 1250 4576 ἀφανεστέραν
1304 4502 1476 4572 τύχην
1537 4498 1808 4571 λαχόντων
1871 4504 1960 4552 καὶ
2011 4501 2156 4552 οὗτοι

2059 358 2400 445 ADbﬁNbA

1802 514 1860 567 ού
1914 517 2057 584 γένος
2113 512 2172 563 οὑ
2204 509 2253 573 Α
2285 507 2344 565 δὲ
2373 509 2657 568 ἁδίκαστοι
2681 523 2772 571 καὶ
2827 527 2867 590 μ
2928 559 2978 575 ..
3001 560 3013 572 .
3036 561 3050 575 .

3785 375 3895 455 ἐξῆ

3113 515 3473 591 νομιμώύἑροι,
3547 517 3620 572 τᾶ
3673 521 3722 572 r’
3769 520 3891 574 ἓνδσι

2281 601 2348 652 τὰ
2380 621 2433 653 τε
2456 601 2649 677 θύραζε
2676 613 2787 667 τοῖς
2835 603 3094 678 ἀνδράσιν
3142 603 3433 668 ἒπίστευαν,
3485 611 3759 679 ταμιείων
3821 613 3890 675 μὲν

2281 693 2370 741 καὶ
2433 699 2722 764 χρυσὼνων
2783 696 2941 768 θύρας
3005 700 3095 747 καὶ
3156 701 3413 748 κοιτὼνων
3472 695 3889 761 ἀναπετάσαντες

2279 782 2370 830 καὶ
2427 783 2495 831 τὰ
2562 781 2783 854 φίλτατα
2836 787 2900 844 ὡς
2950 784 3244 837 οἰκειότατα
3306 781 3724 860 ἕγχειρίσαντες
3779 811 3794 821 '
3856 791 3888 841 ὸ

2279 867 2507 942 ὑπείθρῳ
2571 877 2659 924 καὶ
2717 876 2982 945 κοινοτέρᾳ
3024 870 3287 931 διοικήσει
3349 881 3445 935 τῆς
3495 876 3714 939 πόλεως

2282 956 2430 1017 θέτας
2783 965 3004 1034 τρόφους
3060 981 3114 1014 τε
3175 968 3266 1014 καὶ
3344 963 3699 1039 πολιτάρχας
3781 987 3889 1040 πρε-

2276 1045 2652 1118 χειριζόμενοι.
2703 1048 2788 1112 Ὠς
2840 1052 2940 1122 γὰρ
2991 1049 3260 1123 βασίλειόν
3333 1071 3448 1103 τινα
3505 1059 3725 1126 κόσμον
3818 1063 3896 1114 τὴν

2278 1130 2478 1185 ἐκείνων
2541 1134 2728 1211 ἀρετὴν
2791 1141 3147 1213 περιετίθεσαν
3232 1147 3295 1212 τῇ
3385 1138 3460 1212 βα
3808 1155 3892 1196 ts}:

2275 1221 2490 1291 πολεων,
2566 1231 2655 1278 καὶ
2725 1226 2915 1299 μᾶλλον
2960 1229 3122 1286 αὑτὴν
3182 1225 3256 1281 δι’
3328 1229 3496 1282 αὐτῶν
3574 1233 3605 1289 ἦ
3677 1232 3895 1295 ἐκείνους

2275 1309 2572 1382 ἓσεμενυνον
2637 1313 2930 1388 ἀξιώμασιν
2982 1318 3012 1376 ἣ
3093 1317 3469 1391 τάληθεστερον
3542 1322 3715 1390 φάναι
3807 1322 3897 1390 οἷο,

2274 1418 2417 1462 τινας
2467 1421 2738 1462 κοι........
2842 1408 2927 1458 καὶ
3006 1424 3041 1458 σ
3275 1410 3528 1482 ρονιοτᾶς
3605 1419 3688 1480 τῷ
3792 1413 3898 1466 καθ’

2284 1487 2498 1551 ἑαυτούς
2561 1491 2906 1567 λαμπροτᾶτῳ
2985 1493 3087 1568 βίῳ
3169 1495 3242 1557 εἰς
3319 1499 3539 1569 ἔννομ...
3627 1500 3898 1553 πολιτείαν

2278 1575 2681 1652 ἕπιστρεφοντας
2712 1603 2724 1615 ·
2755 1583 2910 1636 ὁποία
2946 1588 3033 1636 καὶ
3087 1585 3118 1642 ἠ
3177 1585 3480 1645 παλαιπάτη
3531 1587 3721 1660 Ῥώμη
3785 1596 3893 1651 τοὺς

2284 1671 2507 1739 τιμητὰς
2572 1669 2633 1728 ἧν
2887 1670 3258 1747 προύϐάλλετο,
3324 1676 3372 1726 οἱ
3439 1671 3499 1728 δι
3559 1684 3660 1737 τῆς
3745 1699 3899 1751 μεγα-

2277 1755 2526 1818 λοπόλεως
2546 1760 2862 1832 ἐπισχηματ
3070 1764 3160 1833 μιν
3221 1764 3297 1814 ετι
3361 1768 3632 1836 μενούσης
3695 1775 3798 1820 καὶ
3851 1773 3898 1821 τὸ

2277 1846 2464 1918 κράτος
2519 1847 2800 1919 αύχούσης
2854 1851 3132 1921 πάγκοινον
3212 1849 3373 1922 ἅγαόν
3439 1853 3742 1927 προῦκεετο
3822 1863 3899 1910 ui

2277 1952 2438 1986 πανσι
2679 1956 2856 2011 φυρον,
2934 1941 3061 1991 εἴπω
3125 1939 3343 1992 συνελὼν
3421 1947 3476 1994 εὔ
3553 1947 3649 2015 μιν
3740 1949 3900 2018 πράσ-

2281 2038 2439 2074 σουσι
2464 2023 2742 2099 εὐημερίας
2785 2025 3039 2100 ἐρύματα.
3098 2033 3410 2101 Ναυαγοῦσι
3469 2027 3532 2084 δὲ
3581 2035 3733 2086 κατὰ
3792 2033 3899 2107 βεεν

2279 2116 2475 2184 πυρσοί
2505 2117 2594 2164 καί
2632 2113 2828 2186 λιμένες
2860 2121 3132 2190 σωτήριοι.

2349 2199 2420 2251 ’Ὠ
2473 2208 2586 2262 πῶς
2635 2199 3001 2275 ἐπιτροχάδην
3057 2205 3377 2268 τηλικαύτας
3421 2203 3635 2283 ἀνδρῶν
3712 2209 3900 2287 ἀρετὰς

2280 2289 2452 2360 ἔπειμι
2479 2294 2568 2341 καὶ
2602 2296 2834 2364 παρίημι
2867 2295 2934 2344 τὰ
2968 2293 3211 2365 πλεῖστα,
3264 2299 3323 2348 τό
3380 2299 3471 2368 μὲν
3529 2302 3900 2374 συγχὲόΜ

2278 2385 2351 2447 τῷ
2389 2379 2542 2430 πάθει
2597 2377 2997 2454 σφοδρυνομένῳ
3035 2382 3184 2436 πλέον
3222 2387 3270 2443 ’ἦ
3327 2384 3760 2461 κατεπᾳδομένῳ
3817 2398 3897 2443 καὶ

2279 2469 2624 2538 κοιμιζομένῳ
2657 2465 2729 2520 δι’
2760 2466 3096 2541 ἀναμνήσεως
3131 2473 3200 2524 ὧν
3239 2469 3384 2545 εἶχον
3436 2483 3714 2549 περιόντες
3777 2480 3898 2554 ἐγα-

2282 2554 2382 2604 θῶν
2439 2560 2528 2608 καί
2575 2553 2653 2616 οἷς
2720 2559 3048 2617 συναπῆλθον
3087 2559 3285 2634 ἐρήμην
3340 2565 3732 2632 καταλιπόντες
3810 2553 3897 2628 τὴν

2279 2641 2396 2694 καθ’
2427 2643 2567 2714 ἡμᾶς
2589 2647 2783 2715 γενεάν,
2816 2649 2876 2698 τό
2938 2642 2999 2698 δέ
3042 2667 3094 2699 τι
3143 2647 3449 2704 ἀντιάσαίτο
3498 2659 3594 2706 καί
3655 2658 3896 2729 πεφυλα-

2276 2748 2464 2801 γμενος
2489 2737 2560 2802 μή
2593 2735 2691 2784 πού
2721 2751 2803 2794 τις
2847 2739 2937 2786 καὶ
2981 2738 3071 2797 τός
3120 2735 3271 2807 λόγον
3328 2738 3618 2811 ἆγιάσαιτο
3676 2748 3753 2806 ὡς
3807 2754 3895 2808 τῆς

2278 2819 2570 2882 ὑποθέσεως
2626 2820 2902 2894 λαϐόμενον
2944 2829 3034 2876 καὶ
3089 2829 3268 2897 μεῖζον
3306 2835 3399 2880 τοῦ
3462 2831 3702 2885 θυλάκου
3763 2839 3897 2888 κατὰ

2277 2911 2370 2964 τὴν
2399 2913 2687 2983 παροιμίαν
2716 2916 3042 2970 πεποιηκότα
3067 2917 3314 2972 τρύπα...
3338 2925 3507 2990 αμμα.

2349 2995 2490 3048 Ἐπεὶ
2515 2993 2628 3055 δ³ἡ
2695 3003 2783 3051 νέα
2846 3005 2972 3052 Σιὼν
3022 3006 3160 3055 κατὰ
3211 3008 3304 3063 τὴν
3361 3007 3591 3061 παλαιὰν

2276 3082 2656 3156 λειφθεῖσα.....
2703 3092 2793 3140 καὶ
2867 3087 3250 3164 έκπιπόρθηται
3309 3100 3401 3147 καὶ
3463 3103 3558 3148 τοῦ
3630 3098 3685 3151 έν

2277 3171 2624 3246 πληρώματος
2648 3177 2768 3228 ὅσον
2798 3176 2954 3230 λαθὸν
3016 3180 3046 3238 ἣ
3115 3180 3336 3252 ψιλωθδν
3400 3183 3759 3246 ἐξεπεπτώκει
3826 3171 3890 3251 εἰς

2273 3265 2367 3319 τὴν
2417 3261 2465 3313 έν
2517 3265 2729 3337 Βιθυνίᾳ
2775 3271 3000 3319 Νίκαιαν
3055 3275 3404 3342 μετῳκίσατο,
3459 3273 3753 3330 κάνταῦθα
3806 3286 3888 3331 καὶ

2274 3346 2418 3402 οὗτοι
2449 3357 2918 3423 μεταναστεὺουσιν
2966 3359 3016 3409 οἱ
3069 3360 3196 3429 χθες
3248 3363 3376 3431 μετᾶ
3427 3369 3745 3434 χαιρόντων
3796 3375 3886 3420 τῶν

2272 3441 2464 3490 ἓαυτῶν
2519 3441 2741 3494 πολιτῶν
2814 3449 3109 3518 χαίροντες,
3190 3453 3419 3524 σήμερον
3504 3453 3624 3523 μετ’
3716 3457 3886 3509 αὑτῶν

2271 3526 2548 3580 κλαιόντων
2574 3536 2831 3594 κλαίοντες
2861 3534 2908 3584 οἱ
2934 3533 3104 3605 αύτόι,
3155 3541 3246 3590 καὶ
3305 3540 3376 3600 ὡς
3430 3537 3480 3591 ἐν
3554 3539 3886 3617 εὐδαιμονίᾳ

2270 3623 2594 3692 κοσμήτορες
2652 3617 2780 3679 ἧσαι
2837 3631 2932 3685 τῆς
2991 3624 3206 3692 πόλεως,
3276 3630 3427 3690 οἶτως
3482 3627 3533 3680 ἐν
3607 3629 3888 3705 δυστυχιῖ

2267 3703 2489 3778 ἀποικία
2551 3709 2914 3786 περικλήτορες
2963 3732 2975 3746 ·
3027 3714 3104 3775 οἷς
3153 3731 3207 3766 τε
3257 3718 3358 3788 γὰρ
3407 3716 3575 3789 ἓλεγον
3634 3727 3734 3775 καὶ
3800 3703 3882 3784 οἷς

2269 3795 2554 3868 φιλοσόφως
2571 3799 2744 3872 ἔφερον
2783 3799 2932 3852 αὐτοὶ
2978 3807 3069 3854 καὶ
3125 3800 3546 3876 μεγαδοψύχως,
3605 3814 3706 3868 την
3761 3817 3880 3863 παίο

2268 3879 2452 3936 δευσιν
2478 3885 2536 3937 ού
2556 3895 2752 3960 μικρῶς
2780 3885 3164 3962 ἔψυχαγώγουν
3210 3898 3299 3946 καὶ
3360 3897 3488 3967 πρός
3534 3900 3597 3948 τό
3658 3898 3883 3972 εὐθυμό-

2266 3990 2411 4047 τερον
2431 3978 2545 4035 τούς
2568 3972 3028 4050 ὀλιγοδρανοῦντας
3043 3979 3465 4056 μετιῤῥύθμιζον.

2334 4059 2534 4136 ’Ὠσπερ
2564 4064 2670 4136 οἴρα
2695 4067 2855 4116 καὶοἰ
2892 4072 3009 4141 περὶ
3069 4071 3158 4120 τὸν
3213 4068 3456 4130 Ἱεζεκιήλ
3502 4079 3556 4125 τε
3615 4080 3715 4127 καὶ
3789 4083 3882 4131 Δα-

2263 4151 2381 4208 νιὴλ
2437 4157 2560 4214 τοὺς
2605 4155 2915 4226 εκκαμόντας
2966 4153 3015 4207 ἐν
3059 4156 3322 4210 Βαϐυλῶνι
3377 4164 3467 4212 καὶ
3552 4161 3820 4235 λέγοντας
3869 4189 3880 4199 ·

2263 4242 2599 4314 Ξηρὰγέγονε
2626 4244 2693 4294 τὰ
2721 4242 2854 4295 ὀστᾶ
2872 4245 3018 4317 ἡμῶν
3053 4265 3068 4279 ο
3118 4244 3374 4327 ἀπόλωλεν
3424 4250 3454 4307 ἡ
3508 4249 3662 4314 ἐλπὶς
3727 4256 3879 4327 ἡμῶν

2263 4321 2484 4373 άνεκτῶν
2509 4340 2562 4374 τε
2619 4329 2735 4384 ταῖς
2784 4329 3172 4399 χρηστοτέραις
3225 4326 3520 4402 προϐάσεσε
3550 4350 3564 4364 ·
3629 4334 3736 4395 ἕως
3767 4321 3880 4407 ’

2264 4407 2462 4471 ζῶντας
2488 4412 2706 4473 τούτους
2735 4409 2880 4484 εἶχον
2917 4419 3008 4467 καὶ
3063 4413 3506 4490 συλλυπουμενους
3555 4426 3653 4474 καὶ
3709 4441 3880 4497 παρις

2263 4494 2544 4558 καλοῦντας
2580 4498 2822 4574 εὕρισκον
2850 4499 3194 4577 εύφορὼτερον
3251 4499 3396 4576 εἶχεν
3440 4510 3532 4558 καὶ
3577 4507 3645 4560 ού
3700 4494 3876 4568 πέντε

551 4595 672 4664 περὶ
707 4592 802 4652 τὰς
865 4592 1020 4662 θύρας
1083 4598 1183 4641 τῶν
1238 4587 1520 4661 βασιλείων
1579 4588 1876 4646 συνεθλί....
1925 4594 2016 4640 καί
2061 4596 2154 4642 τοῦ
2186 4580 2230 4634 Ι)
2263 4582 2637 4640 ἐκπεπτωκέναι
2688 4591 2783 4648 τὴς
2842 4587 3178 4663 ἐνεγκαμένης
3244 4596 3420 4663 ᾤοντο.
3480 4593 3570 4655 Ὠς
3650 4598 3718 4649 ἄν
3819 4604 3881 4652 τί

548 4683 740 4740 παντός
790 4680 1038 4753 ἐτιμῶτον
1107 4683 1201 4738 τὴν
1270 4684 1390 4752 περὶ
1445 4686 1546 4730 τῶν
1606 4681 1936 4753 κρατούντων
1995 4683 2153 4751 τιμὴν

551 4770 582 4830 ἦ
613 4765 897 4842 δημοσίοις
951 4767 1225 4842 ἐπέτρεχον
1279 4770 1702 4840 ὑπουργήμασιν,
1752 4770 1902 4840 ἔρωτι
1949 4765 2150 4841 κερδῶν

549 4860 796 4930 κάτοχοι.
847 4857 1050 4915 Ἀλ.....
1105 4857 1267 4909 ἄλλων
1334 4856 1618 4928 φιλοκάλων
1690 4853 1894 4928 ἀνδρῶν
1957 4862 2151 4928 προσή⁶

549 4967 700 5020 γοντο
737 4947 939 5020 μεγάλα
974 4947 1334 5022 χαριζομένων
1386 4953 1497 5008 τοῖς
1553 4943 1834 5017 βασιλεῦσι
1881 4949 1972 4998 καὶ
2026 4966 2154 5018 μνη-

552 5042 833 5089 στευόντων
917 5041 1068 5108 σφίσι
1167 5035 1336 5106 πολλῷ
1436 5052 1726 5108 τιμιωτερ..
1761 5073 1773 5088 .
1855 5033 2153 5106 ψηφοθόγοι

546 5127 768 5200 ἔμποροι
805 5125 1122 5197 πολυτίμους
1181 5127 1513 5197 μαργαρίτας
1554 5127 1642 5174 καὶ
1677 5118 2023 5196 σμαράγδους
2059 5129 2151 5176 καὶ

545 5213 802 5285 λυχνίτας
859 5217 1178 5285 κομίζοντες,
1238 5217 1324 5264 καὶ
1376 5211 1615 5274 ἠξιοῦντο
1661 5207 1947 5285 προεδρίας
1994 5211 2150 5274 ἀξιω-

547 5305 720 5375 μάτων
795 5322 895 5360 κ...
941 5302 970 5361 ἣ
1026 5303 1149 5375 παρ’
1213 5301 1354 5370 αύτῷ
1405 5301 1725 5371 κοσμεῖσθαι
1781 5299 1850 5350 ὧν
1909 5305 2000 5353 καὶ
2053 5306 2145 5360 τὴν

546 5389 967 5462 ὑπερϐάλλουσαν
1047 5389 1201 5464 ἀρτὴν
1263 5393 1420 5462 πείρᾳ
1496 5389 1883 5460 καταμαθόντες
1932 5391 1981 5440 οἱ
2045 5388 2149 5462 βα-

547 5477 730 5548 σιλεῖς,
786 5495 877 5530 και
935 5484 1004 5540 ὡς
1051 5474 1249 5549 κερδῶν
1300 5481 1390 5549 μεν
1455 5480 1545 5528 καὶ
1616 5475 1736 5532 λ...ι
1789 5477 2147 5551 ὑπεροπτικὼ-

546 5568 688 5637 τεροί
761 5565 890 5618 εἰσιν
977 5562 1304 5639 ’Δριστιδου,
1378 5567 1786 5639 σωφρονέστεροι
1851 5561 1912 5618 δε
1962 5565 2147 5620 Ἰππο-

543 5651 726 5730 λύτον,
793 5652 1191 5740 Βελλεροφόντου
1253 5671 1312 5733 τε
1367 5657 1461 5733 καὶ.
1531 5650 1816 5727 Ἰωσήφου,
1890 5651 2146 5738 δικασταί

2262 4673 2564 4728 καλλιστεῖα
2592 4684 2693 4729 τῶν
2733 4685 2826 4738 τῆς
2877 4678 3074 4742 πόλεως
3116 4678 3458 4753 ἀναθημάτων
3511 4681 3589 4736 ἔτι
3634 4686 3881 4759 αὐχούν-

2261 4781 2346 4823 τες
2391 4769 2480 4817 καὶ
2533 4767 2600 4817 τὰ
2665 4770 2944 4819 συνεκτικὰ
3006 4776 3100 4830 τῆς
3151 4768 3412 4832 πολιτείας
3468 4769 3748 4844 βεφάλαια
3784 4798 3799 4811 ·
3824 4777 3880 4829 οὗ

2261 4857 2418 4926 κείχη
2447 4857 2548 4928 γὰρ
2588 4857 2679 4927 ἔφη
2737 4874 2817 4917 τις
2873 4855 3035 4930 ὀρθῶς
3098 4860 3228 4931 ἔργα
3289 4866 3556 4930 τεκτόνων,
3619 4867 3751 4918 οὒτε
3807 4867 3880 4918 οἱ·

2261 4947 2373 4994 κιαι
2397 4941 2654 5016 ύψόφοροι
2681 4949 2773 4996 καὶ
2809 4949 2960 4998 στοαὶ
2997 4952 3088 5000 καὶ
3152 4945 3342 5022 ἀγοραί
3371 4953 3444 5021 μὴ
3514 4949 3681 5014 ὃντως
3735 4952 3879 5008 εἰδο·

2259 5040 2472 5084 ποιοῦσι
2492 5033 2679 5090 πολ....
2712 5031 2819 5085 ἀλλ’
2851 5030 3054 5107 ἀνδρῶν
3084 5035 3447 5109 καλοκαγαθία
3501 5044 3590 5091 καὶ
3652 5050 3877 5116 κοσμιό-

2257 5141 2354 5183 της
2399 5127 2489 5174 καὶ
2545 5121 2806 5175 θεοσέϐεια
2862 5125 2941 5184 οἷς
2997 5125 3023 5176 ό
3073 5127 3243 5198 κομῶν
3305 5128 3403 5178 κάν
3464 5127 3875 5204 παρεπίδημος,

2255 5207 2352 5263 κᾶν
2417 5211 2513 5264 ύπὸ
2564 5209 2693 5283 δρῦν
2751 5220 2994 5271 σκηνοῖτο
3055 5213 3267 5286 ξεναγὸς
3319 5220 3532 5287 γίνηται
3577 5225 3885 5292 κρείττονος

2258 5301 2460 5371 φύσεως
2483 5299 2674 5352 πολεων
2713 5301 2931 5353 άπασῶπν
2987 5300 3280 5377 ἀξιώτερος,
3343 5307 3430 5357 ἵνα
3482 5309 3559 5376 μὴ
3611 5305 3759 5379 λέγω
3810 5312 3878 5371 ὧς

2257 5385 2371 5442 οὐδ’
2393 5389 2419 5440 ό
2444 5394 2542 5448 πᾶς
2569 5393 2762 5461 κόσμος
2789 5386 2915 5443 οὐδὲ
2953 5387 3210 5455 ἀντάξιος.

2326 5476 2396 5531 Ἃ
2425 5473 2492 5535 δὴ
2524 5479 2694 5531 πάντα
2731 5479 2795 5540 ὡς
2857 5477 3095 5543 εύσεϐοὖς
3151 5484 3447 5536 συστατικὰ
3494 5482 3705 5549 πόλεως
3746 5484 3874 5542 ὶκιέο

2253 5585 2332 5620 νοι
2391 5571 2637 5644 παρόντες
2691 5566 3008 5644 ἀνεπλήρουν
3059 5576 3148 5624 καί
3192 5576 3348 5644 μόνον
3393 5571 3719 5647 βλεπόμενοι
3781 5584 3871 5630 καὶ

2253 5657 2348 5711 τοῦ
2373 5666 2469 5720 τῆς
2493 5657 2710 5724 πολετας
2738 5687 2920 5725 nam.
2968 5658 3260 5737 ἐμίμηωεσν
3325 5667 3614 5739 meum.
