3966 6324
124 397 274 467 1253

1008 405 1384 468 MICHAELIS
1412 363 1794 462 Λασιώεῆ
1824 364 2146 464 ﬁbﬁonm
2170 384 2242 468 IN
2267 416 2609 476 FRATREM.

3315 403 3452 492 im

123 533 309 606 ψυχοι
374 531 566 593 ἐκείνης
620 534 803 606 θεσμοὶ
856 538 945 587 καὶ
1002 534 1106 586 οἷόν
1158 553 1240 593 τις
1326 525 1597 604 ἀκρόπολις
1645 530 1741 584 τῆς
1773 523 1817 574 Α
1849 527 1935 576 τὸν
1995 527 2184 586 Ἰακὼϐ
2262 537 2509 599 ἐπένθησε
2569 546 2863 605 θάπτουσα.
2924 553 3078 607 Οὕτω
3128 559 3230 632 γὰρ
3283 557 3343 610 ἂν
3392 559 3450 612 οὐ

132 621 727 683 Κωνσταντινουπόλεως
779 623 854 674 ἔτι
906 625 1172 695 σωζομένη
1229 621 1538 693 ἀπόρθητος.
1597 616 1740 667 Ἐπεὶ

135 709 203 764 δὲ
255 714 285 770 ἡ
337 717 709 784 ...ηυμασία
759 719 859 764 τῶν
911 718 1029 786 περὶ
1078 718 1213 764 πᾶσι
1265 709 1742 782 σεμνολογουμένων

139 797 378 873 ἀδελφῶν
413 797 545 862 δυὰς
573 801 669 862 εἰς.
691 844 704 856 .
729 844 740 856 .
764 846 775 856 .
825 799 872 852 ἐν
914 801 1146 875 οὐρανοῖς
1184 799 1470 871 μετεκληθη
1512 795 1744 848 πολίτευ-

135 907 219 961 μα
275 898 444 963 μικρῷ
495 893 763 964 πρότερον,
834 892 946 942 εἷτα
997 891 1145 942 καὶὸ
1197 892 1481 944 .....υσὶν
1537 884 1744 943 ἐκείνοις

135 981 558 1052 παρεζευγμένος
607 978 724 1051 ἐμός
794 975 1010 1051 ἀδελφός
1062 986 1134 1048 τῷ
1196 976 1368 1048 κύκλῳ
1432 979 1526 1036 τῆς
1583 973 1747 1033 αὐτῆς

137 1073 418 1141 γερουσίας
454 1070 867 1142 ἐγγεγραμμένος
923 1067 1328 1142 πμπαρελὴφθη
1384 1070 1474 1117 καὶ
1530 1065 1601 1125 εἰς
1659 1066 1746 1119 τὴν

142 1157 358 1208 αἰωνίαν
397 1157 708 1229 μετετάξατο
771 1157 1078 1229 σύγκλητον,
1136 1160 1251 1208 τότε
1303 1151 1369 1214 δὴ
1439 1155 1660 1227 ᾔσθοντο
1700 1154 1749 1203 οἱ

142 1245 198 1298 ἐν
241 1252 404 1319 Νικίᾳ
455 1247 857 1320 μεγαλοπολῖται
903 1255 994 1307 τῆς
1047 1246 1235 1307 ἑαυτῆς
1282 1245 1582 1316 ἀπαγωγῆς,
1635 1246 1751 1294 τότε

147 1341 606 1410 συμφρονήσαντες
685 1335 978 1407 ἐπέγνωσαν
1055 1336 1267 1397 ἑαυτούς
1349 1336 1574 1406 γυμνούς
1654 1335 1748 1389 τὴν

145 1425 474 1483 καταστολὴν
516 1434 610 1488 τῆς
662 1426 854 1478 ἑαυτῶν
896 1422 1053 1488 δόξης
1104 1424 1582 1496 ἀπαμφιασάμενοι,
1633 1425 1748 1473 τότε

151 1511 398 1586 φυγάδας
466 1519 555 1567 καὶ
622 1516 950 1587 μετανάστας
987 1513 1352 1574 ἀπολιτεύτους
1398 1531 1451 1564 τε
1494 1516 1584 1563 καὶ
1627 1510 1749 1570 ὅλως

145 1601 368 1663 ὀιπόλιας
416 1606 631 1659 ....θεν
678 1608 768 1656 καὶ
825 1605 1257 1677 περιπαθέστερον
1307 1602 1632 1674 ὠλοφύραντο
1680 1600 1750 1660 ὡς

133 1699 432 1750 τηνικαῦτα
473 1694 731 1765 κατάκρας
789 1691 1070 1753 ἑαλωκυίας
1127 1700 1220 1753 τῆς
1283 1691 1479 1751 πόλεως
1540 1693 1630 1741 καὶ
1681 1689 1749 1740 τὰ

129 1780 534 1854 τιμαλφέστατα
587 1789 686 1833 τῶν
759 1781 922 1843 αὐτῆς
983 1782 1246 1833 ἀποθέτων
1295 1778 1748 1851 ....εσυλημένης

129 1875 232 1922 καὶ
279 1879 377 1922 τῶν
437 1869 758 1924 ὀλϐιωτάτων
817 1871 1264 1945 θησαυρισμάτων
1321 1869 1514 1922 τελείαν
1564 1888 1746 1921 πεπον‹
1782 1881 1823 1938 Β

132 1962 292 2022 θυίας
369 1961 609 2026 λάπαξιν,
670 1969 761 2034 φεῦ
820 1961 832 2014 !
891 1961 998 2022 οἷος
1052 1962 1428 2032 Χριστιανικός
1483 1957 1748 2020 πολιτείας

129 2047 432 2122 σύνδεσμος
497 2050 744 2125 ἔῤῥηκται
819 2093 830 2104 .
855 2093 866 2105 .
891 2093 901 2105 .
927 2094 937 2104 .
963 2049 1134 2105 ,λίκου
1196 2049 1387 2110 πόλεως
1462 2049 1748 2120 ἱμάντωσις

124 2141 396 2207 πέπτωκε,
443 2140 528 2191 οἶα
559 2143 852 2209 συστοιγία
908 2138 1115 2210 ἀγαθῶν
1175 2136 1575 2210 ἀνατέτραπται,
1640 2139 1745 2188 οἱον

126 2227 524 2299 καλοκαγαθίας
562 2230 787 2302 ἔντριτον
854 2231 1091 2299 σχοινίον
1144 2225 1386 2288 ἐπίτασις
1415 2229 1504 2298 μὲν
1541 2245 1742 2297 συμφο-

126 2324 242 2388 ρῶν
279 2315 371 2367 οῦκ
409 2315 588 2390 ἓρῥηξε
638 2319 771 2368 κατά
813 2319 871 2368 τό
907 2319 1060 2387 σοφὸν
1122 2314 1449 2387 ἀπόφθεγμα,
1493 2316 1608 2366 οὔτε
1656 2333 1746 2366 πε·-

129 2408 433 2478 ριστάσεων
494 2404 590 2478 βία
652 2402 922 2475 διέσπακε,
991 2407 1206 2467 θάνατος
1258 2401 1318 2456 δὲ
1363 2409 1454 2462 τὴν
1509 2407 1744 2478 χρυσέαν

129 2503 245 2547 τῶν
303 2491 504 2568 ἀνδρῶν
556 2498 750 2547 τούτων
829 2498 1007 2570 σειρὰν
1074 2494 1302 2546 ἀναλύων
1359 2498 1447 2546 καὶ
1502 2494 1620 2546 καθ’
1659 2494 1746 2546 ἕνα

133 2582 395 2656 ἐκτέμνων
458 2581 734 2659 διέφθειρε,
793 2588 883 2636 καὶ
937 2587 1026 2657 μὲν
1080 2581 1148 2642 δὴ
1207 2589 1413 2659 πρώτου
1464 2582 1742 2655 οἰχομένου

131 2681 238 2725 τοῦ
267 2677 559 2747 πραοτάτου
607 2679 696 2726 καὶ
736 2672 936 2744 ἀγαθοῦ
993 2673 1209 2745 Μιχαὴλ
1260 2681 1350 2733 τῆς
1398 2673 1607 2724 εύκόλου
1655 2675 1744 2723 καὶ

132 2761 512 2823 ἀπλουστάτης
541 2762 732 2823 ἐκείνης
767 2762 957 2834 ψυχῆς
986 2763 1106 2814 ὅσον
1163 2767 1252 2814 καὶ
1291 2763 1395 2814 οἷον
1440 2762 1470 2819 ἠ
1529 2760 1746 2813 ἀποικία

131 2857 234 2911 τῆς
273 2849 654 2922 μεγαλοπόλεως
689 2850 935 2921 ἐκόψατο.
971 2850 1407 2921 Ἐψυχαγωγεῖτο
1434 2846 1483 2902 δ’
1515 2851 1648 2922 ὅμως
1672 2851 1746 2902 ἔτι

129 2939 439 2992 πλουτοῦσα
474 2943 560 2992 τὸν
613 2936 996 3012 πολυειδήμονα
1039 2939 1279 2997 Ἰωάννην
1341 2941 1427 2990 τόν
1476 2943 1734 3010 μέγαν...

131 3027 309 3101 βουλῇ
359 3033 450 3081 καὶ
502 3028 768 3081 εύσυνέσει
825 3028 971 3081 πόλιν
1039 3032 1128 3080 καὶ
1201 3027 1463 3087 πολιτείας
1521 3026 1745 3100 ἀρίστης

124 3117 384 3190 ἔμψυχον
410 3117 638 3190 ἄγαλμα.

1852 631 2017 715 πάντη
2097 631 2188 674 τοῦ
2241 629 2355 679 κατ’
2414 629 2562 693 ἀξίαν
2620 635 2819 706 θρηνεῖν
2878 615 3346 715 ἐνελίπομεν..Νῦν
3397 644 3449 701 δ’

1852 701 2246 806 εσκεδασμένοι,
2284 722 2414 786 γυνη
2455 722 2545 789 μὲν
2585 723 2614 780 ἡ
2658 721 2779 786 ἀξία
2820 735 2914 778 σοῦ
2963 735 3051 782 καὶ
3091 727 3277 786 δικαία
3319 739 3452 806 μετά

1854 811 1948 843 σου
1992 793 2250 858 ἐξικέσθαι
2292 803 2357 864 εὶς
2411 815 2577 882 γῆρας
2623 814 2682 862 1'6
2737 809 2987 887 ᾀδόμενον
3045 820 3350 894 κορωνόϐιον
3397 823 3450 876 ἐν

1851 887 2016 954 γωνίᾳ
2030 904 2138 983 ,που
2197 887 2484 946 ἐνδαπέδου
2515 901 2648 971 μέσῃ
2699 910 2886 977 χοροῦ,
2944 887 3149 960 παίδων
3187 908 3449 983 ἀφηλίκων

1855 975 1942 1021 xui
2021 971 2543 1072 r'xwiémv-xuenyém
2607 987 2917 1062 μελανείμων
2975 999 3067 1054 τὴν
3120 971 3308 1062 ἑαυτῆς
3358 1003 3449 1072 μὶν

1855 1065 2078 1164 χηρείαν
2127 1063 2330 1118 παίδων
2410 1066 2469 1123 δὲ
2539 1073 2783 1149 ὀρφανίαν
2862 1081 3077 1145 ἐλεεινῶς
3124 1063 3446 1164 ὀλοφύρεται.

1858 1154 1974 1251 Τῶν.
2008 1145 2067 1251 δὲ
2121 1163 2526 1251 προγενεστέρων
2567 1145 2778 1218 ’παίδων
2835 1169 2985 1232 ἄλλος
3042 1145 3445 1251 ἔῤῥωνιάλλαχῆ

1857 1237 1974 1290 καθ’
2013 1240 2204 1339 ..ἑαυτὸν
2259 1246 2471 1317 οἰμώζει
2535 1260 2622 1305 καὶ
2666 1258 2943 1327 μοναυλίαν
2983 1237 3446 1339 κλαύθμυρίζετὲι.

1857 1331 1968 1378 Τῶν
2001 1325 2051 1380 δ’
2083 1330 2243 1393 ἄλλως
2264 1335 2616 1411 οἰκειουμένων
2648 1349 2736 1397 καὶ
2766 1347 2882 1398 καθ’
2926 1351 3057 1422 αἷμα
3098 1325 3157 1404 οἱ·
3295 1354 3452 1411 ’Δσὶα

1856 1417 1920 1467 τὰ
1992 1425 2086 1479 τῆς
2160 1421 2462 1494 τραγῳδίας
2547 1435 2677 1504 πρὸς
2735 1438 2851 1496 τοὺς
2903 1435 2952 1489 ἐν
2982 1413 3202 1493 ’Ἑλλάδι
3265 1413 3451 1498 διένειὶ

1857 1524 1958 1575 μαν

1933 1592 2177 1693 ’Δδελφὸς
2211 1596 2264 1651 δ’
2447 1605 2788 1680 πολυτλήμων
2841 1618 2930 1667 καὶ
2971 1615 3289 1691 πολύθρηνος
3318 1623 3450 1693 χθὲς

1858 1686 1946 1777 μὲν
1998 1689 2087 1737 καὶ
2129 1693 2309 1760 πρώην
2363 1691 2518 1745 οἶλλου
2576 1700 2793 1761 πένθους
2855 1686 3146 1777 ἐποιούμην.
3182 1686 3450 1772 ὑποθέσεις

1857 1769 1941 1823 ἐπί
1971 1792 2023 1826 τε
2045 1784 2245 1839 ’κοιναῖς
2296 1785 2385 1832 καί
2437 1778 2596 1845 ἰδίαις
2644 1784 2848 1860 ἐμαυτῷ
2895 1801 3182 1868 συμφοραῖς
3215 1801 3305 1848 xui
3343 1799 3450 1869 μά-

1855 1859 2010 1912 λιστα
2041 1863 2112 1923 οἷς
2169 1863 2480 1922 ὀλϐιώτατον
2528 1879 2616 1926 καὶ
2665 1859 3078 1950 ὀνομαστότατον
3117 1886 3280 1956 (ναόν,
3338 1859 3448 1958 xui,

1856 1949 1972 2019 ἅγιε
1993 1947 2241 2009 δέσποτα.
2269 1957 2333 2016 ὡς
2357 1959 2648 2030 τρισόλϐιον
2670 1947 2822 2018 τοῦτο
2869 1972 2924 2020 τὸ
2979 1978 3070 2031 τῆς
3118 1947 3451 2046 Θεομηταρος

1855 2042 2060 2110 τέμενος
2082 2047 2168 2093 καὶ
2204 2046 2435 2098 τόιούτου
2474 2055 2773 2124 προστάτου
2829 2051 2900 2107 δι’
2954 2058 3138 2121 αἰῶνος
3188 2042 3447 2134 δεόμενον)

1858 2127 1989 2201 ἱερὸν
2055 2129 2313 2204 Ἀθήνησι
2373 2141 2662 2201 πιστευθεὶς
2712 2148 2800 2195 καὶ
2863 2153 2953 2197 τοῦ
2999 2145 3046 2198 ἐν
3105 2147 3246 2221 αύτῷ
3296 2159 3449 2225 προῖ-

1857 2218 2101 2288 στάμενος
2163 2223 2544 2299 θυσιαστηρίου
2610 2241 2959 2303 πνευματικοῦ
3038 2241 3127 2288 καὶ
3201 2237 3448 2297 πλείστην

1855 2304 1934 2356 ὅτι
2023 2314 2110 2360 xui
2180 2309 2428 2371 πολυειδῆ
2511 2325 2938 2392 προσισχομένου
3015 2320 3268 2389 διηνεκῶς
3309 2328 3446 2380 θείαν

1854 2390 2104 2486 ἐνέργειαν
2159 2395 2319 2469 εἶδον,
2353 2405 2402 2453 οἵ
2439 2425 2547 2476 μοι,
2586 2408 2636 2457 οἶ
2676 2427 2766 2479 μοι
2825 2409 2837 2464 Ῐ
2897 2412 3315 2486 ἱεροσυλούμενον
3357 2422 3449 2470 καὶ

1856 2479 2332 2559 ἀποκοσμούμενον.
2391 2492 2516 2564 Ἐμὲ
2601 2491 2660 2547 δὲ
2713 2500 2801 2549 τὸν
2858 2498 3025 2553 ἐκεῖσε
3075 2508 3449 2575 πεφυτευμένον

1853 2573 1919 2622 τὰ
1957 2582 2140 2645 πρῶτα
2168 2581 2298 2650 πρὸς
2347 2575 2585 2634 δεκάδων
2642 2582 2762 2637 ἐτῶν
2818 2597 2973 2660 τριῶν
3029 2595 3114 2643 καὶ
3148 2573 3451 2668 Ῠύπερέήκεινα

1854 2658 1910 2712 ἐκ
1949 2670 2040 2722 τῆς
2084 2664 2246 2728 αὐλῆς
2292 2673 2485 2741 Κυρίου
2549 2658 2921 2748 ἀποσπώμενον
2968 2681 3036 2740 ὡς
3090 2658 3298 2733 αύαλέον
3337 2677 3446 2742 ἤδη

1853 2753 1950 2840 καί,
1999 2752 2182 2823 οἷγονον
2231 2761 2423 2818 παντὸς
2469 2757 2668 2831 ἀγαθοῦ
2724 2762 3043 2840 γεράνδρυον
3093 2776 3182 2829 τῆς
3214 2769 3450 2832 ίταλικῆς

1854 2836 2030 2900 ἀέλλης
2113 2841 2456 2920 σφοδρότερον
2530 2836 3044 2922 ἐμπνευσάσηςνιιοι
3090 2863 3177 2909 καὶ
3241 2866 3328 2909 νῦν
3357 2860 3449 2932 μὲν

1853 2927 1924 2989 εἰς
1952 2929 2324 3006 πολυῤῥοθίους
2357 2934 2521 2998 ἀκτάς
2562 2939 2592 2997 ἦ
2648 2941 2950 3016 περίρρυτον
3014 2943 3258 2997 σκόπελον
3305 2945 3452 3000 ἐλαυ-

1852 3021 2078 3088 νόμενον,
2111 3028 2197 3070 νῦν
2239 3017 2289 3072 δ’
2339 3021 2421 3074 ἐπὶ
2471 3029 2718 3098 φάραγγα
2773 3031 3022 3106 ὑπώρειον
3061 3036 3160 3106 πρὸ
3212 3042 3305 3086 τοῦ
3341 3055 3453 3088 κοι-

1852 3112 1940 3157 νοῦ
1970 3104 2232 3170 κλύδωνος
2260 3109 2670 3186 ἐξεϐρασσόμην.
2726 3104 2897 3170 Ἔνθα
2936 3104 3242 3195 παρέριμμα
3284 3142 3448 3195 μετα-

209 3205 294 3265 Ὠς
349 3202 409 3258 δὲ
473 3213 565 3258 καὶ
613 3209 818 3258 τουτονὶ
864 3207 1173 3277 προτεθέντα
1230 3201 1468 3277 τάδελφῷ
1524 3222 1743 3277 μεταμι-
1775 3234 1814 3288 C
1851 3195 2045 3246 νάστου
2102 3195 2411 3274 ἀπόκληρος,
2472 3201 2726 3276 ἀνέορτος,
2773 3206 2974 3274 οῖπολις,
3049 3209 3340 3282 ἀγροιώτης
3380 3216 3449 3274 ὡς

126 3296 261 3368 κρόν
311 3298 604 3366 ....μίωτο
667 3299 757 3347 καὶ
813 3296 1230 3370 προσεπένθησεν
1301 3292 1384 3345 ἐπὶ
1448 3301 1522 3364 τῷ
1582 3293 1744 3364 λοιπῷ

126 3386 230 3434 καὶ
254 3387 412 3456 τρίτῳ
445 3401 779 3455 σεμνυνομεν.
802 3426 814 3438 .
839 3426 851 3438 .
887 3388 1096 3455 Νικητᾳ
1146 3392 1217 3454 τῷ
1255 3385 1318 3434 τὰ
1348 3383 1546 3434 ἐκείνων
1576 3384 1747 3434 πάντα

125 3471 276 3524 καλὰ
329 3471 636 3524 συλλαϐόντι
724 3471 888 3542 ἐαυτῷ
933 3471 1036 3544 ἐμῷ
1086 3469 1290 3544 ἀδελφῷ
1339 3475 1590 3546 μετέωρος
1631 3477 1748 3534 ταὶς

129 3561 446 3624 ὑπολοίποις
502 3561 704 3614 ἐλπίσιν
770 3560 1026 3617 ἐσάλευεν.
1085 3562 1226 3614 Ἐπεὶ
1289 3557 1348 3613 δὲ
1403 3567 1492 3613 καὶ
1542 3565 1746 3613 τουτονὶ

127 3649 504 3724 προσαπεϐαλε
558 3654 861 3722 τοῦσχατον
917 3655 1287 3722 ναυαγήσασα,
1341 3657 1429 3701 νῦν
1485 3651 1573 3702 ὑπ’
1623 3649 1747 3723 ἀμέ-

128 3760 289 3814 τρου.
365 3742 722 3792 καταποθεῖσα
810 3739 977 3802 λύπης
1053 3744 1375 3792 πεπόντωται
1467 3735 1749 3791 καταδῦσα

130 3829 445 3904 ὑπόϐρυχα.
479 3832 629 3900 Μέγα
693 3825 752 3881 δὲ
810 3828 994 3890 Ἀσίας
1049 3828 1125 3881 ἐπ’
1187 3828 1326 3898 αὐτῷ
1379 3825 1507 3903 ἦρτο
1565 3830 1747 3890 πένθος

138 3918 495 3990 ...ἐπήχησε
544 3915 602 3970 δὲ
676 3922 856 3993 γοερόν
912 3918 1134 3992 Εὐρώπη
1202 3918 1636 3990 συνανοιμώξασα
1682 3921 1747 3978 ὡς

109 4013 233 4068 τὴν
287 4013 462 4066 κοινὴν
528 4008 720 4079 ζημίαν
782 4005 1015 4060 ἐπύθετο.
1080 4006 1138 4058 Εἰ
1187 4003 1240 4058 δ’
1298 4006 1547 4080 ἑκατέρων
1603 4007 1745 4064 ἠπεί-

119 4119 235 4174 ρων
285 4140 297 4151 .
322 4139 335 4152 .
358 4096 445 4155 ,λη
476 4101 555 4158 τίς
586 4102 744 4171 μοῖρα
771 4097 904 4148 ὅσων
932 4097 962 4156 ἢ
1018 4102 1198 4170 πεῖραν
1228 4102 1319 4156 τῆς
1378 4103 1477 4156 σῆς
1519 4094 1742 4147 καλοκα-

119 4188 324 4260 γαθίας
407 4189 624 4256 ἔγευσας
696 4187 726 4244 ἡ
812 4190 958 4258 φήμη
1035 4187 1100 4236 τὰ
1162 4194 1270 4236 ῶτα
1324 4184 1746 4260 περιεϐὁμϐησας

1299 4270 1321 4286 9

131 4320 147 4332 .
174 4319 189 4331 .
217 4277 409 4331 ..ωτόν
465 4278 552 4325 σόν
623 4273 951 4346 ὠλοφύραντο
997 4274 1236 4339 θάνατον,
1289 4273 1329 4323 ὦ
1385 4273 1598 4345 φιλτάτη
1652 4278 1743 4326 καὶ

125 4366 378 4420 θειοτάτη
404 4363 584 4434 ψυχὴ,
635 4367 688 4414 τί
741 4365 862 4414 ποτ’
917 4362 978 4414 ἂν
1031 4363 1183 4434 ἡμεῖς
1229 4363 1287 4415 ού
1333 4364 1623 4436 πεισόμεθα
1649 4368 1741 4415 καὶ

125 4452 404 4526 δράσομεν
438 4450 858 4524 σχετλιάζοντες,
890 4453 940 4503 οἱ
983 4453 1114 4522 μετά
1159 4447 1519 4519 παντοδαπῆς,
1569 4453 1634 4512 ὡς
1677 4454 1744 4504 εἷ-

123 4560 319 4614 πομεν,
373 4544 606 4613 σχέσεως
648 4549 710 4612 τῇ
778 4539 895 4592 καθ’
946 4536 1078 4612 αἷμα
1131 4539 1386 4592 οἰκειώσει
1447 4545 1742 4613 πιεζόμενοι

124 4636 199 4691 ὡς
229 4632 470 4703 όμόγυιοι
499 4631 574 4682 ἔτι
600 4647 654 4682 τε
708 4633 905 4702 μυρίων
947 4634 1067 4704 περὶ
1125 4636 1219 4681 σοῦ
1269 4634 1505 4702 χαρίτων
1564 4629 1744 4685 ἀπολε-

123 4723 386 4781 λαυκότες
418 4718 491 4780 είς
518 4718 792 4790 πλήσμιον.
821 4722 911 4770 καὶ
957 4721 1058 4791 πρὸ
1105 4736 1165 4789 γε
1211 4726 1273 4790 τῇ
1336 4725 1401 4790 σῇ
1459 4718 1613 4793 ἀρετῇ
1662 4741 1741 4794 Su-

122 4810 497 4880 λοτιμούμενοι
526 4812 615 4858 καὶ
670 4810 805 4879 μέγα
860 4805 942 4859 ἐπι
985 4810 1070 4858 σοὶ
1127 4814 1426 4878 φρονοῦντες
1481 4812 1571 4860 καὶ
1620 4828 1742 4882 σεμ-

120 4897 418 4970 νυνὲμενοι,
455 4893 566 4948 εἶτα
615 4903 701 4948 νῦν
759 4895 970 4958 ἐαυτοὸς
1017 4898 1201 4967 αἴφνης
1247 4892 1442 4958 ἰδόντες
1485 4905 1576 4949 τοῦ
1621 4903 1739 4972 περὶ

122 4993 234 5040 σοῦ
307 4984 620 5055 ψιλωθέντος
675 4983 1185 5058 ἀπολαμπρύσματος
1218 4989 1360 5055 γένος
1414 4983 1739 5057 πολυσχιδὶς

116 5081 223 5129 καὶ
247 5073 521 5152 πολλαχοῦ
541 5081 636 5135 τῆς
663 5074 845 5134 Ἀσίας
881 5079 971 5126 καὶ
1028 5073 1144 5126 καθ’
1185 5073 1320 5130 Ἑλλ.
1343 5117 1356 5129 .
1380 5118 1391 5130 .
1439 5080 1736 5148 καχυμένον

114 5169 221 5219 καὶ
263 5163 336 5224 εἰς
373 5167 535 5235 ὄνομα
571 5163 808 5236 λαμπρόν
847 5163 1112 5236 αἰρόμενον
1157 5160 1252 5215 διὰ
1308 5171 1403 5216 σοῦ
1449 5168 1539 5217 καὶ
1597 5163 1734 5226 ἐξευ-

110 5253 476 5330 γενιξόμενον,
526 5251 616 5315 οὓς
682 5249 790 5305 ἔδει
843 5257 914 5325 μὴ
975 5250 1294 5328 διεσπάρθαι
1343 5261 1431 5305 νῦν
1483 5259 1573 5307 καὶ
1619 5255 1732 5308 κατ’

112 5343 272 5398 οἷκον
307 5344 504 5395 πενθεῖν
537 5338 690 5413 ίδίδᾳ
719 5343 954 5410 ἕκαστος,
1016 5339 1124 5393 ἀλλ’
1175 5341 1246 5404 εἰς
1269 5345 1430 5395 ταυτό
1462 5344 1734 5403 συνεληλυ-

115 5437 285 5488 θότας
327 5437 416 5482 καὶ
453 5434 541 5482 τὸν
582 5434 672 5484 σόν
700 5432 1045 5503 περιστάντας
1079 5429 1290 5502 τυμϐον,
1341 5432 1427 5484 ὑπ’
1487 5431 1602 5504 ἐμοι
1651 5453 1736 5487 κο-

115 5523 342 5596 ρυφαίῳ
393 5516 640 5592 δυστήνῳ
687 5525 777 5572 καὶ
829 5521 1024 5593 θρήνων
1081 5518 1734 5591 ἐξάρχοντιπολύκλαυτον

120 5608 353 5675 ξυναυλ.
377 5653 387 5663 .
412 5651 424 5664 .
473 5615 562 5662 καὶ
591 5609 888 5683 οἰκροτατ..
913 5650 927 5664 .
975 5608 1308 5682 ἁρμόσασθοι
1337 5626 1426 5662 και
1463 5613 1599 5682 μέγα
1619 5615 1734 5665 πέν-

119 5703 224 5780 ςθρε
272 5693 465 5778 ἀνατρὸι
511 5703 604 5757 καὶ
652 5698 758 5779 ετον
808 5699 840 5758 ὑ
894 5701 1014 5778 περὶ
1055 5700 1142 5756 τὸν
1194 5697 1387 5774 Ἰωσὴφ
1432 5699 1732 5778 παρεμϐολὴ

1853 3285 2074 3354 ἐρημική
2107 3305 2187 3348 τις
2217 3285 2472 3360 ὀλολυγὼν
2513 3291 2816 3347 ἐπίκλαυτον
2864 3297 2979 3349 κατ’
3037 3303 3256 3372 εμαυτὸν
3304 3298 3448 3372 ᾄδων

1853 3370 1994 3444 τάμά
2018 3379 2108 3426 καὶ
2139 3381 2286 3429 κοινὰ
2314 3381 2468 3436 κακά.
2510 3383 2617 3436 Νῦν
2669 3380 2704 3435 δ
2711 3382 2722 3401 ’
2778 3383 2905 3437 ἀλλά
2954 3370 3339 3442 τῶντοιούτων
3380 3393 3450 3454 ὡς

1854 3460 2026 3514 οὐκέτι
2046 3463 2289 3518 κλαυτέον
2319 3489 2408 3540 μοι
2437 3475 2587 3542 μόνον
2619 3471 2711 3524 οῦκ
2748 3471 3112 3549 ἐπιλέλησμαι,

1932 3556 1990 3610 Ὀ
2049 3553 2108 3609 δε
2172 3565 2261 3618 τῆς
2312 3558 2560 3630 φιλτάτης
2616 3562 2838 3634 κεφαλῆς
2885 3567 3100 3627 θάνατος
3145 3565 3331 3631 ἐκεῖνος
3367 3589 3452 3623 τε-

1853 3647 2082 3707 λεκταῖος
2130 3643 2504 3711 ἐπιπεπδωκώς
2555 3652 2622 3712 ὡς
2676 3653 2705 3709 ἡ
2767 3649 2960 3713 δεκάτη
3011 3664 3110 3708 τῶν
3148 3657 3451 3730 Αἰγυπτίων

1853 3735 2077 3807 πληγὴἡ
2130 3744 2229 3787 τῶν
2271 3743 2606 3810 πρωτοτόκων
2665 3741 2867 3814 ὄλεθρος
2920 3744 3090 3795 πάντα
3140 3749 3332 3799 κοπετά
3381 3747 3451 3809 εἰς

1856 3824 2056 3887 ἑαυτὸν,
2118 3826 2475 3896 ἐφειλκύσατο,
2560 3835 2734 3880 πᾶσαν
2807 3829 3060 3902 οἰμωγὴν,
3118 3839 3220 3884 πᾶν
3271 3838 3450 3906 γοερὸν

1855 3913 2026 3986 μέλος,
2056 3912 2168 3965 ὅλον
2195 3918 2284 3965 καὶ
2334 3917 2542 3986 σύμπαν
2601 3912 2848 3990 δάκρυον.
2905 3917 3078 3971 Ἐοικε
3130 3924 3230 3996 γὰρ
3285 3919 3452 3976 ἐκεῖνα

1853 4006 1943 4076 μὲν
1972 4001 2292 4077 προϐαλέσαι
2329 4023 2422 4076 μοι
2450 4006 2475 4057 ό
2533 4001 2788 4060 ὁδοποιῶν
2844 4006 3020 4083 τρίϐον
3049 4017 3113 4083 τῇ
3173 4009 3302 4086 ὀργῇ
3362 4011 3454 4065 αύ-

1853 4099 1944 4143 τοῦ
2001 4093 2106 4144 οἷόν
2179 4110 2294 4144 τινα
2345 4092 2667 4167 κολαστέρων
2741 4101 3107 4168 περιστατικόν
3158 4100 3447 4170 γυμνάσια,

1851 4184 2095 4252 μέγιστον
2125 4176 2182 4232 δὲ
2222 4178 2398 4252 ἀγῶνα
2452 4188 2629 4233 τοῦτον
2678 4180 3042 4254 ἐπενηνοχέναι
3095 4191 3186 4238 καὶ
3228 4185 3450 4238 ὕστατον

1851 4274 1940 4322 καὶ
1963 4269 2020 4321 οῦ
2051 4272 2109 4320 τό
2140 4271 2384 4342 παράπαν
2418 4267 2710 4326 ἀκίνδυνον.
2740 4278 2805 4326 Τ.
2829 4316 2840 4326 .
2864 4313 2876 4326 .
2900 4315 2912 4327 .
2977 4271 3143 4326 ἐκεῖνα
3203 4272 3452 4347 ἀμυχαῖα

1850 4363 1941 4411 καὶ
1970 4358 2027 4410 ού
2054 4359 2188 4410 πάνυ
2221 4354 2532 4410 δυσούλωτά
2556 4377 2646 4432 μοι
2673 4362 2736 4411 τὰ
2789 4359 3076 4434 πλήγματα
3103 4371 3193 4416 τοῦ
3249 4357 3283 4416 δ
3287 4384 3332 4420 ε.
3354 4407 3368 4420 .
3392 4408 3403 4420 .
3426 4405 3440 4420 .

1849 4453 1937 4500 καὶ
1976 4454 2068 4500 τοῦ
2100 4446 2294 4520 βάθους
2324 4455 2416 4509 τῆς
2459 4447 2642 4520 ψυχῆς
2668 4451 3048 4523 καθικνούμενα
3076 4452 3105 4512 ἦ
3164 4455 3310 4527 τάχα
3358 4457 3450 4526 μὲν

1849 4541 2160 4610 πειρατέρων
2209 4534 2360 4594 ἀνέϐη
2402 4557 2565 4592 κα...
2617 4538 2803 4610 θεόμην
2862 4537 3324 4615 ἐπισημαινόμενον
3364 4541 3427 4616 ἐμ

1849 4630 2091 4701 πρησμόν
2147 4630 2236 4678 καὶ
2309 4634 2407 4676 τῶν
2480 4625 2725 4699 ὀμμάτων
2780 4629 3189 4702 προκαλούμενος
3242 4627 3452 4704 δάκρυα

1849 4722 1940 4769 καὶ
1994 4723 2097 4789 πῦρ
2151 4716 2452 4787 κατέφλεγεν
2508 4715 2586 4768 ἐπ’
2635 4715 2809 4790 ἐκείνῳ
2860 4718 3099 4791 θλίψεων,
3157 4729 3245 4772 νῦν
3295 4717 3354 4773 δὲ
3382 4723 3450 4775 τὰ

1849 4809 2112 4858 καυστικά
2159 4810 2248 4857 xui
2295 4810 2622 4879 μονιμώτερα
2677 4809 2820 4880 πυρά
2869 4811 2961 4870 τὴς
3008 4808 3263 4869 κολάσεῶς
3317 4808 3446 4868 ἀνή-

1849 4897 2053 4967 φθησαν
2093 4896 2344 4968 ἄνθρακες
2373 4896 2434 4944 οῦ
2488 4898 2612 4946 ποτέ
2667 4913 2756 4965 μοι
2802 4891 2942 4947 δοκῶ
2972 4895 3382 4969 σϐεσθησόμενοι
3411 4898 3442 4957 ἢ

1847 4991 1963 5039 τοῦ.
1988 5029 1998 5039 .
2023 5028 2036 5041 .
2059 5026 2071 5040 .
2120 4979 2398 5055 ἐγκάρδιον
2435 4983 2566 5054 αἷμα
2607 4987 2947 5053 παυσόμενοι,
2981 4986 3115 5036 ὥστε
3139 5003 3203 5056 με
3229 4984 3355 5037 αὐτὸ
3385 4990 3445 5040 τὸ

1849 5069 2074 5148 δάκρυον
2111 5069 2340 5123 ἐπέλιπεν
2380 5073 2479 5122 εἴτε
2524 5074 2642 5144 περὶ
2697 5073 2756 5122 τό
2811 5069 3135 5131 ἀναλωθῆναι
3188 5078 3273 5125 τοῖ
3320 5075 3446 5146 φθά-

1848 5180 1973 5213 σασι
2001 5165 2182 5220 κακοῖς
2233 5162 2292 5211 τό
2349 5160 2398 5211 ἐν
2450 5164 2512 5229 τῇ
2572 5155 2764 5231 κεφαλῇ
2820 5179 2920 5231 μου
2974 5156 3118 5236 ὕδωρ
3172 5160 3442 5238 ύπεκρυὲν.

1847 5254 1944 5305 εἴτε
1989 5255 2108 5323 περὶ
2183 5252 2270 5302 τὸν
2325 5256 2412 5301 νῦν
2465 5247 2654 5321 μᾶλλον
2707 5248 3024 5322 πεπληγέναι
3073 5254 3197 5306 ὡσεὶ
3252 5258 3444 5327 χόρτον

1842 5345 1928 5395 καὶ
1966 5340 2144 5402 τελέως
2209 5338 2494 5397 αὖανθῆναι
2555 5337 2648 5396 τὴν
2705 5337 3171 5399 πολυπαθεστάτην
3219 5338 3445 5418 καρδίαν

1842 5449 1964 5506 μου,
2000 5429 2270 5483 κάντεῦθεν
2320 5432 2451 5501 μήτε
2495 5422 2736 5501 δακρύων
2791 5424 3015 5490 λιϐαδας
3067 5432 3326 5505 πενθίμων
3351 5431 3444 5486 λδ-

1841 5541 1947 5595 γων
1975 5523 2190 5596 κρουνὸν
2220 5517 2272 5580 ἐξ
2311 5516 2467 5577 αὐτῆς
2524 5512 2878 5570 ἀναδίδοσθαι
2927 5517 3048 5571 ὃσον
3098 5520 3233 5576 ἔθελε
3261 5524 3320 5575 1'6
3348 5529 3444 5577 τοῦ

1842 5611 2043 5672 πάθους
2078 5609 2290 5681 μέγεθος
2342 5609 2433 5658 καὶ
2478 5604 2604 5679 παρ’
2646 5603 2708 5658 οὗ
2758 5608 2818 5658 1'6
2875 5606 3300 5683 ἑγκυλονούμενον
3344 5611 3444 5664 οἳλ-

1842 5719 1935 5776 γος
1956 5705 2021 5774 τῇ
2065 5696 2222 5774 ψυχῇ
2256 5695 2615 5775 ἐξικνούμενον
2647 5695 2890 5778 ῥᾳότερόν
2935 5715 3064 5759 ποτε
3118 5695 3302 5778 γίνοιτ’
3357 5699 3442 5778 ἄν,
