3966 6324
117 412 258 468 1253

991 407 1366 469 MICHAELIS
1396 364 1778 463 ΛευκωΑῆ
1807 365 2130 465 ﬁbﬁonm
2153 384 2225 469 1N
2251 417 2592 479 FRATREM.

3299 405 3435 493 diu

117 533 293 607 ψυχοι
357 531 549 594 ἓκείνης
604 534 787 606 θεσμοὶ
840 538 928 587 καὶ
985 535 1090 586 οἷόν
1141 554 1223 594 τις
1308 525 1580 604 ἀκρόπολις
1629 531 1725 584 τῆς
1756 523 1800 575 Α
1831 528 1918 576 τὸν
1979 528 2167 586 Ἰακὼϐ
2246 538 2492 600 ἐπένθησε
2551 547 2846 606 θάπτουσα.
2907 554 3062 608 Οὕτω
3112 560 3213 633 γὰρ
3267 558 3326 612 ἂν
3375 560 3434 613 οὐ

122 622 710 683 Κωνσταντινουπόλεως
763 623 837 675 ἔτι
889 626 1156 696 σωζομένη
1212 621 1521 694 ἀπόρθητος.
1580 616 1724 668 Ἐπεὶ

121 709 190 764 δε
240 714 269 770 ἡ
320 717 692 785 .....υμασία
742 719 842 764 τῶν
894 718 1012 787 περὶ
1061 717 1196 764 πᾶσι
1249 709 1725 783 σεμνολογουμένων

808 799 855 852 ἐν
896 801 1129 876 ούρανοῖς
1167 799 1454 872 μετεκληθη
1496 795 1728 849 πολίτευ-

817 892 929 942 εἷτα
980 895 1069 942 καὶ
1103 891 1128 941 ὁ
1179 933 1190 943 .
1214 933 1226 944 .
1252 933 1260 942 .
1287 932 1297 943 .
1323 893 1464 944 ,υσὶν
1520 885 1728 944 ἐκείνοις

125 797 361 874 ἀδελφῶν
395 797 528 862 δυὰς
557 802 652 863 εἰς.
675 845 686 857 .
711 844 724 857 .
747 846 760 856 .

124 905 205 961 μα
258 898 427 964 μικρῷ
478 896 745 964 πρότερον,

123 981 541 1052 παρεζευγμένος
591 978 707 1051 ἐμὸς
777 976 993 1052 ἀδελφός
1045 987 1117 1049 τῷ
1180 977 1350 1049 κύκλῳ
1415 981 1508 1037 τῆς
1567 973 1730 1034 αὐτῆς

126 1073 400 1142 γερουσίας
437 1070 850 1142 ἐγγεγραμμένος
906 1067 1312 1143 πμπαρελήφθη
1367 1071 1457 1118 καὶ
1514 1065 1584 1126 εἰς
1642 1067 1729 1120 τὴν

130 1157 340 1209 αἰωνίαν
379 1157 692 1230 μετετάξατο
753 1158 1062 1229 σύγκλητον,
1120 1160 1234 1209 τότε
1286 1152 1352 1214 δὴ
1422 1156 1643 1227 ᾔσθοντο
1683 1154 1732 1204 οἱ

132 1246 183 1298 ἐν
225 1251 386 1320 Νικίᾳ
439 1247 840 1320 μεγαλοπολῖται
886 1255 976 1308 τῆς
1029 1246 1218 1308 ἑαυτῆς
1264 1245 1566 1317 ἀπαγωγῆς,
1617 1247 1734 1295 τότε

136 1342 590 1410 συμφρονήσαντες
669 1335 962 1408 ἐπέγνωσαν
1039 1336 1251 1398 ἑαυτοὺς
1332 1337 1558 1408 γυμνοὺς
1637 1337 1731 1390 τήν

135 1425 457 1484 καταστολὴν
499 1434 594 1488 τῆς
645 1426 837 1479 ἑαυτῶν
879 1423 1036 1489 δόξης
1086 1425 1565 1497 ἀπαμφιασάμενοι,
1616 1426 1732 1474 τότε

140 1510 381 1586 φυγάδας
448 1519 536 1567 καὶ
604 1517 932 1588 μετανάστας
970 1514 1335 1575 ἀπολιτεύτους
1381 1533 1434 1565 τε
1477 1516 1566 1564 καὶ
1610 1511 1732 1571 ὅλως

469 1606 614 1660 ..θεν
661 1608 751 1656 καὶ
807 1605 1240 1677 περιπαθέστερον
1290 1603 1616 1674 ὠλοφύραντο
1663 1601 1733 1661 ὡς

125 1699 415 1750 τηνικαῦτα
456 1695 715 1766 κατάκρας
772 1692 1053 1754 ἑαλωκυίας
1109 1701 1203 1754 τῆς
1267 1691 1462 1751 πόλεως
1523 1694 1612 1742 καὶ
1664 1689 1732 1740 τὰ

121 1781 516 1854 τιμαλφέστατα
569 1789 670 1834 τῶν
741 1781 905 1844 αύτῆς
965 1782 1228 1834 ἀποθέτων
1278 1779 1731 1852 ....εσυλημένης

135 1602 351 1664 ἀπόλιας
399 1647 411 1660 .
434 1647 446 1658 .

1896 616 1908 630 ο
3119 616 3132 628 1
3182 616 3192 633 Ι

1835 632 2000 716 πάντη
2080 631 2170 675 τοῦ
2224 629 2338 680 κατ’
2397 629 2545 695 ἀξίαν
2604 636 2803 707 θρηνεῖν
2861 638 3170 716 ἐνελίπομεν.
3220 655 3329 700 Νῦν
3381 645 3432 702 δ’

1836 701 2230 808 εσκεδασμένοι,
2268 723 2396 787 γυνη
2438 723 2528 791 μὲν
2568 725 2597 780 ἡ
2642 722 2763 787 ἀξία
2804 736 2898 778 σοῦ
2947 735 3034 783 καὶ
3075 729 3260 787 δικαία
3302 740 3435 808 μετὰ

1837 799 1932 844 σοῦ
1975 794 2232 858 ἐξικέσθαι
2275 805 2340 865 εἰς
2395 816 2561 883 γῆρας
2607 815 2665 863 1'6
2721 810 2971 888 ᾀδόμενον
3028 821 3333 895 κορωνόϐιον
3381 825 3432 877 ἐν

1835 887 2136 984 γωνίαοπουλ
2180 888 2467 975 ἐνδαπέδου
2499 903 2631 972 μέση
2683 912 2870 978 χοροῦ,
2928 905 3132 961 παίδων
3170 909 3433 984 ἀφηλίκων

1837 975 1926 1022 καὶ
2004 971 2527 1074 ἀνήϐωνῇκαθημένη
2590 971 2901 1064 μελανείμων
2957 1000 3050 1054 τήν
3104 971 3291 1062 ἑαυτῆς
3341 1005 3432 1074 μὲν

1839 1067 2060 1164 χηρείαν
2111 1064 2314 1120 παίδων
2393 1067 2452 1124 δὲ
2522 1074 2766 1150 ὀρφανίαν
2846 1082 3060 1147 ἐλεεινῶς
3107 1064 3430 1164 ὀλοφύρεται.

1840 1146 2050 1253 T6316?
2105 1165 2510 1253 προγενεστέρων
2550 1146 2762 1219 ’παίδων
2819 1170 2968 1233 ἄλλος
3026 1146 3428 1253 ἕῤῥωνοάλλαχῆ

1841 1239 1957 1291 καθ’
1997 1241 2188 1340 ⁸ἑαυτὸν
2241 1247 2454 1318 οἰμώξει
2518 1260 2606 1306 καὶ
2649 1259 2927 1328 μοναυλίαν
2966 1239 3429 1340 κλαυθμυρίξεται.

1840 1333 1951 1379 Τῶν
1984 1325 2034 1381 δ’
2066 1331 2226 1394 ἄλλως
2247 1336 2599 1412 οἰκειουμένων
2632 1350 2719 1398 καὶ
2749 1348 2865 1400 καθ’
2909 1352 3040 1423 αἷμα
3081 1325 3140 1406 οἱ.
3277 1355 3436 1412 Ἀσία

1838 1418 1903 1468 τὰ
1975 1427 2069 1480 τῆς
2144 1422 2445 1495 τραγῳδίας
2530 1435 2660 1506 πρὸς
2718 1439 2834 1497 τούς
2886 1437 2934 1490 ἐν
2965 1415 3185 1494 ’Ἑλλάδι
3249 1415 3434 1500 διένειίι

1840 1525 1960 1576 μαν.

1916 1593 2160 1694 Ἀδελφός
2194 1596 2248 1652 δ’
2292 1601 2772 1694 ἐγῶγπολυτλήμων
2823 1619 2913 1668 καὶ
2954 1616 3272 1692 πολύθρηνος
3301 1624 3434 1694 χθες

1841 1687 1928 1778 μὲν
1981 1689 2070 1738 καὶ
2113 1694 2292 1762 πρώην
2345 1693 2501 1746 ἄλλου
2559 1701 2776 1762 πένθους
2838 1701 3117 1778 ἐποιούμην
3165 1709 3434 1774 ὑποθέσεις

1840 1770 1924 1824 ἐπί
1954 1793 2006 1826 τε
2031 1785 2228 1840 κοιναῖς
2279 1786 2367 1833 καὶ
2420 1779 2580 1846 ἰδίαις
2627 1786 2832 1861 ἐμαυτῷ
2878 1803 3165 1870 συμφοραῖς
3198 1784 3288 1849 καὶ
3326 1801 3434 1870 μά-

122 1875 215 1923 καὶ
262 1880 358 1923 τῶν
420 1870 741 1924 ὣϐιωτάτων
800 1873 1247 1946 θησαυρισμάτων
1305 1870 1498 1923 τελείαν
1547 1889 1730 1922 πεπον-
1765 1881 1806 1939 Β
1838 1860 1993 1914 λιστα
2023 1865 2096 1924 οἷς
2153 1865 2464 1923 ὀλϐιώτατον
2510 1880 2599 1926 καὶ
2648 1860 3061 1951 ὀνομαστότατον
3101 1887 3263 1956 (ναὸν,
3321 1860 3432 1958 καὶ,

124 1963 274 2023 θυίας
351 1961 591 2027 λάπαξιν,
653 1968 744 2034 φεῦ
803 1961 814 2015 Ξ
874 1962 981 2023 οἶος
1035 1963 1410 2033 Χριστιανικός
1466 1959 1731 2021 πολιτείας

122 2047 414 2122 σύνδεσμος
479 2050 727 2126 ἔῤῥηκται
802 2094 813 2104 .
837 2093 850 2106 .
873 2094 885 2105 .
909 2094 921 2106 .
945 2049 1116 2106 ,λίκου
1179 2049 1369 2111 πόλεως
1445 2051 1731 2121 ἱμάντωσις

118 2142 378 2207 πέπτωκε,
426 2140 511 2191 οἷα
542 2144 835 2210 συστοιγία
891 2139 1097 2210 ἀγαθῶν
1158 2137 1558 2211 ἀνατέτραπται,
1623 2139 1728 2188 οἱον

120 2227 507 2300 καλοκαγαθίας
545 2231 770 2302 ἔντριτον
837 2232 1074 2300 σχοινίον
1127 2226 1368 2289 ἐπίτασις
1398 2229 1486 2299 μὲν
1523 2245 1726 2298 συμφο-

121 2325 224 2388 ρῶν
260 2315 353 2368 οῦκ
391 2315 571 2390 ἒρῥηξε
621 2319 754 2369 κατά
796 2319 854 2368 τὸ
890 2319 1044 2388 σοφόν
1104 2314 1432 2388 ἀπόφθεγμα,
1475 2317 1591 2367 οὔτε
1638 2333 1729 2367 πε-

123 2409 415 2478 ριστάσεων
476 2405 573 2478 βία
635 2403 905 2475 διέσπακε,
974 2407 1189 2467 θάνατος
1241 2402 1300 2457 δὲ
1345 2409 1437 2463 τήν
1491 2408 1726 2479 χρυσέαν

122 2505 225 2546 τῶν
285 2492 486 2569 ἀνδρῶν
538 2499 733 2548 τούτων
812 2499 990 2570 σειρὰν
1057 2494 1284 2547 ἀναλύων
1342 2499 1430 2546 καὶ
1485 2495 1603 2546 καθ’
1642 2495 1729 2546 ἕνα

124 2583 378 2657 ἐκτέμνων
441 2581 717 2660 διέφθειρε,
775 2589 866 2637 καὶ
920 2588 1008 2657 μὲν
1063 2582 1130 2643 δή
1190 2590 1396 2659 πρώτου
1447 2583 1724 2656 οἰχομένου

124 2680 218 2725 τοῦ
248 2676 542 2748 πραοτάτου
589 2679 678 2726 καὶ
719 2673 918 2746 ἀγαθοῦ
975 2673 1192 2745 Μιχαὴλ
1243 2682 1333 2734 τῆς
1381 2673 1590 2725 εύκόλου
1637 2676 1726 2724 καὶ

124 2761 495 2823 ἁπλουστάτης
523 2762 715 2824 ἐκείνης
750 2763 939 2835 ψυχῆς
969 2765 1089 2814 ὅσον
1145 2767 1234 2814 καὶ
1273 2763 1378 2815 οἷον
1423 2763 1453 2820 ἡ
1511 2761 1728 2814 ἀποικία

123 2858 216 2911 τῆς
253 2850 637 2923 μεγαλοπόλεως
672 2850 918 2921 ἐκόψατο.
954 2850 1389 2923 Ἐψυχαγωγεῖτο
1417 2847 1466 2902 δ’
1497 2852 1631 2922 ὅμως
1655 2852 1728 2902 ἔτι

121 2939 422 2992 πλουτοῦσα
457 2943 543 2992 τὸν
596 2936 979 3012 πολυειδήμονα
1021 2940 1261 2997 Ἰωάννην
1325 2943 1410 2991 τόν
1459 2944 1716 3010 μέγαν...

125 3027 291 3100 βουλῇ
342 3034 431 3082 καὶ
485 3029 750 3082 εύσυνέσει
807 3028 954 3081 πόλιν
1021 3032 1110 3081 καὶ
1184 3028 1446 3088 πολιτείας
1504 3027 1728 3101 ἀρίστης

118 3117 367 3190 ἔμψυχον
393 3117 621 3190 ἄγαλμα.

1839 1949 1956 2020 ἅγιε
1977 1948 2012 2003 δ
2015 1956 2224 2010 έσποτα.
2252 1959 2317 2017 ὡς
2341 1961 2631 2032 τρισόλϐιον
2653 1948 2804 2019 τοῦτο
2852 1973 2908 2020 τὸ
2962 1979 3054 2032 τῆς
3101 1948 3434 2048 Θεομῆταρος

1838 2043 2043 2112 τέμενος
2065 2048 2151 2094 καὶ
2187 2047 2418 2100 τόιούτου
2458 2055 2756 2126 προστάτου
2812 2053 2882 2108 δι’
2937 2059 3122 2122 αἰῶνος
3171 2043 3430 2136 δεόμενον)

1841 2129 1972 2202 ἱερὸν
2039 2131 2296 2206 Ἀθήνῃσι
2355 2143 2644 2202 πιστευθεὶς
2696 2149 2784 2196 καὶ
2846 2155 2937 2198 τοῦ
2982 2146 3030 2199 ἐν
3088 2149 3229 2222 αύτῷ
3279 2160 3432 2227 προῖ-

1839 2219 2084 2288 στάμενος
2145 2223 2527 2300 θυσιαστηρίου
2593 2242 2943 2303 πνευματικοῦ
3021 2243 3110 2289 καὶ
3183 2238 3431 2299 πλείστην

1838 2306 1918 2356 ὅτι
2006 2315 2094 2361 καὶ
2163 2310 2411 2372 πολυειδῆ
2494 2327 2921 2394 προσισχομένου
2998 2321 3251 2390 διηνεκῶς
3292 2330 3430 2381 θείαν

1837 2391 2086 2488 ἐνέργειαν
2142 2395 2302 2471 εἶδον,
2336 2407 2385 2454 οῖ
2421 2425 2530 2478 μοι,
2569 2410 2620 2459 οἵ
2659 2429 2749 2481 μοι
2809 2409 2820 2465 1
2881 2414 3298 2488 ἱεροσυλούμενον
3341 2423 3432 2471 καὶ

1838 2481 2315 2560 ἀποκοσμούμενον.
2373 2493 2500 2565 Ἐμὲ
2584 2492 2644 2548 δὲ
2697 2502 2784 2550 τόν
2841 2499 3008 2554 ἐκεῖσε
3059 2510 3432 2577 πεφυτευμένον

1835 2574 1901 2622 τὰ
1940 2583 2123 2647 πρῶτα
2151 2582 2280 2651 πρὸς
2330 2576 2568 2635 δεκάδων
2625 2584 2745 2638 ἐτῶν
2800 2599 2956 2661 τριῶν
3011 2597 3097 2644 καὶ
3131 2574 3434 2669 Ῠύπερέκεινα

1837 2659 1893 2712 ἐκ
1932 2671 2023 2724 τῆς
2066 2665 2228 2730 αύλῆς
2275 2675 2468 2742 Κυρίου
2532 2659 2904 2750 ἀποσπώμενον
2951 2682 3019 2742 ὡς
3072 2659 3282 2735 αύαλέον
3319 2679 3428 2743 ἤδη

1835 2754 1934 2842 καὶΔ
1982 2752 2165 2824 ἄγονον
2215 2762 2406 2820 παντὸς
2452 2759 2650 2831 ἀγαθοῦ
2706 2763 3026 2842 γεράνδρυον
3076 2777 3165 2830 τῆς
3197 2771 3433 2833 ίταλικῆς

1837 2837 2013 2901 ἀέλλης
2095 2842 2439 2922 σφοδρότερον
2513 2837 3026 2922 ἐμπνευσάσηςτμοι
3073 2864 3160 2911 καὶ
3224 2868 3311 2911 νῦν
3340 2861 3432 2933 μὲν

1837 2927 1906 2989 εἰς
1935 2930 2308 3006 πολυῤῥοθίους
2340 2935 2504 2999 ἀκτὰς
2545 2941 2575 2998 ῆ
2631 2943 2933 3017 περίρρυτον
2997 2945 3242 2999 σκόπελον
3288 2927 3435 3002 ἐλαυ-

1835 3021 2062 3089 νόμενον,
2093 3027 2180 3072 νῦν
2221 3019 2272 3074 δ’
2322 3023 2403 3076 ἐπὶ
2454 3029 2701 3100 φάραγγα
2756 3032 3006 3107 ὑπώρειον
3044 3038 3144 3108 πρὸ
3195 3044 3288 3088 τοῦ
3324 3057 3436 3090 κοι-

1834 3113 1922 3157 νοῦ
1953 3105 2215 3171 κλύδωνος
2243 3110 2653 3187 ἐξεϐραοςσόμην,
2709 3105 2880 3171 Ἔνθα-
2919 3105 3225 3196 παρέρνιμμα
3267 3144 3431 3197 μετα-

191 3205 276 3266 Ὠς
331 3203 391 3258 δε
456 3214 547 3258 καὶ
595 3210 801 3258 τουτονὶ
846 3208 1156 3278 προτεθέντα
1212 3202 1450 3278 τάδελφῷ
1507 3223 1725 3278 μεταμι-
1757 3235 1796 3289 C
1833 3197 2028 3247 νάστου
2084 3197 2395 3274 ἀπόκληρος,
2454 3202 2709 3277 ἀνέορτος,
2756 3207 2958 3276 ἄπολις,
3032 3209 3322 3283 ἀγροιώτης
3363 3218 3432 3276 ὡς

119 3312 243 3367 κρον

119 3387 212 3434 καὶ
235 3387 394 3457 τρίτῳ
427 3402 762 3456 σεμνυνομεν.
785 3426 796 3439 .
821 3426 833 3438 .
870 3389 1079 3455 Νικήτᾳ
1128 3393 1200 3454 τῷ
1236 3385 1301 3435 τὰ
1331 3384 1528 3435 ἐκείνων
1558 3384 1729 3435 πάντα

119 3472 258 3524 καλὰ
311 3472 618 3524 συλλαϐόντι

121 3561 429 3624 ὑπολοίποις
484 3561 687 3614 ἐλπίσιν
752 3561 1008 3617 ἐσάλευεν.
1067 3563 1209 3614 Ἐπεὶ
1271 3559 1330 3614 δε
1385 3567 1474 3614 καὶ
1524 3565 1729 3614 τουτονὶ

119 3650 486 3724 προσαπεϐαλε
541 3654 843 3723 τοῦσχατον
899 3655 1269 3722 ναυαγήσασα,
1323 3658 1412 3702 νῦν
1468 3651 1556 3703 ὑπ’
1605 3649 1730 3723 ἀμέ-

792 3740 960 3802 λύπης
1035 3745 1358 3792 πεπόντωται
1449 3736 1731 3792 καταδῦσα

293 3299 586 3366 ....μίωτο
649 3299 740 3347 καὶ
796 3297 1213 3370 προσεπένθησεν
1284 3293 1367 3346 ἐπὶ
1431 3302 1505 3364 τῷ
1565 3294 1727 3364 λοιπῷ

707 3473 871 3543 ἑαυτῷ
916 3471 1019 3545 ἐμῷ
1068 3469 1274 3544 ἀδελφῷ
1321 3475 1572 3547 μετέωρος
1613 3477 1730 3535 ταὶς

121 3760 271 3814 τρου.
348 3742 705 3792 καταποθήσα

122 3829 428 3904 ὑπόϐρυχα.
462 3833 611 3900 Μέγα
675 3825 736 3882 δὲ
792 3829 976 3890 Ἀσίας
1032 3828 1108 3882 ἐπ’
1169 3829 1307 3899 αὐτῷ
1362 3826 1490 3903 ἦρτο
1547 3831 1730 3890 πένθος

129 3919 478 3990 ...ἐπήχησε
526 3915 585 3971 δὲ
658 3921 838 3994 γοερόν
893 3918 1116 3993 Εὐρώπη
1184 3918 1618 3990 ουνανοιμώξασα
1665 3921 1729 3979 ὡς

104 4013 214 4067 τήν
269 4013 446 4066 κοινὴν
510 4008 704 4080 ζημίαν
765 4007 998 4060 ἐπύθετο,
1063 4007 1120 4059 Εἰ
1169 4004 1222 4059 δ’
1280 4007 1529 4081 ἑκατέρων
1586 4008 1727 4064 ἠπεί-

113 4118 217 4172 ρων
266 4140 279 4152 .
304 4141 316 4153 .
341 4096 428 4155 ,λη
459 4102 538 4158 τίς
568 4103 726 4171 μοῖρα
753 4098 887 4148 ὅσων
914 4097 944 4156 ἦ
999 4103 1180 4170 πεῖραν
1211 4103 1301 4157 τῆς
1361 4103 1459 4156 σῆς
1501 4095 1724 4148 καλοκα-

113 4189 307 4258 γαθίας
389 4189 606 4257 ἕγευσας
679 4187 708 4245 ῆ
794 4191 940 4258 φήμη
1019 4187 1082 4236 τὰ
1145 4195 1252 4238 ῶτα
1307 4185 1728 4260 περιεϐόμϐησας

123 4278 392 4331 ....ωτόν
447 4278 534 4326 σόν
605 4274 933 4346 ὠλοφύραντο
980 4275 1218 4339 θάνατον,
1272 4271 1312 4324 ὦ
1367 4273 1580 4346 φιλτάτη
1634 4279 1726 4326 καὶ

116 4366 360 4421 θειοτάτη
386 4363 566 4435 ψυχὴ,
617 4368 670 4416 τί
723 4365 844 4415 ποτ’
899 4363 959 4414 ἄν
1014 4365 1165 4434 ἡμεῖς
1211 4363 1270 4415 ού
1315 4365 1605 4436 πεισόμεθα
1632 4368 1723 4416 καὶ

117 4451 386 4526 δράσομεν
420 4451 840 4524 σχετλιάζοντες,
873 4453 922 4503 οἰ
966 4453 1096 4524 μετὰ
1141 4448 1502 4520 παντοδαπῆς,
1551 4454 1616 4513 ὡς
1659 4455 1726 4505 εἶ-

115 4561 300 4614 πομεν,
355 4545 588 4613 σχέσεως
630 4549 692 4614 τῇ
760 4540 877 4593 καθ’
928 4537 1060 4612 αἷμα
1114 4540 1368 4593 οἰκειωσει
1430 4545 1724 4614 πιεζόμενοι

115 4635 182 4691 ὡς
210 4633 452 4704 όμόγυιοι
481 4631 557 4682 ἔτι
583 4648 637 4682 τε
690 4633 888 4702 μυρίων
930 4634 1049 4704 περὶ
1107 4637 1201 4681 σοῦ
1252 4635 1487 4703 χαρίτων
1546 4630 1726 4686 ἀπολε-

114 4721 368 4781 λαυκότες
399 4718 473 4780 εἰς
501 4718 765 4791 πλήσμιον
803 4722 893 4770 καὶ
939 4721 1040 4792 πρό
1088 4736 1148 4790 γε
1193 4727 1254 4791 τῇ
1318 4727 1383 4791 σῇ
1442 4719 1596 4794 ἀρετῇ
1644 4742 1723 4795 φι-

113 4809 480 4881 λοτιμούμενοι
508 4812 598 4859 καὶ
652 4811 788 4879 μέγα
842 4805 924 4858 ἐπι
967 4811 1052 4858 σοὶ
1109 4814 1409 4878 φρονοῦντες
1464 4813 1553 4860 καὶ
1603 4828 1724 4884 σεμ-

111 4896 399 4970 νυνῖμενοι,
437 4894 548 4948 εἶτα
596 4903 683 4948 νῦν
742 4896 952 4958 έαυτοός
999 4898 1183 4968 αἴφνης
1229 4893 1425 4959 ἰδόντες
1467 4905 1558 4950 τοῦ
1602 4904 1722 4973 περὶ

112 4994 215 5038 σοῦ
287 4985 602 5056 ψιλωθέντος
656 4983 1168 5058 ἀπολαμπρύσματος
1200 4990 1342 5056 γένος
1397 4984 1721 5058 πολυσχιδὲς

107 5079 203 5128 καὶ
229 5074 503 5153 πολλαχοῦ
523 5082 618 5136 τῆς
645 5074 827 5135 Ἀσίας
863 5079 953 5126 καὶ
1009 5074 1126 5126 καθ’
1167 5073 1302 5130 Ἑλλ.
1326 5119 1338 5129 .
1362 5119 1373 5131 .
1422 5081 1719 5148 καχυμένον

103 5169 201 5216 καὶ
244 5164 318 5224 εἰς
354 5168 516 5236 ὄνομα
553 5163 790 5236 λαμπρὸν
829 5163 1095 5236 αἰρόμενον
1139 5161 1234 5216 διὰ
1290 5172 1385 5217 σοῦ
1431 5169 1521 5218 καὶ
1579 5165 1717 5228 ἐξευ-

101 5254 458 5327 γενιζόμενον,
508 5252 599 5315 οὓς
664 5250 772 5305 ἔδει
824 5258 896 5325 μὴ
956 5250 1276 5328 διεσπάρθαι
1325 5262 1413 5306 νῦν
1466 5260 1556 5308 καὶ
1601 5255 1716 5309 κατ’

103 5341 253 5396 οἶκον
288 5344 486 5395 πενθεῖν
519 5338 672 5414 ίδίδᾳ
701 5344 936 5411 ἕκαστος,
998 5340 1106 5394 ἀλλ’
1157 5342 1228 5405 εἰς
1252 5346 1412 5396 ταυτὸ
1445 5345 1717 5404 συνεληλυ-

105 5434 266 5486 θότας
309 5436 398 5483 καὶ
435 5434 524 5483 τόν
564 5433 653 5483 σόν
683 5432 1026 5504 περιστάντας
1061 5430 1273 5503 τύμϐον,
1322 5433 1408 5485 ὑπ’
1470 5431 1584 5505 ἐμοι
1633 5454 1718 5488 κο-

104 5523 324 5593 ρυφαίῳ
375 5517 622 5592 δυστήνῳ
669 5525 760 5572 καὶ
810 5521 1007 5593 θρήνων
1063 5519 1717 5592 ἐξάρχοντιπολύκλαυτον

107 5608 334 5672 ξυναυλ.
357 5651 369 5664 .
394 5652 406 5664 .
454 5615 545 5661 καὶ
573 5609 870 5683 οἰκροτατ..
895 5651 910 5664 .
957 5608 1290 5682 ἁρμόσασθαι
1319 5627 1409 5663 και
1445 5614 1582 5683 μέγα
1601 5615 1717 5665 πέν-

107 5699 205 5778 λθροξ
253 5692 446 5778 ὁγεῑρὸι
494 5703 587 5756 καὶ
634 5697 740 5779 οἷον
790 5699 823 5759 ἡ
876 5702 996 5777 περὶ
1036 5700 1124 5757 τὸν
1176 5697 1370 5775 Ἰωσήφ
1415 5700 1714 5778 παρεμϐολή

1835 3282 2057 3356 ἐρημική
2089 3305 2169 3350 τις
2199 3287 2456 3362 ὁλολυγὼν
2495 3291 2799 3348 ἐπίκλαυτον
2847 3299 2962 3350 κατ’
3019 3305 3238 3373 εμαυτὸν
3287 3298 3432 3374 ᾅδων

1834 3370 1976 3444 τάμὰ
2001 3380 2092 3427 καὶ
2123 3381 2269 3430 κοινὰ
2296 3383 2450 3437 κακά.
2494 3384 2600 3437 Νῦν
2653 3381 2704 3436 δ’
2761 3384 2888 3439 ἀλλά
2937 3396 3036 3439 τῶν
3075 3393 3322 3444 τοιούτων
3363 3395 3433 3455 ὡς

1837 3461 2008 3515 οὐκέτι
2029 3464 2271 3520 κλαυτέον
2301 3489 2390 3541 μοι
2419 3476 2570 3543 μόνον
2602 3473 2694 3525 ούκ
2730 3473 3094 3550 ἐπιλέλησμαι.

1915 3557 1973 3611 Ὀ
2031 3554 2090 3610 δὲ
2154 3566 2243 3618 τῆς
2294 3559 2543 3631 φιλτάτης
2598 3563 2821 3636 κεφαλῆς
2868 3567 3082 3629 θάνατος
3129 3567 3314 3632 ἐκεῖνος
3350 3591 3434 3624 τε-

1835 3647 2064 3708 λεκταῑος
2112 3645 2487 3712 ἐπιπεπδωκὼς
2538 3653 2606 3714 ὡς
2659 3654 2688 3710 ἠ
2751 3651 2943 3714 δεκάτη
2994 3666 3092 3709 τῶν
3131 3658 3433 3731 Αἰγυπτίων

1836 3736 2059 3808 πληγήή
2112 3745 2211 3788 τῶν
2253 3743 2590 3811 πρωτοτόκων
2648 3743 2850 3815 ὄλεθρος
2902 3745 3072 3796 πάντα
3122 3750 3315 3800 κοπετοί
3363 3748 3434 3810 εἰς

1839 3825 2038 3887 ἑαυτὸν,
2100 3826 2457 3897 ἐφειλκύσατο,
2543 3835 2717 3880 πᾶσαν
2789 3830 3043 3903 οἰμωγὴν,
3100 3840 3202 3886 πᾶν
3254 3831 3433 3908 γοερόν

1837 3913 2008 3986 μέλος,
2039 3913 2151 3965 ὅλον
2178 3919 2267 3966 καὶ
2316 3918 2525 3987 σύμπαν
2583 3913 2831 3991 δάκρυον.
2888 3918 3061 3972 ’Ἐοικε
3112 3925 3212 3997 γὰρ
3268 3921 3435 3978 ἐκεῖνα

1835 4007 1925 4077 μεν
1955 4001 2274 4078 προϐαλέσαι
2311 4024 2403 4077 μοι
2433 4007 2458 4058 ό
2516 4001 2771 4061 ὁδοποιῶν
2827 4007 3002 4084 τρίϐον
3032 4018 3095 4084 τῇ
3155 4011 3284 4087 ὀργῇ⁹
3345 4012 3436 4066 αύ-

1835 4099 1926 4144 τοῦ
1983 4094 2088 4145 οἷόν
2161 4111 2277 4145 τινα
2328 4093 2650 4168 κολαστέρων
2723 4101 3089 4169 περιστατικόν
3140 4101 3430 4172 γυμνάσια,

1833 4184 2078 4253 μέγιστον
2107 4177 2164 4233 δὲ
2205 4179 2380 4253 ἀγῶνα
2435 4189 2611 4234 τοῦτον
2661 4182 3025 4256 ἐπενηνοχέναι
3077 4192 3168 4240 καὶ
3211 4187 3432 4240 ὕστατον

1833 4275 1922 4322 καὶ
1945 4269 2001 4322 ού
2033 4272 2092 4322 1'6
2122 4272 2367 4344 παράπαν
2400 4268 2692 4327 ἀκίνδυνον.
2722 4279 2787 4326 Τ.
2811 4317 2822 4328 .
2847 4315 2858 4328 .
2882 4315 2895 4328 .
2959 4273 3125 4327 ἐκεῖνα
3187 4273 3435 4349 ἀμυχαῖα

1832 4364 1923 4412 καὶ
1953 4359 2010 4411 ού
2037 4361 2171 4411 πάνυ
2204 4355 2514 4412 δυσούλωτά
2539 4379 2629 4433 μοι
2655 4362 2718 4413 τὰ
2772 4360 3059 4435 πλήγματα
3085 4372 3176 4417 τοῦ
3231 4357 3266 4418 δ
3270 4385 3314 4422 ε.
3337 4408 3350 4422 .
3375 4410 3386 4422 .
3409 4407 3424 4422 .

1831 4454 1919 4501 καὶ
1959 4455 2050 4500 τοῦ
2082 4447 2276 4521 βάθους
2307 4456 2398 4510 τῆς
2441 4449 2625 4522 ψυχῆς
2650 4453 3030 4525 καθικνούμενα
3058 4453 3088 4513 ἦ
3147 4456 3293 4528 τάχα
3341 4459 3432 4528 μεν

1831 4542 2142 4612 πειρατέρων
2191 4535 2342 4596 ἀνέϐη
2384 4558 2547 4594 κα...
2599 4540 2786 4611 θεόμην
2844 4539 3307 4616 ἐπισημαινόμενον
3347 4543 3410 4618 ἐμ

1831 4631 2073 4702 πρησμόν
2130 4632 2219 4679 καὶ
2290 4635 2389 4678 τῶν
2462 4626 2707 4700 ὀμμάτων
2763 4630 3172 4704 προκαλούμενος
3225 4628 3434 4705 δάκρυα

1831 4722 1922 4770 καὶ
1976 4725 2079 4791 πῦρ
2134 4716 2434 4788 κατέφλεγεν
2490 4717 2568 4770 ἐπ’
2618 4715 2792 4790 ἐκείνῳ
2842 4719 3081 4792 θλίψεων,
3139 4731 3227 4774 νῦν
3277 4719 3337 4775 δὲ
3365 4725 3433 4777 τὰ

1831 4809 2094 4859 καυστικὰ
2141 4811 2230 4859 καὶ
2277 4812 2604 4880 μονιμώτερα
2659 4810 2802 4882 πυρὰ
2851 4813 2943 4872 τῆς
2990 4810 3246 4870 κολάσεῶς
3299 4811 3429 4870 ἀνή-

1831 4898 2036 4968 φθησαν
2075 4897 2326 4969 ἄνθρακες
2355 4898 2416 4946 οὔ
2469 4899 2594 4948 ποτέ
2648 4916 2738 4967 μοι
2784 4893 2924 4949 δοκῶ
2954 4897 3364 4970 σϐεσθησόμενοι
3393 4899 3424 4960 ἣ

1829 4993 1946 5041 τοῦ.
1970 5029 1981 5041 ,
2005 5029 2018 5043 ,
2041 5027 2053 5040 .
2102 4981 2380 5057 ἐγκάρδιον
2417 4984 2549 5056 αἷμα
2589 4988 2930 5055 παυσόμενοι,
2963 4987 3097 5038 ὥστε
3121 5005 3185 5058 με
3212 4986 3337 5039 αύτό
3368 4992 3428 5042 1'6

1830 5070 2057 5148 δάκρυον
2093 5071 2321 5125 ἐπέλιπεν
2361 5074 2462 5123 εἴτε
2507 5075 2625 5145 περὶ
2679 5075 2738 5124 τὸ
2794 5069 3117 5132 ἀναλωθῆναι
3170 5080 3256 5126 τοί
3302 5077 3429 5148 φθά-

1830 5181 1956 5215 σασι
1983 5168 2164 5221 κακοῖς
2215 5163 2274 5212 τὸ
2331 5162 2380 5212 ἓν
2432 5166 2494 5231 τῇ
2554 5155 2746 5232 κεφαλῆ
2802 5180 2902 5233 μου
2955 5158 3100 5237 ὕδωρ
3154 5163 3424 5240 ύπεκρυὲν.

1828 5255 1926 5306 εἶτε
1971 5258 2090 5324 περὶ
2165 5253 2252 5303 τόν
2307 5258 2394 5302 νῦν
2448 5249 2636 5322 μᾶλλον
2689 5250 3006 5322 πεπληγέναι
3055 5256 3179 5307 ὡσεὶ
3235 5260 3426 5328 χόρτον

1825 5346 1910 5396 καὶ
1948 5341 2126 5403 τελέως
2191 5339 2476 5399 αύανθῆναι
2536 5339 2630 5398 τὴν
2687 5338 3152 5400 πολυπαθεστάτην
3201 5339 3427 5420 καρδίαν

1825 5451 1946 5507 μου,
1982 5430 2252 5484 κάντεῦθεν
2303 5433 2432 5502 μήτε
2476 5423 2718 5501 δακρύων
2772 5425 2997 5492 λιϐάδας
3050 5435 3308 5507 πενθίμων
3333 5433 3426 5488 λό-

1823 5542 1929 5596 γων
1957 5524 2172 5596 κρουνὸν
2202 5518 2255 5582 ἐξ
2293 5517 2448 5578 αὐτῆς
2505 5514 2860 5571 ἀναδίδοσθαι
2909 5518 3031 5572 ὅσον
3080 5522 3215 5577 ἔθελε
3243 5526 3302 5577 τό
3331 5531 3426 5578 τοῦ

1824 5612 2024 5673 πάθους
2060 5610 2272 5682 μέγεθος
2325 5611 2415 5659 καὶ
2459 5605 2586 5681 παρ’
2629 5605 2689 5659 οῦ
2739 5609 2799 5659 τὸ
2857 5609 3282 5684 ἓγκυλονούμενον
3327 5613 3426 5666 οἳλ-

1824 5719 1916 5777 Ίος
1938 5706 2003 5775 τῇ
2047 5697 2204 5774 ψυχῇ
2238 5696 2598 5776 δικαιούμενον
2629 5695 2872 5778 ῥᾳότερόν
2917 5709 3046 5760 ποτε
3101 5697 3284 5780 γίνοιτ’
3339 5701 3425 5780 ἄν,
