  <div class='ocr_page' id='page_1' title='image "/cluster/home/n/w/nwhite01/storage/ocr_20150623/140/pst.000005714568/677.png"; bbox 0 0 3966 6324; ppageno 0'>
   <div class='ocr_carea' id='block_1_1' title="bbox 523 337 666 402">
    <p class='ocr_par' dir='ltr' id='par_1_1' title="bbox 523 337 666 402">
     <span class='ocr_line' id='line_1_1' title="bbox 523 337 666 402; baseline -0.014 0"><span class='ocrx_word' id='word_1_1' title='bbox 523 337 666 402; x_wconf 72' lang='grc'>1255</span> 
     </span>
    </p>
   </div>
   <div class='ocr_carea' id='block_1_2' title="bbox 2008 321 2370 390">
    <p class='ocr_par' dir='ltr' id='par_1_2' title="bbox 2008 321 2370 390">
     <span class='ocr_line' id='line_1_2' title="bbox 2008 321 2370 390; baseline 0.011 -5"><span class='ocrx_word' id='word_1_2' title='bbox 2008 321 2370 390; x_wconf 72' lang='lat' dir='ltr'><strong>ADDENDA.</strong></span> 
     </span>
    </p>
   </div>
   <div class='ocr_carea' id='block_1_3' title="bbox 3768 345 3882 401">
    <p class='ocr_par' dir='ltr' id='par_1_3' title="bbox 3768 345 3882 401">
     <span class='ocr_line' id='line_1_3' title="bbox 3768 345 3882 401; baseline 0.009 -1"><span class='ocrx_word' id='word_1_3' title='bbox 3768 345 3882 401; x_wconf 65' lang='grc' dir='ltr'>ιτα</span> 
     </span>
    </p>
   </div>
   <div class='ocr_carea' id='block_1_4' title="bbox 542 443 3868 542">
    <p class='ocr_par' dir='ltr' id='par_1_4' title="bbox 542 443 3868 542">
     <span class='ocr_line' id='line_1_4' title="bbox 542 443 3868 542; baseline -0.001 -19"><span class='ocrx_word' id='word_1_4' title='bbox 542 469 753 540; x_wconf 76' lang='grc' dir='ltr'>Ανάγκη</span> <span class='ocrx_word' id='word_1_5' title='bbox 790 465 958 518; x_wconf 79' lang='grc' dir='ltr'>τοίνῦν</span> <span class='ocrx_word' id='word_1_6' title='bbox 1028 460 1294 532; x_wconf 73' lang='grc' dir='ltr'>ἀτέγκτοις</span> <span class='ocrx_word' id='word_1_7' title='bbox 1343 457 1627 533; x_wconf 72' lang='grc' dir='ltr'>ὀφθαλμοῖς</span> <span class='ocrx_word' id='word_1_8' title='bbox 1670 461 1761 512; x_wconf 79' lang='grc' dir='ltr'>καὶ</span> <span class='ocrx_word' id='word_1_9' title='bbox 1841 457 2148 542; x_wconf 65' lang='grc' dir='ltr'>στεναγμοῖξ</span> <span class='ocrx_word' id='word_1_10' title='bbox 2175 452 2222 508; x_wconf 78' lang='grc' dir='ltr'><strong>Α</strong></span> <span class='ocrx_word' id='word_1_11' title='bbox 2257 443 2588 533; x_wconf 66' lang='grc' dir='ltr'>ἀξυμϐλήτου</span> <span class='ocrx_word' id='word_1_12' title='bbox 2657 475 2768 532; x_wconf 85' lang='grc' dir='ltr'>τοῖς</span> <span class='ocrx_word' id='word_1_13' title='bbox 2831 467 3076 530; x_wconf 75' lang='grc' dir='ltr'>παλαιοῖς</span> <span class='ocrx_word' id='word_1_14' title='bbox 3129 463 3540 542; x_wconf 82' lang='grc' dir='ltr'>ἀριστεύματος.</span> <span class='ocrx_word' id='word_1_15' title='bbox 3573 465 3868 542; x_wconf 71' lang='grc' dir='ltr'>Ἐῥρύσατό</span> 
     </span>
    </p>
   </div>
   <div class='ocr_carea' id='block_1_5' title="bbox 529 553 1043 626">
    <p class='ocr_par' dir='ltr' id='par_1_5' title="bbox 529 553 1043 626">
     <span class='ocr_line' id='line_1_5' title="bbox 529 553 1043 626; baseline -0.012 -14"><span class='ocrx_word' id='word_1_16' title='bbox 529 555 806 617; x_wconf 74' lang='grc' dir='ltr'>ἀλαλήτοις</span> <span class='ocrx_word' id='word_1_17' title='bbox 877 553 1043 626; x_wconf 81' lang='grc' dir='ltr'>ἄχθος</span> 
     </span>
    </p>
   </div>
   <div class='ocr_carea' id='block_1_6' title="bbox 534 730 1104 799">
    <p class='ocr_par' dir='ltr' id='par_1_6' title="bbox 534 730 1104 799">
     <span class='ocr_line' id='line_1_6' title="bbox 534 730 1104 799; baseline -0.007 -9"><span class='ocrx_word' id='word_1_18' title='bbox 534 735 786 799; x_wconf 77' lang='grc' dir='ltr'>εεανύσας</span> <span class='ocrx_word' id='word_1_19' title='bbox 831 730 1034 788; x_wconf 85' lang='grc' dir='ltr'>ύπόλει.</span> <span class='ocrx_word' id='word_1_20' title='bbox 1055 773 1068 787; x_wconf 94' lang='grc'><strong>.</strong></span> <span class='ocrx_word' id='word_1_21' title='bbox 1091 771 1104 786; x_wconf 93' lang='grc'><strong>.</strong></span> 
     </span>
    </p>
   </div>
   <div class='ocr_carea' id='block_1_7' title="bbox 528 905 2139 986">
    <p class='ocr_par' dir='ltr' id='par_1_7' title="bbox 528 905 2139 986">
     <span class='ocr_line' id='line_1_7' title="bbox 528 905 2139 986; baseline -0.007 -20"><span class='ocrx_word' id='word_1_22' title='bbox 528 931 690 986; x_wconf 92' lang='grc' dir='ltr'>σομαι</span> <span class='ocrx_word' id='word_1_23' title='bbox 734 908 996 985; x_wconf 84' lang='grc' dir='ltr'>τάδελφῷ,</span> <span class='ocrx_word' id='word_1_24' title='bbox 1053 912 1078 962; x_wconf 91' lang='lat'>6</span> <span class='ocrx_word' id='word_1_25' title='bbox 1122 928 1425 985; x_wconf 87' lang='grc' dir='ltr'>γεφαιτερος</span> <span class='ocrx_word' id='word_1_26' title='bbox 1467 915 1540 979; x_wconf 85' lang='grc' dir='ltr'>τῷ</span> <span class='ocrx_word' id='word_1_27' title='bbox 1582 910 1826 981; x_wconf 82' lang='grc' dir='ltr'>νεωνέρῳ,</span> <span class='ocrx_word' id='word_1_28' title='bbox 1858 905 1885 957; x_wconf 98' lang='lat'>6</span> <span class='ocrx_word' id='word_1_29' title='bbox 1915 907 2139 977; x_wconf 77' lang='grc' dir='ltr'>ἐσχατο-</span> 
     </span>
    </p>
   </div>
   <div class='ocr_carea' id='block_1_8' title="bbox 525 999 1647 1078">
    <p class='ocr_par' dir='ltr' id='par_1_8' title="bbox 525 999 1647 1078">
     <span class='ocr_line' id='line_1_8' title="bbox 525 999 1647 1078; baseline -0.002 -24"><span class='ocrx_word' id='word_1_30' title='bbox 525 1006 686 1078; x_wconf 87' lang='grc' dir='ltr'>γέρων</span> <span class='ocrx_word' id='word_1_31' title='bbox 718 1009 789 1073; x_wconf 84' lang='grc' dir='ltr'>τῷ</span> <span class='ocrx_word' id='word_1_32' title='bbox 821 1002 1171 1059; x_wconf 78' lang='grc' dir='ltr'>καθεστηκότι</span> <span class='ocrx_word' id='word_1_33' title='bbox 1195 1003 1286 1052; x_wconf 78' lang='grc' dir='ltr'>καὶ</span> <span class='ocrx_word' id='word_1_34' title='bbox 1315 999 1647 1074; x_wconf 84' lang='grc' dir='ltr'>ὠμογέροντι.</span> 
     </span>
    </p>
   </div>
   <div class='ocr_carea' id='block_1_9' title="bbox 595 1081 2139 1165">
    <p class='ocr_par' dir='ltr' id='par_1_9' title="bbox 595 1081 2139 1165">
     <span class='ocr_line' id='line_1_9' title="bbox 595 1081 2139 1165; baseline -0.008 -19"><span class='ocrx_word' id='word_1_35' title='bbox 595 1093 856 1165; x_wconf 81' lang='grc' dir='ltr'>Ἀνέφικτε</span> <span class='ocrx_word' id='word_1_36' title='bbox 913 1095 1003 1142; x_wconf 81' lang='grc' dir='ltr'>καὶ</span> <span class='ocrx_word' id='word_1_37' title='bbox 1075 1088 1366 1164; x_wconf 83' lang='grc' dir='ltr'>ἀτέκμαρτε</span> <span class='ocrx_word' id='word_1_38' title='bbox 1416 1091 1530 1142; x_wconf 89' lang='grc' dir='ltr'>θεία</span> <span class='ocrx_word' id='word_1_39' title='bbox 1587 1091 1825 1162; x_wconf 89' lang='grc' dir='ltr'>πρόνοια,</span> <span class='ocrx_word' id='word_1_40' title='bbox 1881 1084 1911 1143; x_wconf 76' lang='grc' dir='ltr'>ἡ</span> <span class='ocrx_word' id='word_1_41' title='bbox 1964 1081 2139 1154; x_wconf 89' lang='grc' dir='ltr'>λόγοις</span> 
     </span>
    </p>
   </div>
   <div class='ocr_carea' id='block_1_10' title="bbox 525 1173 2139 1257">
    <p class='ocr_par' dir='ltr' id='par_1_10' title="bbox 525 1173 2139 1257">
     <span class='ocr_line' id='line_1_10' title="bbox 525 1173 2139 1257; baseline -0.007 -23"><span class='ocrx_word' id='word_1_42' title='bbox 525 1179 770 1257; x_wconf 75' lang='grc' dir='ltr'>ἀρρήτοις</span> <span class='ocrx_word' id='word_1_43' title='bbox 835 1180 1150 1240; x_wconf 85' lang='grc' dir='ltr'>οἰακίζουσα</span> <span class='ocrx_word' id='word_1_44' title='bbox 1219 1180 1333 1232; x_wconf 85' lang='grc' dir='ltr'>θεῖά</span> <span class='ocrx_word' id='word_1_45' title='bbox 1411 1197 1466 1231; x_wconf 88' lang='grc' dir='ltr'>τε</span> <span class='ocrx_word' id='word_1_46' title='bbox 1517 1181 1606 1230; x_wconf 84' lang='grc' dir='ltr'>καὶ</span> <span class='ocrx_word' id='word_1_47' title='bbox 1666 1175 1962 1251; x_wconf 88' lang='grc' dir='ltr'>ἀνθρώπινα</span> <span class='ocrx_word' id='word_1_48' title='bbox 2008 1173 2139 1247; x_wconf 90' lang='grc' dir='ltr'>πρά-</span> 
     </span>
    </p>
   </div>
   <div class='ocr_carea' id='block_1_11' title="bbox 533 1261 2137 1344">
    <p class='ocr_par' dir='ltr' id='par_1_11' title="bbox 533 1261 2137 1344">
     <span class='ocr_line' id='line_1_11' title="bbox 533 1261 2137 1344; baseline -0.006 -21"><span class='ocrx_word' id='word_1_49' title='bbox 533 1291 673 1344; x_wconf 86' lang='grc' dir='ltr'>ματα</span> <span class='ocrx_word' id='word_1_50' title='bbox 701 1279 812 1332; x_wconf 85' lang='grc' dir='ltr'>πῶς</span> <span class='ocrx_word' id='word_1_51' title='bbox 844 1278 916 1342; x_wconf 82' lang='grc' dir='ltr'>τῷ</span> <span class='ocrx_word' id='word_1_52' title='bbox 956 1277 1055 1322; x_wconf 83' lang='grc' dir='ltr'>τῶν</span> <span class='ocrx_word' id='word_1_53' title='bbox 1098 1277 1200 1321; x_wconf 84' lang='grc' dir='ltr'>σῶν</span> <span class='ocrx_word' id='word_1_54' title='bbox 1241 1271 1504 1344; x_wconf 74' lang='grc' dir='ltr'>χριμάτων</span> <span class='ocrx_word' id='word_1_55' title='bbox 1546 1265 1765 1338; x_wconf 84' lang='grc' dir='ltr'>ἀϐύσσῳ</span> <span class='ocrx_word' id='word_1_56' title='bbox 1822 1261 2137 1336; x_wconf 88' lang='grc' dir='ltr'>ἐγκυϐιστῆ-</span> 
     </span>
    </p>
   </div>
   <div class='ocr_carea' id='block_1_12' title="bbox 534 1349 2135 1432">
    <p class='ocr_par' dir='ltr' id='par_1_12' title="bbox 534 1349 2135 1432">
     <span class='ocr_line' id='line_1_12' title="bbox 534 1349 2135 1432; baseline -0.007 -18"><span class='ocrx_word' id='word_1_57' title='bbox 534 1379 624 1414; x_wconf 91' lang='grc' dir='ltr'>σαι</span> <span class='ocrx_word' id='word_1_58' title='bbox 677 1380 693 1430; x_wconf 87' lang='lat'><strong>;</strong></span> <span class='ocrx_word' id='word_1_59' title='bbox 749 1358 1130 1422; x_wconf 87' lang='grc' dir='ltr'>Ἐπινήξασθαι</span> <span class='ocrx_word' id='word_1_60' title='bbox 1186 1361 1276 1432; x_wconf 73' lang='grc' dir='ltr'>μεν</span> <span class='ocrx_word' id='word_1_61' title='bbox 1321 1353 1408 1410; x_wconf 84' lang='grc' dir='ltr'>οὖν</span> <span class='ocrx_word' id='word_1_62' title='bbox 1460 1361 1691 1432; x_wconf 78' lang='grc' dir='ltr'>παρήσει</span> <span class='ocrx_word' id='word_1_63' title='bbox 1751 1373 1831 1416; x_wconf 91' lang='grc' dir='ltr'>τις</span> <span class='ocrx_word' id='word_1_64' title='bbox 1858 1361 1997 1428; x_wconf 74' lang='grc' dir='ltr'>νούς,</span> <span class='ocrx_word' id='word_1_65' title='bbox 2042 1349 2135 1403; x_wconf 79' lang='grc' dir='ltr'><strong>κᾶν</strong></span> 
     </span>
    </p>
   </div>
   <div class='ocr_carea' id='block_1_13' title="bbox 530 1441 2135 1523">
    <p class='ocr_par' dir='ltr' id='par_1_13' title="bbox 530 1441 2135 1523">
     <span class='ocr_line' id='line_1_13' title="bbox 530 1441 2135 1523; baseline -0.006 -21"><span class='ocrx_word' id='word_1_66' title='bbox 530 1453 609 1509; x_wconf 80' lang='grc' dir='ltr'>εἴη</span> <span class='ocrx_word' id='word_1_67' title='bbox 641 1449 1057 1523; x_wconf 83' lang='grc' dir='ltr'>φιλοσοφώτατον</span> <span class='ocrx_word' id='word_1_68' title='bbox 1096 1447 1227 1500; x_wconf 89' lang='grc' dir='ltr'>λύων</span> <span class='ocrx_word' id='word_1_69' title='bbox 1282 1443 1615 1519; x_wconf 77' lang='grc' dir='ltr'>συνδέσμους</span> <span class='ocrx_word' id='word_1_70' title='bbox 1671 1449 1761 1497; x_wconf 85' lang='grc' dir='ltr'>καὶ</span> <span class='ocrx_word' id='word_1_71' title='bbox 1817 1441 2135 1515; x_wconf 72' lang='grc' dir='ltr'>ἀναγγέλλων</span> 
     </span>
    </p>
   </div>
   <div class='ocr_carea' id='block_1_14' title="bbox 527 1529 2135 1614">
    <p class='ocr_par' dir='ltr' id='par_1_14' title="bbox 527 1529 2135 1614">
     <span class='ocr_line' id='line_1_14' title="bbox 527 1529 2135 1614; baseline -0.005 -22"><span class='ocrx_word' id='word_1_72' title='bbox 527 1543 870 1614; x_wconf 88' lang='grc' dir='ltr'>κρατούμενα.</span> <span class='ocrx_word' id='word_1_73' title='bbox 917 1539 1227 1612; x_wconf 85' lang='grc' dir='ltr'>Ἐκφέρομαι</span> <span class='ocrx_word' id='word_1_74' title='bbox 1275 1538 1376 1612; x_wconf 83' lang='grc' dir='ltr'>γὰρ</span> <span class='ocrx_word' id='word_1_75' title='bbox 1441 1539 1557 1610; x_wconf 85' lang='grc' dir='ltr'>περὶ</span> <span class='ocrx_word' id='word_1_76' title='bbox 1613 1541 1704 1587; x_wconf 85' lang='grc' dir='ltr'>τοῦ</span> <span class='ocrx_word' id='word_1_77' title='bbox 1761 1529 1962 1595; x_wconf 85' lang='grc' dir='ltr'>πάθους</span> <span class='ocrx_word' id='word_1_78' title='bbox 2023 1530 2135 1606; x_wconf 90' lang='grc' dir='ltr'>ἐρε-</span> 
     </span>
    </p>
   </div>
   <div class='ocr_carea' id='block_1_15' title="bbox 531 1622 2135 1702">
    <p class='ocr_par' dir='ltr' id='par_1_15' title="bbox 531 1622 2135 1702">
     <span class='ocr_line' id='line_1_15' title="bbox 531 1622 2135 1702; baseline -0.004 -21"><span class='ocrx_word' id='word_1_79' title='bbox 531 1628 798 1701; x_wconf 76' lang='grc' dir='ltr'>θιζόμενος</span> <span class='ocrx_word' id='word_1_80' title='bbox 880 1632 999 1702; x_wconf 83' lang='grc' dir='ltr'>περὶ</span> <span class='ocrx_word' id='word_1_81' title='bbox 1065 1622 1516 1698; x_wconf 75' lang='grc' dir='ltr'>κεκινδυνευμένον</span> <span class='ocrx_word' id='word_1_82' title='bbox 1577 1643 1630 1677; x_wconf 90' lang='grc' dir='ltr'>τι</span> <span class='ocrx_word' id='word_1_83' title='bbox 1719 1627 1810 1677; x_wconf 84' lang='grc' dir='ltr'>καὶ</span> <span class='ocrx_word' id='word_1_84' title='bbox 1887 1625 2135 1698; x_wconf 72' lang='grc' dir='ltr'>προπετες</span> 
     </span>
    </p>
   </div>
   <div class='ocr_carea' id='block_1_16' title="bbox 530 1713 2137 1790">
    <p class='ocr_par' dir='ltr' id='par_1_16' title="bbox 530 1713 2137 1790">
     <span class='ocr_line' id='line_1_16' title="bbox 530 1713 2137 1790; baseline -0.005 -19"><span class='ocrx_word' id='word_1_85' title='bbox 530 1717 874 1790; x_wconf 76' lang='grc' dir='ltr'>φθέγξασθαι.</span> <span class='ocrx_word' id='word_1_86' title='bbox 929 1715 1039 1770; x_wconf 79' lang='grc' dir='ltr'>Ἵνα</span> <span class='ocrx_word' id='word_1_87' title='bbox 1065 1721 1115 1770; x_wconf 87' lang='grc' dir='ltr'>τί</span> <span class='ocrx_word' id='word_1_88' title='bbox 1163 1717 1188 1768; x_wconf 89' lang='grc' dir='ltr'>ό</span> <span class='ocrx_word' id='word_1_89' title='bbox 1226 1719 1316 1788; x_wconf 71' lang='grc' dir='ltr'>μεν</span> <span class='ocrx_word' id='word_1_90' title='bbox 1371 1713 1778 1790; x_wconf 86' lang='grc' dir='ltr'>πολιοκρόταφος</span> <span class='ocrx_word' id='word_1_91' title='bbox 1823 1716 1913 1765; x_wconf 85' lang='grc' dir='ltr'>καὶ</span> <span class='ocrx_word' id='word_1_92' title='bbox 1969 1713 2137 1784; x_wconf 80' lang='grc' dir='ltr'>ἄχθος</span> 
     </span>
    </p>
   </div>
   <div class='ocr_carea' id='block_1_17' title="bbox 1144 540 2147 624">
    <p class='ocr_par' dir='ltr' id='par_1_17' title="bbox 1144 540 2147 624">
     <span class='ocr_line' id='line_1_17' title="bbox 1144 540 2147 624; baseline -0.009 -22"><span class='ocrx_word' id='word_1_93' title='bbox 1144 546 1326 611; x_wconf 83' lang='grc' dir='ltr'>ὠδῖνος</span> <span class='ocrx_word' id='word_1_94' title='bbox 1406 553 1570 624; x_wconf 86' lang='grc' dir='ltr'>φέρειν</span> <span class='ocrx_word' id='word_1_95' title='bbox 1647 546 1920 621; x_wconf 85' lang='grc' dir='ltr'>ἀνέκφορον</span> <span class='ocrx_word' id='word_1_96' title='bbox 1975 546 2066 595; x_wconf 78' lang='grc' dir='ltr'>καὶ</span> <span class='ocrx_word' id='word_1_97' title='bbox 2106 540 2147 612; x_wconf 79' lang='grc' dir='ltr'><strong><em>ᾧ</em></strong></span> 
     </span>
    </p>
   </div>
   <div class='ocr_carea' id='block_1_18' title="bbox 526 629 2144 716">
    <p class='ocr_par' dir='ltr' id='par_1_18' title="bbox 526 629 2144 716">
     <span class='ocr_line' id='line_1_18' title="bbox 526 629 2144 716; baseline -0.009 -17"><span class='ocrx_word' id='word_1_98' title='bbox 526 647 993 716; x_wconf 81' lang='grc' dir='ltr'>συναποθανοῡμαι</span> <span class='ocrx_word' id='word_1_99' title='bbox 1031 643 1090 694; x_wconf 88' lang='grc' dir='ltr'>τό</span> <span class='ocrx_word' id='word_1_100' title='bbox 1120 638 1496 715; x_wconf 83' lang='grc' dir='ltr'>βραχυήμερον</span> <span class='ocrx_word' id='word_1_101' title='bbox 1535 647 1631 701; x_wconf 88' lang='grc' dir='ltr'>τῆς</span> <span class='ocrx_word' id='word_1_102' title='bbox 1684 643 1907 711; x_wconf 88' lang='grc' dir='ltr'>μογερῆς</span> <span class='ocrx_word' id='word_1_103' title='bbox 1961 629 2144 706; x_wconf 81' lang='grc' dir='ltr'>βιοτῆς</span> 
     </span>
    </p>
   </div>
   <div class='ocr_carea' id='block_1_19' title="bbox 1153 721 2146 798">
    <p class='ocr_par' dir='ltr' id='par_1_19' title="bbox 1153 721 2146 798">
     <span class='ocr_line' id='line_1_19' title="bbox 1153 721 2146 798; baseline -0.009 -15"><span class='ocrx_word' id='word_1_104' title='bbox 1153 733 1243 783; x_wconf 78' lang='grc' dir='ltr'>καὶ</span> <span class='ocrx_word' id='word_1_105' title='bbox 1275 733 1522 786; x_wconf 79' lang='grc' dir='ltr'>κείσομαι</span> <span class='ocrx_word' id='word_1_106' title='bbox 1549 728 1644 781; x_wconf 88' lang='grc' dir='ltr'>ούκ</span> <span class='ocrx_word' id='word_1_107' title='bbox 1687 724 1784 780; x_wconf 66' lang='grc' dir='ltr'>οἷό*</span> <span class='ocrx_word' id='word_1_108' title='bbox 1830 727 1949 778; x_wconf 86' lang='grc' dir='ltr'>ὁποι</span> <span class='ocrx_word' id='word_1_109' title='bbox 1976 721 2146 798; x_wconf 81' lang='grc' dir='ltr'>βαρά-</span> 
     </span>
    </p>
   </div>
   <div class='ocr_carea' id='block_1_20' title="bbox 527 813 2142 897">
    <p class='ocr_par' dir='ltr' id='par_1_20' title="bbox 527 813 2142 897">
     <span class='ocr_line' id='line_1_20' title="bbox 527 813 2142 897; baseline -0.007 -21"><span class='ocrx_word' id='word_1_110' title='bbox 527 825 660 897; x_wconf 90' lang='grc' dir='ltr'>θρων</span> <span class='ocrx_word' id='word_1_111' title='bbox 725 831 822 894; x_wconf 83' lang='grc' dir='ltr'>γῆς</span> <span class='ocrx_word' id='word_1_112' title='bbox 859 821 889 881; x_wconf 83' lang='grc' dir='ltr'>ῆ</span> <span class='ocrx_word' id='word_1_113' title='bbox 951 819 1153 874; x_wconf 79' lang='grc' dir='ltr'>κόλπων</span> <span class='ocrx_word' id='word_1_114' title='bbox 1216 819 1487 880; x_wconf 77' lang='grc' dir='ltr'>θαλάσσης</span> <span class='ocrx_word' id='word_1_115' title='bbox 1523 819 1687 894; x_wconf 82' lang='grc' dir='ltr'>ῥιφεὶς</span> <span class='ocrx_word' id='word_1_116' title='bbox 1746 820 1837 868; x_wconf 88' lang='grc' dir='ltr'>καὶ</span> <span class='ocrx_word' id='word_1_117' title='bbox 1885 813 2142 890; x_wconf 80' lang='grc' dir='ltr'>προτεθή-</span> 
     </span>
    </p>
   </div>
   <div class='ocr_carea' id='block_1_21' title="bbox 2253 554 3873 632">
    <p class='ocr_par' dir='ltr' id='par_1_21' title="bbox 2253 554 3873 632">
     <span class='ocr_line' id='line_1_21' title="bbox 2253 554 3873 632; baseline 0 -24"><span class='ocrx_word' id='word_1_118' title='bbox 2253 571 2375 608; x_wconf 89' lang='grc' dir='ltr'>ποτε</span> <span class='ocrx_word' id='word_1_119' title='bbox 2419 559 2510 609; x_wconf 81' lang='grc' dir='ltr'>καὶ</span> <span class='ocrx_word' id='word_1_120' title='bbox 2560 554 2817 632; x_wconf 80' lang='grc' dir='ltr'>Ἡρακλῆς</span> <span class='ocrx_word' id='word_1_121' title='bbox 2868 557 3110 617; x_wconf 77' lang='grc' dir='ltr'>Ἡσιόνην</span> <span class='ocrx_word' id='word_1_122' title='bbox 3160 555 3640 630; x_wconf 86' lang='grc' dir='ltr'>παραϐεϐλημένην</span> <span class='ocrx_word' id='word_1_123' title='bbox 3703 556 3873 628; x_wconf 58' lang='grc' dir='ltr'>ἐναλίᾳ</span> 
     </span>
    </p>
   </div>
   <div class='ocr_carea' id='block_1_22' title="bbox 2255 641 3875 721">
    <p class='ocr_par' dir='ltr' id='par_1_22' title="bbox 2255 641 3875 721">
     <span class='ocr_line' id='line_1_22' title="bbox 2255 641 3875 721; baseline 0.002 -25"><span class='ocrx_word' id='word_1_124' title='bbox 2255 644 2399 717; x_wconf 82' lang='grc' dir='ltr'>θηρὶ,</span> <span class='ocrx_word' id='word_1_125' title='bbox 2439 645 2506 706; x_wconf 83' lang='grc' dir='ltr'>ὡς</span> <span class='ocrx_word' id='word_1_126' title='bbox 2555 641 2607 699; x_wconf 80' lang='grc' dir='ltr'>δ’</span> <span class='ocrx_word' id='word_1_127' title='bbox 2640 648 2810 711; x_wconf 83' lang='grc' dir='ltr'>αὔτως</span> <span class='ocrx_word' id='word_1_128' title='bbox 2856 653 2946 702; x_wconf 82' lang='grc' dir='ltr'>καὶ</span> <span class='ocrx_word' id='word_1_129' title='bbox 3001 643 3356 721; x_wconf 77' lang='grc' dir='ltr'>Ἀνδρομέδαν</span> <span class='ocrx_word' id='word_1_130' title='bbox 3414 648 3690 720; x_wconf 83' lang='grc' dir='ltr'>Περσεύς.</span> <span class='ocrx_word' id='word_1_131' title='bbox 3729 645 3875 700; x_wconf 65' lang='grc' dir='ltr'>Ἀλλὰ</span> 
     </span>
    </p>
   </div>
   <div class='ocr_carea' id='block_1_23' title="bbox 2251 731 3880 813">
    <p class='ocr_par' dir='ltr' id='par_1_23' title="bbox 2251 731 3880 813">
     <span class='ocr_line' id='line_1_23' title="bbox 2251 731 3880 813; baseline 0.002 -30"><span class='ocrx_word' id='word_1_132' title='bbox 2251 731 2567 806; x_wconf 85' lang='grc' dir='ltr'>ὡπλισμένοι</span> <span class='ocrx_word' id='word_1_133' title='bbox 2587 739 2677 790; x_wconf 81' lang='grc' dir='ltr'>καὶ</span> <span class='ocrx_word' id='word_1_134' title='bbox 2709 732 2930 813; x_wconf 89' lang='grc' dir='ltr'>σίδηρον</span> <span class='ocrx_word' id='word_1_135' title='bbox 2968 734 3373 810; x_wconf 85' lang='grc' dir='ltr'>προϐεϐλημένοι</span> <span class='ocrx_word' id='word_1_136' title='bbox 3402 739 3538 809; x_wconf 82' lang='grc' dir='ltr'>πρός</span> <span class='ocrx_word' id='word_1_137' title='bbox 3611 737 3692 786; x_wconf 76' lang='grc' dir='ltr'>τὰ</span> <span class='ocrx_word' id='word_1_138' title='bbox 3749 741 3880 793; x_wconf 70' lang='grc' dir='ltr'>κήτη</span> 
     </span>
    </p>
   </div>
   <div class='ocr_carea' id='block_1_24' title="bbox 2249 821 3872 900">
    <p class='ocr_par' dir='ltr' id='par_1_24' title="bbox 2249 821 3872 900">
     <span class='ocr_line' id='line_1_24' title="bbox 2249 821 3872 900; baseline 0.002 -27"><span class='ocrx_word' id='word_1_139' title='bbox 2249 821 2649 897; x_wconf 85' lang='grc' dir='ltr'>παρεϐάλλοντο,</span> <span class='ocrx_word' id='word_1_140' title='bbox 2729 832 2818 880; x_wconf 77' lang='grc' dir='ltr'>καὶ</span> <span class='ocrx_word' id='word_1_141' title='bbox 2897 831 3074 900; x_wconf 86' lang='grc' dir='ltr'>σφίσιν</span> <span class='ocrx_word' id='word_1_142' title='bbox 3155 824 3335 887; x_wconf 76' lang='grc' dir='ltr'>αὐτοῖς</span> <span class='ocrx_word' id='word_1_143' title='bbox 3418 827 3518 884; x_wconf 74' lang='grc' dir='ltr'>τὰς</span> <span class='ocrx_word' id='word_1_144' title='bbox 3569 824 3872 896; x_wconf 68' lang='grc' dir='ltr'>παρθένους</span> 
     </span>
    </p>
   </div>
   <div class='ocr_carea' id='block_1_25' title="bbox 2253 907 3874 988">
    <p class='ocr_par' dir='ltr' id='par_1_25' title="bbox 2253 907 3874 988">
     <span class='ocr_line' id='line_1_25' title="bbox 2253 907 3874 988; baseline 0.002 -26"><span class='ocrx_word' id='word_1_145' title='bbox 2253 907 2585 983; x_wconf 79' lang='grc' dir='ltr'>ἐμνήστευον.</span> <span class='ocrx_word' id='word_1_146' title='bbox 2667 913 2726 968; x_wconf 71' lang='grc'>⁶0</span> <span class='ocrx_word' id='word_1_147' title='bbox 2797 912 2857 970; x_wconf 71' lang='grc' dir='ltr'>δε</span> <span class='ocrx_word' id='word_1_148' title='bbox 2928 914 3078 988; x_wconf 71' lang='grc' dir='ltr'>ψιλός</span> <span class='ocrx_word' id='word_1_149' title='bbox 3135 917 3294 988; x_wconf 86' lang='grc' dir='ltr'>ὁμόσε</span> <span class='ocrx_word' id='word_1_150' title='bbox 3339 918 3658 987; x_wconf 74' lang='grc' dir='ltr'>κεχώρηκεν</span> <span class='ocrx_word' id='word_1_151' title='bbox 3722 913 3874 966; x_wconf 60' lang='lat'><strong><em>63111:-</em></strong></span> 
     </span>
    </p>
   </div>
   <div class='ocr_carea' id='block_1_26' title="bbox 2255 1001 3877 1077">
    <p class='ocr_par' dir='ltr' id='par_1_26' title="bbox 2255 1001 3877 1077">
     <span class='ocr_line' id='line_1_26' title="bbox 2255 1001 3877 1077; baseline 0 -23"><span class='ocrx_word' id='word_1_152' title='bbox 2255 1004 2424 1074; x_wconf 83' lang='grc' dir='ltr'>σμένῳ</span> <span class='ocrx_word' id='word_1_153' title='bbox 2451 1005 2616 1076; x_wconf 80' lang='grc' dir='ltr'>θηρίῳ</span> <span class='ocrx_word' id='word_1_154' title='bbox 2637 1009 2727 1058; x_wconf 82' lang='grc' dir='ltr'>καὶ</span> <span class='ocrx_word' id='word_1_155' title='bbox 2751 1001 2924 1076; x_wconf 71' lang='grc' dir='ltr'>ψεύδη</span> <span class='ocrx_word' id='word_1_156' title='bbox 2957 1006 3059 1058; x_wconf 86' lang='grc' dir='ltr'>ὅσα</span> <span class='ocrx_word' id='word_1_157' title='bbox 3117 1008 3208 1058; x_wconf 78' lang='grc' dir='ltr'>καὶ</span> <span class='ocrx_word' id='word_1_158' title='bbox 3258 1001 3618 1076; x_wconf 81' lang='grc' dir='ltr'>προϐλήματα</span> <span class='ocrx_word' id='word_1_159' title='bbox 3659 1005 3877 1077; x_wconf 71' lang='grc' dir='ltr'>κρησέ-</span> 
     </span>
    </p>
   </div>
   <div class='ocr_carea' id='block_1_27' title="bbox 2252 1088 3880 1165">
    <p class='ocr_par' dir='ltr' id='par_1_27' title="bbox 2252 1088 3880 1165">
     <span class='ocr_line' id='line_1_27' title="bbox 2252 1088 3880 1165; baseline 0.001 -23"><span class='ocrx_word' id='word_1_160' title='bbox 2252 1092 2462 1162; x_wconf 89' lang='grc' dir='ltr'>μενοςὸ</span> <span class='ocrx_word' id='word_1_161' title='bbox 2511 1090 2755 1157; x_wconf 82' lang='grc' dir='ltr'>ἀληθινός</span> <span class='ocrx_word' id='word_1_162' title='bbox 2797 1097 2950 1156; x_wconf 82' lang='grc' dir='ltr'>ὅντως</span> <span class='ocrx_word' id='word_1_163' title='bbox 3003 1098 3094 1148; x_wconf 83' lang='grc' dir='ltr'>καὶ</span> <span class='ocrx_word' id='word_1_164' title='bbox 3146 1088 3385 1165; x_wconf 71' lang='grc' dir='ltr'>ἀψευδής</span> <span class='ocrx_word' id='word_1_165' title='bbox 3436 1093 3739 1165; x_wconf 76' lang='grc' dir='ltr'>ἅνθρωπος</span> <span class='ocrx_word' id='word_1_166' title='bbox 3794 1090 3880 1144; x_wconf 65' lang='lat'><strong><em>61&#39;1-</em></strong></span> 
     </span>
    </p>
   </div>
   <div class='ocr_carea' id='block_1_28' title="bbox 2244 1179 3605 1258">
    <p class='ocr_par' dir='ltr' id='par_1_28' title="bbox 2244 1179 3605 1258">
     <span class='ocr_line' id='line_1_28' title="bbox 2244 1179 3605 1258; baseline 0.003 -26"><span class='ocrx_word' id='word_1_167' title='bbox 2244 1197 2350 1247; x_wconf 89' lang='grc' dir='ltr'>τος,</span> <span class='ocrx_word' id='word_1_168' title='bbox 2385 1179 2637 1255; x_wconf 73' lang='grc' dir='ltr'>ἀνέπαφον</span> <span class='ocrx_word' id='word_1_169' title='bbox 2664 1188 2758 1244; x_wconf 83' lang='grc' dir='ltr'>τῆν</span> <span class='ocrx_word' id='word_1_170' title='bbox 2786 1188 2944 1258; x_wconf 88' lang='grc' dir='ltr'>κόρην</span> <span class='ocrx_word' id='word_1_171' title='bbox 2974 1191 3049 1255; x_wconf 85' lang='grc' dir='ltr'>τῷ</span> <span class='ocrx_word' id='word_1_172' title='bbox 3077 1187 3237 1257; x_wconf 86' lang='grc' dir='ltr'>πατρὶ</span> <span class='ocrx_word' id='word_1_173' title='bbox 3274 1181 3605 1236; x_wconf 86' lang='grc' dir='ltr'>ἀνεσώσατο.</span> 
     </span>
    </p>
   </div>
   <div class='ocr_carea' id='block_1_29' title="bbox 2318 1266 3872 1346">
    <p class='ocr_par' dir='ltr' id='par_1_29' title="bbox 2318 1266 3872 1346">
     <span class='ocr_line' id='line_1_29' title="bbox 2318 1266 3872 1346; baseline -0.001 -24"><span class='ocrx_word' id='word_1_174' title='bbox 2318 1275 2522 1343; x_wconf 83' lang='grc' dir='ltr'>Συμεὼν</span> <span class='ocrx_word' id='word_1_175' title='bbox 2553 1269 2612 1326; x_wconf 74' lang='grc' dir='ltr'>δε</span> <span class='ocrx_word' id='word_1_176' title='bbox 2641 1278 2730 1326; x_wconf 78' lang='grc' dir='ltr'>καὶ</span> <span class='ocrx_word' id='word_1_177' title='bbox 2761 1276 2891 1330; x_wconf 83' lang='grc' dir='ltr'>Λευί</span> <span class='ocrx_word' id='word_1_178' title='bbox 2939 1281 3040 1327; x_wconf 85' lang='grc' dir='ltr'>τῶν</span> <span class='ocrx_word' id='word_1_179' title='bbox 3094 1271 3428 1346; x_wconf 77' lang='grc' dir='ltr'>βιασαμένων</span> <span class='ocrx_word' id='word_1_180' title='bbox 3473 1275 3576 1330; x_wconf 68' lang='grc' dir='ltr'>τήν</span> <span class='ocrx_word' id='word_1_181' title='bbox 3631 1266 3872 1341; x_wconf 71' lang='grc' dir='ltr'>ἀδελφήν</span> 
     </span>
    </p>
   </div>
   <div class='ocr_carea' id='block_1_30' title="bbox 2247 1355 3872 1438">
    <p class='ocr_par' dir='ltr' id='par_1_30' title="bbox 2247 1355 3872 1438">
     <span class='ocr_line' id='line_1_30' title="bbox 2247 1355 3872 1438; baseline 0.004 -28"><span class='ocrx_word' id='word_1_182' title='bbox 2247 1355 2566 1430; x_wconf 77' lang='grc' dir='ltr'>ἀπήλλαξαν,</span> <span class='ocrx_word' id='word_1_183' title='bbox 2627 1360 2754 1416; x_wconf 85' lang='grc' dir='ltr'>ἀλλά</span> <span class='ocrx_word' id='word_1_184' title='bbox 2825 1365 2957 1437; x_wconf 85' lang='grc' dir='ltr'>μετά</span> <span class='ocrx_word' id='word_1_185' title='bbox 3010 1363 3204 1438; x_wconf 78' lang='grc' dir='ltr'>φθορὰν</span> <span class='ocrx_word' id='word_1_186' title='bbox 3268 1365 3360 1414; x_wconf 83' lang='grc' dir='ltr'>καὶ</span> <span class='ocrx_word' id='word_1_187' title='bbox 3411 1358 3872 1435; x_wconf 63' lang='grc' dir='ltr'>περιυϐρισμένην</span> 
     </span>
    </p>
   </div>
   <div class='ocr_carea' id='block_1_31' title="bbox 2251 1445 3878 1525">
    <p class='ocr_par' dir='ltr' id='par_1_31' title="bbox 2251 1445 3878 1525">
     <span class='ocr_line' id='line_1_31' title="bbox 2251 1445 3878 1525; baseline -0.004 -17"><span class='ocrx_word' id='word_1_188' title='bbox 2251 1445 2357 1508; x_wconf 70' lang='grc' dir='ltr'>ἤδη</span> <span class='ocrx_word' id='word_1_189' title='bbox 2418 1455 2507 1504; x_wconf 82' lang='grc' dir='ltr'>καὶ</span> <span class='ocrx_word' id='word_1_190' title='bbox 2557 1450 2706 1525; x_wconf 80' lang='grc' dir='ltr'>μόλις</span> <span class='ocrx_word' id='word_1_191' title='bbox 2757 1448 2972 1507; x_wconf 83' lang='grc' dir='ltr'>καὶδιά</span> <span class='ocrx_word' id='word_1_192' title='bbox 3030 1451 3222 1505; x_wconf 89' lang='grc' dir='ltr'>κύκλου</span> <span class='ocrx_word' id='word_1_193' title='bbox 3282 1449 3878 1523; x_wconf 76' lang='grc' dir='ltr'>ἀγκυλογνὼμονοςκαὶ</span> 
     </span>
    </p>
   </div>
   <div class='ocr_carea' id='block_1_32' title="bbox 2246 1539 3878 1615">
    <p class='ocr_par' dir='ltr' id='par_1_32' title="bbox 2246 1539 3878 1615">
     <span class='ocr_line' id='line_1_32' title="bbox 2246 1539 3878 1615; baseline -0.001 -24"><span class='ocrx_word' id='word_1_194' title='bbox 2246 1541 2377 1611; x_wconf 84' lang='grc' dir='ltr'>μετά</span> <span class='ocrx_word' id='word_1_195' title='bbox 2426 1545 2611 1615; x_wconf 79' lang='grc' dir='ltr'>μυρίον</span> <span class='ocrx_word' id='word_1_196' title='bbox 2667 1546 2814 1615; x_wconf 90' lang='grc' dir='ltr'>φόνον</span> <span class='ocrx_word' id='word_1_197' title='bbox 2867 1545 2958 1595; x_wconf 82' lang='grc' dir='ltr'>καὶ</span> <span class='ocrx_word' id='word_1_198' title='bbox 3031 1540 3149 1602; x_wconf 83' lang='grc' dir='ltr'>ὅλης</span> <span class='ocrx_word' id='word_1_199' title='bbox 3199 1539 3388 1600; x_wconf 87' lang='grc' dir='ltr'>πόλεως</span> <span class='ocrx_word' id='word_1_200' title='bbox 3444 1539 3693 1614; x_wconf 57' lang='grc' dir='ltr'>ὒεθρον,</span> <span class='ocrx_word' id='word_1_201' title='bbox 3748 1540 3878 1591; x_wconf 70' lang='grc' dir='ltr'>ὥστε</span> 
     </span>
    </p>
   </div>
   <div class='ocr_carea' id='block_1_33' title="bbox 2246 1623 3882 1705">
    <p class='ocr_par' dir='ltr' id='par_1_33' title="bbox 2246 1623 3882 1705">
     <span class='ocr_line' id='line_1_33' title="bbox 2246 1623 3882 1705; baseline 0 -26"><span class='ocrx_word' id='word_1_202' title='bbox 2246 1623 2371 1680; x_wconf 73' lang='grc' dir='ltr'>ούδε</span> <span class='ocrx_word' id='word_1_203' title='bbox 2422 1629 2823 1705; x_wconf 82' lang='grc' dir='ltr'>παρεξεταστέον</span> <span class='ocrx_word' id='word_1_204' title='bbox 2876 1632 3087 1692; x_wconf 82' lang='grc' dir='ltr'>τούτους</span> <span class='ocrx_word' id='word_1_205' title='bbox 3141 1632 3268 1704; x_wconf 86' lang='grc' dir='ltr'>πρὸς</span> <span class='ocrx_word' id='word_1_206' title='bbox 3313 1631 3402 1680; x_wconf 85' lang='grc' dir='ltr'>τόν</span> <span class='ocrx_word' id='word_1_207' title='bbox 3458 1625 3882 1699; x_wconf 68' lang='grc' dir='ltr'>ἐπαναγαγόντα</span> 
     </span>
    </p>
   </div>
   <div class='ocr_carea' id='block_1_34' title="bbox 2246 1715 3880 1796">
    <p class='ocr_par' dir='ltr' id='par_1_34' title="bbox 2246 1715 3880 1796">
     <span class='ocr_line' id='line_1_34' title="bbox 2246 1715 3880 1796; baseline -0.004 -21"><span class='ocrx_word' id='word_1_208' title='bbox 2246 1719 2342 1775; x_wconf 72' lang='grc' dir='ltr'>τὴν</span> <span class='ocrx_word' id='word_1_209' title='bbox 2369 1715 2699 1793; x_wconf 68' lang='grc' dir='ltr'>ἀπαγομένην</span> <span class='ocrx_word' id='word_1_210' title='bbox 2723 1720 2921 1796; x_wconf 79' lang='grc' dir='ltr'>ῥήματι</span> <span class='ocrx_word' id='word_1_211' title='bbox 2976 1724 3116 1792; x_wconf 85' lang='grc' dir='ltr'>μόνῳ</span> <span class='ocrx_word' id='word_1_212' title='bbox 3169 1716 3423 1790; x_wconf 83' lang='grc' dir='ltr'>ἀναιμωτὶ</span> <span class='ocrx_word' id='word_1_213' title='bbox 3480 1719 3741 1790; x_wconf 71' lang='grc' dir='ltr'>καθαρὰν</span> <span class='ocrx_word' id='word_1_214' title='bbox 3791 1723 3880 1768; x_wconf 75' lang='grc' dir='ltr'>καὶ</span> 
     </span>
    </p>
   </div>
   <div class='ocr_carea' id='block_1_35' title="bbox 531 1801 3878 1883">
    <p class='ocr_par' dir='ltr' id='par_1_35' title="bbox 531 1801 3878 1883">
     <span class='ocr_line' id='line_1_35' title="bbox 531 1801 3878 1883; baseline -0 -25"><span class='ocrx_word' id='word_1_215' title='bbox 531 1805 757 1881; x_wconf 79' lang='grc' dir='ltr'>ἀρούρης</span> <span class='ocrx_word' id='word_1_216' title='bbox 795 1805 1008 1860; x_wconf 81' lang='grc' dir='ltr'>ἐτώσιον</span> <span class='ocrx_word' id='word_1_217' title='bbox 1061 1809 1152 1858; x_wconf 86' lang='grc' dir='ltr'>καὶ</span> <span class='ocrx_word' id='word_1_218' title='bbox 1189 1812 1357 1881; x_wconf 85' lang='grc' dir='ltr'>γῆρας</span> <span class='ocrx_word' id='word_1_219' title='bbox 1415 1803 1570 1858; x_wconf 79' lang='grc' dir='ltr'>ἕλκων</span> <span class='ocrx_word' id='word_1_220' title='bbox 1603 1801 1742 1879; x_wconf 85' lang='grc' dir='ltr'>βαρύ</span> <span class='ocrx_word' id='word_1_221' title='bbox 1789 1807 1875 1855; x_wconf 81' lang='grc' dir='ltr'>καὶ</span> <span class='ocrx_word' id='word_1_222' title='bbox 1933 1801 2080 1854; x_wconf 84' lang='grc' dir='ltr'>ὅλκον</span> <span class='ocrx_word' id='word_1_223' title='bbox 2110 1803 2136 1854; x_wconf 88' lang='grc' dir='ltr'><strong><em>ὃ</em></strong></span> <span class='ocrx_word' id='word_1_224' title='bbox 2165 1819 2206 1874; x_wconf 78' lang='grc' dir='ltr'><strong>Β</strong></span> <span class='ocrx_word' id='word_1_225' title='bbox 2249 1803 2580 1881; x_wconf 87' lang='grc' dir='ltr'>ἀνύϐριστον.</span> <span class='ocrx_word' id='word_1_226' title='bbox 2633 1810 2746 1862; x_wconf 85' lang='grc' dir='ltr'>Σίόν</span> <span class='ocrx_word' id='word_1_227' title='bbox 2805 1811 2895 1883; x_wconf 66' lang='grc' dir='ltr'>μὲν</span> <span class='ocrx_word' id='word_1_228' title='bbox 2932 1805 3058 1863; x_wconf 87' lang='grc' dir='ltr'>οἶδα</span> <span class='ocrx_word' id='word_1_229' title='bbox 3109 1816 3200 1862; x_wconf 81' lang='grc' dir='ltr'>τοῦ</span> <span class='ocrx_word' id='word_1_230' title='bbox 3256 1806 3495 1882; x_wconf 78' lang='grc' dir='ltr'>Ἀϐραὰμ</span> <span class='ocrx_word' id='word_1_231' title='bbox 3558 1810 3653 1859; x_wconf 84' lang='grc' dir='ltr'>τόν</span> <span class='ocrx_word' id='word_1_232' title='bbox 3721 1805 3878 1858; x_wconf 64' lang='grc' dir='ltr'>καλὸν</span> 
     </span>
    </p>
   </div>
   <div class='ocr_carea' id='block_1_36' title="bbox 532 1894 2137 1969">
    <p class='ocr_par' dir='ltr' id='par_1_36' title="bbox 532 1894 2137 1969">
     <span class='ocr_line' id='line_1_36' title="bbox 532 1894 2137 1969; baseline -0.002 -20"><span class='ocrx_word' id='word_1_233' title='bbox 532 1915 690 1969; x_wconf 85' lang='grc' dir='ltr'>φησιν</span> <span class='ocrx_word' id='word_1_234' title='bbox 716 1896 854 1957; x_wconf 79' lang='grc' dir='ltr'>ἕλκος</span> <span class='ocrx_word' id='word_1_235' title='bbox 882 1901 970 1948; x_wconf 81' lang='grc' dir='ltr'>καὶ</span> <span class='ocrx_word' id='word_1_236' title='bbox 1021 1894 1094 1968; x_wconf 79' lang='grc' dir='ltr'>ἐφ’</span> <span class='ocrx_word' id='word_1_237' title='bbox 1123 1896 1149 1947; x_wconf 86' lang='lat'>6</span> <span class='ocrx_word' id='word_1_238' title='bbox 1210 1902 1379 1948; x_wconf 88' lang='grc' dir='ltr'>πᾶσαι</span> <span class='ocrx_word' id='word_1_239' title='bbox 1436 1901 1524 1956; x_wconf 91' lang='grc' dir='ltr'>τῆς</span> <span class='ocrx_word' id='word_1_240' title='bbox 1564 1897 1766 1966; x_wconf 89' lang='grc' dir='ltr'>φύσεως</span> <span class='ocrx_word' id='word_1_241' title='bbox 1817 1900 1968 1968; x_wconf 89' lang='grc' dir='ltr'>κῆρες</span> <span class='ocrx_word' id='word_1_242' title='bbox 2019 1911 2137 1946; x_wconf 91' lang='grc' dir='ltr'>συν-</span> 
     </span>
    </p>
   </div>
   <div class='ocr_carea' id='block_1_37' title="bbox 532 1980 2135 2061">
    <p class='ocr_par' dir='ltr' id='par_1_37' title="bbox 532 1980 2135 2061">
     <span class='ocr_line' id='line_1_37' title="bbox 532 1980 2135 2061; baseline -0.002 -23"><span class='ocrx_word' id='word_1_243' title='bbox 532 1985 777 2061; x_wconf 78' lang='grc' dir='ltr'>έρῥευσαν</span> <span class='ocrx_word' id='word_1_244' title='bbox 800 1985 1162 2060; x_wconf 87' lang='grc' dir='ltr'>περιλείπομαι</span> <span class='ocrx_word' id='word_1_245' title='bbox 1189 1987 1264 2037; x_wconf 80' lang='grc' dir='ltr'>ἔτι</span> <span class='ocrx_word' id='word_1_246' title='bbox 1285 1981 1468 2058; x_wconf 83' lang='grc' dir='ltr'>δεύρο.</span> <span class='ocrx_word' id='word_1_247' title='bbox 1491 2026 1503 2039; x_wconf 94' lang='grc'><strong>.</strong></span> <span class='ocrx_word' id='word_1_248' title='bbox 1527 2027 1540 2041; x_wconf 94' lang='grc'><strong>.</strong></span> <span class='ocrx_word' id='word_1_249' title='bbox 1563 2025 1575 2039; x_wconf 94' lang='grc'><strong>.</strong></span> <span class='ocrx_word' id='word_1_250' title='bbox 1598 2025 1611 2038; x_wconf 94' lang='grc'><strong>.</strong></span> <span class='ocrx_word' id='word_1_251' title='bbox 1650 1991 1751 2056; x_wconf 73' lang='grc' dir='ltr'>γῆς</span> <span class='ocrx_word' id='word_1_252' title='bbox 1775 1980 1954 2045; x_wconf 87' lang='grc' dir='ltr'>ἀξύντ.</span> <span class='ocrx_word' id='word_1_253' title='bbox 1978 2025 1990 2040; x_wconf 94' lang='grc'><strong><em>.</em></strong></span> <span class='ocrx_word' id='word_1_254' title='bbox 2013 2024 2026 2038; x_wconf 95' lang='grc'><strong>.</strong></span> <span class='ocrx_word' id='word_1_255' title='bbox 2062 1989 2135 2053; x_wconf 83' lang='grc' dir='ltr'>τῷ</span> 
     </span>
    </p>
   </div>
   <div class='ocr_carea' id='block_1_38' title="bbox 531 2069 2134 2148">
    <p class='ocr_par' dir='ltr' id='par_1_38' title="bbox 531 2069 2134 2148">
     <span class='ocr_line' id='line_1_38' title="bbox 531 2069 2134 2148; baseline -0.002 -21"><span class='ocrx_word' id='word_1_256' title='bbox 531 2079 687 2127; x_wconf 81' lang='grc' dir='ltr'>παντὶ</span> <span class='ocrx_word' id='word_1_257' title='bbox 716 2081 805 2128; x_wconf 86' lang='grc' dir='ltr'>καὶ</span> <span class='ocrx_word' id='word_1_258' title='bbox 837 2074 1020 2147; x_wconf 83' lang='grc' dir='ltr'>μηκέθ’</span> <span class='ocrx_word' id='word_1_259' title='bbox 1055 2077 1242 2148; x_wconf 78' lang='grc' dir='ltr'>ὡραῖον</span> <span class='ocrx_word' id='word_1_260' title='bbox 1291 2073 1422 2146; x_wconf 80' lang='grc' dir='ltr'>ἡλίῳ</span> <span class='ocrx_word' id='word_1_261' title='bbox 1471 2077 1771 2147; x_wconf 85' lang='grc' dir='ltr'>μαινόμενος</span> <span class='ocrx_word' id='word_1_262' title='bbox 1827 2074 2012 2146; x_wconf 79' lang='grc' dir='ltr'>θέαμα.</span> <span class='ocrx_word' id='word_1_263' title='bbox 2041 2069 2134 2136; x_wconf 72' lang='grc' dir='ltr'>⁸ος</span> 
     </span>
    </p>
   </div>
   <div class='ocr_carea' id='block_1_39' title="bbox 536 2158 2136 2238">
    <p class='ocr_par' dir='ltr' id='par_1_39' title="bbox 536 2158 2136 2238">
     <span class='ocr_line' id='line_1_39' title="bbox 536 2158 2136 2238; baseline -0.001 -23"><span class='ocrx_word' id='word_1_264' title='bbox 536 2159 595 2216; x_wconf 69' lang='grc' dir='ltr'>δὲ</span> <span class='ocrx_word' id='word_1_265' title='bbox 634 2167 775 2217; x_wconf 76' lang='grc' dir='ltr'>οὔπω</span> <span class='ocrx_word' id='word_1_266' title='bbox 799 2166 938 2217; x_wconf 77' lang='grc' dir='ltr'>ἵκετο</span> <span class='ocrx_word' id='word_1_267' title='bbox 989 2167 1184 2238; x_wconf 85' lang='grc' dir='ltr'>γήραος</span> <span class='ocrx_word' id='word_1_268' title='bbox 1237 2159 1414 2231; x_wconf 83' lang='grc' dir='ltr'>ούδόν,</span> <span class='ocrx_word' id='word_1_269' title='bbox 1459 2158 1785 2238; x_wconf 83' lang='grc' dir='ltr'>δικαιότερος</span> <span class='ocrx_word' id='word_1_270' title='bbox 1832 2158 1885 2214; x_wconf 87' lang='grc' dir='ltr'>δ’</span> <span class='ocrx_word' id='word_1_271' title='bbox 1923 2158 1985 2220; x_wconf 77' lang='grc' dir='ltr'>ῆν</span> <span class='ocrx_word' id='word_1_272' title='bbox 2029 2159 2136 2214; x_wconf 89' lang='grc' dir='ltr'>ἐπι-</span> 
     </span>
    </p>
   </div>
   <div class='ocr_carea' id='block_1_40' title="bbox 533 2249 2134 2328">
    <p class='ocr_par' dir='ltr' id='par_1_40' title="bbox 533 2249 2134 2328">
     <span class='ocr_line' id='line_1_40' title="bbox 533 2249 2134 2328; baseline -0.002 -23"><span class='ocrx_word' id='word_1_273' title='bbox 533 2251 716 2306; x_wconf 83' lang='grc' dir='ltr'>ϐιῶναι</span> <span class='ocrx_word' id='word_1_274' title='bbox 742 2257 1066 2328; x_wconf 83' lang='grc' dir='ltr'>μακρότατα,</span> <span class='ocrx_word' id='word_1_275' title='bbox 1108 2251 1198 2304; x_wconf 83' lang='grc' dir='ltr'>ἅτε</span> <span class='ocrx_word' id='word_1_276' title='bbox 1235 2253 1479 2324; x_wconf 89' lang='grc' dir='ltr'>γυναικός</span> <span class='ocrx_word' id='word_1_277' title='bbox 1528 2255 1614 2303; x_wconf 74' lang='grc' dir='ltr'>καὶ</span> <span class='ocrx_word' id='word_1_278' title='bbox 1665 2254 1850 2302; x_wconf 88' lang='grc' dir='ltr'>τέκνων</span> <span class='ocrx_word' id='word_1_279' title='bbox 1907 2249 2001 2303; x_wconf 84' lang='grc' dir='ltr'>ούκ</span> <span class='ocrx_word' id='word_1_280' title='bbox 2032 2249 2134 2302; x_wconf 80' lang='grc' dir='ltr'>όλίο</span> 
     </span>
    </p>
   </div>
   <div class='ocr_carea' id='block_1_41' title="bbox 529 2338 2134 2416">
    <p class='ocr_par' dir='ltr' id='par_1_41' title="bbox 529 2338 2134 2416">
     <span class='ocr_line' id='line_1_41' title="bbox 529 2338 2134 2416; baseline -0.002 -22"><span class='ocrx_word' id='word_1_281' title='bbox 529 2362 634 2414; x_wconf 86' lang='grc' dir='ltr'>γων</span> <span class='ocrx_word' id='word_1_282' title='bbox 719 2346 894 2416; x_wconf 82' lang='grc' dir='ltr'>σωτήρ</span> <span class='ocrx_word' id='word_1_283' title='bbox 951 2348 1042 2394; x_wconf 82' lang='grc' dir='ltr'>καὶ</span> <span class='ocrx_word' id='word_1_284' title='bbox 1095 2346 1274 2412; x_wconf 82' lang='grc' dir='ltr'>γένους</span> <span class='ocrx_word' id='word_1_285' title='bbox 1326 2340 1562 2414; x_wconf 79' lang='grc' dir='ltr'>λαμπτὴρ</span> <span class='ocrx_word' id='word_1_286' title='bbox 1625 2344 1714 2392; x_wconf 80' lang='grc' dir='ltr'>καὶ</span> <span class='ocrx_word' id='word_1_287' title='bbox 1769 2343 1905 2412; x_wconf 86' lang='grc' dir='ltr'>μέγα</span> <span class='ocrx_word' id='word_1_288' title='bbox 1961 2338 2134 2412; x_wconf 79' lang='grc' dir='ltr'>ὄφελος</span> 
     </span>
    </p>
   </div>
   <div class='ocr_carea' id='block_1_42' title="bbox 2249 1894 3877 1970">
    <p class='ocr_par' dir='ltr' id='par_1_42' title="bbox 2249 1894 3877 1970">
     <span class='ocr_line' id='line_1_42' title="bbox 2249 1894 3877 1970; baseline 0 -22"><span class='ocrx_word' id='word_1_289' title='bbox 2249 1895 2608 1956; x_wconf 82' lang='grc' dir='ltr'>εἰσποιηθέντα</span> <span class='ocrx_word' id='word_1_290' title='bbox 2642 1894 2735 1952; x_wconf 75' lang='grc' dir='ltr'>διὰ</span> <span class='ocrx_word' id='word_1_291' title='bbox 2763 1907 2859 1962; x_wconf 84' lang='grc' dir='ltr'>τῆς</span> <span class='ocrx_word' id='word_1_292' title='bbox 2901 1904 3148 1967; x_wconf 83' lang='grc' dir='ltr'>πίστεως,</span> <span class='ocrx_word' id='word_1_293' title='bbox 3190 1896 3318 1952; x_wconf 75' lang='grc' dir='ltr'>ἀλλὰ</span> <span class='ocrx_word' id='word_1_294' title='bbox 3362 1898 3650 1970; x_wconf 79' lang='grc' dir='ltr'>θαρσήσας</span> <span class='ocrx_word' id='word_1_295' title='bbox 3697 1899 3877 1968; x_wconf 65' lang='grc' dir='ltr'>εἶπόιμ</span> 
     </span>
    </p>
   </div>
   <div class='ocr_carea' id='block_1_43' title="bbox 2248 1983 3878 2065">
    <p class='ocr_par' dir='ltr' id='par_1_43' title="bbox 2248 1983 3878 2065">
     <span class='ocr_line' id='line_1_43' title="bbox 2248 1983 3878 2065; baseline -0.001 -27"><span class='ocrx_word' id='word_1_296' title='bbox 2248 1984 2308 2038; x_wconf 85' lang='grc' dir='ltr'>ἀν</span> <span class='ocrx_word' id='word_1_297' title='bbox 2355 1995 2454 2039; x_wconf 85' lang='grc' dir='ltr'>τῶν</span> <span class='ocrx_word' id='word_1_298' title='bbox 2526 1992 2646 2065; x_wconf 79' lang='grc' dir='ltr'>περὶ</span> <span class='ocrx_word' id='word_1_299' title='bbox 2701 1991 2789 2041; x_wconf 89' lang='grc' dir='ltr'>τόν</span> <span class='ocrx_word' id='word_1_300' title='bbox 2850 1987 3088 2061; x_wconf 76' lang='grc' dir='ltr'>Ἀϐραὰμ</span> <span class='ocrx_word' id='word_1_301' title='bbox 3150 1990 3383 2061; x_wconf 87' lang='grc' dir='ltr'>πατέρων</span> <span class='ocrx_word' id='word_1_302' title='bbox 3445 1985 3566 2058; x_wconf 72' lang='grc' dir='ltr'>μεγ’</span> <span class='ocrx_word' id='word_1_303' title='bbox 3617 1983 3878 2058; x_wconf 72' lang='grc' dir='ltr'>ἀμύμονα</span> 
     </span>
    </p>
   </div>
   <div class='ocr_carea' id='block_1_44' title="bbox 2245 2073 3875 2153">
    <p class='ocr_par' dir='ltr' id='par_1_44' title="bbox 2245 2073 3875 2153">
     <span class='ocr_line' id='line_1_44' title="bbox 2245 2073 3875 2153; baseline -0.001 -26"><span class='ocrx_word' id='word_1_304' title='bbox 2245 2083 2427 2128; x_wconf 81' lang='grc' dir='ltr'>τοῦτον</span> <span class='ocrx_word' id='word_1_305' title='bbox 2509 2073 2657 2144; x_wconf 83' lang='grc' dir='ltr'>εἶναι,</span> <span class='ocrx_word' id='word_1_306' title='bbox 2735 2079 2959 2130; x_wconf 84' lang='grc' dir='ltr'>καθόσον</span> <span class='ocrx_word' id='word_1_307' title='bbox 3037 2075 3276 2153; x_wconf 83' lang='grc' dir='ltr'>Ἀϐραὰμ</span> <span class='ocrx_word' id='word_1_308' title='bbox 3347 2078 3438 2148; x_wconf 71' lang='grc' dir='ltr'>μὶν</span> <span class='ocrx_word' id='word_1_309' title='bbox 3484 2077 3623 2148; x_wconf 85' lang='grc' dir='ltr'>πρὸς</span> <span class='ocrx_word' id='word_1_310' title='bbox 3679 2078 3875 2147; x_wconf 62' lang='grc' dir='ltr'>Φαραὼ</span> 
     </span>
    </p>
   </div>
   <div class='ocr_carea' id='block_1_45' title="bbox 2245 2160 3882 2242">
    <p class='ocr_par' dir='ltr' id='par_1_45' title="bbox 2245 2160 3882 2242">
     <span class='ocr_line' id='line_1_45' title="bbox 2245 2160 3882 2242; baseline -0.002 -24"><span class='ocrx_word' id='word_1_311' title='bbox 2245 2169 2494 2240; x_wconf 83' lang='grc' dir='ltr'>πρότερον</span> <span class='ocrx_word' id='word_1_312' title='bbox 2523 2171 2613 2220; x_wconf 83' lang='grc' dir='ltr'>καὶ</span> <span class='ocrx_word' id='word_1_313' title='bbox 2641 2165 2925 2240; x_wconf 70' lang='grc' dir='ltr'>Ἀϐιμελεχ</span> <span class='ocrx_word' id='word_1_314' title='bbox 2962 2167 3178 2242; x_wconf 79' lang='grc' dir='ltr'>ὕστερον</span> <span class='ocrx_word' id='word_1_315' title='bbox 3236 2160 3463 2236; x_wconf 75' lang='grc' dir='ltr'>ἀδελφήν</span> <span class='ocrx_word' id='word_1_316' title='bbox 3510 2163 3576 2216; x_wconf 69' lang='grc' dir='ltr'><strong>οὐ</strong></span> <span class='ocrx_word' id='word_1_317' title='bbox 3634 2171 3882 2236; x_wconf 72' lang='grc' dir='ltr'>γυναῖκα</span> 
     </span>
    </p>
   </div>
   <div class='ocr_carea' id='block_1_46' title="bbox 2247 2249 3878 2332">
    <p class='ocr_par' dir='ltr' id='par_1_46' title="bbox 2247 2249 3878 2332">
     <span class='ocr_line' id='line_1_46' title="bbox 2247 2249 3878 2332; baseline -0.001 -26"><span class='ocrx_word' id='word_1_318' title='bbox 2247 2253 2433 2308; x_wconf 78' lang='grc' dir='ltr'>ἑαυτοῦ</span> <span class='ocrx_word' id='word_1_319' title='bbox 2483 2261 2577 2315; x_wconf 78' lang='grc' dir='ltr'>τήν</span> <span class='ocrx_word' id='word_1_320' title='bbox 2617 2255 2814 2332; x_wconf 73' lang='grc' dir='ltr'>Σάρραν</span> <span class='ocrx_word' id='word_1_321' title='bbox 2844 2256 3007 2329; x_wconf 73' lang='grc' dir='ltr'>ἔλεγεν</span> <span class='ocrx_word' id='word_1_322' title='bbox 3040 2257 3144 2317; x_wconf 80' lang='grc' dir='ltr'>’ὡς</span> <span class='ocrx_word' id='word_1_323' title='bbox 3195 2249 3256 2308; x_wconf 70' lang='grc' dir='ltr'>δε</span> <span class='ocrx_word' id='word_1_324' title='bbox 3310 2258 3398 2307; x_wconf 85' lang='grc' dir='ltr'>καὶ</span> <span class='ocrx_word' id='word_1_325' title='bbox 3443 2257 3542 2312; x_wconf 81' lang='grc' dir='ltr'>τὴν</span> <span class='ocrx_word' id='word_1_326' title='bbox 3594 2251 3878 2306; x_wconf 75' lang='grc' dir='ltr'>Ῥεϐέκκαν</span> 
     </span>
    </p>
   </div>
   <div class='ocr_carea' id='block_1_47' title="bbox 2248 2339 3881 2419">
    <p class='ocr_par' dir='ltr' id='par_1_47' title="bbox 2248 2339 3881 2419">
     <span class='ocr_line' id='line_1_47' title="bbox 2248 2339 3881 2419; baseline -0.002 -21"><span class='ocrx_word' id='word_1_327' title='bbox 2248 2345 2274 2397; x_wconf 86' lang='grc' dir='ltr'><strong><em>ὁ</em></strong></span> <span class='ocrx_word' id='word_1_328' title='bbox 2328 2344 2512 2399; x_wconf 80' lang='grc' dir='ltr'>Ἰσαὰκ</span> <span class='ocrx_word' id='word_1_329' title='bbox 2579 2341 2978 2419; x_wconf 79' lang='grc' dir='ltr'>δειματούμενοι</span> <span class='ocrx_word' id='word_1_330' title='bbox 3030 2349 3120 2399; x_wconf 84' lang='grc' dir='ltr'>καὶ</span> <span class='ocrx_word' id='word_1_331' title='bbox 3173 2339 3551 2417; x_wconf 84' lang='grc' dir='ltr'>δειλαινόμενοι</span> <span class='ocrx_word' id='word_1_332' title='bbox 3609 2350 3881 2415; x_wconf 78' lang='grc' dir='ltr'>γυναῖκας</span> 
     </span>
    </p>
   </div>
   <div class='ocr_carea' id='block_1_48' title="bbox 531 2427 3880 2510">
    <p class='ocr_par' dir='ltr' id='par_1_48' title="bbox 531 2427 3880 2510">
     <span class='ocr_line' id='line_1_48' title="bbox 531 2427 3880 2510; baseline 0 -27"><span class='ocrx_word' id='word_1_333' title='bbox 531 2435 714 2504; x_wconf 82' lang='grc' dir='ltr'>κόσμῳ</span> <span class='ocrx_word' id='word_1_334' title='bbox 783 2428 944 2503; x_wconf 85' lang='grc' dir='ltr'>κάμοὶ</span> <span class='ocrx_word' id='word_1_335' title='bbox 1024 2427 1187 2492; x_wconf 83' lang='grc' dir='ltr'>δόξης</span> <span class='ocrx_word' id='word_1_336' title='bbox 1245 2434 1335 2482; x_wconf 81' lang='grc' dir='ltr'>καὶ</span> <span class='ocrx_word' id='word_1_337' title='bbox 1387 2433 1701 2500; x_wconf 77' lang='grc' dir='ltr'>καυχήσεως</span> <span class='ocrx_word' id='word_1_338' title='bbox 1755 2434 1993 2500; x_wconf 74' lang='grc' dir='ltr'>στέφανος</span> <span class='ocrx_word' id='word_1_339' title='bbox 2043 2433 2134 2480; x_wconf 85' lang='grc' dir='ltr'>καὶ</span> <span class='ocrx_word' id='word_1_340' title='bbox 2242 2433 2435 2487; x_wconf 85' lang='grc' dir='ltr'>έαυτῶν</span> <span class='ocrx_word' id='word_1_341' title='bbox 2474 2435 2644 2489; x_wconf 84' lang='grc' dir='ltr'>καλεῖν</span> <span class='ocrx_word' id='word_1_342' title='bbox 2675 2439 2747 2510; x_wconf 80' lang='grc' dir='ltr'>μή</span> <span class='ocrx_word' id='word_1_343' title='bbox 2791 2430 2865 2489; x_wconf 90' lang='grc' dir='ltr'>δι’</span> <span class='ocrx_word' id='word_1_344' title='bbox 2927 2434 3084 2496; x_wconf 84' lang='grc' dir='ltr'>αύτάς</span> <span class='ocrx_word' id='word_1_345' title='bbox 3138 2437 3228 2486; x_wconf 80' lang='grc' dir='ltr'>καὶ</span> <span class='ocrx_word' id='word_1_346' title='bbox 3286 2431 3648 2496; x_wconf 72' lang='grc' dir='ltr'>τεθνήξονται,</span> <span class='ocrx_word' id='word_1_347' title='bbox 3722 2432 3880 2492; x_wconf 76' lang='grc' dir='ltr'>οὗτος</span> 
     </span>
    </p>
   </div>
   <div class='ocr_carea' id='block_1_49' title="bbox 536 2513 2133 2592">
    <p class='ocr_par' dir='ltr' id='par_1_49' title="bbox 536 2513 2133 2592">
     <span class='ocr_line' id='line_1_49' title="bbox 536 2513 2133 2592; baseline -0.002 -20"><span class='ocrx_word' id='word_1_348' title='bbox 536 2522 673 2582; x_wconf 85' lang='grc' dir='ltr'>ζωῆς</span> <span class='ocrx_word' id='word_1_349' title='bbox 704 2519 868 2581; x_wconf 69' lang='grc' dir='ltr'>αὐτῆς</span> <span class='ocrx_word' id='word_1_350' title='bbox 897 2523 1173 2591; x_wconf 83' lang='grc' dir='ltr'>συνοχεύς,</span> <span class='ocrx_word' id='word_1_351' title='bbox 1205 2513 1356 2580; x_wconf 77' lang='grc' dir='ltr'>οὗτος</span> <span class='ocrx_word' id='word_1_352' title='bbox 1385 2517 1443 2570; x_wconf 83' lang='grc' dir='ltr'>ού</span> <span class='ocrx_word' id='word_1_353' title='bbox 1471 2517 1589 2570; x_wconf 84' lang='grc' dir='ltr'>καθ’</span> <span class='ocrx_word' id='word_1_354' title='bbox 1632 2519 1788 2592; x_wconf 83' lang='grc' dir='ltr'>ὤραν,</span> <span class='ocrx_word' id='word_1_355' title='bbox 1820 2526 2133 2592; x_wconf 76' lang='grc' dir='ltr'>περιφρονῶν</span> 
     </span>
    </p>
   </div>
   <div class='ocr_carea' id='block_1_50' title="bbox 531 2605 2134 2682">
    <p class='ocr_par' dir='ltr' id='par_1_50' title="bbox 531 2605 2134 2682">
     <span class='ocr_line' id='line_1_50' title="bbox 531 2605 2134 2682; baseline -0.001 -21"><span class='ocrx_word' id='word_1_356' title='bbox 531 2607 682 2681; x_wconf 80' lang='grc' dir='ltr'>λέγω,</span> <span class='ocrx_word' id='word_1_357' title='bbox 737 2613 1080 2682; x_wconf 87' lang='grc' dir='ltr'>προήρπαστό</span> <span class='ocrx_word' id='word_1_358' title='bbox 1147 2606 1230 2660; x_wconf 79' lang='grc' dir='ltr'>ἐπὶ</span> <span class='ocrx_word' id='word_1_359' title='bbox 1281 2610 1493 2680; x_wconf 88' lang='grc' dir='ltr'>ζημίαν.</span> <span class='ocrx_word' id='word_1_360' title='bbox 1575 2605 1878 2680; x_wconf 82' lang='grc' dir='ltr'>ἀλλοτρίων,</span> <span class='ocrx_word' id='word_1_361' title='bbox 1931 2625 1986 2660; x_wconf 89' lang='grc' dir='ltr'>τε</span> <span class='ocrx_word' id='word_1_362' title='bbox 2036 2627 2134 2681; x_wconf 85' lang='grc' dir='ltr'>μυ·</span> 
     </span>
    </p>
   </div>
   <div class='ocr_carea' id='block_1_51' title="bbox 530 2693 2133 2772">
    <p class='ocr_par' dir='ltr' id='par_1_51' title="bbox 530 2693 2133 2772">
     <span class='ocr_line' id='line_1_51' title="bbox 530 2693 2133 2772; baseline 0.002 -23"><span class='ocrx_word' id='word_1_363' title='bbox 530 2702 655 2772; x_wconf 89' lang='grc' dir='ltr'>ρίων</span> <span class='ocrx_word' id='word_1_364' title='bbox 703 2703 793 2750; x_wconf 80' lang='grc' dir='ltr'>καὶ</span> <span class='ocrx_word' id='word_1_365' title='bbox 839 2693 1071 2750; x_wconf 78' lang='grc' dir='ltr'>τοσῶνδε</span> <span class='ocrx_word' id='word_1_366' title='bbox 1119 2705 1396 2771; x_wconf 85' lang='grc' dir='ltr'>προγενῶν.</span> <span class='ocrx_word' id='word_1_367' title='bbox 1458 2695 1533 2750; x_wconf 81' lang='grc' dir='ltr'>Ού</span> <span class='ocrx_word' id='word_1_368' title='bbox 1585 2698 1686 2772; x_wconf 78' lang='grc' dir='ltr'>γὰρ</span> <span class='ocrx_word' id='word_1_369' title='bbox 1719 2694 1982 2771; x_wconf 88' lang='grc' dir='ltr'>ἀλλότριον</span> <span class='ocrx_word' id='word_1_370' title='bbox 2038 2701 2133 2770; x_wconf 86' lang='grc' dir='ltr'>μό-</span> 
     </span>
    </p>
   </div>
   <div class='ocr_carea' id='block_1_52' title="bbox 530 2783 2129 2861">
    <p class='ocr_par' dir='ltr' id='par_1_52' title="bbox 530 2783 2129 2861">
     <span class='ocr_line' id='line_1_52' title="bbox 530 2783 2129 2861; baseline 0.002 -23"><span class='ocrx_word' id='word_1_371' title='bbox 530 2806 614 2839; x_wconf 88' lang='grc' dir='ltr'>νον</span> <span class='ocrx_word' id='word_1_372' title='bbox 642 2783 703 2845; x_wconf 79' lang='grc' dir='ltr'>ἧν</span> <span class='ocrx_word' id='word_1_373' title='bbox 753 2785 948 2858; x_wconf 88' lang='grc' dir='ltr'>ἀγαθόν</span> <span class='ocrx_word' id='word_1_374' title='bbox 1001 2789 1070 2849; x_wconf 86' lang='grc' dir='ltr'>ὡς</span> <span class='ocrx_word' id='word_1_375' title='bbox 1125 2787 1392 2861; x_wconf 80' lang='grc' dir='ltr'>ὁρίζονται</span> <span class='ocrx_word' id='word_1_376' title='bbox 1455 2788 1505 2839; x_wconf 86' lang='grc' dir='ltr'>οἱ</span> <span class='ocrx_word' id='word_1_377' title='bbox 1565 2790 1718 2859; x_wconf 78' lang='grc' dir='ltr'>σοφοὶ</span> <span class='ocrx_word' id='word_1_378' title='bbox 1765 2789 1851 2840; x_wconf 88' lang='grc' dir='ltr'>τὸν</span> <span class='ocrx_word' id='word_1_379' title='bbox 1902 2783 2129 2855; x_wconf 90' lang='grc' dir='ltr'>δίκαιον,</span> 
     </span>
    </p>
   </div>
   <div class='ocr_carea' id='block_1_53' title="bbox 533 2873 1265 2952">
    <p class='ocr_par' dir='ltr' id='par_1_53' title="bbox 533 2873 1265 2952">
     <span class='ocr_line' id='line_1_53' title="bbox 533 2873 1265 2952; baseline 0.005 -24"><span class='ocrx_word' id='word_1_380' title='bbox 533 2874 660 2929; x_wconf 89' lang='grc' dir='ltr'>ἀλλά</span> <span class='ocrx_word' id='word_1_381' title='bbox 686 2895 745 2948; x_wconf 86' lang='grc' dir='ltr'>γε</span> <span class='ocrx_word' id='word_1_382' title='bbox 777 2873 844 2936; x_wconf 84' lang='grc' dir='ltr'>δή</span> <span class='ocrx_word' id='word_1_383' title='bbox 878 2881 966 2930; x_wconf 85' lang='grc' dir='ltr'>καὶ</span> <span class='ocrx_word' id='word_1_384' title='bbox 997 2879 1265 2952; x_wconf 81' lang='grc' dir='ltr'>ἡμέτερον.</span> 
     </span>
    </p>
   </div>
   <div class='ocr_carea' id='block_1_54' title="bbox 603 2965 2132 3038">
    <p class='ocr_par' dir='ltr' id='par_1_54' title="bbox 603 2965 2132 3038">
     <span class='ocr_line' id='line_1_54' title="bbox 603 2965 2132 3038; baseline 0.001 -19"><span class='ocrx_word' id='word_1_385' title='bbox 603 2971 711 3019; x_wconf 79' lang='grc' dir='ltr'>Ποῦ</span> <span class='ocrx_word' id='word_1_386' title='bbox 748 2970 872 3019; x_wconf 89' lang='grc' dir='ltr'>ποτέ</span> <span class='ocrx_word' id='word_1_387' title='bbox 926 2965 1028 3020; x_wconf 84' lang='grc' dir='ltr'>εἰσι</span> <span class='ocrx_word' id='word_1_388' title='bbox 1074 2973 1162 3018; x_wconf 82' lang='grc' dir='ltr'>νῦν</span> <span class='ocrx_word' id='word_1_389' title='bbox 1210 2967 1328 3019; x_wconf 85' lang='grc' dir='ltr'>ὅσοι</span> <span class='ocrx_word' id='word_1_390' title='bbox 1382 2983 1436 3018; x_wconf 90' lang='grc' dir='ltr'>τε</span> <span class='ocrx_word' id='word_1_391' title='bbox 1464 2965 1644 3018; x_wconf 80' lang='grc' dir='ltr'>οἰκεῖοι</span> <span class='ocrx_word' id='word_1_392' title='bbox 1674 2967 1808 3018; x_wconf 82' lang='grc' dir='ltr'>κατὰ</span> <span class='ocrx_word' id='word_1_393' title='bbox 1835 2969 1981 3038; x_wconf 82' lang='grc' dir='ltr'>γένος</span> <span class='ocrx_word' id='word_1_394' title='bbox 2041 2970 2132 3020; x_wconf 80' lang='grc' dir='ltr'>καὶ</span> 
     </span>
    </p>
   </div>
   <div class='ocr_carea' id='block_1_55' title="bbox 531 3053 2131 3130">
    <p class='ocr_par' dir='ltr' id='par_1_55' title="bbox 531 3053 2131 3130">
     <span class='ocr_line' id='line_1_55' title="bbox 531 3053 2131 3130; baseline 0 -22"><span class='ocrx_word' id='word_1_395' title='bbox 531 3057 648 3108; x_wconf 81' lang='grc' dir='ltr'>ὅσοι</span> <span class='ocrx_word' id='word_1_396' title='bbox 701 3059 759 3108; x_wconf 89' lang='grc' dir='ltr'>τό</span> <span class='ocrx_word' id='word_1_397' title='bbox 787 3055 1031 3128; x_wconf 67' lang='grc' dir='ltr'>συγγενὲς</span> <span class='ocrx_word' id='word_1_398' title='bbox 1084 3057 1510 3130; x_wconf 88' lang='grc' dir='ltr'>προποιούμενοι,</span> <span class='ocrx_word' id='word_1_399' title='bbox 1543 3053 1715 3128; x_wconf 83' lang='grc' dir='ltr'>ἐκείνῳ</span> <span class='ocrx_word' id='word_1_400' title='bbox 1762 3060 2131 3130; x_wconf 78' lang='grc' dir='ltr'>προσήρχοντο</span> 
     </span>
    </p>
   </div>
   <div class='ocr_carea' id='block_1_56' title="bbox 530 3142 1523 3219">
    <p class='ocr_par' dir='ltr' id='par_1_56' title="bbox 530 3142 1523 3219">
     <span class='ocr_line' id='line_1_56' title="bbox 530 3142 1523 3219; baseline 0.003 -22"><span class='ocrx_word' id='word_1_401' title='bbox 530 3149 616 3197; x_wconf 72' lang='grc' dir='ltr'>καὶ</span> <span class='ocrx_word' id='word_1_402' title='bbox 646 3148 764 3219; x_wconf 83' lang='grc' dir='ltr'>περὶ</span> <span class='ocrx_word' id='word_1_403' title='bbox 794 3142 1050 3218; x_wconf 90' lang='grc' dir='ltr'>βασιλέων</span> <span class='ocrx_word' id='word_1_404' title='bbox 1077 3143 1245 3198; x_wconf 89' lang='grc' dir='ltr'>ἐκίνου</span> <span class='ocrx_word' id='word_1_405' title='bbox 1290 3162 1416 3217; x_wconf 86' lang='grc' dir='ltr'>μεσ.</span> <span class='ocrx_word' id='word_1_406' title='bbox 1439 3187 1452 3202; x_wconf 92' lang='grc'><strong>.</strong></span> <span class='ocrx_word' id='word_1_407' title='bbox 1475 3187 1489 3201; x_wconf 94' lang='grc'><strong>.</strong></span> <span class='ocrx_word' id='word_1_408' title='bbox 1512 3187 1523 3200; x_wconf 95' lang='grc'>.</span> 
     </span>
    </p>
   </div>
   <div class='ocr_carea' id='block_1_57' title="bbox 533 3229 2129 3310">
    <p class='ocr_par' dir='ltr' id='par_1_57' title="bbox 533 3229 2129 3310">
     <span class='ocr_line' id='line_1_57' title="bbox 533 3229 2129 3310; baseline 0.001 -24"><span class='ocrx_word' id='word_1_409' title='bbox 533 3235 713 3287; x_wconf 87' lang='grc' dir='ltr'>θᾶττον</span> <span class='ocrx_word' id='word_1_410' title='bbox 735 3238 823 3287; x_wconf 86' lang='grc' dir='ltr'>καὶ</span> <span class='ocrx_word' id='word_1_411' title='bbox 843 3241 1036 3308; x_wconf 85' lang='grc' dir='ltr'>προῖκα</span> <span class='ocrx_word' id='word_1_412' title='bbox 1057 3229 1092 3287; x_wconf 90' lang='grc' dir='ltr'>δ</span> <span class='ocrx_word' id='word_1_413' title='bbox 1095 3239 1343 3306; x_wconf 87' lang='grc' dir='ltr'>εχόμονοι</span> <span class='ocrx_word' id='word_1_414' title='bbox 1381 3229 1540 3286; x_wconf 86' lang='grc' dir='ltr'>οἶκαδ</span> <span class='ocrx_word' id='word_1_415' title='bbox 1543 3251 1564 3286; x_wconf 95' lang='grc' dir='ltr'>ε</span> <span class='ocrx_word' id='word_1_416' title='bbox 1614 3238 1892 3308; x_wconf 87' lang='grc' dir='ltr'>χαίροντες</span> <span class='ocrx_word' id='word_1_417' title='bbox 1936 3233 2129 3310; x_wconf 77' lang='grc' dir='ltr'>ἐπανη-</span> 
     </span>
    </p>
   </div>
   <div class='ocr_carea' id='block_1_58' title="bbox 531 3319 2132 3398">
    <p class='ocr_par' dir='ltr' id='par_1_58' title="bbox 531 3319 2132 3398">
     <span class='ocr_line' id='line_1_58' title="bbox 531 3319 2132 3398; baseline -0.001 -21"><span class='ocrx_word' id='word_1_418' title='bbox 531 3341 654 3377; x_wconf 89' lang='grc' dir='ltr'>εσαν</span> <span class='ocrx_word' id='word_1_419' title='bbox 685 3340 698 3391; x_wconf 84' lang='grc'><strong>;</strong></span> <span class='ocrx_word' id='word_1_420' title='bbox 734 3327 833 3377; x_wconf 80' lang='grc' dir='ltr'>Καὶ</span> <span class='ocrx_word' id='word_1_421' title='bbox 861 3323 1098 3386; x_wconf 87' lang='grc' dir='ltr'>πλείονας</span> <span class='ocrx_word' id='word_1_422' title='bbox 1127 3333 1199 3396; x_wconf 86' lang='grc' dir='ltr'>τῷ</span> <span class='ocrx_word' id='word_1_423' title='bbox 1240 3319 1317 3376; x_wconf 89' lang='grc' dir='ltr'>δι’</span> <span class='ocrx_word' id='word_1_424' title='bbox 1362 3322 1422 3375; x_wconf 76' lang='grc' dir='ltr'>οὗ</span> <span class='ocrx_word' id='word_1_425' title='bbox 1475 3323 1504 3382; x_wconf 78' lang='grc' dir='ltr'>ἢ</span> <span class='ocrx_word' id='word_1_426' title='bbox 1554 3324 1676 3398; x_wconf 88' lang='grc' dir='ltr'>παρ’</span> <span class='ocrx_word' id='word_1_427' title='bbox 1717 3324 1784 3375; x_wconf 85' lang='grc' dir='ltr'>ὧν</span> <span class='ocrx_word' id='word_1_428' title='bbox 1836 3319 1890 3376; x_wconf 82' lang='grc' dir='ltr'>εὖ</span> <span class='ocrx_word' id='word_1_429' title='bbox 1937 3329 2132 3378; x_wconf 87' lang='grc' dir='ltr'>πεπόν-</span> 
     </span>
    </p>
   </div>
   <div class='ocr_carea' id='block_1_59' title="bbox 535 3410 2131 3488">
    <p class='ocr_par' dir='ltr' id='par_1_59' title="bbox 535 3410 2131 3488">
     <span class='ocr_line' id='line_1_59' title="bbox 535 3410 2131 3488; baseline 0.001 -21"><span class='ocrx_word' id='word_1_430' title='bbox 535 3415 660 3468; x_wconf 90' lang='grc' dir='ltr'>θασι</span> <span class='ocrx_word' id='word_1_431' title='bbox 689 3410 888 3486; x_wconf 76' lang='grc' dir='ltr'>ᾔδεσαν</span> <span class='ocrx_word' id='word_1_432' title='bbox 941 3416 1164 3488; x_wconf 86' lang='grc' dir='ltr'>χάριτος</span> <span class='ocrx_word' id='word_1_433' title='bbox 1193 3415 1242 3466; x_wconf 79' lang='grc' dir='ltr'><strong>οἰ</strong></span> <span class='ocrx_word' id='word_1_434' title='bbox 1295 3413 1503 3474; x_wconf 90' lang='grc' dir='ltr'>πλείους</span> <span class='ocrx_word' id='word_1_435' title='bbox 1544 3419 1633 3467; x_wconf 84' lang='grc' dir='ltr'>καὶ</span> <span class='ocrx_word' id='word_1_436' title='bbox 1689 3416 1877 3477; x_wconf 89' lang='grc' dir='ltr'>πάντες</span> <span class='ocrx_word' id='word_1_437' title='bbox 1908 3412 2023 3470; x_wconf 81' lang='grc' dir='ltr'>οὐδ’</span> <span class='ocrx_word' id='word_1_438' title='bbox 2057 3415 2131 3479; x_wconf 81' lang='grc' dir='ltr'>εἰς</span> 
     </span>
    </p>
   </div>
   <div class='ocr_carea' id='block_1_60' title="bbox 534 3501 1021 3574">
    <p class='ocr_par' dir='ltr' id='par_1_60' title="bbox 534 3501 1021 3574">
     <span class='ocr_line' id='line_1_60' title="bbox 534 3501 1021 3574; baseline -0.004 -18"><span class='ocrx_word' id='word_1_439' title='bbox 534 3502 602 3574; x_wconf 74' lang='grc' dir='ltr'>ἄψ</span> <span class='ocrx_word' id='word_1_440' title='bbox 612 3522 657 3554; x_wconf 91' lang='grc' dir='ltr'>ιν</span> <span class='ocrx_word' id='word_1_441' title='bbox 686 3503 811 3560; x_wconf 75' lang='grc' dir='ltr'>ἧκον</span> <span class='ocrx_word' id='word_1_442' title='bbox 843 3501 890 3554; x_wconf 87' lang='grc' dir='ltr'>ἐν</span> <span class='ocrx_word' id='word_1_443' title='bbox 899 3505 1021 3559; x_wconf 85' lang='grc' dir='ltr'>ίοτε.</span> 
     </span>
    </p>
   </div>
   <div class='ocr_carea' id='block_1_61' title="bbox 606 3589 2132 3669">
    <p class='ocr_par' dir='ltr' id='par_1_61' title="bbox 606 3589 2132 3669">
     <span class='ocr_line' id='line_1_61' title="bbox 606 3589 2132 3669; baseline 0.003 -26"><span class='ocrx_word' id='word_1_444' title='bbox 606 3591 754 3665; x_wconf 84' lang='grc' dir='ltr'>Διῡρ⁸</span> <span class='ocrx_word' id='word_1_445' title='bbox 803 3593 877 3643; x_wconf 90' lang='grc' dir='ltr'>’ίτε</span> <span class='ocrx_word' id='word_1_446' title='bbox 932 3593 1115 3651; x_wconf 85' lang='grc' dir='ltr'>πάντες</span> <span class='ocrx_word' id='word_1_447' title='bbox 1165 3595 1254 3643; x_wconf 84' lang='grc' dir='ltr'>καὶ</span> <span class='ocrx_word' id='word_1_448' title='bbox 1312 3589 1728 3664; x_wconf 70' lang='grc' dir='ltr'>συνεφαψάμενοι</span> <span class='ocrx_word' id='word_1_449' title='bbox 1787 3601 1876 3646; x_wconf 83' lang='grc' dir='ltr'>τοῦ</span> <span class='ocrx_word' id='word_1_450' title='bbox 1943 3595 2132 3669; x_wconf 88' lang='grc' dir='ltr'>θρήνου</span> 
     </span>
    </p>
   </div>
   <div class='ocr_carea' id='block_1_62' title="bbox 534 3678 2136 3758">
    <p class='ocr_par' dir='ltr' id='par_1_62' title="bbox 534 3678 2136 3758">
     <span class='ocr_line' id='line_1_62' title="bbox 534 3678 2136 3758; baseline 0.003 -26"><span class='ocrx_word' id='word_1_451' title='bbox 534 3683 626 3732; x_wconf 84' lang='grc' dir='ltr'>καὶ</span> <span class='ocrx_word' id='word_1_452' title='bbox 700 3682 767 3732; x_wconf 87' lang='grc' dir='ltr'>τά</span> <span class='ocrx_word' id='word_1_453' title='bbox 811 3680 934 3754; x_wconf 89' lang='grc' dir='ltr'>παρ’</span> <span class='ocrx_word' id='word_1_454' title='bbox 990 3681 1136 3754; x_wconf 81' lang='grc' dir='ltr'>ἡμῶν</span> <span class='ocrx_word' id='word_1_455' title='bbox 1178 3678 1408 3754; x_wconf 86' lang='grc' dir='ltr'>ἐγκώμια</span> <span class='ocrx_word' id='word_1_456' title='bbox 1492 3688 1603 3742; x_wconf 84' lang='grc' dir='ltr'>ταῖς</span> <span class='ocrx_word' id='word_1_457' title='bbox 1677 3680 1824 3756; x_wconf 85' lang='grc' dir='ltr'>ἐμαῖς</span> <span class='ocrx_word' id='word_1_458' title='bbox 1881 3683 2136 3758; x_wconf 85' lang='grc' dir='ltr'>οἰμωγαῖς</span> 
     </span>
    </p>
   </div>
   <div class='ocr_carea' id='block_1_63' title="bbox 537 3765 2135 3848">
    <p class='ocr_par' dir='ltr' id='par_1_63' title="bbox 537 3765 2135 3848">
     <span class='ocr_line' id='line_1_63' title="bbox 537 3765 2135 3848; baseline 0.003 -27"><span class='ocrx_word' id='word_1_459' title='bbox 537 3772 920 3842; x_wconf 88' lang='grc' dir='ltr'>συναρμόσατε,</span> <span class='ocrx_word' id='word_1_460' title='bbox 980 3769 1062 3822; x_wconf 86' lang='grc' dir='ltr'>ἱνα</span> <span class='ocrx_word' id='word_1_461' title='bbox 1113 3773 1208 3829; x_wconf 80' lang='grc' dir='ltr'>τὴν</span> <span class='ocrx_word' id='word_1_462' title='bbox 1263 3777 1355 3823; x_wconf 87' lang='grc' dir='ltr'>τοῦ</span> <span class='ocrx_word' id='word_1_463' title='bbox 1427 3765 1638 3823; x_wconf 78' lang='grc' dir='ltr'>δικαίου</span> <span class='ocrx_word' id='word_1_464' title='bbox 1717 3768 1874 3826; x_wconf 83' lang='grc' dir='ltr'>τοῦδε</span> <span class='ocrx_word' id='word_1_465' title='bbox 1926 3779 2135 3848; x_wconf 82' lang='grc' dir='ltr'>μνήμην</span> 
     </span>
    </p>
   </div>
   <div class='ocr_carea' id='block_1_64' title="bbox 534 3856 2140 3937">
    <p class='ocr_par' dir='ltr' id='par_1_64' title="bbox 534 3856 2140 3937">
     <span class='ocr_line' id='line_1_64' title="bbox 534 3856 2140 3937; baseline 0.002 -26"><span class='ocrx_word' id='word_1_466' title='bbox 534 3859 643 3932; x_wconf 89' lang='grc' dir='ltr'>μετ’</span> <span class='ocrx_word' id='word_1_467' title='bbox 701 3856 967 3934; x_wconf 75' lang='grc' dir='ltr'>ἐγκωμίων</span> <span class='ocrx_word' id='word_1_468' title='bbox 1015 3865 1335 3932; x_wconf 89' lang='grc' dir='ltr'>ποιήσωμεν,</span> <span class='ocrx_word' id='word_1_469' title='bbox 1385 3864 1475 3912; x_wconf 84' lang='grc' dir='ltr'>καὶ</span> <span class='ocrx_word' id='word_1_470' title='bbox 1528 3865 1599 3932; x_wconf 83' lang='grc' dir='ltr'>μή</span> <span class='ocrx_word' id='word_1_471' title='bbox 1655 3865 1807 3933; x_wconf 90' lang='grc' dir='ltr'>μόνον</span> <span class='ocrx_word' id='word_1_472' title='bbox 1857 3859 2140 3937; x_wconf 80' lang='grc' dir='ltr'>δακρύσω-</span> 
     </span>
    </p>
   </div>
   <div class='ocr_carea' id='block_1_65' title="bbox 532 3945 2138 4026">
    <p class='ocr_par' dir='ltr' id='par_1_65' title="bbox 532 3945 2138 4026">
     <span class='ocr_line' id='line_1_65' title="bbox 532 3945 2138 4026; baseline 0.003 -25"><span class='ocrx_word' id='word_1_473' title='bbox 532 3968 642 4022; x_wconf 89' lang='grc' dir='ltr'>μεν,</span> <span class='ocrx_word' id='word_1_474' title='bbox 702 3947 1005 4026; x_wconf 74' lang='grc' dir='ltr'>ἀμφοτέροις</span> <span class='ocrx_word' id='word_1_475' title='bbox 1071 3950 1173 4024; x_wconf 84' lang='grc' dir='ltr'>γὰρ</span> <span class='ocrx_word' id='word_1_476' title='bbox 1240 3951 1450 4024; x_wconf 84' lang='grc' dir='ltr'>πρέπον,</span> <span class='ocrx_word' id='word_1_477' title='bbox 1504 3945 1716 4002; x_wconf 87' lang='grc' dir='ltr'>δικαίου</span> <span class='ocrx_word' id='word_1_478' title='bbox 1772 3953 1872 4026; x_wconf 80' lang='grc' dir='ltr'>γὰρ</span> <span class='ocrx_word' id='word_1_479' title='bbox 1925 3954 2138 4016; x_wconf 88' lang='grc' dir='ltr'>θανατος</span> 
     </span>
    </p>
   </div>
   <div class='ocr_carea' id='block_1_66' title="bbox 533 4034 2131 4115">
    <p class='ocr_par' dir='ltr' id='par_1_66' title="bbox 533 4034 2131 4115">
     <span class='ocr_line' id='line_1_66' title="bbox 533 4034 2131 4115; baseline 0.003 -25"><span class='ocrx_word' id='word_1_480' title='bbox 533 4040 623 4110; x_wconf 66' lang='grc' dir='ltr'>μὲν</span> <span class='ocrx_word' id='word_1_481' title='bbox 697 4034 906 4113; x_wconf 87' lang='grc' dir='ltr'>δάκρυα</span> <span class='ocrx_word' id='word_1_482' title='bbox 980 4037 1282 4090; x_wconf 81' lang='grc' dir='ltr'>ποκαλεῖται</span> <span class='ocrx_word' id='word_1_483' title='bbox 1353 4037 1646 4090; x_wconf 84' lang='grc' dir='ltr'>καταλιπὼν</span> <span class='ocrx_word' id='word_1_484' title='bbox 1686 4040 1939 4114; x_wconf 85' lang='grc' dir='ltr'>περιαλγῆ</span> <span class='ocrx_word' id='word_1_485' title='bbox 1985 4045 2131 4115; x_wconf 88' lang='grc' dir='ltr'>μετά-</span> 
     </span>
    </p>
   </div>
   <div class='ocr_carea' id='block_1_67' title="bbox 534 4121 2135 4202">
    <p class='ocr_par' dir='ltr' id='par_1_67' title="bbox 534 4121 2135 4202">
     <span class='ocr_line' id='line_1_67' title="bbox 534 4121 2135 4202; baseline 0.003 -24"><span class='ocrx_word' id='word_1_486' title='bbox 534 4125 704 4198; x_wconf 91' lang='grc' dir='ltr'>μελον,</span> <span class='ocrx_word' id='word_1_487' title='bbox 737 4131 914 4199; x_wconf 83' lang='grc' dir='ltr'>μνήμη</span> <span class='ocrx_word' id='word_1_488' title='bbox 959 4121 1017 4178; x_wconf 78' lang='grc' dir='ltr'>δε</span> <span class='ocrx_word' id='word_1_489' title='bbox 1070 4131 1188 4200; x_wconf 82' lang='grc' dir='ltr'>περὶ</span> <span class='ocrx_word' id='word_1_490' title='bbox 1237 4134 1334 4179; x_wconf 89' lang='grc' dir='ltr'>τῶν</span> <span class='ocrx_word' id='word_1_491' title='bbox 1392 4127 1683 4187; x_wconf 77' lang='grc' dir='ltr'>ζηλούντων</span> <span class='ocrx_word' id='word_1_492' title='bbox 1731 4127 1916 4202; x_wconf 84' lang='grc' dir='ltr'>ἀρετήν</span> <span class='ocrx_word' id='word_1_493' title='bbox 1967 4130 2135 4202; x_wconf 81' lang='grc' dir='ltr'>ἐγκω-</span> 
     </span>
    </p>
   </div>
   <div class='ocr_carea' id='block_1_68' title="bbox 535 4213 2136 4294">
    <p class='ocr_par' dir='ltr' id='par_1_68' title="bbox 535 4213 2136 4294">
     <span class='ocr_line' id='line_1_68' title="bbox 535 4213 2136 4294; baseline 0.004 -28"><span class='ocrx_word' id='word_1_494' title='bbox 535 4218 678 4287; x_wconf 88' lang='grc' dir='ltr'>μίοις</span> <span class='ocrx_word' id='word_1_495' title='bbox 717 4213 1029 4270; x_wconf 89' lang='grc' dir='ltr'>συνδιαπλέ.</span> <span class='ocrx_word' id='word_1_496' title='bbox 1051 4257 1063 4270; x_wconf 91' lang='grc'><strong>.</strong></span> <span class='ocrx_word' id='word_1_497' title='bbox 1086 4257 1100 4270; x_wconf 93' lang='grc'><strong>.</strong></span> <span class='ocrx_word' id='word_1_498' title='bbox 1123 4257 1134 4270; x_wconf 94' lang='grc'><em>.</em></span> <span class='ocrx_word' id='word_1_499' title='bbox 1157 4257 1170 4272; x_wconf 93' lang='grc'><strong>.</strong></span> <span class='ocrx_word' id='word_1_500' title='bbox 1195 4259 1208 4272; x_wconf 92' lang='grc'><strong>.</strong></span> <span class='ocrx_word' id='word_1_501' title='bbox 1231 4259 1242 4271; x_wconf 94' lang='grc'><strong>.</strong></span> <span class='ocrx_word' id='word_1_502' title='bbox 1267 4259 1279 4270; x_wconf 93' lang='grc'><strong>.</strong></span> <span class='ocrx_word' id='word_1_503' title='bbox 1302 4257 1315 4271; x_wconf 93' lang='grc'><em>.</em></span> <span class='ocrx_word' id='word_1_504' title='bbox 1337 4258 1350 4273; x_wconf 93' lang='grc'><strong>.</strong></span> <span class='ocrx_word' id='word_1_505' title='bbox 1373 4257 1386 4271; x_wconf 92' lang='grc'><strong>.</strong></span> <span class='ocrx_word' id='word_1_506' title='bbox 1407 4257 1422 4272; x_wconf 91' lang='grc'><strong>.</strong></span> <span class='ocrx_word' id='word_1_507' title='bbox 1471 4213 1600 4270; x_wconf 84' lang='grc' dir='ltr'>εῖδει</span> <span class='ocrx_word' id='word_1_508' title='bbox 1647 4216 1832 4291; x_wconf 87' lang='grc' dir='ltr'>σφόδει</span> <span class='ocrx_word' id='word_1_509' title='bbox 1883 4222 2136 4294; x_wconf 78' lang='grc' dir='ltr'>παρθένος</span> 
     </span>
    </p>
   </div>
   <div class='ocr_carea' id='block_1_69' title="bbox 537 4301 2133 4384">
    <p class='ocr_par' dir='ltr' id='par_1_69' title="bbox 537 4301 2133 4384">
     <span class='ocr_line' id='line_1_69' title="bbox 537 4301 2133 4384; baseline 0.006 -30"><span class='ocrx_word' id='word_1_510' title='bbox 537 4301 699 4362; x_wconf 84' lang='grc' dir='ltr'>ἐκείνη</span> <span class='ocrx_word' id='word_1_511' title='bbox 731 4302 818 4362; x_wconf 84' lang='grc' dir='ltr'>ἣν.</span> <span class='ocrx_word' id='word_1_512' title='bbox 841 4347 852 4360; x_wconf 92' lang='grc'>,</span> <span class='ocrx_word' id='word_1_513' title='bbox 876 4347 890 4361; x_wconf 88' lang='grc'><strong>.</strong></span> <span class='ocrx_word' id='word_1_514' title='bbox 912 4347 923 4361; x_wconf 92' lang='grc'>,</span> <span class='ocrx_word' id='word_1_515' title='bbox 948 4345 961 4359; x_wconf 94' lang='grc'><strong>.</strong></span> <span class='ocrx_word' id='word_1_516' title='bbox 990 4303 1395 4376; x_wconf 87' lang='grc' dir='ltr'>μεγαλοπόλεως.</span> <span class='ocrx_word' id='word_1_517' title='bbox 1418 4347 1431 4361; x_wconf 95' lang='grc'><strong>.</strong></span> <span class='ocrx_word' id='word_1_518' title='bbox 1453 4345 1466 4360; x_wconf 94' lang='grc'><strong>.</strong></span> <span class='ocrx_word' id='word_1_519' title='bbox 1490 4349 1503 4363; x_wconf 93' lang='grc'><strong>.</strong></span> <span class='ocrx_word' id='word_1_520' title='bbox 1542 4311 1632 4359; x_wconf 85' lang='grc' dir='ltr'>καὶ</span> <span class='ocrx_word' id='word_1_521' title='bbox 1665 4304 1699 4359; x_wconf 90' lang='grc' dir='ltr'>δ</span> <span class='ocrx_word' id='word_1_522' title='bbox 1705 4312 1970 4382; x_wconf 87' lang='grc' dir='ltr'>ιαπαζομη</span> <span class='ocrx_word' id='word_1_523' title='bbox 2001 4315 2133 4384; x_wconf 85' lang='grc' dir='ltr'>πρὸς</span> 
     </span>
    </p>
   </div>
   <div class='ocr_carea' id='block_1_70' title="bbox 539 4390 2132 4467">
    <p class='ocr_par' dir='ltr' id='par_1_70' title="bbox 539 4390 2132 4467">
     <span class='ocr_line' id='line_1_70' title="bbox 539 4390 2132 4467; baseline 0.006 -23"><span class='ocrx_word' id='word_1_524' title='bbox 539 4390 662 4464; x_wconf 83' lang='grc' dir='ltr'>βίαν</span> <span class='ocrx_word' id='word_1_525' title='bbox 692 4390 860 4464; x_wconf 88' lang='grc' dir='ltr'>ἀπῆγε</span> <span class='ocrx_word' id='word_1_526' title='bbox 887 4391 1130 4464; x_wconf 87' lang='grc' dir='ltr'>πολέμιος</span> <span class='ocrx_word' id='word_1_527' title='bbox 1161 4391 1430 4467; x_wconf 83' lang='grc' dir='ltr'>βάρϐαρος</span> <span class='ocrx_word' id='word_1_528' title='bbox 1465 4435 1479 4450; x_wconf 93' lang='grc'><strong>.</strong></span> <span class='ocrx_word' id='word_1_529' title='bbox 1502 4437 1515 4452; x_wconf 94' lang='grc'><strong>.</strong></span> <span class='ocrx_word' id='word_1_530' title='bbox 1538 4437 1550 4450; x_wconf 92' lang='grc'><strong>.</strong></span> <span class='ocrx_word' id='word_1_531' title='bbox 1574 4401 1807 4461; x_wconf 90' lang='grc' dir='ltr'>.ότατος.</span> <span class='ocrx_word' id='word_1_532' title='bbox 1829 4441 1842 4454; x_wconf 94' lang='grc'><strong>.</strong></span> <span class='ocrx_word' id='word_1_533' title='bbox 1865 4443 1878 4457; x_wconf 93' lang='grc'><strong>.</strong></span> <span class='ocrx_word' id='word_1_534' title='bbox 1901 4441 1913 4456; x_wconf 93' lang='grc'><strong>.</strong></span> <span class='ocrx_word' id='word_1_535' title='bbox 1944 4400 2132 4464; x_wconf 84' lang='grc' dir='ltr'>ἐκεῖνος</span> 
     </span>
    </p>
   </div>
   <div class='ocr_carea' id='block_1_71' title="bbox 537 4476 2132 4564">
    <p class='ocr_par' dir='ltr' id='par_1_71' title="bbox 537 4476 2132 4564">
     <span class='ocr_line' id='line_1_71' title="bbox 537 4476 2132 4564; baseline 0.008 -32"><span class='ocrx_word' id='word_1_536' title='bbox 537 4476 795 4554; x_wconf 79' lang='grc' dir='ltr'>διάπυρος</span> <span class='ocrx_word' id='word_1_537' title='bbox 833 4479 1056 4554; x_wconf 82' lang='grc' dir='ltr'>ἐραστής</span> <span class='ocrx_word' id='word_1_538' title='bbox 1087 4484 1155 4543; x_wconf 85' lang='grc' dir='ltr'>ὡς</span> <span class='ocrx_word' id='word_1_539' title='bbox 1183 4479 1337 4552; x_wconf 85' lang='grc' dir='ltr'>εἶδεν,</span> <span class='ocrx_word' id='word_1_540' title='bbox 1392 4485 1463 4545; x_wconf 87' lang='grc' dir='ltr'>ὡς</span> <span class='ocrx_word' id='word_1_541' title='bbox 1506 4488 1715 4560; x_wconf 83' lang='grc' dir='ltr'>ᾤκτειρε</span> <span class='ocrx_word' id='word_1_542' title='bbox 1753 4493 1846 4547; x_wconf 80' lang='grc' dir='ltr'>τὴν</span> <span class='ocrx_word' id='word_1_543' title='bbox 1899 4489 2132 4564; x_wconf 90' lang='grc' dir='ltr'>τλήμονα</span> 
     </span>
    </p>
   </div>
   <div class='ocr_carea' id='block_1_72' title="bbox 535 4565 2129 4653">
    <p class='ocr_par' dir='ltr' id='par_1_72' title="bbox 535 4565 2129 4653">
     <span class='ocr_line' id='line_1_72' title="bbox 535 4565 2129 4653; baseline 0.009 -33"><span class='ocrx_word' id='word_1_544' title='bbox 535 4578 871 4645; x_wconf 88' lang='grc' dir='ltr'>παραχρῆμα</span> <span class='ocrx_word' id='word_1_545' title='bbox 897 4565 1197 4643; x_wconf 81' lang='grc' dir='ltr'>ἐπιδραμὼν</span> <span class='ocrx_word' id='word_1_546' title='bbox 1227 4573 1294 4634; x_wconf 85' lang='grc' dir='ltr'>ὡς</span> <span class='ocrx_word' id='word_1_547' title='bbox 1333 4576 1499 4636; x_wconf 69' lang='grc' dir='ltr'>Φινεὲς</span> <span class='ocrx_word' id='word_1_548' title='bbox 1546 4575 1639 4627; x_wconf 85' lang='grc' dir='ltr'>ούκ</span> <span class='ocrx_word' id='word_1_549' title='bbox 1682 4575 1796 4650; x_wconf 86' lang='grc' dir='ltr'>εἶχε</span> <span class='ocrx_word' id='word_1_550' title='bbox 1842 4577 2129 4653; x_wconf 87' lang='grc' dir='ltr'>ἀμύνεσθαι</span> 
     </span>
    </p>
   </div>
   <div class='ocr_carea' id='block_1_73' title="bbox 537 4658 2130 4739">
    <p class='ocr_par' dir='ltr' id='par_1_73' title="bbox 537 4658 2130 4739">
     <span class='ocr_line' id='line_1_73' title="bbox 537 4658 2130 4739; baseline 0.011 -32"><span class='ocrx_word' id='word_1_551' title='bbox 537 4662 795 4717; x_wconf 81' lang='grc' dir='ltr'>καὶ,,,,.</span> <span class='ocrx_word' id='word_1_552' title='bbox 882 4658 1023 4731; x_wconf 80' lang='grc' dir='ltr'>αύτῷ</span> <span class='ocrx_word' id='word_1_553' title='bbox 1104 4659 1241 4732; x_wconf 79' lang='grc' dir='ltr'>ζήλῳ</span> <span class='ocrx_word' id='word_1_554' title='bbox 1306 4664 1554 4735; x_wconf 80' lang='grc' dir='ltr'>παραθεὶς</span> <span class='ocrx_word' id='word_1_555' title='bbox 1629 4671 1720 4719; x_wconf 84' lang='grc' dir='ltr'>καὶ</span> <span class='ocrx_word' id='word_1_556' title='bbox 1787 4668 1962 4739; x_wconf 74' lang='grc' dir='ltr'>αὐτὸς,</span> <span class='ocrx_word' id='word_1_557' title='bbox 2035 4679 2130 4733; x_wconf 90' lang='grc' dir='ltr'>τῆς</span> 
     </span>
    </p>
   </div>
   <div class='ocr_carea' id='block_1_74' title="bbox 534 4746 2132 4832">
    <p class='ocr_par' dir='ltr' id='par_1_74' title="bbox 534 4746 2132 4832">
     <span class='ocr_line' id='line_1_74' title="bbox 534 4746 2132 4832; baseline 0.005 -30"><span class='ocrx_word' id='word_1_558' title='bbox 534 4752 692 4825; x_wconf 90' lang='grc' dir='ltr'>κόρης</span> <span class='ocrx_word' id='word_1_559' title='bbox 748 4746 798 4802; x_wconf 89' lang='grc' dir='ltr'>δ’</span> <span class='ocrx_word' id='word_1_560' title='bbox 845 4747 1239 4822; x_wconf 88' lang='grc' dir='ltr'>ἀντιλαϐόμενος</span> <span class='ocrx_word' id='word_1_561' title='bbox 1306 4751 1493 4806; x_wconf 83' lang='grc' dir='ltr'>οἰκείαν</span> <span class='ocrx_word' id='word_1_562' title='bbox 1576 4758 1749 4814; x_wconf 81' lang='grc' dir='ltr'>οἴηται</span> <span class='ocrx_word' id='word_1_563' title='bbox 1798 4762 1992 4818; x_wconf 88' lang='grc' dir='ltr'>ταύτην</span> <span class='ocrx_word' id='word_1_564' title='bbox 2038 4781 2132 4832; x_wconf 84' lang='grc' dir='ltr'>γα-</span> 
     </span>
    </p>
   </div>
   <div class='ocr_carea' id='block_1_75' title="bbox 535 4837 2131 4922">
    <p class='ocr_par' dir='ltr' id='par_1_75' title="bbox 535 4837 2131 4922">
     <span class='ocr_line' id='line_1_75' title="bbox 535 4837 2131 4922; baseline 0.007 -30"><span class='ocrx_word' id='word_1_565' title='bbox 535 4844 716 4912; x_wconf 82' lang='grc' dir='ltr'>μετήν,</span> <span class='ocrx_word' id='word_1_566' title='bbox 784 4837 1051 4914; x_wconf 74' lang='grc' dir='ltr'>ἐκεκράγει</span> <span class='ocrx_word' id='word_1_567' title='bbox 1127 4844 1217 4892; x_wconf 85' lang='grc' dir='ltr'>καὶ</span> <span class='ocrx_word' id='word_1_568' title='bbox 1270 4842 1339 4902; x_wconf 86' lang='grc' dir='ltr'>ὡς</span> <span class='ocrx_word' id='word_1_569' title='bbox 1390 4846 1623 4916; x_wconf 87' lang='grc' dir='ltr'>συζύγου</span> <span class='ocrx_word' id='word_1_570' title='bbox 1697 4842 2131 4922; x_wconf 82' lang='grc' dir='ltr'>διαζευγνύμενος</span> 
     </span>
    </p>
   </div>
   <div class='ocr_carea' id='block_1_76' title="bbox 535 4924 2134 5002">
    <p class='ocr_par' dir='ltr' id='par_1_76' title="bbox 535 4924 2134 5002">
     <span class='ocr_line' id='line_1_76' title="bbox 535 4924 2134 5002; baseline 0.008 -22"><span class='ocrx_word' id='word_1_571' title='bbox 535 4932 626 4981; x_wconf 89' lang='grc' dir='ltr'>καί</span> <span class='ocrx_word' id='word_1_572' title='bbox 655 4931 720 4980; x_wconf 88' lang='lat'>16:</span> <span class='ocrx_word' id='word_1_573' title='bbox 760 4924 1034 4981; x_wconf 84' lang='grc' dir='ltr'>δεινότατα</span> <span class='ocrx_word' id='word_1_574' title='bbox 1074 4929 1304 5001; x_wconf 87' lang='grc' dir='ltr'>πάσχων</span> <span class='ocrx_word' id='word_1_575' title='bbox 1358 4929 1682 5002; x_wconf 76' lang='grc' dir='ltr'>ἐσχετλίαζε,</span> <span class='ocrx_word' id='word_1_576' title='bbox 1715 4940 1805 4987; x_wconf 83' lang='grc' dir='ltr'>καὶ</span> <span class='ocrx_word' id='word_1_577' title='bbox 1835 4937 1930 4989; x_wconf 76' lang='grc' dir='ltr'>οὐκ</span> <span class='ocrx_word' id='word_1_578' title='bbox 1979 4937 2134 5000; x_wconf 86' lang='grc' dir='ltr'>ἀνῆκε</span> 
     </span>
    </p>
   </div>
   <div class='ocr_carea' id='block_1_77' title="bbox 537 5015 2134 5091">
    <p class='ocr_par' dir='ltr' id='par_1_77' title="bbox 537 5015 2134 5091">
     <span class='ocr_line' id='line_1_77' title="bbox 537 5015 2134 5091; baseline 0.007 -21"><span class='ocrx_word' id='word_1_579' title='bbox 537 5019 728 5075; x_wconf 88' lang='grc' dir='ltr'>ταύτην</span> <span class='ocrx_word' id='word_1_580' title='bbox 760 5015 918 5090; x_wconf 86' lang='grc' dir='ltr'>ἀπρὶξ</span> <span class='ocrx_word' id='word_1_581' title='bbox 962 5015 1267 5091; x_wconf 75' lang='grc' dir='ltr'>ἀμφοτέραις</span> <span class='ocrx_word' id='word_1_582' title='bbox 1319 5023 1558 5091; x_wconf 81' lang='grc' dir='ltr'>κατέχων</span> <span class='ocrx_word' id='word_1_583' title='bbox 1609 5026 1700 5074; x_wconf 81' lang='grc' dir='ltr'>καὶ</span> <span class='ocrx_word' id='word_1_584' title='bbox 1753 5021 2005 5080; x_wconf 86' lang='grc' dir='ltr'>ἀνθέλκων</span> <span class='ocrx_word' id='word_1_585' title='bbox 2043 5032 2134 5081; x_wconf 84' lang='grc' dir='ltr'>καὶ</span> 
     </span>
    </p>
   </div>
   <div class='ocr_carea' id='block_1_78' title="bbox 535 5104 2135 5190">
    <p class='ocr_par' dir='ltr' id='par_1_78' title="bbox 535 5104 2135 5190">
     <span class='ocr_line' id='line_1_78' title="bbox 535 5104 2135 5190; baseline 0.008 -31"><span class='ocrx_word' id='word_1_586' title='bbox 535 5109 667 5181; x_wconf 86' lang='grc' dir='ltr'>πρὸς</span> <span class='ocrx_word' id='word_1_587' title='bbox 709 5104 950 5178; x_wconf 82' lang='grc' dir='ltr'>πολέμιον</span> <span class='ocrx_word' id='word_1_588' title='bbox 1007 5109 1158 5179; x_wconf 75' lang='grc' dir='ltr'>ἔρωτι</span> <span class='ocrx_word' id='word_1_589' title='bbox 1208 5108 1450 5178; x_wconf 78' lang='grc' dir='ltr'>μεθύοντι</span> <span class='ocrx_word' id='word_1_590' title='bbox 1500 5114 1590 5162; x_wconf 88' lang='grc' dir='ltr'>καὶ</span> <span class='ocrx_word' id='word_1_591' title='bbox 1641 5113 1786 5185; x_wconf 81' lang='grc' dir='ltr'>θυμῷ</span> <span class='ocrx_word' id='word_1_592' title='bbox 1834 5121 2135 5190; x_wconf 87' lang='grc' dir='ltr'>μαινόμενον</span> 
     </span>
    </p>
   </div>
   <div class='ocr_carea' id='block_1_79' title="bbox 535 5196 2136 5282">
    <p class='ocr_par' dir='ltr' id='par_1_79' title="bbox 535 5196 2136 5282">
     <span class='ocr_line' id='line_1_79' title="bbox 535 5196 2136 5282; baseline 0.007 -34"><span class='ocrx_word' id='word_1_593' title='bbox 535 5198 1054 5269; x_wconf 88' lang='grc' dir='ltr'>παγκρατιαζόμενος</span> <span class='ocrx_word' id='word_1_594' title='bbox 1137 5196 1226 5256; x_wconf 84' lang='grc' dir='ltr'>ἓως</span> <span class='ocrx_word' id='word_1_595' title='bbox 1299 5205 1398 5248; x_wconf 87' lang='grc' dir='ltr'>τῶν</span> <span class='ocrx_word' id='word_1_596' title='bbox 1464 5196 1653 5270; x_wconf 81' lang='grc' dir='ltr'>βιαίων</span> <span class='ocrx_word' id='word_1_597' title='bbox 1699 5200 1890 5256; x_wconf 81' lang='grc' dir='ltr'>ἐκείνου</span> <span class='ocrx_word' id='word_1_598' title='bbox 1942 5217 2136 5282; x_wconf 86' lang='grc' dir='ltr'>χειρῶν</span> 
     </span>
    </p>
   </div>
   <div class='ocr_carea' id='block_1_80' title="bbox 536 5283 2132 5366">
    <p class='ocr_par' dir='ltr' id='par_1_80' title="bbox 536 5283 2132 5366">
     <span class='ocr_line' id='line_1_80' title="bbox 536 5283 2132 5366; baseline 0.01 -32"><span class='ocrx_word' id='word_1_599' title='bbox 536 5288 631 5344; x_wconf 83' lang='grc' dir='ltr'>τήν</span> <span class='ocrx_word' id='word_1_600' title='bbox 683 5287 933 5360; x_wconf 85' lang='grc' dir='ltr'>παρθένον</span> <span class='ocrx_word' id='word_1_601' title='bbox 995 5283 1170 5347; x_wconf 82' lang='grc' dir='ltr'>ἐξελὼν</span> <span class='ocrx_word' id='word_1_602' title='bbox 1217 5293 1289 5356; x_wconf 83' lang='grc' dir='ltr'>τῷ</span> <span class='ocrx_word' id='word_1_603' title='bbox 1341 5290 1541 5340; x_wconf 89' lang='grc' dir='ltr'>τεκόντι</span> <span class='ocrx_word' id='word_1_604' title='bbox 1591 5293 1841 5366; x_wconf 85' lang='grc' dir='ltr'>παρθένον</span> <span class='ocrx_word' id='word_1_605' title='bbox 1898 5293 2132 5359; x_wconf 79' lang='grc' dir='ltr'>ἐξέδωκε.</span> 
     </span>
    </p>
   </div>
   <div class='ocr_carea' id='block_1_81' title="bbox 538 5371 2136 5453">
    <p class='ocr_par' dir='ltr' id='par_1_81' title="bbox 538 5371 2136 5453">
     <span class='ocr_line' id='line_1_81' title="bbox 538 5371 2136 5453; baseline 0.007 -26"><span class='ocrx_word' id='word_1_606' title='bbox 538 5377 748 5449; x_wconf 90' lang='grc' dir='ltr'>Παρίτω</span> <span class='ocrx_word' id='word_1_607' title='bbox 811 5381 899 5426; x_wconf 81' lang='grc' dir='ltr'>νῦν</span> <span class='ocrx_word' id='word_1_608' title='bbox 947 5371 1156 5432; x_wconf 91' lang='grc' dir='ltr'>κάκείνη</span> <span class='ocrx_word' id='word_1_609' title='bbox 1212 5380 1302 5428; x_wconf 84' lang='grc' dir='ltr'>καὶ</span> <span class='ocrx_word' id='word_1_610' title='bbox 1372 5379 1466 5429; x_wconf 83' lang='grc' dir='ltr'>σὺν</span> <span class='ocrx_word' id='word_1_611' title='bbox 1512 5389 1729 5453; x_wconf 85' lang='grc' dir='ltr'>κωκυτῷ</span> <span class='ocrx_word' id='word_1_612' title='bbox 1785 5381 2136 5450; x_wconf 83' lang='grc' dir='ltr'>ἀνολολυξάτω</span> 
     </span>
    </p>
   </div>
   <div class='ocr_carea' id='block_1_82' title="bbox 536 5461 2136 5543">
    <p class='ocr_par' dir='ltr' id='par_1_82' title="bbox 536 5461 2136 5543">
     <span class='ocr_line' id='line_1_82' title="bbox 536 5461 2136 5543; baseline 0.003 -28"><span class='ocrx_word' id='word_1_613' title='bbox 536 5466 628 5515; x_wconf 84' lang='grc' dir='ltr'>καὶ</span> <span class='ocrx_word' id='word_1_614' title='bbox 676 5461 1034 5517; x_wconf 75' lang='grc' dir='ltr'>ἀνακαλείσθω</span> <span class='ocrx_word' id='word_1_615' title='bbox 1099 5467 1188 5518; x_wconf 86' lang='grc' dir='ltr'>τόν</span> <span class='ocrx_word' id='word_1_616' title='bbox 1243 5466 1744 5543; x_wconf 80' lang='grc' dir='ltr'>ύπερμεμαχημένον</span> <span class='ocrx_word' id='word_1_617' title='bbox 1817 5474 1976 5538; x_wconf 71' lang='grc' dir='ltr'>αὐτῆς</span> <span class='ocrx_word' id='word_1_618' title='bbox 2025 5496 2136 5530; x_wconf 87' lang='grc' dir='ltr'>σω..</span> 
     </span>
    </p>
   </div>
   <div class='ocr_carea' id='block_1_83' title="bbox 537 5550 2136 5640">
    <p class='ocr_par' dir='ltr' id='par_1_83' title="bbox 537 5550 2136 5640">
     <span class='ocr_line' id='line_1_83' title="bbox 537 5550 2136 5640; baseline 0.012 -37"><span class='ocrx_word' id='word_1_619' title='bbox 537 5558 696 5625; x_wconf 90' lang='grc' dir='ltr'>τῆρα,</span> <span class='ocrx_word' id='word_1_620' title='bbox 746 5553 835 5604; x_wconf 89' lang='grc' dir='ltr'>τὸν</span> <span class='ocrx_word' id='word_1_621' title='bbox 888 5551 1088 5627; x_wconf 86' lang='grc' dir='ltr'>ῥυστην</span> <span class='ocrx_word' id='word_1_622' title='bbox 1140 5550 1428 5640; x_wconf 79' lang='grc' dir='ltr'>ἀπαγωγῆς</span> <span class='ocrx_word' id='word_1_623' title='bbox 1466 5562 1557 5612; x_wconf 81' lang='grc' dir='ltr'>καὶ</span> <span class='ocrx_word' id='word_1_624' title='bbox 1605 5563 1902 5635; x_wconf 85' lang='grc' dir='ltr'>προστάτου</span> <span class='ocrx_word' id='word_1_625' title='bbox 1941 5569 2136 5640; x_wconf 82' lang='grc' dir='ltr'>παρθε-</span> 
     </span>
    </p>
   </div>
   <div class='ocr_carea' id='block_1_84' title="bbox 536 5639 2134 5738">
    <p class='ocr_par' dir='ltr' id='par_1_84' title="bbox 536 5639 2134 5738">
     <span class='ocr_line' id='line_1_84' title="bbox 536 5639 2134 5738; baseline 0.014 -45"><span class='ocrx_word' id='word_1_626' title='bbox 536 5643 648 5738; x_wconf 76' lang='grc' dir='ltr'>νίας</span> <span class='ocrx_word' id='word_1_627' title='bbox 692 5644 783 5700; x_wconf 81' lang='grc' dir='ltr'>καὶ</span> <span class='ocrx_word' id='word_1_628' title='bbox 831 5640 1083 5722; x_wconf 73' lang='grc' dir='ltr'>ἀφθορίας</span> <span class='ocrx_word' id='word_1_629' title='bbox 1147 5639 1375 5738; x_wconf 72' lang='grc' dir='ltr'>φύλακαῖ</span> <span class='ocrx_word' id='word_1_630' title='bbox 1419 5644 1488 5701; x_wconf 87' lang='grc' dir='ltr'>Ὢ.</span> <span class='ocrx_word' id='word_1_631' title='bbox 1531 5653 1787 5738; x_wconf 78' lang='grc' dir='ltr'>μεγίστου</span> <span class='ocrx_word' id='word_1_632' title='bbox 1835 5651 1992 5738; x_wconf 77' lang='grc' dir='ltr'>τοῦδε</span> <span class='ocrx_word' id='word_1_633' title='bbox 2017 5639 2134 5720; x_wconf 70' lang='grc' dir='ltr'>καὶ</span> 
     </span>
    </p>
   </div>
   <div class='ocr_carea' id='block_1_85' title="bbox 2235 4584 2573 4656">
    <p class='ocr_par' dir='ltr' id='par_1_85' title="bbox 2235 4584 2573 4656">
     <span class='ocr_line' id='line_1_85' title="bbox 2235 4584 2573 4656; baseline -0.006 -20"><span class='ocrx_word' id='word_1_634' title='bbox 2235 4584 2305 4645; x_wconf 87' lang='grc' dir='ltr'>ὣς</span> <span class='ocrx_word' id='word_1_635' title='bbox 2335 4602 2493 4656; x_wconf 84' lang='grc' dir='ltr'>φησιν</span> <span class='ocrx_word' id='word_1_636' title='bbox 2547 4584 2573 4635; x_wconf 90' lang='lat'>6</span> 
     </span>
    </p>
   </div>
   <div class='ocr_carea' id='block_1_86' title="bbox 2235 4665 3852 4746">
    <p class='ocr_par' dir='ltr' id='par_1_86' title="bbox 2235 4665 3852 4746">
     <span class='ocr_line' id='line_1_86' title="bbox 2235 4665 3852 4746; baseline -0.005 -20"><span class='ocrx_word' id='word_1_637' title='bbox 2235 4677 2441 4746; x_wconf 79' lang='grc' dir='ltr'>κειμένη</span> <span class='ocrx_word' id='word_1_638' title='bbox 2473 4675 2533 4724; x_wconf 91' lang='grc' dir='ltr'>τὸ</span> <span class='ocrx_word' id='word_1_639' title='bbox 2574 4670 2625 4735; x_wconf 79' lang='grc' dir='ltr'>ἐξ</span> <span class='ocrx_word' id='word_1_640' title='bbox 2673 4669 2908 4732; x_wconf 84' lang='grc' dir='ltr'>ἀσεϐείας</span> <span class='ocrx_word' id='word_1_641' title='bbox 2953 4665 3170 4741; x_wconf 85' lang='grc' dir='ltr'>αἶσχος,</span> <span class='ocrx_word' id='word_1_642' title='bbox 3224 4666 3471 4738; x_wconf 77' lang='grc' dir='ltr'>Μέλαινα,</span> <span class='ocrx_word' id='word_1_643' title='bbox 3532 4672 3676 4738; x_wconf 81' lang='grc' dir='ltr'>φησί</span> <span class='ocrx_word' id='word_1_644' title='bbox 3736 4687 3852 4737; x_wconf 81' lang='grc' dir='ltr'>που,</span> 
     </span>
    </p>
   </div>
   <div class='ocr_carea' id='block_1_87' title="bbox 2243 2519 3874 2602">
    <p class='ocr_par' dir='ltr' id='par_1_87' title="bbox 2243 2519 3874 2602">
     <span class='ocr_line' id='line_1_87' title="bbox 2243 2519 3874 2602; baseline -0.001 -26"><span class='ocrx_word' id='word_1_645' title='bbox 2243 2519 2303 2577; x_wconf 71' lang='grc' dir='ltr'>δε</span> <span class='ocrx_word' id='word_1_646' title='bbox 2333 2528 2426 2584; x_wconf 81' lang='grc' dir='ltr'>τήν</span> <span class='ocrx_word' id='word_1_647' title='bbox 2457 2527 2708 2602; x_wconf 78' lang='grc' dir='ltr'>παρθένον</span> <span class='ocrx_word' id='word_1_648' title='bbox 2746 2530 2836 2578; x_wconf 84' lang='grc' dir='ltr'>καὶ</span> <span class='ocrx_word' id='word_1_649' title='bbox 2873 2529 3031 2599; x_wconf 84' lang='grc' dir='ltr'>μήπω</span> <span class='ocrx_word' id='word_1_650' title='bbox 3069 2530 3292 2596; x_wconf 81' lang='grc' dir='ltr'>γυναῖκα</span> <span class='ocrx_word' id='word_1_651' title='bbox 3347 2522 3618 2595; x_wconf 81' lang='grc' dir='ltr'>ὠνόμαζεν</span> <span class='ocrx_word' id='word_1_652' title='bbox 3679 2521 3874 2575; x_wconf 70' lang='grc' dir='ltr'>ἑαυτοῦ</span> 
     </span>
    </p>
   </div>
   <div class='ocr_carea' id='block_1_88' title="bbox 2243 2612 3874 2692">
    <p class='ocr_par' dir='ltr' id='par_1_88' title="bbox 2243 2612 3874 2692">
     <span class='ocr_line' id='line_1_88' title="bbox 2243 2612 3874 2692; baseline -0.001 -26"><span class='ocrx_word' id='word_1_653' title='bbox 2243 2619 2332 2668; x_wconf 83' lang='grc' dir='ltr'>καὶ</span> <span class='ocrx_word' id='word_1_654' title='bbox 2405 2619 2532 2692; x_wconf 85' lang='grc' dir='ltr'>πρὸς</span> <span class='ocrx_word' id='word_1_655' title='bbox 2615 2615 2797 2669; x_wconf 89' lang='grc' dir='ltr'>ἐαυτὸν</span> <span class='ocrx_word' id='word_1_656' title='bbox 2845 2614 3106 2670; x_wconf 81' lang='grc' dir='ltr'>ἐπεσπᾶτο</span> <span class='ocrx_word' id='word_1_657' title='bbox 3179 2612 3631 2685; x_wconf 83' lang='grc' dir='ltr'>ἀντιποιούμενος,</span> <span class='ocrx_word' id='word_1_658' title='bbox 3685 2617 3788 2665; x_wconf 77' lang='grc' dir='ltr'>καὶ</span> <span class='ocrx_word' id='word_1_659' title='bbox 3834 2613 3874 2664; x_wconf 85' lang='grc' dir='ltr'>εὶ</span> 
     </span>
    </p>
   </div>
   <div class='ocr_carea' id='block_1_89' title="bbox 2243 2697 3872 2778">
    <p class='ocr_par' dir='ltr' id='par_1_89' title="bbox 2243 2697 3872 2778">
     <span class='ocr_line' id='line_1_89' title="bbox 2243 2697 3872 2778; baseline -0.004 -20"><span class='ocrx_word' id='word_1_660' title='bbox 2243 2705 2410 2758; x_wconf 84' lang='grc' dir='ltr'>θανεῖν</span> <span class='ocrx_word' id='word_1_661' title='bbox 2494 2701 2698 2773; x_wconf 82' lang='grc' dir='ltr'>δεήσοι,</span> <span class='ocrx_word' id='word_1_662' title='bbox 2752 2709 2822 2778; x_wconf 89' lang='grc' dir='ltr'>μή</span> <span class='ocrx_word' id='word_1_663' title='bbox 2895 2703 3240 2778; x_wconf 88' lang='grc' dir='ltr'>ἀναινόμενος.</span> <span class='ocrx_word' id='word_1_664' title='bbox 3297 2702 3360 2756; x_wconf 85' lang='grc' dir='ltr'><strong>Εἰ</strong></span> <span class='ocrx_word' id='word_1_665' title='bbox 3415 2697 3476 2754; x_wconf 72' lang='grc' dir='ltr'>δὲ</span> <span class='ocrx_word' id='word_1_666' title='bbox 3518 2706 3621 2754; x_wconf 85' lang='grc' dir='ltr'>καὶ</span> <span class='ocrx_word' id='word_1_667' title='bbox 3673 2701 3872 2758; x_wconf 70' lang='grc' dir='ltr'>Δανιὴλ</span> 
     </span>
    </p>
   </div>
   <div class='ocr_carea' id='block_1_90' title="bbox 2243 2791 3871 2868">
    <p class='ocr_par' dir='ltr' id='par_1_90' title="bbox 2243 2791 3871 2868">
     <span class='ocr_line' id='line_1_90' title="bbox 2243 2791 3871 2868; baseline -0.003 -21"><span class='ocrx_word' id='word_1_668' title='bbox 2243 2794 2401 2856; x_wconf 84' lang='grc' dir='ltr'>σώζει</span> <span class='ocrx_word' id='word_1_669' title='bbox 2473 2796 2741 2848; x_wconf 87' lang='grc' dir='ltr'>Σωσάνναν</span> <span class='ocrx_word' id='word_1_670' title='bbox 2815 2792 3063 2868; x_wconf 72' lang='grc' dir='ltr'>ἐπιμένων</span> <span class='ocrx_word' id='word_1_671' title='bbox 3139 2791 3329 2867; x_wconf 89' lang='grc' dir='ltr'>βιαίων</span> <span class='ocrx_word' id='word_1_672' title='bbox 3377 2792 3618 2866; x_wconf 85' lang='grc' dir='ltr'>ἐραστῶν</span> <span class='ocrx_word' id='word_1_673' title='bbox 3663 2809 3726 2844; x_wconf 84' lang='grc' dir='ltr'>τε</span> <span class='ocrx_word' id='word_1_674' title='bbox 3787 2797 3871 2843; x_wconf 80' lang='grc' dir='ltr'>καὶ</span> 
     </span>
    </p>
   </div>
   <div class='ocr_carea' id='block_1_91' title="bbox 2238 2876 3868 2957">
    <p class='ocr_par' dir='ltr' id='par_1_91' title="bbox 2238 2876 3868 2957">
     <span class='ocr_line' id='line_1_91' title="bbox 2238 2876 3868 2957; baseline -0.003 -20"><span class='ocrx_word' id='word_1_675' title='bbox 2238 2887 2539 2957; x_wconf 85' lang='grc' dir='ltr'>περανόμων</span> <span class='ocrx_word' id='word_1_676' title='bbox 2597 2880 2884 2950; x_wconf 84' lang='grc' dir='ltr'>δικαστῶν,</span> <span class='ocrx_word' id='word_1_677' title='bbox 2938 2881 3067 2936; x_wconf 88' lang='grc' dir='ltr'>ἀλλά</span> <span class='ocrx_word' id='word_1_678' title='bbox 3110 2883 3348 2942; x_wconf 90' lang='grc' dir='ltr'>καθῆστο</span> <span class='ocrx_word' id='word_1_679' title='bbox 3401 2876 3437 2933; x_wconf 89' lang='grc' dir='ltr'>δ</span> <span class='ocrx_word' id='word_1_680' title='bbox 3443 2884 3679 2941; x_wconf 76' lang='grc' dir='ltr'>ικαστῆς</span> 
     </span>
    </p>
   </div>
   <div class='ocr_carea' id='block_1_92' title="bbox 2239 2967 3868 3049">
    <p class='ocr_par' dir='ltr' id='par_1_92' title="bbox 2239 2967 3868 3049">
     <span class='ocr_line' id='line_1_92' title="bbox 2239 2967 3868 3049; baseline -0.001 -25"><span class='ocrx_word' id='word_1_681' title='bbox 2239 2990 2384 3049; x_wconf 90' lang='grc' dir='ltr'>τερον</span> <span class='ocrx_word' id='word_1_682' title='bbox 2451 2975 2540 3026; x_wconf 79' lang='grc' dir='ltr'>καὶ</span> <span class='ocrx_word' id='word_1_683' title='bbox 2622 2969 2960 3047; x_wconf 87' lang='grc' dir='ltr'>διελάμϐανεν</span> <span class='ocrx_word' id='word_1_684' title='bbox 3033 2970 3120 3025; x_wconf 87' lang='grc' dir='ltr'>ἀπ’</span> <span class='ocrx_word' id='word_1_685' title='bbox 3175 2969 3398 3030; x_wconf 82' lang='grc' dir='ltr'>ἀλλήλων</span> <span class='ocrx_word' id='word_1_686' title='bbox 3452 2973 3580 3032; x_wconf 87' lang='grc' dir='ltr'>τούς</span> <span class='ocrx_word' id='word_1_687' title='bbox 3634 2967 3868 3042; x_wconf 82' lang='grc' dir='ltr'>βιαστος</span> 
     </span>
    </p>
   </div>
   <div class='ocr_carea' id='block_1_93' title="bbox 2240 3058 3867 3136">
    <p class='ocr_par' dir='ltr' id='par_1_93' title="bbox 2240 3058 3867 3136">
     <span class='ocr_line' id='line_1_93' title="bbox 2240 3058 3867 3136; baseline -0.003 -22"><span class='ocrx_word' id='word_1_688' title='bbox 2240 3066 2332 3115; x_wconf 81' lang='grc' dir='ltr'>καὶ</span> <span class='ocrx_word' id='word_1_689' title='bbox 2373 3061 2469 3116; x_wconf 88' lang='grc' dir='ltr'>ἀνά</span> <span class='ocrx_word' id='word_1_690' title='bbox 2520 3067 2676 3136; x_wconf 86' lang='grc' dir='ltr'>μέρος</span> <span class='ocrx_word' id='word_1_691' title='bbox 2705 3063 3013 3116; x_wconf 86' lang='grc' dir='ltr'>ἐπυνθάνετο</span> <span class='ocrx_word' id='word_1_692' title='bbox 3042 3065 3133 3114; x_wconf 86' lang='grc' dir='ltr'>καὶ</span> <span class='ocrx_word' id='word_1_693' title='bbox 3184 3067 3291 3121; x_wconf 85' lang='grc' dir='ltr'>τοῖς</span> <span class='ocrx_word' id='word_1_694' title='bbox 3341 3066 3483 3132; x_wconf 83' lang='grc' dir='ltr'>σφῶν</span> <span class='ocrx_word' id='word_1_695' title='bbox 3536 3058 3725 3111; x_wconf 64' lang='grc' dir='ltr'>αὐτῶν</span> <span class='ocrx_word' id='word_1_696' title='bbox 3778 3061 3867 3134; x_wconf 72' lang='grc' dir='ltr'>ῥέ-</span> 
     </span>
    </p>
   </div>
   <div class='ocr_carea' id='block_1_94' title="bbox 1594 3144 3862 3236">
    <p class='ocr_par' dir='ltr' id='par_1_94' title="bbox 1594 3144 3862 3236">
     <span class='ocr_line' id='line_1_94' title="bbox 1594 3144 3862 3236; baseline -0.002 -29"><span class='ocrx_word' id='word_1_697' title='bbox 1594 3149 1686 3196; x_wconf 77' lang='grc' dir='ltr'><strong>καὶ</strong></span> <span class='ocrx_word' id='word_1_698' title='bbox 1744 3147 1837 3207; x_wconf 77' lang='grc' dir='ltr'>τὰς</span> <span class='ocrx_word' id='word_1_699' title='bbox 1895 3144 2133 3208; x_wconf 76' lang='grc' dir='ltr'>αἰτήσεις</span> <span class='ocrx_word' id='word_1_700' title='bbox 2171 3180 2212 3236; x_wconf 76' lang='lat' dir='ltr'>C</span> <span class='ocrx_word' id='word_1_701' title='bbox 2241 3170 2403 3224; x_wconf 85' lang='grc' dir='ltr'>μασιν</span> <span class='ocrx_word' id='word_1_702' title='bbox 2448 3151 2820 3227; x_wconf 81' lang='grc' dir='ltr'>ἁλισκομένους</span> <span class='ocrx_word' id='word_1_703' title='bbox 2874 3150 3103 3225; x_wconf 80' lang='grc' dir='ltr'>ἐλέγχων</span> <span class='ocrx_word' id='word_1_704' title='bbox 3155 3149 3321 3211; x_wconf 86' lang='grc' dir='ltr'>λίθοις</span> <span class='ocrx_word' id='word_1_705' title='bbox 3372 3146 3588 3222; x_wconf 87' lang='grc' dir='ltr'>βάλλειν</span> <span class='ocrx_word' id='word_1_706' title='bbox 3647 3147 3862 3214; x_wconf 77' lang='grc' dir='ltr'>ἐκέλευε,</span> 
     </span>
    </p>
   </div>
   <div class='ocr_carea' id='block_1_95' title="bbox 2239 3234 3864 3317">
    <p class='ocr_par' dir='ltr' id='par_1_95' title="bbox 2239 3234 3864 3317">
     <span class='ocr_line' id='line_1_95' title="bbox 2239 3234 3864 3317; baseline -0.004 -23"><span class='ocrx_word' id='word_1_707' title='bbox 2239 3245 2329 3294; x_wconf 80' lang='grc' dir='ltr'>καὶ</span> <span class='ocrx_word' id='word_1_708' title='bbox 2355 3241 2489 3294; x_wconf 79' lang='grc' dir='ltr'>οὕτω</span> <span class='ocrx_word' id='word_1_709' title='bbox 2527 3246 2620 3302; x_wconf 82' lang='grc' dir='ltr'>τὴν</span> <span class='ocrx_word' id='word_1_710' title='bbox 2680 3243 2920 3317; x_wconf 79' lang='grc' dir='ltr'>σώφρονά</span> <span class='ocrx_word' id='word_1_711' title='bbox 2971 3245 3274 3316; x_wconf 90' lang='grc' dir='ltr'>παρανόμου</span> <span class='ocrx_word' id='word_1_712' title='bbox 3333 3234 3643 3300; x_wconf 83' lang='grc' dir='ltr'>καταδίκης</span> <span class='ocrx_word' id='word_1_713' title='bbox 3703 3237 3864 3296; x_wconf 69' lang='grc' dir='ltr'>ἀπήλ-</span> 
     </span>
    </p>
   </div>
   <div class='ocr_carea' id='block_1_96' title="bbox 2237 3322 3860 3405">
    <p class='ocr_par' dir='ltr' id='par_1_96' title="bbox 2237 3322 3860 3405">
     <span class='ocr_line' id='line_1_96' title="bbox 2237 3322 3860 3405; baseline -0.004 -23"><span class='ocrx_word' id='word_1_714' title='bbox 2237 3322 2408 3385; x_wconf 84' lang='grc' dir='ltr'>λαττε.</span> <span class='ocrx_word' id='word_1_715' title='bbox 2437 3333 2505 3384; x_wconf 90' lang='lat' dir='ltr'><strong><em>T6</em></strong></span> <span class='ocrx_word' id='word_1_716' title='bbox 2551 3325 2603 3383; x_wconf 83' lang='grc' dir='ltr'>δ’</span> <span class='ocrx_word' id='word_1_717' title='bbox 2634 3332 2754 3404; x_wconf 77' lang='grc' dir='ltr'>ἐμόν</span> <span class='ocrx_word' id='word_1_718' title='bbox 2811 3330 3059 3405; x_wconf 85' lang='grc' dir='ltr'>ὡράῐσμα</span> <span class='ocrx_word' id='word_1_719' title='bbox 3104 3331 3130 3382; x_wconf 91' lang='grc' dir='ltr'>ό</span> <span class='ocrx_word' id='word_1_720' title='bbox 3187 3327 3305 3382; x_wconf 91' lang='grc' dir='ltr'>καθ’</span> <span class='ocrx_word' id='word_1_721' title='bbox 3361 3327 3498 3400; x_wconf 77' lang='grc' dir='ltr'>ἡμᾶς</span> <span class='ocrx_word' id='word_1_722' title='bbox 3539 3336 3652 3379; x_wconf 79' lang='grc' dir='ltr'>τῶν</span> <span class='ocrx_word' id='word_1_723' title='bbox 3712 3325 3860 3380; x_wconf 78' lang='grc' dir='ltr'>ἐπιθυ</span> 
     </span>
    </p>
   </div>
   <div class='ocr_carea' id='block_1_97' title="bbox 2239 3414 3862 3495">
    <p class='ocr_par' dir='ltr' id='par_1_97' title="bbox 2239 3414 3862 3495">
     <span class='ocr_line' id='line_1_97' title="bbox 2239 3414 3862 3495; baseline -0.001 -24"><span class='ocrx_word' id='word_1_724' title='bbox 2239 3427 2371 3492; x_wconf 88' lang='grc' dir='ltr'>μιῶν</span> <span class='ocrx_word' id='word_1_725' title='bbox 2401 3420 2551 3482; x_wconf 81' lang='grc' dir='ltr'>οὗτος</span> <span class='ocrx_word' id='word_1_726' title='bbox 2585 3418 2714 3495; x_wconf 87' lang='grc' dir='ltr'>ἀνήρ</span> <span class='ocrx_word' id='word_1_727' title='bbox 2754 3419 2814 3472; x_wconf 83' lang='grc' dir='ltr'>ού</span> <span class='ocrx_word' id='word_1_728' title='bbox 2871 3415 3105 3482; x_wconf 85' lang='grc' dir='ltr'>δικάζων</span> <span class='ocrx_word' id='word_1_729' title='bbox 3153 3421 3218 3480; x_wconf 85' lang='grc' dir='ltr'>ὡς</span> <span class='ocrx_word' id='word_1_730' title='bbox 3270 3416 3479 3481; x_wconf 74' lang='grc' dir='ltr'>Δανιὴλ,</span> <span class='ocrx_word' id='word_1_731' title='bbox 3547 3415 3690 3469; x_wconf 81' lang='grc' dir='ltr'>ἀλλά</span> <span class='ocrx_word' id='word_1_732' title='bbox 3743 3414 3862 3488; x_wconf 81' lang='grc' dir='ltr'>βίας</span> 
     </span>
    </p>
   </div>
   <div class='ocr_carea' id='block_1_98' title="bbox 2240 3501 3857 3586">
    <p class='ocr_par' dir='ltr' id='par_1_98' title="bbox 2240 3501 3857 3586">
     <span class='ocr_line' id='line_1_98' title="bbox 2240 3501 3857 3586; baseline -0.003 -24"><span class='ocrx_word' id='word_1_733' title='bbox 2240 3519 2500 3584; x_wconf 83' lang='grc' dir='ltr'>μοιχικῆς</span> <span class='ocrx_word' id='word_1_734' title='bbox 2549 3514 2874 3586; x_wconf 83' lang='grc' dir='ltr'>γραφόμενος</span> <span class='ocrx_word' id='word_1_735' title='bbox 2921 3511 3009 3561; x_wconf 87' lang='grc' dir='ltr'>τόν</span> <span class='ocrx_word' id='word_1_736' title='bbox 3047 3507 3307 3580; x_wconf 87' lang='grc' dir='ltr'>πολέμιον,</span> <span class='ocrx_word' id='word_1_737' title='bbox 3362 3501 3488 3558; x_wconf 77' lang='grc' dir='ltr'>ούδέ</span> <span class='ocrx_word' id='word_1_738' title='bbox 3544 3509 3643 3557; x_wconf 85' lang='grc' dir='ltr'>τόν</span> <span class='ocrx_word' id='word_1_739' title='bbox 3704 3502 3857 3558; x_wconf 79' lang='grc' dir='ltr'>ἀδελ-</span> 
     </span>
    </p>
   </div>
   <div class='ocr_carea' id='block_1_99' title="bbox 2243 3594 3860 3674">
    <p class='ocr_par' dir='ltr' id='par_1_99' title="bbox 2243 3594 3860 3674">
     <span class='ocr_line' id='line_1_99' title="bbox 2243 3594 3860 3674; baseline -0.003 -21"><span class='ocrx_word' id='word_1_740' title='bbox 2243 3603 2334 3673; x_wconf 83' lang='grc' dir='ltr'>φόν</span> <span class='ocrx_word' id='word_1_741' title='bbox 2374 3598 2698 3674; x_wconf 83' lang='grc' dir='ltr'>βιαζομένης</span> <span class='ocrx_word' id='word_1_742' title='bbox 2747 3601 2815 3662; x_wconf 80' lang='grc' dir='ltr'>ὡς</span> <span class='ocrx_word' id='word_1_743' title='bbox 2864 3601 2912 3652; x_wconf 87' lang='grc' dir='ltr'>οἱ</span> <span class='ocrx_word' id='word_1_744' title='bbox 2961 3602 3080 3673; x_wconf 82' lang='grc' dir='ltr'>περὶ</span> <span class='ocrx_word' id='word_1_745' title='bbox 3125 3601 3213 3650; x_wconf 89' lang='grc' dir='ltr'>τόν</span> <span class='ocrx_word' id='word_1_746' title='bbox 3266 3594 3508 3669; x_wconf 76' lang='grc' dir='ltr'>Ἀϐραὰμ</span> <span class='ocrx_word' id='word_1_747' title='bbox 3576 3597 3860 3669; x_wconf 77' lang='grc' dir='ltr'>ὐποκρινό-</span> 
     </span>
    </p>
   </div>
   <div class='ocr_carea' id='block_1_100' title="bbox 2242 3682 3852 3763">
    <p class='ocr_par' dir='ltr' id='par_1_100' title="bbox 2242 3682 3852 3763">
     <span class='ocr_line' id='line_1_100' title="bbox 2242 3682 3852 3763; baseline -0.004 -20"><span class='ocrx_word' id='word_1_748' title='bbox 2242 3708 2412 3763; x_wconf 85' lang='grc' dir='ltr'>μενος,</span> <span class='ocrx_word' id='word_1_749' title='bbox 2442 3693 2560 3743; x_wconf 76' lang='grc' dir='ltr'>οὔτε</span> <span class='ocrx_word' id='word_1_750' title='bbox 2585 3694 2688 3763; x_wconf 79' lang='grc' dir='ltr'>μὴν</span> <span class='ocrx_word' id='word_1_751' title='bbox 2727 3691 2798 3751; x_wconf 87' lang='grc' dir='ltr'>ὡς</span> <span class='ocrx_word' id='word_1_752' title='bbox 2825 3684 2991 3742; x_wconf 72' lang='grc' dir='ltr'>Δαυῐδ</span> <span class='ocrx_word' id='word_1_753' title='bbox 3019 3682 3336 3760; x_wconf 72' lang='grc' dir='ltr'>ψευδόμενος</span> <span class='ocrx_word' id='word_1_754' title='bbox 3399 3687 3488 3736; x_wconf 90' lang='grc' dir='ltr'>τόν</span> <span class='ocrx_word' id='word_1_755' title='bbox 3540 3682 3852 3749; x_wconf 77' lang='grc' dir='ltr'>ἐπίληπτεν,</span> 
     </span>
    </p>
   </div>
   <div class='ocr_carea' id='block_1_101' title="bbox 2243 3771 3856 3853">
    <p class='ocr_par' dir='ltr' id='par_1_101' title="bbox 2243 3771 3856 3853">
     <span class='ocr_line' id='line_1_101' title="bbox 2243 3771 3856 3853; baseline -0.002 -22"><span class='ocrx_word' id='word_1_756' title='bbox 2243 3777 2373 3832; x_wconf 88' lang='grc' dir='ltr'>ἀλλά</span> <span class='ocrx_word' id='word_1_757' title='bbox 2452 3782 2540 3832; x_wconf 89' lang='grc' dir='ltr'>τόν</span> <span class='ocrx_word' id='word_1_758' title='bbox 2609 3774 2782 3853; x_wconf 81' lang='grc' dir='ltr'>ἄνδρα</span> <span class='ocrx_word' id='word_1_759' title='bbox 2837 3786 2932 3840; x_wconf 88' lang='grc' dir='ltr'>τῆς</span> <span class='ocrx_word' id='word_1_760' title='bbox 2995 3783 3154 3849; x_wconf 86' lang='grc' dir='ltr'>μήπω</span> <span class='ocrx_word' id='word_1_761' title='bbox 3207 3773 3489 3847; x_wconf 86' lang='grc' dir='ltr'>ἐγνωκοίας</span> <span class='ocrx_word' id='word_1_762' title='bbox 3535 3771 3723 3850; x_wconf 72' lang='grc' dir='ltr'>ἄνδρα</span> <span class='ocrx_word' id='word_1_763' title='bbox 3773 3793 3856 3827; x_wconf 85' lang='grc' dir='ltr'>σο-</span> 
     </span>
    </p>
   </div>
   <div class='ocr_carea' id='block_1_102' title="bbox 2245 3863 3854 3942">
    <p class='ocr_par' dir='ltr' id='par_1_102' title="bbox 2245 3863 3854 3942">
     <span class='ocr_line' id='line_1_102' title="bbox 2245 3863 3854 3942; baseline -0.003 -22"><span class='ocrx_word' id='word_1_764' title='bbox 2245 3873 2466 3942; x_wconf 86' lang='grc' dir='ltr'>φώτερον</span> <span class='ocrx_word' id='word_1_765' title='bbox 2528 3867 2640 3942; x_wconf 77' lang='grc' dir='ltr'>ἅμα</span> <span class='ocrx_word' id='word_1_766' title='bbox 2711 3872 2802 3921; x_wconf 85' lang='grc' dir='ltr'>καὶ</span> <span class='ocrx_word' id='word_1_767' title='bbox 2859 3863 3237 3941; x_wconf 85' lang='grc' dir='ltr'>ἀνδρικώτερον</span> <span class='ocrx_word' id='word_1_768' title='bbox 3301 3865 3710 3938; x_wconf 81' lang='grc' dir='ltr'>παρεκρούσατο</span> <span class='ocrx_word' id='word_1_769' title='bbox 3773 3868 3854 3917; x_wconf 79' lang='grc' dir='ltr'>τόν</span> 
     </span>
    </p>
   </div>
   <div class='ocr_carea' id='block_1_103' title="bbox 2241 3952 3854 4032">
    <p class='ocr_par' dir='ltr' id='par_1_103' title="bbox 2241 3952 3854 4032">
     <span class='ocr_line' id='line_1_103' title="bbox 2241 3952 3854 4032; baseline -0.005 -19"><span class='ocrx_word' id='word_1_770' title='bbox 2241 3957 2616 4032; x_wconf 80' lang='grc' dir='ltr'>ἐπηρεαστικόν</span> <span class='ocrx_word' id='word_1_771' title='bbox 2661 3961 2752 4010; x_wconf 83' lang='grc' dir='ltr'>καὶ</span> <span class='ocrx_word' id='word_1_772' title='bbox 2830 3954 3078 4010; x_wconf 85' lang='grc' dir='ltr'>ἀπέωσεν.</span> <span class='ocrx_word' id='word_1_773' title='bbox 3137 3954 3292 4028; x_wconf 84' lang='grc' dir='ltr'>ούρω</span> <span class='ocrx_word' id='word_1_774' title='bbox 3357 3961 3455 4006; x_wconf 87' lang='grc' dir='ltr'>τῶν</span> <span class='ocrx_word' id='word_1_775' title='bbox 3509 3952 3682 4005; x_wconf 79' lang='grc' dir='ltr'>πάλαι</span> <span class='ocrx_word' id='word_1_776' title='bbox 3737 3970 3854 4006; x_wconf 80' lang='grc' dir='ltr'>ποτε</span> 
     </span>
    </p>
   </div>
   <div class='ocr_carea' id='block_1_104' title="bbox 2245 4039 3850 4122">
    <p class='ocr_par' dir='ltr' id='par_1_104' title="bbox 2245 4039 3850 4122">
     <span class='ocr_line' id='line_1_104' title="bbox 2245 4039 3850 4122; baseline -0.004 -22"><span class='ocrx_word' id='word_1_777' title='bbox 2245 4052 2525 4122; x_wconf 88' lang='grc' dir='ltr'>σεμνότερα</span> <span class='ocrx_word' id='word_1_778' title='bbox 2588 4046 2756 4118; x_wconf 81' lang='grc' dir='ltr'>πολλῷ</span> <span class='ocrx_word' id='word_1_779' title='bbox 2829 4048 2897 4098; x_wconf 81' lang='grc' dir='ltr'>τὰ</span> <span class='ocrx_word' id='word_1_780' title='bbox 2973 4047 3200 4118; x_wconf 76' lang='grc' dir='ltr'>ἡμέτερα</span> <span class='ocrx_word' id='word_1_781' title='bbox 3264 4039 3604 4114; x_wconf 74' lang='grc' dir='ltr'>διηγήματα,</span> <span class='ocrx_word' id='word_1_782' title='bbox 3667 4045 3850 4108; x_wconf 72' lang='grc' dir='ltr'>καθότι</span> 
     </span>
    </p>
   </div>
   <div class='ocr_carea' id='block_1_105' title="bbox 2241 4129 3852 4211">
    <p class='ocr_par' dir='ltr' id='par_1_105' title="bbox 2241 4129 3852 4211">
     <span class='ocr_line' id='line_1_105' title="bbox 2241 4129 3852 4211; baseline -0.006 -21"><span class='ocrx_word' id='word_1_783' title='bbox 2241 4139 2376 4190; x_wconf 84' lang='grc' dir='ltr'>κατὰ</span> <span class='ocrx_word' id='word_1_784' title='bbox 2431 4140 2662 4211; x_wconf 86' lang='grc' dir='ltr'>Χριστόν</span> <span class='ocrx_word' id='word_1_785' title='bbox 2717 4139 2805 4187; x_wconf 82' lang='grc' dir='ltr'>καὶ</span> <span class='ocrx_word' id='word_1_786' title='bbox 2853 4142 2949 4197; x_wconf 85' lang='grc' dir='ltr'>τῆς</span> <span class='ocrx_word' id='word_1_787' title='bbox 3024 4141 3240 4207; x_wconf 89' lang='grc' dir='ltr'>νομικῆς</span> <span class='ocrx_word' id='word_1_788' title='bbox 3318 4129 3676 4192; x_wconf 77' lang='grc' dir='ltr'>δικαιοσύνης</span> <span class='ocrx_word' id='word_1_789' title='bbox 3738 4151 3852 4205; x_wconf 77' lang='grc' dir='ltr'>περι</span> 
     </span>
    </p>
   </div>
   <div class='ocr_carea' id='block_1_106' title="bbox 2241 4222 3846 4300">
    <p class='ocr_par' dir='ltr' id='par_1_106' title="bbox 2241 4222 3846 4300">
     <span class='ocr_line' id='line_1_106' title="bbox 2241 4222 3846 4300; baseline -0.004 -21"><span class='ocrx_word' id='word_1_790' title='bbox 2241 4225 2374 4279; x_wconf 88' lang='grc' dir='ltr'>πολὺ</span> <span class='ocrx_word' id='word_1_791' title='bbox 2426 4227 2825 4300; x_wconf 88' lang='grc' dir='ltr'>περισσεύοντα.</span> <span class='ocrx_word' id='word_1_792' title='bbox 2872 4223 2959 4286; x_wconf 76' lang='grc' dir='ltr'>Ὠς</span> <span class='ocrx_word' id='word_1_793' title='bbox 3010 4225 3111 4297; x_wconf 80' lang='grc' dir='ltr'>γὰρ</span> <span class='ocrx_word' id='word_1_794' title='bbox 3171 4241 3254 4275; x_wconf 89' lang='grc' dir='ltr'>τοι</span> <span class='ocrx_word' id='word_1_795' title='bbox 3298 4224 3528 4295; x_wconf 85' lang='grc' dir='ltr'>Χριστός</span> <span class='ocrx_word' id='word_1_796' title='bbox 3564 4222 3705 4294; x_wconf 72' lang='grc' dir='ltr'>ύπὶρ</span> <span class='ocrx_word' id='word_1_797' title='bbox 3764 4229 3846 4279; x_wconf 68' lang='grc' dir='ltr'>τῆξ</span> 
     </span>
    </p>
   </div>
   <div class='ocr_carea' id='block_1_107' title="bbox 2244 4305 3855 4386">
    <p class='ocr_par' dir='ltr' id='par_1_107' title="bbox 2244 4305 3855 4386">
     <span class='ocr_line' id='line_1_107' title="bbox 2244 4305 3855 4386; baseline -0.004 -17"><span class='ocrx_word' id='word_1_798' title='bbox 2244 4314 2552 4377; x_wconf 86' lang='grc' dir='ltr'>Ἐκκλησίας</span> <span class='ocrx_word' id='word_1_799' title='bbox 2603 4313 2782 4367; x_wconf 86' lang='grc' dir='ltr'>ἐαυτὸν</span> <span class='ocrx_word' id='word_1_800' title='bbox 2851 4308 3119 4386; x_wconf 90' lang='grc' dir='ltr'>παρέδωκε</span> <span class='ocrx_word' id='word_1_801' title='bbox 3169 4315 3356 4382; x_wconf 87' lang='grc' dir='ltr'>καίπερ</span> <span class='ocrx_word' id='word_1_802' title='bbox 3408 4305 3643 4382; x_wconf 81' lang='grc' dir='ltr'>μηδέπω</span> <span class='ocrx_word' id='word_1_803' title='bbox 3701 4314 3855 4368; x_wconf 68' lang='grc' dir='ltr'>οὔσης</span> 
     </span>
    </p>
   </div>
   <div class='ocr_carea' id='block_1_108' title="bbox 2240 4399 3854 4474">
    <p class='ocr_par' dir='ltr' id='par_1_108' title="bbox 2240 4399 3854 4474">
     <span class='ocr_line' id='line_1_108' title="bbox 2240 4399 3854 4474; baseline -0.005 -16"><span class='ocrx_word' id='word_1_804' title='bbox 2240 4403 2554 4466; x_wconf 82' lang='grc' dir='ltr'>Ἐκκλησίὰς</span> <span class='ocrx_word' id='word_1_805' title='bbox 2609 4399 2733 4456; x_wconf 76' lang='grc' dir='ltr'>ούδε</span> <span class='ocrx_word' id='word_1_806' title='bbox 2803 4402 3178 4474; x_wconf 83' lang='grc' dir='ltr'>νυμφευθείσης</span> <span class='ocrx_word' id='word_1_807' title='bbox 3231 4419 3314 4453; x_wconf 87' lang='grc' dir='ltr'>πω</span> <span class='ocrx_word' id='word_1_808' title='bbox 3364 4407 3436 4469; x_wconf 82' lang='grc' dir='ltr'>τῷ</span> <span class='ocrx_word' id='word_1_809' title='bbox 3486 4405 3738 4471; x_wconf 76' lang='grc' dir='ltr'>Χριστῷ,</span> <span class='ocrx_word' id='word_1_810' title='bbox 3786 4402 3854 4451; x_wconf 81' lang='grc' dir='ltr'>ἑτι</span> 
     </span>
    </p>
   </div>
   <div class='ocr_carea' id='block_1_109' title="bbox 2235 4486 3852 4567">
    <p class='ocr_par' dir='ltr' id='par_1_109' title="bbox 2235 4486 3852 4567">
     <span class='ocr_line' id='line_1_109' title="bbox 2235 4486 3852 4567; baseline -0.004 -21"><span class='ocrx_word' id='word_1_811' title='bbox 2235 4495 2338 4567; x_wconf 81' lang='grc' dir='ltr'>γὰρ</span> <span class='ocrx_word' id='word_1_812' title='bbox 2385 4491 2700 4567; x_wconf 78' lang='grc' dir='ltr'>ἁμαρτωλῶν</span> <span class='ocrx_word' id='word_1_813' title='bbox 2740 4495 2895 4543; x_wconf 84' lang='grc' dir='ltr'>ὄντων</span> <span class='ocrx_word' id='word_1_814' title='bbox 2937 4492 3063 4563; x_wconf 68' lang='grc' dir='ltr'>ύπὶρ</span> <span class='ocrx_word' id='word_1_815' title='bbox 3116 4491 3262 4562; x_wconf 78' lang='grc' dir='ltr'>ἡμῶν</span> <span class='ocrx_word' id='word_1_816' title='bbox 3329 4486 3552 4540; x_wconf 87' lang='grc' dir='ltr'>ἀπέθανε</span> <span class='ocrx_word' id='word_1_817' title='bbox 3594 4490 3852 4562; x_wconf 78' lang='grc' dir='ltr'>Χριστὸς,</span> 
     </span>
    </p>
   </div>
   <div class='ocr_carea' id='block_1_110' title="bbox 2246 4582 2265 4600">
    <p class='ocr_par' dir='ltr' id='par_1_110' title="bbox 2246 4582 2265 4600">
     <span class='ocr_line' id='line_1_110' title="bbox 2246 4582 2265 4600; baseline 0 0"><span class='ocrx_word' id='word_1_818' title='bbox 2246 4582 2265 4600; x_wconf 64' lang='grc' dir='ltr'><strong><em>Α</em></strong></span> 
     </span>
    </p>
   </div>
   <div class='ocr_carea' id='block_1_111' title="bbox 2633 4573 3855 4653">
    <p class='ocr_par' dir='ltr' id='par_1_111' title="bbox 2633 4573 3855 4653">
     <span class='ocr_line' id='line_1_111' title="bbox 2633 4573 3855 4653; baseline -0.006 -18"><span class='ocrx_word' id='word_1_819' title='bbox 2633 4581 2966 4647; x_wconf 79' lang='grc' dir='ltr'>’Λπόστολος,</span> <span class='ocrx_word' id='word_1_820' title='bbox 3021 4584 3113 4632; x_wconf 83' lang='grc' dir='ltr'>καὶ</span> <span class='ocrx_word' id='word_1_821' title='bbox 3175 4579 3307 4637; x_wconf 79' lang='grc' dir='ltr'>αὐτή</span> <span class='ocrx_word' id='word_1_822' title='bbox 3364 4573 3424 4630; x_wconf 74' lang='grc' dir='ltr'>δε</span> <span class='ocrx_word' id='word_1_823' title='bbox 3466 4580 3534 4638; x_wconf 78' lang='grc' dir='ltr'>ὡς</span> <span class='ocrx_word' id='word_1_824' title='bbox 3589 4580 3675 4631; x_wconf 78' lang='grc' dir='ltr'>ἔτι</span> <span class='ocrx_word' id='word_1_825' title='bbox 3726 4597 3855 4653; x_wconf 82' lang='grc' dir='ltr'>περι·</span> 
     </span>
    </p>
   </div>
   <div class='ocr_carea' id='block_1_112' title="bbox 2239 4752 3852 4836">
    <p class='ocr_par' dir='ltr' id='par_1_112' title="bbox 2239 4752 3852 4836">
     <span class='ocr_line' id='line_1_112' title="bbox 2239 4752 3852 4836; baseline -0.005 -22"><span class='ocrx_word' id='word_1_826' title='bbox 2239 4767 2371 4836; x_wconf 75' lang='grc' dir='ltr'>εἰμὶ,</span> <span class='ocrx_word' id='word_1_827' title='bbox 2420 4764 2692 4834; x_wconf 87' lang='grc' dir='ltr'>θυγατέρες</span> <span class='ocrx_word' id='word_1_828' title='bbox 2744 4757 3105 4834; x_wconf 81' lang='grc' dir='ltr'>Ἰερουσαλὴμ,</span> <span class='ocrx_word' id='word_1_829' title='bbox 3156 4757 3292 4810; x_wconf 79' lang='grc' dir='ltr'>οὕτω</span> <span class='ocrx_word' id='word_1_830' title='bbox 3373 4760 3462 4807; x_wconf 81' lang='grc' dir='ltr'>καὶ</span> <span class='ocrx_word' id='word_1_831' title='bbox 3522 4753 3646 4828; x_wconf 85' lang='grc' dir='ltr'>ἐμοὶ</span> <span class='ocrx_word' id='word_1_832' title='bbox 3707 4752 3852 4808; x_wconf 83' lang='grc' dir='ltr'>ἀδελ-</span> 
     </span>
    </p>
   </div>
   <div class='ocr_carea' id='block_1_113' title="bbox 2239 4846 3852 4925">
    <p class='ocr_par' dir='ltr' id='par_1_113' title="bbox 2239 4846 3852 4925">
     <span class='ocr_line' id='line_1_113' title="bbox 2239 4846 3852 4925; baseline -0.007 -20"><span class='ocrx_word' id='word_1_833' title='bbox 2239 4855 2333 4925; x_wconf 86' lang='grc' dir='ltr'>φός</span> <span class='ocrx_word' id='word_1_834' title='bbox 2381 4853 2508 4925; x_wconf 62' lang='grc' dir='ltr'>ὑπὲρ</span> <span class='ocrx_word' id='word_1_835' title='bbox 2563 4857 2658 4912; x_wconf 86' lang='grc' dir='ltr'>τῆς</span> <span class='ocrx_word' id='word_1_836' title='bbox 2703 4849 2798 4902; x_wconf 86' lang='grc' dir='ltr'>ούκ</span> <span class='ocrx_word' id='word_1_837' title='bbox 2849 4851 3016 4909; x_wconf 74' lang='grc' dir='ltr'>οὔσης</span> <span class='ocrx_word' id='word_1_838' title='bbox 3055 4846 3195 4917; x_wconf 83' lang='grc' dir='ltr'>αύτῷ</span> <span class='ocrx_word' id='word_1_839' title='bbox 3266 4848 3512 4917; x_wconf 87' lang='grc' dir='ltr'>γυναικός</span> <span class='ocrx_word' id='word_1_840' title='bbox 3577 4847 3706 4898; x_wconf 68' lang='grc' dir='ltr'>οὔτε</span> <span class='ocrx_word' id='word_1_841' title='bbox 3759 4850 3852 4917; x_wconf 76' lang='grc' dir='ltr'>μήν</span> 
     </span>
    </p>
   </div>
   <div class='ocr_carea' id='block_1_114' title="bbox 2239 4934 3844 5013">
    <p class='ocr_par' dir='ltr' id='par_1_114' title="bbox 2239 4934 3844 5013">
     <span class='ocr_line' id='line_1_114' title="bbox 2239 4934 3844 5013; baseline -0.004 -19"><span class='ocrx_word' id='word_1_842' title='bbox 2239 4941 2364 5002; x_wconf 82' lang='grc' dir='ltr'>ὅλως</span> <span class='ocrx_word' id='word_1_843' title='bbox 2394 4939 2642 5013; x_wconf 83' lang='grc' dir='ltr'>ἐσομένης</span> <span class='ocrx_word' id='word_1_844' title='bbox 2661 4942 2721 4992; x_wconf 90' lang='grc' dir='ltr'>τό</span> <span class='ocrx_word' id='word_1_845' title='bbox 2751 4943 3044 5012; x_wconf 82' lang='grc' dir='ltr'>καινότερον</span> <span class='ocrx_word' id='word_1_846' title='bbox 3074 4940 3227 5010; x_wconf 90' lang='grc' dir='ltr'>μόνον</span> <span class='ocrx_word' id='word_1_847' title='bbox 3275 4934 3336 4987; x_wconf 82' lang='grc' dir='ltr'>ού</span> <span class='ocrx_word' id='word_1_848' title='bbox 3406 4935 3649 4986; x_wconf 83' lang='grc' dir='ltr'>θανατῶν</span> <span class='ocrx_word' id='word_1_849' title='bbox 3712 4934 3844 4990; x_wconf 78' lang='grc' dir='ltr'>εἰ...</span> 
     </span>
    </p>
   </div>
   <div class='ocr_carea' id='block_1_115' title="bbox 2241 5019 3852 5106">
    <p class='ocr_par' dir='ltr' id='par_1_115' title="bbox 2241 5019 3852 5106">
     <span class='ocr_line' id='line_1_115' title="bbox 2241 5019 3852 5106; baseline -0.006 -22"><span class='ocrx_word' id='word_1_850' title='bbox 2241 5029 2512 5106; x_wconf 71' lang='grc' dir='ltr'>ἐπέρριψεν</span> <span class='ocrx_word' id='word_1_851' title='bbox 2557 5030 2740 5082; x_wconf 79' lang='grc' dir='ltr'>ἑαυτὸν</span> <span class='ocrx_word' id='word_1_852' title='bbox 2785 5024 3025 5081; x_wconf 88' lang='grc' dir='ltr'>κίνδυνον</span> <span class='ocrx_word' id='word_1_853' title='bbox 3074 5030 3163 5078; x_wconf 77' lang='grc' dir='ltr'>καί</span> <span class='ocrx_word' id='word_1_854' title='bbox 3217 5033 3310 5085; x_wconf 88' lang='grc' dir='ltr'>τῆς</span> <span class='ocrx_word' id='word_1_855' title='bbox 3364 5019 3564 5085; x_wconf 86' lang='grc' dir='ltr'>παιδός</span> <span class='ocrx_word' id='word_1_856' title='bbox 3606 5029 3852 5098; x_wconf 74' lang='grc' dir='ltr'>προσχή-</span> 
     </span>
    </p>
   </div>
   <div class='ocr_carea' id='block_1_116' title="bbox 2241 5115 3851 5194">
    <p class='ocr_par' dir='ltr' id='par_1_116' title="bbox 2241 5115 3851 5194">
     <span class='ocr_line' id='line_1_116' title="bbox 2241 5115 3851 5194; baseline -0.005 -21"><span class='ocrx_word' id='word_1_857' title='bbox 2241 5140 2367 5194; x_wconf 88' lang='grc' dir='ltr'>ματι</span> <span class='ocrx_word' id='word_1_858' title='bbox 2405 5117 2566 5183; x_wconf 83' lang='grc' dir='ltr'>δόξας</span> <span class='ocrx_word' id='word_1_859' title='bbox 2605 5117 2690 5174; x_wconf 92' lang='grc' dir='ltr'>ἀν.</span> <span class='ocrx_word' id='word_1_860' title='bbox 2713 5159 2761 5175; x_wconf 94' lang='grc'><strong>..</strong></span> <span class='ocrx_word' id='word_1_861' title='bbox 2836 5126 2976 5170; x_wconf 85' lang='grc' dir='ltr'>ῶπτο</span> <span class='ocrx_word' id='word_1_862' title='bbox 3021 5121 3195 5190; x_wconf 83' lang='grc' dir='ltr'>πατήρ</span> <span class='ocrx_word' id='word_1_863' title='bbox 3253 5115 3530 5189; x_wconf 88' lang='grc' dir='ltr'>πράγματι</span> <span class='ocrx_word' id='word_1_864' title='bbox 3559 5118 3657 5166; x_wconf 83' lang='grc' dir='ltr'>καὶ</span> <span class='ocrx_word' id='word_1_865' title='bbox 3687 5119 3851 5186; x_wconf 72' lang='grc' dir='ltr'>πατήρ</span> 
     </span>
    </p>
   </div>
   <div class='ocr_carea' id='block_1_117' title="bbox 2241 5205 3850 5282">
    <p class='ocr_par' dir='ltr' id='par_1_117' title="bbox 2241 5205 3850 5282">
     <span class='ocr_line' id='line_1_117' title="bbox 2241 5205 3850 5282; baseline -0.006 -19"><span class='ocrx_word' id='word_1_866' title='bbox 2241 5209 2413 5282; x_wconf 81' lang='grc' dir='ltr'>πολλῷ</span> <span class='ocrx_word' id='word_1_867' title='bbox 2473 5216 2566 5262; x_wconf 84' lang='grc' dir='ltr'>τοῦ</span> <span class='ocrx_word' id='word_1_868' title='bbox 2613 5213 2851 5270; x_wconf 89' lang='grc' dir='ltr'>τεκόντος</span> <span class='ocrx_word' id='word_1_869' title='bbox 2907 5205 3363 5280; x_wconf 84' lang='grc' dir='ltr'>φιλοστοργότερος</span> <span class='ocrx_word' id='word_1_870' title='bbox 3421 5207 3515 5256; x_wconf 80' lang='grc' dir='ltr'>καὶ</span> <span class='ocrx_word' id='word_1_871' title='bbox 3577 5209 3850 5257; x_wconf 72' lang='grc' dir='ltr'>σωσταὼ-</span> 
     </span>
    </p>
   </div>
   <div class='ocr_carea' id='block_1_118' title="bbox 2242 5293 3849 5376">
    <p class='ocr_par' dir='ltr' id='par_1_118' title="bbox 2242 5293 3849 5376">
     <span class='ocr_line' id='line_1_118' title="bbox 2242 5293 3849 5376; baseline -0.006 -22"><span class='ocrx_word' id='word_1_872' title='bbox 2242 5319 2404 5376; x_wconf 89' lang='grc' dir='ltr'>τερος.</span> <span class='ocrx_word' id='word_1_873' title='bbox 2489 5299 2702 5359; x_wconf 87' lang='grc' dir='ltr'>Ἐκεῖνος</span> <span class='ocrx_word' id='word_1_874' title='bbox 2777 5301 2866 5371; x_wconf 69' lang='grc' dir='ltr'>μὶν</span> <span class='ocrx_word' id='word_1_875' title='bbox 2917 5298 3019 5371; x_wconf 79' lang='grc' dir='ltr'>γὰρ</span> <span class='ocrx_word' id='word_1_876' title='bbox 3077 5303 3160 5349; x_wconf 84' lang='grc' dir='ltr'>τοί</span> <span class='ocrx_word' id='word_1_877' title='bbox 3209 5293 3584 5368; x_wconf 81' lang='grc' dir='ltr'>πο).ιορκηταῖς</span> <span class='ocrx_word' id='word_1_878' title='bbox 3639 5299 3849 5367; x_wconf 80' lang='grc' dir='ltr'>προέμε-</span> 
     </span>
    </p>
   </div>
   <div class='ocr_carea' id='block_1_119' title="bbox 2241 5379 3848 5462">
    <p class='ocr_par' dir='ltr' id='par_1_119' title="bbox 2241 5379 3848 5462">
     <span class='ocr_line' id='line_1_119' title="bbox 2241 5379 3848 5462; baseline -0.005 -22"><span class='ocrx_word' id='word_1_879' title='bbox 2241 5409 2322 5450; x_wconf 90' lang='grc' dir='ltr'>νος</span> <span class='ocrx_word' id='word_1_880' title='bbox 2347 5393 2518 5461; x_wconf 83' lang='grc' dir='ltr'>ᾤχετο</span> <span class='ocrx_word' id='word_1_881' title='bbox 2538 5390 2760 5462; x_wconf 87' lang='grc' dir='ltr'>φεύγων,</span> <span class='ocrx_word' id='word_1_882' title='bbox 2787 5387 2934 5448; x_wconf 83' lang='grc' dir='ltr'>οὗτος</span> <span class='ocrx_word' id='word_1_883' title='bbox 2974 5382 3033 5440; x_wconf 83' lang='grc' dir='ltr'>δέ</span> <span class='ocrx_word' id='word_1_884' title='bbox 3081 5388 3209 5461; x_wconf 87' lang='grc' dir='ltr'>πρὸς</span> <span class='ocrx_word' id='word_1_885' title='bbox 3258 5382 3406 5459; x_wconf 78' lang='grc' dir='ltr'>ὕϐριν</span> <span class='ocrx_word' id='word_1_886' title='bbox 3463 5386 3556 5435; x_wconf 84' lang='grc' dir='ltr'>καὶ</span> <span class='ocrx_word' id='word_1_887' title='bbox 3613 5379 3848 5436; x_wconf 77' lang='grc' dir='ltr'>δουλείαν</span> 
     </span>
    </p>
   </div>
   <div class='ocr_carea' id='block_1_120' title="bbox 2244 5472 3846 5553">
    <p class='ocr_par' dir='ltr' id='par_1_120' title="bbox 2244 5472 3846 5553">
     <span class='ocr_line' id='line_1_120' title="bbox 2244 5472 3846 5553; baseline -0.005 -21"><span class='ocrx_word' id='word_1_888' title='bbox 2244 5477 2541 5553; x_wconf 73' lang='grc' dir='ltr'>ἀπαγομένη</span> <span class='ocrx_word' id='word_1_889' title='bbox 2581 5483 2813 5553; x_wconf 85' lang='grc' dir='ltr'>παρίστη</span> <span class='ocrx_word' id='word_1_890' title='bbox 2863 5480 2956 5530; x_wconf 82' lang='grc' dir='ltr'>καὶ</span> <span class='ocrx_word' id='word_1_891' title='bbox 3009 5483 3109 5529; x_wconf 85' lang='grc' dir='ltr'>τῶν</span> <span class='ocrx_word' id='word_1_892' title='bbox 3157 5472 3398 5548; x_wconf 88' lang='grc' dir='ltr'>ἐσχάτων</span> <span class='ocrx_word' id='word_1_893' title='bbox 3458 5479 3637 5525; x_wconf 76' lang='grc' dir='ltr'>κακῶν</span> <span class='ocrx_word' id='word_1_894' title='bbox 3679 5491 3846 5550; x_wconf 77' lang='grc' dir='ltr'>παρα-</span> 
     </span>
    </p>
   </div>
   <div class='ocr_carea' id='block_1_121' title="bbox 2242 5565 2915 5631">
    <p class='ocr_par' dir='ltr' id='par_1_121' title="bbox 2242 5565 2915 5631">
     <span class='ocr_line' id='line_1_121' title="bbox 2242 5565 2915 5631; baseline -0.003 -7"><span class='ocrx_word' id='word_1_895' title='bbox 2242 5565 2586 5631; x_wconf 84' lang='grc' dir='ltr'>κινδυνεύσας</span> <span class='ocrx_word' id='word_1_896' title='bbox 2606 5565 2915 5631; x_wconf 84' lang='grc' dir='ltr'>ἀπήλλαξεν.</span> 
     </span>
    </p>
   </div>
   <div class='ocr_carea' id='block_1_122' title="bbox 2296 5650 3840 5742">
    <p class='ocr_par' dir='ltr' id='par_1_122' title="bbox 2296 5650 3840 5742">
     <span class='ocr_line' id='line_1_122' title="bbox 2296 5650 3840 5742; baseline -0.008 -23"><span class='ocrx_word' id='word_1_897' title='bbox 2296 5658 2373 5732; x_wconf 79' lang='grc' dir='ltr'>¹Ὦ</span> <span class='ocrx_word' id='word_1_898' title='bbox 2427 5663 2694 5742; x_wconf 80' lang='grc' dir='ltr'>σοφώτατε</span> <span class='ocrx_word' id='word_1_899' title='bbox 2743 5652 2957 5734; x_wconf 69' lang='grc' dir='ltr'>ἀδελφδ,</span> <span class='ocrx_word' id='word_1_900' title='bbox 2983 5657 3138 5720; x_wconf 80' lang='grc' dir='ltr'>ὅντως</span> <span class='ocrx_word' id='word_1_901' title='bbox 3180 5653 3255 5719; x_wconf 85' lang='grc' dir='ltr'>εἰς</span> <span class='ocrx_word' id='word_1_902' title='bbox 3307 5656 3397 5715; x_wconf 71' lang='grc' dir='ltr'>τήν</span> <span class='ocrx_word' id='word_1_903' title='bbox 3450 5650 3735 5733; x_wconf 71' lang='grc' dir='ltr'>βασιλείαν</span> <span class='ocrx_word' id='word_1_904' title='bbox 3752 5657 3840 5707; x_wconf 69' lang='grc' dir='ltr'>τᾶν</span> 
     </span>
    </p>
   </div>
  </div>
