3966 6324
36 351 156 408 .257

35 478 224 547 ορανῶν
275 472 688 547 μεμαθήτευκας⁹
754 470 866 529 ὅθεν
947 481 1038 529 καὶ

35 570 247 636 ταχεῖαν
296 572 387 624 τῆς
437 562 767 637 ἀπαγομένης
825 563 1112 638 ἐλευθερίαν
1166 569 1231 626 ὡς
1280 561 1633 637 γραμματέως

35 652 357 725 όξυγράφησε
385 651 632 724 κάλαμος,
660 653 720 704 ού
748 657 853 726 μὴν
903 650 963 706 δε
1011 652 1138 706 ἀλλὰ
1193 658 1283 706 καὶ
1330 654 1399 713 ὡς
1458 666 1634 720 σπαρ-

35 744 146 792 τίον
174 744 401 793 κόκκινον
454 741 608 812 χείλη
663 760 780 793 σου·
848 741 985 814 λόγῳ
1032 746 1134 816 γὰρ
1197 739 1635 811 συνεστραμμένῳ

35 835 130 882 καὶ
158 828 351 904 βραχεῖ
399 835 488 881 καὶ
540 831 641 882 ύπό
697 829 857 890 ζήλου
951 834 1378 903 πυρακτουμένου
1447 832 1636 899 χεῖρας

36 915 322 982 ξυνέδησαν
348 916 623 991 βαρϐάρου
650 924 741 971 καὶ
767 918 943 992 βίαιον
970 923 1186 994 ὅρμημα
1243 924 1335 971 καὶ
1394 914 1421 975 ὃ
1481 913 1634 967 λαλιά

35 1027 138 1060 σου
175 1009 336 1080 ὡραία
390 1006 484 1059 ούκ
532 1005 714 1080 ἀώρως
761 1011 848 1060 τὸν
912 1005 1084 1083 ἄνδρα
1137 1008 1465 1079 ψευσαμένη,
1522 1000 1632 1053 ἀλλ’

35 1094 111 1157 εἰς
165 1099 338 1169 καιρόν
386 1095 691 1168 πλασαμένη
762 1101 851 1148 καὶ
931 1101 1246 1172 παρανόμων
1316 1092 1629 1169 γραψαμένη

35 1186 126 1235 τὸν
157 1181 343 1256 βιαιον.
375 1182 445 1235 Ὠ
497 1191 604 1244 πῶς
641 1185 875 1257 ήνὲσχου
930 1185 956 1236 ὃ
1004 1190 1163 1258 μήπω
1209 1188 1456 1257 πρότερον
1507 1179 1633 1250 ψεύ-

35 1273 276 1339 σασθαι;
317 1273 410 1324 ἶσα
431 1274 534 1345 γὰρ
578 1274 780 1345 θανάτῳ
826 1278 887 1326 τό
944 1270 1143 1345 ψεῦδος
1195 1271 1506 1341 ἐστύγηκας.
1562 1266 1631 1319 Ἦ

35 1358 194 1420 δῆλον
239 1362 312 1413 ὅτι
366 1363 436 1423 ὡς
482 1360 616 1413 εἵλου
676 1364 842 1415 θανεῖν
900 1362 945 1414 εἰ
1001 1359 1182 1421 δεήσοι
1233 1359 1317 1414 ἐπὶ
1395 1360 1633 1431 σωτηρία

35 1446 377 1509 ιινδυνεύσεις
402 1446 674 1523 ἀνθρώπου
707 1450 874 1513 οὕτως
925 1451 1156 1523 ἠνέσχου
1182 1454 1273 1502 καὶ
1326 1447 1632 1519 ψεύσασθαι

35 1543 121 1590 cui
172 1536 396 1610 ψεύστης
424 1539 451 1589 6
500 1537 783 1610 φιλαλήθης
848 1541 1088 1611 γενέσθαι
1150 1544 1242 1591 καὶ
1321 1537 1506 1589 ούποτε
1568 1537 1632 1586 τὰ

35 1625 184 1697 (eam
213 1623 654 1698 μιάναςψεύδεσι.
718 1630 867 1681 Κατά
924 1627 1079 1688 ζῆλον
1134 1623 1194 1680 δε
1241 1624 1477 1699 Χριστοῦ
1540 1626 1631 1674 xui.

35 1722 188 1767 τοῦτο
237 1711 496 1790 διεπράξω
542 1711 827 1781 δήπουθεν,
877 1715 934 1778 ὃς
990 1718 1117 1790 ὑπὲρ
1186 1717 1333 1787 ἡμῶν
1400 1712 1633 1786 ἁμαρτία

35 1808 126 1856 cui.
152 1804 354 1876 κατάρα
398 1806 625 1875 γέγονεν,
682 1804 818 1857 οὕτω
869 1811 982 1867 τοῖς
1043 1810 1178 1857 πᾶσι
1218 1801 1372 1863 ,πάντ’
1418 1800 1629 1873 ἐγίνετο,

35 1892 474 1966 ἷιπροστατεύτοις
550 1888 878 1966 προστάτης,
964 1897 1162 1965 χήραίς
1237 1886 1480 1961 κηδεμὼν
1564 1890 1634 1949 ὡς

35 1980 193 2054 ἀνὴρ,
253 1980 488 2055 ὀρφανοῖς
536 1976 730 2056 πατήρ,
781 1985 996 2038 πένησιν
1045 1977 1281 2051 ἀδελφός,
1343 1977 1510 2050 φίλοις
1564 1977 1635 2037 ὡς

35 2069 331 2143 ριλέταιρος
407 2073 744 2136 πιστότατος,
839 2073 1111 2141 συγγενέσι
1213 2066 1632 2142 φιλοικειότατος,

35 2154 274 2229 τάδελφῷ
341 2155 460 2208 καθ’
516 2155 805 2230 ὑπερϐολήν
883 2155 1305 2230 ὑπερϐάλλουσαν
1398 2148 1636 2226 φιλαδελ-

35 2252 274 2315 ρότητος,
323 2243 525 2297 Οὔκουν
574 2242 741 2318 ἐχρῆν
788 2248 820 2303 ἦ
866 2251 1092 2316 γυναῖκα
1148 2243 1340 2296 ἐκείνου
1387 2245 1633 2316 χηρείαν,

35 2339 248 2396 ᾓτέκνα
290 2334 537 2410 ὀρφανίαν
591 2332 639 2386 ἐν
698 2332 916 2408 ἀκαιρία
963 2330 1146 2405 τοιᾷδε
1195 2334 1377 2385 παθεῖν
1440 2329 1636 2404 (ἔπεισι

35 2428 130 2500 γὰρ
162 2443 256 2496 μοι
281 2428 371 2475 καὶ
400 2419 547 2483 αὖθις
592 2420 790 2497 ληρεῖν)
848 2426 962 2475 οὔτε
1000 2422 1088 2474 τὸν
1138 2414 1357 2493 ἀδελφὸν
1415 2417 1502 2492 ἐμὲ
1544 2422 1635 2470 καὶ

35 2522 127 2575 ἧς
184 2511 307 2585 παρ’
355 2515 549 2564 ἐκείνου
596 2510 785 2572 λοιπής
825 2510 1186 2583 ψυχαγωγίας
1237 2508 1469 2561 ἐκπεσεῖν
1546 2510 1637 2558 καὶ

35 2600 420 2675 ῒυστηνοτεραν
447 2599 641 2653 ἀντλεῖν
687 2598 873 2672 βιοτήν
905 2604 997 2651 καὶ
1032 2602 1386 2674 μογερωτέραν
1443 2598 1638 2649 τοσού-

35 2712 96 2763 ·ῳ
153 2697 244 2741 νύν
288 2691 394 2761 ὅσῳ
460 2693 649 2763 περιὼν
733 2688 922 2750 ἐκεῖνος
1004 2687 1293 2761 ύπέλαφρον
1368 2685 1638 2758 ἐίργάζετο

35 2783 303 2854 τρότερον.
337 2777 397 2831 Εἰ
415 2779 516 2852 γὰρ
552 2781 625 2850 μὴ
680 2785 852 2851 παρῆν
890 2781 982 2829 καὶ
1035 2783 1215 2843 συνῆν,
1266 2773 1394 2827 ἀλλά
1445 2793 1504 2846 γε
1547 2777 1640 2825 καὶ

35 2872 192 2921 ιόνον
223 2865 318 2939 ζῇν
372 2862 683 2938 ἀρκούμενος
737 2863 995 2938 ἀνέψυχεν
1055 2863 1244 2918 ὶκεῑθεν
1292 2865 1467 2937 ὥσπερ
1524 2863 1644 2913 τινὰ

35 2958 276 3026 ζωγόνον
355 2952 602 3007 ἐπιπνέων
681 2953 865 3029 αὔραν.
928 2958 1031 3007 Καὶ
1099 2956 1168 3014 ὡς
1253 2953 1389 3013 θειος
1475 2945 1642 3002 Δαυίδ

35 3043 444 3118 ιτταρνήνασθαί
495 3044 620 3094 ποτέ
668 3061 800 3114 φησι
847 3041 1248 3117 παρακληθῆναι
1294 3044 1390 3098 τήν
1458 3038 1644 3091 ἑαυτοῦ

35 3136 251 3207 βυχήν,
317 3134 614 3205 μεμνῆσθαι
674 3128 734 3185 δε
798 3128 892 3184 τοῦ
942 3136 1076 3209 Θεοῦ
1140 3135 1232 3184 καὶ
1310 3126 1645 3203 παραχρῆμα
1675 3122 1715 3178 C

36 3222 407 3297 ὖφρανθῆναιο
441 3220 575 3273 οὕτω
607 3227 698 3273 καὶ
742 3220 893 3282 αὐτὸς
958 3219 1246 3294 ἀχθόμενος
1289 3226 1395 3280 τοῖς
1452 3224 1644 3293 παροῦ-

35 3334 113 3366 ι-ιν
148 3310 399 3386 ἀνιαροῖς,
429 3314 474 3363 εἶ
528 3314 651 3364 ποτέ
704 3330 783 3372 τις
845 3310 1074 3384 ἂπέμφθη
1137 3330 1227 3384 μοι
1282 3308 1499 3380 ἀγγελία
1548 3308 1645 3378 ύφ-

35 3402 286 3452 ἓπτουσα
320 3400 523 3468 μνήμης
579 3392 864 3467 ἀδελφικῆς
916 3394 1241 3468 ἐμπύρευμα,
1296 3396 1373 3446 ἔτι
1437 3412 1492 3445 τε
1545 3391 1640 3464 ζῇν

35 3491 225 3539 κεῖνον
265 3488 353 3536 καὶ
405 3483 461 3535 εὖ
515 3484 761 3555 πράττειν
816 3483 1272 3555 εὐαγγελιζομένη,
1339 3480 1643 3552 θαυμασίαν

41 3578 151 3630 ινὰ
175 3574 425 3646 παραυτά
450 3571 781 3646 παράκλησιν
807 3574 1066 3647 εὕρισκον·
1110 3571 1172 3623 Εἰ
1227 3567 1287 3623 δε
1340 3574 1431 3621 καὶ
1476 3569 1639 3641 γράμ-

35 3685 95 3717 μα
117 3664 259 3715 ποτε
283 3668 374 3720 τῆς
416 3659 667 3731 φιλτάτης
721 3659 909 3731 ψυχῆς
957 3664 1048 3711 καὶ
1102 3661 1282 3733 χειρὸς
1332 3653 1640 3727 ἐδεδέγμην,

35 3761 144 3807 ότε
181 3745 275 3816 δὴ,
306 3752 419 3801 τότε
447 3752 538 3800 καὶ
568 3747 689 3819 ὄψιν
722 3744 917 3805 ἐκείνην
964 3744 1197 3806 ἠδιστην
1249 3749 1339 3798 καὶ
1389 3743 1643 3818 γλυκερὰν

35 3840 248 3916 μιλίαν
300 3836 659 3911 ἕφανταζόμην
712 3856 803 3889 και
859 3836 978 3894 όλην
1032 3836 1194 3895 αύτήν
1247 3840 1337 3894 τήν
1398 3830 1647 3886 αὐτάδελ-

35 3952 119 3984 ιον
157 3932 309 4000 ᾤμην
350 3927 570 3998 κεφαλὴν
624 3926 841 3999 ἀπέχειν
883 3932 975 3980 καὶ
1029 3926 1503 4002 περιπτύσσεσθαι,
1557 3926 1648 3974 καί

35 4040 136 4074 ιον
204 4018 266 4068 τὸ
315 4020 714 4091 περικεχυμένον
758 4024 856 4079 τῆς
905 4016 1089 4089 ψυχῆς
1144 4015 1315 4087 θλίψει
1370 4017 1434 4075 ὡς
1503 4018 1652 4084 νέφος

35 4114 224 4180 ὅσπερ
283 4108 421 4167 τινὸς
492 4107 788 4178 θαυμασίας
853 4105 1059 4181 αἰθρίας
1138 4104 1321 4175 αἴφνης
1400 4102 1652 4176 ῥαγείσης

35 4213 199 4253 εατε.
221 4236 235 4250 .
259 4236 273 4248 .
301 4199 601 4269 παρῴχετο,
627 4200 718 4247 καὶ
763 4202 870 4266 φῶς
924 4193 1281 4265 γλυκυθυμίας
1317 4190 1651 4266 περιέλαμπε.

35 4295 158 4342 σῦν
194 4278 258 4335 δὲ
277 4281 383 4335 ἀλλ’
414 4281 498 4335 ἐπὶ
526 4291 598 4354 τῷ
631 4285 831 4355 θανάτῳ
869 4280 1060 4335 ἐκείνου
1103 4277 1284 4341 ὠδῖνες
1332 4275 1467 4350 ᾅδου
1514 4298 1657 4352 περι-

35 4373 314 4434 ιυκλοῦσί
335 4392 419 4445 με,
445 4378 536 4425 καὶ
567 4376 755 4434 σκότος
806 4370 971 4445 ἀθυμ.
993 4412 1007 4427 .
1031 4413 1042 4424 .
1067 4413 1079 4425 .
1147 4369 1313 4442 βαθὺς
1360 4374 1451 4421 καὶ
1504 4369 1657 4421 θανά-

35 4486 135 4520 ·ου
193 4459 475 4535 προϐάλλει
532 4463 677 4529 σκιὰ,
722 4459 926 4535 ἱπείπερ
984 4455 1078 4512 ἔδυ
1129 4456 1374 4520 καθάπαξ
1424 4458 1451 4509 6
1537 4455 1661 4529 ἐμὸς

39 4559 249 4611 κεῖνος
287 4548 452 4612 ἣλιος.
499 4548 569 4601 Ὢ
618 4551 730 4602 οῖαν
786 4546 1147 4613 ἀπεϐαλλόμην
1211 4548 1348 4619 ἱερὰν
1400 4546 1657 4617 ἄγκυραν,

35 4652 53 4705 ‘2
100 4640 486 4716 πρότερονμεν
535 4642 631 4698 τὴν
681 4636 963 4711 Ἀθήνησιν
1015 4635 1326 4694 Ἐκκλησίαν
1374 4634 1663 4695 οἰακίξοντι

35 4733 348 4806 ταρείχετο
389 4731 578 4788 παντὸς
632 4734 883 4801 περιεῖναι
928 4722 1205 4786 κλύδωνος·
1263 4732 1351 4776 νῦν
1412 4719 1472 4776 δὲ
1542 4722 1665 4775 πολο

35 4828 156 4883 ,οῖς
223 4821 524 4893 φορουμένῳ
568 4816 811 4888 κυμάτων
886 4811 922 4867 δ
927 4813 1119 4876 ιαύλοις
1180 4817 1271 4866 καὶ
1338 4814 1664 4884 ποντουμένῳ

35 4909 241 4980 ωεῖχέ
260 4925 354 4980 μοι
381 4910 475 4965 τήν
502 4902 689 4978 ψυχὴν
709 4908 802 4957 καὶ
829 4910 1040 4976 συνεῖχε
1065 4906 1125 4956 τὸ
1160 4906 1276 4975 ζῇν.
1312 4901 1539 4963 Ἐκείνης
1562 4902 1666 4972 γὰρ

485 5744 735 5811 Ριτιοι.
759 5748 861 5811 Gn.
893 5746 1024 5806 CXL

857 350 1234 412 MICHAELIS
1262 339 1642 408 ACOMINATI
1673 339 1996 397 HONODIA
2022 341 2095 399 IN
2134 343 2481 404 FRATREM.

1660 1771 1704 1825 Β

3230 347 3373 408 1258

1128 478 1160 535 ἡ
1242 471 1463 549 γλῶσσά
1537 486 1633 520 σου
1663 466 1710 518 Α
1743 462 2112 539 ἐκκρεμάμενος
2163 470 2451 544 ἠνειχόμην
2499 470 2550 533 ἐς
2611 468 2766 546 δεῦρο
2827 475 2914 525 τὸν
2987 474 3344 548 παροιμιαζὸ-

1741 572 1890 625 μενον
1912 552 2029 627 βίον
2073 556 2291 611 ἀϐίωτον
2333 580 2423 611 και
2470 570 2540 631 τῷ
2581 563 2783 633 θανάτῳ
2843 564 3035 613 ὤκνουν
3114 565 3342 616 ὑπακού-

1744 667 1838 700 σαι
1879 642 2041 699 πάλαι
2087 646 2344 722 καλούση,
2397 656 2504 701 Νῦν
2550 645 2599 701 δ’
2654 648 2856 724 ἐπείπερ
2912 650 3073 709 ἐκείνη
3137 649 3338 726 φρούδη

1746 743 1795 791 τί
1824 738 1937 811 ἐμοὶ
1956 744 2046 791 καὶ
2082 742 2143 790 τό
2198 739 2292 811 ζῇν
2345 746 2516 808 τοῦτο,
2574 739 2602 796 ἦ
2659 748 2764 798 πῶς
2820 737 3128 796 ἀναϐλητέον
3193 743 3342 793 ἔσται

1742 848 1833 900 μοι
1876 833 1935 879 1'6
1992 832 2064 899 μὴ
2121 827 2179 879 ού
2241 823 2531 878 κάταδῡναι
2574 824 2679 885 ήδη
2738 831 2864 901 πρὸς
2916 825 3053 898 ᾅδην
3108 827 3342 890 ἀπάσαις

1743 913 1956 978 ὀδύναις
1982 915 2336 991 ὑπέραντλον;
2384 915 2457 977 εἰς
2507 923 2660 967 τούτο
2725 918 2825 989 γάρ
2881 936 2991 987 μοι,
3042 920 3111 978 ὡς
3158 919 3336 985 ἔοικεν,

1744 1008 1773 1064 ἣ
1800 1003 2061 1079 δύσμορος
2086 1006 2192 1065 ζωή
2220 1010 2595 1077 παρατέταται,
2656 1006 2738 1056 ἵνα
2784 1010 3103 1080 μακροτέρας
3154 1005 3340 1059 ἐκτίσω

1743 1091 1901 1156 δίκας
1933 1100 2023 1146 καὶ
2073 1090 2166 1146 διὰ
2207 1097 2410 1147 πάντων
2464 1091 2715 1166 διίξωμαι
2764 1092 3030 1165 ἀλγεινῶν,
3089 1093 3191 1146 κάκ
3244 1103 3336 1146 του

1741 1180 1790 1233 ἐν
1822 1188 2054 1254 Χριστου
2085 1186 2230 1253 χειρὶ
2250 1188 2345 1232 τοῦ
2376 1180 2603 1252 πλήρους
2631 1182 2769 1233 οἴνου
2797 1181 3024 1256 ἀκράτου
3075 1184 3341 1255 κεράσμα-

1739 1289 1825 1331 τος
1887 1274 2090 1342 πίωμαι
2136 1269 2382 1330 πολλάκις
2428 1273 2492 1330 ὡς
2542 1271 2728 1331 πάντες
2781 1273 2829 1321 οἰ
2886 1269 3184 1344 ἀμαρτωλοὶ
3248 1281 3339 1331 τῆς

1739 1366 1858 1430 γῆς.
1906 1358 2043 1411 Ἀλλ’
2098 1360 2204 1411 ἐπεὶ
2259 1365 2347 1410 νῦν
2402 1363 2490 1410 καὶ
2553 1362 2640 1410 τόν
2736 1364 2952 1431 τρυγίαν
3033 1359 3335 1427 ἐκκενὼθην,

1743 1451 2131 1513 συνεκπέπωκα,
2176 1443 2284 1505 ήδη
2339 1446 2387 1508 ἐς
2447 1450 2504 1498 τὸ
2557 1451 2728 1519 χρεὼν
2780 1449 2964 1518 ἄπειμι
3022 1445 3342 1507 διηντληκὼς

1740 1538 1831 1606 μὲν
1857 1538 1947 1595 τὰς
1976 1533 2025 1587 ἐν
2059 1541 2261 1607 σώματι
2284 1537 2451 1606 θνητῷ
2492 1532 2648 1596 δίκας
2686 1535 2896 1597 ἁπάσας
2933 1533 3151 1606 σχεδόν.

1812 1624 1923 1677 Ούκ
1953 1626 2175 1697 εύθυμος
2199 1628 2372 1696 μέντοι
2422 1630 2512 1675 καὶ
2561 1629 2765 1696 χαίρων
2825 1623 3135 1697 μεταϐαινω,
3205 1627 3339 1677 ἔνθεν

1740 1709 1801 1766 δε
1850 1716 1920 1774 ὡς
1942 1718 2036 1771 τὴν
2058 1712 2359 1784 ἀπαλλαγὴν
2414 1720 2504 1764 τού
2554 1713 2650 1785 ζῇν
2703 1713 2774 1774 εἰς
2839 1712 3030 1784 ἀγαθόν
3082 1733 3132 1765 τι
3187 1733 3340 1785 μετα-

1740 1802 1894 1861 ϐολήν
1923 1804 2127 1863 πάντως
2151 1804 2399 1876 εὑρήσωνυ
2455 1802 2599 1874 φοϐεῖ
2657 1806 2755 1875 γάρ
2814 1822 2877 1875 με
2928 1806 2987 1854 τό
3046 1806 3338 1876 προσέρπον

1743 1887 1860 1954 δέος
1890 1893 2077 1967 ἓτερον,
2122 1895 2192 1963 μή
2239 1889 2437 1946 κάκ...

1741 1982 2107 2052 ὑποκείσομαι,
2165 1977 2281 2051 βίον
2338 1977 2605 2051 βεϐιωκὼς
2662 1978 2757 2030 ούκ
2822 1978 3150 2050 ἀνέγκλητον.

2501 1888 2665 1943 ἀπιὼν
2732 1888 3050 1965 βαρυτέραις
3098 1891 3332 1951 εύθύναις

3236 1983 3337 2031 Καὶ

1738 2064 1910 2123 δεινόν
1938 2072 2028 2141 μεν
2062 2072 2149 2120 καὶ
2193 2076 2366 2135 τοῦτο,
2415 2064 2698 2139 δεινότερον
2756 2064 2815 2119 δὲ
2866 2067 3032 2138 ’τολλῴ
3090 2068 3133 2119 εἰ
3192 2066 3343 2119 κάκεῖ

1745 2155 2111 2230 διαστήσομαι
2145 2154 2426 2229 τάδελφοῦ,
2489 2155 2616 2207 ἀλλά
2666 2160 2900 2229 μεγίστῳ
2955 2160 3045 2208 καὶ
3099 2156 3337 2227 χαλεπω-

1742 2251 1868 2322 τέρῳ
1920 2249 2188 2319 χάσματι,
2239 2244 2265 2297 ὃ
2316 2249 2473 2317 μέσον
2529 2244 2836 2317 ἐστήρικται
2884 2252 2977 2296 τοῦ
3032 2264 3087 2296 τε
3153 2250 3336 2320 χώρου

1744 2335 1914 2388 τῶνέν
1944 2332 2050 2392 ἆδη
2108 2332 2532 2407 βασανιζομένων
2585 2338 2676 2386 καὶ
2726 2342 2823 2395 τῆς
2876 2331 3182 2405 εὐδαίμονος
3237 2342 3338 2385 τῶν

1746 2430 2081 2498 μακαριστῶν
2123 2419 2327 2495 ἀνδρῶν
2381 2421 2594 2490 λήξεως,
2649 2421 2721 2483 εἰς
2811 2422 2874 2479 ἣν
2948 2422 3340 2494 μετατάξασθαι

1744 2517 1833 2566 τόν
1892 2509 2111 2584 ἀδελφὸν
2169 2515 2508 2579 πεπίστευκα,
2568 2507 2719 2571 εἰδὼς
2777 2510 2909 2570 ὅπως
2956 2512 3045 2581 μὲν
3102 2511 3175 2571 εἰς
3255 2509 3344 2585 ἀρ-

1745 2605 1954 2676 χέτυπα
2024 2596 2431 2674 παραδείγματα
2507 2598 2706 2651 ἐκείνων
2789 2602 2877 2651 τόν
2958 2597 3143 2651 ἑαυτοῦ
3225 2598 3342 2671 βίον

1748 2690 2046 2745 ἀπευθύνων
2078 2687 2446 2761 διεκόσμησεν,
2478 2690 2617 2748 ὅπως
2651 2684 2711 2740 δε
2758 2692 2848 2740 καὶ
2904 2686 2953 2740 ἐν
3013 2697 3080 2761 γῇ
3142 2685 3346 2762 διατρί-

1749 2778 1850 2833 ϐων
1897 2782 1994 2850 ἔτι,
2051 2777 2283 2847 ἐκείνοις,
2349 2780 2412 2838 ὡς
2500 2776 2632 2847 ἐξὸν,
2708 2773 2873 2847 ἐδίψα
2953 2784 3181 2830 συνεῖναι
3257 2781 3344 2829 καὶ

1751 2867 2164 2941 συναγάλλεσθαι
2225 2869 2293 2919 τὰ
2371 2865 2735 2938 ὑπολείμματα
2832 2866 2993 2937 ἁγίων
3089 2869 3344 2938 σωμάτων

1749 2956 1948 3010 ἐκείνων
2011 2960 2103 3009 καὶ
2147 2957 2213 3007 τὰ
2272 2954 2619 3028 ἂτυπὼματα
2691 2954 2964 3027 συλλεγων,
3014 2978 3033 2985 κ
3052 2957 3346 3014 συνοικιςό-

1748 3050 1898 3120 μενός
1948 3065 2004 3098 τε
2051 3049 2142 3098 καὶ
2184 3051 2300 3105 ταῖς
2351 3042 2594 3096 ἀνωτάτω
2643 3050 2822 3117 τιμαῖς
2902 3042 3192 3115 σεϐόμενος·
3272 3042 3346 3103 εἷς

2832 2866 2993 2937 ἁγίων

1749 3138 1848 3211 γὰρ
1871 3131 2042 3196 οὐδεὶς
2086 3131 2147 3194 ἦν
2212 3132 2450 3186 ἁπάντων
2502 3129 2720 3185 δικαίων
2775 3139 2874 3184 τῶν
2918 3130 3344 3207 ἐγγεγραμμένων

1752 3225 1850 3298 ὅλῳ
1874 3233 1946 3296 τῷ
1976 3223 2147 3294 κύκλῳ
2204 3232 2303 3275 τῶν
2355 3226 2557 3298 ἡμερῶν
2608 3230 2700 3275 τοῦ
2744 3221 3000 3289 ἐνιαυτοῦ,
3054 3222 3110 3283 ὃς
3162 3220 3221 3273 ού
3276 3230 3341 3294 τῇ

1751 3315 1912 3367 αὐτοῦ
1977 3318 2201 3386 μνήμονι
2247 3315 2417 3387 ἡμέρᾳ
2475 3312 2819 3384 ἑορταστικῶς
2877 3307 3178 3363 ἓκυδαίνετο
3233 3308 3348 3383 ἰδίᾳ

1750 3403 1873 3479 παρ’
1940 3401 2131 3455 ἐκείνου
2223 3400 2561 3461 θυσιάζοντος
2633 3408 3011 3472 πνευματικῶς,

1750 3496 2015 3567 ραίροντος
2101 3489 2278 3563 ὒμνοις
2337 3493 2428 3541 καὶ

1749 3599 1969 3653 γμασιν.
2026 3578 2101 3631 Ού
2156 3580 2256 3653 γὰρ
2305 3579 2488 3649 ἠγάπα
2535 3573 2773 3648 δημοσιᾳ
2833 3577 3224 3649 πανηγυρίζων,
3306 3576 3349 3627 εἰ

1751 3674 1939 3742 μήκαὶ
1967 3667 2015 3720 ἐν
2055 3676 2116 3741 τῇ
2172 3668 2285 3720 κατ’
2331 3675 2470 3720 οἰκον
2541 3667 2725 3720 ἑαυτου
2773 3665 3025 3738 ἐκκλησίᾳ
3076 3667 3348 3739 ἀφοσιοῖτο

1751 3765 1825 3828 τῷ
1878 3757 2080 3829 ἑκάστῳ
2135 3760 2458 3828 τετιμημένῳ
2518 3752 2728 3826 δικαίῳ,
2789 3758 2857 3815 ὡς
2921 3758 3013 3812 τὴν
3091 3754 3348 3806 ἐνιαύσιον

3099 3405 3190 3452 καὶ
3260 3419 3347 3471 γε-

2517 3492 2843 3564 παγκάρποις
2929 3492 3129 3563 ὡραίων
3207 3490 3346 3559 ἀπάρ

1755 3850 1824 3906 ὡς
1845 3852 2013 3919 φωνὴν
2053 3845 2427 3917 ἀγαλλιᾶσθαι,
2465 3850 2555 3898 καὶ
2593 3864 2848 3917 σωτήριον
2914 3843 2963 3895 ἓν
3037 3853 3101 3917 τῇ
3158 3852 3347 3915 σκηνῇ,

1755 3939 1845 3987 καὶ
1891 3942 1983 3987 τοῦ
2035 3931 2245 3986 δικαίου
2310 3932 2501 3985 ἓκείνου
2563 3932 2823 4005 ψαλμικὸν
2899 3929 3151 3994 διηνεκῶς
3232 3931 3349 3993 ἐξα-

1756 4024 2024 4077 κούεσθαι.
2066 4021 2214 4084 Φίλος
2239 4017 2326 4073 οὖν
2351 4019 2444 4073 διὰ
2477 4028 2641 4072 ταῦτα
2697 4016 2749 4072 εὖ
2800 4017 2924 4072 οἶδα
2977 4023 3121 4092 παρά
3177 4019 3352 4092 φίλους

1759 4110 1991 4185 ἀφίκετο,
2020 4115 2112 4163 καὶ
2172 4110 2241 4170 εἰς
2280 4112 2375 4171 τὰς
2421 4109 2583 4170 αὐτὰς
2633 4108 2811 4171 αύτοῖς
2867 4109 3078 4169 αἰωνιας
3159 4111 3356 4170 σκηνὰς

1761 4200 2022 4263 εἰσήλασε,
2085 4204 2176 4251 καὶ
2232 4205 2597 4271 συνεμφορεῖτο
2658 4204 2754 4259 τῆς
2829 4196 3112 4272 ἀπεράντου
3188 4217 3357 4270 μακα-

1762 4295 2018 4363 ριότητος.
2073 4287 2415 4359 Ἐντυγχάνει
2464 4282 2523 4338 δε
2599 4282 2772 4345 δήπου
2849 4292 2938 4339 καὶ
3015 4290 3133 4360 περὶ
3211 4288 3356 4358 ημῶν

1767 4381 1992 4453 θαρσῶν,
2023 4380 2089 4430 τά
2117 4396 2171 4430 τε
2198 4376 2327 4428 ἄλλα
2354 4380 2445 4428 καὶ
2469 4377 2540 4437 ὡς
2579 4372 2906 4448 φιλάδελφος,
2957 4375 3116 4436 οὕτως
3171 4377 3198 4427 6
3242 4379 3361 4435 τοὺς

1764 4468 2032 4542 ῥυπῶντας
2060 4468 2342 4539 καθαίρων,
2369 4468 2437 4527 ὡς
2465 4472 2569 4539 πῦρ
2599 4470 2953 4539 χωνευτήριον
2991 4469 3084 4517 καὶ
3138 4468 3206 4527 ὡς
3255 4469 3363 4517 πόα

1765 4555 2078 4620 πλυνόντων,
2134 4560 2226 4608 καὶ
2278 4556 2425 4626 ἡμῶν
2478 4549 2571 4605 διὰ
2617 4560 2717 4604 τῶν
2787 4551 3007 4606 ἕνταῡθα
3059 4561 3363 4628 πειρασμῶν

1770 4647 1839 4705 ὡς
1881 4641 1975 4697 διὰ
2027 4647 2187 4717 πυρὸς
2236 4647 2327 4696 καὶ
2384 4638 2578 4702 ὕδατος
2628 4640 2935 4714 ἀποσμήξη,
3001 4648 3090 4695 καὶ
3148 4643 3221 4703 εἰς
3275 4646 3363 4699 τὴν

1772 4733 1934 4792 αὐτὴν
1981 4732 2204 4805 ἐξαγάγῃ
2248 4729 2550 4802 ἀναψυχὴν,
2610 4734 2701 4783 καὶ
2755 4726 3051 4793 δικαιώσας
3125 4726 3218 4781 διὰ
3274 4738 3365 4787 τῆς

1772 4825 2035 4896 Παρθένου
2067 4818 2227 4875 δώσει
2263 4827 2497 4873 κατοκεῖν
2540 4819 2625 4872 ἐπὶ
2649 4823 2730 4888 τό,
2791 4820 2918 4873 αὐτὸ
2971 4824 3062 4872 καὶ
3114 4816 3163 4870 ἓν
3224 4821 3365 4887 τόπῳ

1776 4919 1971 4974 σκηνῆς
2000 4912 2368 4983 θαυμασθῆναι
2397 4908 2639 4970 αἰωνίως,
