3966 6324
3 383 152 438 12111
556 360 914 439 rationem
938 359 986 438 Π
1040 358 1184 440 iMP.
1209 358 1300 439 ne
1339 350 1791 436 coMMUNmNE
1815 364 2188 438 NATURALI.
2215 410 2285 425 -
2313 379 2711 440 PREFATIO.
3248 359 3386 443 12θέ

3 509 176 574 atra,
202 505 449 578 sanguis
460 509 517 563 et
531 505 763 580 pituita,
796 510 966 565 tanta
984 512 1075 565 est
1094 510 1327 566 naturae
1356 504 1446 562 vis
1462 503 1737 562 inrerum
1757 503 2122 561 naturalium
2152 506 2709 581 temperationibus.
2735 504 2848 561 Sed
2865 504 2994 577 jam
3007 505 3086 562 ad
3116 508 3389 582 secretio-

3 610 155 652 rem
180 595 728 653 considerationem
758 597 1091 655 veniamus.
1132 600 1280 656 Sunt
1310 593 1718 655 animantibus
1732 593 1977 651 rationis
1997 595 2339 668 expertibus
2360 597 2472 653 tria
2498 593 2798 668 plantasia
2836 594 3139 667 quaedam,
3160 597 3390 657 irarum

3 684 209 743 ardor
233 685 507 760 quidam,
530 686 827 759 cupiditas
859 687 1146 760 quaedam
1172 705 1186 757 ;
1216 688 1279 745 in
1299 684 1542 744 nomine
1570 683 1722 741 ratio
1743 698 1877 757 quae
1906 684 2286 757 phantasiam
2317 685 2607 754 nobilitat,
2641 683 2859 742 deinde
2878 686 3038 758 Θυμὸς
3068 690 3126 743 et
3144 686 3392 761 ἐπιθυμία

3 790 166 848 quae
186 775 310 833 duo
325 790 397 832 eo
418 780 558 833 sunt
577 775 875 834 nobiliora
887 778 1054 850 quod
1077 778 1373 835 rationem
1395 773 1860 832 moderatrinem
1880 778 1937 830 et
1957 773 2436 845 gubernatricem
2453 776 2718 832 habeant
2727 774 2858 831 Tria
2879 775 3009 832 haec
3028 774 3201 849 λόγος,
3228 778 3391 851 θυμὸς

3 868 71 920 et
100 863 380 938 ἐπιθυμία,
404 869 469 922 ut
488 868 627 922 sunt
645 864 864 923 animae
888 866 1172 924 humanae
1195 882 1371 941 pares
1392 861 1759 930 essentiales,
1787 862 1849 919 in
1870 864 2202 922 tensionem
2228 870 2285 923 et
2309 865 2723 922 remissionem
2736 880 2860 921 non
2882 865 3393 939 suscipiunt.Nam

3 953 257 1011 ratione
282 953 463 1016 οὐσίας
489 956 761 1012 Socrates
796 971 921 1012 non
942 960 1031 1013 est
1054 956 1250 1028 magis
1279 956 1485 1028 λογικὸς
1517 968 1569 1027 Ψ

1823 957 1919 1025 llo,
1951 957 2052 1010 aut
2076 954 2272 1026 magis
2308 956 2572 1027 Θυμικός,,
2606 958 2711 1012 aut
2740 954 2933 1026 magis
2992 955 3389 1031 ἐπιθυμητικὸς.

4 1043 141 1100 Sed
160 1043 392 1101 ratione
407 1043 807 1118 copulationis
834 1045 1052 1103 animae
1076 1050 1132 1103 et
1160 1044 1453 1103 materiali
1474 1041 1742 1116 corporis
1758 1040 2012 1115 physici,
2036 1044 2325 1116 organici,
2348 1044 2629 1101 dicuntur
2642 1042 2736 1100 hae
2757 1048 3081 1118 potestates
3132 1046 3393 1120 qualita-

4 1143 111 1197 tes
153 1149 239 1191 no
268 1130 566 1200 οὐσιώδεις,
600 1140 657 1192 et
679 1135 932 1208 proinde
956 1135 1358 1194 intensionem
1389 1148 1460 1192 ac
1483 1150 1570 1191 rer

1828 1148 1900 1188 em
1930 1133 2300 1207 suscipiunt:
2343 1133 2496 1191 adeo
2519 1138 2583 1191 ut
2606 1132 2699 1189 hic
2724 1133 2824 1189 illo
2853 1133 3209 1211 λογικώτερος,
3240 1138 3394 1210 θυμι-

3 1228 251 1298 κώτερος
270 1228 326 1280 et
350 1224 786 1298 ἱπιθνμικὼτερος
812 1225 1064 1283 dicatur.
1098 1229 1307 1299 Itaque
1331 1224 1469 1282 bilis
1491 1222 1569 1280 ﬂa

1828 1221 1902 1279 iia
1941 1224 2115 1296 copia
2158 1223 2465 1280 hominem
2517 1223 2865 1298 θυμικώτερον
2909 1224 3123 1281 reddit.
3184 1226 3394 1284 Pituita

3 1312 216 1369 nimia
264 1313 573 1370 hominem
623 1313 825 1371 minus
864 1315 1101 1387 θυμικὸν,
1122 1330 1309 1388 quam
1346 1327 1455 1387 par
1495 1317 1569 1369 esi

1839 1311 2159 1382 Sanguinis
2179 1312 2557 1370 abundantia
2573 1312 2882 1370 hominem
2931 1313 3389 1390 ἑπιθυμικώτερον,

3 1401 330 1459 interdum
355 1402 837 1461 etiamlaetiorem
858 1404 1071 1462 reddit.
1098 1408 1239 1461 Atra
1250 1403 1385 1461 bilis
1405 1402 1714 1459 hominem
1731 1400 2051 1458 tristiorem
2073 1402 2269 1460 efﬁcit.
2290 1408 2575 1460 Praeterea
2588 1403 2739 1475 λόγος
2758 1406 3212 1478 ριιωεθτίίωᾳυθ
3250 1424 3393 1480 πρα-

3 1495 165 1554 κτιός
188 1492 611 1550 interveniente
631 1493 978 1566 phantasia,
1006 1495 1187 1551 utitur
1207 1492 1483 1551 sensibus
1498 1496 1791 1564 tanquam
1808 1490 2469 1550 instrumentis.ldcirco
2499 1493 2728 1551 ratione
2741 1493 3043 1567 qualitatis
3065 1500 3121 1552 et
3135 1499 3397 1569 potesta-

3 1582 90 1638 tis
136 1597 265 1639 non
285 1578 576 1644 οὐσιώδους
604 1582 815 1657 recipit
833 1583 1258 1655 intensionem,
1288 1583 1569 1640 et-remiss

1825 1581 1958 1638 ideo
1978 1586 2044 1638 ut
2063 1598 2221 1639 unus
2241 1582 2426 1639 altero
2455 1582 2793 1657 λογικώτερος
2824 1581 2914 1640 vel
2937 1583 3149 1656 {minus
3186 1585 3391 1658 λογικὸν

3 1670 284 1743 dicatur,
321 1672 623 1729 interdum
658 1673 837 1729 etiam
866 1673 1026 1729 idem
1046 1672 1242 1745 seipso
1271 1671 1611 1745 λογικώτερος
1640 1668 1874 1737 dicitur,
1894 1685 2016 1727 non
2041 1672 2274 1728 ratione
2294 1672 2605 1745 potestatis
2631 1672 2980 1744 essentialis,
3025 1673 3128 1730 sed
3150 1680 3395 1748 propter

3 1760 338 1817 meliorem
368 1761 634 1835 corporis
666 1761 903 1834 physici
930 1766 1169 1819 statum.
1194 1764 1451 1833 Purgato
1491 1763 1650 1817 enim
1681 1761 1945 1828 cerebro,
1978 1763 2307 1835 praesertim
2355 1778 2495 1819 cum
2533 1763 2728 1835 noxiis
2755 1763 3111 1820 humoribus
3156 1765 3394 1823 infesta.

3 1849 374 1923 tur,aliquis
389 1851 466 1907 ad
478 1834 958 1908 ratiocinandum
972 1852 1165 1924 aptior
1177 1851 1346 1909 reddi
1358 1855 1571 1924 potest.
1587 1852 1651 1906 Et
1662 1850 1952 1923 quoniam
1964 1834 2223 1924 quatuor
2235 1852 2520 1908 humores
2534 1867 2594 1908 in
2607 1834 2959 1925 coiporibus
2972 1852 3254 1910 humanis
3266 1853 3396 1926 plu-

3 1939 251 1996 rimum
274 1944 546 2013 possunt,
570 1944 635 1997 ut
657 1944 838 2014 patet,
862 1956 985 1997 non
1006 1936 1302 1998 immerito
1328 1944 1569 1997 connecl

1827 1955 1901 1996 on
1904 1939 1925 2011 j
1936 1942 2243 2011 ugationes
2272 1940 2427 2014 λόγου
2448 1937 2614 2014 θυμοῦ
2634 1942 2927 2014 ἐπιθυμίας,
2951 1958 3091 1999 cum
3107 1943 3393 2014 conjugaa

3 2028 292 2086 tionibus
312 2033 568 2102 quatuor
580 2029 930 2101 humorum,
952 2046 1171 2103 nempe
1188 2030 1323 2087 bilis
1345 2029 1677 2100 ﬂavae,bilis
1695 2034 1859 2096 atrae,
1874 2030 2181 2101 sanguinis
2204 2047 2273 2087 ac
2303 2031 2547 2104 pituitae.
2575 2033 2734 2097 Quas
2755 2030 3000 2104 quidem
3024 2032 3395 2103 conjugatio-

3 2133 127 2176 nes
143 2118 194 2174 si
206 2118 345 2191 quis
359 2118 670 2189 diligenter
681 2120 1395 2193 pervestiget,uonaginta
1410 2120 1562 2176 duas
1576 2118 2023 2193 reperiet,etiam
2036 2133 2159 2176 non
2177 2124 2564 2177 annumerata
2577 2119 2823 2192 simplici
2836 2120 3394 2192 coujugationemeo

3 2208 115 2265 illa
142 2223 287 2281 quae
310 2206 563 2281 simplici
588 2208 927 2282 respondet.
952 2212 1101 2266 Nam
1124 2213 1351 2283 septem
1375 2208 1503 2266 aliae
1526 2208 1979 2281 conjugationes
2032 2210 2234 2283 quaein
2262 2211 2487 2267 unitate
2514 2209 2641 2266 sola
2667 2208 3067 2267 intensionem
3093 2226 3162 2267 ac
3184 2211 3367 2267 remis
3384 2241 3397 2252 -

3 2294 263 2354 sionem
287 2296 883 2370 suscipiunt,nullum
897 2298 1444 2371 autperobscurum
1468 2296 2060 2371 habentusum,quae
2100 2302 2300 2355 tamen
2316 2299 2365 2354 si
2381 2297 2683 2355 addantur
2714 2296 2971 2371 simplici
2991 2313 3062 2355 ac
3081 2299 3395 2369 monagina

3 2387 191 2457 ginta
224 2386 491 2457 duabus,
520 2392 761 2444 centum
788 2387 1244 2460 conjugationes
1276 2388 1566 2445 constitue

1824 2387 2039 2460 quibus
2065 2387 2406 2459 intelligitur
2428 2388 2581 2445 ratio
2614 2388 2942 2461 συμπαθείας
2968 2391 3027 2444 et
3050 2387 3390 2450 ἀντιπαθείαᾴ

3 2474 345 2533 hominum
365 2474 516 2532 inter
531 2491 615 2547 se,
640 2491 776 2549 quae
798 2491 869 2532 ex
881 2477 1099 2533 animas
1114 2480 1168 2533 et
1194 2477 1459 2550 corporis
1484 2476 1746 2548 organici
1767 2478 2000 2552 physici
2020 2478 2399 2551 copulatione
2417 2479 2665 2536 exsistit.
2689 2482 2875 2536 Nemo
2912 2493 3051 2536 vero
3082 2482 3249 2553 putet
3274 2494 3389 2537 nos

3 2564 286 2623 tribuere
306 2580 557 2622 causam
578 2566 775 2622 omnis
794 2566 1129 2624 vitiositatis
1152 2582 1353 2640 pravae
1371 2566 1788 2640 temperationi
1825 2566 2093 2640 corporis
2119 2567 2388 2638 organici
2410 2566 2660 2641 physici.
2684 2569 2833 2625 Nam
2861 2567 3170 2641 quomodo
3200 2570 3258 2621 τὸ
3285 2575 3390 2641 φῶς

3 2654 55 2709 ἓν
90 2659 164 2715 τῆ
213 2659 403 2728 σκοτίᾳ
440 2658 611 2728 φαίνις
640 2658 727 2708 καὶ
751 2655 781 2714 ἡ
808 2660 995 2709 σκοτία
1021 2655 1148 2709 αὐτὸ
1168 2655 1226 2709 οὐ
1262 2654 1569 2730 καταλαμϐά

1830 2672 1858 2713 c
1905 2672 2027 2714 non
2068 2661 2159 2715 est
2216 2662 2494 2715 nostrum
2533 2656 2866 2715 ostendere.
2922 2656 3015 2716 Ad
3044 2667 3396 2731 supremam

3 2743 184 2802 enim
198 2743 562 2815 theologiam
574 2744 828 2818 pertinet
839 2744 969 2801 hac
982 2744 1273 2803 tractatio.
1319 2747 1396 2802 Cu
1404 2761 1569 2819 mque

1830 2746 2012 2803 iblica
2029 2746 2183 2803 ﬁnes
2215 2746 2692 2820 praestantissimi
2723 2746 2840 2803 sint
2864 2745 2930 2800 τά
2966 2755 3067 2799 τῶν
3089 2745 3396 2820 ἀρχιτεκτο-

3 2842 177 2888 νικῶν
197 2832 344 2903 τέλη,
371 2834 608 2906 sintque
641 2834 1088 2908 Ἀρχιτεκτονικοὶ
1117 2835 1531 2909 imperatores,
1560 2851 1569 2891 l

1826 2834 2102 2908 irincipes
2167 2840 2223 2891 et
2281 2835 2696 2908 magistratus,
2754 2834 3085 2892 videndum
3137 2840 3224 2892 est
3273 2837 3392 2893 im-

3 2922 242 2999 primis
272 2926 330 2979 et
355 2922 713 2992 curandum,
744 2928 809 2980 ut
838 2923 1132 2991 educatio,
1164 2928 1406 2977 κοινωνία
1426 2929 1482 2980 et
1525 2924 1569 2980 vi

1826 2940 1863 2982 ο
1918 2933 2018 2978 τῶν
2078 2923 2518 3000 ἀρχιτεκτονικῷν
2565 2920 2788 3000 ἀνδρῶν,
2839 2922 2919 2981 ad
2969 2922 3391 2998 ἀρχιτατονικόν

3 3013 161 3075 τέλος
192 3011 503 3069 referatur.
539 3011 743 3079 Qualis
775 3012 936 3070 enim
964 3018 1052 3071 est
1076 3015 1106 3072 ἡ
1139 3017 1298 3087 σοφία
1326 3012 1478 3070 inter
1498 3029 1569 3071 on

1822 3014 2043 3084 ientias,
2075 3013 2209 3071 talis
2238 3015 2269 3073 ἡ
2303 3018 2552 3090 φρόνησις
2584 3014 2633 3067 ἐν
2676 3019 2787 3075 ταῖς
2824 3013 3115 3075 πολιτικαῖς
3162 3013 3388 3087 ἀρεταῖς.

3 3108 73 3162 Et
102 3105 179 3158 ut
195 3100 481 3175 quaedam
503 3101 765 3159 scientiae
789 3107 1033 3176 propter
1053 3102 1425 3160 nobilitatem
1442 3107 1499 3160 et
1525 3103 1968 3161 aceurationem
1986 3104 2182 3175 magis
2206 3103 2500 3161 accedunt
2521 3103 2600 3160 ad
2622 3101 2979 3176 sapientiam
3009 3117 3023 3170 ;
3041 3102 3125 3160 ita
3144 3096 3390 3176 qquue

3 3197 182 3251 artes
205 3190 495 3264 quaedam
515 3196 572 3248 et
592 3191 872 3260 scientiae,
899 3207 1162 3265 quarum
1190 3208 1335 3249 usus
1364 3192 1427 3249 in
1454 3208 1569 3266 rep‘

1823 3193 2067 3266 eruitur,
2097 3193 2292 3265 magis
2313 3193 2609 3250 accedunt
2634 3195 2765 3267 πρὸς
2785 3195 2879 3252 τὴν
2934 3190 3388 3267 ἀρχιτεκτονικὴν,

3 3279 235 3355 :[nales
259 3283 397 3336 sunt
424 3280 455 3338 ἦ
491 3284 835 3354 στρατήγικὴ,
858 3282 889 3339 ἡ
935 3280 1161 3356 ἰατρική.
1206 3284 1355 3338 Nam
1386 3324 1402 3352 ,
1452 3285 1519 3338 ut

1827 3287 1914 3340 tor
1958 3287 2178 3352 noster,
2236 3290 2373 3359 τρεῖς
2422 3286 2686 3337 κοινωνίαι
2731 3289 2804 3353 τῷ
2852 3280 3077 3357 ἄρχοντι
3131 3277 3393 3358 ἁρμοδιώ-

3 3388 190 3442 τατοι,
235 3367 535 3442 φιλοσοφία,
568 3374 836 3444 στρατεία,
907 3369 1159 3444 ἰατρικὴ,
1207 3369 1337 3442 μετά
1394 3379 1493 3425 τῶν
1554 3371 1568 3422 ἲ

1826 3394 1851 3425 ν
1889 3371 2082 3427 αὐυῶν.
2120 3373 2283 3429 Idem
2335 3371 2517 3445 paulo
2564 3375 2701 3429 ante
2720 3369 2952 3428 dixerat
2986 3385 2999 3427 :
3029 3365 3040 3387 ‘
3071 3376 3114 3424 ο
3144 3369 3392 3443 βασιλεὺς

3 3462 57 3516 »ὕ
84 3465 337 3513 κοινωνιῖ
371 3467 463 3512 τοῦ
487 3457 745 3528 λιθοξοου,
778 3458 884 3513 ἀλλ’
925 3456 1267 3535 ἀποδέχεται,
1300 3459 1435 3515 ὥστε
1497 3463 1554 3515 τὸ
1617 3459 1981 3536 ἁποδέχεσθαί
2052 3466 2185 3524 τινός
2246 3460 2378 3534 ἐστι,
2429 3465 2519 3515 καὶ
2593 3460 2686 3514 οὐκ
2751 3459 2868 3522 ὅλης
2932 3468 3027 3523 τῆς
3101 3462 3392 3523 κοινωνίας·

3 3553 145 3605 ἶπον
186 3565 293 3622 γαρ
315 3551 372 3601 τὸ
404 3553 698 3602 κοινωνικὸν
736 3550 899 3623 ὄνομα
960 3556 1148 3622 κεῖται,
1211 3558 1310 3603 τῶν
1366 3555 1569 3605 κοινὼνν

1828 3550 2073 3610 iniam“:
2113 3556 2432 3625 συμφωνίαν.
2474 3553 2654 3608 Porro
2707 3550 3001 3624 sapientia
3060 3547 3394 3623 prudentia;

3 3644 185 3699 anto
213 3642 476 3711 praestat,
508 3643 736 3711 quanto
766 3654 936 3695 mens
967 3640 1203 3697 animas.
1237 3640 1461 3698 Idcirco
1492 3641 1670 3699 etiam
1697 3640 2032 3699 Aristoteles
2063 3645 2228 3697 sexto
2249 3641 2329 3696 De
2358 3639 2627 3697 moribus
2667 3637 2866 3697 divine
2896 3637 3043 3695 dixit
3070 3655 3083 3694 :
3117 3637 3255 3693 Λλλά
3273 3640 3377 3711 μὴν

3 3726 139 3784 uid“;
174 3732 338 3801 κυρία
366 3732 423 3800 γέ
442 3727 551 3782 ἐστι
580 3737 676 3790 τῆς
709 3734 890 3803 σοφίας
910 3726 1035 3782 οὐδε
1089 3736 1180 3783 τοῦ
1221 3727 1478 3803 βελτίονος
1534 3736 1720 3809 μορίου
1764 3728 1975 3804 ,ὥσπερ
2033 3726 2156 3783 οὐδε
2215 3736 2312 3791 τῆς
2367 3731 2541 3801 ὑγείας
2607 3728 2835 3803 ἰατρική·
2905 3726 2964 3780 οὔ
3027 3745 3128 3800 γαρ
3185 3734 3391 3802 χρῆται

3 3818 147 3878 κύτῆ
165 3856 180 3881 ,
212 3814 327 3869 ἀλλ’
351 3817 447 3891 ὁρᾷ
474 3818 607 3878 ὅπως
635 3821 870 3890 γίνηται.
903 3818 1123 3874 Deinde
1154 3818 1569 3891 subjicitveris;

1824 3819 2169 3876 sententiam
2202 3833 2215 3874 :
2246 3818 2473 3880 Ἐκείνης
2496 3816 2583 3870 οὖν
2614 3819 2755 3871 ἓιεκα
2777 3818 3018 3888 (nempe
3060 3823 3155 3875 τῆς
3180 3814 3390 3887 σοφίας)

3 3908 287 3965 ἱπιτάττει
314 3947 331 3978 ,
366 3905 473 3959 ἀλλ’
496 3906 589 3959 οὐκ
613 3906 798 3967 ἐκείνη.
824 3908 1132 3965 Postremo
1157 3908 1500 3967 acutissime
1528 3909 1569 3966 Ιι

1828 3924 1868 3964 ιι·
1894 3907 2052 3980 illos,
2086 3907 2136 3964 si
2175 3906 2280 3980 qui
2304 3907 2453 3964 forte
2482 3906 2878 3979 reperiantur,
2906 3903 3013 3977 qui
3079 3901 3394 3962 temerario

3 3993 253 4068 iudicio
284 3994 665 4067 prudentiam
691 3994 995 4069 sapientiae
1033 3997 1298 4054 audeant
1327 3996 1569 4055 antefert

1853 3998 2048 4071 ὅμοιον,
2070 3995 2284 4069 inquit,
2324 3995 2419 4049 κᾶν
2445 3998 2569 4057 εἴτις
2608 3997 2702 4054 τὴν
2732 3992 3000 4052 πολιτικὴν
3043 3994 3167 4066 φαίη
3209 3993 3394 4067 ἄρχειν

3 4095 113 4141 τῶν
156 4085 309 4153 Θεῶν,
336 4085 416 4137 ὅτι
438 4082 701 4138 ἐπιτάττει
725 4090 843 4159 περὶ
862 4087 1030 4139 πάντα
1052 4086 1118 4139 τὰ
1147 4085 1194 4139 ἐν
1216 4093 1277 4147 τῆ
1312 4084 1473 4143 πόλει.
1527 4089 1566 4142 Ε

1832 4100 1880 4143 is
1950 4086 2292 4157 intelligitur
2343 4085 2702 4158 sapientiam
2758 4100 2892 4141 esse
2930 4083 3203 4154 reginam
3268 4095 3398 4137 omo

3 4176 197 4234 nium
228 4172 635 4244 scientiarum,
667 4174 1061 4247 omniumque
1086 4176 1328 4247 artium,
1355 4175 1684 4248 praesertim
1714 4190 1854 4233 cum
1878 4176 2200 4251 prudentia
2219 4176 2353 4249 ipsa
2373 4175 2527 4231 illius
2555 4187 2741 4232 causa
2766 4174 2971 4231 omnia
3002 4170 3395 4229 administrat.

3 4264 259 4323 Idcirco
288 4261 523 4320 dicebat
556 4260 916 4334 Aristoteles,
938 4263 998 4318 Εἰ
1047 4256 1114 4323 δὴ
1169 4266 1301 4318 θεῖον
1330 4265 1355 4317 ὀ
1376 4272 1513 4327 Νοῦς
1557 4286 1569 4319 1

1878 4267 2166 4342 ἄνθρωπον,
2230 4270 2322 4318 καὶ
2382 4265 2564 4318 ὁκατά
2623 4267 2709 4317 τὸν
2774 4269 2910 4318 Νοῦν
2974 4260 3087 4335 βίος
3133 4262 3258 4336 πρὸς
3308 4260 3398 4311 τὸν

3 4355 352 4429 ἆνθρωπινον
385 4352 535 4414 θεῖος.
557 4355 775 4410 Verum
804 4357 1007 4411 tamen
1031 4352 1179 4411 illud
1207 4360 1442 4413 constat
1488 4371 1569 4428 qu

1831 4354 2064 4411 issimus
2094 4356 2162 4412 Μ.
2186 4350 2407 4411 Tullius
2423 4352 2572 4409 dixit
2606 4373 2619 4409 :
2652 4354 2872 4410 Omnes
2915 4353 3093 4419 artes,
3152 4353 3397 4405 omnes!-

3 4460 142 4521 que
169 4439 471 4511 scientias,
502 4441 813 4499 communi
832 4443 1100 4517 quodam
1132 4444 1678 4502 societatisvinculo
1691 4443 2005 4502 contineri.
2030 4445 2111 4499 Ex
2129 4459 2252 4516 quo
2282 4441 2785 4502 exsistitxowmta;
2801 4440 3137 4513 sapientum
3162 4432 3314 4494 inter
3336 4444 3409 4493 se

3 4537 298 4604 itemque
325 4528 703 4604 ἐπιστημόνων,
734 4530 994 4606 denique
1024 4532 1340 4602 artiﬁcum,
1379 4533 1715 4590 secundum
1744 4533 1891 4590 illud
1925 4531 2092 4605 quod
2123 4538 2213 4589 est
2241 4532 2434 4603 magis
2467 4533 2526 4588 et
2555 4530 2800 4587 minius.
2851 4532 3002 4587 Nam
3047 4526 3395 4601 reipublicae

3 4622 401 4697 gubernator
425 4621 623 4693 potius
643 4622 1133 4680 communionem
1159 4638 1229 4679 ac
1250 4622 1593 4679 societatem
1612 4622 1787 4680 inibit
1813 4638 1953 4679 cum
1973 4622 2126 4679 duce
2144 4624 2459 4687 exercitus,
2489 4620 2587 4678 vel
2604 4637 2743 4677 cum
2766 4618 3002 4676 medico
3051 4632 3237 4691 quam
3259 4628 3400 4673 cum

3 4709 319 4771 cerdone.
347 4711 410 4766 Et
437 4710 676 4783 sapiens
694 4711 783 4767 vir
794 4727 933 4768 cum
954 4712 1082 4768 viro
1103 4712 1394 4784 prudente
1420 4713 1619 4785 potius
1636 4713 2126 4770 communionem
2149 4711 2489 4780 constituet,
2514 4726 2702 4784 quam
2744 4725 2882 4767 cum
2909 4705 3147 4769 artiﬁce.
3175 4705 3400 4773 Eodem

3 4800 221 4863 modo
248 4797 325 4854 de
340 4798 584 4873 reliquis
600 4800 1004 4872 judicandum
1026 4804 1131 4857 est.
1153 4804 1446 4858 Hactenus
1469 4802 1649 4874 igitur
1672 4804 1747 4858 de
1795 4802 2221 4859 communione
2243 4799 2676 4857 elementorum
2699 4802 2755 4855 et
2773 4812 2975 4855 rerum
2999 4810 3071 4851 ex
3092 4790 3398 4850 elementis

3 4885 510 4960 compositarum
530 4894 709 4962 atque
726 4888 879 4946 adeo
901 4889 976 4947 de
997 4890 1422 4947 communione
1443 4890 1921 4947 hominuminter
1941 4906 2024 4947 se.
2039 4891 2332 4957 Quoniam
2356 4892 2559 4946 autem
2578 4901 2779 4944 rerum
2794 4887 2945 4942 inter
2972 4897 3034 4939 se
3063 4878 3400 4938 communi-

3 4980 194 5043 catio
208 4977 471 5034 maxime
492 4977 552 5034 in
572 4977 905 5050 ﬁgurarum
924 4979 1376 5037 coordinatione
1390 4980 1666 5053 cernitur,
1676 4980 1986 5037 sciendum
2000 4984 2085 5037 est
2104 4980 2362 5051 ﬁguram
2378 4971 2773 5034 orbiculatam
2787 4973 3049 5047 maxime
3070 4982 3402 5027 aceomom-

3 5071 247 5129 datam
261 5079 392 5121 esse
412 5065 489 5121 ad
502 5066 933 5124 continendum
948 5071 1005 5123 ct
1016 5067 1556 5141 compiectendum,
1578 5068 1719 5141 quia
1731 5067 2017 5125 nimirum
2040 5066 2411 5137 exfomnibus
2426 5062 2638 5135 ﬁguris
2668 5064 2755 5120 est
2770 5058 3185 5134 capacissima,
3208 5055 3403 5141 ᾃκλινσ-

6 5160 205 5216 στάτη
236 5157 331 5206 καί
359 5152 590 5227 μάλιστα
616 5158 918 5231 τεταγμένη.
958 5138 1182 5214 Idcirco
1205 5157 1381 5214 orbes
1407 5138 1572 5214 caele:

1837 5174 1853 5214 δ
1880 5157 2305 5228 ﬁgurationem
2317 5152 2607 5210 obtinent.
2642 5149 2982 5209 Secundum
3003 5138 3403 5203 orbiculatam

14 5243 475 5310 constituimus
509 5245 869 5318 quadratam
893 5246 1173 5319 ﬁguram.
1208 5250 1273 5303 ln
1302 5248 1485 5303 tertiis
1518 5247 1784 5304 consistit
1815 5246 2181 5317 triangulum
2211 5242 2641 5316 aaquilaterum.
2697 5236 3099 5306 Quamobrem
3129 5232 3404 5291 omnium

5 5333 489 5395 mundanarum
508 5335 837 5407 ﬁgurarum
861 5335 1212 5393 orbicularis
1232 5336 1410 5408 longe
1439 5341 1526 5394 est
1544 5335 2032 5410 praestantissima
2051 5337 2295 5408 propter
2315 5347 2416 5389 eas
2437 5344 2656 5388 causas
2676 5342 2829 5401 quas
2851 5325 3176 5390 attulimus,
3196 5322 3253 5378 et
3268 5330 3404 5410 pro-

5 5432 167 5503 pter
201 5421 353 5480 alias
375 5422 578 5496 plures
605 5441 759 5499 quas
785 5425 955 5484 Plato
980 5432 1038 5483 et
1068 5426 1408 5484 Aristoteles
1442 5408 1718 5484 aﬁ‘erunt.
1740 5430 1814 5485 At
1847 5425 1912 5482 in
1940 5427 2076 5482 ortu
2098 5436 2302 5481 rerum
2331 5419 2465 5478 alia
2512 5418 2721 5489 ﬁgure
2751 5410 2974 5473 habent
2997 5410 3202 5472 lenus:
3260 5408 3408 5483 quia

7 5517 158 5574 εὐθὺ
192 5520 257 5572 τῆ
292 5515 570 5585 νεανίσκω
599 5515 803 5588 primis
834 5516 1129 5574 convenit.
1158 5514 1310 5583 Quia
1336 5531 1479 5573 vero
1506 5531 1601 5574 res
1643 5516 1706 5572 in
1767 5510 2089 5573 orhiculari
2140 5512 2243 5569 illa
2306 5507 2667 5581 ﬁguratione
2730 5503 3190 5580 quodammodo
3233 5509 3409 5588 suam

7 5600 474 5682 perfectionem
500 5586 939 5677 adipiscuntur,
968 5604 1190 5665 idcirco
1233 5603 1317 5662 sic
1350 5604 1465 5660 κατ’
1496 5602 1573 5660 ἀνι

1840 5612 1926 5669 τῆς
1954 5607 2194 5679 γενέσεως
2241 5598 2539 5659 elementa
2598 5596 2736 5671 ipsa
2763 5598 2821 5656 et
2842 5606 2942 5656 res
2967 5602 3104 5669 qu.
3147 5596 3224 5655 at!
3282 5586 3406 5648 elo-
