3966 6324
621 349 757 406 1263
2037 350 2184 406 ADD

2388 388 2399 402 .
3825 357 3931 412 126';

611 472 828 529 mentis
847 474 1144 532 constant.
1167 471 1376 541 ﬁguras
1397 471 1552 528 illius
1572 472 1924 529 orbicularis
1945 471 2354 543 praestantiam
2376 469 2596 526 imitari
2615 474 2930 527 conantur.
2960 471 3260 542 Superest,
3294 477 3358 528 ut
3380 473 3477 530 his
3500 474 3821 546 diligenter
3840 495 3927 535 cou-

615 560 906 625 sideratis,
927 558 1263 628 videamus,
1290 560 1656 632 quibuscum
1687 563 2032 617 societatem
2057 561 2351 616 ineamus.
2375 559 2605 614 Clamat
2637 559 2931 631 sapientia
2961 577 2974 614 :
3003 560 3110 616 Fili
3141 561 3240 630 mi,
3267 563 3480 618 recede
3503 580 3547 619 a
3572 566 3928 623 malorumm-

615 649 762 719 bita,
795 653 915 704 tere
936 648 1146 704 limina
1175 650 1514 721 sapientum
1547 667 1561 704 :
1589 655 1647 706 et
1675 649 2150 722 sapientissimus
2171 649 2386 704 Paulus
2409 665 2547 704 cum
2571 649 2893 704 Menandro
2914 650 3146 714 asserit,
3174 667 3502 722 pravorum
3549 659 3930 712 consuetudia:

614 742 810 794 bonos
830 753 1028 793 mores
1049 737 1366 810 depravari
1383 755 1454 794 ac
1475 740 1798 812 corrumpi.
1823 739 2230 805 Quamobrem
2251 738 2328 793 illi
2349 740 2451 811 qui
2471 740 2532 794 in
2553 739 3032 796 administranda
3047 741 3356 812 republica
3375 747 3523 798 sunt
3564 743 3932 817 dupla-areum

614 827 858 882 videant
883 843 1022 882 cum
1043 827 1265 899 quibus
1285 829 1776 885 communionem
1791 831 2178 897 constituant,
2198 843 2272 883 ne
2293 833 2441 883 torte
2467 829 2726 882 Nerones
2747 832 2805 882 et
2833 827 3195 897 Heliogabali
3217 829 3476 886 evadant
3497 848 3512 885 :
3547 848 3625 887 ac
3654 835 3846 889 verius
3867 841 3939 891 sint

613 923 886 972 monstra
900 932 1087 988 quam
1099 917 1393 973 homines.
1413 918 1676 990 Denique
1698 918 1915 989 singuli
1927 918 2204 973 homines
2227 917 2290 972 in
2309 915 2621 988 republica
2645 915 2858 971 eadem
2877 917 3006 972 hinc
3023 922 3324 989 prmeepta
3338 935 3449 990 pro
3471 936 3597 976 suo
3613 937 3835 992 genere
3853 928 3937 980 vita

603 1020 686 1061 ac
712 1005 980 1062 instituto
1008 1005 1322 1075 diligenter
1347 1006 1685 1078 observent,
1709 1012 1775 1063 ut
1799 1022 2007 1062 veram
2035 1006 2382 1062 beatitatem
2417 1001 2660 1060 ta'ndem
2698 1019 2910 1060 omnes
2947 1021 3363 1079 assequamur.

1879 1266 2688 1390 SYNOPSIS

944 1529 1187 1624 SEU
1252 1529 1934 1624 ΗΕΡΕΤΙΤίΈ
2001 1529 2736 1624 SIGILLATIM
2802 1529 3660 1628 HYPOTHESES

1145 1779 1417 1910 SEX
1473 1779 2190 1911 THEODORI
2246 1779 2656 1911 DUCE
2730 1779 3439 1910 SEBMONIS

1872 2049 2300 2117 AUCTORE
2347 2049 2696 2119 EODEM.

1842 2392 2133 2482 ΡΡιΙΜΙ
2189 2392 2714 2484 SEBMONIS.

670 2607 738 2665 In
758 2606 956 2679 primo
981 2620 1257 2662 sermone
1287 2605 1546 2662 ostendit
1569 2606 1776 2662 omnia
1801 2622 1993 2662 unum
2013 2622 2144 2662 esse
2167 2612 2410 2679 propter
2428 2611 2728 2675 naturam,
2749 2621 2824 2663 ac
2852 2623 3060 2663 rursus
3103 2607 3342 2678 singula
3380 2609 3572 2665 dividi
3603 2612 3768 2668 inter
3793 2629 3873 2677 se,
3902 2628 3948 2668 at

597 2696 872 2752 distribui
896 2697 956 2752 in
985 2701 1204 2752 natura
1234 2713 1248 2750 :
1276 2711 1388 2752 nec
1411 2712 1485 2751 ex
1524 2696 1900 2752 naturalibus
1924 2701 2090 2752 extra
2114 2702 2392 2754 naturam
2413 2712 2546 2752 esse
2566 2695 2929 2768 quidquam.
2960 2699 3037 2753 Ex
3061 2697 3282 2768 quibus
3310 2697 3669 2768 intelligitur
3689 2707 3947 2757 naturai:

595 2800 729 2842 esse
767 2801 1154 2842 communem
1184 2785 1468 2841 omnibus
1495 2784 1675 2841 rebus
1708 2785 2104 2847 naturalibus,
2133 2791 2190 2841 et
2224 2786 2286 2841 in
2306 2801 2380 2841 ea
2404 2784 2744 2854 generalem
2775 2785 3263 2842 communicandi
3287 2777 3544 2842 modum
3607 2790 3799 2845 situm
3824 2807 3945 2846 esse.

594 2873 984 2944 Deindeintra
999 2880 1279 2930 naturam
1299 2873 1746 2930 distributiones
1759 2874 2259 2944 temperationum
2273 2874 2582 2940 consitere,
2598 2879 2653 2930 et
2677 2890 2782 2945 per
2807 2874 3264 2947 temperationes
3277 2876 3644 2933 secundario
3659 2879 3854 2935 modo
3877 2896 3945 2934 res

589 2963 743 3018 inter
764 2979 828 3018 se
848 2963 1314 3024 communicare.
1343 2963 1410 3018 Hi
1435 2963 1558 3018 duo
1576 2968 1716 3018 sunt
1736 2962 1901 3018 modi
1921 2962 2096 3018 nobis
2118 2963 2176 3018 in
2194 2963 2402 3033 primis
2420 2963 2808 3019 observandi.
2834 2963 3013 3019 Addit
3050 2971 3342 3036 prieterea
3365 2981 3472 3036 per
3494 2970 3946 3038 temperationes

588 3067 685 3108 res
711 3067 835 3108 non
864 3052 1020 3107 uniri
1039 3051 1333 3118 absolute,
1359 3052 1467 3107 sed
1490 3052 1824 3107 secundum
1839 3052 2229 3124 proprietates
2248 3052 2445 3120 magis
2477 3057 2782 3121 cognatas.
2812 3055 2875 3107 Et
2903 3053 3214 3124 quoniam,
3238 3059 3301 3108 ut
3333 3054 3415 3108 ait
3437 3056 3750 3121 Socrates,
3795 3058 3945 3128 '03::

580 3149 678 3208 ,τῆς
735 3140 913 3212 ψυχῆς
971 3142 1072 3195 ὑπὸ
1171 3150 1270 3192 τῶν
1361 3140 1525 3192 ἄλλων
1607 3137 2036 3212 ἐπιτηδευμάτων
2117 3139 2563 3212 ἀποτυφλούμενον
2625 3145 2714 3192 καὶ
2778 3145 3233 3214 κατορυττόμενον,
3301 3141 3399 3193 ὑπὸ
3466 3152 3572 3194 τῶν
3634 3149 3940 3217 μαθημάτιίι

590 3232 755 3298 μόνων
788 3228 1248 3302 ἀναζωπυρεῖσθαι
1278 3233 1368 3280 καὶ
1398 3228 1749 3301 ἀνεγείρεσθαι
1780 3228 1991 3299 πέφυκε,
2023 3228 2156 3283 idcil

2373 3229 2534 3284 endit
2562 3229 2625 3283 in
2673 3231 2940 3284 numeris
3001 3245 3070 3285 ac
3125 3230 3333 3298 ﬁguris
3403 3237 3750 3305 utrumque
3806 3251 3939 3290 eom-

586 3317 938 3374 municandi
967 3318 1237 3374 modum.
1271 3317 1796 3382 Quemadmodum
1822 3317 1982 3372 enim
2021 3321 2078 3368 τὸ
2105 3337 2152 3368 m

2375 3317 2656 3372 referente
2691 3317 2911 3385 Proclo,
2943 3321 3116 3378 πάσης
3147 3318 3399 3390 ἐξηγῆται
3427 3327 3616 3394 σειρᾶς
3675 3329 3774 3375 καὶ
3807 3328 3941 3375 πῶτε

589 3403 696 3456 ἑνοῖ
747 3408 814 3458 τὰ
871 3409 1097 3477 μεριστὰ
1159 3411 1249 3457 καὶ
1311 3410 1523 3476 συνέχει
1587 3412 1676 3457 καὶ
1742 3407 1903 3479 ὁρίζει
1967 3408 2061 3466 τὰς
2144 3403 2404 3478 προόδους
2471 3406 2640 3457 αὐτῶν
2703 3411 2791 3458 καὶ
2845 3409 3090 3480 παράγει,
3160 3412 3250 3460 καὶ
3313 3407 3706 3481 περιλαμϐάνει
3778 3433 3941 3465 παντί-

583 3494 768 3564 κόθεν,
787 3493 874 3551 ita
909 3495 1090 3550 etiam
1116 3509 1319 3549 rerum
1342 3494 1707 3550 naturalium
1728 3510 1939 3550 omnes
1971 3500 2166 3565 partes
2186 3501 2403 3551 natura
2425 3496 2570 3562 unit,
2589 3496 2850 3551 continet
2870 3501 2927 3552 et
2957 3497 3250 3553 terminat.
3308 3499 3375 3552 Et
3405 3504 3471 3552 ut
3500 3498 3785 3556 circulus
3814 3503 3941 3553 m1.-

584 3583 774 3657 γς-»ίαν
803 3581 1065 3652 ﬁguram
1083 3581 1512 3653 complectitur,
1534 3583 1618 3639 ita
1643 3583 1824 3640 etiam
1843 3588 2062 3640 natura
2088 3600 2290 3639 rerum
2315 3584 2681 3640 naturalium
2703 3584 3148 3640 multitudinem
3164 3591 3220 3641 et
3272 3585 3639 3644 varietatem
3671 3592 3936 3647 continet.

1771 3743 2194 3835 SECUNDI
2253 3742 2767 3838 SEBMUNIS.

656 3929 722 3982 In
748 3925 1014 3984 secundo
1029 3940 1303 3983 sermone
1323 3923 1397 3981 de
1410 3925 1843 3980 elementorum
1860 3921 2284 3977 communione
2307 3921 2446 3991 agit,
2470 3938 2656 3993 quam
2668 3921 2916 3994 quidem
2948 3923 3439 3979 communionem
3453 3940 3569 3980 seu
3602 3929 3800 3980 ἕνωσιν
3822 3929 3943 3998 ejus-

582 4013 751 4072 mOdi
776 4033 904 4072 esse
934 4018 1130 4081 docet,
1153 4021 1216 4071 ut
1246 4016 1318 4071 sit
1338 4015 1426 4073 ὄλη
1449 4021 1560 4076 τοῖς
1580 4012 1710 4074 ὅλοις
1737 4009 1772 4064 δ
1778 4012 1811 4063 ι’
1833 4011 1958 4064 ὅλων
1988 4016 2077 4063 καὶ
2101 4011 2148 4062 oi

2379 4030 2438 4081 τῳ
2466 4020 2634 4062 τινῶν.
2668 4011 2938 4067 Ostendit
2958 4012 3138 4066 etiam
3164 4012 3474 4084 quomodo
3500 4018 3859 4073 secundum
3878 4035 3945 4071 ra-

584 4105 773 4160 tiones
799 4106 1185 4182 harmonicas
1220 4101 1515 4160 elementa
1560 4101 2008 4159 communicent
2043 4102 2194 4155 inter
2223 4115 2305 4164 se,
2336 4115 2553 4170 nempe
2587 4099 2914 4154 secundum
2956 4100 3228 4172 dulplam
3249 4101 3572 4172 rationem,
3613 4107 3946 4179 sesquialtE-

581 4208 714 4248 ram
749 4198 805 4249 et
828 4194 1277 4266 sesquitertiam.
1306 4193 1527 4248 Deinde
1551 4191 1761 4247 transit
1794 4190 1870 4245 ad
1910 4188 2393 4261 temperationes,
2426 4188 2856 4260 mistionesque
2891 4186 3129 4244 illarum
3168 4205 3369 4244 rerum
3414 4206 3558 4262 quae
3593 4209 3678 4248 ex
3705 4203 3944 4268 quatas:

580 4280 887 4336 elementis
905 4286 1198 4337 constant.
1230 4287 1310 4335 Ac
1331 4281 1593 4352 primum
1619 4280 1740 4348 agit
1769 4277 1843 4334 de
1875 4277 2392 4349 temperationibus
2415 4293 2545 4349 quae
2577 4282 2898 4332 cernuntur
2922 4277 2982 4332 in
3013 4277 3379 4344 inanimatis,
3411 4283 3478 4334 ut
3497 4279 3564 4335 in
3615 4284 3886 4339 metallis
3907 4291 3946 4335 ei

577 4366 642 4420 in
667 4366 994 4437 lapidibus.
1029 4368 1250 4423 Deinde
1279 4369 1493 4423 transit
1529 4367 1608 4423 ad
1632 4366 2092 4438 temperationes
2116 4366 2350 4421 illarum
2374 4381 2573 4420 rerum
2595 4382 2729 4438 quae
2755 4366 2975 4438 partim
3001 4368 3282 4422 animatae
3319 4368 3542 4439 partim
3606 4371 3940 4428 inanima}-

581 4453 878 4520 videntur,
911 4456 1254 4527 cujusmodi
1284 4461 1424 4511 sunt
1454 4456 1693 4527 plantae.
1724 4455 1913 4512 Tertio
1967 4455 2047 4510 ad
2111 4455 2590 4526 temperationes,
2658 4471 2796 4526 quae
2826 4454 2889 4510 in
2918 4455 3283 4511 animalibus
3303 4457 3676 4530 cernuntur,
3711 4460 3942 4518 accedi;

1782 4613 2123 4705 TERTII
2183 4614 2710 4706 SERMONIS.

646 4793 786 4849 Cum
815 4793 998 4851 homo
1025 4795 1097 4851 sit
1124 4793 1686 4869 praestantissimum
1716 4793 1862 4849 illud
1883 4793 2126 4860 animal,
2161 4793 2222 4849 in
2254 4793 2420 4866 quod
2458 4807 2668 4848 omnes
2700 4792 3136 4849 communionis
3174 4793 3390 4851 modos
3419 4800 3658 4853 natura
3683 4797 3943 4855 contulit.

576 4895 772 4954 operte
790 4885 1045 4955 pretium
1060 4885 1254 4940 fuitde
1270 4883 1800 4956 temperationibus
1812 4882 2124 4938 hominum
2156 4899 2352 4953 agere.
2382 4885 2500 4938 Has
2523 4884 2700 4952 igitur
2727 4882 2841 4938 hoc
2854 4883 2912 4938 in
2934 4882 3089 4939 libro
3107 4884 3558 4940 accuratissime
3582 4894 3942 4958 pertractat:

573 4983 728 5041 quas
750 4973 1080 5042 nonaginta
1099 4973 1252 5030 duas
1268 4987 1396 5028 esse
1412 4972 1640 5035 asserit.
1665 4977 1875 5043 praeter
1895 4971 2228 5042 simplicem
2254 4971 2489 5028 etillam
2509 4987 2643 5044 quae
2693 4971 2950 5043 simplici
2997 4971 3336 5044 respondet.
3366 4972 3665 5043 Galenus,
3693 4977 3814 5033 lib.
3841 4994 3859 5032 1
3883 4976 3945 5029 Ds

575 5055 819 5129 temper.
848 5061 1146 5133 sapienter
1172 5066 1392 5132 monet,
1426 5076 1462 5115 a
1501 5060 1652 5115 bene
1674 5063 2000 5131 temperata
2022 5061 2438 5116 constitutione
2463 5061 2870 5132 incipiendum
2897 5075 3052 5131 esse,
3091 5061 3207 5116 nisi
3234 5061 3370 5134 quis
3390 5062 3531 5117 velit
3559 5063 3635 5119 in
3690 5077 3943 5121 errorem

563 5147 793 5205 induci.
811 5151 954 5204 Nam
972 5150 1169 5204 sicum
1189 5149 1340 5205 bene
1357 5152 1686 5220 temperata
1707 5147 1852 5203 alias
1869 5149 2330 5219 temperationes
2377 5150 2840 5221 comparaveris,
2865 5150 3029 5205 nullo
3051 5151 3292 5219 negotio
3305 5149 3473 5222 quod
3493 5150 3560 5206 in
3601 5155 3839 5225 quavis
3873 5167 3946 5208 ex-

569 5236 1576 5310 cedat,deﬁciatve,reperies.Quare
1602 5237 1796 5308 primo
1823 5236 1898 5293 de
1921 5237 2034 5292 illis
2062 5253 2198 5310 quae
2224 5243 2287 5293 ut
2317 5238 2662 5309 simpliciter
2691 5235 3032 5310 temperatis
3063 5244 3166 5294 aut
3195 5241 3622 5310 intemperata
3652 5243 3942 5299 constitu-

569 5327 761 5382 tiones
784 5326 1255 5392 considerantur,
1271 5325 1594 5381 dicendum
1625 5331 1728 5382 θεῖ.
1753 5326 2012 5398 Simplex
2045 5331 2131 5382 est
2154 5325 2415 5399 illa,qua=.
2436 5342 2631 5398 neque
2660 5326 3053 5383 intensionem
3068 5341 3264 5401 neque
3279 5327 3727 5388 remissionem
3760 5330 3942 5388 habet.

568 5415 674 5469 sed
688 5415 993 5501 mqggliter
1013 5415 1306 5471 habetilla
1318 5419 1544 5484 septem
1561 5420 1606 5470 A
1629 5417 1667 5469 Β
1698 5414 1759 5484 C,
1774 5417 2111 5487 praetereaE
2136 5417 2174 5471 F
2191 5417 2234 5471 G
2265 5414 2333 5468 H.
2357 5415 2470 5470 Sed
2488 5415 2779 5486 quoniam
2799 5415 3099 5486 ejusmodi
3129 5415 3479 5472 constitutio
3507 5419 3942 5489 perfectissime

569 5491 948 5572 aequalis"viz
968 5503 1273 5574 reperitur,
1294 5503 1513 5559 idcirco
1529 5503 2001 5573 illaconstitutio,
2020 5520 2156 5577 quae
2186 5503 2266 5560 ad
2290 5504 2448 5560 hanc
2467 5503 2898 5576 perfectissime
2929 5503 3224 5577 aqualem
3246 5505 3522 5576 proxime
3553 5507 3849 5571 accedet,
3863 5505 3945 5560 erit

565 5586 629 5643 in
653 5588 863 5657 primis
880 5589 1178 5661 optabilis.
1207 5589 1304 5644 Iile
1325 5581 1862 5661 temperatissimus
1882 5592 2068 5647 homo
2089 5596 2199 5658 est,
2221 5592 2415 5664 inquit
2435 5592 2711 5662 Calenus,
2729 5592 2835 5664 qui
2862 5593 3131 5664 corporis
3148 5593 3360 5650 habitu
3384 5593 3638 5651 medius
3685 5601 3786 5653 est
3813 5596 3948 5650 inter

567 5673 982 5749 gracilitatem,
1013 5677 1490 5747 crassitudinem,
1508 5678 1808 5750 duritiem,
1831 5679 2163 5750 mollitiem,
2195 5680 2461 5753 itemque
2476 5680 2738 5739 calorem
2766 5685 2824 5737 et
2849 5680 3059 5752 frigus.
3081 5681 3248 5739 ldem
3295 5683 3504 5741 animo
3532 5699 3804 5758 quoque
3833 5696 3943 5738 me-
