3966 6324
31 301 171 372 8βό
648 299 1000 358 THEODORI
1025 302 1073 357 II
1105 299 1244 358 IMP.
1278 301 1368 356 DE
1393 296 1852 368 COMMUNIONE
1889 299 2263 363 NATURALI.
2295 337 2366 348 ——
2393 305 2791 363 PBJEFATIO.
3280 311 3420 368 1266

23 423 165 482 lius
193 431 293 484 est
328 427 480 483 inter
503 427 824 483 audaciam
850 431 907 483 et
933 427 1230 493 timorem,
1258 427 1411 481 inter
1441 425 1914 481 misericordiam
1941 430 1998 482 et
2027 427 2338 486 invidiam.
2382 433 2478 487 Est
2518 431 2700 487 etiam
2729 430 2946 498 alacer,
2979 431 3264 504 φιλόφιλος,
3303 433 3416 490 hu-

21 529 259 571 nanus
280 520 336 572 et
363 515 646 588 prudens,
679 519 735 571 et
763 516 1052 588 quoniam
1079 515 1446 587 comparatio
1467 513 1529 571 in
1544 514 1638 572 his
1654 516 2182 588 conjugationihus
2201 517 2402 577 locum
2423 520 3059 592 habet,circumspecte
3078 521 3410 580 videndum

28 607 126 674 st,
167 606 329 679 quid
353 621 492 661 cum
526 620 650 678 quo
688 605 1094 662 conferamus.

1239 837 1610 935 QUARTI
1671 839 2196 932 SEBMONIS.

17 1067 337 1132 )uoniam
357 1068 642 1130 ἑπιτάσεως
665 1072 756 1120 καὶ
791 1066 1004 1129 ἀνέσεως
1040 1066 1129 1126 vis
1181 1081 1583 1140 permagnum

1858 1075 2048 1125 usumi
2078 1070 2141 1125 in
2183 1071 2744 1142 conjugationibus,‘
2791 1073 2878 1128 uti
2922 1089 3106 1144 supra
3141 1073 3392 1132 demon-

17 1160 290 1212 :tratum
312 1161 415 1228 est,
439 1158 500 1212 in
526 1157 636 1212 hoc
656 1160 868 1228 quarto
895 1172 1172 1212 sermone
1194 1157 1583 1213 accuratissin

1826 1163 1913 1214 )at
1949 1158 2182 1211 ἐπίτασιν
2203 1165 2293 1212 καὶ
2345 1160 2539 1223 ἄνεσιν,
2597 1161 2712 1217 hoc
2740 1166 2832 1217 est
2895 1162 3295 1219 intensionem
3320 1180 3392 1220 ac

15 1245 452 1300 'emissionem
473 1260 601 1300 esse
647 1252 740 1297 τοῦ
762 1251 936 1311 ποιοῦ,
981 1259 1105 1300 non
1136 1249 1338 1302 autem
1384 1245 1563 1307 ούσίας

1822 1255 1999 1302 ποσοῦ.
2035 1245 2373 1320 Ἐπιδέχεται
2401 1247 2480 1317 δὲ,
2501 1250 2695 1322 inquit
2719 1251 3074 1321 Aristoteles,
3108 1256 3168 1303 τὸ
3198 1252 3388 1324 μᾶλλον

15 1337 91 1383 :oi
117 1337 189 1385 τὸ
222 1335 376 1392 ἧττον
395 1336 461 1385 τά
479 1355 590 1390 ποι.
618 1333 796 1386 λευκὸν
824 1335 925 1405 γάρ
953 1333 1140 1404 μᾶλλον
1166 1339 1256 1384 καί
1284 1335 1438 1392 ἧττον
1482 1335 1581 1406 ἔτερ

1821 1357 1857 1388 μυ
1904 1337 2106 1408 λέγεταε
2155 1381 2168 1403 ,
2225 1343 2334 1404 etc,
2387 1341 2450 1393 In
2499 1339 2614 1394 hoc
2666 1341 2848 1395 etiam
2889 1355 3163 1395 sermone
3214 1341 3387 1399 docet

14 1427 275 1494 )ropter
301 1423 648 1494 qualitatem
694 1437 788 1478 res
835 1422 951 1478 dici
991 1422 1210 1477 similes
1257 1427 1314 1478 et
1362 1423 1580 1480 disemil

1819 1445 1916 1478 ιοια
1963 1421 2023 1478 δὲ
2050 1447 2081 1484 η
2109 1425 2346 1497 ἀνόμοια,
2403 1427 2598 1498 inquit
2635 1427 2989 1497 Arsitoteles,
3052 1447 3186 1480 κατα
3222 1450 3385 1501 μονας

13 1512 100 1570 ὀἱς
135 1516 435 1572 ποιότητας
467 1511 688 1582 λέγεται·
727 1513 902 1583 ὅμοιον
939 1513 1040 1584 γὰρ
1070 1511 1236 1584 ἕτερον
1273 1511 1424 1587 ἑτέρῳ
1454 1514 1568 1563 κατ’
1607 1513 1700 1564 ἄλλ
1737 1511 1910 1583 οὐδὲν,
1943 1513 2050 1584 (ἷιλλ⁴
2105 1514 2136 1572 ἣ
2192 1515 2308 1567 καθ’
2334 1517 2508 1568 ὃποιόν
2561 1515 2698 1572 ἐστι.
2736 1515 2848 1572 Sed
2886 1531 3180 1588 quorsum
3208 1517 3384 1574 haec?

13 1599 317 1654 limitum
339 1604 403 1656 ut
429 1600 692 1656 sciamus
722 1599 1122 1656 intensionem
1152 1615 1222 1656 ac
1249 1599 1684 1667 remissionem,
1727 1602 2176 1659 similitudinem
2206 1618 2278 1660 ac
2315 1603 2863 1659 dissimilitudinem
2927 1605 3149 1661 habere
3177 1605 3380 1662 locum

11 1703 50 1743 n
82 1689 470 1744 enumeratis
495 1682 1042 1760 conjugationibus,
1073 1703 1196 1746 non
1225 1689 1455 1745 ratione
1484 1689 1577 1742 οὐσ

1811 1691 2073 1751 [ratione
2132 1699 2225 1760 τοῦ
2283 1699 2438 1754 ποιοῦ
2485 1700 2578 1754 τῆς
2605 1697 2906 1759 ποιότητος,
2975 1694 3142 1766 quod
3197 1695 3377 1753 etiam

12 1793 203 1850 rupra
237 1777 612 1834 monuimus.

1239 1994 1586 2093 QUINTI
1633 1992 2154 2087 SEBMONIS.

63 2247 141 2299 In
155 2243 379 2315 quinto
404 2257 675 2299 sermone
687 2242 1036 2313 gravissime
1051 2258 1122 2298 ac
1139 2231 1579 2314 sapientissime
1591 2243 1828 2299 disserit
1841 2243 1917 2299 de
1945 2243 2261 2299 hominum
2283 2244 2809 2300 communionibus
2819 2243 2970 2300 inter
2989 2259 3071 2300 se.
3089 2246 3371 2302 Convenit

7 2332 273 2400 nomini,
311 2331 505 2403 inquit
541 2331 818 2400 Galenus,
856 2336 924 2386 ut
961 2331 1034 2387 sit
1073 2332 1566 2404 sapientissimus.
1600 2333 1752 2388 Alibi
1789 2332 1964 2388 docet
2001 2333 2155 2388 bene
2193 2338 2250 2388 et
2285 2333 2593 2405 mqualiter
2625 2338 3026 2404 temperatum
3056 2349 3186 2389 esse
3219 2350 3368 2406 pru-

5 2421 259 2476 lentem
274 2463 287 2475 .
309 2419 454 2476 Cum
469 2424 672 2476 autem
684 2419 1007 2476 similitudo
1020 2420 1521 2490 temperationum
1542 2421 1674 2492 conj
1684 2426 1871 2490 ungat
1887 2426 1942 2478 et
1961 2421 2262 2490 consociet
2277 2421 2552 2476 homines
2572 2420 2722 2476 inter
2750 2436 2833 2490 se,
2855 2437 2978 2490 quo
2997 2423 3370 2494 praestantior

9 2510 180 2565 uerit
209 2508 599 2564 consociatio.
624 2511 803 2564 Porro
831 2508 928 2564 hic
955 2523 1162 2563 rursus
1188 2508 1305 2564 duo
1320 2513 1460 2564 sunt
1472 2510 1959 2566 eommunicandi
1979 2510 2145 2566 modi
2167 2511 2344 2566 nobis
2363 2510 2674 2581 diligenter
2689 2510 3074 2566 observandi.
3101 2513 3264 2567 Unus
3279 2515 3368 2567 est

3 2601 130 2650 ,ατά
157 2602 266 2656 τὴν
299 2601 501 2670 σοφίαν,
531 2596 678 2654 alter
691 2601 784 2653 est
809 2600 942 2650 κατά
961 2601 1056 2655 τὴν
1084 2597 1351 2656 πολιτικὴν
1383 2603 1569 2670 φρόνηο

1801 2599 2016 2655 crimen
2053 2599 2168 2655 hoc
2194 2599 2422 2654 elicitur
2451 2614 2523 2654 ex
2551 2598 2896 2654 discrimine
2921 2603 3106 2671 σοφὶας
3125 2605 3216 2652 καὶ
3248 2619 3367 2674 φρο-

9 2693 217 2752 ήσεως,
260 2686 427 2758 quod
445 2686 693 2758 quidem
731 2686 1054 2742 discrimen
1106 2703 1246 2742 cum
1284 2687 1488 2742 multis
1525 2687 1585 2742 in
1623 2687 1790 2752 locis,
1840 2691 1969 2742 tum
1996 2704 2057 2756 x,
2092 2690 2169 2743 De
2213 2687 2418 2754 moris,
2443 2687 2522 2743 ab
2573 2686 2878 2742 Aristotele
2901 2686 3244 2758 assignatur
3269 2687 3366 2744 his

3 2775 201 2850 'erbis
243 2775 616 2836 εΣυνέζευκται
648 2771 707 2846 δε
743 2776 1140 2848 καὶήφρὸνησις
1169 2783 1232 2848 τῇ
1260 2783 1352 2826 τοῦ
1380 2775 1538 2836 ἣθούς
1559 2773 1712 2848 ἆρετῆ
1750 2820 1764 2844 ,
1796 2780 1886 2827 καὶ
1925 2776 2055 2833 αὕτη
2087 2783 2150 2848 τῇ
2185 2779 2450 2848 φρονήσει,
2480 2777 2620 2847 εἴπερ
2669 2777 2724 2826 αἱ
2775 2777 2866 2846 μὶν
2916 2782 3008 2836 τῆς
3069 2779 3364 2850 φρονήσεως

1 2869 162 2940 ίρχαὶ
189 2862 334 2915 κατὰ
364 2862 458 2924 τὰς
482 2865 668 2924 ἠθικάς
699 2863 828 2916 εἰσιν
852 2862 1057 2937 ἀρετὰς,
1093 2867 1150 2916 τὸ
1182 2860 1232 2915 δ’
1276 2863 1426 2936 ὀρθὸν
1455 2871 1557 2915 τῶν
1589 2866 1785 2922 ὴθῖκῶν
1806 2866 1941 2915 κατὰ
1969 2868 2062 2921 τὴν
2086 2867 2356 2936 φρόνησιν,
2389 2863 2736 2938 Συνηρτμένάι
2762 2858 2815 2914 δ’
2842 2851 3121 2925 αὖταιτοῗς
3149 2849 3362 2934 παθεσι,

2 2959 70 3006 ,αὶ
111 2957 245 3028 περὶ
283 2955 340 3004 τὸ
374 2953 614 3005 σύνθετον
646 2952 707 3004 ἀν
739 2950 853 3019 εἷεν,
885 2954 941 3004 αἱ
971 2948 1030 3004 δὲ
1057 2960 1146 3004 τοῦ
1181 2951 1428 3004 συνθέτου
1461 2950 1640 3025 ἀρεταὶ
1671 2951 2018 3027 ἀνθρωπικαὶ,
2057 2956 2147 3003 καὶ
2173 2953 2199 3004 ὁ
2232 2951 2351 3024 βίος
2380 2947 2440 3003 δέ
2464 2953 2491 3002 ὁ
2517 2950 2632 3002 κατ’
2663 2951 2822 3011 αύτὰς
2846 2957 2934 3004 καὶ
2964 2953 2994 3010 ἡ
3029 2948 3358 3024 εύδαιμονια,

1 3065 7 3099 ι
38 3038 104 3094 δὲ
131 3047 234 3093 τοῦ
267 3043 374 3096 Νοῦ
399 3043 782 3114 κεχωρισμένη.
812 3041 893 3096 De
923 3041 1347 3096 communione
1372 3041 1567 3113 politia

1797 3040 1946 3098 \rist.
1979 3038 2084 3098 lib.
2106 3056 2200 3098 vui
2239 3038 2529 3109 moribus,
2561 3054 2684 3113 quo
2704 3038 2766 3096 in
2802 3037 2936 3098 loco
2963 3041 3054 3099 τὰς
3090 3039 3363 3104 πολιτικὰς

0 3135 272 3192 ιοινωνὶας
298 3129 415 3182 καθ’
444 3130 668 3189 ἱκαστην
698 3137 797 3182 τῶν
827 3129 1095 3182 πολιτειῶν
1126 3129 1429 3203 eleganter
1458 3145 1566 3186 exc

959 3137 1095 3182 rstch
1126 3129 1429 3203 eleganter
1458 3128 1752 3186 excendit.
2519 3133 2525 3139 ’

1251 3363 1543 3454 SEXTI
1612 3361 2130 3454 SEBMONIS.

47 3596 120 3653 In
149 3597 323 3652 sexto
351 3599 660 3668 comparat
691 3595 998 3653 scientiam
1019 3611 1157 3654 cum
1187 3598 1334 3661 arte,
1371 3597 1427 3652 et
1454 3599 1736 3668 naturam
1764 3611 1902 3652 cum
1920 3594 2371 3668 temperatione,
2405 3595 2700 3670 docetque
2725 3597 2915 3654 artem
2940 3595 3019 3656 ad
3044 3593 3358 3658 scientiam‘
3409 3633 3424 3650 -.

0 3684 243 3742 perinde
284 3701 346 3742 se
365 3685 588 3742 habere
605 3689 784 3758 atque
808 3685 1198 3757 temperation
1207 3701 1302 3740 em
1324 3684 1402 3741 ad
1415 3689 1712 3740 naturam.
1728 3685 2014 3740 Praeterea
2035 3686 2238 3738 monet
2256 3687 2536 3739 naturam
2559 3688 2616 3739 et
2634 3683 2945 3741 scientiam
2958 3700 3088 3740 esse
3105 3687 3357 3758 conjun-

0 3773 240 3839 :endas,
268 3776 329 3828 ut
357 3772 600 3830 scientia
619 3778 896 3830 naturam
920 3773 1098 3846 quasi
1113 3772 1409 3828 informet.
1429 3773 1689 3846 Denique
1701 3771 2003 3827 constituit
2022 3771 2166 3834 τάξιν
2192 3771 2632 3844 quamdam,ex
2648 3788 2768 3843 qua
2780 3772 3109 3844 poterimus
3131 3788 3356 3844 cogno-
3413 3825 3418 3830 .

2 3878 143 3917 cere
167 3859 320 3916 illud
357 3860 522 3934 quod
542 3865 630 3918 est
661 3862 852 3935 magis
873 3867 976 3918 aut
1008 3862 1205 3917 minus
1228 3865 1558 3933 τιιαγμένον,
1588 3861 1703 3918 hoc
1733 3863 1837 3929 est,
1856 3859 2047 3928 magis
2061 3865 2163 3915 aut
2180 3859 2378 3916 minus
2411 3859 2745 3915 secundum
2765 3863 3046 3916 naturam
3076 3866 3134 3916 et
3164 3861 3350 3917 scien-

0 3948 346 4014 iam.Quod
387 3949 734 4022 utperﬁciat,
769 3951 948 4006 utitur
991 3949 1432 4006 mathematicis
1464 3949 1795 4022 ﬁgurarum
1808 3947 2692 4020 comparationibus,docetque
2712 3946 2970 4018 ﬁguram
2988 3939 3347 4020 sphaericam

0 4055 112 4094 sse
138 4052 335 4110 supra
354 4037 504 4094 alias
521 4054 731 4094 omnes
755 4042 1068 4111 τεταγμένην
1086 4038 1301 4094 deinde
1314 4037 1674 4110 quadratam
1695 4035 1974 4106 ﬁguram,
1994 4041 2296 4107 postremo
2311 4035 2678 4104 triangulum
2712 4035 3144 4106 asquilaterum.
3171 4036 3346 4101 Quod

0 4134 138 4197 gtur
168 4126 234 4181 in
257 4126 694 4182 mathematicis
709 4126 939 4197 ﬁguris,
960 4127 1250 4199 sphaerica
1277 4126 1494 4196 ﬁgura,
1508 4125 1570 4182 id
1581 4125 1738 4181 estin
1753 4123 1933 4180 rebus
1944 4123 2228 4198 humanis
2243 4123 2550 4196 sapientiai
2566 4121 2964 4196 etprudentiae
2978 4138 3117 4177 cum
3133 4128 3349 4196 natura

0 4215 114 4286 :0nj
126 4214 356 4282 unctio,
370 4215 600 4288 etquod
613 4215 670 4272 in
685 4214 797 4270 illis
810 4221 866 4272 et
883 4215 1178 4294 quadrata
1189 4214 1405 4286 ﬁgura,
1419 4214 1479 4270 in
1492 4215 1582 4272 his
1597 4219 1684 4269 est
1713 4213 1972 4269 scientiae
1994 4229 2133 4268 cum
2154 4217 2369 4268 natura
2398 4211 2531 4282 conj
2541 4212 2762 4268 unctio.
2782 4213 3084 4267 Postremo
3096 4211 3262 4284 quod
3281 4211 3344 4276 in

0 4305 91 4360 llis
128 4301 550 4374 aequilaterum
587 4305 971 4375 triangulum,
1005 4305 1097 4360 his
1127 4310 1217 4360 est
1237 4305 1376 4361 artis
1407 4320 1544 4382 cum
1566 4301 2098 4374 temperationibus
2119 4299 2494 4356 naturalibus
2517 4299 2878 4370 conjunctio.
2904 4302 2984 4354 De
3000 4299 3361 4374 praestantia.

0 4392 302 4465 .phaericae
330 4391 538 4460 ﬁgura:
573 4393 701 4449 haec
740 4393 1095 4459 Aristoteles,
1127 4399 1251 4465 Περὶ
1279 4393 1498 4467 ούρανοῦ
1530 4391 1564 4466 β

1866 4394 1904 4448 ’ὴ
1935 4396 2127 4462 σχῆμα
2165 4385 2408 4449 ἐπίπεδον
2437 4389 2468 4448 ἦ
2502 4387 2869 4463 εὐθύγραμμον
2901 4387 3038 4440 ἐστιν
3068 4390 3100 4453 ᾗ
3137 4406 3344 4462 περιφε-
3417 4429 3432 4454 ,

0 4485 318 4551 ιογραμμον,
349 4484 437 4530 καὶ
463 4483 521 4530 τὸ
550 4482 640 4552 μὲν
669 4479 1034 4553 εὐθύγραμμον
1069 4482 1168 4532 ὑπὸ
1194 4481 1434 4532 πλειόνων
1466 4485 1758 4553 περιέχεται
1776 4488 2047 4552 γραμμῶν,
2081 4483 2138 4531 τὸ
2179 4475 2238 4530 δὲ
2275 4481 2756 4551 περιφερὸγραμμον
2804 4479 2904 4529 ύπό
2934 4482 3076 4548 μιᾶς.
3111 4477 3253 4529 Ἐπεὶ
3286 4473 3345 4529 δι

0 4573 235 4642 πρότερον
256 4574 317 4625 τῆ
346 4570 496 4638 φύσει
516 4567 564 4618 ἐν
596 4567 796 4639 ἑκάστῳ
821 4571 954 4638 γένει
982 4572 1040 4620 τό
1081 4567 1129 4620 ἐν
1160 4576 1259 4619 τῶν
1288 4567 1485 4620 πολλῶν
1532 4573 1621 4620 καὶ
1647 4575 1712 4619 ro’
1743 4567 1935 4620 ἁπλούν
1980 4575 2072 4619 τοῦ
2127 4569 2394 4636 συνθέτου,
2450 4574 2652 4640 πρῶτον
2695 4564 2755 4618 ἃν
2809 4567 2886 4623 εἴη
2941 4573 3042 4617 τῶν
3080 4561 3342 4630 ivi-mide»,

0 4657 288 4728 πχημάτων
336 4656 362 4706 ὁ
418 4655 620 4722 κύκλος,
670 4661 784 4712 etc.
835 4656 1001 4721 Quod
1049 4656 1097 4710 si
1150 4657 1284 4728 quis
1340 4657 1566 4712 auctori

1780 4657 1848 4712 tri
1906 4656 2131 4714 factum
2183 4656 2340 4712 ausit
2396 4653 2832 4728 reprehendere
2882 4653 3064 4727 .quod
3115 4653 3346 4725 mathe-

0 4745 210 4799 natica
241 4742 510 4815 physicis
543 4744 893 4803 admisceat.
926 4743 1312 4816 respondebit
1338 4744 1566 4799 Proclus

1785 4767 1804 4808 ς
1871 4741 2047 4803 δὲτὴν
2101 4749 2324 4818 φυσικὴν
2355 4747 2567 4817 θεωρίαν
2618 4745 2685 4796 τὰ
2713 4747 2937 4818 μέγιστα
2994 4742 3345 4814 συμϐάλλεται

0 4835 356 4905 ιαθηματικὴ,
431 4837 526 4889 τήν
555 4852 608 4885 τε
668 4838 774 4884 τῶν’
827 4833 991 4904 λογων
1057 4833 1294 4895 εὐταξίαν
1358 4833 1715 4906 ἁναφαίνουσα
1786 4833 1904 4885 καθ’
1972 4833 2031 4892 ἢν
2108 4829 2566 4908 δεδημιούργηται
2601 4835 2661 4902 το
2719 4837 2844 4902 πᾶν,
2905 4834 2995 4882 καὶ
3066 4828 3341 4900 ἀναλογίαν

0 4924 72 4979 ’ἡν
129 4922 309 4973 πάντα
368 4925 434 4972 τὰ
477 4920 525 4972 ἐν
579 4929 651 4994 τῷ
699 4927 873 4994 κόσμφ
933 4917 1292 4994 συνδήσασαν,
1343 4924 1408 4982 ὦς
1452 4925 1553 4974 πού
1601 4942 1759 4994 φησιν
1811 4929 2053 4994 Τιμαίος,
2127 4927 2218 4974 καὶ
2293 4920 2414 4993 φίλα
2493 4922 2560 4973 τά
2649 4925 2930 4993 μαχόμενα
2991 4921 3095 4971 καὶ
3167 4935 3340 4992 προσ-

0 5030 153 5084 νγορα
199 5013 293 5062 καὶ
353 5011 602 5082 συμπαθῆ
653 5013 717 5063 τὰ
769 5008 1032 5064 διεστῶτα
1088 5015 1364 5069 ποιήσασα
1429 5013 1618 5062 καὶτὰ
1673 5010 1812 5062 ἁπλᾶ
1852 5015 1942 5062 καὶ
1998 5012 2313 5084 πρωτουργὰ
2367 5011 2612 5082 στοιχεῖα
2652 5013 2741 5061 καὶ
2789 5010 2955 5065 πάντη
3008 5013 3071 5079 τῇ
3132 5023 3369 5078 συμμε--

3 5105 97 5174 ρίᾳ
128 5101 224 5150 καὶ
254 5107 314 5157 τῆ
343 5098 546 5156 ἰσότητι
577 5103 899 5172 συνεχόμενα
931 5096 1169 5162 δείξασα.
1213 5101 1354 5164 Quae
1385 5115 1564 5172 porro

1775 5103 1973 5154 :tremo
2007 5097 2161 5154 libro
2208 5098 2487 5154 dicuntur
2536 5101 2656 5172 περὶ
2691 5103 2788 5149 τοῦ
2825 5100 3177 5169 τριγωνισμοῦ
3225 5091 3341 5158 cir-

0 5189 114 5256 :uli,
143 5201 273 5243 non
294 5203 542 5260 possum
563 5188 804 5258 adduci,
837 5193 900 5244 ut
928 5187 1170 5244 credam
1187 5186 1286 5244 illa
1308 5203 1442 5243 esse
1462 5188 1648 5244 nostri
1668 5188 1946 5252 auctoris,
1970 5203 2108 5243 cum
2139 5187 2280 5260 quia
2309 5192 2448 5242 sunt
2475 5191 2689 5258 praeter
2711 5184 3042 5241 institutam
3075 5182 3341 5255 disputa-

0 5279 203 5333 ionem
236 5274 464 5342 addita,
498 5282 624 5332 tum
655 5275 840 5332 etiam
866 5261 1009 5349 quia
1056 5281 1192 5332 sunt
1247 5275 1519 5348 puerilia.

1785 5275 1972 5332 verba
2013 5277 2162 5343 haec,
2186 5277 2253 5327 τὰ
2297 5282 2422 5347 γοῦν
2475 5293 2559 5340 ατ,
2599 5293 2688 5343 τη,
2721 5271 2807 5339 ηϐ,
2850 5271 2945 5341 ϐω,
2976 5291 3072 5344 οχ,
3104 5290 3204 5343 χα,
3233 5273 3335 5342 τμή

0 5385 113 5418 ιατα
139 5366 207 5416 τὰ
233 5361 290 5416 ἐκ
313 5371 401 5424 τῆς
430 5364 622 5416 κύκλου
657 5369 922 5439 περιφείας
944 5370 1033 5416 καὶ
1090 5373 1188 5415 τῶν
1249 5370 1510 5438 τριγώνων
1570 5364 1798 5436 πλευρῶν
1854 5367 2115 5437 γινόμενα,
2181 5366 2415 5416 ἔστωσαν
2446 5363 2539 5415 ἶσα
2592 5368 2699 5421 τοῖς
2725 5357 2856 5435 δυσὶ
2915 5366 3189 5432 τριγώνοις
3216 5354 3338 5416 τηδ⁹
3395 5426 3399 5427 ν

0 5453 108 5524 ;ωγ’
130 5451 281 5527 quid
314 5451 476 5506 aliud
497 5453 741 5518 habent,
773 5469 961 5525 quam
993 5452 1308 5525 αἰτημαλίαν
1339 5453 1566 5519 εὔηθεςμ

1771 5452 1902 5508 titur
1927 5452 2263 5508 Aristoteles
2280 5451 2308 5505 ?
2328 5451 2578 5506 Additur
2593 5449 2808 5505 deinde
2823 5449 2975 5505 ratio
3004 5464 3138 5522 quae
3166 5448 3337 5518 igna-

0 5539 446 5611 vumjngenium
461 5541 673 5613 arguit,
690 5537 950 5615 δηλοίγὰρ
964 5542 1088 5593 αύτό
1103 5545 1192 5591 καὶ
1215 5543 1244 5597 ἡ
1262 5542 1566 5607 αῖσθησις,ο

1771 5541 2208 5597 monstratione
2228 5555 2384 5612 opus
2410 5538 2602 5594 fuerit.
2619 5537 3024 5604 Quamobrem
3036 5536 3214 5593 credo
3227 5550 3337 5607 ego

0 5631 183 5710 .ddita
195 5645 331 5720 esse
356 5628 459 5708 illa
480 5630 789 5725 aGraeculO
800 5630 1098 5725 quodam,
1123 5629 1289 5706 quod
1299 5629 1480 5725 etiam
1503 5629 1755 5720 quilibet
1782 5645 1855 5710 ex
1867 5633 2173 5685 contextus
2187 5629 2336 5722 serie
2367 5627 2531 5714 nullo
2543 5628 2784 5720 negotio
2806 5626 3335 5706 conjicerejpotest,
