3932 6326
533 290 670 347 1267

2024 275 2382 334 ΛΒΒΕΝΒΑ.
2471 291 2474 293 ‘

3783 280 3876 336 {265

542 400 3873 444 Μ

1230 571 2076 693 ΘΕΟΔΩΡΟΥ
2151 573 2430 688 ΤΟΥ
2505 565 3188 690 ΛΑΣΚΑΡΙ

1130 819 1263 869 ΤΟΥ
1315 817 1469 870 ΥΙΟΥ
1519 815 1840 868 ΜΕΓΑΛΟΥ
1894 814 2218 864 ΒΛΣΙΛΕΩΣ

2276 815 2492 865 ΚΥΡΟΥ
2544 815 2849 865 ΙΩΑΝΝΟΥ
2900 817 3032 866 ΤΟΥ
3084 811 3311 866 ΔΟΥΚΑ

1227 1002 1538 1124 ΤΗΣ
1603 1001 2268 1119 ΦΥΣΙΚΗΣ
2335 998 3199 1122 ΚΟΙΝΩΝΙΑΣ

1766 1244 2158 1338 ΛΟΓΟΣ
2198 1243 2685 1338 ΠΡΩΤΟΣ.

2189 1489 2279 1509 ψ

1451 1666 2218 1792 THEODOBI
2311 1668 2746 1795 LASCA
2768 1671 3005 1795 RIS

1297 1941 1457 1997 mn
1517 1939 1731 1998 suum
1787 1938 2251 1999 IMPERATORIS
2310 1939 2554 1997 neum:
2609 1940 2896 1998 JOANNIS
2954 1893 3160 1998 DUtiA!

1205 2134 1392 2252 DE
1468 2127 2222 2247 NATURALI
2299 2135 3232 2248 COMMUNIONE

1779 2371 2146 2466 SERMO
2203 2377 2629 2468 PRIMUS

619 2787 670 2844 σε*
709 2785 796 2840 Ἐκ
860 2781 1056 2839 πολλῶν
1095 2783 1184 2857 μὶν
1229 2779 1551 2857 πραγμάτων
1598 2781 1686 2834 καὶ
1752 2776 1917 2840 ἆλλως
1997 2779 2202 2849 γνόντες

551 2876 888 2951 οἱᾶνθρωποι
925 2873 1002 2927 ὃτι
1040 2874 1098 2926 τὸ
1123 2873 1272 2943 φύσει
1311 2875 1541 2943 κρεῖττον
1602 2875 1694 2922 τοῦ
1753 2869 1909 2935 θεσει,
1959 2868 2203 2940 ὑπερέχει

547 2985 604 3022 τε
628 2970 718 3018 καὶ
752 2970 843 3018 τοῦ
879 2965 1048 3036 τύχη,
1107 2966 1197 3014 καὶ
1227 2959 1278 3024 ἐξ
1333 2960 1500 3016 αὐτῶν
1566 2956 1635 3018 δὴ
1704 2965 1892 3020 νοῆσαι
1929 2953 2198 3028 δύνανται,

548 3053 618 3108 ὧν
657 3053 928 3124 ἕπείγομαι
1022 3049 1163 3115 λεξαι
1254 3056 1362 3116 νῦν,
1422 3052 1511 3102 καὶ
1566 3047 1659 3100 οὐκ
1715 3048 1776 3098 ἄν
1843 3045 2008 3108 ἄλλως
2062 3047 2202 3117 ἔχειν

549 3146 668 3202 dm:
708 3161 786 3204 τις
812 3139 952 3195 τοῦτ’
1025 3139 1150 3193 αὐτό
1194 3141 1224 3199 ἤ
1267 3140 1337 3200 ὡς
1392 3134 1423 3197 ἦ
1515 3140 1711 3210 φυσικὴ
1780 3134 2062 3190 ἀκολουθία
2114 3138 2204 3188 καὶ

550 3231 752 3293 ἀληθὴς
814 3232 1148 3302 παραστήσει
1255 3231 1477 3300 τάμερον
1545 3221 1615 3279 δι’
1680 3223 1825 3297 έμοῦ·
1891 3222 2048 3277 Ἐστι
2113 3225 2203 3296 μὲν

551 3327 640 3374 οὖν
669 3322 821 3392 φύσις
859 3321 949 3370 καὶ
985 3320 1191 3378 κίνησις
1244 3314 1292 3368 έν
1332 3322 1396 3373 τῆ
1456 3316 1627 3386 φύσει,
1683 3316 1930 3373 ὡσαύτως
1985 3309 2035 3365 δ’
2092 3315 2204 3365 ἔστι

549 3412 641 3462 καὶ
670 3408 941 3481 μερισμὸς·
978 3407 1104 3477 πρὸς
1153 3405 1252 3476 ’γὰρ
1321 3401 1685 3476 Ἀριστοτέλην
1748 3405 1835 3454 καὶ
1895 3402 2204 3473 Πυθαγόραν

549 3498 639 3550 καὶ
705 3495 1011 3568 Ἑρμογένην
1098 3495 1186 3544 καὶ
1262 3489 1499 3563 ’Όμηρον
1556 3497 1737 3551 κοινῶς
1803 3491 1833 3547 ἠ
1925 3486 2201 3562 διαίρεσις,

552 3583 724 3656 ὥσπερ
756 3586 845 3634 καὶ
882 3582 937 3633 αἱ
979 3583 1196 3651 στιγμαὶ
1268 3585 1576 3653 μετροῦνται
1647 3585 1892 3651 στιγμαῖς
1949 3583 2040 3631 καὶ
2101 3584 2206 3641 τοῖς

552 3669 796 3743 ἀριθμοῖς
863 3667 1094 3739 ἀριθμοί.
1163 3673 1235 3739 Τῇ
1324 3669 1414 3739 μεν
1477 3668 1576 3742 γάρ
1638 3671 1842 3725 κινήσει
1905 3665 2006 3719 εἰσὶ
2073 3671 2202 3741 μέρη

551 3763 805 3819 κινήσεως
833 3762 922 3810 καὶ
958 3763 1061 3818 τοῖς
1099 3760 1279 3830 μέρεσι
1337 3752 1586 3832 διαφορά,
1622 3761 1712 3809 καὶ
1750 3756 1808 3809 οὐ
1868 3758 2012 3819 θέσις
2069 3755 2206 3810 ἔστὶν

551 3850 720 3904 αὐτῶν
750 3850 780 3908 ἡ
811 3848 1039 3916 ὃντότης,
1080 3845 1207 3899 ἀλλὰ
1234 3850 1449 3907 ποιότης
1504 3849 1532 3906 ἡ
1594 3849 1729 3900 κατὰ
1778 3849 1954 3918 φύσιν,
2032 3845 2204 3921 ὥσπερ

552 3935 678 3994 οὐδέ
703 3946 765 4011 τῇ
798 3940 950 4009 φύσει
987 3938 1017 3996 ἡ
1061 3941 1285 4003 κίνησις,
1357 3935 1484 3988 ἀλλὰ
1545 3939 1602 3989 τὸ
1677 3932 1806 3988 εἶναι
1873 3934 2050 4010 ἀρχὴν
2115 3938 2205 4008 μὶν

549 4032 827 4098 κινήσεως,
867 4029 1140 4099 περιὲχεινη
1197 4021 1257 4079 δε
1320 4029 1410 4078 καὶ
1475 4026 1662 4101 ἄρχειν
1719 4028 1809 4077 καὶ
1871 4024 2037 4087 αὐτῆς
2077 4027 2205 4083 στά-

554 4133 701 4180 σεως
735 4119 824 4169 καὶ
863 4115 1018 4188 φύσις
1046 4117 1136 4186 μεν
1175 4109 1262 4166 οὖν
1317 4119 1450 4166 κινεί
1509 4115 1680 4166 πάντα
1745 4114 1812 4165 τὰ
1877 4111 2050 4176 ἁπλῶς
2115 4117 2205 4166 καὶ

550 4206 871 4273 καθέκαστα,
911 4199 1146 4260 ἰδιότησι
1189 4201 1323 4276 [καὶ]
1361 4211 1601 4276 μερισμῷ
1642 4202 1987 4256 συνάπτουσα
2053 4203 2204 4256 θάτε-

549 4311 639 4366 ρα,
669 4290 775 4346 οἷον
805 4294 866 4346 ἄν
906 4292 1041 4370 ληφῇ
1101 4291 1216 4346 κατ’
1269 4289 1511 4350 ἰδιότητα
1571 4299 1805 4364 φυσικῶς
1855 4293 2011 4367 μὶρη,
2065 4290 2205 4353 ὠςὲν

547 4387 622 4454 τῷ
644 4385 774 4456 πυρὶ
831 4383 890 4434 τὸ
955 4382 1238 4435 statuentes
1299 4385 1389 4434 καὶ
1451 4382 1788 4453 φωτιστικὸν,
1851 4385 1942 4434 καὶ
2007 4382 2055 4433 ἓν
2096 4389 2204 4445 τοῖς

617 4557 677 4616 1.
705 4558 855 4614 Cum
869 4570 944 4614 ex
962 4554 1164 4614 multis
1193 4556 1322 4615 aliis
1349 4555 1532 4614 rebus
1549 4556 1886 4629 intelligunt
1903 4557 2200 4624 homines,

544 4645 693 4708 illud
716 4646 883 4719 quod
905 4648 1128 4705 natura
1154 4650 1241 4705 est
1258 4651 1317 4705 et
1339 4651 1592 4718 constat,
1616 4647 1804 4705 multo
1829 4649 2205 4721 praestantius

543 4750 675 4794 esse
702 4750 775 4793 eo
799 4735 965 4808 quod
1001 4735 1295 4809 positione
1317 4752 1388 4795 ac
1414 4735 1655 4794 fortuna
1674 4739 1928 4807 constat,
1973 4741 2102 4794 tum
2132 4753 2206 4796 ex

541 4823 616 4882 iis
644 4839 781 4900 quae
802 4823 996 4882 dicere
1029 4825 1361 4898 aggredior,
1395 4829 1655 4900 possunt
1706 4826 2198 4885 animadvertere.

2312 2773 2481 2837 ἄλλοις
2518 2773 2587 2828 τὰ
2622 2779 2806 2831 οὶκεῖα.
2859 2777 3080 2850 Πότερον
3113 2782 3202 2828 οῦν
3235 2775 3330 2828 οὐκ
3369 2774 3522 2852 ἀρχὴ
3557 2781 3667 2831 τῶν
3707 2772 3892 2850 ἕνύδρω

2312 2866 2342 2924 ἠ
2372 2863 2516 2939 ἀρχὴ
2556 2871 2656 2918 τῶν
2729 2867 3017 2938 χερσαίων,
3082 2868 3200 2919 οὗτε
3263 2872 3356 2926 τῆς
3417 2868 3638 2920 ἒκεένων
3676 2872 3893 2924 κενώσεως

2311 2956 2342 3014 ἡ
2390 2962 2486 3015 τῆς
2548 2955 2742 3009 τούτων
2808 2959 3063 3016 κινήσεως
3125 2959 3270 3011 ικαὶ
3335 2957 3563 3029 πότερον
3637 2955 3731 3008 οὐκ
3786 2953 3891 3027 ἀρχή

2315 3048 2609 3116 σχήματων
2665 3063 2927 3118 γραμμαι,
2960 3039 3076 3097 οὐδ’
3110 3041 3253 3118 ἁρχὴ
3313 3063 3592 3118 σχηματα
3628 3055 3731 3098 τῶν
3758 3064 3890 3117 γραμ-

2311 3140 2440 3204 μῶν,
2481 3131 2609 3185 ἀλλά
2662 3140 2761 3186 τῶν
2827 3133 2980 3205 ἄμφω
3047 3137 3220 3206 στγμή
3281 3133 3344 3188 Εἰ
3407 3130 3459 3186 δ’
3535 3135 3713 3198 οὕτως
3772 3133 3888 3199 im,

2312 3222 2418 3296 ἄρα
2478 3221 2508 3280 ἠ
2574 3220 2630 3274 ἐκ
2690 3230 2787 3284 τῆς
2853 3223 3054 3294 φύσεως
3118 3227 3328 3284 κίνησις
3392 3225 3444 3276 εν
3497 3231 3782 3298 γραμμαῖς
3827 3227 3886 3272 τε

2316 3314 2570 3384 σχήμασι
2602 3315 2822 3384 στιγμήο
2855 3307 2979 3365 οὐδέ
3011 3314 3112 3386 γὰρ
3169 3314 3286 3386 εἰμη
3318 3331 3395 3374 τις
3425 3313 3597 3386 φῦσιν
3642 3313 3886 3386 σχημάτων

2314 3399 2497 3465 αὐτὴν,
2571 3399 2700 3452 ἀλλὰ
2772 3403 3070 3460 κινηθεῖσαν
3142 3401 3198 3465 ἐξ
3253 3404 3434 3475 ἀρχῆς
3501 3413 3761 3475 φυσικῆς.
3810 3407 3883 3454 Τιὲτ

2313 3489 2476 3542 ἄλλων
2510 3496 2599 3542 οῦν
2620 3489 2859 3542 ἁπάντων
2889 3493 3138 3554 ὡσαῦτως
3200 3489 3426 3563 έχόντων
3487 3497 3594 3545 καὶ
3632 3502 3730 3546 τῶν
3784 3495 3882 3563 πρώ-

2313 3597 2412 3631 των
2457 3576 2639 3654 ἀρχῶν
2698 3581 2893 3632 τούτων
2958 3580 3127 3633 οὐσῶν
3192 3585 3485 3654 γνωρίμων,
3529 3581 3715 3653 πολλῷ

2312 3669 2372 3720 τὸ
2403 3669 2539 3720 κατὰ
2593 3668 2766 3739 φύσιν,
2831 3675 3064 3741 κρεῖττον
3129 3669 3161 3727 ἠ
3227 3673 3385 3741 φὺσις
3433 3669 3556 3732 ἣτις
3638 3673 3881 3744 ὑπερέκεινα

2313 3757 2517 3810 πάντων
2544 3754 2675 3824 ἐστὶ,
2715 3759 2788 3829 μὴ
2863 3755 3068 3819 ἐντελῶς
3132 3753 3202 3819 ὡς
3284 3755 3424 3831 ἀρχή
3500 3767 3674 3827 ποιεῖ,
3738 3755 3884 3829 nisi?

2314 3843 2508 3904 έκεένην
2534 3847 2681 3919 ἡμῖν,
2712 3846 2794 3898 ὃτι
2856 3841 2916 3900 δι
2989 3845 3213 3900 ἐνταῦθα
3271 3851 3358 3899 καὶ
3420 3851 3657 3912 xime-oc
3717 3852 3878 3916 καὶμε-

2311 3937 2506 4008 ρισμὸς
2579 3933 2651 3996 εἰς
2725 3930 2973 4010 διάφορα,
3036 3931 3320 4011 πρόδηλον.
3387 3935 3761 4008 Ἀριστοτέλην
3811 3936 3879 4005 7'2;

2312 4026 2404 4077 καὶ
2434 4021 2671 4098 ”Ομηρον
2703 4019 2995 4077 δίαστέλλει
3048 4027 3186 4078 κατὰ
3248 4029 3337 4084 τὸν
3395 4026 3531 4100 ὥραν
3608 4029 3643 4086 ἡ
3707 4032 3878 4082 κίνησις.

2313 4112 2472 4188 εἰγάρ
2525 4114 2554 4171 ἡ
2597 4127 2636 4169 α
2672 4116 2799 4186 πρὸς
2834 4117 2930 4172 τὴν
2968 4133 3001 4186 γ
3071 4110 3166 4166 διὰ
3201 4122 3293 4177 τῆς
3320 4112 3352 4166 6
3418 4111 3637 4189 διέλθῃ,
3701 4110 3881 4173 ὄντωςεν

2316 4207 2528 4274 συνεχεί
2554 4205 2758 4261 κινήσει
2798 4199 3092 4278 διέρχεται,
3131 4208 3221 4257 καὶ
3260 4199 3637 4258 διαστέλλεται
3667 4209 3722 4258 τὸ
3747 4204 3878 4257 λοιπὸν

2313 4295 2344 4350 vi
2376 4304 2416 4349 a
2462 4293 2653 4362 στιγμὴ
2694 4292 2822 4365 πρὸς
2858 4295 3011 4363 τὴνγ
3077 4294 3221 4368 παρὰ
3280 4299 3370 4354 τῆς
3423 4291 3483 4366 β,
3551 4289 3638 4346 δι’
3680 4295 3740 4357 ἧς
3787 4290 3880 4343 κατὰ

2315 4383 2587 4452 συνέχειαν
2625 4382 2684 4432 τὸ
2725 4384 2954 4455 συμφυές
2991 4378 3133 4434 ἔστιν
3173 4381 3376 4445 αὐταῖς·
3415 4390 3575 4436 τοῦτο
3622 4381 3685 4439 δε
3722 4389 3876 4438 κίνησις

2311 4557 2445 4630 ipsa
2469 4557 2700 4626 entitas,
2733 4561 2800 4615 ut
2817 4558 2900 4616 ita
2932 4557 3152 4624 dicam,
3182 4574 3287 4632 per
3305 4575 3494 4633 quam
3515 4559 3618 4618 hae
3651 4578 3743 4620 nes
3776 4560 3872 4618 sunt

2312 4651 2401 4704 est
2424 4647 2638 4721 positio
2659 4662 2830 4716 ;cum
2852 4647 3072 4720 positio
3093 4649 3168 4705 sit
3191 4648 3450 4722 qualitas
3461 4665 3608 4723 quin
3622 4667 3703 4712 ex
3714 4655 3879 4708 natura

2312 4741 2402 4794 est
2433 4753 2446 4794 :
2474 4750 2599 4792 non
2625 4750 2796 4792 secus
2813 4739 2994 4809 atque
3007 4736 3068 4792 id
3083 4737 3250 4810 quod
3279 4741 3365 4794 est
3393 4743 3617 4797 natura
3632 4741 3777 4814 ipsa,
3793 4749 3874 4794 non

2311 4825 2569 4883 dicimus
2599 4840 2727 4882 esse
2754 4829 3008 4894 motum,
3044 4826 3150 4883 sed
3178 4831 3459 4885 naturam
3497 4828 3760 4888 dicimus
3784 4840 3874 4885 esse

540 4915 624 4970 Ac
644 4928 824 4976 nemo
853 4929 997 4972 sane
1025 4914 1140 4972 hoc
1159 4915 1360 4988 ipsum
1384 4915 1550 4973 aliter
1580 4931 1645 4972 se
1682 4914 1905 4972 habere
1964 4915 2198 4988 dixerit,
2241 4939 2282 4994 Β
2311 4914 2673 4989 principium
2700 4919 2901 4971 motus
2932 4919 2990 4972 et
3018 4915 3234 4988 quietis
3261 4935 3276 4974 :
3308 4917 3390 4975 ita
3420 4921 3485 4974 ut
3514 4920 3806 4978 contineat
3824 4929 3870 4970 ac

539 5016 729 5074 quam
749 5017 885 5075 quae
896 5003 1080 5061 modo
1092 5003 1383 5063 naturalis
1401 5020 1471 5061 ac
1483 5019 1621 5060 vera
1647 5004 1989 5060 consecutio
2021 5004 2199 5062 hodie

535 5104 756 5163 perme
776 5091 1160 5150 manifestum
1203 5092 1528 5151 exhibebit.
1571 5096 1653 5150 Ac
1703 5092 1968 5166 primum
2030 5099 2197 5152 natu-

535 5193 672 5238 ram
698 5179 953 5238 dicimus
976 5197 1106 5240 esse
1134 5186 1192 5240 et
1217 5186 1448 5240 motum
1487 5182 1549 5239 in
1571 5186 1808 5251 natura,
1864 5183 2198 5257 eodeque

533 5269 721 5327 modo
749 5269 1229 5330 distributionem
1254 5287 1408 5331 esse.
1443 5275 1591 5330 Nam
1639 5271 2006 5346 Aristoteles,
2053 5274 2197 5330 Her-

531 5372 840 5429 mogenes,
873 5362 930 5418 et
954 5362 1243 5418 Homerus
1263 5361 1415 5420 inter
1481 5377 1542 5418 se
1603 5363 1913 5419 communi
1967 5362 2195 5420 ratione

527 5444 899 5517 dividuntur,
930 5450 1242 5520 quomodo
1263 5451 1443 5509 etiam
1460 5455 1686 5524 puncta
1698 5453 1937 5524 punctis
1957 5468 2195 5511 mensu-

525 5536 736 5590 rantur
779 5539 834 5592 et
890 5539 1126 5597 numeri
1179 5541 1467 5598 numeris.
1525 5543 1675 5598 Nam
1728 5541 1918 5598 motui
1987 5545 2192 5615 partes

523 5622 724 5683 motus
750 5622 1171 5702 assignantur;
1195 5633 1264 5691 et
1289 5627 1564 5702 partibus
1609 5627 1962 5701 discrimen,
1992 5644 2191 5704 neque

2311 5003 2703 5078 principatum
2719 5007 3134 5074 gerat.Natura
3150 5005 3330 5077 igitur
3343 5010 3749 5067 movetomnia
3760 5020 3874 5082 qua.L

2309 5107 2548 5166 cunque
2561 5097 2701 5150 sunt
2713 5092 3282 5169 absolute,adeoque
3295 5096 3628 5169 singularia
3639 5099 3767 5173 ipsa
3776 5110 3872 5171 pro-

2307 5181 2658 5259 prietatibus
2692 5197 2763 5239 ac
2792 5180 3206 5241 distributione
3246 5191 3612 5243 connectens
3643 5194 3866 5261 utraque.

2309 5273 2379 5328 Ut
2408 5271 2458 5327 si
2488 5269 2749 5344 exempli
2773 5271 3412 5346 gratiaproprietatum
3429 5280 3635 5348 partes
3665 5287 3866 5335 suman-

2307 5365 2402 5419 tur
2442 5378 2456 5428 ;
2483 5359 2691 5433 quales
2719 5363 2860 5417 sunt
2888 5361 2950 5417 in
2977 5361 3103 5433 igni
3117 5361 3328 5420 urendi
3350 5363 3756 5425 etillustrandi
3772 5379 3865 5439 pro-

2305 5450 2587 5524 prietates
2622 5467 2635 5506 :
2664 5449 2802 5507 etin
2833 5450 2965 5508 aliis
3015 5467 3154 5525 quae
3182 5452 3453 5526 ipsorum
3483 5457 3733 5530 propria
3750 5458 3864 5512 sunt.

2306 5541 2512 5598 Utrum
2536 5539 2716 5612 igitur
2734 5540 3098 5615 principium
3116 5543 3478 5601 terrestrium
3499 5561 3630 5603 non
3648 5553 3737 5605 est
3744 5545 3863 5621 prin-

2303 5629 2530 5704 cipium
2549 5628 2909 5704 aquatilium
2942 5629 2973 5690 ?
2990 5629 3261 5707 Itemque
3296 5637 3500 5696 utrum
3536 5635 3855 5712 principium
