  <div class='ocr_page' id='page_1' title='image "/cluster/home/n/w/nwhite01/storage/ocr_20150623/140/pst.000005714568/684.png"; bbox 0 0 3932 6326; ppageno 0'>
   <div class='ocr_carea' id='block_1_1' title="bbox 0 324 205 382">
    <p class='ocr_par' dir='ltr' id='par_1_1' title="bbox 0 324 205 382">
     <span class='ocr_line' id='line_1_1' title="bbox 0 324 205 382; baseline 0.02 -4"><span class='ocrx_word' id='word_1_1' title='bbox 0 324 22 378; x_wconf 92' lang='grc' dir='ltr'><strong>ι</strong></span> <span class='ocrx_word' id='word_1_2' title='bbox 43 327 205 382; x_wconf 76' lang='grc'><strong>269</strong></span> 
     </span>
    </p>
   </div>
   <div class='ocr_carea' id='block_1_2' title="bbox 25 446 1179 524">
    <p class='ocr_par' dir='ltr' id='par_1_2' title="bbox 25 446 1179 524">
     <span class='ocr_line' id='line_1_2' title="bbox 25 446 1179 524; baseline 0.004 -24"><span class='ocrx_word' id='word_1_3' title='bbox 25 455 181 504; x_wconf 78' lang='grc' dir='ltr'>καὶ</span> <span class='ocrx_word' id='word_1_4' title='bbox 213 450 377 524; x_wconf 81' lang='grc' dir='ltr'>ὠρικὴ</span> <span class='ocrx_word' id='word_1_5' title='bbox 432 452 662 510; x_wconf 86' lang='grc' dir='ltr'>ποσότης</span> <span class='ocrx_word' id='word_1_6' title='bbox 717 446 812 503; x_wconf 79' lang='grc' dir='ltr'>διὰ</span> <span class='ocrx_word' id='word_1_7' title='bbox 864 455 1115 513; x_wconf 78' lang='grc' dir='ltr'>κινήσεως</span> <span class='ocrx_word' id='word_1_8' title='bbox 1167 474 1179 486; x_wconf 89' lang='grc'><strong>·</strong></span> 
     </span>
    </p>
   </div>
   <div class='ocr_carea' id='block_1_3' title="bbox 26 536 1689 615">
    <p class='ocr_par' dir='ltr' id='par_1_3' title="bbox 26 536 1689 615">
     <span class='ocr_line' id='line_1_3' title="bbox 26 536 1689 615; baseline 0.004 -25"><span class='ocrx_word' id='word_1_9' title='bbox 26 536 180 591; x_wconf 76' lang='grc' dir='ltr'><strong>οὖν</strong></span> <span class='ocrx_word' id='word_1_10' title='bbox 231 538 577 612; x_wconf 80' lang='grc' dir='ltr'>’Δριστοτέλει</span> <span class='ocrx_word' id='word_1_11' title='bbox 614 543 704 591; x_wconf 82' lang='grc' dir='ltr'>καὶ</span> <span class='ocrx_word' id='word_1_12' title='bbox 754 539 968 614; x_wconf 81' lang='grc' dir='ltr'><strong>Ὁμήρῳ</strong></span> <span class='ocrx_word' id='word_1_13' title='bbox 997 543 1132 594; x_wconf 82' lang='grc' dir='ltr'>κατὰ</span> <span class='ocrx_word' id='word_1_14' title='bbox 1181 546 1388 599; x_wconf 91' lang='grc' dir='ltr'>κίνησιν</span> <span class='ocrx_word' id='word_1_15' title='bbox 1426 546 1689 615; x_wconf 81' lang='grc' dir='ltr'>καιρικήν.</span> 
     </span>
    </p>
   </div>
   <div class='ocr_carea' id='block_1_4' title="bbox 29 625 1692 704">
    <p class='ocr_par' dir='ltr' id='par_1_4' title="bbox 29 625 1692 704">
     <span class='ocr_line' id='line_1_4' title="bbox 29 625 1692 704; baseline 0.001 -22"><span class='ocrx_word' id='word_1_16' title='bbox 29 628 171 682; x_wconf 82' lang='grc' dir='ltr'>Ἐν</span> <span class='ocrx_word' id='word_1_17' title='bbox 228 633 319 702; x_wconf 73' lang='grc' dir='ltr'><strong>μεν</strong></span> <span class='ocrx_word' id='word_1_18' title='bbox 359 625 446 682; x_wconf 82' lang='grc' dir='ltr'>οὖν</span> <span class='ocrx_word' id='word_1_19' title='bbox 480 636 543 702; x_wconf 75' lang='grc' dir='ltr'>τῇ</span> <span class='ocrx_word' id='word_1_20' title='bbox 607 634 812 687; x_wconf 78' lang='grc' dir='ltr'>κινήσει</span> <span class='ocrx_word' id='word_1_21' title='bbox 871 629 1122 703; x_wconf 81' lang='grc' dir='ltr'>συνέχειά</span> <span class='ocrx_word' id='word_1_22' title='bbox 1155 635 1236 692; x_wconf 89' lang='grc' dir='ltr'><strong>τίς</strong></span> <span class='ocrx_word' id='word_1_23' title='bbox 1286 630 1398 684; x_wconf 80' lang='grc' dir='ltr'>ἐστι</span> <span class='ocrx_word' id='word_1_24' title='bbox 1452 638 1692 704; x_wconf 84' lang='grc' dir='ltr'>μερισμῷ</span> 
     </span>
    </p>
   </div>
   <div class='ocr_carea' id='block_1_5' title="bbox 28 719 1690 796">
    <p class='ocr_par' dir='ltr' id='par_1_5' title="bbox 28 719 1690 796">
     <span class='ocr_line' id='line_1_5' title="bbox 28 719 1690 796; baseline 0.002 -27"><span class='ocrx_word' id='word_1_25' title='bbox 28 719 579 792; x_wconf 76' lang='grc' dir='ltr'>καθυποϐαλλομένη</span> <span class='ocrx_word' id='word_1_26' title='bbox 615 719 644 778; x_wconf 77' lang='grc' dir='ltr'><strong>ἠ</strong></span> <span class='ocrx_word' id='word_1_27' title='bbox 674 723 870 796; x_wconf 90' lang='grc' dir='ltr'>χρόνου</span> <span class='ocrx_word' id='word_1_28' title='bbox 899 720 928 780; x_wconf 78' lang='grc' dir='ltr'><strong><em>ἦ</em></strong></span> <span class='ocrx_word' id='word_1_29' title='bbox 959 725 1153 796; x_wconf 87' lang='grc' dir='ltr'>τρόπου</span> <span class='ocrx_word' id='word_1_30' title='bbox 1211 722 1240 780; x_wconf 77' lang='grc' dir='ltr'><strong>ἣ</strong></span> <span class='ocrx_word' id='word_1_31' title='bbox 1303 725 1543 780; x_wconf 75' lang='grc' dir='ltr'><strong>ποιότητι</strong></span> <span class='ocrx_word' id='word_1_32' title='bbox 1599 727 1690 773; x_wconf 90' lang='grc' dir='ltr'><strong>τοῦ</strong></span> 
     </span>
    </p>
   </div>
   <div class='ocr_carea' id='block_1_6' title="bbox 32 807 1685 884">
    <p class='ocr_par' dir='ltr' id='par_1_6' title="bbox 32 807 1685 884">
     <span class='ocr_line' id='line_1_6' title="bbox 32 807 1685 884; baseline 0.002 -26"><span class='ocrx_word' id='word_1_33' title='bbox 32 813 411 882; x_wconf 77' lang='grc' dir='ltr'><strong>κινουμένου,</strong></span> <span class='ocrx_word' id='word_1_34' title='bbox 472 809 576 862; x_wconf 85' lang='grc' dir='ltr'>οἷον</span> <span class='ocrx_word' id='word_1_35' title='bbox 633 812 703 870; x_wconf 84' lang='grc' dir='ltr'>ὡς</span> <span class='ocrx_word' id='word_1_36' title='bbox 765 816 855 862; x_wconf 91' lang='grc' dir='ltr'><strong>νοῦ</strong></span> <span class='ocrx_word' id='word_1_37' title='bbox 929 813 1058 884; x_wconf 84' lang='grc' dir='ltr'>πρὸς</span> <span class='ocrx_word' id='word_1_38' title='bbox 1124 814 1337 869; x_wconf 85' lang='grc' dir='ltr'>πτηνόν.</span> <span class='ocrx_word' id='word_1_39' title='bbox 1378 811 1459 864; x_wconf 90' lang='grc' dir='ltr'>Ἐν</span> <span class='ocrx_word' id='word_1_40' title='bbox 1515 807 1574 863; x_wconf 76' lang='grc' dir='ltr'><strong>δε</strong></span> <span class='ocrx_word' id='word_1_41' title='bbox 1623 818 1685 884; x_wconf 74' lang='grc' dir='ltr'><strong>τῇ</strong></span> 
     </span>
    </p>
   </div>
   <div class='ocr_carea' id='block_1_7' title="bbox 37 898 1689 973">
    <p class='ocr_par' dir='ltr' id='par_1_7' title="bbox 37 898 1689 973">
     <span class='ocr_line' id='line_1_7' title="bbox 37 898 1689 973; baseline 0.001 -23"><span class='ocrx_word' id='word_1_42' title='bbox 37 901 243 970; x_wconf 66' lang='grc' dir='ltr'>φύσει</span> <span class='ocrx_word' id='word_1_43' title='bbox 270 902 521 973; x_wconf 79' lang='grc' dir='ltr'><strong>μερισμοὶ</strong></span> <span class='ocrx_word' id='word_1_44' title='bbox 553 899 786 970; x_wconf 78' lang='grc' dir='ltr'><strong>κράσεων</strong></span> <span class='ocrx_word' id='word_1_45' title='bbox 811 902 946 952; x_wconf 81' lang='grc' dir='ltr'>κατὰ</span> <span class='ocrx_word' id='word_1_46' title='bbox 996 902 1056 952; x_wconf 82' lang='grc' dir='ltr'><strong>τό</strong></span> <span class='ocrx_word' id='word_1_47' title='bbox 1089 899 1211 952; x_wconf 78' lang='grc' dir='ltr'>ἄλλο</span> <span class='ocrx_word' id='word_1_48' title='bbox 1239 919 1294 952; x_wconf 87' lang='grc' dir='ltr'><strong>τε</strong></span> <span class='ocrx_word' id='word_1_49' title='bbox 1351 904 1440 952; x_wconf 84' lang='grc' dir='ltr'>καὶ</span> <span class='ocrx_word' id='word_1_50' title='bbox 1491 898 1689 952; x_wconf 79' lang='grc' dir='ltr'>ἀλλοῖον</span> 
     </span>
    </p>
   </div>
   <div class='ocr_carea' id='block_1_8' title="bbox 36 984 1690 1063">
    <p class='ocr_par' dir='ltr' id='par_1_8' title="bbox 36 984 1690 1063">
     <span class='ocr_line' id='line_1_8' title="bbox 36 984 1690 1063; baseline 0.001 -23"><span class='ocrx_word' id='word_1_51' title='bbox 36 992 175 1041; x_wconf 78' lang='grc' dir='ltr'><strong>καὶ</strong></span> <span class='ocrx_word' id='word_1_52' title='bbox 231 986 414 1051; x_wconf 76' lang='grc' dir='ltr'>ἄλλως.</span> <span class='ocrx_word' id='word_1_53' title='bbox 465 988 546 1040; x_wconf 84' lang='grc' dir='ltr'><strong>Ἐν</strong></span> <span class='ocrx_word' id='word_1_54' title='bbox 609 984 668 1041; x_wconf 74' lang='grc' dir='ltr'>δὲ</span> <span class='ocrx_word' id='word_1_55' title='bbox 704 995 820 1052; x_wconf 85' lang='grc' dir='ltr'>ταῖς</span> <span class='ocrx_word' id='word_1_56' title='bbox 870 991 1120 1063; x_wconf 80' lang='grc' dir='ltr'><strong>κράσεσιν</strong></span> <span class='ocrx_word' id='word_1_57' title='bbox 1176 989 1236 1042; x_wconf 80' lang='grc' dir='ltr'><strong>οῦ</strong></span> <span class='ocrx_word' id='word_1_58' title='bbox 1290 986 1551 1062; x_wconf 83' lang='grc' dir='ltr'>διαίρεσις</span> <span class='ocrx_word' id='word_1_59' title='bbox 1604 1008 1690 1062; x_wconf 80' lang='grc' dir='ltr'>με·</span> 
     </span>
    </p>
   </div>
   <div class='ocr_carea' id='block_1_9' title="bbox 40 1075 1688 1152">
    <p class='ocr_par' dir='ltr' id='par_1_9' title="bbox 40 1075 1688 1152">
     <span class='ocr_line' id='line_1_9' title="bbox 40 1075 1688 1152; baseline 0.001 -23"><span class='ocrx_word' id='word_1_60' title='bbox 40 1080 297 1149; x_wconf 83' lang='grc' dir='ltr'>ρισμὸς,</span> <span class='ocrx_word' id='word_1_61' title='bbox 325 1080 390 1137; x_wconf 85' lang='grc' dir='ltr'>ὡς</span> <span class='ocrx_word' id='word_1_62' title='bbox 417 1075 501 1130; x_wconf 73' lang='grc' dir='ltr'><strong>ἐπὶ</strong></span> <span class='ocrx_word' id='word_1_63' title='bbox 552 1085 644 1138; x_wconf 80' lang='grc' dir='ltr'>τῆς</span> <span class='ocrx_word' id='word_1_64' title='bbox 681 1078 882 1149; x_wconf 77' lang='grc' dir='ltr'>φύσεως</span> <span class='ocrx_word' id='word_1_65' title='bbox 934 1085 1049 1139; x_wconf 85' lang='grc' dir='ltr'>ταῖς</span> <span class='ocrx_word' id='word_1_66' title='bbox 1085 1079 1335 1150; x_wconf 78' lang='grc' dir='ltr'><strong>κράσεσιν</strong></span> <span class='ocrx_word' id='word_1_67' title='bbox 1365 1080 1396 1136; x_wconf 84' lang='grc' dir='ltr'>ἡ</span> <span class='ocrx_word' id='word_1_68' title='bbox 1431 1075 1688 1152; x_wconf 83' lang='grc' dir='ltr'>διαίρεσις</span> 
     </span>
    </p>
   </div>
   <div class='ocr_carea' id='block_1_10' title="bbox 43 1165 1687 1240">
    <p class='ocr_par' dir='ltr' id='par_1_10' title="bbox 43 1165 1687 1240">
     <span class='ocr_line' id='line_1_10' title="bbox 43 1165 1687 1240; baseline 0.001 -22"><span class='ocrx_word' id='word_1_69' title='bbox 43 1170 364 1240; x_wconf 74' lang='grc' dir='ltr'>μερισμὸς,</span> <span class='ocrx_word' id='word_1_70' title='bbox 433 1165 540 1218; x_wconf 80' lang='grc' dir='ltr'>ἀλλ’</span> <span class='ocrx_word' id='word_1_71' title='bbox 602 1167 778 1228; x_wconf 82' lang='grc' dir='ltr'>ἓνωσις</span> <span class='ocrx_word' id='word_1_72' title='bbox 844 1172 1112 1240; x_wconf 86' lang='grc' dir='ltr'>μερισμός,</span> <span class='ocrx_word' id='word_1_73' title='bbox 1173 1169 1199 1220; x_wconf 88' lang='lat'><strong>6</strong></span> <span class='ocrx_word' id='word_1_74' title='bbox 1249 1185 1360 1220; x_wconf 85' lang='grc' dir='ltr'>τισι</span> <span class='ocrx_word' id='word_1_75' title='bbox 1431 1175 1559 1240; x_wconf 77' lang='grc' dir='ltr'>φανῇ</span> <span class='ocrx_word' id='word_1_76' title='bbox 1620 1169 1687 1228; x_wconf 84' lang='grc' dir='ltr'>ὡς</span> 
     </span>
    </p>
   </div>
   <div class='ocr_carea' id='block_1_11' title="bbox 43 1255 1685 1331">
    <p class='ocr_par' dir='ltr' id='par_1_11' title="bbox 43 1255 1685 1331">
     <span class='ocr_line' id='line_1_11' title="bbox 43 1255 1685 1331; baseline 0.001 -25"><span class='ocrx_word' id='word_1_77' title='bbox 43 1261 262 1309; x_wconf 79' lang='grc' dir='ltr'>καινόν</span> <span class='ocrx_word' id='word_1_78' title='bbox 313 1276 326 1290; x_wconf 88' lang='grc'><strong>·</strong></span> <span class='ocrx_word' id='word_1_79' title='bbox 377 1257 447 1318; x_wconf 83' lang='grc' dir='ltr'>ὡς</span> <span class='ocrx_word' id='word_1_80' title='bbox 496 1257 597 1331; x_wconf 73' lang='grc' dir='ltr'><strong>γὰρ</strong></span> <span class='ocrx_word' id='word_1_81' title='bbox 666 1259 920 1329; x_wconf 87' lang='grc' dir='ltr'>μερισμόν</span> <span class='ocrx_word' id='word_1_82' title='bbox 979 1263 1079 1308; x_wconf 85' lang='grc' dir='ltr'><strong>τῶν</strong></span> <span class='ocrx_word' id='word_1_83' title='bbox 1144 1259 1398 1309; x_wconf 80' lang='grc' dir='ltr'><strong>συνθέτων</strong></span> <span class='ocrx_word' id='word_1_84' title='bbox 1467 1255 1522 1308; x_wconf 82' lang='grc' dir='ltr'>ἐκ</span> <span class='ocrx_word' id='word_1_85' title='bbox 1585 1264 1685 1308; x_wconf 91' lang='grc' dir='ltr'><strong>τῶν</strong></span> 
     </span>
    </p>
   </div>
   <div class='ocr_carea' id='block_1_12' title="bbox 48 1342 1684 1418">
    <p class='ocr_par' dir='ltr' id='par_1_12' title="bbox 48 1342 1684 1418">
     <span class='ocr_line' id='line_1_12' title="bbox 48 1342 1684 1418; baseline 0.001 -22"><span class='ocrx_word' id='word_1_86' title='bbox 48 1344 260 1398; x_wconf 81' lang='grc' dir='ltr'><strong>ἁπλῶν</strong></span> <span class='ocrx_word' id='word_1_87' title='bbox 326 1347 352 1404; x_wconf 76' lang='grc' dir='ltr'>ἢ</span> <span class='ocrx_word' id='word_1_88' title='bbox 412 1354 512 1398; x_wconf 87' lang='grc' dir='ltr'><strong>τῶν</strong></span> <span class='ocrx_word' id='word_1_89' title='bbox 568 1353 790 1418; x_wconf 76' lang='grc' dir='ltr'><strong>μερικῶν</strong></span> <span class='ocrx_word' id='word_1_90' title='bbox 865 1348 1062 1413; x_wconf 87' lang='grc' dir='ltr'>ἓνωσις,</span> <span class='ocrx_word' id='word_1_91' title='bbox 1144 1346 1274 1398; x_wconf 80' lang='grc' dir='ltr'>οὕτω</span> <span class='ocrx_word' id='word_1_92' title='bbox 1332 1342 1399 1405; x_wconf 81' lang='grc' dir='ltr'>δὴ</span> <span class='ocrx_word' id='word_1_93' title='bbox 1453 1350 1543 1398; x_wconf 83' lang='grc' dir='ltr'>καὶ</span> <span class='ocrx_word' id='word_1_94' title='bbox 1585 1354 1684 1398; x_wconf 86' lang='grc' dir='ltr'><strong>τῶν</strong></span> 
     </span>
    </p>
   </div>
   <div class='ocr_carea' id='block_1_13' title="bbox 44 1431 1683 1510">
    <p class='ocr_par' dir='ltr' id='par_1_13' title="bbox 44 1431 1683 1510">
     <span class='ocr_line' id='line_1_13' title="bbox 44 1431 1683 1510; baseline 0.001 -25"><span class='ocrx_word' id='word_1_95' title='bbox 44 1437 319 1509; x_wconf 76' lang='grc' dir='ltr'>κράσεων</span> <span class='ocrx_word' id='word_1_96' title='bbox 382 1435 582 1505; x_wconf 81' lang='grc' dir='ltr'>ἕνωσις,</span> <span class='ocrx_word' id='word_1_97' title='bbox 671 1431 928 1509; x_wconf 85' lang='grc' dir='ltr'>διαίρεσις</span> <span class='ocrx_word' id='word_1_98' title='bbox 1005 1436 1256 1508; x_wconf 88' lang='grc' dir='ltr'>κράσεων.</span> <span class='ocrx_word' id='word_1_99' title='bbox 1315 1434 1534 1488; x_wconf 76' lang='grc' dir='ltr'><strong>Ἐκεῖθεν</strong></span> <span class='ocrx_word' id='word_1_100' title='bbox 1581 1437 1683 1510; x_wconf 71' lang='grc' dir='ltr'>γὰρ</span> 
     </span>
    </p>
   </div>
   <div class='ocr_carea' id='block_1_14' title="bbox 48 1520 1685 1598">
    <p class='ocr_par' dir='ltr' id='par_1_14' title="bbox 48 1520 1685 1598">
     <span class='ocr_line' id='line_1_14' title="bbox 48 1520 1685 1598; baseline 0 -22"><span class='ocrx_word' id='word_1_101' title='bbox 48 1525 97 1581; x_wconf 79' lang='grc' dir='ltr'>ἡ</span> <span class='ocrx_word' id='word_1_102' title='bbox 141 1521 406 1598; x_wconf 76' lang='grc' dir='ltr'>διαίρεσις</span> <span class='ocrx_word' id='word_1_103' title='bbox 432 1526 604 1585; x_wconf 84' lang='grc' dir='ltr'>κοινός</span> <span class='ocrx_word' id='word_1_104' title='bbox 633 1527 911 1596; x_wconf 86' lang='grc' dir='ltr'>μερισμὸς,</span> <span class='ocrx_word' id='word_1_105' title='bbox 943 1521 1182 1576; x_wconf 70' lang='grc' dir='ltr'>ἐνταυθοῖ</span> <span class='ocrx_word' id='word_1_106' title='bbox 1229 1520 1289 1577; x_wconf 68' lang='grc' dir='ltr'>δὲ</span> <span class='ocrx_word' id='word_1_107' title='bbox 1331 1525 1361 1582; x_wconf 80' lang='grc' dir='ltr'>ἡ</span> <span class='ocrx_word' id='word_1_108' title='bbox 1424 1520 1685 1596; x_wconf 84' lang='grc' dir='ltr'>διαίρεσις</span> 
     </span>
    </p>
   </div>
   <div class='ocr_carea' id='block_1_15' title="bbox 45 1609 1681 1689">
    <p class='ocr_par' dir='ltr' id='par_1_15' title="bbox 45 1609 1681 1689">
     <span class='ocr_line' id='line_1_15' title="bbox 45 1609 1681 1689; baseline 0 -25"><span class='ocrx_word' id='word_1_109' title='bbox 45 1613 286 1679; x_wconf 77' lang='grc' dir='ltr'>ἓνωσις,</span> <span class='ocrx_word' id='word_1_110' title='bbox 329 1611 508 1672; x_wconf 78' lang='grc' dir='ltr'>ἐπειδὴ</span> <span class='ocrx_word' id='word_1_111' title='bbox 549 1621 770 1686; x_wconf 75' lang='grc' dir='ltr'><strong>μερικῶν</strong></span> <span class='ocrx_word' id='word_1_112' title='bbox 826 1615 1170 1686; x_wconf 76' lang='grc' dir='ltr'>ὑποκειμένων</span> <span class='ocrx_word' id='word_1_113' title='bbox 1221 1612 1334 1666; x_wconf 82' lang='grc' dir='ltr'><strong>ἐστὶ</strong></span> <span class='ocrx_word' id='word_1_114' title='bbox 1401 1609 1681 1689; x_wconf 85' lang='grc' dir='ltr'>διαίρεσις,</span> 
     </span>
    </p>
   </div>
   <div class='ocr_carea' id='block_1_16' title="bbox 45 1701 1682 1776">
    <p class='ocr_par' dir='ltr' id='par_1_16' title="bbox 45 1701 1682 1776">
     <span class='ocr_line' id='line_1_16' title="bbox 45 1701 1682 1776; baseline 0.001 -23"><span class='ocrx_word' id='word_1_115' title='bbox 45 1701 212 1755; x_wconf 78' lang='grc' dir='ltr'><strong>Ἀπό</strong></span> <span class='ocrx_word' id='word_1_116' title='bbox 242 1705 344 1775; x_wconf 75' lang='grc' dir='ltr'><strong>γὰρ</strong></span> <span class='ocrx_word' id='word_1_117' title='bbox 376 1709 466 1754; x_wconf 89' lang='grc' dir='ltr'><strong>τοῦ</strong></span> <span class='ocrx_word' id='word_1_118' title='bbox 504 1708 709 1776; x_wconf 83' lang='grc' dir='ltr'>πρώτου</span> <span class='ocrx_word' id='word_1_119' title='bbox 761 1706 1028 1773; x_wconf 85' lang='grc' dir='ltr'>στοιχείου</span> <span class='ocrx_word' id='word_1_120' title='bbox 1073 1722 1107 1754; x_wconf 94' lang='grc' dir='ltr'><strong>α</strong></span> <span class='ocrx_word' id='word_1_121' title='bbox 1158 1702 1251 1763; x_wconf 77' lang='grc' dir='ltr'>ἕως</span> <span class='ocrx_word' id='word_1_122' title='bbox 1306 1709 1398 1754; x_wconf 92' lang='grc' dir='ltr'><strong>τοῦ</strong></span> <span class='ocrx_word' id='word_1_123' title='bbox 1449 1701 1682 1776; x_wconf 80' lang='grc' dir='ltr'>ἐσχάτου</span> 
     </span>
    </p>
   </div>
   <div class='ocr_carea' id='block_1_17' title="bbox 45 1787 1682 1866">
    <p class='ocr_par' dir='ltr' id='par_1_17' title="bbox 45 1787 1682 1866">
     <span class='ocr_line' id='line_1_17' title="bbox 45 1787 1682 1866; baseline -0.001 -23"><span class='ocrx_word' id='word_1_124' title='bbox 45 1812 110 1843; x_wconf 88' lang='grc' dir='ltr'><strong>ω</strong></span> <span class='ocrx_word' id='word_1_125' title='bbox 163 1795 390 1866; x_wconf 79' lang='grc' dir='ltr'>μερίζων</span> <span class='ocrx_word' id='word_1_126' title='bbox 426 1810 506 1852; x_wconf 89' lang='grc' dir='ltr'><strong>τις</strong></span> <span class='ocrx_word' id='word_1_127' title='bbox 544 1791 650 1863; x_wconf 80' lang='grc' dir='ltr'>οὐχ</span> <span class='ocrx_word' id='word_1_128' title='bbox 715 1789 820 1844; x_wconf 86' lang='grc' dir='ltr'>ἑνοῖ</span> <span class='ocrx_word' id='word_1_129' title='bbox 873 1792 941 1843; x_wconf 84' lang='grc' dir='ltr'>τὰ</span> <span class='ocrx_word' id='word_1_130' title='bbox 987 1794 1116 1864; x_wconf 87' lang='grc' dir='ltr'>μέρη</span> <span class='ocrx_word' id='word_1_131' title='bbox 1144 1799 1206 1863; x_wconf 73' lang='grc' dir='ltr'>τῇ</span> <span class='ocrx_word' id='word_1_132' title='bbox 1242 1787 1499 1862; x_wconf 76' lang='grc' dir='ltr'>διαιρέσει</span> <span class='ocrx_word' id='word_1_133' title='bbox 1529 1812 1540 1824; x_wconf 87' lang='grc'><strong>·</strong></span> <span class='ocrx_word' id='word_1_134' title='bbox 1572 1799 1682 1852; x_wconf 87' lang='grc' dir='ltr'>ταῖς</span> 
     </span>
    </p>
   </div>
   <div class='ocr_carea' id='block_1_18' title="bbox 45 1876 1681 1956">
    <p class='ocr_par' dir='ltr' id='par_1_18' title="bbox 45 1876 1681 1956">
     <span class='ocr_line' id='line_1_18' title="bbox 45 1876 1681 1956; baseline 0 -24"><span class='ocrx_word' id='word_1_135' title='bbox 45 1885 224 1952; x_wconf 84' lang='grc' dir='ltr'>τρισὶ</span> <span class='ocrx_word' id='word_1_136' title='bbox 251 1876 310 1933; x_wconf 67' lang='grc' dir='ltr'>δὲ</span> <span class='ocrx_word' id='word_1_137' title='bbox 344 1885 552 1956; x_wconf 86' lang='grc' dir='ltr'>μερίσιν</span> <span class='ocrx_word' id='word_1_138' title='bbox 590 1880 634 1933; x_wconf 82' lang='grc' dir='ltr'>εἰ</span> <span class='ocrx_word' id='word_1_139' title='bbox 665 1878 907 1952; x_wconf 77' lang='grc' dir='ltr'>λάϐοιμεν</span> <span class='ocrx_word' id='word_1_140' title='bbox 960 1882 1128 1931; x_wconf 74' lang='grc' dir='ltr'>αὐτῶν</span> <span class='ocrx_word' id='word_1_141' title='bbox 1157 1883 1429 1954; x_wconf 85' lang='grc' dir='ltr'>μερισμόν,</span> <span class='ocrx_word' id='word_1_142' title='bbox 1491 1879 1681 1952; x_wconf 87' lang='grc' dir='ltr'>μᾶλλον</span> 
     </span>
    </p>
   </div>
   <div class='ocr_carea' id='block_1_19' title="bbox 43 1964 1680 2044">
    <p class='ocr_par' dir='ltr' id='par_1_19' title="bbox 43 1964 1680 2044">
     <span class='ocr_line' id='line_1_19' title="bbox 43 1964 1680 2044; baseline 0 -22"><span class='ocrx_word' id='word_1_143' title='bbox 43 1978 176 2023; x_wconf 77' lang='grc' dir='ltr'><strong>τῶν</strong></span> <span class='ocrx_word' id='word_1_144' title='bbox 227 1977 393 2044; x_wconf 88' lang='grc' dir='ltr'>μερῶν</span> <span class='ocrx_word' id='word_1_145' title='bbox 440 1969 621 2022; x_wconf 80' lang='grc' dir='ltr'>ἕνωσιν</span> <span class='ocrx_word' id='word_1_146' title='bbox 671 1968 923 2041; x_wconf 79' lang='grc' dir='ltr'>λάϐωμεν,</span> <span class='ocrx_word' id='word_1_147' title='bbox 966 1970 1098 2021; x_wconf 84' lang='grc' dir='ltr'>ὥστε</span> <span class='ocrx_word' id='word_1_148' title='bbox 1145 1969 1175 2026; x_wconf 83' lang='grc' dir='ltr'><strong>ἡ</strong></span> <span class='ocrx_word' id='word_1_149' title='bbox 1221 1971 1309 2041; x_wconf 75' lang='grc' dir='ltr'>μὲν</span> <span class='ocrx_word' id='word_1_150' title='bbox 1355 1970 1506 2039; x_wconf 82' lang='grc' dir='ltr'>φύσει</span> <span class='ocrx_word' id='word_1_151' title='bbox 1537 1964 1680 2022; x_wconf 78' lang='grc' dir='ltr'>διαίο</span> 
     </span>
    </p>
   </div>
   <div class='ocr_carea' id='block_1_20' title="bbox 45 2053 1680 2133">
    <p class='ocr_par' dir='ltr' id='par_1_20' title="bbox 45 2053 1680 2133">
     <span class='ocr_line' id='line_1_20' title="bbox 45 2053 1680 2133; baseline -0.001 -21"><span class='ocrx_word' id='word_1_152' title='bbox 45 2079 226 2132; x_wconf 70' lang='grc' dir='ltr'>ρεσις</span> <span class='ocrx_word' id='word_1_153' title='bbox 259 2059 460 2130; x_wconf 82' lang='grc' dir='ltr'>ἔνωσις,</span> <span class='ocrx_word' id='word_1_154' title='bbox 494 2060 525 2118; x_wconf 82' lang='grc' dir='ltr'><strong>ἠ</strong></span> <span class='ocrx_word' id='word_1_155' title='bbox 561 2055 620 2111; x_wconf 74' lang='grc' dir='ltr'><strong>δε</strong></span> <span class='ocrx_word' id='word_1_156' title='bbox 658 2061 794 2110; x_wconf 87' lang='grc' dir='ltr'>κατὰ</span> <span class='ocrx_word' id='word_1_157' title='bbox 821 2064 1009 2133; x_wconf 87' lang='grc' dir='ltr'>κρᾶσιν</span> <span class='ocrx_word' id='word_1_158' title='bbox 1067 2058 1244 2119; x_wconf 83' lang='grc' dir='ltr'>ἓνωσις</span> <span class='ocrx_word' id='word_1_159' title='bbox 1282 2056 1470 2128; x_wconf 85' lang='grc' dir='ltr'>μᾶλλον</span> <span class='ocrx_word' id='word_1_160' title='bbox 1538 2053 1573 2110; x_wconf 91' lang='grc' dir='ltr'><strong>δ</strong></span> <span class='ocrx_word' id='word_1_161' title='bbox 1578 2063 1680 2110; x_wconf 87' lang='grc' dir='ltr'>ιαί-</span> 
     </span>
    </p>
   </div>
   <div class='ocr_carea' id='block_1_21' title="bbox 42 2143 1673 2221">
    <p class='ocr_par' dir='ltr' id='par_1_21' title="bbox 42 2143 1673 2221">
     <span class='ocr_line' id='line_1_21' title="bbox 42 2143 1673 2221; baseline -0.002 -20"><span class='ocrx_word' id='word_1_162' title='bbox 42 2168 246 2220; x_wconf 71' lang='grc' dir='ltr'>ρεσις.</span> <span class='ocrx_word' id='word_1_163' title='bbox 301 2151 448 2201; x_wconf 78' lang='grc' dir='ltr'><strong>Κατὰ</strong></span> <span class='ocrx_word' id='word_1_164' title='bbox 511 2151 667 2200; x_wconf 88' lang='grc' dir='ltr'>ταυτό</span> <span class='ocrx_word' id='word_1_165' title='bbox 723 2155 847 2220; x_wconf 78' lang='grc' dir='ltr'>γοῦν</span> <span class='ocrx_word' id='word_1_166' title='bbox 894 2149 962 2200; x_wconf 78' lang='grc' dir='ltr'>τὰ</span> <span class='ocrx_word' id='word_1_167' title='bbox 1035 2149 1186 2220; x_wconf 81' lang='grc' dir='ltr'>φύσει</span> <span class='ocrx_word' id='word_1_168' title='bbox 1249 2143 1588 2221; x_wconf 78' lang='grc' dir='ltr'>διαιρούμενα</span> <span class='ocrx_word' id='word_1_169' title='bbox 1644 2147 1673 2206; x_wconf 77' lang='grc' dir='ltr'><strong>ἣ</strong></span> 
     </span>
    </p>
   </div>
   <div class='ocr_carea' id='block_1_22' title="bbox 43 2233 1673 2311">
    <p class='ocr_par' dir='ltr' id='par_1_22' title="bbox 43 2233 1673 2311">
     <span class='ocr_line' id='line_1_22' title="bbox 43 2233 1673 2311; baseline -0.001 -21"><span class='ocrx_word' id='word_1_170' title='bbox 43 2242 256 2311; x_wconf 72' lang='grc' dir='ltr'>χρόνῳ</span> <span class='ocrx_word' id='word_1_171' title='bbox 281 2238 310 2296; x_wconf 77' lang='grc' dir='ltr'><strong><em>ἦ</em></strong></span> <span class='ocrx_word' id='word_1_172' title='bbox 336 2241 477 2308; x_wconf 86' lang='grc' dir='ltr'>τόπῳ</span> <span class='ocrx_word' id='word_1_173' title='bbox 502 2237 532 2295; x_wconf 77' lang='grc' dir='ltr'><em>ἢ</em></span> <span class='ocrx_word' id='word_1_174' title='bbox 562 2255 823 2298; x_wconf 83' lang='grc' dir='ltr'>ποιότητι,</span> <span class='ocrx_word' id='word_1_175' title='bbox 858 2237 916 2289; x_wconf 74' lang='grc' dir='ltr'>οὐ</span> <span class='ocrx_word' id='word_1_176' title='bbox 950 2239 1085 2288; x_wconf 82' lang='grc' dir='ltr'>κατὰ</span> <span class='ocrx_word' id='word_1_177' title='bbox 1116 2238 1269 2308; x_wconf 81' lang='grc' dir='ltr'>φύσιν</span> <span class='ocrx_word' id='word_1_178' title='bbox 1301 2233 1631 2309; x_wconf 81' lang='grc' dir='ltr'>διαιροῦνται</span> <span class='ocrx_word' id='word_1_179' title='bbox 1660 2256 1673 2270; x_wconf 77' lang='grc' dir='ltr'><strong>ο</strong></span> 
     </span>
    </p>
   </div>
   <div class='ocr_carea' id='block_1_23' title="bbox 47 2324 1677 2401">
    <p class='ocr_par' dir='ltr' id='par_1_23' title="bbox 47 2324 1677 2401">
     <span class='ocr_line' id='line_1_23' title="bbox 47 2324 1677 2401; baseline -0.001 -23"><span class='ocrx_word' id='word_1_180' title='bbox 47 2331 236 2400; x_wconf 68' lang='grc' dir='ltr'>φύσις</span> <span class='ocrx_word' id='word_1_181' title='bbox 304 2328 405 2401; x_wconf 72' lang='grc' dir='ltr'><strong>γὰρ</strong></span> <span class='ocrx_word' id='word_1_182' title='bbox 456 2333 564 2389; x_wconf 85' lang='grc' dir='ltr'>τοῖς</span> <span class='ocrx_word' id='word_1_183' title='bbox 631 2331 763 2379; x_wconf 82' lang='grc' dir='ltr'>πᾶσι</span> <span class='ocrx_word' id='word_1_184' title='bbox 817 2331 985 2395; x_wconf 82' lang='grc' dir='ltr'>κοινὴ,</span> <span class='ocrx_word' id='word_1_185' title='bbox 1039 2324 1168 2377; x_wconf 78' lang='grc' dir='ltr'>ἀλλὰ</span> <span class='ocrx_word' id='word_1_186' title='bbox 1229 2327 1365 2377; x_wconf 80' lang='grc' dir='ltr'>κατὰ</span> <span class='ocrx_word' id='word_1_187' title='bbox 1423 2329 1677 2397; x_wconf 87' lang='grc' dir='ltr'>μερισμὸν</span> 
     </span>
    </p>
   </div>
   <div class='ocr_carea' id='block_1_24' title="bbox 43 2412 1677 2491">
    <p class='ocr_par' dir='ltr' id='par_1_24' title="bbox 43 2412 1677 2491">
     <span class='ocr_line' id='line_1_24' title="bbox 43 2412 1677 2491; baseline -0.001 -24"><span class='ocrx_word' id='word_1_188' title='bbox 43 2416 334 2491; x_wconf 74' lang='grc' dir='ltr'>κράσεων,</span> <span class='ocrx_word' id='word_1_189' title='bbox 384 2413 516 2473; x_wconf 78' lang='grc' dir='ltr'>πλὴν</span> <span class='ocrx_word' id='word_1_190' title='bbox 570 2412 844 2490; x_wconf 82' lang='grc' dir='ltr'>ἀρχούσης</span> <span class='ocrx_word' id='word_1_191' title='bbox 870 2423 964 2476; x_wconf 85' lang='grc' dir='ltr'>τῆς</span> <span class='ocrx_word' id='word_1_192' title='bbox 1025 2417 1223 2486; x_wconf 84' lang='grc' dir='ltr'>φύσεως</span> <span class='ocrx_word' id='word_1_193' title='bbox 1251 2435 1264 2447; x_wconf 87' lang='lat'><strong>&#39;</strong></span> <span class='ocrx_word' id='word_1_194' title='bbox 1295 2413 1677 2487; x_wconf 82' lang='grc' dir='ltr'>συμϐάλλονται</span> 
     </span>
    </p>
   </div>
   <div class='ocr_carea' id='block_1_25' title="bbox 47 2504 1674 2578">
    <p class='ocr_par' dir='ltr' id='par_1_25' title="bbox 47 2504 1674 2578">
     <span class='ocr_line' id='line_1_25' title="bbox 47 2504 1674 2578; baseline 0 -21"><span class='ocrx_word' id='word_1_195' title='bbox 47 2508 177 2578; x_wconf 79' lang='grc' dir='ltr'><strong>γὰρ</strong></span> <span class='ocrx_word' id='word_1_196' title='bbox 236 2506 290 2556; x_wconf 79' lang='grc' dir='ltr'>αἱ</span> <span class='ocrx_word' id='word_1_197' title='bbox 345 2505 554 2578; x_wconf 78' lang='grc' dir='ltr'>κράσεις</span> <span class='ocrx_word' id='word_1_198' title='bbox 611 2506 676 2566; x_wconf 85' lang='grc' dir='ltr'>ὡς</span> <span class='ocrx_word' id='word_1_199' title='bbox 713 2509 924 2578; x_wconf 84' lang='grc' dir='ltr'>μερικαὶ</span> <span class='ocrx_word' id='word_1_200' title='bbox 967 2505 1151 2556; x_wconf 85' lang='grc' dir='ltr'>καθότι</span> <span class='ocrx_word' id='word_1_201' title='bbox 1206 2504 1422 2578; x_wconf 78' lang='grc' dir='ltr'>κράσεις</span> <span class='ocrx_word' id='word_1_202' title='bbox 1483 2505 1674 2578; x_wconf 84' lang='grc' dir='ltr'>κράσε-</span> 
     </span>
    </p>
   </div>
   <div class='ocr_carea' id='block_1_26' title="bbox 54 2589 1676 2670">
    <p class='ocr_par' dir='ltr' id='par_1_26' title="bbox 54 2589 1676 2670">
     <span class='ocr_line' id='line_1_26' title="bbox 54 2589 1676 2670; baseline -0.001 -22"><span class='ocrx_word' id='word_1_203' title='bbox 54 2614 160 2648; x_wconf 79' lang='grc' dir='ltr'><strong>σιν</strong></span> <span class='ocrx_word' id='word_1_204' title='bbox 201 2593 417 2670; x_wconf 80' lang='grc' dir='ltr'>ἑτέραις,</span> <span class='ocrx_word' id='word_1_205' title='bbox 467 2589 645 2651; x_wconf 76' lang='grc' dir='ltr'>ὶπειδὴ</span> <span class='ocrx_word' id='word_1_206' title='bbox 708 2598 798 2646; x_wconf 83' lang='grc' dir='ltr'>καὶ</span> <span class='ocrx_word' id='word_1_207' title='bbox 852 2593 1009 2645; x_wconf 83' lang='grc' dir='ltr'>αὗται</span> <span class='ocrx_word' id='word_1_208' title='bbox 1077 2597 1306 2666; x_wconf 84' lang='grc' dir='ltr'>μερικαὶ,</span> <span class='ocrx_word' id='word_1_209' title='bbox 1359 2592 1418 2645; x_wconf 85' lang='grc' dir='ltr'><strong>οῦ</strong></span> <span class='ocrx_word' id='word_1_210' title='bbox 1466 2597 1569 2665; x_wconf 85' lang='grc' dir='ltr'>μὴν</span> <span class='ocrx_word' id='word_1_211' title='bbox 1618 2589 1676 2646; x_wconf 65' lang='grc' dir='ltr'>δι</span> 
     </span>
    </p>
   </div>
   <div class='ocr_carea' id='block_1_27' title="bbox 49 2681 1675 2760">
    <p class='ocr_par' dir='ltr' id='par_1_27' title="bbox 49 2681 1675 2760">
     <span class='ocr_line' id='line_1_27' title="bbox 49 2681 1675 2760; baseline -0.001 -24"><span class='ocrx_word' id='word_1_212' title='bbox 49 2689 268 2760; x_wconf 81' lang='grc' dir='ltr'>κρᾶσις</span> <span class='ocrx_word' id='word_1_213' title='bbox 325 2689 473 2736; x_wconf 85' lang='grc' dir='ltr'>πᾶσα</span> <span class='ocrx_word' id='word_1_214' title='bbox 524 2681 572 2735; x_wconf 74' lang='grc' dir='ltr'>ἓν</span> <span class='ocrx_word' id='word_1_215' title='bbox 637 2684 782 2756; x_wconf 73' lang='grc' dir='ltr'>πάσῃ</span> <span class='ocrx_word' id='word_1_216' title='bbox 850 2685 1057 2758; x_wconf 87' lang='grc' dir='ltr'>κράσει.</span> <span class='ocrx_word' id='word_1_217' title='bbox 1109 2686 1179 2736; x_wconf 90' lang='lat' dir='ltr'><em>T6</em></span> <span class='ocrx_word' id='word_1_218' title='bbox 1267 2684 1369 2755; x_wconf 74' lang='grc' dir='ltr'><strong>γὰρ</strong></span> <span class='ocrx_word' id='word_1_219' title='bbox 1421 2685 1675 2755; x_wconf 88' lang='grc' dir='ltr'>μουσικὸν</span> 
     </span>
    </p>
   </div>
   <div class='ocr_carea' id='block_1_28' title="bbox 48 2770 1672 2847">
    <p class='ocr_par' dir='ltr' id='par_1_28' title="bbox 48 2770 1672 2847">
     <span class='ocr_line' id='line_1_28' title="bbox 48 2770 1672 2847; baseline -0.001 -21"><span class='ocrx_word' id='word_1_220' title='bbox 48 2776 319 2847; x_wconf 69' lang='grc' dir='ltr'>φυσικόν,</span> <span class='ocrx_word' id='word_1_221' title='bbox 349 2776 407 2825; x_wconf 85' lang='grc' dir='ltr'><strong>τό</strong></span> <span class='ocrx_word' id='word_1_222' title='bbox 449 2775 781 2826; x_wconf 89' lang='grc' dir='ltr'>σκυτευτικὸν</span> <span class='ocrx_word' id='word_1_223' title='bbox 808 2770 856 2823; x_wconf 83' lang='grc' dir='ltr'>ἐν</span> <span class='ocrx_word' id='word_1_224' title='bbox 893 2780 956 2844; x_wconf 76' lang='grc' dir='ltr'>τῇ</span> <span class='ocrx_word' id='word_1_225' title='bbox 991 2774 1142 2844; x_wconf 83' lang='grc' dir='ltr'>φύσει</span> <span class='ocrx_word' id='word_1_226' title='bbox 1174 2791 1188 2806; x_wconf 89' lang='grc'><strong>·</strong></span> <span class='ocrx_word' id='word_1_227' title='bbox 1218 2773 1350 2824; x_wconf 74' lang='grc' dir='ltr'>ἔστω</span> <span class='ocrx_word' id='word_1_228' title='bbox 1398 2775 1568 2824; x_wconf 84' lang='grc' dir='ltr'>τοίνυν</span> <span class='ocrx_word' id='word_1_229' title='bbox 1613 2774 1672 2824; x_wconf 92' lang='grc' dir='ltr'>τὸ</span> 
     </span>
    </p>
   </div>
   <div class='ocr_carea' id='block_1_29' title="bbox 55 2859 1671 2934">
    <p class='ocr_par' dir='ltr' id='par_1_29' title="bbox 55 2859 1671 2934">
     <span class='ocr_line' id='line_1_29' title="bbox 55 2859 1671 2934; baseline -0.002 -19"><span class='ocrx_word' id='word_1_230' title='bbox 55 2865 414 2916; x_wconf 77' lang='grc' dir='ltr'>σκυτευτικόν</span> <span class='ocrx_word' id='word_1_231' title='bbox 439 2865 712 2934; x_wconf 81' lang='grc' dir='ltr'>μουσικὸν,</span> <span class='ocrx_word' id='word_1_232' title='bbox 741 2862 771 2920; x_wconf 76' lang='grc' dir='ltr'><strong><em>ἦ</em></strong></span> <span class='ocrx_word' id='word_1_233' title='bbox 805 2862 886 2914; x_wconf 84' lang='grc' dir='ltr'>ὅτι</span> <span class='ocrx_word' id='word_1_234' title='bbox 923 2862 954 2919; x_wconf 81' lang='grc' dir='ltr'>ἡ</span> <span class='ocrx_word' id='word_1_235' title='bbox 997 2859 1273 2934; x_wconf 74' lang='grc' dir='ltr'>φιλοσοφία</span> <span class='ocrx_word' id='word_1_236' title='bbox 1316 2868 1412 2922; x_wconf 83' lang='grc' dir='ltr'><strong>τῆς</strong></span> <span class='ocrx_word' id='word_1_237' title='bbox 1451 2862 1671 2933; x_wconf 85' lang='grc' dir='ltr'>φύσεως,</span> 
     </span>
    </p>
   </div>
   <div class='ocr_carea' id='block_1_30' title="bbox 53 2948 1674 3023">
    <p class='ocr_par' dir='ltr' id='par_1_30' title="bbox 53 2948 1674 3023">
     <span class='ocr_line' id='line_1_30' title="bbox 53 2948 1674 3023; baseline -0.002 -18"><span class='ocrx_word' id='word_1_238' title='bbox 53 2956 90 3013; x_wconf 82' lang='grc' dir='ltr'><strong>ἠ</strong></span> <span class='ocrx_word' id='word_1_239' title='bbox 139 2956 354 3014; x_wconf 86' lang='grc' dir='ltr'>ποίησις</span> <span class='ocrx_word' id='word_1_240' title='bbox 381 2950 436 3005; x_wconf 74' lang='grc' dir='ltr'>ἐκ</span> <span class='ocrx_word' id='word_1_241' title='bbox 473 2958 570 3014; x_wconf 85' lang='grc' dir='ltr'>τῆς</span> <span class='ocrx_word' id='word_1_242' title='bbox 618 2953 837 3023; x_wconf 82' lang='grc' dir='ltr'>φύσεως.</span> <span class='ocrx_word' id='word_1_243' title='bbox 880 2948 1055 3004; x_wconf 80' lang='grc' dir='ltr'>Ἔστω</span> <span class='ocrx_word' id='word_1_244' title='bbox 1094 2954 1264 3003; x_wconf 85' lang='grc' dir='ltr'>τοίνυν</span> <span class='ocrx_word' id='word_1_245' title='bbox 1309 2948 1674 3022; x_wconf 78' lang='grc' dir='ltr'>Ἀρίστοτέλης</span> 
     </span>
    </p>
   </div>
   <div class='ocr_carea' id='block_1_31' title="bbox 943 324 2474 394">
    <p class='ocr_par' dir='ltr' id='par_1_31' title="bbox 943 324 2474 394">
     <span class='ocr_line' id='line_1_31' title="bbox 943 324 2474 394; baseline 0.007 -12"><span class='ocrx_word' id='word_1_246' title='bbox 943 324 1298 384; x_wconf 82' lang='lat' dir='ltr'><strong>THEODORI</strong></span> <span class='ocrx_word' id='word_1_247' title='bbox 1327 327 1374 382; x_wconf 89' lang='lat' dir='ltr'><strong>Il</strong></span> <span class='ocrx_word' id='word_1_248' title='bbox 1403 325 1541 383; x_wconf 85' lang='lat' dir='ltr'><strong>IMP.</strong></span> <span class='ocrx_word' id='word_1_249' title='bbox 1575 325 1667 382; x_wconf 89' lang='lat' dir='ltr'><strong>DE</strong></span> <span class='ocrx_word' id='word_1_250' title='bbox 1698 326 2155 392; x_wconf 78' lang='lat' dir='ltr'><strong>COMMUNIONE</strong></span> <span class='ocrx_word' id='word_1_251' title='bbox 2213 337 2356 394; x_wconf 80' lang='grc' dir='ltr'><strong>ΝΑΤ</strong></span> <span class='ocrx_word' id='word_1_252' title='bbox 2432 339 2474 393; x_wconf 86' lang='grc'><strong>1.</strong></span> 
     </span>
    </p>
   </div>
   <div class='ocr_carea' id='block_1_32' title="bbox 3328 338 3468 393">
    <p class='ocr_par' dir='ltr' id='par_1_32' title="bbox 3328 338 3468 393">
     <span class='ocr_line' id='line_1_32' title="bbox 3328 338 3468 393; baseline 0.007 -1"><span class='ocrx_word' id='word_1_253' title='bbox 3328 338 3468 393; x_wconf 78' lang='grc'><strong>1270</strong></span> 
     </span>
    </p>
   </div>
   <div class='ocr_carea' id='block_1_33' title="bbox 1243 449 3450 532">
    <p class='ocr_par' dir='ltr' id='par_1_33' title="bbox 1243 449 3450 532">
     <span class='ocr_line' id='line_1_33' title="bbox 1243 449 3450 532; baseline 0.004 -28"><span class='ocrx_word' id='word_1_254' title='bbox 1243 449 1473 526; x_wconf 82' lang='grc' dir='ltr'>διαφορὰ</span> <span class='ocrx_word' id='word_1_255' title='bbox 1520 456 1692 505; x_wconf 88' lang='grc' dir='ltr'>τοίνυν</span> <span class='ocrx_word' id='word_1_256' title='bbox 1753 455 1799 506; x_wconf 83' lang='grc' dir='ltr'><strong>Α</strong></span> <span class='ocrx_word' id='word_1_257' title='bbox 1853 453 2106 532; x_wconf 86' lang='grc' dir='ltr'>Ὄμηρος,</span> <span class='ocrx_word' id='word_1_258' title='bbox 2129 460 2159 520; x_wconf 81' lang='grc' dir='ltr'><strong>ἣ</strong></span> <span class='ocrx_word' id='word_1_259' title='bbox 2193 462 2272 514; x_wconf 87' lang='grc' dir='ltr'>ὅτι</span> <span class='ocrx_word' id='word_1_260' title='bbox 2319 463 2349 520; x_wconf 79' lang='grc' dir='ltr'>ἡ</span> <span class='ocrx_word' id='word_1_261' title='bbox 2378 465 2604 522; x_wconf 84' lang='grc' dir='ltr'>κίνησις.</span> <span class='ocrx_word' id='word_1_262' title='bbox 2635 460 2713 513; x_wconf 88' lang='grc' dir='ltr'><strong>Ἐν</strong></span> <span class='ocrx_word' id='word_1_263' title='bbox 2744 467 2806 532; x_wconf 80' lang='grc' dir='ltr'>τῇ</span> <span class='ocrx_word' id='word_1_264' title='bbox 2841 461 2991 531; x_wconf 80' lang='grc' dir='ltr'>φύσει</span> <span class='ocrx_word' id='word_1_265' title='bbox 3029 461 3060 518; x_wconf 82' lang='grc' dir='ltr'>ἡ</span> <span class='ocrx_word' id='word_1_266' title='bbox 3124 459 3313 522; x_wconf 88' lang='grc' dir='ltr'>στάσις</span> <span class='ocrx_word' id='word_1_267' title='bbox 3357 470 3450 522; x_wconf 83' lang='grc' dir='ltr'>τῆς</span> 
     </span>
    </p>
   </div>
   <div class='ocr_carea' id='block_1_34' title="bbox 1856 545 3449 624">
    <p class='ocr_par' dir='ltr' id='par_1_34' title="bbox 1856 545 3449 624">
     <span class='ocr_line' id='line_1_34' title="bbox 1856 545 3449 624; baseline 0.003 -27"><span class='ocrx_word' id='word_1_268' title='bbox 1856 549 2056 618; x_wconf 83' lang='grc' dir='ltr'>φύσεως</span> <span class='ocrx_word' id='word_1_269' title='bbox 2084 571 2096 582; x_wconf 94' lang='grc'><strong>·</strong></span> <span class='ocrx_word' id='word_1_270' title='bbox 2127 553 2388 624; x_wconf 79' lang='grc' dir='ltr'>ἔστωοῖρα</span> <span class='ocrx_word' id='word_1_271' title='bbox 2416 553 2445 610; x_wconf 81' lang='grc' dir='ltr'>ἡ</span> <span class='ocrx_word' id='word_1_272' title='bbox 2482 553 2672 612; x_wconf 82' lang='grc' dir='ltr'>στάσις</span> <span class='ocrx_word' id='word_1_273' title='bbox 2691 554 2894 610; x_wconf 88' lang='grc' dir='ltr'>κίνησις</span> <span class='ocrx_word' id='word_1_274' title='bbox 2919 570 2932 582; x_wconf 87' lang='grc'><strong>·</strong></span> <span class='ocrx_word' id='word_1_275' title='bbox 2957 551 3069 621; x_wconf 82' lang='grc' dir='ltr'>ἔχει</span> <span class='ocrx_word' id='word_1_276' title='bbox 3091 545 3152 601; x_wconf 74' lang='grc' dir='ltr'>δὲ</span> <span class='ocrx_word' id='word_1_277' title='bbox 3180 546 3449 612; x_wconf 78' lang='grc' dir='ltr'>ἀδυνάτως</span> 
     </span>
    </p>
   </div>
   <div class='ocr_carea' id='block_1_35' title="bbox 1855 633 3447 713">
    <p class='ocr_par' dir='ltr' id='par_1_35' title="bbox 1855 633 3447 713">
     <span class='ocr_line' id='line_1_35' title="bbox 1855 633 3447 713; baseline 0.002 -26"><span class='ocrx_word' id='word_1_278' title='bbox 1855 633 1984 689; x_wconf 83' lang='grc' dir='ltr'>εἶναι</span> <span class='ocrx_word' id='word_1_279' title='bbox 2014 638 2147 691; x_wconf 74' lang='grc' dir='ltr'>αὐτά</span> <span class='ocrx_word' id='word_1_280' title='bbox 2189 661 2202 674; x_wconf 88' lang='grc'><strong>·</strong></span> <span class='ocrx_word' id='word_1_281' title='bbox 2244 640 2412 700; x_wconf 75' lang='grc' dir='ltr'>ἁπλῶς</span> <span class='ocrx_word' id='word_1_282' title='bbox 2450 642 2548 713; x_wconf 79' lang='grc' dir='ltr'><strong>’γὰρ</strong></span> <span class='ocrx_word' id='word_1_283' title='bbox 2590 641 2644 691; x_wconf 82' lang='grc' dir='ltr'>αἱ</span> <span class='ocrx_word' id='word_1_284' title='bbox 2695 641 2903 712; x_wconf 85' lang='grc' dir='ltr'>κράσεις</span> <span class='ocrx_word' id='word_1_285' title='bbox 2934 637 3176 691; x_wconf 86' lang='grc' dir='ltr'>ἐνοῦσθαι</span> <span class='ocrx_word' id='word_1_286' title='bbox 3231 639 3447 707; x_wconf 78' lang='grc' dir='ltr'>ἄτοπον,</span> 
     </span>
    </p>
   </div>
   <div class='ocr_carea' id='block_1_36' title="bbox 1857 721 3447 805">
    <p class='ocr_par' dir='ltr' id='par_1_36' title="bbox 1857 721 3447 805">
     <span class='ocr_line' id='line_1_36' title="bbox 1857 721 3447 805; baseline 0.002 -28"><span class='ocrx_word' id='word_1_287' title='bbox 1857 721 2004 788; x_wconf 82' lang='grc' dir='ltr'>ἰδίως</span> <span class='ocrx_word' id='word_1_288' title='bbox 2059 724 2117 780; x_wconf 85' lang='grc' dir='ltr'><strong>δέ</strong></span> <span class='ocrx_word' id='word_1_289' title='bbox 2168 748 2228 800; x_wconf 64' lang='grc' dir='ltr'>γε</span> <span class='ocrx_word' id='word_1_290' title='bbox 2266 731 2557 805; x_wconf 78' lang='grc' dir='ltr'>εὑρίσκεται</span> <span class='ocrx_word' id='word_1_291' title='bbox 2590 749 2602 761; x_wconf 78' lang='grc' dir='ltr'><strong><em>ο</em></strong></span> <span class='ocrx_word' id='word_1_292' title='bbox 2632 726 2868 780; x_wconf 82' lang='grc' dir='ltr'>ἑνωτικόν</span> <span class='ocrx_word' id='word_1_293' title='bbox 2896 729 2997 799; x_wconf 72' lang='grc' dir='ltr'><strong>’γὰρ</strong></span> <span class='ocrx_word' id='word_1_294' title='bbox 3056 726 3104 778; x_wconf 83' lang='grc' dir='ltr'>ἓν</span> <span class='ocrx_word' id='word_1_295' title='bbox 3138 726 3329 800; x_wconf 83' lang='grc' dir='ltr'>ἑτέρου,</span> <span class='ocrx_word' id='word_1_296' title='bbox 3389 731 3447 780; x_wconf 88' lang='grc' dir='ltr'><strong>τό</strong></span> 
     </span>
    </p>
   </div>
   <div class='ocr_carea' id='block_1_37' title="bbox 1850 813 3446 888">
    <p class='ocr_par' dir='ltr' id='par_1_37' title="bbox 1850 813 3446 888">
     <span class='ocr_line' id='line_1_37' title="bbox 1850 813 3446 888; baseline 0.001 -22"><span class='ocrx_word' id='word_1_297' title='bbox 1850 813 2027 868; x_wconf 83' lang='grc' dir='ltr'>λευκόν</span> <span class='ocrx_word' id='word_1_298' title='bbox 2090 837 2145 870; x_wconf 90' lang='grc' dir='ltr'><strong>τε</strong></span> <span class='ocrx_word' id='word_1_299' title='bbox 2182 822 2271 870; x_wconf 85' lang='grc' dir='ltr'>καὶ</span> <span class='ocrx_word' id='word_1_300' title='bbox 2315 821 2372 870; x_wconf 84' lang='grc' dir='ltr'>τὸ</span> <span class='ocrx_word' id='word_1_301' title='bbox 2427 817 2626 883; x_wconf 80' lang='grc' dir='ltr'>ξανθὸν,</span> <span class='ocrx_word' id='word_1_302' title='bbox 2681 821 2770 868; x_wconf 86' lang='grc' dir='ltr'>καὶ</span> <span class='ocrx_word' id='word_1_303' title='bbox 2818 819 2876 868; x_wconf 86' lang='grc' dir='ltr'>τὸ</span> <span class='ocrx_word' id='word_1_304' title='bbox 2915 819 3166 888; x_wconf 84' lang='grc' dir='ltr'>μουσικόν</span> <span class='ocrx_word' id='word_1_305' title='bbox 3206 819 3446 886; x_wconf 70' lang='grc' dir='ltr'>συγγενὲς</span> 
     </span>
    </p>
   </div>
   <div class='ocr_carea' id='block_1_38' title="bbox 1849 905 3440 982">
    <p class='ocr_par' dir='ltr' id='par_1_38' title="bbox 1849 905 3440 982">
     <span class='ocr_line' id='line_1_38' title="bbox 1849 905 3440 982; baseline 0.001 -26"><span class='ocrx_word' id='word_1_306' title='bbox 1849 912 1941 957; x_wconf 85' lang='grc' dir='ltr'><strong>τοῦ</strong></span> <span class='ocrx_word' id='word_1_307' title='bbox 1995 905 2306 982; x_wconf 81' lang='grc' dir='ltr'>ἀριθμητοῦ,</span> <span class='ocrx_word' id='word_1_308' title='bbox 2375 912 2464 960; x_wconf 84' lang='grc' dir='ltr'>καὶ</span> <span class='ocrx_word' id='word_1_309' title='bbox 2519 911 2576 960; x_wconf 97' lang='lat'><strong>1&#39;6</strong></span> <span class='ocrx_word' id='word_1_310' title='bbox 2635 907 2906 979; x_wconf 83' lang='grc' dir='ltr'>φιλόσοφον</span> <span class='ocrx_word' id='word_1_311' title='bbox 2967 913 3058 958; x_wconf 89' lang='grc' dir='ltr'><strong>τοῦ</strong></span> <span class='ocrx_word' id='word_1_312' title='bbox 3127 905 3440 977; x_wconf 76' lang='grc' dir='ltr'>θεολογικοῦ,</span> 
     </span>
    </p>
   </div>
   <div class='ocr_carea' id='block_1_39' title="bbox 1849 997 3444 1071">
    <p class='ocr_par' dir='ltr' id='par_1_39' title="bbox 1849 997 3444 1071">
     <span class='ocr_line' id='line_1_39' title="bbox 1849 997 3444 1071; baseline 0.001 -26"><span class='ocrx_word' id='word_1_313' title='bbox 1849 999 1939 1046; x_wconf 81' lang='grc' dir='ltr'>καὶ</span> <span class='ocrx_word' id='word_1_314' title='bbox 1962 997 2018 1048; x_wconf 86' lang='grc' dir='ltr'><strong>τό</strong></span> <span class='ocrx_word' id='word_1_315' title='bbox 2043 1000 2314 1055; x_wconf 85' lang='grc' dir='ltr'>ποιητικόν</span> <span class='ocrx_word' id='word_1_316' title='bbox 2365 1004 2457 1049; x_wconf 90' lang='grc' dir='ltr'><strong>τοῦ</strong></span> <span class='ocrx_word' id='word_1_317' title='bbox 2507 998 2808 1071; x_wconf 78' lang='grc' dir='ltr'>ῥητορικοῦ,</span> <span class='ocrx_word' id='word_1_318' title='bbox 2867 999 2953 1047; x_wconf 69' lang='grc' dir='ltr'>καὶ</span> <span class='ocrx_word' id='word_1_319' title='bbox 3005 997 3033 1053; x_wconf 81' lang='grc' dir='ltr'>ἡ</span> <span class='ocrx_word' id='word_1_320' title='bbox 3095 997 3284 1057; x_wconf 85' lang='grc' dir='ltr'>στάσις</span> <span class='ocrx_word' id='word_1_321' title='bbox 3347 1002 3444 1046; x_wconf 87' lang='grc' dir='ltr'><strong>τοῦ</strong></span> 
     </span>
    </p>
   </div>
   <div class='ocr_carea' id='block_1_40' title="bbox 1851 1081 3441 1160">
    <p class='ocr_par' dir='ltr' id='par_1_40' title="bbox 1851 1081 3441 1160">
     <span class='ocr_line' id='line_1_40' title="bbox 1851 1081 3441 1160; baseline -0.001 -24"><span class='ocrx_word' id='word_1_322' title='bbox 1851 1093 2194 1158; x_wconf 85' lang='grc' dir='ltr'>σωφρονικοῦ,</span> <span class='ocrx_word' id='word_1_323' title='bbox 2254 1089 2343 1138; x_wconf 88' lang='grc' dir='ltr'>καὶ</span> <span class='ocrx_word' id='word_1_324' title='bbox 2399 1093 2491 1138; x_wconf 88' lang='grc' dir='ltr'><strong>τοῦ</strong></span> <span class='ocrx_word' id='word_1_325' title='bbox 2549 1081 2797 1160; x_wconf 76' lang='grc' dir='ltr'>ἀνδρικοῦ</span> <span class='ocrx_word' id='word_1_326' title='bbox 2832 1086 2861 1142; x_wconf 79' lang='grc' dir='ltr'><strong>ἠ</strong></span> <span class='ocrx_word' id='word_1_327' title='bbox 2921 1089 3148 1149; x_wconf 86' lang='grc' dir='ltr'>κίνησις,</span> <span class='ocrx_word' id='word_1_328' title='bbox 3193 1085 3441 1146; x_wconf 78' lang='grc' dir='ltr'>ὡσαύτως</span> 
     </span>
    </p>
   </div>
   <div class='ocr_carea' id='block_1_41' title="bbox 1823 1169 3441 1246">
    <p class='ocr_par' dir='ltr' id='par_1_41' title="bbox 1823 1169 3441 1246">
     <span class='ocr_line' id='line_1_41' title="bbox 1823 1169 3441 1246; baseline 0.001 -22"><span class='ocrx_word' id='word_1_329' title='bbox 1823 1169 1936 1225; x_wconf 87' lang='grc' dir='ltr'><strong>¹καὶ</strong></span> <span class='ocrx_word' id='word_1_330' title='bbox 1967 1174 1992 1224; x_wconf 97' lang='lat'><strong>6</strong></span> <span class='ocrx_word' id='word_1_331' title='bbox 2043 1177 2264 1246; x_wconf 85' lang='grc' dir='ltr'>κναφεὺς</span> <span class='ocrx_word' id='word_1_332' title='bbox 2325 1180 2419 1226; x_wconf 86' lang='grc' dir='ltr'><strong>τοῦ</strong></span> <span class='ocrx_word' id='word_1_333' title='bbox 2471 1177 2717 1240; x_wconf 79' lang='grc' dir='ltr'>σκυτέως,</span> <span class='ocrx_word' id='word_1_334' title='bbox 2767 1177 2857 1225; x_wconf 81' lang='grc' dir='ltr'>καὶ</span> <span class='ocrx_word' id='word_1_335' title='bbox 2902 1171 3065 1225; x_wconf 81' lang='grc' dir='ltr'>ἄλλων</span> <span class='ocrx_word' id='word_1_336' title='bbox 3123 1170 3273 1242; x_wconf 79' lang='grc' dir='ltr'>ἄλλα,</span> <span class='ocrx_word' id='word_1_337' title='bbox 3326 1173 3441 1225; x_wconf 78' lang='grc' dir='ltr'>κατ’</span> 
     </span>
    </p>
   </div>
   <div class='ocr_carea' id='block_1_42' title="bbox 1851 1258 2370 1334">
    <p class='ocr_par' dir='ltr' id='par_1_42' title="bbox 1851 1258 2370 1334">
     <span class='ocr_line' id='line_1_42' title="bbox 1851 1258 2370 1334; baseline 0.012 -22"><span class='ocrx_word' id='word_1_338' title='bbox 1851 1258 2090 1320; x_wconf 80' lang='grc' dir='ltr'>ἰδιότητα</span> <span class='ocrx_word' id='word_1_339' title='bbox 2124 1270 2346 1334; x_wconf 74' lang='grc' dir='ltr'>συγγενῆ</span> <span class='ocrx_word' id='word_1_340' title='bbox 2359 1305 2370 1318; x_wconf 91' lang='grc'>.</span> 
     </span>
    </p>
   </div>
   <div class='ocr_carea' id='block_1_43' title="bbox 1919 1348 3441 1426">
    <p class='ocr_par' dir='ltr' id='par_1_43' title="bbox 1919 1348 3441 1426">
     <span class='ocr_line' id='line_1_43' title="bbox 1919 1348 3441 1426; baseline -0.003 -20"><span class='ocrx_word' id='word_1_341' title='bbox 1919 1348 1992 1422; x_wconf 81' lang='grc' dir='ltr'><strong>β’.</strong></span> <span class='ocrx_word' id='word_1_342' title='bbox 2024 1353 2120 1404; x_wconf 81' lang='grc' dir='ltr'><strong>Δύο</strong></span> <span class='ocrx_word' id='word_1_343' title='bbox 2149 1359 2274 1422; x_wconf 76' lang='grc' dir='ltr'>γοῦν</span> <span class='ocrx_word' id='word_1_344' title='bbox 2300 1355 2348 1404; x_wconf 85' lang='grc' dir='ltr'>οἱ</span> <span class='ocrx_word' id='word_1_345' title='bbox 2401 1351 2629 1405; x_wconf 85' lang='grc' dir='ltr'>ἐνωτικοὶ</span> <span class='ocrx_word' id='word_1_346' title='bbox 2657 1354 2841 1426; x_wconf 87' lang='grc' dir='ltr'>τρόποι</span> <span class='ocrx_word' id='word_1_347' title='bbox 2866 1371 2878 1384; x_wconf 90' lang='grc'><strong>·</strong></span> <span class='ocrx_word' id='word_1_348' title='bbox 2913 1351 2938 1402; x_wconf 93' lang='lat'><strong>6</strong></span> <span class='ocrx_word' id='word_1_349' title='bbox 2968 1351 3104 1403; x_wconf 85' lang='grc' dir='ltr'><strong>κατά</strong></span> <span class='ocrx_word' id='word_1_350' title='bbox 3151 1352 3304 1422; x_wconf 80' lang='grc' dir='ltr'>φύσιν</span> <span class='ocrx_word' id='word_1_351' title='bbox 3351 1353 3441 1404; x_wconf 88' lang='grc' dir='ltr'>καὶ</span> 
     </span>
    </p>
   </div>
   <div class='ocr_carea' id='block_1_44' title="bbox 1845 1437 3442 1512">
    <p class='ocr_par' dir='ltr' id='par_1_44' title="bbox 1845 1437 3442 1512">
     <span class='ocr_line' id='line_1_44' title="bbox 1845 1437 3442 1512; baseline 0.001 -22"><span class='ocrx_word' id='word_1_352' title='bbox 1845 1439 1871 1490; x_wconf 93' lang='lat'><strong>6</strong></span> <span class='ocrx_word' id='word_1_353' title='bbox 1902 1443 2037 1492; x_wconf 80' lang='grc' dir='ltr'>κατὰ</span> <span class='ocrx_word' id='word_1_354' title='bbox 2069 1445 2278 1512; x_wconf 78' lang='grc' dir='ltr'>κρᾶσιν.</span> <span class='ocrx_word' id='word_1_355' title='bbox 2324 1444 2499 1502; x_wconf 84' lang='grc' dir='ltr'>Κοινὸς</span> <span class='ocrx_word' id='word_1_356' title='bbox 2563 1437 2649 1492; x_wconf 79' lang='grc' dir='ltr'>οὖν</span> <span class='ocrx_word' id='word_1_357' title='bbox 2679 1443 2881 1492; x_wconf 83' lang='grc' dir='ltr'>πάντων</span> <span class='ocrx_word' id='word_1_358' title='bbox 2911 1440 2936 1493; x_wconf 79' lang='grc' dir='ltr'><strong>ὁ</strong></span> <span class='ocrx_word' id='word_1_359' title='bbox 2972 1438 3044 1500; x_wconf 84' lang='grc' dir='ltr'>εἷς</span> <span class='ocrx_word' id='word_1_360' title='bbox 3091 1461 3103 1472; x_wconf 90' lang='grc'><strong>·</strong></span> <span class='ocrx_word' id='word_1_361' title='bbox 3135 1447 3442 1492; x_wconf 85' lang='grc' dir='ltr'>κοινωνοῦσι</span> 
     </span>
    </p>
   </div>
   <div class='ocr_carea' id='block_1_45' title="bbox 1843 1527 3443 1601">
    <p class='ocr_par' dir='ltr' id='par_1_45' title="bbox 1843 1527 3443 1601">
     <span class='ocr_line' id='line_1_45' title="bbox 1843 1527 3443 1601; baseline 0 -22"><span class='ocrx_word' id='word_1_362' title='bbox 1843 1530 1943 1601; x_wconf 73' lang='grc' dir='ltr'><strong>’γὰρ</strong></span> <span class='ocrx_word' id='word_1_363' title='bbox 1971 1530 2163 1597; x_wconf 88' lang='grc' dir='ltr'>πάντα,</span> <span class='ocrx_word' id='word_1_364' title='bbox 2220 1531 2339 1582; x_wconf 85' lang='grc' dir='ltr'>ὅταν</span> <span class='ocrx_word' id='word_1_365' title='bbox 2371 1530 2436 1590; x_wconf 87' lang='grc' dir='ltr'><strong>εἰς</strong></span> <span class='ocrx_word' id='word_1_366' title='bbox 2490 1534 2577 1587; x_wconf 75' lang='grc' dir='ltr'>τὴν</span> <span class='ocrx_word' id='word_1_367' title='bbox 2615 1533 2872 1586; x_wconf 83' lang='grc' dir='ltr'>ποιότητα</span> <span class='ocrx_word' id='word_1_368' title='bbox 2918 1529 3242 1600; x_wconf 82' lang='grc' dir='ltr'>ἀναχθῶσιν,</span> <span class='ocrx_word' id='word_1_369' title='bbox 3283 1527 3313 1586; x_wconf 76' lang='grc' dir='ltr'><strong>ἣ</strong></span> <span class='ocrx_word' id='word_1_370' title='bbox 3375 1527 3443 1588; x_wconf 84' lang='grc' dir='ltr'><strong>εἰς</strong></span> 
     </span>
    </p>
   </div>
   <div class='ocr_carea' id='block_1_46' title="bbox 1844 1614 3441 1688">
    <p class='ocr_par' dir='ltr' id='par_1_46' title="bbox 1844 1614 3441 1688">
     <span class='ocr_line' id='line_1_46' title="bbox 1844 1614 3441 1688; baseline 0.001 -20"><span class='ocrx_word' id='word_1_371' title='bbox 1844 1619 1938 1674; x_wconf 74' lang='grc' dir='ltr'>τὴν</span> <span class='ocrx_word' id='word_1_372' title='bbox 1978 1616 2182 1684; x_wconf 72' lang='grc' dir='ltr'>οὐσίαν,</span> <span class='ocrx_word' id='word_1_373' title='bbox 2215 1619 2244 1677; x_wconf 76' lang='grc' dir='ltr'><em>ἧ</em></span> <span class='ocrx_word' id='word_1_374' title='bbox 2288 1617 2358 1679; x_wconf 83' lang='grc' dir='ltr'>εἰς</span> <span class='ocrx_word' id='word_1_375' title='bbox 2383 1621 2441 1670; x_wconf 90' lang='grc' dir='ltr'>τὸ</span> <span class='ocrx_word' id='word_1_376' title='bbox 2471 1614 2630 1688; x_wconf 85' lang='grc' dir='ltr'>εἶδος,</span> <span class='ocrx_word' id='word_1_377' title='bbox 2669 1618 2696 1676; x_wconf 73' lang='grc' dir='ltr'><em>ἢ</em></span> <span class='ocrx_word' id='word_1_378' title='bbox 2729 1617 2794 1677; x_wconf 84' lang='grc' dir='ltr'>εἰς</span> <span class='ocrx_word' id='word_1_379' title='bbox 2841 1621 2934 1675; x_wconf 77' lang='grc' dir='ltr'>τὴν</span> <span class='ocrx_word' id='word_1_380' title='bbox 2965 1615 3110 1685; x_wconf 69' lang='grc' dir='ltr'>ὕλην,</span> <span class='ocrx_word' id='word_1_381' title='bbox 3154 1617 3183 1675; x_wconf 76' lang='grc' dir='ltr'><strong><em>ἦ</em></strong></span> <span class='ocrx_word' id='word_1_382' title='bbox 3231 1615 3300 1678; x_wconf 87' lang='grc' dir='ltr'><strong>εἰς</strong></span> <span class='ocrx_word' id='word_1_383' title='bbox 3347 1620 3441 1675; x_wconf 81' lang='grc' dir='ltr'>τὴν</span> 
     </span>
    </p>
   </div>
   <div class='ocr_carea' id='block_1_47' title="bbox 1845 1704 3442 1780">
    <p class='ocr_par' dir='ltr' id='par_1_47' title="bbox 1845 1704 3442 1780">
     <span class='ocr_line' id='line_1_47' title="bbox 1845 1704 3442 1780; baseline 0.001 -24"><span class='ocrx_word' id='word_1_384' title='bbox 1845 1708 1999 1776; x_wconf 81' lang='grc' dir='ltr'>φύσιν</span> <span class='ocrx_word' id='word_1_385' title='bbox 2038 1711 2228 1780; x_wconf 78' lang='grc' dir='ltr'>κυρίως</span> <span class='ocrx_word' id='word_1_386' title='bbox 2280 1725 2334 1758; x_wconf 90' lang='grc' dir='ltr'><strong>τε</strong></span> <span class='ocrx_word' id='word_1_387' title='bbox 2385 1711 2474 1758; x_wconf 84' lang='grc' dir='ltr'>καὶ</span> <span class='ocrx_word' id='word_1_388' title='bbox 2529 1705 2832 1771; x_wconf 75' lang='grc' dir='ltr'>καθολικῶς,</span> <span class='ocrx_word' id='word_1_389' title='bbox 2891 1704 3017 1756; x_wconf 80' lang='grc' dir='ltr'>ἀλλὰ</span> <span class='ocrx_word' id='word_1_390' title='bbox 3077 1713 3297 1778; x_wconf 84' lang='grc' dir='ltr'>μερικῶς</span> <span class='ocrx_word' id='word_1_391' title='bbox 3351 1709 3442 1757; x_wconf 83' lang='grc' dir='ltr'>καὶ</span> 
     </span>
    </p>
   </div>
   <div class='ocr_carea' id='block_1_48' title="bbox 1847 1791 3436 1863">
    <p class='ocr_par' dir='ltr' id='par_1_48' title="bbox 1847 1791 3436 1863">
     <span class='ocr_line' id='line_1_48' title="bbox 1847 1791 3436 1863; baseline -0.001 -17"><span class='ocrx_word' id='word_1_392' title='bbox 1847 1791 1995 1858; x_wconf 82' lang='grc' dir='ltr'>ἰδίως</span> <span class='ocrx_word' id='word_1_393' title='bbox 2046 1802 2136 1848; x_wconf 85' lang='grc' dir='ltr'>καὶ</span> <span class='ocrx_word' id='word_1_394' title='bbox 2183 1796 2242 1848; x_wconf 83' lang='grc' dir='ltr'><strong>οῦ</strong></span> <span class='ocrx_word' id='word_1_395' title='bbox 2309 1799 2493 1849; x_wconf 83' lang='grc' dir='ltr'>καθότι</span> <span class='ocrx_word' id='word_1_396' title='bbox 2539 1799 2772 1863; x_wconf 83' lang='grc' dir='ltr'>ποιότης,</span> <span class='ocrx_word' id='word_1_397' title='bbox 2814 1796 2843 1856; x_wconf 80' lang='grc' dir='ltr'><strong>ἣ</strong></span> <span class='ocrx_word' id='word_1_398' title='bbox 2916 1797 3102 1847; x_wconf 78' lang='grc' dir='ltr'>καθότι</span> <span class='ocrx_word' id='word_1_399' title='bbox 3159 1793 3333 1861; x_wconf 69' lang='grc' dir='ltr'>οὐσία,</span> <span class='ocrx_word' id='word_1_400' title='bbox 3405 1795 3436 1853; x_wconf 77' lang='grc' dir='ltr'>ἦ</span> 
     </span>
    </p>
   </div>
   <div class='ocr_carea' id='block_1_49' title="bbox 1842 1881 3442 1954">
    <p class='ocr_par' dir='ltr' id='par_1_49' title="bbox 1842 1881 3442 1954">
     <span class='ocr_line' id='line_1_49' title="bbox 1842 1881 3442 1954; baseline 0 -19"><span class='ocrx_word' id='word_1_401' title='bbox 1842 1885 2027 1936; x_wconf 84' lang='grc' dir='ltr'>καθότι</span> <span class='ocrx_word' id='word_1_402' title='bbox 2053 1881 2212 1951; x_wconf 79' lang='grc' dir='ltr'>εἶδος,</span> <span class='ocrx_word' id='word_1_403' title='bbox 2246 1885 2275 1943; x_wconf 76' lang='grc' dir='ltr'><strong><em>ἦ</em></strong></span> <span class='ocrx_word' id='word_1_404' title='bbox 2307 1887 2492 1938; x_wconf 84' lang='grc' dir='ltr'>καθότι</span> <span class='ocrx_word' id='word_1_405' title='bbox 2531 1885 2626 1942; x_wconf 78' lang='grc' dir='ltr'>ὕλη</span> <span class='ocrx_word' id='word_1_406' title='bbox 2659 1884 2780 1954; x_wconf 83' lang='grc' dir='ltr'>ἑνοῖ,</span> <span class='ocrx_word' id='word_1_407' title='bbox 2839 1882 2967 1936; x_wconf 77' lang='grc' dir='ltr'>ἀλλὰ</span> <span class='ocrx_word' id='word_1_408' title='bbox 3006 1885 3191 1936; x_wconf 87' lang='grc' dir='ltr'>καθότι</span> <span class='ocrx_word' id='word_1_409' title='bbox 3237 1887 3290 1936; x_wconf 89' lang='grc' dir='ltr'><strong>τί</strong></span> <span class='ocrx_word' id='word_1_410' title='bbox 3341 1902 3442 1936; x_wconf 90' lang='grc' dir='ltr'>τινι</span> 
     </span>
    </p>
   </div>
   <div class='ocr_carea' id='block_1_50' title="bbox 1844 1971 3442 2046">
    <p class='ocr_par' dir='ltr' id='par_1_50' title="bbox 1844 1971 3442 2046">
     <span class='ocr_line' id='line_1_50' title="bbox 1844 1971 3442 2046; baseline 0 -22"><span class='ocrx_word' id='word_1_411' title='bbox 1844 1971 2212 2045; x_wconf 79' lang='grc' dir='ltr'>συμϐάλλεται,</span> <span class='ocrx_word' id='word_1_412' title='bbox 2271 1978 2362 2026; x_wconf 85' lang='grc' dir='ltr'>καὶ</span> <span class='ocrx_word' id='word_1_413' title='bbox 2409 1975 2476 2026; x_wconf 81' lang='grc' dir='ltr'>τὰ</span> <span class='ocrx_word' id='word_1_414' title='bbox 2541 1981 2786 2046; x_wconf 88' lang='grc' dir='ltr'>στοιχεῖα</span> <span class='ocrx_word' id='word_1_415' title='bbox 2854 1973 3037 2025; x_wconf 85' lang='grc' dir='ltr'>καθότι</span> <span class='ocrx_word' id='word_1_416' title='bbox 3089 1979 3185 2034; x_wconf 85' lang='grc' dir='ltr'>τῆς</span> <span class='ocrx_word' id='word_1_417' title='bbox 3240 1973 3442 2045; x_wconf 80' lang='grc' dir='ltr'>φύσεως</span> 
     </span>
    </p>
   </div>
   <div class='ocr_carea' id='block_1_51' title="bbox 1839 2059 3442 2136">
    <p class='ocr_par' dir='ltr' id='par_1_51' title="bbox 1839 2059 3442 2136">
     <span class='ocr_line' id='line_1_51' title="bbox 1839 2059 3442 2136; baseline 0.001 -23"><span class='ocrx_word' id='word_1_418' title='bbox 1839 2069 2166 2130; x_wconf 89' lang='grc' dir='ltr'>κοινωνοῦσι,</span> <span class='ocrx_word' id='word_1_419' title='bbox 2195 2065 2367 2114; x_wconf 84' lang='grc' dir='ltr'>καὶτὸ</span> <span class='ocrx_word' id='word_1_420' title='bbox 2399 2059 2544 2136; x_wconf 79' lang='grc' dir='ltr'>ὕδωρ</span> <span class='ocrx_word' id='word_1_421' title='bbox 2577 2063 2634 2114; x_wconf 80' lang='grc' dir='ltr'><strong>οῦ</strong></span> <span class='ocrx_word' id='word_1_422' title='bbox 2677 2065 2870 2134; x_wconf 77' lang='grc' dir='ltr'>φθείρει</span> <span class='ocrx_word' id='word_1_423' title='bbox 2898 2065 2958 2113; x_wconf 89' lang='grc' dir='ltr'>τὸ</span> <span class='ocrx_word' id='word_1_424' title='bbox 3024 2068 3150 2134; x_wconf 88' lang='grc' dir='ltr'>πῦρ,</span> <span class='ocrx_word' id='word_1_425' title='bbox 3206 2065 3325 2113; x_wconf 78' lang='grc' dir='ltr'>οὔτε</span> <span class='ocrx_word' id='word_1_426' title='bbox 3375 2065 3442 2114; x_wconf 83' lang='grc' dir='ltr'><strong>τὰ</strong></span> 
     </span>
    </p>
   </div>
   <div class='ocr_carea' id='block_1_52' title="bbox 1839 2148 3439 2226">
    <p class='ocr_par' dir='ltr' id='par_1_52' title="bbox 1839 2148 3439 2226">
     <span class='ocr_line' id='line_1_52' title="bbox 1839 2148 3439 2226; baseline -0.001 -22"><span class='ocrx_word' id='word_1_427' title='bbox 1839 2151 1968 2204; x_wconf 81' lang='grc' dir='ltr'>ἄλλα</span> <span class='ocrx_word' id='word_1_428' title='bbox 1995 2155 2061 2204; x_wconf 78' lang='grc' dir='ltr'><strong>τὰ</strong></span> <span class='ocrx_word' id='word_1_429' title='bbox 2089 2156 2160 2224; x_wconf 81' lang='grc' dir='ltr'>μὴ</span> <span class='ocrx_word' id='word_1_430' title='bbox 2199 2154 2488 2226; x_wconf 87' lang='grc' dir='ltr'>ὁμότροπα,</span> <span class='ocrx_word' id='word_1_431' title='bbox 2529 2153 2610 2204; x_wconf 87' lang='grc' dir='ltr'>ὅτι</span> <span class='ocrx_word' id='word_1_432' title='bbox 2667 2148 2726 2204; x_wconf 72' lang='grc' dir='ltr'>δὲ</span> <span class='ocrx_word' id='word_1_433' title='bbox 2775 2156 2904 2223; x_wconf 86' lang='grc' dir='ltr'>πυρὶ</span> <span class='ocrx_word' id='word_1_434' title='bbox 2955 2157 3150 2224; x_wconf 82' lang='grc' dir='ltr'>μερικῷ</span> <span class='ocrx_word' id='word_1_435' title='bbox 3208 2149 3439 2224; x_wconf 80' lang='grc' dir='ltr'>ἐκρεῦσει</span> 
     </span>
    </p>
   </div>
   <div class='ocr_carea' id='block_1_53' title="bbox 1838 2236 3438 2315">
    <p class='ocr_par' dir='ltr' id='par_1_53' title="bbox 1838 2236 3438 2315">
     <span class='ocr_line' id='line_1_53' title="bbox 1838 2236 3438 2315; baseline -0.001 -23"><span class='ocrx_word' id='word_1_436' title='bbox 1838 2236 1982 2315; x_wconf 76' lang='grc' dir='ltr'>ὕδωρ</span> <span class='ocrx_word' id='word_1_437' title='bbox 2014 2239 2062 2292; x_wconf 82' lang='grc' dir='ltr'><strong>έν</strong></span> <span class='ocrx_word' id='word_1_438' title='bbox 2119 2241 2260 2311; x_wconf 70' lang='grc' dir='ltr'>αὐτῷ</span> <span class='ocrx_word' id='word_1_439' title='bbox 2319 2243 2528 2314; x_wconf 86' lang='grc' dir='ltr'>μερικὸν</span> <span class='ocrx_word' id='word_1_440' title='bbox 2559 2243 2728 2314; x_wconf 88' lang='grc' dir='ltr'>κάρτα</span> <span class='ocrx_word' id='word_1_441' title='bbox 2775 2241 2967 2314; x_wconf 85' lang='grc' dir='ltr'>φθείρει</span> <span class='ocrx_word' id='word_1_442' title='bbox 3005 2239 3128 2292; x_wconf 70' lang='grc' dir='ltr'>αὐτό</span> <span class='ocrx_word' id='word_1_443' title='bbox 3177 2259 3191 2273; x_wconf 76' lang='grc' dir='ltr'><strong>ο</strong></span> <span class='ocrx_word' id='word_1_444' title='bbox 3224 2241 3289 2291; x_wconf 82' lang='grc' dir='ltr'><strong>τὰ</strong></span> <span class='ocrx_word' id='word_1_445' title='bbox 3333 2241 3438 2310; x_wconf 72' lang='grc' dir='ltr'><strong>γὰρ</strong></span> 
     </span>
    </p>
   </div>
   <div class='ocr_carea' id='block_1_54' title="bbox 1838 2323 3439 2403">
    <p class='ocr_par' dir='ltr' id='par_1_54' title="bbox 1838 2323 3439 2403">
     <span class='ocr_line' id='line_1_54' title="bbox 1838 2323 3439 2403; baseline -0.001 -21"><span class='ocrx_word' id='word_1_446' title='bbox 1838 2328 2041 2382; x_wconf 85' lang='grc' dir='ltr'>ἐναντία</span> <span class='ocrx_word' id='word_1_447' title='bbox 2075 2335 2182 2392; x_wconf 88' lang='grc' dir='ltr'>τοῖς</span> <span class='ocrx_word' id='word_1_448' title='bbox 2207 2328 2491 2403; x_wconf 62' lang='grc' dir='ltr'>ἐναντίφοις</span> <span class='ocrx_word' id='word_1_449' title='bbox 2518 2330 2832 2402; x_wconf 83' lang='grc' dir='ltr'>φθείρονται,</span> <span class='ocrx_word' id='word_1_450' title='bbox 2863 2330 3004 2382; x_wconf 76' lang='grc' dir='ltr'>ἔστιν</span> <span class='ocrx_word' id='word_1_451' title='bbox 3055 2328 3184 2382; x_wconf 84' lang='grc' dir='ltr'>ὅπου</span> <span class='ocrx_word' id='word_1_452' title='bbox 3240 2323 3302 2382; x_wconf 64' lang='grc' dir='ltr'><strong>δε</strong></span> <span class='ocrx_word' id='word_1_453' title='bbox 3345 2331 3439 2381; x_wconf 75' lang='grc' dir='ltr'>καὶ</span> 
     </span>
    </p>
   </div>
   <div class='ocr_carea' id='block_1_55' title="bbox 1837 2413 3436 2491">
    <p class='ocr_par' dir='ltr' id='par_1_55' title="bbox 1837 2413 3436 2491">
     <span class='ocr_line' id='line_1_55' title="bbox 1837 2413 3436 2491; baseline -0.001 -21"><span class='ocrx_word' id='word_1_454' title='bbox 1837 2419 1902 2470; x_wconf 80' lang='grc' dir='ltr'>τὰ</span> <span class='ocrx_word' id='word_1_455' title='bbox 1979 2421 2229 2491; x_wconf 87' lang='grc' dir='ltr'>φάρμακα</span> <span class='ocrx_word' id='word_1_456' title='bbox 2280 2418 2394 2471; x_wconf 88' lang='grc' dir='ltr'>κατ’</span> <span class='ocrx_word' id='word_1_457' title='bbox 2465 2413 2708 2477; x_wconf 79' lang='grc' dir='ltr'>ἰδιότητα</span> <span class='ocrx_word' id='word_1_458' title='bbox 2758 2420 3007 2490; x_wconf 87' lang='grc' dir='ltr'>σωμάτων</span> <span class='ocrx_word' id='word_1_459' title='bbox 3063 2424 3152 2470; x_wconf 84' lang='grc' dir='ltr'>καὶ</span> <span class='ocrx_word' id='word_1_460' title='bbox 3203 2419 3436 2491; x_wconf 77' lang='grc' dir='ltr'>κράσεων</span> 
     </span>
    </p>
   </div>
   <div class='ocr_carea' id='block_1_56' title="bbox 1836 2503 3436 2580">
    <p class='ocr_par' dir='ltr' id='par_1_56' title="bbox 1836 2503 3436 2580">
     <span class='ocr_line' id='line_1_56' title="bbox 1836 2503 3436 2580; baseline -0.001 -20"><span class='ocrx_word' id='word_1_461' title='bbox 1836 2515 2092 2561; x_wconf 86' lang='grc' dir='ltr'>κοινωνεῖν</span> <span class='ocrx_word' id='word_1_462' title='bbox 2124 2527 2176 2560; x_wconf 88' lang='grc' dir='ltr'><strong>τε</strong></span> <span class='ocrx_word' id='word_1_463' title='bbox 2203 2512 2293 2560; x_wconf 78' lang='grc' dir='ltr'>καὶ</span> <span class='ocrx_word' id='word_1_464' title='bbox 2332 2506 2559 2580; x_wconf 85' lang='grc' dir='ltr'>ὠφελεῖν,</span> <span class='ocrx_word' id='word_1_465' title='bbox 2590 2513 2690 2561; x_wconf 88' lang='grc' dir='ltr'><strong>ποῦ</strong></span> <span class='ocrx_word' id='word_1_466' title='bbox 2743 2503 2803 2560; x_wconf 70' lang='grc' dir='ltr'>δὲ</span> <span class='ocrx_word' id='word_1_467' title='bbox 2853 2511 2942 2560; x_wconf 87' lang='grc' dir='ltr'>καὶ</span> <span class='ocrx_word' id='word_1_468' title='bbox 2998 2508 3217 2580; x_wconf 85' lang='grc' dir='ltr'>φθείρειν</span> <span class='ocrx_word' id='word_1_469' title='bbox 3250 2504 3344 2559; x_wconf 82' lang='grc' dir='ltr'>διὰ</span> <span class='ocrx_word' id='word_1_470' title='bbox 3378 2510 3436 2559; x_wconf 86' lang='grc' dir='ltr'><strong>τό</strong></span> 
     </span>
    </p>
   </div>
   <div class='ocr_carea' id='block_1_57' title="bbox 1837 2594 3436 2668">
    <p class='ocr_par' dir='ltr' id='par_1_57' title="bbox 1837 2594 3436 2668">
     <span class='ocr_line' id='line_1_57' title="bbox 1837 2594 3436 2668; baseline 0 -20"><span class='ocrx_word' id='word_1_471' title='bbox 1837 2596 1964 2649; x_wconf 72' lang='grc' dir='ltr'>αὐτό</span> <span class='ocrx_word' id='word_1_472' title='bbox 2016 2597 2066 2649; x_wconf 81' lang='grc' dir='ltr'>ἐν</span> <span class='ocrx_word' id='word_1_473' title='bbox 2123 2595 2324 2658; x_wconf 83' lang='grc' dir='ltr'>ἐκείνοις</span> <span class='ocrx_word' id='word_1_474' title='bbox 2409 2594 2674 2652; x_wconf 76' lang='grc' dir='ltr'>ἀνοίκειον.</span> <span class='ocrx_word' id='word_1_475' title='bbox 2713 2595 2892 2668; x_wconf 88' lang='grc' dir='ltr'>Ὀμως</span> <span class='ocrx_word' id='word_1_476' title='bbox 2948 2601 3037 2648; x_wconf 88' lang='grc' dir='ltr'>καὶ</span> <span class='ocrx_word' id='word_1_477' title='bbox 3075 2597 3123 2648; x_wconf 68' lang='grc' dir='ltr'>ἂν</span> <span class='ocrx_word' id='word_1_478' title='bbox 3174 2595 3436 2668; x_wconf 86' lang='grc' dir='ltr'>μετάλλοις</span> 
     </span>
    </p>
   </div>
   <div class='ocr_carea' id='block_1_58' title="bbox 1835 2680 3432 2759">
    <p class='ocr_par' dir='ltr' id='par_1_58' title="bbox 1835 2680 3432 2759">
     <span class='ocr_line' id='line_1_58' title="bbox 1835 2680 3432 2759; baseline 0 -22"><span class='ocrx_word' id='word_1_479' title='bbox 1835 2690 2078 2738; x_wconf 83' lang='grc' dir='ltr'>κοινωνία</span> <span class='ocrx_word' id='word_1_480' title='bbox 2127 2687 2441 2759; x_wconf 72' lang='grc' dir='ltr'>εὑρίσκεται,</span> <span class='ocrx_word' id='word_1_481' title='bbox 2519 2683 2568 2736; x_wconf 77' lang='grc' dir='ltr'>ἓν</span> <span class='ocrx_word' id='word_1_482' title='bbox 2646 2683 2818 2746; x_wconf 81' lang='grc' dir='ltr'>ἄλλοις</span> <span class='ocrx_word' id='word_1_483' title='bbox 2872 2680 2933 2737; x_wconf 73' lang='grc' dir='ltr'><strong>δε</strong></span> <span class='ocrx_word' id='word_1_484' title='bbox 2983 2689 3074 2736; x_wconf 85' lang='grc' dir='ltr'>καὶ</span> <span class='ocrx_word' id='word_1_485' title='bbox 3129 2680 3432 2752; x_wconf 86' lang='grc' dir='ltr'>διάστασις,</span> 
     </span>
    </p>
   </div>
   <div class='ocr_carea' id='block_1_59' title="bbox 1835 2772 3435 2849">
    <p class='ocr_par' dir='ltr' id='par_1_59' title="bbox 1835 2772 3435 2849">
     <span class='ocr_line' id='line_1_59' title="bbox 1835 2772 3435 2849; baseline -0.001 -22"><span class='ocrx_word' id='word_1_486' title='bbox 1835 2778 2011 2827; x_wconf 87' lang='grc' dir='ltr'>καινὸν</span> <span class='ocrx_word' id='word_1_487' title='bbox 2041 2773 2100 2828; x_wconf 78' lang='grc' dir='ltr'>δὲ</span> <span class='ocrx_word' id='word_1_488' title='bbox 2128 2774 2221 2828; x_wconf 70' lang='grc' dir='ltr'>οὐκ</span> <span class='ocrx_word' id='word_1_489' title='bbox 2252 2772 2335 2845; x_wconf 79' lang='grc' dir='ltr'>ἧν,</span> <span class='ocrx_word' id='word_1_490' title='bbox 2369 2777 2504 2849; x_wconf 78' lang='grc' dir='ltr'>εἴπερ</span> <span class='ocrx_word' id='word_1_491' title='bbox 2535 2778 2626 2826; x_wconf 82' lang='grc' dir='ltr'>καὶ</span> <span class='ocrx_word' id='word_1_492' title='bbox 2672 2777 2736 2826; x_wconf 82' lang='grc' dir='ltr'>τὰ</span> <span class='ocrx_word' id='word_1_493' title='bbox 2782 2772 2830 2826; x_wconf 80' lang='grc' dir='ltr'><strong>έν</strong></span> <span class='ocrx_word' id='word_1_494' title='bbox 2857 2781 2919 2845; x_wconf 72' lang='grc' dir='ltr'>τῇ</span> <span class='ocrx_word' id='word_1_495' title='bbox 2959 2781 3177 2849; x_wconf 75' lang='grc' dir='ltr'>γραμμῇ</span> <span class='ocrx_word' id='word_1_496' title='bbox 3241 2781 3435 2847; x_wconf 85' lang='grc' dir='ltr'>σημεῖα</span> 
     </span>
    </p>
   </div>
   <div class='ocr_carea' id='block_1_60' title="bbox 1835 2863 3428 2935">
    <p class='ocr_par' dir='ltr' id='par_1_60' title="bbox 1835 2863 3428 2935">
     <span class='ocr_line' id='line_1_60' title="bbox 1835 2863 3428 2935; baseline -0.001 -19"><span class='ocrx_word' id='word_1_497' title='bbox 1835 2863 1895 2916; x_wconf 81' lang='grc' dir='ltr'><strong>οῦ</strong></span> <span class='ocrx_word' id='word_1_498' title='bbox 1950 2867 2280 2916; x_wconf 88' lang='grc' dir='ltr'>παντάπασιν</span> <span class='ocrx_word' id='word_1_499' title='bbox 2338 2863 2568 2916; x_wconf 84' lang='grc' dir='ltr'>ἐνοῦνται</span> <span class='ocrx_word' id='word_1_500' title='bbox 2613 2865 2750 2915; x_wconf 84' lang='grc' dir='ltr'>κατὰ</span> <span class='ocrx_word' id='word_1_501' title='bbox 2829 2866 3104 2933; x_wconf 85' lang='grc' dir='ltr'>συνέχειαν</span> <span class='ocrx_word' id='word_1_502' title='bbox 3147 2883 3160 2896; x_wconf 78' lang='grc' dir='ltr'><strong><em>ο</em></strong></span> <span class='ocrx_word' id='word_1_503' title='bbox 3202 2867 3262 2915; x_wconf 87' lang='grc' dir='ltr'><strong>τό</strong></span> <span class='ocrx_word' id='word_1_504' title='bbox 3326 2866 3428 2935; x_wconf 75' lang='grc' dir='ltr'><strong>γὰρ</strong></span> 
     </span>
    </p>
   </div>
   <div class='ocr_carea' id='block_1_61' title="bbox 1835 2947 3429 3027">
    <p class='ocr_par' dir='ltr' id='par_1_61' title="bbox 1835 2947 3429 3027">
     <span class='ocr_line' id='line_1_61' title="bbox 1835 2947 3429 3027; baseline -0.001 -21"><span class='ocrx_word' id='word_1_505' title='bbox 1835 2961 2037 3027; x_wconf 80' lang='grc' dir='ltr'>πρῶτον</span> <span class='ocrx_word' id='word_1_506' title='bbox 2066 2960 2138 3024; x_wconf 86' lang='grc' dir='ltr'>τῷ</span> <span class='ocrx_word' id='word_1_507' title='bbox 2171 2958 2330 3026; x_wconf 87' lang='grc' dir='ltr'>τρίτῳ</span> <span class='ocrx_word' id='word_1_508' title='bbox 2359 2951 2464 3024; x_wconf 76' lang='grc' dir='ltr'>οὐχ</span> <span class='ocrx_word' id='word_1_509' title='bbox 2494 2952 2693 3004; x_wconf 77' lang='grc' dir='ltr'>ἑνοῦται</span> <span class='ocrx_word' id='word_1_510' title='bbox 2722 2950 2766 3004; x_wconf 86' lang='grc' dir='ltr'>εἰ</span> <span class='ocrx_word' id='word_1_511' title='bbox 2791 2956 2862 3024; x_wconf 83' lang='grc' dir='ltr'>μὴ</span> <span class='ocrx_word' id='word_1_512' title='bbox 2898 2947 2990 3003; x_wconf 81' lang='grc' dir='ltr'>διὰ</span> <span class='ocrx_word' id='word_1_513' title='bbox 3018 2957 3111 3005; x_wconf 83' lang='grc' dir='ltr'><strong>τοῦ</strong></span> <span class='ocrx_word' id='word_1_514' title='bbox 3163 2947 3429 3025; x_wconf 79' lang='grc' dir='ltr'>δευτέρου,</span> 
     </span>
    </p>
   </div>
   <div class='ocr_carea' id='block_1_62' title="bbox 15 3126 3460 3217">
    <p class='ocr_par' dir='ltr' id='par_1_62' title="bbox 15 3126 3460 3217">
     <span class='ocr_line' id='line_1_62' title="bbox 15 3126 3460 3217; baseline -0 -31"><span class='ocrx_word' id='word_1_515' title='bbox 15 3133 250 3186; x_wconf 89' lang='lat' dir='ltr'><strong>motus</strong></span> <span class='ocrx_word' id='word_1_516' title='bbox 273 3128 512 3186; x_wconf 90' lang='lat' dir='ltr'><strong>illorum</strong></span> <span class='ocrx_word' id='word_1_517' title='bbox 550 3142 676 3184; x_wconf 88' lang='lat' dir='ltr'><strong>non</strong></span> <span class='ocrx_word' id='word_1_518' title='bbox 699 3130 790 3184; x_wconf 92' lang='lat' dir='ltr'><strong>est</strong></span> <span class='ocrx_word' id='word_1_519' title='bbox 823 3127 1185 3201; x_wconf 87' lang='lat' dir='ltr'><strong>principium</strong></span> <span class='ocrx_word' id='word_1_520' title='bbox 1207 3130 1407 3184; x_wconf 90' lang='lat' dir='ltr'><strong>motus</strong></span> <span class='ocrx_word' id='word_1_521' title='bbox 1436 3126 1653 3184; x_wconf 88' lang='lat' dir='ltr'><strong>horum</strong></span> <span class='ocrx_word' id='word_1_522' title='bbox 1670 3127 1699 3184; x_wconf 87' lang='lat'><strong>?</strong></span> <span class='ocrx_word' id='word_1_523' title='bbox 1740 3163 1779 3217; x_wconf 63' lang='grc' dir='ltr'>ο</span> <span class='ocrx_word' id='word_1_524' title='bbox 1808 3130 2418 3202; x_wconf 88' lang='lat' dir='ltr'><strong>temperamentorum</strong></span> <span class='ocrx_word' id='word_1_525' title='bbox 2435 3127 2814 3184; x_wconf 85' lang='lat' dir='ltr'><strong>exsistuntex</strong></span> <span class='ocrx_word' id='word_1_526' title='bbox 2827 3142 2896 3183; x_wconf 90' lang='lat' dir='ltr'><strong>eo</strong></span> <span class='ocrx_word' id='word_1_527' title='bbox 2913 3126 3079 3200; x_wconf 94' lang='lat' dir='ltr'><strong>quod</strong></span> <span class='ocrx_word' id='word_1_528' title='bbox 3099 3126 3382 3194; x_wconf 83' lang='lat' dir='ltr'><strong>estaliud,</strong></span> <span class='ocrx_word' id='word_1_529' title='bbox 3402 3131 3460 3185; x_wconf 89' lang='lat' dir='ltr'><strong>et</strong></span> 
     </span>
    </p>
   </div>
   <div class='ocr_carea' id='block_1_63' title="bbox 13 3216 1696 3288">
    <p class='ocr_par' dir='ltr' id='par_1_63' title="bbox 13 3216 1696 3288">
     <span class='ocr_line' id='line_1_63' title="bbox 13 3216 1696 3288; baseline -0.001 -14"><span class='ocrx_word' id='word_1_530' title='bbox 13 3222 352 3288; x_wconf 80' lang='lat' dir='ltr'><strong>Praeterea,</strong></span> <span class='ocrx_word' id='word_1_531' title='bbox 393 3222 595 3274; x_wconf 87' lang='lat' dir='ltr'><strong>utrum</strong></span> <span class='ocrx_word' id='word_1_532' title='bbox 614 3217 946 3287; x_wconf 85' lang='lat' dir='ltr'><strong>figurarum</strong></span> <span class='ocrx_word' id='word_1_533' title='bbox 975 3217 1146 3273; x_wconf 68' lang='lat' dir='ltr'><strong>lineae</strong></span> <span class='ocrx_word' id='word_1_534' title='bbox 1176 3231 1298 3273; x_wconf 92' lang='lat' dir='ltr'><strong>non</strong></span> <span class='ocrx_word' id='word_1_535' title='bbox 1321 3219 1460 3272; x_wconf 89' lang='lat' dir='ltr'><strong>sunt</strong></span> <span class='ocrx_word' id='word_1_536' title='bbox 1483 3216 1696 3288; x_wconf 88' lang='lat' dir='ltr'><strong>princi-</strong></span> 
     </span>
    </p>
   </div>
   <div class='ocr_carea' id='block_1_64' title="bbox 15 3305 1699 3382">
    <p class='ocr_par' dir='ltr' id='par_1_64' title="bbox 15 3305 1699 3382">
     <span class='ocr_line' id='line_1_64' title="bbox 15 3305 1699 3382; baseline -0.002 -18"><span class='ocrx_word' id='word_1_537' title='bbox 15 3309 213 3382; x_wconf 87' lang='lat' dir='ltr'><strong>pium</strong></span> <span class='ocrx_word' id='word_1_538' title='bbox 252 3323 484 3380; x_wconf 88' lang='lat' dir='ltr'><strong>:neque</strong></span> <span class='ocrx_word' id='word_1_539' title='bbox 527 3306 736 3377; x_wconf 74' lang='lat' dir='ltr'><strong>ﬁgurae</strong></span> <span class='ocrx_word' id='word_1_540' title='bbox 783 3307 1078 3363; x_wconf 90' lang='lat' dir='ltr'><strong>linearum</strong></span> <span class='ocrx_word' id='word_1_541' title='bbox 1123 3310 1260 3361; x_wconf 90' lang='lat' dir='ltr'><strong>sunt</strong></span> <span class='ocrx_word' id='word_1_542' title='bbox 1288 3305 1699 3378; x_wconf 83' lang='lat' dir='ltr'><strong>principium?</strong></span> 
     </span>
    </p>
   </div>
   <div class='ocr_carea' id='block_1_65' title="bbox 13 3395 1700 3469">
    <p class='ocr_par' dir='ltr' id='par_1_65' title="bbox 13 3395 1700 3469">
     <span class='ocr_line' id='line_1_65' title="bbox 13 3395 1700 3469; baseline -0.002 -15"><span class='ocrx_word' id='word_1_543' title='bbox 13 3403 128 3454; x_wconf 78' lang='lat' dir='ltr'><strong>An</strong></span> <span class='ocrx_word' id='word_1_544' title='bbox 151 3397 352 3469; x_wconf 87' lang='lat' dir='ltr'><strong>potius</strong></span> <span class='ocrx_word' id='word_1_545' title='bbox 395 3396 691 3452; x_wconf 89' lang='lat' dir='ltr'><strong>linearum</strong></span> <span class='ocrx_word' id='word_1_546' title='bbox 747 3411 817 3452; x_wconf 88' lang='lat' dir='ltr'><strong>ac</strong></span> <span class='ocrx_word' id='word_1_547' title='bbox 866 3395 1197 3468; x_wconf 89' lang='lat' dir='ltr'><strong>ﬁgurarum</strong></span> <span class='ocrx_word' id='word_1_548' title='bbox 1260 3399 1552 3466; x_wconf 91' lang='lat' dir='ltr'><strong>punctum</strong></span> <span class='ocrx_word' id='word_1_549' title='bbox 1609 3397 1700 3451; x_wconf 87' lang='lat' dir='ltr'><strong>est</strong></span> 
     </span>
    </p>
   </div>
   <div class='ocr_carea' id='block_1_66' title="bbox 14 3482 1697 3558">
    <p class='ocr_par' dir='ltr' id='par_1_66' title="bbox 14 3482 1697 3558">
     <span class='ocr_line' id='line_1_66' title="bbox 14 3482 1697 3558; baseline -0.001 -16"><span class='ocrx_word' id='word_1_550' title='bbox 14 3485 398 3558; x_wconf 87' lang='lat' dir='ltr'><strong>principium</strong></span> <span class='ocrx_word' id='word_1_551' title='bbox 425 3485 453 3540; x_wconf 85' lang='lat'><strong>?</strong></span> <span class='ocrx_word' id='word_1_552' title='bbox 483 3484 654 3550; x_wconf 86' lang='lat' dir='ltr'><strong>Quod</strong></span> <span class='ocrx_word' id='word_1_553' title='bbox 685 3484 734 3540; x_wconf 91' lang='lat' dir='ltr'><strong>si</strong></span> <span class='ocrx_word' id='word_1_554' title='bbox 761 3485 843 3540; x_wconf 86' lang='lat' dir='ltr'><strong>ita</strong></span> <span class='ocrx_word' id='word_1_555' title='bbox 912 3488 1042 3540; x_wconf 87' lang='lat' dir='ltr'><strong>est:</strong></span> <span class='ocrx_word' id='word_1_556' title='bbox 1089 3488 1290 3540; x_wconf 90' lang='lat' dir='ltr'><strong>utrum</strong></span> <span class='ocrx_word' id='word_1_557' title='bbox 1337 3486 1537 3540; x_wconf 88' lang='lat' dir='ltr'><strong>motus</strong></span> <span class='ocrx_word' id='word_1_558' title='bbox 1599 3482 1697 3540; x_wconf 88' lang='lat' dir='ltr'><strong>ille</strong></span> 
     </span>
    </p>
   </div>
   <div class='ocr_carea' id='block_1_67' title="bbox 16 3572 1696 3648">
    <p class='ocr_par' dir='ltr' id='par_1_67' title="bbox 16 3572 1696 3648">
     <span class='ocr_line' id='line_1_67' title="bbox 16 3572 1696 3648; baseline -0.002 -19"><span class='ocrx_word' id='word_1_559' title='bbox 16 3574 142 3648; x_wconf 86' lang='lat' dir='ltr'><strong>qui</strong></span> <span class='ocrx_word' id='word_1_560' title='bbox 174 3591 212 3631; x_wconf 90' lang='lat' dir='ltr'><strong>a</strong></span> <span class='ocrx_word' id='word_1_561' title='bbox 237 3578 451 3630; x_wconf 91' lang='lat' dir='ltr'><strong>natura</strong></span> <span class='ocrx_word' id='word_1_562' title='bbox 482 3575 544 3630; x_wconf 93' lang='lat' dir='ltr'><strong>in</strong></span> <span class='ocrx_word' id='word_1_563' title='bbox 573 3573 742 3630; x_wconf 85' lang='lat' dir='ltr'><strong>lineis</strong></span> <span class='ocrx_word' id='word_1_564' title='bbox 769 3589 838 3629; x_wconf 88' lang='lat' dir='ltr'><strong>ac</strong></span> <span class='ocrx_word' id='word_1_565' title='bbox 859 3573 1067 3642; x_wconf 86' lang='lat' dir='ltr'><strong>ﬁguris</strong></span> <span class='ocrx_word' id='word_1_566' title='bbox 1092 3572 1338 3638; x_wconf 82' lang='lat' dir='ltr'><strong>exsistit,</strong></span> <span class='ocrx_word' id='word_1_567' title='bbox 1370 3576 1462 3628; x_wconf 91' lang='lat' dir='ltr'><strong>est</strong></span> <span class='ocrx_word' id='word_1_568' title='bbox 1506 3586 1696 3644; x_wconf 91' lang='lat' dir='ltr'><strong>punc-</strong></span> 
     </span>
    </p>
   </div>
   <div class='ocr_carea' id='block_1_68' title="bbox 18 3660 1695 3734">
    <p class='ocr_par' dir='ltr' id='par_1_68' title="bbox 18 3660 1695 3734">
     <span class='ocr_line' id='line_1_68' title="bbox 18 3660 1695 3734; baseline -0.002 -14"><span class='ocrx_word' id='word_1_569' title='bbox 18 3669 169 3720; x_wconf 90' lang='lat' dir='ltr'><strong>tum</strong></span> <span class='ocrx_word' id='word_1_570' title='bbox 194 3665 222 3719; x_wconf 88' lang='lat'><strong><em>?</em></strong></span> <span class='ocrx_word' id='word_1_571' title='bbox 253 3665 436 3719; x_wconf 83' lang='lat' dir='ltr'><strong>Nemo</strong></span> <span class='ocrx_word' id='word_1_572' title='bbox 461 3663 621 3719; x_wconf 89' lang='lat' dir='ltr'><strong>enim</strong></span> <span class='ocrx_word' id='word_1_573' title='bbox 654 3662 866 3720; x_wconf 82' lang='lat' dir='ltr'><strong>dixerit</strong></span> <span class='ocrx_word' id='word_1_574' title='bbox 884 3666 1176 3734; x_wconf 89' lang='lat' dir='ltr'><strong>punctum</strong></span> <span class='ocrx_word' id='word_1_575' title='bbox 1212 3676 1344 3718; x_wconf 89' lang='lat' dir='ltr'><strong>esse</strong></span> <span class='ocrx_word' id='word_1_576' title='bbox 1360 3660 1695 3731; x_wconf 85' lang='lat' dir='ltr'><strong>ﬁgurarum</strong></span> 
     </span>
    </p>
   </div>
   <div class='ocr_carea' id='block_1_69' title="bbox 14 3749 1693 3824">
    <p class='ocr_par' dir='ltr' id='par_1_69' title="bbox 14 3749 1693 3824">
     <span class='ocr_line' id='line_1_69' title="bbox 14 3749 1693 3824; baseline -0.002 -15"><span class='ocrx_word' id='word_1_577' title='bbox 14 3755 345 3820; x_wconf 86' lang='lat' dir='ltr'><strong>naturam,</strong></span> <span class='ocrx_word' id='word_1_578' title='bbox 373 3753 474 3808; x_wconf 90' lang='lat' dir='ltr'><strong>sed</strong></span> <span class='ocrx_word' id='word_1_579' title='bbox 504 3751 703 3824; x_wconf 87' lang='lat' dir='ltr'><strong>potius</strong></span> <span class='ocrx_word' id='word_1_580' title='bbox 733 3767 770 3808; x_wconf 94' lang='lat' dir='ltr'><strong>a</strong></span> <span class='ocrx_word' id='word_1_581' title='bbox 796 3750 1052 3808; x_wconf 83' lang='lat' dir='ltr'><strong>naturali</strong></span> <span class='ocrx_word' id='word_1_582' title='bbox 1101 3749 1394 3822; x_wconf 90' lang='lat' dir='ltr'><strong>principio</strong></span> <span class='ocrx_word' id='word_1_583' title='bbox 1457 3753 1693 3806; x_wconf 90' lang='lat' dir='ltr'><strong>motum</strong></span> 
     </span>
    </p>
   </div>
   <div class='ocr_carea' id='block_1_70' title="bbox 12 3837 1692 3910">
    <p class='ocr_par' dir='ltr' id='par_1_70' title="bbox 12 3837 1692 3910">
     <span class='ocr_line' id='line_1_70' title="bbox 12 3837 1692 3910; baseline -0.002 -13"><span class='ocrx_word' id='word_1_584' title='bbox 12 3841 348 3898; x_wconf 86' lang='lat' dir='ltr'><strong>habuisse.</strong></span> <span class='ocrx_word' id='word_1_585' title='bbox 373 3841 518 3896; x_wconf 91' lang='lat' dir='ltr'><strong>Cum</strong></span> <span class='ocrx_word' id='word_1_586' title='bbox 558 3840 738 3910; x_wconf 79' lang='lat' dir='ltr'><strong>igitur</strong></span> <span class='ocrx_word' id='word_1_587' title='bbox 766 3839 972 3896; x_wconf 85' lang='lat' dir='ltr'><strong>omnia</strong></span> <span class='ocrx_word' id='word_1_588' title='bbox 1013 3838 1130 3895; x_wconf 89' lang='lat' dir='ltr'><strong>alia</strong></span> <span class='ocrx_word' id='word_1_589' title='bbox 1171 3838 1382 3895; x_wconf 91' lang='lat' dir='ltr'><strong>eodem</strong></span> <span class='ocrx_word' id='word_1_590' title='bbox 1423 3837 1606 3894; x_wconf 93' lang='lat' dir='ltr'><strong>modo</strong></span> <span class='ocrx_word' id='word_1_591' title='bbox 1628 3853 1692 3894; x_wconf 89' lang='lat' dir='ltr'><strong>se</strong></span> 
     </span>
    </p>
   </div>
   <div class='ocr_carea' id='block_1_71' title="bbox 15 3927 1691 4001">
    <p class='ocr_par' dir='ltr' id='par_1_71' title="bbox 15 3927 1691 4001">
     <span class='ocr_line' id='line_1_71' title="bbox 15 3927 1691 4001; baseline -0.002 -15"><span class='ocrx_word' id='word_1_592' title='bbox 15 3929 318 3994; x_wconf 87' lang='lat' dir='ltr'><strong>habeant,</strong></span> <span class='ocrx_word' id='word_1_593' title='bbox 361 3933 416 3986; x_wconf 91' lang='lat' dir='ltr'><strong>et</strong></span> <span class='ocrx_word' id='word_1_594' title='bbox 440 3929 570 3985; x_wconf 66' lang='lat' dir='ltr'><strong>haec</strong></span> <span class='ocrx_word' id='word_1_595' title='bbox 599 3929 893 4001; x_wconf 88' lang='lat' dir='ltr'><strong>principia</strong></span> <span class='ocrx_word' id='word_1_596' title='bbox 913 3927 1031 3984; x_wconf 89' lang='lat' dir='ltr'><strong>sint</strong></span> <span class='ocrx_word' id='word_1_597' title='bbox 1053 3927 1332 3983; x_wconf 91' lang='lat' dir='ltr'><strong>omnibus</strong></span> <span class='ocrx_word' id='word_1_598' title='bbox 1379 3930 1525 3983; x_wconf 91' lang='lat' dir='ltr'><strong>nota</strong></span> <span class='ocrx_word' id='word_1_599' title='bbox 1544 3941 1691 3982; x_wconf 90' lang='lat' dir='ltr'><strong>sane</strong></span> 
     </span>
    </p>
   </div>
   <div class='ocr_carea' id='block_1_72' title="bbox 15 4014 1691 4091">
    <p class='ocr_par' dir='ltr' id='par_1_72' title="bbox 15 4014 1691 4091">
     <span class='ocr_line' id='line_1_72' title="bbox 15 4014 1691 4091; baseline -0.002 -16"><span class='ocrx_word' id='word_1_600' title='bbox 15 4023 256 4076; x_wconf 87' lang='lat' dir='ltr'><strong>natura</strong></span> <span class='ocrx_word' id='word_1_601' title='bbox 286 4021 448 4090; x_wconf 90' lang='lat' dir='ltr'><strong>(cum</strong></span> <span class='ocrx_word' id='word_1_602' title='bbox 481 4019 558 4074; x_wconf 89' lang='lat' dir='ltr'><strong>sit</strong></span> <span class='ocrx_word' id='word_1_603' title='bbox 581 4033 653 4074; x_wconf 91' lang='lat' dir='ltr'><strong>eo</strong></span> <span class='ocrx_word' id='word_1_604' title='bbox 681 4018 848 4091; x_wconf 91' lang='lat' dir='ltr'><strong>quod</strong></span> <span class='ocrx_word' id='word_1_605' title='bbox 893 4021 982 4074; x_wconf 90' lang='lat' dir='ltr'><strong>est</strong></span> <span class='ocrx_word' id='word_1_606' title='bbox 1030 4033 1103 4073; x_wconf 81' lang='lat' dir='ltr'><strong><em>ex</em></strong></span> <span class='ocrx_word' id='word_1_607' title='bbox 1145 4017 1277 4089; x_wconf 88' lang='lat' dir='ltr'><strong>ipsa</strong></span> <span class='ocrx_word' id='word_1_608' title='bbox 1315 4014 1504 4071; x_wconf 90' lang='lat' dir='ltr'><strong>multo</strong></span> <span class='ocrx_word' id='word_1_609' title='bbox 1544 4030 1691 4087; x_wconf 62' lang='lat' dir='ltr'><strong>prin-</strong></span> 
     </span>
    </p>
   </div>
   <div class='ocr_carea' id='block_1_73' title="bbox 18 4103 1690 4181">
    <p class='ocr_par' dir='ltr' id='par_1_73' title="bbox 18 4103 1690 4181">
     <span class='ocr_line' id='line_1_73' title="bbox 18 4103 1690 4181; baseline -0.002 -17"><span class='ocrx_word' id='word_1_610' title='bbox 18 4108 302 4179; x_wconf 87' lang='lat' dir='ltr'><strong>stantior,</strong></span> <span class='ocrx_word' id='word_1_611' title='bbox 317 4108 542 4181; x_wconf 89' lang='lat' dir='ltr'><strong>quippe</strong></span> <span class='ocrx_word' id='word_1_612' title='bbox 570 4123 706 4180; x_wconf 69' lang='lat' dir='ltr'><strong>quae</strong></span> <span class='ocrx_word' id='word_1_613' title='bbox 735 4111 948 4180; x_wconf 82' lang='lat' dir='ltr'><strong>praeter</strong></span> <span class='ocrx_word' id='word_1_614' title='bbox 969 4105 1280 4177; x_wconf 86' lang='lat' dir='ltr'><strong>omniasit)</strong></span> <span class='ocrx_word' id='word_1_615' title='bbox 1303 4119 1426 4160; x_wconf 92' lang='lat' dir='ltr'><strong>non</strong></span> <span class='ocrx_word' id='word_1_616' title='bbox 1454 4103 1690 4176; x_wconf 89' lang='lat' dir='ltr'><strong>vulgari</strong></span> 
     </span>
    </p>
   </div>
   <div class='ocr_carea' id='block_1_74' title="bbox 17 4194 1687 4270">
    <p class='ocr_par' dir='ltr' id='par_1_74' title="bbox 17 4194 1687 4270">
     <span class='ocr_line' id='line_1_74' title="bbox 17 4194 1687 4270; baseline -0.002 -16"><span class='ocrx_word' id='word_1_617' title='bbox 17 4198 222 4255; x_wconf 89' lang='lat' dir='ltr'><strong>modo</strong></span> <span class='ocrx_word' id='word_1_618' title='bbox 247 4197 421 4253; x_wconf 90' lang='lat' dir='ltr'><strong>nobis</strong></span> <span class='ocrx_word' id='word_1_619' title='bbox 457 4197 561 4254; x_wconf 88' lang='lat' dir='ltr'><strong>illa</strong></span> <span class='ocrx_word' id='word_1_620' title='bbox 583 4213 721 4270; x_wconf 75' lang='lat' dir='ltr'><strong>quae</strong></span> <span class='ocrx_word' id='word_1_621' title='bbox 753 4201 890 4253; x_wconf 91' lang='lat' dir='ltr'><strong>sunt</strong></span> <span class='ocrx_word' id='word_1_622' title='bbox 916 4195 1069 4252; x_wconf 87' lang='lat' dir='ltr'><strong>infra</strong></span> <span class='ocrx_word' id='word_1_623' title='bbox 1100 4211 1183 4262; x_wconf 90' lang='lat' dir='ltr'><strong>se,</strong></span> <span class='ocrx_word' id='word_1_624' title='bbox 1216 4200 1507 4268; x_wconf 87' lang='lat' dir='ltr'><strong>tanquam</strong></span> <span class='ocrx_word' id='word_1_625' title='bbox 1527 4194 1687 4268; x_wconf 90' lang='lat' dir='ltr'><strong>prin-</strong></span> 
     </span>
    </p>
   </div>
   <div class='ocr_carea' id='block_1_75' title="bbox 19 4283 1686 4359">
    <p class='ocr_par' dir='ltr' id='par_1_75' title="bbox 19 4283 1686 4359">
     <span class='ocr_line' id='line_1_75' title="bbox 19 4283 1686 4359; baseline -0.001 -17"><span class='ocrx_word' id='word_1_626' title='bbox 19 4287 262 4359; x_wconf 91' lang='lat' dir='ltr'><strong>cipium</strong></span> <span class='ocrx_word' id='word_1_627' title='bbox 292 4291 349 4342; x_wconf 93' lang='lat' dir='ltr'><strong>et</strong></span> <span class='ocrx_word' id='word_1_628' title='bbox 376 4302 560 4343; x_wconf 90' lang='lat' dir='ltr'><strong>causa</strong></span> <span class='ocrx_word' id='word_1_629' title='bbox 589 4285 783 4342; x_wconf 84' lang='lat' dir='ltr'><strong>eﬂicit.</strong></span> <span class='ocrx_word' id='word_1_630' title='bbox 827 4285 1000 4351; x_wconf 87' lang='lat' dir='ltr'><strong>Quod</strong></span> <span class='ocrx_word' id='word_1_631' title='bbox 1028 4289 1227 4341; x_wconf 91' lang='lat' dir='ltr'><strong>autem</strong></span> <span class='ocrx_word' id='word_1_632' title='bbox 1257 4284 1318 4340; x_wconf 90' lang='lat' dir='ltr'><strong>in</strong></span> <span class='ocrx_word' id='word_1_633' title='bbox 1378 4287 1594 4340; x_wconf 89' lang='lat' dir='ltr'><strong>natura</strong></span> <span class='ocrx_word' id='word_1_634' title='bbox 1615 4283 1686 4340; x_wconf 90' lang='lat' dir='ltr'><strong>sit</strong></span> 
     </span>
    </p>
   </div>
   <div class='ocr_carea' id='block_1_76' title="bbox 20 4372 1682 4448">
    <p class='ocr_par' dir='ltr' id='par_1_76' title="bbox 20 4372 1682 4448">
     <span class='ocr_line' id='line_1_76' title="bbox 20 4372 1682 4448; baseline -0.002 -17"><span class='ocrx_word' id='word_1_635' title='bbox 20 4380 237 4432; x_wconf 91' lang='lat' dir='ltr'><strong>motus</strong></span> <span class='ocrx_word' id='word_1_636' title='bbox 265 4380 321 4432; x_wconf 91' lang='lat' dir='ltr'><strong>et</strong></span> <span class='ocrx_word' id='word_1_637' title='bbox 349 4374 693 4431; x_wconf 86' lang='lat' dir='ltr'><strong>distributio</strong></span> <span class='ocrx_word' id='word_1_638' title='bbox 719 4375 780 4430; x_wconf 91' lang='lat' dir='ltr'><strong>in</strong></span> <span class='ocrx_word' id='word_1_639' title='bbox 801 4390 873 4431; x_wconf 89' lang='lat' dir='ltr'><strong>ea</strong></span> <span class='ocrx_word' id='word_1_640' title='bbox 902 4391 1040 4448; x_wconf 76' lang='lat' dir='ltr'><strong>quae</strong></span> <span class='ocrx_word' id='word_1_641' title='bbox 1067 4375 1225 4430; x_wconf 90' lang='lat' dir='ltr'><strong>inter</strong></span> <span class='ocrx_word' id='word_1_642' title='bbox 1254 4389 1316 4428; x_wconf 91' lang='lat' dir='ltr'><strong>se</strong></span> <span class='ocrx_word' id='word_1_643' title='bbox 1379 4372 1682 4439; x_wconf 83' lang='lat' dir='ltr'><strong>differunt,</strong></span> 
     </span>
    </p>
   </div>
   <div class='ocr_carea' id='block_1_77' title="bbox 19 4461 1684 4534">
    <p class='ocr_par' dir='ltr' id='par_1_77' title="bbox 19 4461 1684 4534">
     <span class='ocr_line' id='line_1_77' title="bbox 19 4461 1684 4534; baseline -0.002 -14"><span class='ocrx_word' id='word_1_644' title='bbox 19 4463 260 4521; x_wconf 88' lang='lat' dir='ltr'><strong>nemini</strong></span> <span class='ocrx_word' id='word_1_645' title='bbox 296 4469 383 4520; x_wconf 88' lang='lat' dir='ltr'><strong>est</strong></span> <span class='ocrx_word' id='word_1_646' title='bbox 437 4463 786 4520; x_wconf 88' lang='lat' dir='ltr'><strong>obscurum.</strong></span> <span class='ocrx_word' id='word_1_647' title='bbox 841 4466 1024 4520; x_wconf 85' lang='lat' dir='ltr'><strong>Motus</strong></span> <span class='ocrx_word' id='word_1_648' title='bbox 1091 4463 1251 4518; x_wconf 89' lang='lat' dir='ltr'><strong>enim</strong></span> <span class='ocrx_word' id='word_1_649' title='bbox 1311 4461 1414 4534; x_wconf 89' lang='lat' dir='ltr'><strong>qui</strong></span> <span class='ocrx_word' id='word_1_650' title='bbox 1465 4461 1528 4517; x_wconf 93' lang='lat' dir='ltr'><strong>in</strong></span> <span class='ocrx_word' id='word_1_651' title='bbox 1568 4461 1684 4517; x_wconf 92' lang='lat' dir='ltr'><strong>hoc</strong></span> 
     </span>
    </p>
   </div>
   <div class='ocr_carea' id='block_1_78' title="bbox 19 4551 1684 4627">
    <p class='ocr_par' dir='ltr' id='par_1_78' title="bbox 19 4551 1684 4627">
     <span class='ocr_line' id='line_1_78' title="bbox 19 4551 1684 4627; baseline -0.002 -17"><span class='ocrx_word' id='word_1_652' title='bbox 19 4558 300 4627; x_wconf 89' lang='lat' dir='ltr'><strong>tempore</strong></span> <span class='ocrx_word' id='word_1_653' title='bbox 329 4553 642 4610; x_wconf 86' lang='lat' dir='ltr'><strong>conﬁcitur</strong></span> <span class='ocrx_word' id='word_1_654' title='bbox 666 4553 970 4623; x_wconf 88' lang='lat' dir='ltr'><strong>distinguit</strong></span> <span class='ocrx_word' id='word_1_655' title='bbox 997 4551 1361 4608; x_wconf 80' lang='lat' dir='ltr'><strong>Aristotelem</strong></span> <span class='ocrx_word' id='word_1_656' title='bbox 1395 4555 1452 4607; x_wconf 92' lang='lat' dir='ltr'><strong>et</strong></span> <span class='ocrx_word' id='word_1_657' title='bbox 1476 4553 1684 4606; x_wconf 90' lang='lat' dir='ltr'><strong>Home-</strong></span> 
     </span>
    </p>
   </div>
   <div class='ocr_carea' id='block_1_79' title="bbox 21 4640 1682 4714">
    <p class='ocr_par' dir='ltr' id='par_1_79' title="bbox 21 4640 1682 4714">
     <span class='ocr_line' id='line_1_79' title="bbox 21 4640 1682 4714; baseline -0.002 -15"><span class='ocrx_word' id='word_1_658' title='bbox 21 4659 194 4701; x_wconf 91' lang='lat' dir='ltr'><strong>rum.</strong></span> <span class='ocrx_word' id='word_1_659' title='bbox 233 4646 381 4701; x_wconf 84' lang='lat' dir='ltr'><strong>Nam</strong></span> <span class='ocrx_word' id='word_1_660' title='bbox 413 4643 460 4699; x_wconf 91' lang='lat' dir='ltr'><strong>si</strong></span> <span class='ocrx_word' id='word_1_661' title='bbox 481 4648 682 4699; x_wconf 89' lang='lat' dir='ltr'><strong>motus</strong></span> <span class='ocrx_word' id='word_1_662' title='bbox 711 4659 746 4700; x_wconf 92' lang='lat' dir='ltr'><strong><em>a</em></strong></span> <span class='ocrx_word' id='word_1_663' title='bbox 779 4643 858 4698; x_wconf 93' lang='lat' dir='ltr'><strong>ad</strong></span> <span class='ocrx_word' id='word_1_664' title='bbox 878 4646 1109 4699; x_wconf 89' lang='lat' dir='ltr'><strong>motum</strong></span> <span class='ocrx_word' id='word_1_665' title='bbox 1140 4657 1170 4698; x_wconf 88' lang='lat' dir='ltr'><strong>c</strong></span> <span class='ocrx_word' id='word_1_666' title='bbox 1226 4657 1332 4714; x_wconf 91' lang='lat' dir='ltr'><strong>per</strong></span> <span class='ocrx_word' id='word_1_667' title='bbox 1383 4645 1616 4698; x_wconf 89' lang='lat' dir='ltr'><strong>motum</strong></span> <span class='ocrx_word' id='word_1_668' title='bbox 1649 4640 1682 4695; x_wconf 91' lang='lat' dir='ltr'><strong><em>b</em></strong></span> 
     </span>
    </p>
   </div>
   <div class='ocr_carea' id='block_1_80' title="bbox 21 4731 1682 4806">
    <p class='ocr_par' dir='ltr' id='par_1_80' title="bbox 21 4731 1682 4806">
     <span class='ocr_line' id='line_1_80' title="bbox 21 4731 1682 4806; baseline -0.002 -16"><span class='ocrx_word' id='word_1_669' title='bbox 21 4733 355 4806; x_wconf 83' lang='lat' dir='ltr'><strong>perveniat,</strong></span> <span class='ocrx_word' id='word_1_670' title='bbox 386 4733 634 4789; x_wconf 91' lang='lat' dir='ltr'><strong>omnino</strong></span> <span class='ocrx_word' id='word_1_671' title='bbox 665 4732 1012 4789; x_wconf 87' lang='lat' dir='ltr'><strong>continuata</strong></span> <span class='ocrx_word' id='word_1_672' title='bbox 1034 4731 1450 4804; x_wconf 87' lang='lat' dir='ltr'><strong>progressione</strong></span> <span class='ocrx_word' id='word_1_673' title='bbox 1479 4733 1682 4787; x_wconf 88' lang='lat' dir='ltr'><strong>motus</strong></span> 
     </span>
    </p>
   </div>
   <div class='ocr_carea' id='block_1_81' title="bbox 25 4819 1683 4894">
    <p class='ocr_par' dir='ltr' id='par_1_81' title="bbox 25 4819 1683 4894">
     <span class='ocr_line' id='line_1_81' title="bbox 25 4819 1683 4894; baseline -0.001 -16"><span class='ocrx_word' id='word_1_674' title='bbox 25 4821 362 4878; x_wconf 85' lang='lat' dir='ltr'><strong>conﬁcitur.</strong></span> <span class='ocrx_word' id='word_1_675' title='bbox 406 4824 473 4877; x_wconf 86' lang='lat' dir='ltr'><strong>Et</strong></span> <span class='ocrx_word' id='word_1_676' title='bbox 525 4837 736 4877; x_wconf 90' lang='lat' dir='ltr'><strong>rursus</strong></span> <span class='ocrx_word' id='word_1_677' title='bbox 785 4824 1079 4894; x_wconf 90' lang='lat' dir='ltr'><strong>punctum</strong></span> <span class='ocrx_word' id='word_1_678' title='bbox 1118 4835 1156 4876; x_wconf 87' lang='lat' dir='ltr'><strong>a</strong></span> <span class='ocrx_word' id='word_1_679' title='bbox 1210 4819 1594 4892; x_wconf 87' lang='lat' dir='ltr'><strong>distinguitur</strong></span> <span class='ocrx_word' id='word_1_680' title='bbox 1648 4835 1683 4876; x_wconf 88' lang='lat' dir='ltr'><strong>a</strong></span> 
     </span>
    </p>
   </div>
   <div class='ocr_carea' id='block_1_82' title="bbox 21 4909 1682 4984">
    <p class='ocr_par' dir='ltr' id='par_1_82' title="bbox 21 4909 1682 4984">
     <span class='ocr_line' id='line_1_82' title="bbox 21 4909 1682 4984; baseline -0.002 -16"><span class='ocrx_word' id='word_1_681' title='bbox 21 4915 257 4984; x_wconf 89' lang='lat' dir='ltr'><strong>puncto</strong></span> <span class='ocrx_word' id='word_1_682' title='bbox 283 4926 313 4968; x_wconf 78' lang='grc' dir='ltr'>ι’</span> <span class='ocrx_word' id='word_1_683' title='bbox 338 4927 446 4984; x_wconf 88' lang='lat' dir='ltr'><strong>per</strong></span> <span class='ocrx_word' id='word_1_684' title='bbox 470 4913 765 4984; x_wconf 90' lang='lat' dir='ltr'><strong>punctum</strong></span> <span class='ocrx_word' id='word_1_685' title='bbox 805 4909 837 4966; x_wconf 79' lang='grc' dir='ltr'><strong>ὁ</strong></span> <span class='ocrx_word' id='word_1_686' title='bbox 858 4925 965 4983; x_wconf 90' lang='lat' dir='ltr'><strong>per</strong></span> <span class='ocrx_word' id='word_1_687' title='bbox 985 4909 1150 4982; x_wconf 89' lang='lat' dir='ltr'><strong>quod</strong></span> <span class='ocrx_word' id='word_1_688' title='bbox 1196 4912 1440 4982; x_wconf 87' lang='lat' dir='ltr'><strong>propter</strong></span> <span class='ocrx_word' id='word_1_689' title='bbox 1495 4909 1682 4965; x_wconf 88' lang='lat' dir='ltr'><strong>conti-</strong></span> 
     </span>
    </p>
   </div>
   <div class='ocr_carea' id='block_1_83' title="bbox 23 4997 1684 5058">
    <p class='ocr_par' dir='ltr' id='par_1_83' title="bbox 23 4997 1684 5058">
     <span class='ocr_line' id='line_1_83' title="bbox 23 4997 1684 5058; baseline -0.002 -2"><span class='ocrx_word' id='word_1_690' title='bbox 23 5000 381 5058; x_wconf 89' lang='lat' dir='ltr'><strong>nuationem</strong></span> <span class='ocrx_word' id='word_1_691' title='bbox 411 5000 534 5056; x_wconf 91' lang='lat' dir='ltr'><strong>duo</strong></span> <span class='ocrx_word' id='word_1_692' title='bbox 563 5003 828 5056; x_wconf 84' lang='lat' dir='ltr'><strong>extrema</strong></span> <span class='ocrx_word' id='word_1_693' title='bbox 880 4999 1032 5055; x_wconf 90' lang='lat' dir='ltr'><strong>inter</strong></span> <span class='ocrx_word' id='word_1_694' title='bbox 1082 5014 1144 5055; x_wconf 89' lang='lat' dir='ltr'><strong>se</strong></span> <span class='ocrx_word' id='word_1_695' title='bbox 1191 4998 1511 5054; x_wconf 66' lang='lat' dir='ltr'><strong>cohaerent.</strong></span> <span class='ocrx_word' id='word_1_696' title='bbox 1560 4997 1684 5053; x_wconf 86' lang='lat' dir='ltr'><strong>Hoc</strong></span> 
     </span>
    </p>
   </div>
   <div class='ocr_carea' id='block_1_84' title="bbox 27 5087 1684 5160">
    <p class='ocr_par' dir='ltr' id='par_1_84' title="bbox 27 5087 1684 5160">
     <span class='ocr_line' id='line_1_84' title="bbox 27 5087 1684 5160; baseline -0.002 -15"><span class='ocrx_word' id='word_1_697' title='bbox 27 5095 233 5147; x_wconf 91' lang='lat' dir='ltr'><strong>autem</strong></span> <span class='ocrx_word' id='word_1_698' title='bbox 259 5093 349 5146; x_wconf 90' lang='lat' dir='ltr'><strong>est</strong></span> <span class='ocrx_word' id='word_1_699' title='bbox 371 5094 570 5146; x_wconf 90' lang='lat' dir='ltr'><strong>motus</strong></span> <span class='ocrx_word' id='word_1_700' title='bbox 591 5093 648 5145; x_wconf 90' lang='lat' dir='ltr'><strong>et</strong></span> <span class='ocrx_word' id='word_1_701' title='bbox 675 5090 839 5145; x_wconf 83' lang='lat' dir='ltr'><strong>horae</strong></span> <span class='ocrx_word' id='word_1_702' title='bbox 875 5088 1177 5160; x_wconf 83' lang='lat' dir='ltr'><strong>quantitas</strong></span> <span class='ocrx_word' id='word_1_703' title='bbox 1206 5087 1265 5142; x_wconf 89' lang='lat' dir='ltr'><strong>in</strong></span> <span class='ocrx_word' id='word_1_704' title='bbox 1281 5089 1464 5142; x_wconf 91' lang='lat' dir='ltr'><strong>motu.</strong></span> <span class='ocrx_word' id='word_1_705' title='bbox 1490 5088 1684 5152; x_wconf 86' lang='lat' dir='ltr'><strong>Quare</strong></span> 
     </span>
    </p>
   </div>
   <div class='ocr_carea' id='block_1_85' title="bbox 27 5176 1683 5235">
    <p class='ocr_par' dir='ltr' id='par_1_85' title="bbox 27 5176 1683 5235">
     <span class='ocr_line' id='line_1_85' title="bbox 27 5176 1683 5235; baseline -0.001 -2"><span class='ocrx_word' id='word_1_706' title='bbox 27 5178 356 5235; x_wconf 89' lang='lat' dir='ltr'><strong>discrimen</strong></span> <span class='ocrx_word' id='word_1_707' title='bbox 382 5179 690 5234; x_wconf 89' lang='lat' dir='ltr'><strong>intercedit</strong></span> <span class='ocrx_word' id='word_1_708' title='bbox 716 5178 869 5234; x_wconf 89' lang='lat' dir='ltr'><strong>inter</strong></span> <span class='ocrx_word' id='word_1_709' title='bbox 903 5176 1276 5233; x_wconf 84' lang='lat' dir='ltr'><strong>Aristotelem</strong></span> <span class='ocrx_word' id='word_1_710' title='bbox 1289 5180 1344 5232; x_wconf 92' lang='lat' dir='ltr'><strong>et</strong></span> <span class='ocrx_word' id='word_1_711' title='bbox 1362 5179 1683 5232; x_wconf 88' lang='lat' dir='ltr'><strong>Homerum</strong></span> 
     </span>
    </p>
   </div>
   <div class='ocr_carea' id='block_1_86' title="bbox 28 5265 1684 5342">
    <p class='ocr_par' dir='ltr' id='par_1_86' title="bbox 28 5265 1684 5342">
     <span class='ocr_line' id='line_1_86' title="bbox 28 5265 1684 5342; baseline -0.002 -19"><span class='ocrx_word' id='word_1_712' title='bbox 28 5273 274 5342; x_wconf 91' lang='lat' dir='ltr'><strong>propter</strong></span> <span class='ocrx_word' id='word_1_713' title='bbox 301 5279 535 5324; x_wconf 88' lang='lat' dir='ltr'><strong>motum</strong></span> <span class='ocrx_word' id='word_1_714' title='bbox 579 5271 1058 5340; x_wconf 84' lang='lat' dir='ltr'><strong>temporaneum.</strong></span> <span class='ocrx_word' id='word_1_715' title='bbox 1091 5269 1187 5322; x_wconf 90' lang='lat' dir='ltr'><strong>Est</strong></span> <span class='ocrx_word' id='word_1_716' title='bbox 1217 5265 1395 5336; x_wconf 86' lang='lat' dir='ltr'><strong>igitur</strong></span> <span class='ocrx_word' id='word_1_717' title='bbox 1413 5265 1476 5321; x_wconf 92' lang='lat' dir='ltr'><strong>in</strong></span> <span class='ocrx_word' id='word_1_718' title='bbox 1515 5269 1684 5322; x_wconf 91' lang='lat' dir='ltr'><strong>motu</strong></span> 
     </span>
    </p>
   </div>
   <div class='ocr_carea' id='block_1_87' title="bbox 30 5355 1680 5432">
    <p class='ocr_par' dir='ltr' id='par_1_87' title="bbox 30 5355 1680 5432">
     <span class='ocr_line' id='line_1_87' title="bbox 30 5355 1680 5432; baseline -0.001 -19"><span class='ocrx_word' id='word_1_719' title='bbox 30 5358 390 5416; x_wconf 67' lang='lat' dir='ltr'><strong>cohaerentia</strong></span> <span class='ocrx_word' id='word_1_720' title='bbox 427 5359 708 5432; x_wconf 77' lang='lat' dir='ltr'><strong>quaedam</strong></span> <span class='ocrx_word' id='word_1_721' title='bbox 747 5374 884 5432; x_wconf 60' lang='lat' dir='ltr'><strong>qua;</strong></span> <span class='ocrx_word' id='word_1_722' title='bbox 916 5357 1229 5427; x_wconf 87' lang='lat' dir='ltr'><strong>subjicitur</strong></span> <span class='ocrx_word' id='word_1_723' title='bbox 1285 5355 1680 5422; x_wconf 89' lang='lat' dir='ltr'><strong>distinctioni,</strong></span> 
     </span>
    </p>
   </div>
   <div class='ocr_carea' id='block_1_88' title="bbox 32 5446 1682 5521">
    <p class='ocr_par' dir='ltr' id='par_1_88' title="bbox 32 5446 1682 5521">
     <span class='ocr_line' id='line_1_88' title="bbox 32 5446 1682 5521; baseline 0 -17"><span class='ocrx_word' id='word_1_724' title='bbox 32 5453 134 5506; x_wconf 90' lang='lat' dir='ltr'><strong>aut</strong></span> <span class='ocrx_word' id='word_1_725' title='bbox 160 5449 472 5521; x_wconf 90' lang='lat' dir='ltr'><strong>temporis,</strong></span> <span class='ocrx_word' id='word_1_726' title='bbox 505 5453 608 5505; x_wconf 86' lang='lat' dir='ltr'><strong>aut</strong></span> <span class='ocrx_word' id='word_1_727' title='bbox 639 5448 823 5514; x_wconf 79' lang='lat' dir='ltr'><strong>modi,</strong></span> <span class='ocrx_word' id='word_1_728' title='bbox 854 5452 956 5504; x_wconf 90' lang='lat' dir='ltr'><strong>aut</strong></span> <span class='ocrx_word' id='word_1_729' title='bbox 972 5448 1101 5518; x_wconf 88' lang='lat' dir='ltr'><strong>ejus</strong></span> <span class='ocrx_word' id='word_1_730' title='bbox 1117 5446 1282 5520; x_wconf 91' lang='lat' dir='ltr'><strong>quod</strong></span> <span class='ocrx_word' id='word_1_731' title='bbox 1315 5446 1682 5519; x_wconf 88' lang='lat' dir='ltr'><strong>exqualitate</strong></span> 
     </span>
    </p>
   </div>
   <div class='ocr_carea' id='block_1_89' title="bbox 32 5535 1684 5610">
    <p class='ocr_par' dir='ltr' id='par_1_89' title="bbox 32 5535 1684 5610">
     <span class='ocr_line' id='line_1_89' title="bbox 32 5535 1684 5610; baseline -0.001 -16"><span class='ocrx_word' id='word_1_732' title='bbox 32 5542 325 5608; x_wconf 86' lang='lat' dir='ltr'><strong>movetur,</strong></span> <span class='ocrx_word' id='word_1_733' title='bbox 345 5537 513 5594; x_wconf 87' lang='lat' dir='ltr'><strong>verbi</strong></span> <span class='ocrx_word' id='word_1_734' title='bbox 551 5537 761 5610; x_wconf 89' lang='lat' dir='ltr'><strong>gratia,</strong></span> <span class='ocrx_word' id='word_1_735' title='bbox 785 5540 850 5594; x_wconf 92' lang='lat' dir='ltr'><strong>ut</strong></span> <span class='ocrx_word' id='word_1_736' title='bbox 894 5537 942 5592; x_wconf 92' lang='lat' dir='ltr'><strong>si</strong></span> <span class='ocrx_word' id='word_1_737' title='bbox 995 5540 1226 5592; x_wconf 90' lang='lat' dir='ltr'><strong>motum</strong></span> <span class='ocrx_word' id='word_1_738' title='bbox 1283 5535 1500 5592; x_wconf 89' lang='lat' dir='ltr'><strong>mentis</strong></span> <span class='ocrx_word' id='word_1_739' title='bbox 1543 5552 1684 5592; x_wconf 92' lang='lat' dir='ltr'><strong>cum</strong></span> 
     </span>
    </p>
   </div>
   <div class='ocr_carea' id='block_1_90' title="bbox 38 5624 1684 5687">
    <p class='ocr_par' dir='ltr' id='par_1_90' title="bbox 38 5624 1684 5687">
     <span class='ocr_line' id='line_1_90' title="bbox 38 5624 1684 5687; baseline 0 -5"><span class='ocrx_word' id='word_1_740' title='bbox 38 5632 200 5685; x_wconf 88' lang='lat' dir='ltr'><strong>motu</strong></span> <span class='ocrx_word' id='word_1_741' title='bbox 228 5626 441 5684; x_wconf 87' lang='lat' dir='ltr'><strong>alatilis</strong></span> <span class='ocrx_word' id='word_1_742' title='bbox 465 5627 807 5687; x_wconf 86' lang='lat' dir='ltr'><strong>confera.1n</strong></span> <span class='ocrx_word' id='word_1_743' title='bbox 831 5629 1049 5684; x_wconf 80' lang='lat' dir='ltr'><strong>natura</strong></span> <span class='ocrx_word' id='word_1_744' title='bbox 1063 5641 1206 5683; x_wconf 87' lang='lat' dir='ltr'><strong>vero</strong></span> <span class='ocrx_word' id='word_1_745' title='bbox 1235 5624 1684 5683; x_wconf 87' lang='lat' dir='ltr'><strong>distributiones</strong></span> 
     </span>
    </p>
   </div>
   <div class='ocr_carea' id='block_1_91' title="bbox 1808 3215 3456 3291">
    <p class='ocr_par' dir='ltr' id='par_1_91' title="bbox 1808 3215 3456 3291">
     <span class='ocr_line' id='line_1_91' title="bbox 1808 3215 3456 3291; baseline -0.001 -15"><span class='ocrx_word' id='word_1_746' title='bbox 1808 3236 1881 3276; x_wconf 84' lang='lat' dir='ltr'><strong><em>ex</em></strong></span> <span class='ocrx_word' id='word_1_747' title='bbox 1910 3235 1981 3276; x_wconf 90' lang='lat' dir='ltr'><strong>eo</strong></span> <span class='ocrx_word' id='word_1_748' title='bbox 2008 3219 2174 3291; x_wconf 89' lang='lat' dir='ltr'><strong>quod</strong></span> <span class='ocrx_word' id='word_1_749' title='bbox 2187 3219 2276 3274; x_wconf 90' lang='lat' dir='ltr'><strong>est</strong></span> <span class='ocrx_word' id='word_1_750' title='bbox 2297 3217 2588 3273; x_wconf 91' lang='lat' dir='ltr'><strong>dissimile</strong></span> <span class='ocrx_word' id='word_1_751' title='bbox 2617 3217 2906 3289; x_wconf 88' lang='lat' dir='ltr'><strong>:itemque</strong></span> <span class='ocrx_word' id='word_1_752' title='bbox 2920 3215 3050 3272; x_wconf 85' lang='lat' dir='ltr'><strong>aliis</strong></span> <span class='ocrx_word' id='word_1_753' title='bbox 3065 3217 3282 3273; x_wconf 86' lang='lat' dir='ltr'><strong>modis.</strong></span> <span class='ocrx_word' id='word_1_754' title='bbox 3303 3222 3374 3274; x_wconf 83' lang='lat' dir='ltr'><strong>At</strong></span> <span class='ocrx_word' id='word_1_755' title='bbox 3393 3218 3456 3274; x_wconf 90' lang='lat' dir='ltr'><strong>in</strong></span> 
     </span>
    </p>
   </div>
   <div class='ocr_carea' id='block_1_92' title="bbox 1806 3305 3454 3382">
    <p class='ocr_par' dir='ltr' id='par_1_92' title="bbox 1806 3305 3454 3382">
     <span class='ocr_line' id='line_1_92' title="bbox 1806 3305 3454 3382; baseline -0.002 -17"><span class='ocrx_word' id='word_1_756' title='bbox 1806 3306 2341 3382; x_wconf 87' lang='lat' dir='ltr'><strong>temperationibus</strong></span> <span class='ocrx_word' id='word_1_757' title='bbox 2353 3305 2566 3361; x_wconf 91' lang='lat' dir='ltr'><strong>divisio</strong></span> <span class='ocrx_word' id='word_1_758' title='bbox 2578 3320 2698 3361; x_wconf 90' lang='lat' dir='ltr'><strong>non</strong></span> <span class='ocrx_word' id='word_1_759' title='bbox 2713 3310 2800 3361; x_wconf 89' lang='lat' dir='ltr'><strong>est</strong></span> <span class='ocrx_word' id='word_1_760' title='bbox 2813 3305 3148 3362; x_wconf 80' lang='lat' dir='ltr'><strong>distributio</strong></span> <span class='ocrx_word' id='word_1_761' title='bbox 3160 3306 3316 3378; x_wconf 81' lang='lat' dir='ltr'><strong>(utin</strong></span> <span class='ocrx_word' id='word_1_762' title='bbox 3340 3321 3454 3362; x_wconf 88' lang='lat' dir='ltr'><strong>na-</strong></span> 
     </span>
    </p>
   </div>
   <div class='ocr_carea' id='block_1_93' title="bbox 1807 3395 3456 3468">
    <p class='ocr_par' dir='ltr' id='par_1_93' title="bbox 1807 3395 3456 3468">
     <span class='ocr_line' id='line_1_93' title="bbox 1807 3395 3456 3468; baseline -0.001 -13"><span class='ocrx_word' id='word_1_763' title='bbox 1807 3403 1940 3456; x_wconf 89' lang='lat' dir='ltr'><strong>tura</strong></span> <span class='ocrx_word' id='word_1_764' title='bbox 1967 3397 2068 3454; x_wconf 90' lang='lat' dir='ltr'><strong>illa</strong></span> <span class='ocrx_word' id='word_1_765' title='bbox 2088 3395 2590 3468; x_wconf 89' lang='lat' dir='ltr'><strong>temperationum</strong></span> <span class='ocrx_word' id='word_1_766' title='bbox 2619 3395 2834 3451; x_wconf 86' lang='lat' dir='ltr'><strong>divisio</strong></span> <span class='ocrx_word' id='word_1_767' title='bbox 2848 3400 2934 3452; x_wconf 89' lang='lat' dir='ltr'><strong>est</strong></span> <span class='ocrx_word' id='word_1_768' title='bbox 2948 3395 3330 3467; x_wconf 83' lang='lat' dir='ltr'><strong>distributio),</strong></span> <span class='ocrx_word' id='word_1_769' title='bbox 3351 3397 3456 3453; x_wconf 88' lang='lat' dir='ltr'><strong>sed</strong></span> 
     </span>
    </p>
   </div>
   <div class='ocr_carea' id='block_1_94' title="bbox 1804 3485 3455 3559">
    <p class='ocr_par' dir='ltr' id='par_1_94' title="bbox 1804 3485 3455 3559">
     <span class='ocr_line' id='line_1_94' title="bbox 1804 3485 3455 3559; baseline -0.001 -15"><span class='ocrx_word' id='word_1_770' title='bbox 1804 3487 2288 3559; x_wconf 88' lang='lat' dir='ltr'><strong>distributioipsa</strong></span> <span class='ocrx_word' id='word_1_771' title='bbox 2301 3486 2758 3554; x_wconf 89' lang='lat' dir='ltr'><strong>estcommunio,</strong></span> <span class='ocrx_word' id='word_1_772' title='bbox 2773 3485 2938 3557; x_wconf 92' lang='lat' dir='ltr'><strong>quod</strong></span> <span class='ocrx_word' id='word_1_773' title='bbox 2955 3485 3312 3558; x_wconf 83' lang='lat' dir='ltr'><strong>quibusdam</strong></span> <span class='ocrx_word' id='word_1_774' title='bbox 3327 3490 3455 3542; x_wconf 85' lang='lat' dir='ltr'><strong>tan-</strong></span> 
     </span>
    </p>
   </div>
   <div class='ocr_carea' id='block_1_95' title="bbox 1803 3573 3448 3650">
    <p class='ocr_par' dir='ltr' id='par_1_95' title="bbox 1803 3573 3448 3650">
     <span class='ocr_line' id='line_1_95' title="bbox 1803 3573 3448 3650; baseline -0.001 -17"><span class='ocrx_word' id='word_1_775' title='bbox 1803 3592 1990 3650; x_wconf 91' lang='lat' dir='ltr'><strong>quam</strong></span> <span class='ocrx_word' id='word_1_776' title='bbox 2021 3573 3030 3646; x_wconf 85' lang='lat' dir='ltr'><strong>absurdumvideripossil.Utenim</strong></span> <span class='ocrx_word' id='word_1_777' title='bbox 3075 3574 3448 3645; x_wconf 89' lang='lat' dir='ltr'><strong>singulorum</strong></span> 
     </span>
    </p>
   </div>
   <div class='ocr_carea' id='block_1_96' title="bbox 1805 3663 3445 3738">
    <p class='ocr_par' dir='ltr' id='par_1_96' title="bbox 1805 3663 3445 3738">
     <span class='ocr_line' id='line_1_96' title="bbox 1805 3663 3445 3738; baseline -0.001 -16"><span class='ocrx_word' id='word_1_778' title='bbox 1805 3681 1912 3722; x_wconf 90' lang='lat' dir='ltr'><strong>seu</strong></span> <span class='ocrx_word' id='word_1_779' title='bbox 1923 3663 2373 3738; x_wconf 84' lang='lat' dir='ltr'><strong>particularium</strong></span> <span class='ocrx_word' id='word_1_780' title='bbox 2387 3663 2734 3720; x_wconf 90' lang='lat' dir='ltr'><strong>communio</strong></span> <span class='ocrx_word' id='word_1_781' title='bbox 2752 3668 2839 3720; x_wconf 90' lang='lat' dir='ltr'><strong>est</strong></span> <span class='ocrx_word' id='word_1_782' title='bbox 2851 3663 3189 3720; x_wconf 88' lang='lat' dir='ltr'><strong>distributio</strong></span> <span class='ocrx_word' id='word_1_783' title='bbox 3204 3665 3445 3722; x_wconf 89' lang='lat' dir='ltr'><strong>illorum</strong></span> 
     </span>
    </p>
   </div>
   <div class='ocr_carea' id='block_1_97' title="bbox 1801 3753 3450 3826">
    <p class='ocr_par' dir='ltr' id='par_1_97' title="bbox 1801 3753 3450 3826">
     <span class='ocr_line' id='line_1_97' title="bbox 1801 3753 3450 3826; baseline -0.001 -14"><span class='ocrx_word' id='word_1_784' title='bbox 1801 3755 2275 3826; x_wconf 87' lang='lat' dir='ltr'><strong>compositorum</strong></span> <span class='ocrx_word' id='word_1_785' title='bbox 2287 3769 2422 3826; x_wconf 63' lang='lat' dir='ltr'><strong>qua;</strong></span> <span class='ocrx_word' id='word_1_786' title='bbox 2434 3768 2504 3810; x_wconf 84' lang='lat' dir='ltr'><strong><em>ex</em></strong></span> <span class='ocrx_word' id='word_1_787' title='bbox 2520 3753 2889 3825; x_wconf 88' lang='lat' dir='ltr'><strong>simplicibus</strong></span> <span class='ocrx_word' id='word_1_788' title='bbox 2903 3759 3195 3825; x_wconf 87' lang='lat' dir='ltr'><strong>constant,</strong></span> <span class='ocrx_word' id='word_1_789' title='bbox 3238 3755 3450 3811; x_wconf 91' lang='lat' dir='ltr'><strong>eodem</strong></span> 
     </span>
    </p>
   </div>
   <div class='ocr_carea' id='block_1_98' title="bbox 1799 3842 3448 3914">
    <p class='ocr_par' dir='ltr' id='par_1_98' title="bbox 1799 3842 3448 3914">
     <span class='ocr_line' id='line_1_98' title="bbox 1799 3842 3448 3914; baseline -0.003 -12"><span class='ocrx_word' id='word_1_790' title='bbox 1799 3845 1984 3902; x_wconf 91' lang='lat' dir='ltr'><strong>modo</strong></span> <span class='ocrx_word' id='word_1_791' title='bbox 1996 3842 2343 3900; x_wconf 90' lang='lat' dir='ltr'><strong>communio</strong></span> <span class='ocrx_word' id='word_1_792' title='bbox 2355 3842 2838 3914; x_wconf 87' lang='lat' dir='ltr'><strong>temperationum</strong></span> <span class='ocrx_word' id='word_1_793' title='bbox 2857 3846 2944 3898; x_wconf 91' lang='lat' dir='ltr'><strong>est</strong></span> <span class='ocrx_word' id='word_1_794' title='bbox 2964 3843 3342 3914; x_wconf 87' lang='lat' dir='ltr'><strong>tcmperation</strong></span> <span class='ocrx_word' id='word_1_795' title='bbox 3353 3861 3448 3899; x_wconf 90' lang='lat' dir='ltr'><strong>um</strong></span> 
     </span>
    </p>
   </div>
   <div class='ocr_carea' id='block_1_99' title="bbox 1799 3929 3450 3989">
    <p class='ocr_par' dir='ltr' id='par_1_99' title="bbox 1799 3929 3450 3989">
     <span class='ocr_line' id='line_1_99' title="bbox 1799 3929 3450 3989; baseline -0.002 1"><span class='ocrx_word' id='word_1_796' title='bbox 1799 3932 2033 3989; x_wconf 89' lang='lat' dir='ltr'><strong>divisio.</strong></span> <span class='ocrx_word' id='word_1_797' title='bbox 2086 3931 2204 3985; x_wconf 86' lang='lat' dir='ltr'><strong>Illic</strong></span> <span class='ocrx_word' id='word_1_798' title='bbox 2267 3930 2429 3985; x_wconf 88' lang='lat' dir='ltr'><strong>enim</strong></span> <span class='ocrx_word' id='word_1_799' title='bbox 2483 3929 2699 3985; x_wconf 89' lang='lat' dir='ltr'><strong>divisio</strong></span> <span class='ocrx_word' id='word_1_800' title='bbox 2749 3933 2836 3984; x_wconf 88' lang='lat' dir='ltr'><strong>est</strong></span> <span class='ocrx_word' id='word_1_801' title='bbox 2877 3931 3216 3986; x_wconf 89' lang='lat' dir='ltr'><strong>communis</strong></span> <span class='ocrx_word' id='word_1_802' title='bbox 3258 3931 3450 3988; x_wconf 89' lang='lat' dir='ltr'><strong>distri-</strong></span> 
     </span>
    </p>
   </div>
   <div class='ocr_carea' id='block_1_100' title="bbox 1797 4016 3448 4090">
    <p class='ocr_par' dir='ltr' id='par_1_100' title="bbox 1797 4016 3448 4090">
     <span class='ocr_line' id='line_1_100' title="bbox 1797 4016 3448 4090; baseline -0.001 -12"><span class='ocrx_word' id='word_1_803' title='bbox 1797 4021 1986 4088; x_wconf 90' lang='lat' dir='ltr'><strong>butio,</strong></span> <span class='ocrx_word' id='word_1_804' title='bbox 2017 4018 2114 4075; x_wconf 90' lang='lat' dir='ltr'><strong>hic</strong></span> <span class='ocrx_word' id='word_1_805' title='bbox 2143 4032 2286 4074; x_wconf 91' lang='lat' dir='ltr'><strong>vero</strong></span> <span class='ocrx_word' id='word_1_806' title='bbox 2311 4018 2444 4090; x_wconf 91' lang='lat' dir='ltr'><strong>ipsa</strong></span> <span class='ocrx_word' id='word_1_807' title='bbox 2471 4016 2684 4073; x_wconf 81' lang='lat' dir='ltr'><strong>divisio</strong></span> <span class='ocrx_word' id='word_1_808' title='bbox 2731 4021 2820 4072; x_wconf 91' lang='lat' dir='ltr'><strong>est</strong></span> <span class='ocrx_word' id='word_1_809' title='bbox 2882 4019 3253 4090; x_wconf 88' lang='lat' dir='ltr'><strong>communio,</strong></span> <span class='ocrx_word' id='word_1_810' title='bbox 3308 4035 3448 4077; x_wconf 89' lang='lat' dir='ltr'><strong>cum</strong></span> 
     </span>
    </p>
   </div>
   <div class='ocr_carea' id='block_1_101' title="bbox 1797 4104 3447 4183">
    <p class='ocr_par' dir='ltr' id='par_1_101' title="bbox 1797 4104 3447 4183">
     <span class='ocr_line' id='line_1_101' title="bbox 1797 4104 3447 4183; baseline 0.001 -18"><span class='ocrx_word' id='word_1_811' title='bbox 1797 4109 2038 4183; x_wconf 91' lang='lat' dir='ltr'><strong>proprie</strong></span> <span class='ocrx_word' id='word_1_812' title='bbox 2066 4105 2473 4177; x_wconf 89' lang='lat' dir='ltr'><strong>subjectorum</strong></span> <span class='ocrx_word' id='word_1_813' title='bbox 2487 4104 2936 4178; x_wconf 88' lang='lat' dir='ltr'><strong>particularium</strong></span> <span class='ocrx_word' id='word_1_814' title='bbox 2953 4105 3029 4162; x_wconf 88' lang='lat' dir='ltr'><strong>sit</strong></span> <span class='ocrx_word' id='word_1_815' title='bbox 3047 4105 3280 4164; x_wconf 88' lang='lat' dir='ltr'><strong>divisio.</strong></span> <span class='ocrx_word' id='word_1_816' title='bbox 3297 4109 3447 4165; x_wconf 86' lang='lat' dir='ltr'><strong>Nam</strong></span> 
     </span>
    </p>
   </div>
   <div class='ocr_carea' id='block_1_102' title="bbox 1796 4193 3447 4272">
    <p class='ocr_par' dir='ltr' id='par_1_102' title="bbox 1796 4193 3447 4272">
     <span class='ocr_line' id='line_1_102' title="bbox 1796 4193 3447 4272; baseline 0.001 -19"><span class='ocrx_word' id='word_1_817' title='bbox 1796 4198 2053 4272; x_wconf 89' lang='lat' dir='ltr'><strong>aprimo</strong></span> <span class='ocrx_word' id='word_1_818' title='bbox 2078 4195 2370 4252; x_wconf 87' lang='lat' dir='ltr'><strong>elemento</strong></span> <span class='ocrx_word' id='word_1_819' title='bbox 2404 4209 2441 4250; x_wconf 90' lang='lat' dir='ltr'><strong>a</strong></span> <span class='ocrx_word' id='word_1_820' title='bbox 2472 4210 2663 4266; x_wconf 90' lang='lat' dir='ltr'><strong>usque</strong></span> <span class='ocrx_word' id='word_1_821' title='bbox 2711 4193 2791 4250; x_wconf 89' lang='lat' dir='ltr'><strong>ad</strong></span> <span class='ocrx_word' id='word_1_822' title='bbox 2842 4198 3176 4252; x_wconf 78' lang='lat' dir='ltr'><strong>extremum</strong></span> <span class='ocrx_word' id='word_1_823' title='bbox 3227 4218 3288 4264; x_wconf 88' lang='grc' dir='ltr'><strong>ω,</strong></span> <span class='ocrx_word' id='word_1_824' title='bbox 3343 4197 3447 4270; x_wconf 89' lang='lat' dir='ltr'><strong>qui</strong></span> 
     </span>
    </p>
   </div>
   <div class='ocr_carea' id='block_1_103' title="bbox 1794 4282 3444 4356">
    <p class='ocr_par' dir='ltr' id='par_1_103' title="bbox 1794 4282 3444 4356">
     <span class='ocr_line' id='line_1_103' title="bbox 1794 4282 3444 4356; baseline 0 -14"><span class='ocrx_word' id='word_1_825' title='bbox 1794 4285 2113 4356; x_wconf 87' lang='lat' dir='ltr'><strong>distribuit,</strong></span> <span class='ocrx_word' id='word_1_826' title='bbox 2142 4298 2266 4340; x_wconf 92' lang='lat' dir='ltr'><strong>non</strong></span> <span class='ocrx_word' id='word_1_827' title='bbox 2285 4282 2415 4338; x_wconf 87' lang='lat' dir='ltr'><strong>unit</strong></span> <span class='ocrx_word' id='word_1_828' title='bbox 2448 4288 2651 4354; x_wconf 89' lang='lat' dir='ltr'><strong>partes</strong></span> <span class='ocrx_word' id='word_1_829' title='bbox 2679 4282 3004 4340; x_wconf 90' lang='lat' dir='ltr'><strong>dividendo</strong></span> <span class='ocrx_word' id='word_1_830' title='bbox 3043 4289 3142 4352; x_wconf 89' lang='lat' dir='ltr'><strong>;at</strong></span> <span class='ocrx_word' id='word_1_831' title='bbox 3174 4284 3226 4341; x_wconf 91' lang='lat' dir='ltr'><strong>si</strong></span> <span class='ocrx_word' id='word_1_832' title='bbox 3265 4287 3444 4342; x_wconf 88' lang='lat' dir='ltr'><strong>trium</strong></span> 
     </span>
    </p>
   </div>
   <div class='ocr_carea' id='block_1_104' title="bbox 1793 4371 3445 4450">
    <p class='ocr_par' dir='ltr' id='par_1_104' title="bbox 1793 4371 3445 4450">
     <span class='ocr_line' id='line_1_104' title="bbox 1793 4371 3445 4450; baseline -0.001 -17"><span class='ocrx_word' id='word_1_833' title='bbox 1793 4376 2055 4450; x_wconf 90' lang='lat' dir='ltr'><strong>partium</strong></span> <span class='ocrx_word' id='word_1_834' title='bbox 2084 4371 2561 4429; x_wconf 88' lang='lat' dir='ltr'><strong>distributionem</strong></span> <span class='ocrx_word' id='word_1_835' title='bbox 2596 4373 2910 4439; x_wconf 89' lang='lat' dir='ltr'><strong>sumimus,</strong></span> <span class='ocrx_word' id='word_1_836' title='bbox 2939 4374 3135 4446; x_wconf 89' lang='lat' dir='ltr'><strong>potius</strong></span> <span class='ocrx_word' id='word_1_837' title='bbox 3183 4376 3445 4447; x_wconf 90' lang='lat' dir='ltr'><strong>partium</strong></span> 
     </span>
    </p>
   </div>
   <div class='ocr_carea' id='block_1_105' title="bbox 1793 4460 3446 4536">
    <p class='ocr_par' dir='ltr' id='par_1_105' title="bbox 1793 4460 3446 4536">
     <span class='ocr_line' id='line_1_105' title="bbox 1793 4460 3446 4536; baseline 0 -16"><span class='ocrx_word' id='word_1_838' title='bbox 1793 4463 2080 4520; x_wconf 89' lang='lat' dir='ltr'><strong>unionem</strong></span> <span class='ocrx_word' id='word_1_839' title='bbox 2119 4460 2436 4518; x_wconf 90' lang='lat' dir='ltr'><strong>sumimus.</strong></span> <span class='ocrx_word' id='word_1_840' title='bbox 2504 4462 2697 4527; x_wconf 88' lang='lat' dir='ltr'><strong>Quare</strong></span> <span class='ocrx_word' id='word_1_841' title='bbox 2735 4461 2947 4518; x_wconf 90' lang='lat' dir='ltr'><strong>divisio</strong></span> <span class='ocrx_word' id='word_1_842' title='bbox 3003 4461 3105 4519; x_wconf 89' lang='lat' dir='ltr'><strong>illa</strong></span> <span class='ocrx_word' id='word_1_843' title='bbox 3151 4478 3288 4536; x_wconf 70' lang='lat' dir='ltr'><strong>quae</strong></span> <span class='ocrx_word' id='word_1_844' title='bbox 3339 4480 3446 4520; x_wconf 87' lang='lat' dir='ltr'><strong>na-</strong></span> 
     </span>
    </p>
   </div>
   <div class='ocr_carea' id='block_1_106' title="bbox 1792 4549 3444 4624">
    <p class='ocr_par' dir='ltr' id='par_1_106' title="bbox 1792 4549 3444 4624">
     <span class='ocr_line' id='line_1_106' title="bbox 1792 4549 3444 4624; baseline 0 -15"><span class='ocrx_word' id='word_1_845' title='bbox 1792 4557 1937 4610; x_wconf 73' lang='lat' dir='ltr'><strong>turae</strong></span> <span class='ocrx_word' id='word_1_846' title='bbox 1967 4551 2197 4608; x_wconf 88' lang='lat' dir='ltr'><strong>ratione</strong></span> <span class='ocrx_word' id='word_1_847' title='bbox 2223 4549 2598 4606; x_wconf 89' lang='lat' dir='ltr'><strong>constituitur</strong></span> <span class='ocrx_word' id='word_1_848' title='bbox 2651 4554 2738 4606; x_wconf 90' lang='lat' dir='ltr'><strong>est</strong></span> <span class='ocrx_word' id='word_1_849' title='bbox 2781 4551 2943 4607; x_wconf 89' lang='lat' dir='ltr'><strong>unio.</strong></span> <span class='ocrx_word' id='word_1_850' title='bbox 2992 4555 3064 4607; x_wconf 82' lang='lat' dir='ltr'><strong>At</strong></span> <span class='ocrx_word' id='word_1_851' title='bbox 3119 4551 3259 4624; x_wconf 82' lang='lat' dir='ltr'><strong>ipsa</strong></span> <span class='ocrx_word' id='word_1_852' title='bbox 3306 4553 3444 4609; x_wconf 89' lang='lat' dir='ltr'><strong>unio</strong></span> 
     </span>
    </p>
   </div>
   <div class='ocr_carea' id='block_1_107' title="bbox 1793 4639 3444 4716">
    <p class='ocr_par' dir='ltr' id='par_1_107' title="bbox 1793 4639 3444 4716">
     <span class='ocr_line' id='line_1_107' title="bbox 1793 4639 3444 4716; baseline 0.001 -19"><span class='ocrx_word' id='word_1_853' title='bbox 1793 4658 1928 4716; x_wconf 62' lang='lat' dir='ltr'><strong>quae</strong></span> <span class='ocrx_word' id='word_1_854' title='bbox 1959 4639 2372 4697; x_wconf 88' lang='lat' dir='ltr'><strong>ﬁtsecundum</strong></span> <span class='ocrx_word' id='word_1_855' title='bbox 2394 4639 2885 4712; x_wconf 90' lang='lat' dir='ltr'><strong>temperationem</strong></span> <span class='ocrx_word' id='word_1_856' title='bbox 2899 4642 3197 4713; x_wconf 89' lang='lat' dir='ltr'><strong>estpotius</strong></span> <span class='ocrx_word' id='word_1_857' title='bbox 3231 4641 3444 4698; x_wconf 90' lang='lat' dir='ltr'><strong>divisio</strong></span> 
     </span>
    </p>
   </div>
   <div class='ocr_carea' id='block_1_108' title="bbox 1793 4728 3438 4805">
    <p class='ocr_par' dir='ltr' id='par_1_108' title="bbox 1793 4728 3438 4805">
     <span class='ocr_line' id='line_1_108' title="bbox 1793 4728 3438 4805; baseline -0.001 -17"><span class='ocrx_word' id='word_1_858' title='bbox 1793 4735 1874 4788; x_wconf 87' lang='lat' dir='ltr'><strong><em>Ex</em></strong></span> <span class='ocrx_word' id='word_1_859' title='bbox 1890 4747 2011 4805; x_wconf 93' lang='lat' dir='ltr'><strong>quo</strong></span> <span class='ocrx_word' id='word_1_860' title='bbox 2024 4728 2367 4800; x_wconf 79' lang='lat' dir='ltr'><strong>intelligitur</strong></span> <span class='ocrx_word' id='word_1_861' title='bbox 2381 4728 2482 4785; x_wconf 88' lang='lat' dir='ltr'><strong>illa</strong></span> <span class='ocrx_word' id='word_1_862' title='bbox 2493 4745 2628 4801; x_wconf 81' lang='lat' dir='ltr'><strong>quae</strong></span> <span class='ocrx_word' id='word_1_863' title='bbox 2641 4733 2857 4786; x_wconf 89' lang='lat' dir='ltr'><strong>natura</strong></span> <span class='ocrx_word' id='word_1_864' title='bbox 2870 4735 3007 4786; x_wconf 91' lang='lat' dir='ltr'><strong>sunt</strong></span> <span class='ocrx_word' id='word_1_865' title='bbox 3043 4736 3099 4786; x_wconf 90' lang='lat' dir='ltr'><strong>et</strong></span> <span class='ocrx_word' id='word_1_866' title='bbox 3139 4735 3438 4800; x_wconf 89' lang='lat' dir='ltr'><strong>constant,</strong></span> 
     </span>
    </p>
   </div>
   <div class='ocr_carea' id='block_1_109' title="bbox 1791 4818 3443 4892">
    <p class='ocr_par' dir='ltr' id='par_1_109' title="bbox 1791 4818 3443 4892">
     <span class='ocr_line' id='line_1_109' title="bbox 1791 4818 3443 4892; baseline -0.002 -14"><span class='ocrx_word' id='word_1_867' title='bbox 1791 4837 1930 4878; x_wconf 91' lang='lat' dir='ltr'><strong>cum</strong></span> <span class='ocrx_word' id='word_1_868' title='bbox 1947 4818 2838 4892; x_wconf 86' lang='lat' dir='ltr'><strong>dividuntur,tempore,modo,</strong></span> <span class='ocrx_word' id='word_1_869' title='bbox 2863 4823 2966 4874; x_wconf 87' lang='lat' dir='ltr'><strong>aut</strong></span> <span class='ocrx_word' id='word_1_870' title='bbox 2985 4819 3292 4890; x_wconf 88' lang='lat' dir='ltr'><strong>qualitate,</strong></span> <span class='ocrx_word' id='word_1_871' title='bbox 3319 4834 3443 4875; x_wconf 90' lang='lat' dir='ltr'><strong>non</strong></span> 
     </span>
    </p>
   </div>
   <div class='ocr_carea' id='block_1_110' title="bbox 1791 4906 3442 4980">
    <p class='ocr_par' dir='ltr' id='par_1_110' title="bbox 1791 4906 3442 4980">
     <span class='ocr_line' id='line_1_110' title="bbox 1791 4906 3442 4980; baseline -0.001 -15"><span class='ocrx_word' id='word_1_872' title='bbox 1791 4908 1979 4965; x_wconf 90' lang='lat' dir='ltr'><strong>dividi</strong></span> <span class='ocrx_word' id='word_1_873' title='bbox 2019 4906 2354 4964; x_wconf 88' lang='lat' dir='ltr'><strong>secundum</strong></span> <span class='ocrx_word' id='word_1_874' title='bbox 2371 4910 2652 4963; x_wconf 88' lang='lat' dir='ltr'><strong>naturam</strong></span> <span class='ocrx_word' id='word_1_875' title='bbox 2677 4906 2846 4980; x_wconf 90' lang='lat' dir='ltr'><strong>(nam</strong></span> <span class='ocrx_word' id='word_1_876' title='bbox 2888 4906 3172 4962; x_wconf 89' lang='lat' dir='ltr'><strong>omnibus</strong></span> <span class='ocrx_word' id='word_1_877' title='bbox 3225 4909 3442 4964; x_wconf 88' lang='lat' dir='ltr'><strong>natura</strong></span> 
     </span>
    </p>
   </div>
   <div class='ocr_carea' id='block_1_111' title="bbox 1791 4993 3443 5068">
    <p class='ocr_par' dir='ltr' id='par_1_111' title="bbox 1791 4993 3443 5068">
     <span class='ocr_line' id='line_1_111' title="bbox 1791 4993 3443 5068; baseline -0.002 -14"><span class='ocrx_word' id='word_1_878' title='bbox 1791 4997 2132 5054; x_wconf 87' lang='lat' dir='ltr'><strong>communis</strong></span> <span class='ocrx_word' id='word_1_879' title='bbox 2152 4997 2286 5068; x_wconf 90' lang='lat' dir='ltr'><strong>est),</strong></span> <span class='ocrx_word' id='word_1_880' title='bbox 2311 4995 2419 5051; x_wconf 90' lang='lat' dir='ltr'><strong>sed</strong></span> <span class='ocrx_word' id='word_1_881' title='bbox 2443 4994 2776 5050; x_wconf 89' lang='lat' dir='ltr'><strong>secundum</strong></span> <span class='ocrx_word' id='word_1_882' title='bbox 2794 4993 3272 5050; x_wconf 89' lang='lat' dir='ltr'><strong>distributionem</strong></span> <span class='ocrx_word' id='word_1_883' title='bbox 3297 4998 3443 5051; x_wconf 84' lang='lat' dir='ltr'><strong>tem-</strong></span> 
     </span>
    </p>
   </div>
   <div class='ocr_carea' id='block_1_112' title="bbox 1790 5083 3440 5160">
    <p class='ocr_par' dir='ltr' id='par_1_112' title="bbox 1790 5083 3440 5160">
     <span class='ocr_line' id='line_1_112' title="bbox 1790 5083 3440 5160; baseline -0.001 -18"><span class='ocrx_word' id='word_1_884' title='bbox 1790 5086 2193 5160; x_wconf 87' lang='lat' dir='ltr'><strong>perationum,</strong></span> <span class='ocrx_word' id='word_1_885' title='bbox 2224 5087 2438 5140; x_wconf 85' lang='lat' dir='ltr'><strong>natura</strong></span> <span class='ocrx_word' id='word_1_886' title='bbox 2464 5087 2696 5138; x_wconf 88' lang='lat' dir='ltr'><strong>tantum</strong></span> <span class='ocrx_word' id='word_1_887' title='bbox 2722 5083 3128 5156; x_wconf 88' lang='lat' dir='ltr'><strong>principatum</strong></span> <span class='ocrx_word' id='word_1_888' title='bbox 3175 5088 3440 5151; x_wconf 86' lang='lat' dir='ltr'><strong>gerente.</strong></span> 
     </span>
    </p>
   </div>
   <div class='ocr_carea' id='block_1_113' title="bbox 1791 5171 3442 5246">
    <p class='ocr_par' dir='ltr' id='par_1_113' title="bbox 1791 5171 3442 5246">
     <span class='ocr_line' id='line_1_113' title="bbox 1791 5171 3442 5246; baseline -0.002 -13"><span class='ocrx_word' id='word_1_889' title='bbox 1791 5180 1941 5233; x_wconf 90' lang='lat' dir='ltr'><strong>Nam</strong></span> <span class='ocrx_word' id='word_1_890' title='bbox 1971 5175 2355 5230; x_wconf 86' lang='lat' dir='ltr'><strong>conferuntur</strong></span> <span class='ocrx_word' id='word_1_891' title='bbox 2379 5172 2839 5244; x_wconf 88' lang='lat' dir='ltr'><strong>temperationes</strong></span> <span class='ocrx_word' id='word_1_892' title='bbox 2869 5176 2934 5228; x_wconf 92' lang='lat' dir='ltr'><strong>ut</strong></span> <span class='ocrx_word' id='word_1_893' title='bbox 2967 5171 3354 5246; x_wconf 86' lang='lat' dir='ltr'><strong>particulares</strong></span> <span class='ocrx_word' id='word_1_894' title='bbox 3371 5189 3442 5230; x_wconf 92' lang='lat' dir='ltr'><strong>eo</strong></span> 
     </span>
    </p>
   </div>
   <div class='ocr_carea' id='block_1_114' title="bbox 1791 5260 3442 5339">
    <p class='ocr_par' dir='ltr' id='par_1_114' title="bbox 1791 5260 3442 5339">
     <span class='ocr_line' id='line_1_114' title="bbox 1791 5260 3442 5339; baseline -0.003 -17"><span class='ocrx_word' id='word_1_895' title='bbox 1791 5264 1956 5339; x_wconf 90' lang='lat' dir='ltr'><strong>quod</strong></span> <span class='ocrx_word' id='word_1_896' title='bbox 1996 5261 2345 5336; x_wconf 86' lang='lat' dir='ltr'><strong>temperatio</strong></span> <span class='ocrx_word' id='word_1_897' title='bbox 2373 5277 2510 5317; x_wconf 90' lang='lat' dir='ltr'><strong>cum</strong></span> <span class='ocrx_word' id='word_1_898' title='bbox 2541 5260 2670 5316; x_wconf 87' lang='lat' dir='ltr'><strong>aliis</strong></span> <span class='ocrx_word' id='word_1_899' title='bbox 2715 5260 3246 5334; x_wconf 81' lang='lat' dir='ltr'><strong>temperationibus</strong></span> <span class='ocrx_word' id='word_1_900' title='bbox 3277 5277 3442 5318; x_wconf 58' lang='lat' dir='ltr'><strong>com-</strong></span> 
     </span>
    </p>
   </div>
   <div class='ocr_carea' id='block_1_115' title="bbox 1791 5350 3441 5428">
    <p class='ocr_par' dir='ltr' id='par_1_115' title="bbox 1791 5350 3441 5428">
     <span class='ocr_line' id='line_1_115' title="bbox 1791 5350 3441 5428; baseline -0.002 -17"><span class='ocrx_word' id='word_1_901' title='bbox 1791 5356 2050 5428; x_wconf 88' lang='lat' dir='ltr'><strong>ponitur,</strong></span> <span class='ocrx_word' id='word_1_902' title='bbox 2076 5351 2571 5426; x_wconf 87' lang='lat' dir='ltr'><strong>quandoquidem</strong></span> <span class='ocrx_word' id='word_1_903' title='bbox 2599 5354 2654 5406; x_wconf 91' lang='lat' dir='ltr'><strong>et</strong></span> <span class='ocrx_word' id='word_1_904' title='bbox 2674 5350 2820 5422; x_wconf 69' lang='lat' dir='ltr'><strong>ipsm</strong></span> <span class='ocrx_word' id='word_1_905' title='bbox 2853 5354 2994 5408; x_wconf 91' lang='lat' dir='ltr'><strong>sunt</strong></span> <span class='ocrx_word' id='word_1_906' title='bbox 3023 5351 3441 5423; x_wconf 88' lang='lat' dir='ltr'><strong>particulares,</strong></span> 
     </span>
    </p>
   </div>
   <div class='ocr_carea' id='block_1_116' title="bbox 1794 5440 3442 5516">
    <p class='ocr_par' dir='ltr' id='par_1_116' title="bbox 1794 5440 3442 5516">
     <span class='ocr_line' id='line_1_116' title="bbox 1794 5440 3442 5516; baseline -0.002 -14"><span class='ocrx_word' id='word_1_907' title='bbox 1794 5447 2008 5502; x_wconf 84' lang='lat' dir='ltr'><strong>Verum</strong></span> <span class='ocrx_word' id='word_1_908' title='bbox 2035 5457 2160 5498; x_wconf 92' lang='lat' dir='ltr'><strong>non</strong></span> <span class='ocrx_word' id='word_1_909' title='bbox 2191 5440 2387 5497; x_wconf 91' lang='lat' dir='ltr'><strong>omnis</strong></span> <span class='ocrx_word' id='word_1_910' title='bbox 2419 5440 2768 5512; x_wconf 89' lang='lat' dir='ltr'><strong>temperatio</strong></span> <span class='ocrx_word' id='word_1_911' title='bbox 2800 5456 2939 5496; x_wconf 92' lang='lat' dir='ltr'><strong>cum</strong></span> <span class='ocrx_word' id='word_1_912' title='bbox 2991 5440 3158 5497; x_wconf 90' lang='lat' dir='ltr'><strong>omni</strong></span> <span class='ocrx_word' id='word_1_913' title='bbox 3209 5445 3442 5516; x_wconf 88' lang='lat' dir='ltr'><strong>tempe-</strong></span> 
     </span>
    </p>
   </div>
   <div class='ocr_carea' id='block_1_117' title="bbox 1791 5529 3444 5603">
    <p class='ocr_par' dir='ltr' id='par_1_117' title="bbox 1791 5529 3444 5603">
     <span class='ocr_line' id='line_1_117' title="bbox 1791 5529 3444 5603; baseline -0.001 -12"><span class='ocrx_word' id='word_1_914' title='bbox 1791 5534 2040 5591; x_wconf 88' lang='lat' dir='ltr'><strong>ratione.</strong></span> <span class='ocrx_word' id='word_1_915' title='bbox 2077 5534 2224 5586; x_wconf 87' lang='lat' dir='ltr'><strong>Nam</strong></span> <span class='ocrx_word' id='word_1_916' title='bbox 2252 5529 2418 5602; x_wconf 89' lang='lat' dir='ltr'><strong>quod</strong></span> <span class='ocrx_word' id='word_1_917' title='bbox 2444 5529 2743 5585; x_wconf 88' lang='lat' dir='ltr'><strong>musicum</strong></span> <span class='ocrx_word' id='word_1_918' title='bbox 2779 5533 2868 5586; x_wconf 90' lang='lat' dir='ltr'><strong>est</strong></span> <span class='ocrx_word' id='word_1_919' title='bbox 2891 5529 2952 5585; x_wconf 92' lang='lat' dir='ltr'><strong>in</strong></span> <span class='ocrx_word' id='word_1_920' title='bbox 3003 5533 3239 5603; x_wconf 88' lang='lat' dir='ltr'><strong>natura,</strong></span> <span class='ocrx_word' id='word_1_921' title='bbox 3291 5537 3444 5589; x_wconf 89' lang='lat' dir='ltr'><strong>esset</strong></span> 
     </span>
    </p>
   </div>
   <div class='ocr_carea' id='block_1_118' title="bbox 1792 5617 3443 5696">
    <p class='ocr_par' dir='ltr' id='par_1_118' title="bbox 1792 5617 3443 5696">
     <span class='ocr_line' id='line_1_118' title="bbox 1792 5617 3443 5696; baseline -0.001 -16"><span class='ocrx_word' id='word_1_922' title='bbox 1792 5638 2036 5696; x_wconf 91' lang='lat' dir='ltr'><strong>quoque</strong></span> <span class='ocrx_word' id='word_1_923' title='bbox 2063 5617 2865 5680; x_wconf 78' lang='lat' dir='ltr'><strong>coriariuminnaturazesto</strong></span> <span class='ocrx_word' id='word_1_924' title='bbox 2903 5619 3084 5692; x_wconf 84' lang='lat' dir='ltr'><strong>igitur</strong></span> <span class='ocrx_word' id='word_1_925' title='bbox 3123 5622 3443 5680; x_wconf 86' lang='lat' dir='ltr'><strong>coriarium</strong></span> 
     </span>
    </p>
   </div>
  </div>
