3932 6326
510 287 637 339 1271

2020 273 2376 340 ΑΒΠΕΝΠΑ.

3799 287 3912 338 12ἵὲ

533 408 782 468 ὡσαύτως
811 411 902 456 καὶ
958 405 1025 456 τὰ
1070 404 1205 473 ἑξῆς,
1260 404 1290 461 ἡ
1333 407 1525 472 καὶτῷ
1560 409 1747 475 στερεῷ
1788 401 1830 453 εἰ
1878 399 1935 452 ού
1992 401 2129 452 κατὰ
2183 399 2231 451 Α
2285 403 2351 452 τὰ
2399 404 2546 475 ἕτερα
2595 410 2726 479 μέρη
2767 414 2860 460 τοῦ
2916 406 3076 459 κύϐου
3131 405 3339 458 εὐθειῶν
3389 413 3679 479 γραμμῶν
3730 407 3904 457 εὐθεῖα

534 501 686 568 φύσιν
743 500 894 567 μόνον
949 494 1178 546 ἑνούνται
1241 495 1302 542 τα
1351 491 1509 543 αὐτού
1585 495 1803 563 πέρατα,
1865 489 1992 541 ἀλλὰ
2038 494 2127 539 καὶ

533 590 668 639 κατά
717 592 905 657 κρᾶσιν
940 605 950 615 ·
985 586 1014 640 ἡ
1073 585 1174 655 γὰρ
1205 589 1294 632 τού
1349 580 1508 632 κύϐου
1544 586 1791 651 συνέχεια
1854 582 1988 630 κατὰ
2037 582 2126 650 μὲν

533 679 623 734 τὰς
663 673 950 744 ἐπιφανείας
974 672 1030 722 ού
1064 675 1281 742 φυσικὴ,
1316 670 1429 721 κατ’
1463 669 1680 742 ἀριθμὸν
1728 665 1786 722 δὲ
1819 665 2127 720 συνδέδεται

533 771 786 834 φυσικῶς.

600 853 668 920 γ’.
756 853 966 908 Τεθὴτω
1045 857 1166 920 γοῦν
1241 849 1355 912 ἑξὰς
1406 849 1452 900 ἐν
1509 849 1669 918 αύτῷ,
1735 850 1985 909 ὡσαύτως
2037 853 2128 899 καὶ

532 938 741 1011 ὀγδοὰς,
786 944 916 992 ἔστω
971 937 1028 991 δὲ
1076 944 1164 990 καὶ
1198 946 1409 1010 σημεῖον
1450 938 1574 1000 εἰςὸ
1625 937 1886 1011 ἀφορῶσιν
1924 938 2126 990 οἷπασαι

531 1033 585 1080 αἱ
606 1034 864 1101 γραμμαὶ,
898 1031 952 1079 αῖ
983 1047 1035 1080 τε
1067 1027 1166 1079 ἀπὸ
1211 1036 1311 1078 τῶν
1351 1027 1585 1094 κλίσεων,
1641 1032 1730 1080 καὶ
1760 1029 1814 1078 αἱ
1868 1025 1967 1078 ἀπὸ
2027 1034 2125 1077 τῶν

527 1121 654 1169 ἴσων
678 1126 930 1191 γραμμῶν
974 1140 985 1149 ·
1020 1117 1242 1188 ἀχθήτω
1299 1115 1398 1168 ἀπὸ
1453 1125 1543 1176 τῆς
1599 1137 1632 1168 α
1686 1116 1901 1177 κλίσεως
1959 1115 2128 1168 εὐθεῖα

528 1213 745 1278 γραμμὴ
789 1208 858 1268 εἰς
891 1211 948 1258 τὸ
981 1205 1016 1278 β
1051 1214 1288 1278 σημεῖον,
1325 1209 1574 1266 ὡσαύτως
1613 1211 1702 1257 καὶ
1756 1206 1902 1280 ἑτέρα
1954 1207 2126 1259 εύθεία

526 1301 741 1370 ’γραμμὴ
812 1296 912 1347 ἀπὸ
996 1304 1093 1346 τῶν
1145 1295 1191 1346 ἐν
1247 1304 1306 1366 τῇ
1362 1295 1490 1352 αὐτῆ
1553 1294 1819 1366 ἐπιφανείᾳ
1888 1296 2122 1359 κλίσεων,

529 1389 688 1456 ἤγουν
730 1394 819 1445 τῆς
848 1407 880 1456 7
915 1405 934 1436 ε
966 1386 996 1445 ζ
1026 1384 1108 1436 ἐπὶ
1139 1388 1195 1436 τὸ
1227 1384 1352 1435 αὐτὸ
1404 1383 1439 1455 β
1474 1393 1686 1456 σημεῖον
1755 1406 1766 1417 ο
1830 1387 1965 1436 κατὰ
2039 1389 2124 1438 τὸν

530 1476 683 1526 αὐτὸν
756 1475 906 1545 λόγον
986 1473 1306 1544 ἀχθὴτωσαν
1387 1479 1475 1525 καὶ
1531 1473 1585 1524 ἐκ
1639 1482 1738 1524 τῶν
1805 1474 1981 1546 ἐτέρων
2033 1483 2125 1526 τοῦ

527 1563 688 1614 κύϐου
742 1572 906 1637 μερῶν
970 1563 1163 1614 εὐθεῖαι
1228 1566 1469 1636 γραμμαὶ
1515 1565 1643 1635 πρὸς
1688 1566 1743 1614 τὸ
1793 1562 1828 1634 β
1887 1572 2124 1634 σημεῖον,

529 1651 970 1724 ἀριθμηθὼωσαν
1053 1655 1106 1702 αἱ.
1169 1655 1407 1722 γραμμαὶ
1480 1658 1646 1702 πᾶσαι
1694 1656 1783 1703 καὶ
1833 1655 2125 1710 συντεθήτω

526 1744 743 1802 ταύταις
823 1746 911 1792 καὶ
991 1743 1047 1792 τὸ
1126 1748 1338 1811 σημεῖον
1417 1745 1507 1791 καὶ
1577 1746 1867 1798 ποιήσουσι
1939 1742 2124 1794 κύκλον

528 1828 780 1900 ἐξανάγκη
794 1850 814 1889 ς

527 1922 584 1969 τὸ
636 1916 671 1989 β
728 1926 939 1990 σημεῖον
985 1918 1155 1969 εὐθεῖα
1201 1923 1440 1992 γραμμὴ,
1498 1919 1747 1978 ὡσαύτως
1801 1919 2122 1990 ὰχθήτωσαν

869 1851 881 1861 ·
924 1828 1076 1880 πάλιν
1108 1827 1327 1899 ἀχθήτω
1376 1827 1477 1880 ἀπὸ
1519 1837 1607 1890 τῆς
1665 1849 1694 1880 κ
1744 1839 1991 1903 γραμμῆς
2043 1829 2125 1882 ἐπὶ

527 2012 614 2058 καὶ
655 2009 822 2078 ἕτεραι
865 2012 1106 2078 γραμμαὶ
1170 2006 1363 2058 εὐθεῖαι
1428 2008 1529 2058 ἀπὸ
1576 2007 1676 2058 τῶν
1740 2007 1790 2060 ἐν
1853 2017 1924 2077 τῷ
1981 2009 2121 2078 αύτῷ

524 2100 667 2169 μέρει
707 2095 912 2148 εὐθειῶν
968 2104 1221 2170 γραμμῶν
1262 2104 1416 2168 τριῶν
1476 2106 1566 2156 τῆς
1614 2096 1664 2166 λ,
1710 2118 1768 2169 μ,
1829 2119 1876 2166 ν,
1930 2097 2014 2151 ἐπὶ
2061 2102 2119 2150 τὸ

527 2183 563 2257 β
598 2192 830 2256 σημεῖον.
861 2184 1079 2256 Ὁμοίως
1117 2192 1242 2254 γοῦν
1283 2185 1605 2255 ἀχθὴτωσαν
1662 2190 1750 2238 καὶ
1802 2185 1856 2238 ἐκ
1913 2195 2010 2238 τῶν
2049 2187 2119 2249 εἰς

493 2363 791 2418 musicum
820 2382 838 2432 ;
863 2366 966 2417 aut
989 2362 1049 2416 id
1071 2362 1234 2433 quod
1263 2365 1354 2417 est
1377 2361 1758 2433 philosophia
1810 2363 1870 2417 in
1910 2368 2143 2433 natura,

495 2455 618 2505 esto
651 2451 847 2522 poesis
872 2451 933 2505 in
960 2454 1177 2505 natura
1213 2467 1224 2504 :
1259 2455 1384 2504 esto
1431 2449 1610 2519 igitur
1664 2451 2001 2506 Aristoteles
2037 2455 2145 2508 Ho-

498 2557 698 2595 merus
727 2559 744 2610 ;
777 2544 882 2594 aut
900 2539 1065 2611 quod
1097 2544 1188 2594 est
1211 2544 1410 2594 motus
1430 2539 1490 2594 in
1511 2541 1933 2611 natura,quies
1962 2542 2021 2596 in
2045 2558 2147 2598 na-

496 2635 651 2696 tura,
693 2634 818 2683 esto
852 2628 1029 2696 igitur
1056 2628 1226 2699 quies
1266 2632 1485 2682 motus.
1516 2631 1648 2684 Haec
1679 2635 1877 2685 autem
1907 2630 2030 2686 ﬁeri
2047 2646 2147 2688 ne-

491 2723 739 2790 queunt.
756 2722 896 2772 Nam
908 2716 1179 2772 absolute
1193 2717 1641 2788 temperationes
1655 2720 1805 2774 uniri
1821 2719 2144 2776 absurdum

492 2812 606 2863 est.
642 2806 1061 2862 Atsecundum
1087 2807 1479 2878 proprietates
1500 2807 1615 2863 hoc
1635 2806 1763 2863 ﬁeri
1818 2809 2134 2881 reperitur.

491 2899 640 2952 Nam
663 2911 852 2950 unum
881 2895 1126 2950 uniendi
1151 2894 1392 2950 alterius
1415 2896 1536 2952 vim
1577 2896 1777 2963 habet,
1824 2903 1889 2953 ut
1935 2898 2141 2954 album

489 2989 547 3040 et
589 2985 837 3049 ﬂavum,
870 2989 926 3039 et
953 2984 1119 3056 quod
1146 2988 1235 3038 est
1284 2985 1582 3040 musicum
1611 2990 1696 3040 est
1721 2990 2038 3054 cognatum
2093 2988 2143 3042 ei
2175 3011 2214 3066 ρ

489 3074 652 3145 quod
680 3078 768 3129 est
796 3071 1191 3140 numerabile,
1227 3077 1284 3128 et
1314 3073 1699 3145 philosophia
1728 3073 2065 3144 theologiae,
2089 3081 2145 3132 et

487 3163 721 3233 poetica
752 3162 862 3217 arti
887 3161 1143 3216 dicendi.
1177 3166 1232 3216 et
1270 3161 1668 3234 tranquillitas
1712 3164 2140 3234 temperantia,

490 3250 1120 3306 etfortitndinimotus.
1143 3250 1488 3321 Eodemque
1515 3251 1695 3306 modo
1709 3249 1851 3307 fullo
1866 3252 2140 3319 coriario,

490 3345 547 3396 et
572 3340 699 3395 aliis
730 3339 844 3394 alia
895 3343 1135 3411 propter
1193 3339 1617 3410 proprietatem
1672 3345 1814 3395 sunt
1863 3347 2139 3411 cognata.

559 3432 617 3483 2.
655 3430 843 3492 Quare
870 3427 992 3482 duo
1020 3432 1158 3482 sunt
1197 3427 1363 3482 modi
1405 3427 1669 3498 uniendi,
1736 3444 1892 3483 unus
1931 3430 2146 3501 quiest

491 3509 823 3562 secundum
843 3512 1139 3575 naturam,
1165 3507 1311 3562 alter
1333 3508 1437 3579 qui
1459 3512 1545 3562 est
1570 3508 1901 3564 secundum
1916 3515 2142 3583 tempe-

488 3597 801 3651 rationem.
844 3599 993 3650 Nam
1027 3595 1231 3650 omnia
1245 3597 1695 3652 communicant
1726 3597 1879 3653 inter
1917 3615 1980 3653 se
2002 3614 2142 3654 cum

488 3689 866 3751 revocantur,
900 3688 1003 3738 aut
1023 3684 1100 3738 ad
1132 3683 1506 3756 qualitatem,
1540 3690 1644 3740 aut
1669 3688 1748 3741 ad
1800 3687 2140 3754 essentiam,

491 3778 594 3828 aut
622 3773 698 3828 ad
728 3772 1006 3841 formam,
1039 3778 1142 3828 aut
1173 3772 1250 3827 ad
1277 3779 1578 3842 naturam,
1611 3774 1792 3846 idque
1839 3775 2141 3848 praecipue

491 3868 670 3935 atque
701 3863 990 3916 universe.
1039 3864 1108 3916 At
1165 3862 1499 3918 secundum
1552 3865 1940 3935 proprietates
1998 3865 2144 3920 alter

490 3959 578 4008 est
597 3951 814 4007 modus
868 3971 880 4019 ;
927 3967 1122 4024 neque
1163 3953 1322 4006 enim
1372 3953 1466 4008 hic
1526 3954 1655 4008 unit
1706 3955 2054 4010 naturaliter
2087 3960 2145 4012 et

490 4042 782 4107 universe,
849 4041 954 4094 sed
1023 4041 1459 4112 particulariter
1511 4047 1568 4097 et
1637 4043 1896 4116 proprie,
1945 4059 2141 4115 neque

489 4135 785 4201 quatenus
811 4129 1087 4200 qualitas,
1123 4134 1225 4184 aut
1245 4134 1546 4200 quatenus
1562 4133 1842 4201 essentia,
1869 4136 2139 4204 autqua-

492 4221 663 4271 tenus
677 4217 1299 4287 forma,autquatenus
1316 4219 1561 4273 materia
1574 4220 1830 4288 unit,sed
1844 4225 2140 4292 quatenus

491 4304 713 4375 aliquid
747 4321 882 4358 cum
908 4303 1109 4374 aliquo
1135 4307 1535 4377 componitur.
1579 4309 1938 4380 Quanquam
1959 4310 2138 4364 etiam

492 4392 784 4447 elementa
818 4392 1044 4446 ratione
1074 4399 1300 4448 natura:
1333 4394 1482 4448 inter
1503 4411 1562 4449 se
1591 4397 2057 4463 communicant,
2083 4403 2139 4453 et

494 4497 783 4552 aquanon
799 4481 1425 4549 interimitignem,nec
1441 4484 1842 4541 interimitalia
1858 4502 1992 4557 quae
2014 4502 2137 4541 non

493 4568 904 4638 suntejusdem
921 4568 1214 4624 modi.Sed
1227 4586 1354 4624 cum
1367 4587 1506 4642 pars
1519 4589 1692 4644 aqua:
1705 4575 2137 4645 obruitpartem

492 4657 814 4726 ignis,tunc
830 4673 967 4728 pars
983 4656 1078 4712 illa
1092 4659 1546 4729 aquteinterimit
1559 4668 1778 4733 partem
1795 4663 1950 4718 illam
1964 4664 2135 4732 ignis;

490 4762 602 4801 con
613 4745 789 4801 traria
800 4746 948 4800 enim
962 4746 1270 4801 contrariis
1284 4747 1979 4808 interimunturfitetiam
1994 4768 2139 4808 non-

490 4851 803 4906 nunquam
820 4835 1222 4907 utpharmaca
1235 4839 1909 4910 propterproprietatem
1932 4857 2137 4912 corpo-

487 4940 621 4978 rum
637 4929 691 4978 et
708 4924 1208 4996 temperationum
1224 4942 1422 4980 comm
1435 4929 1674 4982 unicent
1690 4929 1840 4983 inter
1855 4944 1916 4982 se
1929 4934 2138 5001 etpro-

488 5013 1057 5085 sint,nonnunquam
1072 5013 1237 5068 etiam
1254 5014 1588 5070 interimant
1600 5023 1842 5088 propter
1854 5017 2136 5072 diversam

486 5101 759 5172 ipsorum
786 5102 937 5157 inter
967 5118 1026 5156 se
1049 5103 1492 5174 proprietatem.
1553 5105 1827 5160 Similiter
1867 5107 2047 5162 etiam
2077 5107 2136 5162 in

486 5190 738 5244 metallis
779 5191 1242 5246 communicatio
1273 5192 1582 5263 reperitur,
1605 5193 1663 5246 in
1689 5193 1816 5248 aliis
1865 5195 2133 5250 verodis-

485 5280 1008 5351 crepantia.Quod
1055 5285 1208 5335 certe
1265 5297 1386 5336 non
1441 5286 1529 5337 est
1566 5298 1811 5352 novum,
1859 5285 2130 5355 quando-

485 5369 730 5438 quidem
757 5385 864 5424 nec
881 5370 937 5424 in
956 5369 1112 5424 linea
1124 5377 1346 5441 puncta
1359 5372 1564 5426 omnia
1577 5372 1860 5428 omnibus
1893 5374 2130 5446 punctis

2284 498 2526 564 γραμμαὶ
2551 495 2637 548 ἐπὶ
2671 501 2729 548 τὸ
2762 495 2798 569 β
2855 503 3090 568 σημεῖον,
3150 493 3627 566 ἀριθμηθήτωσοιν
3679 501 3776 546 καὶ
3834 498 3902 545 αὗ-

2284 598 2371 631 ται
2420 587 2590 634 πᾶσαι
2648 591 2738 638 καὶ
2800 587 3096 642 συντεθὴτω
3130 586 3347 644 ταύταις
3390 589 3489 635 καὶ
3546 588 3614 635 τὸ
3684 593 3891 655 σημεῖα

2284 674 2375 720 καὶ
2459 679 2784 731 πονήσουσιν
2845 673 2898 736 ἐξ
2963 673 3190 744 ἀνάγκης
3269 677 3357 724 καὶ
3430 668 3610 724 αὗται
3717 673 3906 723 rixis:

2285 757 2430 812 Ἐπεὶ
2454 758 2512 813 δὲ
2540 761 2594 813 ἐκ
2623 765 2827 816 πάντων
2865 772 2965 815 τῶν
3005 770 3098 815 τοῦ
3129 761 3288 814 κύϐου
3325 770 3501 836 μερῶν
3563 764 3630 812 αἱ
3693 765 3830 834 πρὸς
3873 782 3911 812 7.4

2287 847 2323 919 β
2357 858 2569 921 σημεῖον
2623 853 2816 905 εὐθεῖαι
2854 855 3096 924 γραμμαὶ
3149 854 3241 903 σὺν
3281 859 3352 920 τῷ
3381 856 3605 922 σημείῳ
3641 851 3726 912 εἰς

2283 940 2537 1010 ρίθμησιν
2609 942 2860 1000 κυκλικὴν
2930 940 3285 1013 ἀναφέρονται,
3363 941 3513 991 ἔστιν
3600 941 3724 1013 ἄρα
3795 947 3907 990 κεσι

2285 1026 2504 1102 ἀριθμὸν
2543 1029 2615 1090 εἰς
2643 1033 2730 1083 τὸν
2785 1030 2940 1082 κύϐον
2992 1034 3188 1102 φυσικὴ
3249 1033 3504 1100 συνέχεια
3558 1037 3677 1079 τῶν
3731 1037 3903 1100 μερώ.

2281 1119 2544 1188 "ranam.
2613 1128 2738 1190 γοῦν
2809 1124 2898 1171 καὶ
2961 1119 3033 1181 εἰς
3110 1118 3404 1190 ἐπιφανείας
3461 1120 3490 1168 ὁ
3558 1115 3772 1181 κύϐος,
3845 1137 3904 1167 ni

2284 1209 2417 1258 ἔστ-ω
2500 1207 2616 1269 ἑξὰς
2671 1210 2700 1266 ἠ
2779 1204 3021 1268 ἐπίπεδος
3079 1206 3368 1278 ἐπιφάνεια,
3446 1212 3541 1260 καὶ
3603 1207 3902 1258 #:9311311-

2286 1297 2560 1353 σιασθήτω
2617 1298 2642 1346 ὁ
2697 1295 2912 1370 ἀριθμὸς
2960 1301 3049 1347 καὶ
3091 1296 3242 1347 πάλιν
3279 1295 3443 1347 πολλὰ
3501 1294 3898 1350 πλοισιασθιτυ

2283 1385 2451 1447 οὗτος,
2482 1390 2572 1437 καὶ
2599 1387 2932 1459 εὑρεθήσεται
2963 1388 3030 1446 ὡς
3057 1387 3084 1437 ὁ
3115 1405 3149 1436 α
3196 1388 3324 1458 πρὸς
3353 1388 3439 1436 τὸν
3476 1382 3539 1456 β,
3606 1386 3635 1434 ὁ
3689 1383 3733 1455 β
3793 1388 3898 1456 π³;ἐ;

2282 1478 2370 1526 τὸν
2421 1495 2454 1544 7
2499 1495 2511 1506 ·
2573 1477 2904 1547 εὑρίσκονται
2986 1476 3090 1547 ἄρα
3149 1478 3238 1526 καὶ
3295 1472 3410 1524 κατ’
3464 1472 3798 1544 ἐπιφανείας
3853 1473 3896 1530 εἰς

2285 1562 2646 1638 ἀπαρίθμησιν
2676 1564 2926 1622 κυκλικὴν
2977 1571 3174 1634 συνεχῆ
3208 1564 3274 1615 τὰ
3319 1565 3451 1635 μέρη
3518 1566 3723 1616 αὑτοῦ.
3782 1563 3894 1616 Ἐτε

2285 1649 2344 1706 δὲ
2399 1655 2452 1704 αἱ
2500 1655 2635 1704 κατὰ
2675 1656 2870 1714 παντὸς
2922 1656 3108 1726 μέρους
3160 1651 3319 1704 αὐτοῦ
3374 1650 3636 1724 ἁρμονίαι
3699 1650 3895 1724 Expiet;

2283 1742 2354 1803 εἰς
2434 1741 2618 1793 κύκλον
2708 1740 3006 1812 ἀνάγονται,
3081 1742 3106 1791 ὁ
3181 1736 3240 1792 δὲ
3303 1739 3489 1799 κύκλος
3541 1748 3655 1790 τῶν
3747 1741 3896 1792 ἄλλα

2285 1833 2576 1903 σχημάτων
2631 1836 2982 1905 φυσικώτερος
3059 1834 3150 1882 καὶ
3203 1825 3632 1901 μονοειδέστερος
3692 1836 3795 1882 καὶ
3863 1854 3897 1879 r.

2280 1924 2464 1992 μικτὸς
2493 1924 2583 1972 καὶ
2612 1919 2806 1981 ἁπλοῦς
2857 1923 2946 1974 καὶ
2974 1917 3028 1971 ἐκ
3084 1926 3249 1992 μερῶν
3304 1917 3363 1970 ού
3414 1917 3650 1981 πολλῶν,
3702 1917 3898 1990 ἀνά-ρει

2279 2016 2426 2062 πᾶσα
2497 2009 2609 2061 κατ’
2669 2008 2887 2082 ἀριθμὸν
2958 2013 3184 2080 φυσικὴν
3230 2015 3359 2059 νοεῖν
3429 2012 3526 2064 τὴν
3584 2015 3690 2060 τοῦ
3741 2008 3905 2061 κύεο.

2281 2102 2576 2170 συνέχειαν,
2607 2097 2713 2150 ἐπεὶ
2742 2097 2809 2158 εἰς
2830 2097 3046 2157 κύκλους
3078 2095 3341 2168 ἀνάγεται.

2330 2184 2401 2243 δ’.
2443 2188 2772 2259 Θεωρηθὴτω
2800 2193 2926 2254 ⁹γοῦν
2959 2189 3050 2237 καὶ
3080 2188 3219 2238 κατὰ
3265 2192 3506 2255 συνεχεῖς
3563 2183 3904 2257 ἐπιφανείας,

2254 2365 2545 2422 uniuntur
2571 2379 2678 2436 per
2693 2363 3221 2420 continuationem.
3239 2365 3388 2419 Nam
3416 2363 3701 2434 primum
3755 2365 3912 2420 tertii

2254 2470 2378 2510 non
2434 2455 2654 2522 unitur,
2703 2452 2822 2508 nisi
2877 2467 2982 2523 per
3025 2451 3406 2520 secundum;
3455 2451 3685 2508 eodem
3737 2455 3912 2509 modi

2254 2543 2436 2599 etiam
2462 2542 2710 2613 reliqua,
2728 2545 2792 2597 ut
2816 2541 2995 2597 etiam
3021 2541 3083 2596 in
3095 2540 3307 2603 solido.
3335 2540 3646 2612 siquidem
3685 2557 3821 2598 non
3845 2560 3912 2597 se

2253 2631 2518 2687 cundum
2541 2635 2818 2687 naturam
2837 2629 3128 2686 duntaxat
3139 2629 3330 2701 ipsius
3343 2629 3585 2686 termini
3598 2631 3912 2690 uniuntur.

2252 2735 2460 2775 verum
2482 2719 2661 2776 etiam
2690 2717 3025 2774 secundum
3055 2718 3571 2789 temperationem.
3590 2721 3751 2776 Nam
3785 2719 3911 2775 cub‘

2253 2808 2644 2878 continuatio,
2675 2807 2886 2872 habita
2913 2807 3143 2862 ratione
3167 2806 3648 2878 superﬁcierum.
3681 2824 3817 2864 non
3840 2814 3912 2864 es‘

2251 2895 2566 2960 naturalis,
2583 2895 2689 2952 sed
2699 2894 2992 2957 beneﬁcio
3012 2896 3250 2951 numeri
3266 2895 3520 2950 vincitur
3532 2897 3912 2952 naturaliter.

2325 2991 2380 3042 3.
2421 2989 2679 3042 Ponatur
2709 2985 2888 3055 igitur
2904 2983 3249 3040 senariusin
3278 2983 3458 3048 cubo,
3485 2984 3714 3040 eodem
3732 2986 3908 3041 modc

2252 3075 2599 3142 octonarius
2627 3075 2727 3144 (1).
2754 3075 2892 3129 Esto
2915 3088 3057 3128 vero
3086 3073 3266 3130 etiam
3293 3078 3595 3144 punctum
3643 3075 3730 3130 ad
3751 3075 3912 3146 quod

2250 3163 2581 3219 referantur
2598 3161 3004 3231 omneslineae,
3023 3165 3144 3216 tam
3157 3161 3381 3234 qumab
3415 3161 3911 3218 inclinationibus

2253 3251 2637 3321 angulorum,
2651 3265 2838 3322 quam
2861 3265 2997 3318 quae
3023 3248 3102 3306 ab
3114 3249 3452 3321 aequalibus
3474 3249 3658 3306 lineis
3685 3251 3911 3307 ducun-

2253 3344 2365 3394 tur.
2392 3339 2652 3396 Ducatur
2681 3338 2758 3395 ab
2779 3354 2820 3395 α
2847 3337 3246 3394 inclinationis
3294 3338 3520 3408 angulo
3561 3339 3730 3396 linea
3756 3345 3908 3394 recta

2251 3427 2312 3482 in
2343 3428 2376 3483 b
2408 3432 2718 3499 punctum,
2762 3426 2976 3482 eodem
3032 3426 3216 3482 modo
3241 3425 3372 3482 aliae
3408 3431 3589 3484 rectae
3631 3427 3814 3484 lineae
3839 3428 3911 3482 ab

2252 3515 2383 3572 aliis
2405 3515 2804 3571 inclinationis
2828 3514 3064 3584 angulis
3096 3529 3233 3587 quae
3289 3519 3432 3570 sunt
3473 3515 3538 3571 in
3569 3516 3907 3588 superﬁcie,

2252 3618 2471 3676 nempe
2497 3603 2578 3660 ab
2605 3620 2636 3659 ο
2667 3619 2696 3660 e
2720 3604 2760 3673 f
2777 3603 2838 3658 in
2867 3603 3029 3658 idem
3042 3607 3334 3676 punctum
3361 3603 3413 3668 ῤ.
3440 3603 3670 3660 Eadem
3685 3607 3911 3660 ratione.

2251 3694 2548 3764 ducantur
2568 3691 2699 3749 alia)
2732 3697 2909 3749 rectas
2926 3691 3096 3750 lineae
3108 3692 3187 3749 ab
3203 3692 3334 3748 aliis
3373 3693 3512 3748 cubi
3553 3694 3844 3765 partibus
3859 3695 3911 3749 in

2253 3787 2544 3854 punctum
2579 3782 2632 3838 b.
2665 3780 3467 3838 Numerenturomueslineaa
3502 3787 3562 3837 et
3597 3798 3745 3838 eum
3761 3783 3903 3856 ipsis

2249 3877 2544 3943 punctum
2571 3871 2752 3926 etiam
2775 3874 3336 3941 componatur,sane
3354 3871 3704 3926 necessario
3723 3873 3901 3928 circu-

2249 3959 2377 4016 lum
2395 3958 2900 4016 efﬁcient.Rursus
2920 3959 3174 4014 ducatur
3186 3958 3347 4014 linea
3361 3963 3522 4014 recta
3543 3974 3582 4015 a
3602 3959 3774 4017 linea
3790 3964 3828 4018 Ιί
3854 3963 3903 4018 in

2249 4053 2541 4120 punctum
2557 4048 2609 4104 ὁ.
2628 4048 2848 4104 Eodem
2863 4046 3044 4102 modo
3057 4047 3356 4103 ducantur
3369 4048 3552 4102 etiam
3592 4048 3732 4104 alia:
3745 4059 3906 4106 recta:

2249 4136 2422 4192 lineae
2462 4152 2494 4194 a
2542 4136 2732 4192 tribus
2786 4135 2956 4196 lineis
2995 4136 3168 4191 rectis
3219 4151 3356 4208 quae
3397 4141 3534 4191 sunt
3601 4137 3667 4192 in
3695 4140 3902 4196 eadem

2249 4231 2439 4296 parte,
2471 4240 2690 4297 nempe
2715 4225 2795 4280 ab
2830 4226 2928 4280 lm
2957 4240 2998 4278 η
3028 4224 3087 4279 in
3101 4230 3396 4296 punctum
3416 4225 3469 4281 ὁ.
3506 4227 3902 4284 Consimiliter

2247 4313 2426 4382 igitur
2454 4329 2492 4368 a
2527 4312 2771 4385 reliquis
2798 4311 2970 4368 lineis
3019 4311 3386 4385 reliquarum
3456 4313 3595 4368 cubi
3638 4318 3897 4386 partium

2248 4402 2422 4456 linea:
2448 4406 2620 4456 rectae
2645 4400 2943 4457 ducantur
2967 4400 3028 4456 in
3069 4400 3102 4455 b
3147 4407 3460 4473 punctum.
3503 4404 3898 4461 Numerentur

2248 4490 2428 4545 etiam
2481 4489 2576 4544 ha:
2606 4505 2818 4545 omnes
2854 4494 2911 4546 et
2965 4505 3099 4544 cum
3146 4489 3237 4545 his
3267 4495 3559 4561 punctum
3623 4501 3896 4564 ponatur,

2247 4577 2587 4632 necessario
2651 4592 2895 4652 quoque
3012 4576 3302 4633 circulum
3387 4577 3666 4635 efﬁcient.
3762 4586 3895 4638 Cum

2249 4668 2426 4737 igitur
2457 4667 2534 4723 ab
2563 4668 2849 4724 omnibus
2875 4667 3016 4724 cubi
3044 4667 3316 4738 partibus
3340 4666 3512 4724 linem
3541 4669 3750 4728 ductae
3793 4674 3850 4729 in
3874 4675 3894 4726 ὁ

2250 4760 2543 4827 punctum
2565 4755 2897 4811 referantur
2919 4756 2999 4811 ad
3033 4755 3384 4812 circularem
3397 4759 3894 4833 numerationem.

2252 4845 2523 4916 sequitur
2537 4844 2738 4899 essein
2752 4844 2928 4910 cubo,
2945 4849 3188 4915 propter
3200 4858 3544 4918 numerum,
3558 4848 3895 4904 naturalem

2249 4932 2511 5004 partium
2543 4932 3076 4996 continuationem.
3107 4933 3345 4988 Secetur
3373 4931 3554 4988 etiam
3623 4934 3822 4991 cubus
3848 4939 3894 4992 in

2251 5020 2618 5092 superﬁcies,
2664 5024 2718 5076 et
2785 5026 2910 5076 esto
2973 5021 3246 5075 senarius
3301 5019 3482 5092 plana
3528 5025 3894 5093 superﬁcies.

2249 5108 2793 5181 multipliceturque
2822 5125 3131 5175 numerus,
3189 5124 3398 5164 rursus
3428 5109 3531 5180 qui
3555 5110 3700 5166 inde
3721 5113 3895 5169 factus

2251 5203 2338 5252 est
2357 5196 2801 5268 multiplicetur,
2832 5197 3079 5252 tandem
3109 5197 3471 5269 reperiemus
3493 5203 3556 5253 ut
3615 5215 3892 5258 numerus

2251 5301 2289 5341 a
2325 5287 2401 5341 ad
2432 5287 2538 5342 bse
2561 5285 2995 5350 babet,itabad
3012 5303 3050 5358 g
3075 5302 3138 5342 se
3190 5286 3433 5342 habere.
3485 5289 3891 5362 Comperimus.

2251 5375 2430 5444 igitur
2476 5374 2988 5430 continuationem
3076 5376 3329 5448 partium
3375 5375 3514 5430 cubi
3566 5377 3776 5436 referri
3828 5381 3888 5436 ad

554 5510 630 5576 (1)
654 5513 874 5584 Nempe
905 5512 1097 5584 sexies
1123 5527 1224 5566 sex
1256 5513 1467 5577 sexies,
1495 5519 1598 5568 aut
1625 5515 1807 5569 octies
1851 5522 1984 5572 octo
2010 5516 2211 5584 octies,
2243 5516 2323 5571 ita
2361 5523 2423 5571 ut
2461 5516 2732 5572 senarius
2758 5521 2863 5572 aut
2889 5518 3231 5573 octonarius
3278 5517 3352 5572 sit
3390 5532 3550 5572 unus
3608 5534 3685 5576 ex
3717 5522 3886 5577 tribus

482 5581 750 5634 numeris
780 5597 852 5634 ex
881 5582 1102 5650 quibus
1134 5584 1405 5638 senarius
1427 5591 1678 5640 constat.
