3932 6326
65 342 233 398 12⁸73

969 346 1321 403 THEODOBI
1350 348 1398 402 H
1437 345 1577 403 1MP.
1608 347 1698 402 DE
1729 345 2184 404 COMMUNIONE
2215 341 2568 405 NATURALI

3304 351 3440 406 187i-

65 466 126 518 εἰ
159 466 330 520 αὐταὶ
359 468 489 540 πρὸς
527 465 679 527 αὐτὸς
717 465 962 529 ἂλληλαις
1017 473 1291 542 συνέχειαν
1343 472 1557 542 ἔχουσι,
1605 474 1694 522 καὶ
1751 473 1796 525 Α
1853 473 2132 542 τετμσήθω
2163 469 2535 546 ἕνδεκαμερῶς,
2567 471 2729 543 ἤγουν
2757 472 2788 530 ἡ
2817 490 2851 523 α
2876 470 2967 544 βγ
3008 469 3044 524 δ
3096 491 3120 525 ε
3158 471 3208 542 ζ,
3256 478 3446 545 τπμήο

61 557 296 626 ὁποίαν,
324 561 415 608 καὶ
469 563 598 618 πῶς.
653 555 828 610 Ἔστω
883 562 1054 610 τοίνυν
1085 579 1118 610 α
1145 557 1180 630 β
1210 580 1243 630 γ
1272 555 1307 612 ὃ
1337 579 1358 612 ε
1382 560 1413 620 ζ
1433 562 1458 612 ό
1512 559 1688 622 κύϐος,

59 642 383 703 ἀπλωθήτω
409 645 439 704 ἠ
469 665 502 696 α
533 645 622 706 ἕως
658 652 748 706 τῆς
770 645 1013 720 ἑκατέρας
1053 648 1212 708 αὐτῆς
1272 647 1308 720 β
1354 667 1408 700 τε
1454 653 1546 700 καὶ
1597 657 1693 708 τῆς

56 754 133 804 7,
163 739 261 786 καὶ
291 736 323 792 ἡ
359 730 394 786 ὃ
417 736 660 808 πρὸςτὴν
689 733 724 806 β
752 754 808 787 τε
836 740 926 788 καὶ
950 740 1044 793 τὴν
1074 757 1131 807 γ,
1161 741 1250 788 καὶ
1280 737 1310 795 ἡ
1336 756 1357 789 ε
1405 740 1536 809 πρὸς
1596 741 1690 795 τὴν

59 819 1129 897 αβγδ,καὶὴζὸμοίωςπρὸςτηνα
1168 822 1327 898 βγδ
1387 847 1399 859 ·

54 919 208 981 ’γοῦν
236 911 396 964 αὗται
421 915 552 985 πρὸς
579 914 676 974 τὰς
696 911 907 980 κλίσεις,
942 916 997 966 αἱ
1043 910 1103 966 δε
1157 916 1319 975 θέσεις
1342 920 1432 969 καὶ
1484 916 1692 978 ἑνώσεις

58 999 251 1051 αὐτῶν
274 1000 325 1052 οἰ
344 999 609 1071 κυκλικαὶ,
643 1001 816 1076 ὥσπερ
866 1007 956 1054 καὶ
1009 1001 1093 1054 ἐπὶ
1145 1011 1244 1054 τῶν
1299 1005 1688 1076 ἀριθμηθεισῶν

1460 826 1691 878 ἑνοῡνται

55 1097 340 1162 γραμμῶν
382 1090 509 1142 ἁλλά
571 1096 953 1164 ’γεγωνιωμέναι
1014 1097 1104 1144 καὶ
1160 1093 1358 1156 κλίσεις
1411 1096 1638 1166 ἔχουσαι
1671 1137 1684 1150 .

60 1178 102 1234 ἠ
144 1183 193 1232 Α
223 1180 328 1251 γὰρ
349 1178 438 1236 ὅλη
467 1180 561 1240 ἕως
585 1179 707 1242 ὅλης
727 1189 818 1240 τῆς
846 1187 898 1242 Β,
927 1186 1018 1234 καὶ
1055 1181 1186 1240 αὕτη
1265 1185 1357 1244 ἕως
1423 1182 1546 1244 ὅλης
1597 1203 1687 1243 της

65 1271 140 1332 Γ,
175 1272 269 1319 καὶ
291 1267 423 1326 αὕτη
453 1268 548 1330 ἕως
573 1268 696 1329 ὅλης
724 1278 816 1330 τῆς
850 1277 906 1339 Δ,
947 1275 1036 1323 καὶ
1071 1273 1101 1328 ἠ
1164 1278 1202 1325 Ε
1231 1271 1326 1332 ἕως
1387 1271 1512 1324 ὃλων
1585 1279 1684 1324 τῶν

68 1361 122 1408 Α
155 1361 195 1407 Β
225 1362 264 1408 Γ
295 1363 348 1422 Δ,
391 1361 480 1410 καὶ
531 1359 562 1415 ἡ
624 1364 664 1410 Ζ
717 1359 909 1430 ὁμοίως
961 1360 1050 1420 ἕως
1104 1359 1230 1411 ὅλων
1292 1360 1456 1412 αὐτῶν
1505 1367 1546 1414 Δ
1584 1366 1686 1412 ΒΓ

64 1451 137 1498 Δ.
201 1450 445 1498 Φαίνεται
517 1453 643 1516 γοῦν
709 1446 765 1499 ἔκ
837 1451 1024 1500 τούτου
1095 1450 1176 1501 ὅτι
1249 1449 1501 1502 ἅπτονται
1570 1452 1682 1522 μὲν,

63 1531 147 1592 εἰς
177 1532 366 1594 ἑαυτὰς
392 1531 451 1586 δὲ
481 1531 659 1586 διόλου
713 1535 772 1588 ού
841 1540 1148 1611 στρέφονται
1201 1538 1461 1600 κυκλικῶς
1517 1541 1684 1590 εἰτουν

59 1629 337 1692 φυσικῶς.
382 1624 742 1694 Τμηθήτωσαν
795 1632 924 1695 γοῦν
985 1627 1040 1676 αἱ
1093 1625 1378 1698 ἐπιφάνειαι
1436 1623 1510 1678 δι’
1562 1627 1681 1679 ὅλου

55 1717 266 1763 τοῦτον
297 1710 459 1764 κύϐου
504 1715 736 1784 πάχους,
793 1719 883 1766 καὶ
945 1714 1387 1788 συλληφθὴτωσαν
1431 1720 1575 1770 καπὰ
1622 1720 1680 1769 τὸ

58 1798 328 1870 ἀνάλογον
381 1800 556 1863 ἑξίσου
605 1801 698 1854 ὅλα
745 1805 812 1854 τὰ
862 1807 1115 1875 τμήματα
1158 1825 1172 1838 ·
1229 1803 1508 1858 ἕκτέθειται
1557 1813 1682 1877 γοῦν

56 1890 96 1945 ἡ
140 1885 686 1962 ΑδιάμετροςτῇΓ,
729 1893 891 1949 καὶὴ
937 1898 1073 1965 Βτῇ
1117 1899 1173 1962 Δ,
1214 1896 1373 1952 καὶὴ
1416 1901 1549 1967 Ετῇ
1592 1902 1676 1947 Ζ·

56 1980 209 2032 ἵστω
245 1980 424 2049 γοῦνή
463 1981 594 2051 μετὰ
666 1981 761 2039 τὴν
830 1987 870 2033 Δ
937 1988 1001 2053 Η,
1060 1987 1149 2036 καὶ
1204 1985 1235 2041 ἡ
1298 1986 1430 2056 μετὰ
1493 1989 1588 2043 την
1643 1991 1680 2037 Γ

59 2074 144 2134 Θ,
171 2072 264 2119 καὶ
301 2069 332 2126 ἡ
375 2069 506 2140 μετὰ
543 2073 636 2126 τὴν
699 2075 737 2121 Β
803 2075 847 2138 Ι,
916 2076 1006 2123 καὶ
1065 2073 1094 2129 ἡ
1162 2074 1295 2144 μετὰ
1349 2076 1444 2130 τὴν
1510 2081 1545 2126 Δ
1614 2080 1676 2141 Κ,

57 2156 389 2228 καὶήμετὰ
417 2160 576 2214 τὴνΕ
617 2162 686 2223 Λ,
743 2162 834 2210 καὶ
903 2159 930 2216 ὃ
994 2161 1121 2230 μετὰ
1182 2165 1278 2218 τὴν
1338 2167 1378 2213 Ζ
1449 2169 1521 2227 Μ,
1589 2167 1678 2214 καὶ

58 2243 292 2301 πάλινή
326 2245 456 2316 μετά
475 2249 570 2302 τὴν
601 2252 644 2299 Η
699 2252 760 2313 Ε,
822 2251 913 2298 καὶ
956 2249 986 2305 ἡ
1047 2250 1178 2319 μετὰ
1224 2253 1319 2307 τὴν
1375 2257 1421 2303 Θ
1477 2253 1536 2318 Ξ,
1586 2255 1678 2304 καὶ

60 2334 99 2394 ἡ
163 2335 298 2404 μετὰ
337 2338 432 2392 τὴν
493 2339 514 2388 Ι
563 2341 628 2403 Ο,
687 2339 778 2388 καὶ
833 2341 858 2394 r'.
905 2339 1034 2407 μετὰ
1079 2341 1173 2395 τὴν
1241 2344 1284 2390 Κ
1349 2344 1414 2404 Π,
1480 2343 1570 2391 καὶ
1643 2341 1674 2397 ἡ

60 2423 208 2493 μετὰ
229 2426 324 2479 την
381 2427 428 2475 Λ
495 2425 554 2488 Ρ,
619 2425 760 2482 καὶὴ
831 2426 962 2496 μετὰ
1023 2429 1116 2483 τὴν
1183 2433 1236 2480 Μ
1307 2434 1342 2479 Σ
1403 2448 1416 2460 ·
1479 2429 1678 2486 τεθητω

59 2517 201 2582 γοῦν
238 2513 269 2569 ἠ
325 2531 358 2563 α
396 2514 528 2584 πρὸς
581 2516 676 2570 τὴν
741 2510 778 2582 β
833 2532 867 2583 γ
908 2512 1226 2584 ἕπιφάνειαν,
1286 2518 1564 2588 τετμήσθω
1618 2512 1679 2569 δε

60 2596 449 2675 ἐνδεκαμερῶς,
477 2603 724 2661 ὡσαύτως
752 2621 842 2654 και
871 2604 901 2660 ἠ
962 2599 998 2656 δ
1060 2607 1187 2678 πρὸς
1242 2610 1336 2663 τὴν
1385 2626 1418 2658 α
1459 2627 1492 2678 γ
1559 2605 1676 2659 ἐπι-

61 2691 283 2761 φάνειαν
314 2686 660 2763 ἑνδεκαμερῶς
689 2689 906 2766 ἑκατέρα
940 2711 997 2745 τε
1050 2698 1141 2746 καὶ
1190 2693 1426 2769 ἑκατέρα,
1481 2697 1677 2768 ὁμοίως

23 2912 520 2968 numerationem
547 2913 918 2981 circularem,
941 2915 1122 2972 etiam
1144 2916 1476 2972 secundum
1495 2933 1700 2990 super-

1855 563 1964 612 σθω
1995 557 2054 612 δὲ
2085 560 2388 635 ἐννεαμερῶς
2415 563 2555 618 καιὴ
2587 581 2616 618 η
2679 562 2706 612 θ
2747 581 2765 611 ι
2809 580 2840 612 κ
2876 561 2905 612 λ
2951 581 3008 632 μ,
3058 563 3334 633 τετμήσθω
3386 559 3446 614 δὲ

1853 647 2150 722 ἓπταμερῶς
2179 669 2269 701 και
2293 653 2322 708 ἡ
2355 649 2430 712 νξ
2460 669 2484 702 ο
2505 671 2544 702 π
2586 671 2615 723 ρ
2662 669 2714 716 σ,
2761 669 2852 701 και
2904 649 3243 708 ὼωθήτωσαν
3295 650 3444 712 αὖθις

1851 742 1986 790 κατὰ
2013 742 2072 790 τὸ
2094 737 2339 790 ἀνάπολιν
2363 741 2393 796 ἡ
2425 759 2450 789 ν
2477 755 2498 793 ,⁸
2530 759 2563 790 σ
2661 737 2732 800 ξε
2769 758 2797 812 ρ
2920 757 2947 790 ο
2980 753 3002 793 .⁸
3047 758 3087 790 π
3216 758 3246 796 η
3268 757 3288 792 .·
3332 760 3371 811 μ

1853 828 1880 878 θ
1909 842 1934 883 ,⁸
1957 827 1984 878 λ
2082 848 2096 878 ι
2121 843 2143 882 ,⁸
2171 847 2202 879 κ
2315 848 2350 879 α
2374 844 2396 882 ,⁸
2425 848 2458 899 γ
2559 826 2596 900 β
2624 844 2648 884 ,⁸
2675 823 2710 879 δ
2730 846 2775 884 ::
2805 846 2826 880 ε
2857 842 2883 884 ,⁸
2933 828 2985 894 ζ,
3025 847 3116 878 και
3159 832 3445 886 συνέστηκε

1849 915 2002 967 πάλιν
2031 917 2058 966 ὁ
2112 918 2326 989 τμηθεὶς
2380 915 2534 977 κύϐος
2573 920 2874 988 τεμνόμενος
2901 937 2914 949 ο
2971 917 3075 990 ἄρα
3119 915 3278 978 κύϐος
3311 918 3444 989 εύρί-

1851 1023 2029 1056 σκεται
2047 1024 2138 1056 και
2173 1007 2532 1077 συντιθέμενος
2560 1010 2651 1057 καὶ
2681 1005 2962 1078 ἑνούμενος,
3005 1025 3095 1057 και
3145 1004 3298 1056 πάλιν
3355 1007 3443 1058 κύ-

1849 1091 1934 1153 ϐος
1958 1093 2272 1168 εὑρίσκεται.
2300 1094 2388 1154 Ὦς
2410 1097 2512 1168 ’γὰρ
2543 1096 2573 1153 ἡ
2608 1114 2642 1146 α
2670 1093 2706 1167 β
2727 1115 2760 1165 γ
2783 1091 2817 1146 ὃ
2843 1113 2864 1146 ε
2886 1095 2918 1155 ζ
2944 1097 3072 1167 πρός
3099 1099 3194 1152 τὴν
3221 1114 3251 1152 η
3295 1096 3323 1146 θ
3351 1114 3369 1145 ι
3410 1113 3443 1145 κ

1847 1180 1875 1232 λ
1912 1202 1970 1253 μ,
1998 1181 2207 1242 οὕτωςὴ
2237 1202 2267 1239 η
2303 1182 2855 1256 θικλμπρόςτηνν
2886 1182 3082 1257 ξοπρ
3125 1202 3176 1248 σ,
3228 1182 3444 1254 ἑκατέρα

1845 1277 1942 1330 τῆς
1973 1270 2216 1344 ἑκατέρας
2242 1273 2509 1344 ὑπεροχὴν
2550 1271 2794 1343 ἀνάλογον
2848 1273 3071 1343 ἔχουσα.
3129 1271 3191 1324 Εἰ
3233 1268 3292 1323 δὲ
3351 1291 3443 1322 και

1847 1364 1920 1420 εὶς
1947 1359 2149 1420 πλείους
2197 1362 2362 1431 τομὰς
2398 1364 2428 1418 ἤ
2473 1360 2705 1422 ἐλάττους
2767 1364 2901 1413 κατὰ
2954 1365 3048 1418 τὴν
3105 1361 3268 1418 αὐτὴν
3322 1359 3442 1412 ἀνα-

1843 1446 2023 1518 λογίαν
2054 1449 2126 1510 εἱς
2161 1456 2400 1520 συνεχεῖς
2441 1449 2732 1522 ἑπιφανείάς
2784 1454 2957 1522 τέμνεν
2995 1469 3077 1510 τις
3133 1452 3221 1500 τόν
3284 1447 3440 1500 κύϐον

1843 1540 2172 1612 πειράσεται,
2239 1541 2306 1590 τὰ
2361 1539 2497 1590 αὐτὰ
2541 1558 2633 1592 και
2686 1539 2832 1600 οὗτος
2875 1540 3053 1613 εὑρὼν,
3109 1537 3263 1590 κύϐον
3311 1538 3440 1590 εἶναι

1843 1626 1981 1680 ἰάσει
2019 1628 2194 1683 αὐτόν.

1913 1717 1968 1772 ε’.
2003 1714 2263 1790 Ἐδείχθη
2303 1726 2428 1790 γοῦν
2478 1721 2651 1781 καθὼς
2707 1714 2814 1771 ἔδει
2867 1717 2915 1769 ἐν
2966 1725 3038 1786 τῷ
3093 1716 3236 1788 κύϐῳ
3283 1714 3436 1775 διττὴ

1844 1809 2113 1877 συνέχεια,
2166 1809 2196 1864 ἡ
2251 1809 2388 1858 κατὰ
2431 1807 2617 1859 κύκλον
2674 1826 2762 1858 και
2815 1808 2846 1865 ἡ
2919 1800 3178 1878 ἕξάεδρος.
3265 1803 3441 1856 Ἔστω

1839 1902 1965 1964 γοῦν
1995 1895 2025 1953 ὴ
2060 1898 2194 1948 κατὰ
2213 1895 2398 1947 κύκλον
2438 1915 2528 1948 και
2566 1895 2831 1968 ἀριθμητή
2875 1897 3094 1967 φυσικὴ,
3135 1895 3166 1951 ἡ
3209 1890 3269 1946 δέ
3305 1895 3442 1946 κατὰ

1838 1986 1896 2035 τό
1957 1984 2080 2037 ἄλλο
2145 1993 2340 2057 σχῆμα
2393 1988 2530 2039 κατὰ
2583 1991 2770 2060 κρᾶσιν
2826 2005 2917 2036 και
2967 1984 3109 2050 μίξιν
3160 2005 3174 2017 ·
3225 1986 3282 2036 αἶ
3335 1985 3437 2058 γὰρ

1839 2074 2049 2146 κράσεις
2129 2079 2336 2146 μικταὶ,
2429 2076 2497 2127 τὰ
2589 2070 2649 2127 δὲ
2737 2077 3098 2145 ⁴γεσγωνιωμιίνα
3179 2076 3439 2144 σχήματα

1839 2163 2060 2233 ἔμφασιν
2123 2161 2313 2234 έχουσι
2378 2163 2594 2235 μιζεως,
2655 2159 2749 2218 διὰ
2797 2169 2950 2214 τοῦτο
3005 2164 3064 2214 τό
3116 2168 3208 2213 τοῦ
3275 2159 3436 2212 κύϐου

1841 2259 2035 2322 σχῆμα
2080 2253 2261 2303 καθότι
2321 2255 2702 2324 γεγωνιωμὸνον
2753 2253 2957 2322 μικτόν.
3011 2250 3071 2304 Εἰ
3120 2246 3171 2302 δ’
3199 2250 3280 2302 ὅτι
3345 2268 3438 2301 και

1837 2347 1988 2391 τοῦτο
2017 2348 2114 2402 τῆς
2169 2343 2367 2412 φύσεως
2431 2360 2520 2392 και
2587 2340 2612 2392 ὁ
2677 2340 2864 2401 κύκλος
2918 2347 3012 2401 τῆς
3079 2341 3282 2410 φύσεως
3345 2357 3437 2390 και

1838 2435 2094 2480 κοινωνεῖν
2167 2427 2280 2480 κατ’
2353 2428 2480 2482 αὐτὸ
2557 2427 2678 2500 εἴπῃ
2753 2423 2962 2485 δηλαδὴ
3054 2446 3137 2488 τις
3239 2425 3436 2497 στέρξω

2115 2516 2166 2568 ἂν
2229 2518 2330 2590 γὰρ
2397 2525 2458 2589 τῇ
2551 2520 2704 2589 φύσει
2777 2517 2964 2570 καθότι
3049 2523 3147 2577 τῆς
3234 2517 3435 2587 φύσεως

1838 2605 2070 2656 ἑνοῦνται
2097 2605 2322 2669 ἅπαντα,
2353 2613 2526 2677 ὥσπερ
2585 2625 2676 2656 και
2731 2604 2798 2665 εἰς
2840 2608 2898 2656 τό
2949 2611 3163 2676 σημεῖον
3229 2605 3285 2656 αἱ
3334 2601 3436 2655 ἀπὸ

1837 2701 1932 2755 τῆς
1993 2698 2318 2768 περιφερείας
2365 2694 2455 2746 τού
2508 2693 2700 2746 κύκλου
2770 2697 3008 2766 γραμμαὶ
3070 2692 3438 2766 εἰσιρχομεναι

1839 2516 1965 2568 αὐτό
2034 2538 2047 2550 ο

1809 2913 2004 2987 ipsam
2033 2931 2054 2969 ι
2079 2915 2264 2971 altera
2284 2919 2492 2988 p,post
2517 2914 2713 2988 ipsam
2731 2915 2770 2971 Ir
2802 2915 2989 2972 altera
3017 2931 3075 2986 q,
3109 2917 3240 2986 post
3261 2913 3460 2986 ipsam

25 3001 234 3055 ﬁcies.
267 3001 562 3066 Quoniam
595 3007 795 3058 autem
811 3003 1139 3059 harmoniae
1154 3005 1697 3077 partiumomnium
1731 3021 1771 3077 α
1811 3005 2044 3059 laltera
2071 3019 2125 3072 ν,
2164 3007 2299 3076 post
2320 3005 2520 3075 ipsam
2549 3021 2608 3059 m
2633 3003 2816 3059 altera
2845 3019 2894 3073 ε,
2923 3008 3059 3076 post
3083 3003 3280 3074 ipsam
3309 3019 3350 3057 η
3381 3001 3463 3058 al-

29 3088 182 3145 cubi
215 3094 460 3168 propter
507 3105 828 3147 numerum
863 3091 941 3148 ad
994 3093 1282 3149 circulum
1343 3094 1698 3164 referuntur,

30 3178 302 3233 circulus
313 3194 456 3234 vero
468 3179 740 3235 omnium
756 3180 1000 3236 aliarum
1013 3181 1333 3252 ﬁgurarum
1347 3189 1435 3239 est
1447 3184 1699 3239 maxime

28 3267 334 3323 naturalis
389 3268 774 3341 maximeque
848 3269 1185 3340 uniformis,
1226 3287 1418 3344 neque
1473 3256 1700 3328 'mixtus

32 3360 153 3422 est,
184 3355 293 3410 sed
332 3355 585 3428 simplex
641 3359 697 3413 et
717 3373 790 3413 ex
845 3358 1118 3430 partibus
1157 3375 1278 3415 non
1336 3359 1558 3429 multis,
1612 3365 1700 3416 est

31 3443 294 3501 omnino
319 3460 565 3501 necesse
597 3447 936 3503 secundum
983 3463 1327 3518 numerum,
1360 3450 1698 3506 naturalem

27 3533 366 3603 intelligere
388 3534 528 3589 cubi
565 3535 1096 3600 continuationem,
1137 3539 1386 3610 quando
1413 3539 1699 3615 nimirum

29 3622 121 3680 ad
177 3621 377 3678 circuli
433 3623 944 3680 continuationem
973 3631 1314 3684 revocatur.

107 3715 164 3767 4.
199 3713 328 3767 Jam
352 3727 496 3767 vero
517 3713 966 3769 consideremus
1008 3713 1186 3771 etiam
1226 3716 1450 3772 cubum
1487 3733 1698 3773 secun-

29 3801 190 3856 dum
216 3799 528 3856 continuas
560 3800 931 3874 superﬁcies,
963 3818 1039 3858 an
1071 3803 1221 3875 ipsae
1250 3805 1403 3861 inter
1433 3821 1494 3860 se
1516 3805 1701 3861 conti-

29 3887 397 3944 nuationem
426 3887 718 3958 habeant,
738 3895 795 3946 et
822 3890 1065 3962 qualem
1093 3897 1150 3948 et
1206 3894 1538 3965 quomodo.
1563 3896 1698 3948 Esto

30 3979 224 4048 igitur
261 3993 298 4033 a
331 3977 364 4032 b
385 3992 415 4034 e
444 3978 485 4033 εἰ
503 3995 532 4034 e
555 3981 597 4048 f
615 3978 826 4035 cubus.
853 3979 1101 4036 Uniatur
1131 3982 1475 4054 superﬁcies
1507 3997 1542 4038 ξι
1569 3996 1697 4036 cum

36 4071 320 4138 utraque,
351 4067 630 4139 nempe,b
660 4071 715 4122 et
744 4083 776 4123 c
798 4081 823 4140 ί
849 4068 989 4124 item
1029 4070 1070 4124 ά
1120 4086 1260 4125 cum
1293 4071 1326 4126 b
1355 4075 1412 4126 et
1441 4087 1472 4127 ι’
1504 4083 1528 4142 ;
1556 4071 1696 4125 item

38 4173 71 4213 e
104 4171 244 4211 cum
266 4171 302 4212 a
330 4157 363 4211 ὁ
390 4171 422 4212 c
447 4157 507 4223 ά,
539 4157 1009 4229 itemque/cum
1047 4174 1086 4215 a
1125 4160 1158 4215 b
1180 4176 1211 4216 c
1238 4161 1280 4215 εἰ
1309 4175 1356 4216 e.
1406 4160 1701 4216 Uniuntur

39 4245 230 4314 igitur
263 4245 320 4300 in
345 4245 581 4314 angulis
637 4245 1118 4305 inclinationum.
1170 4248 1324 4304 Situs
1350 4265 1492 4304 vero
1523 4253 1580 4304 et
1605 4263 1702 4303 co-
1741 4308 1751 4324 ,

96 4333 386 4389 ulationes
409 4335 680 4394 ipsarum
702 4351 824 4390 non
865 4341 1003 4390 sunt
1031 4336 1437 4394 circulares.ut
1462 4355 1597 4393 cum
1621 4339 1699 4394 ad

44 4350 386 4406 puiauones
409 4350 680 4407 ipsarum
702 4351 824 4390 non
865 4350 1003 4390 sunt
1031 4350 1437 4404 circulares,ut
1462 4355 1597 4393 cum
1621 4350 1699 4394 ad
1729 4373 1770 4425 υ
1810 4354 1946 4392 cum
1970 4350 2354 4409 proportione
2378 4350 2648 4392 exceuat.
2672 4350 3342 4407 uuoas1quismp1ures
3365 4350 3453 4390 se-

45 4437 369 4480 numerum
388 4421 578 4479 lineas
616 4423 1068 4493 revocabamus,
1099 4426 1204 4480 sed
1229 4428 1292 4481 in
1322 4426 1576 4493 angulos
1605 4443 1701 4482 re-
1757 4441 1762 4448 '
1809 4428 2035 4480 ctiones
2065 4423 3026 4484 autminores.observataeadem
3044 4419 3453 4493 proportione,

45 4437 369 4480 numerum
388 4421 578 4479 lineas
616 4423 1068 4495 revocabamus,
1099 4426 1204 4480 sed
1229 4428 1292 4481 in
1322 4426 1576 4496 angulos
1605 4443 1701 4482 re-

48 4511 338 4581 diguntur
401 4516 458 4568 et
503 4511 918 4568 inclinationes
969 4514 1213 4570 habent.
1273 4519 1421 4570 Nam
1487 4520 1610 4571 tota
1662 4531 1701 4571 a

48 4615 244 4672 usque
280 4601 358 4656 ad
391 4605 578 4656 totam
611 4601 644 4656 b
667 4602 968 4673 pertingit,
991 4607 1048 4658 et
1075 4603 1203 4658 haec
1231 4619 1420 4676 usque
1484 4604 1563 4660 ad
1612 4610 1700 4660 to-

47 4696 177 4746 tam
206 4705 258 4760 c,
273 4689 412 4746 item
441 4689 570 4746 haec
599 4705 795 4763 usque
846 4692 927 4747 ad
955 4697 1139 4748 totam
1172 4693 1231 4759 d,
1266 4698 1318 4750 et
1344 4709 1375 4750 ε
1403 4709 1593 4766 usque
1621 4694 1698 4750 ad

46 4783 204 4835 totas
232 4794 268 4834 a
298 4778 331 4832 ὁ
361 4795 393 4834 c
417 4779 477 4849 d,
499 4779 638 4835 item
660 4781 702 4850 f
741 4795 933 4852 usque
984 4781 1062 4836 ad
1087 4786 1240 4837 totas
1269 4797 1306 4838 a
1345 4783 1377 4837 b
1408 4798 1439 4838 c
1464 4784 1505 4838 d
1538 4798 1586 4839 e.
1617 4785 1700 4838 Ex

46 4882 176 4940 quo
199 4866 538 4937 intelligitur
566 4867 730 4940 ipsas
761 4883 822 4924 se
850 4869 1002 4924 inter
1034 4885 1096 4925 se
1135 4876 1398 4941 tangere,
1451 4873 1559 4928 sed
1585 4872 1698 4928 hoc

47 4955 234 5013 modo
252 4955 328 5011 ad
361 4955 714 5012 circularem
770 4958 1224 5014 conversionem
1255 4964 1312 5015 et
1361 4959 1698 5016 naturalem

48 5044 538 5101 communionem
591 5061 714 5100 non
741 5047 1028 5102 revocari.
1057 5048 1338 5104 Secentur
1385 5049 1566 5118 itigur
1599 5065 1696 5103 su-

47 5131 316 5206 perﬁcies
335 5147 443 5204 per
462 5136 648 5189 totam
667 5132 806 5188 cubi
831 5134 1227 5204 altitudinem,
1241 5141 1297 5191 et
1322 5136 1694 5205 colligantur,

52 5219 268 5291 aequali
288 5221 674 5292 proportione
690 5221 1032 5288 observata,
1057 5238 1266 5278 omnes
1284 5225 1559 5280 sectionis
1588 5240 1700 5296 par

50 5315 162 5364 tes.
194 5309 506 5380 Expositus
535 5314 625 5364 est
648 5309 828 5379 igitur
855 5315 911 5365 et
963 5310 1299 5368 substratus
1346 5313 1636 5368 diameter
1659 5327 1698 5368 a

51 5396 170 5470 ipsi
194 5412 241 5465 c,
271 5401 328 5453 et
357 5398 390 5451 b
410 5397 524 5469 ipsi
547 5398 911 5471 d,eteipsif.
931 5402 1067 5454 Esto
1093 5400 1271 5469 igitur
1283 5406 1418 5473 post
1437 5403 1629 5473 ipsam
1658 5419 1696 5458 a

54 5485 234 5542 altera
245 5487 303 5553 h,
329 5501 442 5558 pos
466 5487 661 5558 ipsam
685 5502 715 5542 c
737 5487 924 5543 altera
935 5489 993 5557 Ic,
1014 5495 1152 5560 post
1177 5491 1372 5562 ipsam
1397 5491 1430 5545 b
1452 5491 1636 5546 altera
1651 5493 1693 5557 ί,

51 5578 191 5648 post
213 5575 407 5646 ipsam
435 5578 480 5630 ά
505 5574 691 5632 altera
731 5577 772 5642 ι,
802 5591 913 5647 pos
935 5577 1130 5648 ipsam
1163 5593 1194 5633 ε
1235 5578 1424 5635 altera
1450 5595 1528 5648 m,
1560 5587 1700 5652 post

52 5663 246 5734 ipsam
255 5665 295 5733 Γ
307 5663 492 5720 altera
511 5679 577 5728 η,
597 5678 806 5720 rursns
835 5670 972 5736 post
988 5665 1190 5736 ipsam
1216 5667 1256 5722 Ιι
1275 5666 1459 5724 altera
1482 5683 1537 5738 ο,
1559 5671 1699 5740 post

1809 3096 1991 3149 terat.
2028 3096 2382 3165 Apponatur
2409 3091 2587 3162 igitur
2615 3093 2749 3164 ipsa
2769 3109 2805 3148 α
2838 3091 3171 3163 superﬁciei
3200 3091 3232 3145 b
3263 3106 3295 3146 c
3315 3106 3339 3146 .'
3371 3105 3459 3145 se-

1809 3191 1973 3238 cetur
2002 3197 2144 3238 vero
2163 3181 2223 3236 in
2253 3180 2534 3236 undecim
2573 3185 2791 3254 partes.
2816 3180 3038 3236 Eodem
3063 3179 3243 3234 modo
3263 3179 3402 3251 ipsa
3419 3178 3462 3234 d

1810 3270 2143 3344 superﬁciei
2165 3286 2200 3326 a
2227 3286 2264 3326 a
2302 3274 2662 3342 apponatur,
2690 3273 2748 3326 et
2773 3268 3142 3342 reliquarum
3179 3266 3462 3341 quaelibet

1810 3358 1994 3415 altera
2025 3359 2188 3414 alteri
2215 3358 2491 3431 apposita
2513 3358 2782 3414 similiter
2820 3361 3050 3414 secetur
3085 3356 3146 3412 in
3174 3355 3458 3412 undecim

1807 3453 2006 3520 partes
2030 3463 2249 3520 nempe
2288 3462 2325 3504 a
2348 3447 2378 3502 b
2416 3463 2446 3504 ι·
2474 3448 2516 3504 d
2538 3463 2568 3504 e
2595 3448 2646 3517 Γ.
2689 3446 2911 3503 Deinde
2942 3448 2982 3504 h
3020 3447 3041 3502 i
3056 3447 3104 3517 ﬂ
3135 3447 3157 3503 ι
3200 3463 3259 3501 m
3287 3461 3329 3501 η
3360 3460 3457 3500 se-

1808 3543 2016 3593 centur
2044 3537 2104 3592 in
2145 3553 2356 3593 novem
2381 3541 2603 3610 partes.
2648 3539 2956 3593 Postremo
2994 3553 3027 3592 o
3059 3543 3105 3607 'p
3130 3553 3166 3608 ᾳ
3196 3553 3231 3592 r
3251 3552 3279 3591 ,ς
3310 3541 3332 3591 ι
3371 3551 3459 3591 se-

1809 3632 2018 3682 centur
2040 3625 2101 3681 in
2132 3631 2361 3698 septem
2385 3631 2584 3690 partes
2615 3641 2686 3682 ac
2723 3625 2799 3682 de
2851 3626 3081 3698 integro
3130 3640 3458 3696 coagmen-

1806 3718 2004 3771 tentur
2023 3715 2166 3786 ipsae
2192 3719 2392 3786 partes
2423 3714 2580 3772 facto
2601 3714 2766 3771 initio
2788 3730 2826 3771 a
2857 3713 3190 3787 postremis,
3222 3718 3457 3770 contra-

1805 3802 2459 3860 rioetinversoordine.
2494 3803 2504 3874 |
2536 3810 2638 3858 ολ.
2675 3804 2684 3874 1
2715 3819 2830 3873 με.
2863 3802 2873 3874 |
2915 3819 3036 3872 p.r.
3071 3805 3080 3872 |
3125 3803 3248 3858 h.n.
3286 3802 3295 3874 |
3328 3803 3454 3856 22m.

1836 3891 1846 3980 ι
1915 3892 1974 3947 Ιι.
2020 3892 2042 3946 ι
2098 3894 2108 3960 |
2166 3906 2297 3947 a.c.
2355 3907 2365 3960 ι
2428 3891 2572 3960 b,d.
2631 3891 2640 3962 |
2691 3906 2738 3946 e.
2761 3892 3124 3963 f.—Atque
3151 3890 3236 3945 ita
3263 3889 3456 3980 cubus

1807 3978 2003 4037 sectus
2074 3981 2378 4036 restitutus
2417 3984 2520 4036 est.
2565 3983 2711 4037 Cum
2750 3980 2928 4051 igitur
2961 3985 3216 4044 secatur,
3265 3978 3458 4034 cubus

1807 4071 2116 4143 reperitur,
2131 4074 2337 4125 etcum
2350 4069 2796 4141 componituret
2817 4072 3290 4140 coagmentatur,
3320 4083 3453 4123 rur-

1809 4175 1911 4214 sus
1926 4158 2437 4230 cubusreperitur.
2460 4159 2579 4213 Uta
2593 4157 2624 4212 b
2640 4157 2802 4228 σάς]
2818 4174 2880 4213 se
2907 4157 3092 4213 habet
3103 4156 3181 4212 ad
3200 4157 3239 4213 h
3254 4158 3278 4212 ί
3291 4157 3312 4212 ι
3322 4172 3453 4226 mn,

1810 4249 1894 4303 sic
1921 4248 1957 4303 h
1987 4249 2011 4302 ί
2035 4249 2074 4303 k
2104 4248 2198 4302 tm
2221 4263 2260 4300 η
2279 4245 2356 4301 ad
2378 4263 2410 4301 ο
2430 4247 2462 4300 b
2488 4263 2526 4317 ι]
2546 4262 2580 4301 r
2608 4251 2694 4302 st:
2723 4246 2809 4302 sic
2834 4251 2897 4302 ut
2925 4245 3111 4301 altera
3130 4260 3272 4317 pars
3293 4245 3456 4300 alieri

1810 4354 1946 4392 cum
1970 4335 2354 4409 proportione
2378 4335 2648 4392 excellat.
2672 4335 2842 4401 Quod
2856 4334 3124 4407 siquisin
3137 4335 3342 4406 plures
3365 4350 3454 4390 se-

1809 4513 2033 4568 cubum
2073 4527 2275 4566 secare
2302 4511 2689 4567 incontinuas
2731 4511 3079 4584 superﬁcies
3116 4508 3455 4576 conabitur,

1807 4602 1903 4657 hic
1921 4600 2139 4656 ilsdem
2169 4601 2415 4672 repertis
2440 4619 2453 4668 ;
2478 4601 2680 4672 ipsum
2710 4600 2862 4656 sinet
2900 4615 3029 4655 esse
3067 4598 3312 4655 cubum.

1881 4695 1932 4746 5.
1963 4689 2356 4745 Probavimus
2384 4687 2583 4758 igitur,
2615 4694 2680 4744 ut
2703 4689 3036 4761 oportebat,
3069 4687 3132 4742 in
3163 4687 3319 4742 cubo
3344 4685 3456 4740 du-

1807 4779 2024 4851 plicem
2045 4793 2175 4834 esse
2196 4777 2727 4847 continuationem,
2767 4778 3114 4834 circularem
3153 4789 3359 4839 unam,
3401 4777 3458 4829 et

1808 4867 2058 4924 alteram
2086 4867 2475 4923 hexaedram.
2502 4869 2638 4922 Esto
2662 4865 2840 4936 igitur
2870 4864 3157 4922 naturalis
3196 4863 3293 4918 illa
3318 4877 3455 4934 quae

1807 4963 1898 5013 est
1917 4957 2220 5013 circularis
2245 4960 2303 5011 et
2325 4955 2738 5022 numerabilis,
2765 4960 2824 5011 at
2853 4955 2952 5009 illa
2967 4969 3104 5025 quae
3130 4956 3218 5009 est
3247 4965 3455 5007 secun-

1807 5045 1955 5102 dum
1981 5045 2162 5102 aliam
2190 5046 2450 5114 ﬁguram
2474 5049 2600 5100 esto
2631 5044 2999 5100 continuatio
3028 5044 3457 5111 coagmentata

1806 5139 1863 5191 et
1883 5135 2085 5190 mixta.
2118 5136 2268 5190 Nam
2289 5133 2748 5204 temperationes
2769 5136 2907 5187 sunt
2932 5131 3152 5186 mixtae.
3178 5132 3356 5184 Porro
3385 5126 3452 5182 ﬁ-

1806 5237 1970 5292 guras
1994 5221 2229 5292 angulis
2279 5220 2542 5292 praeditas
2583 5219 2883 5274 mixtionis
2919 5219 3144 5274 habent
3168 5215 3451 5289 speciem.

1807 5310 2215 5377 Quamobrem
2251 5309 2449 5378 ﬁgura
2486 5307 2716 5378 cubica,
2757 5311 3056 5378 quatenus
3096 5311 3184 5361 est
3214 5304 3450 5374 angulis

1805 5399 2074 5473 praedita,
2107 5403 2199 5453 est
2213 5398 2420 5452 mixta.
2446 5396 2614 5461 Quod
2637 5397 2684 5450 si
2709 5396 2845 5467 quis
2862 5396 3023 5451 dicat
3041 5399 3098 5450 et
3126 5395 3240 5450 hoc
3267 5399 3324 5450 et
3343 5393 3454 5449 cir-

1805 5490 2008 5546 culum
2037 5503 2166 5543 esse
2183 5492 2432 5550 naturae,
2456 5485 2712 5556 ideoque
2733 5485 2884 5563 inter
2901 5501 2962 5540 se
2983 5484 3451 5548 communicare,

1804 5577 2206 5648 nonrejiciam
2225 5575 2463 5644 ;namin
2476 5579 2692 5630 natura
2718 5577 2782 5629 ut
2801 5579 2940 5628 sunt
2960 5578 3210 5640 naturas,
3236 5575 3453 5628 uniun-

1804 5672 1900 5724 tur
1926 5666 2155 5735 omnia,
2193 5662 2714 5736 quemadmodum
2737 5663 2800 5719 in
2825 5662 3046 5720 circulo
3075 5677 3288 5720 omnes
3314 5675 3453 5733 quas
