3932 6326
455 296 590 350 1275

476 513 625 562 πᾶσα
671 514 861 582 κρᾶσις
907 508 1062 568 οὕτως
1121 509 1233 580 ἔχει
1295 511 1424 582 πρὸς
1464 511 1558 566 τὴν
1615 508 1769 580 φύσιν
1849 511 2070 578 μιρικῶς

476 599 554 652 ὅτι
605 602 765 670 μικτὴ
802 619 814 631 ·
849 599 878 656 ἠ
928 600 1078 670 φύσις
1107 599 1208 671 γὰρ
1251 601 1456 652 πάντων
1501 601 1892 669 κατηγορεῖται,
1948 600 2071 667 κρᾶ-

480 705 558 747 σις
581 683 640 740 δὲ
661 683 917 749 ἐνοειδοῡς
942 688 1142 760 φύσεως
1173 685 1356 740 αύποτ⁴
1395 688 1456 740 ἄν
1506 686 1844 757 κατηγορηθῇ
1883 703 1895 717 ·
1939 683 2071 737 έστω

473 778 575 851 γὰρ
609 773 913 845 ἀδιόριστος
964 778 995 836 ἠ
1022 796 1075 846 α,
1101 773 1448 850 διωρισμέναι
1475 773 1534 829 δὲ
1562 795 1622 848 γε
1662 777 1692 834 ἠ
1725 771 1816 846 βγ
1883 769 1917 828 δ
1982 791 2072 828 και

475 863 549 937 ἐφ’
581 863 691 927 ἑξῆς
715 870 885 917 πᾶσαι
923 885 935 899 ·
973 865 1004 923 ἡ
1036 872 1161 937 γοῦν
1216 861 1522 940 ἀδιόριστος
1582 883 1616 917 α
1672 861 1848 915 ούποτ⁹
1901 859 1961 913 ἂν
2004 868 2067 933 τῇ

477 951 582 1027 βγ
638 949 673 1006 δ
733 950 893 1007 δώσει
940 959 1228 1027 γνώμονας,
1278 955 1434 1008 αὗται
1484 949 1544 1008 δί
1610 952 2072 1025 γνωματεύσουσιν

476 1042 636 1101 αὐτὴν
666 1063 680 1077 ·
729 1049 884 1097 παντὶ
935 1046 1037 1122 γὰρ
1093 1049 1342 1119 σχήματι
1397 1046 1809 1117 γνωματιυμένω
1865 1045 1890 1094 ό
1943 1045 2072 1113 γνώ-

474 1153 583 1207 μων
602 1137 939 1208 περιέχεταιο
987 1133 1036 1188 ἓν
1077 1134 1216 1208 αύτῷ
1263 1137 1434 1208 τὶμνει
1474 1136 1575 1208 γὰρ
1643 1152 1733 1186 και
1791 1128 2068 1206 διακρίνει.

472 1223 531 1277 Ἠ
577 1225 733 1296 φύσις
773 1225 877 1296 ἄρα
903 1227 1392 1298 κατηγορηθήσεται
1443 1226 1618 1285 πάσης
1671 1224 1925 1296 κράσεως,
1983 1241 2073 1275 και

475 1308 679 1376 δέξεται
706 1311 1001 1366 ἃπαντατὰ
1036 1317 1172 1368 κατὰ
1226 1321 1415 1390 κρᾶσιν
1468 1315 1772 1368 καθέκαστα
1816 1331 1906 1364 και
1955 1309 2075 1362 ἀνοί-

475 1401 548 1465 ξει
593 1405 724 1477 πρὸς
799 1402 984 1462 ἑαυτὴν
1042 1406 1111 1467 ὡς
1161 1409 1335 1479 μήτηρ
1393 1403 1582 1459 αὐτῶν.
1635 1401 1793 1472 Ἔχει
1847 1403 1937 1473 μὲν
1985 1396 2073 1452 οὖν

471 1499 638 1546 ταῦτα
701 1491 865 1556 ούτως
924 1513 1014 1546 και
1079 1495 1246 1555 καθὼς
1307 1496 1529 1568 εἴρηται.
1604 1493 1916 1567 Εύρίσκιται
1990 1485 2070 1556 δὲ,

473 1580 646 1654 ὥσπερ
675 1581 897 1655 εἴπομεν,
941 1581 988 1635 ἐν
1018 1590 1081 1642 τῆ
1109 1585 1295 1658 κράσει
1322 1603 1412 1636 και
1485 1591 1547 1655 τῇ
1601 1584 1753 1654 φύσει
1807 1600 1896 1633 και
1944 1578 2075 1633 οἴλλα
2130 1565 2171 1620 Β

473 1673 608 1736 τινὰ,
675 1669 711 1722 ἆ
781 1671 898 1724 καθ’
955 1673 991 1724 ἄ
1040 1679 1295 1725 κοινωνεῖν
1362 1676 1627 1745 φαίνονται
1701 1673 1892 1742 ὁμοίως
1983 1689 2073 1723 και

475 1756 510 1812 δ
517 1759 895 1831 ιαστὲλλεσθαι,
917 1759 1053 1814 ὥστε
1079 1768 1172 1815 ποῖ
1196 1764 1286 1833 μὲν
1317 1761 1564 1832 ένοῦνται,
1589 1767 1680 1814 ποῖ
1708 1757 1743 1813 δ
1746 1763 1768 1812 't
1829 1755 1862 1812 δ
1869 1757 2073 1812 ιαστέλ-

472 1847 675 1904 λονται.·
701 1853 920 1925 Πότερον
954 1848 1042 1903 οὖν
1095 1853 1274 1926 εὑρέθη
1349 1871 1440 1904 και
1489 1851 1607 1905 καθ’
1665 1852 1833 1922 ἕτερον
1885 1852 2072 1924 τρόπον

474 1939 504 1996 ἠ
538 1945 636 1989 τῶν
660 1940 897 2011 κράσεων
947 1942 1080 2015 πρὸς
1130 1945 1229 1999 τὴν
1281 1942 1435 2014 φύσιν
1492 1943 1637 1999 κοινή
1681 1942 1862 2000 ἔνωσις
1909 1957 1999 1990 και
2039 1939 2069 1996 ἡ

476 2022 591 2080 ἰδία
625 2024 891 2102 διάκρισις
915 2025 1021 2082 οἷον
1051 2032 1116 2091 ὡς
1141 2028 1224 2084 ἐπὶ
1244 2039 1344 2083 τῶν
1372 2028 1603 2106 ἀριθμῶν
1645 2045 1660 2098 ;
1705 2031 1774 2082 Τὸ
1823 2029 1925 2102 γὰρ
1971 2034 2072 2080 τῶν

473 2115 705 2190 ἀριθμῶν
743 2121 898 2192 χύμα
950 2123 1095 2192 πηγή
1147 2119 1402 2192 ἓγγίστων
1459 2118 1599 2174 ἐστίν
1665 2138 1679 2153 ·
1734 2117 1957 2190 ἱγγιστα
2014 2112 2074 2168 δὲ

467 2205 611 2260 καλῶ
639 2210 731 2271 τὰς
758 2211 969 2284 κράσεις
997 2229 1087 2262 και
1109 2210 1173 2262 τὰ
1199 2211 1502 2263 καθέκαστα
1528 2230 1540 2243 ·
1592 2207 1819 2280 πηγάζει
1870 2208 1971 2279 ’γὰρ
2021 2202 2074 2268 ἐξ

469 2295 630 2349 αὐτοῦ
659 2296 726 2350 τά
752 2299 976 2371 ἔγγιστα
999 2320 1012 2332 ·
1045 2301 1112 2351 τά
1141 2295 1202 2352 δέ
1229 2301 1450 2371 ἔγγιστα
1467 2301 1594 2373 πρὸς
1639 2297 1797 2350 ἑαυτὰ
1847 2296 2073 2369 συστρέ-

469 2404 650 2458 φονται
703 2406 793 2440 και
850 2383 1207 2464 διακέκρινται
1263 2391 1331 2450 ὡς
1374 2390 1464 2461 μὲν
1539 2387 1595 2440 έκ
1693 2392 1785 2438 τοῦ
1869 2387 2071 2455 γένους,

467 2476 532 2537 ὡς
591 2473 643 2530 δ’
700 2477 929 2532 ένοῦνται
999 2480 1135 2531 κατά
1189 2482 1283 2538 τήν
1339 2483 1533 2552 φυσική
1594 2476 1666 2540 εἰς
1719 2475 1877 2530 έκεῖνο
1955 2473 2072 2528 ἀνα·

465 2569 660 2638 γωνῆνο

539 2658 611 2724 ς’.
649 2659 932 2714 Ἐκκείσθω
997 2663 1170 2715 τοίνυν
1217 2661 1276 2712 τὸ
1339 2661 1496 2734 χύμα
1545 2665 1644 2712 τῶν
1694 2655 1947 2734 ἀριθμῶν.
1996 2655 2074 2709 Τά

438 2853 476 2896 a
503 2836 981 2896 circumferentia
999 2837 1062 2895 in
1078 2841 1370 2913 punctum
1385 2837 1688 2896 ducuntur
1699 2836 1894 2894 lineae.
1922 2833 2090 2891 Intel-

435 2926 748 2996 ligendum
775 2931 866 2984 est
891 2927 1070 3000 igitur
1101 2945 1169 2986 ex
1204 2928 1299 2985 his
1346 2945 1482 3003 quae
1521 2927 1802 2993 diximus,
1844 2938 2090 2982 omnem

436 3017 1034 3090 temperationemita
1062 3034 1124 3074 se
1162 3017 1385 3075 habere
1424 3017 1503 3074 ad
1541 3021 1845 3085 naturam,
1872 3028 2092 3085 nempe
2134 3026 2174 3082 α

435 3106 886 3178 particulariter,
910 3108 1054 3182 quia
1066 3109 1372 3166 estmixla.
1391 3111 1539 3165 Nam
1569 3110 1787 3164 natura
1805 3104 1878 3160 de
1902 3103 2094 3160 omni-

435 3195 551 3253 bus
573 3197 806 3254 dicitur.
857 3202 930 3254 At
981 3199 1332 3272 temperatio
1401 3199 1474 3254 de
1513 3201 1730 3254 natura
1776 3209 2094 3267 nunquam

440 3287 718 3343 universe
738 3288 988 3345 dicetur.
1057 3292 1195 3345 Esto
1260 3289 1422 3346 enim
1464 3287 1773 3344 indeﬁnita
1835 3283 2093 3356 superﬁ-

437 3375 557 3432 cies
594 3391 652 3445 a,
718 3375 979 3433 deﬁnitae
1043 3377 1250 3434 verob
1313 3377 1432 3445 cd,
1493 3379 1650 3432 certe
1720 3374 2095 3431 indeﬁnitaa

435 3479 753 3537 nunquam
783 3464 1307 3536 dabitgnomonas
1331 3465 1591 3522 deﬁnitis
1637 3465 1669 3522 b
1696 3480 1726 3521 c
1747 3465 1806 3520 d.
1828 3467 1924 3520 Hae
1952 3478 2093 3520 vero

436 3552 520 3608 illi
544 3567 882 3624 gnomonas
912 3556 1314 3627 suppeditant.
1335 3559 1482 3612 Nam
1509 3553 1705 3611 omnis
1727 3554 1920 3624 ﬁgura
1949 3567 2095 3622 gno-

441 3658 623 3700 mone
645 3643 898 3716 praadita
955 3659 1324 3716 gnomonem
1355 3644 1415 3701 in
1468 3661 1532 3701 se
1597 3643 1858 3700 continet
1906 3645 2096 3710 ;secat

438 3731 599 3789 enim
653 3735 710 3789 et
770 3731 1078 3804 distinguit
1161 3749 1449 3804 gnomon.
1516 3735 1708 3800 Quare
1771 3736 1987 3789 natura
2017 3731 2092 3788 de

437 3820 604 3877 omni
661 3822 1094 3894 temperatione
1151 3822 1399 3892 dicetur,
1449 3827 1505 3880 ct
1553 3820 1833 3894 suscipiet
1889 3817 2095 3875 omnia

438 3909 774 3967 secundum
807 3911 1302 3985 temperationem
1333 3911 1680 3983 singularia,
1715 3914 1772 3967 et
1790 3907 2094 3966 revocabit

439 3998 519 4055 ad
545 4015 607 4056 se
628 4003 919 4073 tanquam
949 4005 1142 4058 mater
1177 4001 1439 4058 illorum.
1461 4002 1547 4058 Ita
1568 4003 1659 4057 est
1690 3999 1866 4071 igitur
1886 4013 2094 4070 quem-

440 4087 774 4146 admodum
791 4089 1017 4146 dictum
1032 4094 1118 4146 est
1133 4090 1248 4147 Sed
1264 4092 1642 4165 reperiuntur
1657 4089 1858 4158 etiam,
1883 4104 2094 4162 quem-

440 4176 774 4235 admodum
803 4177 1063 4235 diximus
1086 4179 1205 4236 alia
1234 4180 1519 4253 quaedam
1559 4195 1694 4252 quae
1721 4195 1845 4253 qua
1865 4178 2096 4234 ratione

441 4268 895 4325 communicant
921 4269 1072 4325 inter
1095 4285 1158 4325 se
1179 4269 1393 4327 eadem
1423 4270 1604 4326 etiam
1662 4269 1940 4328 videntur
1971 4268 2097 4324 dis-

441 4355 650 4425 tingui.
703 4358 897 4422 Quare
953 4357 1055 4414 illo
1107 4357 1292 4414 modo
1350 4359 1657 4427 uniuntur,
1703 4357 1818 4416 hoc
1893 4361 2096 4414 autem

442 4443 627 4500 modo
657 4443 1125 4515 distinguuntur.
1144 4449 1349 4503 Utrum
1363 4447 1541 4518 igitur
1568 4452 1803 4520 reperta
1814 4451 1902 4504 est
1916 4447 2096 4504 etiam

444 4531 782 4590 secundum
825 4533 1078 4591 alterum
1132 4538 1384 4594 modum
1428 4537 1768 4594 communis
1811 4537 2094 4610 quaedam

442 4623 942 4695 temperationum
963 4641 1101 4681 cum
1123 4629 1338 4683 natura
1395 4626 1716 4699 copulatio,
1748 4633 1805 4684 et
1852 4628 2096 4701 propria

442 4713 621 4769 etiam
661 4712 960 4771 distinctio
986 4717 1050 4770 ut
1069 4714 1130 4770 in
1157 4716 1424 4774 numeris
1455 4716 1482 4772 ?
1509 4719 1656 4774 Nam
1702 4732 2094 4774 numerorum

440 4800 667 4858 ﬂumen
701 4800 835 4858 fons
864 4806 953 4860 est
994 4803 1410 4877 proximorum
1443 4824 1454 4862 :
1505 4805 1784 4879 proxima
1803 4821 1942 4862 vero
1981 4821 2094 4879 ap-

441 4891 599 4964 pello
629 4893 1090 4965 temperationes
1120 4898 1177 4951 et
1228 4895 1572 4966 singularia.
1616 4898 1910 4952 Numerus
1933 4897 2094 4953 enim

441 4998 512 5040 ex
540 4981 736 5056 seipso
767 4983 1019 5042 effundit
1063 4985 1360 5058 proxima.
1411 4987 1687 5044 Proxima
1741 5002 1884 5043 vero
1907 4987 1968 5043 in
2031 5001 2095 5044 se

440 5071 591 5128 inter
619 5089 681 5129 se
703 5075 1148 5147 reciprocantur
1175 5079 1231 5133 et
1286 5075 1753 5148 distinguuntur-
1775 5080 1858 5135 Ac
1880 5077 2096 5136 distin-

443 5165 707 5231 guuntur
726 5163 971 5236 quidem
1001 5165 1144 5238 quia
1172 5181 1244 5222 ex
1297 5181 1513 5237 genere
1557 5171 1828 5235 manant,
1883 5171 2097 5229 uniun-

442 5253 695 5308 turvero
724 5253 1059 5312 secundum
1125 5254 1463 5313 naturalem
1518 5255 1596 5313 ad
1651 5256 1800 5314 illud
1847 5274 2095 5319 revoca-

443 5338 693 5399 tionem.

513 5433 563 5484 6.
598 5436 940 5502 Exponatur
979 5433 1157 5504 igitur
1201 5434 1429 5492 ﬂumen
1489 5451 1902 5496 numerorum.
1939 5441 2098 5507 Qua-

441 5522 576 5573 tuor
601 5524 801 5576 autem
822 5527 880 5579 et
908 5522 1114 5594 viginti
1133 5524 1427 5582 elementa
1475 5527 1592 5584 sint
1652 5527 1801 5584 illud
1843 5529 2097 5589 ﬂumen.

442 5606 806 5679 Reputentur
825 5614 891 5669 ut
934 5611 1186 5670 inﬁnita.
1226 5614 1506 5672 Secentur
1537 5615 1717 5686 igitur
1741 5616 1853 5680 tria
1895 5632 1934 5677 a
1958 5621 1991 5674 b
2045 5635 2096 5677 c'.

2127 4387 2172 4442 D

1958 284 2302 345 ADDENDA

477 421 562 472 Δεῖ
633 423 758 491 γοῦν
819 417 954 471 κατὰ
1009 417 1227 480 τούτους
1274 418 1394 479 τούς
1437 415 1625 488 λόγους
1674 419 1804 468 νοεῖν
1853 413 1930 466 ὅτι
1981 432 2072 465 και
2129 416 2177 470 Α
2235 417 2638 494 εἰκοσιτέσσαρα

3769 290 3886 346 1‘2?!

2733 425 2977 493 στοιχεῖα
3038 417 3438 492 νομιζέσθωσαν
3513 418 3592 480 ὡς
3654 417 3869 490 ἄπειρα..

2235 510 2600 580 Τμηθάτωσαν
2621 516 2746 583 γοῦν
2787 511 2994 586 τὰτρὶα
3020 511 3079 562 τὸ
3107 529 3140 561 α
3172 508 3207 582 β
3235 530 3294 582 γ,
3347 510 3411 562 Εἰ
3456 510 3557 579 μὲν
3617 504 3722 560 οὖν
3791 528 3872 559 κα-

2236 598 2349 652 θότι
2380 619 2414 650 α
2445 597 2536 671 βγ
2565 606 2783 657 κεῖνται.
2822 607 3138 672 χυματικῶς
3165 607 3235 670 τῷ
3277 606 3514 670 φυσικῷ,
3560 617 3664 649 και
3721 599 3870 649 πάλιν

2233 695 2333 740 τῶν
2365 686 2598 763 ἀριθμῶν
2625 689 2856 743 ἑνοῦνται
2885 689 3093 762 κυματι
3117 709 3208 742 και
3237 687 3330 740 οὐκ
3389 688 3530 741 εἰσὶν
3563 690 3830 758 ἔγγιστον
3861 710 3871 718 ·

2235 775 2278 830 εἰ
2308 771 2368 829 δέ
2396 779 2454 829 τὸ
2487 797 2522 829 α
2547 776 2604 850 β,
2636 785 2729 832 ποῖ
2750 780 2841 852 μὶν
2864 779 2922 831 τὸ
2958 798 3011 842 α,
3051 797 3142 830 και
3167 784 3259 830 ποῖ
3303 779 3359 849 τὸ
3424 797 3478 847 γ,
3548 795 3651 826 και
3728 771 3872 835 αὖθις

2233 868 2292 920 τὸ
2321 886 2355 938 γ
2382 873 2475 920 ποῖ
2500 869 2590 940 μὲν
2620 869 2678 920 τὸ
2713 867 2769 940 β,
2804 887 2893 920 και
2923 874 3014 920 ποῖ
3044 869 3102 919 τὸ
3159 887 3210 938 α,
3273 866 3732 938 σχηματισθῶσι
3793 883 3874 915 και

2235 953 2497 1009 έκκοπῶσι
2520 964 2614 1010 τοῦ
2641 964 2738 1010 τῶν
2797 956 3024 1031 ἀριθμῶν
3074 957 3328 1028 χύματος,
3384 973 3478 1006 και
3542 958 3680 1024 γενὴ
3694 971 3872 1004 σοντι

2233 1050 2484 1120 τρίγωνος
2509 1042 2750 1108 έπίπιδος
2773 1045 3014 1120 ἀριθμὸς,
3047 1047 3292 1108 ὡσαύτως
3331 1064 3423 1096 και
3480 1044 3556 1095 τὰ
3630 1046 3872 1112 τέσσαρε

2234 1155 2325 1188 και
2386 1135 2536 1199 ἄλλος
2584 1144 2684 1198 πᾶς
2746 1136 2960 1212 ἀριθμὸς
3016 1138 3207 1190 ὁπὸταν
3271 1133 3469 1207 ἐκκοπῇ
3527 1142 3644 1186 τῶν
3699 1131 3867 1183 ἆπλῶτ

2233 1245 2323 1278 και
2352 1234 2581 1299 φυσικῶν
2621 1225 2853 1300 ἀριθμῶν
2906 1229 2970 1287 ὡς
3024 1227 3344 1279 καθέκαστόν
3406 1243 3462 1276 τε
3509 1243 3616 1274 και
3677 1227 3870 1296 κρᾶσις

2233 1317 2802 1388 κηθήσεταιὲγγιστον·
2860 1314 3223 1388 ἀναχθήσεται
3277 1310 3337 1366 δὲ
3386 1313 3462 1374 ὠς
3508 1311 3654 1383 ἔχον
3715 1314 3869 1383 μανεὶ-

2237 1401 2338 1466 δας
2366 1404 2438 1467 εἰς
2473 1407 2532 1457 τὸ
2563 1407 2719 1478 χύμα
2761 1413 2861 1458 τῶν
2901 1404 3158 1478 ἀριθμῶν,
3209 1399 3644 1477 διακριθήσεται
3701 1395 3769 1451 δέ
3825 1398 3868 1449 ἐκ

2235 1500 2326 1547 τοῦ
2365 1496 2607 1566 χύματος
2642 1514 2733 1546 και
2771 1493 2828 1547 ἐκ
2874 1501 2974 1546 τῶν
3022 1492 3185 1546 ἄλλων
3243 1493 3545 1564 σχημάτπν
3599 1491 3682 1551 ὡς
3727 1493 3873 1561 στρέ-

2236 1604 2325 1657 φον
2377 1586 2444 1637 τά
2493 1581 2666 1638 οἰδεῖα
2709 1587 2755 1637 ἓν
2820 1584 2985 1655 ἑαυτῷ
3025 1587 3155 1658 μέρη
3211 1602 3302 1634 και
3341 1579 3564 1653 ἑγγίζον
3625 1581 3871 1652 θάτερον-

2239 1675 2434 1746 θατέρῳ
2493 1674 2610 1727 καθ’
2669 1675 2870 1729 ἔνὼσιν.
2939 1671 3092 1726 Ἐστι
3145 1669 3204 1724 δὲ
3258 1690 3349 1722 και
3398 1676 3519 1729 τοῖς
3593 1666 3872 1739 ἓγγίστοις

2238 1767 2424 1834 σχέσις
2453 1759 2587 1829 ἰδία,
2616 1762 2792 1816 οὔποτ’
2825 1761 2886 1814 ἂν
2913 1759 2973 1815 δὲ
3009 1780 3143 1815 πασι
3190 1761 3362 1814 πάντα
3411 1757 3666 1810 ένῶσθοιι
3711 1760 3874 1828 πέφν-

2234 1871 2338 1921 κεν,
2381 1851 2424 1904 εἰ
2447 1855 2519 1925 μὴ
2554 1851 2621 1913 εἰς
2646 1856 2739 1911 τὴν
2760 1856 2969 1927 πρώτην
3019 1849 3211 1908 ἐκείνην
3268 1851 3508 1920 πηγαίαν
3575 1845 3877 1917 ἀναχθῶσι

2234 1947 2327 1994 τοῦ
2357 1943 2619 2014 κύματος,
2651 1940 2880 1994 ἐνοῡνται
2913 1937 2972 1994 δὲ
3000 1960 3091 1992 και
3133 1946 3356 2013 μιρικῶς
3405 1933 3518 1989 οἷον
3587 1937 3622 1993 ἡ
3689 1938 3876 2009 τετρὰς

2236 2029 2308 2092 εἰς
2333 2033 2426 2089 τὴν
2454 2026 2842 2093 ἐξακαιδεκάδα
2900 2051 2913 2064 ·
2974 2033 3005 2082 ὅ
3051 2031 3152 2102 γὰρ
3209 2027 3282 2090 εἰς
3322 2024 3487 2078 κύϐον
3551 2026 3875 2099 στερεωθεὶς

2236 2117 2457 2194 ἀριθμός
2499 2116 2754 2194 τετράδας
2817 2118 2953 2194 φέρει
3001 2117 3074 2190 ἐφ’
3111 2120 3374 2192 ἑκατέροις
3438 2121 3553 2176 τοῖς
3607 2119 3873 2189 μέρεσιν·

2235 2210 2265 2266 ἠ
2316 2211 2465 2283 τριὰς
2512 2209 2579 2271 έίς
2629 2213 2718 2267 τὴν
2758 2212 3038 2283 τριάκοντα
3085 2204 3338 2273 πεντάδα,
3386 2209 3448 2257 τὸ
3491 2206 3603 2280 γὰρ
3672 2206 3876 2261 ταύτης

2236 2293 2523 2350 έπὶπιδονό
2552 2295 2944 2362 πεντεκαίδεκα,
2996 2317 3086 2350 και
3137 2300 3196 2350 τὸ
3244 2293 3560 2367 ύπιρϐαἰνον
3619 2295 3650 2344 ὁ
3721 2289 3871 2355 δέκα,

2235 2405 2325 2438 και
2351 2390 2409 2440 τὸ
2439 2388 2566 2461 ὑπὲρ
2591 2390 2786 2440 τούτων
2813 2389 2838 2440 ὁ
2871 2386 2943 2455 ἔξ,
2984 2407 3074 2440 και
3128 2390 3186 2440 τὸ
3243 2387 3432 2438 ἄνωθεν
3475 2386 3502 2435 ὁ
3554 2386 3717 2458 τρία,
3787 2400 3872 2432 και

2235 2478 2265 2534 ἡ
2299 2477 2458 2548 μονὰς
2487 2478 2645 2550 ἄκρον
2701 2497 2792 2530 και
2838 2483 3061 2552 κορυφή.
3127 2477 3185 2529 Ὀ
3229 2479 3317 2548 μὲν
3383 2472 3472 2528 οὖν
3527 2474 3868 2547 τετράγωνος

2236 2565 2304 2627 εἰς
2329 2569 2416 2618 τὸν
2438 2565 2594 2620 κύϐον
2624 2575 2881 2640 σχετικῶς
2934 2567 3168 2640 ένωθῇ,ὁ
3229 2563 3288 2619 δὲ
3329 2568 3590 2639 τρίγωνος
3652 2561 3729 2623 εἷς
3783 2563 3866 2612 τὸν

2235 2652 2648 2731 πυραμοειδῆ,ὁ
2703 2654 2762 2711 δὲ
2816 2655 3062 2720 κυκλικὸς
3116 2656 3184 2718 εἰς
3235 2658 3322 2709 τὸν
3365 2649 3719 2728 σφαιροειδῆ,
3777 2670 3864 2702 και

2205 2833 2261 2892 Si
2309 2833 2488 2905 igitur
2542 2834 2992 2894 considerentur
3038 2835 3121 2894 ab
3149 2850 3179 2891 c
3229 2837 3296 2892 ut
3348 2831 3552 2907 posita
3615 2829 3777 2886 sicut
3824 2829 3878 2884 in

2203 2921 2367 2980 ﬂuxa
2417 2923 2518 2981 illa
2572 2924 3038 2992 continuatione,
3095 2923 3386 2980 uniuntur
3427 2919 3800 2978 naturaliter
3830 2923 3880 2973 et

2202 3029 2409 3070 rursus
2441 3015 2518 3070 ad
2546 3029 2942 3072 numerorum
2985 3014 3211 3071 ﬂumen
3269 3014 3654 3072 revocantur,
3685 3014 3744 3065 et
3759 3022 3876 3063 non

2203 3108 2344 3160 sunt
2370 3103 2715 3177 proximum
2754 3103 2920 3177 quid.
2981 3105 3054 3160 At
3115 3104 3165 3160 si
3217 3118 3255 3160 α
3290 3102 3703 3175 assumpserit
3748 3117 3875 3172 par-

2203 3193 2310 3250 tim
2346 3193 2378 3250 b
2432 3197 2649 3266 partim
2704 3195 2882 3250 etiam
2936 3210 2986 3262 c,
3028 3198 3084 3252 et
3139 3212 3346 3252 rursus
3392 3193 3514 3250 sic
3573 3211 3868 3266 assump-

2203 3284 2342 3340 serit
2360 3284 2579 3356 partim
2607 3283 2854 3356 quidem
2898 3286 2949 3350 ὁ,
2975 3285 3198 3357 partim
3237 3285 3417 3343 etiam
3455 3299 3492 3341 a
3542 3289 3734 3357 atque
3763 3286 3873 3340 hoc

2201 3373 2384 3429 modo
2406 3374 2468 3429 in
2519 3372 2781 3443 ﬁguram
2832 3374 3181 3446 redigantur
3221 3379 3278 3431 et
3327 3374 3744 3446 decerpantur
3802 3374 3870 3430 de

2202 3479 2597 3520 numerorum
2651 3465 2900 3536 perenni
2978 3464 3247 3532 ﬂumine,
3301 3469 3474 3521 erunt
3525 3464 3865 3534 triangulus

2199 3553 2418 3626 planus
2465 3568 2771 3610 numerus.
2824 3553 3046 3610 Eodem
3085 3553 3268 3610 modo
3325 3556 3592 3627 quatuor
3654 3558 3716 3610 et
3769 3553 3864 3625 qui

2200 3641 2348 3700 libet
2399 3641 2550 3698 alius
2595 3658 2886 3698 numerus
2940 3659 3078 3699 cum
3133 3643 3368 3698 excisus
3409 3642 3590 3698 fuerit
3650 3642 3736 3699 ab
3767 3645 3859 3699 ab-

2201 3731 2410 3788 solutis
2435 3735 2491 3787 et
2523 3731 2904 3788 naturalibus
2941 3731 3233 3801 numeris,
3275 3730 3684 3804 appellabitur
3735 3748 3858 3805 pro-

2199 3821 2435 3878 ximum
2455 3821 2624 3895 quid,
2645 3823 2930 3880 nimirum
2968 3822 3269 3892 singulare
3321 3827 3377 3878 et
3424 3825 3855 3894 temperatione

2200 3912 2540 3985 praeditum.
2581 3913 2973 3970 Revocabitur
3021 3919 3222 3969 autem
3249 3912 3328 3968 ad
3358 3912 3590 3968 ﬂumen
3647 3929 3858 3969 nume-

2199 4017 2407 4059 rorum
2434 4017 2504 4058 eo
2529 4001 2696 4075 quod
2710 4002 2931 4059 habeat
2968 4003 3243 4069 unitates,
3279 4001 3386 4058 sed
3415 4008 3768 4059 secernetur
3787 4004 3857 4060 ab

2203 4091 2335 4164 ipso
2356 4091 2603 4150 ﬂumine
2651 4095 2708 4147 et
2769 4091 2846 4149 ab
2909 4092 3038 4149 aliis
3103 4090 3311 4163 ﬁguris
3371 4095 3437 4146 ut
3498 4107 3648 4147 suas
3683 4091 3747 4149 in
3778 4111 3859 4149 se-

2202 4182 2336 4256 ipos
2371 4185 2568 4256 partes
2631 4185 2886 4252 vertens,
2937 4187 2994 4238 et
3057 4181 3172 4238 hac
3230 4179 3616 4253 copulatione
3673 4199 3857 4240 unam

2203 4277 2439 4346 partem
2487 4272 2656 4329 alteri
2711 4272 3067 4344 adjungens.
3119 4274 3218 4328 Est
3294 4276 3493 4329 autem
3570 4273 3858 4344 proximis

2206 4379 2316 4420 sua
2353 4362 2766 4419 conveneintia
2785 4363 3048 4434 propria.
3089 4364 3293 4434 Neque
3321 4361 3600 4417 omnium
3658 4379 3859 4419 rerum

2203 4457 2420 4510 natura
2448 4451 2556 4509 fert
2585 4456 2647 4508 ut
2666 4452 2899 4526 possint
2923 4467 3063 4507 cum
3090 4451 3374 4508 omnibus
3393 4450 3671 4524 copulari
3708 4471 3722 4508 :
3749 4453 3858 4508 nisi

2207 4541 2286 4598 ad
2310 4542 2574 4614 primum
2603 4539 2772 4596 illum
2799 4555 3126 4612 perennem
3156 4539 3421 4596 ﬂuminis
3438 4539 3670 4597 fontem
3697 4557 3858 4598 revo-

2204 4635 2430 4688 centur.
2471 4633 2541 4686 At
2578 4631 2865 4686 uniuntur
2901 4629 3080 4686 etiam
3115 4629 3568 4703 particulariter.
3610 4632 3683 4687 Ut
3713 4648 3854 4704 qua-

2201 4720 2496 4778 ternarius
2525 4720 2585 4777 in
2623 4735 2727 4776 sex
2765 4718 3082 4776 denarium
3118 4719 3443 4791 propagari
3479 4723 3704 4792 potest,
3736 4738 3853 4778 rur-

2204 4827 2305 4866 sus
2330 4810 2392 4865 in
2433 4808 2677 4866 cubum.
2706 4811 2855 4865 Nam
2907 4824 3197 4864 numerus
3229 4823 3302 4863 ex
3330 4810 3722 4880 quaternario
3762 4828 3849 4866 so-

2201 4899 2318 4957 lide
2345 4902 2697 4972 compactus
2721 4897 2784 4954 in
2813 4896 3062 4967 cubum,
3112 4897 3524 4969 quaternarios
3584 4898 3846 4957 habetin

2205 4989 2327 5045 suis
2347 4988 2624 5061 utrinque
2652 4987 2946 5060 partibus.
2999 4986 3314 5043 Ternarius
3372 4987 3514 5043 item
3572 4987 3636 5044 in
3679 4993 3848 5062 quin-

2204 5094 2322 5152 que
2345 5077 2667 5150 propagari
2689 5081 2907 5150 potest,
2955 5091 3101 5132 nam
3152 5075 3332 5148 hujus
3390 5076 3613 5149 planus
3650 5095 3851 5139 nume-

2204 5184 2306 5225 rus
2340 5172 2428 5224 est
2468 5171 2530 5223 t5
2568 5181 2858 5222 numerus
2909 5184 2922 5222 :
2959 5165 3063 5238 qui
3117 5165 3388 5238 superior
3417 5166 3510 5222 his
3533 5172 3626 5224 est
3674 5170 3849 5229 dena-

2205 5257 2328 5315 rius
2363 5256 2496 5324 ;his
2525 5255 2708 5312 etiam
2734 5255 3004 5328 superior
3053 5259 3143 5312 est
3194 5255 3464 5313 senarius
3498 5275 3850 5332 :supremus

2205 5347 2524 5414 ternarius,
2567 5346 2762 5402 unitas
2817 5360 2955 5402 vero
2995 5349 3082 5402 est
3145 5361 3437 5403 cacumen
3459 5352 3516 5403 et
3553 5346 3850 5422 fastigium

2208 5437 2549 5504 Quadratus
2586 5436 2766 5506 igitur
2793 5436 2855 5492 in
2879 5435 3104 5492 cubum
3159 5435 3401 5492 uniatur
3426 5441 3670 5510 propter
3689 5440 3850 5498 habi-

2207 5527 2479 5584 tudinem
2510 5569 2526 5596 ,
2558 5525 2891 5596 triangulus
2939 5541 3078 5582 vero
3106 5524 3168 5582 in
3211 5527 3547 5598 pyramidis
3602 5529 3846 5588 similem

2206 5632 2548 5684 numerum,
2577 5614 2884 5674 circularis
2934 5630 3076 5673 vero
3115 5631 3406 5673 numerus
3425 5616 3488 5674 in
3519 5618 3846 5690 sphaeraesi-
