3932 6326
58 372 95 425 1
106 371 240 425 277

987 358 1342 419 THEODORI
1381 358 1427 414 Il
1466 356 1605 419 IMP.
1644 352 1736 410 DE
1776 350 2240 412 COMMUNIUNE
2279 351 2646 411 NATULALI.

3393 347 3532 409 i278

57 493 257 557 ἄλλος
345 495 446 553 πᾶς
511 489 579 553 εἰς
654 489 744 541 τὸν
808 488 1093 561 πεφυκότα.
1156 489 1258 540 Καὶ
1306 485 1492 539 καθότι
1546 482 1637 555 μὶν
1684 486 1772 533 οῦν
1802 480 1850 534 Α
1880 499 2044 560 οὔσης
2123 501 2212 550 καὶ
2285 497 2344 550 οὐ
2388 504 2595 570 ματ-ἦς,
2670 492 2839 567 πολλῷ
2922 494 3110 569 μᾶλλον
3178 495 3270 548 τὰν
3316 497 3533 569 κράσεις

61 584 295 644 πάντες
322 582 543 656 μονάσιν
595 578 698 633 εἰσί
726 597 780 632 τε
834 582 924 631 καὶ
982 584 1276 650 γεννῶνται,
1325 577 1543 647 ἔχουσιν
1593 572 1661 632 εἰς
1711 572 1771 623 τὸ

74 681 208 725 τῶν
259 670 498 745 ἀριθμῶν
553 672 709 743 χύμα
759 672 848 727 τὴν
902 668 1102 735 ἕνωσιν,
1163 668 1244 724 ὅτι
1311 661 1370 720 δε
1419 660 1772 735 διακριθέντες

72 761 257 815 ἄλλοι
299 761 475 824 ἄλλοις
503 760 868 830 ἑνοῦνται,καὶ
899 758 1073 821 ἄλλοις
1132 757 1315 830 ἕτεροι,
1378 758 1464 808 καὶ
1519 752 1579 806 οῦ
1662 770 1772 805 κοι-

76 857 370 905 νωνοῦσιν
395 854 460 913 ὡς
487 854 750 924 τύχωσιν,
792 848 879 902 ἀπ’
922 847 1152 907 ἀλλήλων
1200 846 1426 923 ἐναργῶς
1478 841 1770 917 διακέκριν-

79 961 197 995 ται
231 941 390 994 ταῦθ’
442 942 636 994 ὃτικαὶ
689 942 825 993 κατὰ
876 940 1030 1013 φύσιν
1084 942 1174 991 καὶ
1229 942 1418 1012 κρᾶσιν
1466 938 1702 1008 γίγνεται
1751 953 1768 969 ·

84 1032 175 1093 είς
222 1034 335 1105 γὰρ
382 1034 474 1090 τὴν
523 1035 735 1107 πρώτην
774 1027 968 1088 ἰκείνην
1018 1031 1195 1101 πηγὴν
1240 1026 1470 1080 ένοῦνται
1516 1022 1722 1077 ἅπαντα
1751 1044 1767 1058 ⁸

85 1117 483 1195 διακρίνωνται
514 1117 574 1174 δε
626 1118 713 1173 ἀπ’
763 1118 989 1179 ἀλλήλων
1041 1119 1163 1172 ὅταν
1208 1115 1262 1183 ἕξ
1318 1115 1510 1180 ίκείνης
1566 1112 1762 1169 ποικιλ·

87 1213 249 1265 eam
276 1215 371 1264 καὶ
399 1210 630 1264 σταλῶσι
659 1212 791 1285 πρὸς
817 1212 1093 1285 μερισμόν.

177 1298 249 1362 ζ’.
290 1300 353 1354 Ἠ
382 1303 473 1373 μεν
521 1296 609 1353 οὖν
669 1306 732 1373 τῇ
780 1300 932 1373 φύσει
985 1298 1219 1352 συνοῦσᾶ
1262 1298 1548 1356 συνακτικὴ
1608 1294 1768 1367 ἰσχὺς

81 1386 289 1448 διήκει
365 1394 455 1443 καὶ
535 1389 627 1453 ἕως
717 1397 819 1442 τῶν
931 1387 1253 1441 λεπτοτὰτων
1340 1394 1442 1439 τῶν
1533 1386 1767 1459 κράσεων

77 1485 398 1555 μερισμῶν,
488 1480 701 1550 συνάγει
756 1474 815 1531 δε
884 1476 1038 1530 πάλιν
1090 1479 1159 1539 ὡς
1219 1474 1419 1550 ἀρχικὴ
1496 1476 1563 1528 τὰ
1634 1477 1765 1549 μέρη

88 1568 175 1631 εἰς
230 1572 295 1622 τό
348 1568 595 1642 καθόλου,
653 1572 683 1629 ᾖ
734 1572 823 1622 καὶ
868 1574 981 1630 ταῖς
1036 1570 1286 1641 κράσεσιν
1344 1566 1511 1620 οἰκεία
1563 1562 1769 1627 ἰδιότης

84 1656 356 1735 ἐκατέροις
444 1658 533 1712 ἀπ’
609 1657 838 1717 ἀλλήλων
902 1661 1125 1732 μερίζει,
1194 1656 1296 1711 ἑνοῖ
1347 1654 1407 1710 δι
1458 1654 1574 1709 κατ’
1635 1653 1769 1709 ἰδιό-

82 1768 247 1808 τητα
316 1756 560 1823 μερικῶς.
641 1746 871 1821 Ἔχουσι
948 1744 1007 1801 δε
1081 1748 1146 1800 τὰ
1192 1748 1381 1821 μερικᾰ
1434 1745 1484 1799 ἕν
1536 1753 1768 1823 μερικοῖς

88 1839 451 1914 πολοτρόπως
485 1842 581 1898 τὴν
632 1838 832 1906 ἕνωσιν,
884 1839 1057 1913 ὥσπερ
1121 1841 1210 1890 καὶ
1266 1835 1316 1890 ἓν
1364 1844 1437 1909 τῷ
1490 1841 1616 1911 Περὶ
1670 1835 1771 1909 ψυ-
1801 1845 1841 1899 Β
1876 1848 2028 1895 τοῦτο
2047 1844 2139 1893 καὶ
2178 1843 2322 1916 παρὰ
2349 1844 2503 1914 φύσιν
2553 1840 2718 1894 ἐκεῖνα
2769 1840 3016 1899 κέκληται
3065 1861 3076 1875 ·

92 1938 222 2005 χῆς
276 1928 638 2003 ’Δριστοτίλης
680 1934 885 2002 μνήμην
934 1928 1063 1983 εἶναι
1114 1934 1273 1995 ποιεῖ,
1341 1930 1432 1980 καί
1482 1946 1543 1999 γε
1605 1925 1770 1987 ἁπλῆν

93 2022 316 2079 ταύτην
363 2023 602 2093 νομίζων,
671 2017 1029 2081 πολυπλόκους
1090 2020 1183 2082 τὰς
1240 2008 1528 2090 φαντασίας
1584 2016 1774 2090 ὀνομά-

101 2111 196 2173 ζει
254 2109 435 2172 αὐτῆς.
504 2108 568 2162 Εἰ
604 2110 696 2182 μὶν
734 2105 822 2162 οὖν
887 2116 950 2182 τῇ
1008 2106 1141 2181 ἁπλῇ
1201 2106 1356 2180 ψυχῇ
1399 2109 1490 2168 τὰς
1540 2112 1774 2171 κινήσεις

98 2198 475 2261 πολυπλόκους
560 2204 771 2277 νοοῦμεν
848 2195 996 2265 εἶναι,
1073 2201 1162 2250 καὶ
1221 2196 1609 2271 συμϐάλλεσθαι
1682 2199 1772 2271 μεν

99 2288 275 2352 ἄλλας
332 2292 460 2365 πρὸν
540 2287 717 2355 ἄλλας,
779 2288 953 2361 ἐτέρας
1013 2283 1074 2341 δέ
1116 2289 1241 2363 πρὸς
1279 2286 1471 2361 ἕτερας,
1525 2290 1615 2340 καὶ
1667 2286 1773 2359 οὐχ

98 2377 290 2442 ἁπλῶς
328 2380 409 2433 ὅτι
454 2383 556 2442 πᾶς
605 2376 788 2440 ἑαυτῆς
842 2376 1084 2434 ἑνοῦσθαι
1130 2384 1312 2440 κοινῶς
1360 2380 1451 2431 καί
1505 2395 1564 2451 γε
1600 2382 1774 2452 νοερᾶς

97 2610 320 2671 mitem
342 2626 701 2669 numerum:
764 2614 822 2668 et
873 2609 1126 2685 quilibet
1175 2611 1328 2668 alius
1388 2625 1676 2670 numerus
1705 2611 1768 2670 in

101 2717 301 2781 quem
320 2704 537 2759 natura
576 2701 902 2779 propagari
931 2704 988 2758 et
1041 2700 1197 2759 uniri
1238 2705 1437 2775 potest
1469 2744 1482 2760 .
1538 2705 1603 2760 Et
1624 2717 1772 2777 quo-

102 2792 285 2851 niam
313 2807 525 2849 omnes
554 2807 628 2849 ex
665 2790 995 2849 unitatibus
1046 2792 1339 2849 exsistunt
1367 2796 1424 2850 et
1474 2793 1767 2862 oriuntur,

103 2881 255 2941 ideo
269 2881 541 2939 omnium
563 2881 863 2956 copulatio
895 2881 1250 2939 universalis
1278 2881 1359 2939 ad
1378 2897 1770 2940 numerorum

106 2971 345 3031 ﬂumen
365 2987 628 3046 perenne
654 2975 987 3030 revocatur.
1032 2974 1114 3030 Eo
1153 2975 1353 3030 autem
1406 2971 1574 3046 quod
1602 2988 1769 3046 sepa-

109 3062 233 3121 rati
288 3062 387 3120 alii
443 3061 523 3119 ab
580 3061 712 3119 aliis
768 3062 1052 3119 uniantur
1095 3061 1277 3119 etiam
1315 3061 1415 3119 alii
1461 3078 1601 3119 cum
1640 3061 1768 3120 aliis

108 3168 230 3211 nec
258 3151 612 3225 copulentur
640 3167 780 3207 eum
809 3150 1196 3225 quibuslibet,
1230 3166 1267 3208 a
1296 3167 1358 3209 se
1384 3151 1537 3209 inter
1556 3168 1620 3208 se
1644 3167 1769 3209 ma-

109 3240 327 3309 nifeste
355 3241 616 3299 distincti
649 3244 804 3299 sunt.
838 3244 957 3298 Hoc
986 3245 1188 3298 autem
1218 3241 1355 3299 ideo
1400 3241 1467 3299 ﬁt
1518 3241 1686 3315 quod
1714 3244 1772 3300 et

111 3331 452 3388 secundum
481 3334 764 3388 naturam
788 3333 847 3387 et
904 3330 1238 3387 secundum
1269 3331 1770 3404 temperationem

108 3421 400 3478 uniantur
431 3438 446 3489 ;
476 3436 620 3477 nam
648 3420 711 3477 in
741 3420 1006 3493 primum
1034 3419 1205 3477 illum
1230 3420 1455 3478 fontem
1483 3420 1772 3479 uniuntur

112 3510 341 3567 omnia.
381 3512 807 3567 Discernuntur
850 3525 994 3567 vero
1036 3511 1187 3568 inter
1244 3526 1307 3568 se
1347 3527 1488 3568 cum
1518 3527 1555 3568 a
1609 3511 1772 3571 fonte

111 3598 218 3656 illo
272 3598 534 3672 profecta
589 3598 936 3658 varietatem
998 3599 1319 3672 acquirunt
1373 3603 1431 3657 et
1472 3599 1535 3656 in
1572 3599 1772 3656 distri-

114 3686 428 3745 butionem
485 3686 751 3744 veniunt.

194 3781 247 3832 ‘7.
279 3776 371 3834 Vis
409 3776 587 3847 igitur
624 3776 950 3850 copulandi
987 3792 1125 3850 qum
1162 3780 1451 3851 perpetuo
1488 3780 1773 3834 naturam

122 3865 458 3932 comitatur,
488 3871 760 3939 permeat
795 3866 1275 3923 distributionem
1307 3866 1487 3922 etiam
1526 3865 1603 3923 ad
1637 3865 1775 3922 sub-

123 3955 432 4013 tilissimas
516 3971 708 4029 usque
766 3957 1253 4028 temperationes.
1313 3958 1535 4012 Rursus
1573 3960 1774 4011 autem

128 4048 198 4101 ut
218 4044 489 4117 princeps
554 4060 738 4103 causa
800 4049 1038 4101 revocat
1123 4048 1320 4118 partes
1367 4044 1446 4101 ad
1492 4044 1777 4100 unionem

130 4133 544 4191 universalem.
584 4137 657 4190 At
714 4132 804 4189 vis
887 4134 1265 4207 proprietatis
1340 4133 1647 4206 utriusque
1701 4132 1777 4188 si-

133 4221 377 4294 gillatim
433 4228 636 4296 partes
689 4223 840 4280 inter
897 4239 959 4280 se
1022 4223 1353 4294 distinguit.
1389 4222 1640 4297 Copulat
1676 4239 1778 4280 au-

130 4318 253 4372 tem
273 4313 708 4386 particulariter
736 4314 1069 4372 secundum
1109 4314 1551 4387 proprietatem.
1595 4313 1777 4371 Parti-

133 4402 354 4461 cularia
407 4419 550 4460 vero
601 4404 664 4461 in
715 4403 1170 4476 particularibus
1226 4406 1409 4461 variis
1438 4402 1637 4461 modis
1674 4404 1779 4460 ba-

1882 582 2186 659 δοξάσωμεν
2244 591 2313 659 μὴ
2396 586 2642 639 ἑνοῦσθαι
2733 593 2937 651 κοινῶς,
3025 583 3131 637 ἀλλ’
3203 581 3370 652 ἰδίως,
3437 587 3530 649 τὰς

1878 682 1968 730 καὶ
2025 677 2148 736 ὕλην
2203 678 2432 749 ἐχούσας
2484 680 2574 729 καὶ
2626 672 2803 728 διόλου
2857 677 3067 748 μικτὰς,
3122 676 3256 727 κατὰ
3306 678 3363 728 τὸ
3404 673 3533 729 εἶναι

1877 771 2089 842 κράσεις
2122 768 2302 831 αὐτὰς.
2332 768 2393 822 Εἰ
2436 768 2537 841 γὰρ
2578 772 2667 820 καὶ
2716 772 2906 841 κρᾶσις
2955 770 3027 839 μὴ
3087 768 3291 837 ἔχουσα
3348 766 3526 842 εὑρεθῇ

1878 857 2026 923 ῦλην,
2059 856 2170 910 ἀλλ’
2232 854 2318 910 οὖν
2379 860 2471 910 καὶ
2530 856 2661 917 αῦτη
2703 858 2887 909 καθότι
2924 856 3149 931 κράσεσι
3200 858 3290 908 καὶ
3340 854 3531 929 ἑτέραις

1881 942 1939 1000 δέ
1963 952 2035 1021 μὴ
2082 946 2475 1021 συμϐὰλλεσθαι
2532 966 2548 982 ο
2604 949 2835 1022 περιόντι
2889 948 2990 1019 γὰρ
3046 947 3183 998 θέσει
3229 949 3533 1018 καταγίνον-

1878 1056 1965 1091 ται
2042 1038 2336 1111 πράγματι,
2411 1040 2583 1090 καίτοι
2642 1033 2735 1089 διὰ
2791 1041 2943 1088 τοῦτο
2996 1036 3132 1087 κατὰ
3186 1038 3280 1094 τὴν
3340 1038 3529 1107 σχέσιν

1879 1125 2113 1201 ἀφορῶσι
2146 1136 2241 1189 τῆς
2296 1126 2485 1189 οἰκείας
2537 1128 2701 1201 ὁρμῆς
2737 1145 2750 1161 ο
2805 1124 3065 1199 πολυμερῆ
3116 1126 3212 1200 γὰρ
3288 1126 3357 1177 τὰ
3397 1127 3531 1178 κατὰ

1876 1221 2065 1291 κρᾶσιν
2145 1214 2421 1290 τελούμενα
2471 1217 2551 1269 ὃτι
2622 1217 2676 1268 αἱ
2746 1216 2956 1291 κράσεις
3024 1213 3327 1290 πολυμερεὶς
3413 1214 3526 1267 κατ’

1877 1304 2205 1359 ἕπισύνθεσιν
2240 1349 2251 1361 .
2286 1305 2339 1358 αἰ
2368 1308 2459 1379 μεν
2496 1308 2597 1382 γὰρ
2666 1305 2915 1373 ἐνοῦνται,
2967 1306 3021 1358 αἱ
3075 1300 3133 1357 δὲ
3191 1302 3532 1362 ὰνοικειότητι

1878 1392 2269 1449 διαστέλλονται
2308 1433 2321 1447 .
2354 1400 2473 1470 περὶ
2525 1396 2625 1470 γὰρ
2682 1398 2776 1453 τὴν
2822 1394 2893 1455 εἰς
2938 1395 3218 1453 κοινότητα
3289 1389 3532 1452 ἰδιότητα

1876 1484 1934 1537 οὐ
1960 1483 2111 1556 λόγος
2140 1483 2345 1552 αὐταῖς,
2380 1482 2487 1535 ἀλλ’
2534 1484 2606 1546 εἰς
2661 1480 2908 1542 ἰδιότητα
2959 1484 2983 1535 ό
3045 1486 3235 1544 σκοπὸς
3279 1481 3387 1538 ἐπεὶ
3441 1486 3533 1539 καὶ

1876 1572 1936 1626 οῦ
1964 1575 2147 1627 καθότι
2176 1571 2223 1625 ἐν
2250 1572 2321 1627 ἐνὶ
2370 1574 2498 1627 τελει
2531 1571 2790 1649 ἀφορῶσιν
2839 1572 2971 1646 ὁμοῦ
3018 1591 3031 1607 ο

1876 1665 1964 1717 καὶ
2013 1663 2182 1738 φαῦλα
2236 1663 2352 1722 τελη
2419 1663 2624 1716 τελοῦσι
2705 1669 2943 1736 μιγεῖσαι
3005 1663 3239 1736 κράσεις,
3294 1664 3324 1721 ἠ
3382 1664 3533 1734 φύσις

1879 1748 1939 1806 δὶ
1997 1749 2148 1804 οὐδὲν
2222 1752 2295 1814 εἰς
2350 1752 2579 1828 αἰσχρὸν
2632 1750 2881 1826 ἀφορῶσα
2930 1750 3071 1814 τελος
3146 1750 3379 1810 ἐποίησε.
3438 1752 3536 1804 Διὰ

3134 1843 3193 1892 τὸ
3252 1837 3311 1893 δὲ
3362 1838 3533 1893 πλεῖον

3092 1574 3201 1625 ἔστι
3246 1573 3348 1647 γὰρ
3402 1572 3530 1625 ὅπου

1879 1936 2115 2004 μιγεῖσαι
2154 1932 2369 2004 κράσεις
2426 1932 2577 1985 αἴσια
2649 1930 2766 1989 τέλη
2825 1930 3051 1997 τελοῦσι,
3111 1926 3418 2004 Παράδοξον
3475 1926 3534 1982 δί

1881 2016 2117 2073 δοκείται
2187 2027 2299 2081 ταῖς
2355 2020 2468 2073 κατ’
2530 2016 2775 2079 ἰδιότητα
2820 2022 3043 2096 κράσεσι
3096 2022 3436 2094 μιγνυμέναις
3498 2020 3528 2077 ἠ

1878 2117 1980 2163 τῶν
2014 2108 2196 2183 ἑτέρων
2244 2111 2478 2184 κράσεων
2528 2109 2707 2171 ἓνωσις
2769 2130 2785 2146 ο
2842 2107 3011 2183 ἀφορᾷ
3066 2110 3164 2185 γὰρ
3220 2107 3437 2161 ἑκαστον
3468 2107 3534 2168 εἰς

1880 2202 1975 2258 τὴν
2012 2206 2105 2252 τοῦ
2156 2197 2403 2271 ίγγιστου
2453 2199 2634 2252 ἕνωσιν
2673 2219 2686 2235 ο
2741 2200 3050 2271 συνάγονται
3099 2200 3201 2275 γὰρ
3250 2196 3437 2270 μᾶλλον
3466 2199 3534 2249 τὰ

1880 2288 2038 2361 ὃμοια
2063 2287 2092 2347 ἡ
2126 2290 2192 2340 τὰ
2222 2286 2460 2361 ἀνόμοια,
2491 2289 2572 2343 ὅτι
2600 2290 2659 2340 τὸ
2689 2289 2934 2361 συγγενες
2979 2287 3111 2340 ἕλκει
3159 2288 3217 2339 τὸ
3266 2289 3528 2358 συγγενές.

1881 2382 2109 2457 Πότερον
2140 2375 2228 2433 οὖν
2259 2377 2431 2445 ἁπλῶς
2459 2380 2489 2438 ἡ
2522 2380 2679 2454 φύσις
2714 2383 2995 2439 ποιήσασα
3052 2373 3260 2439 δηλαδὴ
3293 2377 3387 2442 τὰς
3434 2374 3532 2457 ἁρ-

1879 2613 2263 2687 perationum
2322 2612 2501 2686 igitur
2535 2615 2754 2671 natura
2789 2611 2920 2683 fert,
2959 2613 3028 2669 ut
3065 2625 3206 2668 cum
3245 2612 3535 2684 tempera-

1878 2702 2144 2761 tionibus
2174 2702 2551 2777 copulentur,
2591 2717 2787 2779 neque
2826 2718 2966 2759 cum
3005 2700 3253 2758 diversis
3292 2714 3537 2773 compo-

1877 2797 2119 2851 nantur.
2160 2796 2308 2850 Nam
2347 2793 2433 2850 rei
2471 2793 2680 2867 positae
2720 2791 3024 2849 exsistenti
3065 2790 3361 2858 accidunt,
3403 2788 3537 2846 licet

1879 2882 2056 2939 etiam
2088 2898 2125 2938 a
2159 2898 2223 2940 re
2283 2883 2599 2940 discedant
2662 2898 2773 2955 pro
2826 2882 3058 2940 ratione
3117 2878 3535 2954 propensionis

1877 2970 2158 3047 propriae.
2202 2974 2350 3029 Nam
2408 2970 2760 3044 multiplicia
2786 2975 2927 3027 sunt
2942 2986 3078 3043 quae
3107 2984 3215 3042 per
3243 2973 3535 3040 tempera-

1878 3053 2105 3121 tionem
2170 3061 2633 3133 constituuntur,
2703 3076 2774 3118 eo
2841 3059 3008 3134 quod
3071 3057 3533 3131 temperationes

1813 3142 1854 3199 C
1881 3151 2061 3209 etiam
2088 3150 2204 3208 sint
2236 3150 2616 3224 multiplices,
2656 3155 2897 3225 propter
2936 3146 3383 3222 compositionis
3420 3145 3534 3204 ad—

1881 3240 2187 3299 ditionem.
2248 3240 2394 3298 Aliae
2432 3241 2610 3311 igitur
2647 3241 2956 3308 uniuntur,
2996 3239 3122 3297 alia:
3159 3240 3404 3312 propter
3441 3237 3532 3293 di-

1877 3346 2115 3388 versam
2154 3330 2580 3404 proprietatem
2635 3330 3057 3403 sejunguntur.
3116 3331 3265 3386 Nam
3322 3329 3537 3399 praeter

1879 3419 2045 3476 illam
2102 3419 2441 3491 generalem
2518 3419 2764 3476 uniendi
2834 3419 3129 3476 rationem
3181 3414 3534 3488 temperatio

1882 3524 2057 3566 suam
2085 3524 2344 3582 quaeque
2385 3509 2811 3583 proprietatem
2867 3508 3152 3582 sequitur,
3224 3521 3361 3562 cum
3412 3519 3535 3561 non

1882 3614 2118 3671 semper
2143 3597 2223 3654 ad
2255 3613 2444 3654 unum
2482 3598 2668 3654 finem
2729 3597 2910 3654 simul
2940 3597 3275 3667 dirigantur
3307 3599 3536 3666 tempe-

1881 3687 2158 3745 rationes.
2194 3687 2277 3744 Fit
2315 3687 2474 3745 enim
2514 3703 2675 3761 saepe
2709 3691 2774 3745 ut
2809 3686 3276 3759 temperationes
3313 3681 3536 3756 permi-

1882 3780 1985 3833 stte
2013 3775 2222 3833 effecta
2245 3776 2408 3833 mala
2460 3776 2658 3832 edant.
2701 3780 2771 3831 At
2818 3780 3035 3832 natura
3072 3787 3389 3846 nunquam
3420 3769 3534 3825 sibi

1882 3866 2195 3941 proposuit
2218 3870 2389 3938 turpe
2442 3865 2670 3938 aliquid
2727 3864 3130 3920 efficiendum.
3180 3862 3404 3918 Idcirco
3433 3859 3536 3915 illa

1882 3961 2099 4030 praeter
2118 3960 2395 4012 naturam
2421 3956 2578 4012 facta
2599 3955 2895 4012 dicuntur.
2936 3953 3163 4027 Saepius
3222 3966 3360 4009 vero
3388 3955 3532 4006 tem-

1885 4046 2223 4120 perationes
2243 4046 2542 4118 permistae
2573 4060 2892 4119 prosperos
2944 4058 3255 4099 successus
3308 4039 3536 4099 habue-

1884 4140 2042 4193 runt.
2093 4136 2275 4191 Porro
2325 4134 2493 4207 quod
2560 4134 3024 4207 temperationes
3083 4131 3340 4187 diversae
3394 4142 3529 4184 cum

1882 4222 2418 4296 temperationlbus
2477 4223 2809 4280 secundum
2873 4220 3299 4296 proprietatem
3339 4215 3533 4274 mistis

1882 4314 2167 4372 uniantur
2194 4313 2539 4370 incredibile
2565 4313 2820 4371 videtur.
2852 4318 2997 4370 Nam
3038 4308 3537 4385 unumquodque

1881 4421 2021 4462 eum
2052 4404 2326 4478 proximo
2350 4403 2615 4476 copulari
2670 4403 2837 4461 solet.
2893 4403 3093 4458 Potius
3115 4399 3274 4456 enim
3315 4397 3531 4455 similia

133 4491 735 4565 bentcopulationem
766 4498 832 4551 ut
897 4493 1077 4550 etiam
1131 4492 1194 4550 in
1223 4493 1390 4549 libris
1453 4494 1540 4550 De
1572 4493 1777 4550 anima
1809 4505 1852 4559 ι)
1882 4510 2068 4567 quam
2097 4492 2410 4550 dissimilia
2440 4493 2948 4564 conglutinautur,
2999 4491 3142 4565 quia
3168 4490 3230 4547 id
3256 4488 3421 4563 quod
3447 4492 3538 4543 est

135 4580 465 4640 Aristoteles
497 4582 689 4639 tradit.
726 4584 792 4639 Et
822 4598 960 4639 cum
992 4582 1326 4656 simplicem
1357 4583 1626 4639 animam
1658 4598 1778 4639 cre-

134 4670 238 4728 dat
262 4686 408 4742 esse,
441 4676 645 4728 tamen
675 4671 1023 4744 multiplicia
1050 4673 1239 4745 ipsius
1262 4672 1391 4730 visa
1409 4687 1776 4730 commemo-

132 4764 243 4819 rat.
275 4760 328 4818 Si
364 4761 544 4831 igitur
580 4760 834 4835 simplici
901 4762 1119 4819 animm
1160 4760 1518 4835 multiplices
1577 4766 1776 4819 motus

134 4850 317 4908 inesse
338 4850 748 4922 intelligimus,
804 4856 861 4908 et
911 4851 1061 4908 alios
1106 4868 1245 4909 cum
1276 4850 1405 4910 aliis
1470 4851 1772 4927 componi,

136 4943 196 4997 et
252 4940 513 4998 diversos
604 4957 744 4999 cum
830 4941 1105 5010 diversis,
1171 4956 1367 5015 neque
1429 4941 1777 5016 simpliciter

136 5029 305 5099 uniri,
333 5031 612 5103 quamvis
642 5031 779 5105 ipsa
808 5031 880 5088 sit
918 5031 1270 5102 intelligens,
1299 5030 1648 5105 nullamque
1675 5031 1778 5088 ad-

137 5119 467 5179 mistiouem
489 5121 655 5186 ferat,
686 5122 877 5179 multo
894 5122 1091 5192 magis
1117 5122 1456 5179 existimare
1485 5121 1778 5179 debemus

137 5210 589 5283 temperationes
627 5211 728 5269 illo
753 5212 1061 5268 communi
1099 5212 1282 5268 modo
1318 5227 1439 5268 non
1468 5211 1643 5283 uniri,
1672 5210 1777 5268 sed

136 5298 431 5374 peculiari,
472 5317 611 5357 cum
640 5300 968 5374 prmsertim
992 5304 1048 5357 et
1085 5301 1399 5358 materiam
1436 5300 1779 5359 habeantet

138 5390 362 5464 penitus
427 5391 879 5463 permistionem
945 5391 1274 5465 suscipiant
1336 5407 1407 5449 eo
1471 5391 1638 5465 quod
1663 5392 1779 5449 sint

140 5480 609 5552 temperationes.
638 5483 785 5538 Nam
813 5480 1067 5537 etiamisi
1106 5480 1280 5538 detur
1318 5479 1522 5553 aliqua
1554 5485 1778 5555 tempe-

142 5569 282 5627 ratio
337 5584 473 5641 quas
539 5568 855 5627 materiam
911 5584 1036 5627 non
1094 5568 1298 5639 habet,
1354 5574 1778 5628 verumtamen

142 5656 278 5731 quia
292 5659 644 5732 temperatio
681 5662 789 5733 est,
829 5658 1258 5719 admistionem
1296 5658 1562 5734 suscipit;
1602 5661 1776 5718 Tem-

1883 4583 2154 4654 ejusdem
2210 4580 2444 4652 generis
2499 4582 2736 4638 attrahit
2792 4581 2973 4639 etiam
3029 4579 3176 4637 illud
3231 4577 3397 4652 quod
3450 4578 3540 4632 est

1882 4672 2155 4742 ejusdem
2192 4672 2441 4743 generis.
2485 4673 2689 4728 Utrum
2728 4671 2926 4742 igitur,
2966 4686 3107 4727 cum
3135 4673 3351 4727 natura
3370 4664 3539 4739 prin-

1884 4762 2042 4837 cipia
2072 4760 2367 4834 simplicia
2396 4762 2828 4827 constituisset,
2860 4765 2915 4816 et
2952 4758 3032 4817 ad
3069 4758 3415 4815 mistionem
3450 4770 3538 4810 se-

1885 4852 2154 4911 cundum
2194 4852 2690 4923 temperationem
2739 4848 3031 4923 principia
3067 4847 3167 4904 illa
3205 4844 3537 4903 concurris-

1886 4946 2039 5012 sent,
2081 4945 2455 4998 attraxerunt
2490 4939 2637 4996 illud
2675 4938 2841 5012 quod
2879 4937 3113 4993 misceri
3141 4933 3388 5009 potuit?
3412 4935 3539 4989 Non

1887 5031 2047 5089 enim
2098 5028 2244 5086 illud
2300 5027 2465 5101 quod
2528 5028 2758 5084 nullum
2814 5026 3061 5082 omnino
3112 5024 3386 5081 habitum
3448 5025 3540 5078 est

1886 5122 2276 5179 consecutum
2334 5117 2749 5189 turpissimum
2804 5114 3027 5187 aliquid
3082 5112 3194 5169 sibi
3233 5110 3533 5185 proponit.

1887 5212 2051 5266 Esset
2075 5207 2236 5264 enim
2259 5209 2517 5262 erratum
2544 5220 2613 5261 ac
2635 5203 2923 5277 probrum
2946 5204 3539 5274 naturaa.Postquam

1886 5298 2064 5371 igitur
2091 5296 2239 5354 illud
2272 5293 2440 5368 quod
2468 5310 2591 5351 non
2630 5298 2756 5350 erat
2785 5309 2916 5349 esse
2944 5292 3119 5365 coepit
3156 5294 3213 5348 et
3260 5289 3537 5346 habitum

1887 5389 2175 5461 adeptum
2213 5390 2318 5453 est,
2377 5386 2578 5441 statim
2619 5383 2905 5439 diffusum
2944 5383 3005 5440 in
3034 5383 3300 5439 diversas
3338 5383 3540 5454 partes

1885 5478 2048 5537 varie
2083 5479 2370 5551 permeat,
2438 5478 2616 5547 atque
2677 5473 2897 5530 idcirco
2952 5473 3081 5530 aliis
3143 5471 3433 5530 uniuntur
3490 5473 3549 5527 et

1886 5567 2137 5625 diversis
2168 5565 2460 5629 diversas,
2486 5578 2606 5620 non
2636 5566 2840 5619 tamen
2860 5579 3000 5620 cum
3029 5563 3312 5621 omnibus
3339 5562 3545 5619 omnia

1886 5656 2187 5717 Facultate
2205 5654 2387 5729 igitur
2401 5653 2607 5713 omnia
2626 5657 2764 5711 sunt
2784 5668 2975 5712 unum
2995 5654 3057 5712 in
3079 5656 3322 5724 natura,
3337 5650 3442 5709 sed
3458 5666 3545 5707 see
