  <div class='ocr_page' id='page_1' title='image "/cluster/home/n/w/nwhite01/storage/ocr_20150623/140/pst.000005714568/690.png"; bbox 0 0 3932 6326; ppageno 0'>
   <div class='ocr_carea' id='block_1_1' title="bbox 98 371 272 441">
    <p class='ocr_par' dir='ltr' id='par_1_1' title="bbox 98 371 272 441">
     <span class='ocr_line' id='line_1_1' title="bbox 98 371 272 441; baseline 0 -2"><span class='ocrx_word' id='word_1_1' title='bbox 98 371 272 441; x_wconf 70' lang='grc'><strong>1281</strong></span> 
     </span>
    </p>
   </div>
   <div class='ocr_carea' id='block_1_2' title="bbox 1059 366 2540 443">
    <p class='ocr_par' dir='ltr' id='par_1_2' title="bbox 1059 366 2540 443">
     <span class='ocr_line' id='line_1_2' title="bbox 1059 366 2540 443; baseline 0 0"><span class='ocrx_word' id='word_1_2' title='bbox 1059 386 1417 443; x_wconf 72' lang='lat' dir='ltr'><strong>meonom</strong></span> <span class='ocrx_word' id='word_1_3' title='bbox 1449 385 1516 441; x_wconf 79' lang='grc' dir='ltr'>Π.</span> <span class='ocrx_word' id='word_1_4' title='bbox 1548 385 1642 441; x_wconf 90' lang='lat' dir='ltr'><strong>DE</strong></span> <span class='ocrx_word' id='word_1_5' title='bbox 1673 366 2138 441; x_wconf 59' lang='lat' dir='ltr'><strong>domuUNmNE</strong></span> <span class='ocrx_word' id='word_1_6' title='bbox 2165 374 2540 443; x_wconf 80' lang='lat' dir='ltr'><strong>NATURALI.</strong></span> 
     </span>
    </p>
   </div>
   <div class='ocr_carea' id='block_1_3' title="bbox 3379 373 3516 446">
    <p class='ocr_par' dir='ltr' id='par_1_3' title="bbox 3379 373 3516 446">
     <span class='ocr_line' id='line_1_3' title="bbox 3379 373 3516 446; baseline 0.015 -1"><span class='ocrx_word' id='word_1_7' title='bbox 3379 373 3516 446; x_wconf 66' lang='lat'><strong>128&#39;:</strong></span> 
     </span>
    </p>
   </div>
   <div class='ocr_carea' id='block_1_4' title="bbox 156 505 3516 588">
    <p class='ocr_par' dir='ltr' id='par_1_4' title="bbox 156 505 3516 588">
     <span class='ocr_line' id='line_1_4' title="bbox 156 505 3516 588; baseline 0.001 -27"><span class='ocrx_word' id='word_1_8' title='bbox 156 505 351 566; x_wconf 76' lang='grc' dir='ltr'>συνέϐη</span> <span class='ocrx_word' id='word_1_9' title='bbox 370 512 462 562; x_wconf 80' lang='grc' dir='ltr'>καὶ</span> <span class='ocrx_word' id='word_1_10' title='bbox 486 509 704 570; x_wconf 75' lang='grc' dir='ltr'>ταύταις</span> <span class='ocrx_word' id='word_1_11' title='bbox 729 513 913 580; x_wconf 77' lang='grc' dir='ltr'>οχίσις</span> <span class='ocrx_word' id='word_1_12' title='bbox 941 528 996 562; x_wconf 92' lang='grc' dir='ltr'><strong>τε</strong></span> <span class='ocrx_word' id='word_1_13' title='bbox 1023 514 1113 562; x_wconf 87' lang='grc' dir='ltr'>καὶ</span> <span class='ocrx_word' id='word_1_14' title='bbox 1167 506 1468 570; x_wconf 85' lang='grc' dir='ltr'>διάστασις.</span> <span class='ocrx_word' id='word_1_15' title='bbox 1529 513 1755 582; x_wconf 87' lang='grc' dir='ltr'>Πότερον</span> <span class='ocrx_word' id='word_1_16' title='bbox 1816 525 1862 588; x_wconf 65' lang='grc' dir='ltr'><strong>Α</strong></span> <span class='ocrx_word' id='word_1_17' title='bbox 1917 527 2006 560; x_wconf 87' lang='grc' dir='ltr'><strong>και</strong></span> <span class='ocrx_word' id='word_1_18' title='bbox 2073 517 2352 582; x_wconf 82' lang='grc' dir='ltr'><strong>πανταχοῦ</strong></span> <span class='ocrx_word' id='word_1_19' title='bbox 2412 529 2502 562; x_wconf 89' lang='grc' dir='ltr'><strong>και</strong></span> <span class='ocrx_word' id='word_1_20' title='bbox 2575 510 2682 581; x_wconf 82' lang='grc' dir='ltr'><strong>οῦχ</strong></span> <span class='ocrx_word' id='word_1_21' title='bbox 2728 512 2793 571; x_wconf 85' lang='grc' dir='ltr'>ὡς</span> <span class='ocrx_word' id='word_1_22' title='bbox 2855 515 3043 584; x_wconf 78' lang='grc' dir='ltr'>μερικὴ</span> <span class='ocrx_word' id='word_1_23' title='bbox 3096 518 3346 586; x_wconf 88' lang='grc' dir='ltr'>μερικοίς,</span> <span class='ocrx_word' id='word_1_24' title='bbox 3405 511 3516 566; x_wconf 76' lang='grc' dir='ltr'>ἀλλ’</span> 
     </span>
    </p>
   </div>
   <div class='ocr_carea' id='block_1_5' title="bbox 154 595 1757 670">
    <p class='ocr_par' dir='ltr' id='par_1_5' title="bbox 154 595 1757 670">
     <span class='ocr_line' id='line_1_5' title="bbox 154 595 1757 670; baseline -0.001 -20"><span class='ocrx_word' id='word_1_25' title='bbox 154 595 250 650; x_wconf 83' lang='grc' dir='ltr'>οὖν</span> <span class='ocrx_word' id='word_1_26' title='bbox 290 597 337 650; x_wconf 66' lang='grc' dir='ltr'><strong>ἕ)</strong></span> <span class='ocrx_word' id='word_1_27' title='bbox 375 605 448 668; x_wconf 76' lang='grc' dir='ltr'>τῷ</span> <span class='ocrx_word' id='word_1_28' title='bbox 499 600 693 659; x_wconf 91' lang='grc' dir='ltr'>ταύτας</span> <span class='ocrx_word' id='word_1_29' title='bbox 748 598 1056 670; x_wconf 77' lang='grc' dir='ltr'><strong>μερίζεσθαι</strong></span> <span class='ocrx_word' id='word_1_30' title='bbox 1116 599 1420 657; x_wconf 76' lang='grc' dir='ltr'><strong>συνεισῆλθε</strong></span> <span class='ocrx_word' id='word_1_31' title='bbox 1464 606 1526 670; x_wconf 79' lang='grc' dir='ltr'><strong>τῇ·</strong></span> <span class='ocrx_word' id='word_1_32' title='bbox 1590 597 1757 650; x_wconf 76' lang='grc' dir='ltr'>αὐτῶν</span> 
     </span>
    </p>
   </div>
   <div class='ocr_carea' id='block_1_6' title="bbox 155 683 1758 762">
    <p class='ocr_par' dir='ltr' id='par_1_6' title="bbox 155 683 1758 762">
     <span class='ocr_line' id='line_1_6' title="bbox 155 683 1758 762; baseline 0 -24"><span class='ocrx_word' id='word_1_33' title='bbox 155 683 423 762; x_wconf 79' lang='grc' dir='ltr'><strong>διαιρέσει</strong></span> <span class='ocrx_word' id='word_1_34' title='bbox 447 690 506 738; x_wconf 92' lang='grc' dir='ltr'>τὸ</span> <span class='ocrx_word' id='word_1_35' title='bbox 539 686 734 758; x_wconf 81' lang='grc' dir='ltr'>ἀγαθόν</span> <span class='ocrx_word' id='word_1_36' title='bbox 781 707 870 738; x_wconf 88' lang='grc' dir='ltr'><strong>και</strong></span> <span class='ocrx_word' id='word_1_37' title='bbox 910 691 968 738; x_wconf 90' lang='grc' dir='ltr'><strong>τό</strong></span> <span class='ocrx_word' id='word_1_38' title='bbox 999 692 1294 762; x_wconf 81' lang='grc' dir='ltr'><strong>χείριστον,</strong></span> <span class='ocrx_word' id='word_1_39' title='bbox 1327 691 1384 739; x_wconf 91' lang='grc' dir='ltr'><strong>τό</strong></span> <span class='ocrx_word' id='word_1_40' title='bbox 1433 691 1615 759; x_wconf 85' lang='grc' dir='ltr'>μικτὸν</span> <span class='ocrx_word' id='word_1_41' title='bbox 1668 705 1758 738; x_wconf 89' lang='grc' dir='ltr'><strong>και</strong></span> 
     </span>
    </p>
   </div>
   <div class='ocr_carea' id='block_1_7' title="bbox 153 771 1754 847">
    <p class='ocr_par' dir='ltr' id='par_1_7' title="bbox 153 771 1754 847">
     <span class='ocr_line' id='line_1_7' title="bbox 153 771 1754 847; baseline 0.001 -24"><span class='ocrx_word' id='word_1_42' title='bbox 153 776 218 824; x_wconf 87' lang='grc' dir='ltr'>τὸ</span> <span class='ocrx_word' id='word_1_43' title='bbox 295 771 608 840; x_wconf 73' lang='grc' dir='ltr'><strong>στασιῶδες,</strong></span> <span class='ocrx_word' id='word_1_44' title='bbox 695 782 911 827; x_wconf 82' lang='grc' dir='ltr'>κακεῖνα</span> <span class='ocrx_word' id='word_1_45' title='bbox 982 780 1042 828; x_wconf 89' lang='grc' dir='ltr'><strong>τό</strong></span> <span class='ocrx_word' id='word_1_46' title='bbox 1092 775 1353 828; x_wconf 69' lang='grc' dir='ltr'>ποικῦλον</span> <span class='ocrx_word' id='word_1_47' title='bbox 1427 776 1754 847; x_wconf 82' lang='grc' dir='ltr'>εἰσήγαγον;</span> 
     </span>
    </p>
   </div>
   <div class='ocr_carea' id='block_1_8' title="bbox 153 862 1754 935">
    <p class='ocr_par' dir='ltr' id='par_1_8' title="bbox 153 862 1754 935">
     <span class='ocr_line' id='line_1_8' title="bbox 153 862 1754 935; baseline 0.002 -24"><span class='ocrx_word' id='word_1_48' title='bbox 153 864 425 933; x_wconf 74' lang='grc' dir='ltr'>πεφύκασι</span> <span class='ocrx_word' id='word_1_49' title='bbox 476 865 578 935; x_wconf 83' lang='grc' dir='ltr'>γὰρ</span> <span class='ocrx_word' id='word_1_50' title='bbox 634 863 914 914; x_wconf 87' lang='grc' dir='ltr'>ποικίλλειν</span> <span class='ocrx_word' id='word_1_51' title='bbox 967 867 1032 916; x_wconf 81' lang='grc' dir='ltr'>τὰ</span> <span class='ocrx_word' id='word_1_52' title='bbox 1083 868 1219 935; x_wconf 89' lang='grc' dir='ltr'>μέσα</span> <span class='ocrx_word' id='word_1_53' title='bbox 1275 866 1331 915; x_wconf 84' lang='grc' dir='ltr'>αἰ</span> <span class='ocrx_word' id='word_1_54' title='bbox 1391 862 1754 926; x_wconf 76' lang='grc' dir='ltr'><strong>ἐναντιότητες,</strong></span> 
     </span>
    </p>
   </div>
   <div class='ocr_carea' id='block_1_9' title="bbox 155 951 1757 1026">
    <p class='ocr_par' dir='ltr' id='par_1_9' title="bbox 155 951 1757 1026">
     <span class='ocr_line' id='line_1_9' title="bbox 155 951 1757 1026; baseline 0.001 -23"><span class='ocrx_word' id='word_1_55' title='bbox 155 953 338 1024; x_wconf 86' lang='grc' dir='ltr'>ὧσπερ</span> <span class='ocrx_word' id='word_1_56' title='bbox 376 972 466 1004; x_wconf 87' lang='grc' dir='ltr'><strong>και</strong></span> <span class='ocrx_word' id='word_1_57' title='bbox 509 951 593 1004; x_wconf 72' lang='grc' dir='ltr'><strong>ἐπὶ</strong></span> <span class='ocrx_word' id='word_1_58' title='bbox 617 961 716 1004; x_wconf 88' lang='grc' dir='ltr'><strong>τῶν</strong></span> <span class='ocrx_word' id='word_1_59' title='bbox 746 955 1058 1025; x_wconf 73' lang='grc' dir='ltr'>σχημάτων.</span> <span class='ocrx_word' id='word_1_60' title='bbox 1085 953 1143 1006; x_wconf 84' lang='grc' dir='ltr'><strong><em>Ἡ</em></strong></span> <span class='ocrx_word' id='word_1_61' title='bbox 1173 956 1273 1026; x_wconf 87' lang='grc' dir='ltr'><strong>γὰρ</strong></span> <span class='ocrx_word' id='word_1_62' title='bbox 1331 951 1614 1014; x_wconf 78' lang='grc' dir='ltr'>διάστασις</span> <span class='ocrx_word' id='word_1_63' title='bbox 1657 963 1757 1006; x_wconf 88' lang='grc' dir='ltr'><strong>τῶν</strong></span> 
     </span>
    </p>
   </div>
   <div class='ocr_carea' id='block_1_10' title="bbox 158 1039 1758 1116">
    <p class='ocr_par' dir='ltr' id='par_1_10' title="bbox 158 1039 1758 1116">
     <span class='ocr_line' id='line_1_10' title="bbox 158 1039 1758 1116; baseline 0.003 -24"><span class='ocrx_word' id='word_1_64' title='bbox 158 1042 312 1092; x_wconf 81' lang='grc' dir='ltr'>θείων</span> <span class='ocrx_word' id='word_1_65' title='bbox 369 1060 460 1092; x_wconf 88' lang='grc' dir='ltr'><strong>και</strong></span> <span class='ocrx_word' id='word_1_66' title='bbox 508 1061 606 1092; x_wconf 90' lang='grc' dir='ltr'><strong>των</strong></span> <span class='ocrx_word' id='word_1_67' title='bbox 671 1039 1000 1116; x_wconf 82' lang='grc' dir='ltr'><strong>ἀνθρωπίνων</strong></span> <span class='ocrx_word' id='word_1_68' title='bbox 1055 1039 1190 1094; x_wconf 82' lang='grc' dir='ltr'>οὖσα</span> <span class='ocrx_word' id='word_1_69' title='bbox 1243 1042 1426 1105; x_wconf 82' lang='grc' dir='ltr'>πολλὴ,</span> <span class='ocrx_word' id='word_1_70' title='bbox 1483 1043 1646 1100; x_wconf 74' lang='grc' dir='ltr'>αὐτήν</span> <span class='ocrx_word' id='word_1_71' title='bbox 1699 1040 1758 1096; x_wconf 72' lang='grc' dir='ltr'>δε</span> 
     </span>
    </p>
   </div>
   <div class='ocr_carea' id='block_1_11' title="bbox 155 1124 1758 1203">
    <p class='ocr_par' dir='ltr' id='par_1_11' title="bbox 155 1124 1758 1203">
     <span class='ocr_line' id='line_1_11' title="bbox 155 1124 1758 1203; baseline 0.002 -23"><span class='ocrx_word' id='word_1_72' title='bbox 155 1125 342 1187; x_wconf 73' lang='grc' dir='ltr'>ἐπειδὴ</span> <span class='ocrx_word' id='word_1_73' title='bbox 435 1124 530 1181; x_wconf 79' lang='grc' dir='ltr'><strong>διὰ</strong></span> <span class='ocrx_word' id='word_1_74' title='bbox 605 1133 769 1201; x_wconf 86' lang='grc' dir='ltr'>μέσου</span> <span class='ocrx_word' id='word_1_75' title='bbox 820 1133 955 1191; x_wconf 87' lang='grc' dir='ltr'>τινός</span> <span class='ocrx_word' id='word_1_76' title='bbox 993 1130 1324 1203; x_wconf 80' lang='grc' dir='ltr'>ἁρμοσθῆναι</span> <span class='ocrx_word' id='word_1_77' title='bbox 1403 1133 1468 1192; x_wconf 80' lang='grc' dir='ltr'>ὡς</span> <span class='ocrx_word' id='word_1_78' title='bbox 1520 1133 1758 1185; x_wconf 82' lang='grc' dir='ltr'>ὁπωσοῦν</span> 
     </span>
    </p>
   </div>
   <div class='ocr_carea' id='block_1_12' title="bbox 157 1215 1760 1297">
    <p class='ocr_par' dir='ltr' id='par_1_12' title="bbox 157 1215 1760 1297">
     <span class='ocr_line' id='line_1_12' title="bbox 157 1215 1760 1297; baseline 0.002 -28"><span class='ocrx_word' id='word_1_79' title='bbox 157 1215 359 1292; x_wconf 75' lang='grc' dir='ltr'>ἀρχὴν,</span> <span class='ocrx_word' id='word_1_80' title='bbox 409 1222 468 1270; x_wconf 89' lang='grc' dir='ltr'><strong>τό</strong></span> <span class='ocrx_word' id='word_1_81' title='bbox 519 1223 677 1291; x_wconf 82' lang='grc' dir='ltr'>μέσον</span> <span class='ocrx_word' id='word_1_82' title='bbox 734 1221 928 1271; x_wconf 88' lang='grc' dir='ltr'>τούτων</span> <span class='ocrx_word' id='word_1_83' title='bbox 977 1219 1081 1282; x_wconf 81' lang='grc' dir='ltr'>ἕξις</span> <span class='ocrx_word' id='word_1_84' title='bbox 1132 1219 1385 1273; x_wconf 82' lang='grc' dir='ltr'>ἐποίκιλλε</span> <span class='ocrx_word' id='word_1_85' title='bbox 1435 1230 1760 1297; x_wconf 85' lang='grc' dir='ltr'>τετραμερῶς</span> 
     </span>
    </p>
   </div>
   <div class='ocr_carea' id='block_1_13' title="bbox 153 1304 1758 1384">
    <p class='ocr_par' dir='ltr' id='par_1_13' title="bbox 153 1304 1758 1384">
     <span class='ocr_line' id='line_1_13' title="bbox 153 1304 1758 1384; baseline 0.003 -27"><span class='ocrx_word' id='word_1_86' title='bbox 153 1326 254 1358; x_wconf 89' lang='grc' dir='ltr'><strong>και</strong></span> <span class='ocrx_word' id='word_1_87' title='bbox 289 1304 591 1379; x_wconf 75' lang='grc' dir='ltr'>πολυμερῶς</span> <span class='ocrx_word' id='word_1_88' title='bbox 633 1328 646 1340; x_wconf 88' lang='grc'><strong>·</strong></span> <span class='ocrx_word' id='word_1_89' title='bbox 694 1308 724 1365; x_wconf 78' lang='grc' dir='ltr'>ἡ</span> <span class='ocrx_word' id='word_1_90' title='bbox 779 1310 880 1381; x_wconf 84' lang='grc' dir='ltr'><strong>γὰρ</strong></span> <span class='ocrx_word' id='word_1_91' title='bbox 906 1315 998 1360; x_wconf 85' lang='grc' dir='ltr'><strong>τοῦ</strong></span> <span class='ocrx_word' id='word_1_92' title='bbox 1033 1312 1266 1361; x_wconf 88' lang='grc' dir='ltr'>τοιούτου</span> <span class='ocrx_word' id='word_1_93' title='bbox 1311 1313 1528 1384; x_wconf 85' lang='grc' dir='ltr'>στέρησι</span> <span class='ocrx_word' id='word_1_94' title='bbox 1559 1309 1758 1381; x_wconf 78' lang='grc' dir='ltr'>ἀγαθοῦ</span> 
     </span>
    </p>
   </div>
   <div class='ocr_carea' id='block_1_14' title="bbox 154 1392 1758 1468">
    <p class='ocr_par' dir='ltr' id='par_1_14' title="bbox 154 1392 1758 1468">
     <span class='ocr_line' id='line_1_14' title="bbox 154 1392 1758 1468; baseline 0.003 -23"><span class='ocrx_word' id='word_1_95' title='bbox 154 1399 257 1453; x_wconf 81' lang='grc' dir='ltr'>τὴν</span> <span class='ocrx_word' id='word_1_96' title='bbox 287 1395 387 1456; x_wconf 80' lang='grc' dir='ltr'>ἕξιν</span> <span class='ocrx_word' id='word_1_97' title='bbox 425 1397 614 1468; x_wconf 70' lang='grc' dir='ltr'>ἔφερεν,</span> <span class='ocrx_word' id='word_1_98' title='bbox 647 1395 780 1453; x_wconf 79' lang='grc' dir='ltr'>αὕτη</span> <span class='ocrx_word' id='word_1_99' title='bbox 847 1392 907 1449; x_wconf 71' lang='grc' dir='ltr'><strong>δὲ</strong></span> <span class='ocrx_word' id='word_1_100' title='bbox 949 1401 1043 1455; x_wconf 76' lang='grc' dir='ltr'>τὴν</span> <span class='ocrx_word' id='word_1_101' title='bbox 1103 1397 1385 1466; x_wconf 75' lang='grc' dir='ltr'>ποικιλίαν,</span> <span class='ocrx_word' id='word_1_102' title='bbox 1435 1402 1492 1450; x_wconf 89' lang='grc' dir='ltr'><strong>τό</strong></span> <span class='ocrx_word' id='word_1_103' title='bbox 1525 1399 1758 1451; x_wconf 87' lang='grc' dir='ltr'>ποικιλον</span> 
     </span>
    </p>
   </div>
   <div class='ocr_carea' id='block_1_15' title="bbox 153 1484 1759 1556">
    <p class='ocr_par' dir='ltr' id='par_1_15' title="bbox 153 1484 1759 1556">
     <span class='ocr_line' id='line_1_15' title="bbox 153 1484 1759 1556; baseline 0.004 -22"><span class='ocrx_word' id='word_1_104' title='bbox 153 1485 226 1535; x_wconf 82' lang='grc' dir='ltr'>τὰ</span> <span class='ocrx_word' id='word_1_105' title='bbox 256 1487 535 1556; x_wconf 83' lang='grc' dir='ltr'>σχήματα,</span> <span class='ocrx_word' id='word_1_106' title='bbox 588 1489 679 1536; x_wconf 85' lang='grc' dir='ltr'>καὶ</span> <span class='ocrx_word' id='word_1_107' title='bbox 725 1491 892 1536; x_wconf 82' lang='grc' dir='ltr'>ταῦτα</span> <span class='ocrx_word' id='word_1_108' title='bbox 939 1490 1035 1543; x_wconf 81' lang='grc' dir='ltr'>τὴν</span> <span class='ocrx_word' id='word_1_109' title='bbox 1086 1486 1288 1554; x_wconf 79' lang='grc' dir='ltr'>ἕνωσιν,</span> <span class='ocrx_word' id='word_1_110' title='bbox 1340 1489 1474 1540; x_wconf 82' lang='grc' dir='ltr'>ὥστε</span> <span class='ocrx_word' id='word_1_111' title='bbox 1527 1484 1621 1540; x_wconf 78' lang='grc' dir='ltr'><strong>διὰ</strong></span> <span class='ocrx_word' id='word_1_112' title='bbox 1665 1496 1759 1541; x_wconf 90' lang='grc' dir='ltr'><strong>τοῦ</strong></span> 
     </span>
    </p>
   </div>
   <div class='ocr_carea' id='block_1_16' title="bbox 153 1569 1760 1644">
    <p class='ocr_par' dir='ltr' id='par_1_16' title="bbox 153 1569 1760 1644">
     <span class='ocr_line' id='line_1_16' title="bbox 153 1569 1760 1644; baseline 0.004 -21"><span class='ocrx_word' id='word_1_113' title='bbox 153 1575 326 1644; x_wconf 88' lang='grc' dir='ltr'>μέσου</span> <span class='ocrx_word' id='word_1_114' title='bbox 366 1591 418 1624; x_wconf 89' lang='grc' dir='ltr'><strong>τε</strong></span> <span class='ocrx_word' id='word_1_115' title='bbox 441 1577 532 1625; x_wconf 82' lang='grc' dir='ltr'>καὶ</span> <span class='ocrx_word' id='word_1_116' title='bbox 557 1572 793 1625; x_wconf 78' lang='grc' dir='ltr'>ποικίλου</span> <span class='ocrx_word' id='word_1_117' title='bbox 827 1576 894 1625; x_wconf 81' lang='grc' dir='ltr'>τὰ</span> <span class='ocrx_word' id='word_1_118' title='bbox 928 1569 1188 1626; x_wconf 83' lang='grc' dir='ltr'>διεστῶτα</span> <span class='ocrx_word' id='word_1_119' title='bbox 1244 1575 1590 1634; x_wconf 83' lang='grc' dir='ltr'>συνήλθοσαν.</span> <span class='ocrx_word' id='word_1_120' title='bbox 1653 1584 1760 1639; x_wconf 85' lang='grc' dir='ltr'><strong>Τῆς</strong></span> 
     </span>
    </p>
   </div>
   <div class='ocr_carea' id='block_1_17' title="bbox 152 1657 1759 1740">
    <p class='ocr_par' dir='ltr' id='par_1_17' title="bbox 152 1657 1759 1740">
     <span class='ocr_line' id='line_1_17' title="bbox 152 1657 1759 1740; baseline 0.003 -27"><span class='ocrx_word' id='word_1_121' title='bbox 152 1664 252 1731; x_wconf 68' lang='grc' dir='ltr'>μὲν</span> <span class='ocrx_word' id='word_1_122' title='bbox 305 1657 392 1713; x_wconf 86' lang='grc' dir='ltr'>οὖν</span> <span class='ocrx_word' id='word_1_123' title='bbox 457 1661 716 1722; x_wconf 81' lang='grc' dir='ltr'>ποικιλίας</span> <span class='ocrx_word' id='word_1_124' title='bbox 766 1665 961 1714; x_wconf 88' lang='grc' dir='ltr'>τούτων</span> <span class='ocrx_word' id='word_1_125' title='bbox 1016 1669 1107 1716; x_wconf 83' lang='grc' dir='ltr'>καὶ</span> <span class='ocrx_word' id='word_1_126' title='bbox 1159 1672 1255 1724; x_wconf 80' lang='grc' dir='ltr'>τῆς</span> <span class='ocrx_word' id='word_1_127' title='bbox 1311 1664 1533 1726; x_wconf 84' lang='grc' dir='ltr'>ένὼσεως</span> <span class='ocrx_word' id='word_1_128' title='bbox 1578 1665 1759 1740; x_wconf 80' lang='grc' dir='ltr'>ἐτέρων</span> 
     </span>
    </p>
   </div>
   <div class='ocr_carea' id='block_1_18' title="bbox 147 1748 1304 1822">
    <p class='ocr_par' dir='ltr' id='par_1_18' title="bbox 147 1748 1304 1822">
     <span class='ocr_line' id='line_1_18' title="bbox 147 1748 1304 1822; baseline 0.003 -21"><span class='ocrx_word' id='word_1_129' title='bbox 147 1748 322 1820; x_wconf 83' lang='grc' dir='ltr'>λόγων</span> <span class='ocrx_word' id='word_1_130' title='bbox 362 1749 505 1822; x_wconf 88' lang='grc' dir='ltr'>λόγοι</span> <span class='ocrx_word' id='word_1_131' title='bbox 557 1753 748 1822; x_wconf 78' lang='grc' dir='ltr'>ἔχουσι</span> <span class='ocrx_word' id='word_1_132' title='bbox 831 1755 926 1810; x_wconf 79' lang='grc' dir='ltr'>τὴν</span> <span class='ocrx_word' id='word_1_133' title='bbox 1015 1749 1304 1822; x_wconf 78' lang='grc' dir='ltr'>ἀπόδειξιν,</span> 
     </span>
    </p>
   </div>
   <div class='ocr_carea' id='block_1_19' title="bbox 145 1837 1133 1914">
    <p class='ocr_par' dir='ltr' id='par_1_19' title="bbox 145 1837 1133 1914">
     <span class='ocr_line' id='line_1_19' title="bbox 145 1837 1133 1914; baseline 0.002 -24"><span class='ocrx_word' id='word_1_134' title='bbox 145 1840 391 1910; x_wconf 79' lang='grc' dir='ltr'>κράσεων</span> <span class='ocrx_word' id='word_1_135' title='bbox 417 1839 443 1890; x_wconf 87' lang='grc' dir='ltr'><strong><em>ὁ</em></strong></span> <span class='ocrx_word' id='word_1_136' title='bbox 464 1847 552 1891; x_wconf 80' lang='grc' dir='ltr'><strong>νῦν</strong></span> <span class='ocrx_word' id='word_1_137' title='bbox 577 1843 774 1900; x_wconf 87' lang='grc' dir='ltr'>σκοπός</span> <span class='ocrx_word' id='word_1_138' title='bbox 798 1837 1133 1914; x_wconf 77' lang='grc' dir='ltr'>ἐφαρμόδιος.</span> 
     </span>
    </p>
   </div>
   <div class='ocr_carea' id='block_1_20' title="bbox 1390 1752 1758 1828">
    <p class='ocr_par' dir='ltr' id='par_1_20' title="bbox 1390 1752 1758 1828">
     <span class='ocr_line' id='line_1_20' title="bbox 1390 1752 1758 1828; baseline 0 -22"><span class='ocrx_word' id='word_1_139' title='bbox 1390 1759 1508 1828; x_wconf 84' lang='grc' dir='ltr'>περὶ</span> <span class='ocrx_word' id='word_1_140' title='bbox 1549 1752 1609 1806; x_wconf 73' lang='grc' dir='ltr'>δε</span> <span class='ocrx_word' id='word_1_141' title='bbox 1659 1763 1758 1806; x_wconf 89' lang='grc' dir='ltr'><strong>τῶν</strong></span> 
     </span>
    </p>
   </div>
   <div class='ocr_carea' id='block_1_21' title="bbox 227 2015 1760 2093">
    <p class='ocr_par' dir='ltr' id='par_1_21' title="bbox 227 2015 1760 2093">
     <span class='ocr_line' id='line_1_21' title="bbox 227 2015 1760 2093; baseline 0.001 -22"><span class='ocrx_word' id='word_1_142' title='bbox 227 2015 305 2088; x_wconf 82' lang='grc' dir='ltr'><strong>β’.</strong></span> <span class='ocrx_word' id='word_1_143' title='bbox 363 2021 646 2090; x_wconf 64' lang='grc' dir='ltr'>Διῄρηνται</span> <span class='ocrx_word' id='word_1_144' title='bbox 699 2024 826 2088; x_wconf 85' lang='grc' dir='ltr'>γοῦν</span> <span class='ocrx_word' id='word_1_145' title='bbox 893 2020 948 2070; x_wconf 81' lang='grc' dir='ltr'>αἱ</span> <span class='ocrx_word' id='word_1_146' title='bbox 989 2021 1199 2093; x_wconf 84' lang='grc' dir='ltr'>κράσεις</span> <span class='ocrx_word' id='word_1_147' title='bbox 1251 2017 1352 2071; x_wconf 80' lang='grc' dir='ltr'>ἀπο</span> <span class='ocrx_word' id='word_1_148' title='bbox 1404 2027 1498 2080; x_wconf 84' lang='grc' dir='ltr'>τῆς</span> <span class='ocrx_word' id='word_1_149' title='bbox 1562 2023 1760 2092; x_wconf 85' lang='grc' dir='ltr'>φύσεως</span> 
     </span>
    </p>
   </div>
   <div class='ocr_carea' id='block_1_22' title="bbox 141 2105 1760 2181">
    <p class='ocr_par' dir='ltr' id='par_1_22' title="bbox 141 2105 1760 2181">
     <span class='ocr_line' id='line_1_22' title="bbox 141 2105 1760 2181; baseline 0.002 -24"><span class='ocrx_word' id='word_1_150' title='bbox 141 2113 228 2176; x_wconf 83' lang='grc' dir='ltr'>τῷ</span> <span class='ocrx_word' id='word_1_151' title='bbox 285 2111 460 2178; x_wconf 84' lang='grc' dir='ltr'>τρόπῳ</span> <span class='ocrx_word' id='word_1_152' title='bbox 529 2106 584 2158; x_wconf 87' lang='grc' dir='ltr'>ὃν</span> <span class='ocrx_word' id='word_1_153' title='bbox 624 2111 748 2180; x_wconf 78' lang='grc' dir='ltr'>πρὶν</span> <span class='ocrx_word' id='word_1_154' title='bbox 799 2109 1028 2179; x_wconf 80' lang='grc' dir='ltr'>εἴπομεν,</span> <span class='ocrx_word' id='word_1_155' title='bbox 1082 2107 1238 2160; x_wconf 83' lang='grc' dir='ltr'>αὗται</span> <span class='ocrx_word' id='word_1_156' title='bbox 1290 2105 1352 2160; x_wconf 67' lang='grc' dir='ltr'>δε</span> <span class='ocrx_word' id='word_1_157' title='bbox 1397 2113 1760 2181; x_wconf 85' lang='grc' dir='ltr'>μεμονωμένως</span> 
     </span>
    </p>
   </div>
   <div class='ocr_carea' id='block_1_23' title="bbox 143 2193 1760 2269">
    <p class='ocr_par' dir='ltr' id='par_1_23' title="bbox 143 2193 1760 2269">
     <span class='ocr_line' id='line_1_23' title="bbox 143 2193 1760 2269; baseline 0.002 -23"><span class='ocrx_word' id='word_1_158' title='bbox 143 2193 352 2266; x_wconf 79' lang='grc' dir='ltr'>οἰμῶσι</span> <span class='ocrx_word' id='word_1_159' title='bbox 401 2214 492 2247; x_wconf 86' lang='grc' dir='ltr'><strong>και</strong></span> <span class='ocrx_word' id='word_1_160' title='bbox 548 2199 843 2267; x_wconf 80' lang='grc' dir='ltr'>μίγνυνται.</span> <span class='ocrx_word' id='word_1_161' title='bbox 896 2199 1192 2269; x_wconf 78' lang='grc' dir='ltr'>Θεωρητίον</span> <span class='ocrx_word' id='word_1_162' title='bbox 1248 2204 1374 2267; x_wconf 85' lang='grc' dir='ltr'>γοῦν</span> <span class='ocrx_word' id='word_1_163' title='bbox 1428 2197 1589 2257; x_wconf 69' lang='grc' dir='ltr'>αὐτας</span> <span class='ocrx_word' id='word_1_164' title='bbox 1641 2199 1760 2250; x_wconf 81' lang='grc' dir='ltr'>καθ’</span> 
     </span>
    </p>
   </div>
   <div class='ocr_carea' id='block_1_24' title="bbox 145 2282 1761 2347">
    <p class='ocr_par' dir='ltr' id='par_1_24' title="bbox 145 2282 1761 2347">
     <span class='ocr_line' id='line_1_24' title="bbox 145 2282 1761 2347; baseline 0.001 -11"><span class='ocrx_word' id='word_1_165' title='bbox 145 2283 318 2346; x_wconf 77' lang='grc' dir='ltr'>αὐτὰς</span> <span class='ocrx_word' id='word_1_166' title='bbox 349 2284 487 2345; x_wconf 88' lang='grc' dir='ltr'>ὅπως</span> <span class='ocrx_word' id='word_1_167' title='bbox 513 2283 618 2336; x_wconf 88' lang='grc' dir='ltr'>εἰσί</span> <span class='ocrx_word' id='word_1_168' title='bbox 655 2303 710 2336; x_wconf 90' lang='grc' dir='ltr'><strong>τε</strong></span> <span class='ocrx_word' id='word_1_169' title='bbox 761 2303 852 2337; x_wconf 83' lang='grc' dir='ltr'><strong>και</strong></span> <span class='ocrx_word' id='word_1_170' title='bbox 882 2293 1211 2340; x_wconf 73' lang='grc' dir='ltr'>κοινωνοῦσι.</span> <span class='ocrx_word' id='word_1_171' title='bbox 1273 2291 1439 2338; x_wconf 80' lang='grc' dir='ltr'>Τοῦτο</span> <span class='ocrx_word' id='word_1_172' title='bbox 1488 2282 1549 2338; x_wconf 73' lang='grc' dir='ltr'>δε</span> <span class='ocrx_word' id='word_1_173' title='bbox 1600 2285 1761 2347; x_wconf 82' lang='grc' dir='ltr'>οὕτως</span> 
     </span>
    </p>
   </div>
   <div class='ocr_carea' id='block_1_25' title="bbox 148 2370 1762 2448">
    <p class='ocr_par' dir='ltr' id='par_1_25' title="bbox 148 2370 1762 2448">
     <span class='ocr_line' id='line_1_25' title="bbox 148 2370 1762 2448; baseline 0.002 -24"><span class='ocrx_word' id='word_1_174' title='bbox 148 2370 218 2425; x_wconf 70' lang='grc' dir='ltr'>ἄν</span> <span class='ocrx_word' id='word_1_175' title='bbox 247 2374 427 2448; x_wconf 76' lang='grc' dir='ltr'>εὑρεθῇ</span> <span class='ocrx_word' id='word_1_176' title='bbox 463 2392 478 2406; x_wconf 84' lang='grc'><strong>-</strong></span> <span class='ocrx_word' id='word_1_177' title='bbox 514 2371 884 2435; x_wconf 74' lang='grc' dir='ltr'>ἕξετασθέντων</span> <span class='ocrx_word' id='word_1_178' title='bbox 937 2381 1036 2426; x_wconf 90' lang='grc' dir='ltr'><strong>τῶν</strong></span> <span class='ocrx_word' id='word_1_179' title='bbox 1091 2378 1372 2445; x_wconf 85' lang='grc' dir='ltr'>στοιχείων</span> <span class='ocrx_word' id='word_1_180' title='bbox 1427 2393 1484 2426; x_wconf 93' lang='grc' dir='ltr'><strong>τε</strong></span> <span class='ocrx_word' id='word_1_181' title='bbox 1533 2393 1623 2426; x_wconf 88' lang='grc' dir='ltr'><strong>και</strong></span> <span class='ocrx_word' id='word_1_182' title='bbox 1671 2384 1762 2436; x_wconf 85' lang='grc' dir='ltr'>τῆς</span> 
     </span>
    </p>
   </div>
   <div class='ocr_carea' id='block_1_26' title="bbox 153 2459 1760 2536">
    <p class='ocr_par' dir='ltr' id='par_1_26' title="bbox 153 2459 1760 2536">
     <span class='ocr_line' id='line_1_26' title="bbox 153 2459 1760 2536; baseline 0.001 -22"><span class='ocrx_word' id='word_1_183' title='bbox 153 2465 378 2535; x_wconf 84' lang='grc' dir='ltr'>φύσεως,</span> <span class='ocrx_word' id='word_1_184' title='bbox 408 2482 500 2515; x_wconf 89' lang='grc' dir='ltr'><strong>και</strong></span> <span class='ocrx_word' id='word_1_185' title='bbox 527 2465 558 2522; x_wconf 78' lang='grc' dir='ltr'><strong>ἡ</strong></span> <span class='ocrx_word' id='word_1_186' title='bbox 587 2464 677 2536; x_wconf 74' lang='grc' dir='ltr'><strong>μεν</strong></span> <span class='ocrx_word' id='word_1_187' title='bbox 703 2459 792 2515; x_wconf 85' lang='grc' dir='ltr'>οὖν</span> <span class='ocrx_word' id='word_1_188' title='bbox 835 2465 995 2535; x_wconf 87' lang='grc' dir='ltr'>φύσις</span> <span class='ocrx_word' id='word_1_189' title='bbox 1030 2469 1176 2522; x_wconf 78' lang='grc' dir='ltr'>κοινὴ</span> <span class='ocrx_word' id='word_1_190' title='bbox 1233 2470 1367 2517; x_wconf 83' lang='grc' dir='ltr'>πᾶσι</span> <span class='ocrx_word' id='word_1_191' title='bbox 1413 2484 1504 2517; x_wconf 89' lang='grc' dir='ltr'><strong>και</strong></span> <span class='ocrx_word' id='word_1_192' title='bbox 1556 2468 1760 2518; x_wconf 84' lang='grc' dir='ltr'>πάντων</span> 
     </span>
    </p>
   </div>
   <div class='ocr_carea' id='block_1_27' title="bbox 152 2555 1760 2626">
    <p class='ocr_par' dir='ltr' id='par_1_27' title="bbox 152 2555 1760 2626">
     <span class='ocr_line' id='line_1_27' title="bbox 152 2555 1760 2626; baseline 0.002 -23"><span class='ocrx_word' id='word_1_193' title='bbox 152 2559 529 2625; x_wconf 71' lang='grc' dir='ltr'>κατηγορεῖται</span> <span class='ocrx_word' id='word_1_194' title='bbox 593 2571 685 2603; x_wconf 83' lang='grc' dir='ltr'><strong>και</strong></span> <span class='ocrx_word' id='word_1_195' title='bbox 738 2555 1144 2624; x_wconf 84' lang='grc' dir='ltr'>γνωματεύεται,</span> <span class='ocrx_word' id='word_1_196' title='bbox 1228 2573 1316 2605; x_wconf 91' lang='grc' dir='ltr'><strong>και</strong></span> <span class='ocrx_word' id='word_1_197' title='bbox 1373 2558 1580 2626; x_wconf 84' lang='grc' dir='ltr'>κέντρον</span> <span class='ocrx_word' id='word_1_198' title='bbox 1634 2575 1760 2606; x_wconf 86' lang='grc' dir='ltr'>παν-</span> 
     </span>
    </p>
   </div>
   <div class='ocr_carea' id='block_1_28' title="bbox 155 2639 1759 2716">
    <p class='ocr_par' dir='ltr' id='par_1_28' title="bbox 155 2639 1759 2716">
     <span class='ocr_line' id='line_1_28' title="bbox 155 2639 1759 2716; baseline 0.001 -24"><span class='ocrx_word' id='word_1_199' title='bbox 155 2646 365 2712; x_wconf 86' lang='grc' dir='ltr'>ταχόσε</span> <span class='ocrx_word' id='word_1_200' title='bbox 393 2641 690 2714; x_wconf 80' lang='grc' dir='ltr'>εὑρίσκεται</span> <span class='ocrx_word' id='word_1_201' title='bbox 727 2661 817 2693; x_wconf 90' lang='grc' dir='ltr'><strong>και</strong></span> <span class='ocrx_word' id='word_1_202' title='bbox 846 2639 990 2716; x_wconf 81' lang='grc' dir='ltr'>ἁρχὴ</span> <span class='ocrx_word' id='word_1_203' title='bbox 1045 2661 1135 2694; x_wconf 90' lang='grc' dir='ltr'><strong>και</strong></span> <span class='ocrx_word' id='word_1_204' title='bbox 1188 2647 1358 2714; x_wconf 81' lang='grc' dir='ltr'>πηγὴ,</span> <span class='ocrx_word' id='word_1_205' title='bbox 1413 2662 1504 2694; x_wconf 88' lang='grc' dir='ltr'><strong>και</strong></span> <span class='ocrx_word' id='word_1_206' title='bbox 1542 2663 1622 2694; x_wconf 90' lang='grc' dir='ltr'><strong>τοι</strong></span> <span class='ocrx_word' id='word_1_207' title='bbox 1670 2663 1759 2694; x_wconf 90' lang='grc' dir='ltr'><strong>και</strong></span> 
     </span>
    </p>
   </div>
   <div class='ocr_carea' id='block_1_29' title="bbox 153 2727 1760 2804">
    <p class='ocr_par' dir='ltr' id='par_1_29' title="bbox 153 2727 1760 2804">
     <span class='ocr_line' id='line_1_29' title="bbox 153 2727 1760 2804; baseline 0.002 -24"><span class='ocrx_word' id='word_1_208' title='bbox 153 2748 260 2781; x_wconf 89' lang='grc' dir='ltr'><strong>των</strong></span> <span class='ocrx_word' id='word_1_209' title='bbox 289 2731 458 2804; x_wconf 86' lang='grc' dir='ltr'>οἰκρων</span> <span class='ocrx_word' id='word_1_210' title='bbox 489 2728 579 2788; x_wconf 89' lang='grc' dir='ltr'><strong>ὅλη</strong></span> <span class='ocrx_word' id='word_1_211' title='bbox 613 2727 792 2782; x_wconf 83' lang='grc' dir='ltr'>διόλου</span> <span class='ocrx_word' id='word_1_212' title='bbox 818 2728 933 2782; x_wconf 72' lang='grc' dir='ltr'>ἐστί</span> <span class='ocrx_word' id='word_1_213' title='bbox 953 2748 1043 2782; x_wconf 88' lang='grc' dir='ltr'><strong>και</strong></span> <span class='ocrx_word' id='word_1_214' title='bbox 1093 2738 1193 2782; x_wconf 86' lang='grc' dir='ltr'><strong>τῶν</strong></span> <span class='ocrx_word' id='word_1_215' title='bbox 1232 2735 1532 2802; x_wconf 78' lang='grc' dir='ltr'>μεσοτήτων</span> <span class='ocrx_word' id='word_1_216' title='bbox 1567 2731 1760 2803; x_wconf 83' lang='grc' dir='ltr'>ὁμοίως</span> 
     </span>
    </p>
   </div>
   <div class='ocr_carea' id='block_1_30' title="bbox 124 2943 1788 3016">
    <p class='ocr_par' dir='ltr' id='par_1_30' title="bbox 124 2943 1788 3016">
     <span class='ocr_line' id='line_1_30' title="bbox 124 2943 1788 3016; baseline 0.004 -18"><span class='ocrx_word' id='word_1_217' title='bbox 124 2947 296 3010; x_wconf 91' lang='lat' dir='ltr'><strong>sunt,</strong></span> <span class='ocrx_word' id='word_1_218' title='bbox 326 2943 626 3000; x_wconf 85' lang='lat' dir='ltr'><strong>interdum</strong></span> <span class='ocrx_word' id='word_1_219' title='bbox 639 2945 821 3001; x_wconf 92' lang='lat' dir='ltr'><strong>etiam</strong></span> <span class='ocrx_word' id='word_1_220' title='bbox 843 2946 1229 3016; x_wconf 88' lang='lat' dir='ltr'><strong>conveniunt,</strong></span> <span class='ocrx_word' id='word_1_221' title='bbox 1273 2963 1348 3003; x_wconf 90' lang='lat' dir='ltr'><strong>ex</strong></span> <span class='ocrx_word' id='word_1_222' title='bbox 1371 2962 1444 3003; x_wconf 90' lang='lat' dir='ltr'><strong>eo</strong></span> <span class='ocrx_word' id='word_1_223' title='bbox 1473 2948 1540 3003; x_wconf 88' lang='lat' dir='ltr'><strong>ﬁt</strong></span> <span class='ocrx_word' id='word_1_224' title='bbox 1566 2953 1630 3004; x_wconf 88' lang='lat' dir='ltr'><strong>ut</strong></span> <span class='ocrx_word' id='word_1_225' title='bbox 1651 2963 1788 3004; x_wconf 90' lang='lat' dir='ltr'><strong>con-</strong></span> 
     </span>
    </p>
   </div>
   <div class='ocr_carea' id='block_1_31' title="bbox 121 3033 1791 3094">
    <p class='ocr_par' dir='ltr' id='par_1_31' title="bbox 121 3033 1791 3094">
     <span class='ocr_line' id='line_1_31' title="bbox 121 3033 1791 3094; baseline 0.004 -7"><span class='ocrx_word' id='word_1_226' title='bbox 121 3033 487 3090; x_wconf 79' lang='lat' dir='ltr'><strong>venientiam</strong></span> <span class='ocrx_word' id='word_1_227' title='bbox 501 3050 571 3090; x_wconf 88' lang='lat' dir='ltr'><strong>ac</strong></span> <span class='ocrx_word' id='word_1_228' title='bbox 583 3034 927 3091; x_wconf 83' lang='lat' dir='ltr'><strong>distantiam</strong></span> <span class='ocrx_word' id='word_1_229' title='bbox 940 3035 1052 3091; x_wconf 80' lang='lat' dir='ltr'>illis</span> <span class='ocrx_word' id='word_1_230' title='bbox 1067 3035 1336 3093; x_wconf 90' lang='lat' dir='ltr'><strong>accidere</strong></span> <span class='ocrx_word' id='word_1_231' title='bbox 1350 3037 1596 3093; x_wconf 89' lang='lat' dir='ltr'><strong>animad</strong></span> <span class='ocrx_word' id='word_1_232' title='bbox 1605 3043 1791 3094; x_wconf 86' lang='lat' dir='ltr'><strong>verta-</strong></span> 
     </span>
    </p>
   </div>
   <div class='ocr_carea' id='block_1_32' title="bbox 124 3123 1865 3216">
    <p class='ocr_par' dir='ltr' id='par_1_32' title="bbox 124 3123 1865 3216">
     <span class='ocr_line' id='line_1_32' title="bbox 124 3123 1865 3216; baseline 0.003 -40"><span class='ocrx_word' id='word_1_233' title='bbox 124 3137 297 3176; x_wconf 89' lang='lat' dir='ltr'><strong>mus.</strong></span> <span class='ocrx_word' id='word_1_234' title='bbox 323 3123 720 3194; x_wconf 88' lang='lat' dir='ltr'><strong>Utrumigitur</strong></span> <span class='ocrx_word' id='word_1_235' title='bbox 735 3139 876 3180; x_wconf 89' lang='lat' dir='ltr'><strong>cum</strong></span> <span class='ocrx_word' id='word_1_236' title='bbox 901 3123 1331 3194; x_wconf 73' lang='lat' dir='ltr'><strong>dividerentur,</strong></span> <span class='ocrx_word' id='word_1_237' title='bbox 1347 3141 1468 3182; x_wconf 90' lang='lat' dir='ltr'><strong>una</strong></span> <span class='ocrx_word' id='word_1_238' title='bbox 1486 3143 1625 3182; x_wconf 88' lang='lat' dir='ltr'><strong>cum</strong></span> <span class='ocrx_word' id='word_1_239' title='bbox 1641 3127 1792 3182; x_wconf 91' lang='lat' dir='ltr'><strong>divi-</strong></span> <span class='ocrx_word' id='word_1_240' title='bbox 1823 3163 1865 3216; x_wconf 73' lang='grc' dir='ltr'>ο</span> 
     </span>
    </p>
   </div>
   <div class='ocr_carea' id='block_1_33' title="bbox 127 3210 1792 3286">
    <p class='ocr_par' dir='ltr' id='par_1_33' title="bbox 127 3210 1792 3286">
     <span class='ocr_line' id='line_1_33' title="bbox 127 3210 1792 3286; baseline 0.004 -22"><span class='ocrx_word' id='word_1_241' title='bbox 127 3210 308 3265; x_wconf 88' lang='lat' dir='ltr'><strong>sione</strong></span> <span class='ocrx_word' id='word_1_242' title='bbox 329 3211 905 3284; x_wconf 85' lang='lat' dir='ltr'><strong>ipsarumirrepserit</strong></span> <span class='ocrx_word' id='word_1_243' title='bbox 916 3213 1147 3269; x_wconf 91' lang='lat' dir='ltr'><strong>bonum</strong></span> <span class='ocrx_word' id='word_1_244' title='bbox 1161 3220 1216 3270; x_wconf 93' lang='lat' dir='ltr'><strong>et</strong></span> <span class='ocrx_word' id='word_1_245' title='bbox 1231 3215 1471 3286; x_wconf 82' lang='lat' dir='ltr'><strong>malum,</strong></span> <span class='ocrx_word' id='word_1_246' title='bbox 1519 3215 1792 3286; x_wconf 88' lang='lat' dir='ltr'><strong>proclivi-</strong></span> 
     </span>
    </p>
   </div>
   <div class='ocr_carea' id='block_1_34' title="bbox 129 3300 1790 3374">
    <p class='ocr_par' dir='ltr' id='par_1_34' title="bbox 129 3300 1790 3374">
     <span class='ocr_line' id='line_1_34' title="bbox 129 3300 1790 3374; baseline 0.005 -22"><span class='ocrx_word' id='word_1_247' title='bbox 129 3305 230 3353; x_wconf 89' lang='lat' dir='ltr'><strong>tas</strong></span> <span class='ocrx_word' id='word_1_248' title='bbox 258 3300 337 3355; x_wconf 89' lang='lat' dir='ltr'><strong>ad</strong></span> <span class='ocrx_word' id='word_1_249' title='bbox 373 3300 736 3368; x_wconf 89' lang='lat' dir='ltr'><strong>mistionem,</strong></span> <span class='ocrx_word' id='word_1_250' title='bbox 769 3308 826 3358; x_wconf 91' lang='lat' dir='ltr'><strong>et</strong></span> <span class='ocrx_word' id='word_1_251' title='bbox 850 3301 1190 3374; x_wconf 81' lang='lat' dir='ltr'><strong>proclivitas</strong></span> <span class='ocrx_word' id='word_1_252' title='bbox 1223 3303 1302 3358; x_wconf 91' lang='lat' dir='ltr'><strong>ad</strong></span> <span class='ocrx_word' id='word_1_253' title='bbox 1363 3305 1790 3373; x_wconf 87' lang='lat' dir='ltr'><strong>secessionem,</strong></span> 
     </span>
    </p>
   </div>
   <div class='ocr_carea' id='block_1_35' title="bbox 129 3389 1794 3449">
    <p class='ocr_par' dir='ltr' id='par_1_35' title="bbox 129 3389 1794 3449">
     <span class='ocr_line' id='line_1_35' title="bbox 129 3389 1794 3449; baseline 0.002 -3"><span class='ocrx_word' id='word_1_254' title='bbox 129 3392 226 3446; x_wconf 87' lang='lat' dir='ltr'><strong>ita</strong></span> <span class='ocrx_word' id='word_1_255' title='bbox 251 3396 315 3445; x_wconf 90' lang='lat' dir='ltr'><strong>ut</strong></span> <span class='ocrx_word' id='word_1_256' title='bbox 341 3390 692 3446; x_wconf 81' lang='lat' dir='ltr'><strong>varietatem</strong></span> <span class='ocrx_word' id='word_1_257' title='bbox 720 3389 1064 3447; x_wconf 86' lang='lat' dir='ltr'><strong>induxerint</strong></span> <span class='ocrx_word' id='word_1_258' title='bbox 1100 3393 1128 3448; x_wconf 71' lang='lat'><strong>‘2</strong></span> <span class='ocrx_word' id='word_1_259' title='bbox 1166 3395 1314 3448; x_wconf 90' lang='lat' dir='ltr'><strong>Nam</strong></span> <span class='ocrx_word' id='word_1_260' title='bbox 1346 3394 1794 3449; x_wconf 88' lang='lat' dir='ltr'><strong>contrarietates</strong></span> 
     </span>
    </p>
   </div>
   <div class='ocr_carea' id='block_1_36' title="bbox 133 3479 1798 3549">
    <p class='ocr_par' dir='ltr' id='par_1_36' title="bbox 133 3479 1798 3549">
     <span class='ocr_line' id='line_1_36' title="bbox 133 3479 1798 3549; baseline 0.002 -15"><span class='ocrx_word' id='word_1_261' title='bbox 133 3479 339 3534; x_wconf 80' lang='lat' dir='ltr'><strong>solent</strong></span> <span class='ocrx_word' id='word_1_262' title='bbox 361 3479 730 3536; x_wconf 89' lang='lat' dir='ltr'><strong>intermediis</strong></span> <span class='ocrx_word' id='word_1_263' title='bbox 767 3481 1119 3536; x_wconf 84' lang='lat' dir='ltr'><strong>varietatem</strong></span> <span class='ocrx_word' id='word_1_264' title='bbox 1146 3481 1379 3549; x_wconf 85' lang='lat' dir='ltr'><strong>afferre,</strong></span> <span class='ocrx_word' id='word_1_265' title='bbox 1422 3487 1486 3537; x_wconf 90' lang='lat' dir='ltr'><strong>ut</strong></span> <span class='ocrx_word' id='word_1_266' title='bbox 1528 3483 1708 3538; x_wconf 90' lang='lat' dir='ltr'><strong>etiam</strong></span> <span class='ocrx_word' id='word_1_267' title='bbox 1732 3483 1798 3538; x_wconf 88' lang='lat' dir='ltr'><strong>ﬁt</strong></span> 
     </span>
    </p>
   </div>
   <div class='ocr_carea' id='block_1_37' title="bbox 129 3567 1798 3641">
    <p class='ocr_par' dir='ltr' id='par_1_37' title="bbox 129 3567 1798 3641">
     <span class='ocr_line' id='line_1_37' title="bbox 129 3567 1798 3641; baseline 0.001 -17"><span class='ocrx_word' id='word_1_268' title='bbox 129 3569 201 3624; x_wconf 92' lang='lat' dir='ltr'><strong>in</strong></span> <span class='ocrx_word' id='word_1_269' title='bbox 229 3567 458 3637; x_wconf 86' lang='lat' dir='ltr'><strong>ﬁguris,</strong></span> <span class='ocrx_word' id='word_1_270' title='bbox 494 3568 640 3624; x_wconf 93' lang='lat' dir='ltr'><strong>Cum</strong></span> <span class='ocrx_word' id='word_1_271' title='bbox 663 3569 822 3624; x_wconf 89' lang='lat' dir='ltr'><strong>enim</strong></span> <span class='ocrx_word' id='word_1_272' title='bbox 838 3568 1492 3641; x_wconf 89' lang='lat' dir='ltr'><strong>distantiapositionum</strong></span> <span class='ocrx_word' id='word_1_273' title='bbox 1527 3577 1582 3626; x_wconf 91' lang='lat' dir='ltr'><strong>et</strong></span> <span class='ocrx_word' id='word_1_274' title='bbox 1600 3587 1798 3626; x_wconf 91' lang='lat' dir='ltr'><strong>rerum</strong></span> 
     </span>
    </p>
   </div>
   <div class='ocr_carea' id='block_1_38' title="bbox 129 3657 1800 3731">
    <p class='ocr_par' dir='ltr' id='par_1_38' title="bbox 129 3657 1800 3731">
     <span class='ocr_line' id='line_1_38' title="bbox 129 3657 1800 3731; baseline 0.002 -18"><span class='ocrx_word' id='word_1_275' title='bbox 129 3659 551 3714; x_wconf 88' lang='lat' dir='ltr'><strong>humanarum</strong></span> <span class='ocrx_word' id='word_1_276' title='bbox 586 3658 746 3729; x_wconf 73' lang='lat' dir='ltr'><strong>(quae</strong></span> <span class='ocrx_word' id='word_1_277' title='bbox 771 3673 1000 3728; x_wconf 89' lang='lat' dir='ltr'><strong>magna</strong></span> <span class='ocrx_word' id='word_1_278' title='bbox 1020 3657 1129 3730; x_wconf 89' lang='lat' dir='ltr'><strong>est)</strong></span> <span class='ocrx_word' id='word_1_279' title='bbox 1150 3659 1505 3715; x_wconf 91' lang='lat' dir='ltr'><strong>intermedio</strong></span> <span class='ocrx_word' id='word_1_280' title='bbox 1531 3661 1800 3731; x_wconf 88' lang='lat' dir='ltr'><strong>quodam</strong></span> 
     </span>
    </p>
   </div>
   <div class='ocr_carea' id='block_1_39' title="bbox 132 3744 1800 3817">
    <p class='ocr_par' dir='ltr' id='par_1_39' title="bbox 132 3744 1800 3817">
     <span class='ocr_line' id='line_1_39' title="bbox 132 3744 1800 3817; baseline 0.002 -16"><span class='ocrx_word' id='word_1_281' title='bbox 132 3750 300 3802; x_wconf 86' lang='lat' dir='ltr'><strong>esset</strong></span> <span class='ocrx_word' id='word_1_282' title='bbox 325 3744 668 3817; x_wconf 87' lang='lat' dir='ltr'><strong>copulanda</strong></span> <span class='ocrx_word' id='word_1_283' title='bbox 709 3762 722 3800; x_wconf 89' lang='lat'><strong>:</strong></span> <span class='ocrx_word' id='word_1_284' title='bbox 772 3746 993 3801; x_wconf 89' lang='lat' dir='ltr'><strong>harum</strong></span> <span class='ocrx_word' id='word_1_285' title='bbox 1044 3745 1396 3802; x_wconf 88' lang='lat' dir='ltr'><strong>intermedio</strong></span> <span class='ocrx_word' id='word_1_286' title='bbox 1456 3751 1800 3804; x_wconf 77' lang='lat' dir='ltr'><strong>varietatem</strong></span> 
     </span>
    </p>
   </div>
   <div class='ocr_carea' id='block_1_40' title="bbox 132 3833 1802 3908">
    <p class='ocr_par' dir='ltr' id='par_1_40' title="bbox 132 3833 1802 3908">
     <span class='ocr_line' id='line_1_40' title="bbox 132 3833 1802 3908; baseline 0.002 -20"><span class='ocrx_word' id='word_1_287' title='bbox 132 3833 602 3908; x_wconf 88' lang='lat' dir='ltr'><strong>quadruplicem</strong></span> <span class='ocrx_word' id='word_1_288' title='bbox 639 3833 916 3906; x_wconf 84' lang='lat' dir='ltr'><strong>adeoque</strong></span> <span class='ocrx_word' id='word_1_289' title='bbox 942 3833 1333 3906; x_wconf 87' lang='lat' dir='ltr'><strong>multiplicem</strong></span> <span class='ocrx_word' id='word_1_290' title='bbox 1366 3834 1802 3892; x_wconf 90' lang='lat' dir='ltr'><strong>habilitascon-</strong></span> 
     </span>
    </p>
   </div>
   <div class='ocr_carea' id='block_1_41' title="bbox 135 3921 1802 3994">
    <p class='ocr_par' dir='ltr' id='par_1_41' title="bbox 135 3921 1802 3994">
     <span class='ocr_line' id='line_1_41' title="bbox 135 3921 1802 3994; baseline 0.001 -16"><span class='ocrx_word' id='word_1_291' title='bbox 135 3922 378 3978; x_wconf 89' lang='lat' dir='ltr'><strong>ciliavit.</strong></span> <span class='ocrx_word' id='word_1_292' title='bbox 414 3925 565 3977; x_wconf 89' lang='lat' dir='ltr'><strong>Nam</strong></span> <span class='ocrx_word' id='word_1_293' title='bbox 604 3921 736 3978; x_wconf 83' lang='lat' dir='ltr'><strong>talis</strong></span> <span class='ocrx_word' id='word_1_294' title='bbox 765 3921 910 3978; x_wconf 92' lang='lat' dir='ltr'><strong>boni</strong></span> <span class='ocrx_word' id='word_1_295' title='bbox 949 3923 1207 3994; x_wconf 87' lang='lat' dir='ltr'><strong>privatio</strong></span> <span class='ocrx_word' id='word_1_296' title='bbox 1246 3923 1621 3982; x_wconf 86' lang='lat' dir='ltr'><strong>habilitatem</strong></span> <span class='ocrx_word' id='word_1_297' title='bbox 1652 3930 1802 3980; x_wconf 89' lang='lat' dir='ltr'><strong>attu-</strong></span> 
     </span>
    </p>
   </div>
   <div class='ocr_carea' id='block_1_42' title="bbox 131 4010 1802 4084">
    <p class='ocr_par' dir='ltr' id='par_1_42' title="bbox 131 4010 1802 4084">
     <span class='ocr_line' id='line_1_42' title="bbox 131 4010 1802 4084; baseline 0 -17"><span class='ocrx_word' id='word_1_298' title='bbox 131 4012 227 4076; x_wconf 89' lang='lat' dir='ltr'><strong>lit,</strong></span> <span class='ocrx_word' id='word_1_299' title='bbox 256 4010 536 4066; x_wconf 87' lang='lat' dir='ltr'><strong>habilitas</strong></span> <span class='ocrx_word' id='word_1_300' title='bbox 569 4026 708 4066; x_wconf 86' lang='lat' dir='ltr'><strong>vero</strong></span> <span class='ocrx_word' id='word_1_301' title='bbox 721 4012 1070 4067; x_wconf 86' lang='lat' dir='ltr'><strong>varietatem</strong></span> <span class='ocrx_word' id='word_1_302' title='bbox 1097 4029 1114 4082; x_wconf 83' lang='lat'><strong>;</strong></span> <span class='ocrx_word' id='word_1_303' title='bbox 1145 4012 1402 4068; x_wconf 86' lang='lat' dir='ltr'><strong>varietas</strong></span> <span class='ocrx_word' id='word_1_304' title='bbox 1426 4016 1627 4068; x_wconf 90' lang='lat' dir='ltr'><strong>autem</strong></span> <span class='ocrx_word' id='word_1_305' title='bbox 1649 4012 1802 4084; x_wconf 88' lang='lat' dir='ltr'><strong>ﬁgu-</strong></span> 
     </span>
    </p>
   </div>
   <div class='ocr_carea' id='block_1_43' title="bbox 135 4099 1805 4172">
    <p class='ocr_par' dir='ltr' id='par_1_43' title="bbox 135 4099 1805 4172">
     <span class='ocr_line' id='line_1_43' title="bbox 135 4099 1805 4172; baseline 0 -15"><span class='ocrx_word' id='word_1_306' title='bbox 135 4116 270 4169; x_wconf 90' lang='lat' dir='ltr'><strong>ras,</strong></span> <span class='ocrx_word' id='word_1_307' title='bbox 285 4105 342 4155; x_wconf 91' lang='lat' dir='ltr'><strong>et</strong></span> <span class='ocrx_word' id='word_1_308' title='bbox 355 4099 564 4169; x_wconf 56' lang='lat' dir='ltr'><strong>ﬁgura».</strong></span> <span class='ocrx_word' id='word_1_309' title='bbox 577 4099 1022 4171; x_wconf 87' lang='lat' dir='ltr'><strong>copulationem</strong></span> <span class='ocrx_word' id='word_1_310' title='bbox 1032 4141 1044 4154; x_wconf 98' lang='lat'><strong>.</strong></span> <span class='ocrx_word' id='word_1_311' title='bbox 1062 4099 1466 4164; x_wconf 85' lang='lat' dir='ltr'><strong>Quamobrem</strong></span> <span class='ocrx_word' id='word_1_312' title='bbox 1491 4117 1628 4172; x_wconf 62' lang='lat' dir='ltr'><strong>qua;</strong></span> <span class='ocrx_word' id='word_1_313' title='bbox 1654 4102 1713 4156; x_wconf 92' lang='lat' dir='ltr'><strong>in</strong></span> <span class='ocrx_word' id='word_1_314' title='bbox 1721 4107 1805 4157; x_wconf 89' lang='lat' dir='ltr'><strong>ter</strong></span> 
     </span>
    </p>
   </div>
   <div class='ocr_carea' id='block_1_44' title="bbox 140 4187 1806 4260">
    <p class='ocr_par' dir='ltr' id='par_1_44' title="bbox 140 4187 1806 4260">
     <span class='ocr_line' id='line_1_44' title="bbox 140 4187 1806 4260; baseline 0.001 -16"><span class='ocrx_word' id='word_1_315' title='bbox 140 4205 211 4244; x_wconf 89' lang='lat' dir='ltr'><strong>se</strong></span> <span class='ocrx_word' id='word_1_316' title='bbox 251 4187 847 4256; x_wconf 89' lang='lat' dir='ltr'><strong>multumdistabant,</strong></span> <span class='ocrx_word' id='word_1_317' title='bbox 863 4187 1260 4243; x_wconf 87' lang='lat' dir='ltr'><strong>intercedente</strong></span> <span class='ocrx_word' id='word_1_318' title='bbox 1301 4187 1719 4260; x_wconf 89' lang='lat' dir='ltr'><strong>aliquomedio</strong></span> <span class='ocrx_word' id='word_1_319' title='bbox 1748 4194 1806 4246; x_wconf 87' lang='lat' dir='ltr'><strong>et</strong></span> 
     </span>
    </p>
   </div>
   <div class='ocr_carea' id='block_1_45' title="bbox 137 4277 1802 4333">
    <p class='ocr_par' dir='ltr' id='par_1_45' title="bbox 137 4277 1802 4333">
     <span class='ocr_line' id='line_1_45' title="bbox 137 4277 1802 4333; baseline 0.001 -1"><span class='ocrx_word' id='word_1_320' title='bbox 137 4277 314 4333; x_wconf 83' lang='lat' dir='ltr'><strong>vario</strong></span> <span class='ocrx_word' id='word_1_321' title='bbox 334 4291 688 4332; x_wconf 85' lang='lat' dir='ltr'><strong>convenere.</strong></span> <span class='ocrx_word' id='word_1_322' title='bbox 715 4278 994 4333; x_wconf 80' lang='lat' dir='ltr'><strong>Rationes</strong></span> <span class='ocrx_word' id='word_1_323' title='bbox 1022 4282 1222 4332; x_wconf 90' lang='lat' dir='ltr'><strong>autem</strong></span> <span class='ocrx_word' id='word_1_324' title='bbox 1239 4277 1543 4333; x_wconf 84' lang='lat' dir='ltr'><strong>varietatis</strong></span> <span class='ocrx_word' id='word_1_325' title='bbox 1585 4277 1802 4333; x_wconf 91' lang='lat' dir='ltr'><strong>horum</strong></span> 
     </span>
    </p>
   </div>
   <div class='ocr_carea' id='block_1_46' title="bbox 141 4364 1802 4438">
    <p class='ocr_par' dir='ltr' id='par_1_46' title="bbox 141 4364 1802 4438">
     <span class='ocr_line' id='line_1_46' title="bbox 141 4364 1802 4438; baseline -0.001 -16"><span class='ocrx_word' id='word_1_326' title='bbox 141 4371 206 4422; x_wconf 87' lang='lat' dir='ltr'><strong>et</strong></span> <span class='ocrx_word' id='word_1_327' title='bbox 243 4364 636 4438; x_wconf 91' lang='lat' dir='ltr'><strong>copulationis</strong></span> <span class='ocrx_word' id='word_1_328' title='bbox 664 4364 781 4421; x_wconf 91' lang='lat' dir='ltr'><strong>alio</strong></span> <span class='ocrx_word' id='word_1_329' title='bbox 834 4365 895 4420; x_wconf 94' lang='lat' dir='ltr'><strong>in</strong></span> <span class='ocrx_word' id='word_1_330' title='bbox 945 4365 1078 4422; x_wconf 90' lang='lat' dir='ltr'><strong>loco</strong></span> <span class='ocrx_word' id='word_1_331' title='bbox 1135 4364 1390 4437; x_wconf 87' lang='lat' dir='ltr'><strong>aliisque</strong></span> <span class='ocrx_word' id='word_1_332' title='bbox 1430 4366 1802 4435; x_wconf 82' lang='lat' dir='ltr'><strong>argumentis</strong></span> 
     </span>
    </p>
   </div>
   <div class='ocr_carea' id='block_1_47' title="bbox 140 4453 1803 4510">
    <p class='ocr_par' dir='ltr' id='par_1_47' title="bbox 140 4453 1803 4510">
     <span class='ocr_line' id='line_1_47' title="bbox 140 4453 1803 4510; baseline 0 0"><span class='ocrx_word' id='word_1_333' title='bbox 140 4453 652 4510; x_wconf 89' lang='lat' dir='ltr'><strong>demonstrantur.</strong></span> <span class='ocrx_word' id='word_1_334' title='bbox 702 4456 870 4509; x_wconf 88' lang='lat' dir='ltr'><strong>Nunc</strong></span> <span class='ocrx_word' id='word_1_335' title='bbox 924 4469 1067 4509; x_wconf 88' lang='lat' dir='ltr'><strong>vero</strong></span> <span class='ocrx_word' id='word_1_336' title='bbox 1138 4454 1507 4510; x_wconf 88' lang='lat' dir='ltr'><strong>tractationis</strong></span> <span class='ocrx_word' id='word_1_337' title='bbox 1530 4455 1679 4510; x_wconf 90' lang='lat' dir='ltr'><strong>ordo</strong></span> <span class='ocrx_word' id='word_1_338' title='bbox 1712 4471 1803 4510; x_wconf 87' lang='lat' dir='ltr'><strong>re—</strong></span> 
     </span>
    </p>
   </div>
   <div class='ocr_carea' id='block_1_48' title="bbox 139 4541 1803 4616">
    <p class='ocr_par' dir='ltr' id='par_1_48' title="bbox 139 4541 1803 4616">
     <span class='ocr_line' id='line_1_48' title="bbox 139 4541 1803 4616; baseline 0.001 -18"><span class='ocrx_word' id='word_1_339' title='bbox 139 4543 423 4616; x_wconf 85' lang='lat' dir='ltr'><strong>quiritut,</strong></span> <span class='ocrx_word' id='word_1_340' title='bbox 454 4541 976 4615; x_wconf 89' lang='lat' dir='ltr'><strong>quemadmodum</strong></span> <span class='ocrx_word' id='word_1_341' title='bbox 991 4544 1367 4615; x_wconf 89' lang='lat' dir='ltr'><strong>propositum</strong></span> <span class='ocrx_word' id='word_1_342' title='bbox 1391 4543 1694 4606; x_wconf 89' lang='lat' dir='ltr'><strong>estnobis,</strong></span> <span class='ocrx_word' id='word_1_343' title='bbox 1728 4543 1803 4600; x_wconf 89' lang='lat' dir='ltr'><strong>de</strong></span> 
     </span>
    </p>
   </div>
   <div class='ocr_carea' id='block_1_49' title="bbox 144 4631 1008 4704">
    <p class='ocr_par' dir='ltr' id='par_1_49' title="bbox 144 4631 1008 4704">
     <span class='ocr_line' id='line_1_49' title="bbox 144 4631 1008 4704; baseline -0.001 -15"><span class='ocrx_word' id='word_1_344' title='bbox 144 4631 686 4704; x_wconf 82' lang='lat' dir='ltr'><strong>temperationibus</strong></span> <span class='ocrx_word' id='word_1_345' title='bbox 711 4631 1008 4688; x_wconf 89' lang='lat' dir='ltr'><strong>dicamus.</strong></span> 
     </span>
    </p>
   </div>
   <div class='ocr_carea' id='block_1_50' title="bbox 223 4808 1806 4881">
    <p class='ocr_par' dir='ltr' id='par_1_50' title="bbox 223 4808 1806 4881">
     <span class='ocr_line' id='line_1_50' title="bbox 223 4808 1806 4881; baseline 0 -16"><span class='ocrx_word' id='word_1_346' title='bbox 223 4814 282 4865; x_wconf 85' lang='lat'><strong>2.</strong></span> <span class='ocrx_word' id='word_1_347' title='bbox 319 4810 620 4865; x_wconf 80' lang='lat' dir='ltr'><strong>Dictinctae</strong></span> <span class='ocrx_word' id='word_1_348' title='bbox 638 4813 777 4864; x_wconf 90' lang='lat' dir='ltr'><strong>sunt</strong></span> <span class='ocrx_word' id='word_1_349' title='bbox 812 4809 990 4879; x_wconf 88' lang='lat' dir='ltr'><strong>igitur</strong></span> <span class='ocrx_word' id='word_1_350' title='bbox 1010 4808 1468 4881; x_wconf 90' lang='lat' dir='ltr'><strong>temperationes</strong></span> <span class='ocrx_word' id='word_1_351' title='bbox 1502 4825 1538 4864; x_wconf 89' lang='lat' dir='ltr'><strong>a</strong></span> <span class='ocrx_word' id='word_1_352' title='bbox 1589 4812 1806 4866; x_wconf 88' lang='lat' dir='ltr'><strong>natura</strong></span> 
     </span>
    </p>
   </div>
   <div class='ocr_carea' id='block_1_51' title="bbox 151 4897 1803 4971">
    <p class='ocr_par' dir='ltr' id='par_1_51' title="bbox 151 4897 1803 4971">
     <span class='ocr_line' id='line_1_51' title="bbox 151 4897 1803 4971; baseline -0.001 -16"><span class='ocrx_word' id='word_1_353' title='bbox 151 4898 343 4955; x_wconf 91' lang='lat' dir='ltr'><strong>modo</strong></span> <span class='ocrx_word' id='word_1_354' title='bbox 371 4915 556 4971; x_wconf 90' lang='lat' dir='ltr'><strong>quem</strong></span> <span class='ocrx_word' id='word_1_355' title='bbox 587 4905 722 4955; x_wconf 90' lang='lat' dir='ltr'><strong>ante</strong></span> <span class='ocrx_word' id='word_1_356' title='bbox 736 4898 1015 4954; x_wconf 84' lang='lat' dir='ltr'><strong>diximus.</strong></span> <span class='ocrx_word' id='word_1_357' title='bbox 1034 4903 1185 4970; x_wconf 79' lang='lat' dir='ltr'><strong>Ipsae</strong></span> <span class='ocrx_word' id='word_1_358' title='bbox 1199 4904 1398 4954; x_wconf 91' lang='lat' dir='ltr'><strong>autem</strong></span> <span class='ocrx_word' id='word_1_359' title='bbox 1414 4897 1690 4953; x_wconf 82' lang='lat' dir='ltr'><strong>solitariae</strong></span> <span class='ocrx_word' id='word_1_360' title='bbox 1713 4898 1803 4953; x_wconf 83' lang='lat' dir='ltr'><strong>in-</strong></span> 
     </span>
    </p>
   </div>
   <div class='ocr_carea' id='block_1_52' title="bbox 151 4988 1804 5060">
    <p class='ocr_par' dir='ltr' id='par_1_52' title="bbox 151 4988 1804 5060">
     <span class='ocr_line' id='line_1_52' title="bbox 151 4988 1804 5060; baseline -0.001 -15"><span class='ocrx_word' id='word_1_361' title='bbox 151 4988 353 5045; x_wconf 88' lang='lat' dir='ltr'><strong>ferunt</strong></span> <span class='ocrx_word' id='word_1_362' title='bbox 389 5005 450 5044; x_wconf 92' lang='lat' dir='ltr'><strong>se</strong></span> <span class='ocrx_word' id='word_1_363' title='bbox 479 4992 536 5044; x_wconf 90' lang='lat' dir='ltr'><strong>et</strong></span> <span class='ocrx_word' id='word_1_364' title='bbox 577 4989 922 5045; x_wconf 90' lang='lat' dir='ltr'><strong>miscentur.</strong></span> <span class='ocrx_word' id='word_1_365' title='bbox 977 4990 1123 5045; x_wconf 92' lang='lat' dir='ltr'><strong>Sunt</strong></span> <span class='ocrx_word' id='word_1_366' title='bbox 1173 4988 1351 5058; x_wconf 82' lang='lat' dir='ltr'><strong>igitur</strong></span> <span class='ocrx_word' id='word_1_367' title='bbox 1410 4988 1556 5060; x_wconf 69' lang='lat' dir='ltr'><strong>ipsae</strong></span> <span class='ocrx_word' id='word_1_368' title='bbox 1595 5003 1702 5060; x_wconf 92' lang='lat' dir='ltr'><strong>per</strong></span> <span class='ocrx_word' id='word_1_369' title='bbox 1740 5002 1804 5044; x_wconf 88' lang='lat' dir='ltr'><strong>se</strong></span> 
     </span>
    </p>
   </div>
   <div class='ocr_carea' id='block_1_53' title="bbox 152 5076 1809 5151">
    <p class='ocr_par' dir='ltr' id='par_1_53' title="bbox 152 5076 1809 5151">
     <span class='ocr_line' id='line_1_53' title="bbox 152 5076 1809 5151; baseline -0.001 -18"><span class='ocrx_word' id='word_1_370' title='bbox 152 5093 435 5134; x_wconf 88' lang='lat' dir='ltr'><strong>seorsum</strong></span> <span class='ocrx_word' id='word_1_371' title='bbox 448 5077 899 5133; x_wconf 59' lang='lat' dir='ltr'><strong>consideranda;</strong></span> <span class='ocrx_word' id='word_1_372' title='bbox 915 5093 1036 5151; x_wconf 91' lang='lat' dir='ltr'><strong>quo</strong></span> <span class='ocrx_word' id='word_1_373' title='bbox 1056 5076 1237 5132; x_wconf 91' lang='lat' dir='ltr'><strong>modo</strong></span> <span class='ocrx_word' id='word_1_374' title='bbox 1249 5077 1535 5133; x_wconf 82' lang='lat' dir='ltr'><strong>exsistant</strong></span> <span class='ocrx_word' id='word_1_375' title='bbox 1549 5081 1606 5132; x_wconf 89' lang='lat' dir='ltr'><strong>et</strong></span> <span class='ocrx_word' id='word_1_376' title='bbox 1627 5091 1809 5148; x_wconf 80' lang='lat' dir='ltr'><strong>copu-</strong></span> 
     </span>
    </p>
   </div>
   <div class='ocr_carea' id='block_1_54' title="bbox 149 5163 1807 5237">
    <p class='ocr_par' dir='ltr' id='par_1_54' title="bbox 149 5163 1807 5237">
     <span class='ocr_line' id='line_1_54' title="bbox 149 5163 1807 5237; baseline -0.002 -14"><span class='ocrx_word' id='word_1_377' title='bbox 149 5167 368 5223; x_wconf 86' lang='lat' dir='ltr'><strong>lentur.</strong></span> <span class='ocrx_word' id='word_1_378' title='bbox 399 5168 518 5222; x_wconf 84' lang='lat' dir='ltr'><strong>Hoc</strong></span> <span class='ocrx_word' id='word_1_379' title='bbox 558 5172 760 5223; x_wconf 91' lang='lat' dir='ltr'><strong>autem</strong></span> <span class='ocrx_word' id='word_1_380' title='bbox 790 5167 1036 5222; x_wconf 84' lang='lat' dir='ltr'><strong>inveniri</strong></span> <span class='ocrx_word' id='word_1_381' title='bbox 1067 5165 1282 5237; x_wconf 85' lang='lat' dir='ltr'><strong>poterit</strong></span> <span class='ocrx_word' id='word_1_382' title='bbox 1337 5165 1384 5220; x_wconf 91' lang='lat' dir='ltr'><strong>si</strong></span> <span class='ocrx_word' id='word_1_383' title='bbox 1428 5163 1721 5220; x_wconf 86' lang='lat' dir='ltr'><strong>elementa</strong></span> <span class='ocrx_word' id='word_1_384' title='bbox 1749 5168 1807 5220; x_wconf 91' lang='lat' dir='ltr'><strong>et</strong></span> 
     </span>
    </p>
   </div>
   <div class='ocr_carea' id='block_1_55' title="bbox 151 5254 1807 5330">
    <p class='ocr_par' dir='ltr' id='par_1_55' title="bbox 151 5254 1807 5330">
     <span class='ocr_line' id='line_1_55' title="bbox 151 5254 1807 5330; baseline -0.003 -16"><span class='ocrx_word' id='word_1_385' title='bbox 151 5263 442 5314; x_wconf 89' lang='lat' dir='ltr'><strong>naturam</strong></span> <span class='ocrx_word' id='word_1_386' title='bbox 469 5257 822 5330; x_wconf 85' lang='lat' dir='ltr'><strong>perscrutati</strong></span> <span class='ocrx_word' id='word_1_387' title='bbox 853 5255 1160 5312; x_wconf 86' lang='lat' dir='ltr'><strong>fuerimus.</strong></span> <span class='ocrx_word' id='word_1_388' title='bbox 1203 5261 1283 5310; x_wconf 81' lang='lat' dir='ltr'><strong>Ac</strong></span> <span class='ocrx_word' id='word_1_389' title='bbox 1311 5259 1526 5310; x_wconf 89' lang='lat' dir='ltr'><strong>natura</strong></span> <span class='ocrx_word' id='word_1_390' title='bbox 1560 5254 1807 5328; x_wconf 88' lang='lat' dir='ltr'><strong>quidem</strong></span> 
     </span>
    </p>
   </div>
   <div class='ocr_carea' id='block_1_56' title="bbox 153 5345 1806 5420">
    <p class='ocr_par' dir='ltr' id='par_1_56' title="bbox 153 5345 1806 5420">
     <span class='ocr_line' id='line_1_56' title="bbox 153 5345 1806 5420; baseline -0.001 -18"><span class='ocrx_word' id='word_1_391' title='bbox 153 5347 557 5420; x_wconf 84' lang='lat' dir='ltr'><strong>communiter</strong></span> <span class='ocrx_word' id='word_1_392' title='bbox 584 5352 640 5403; x_wconf 89' lang='lat' dir='ltr'><strong>et</strong></span> <span class='ocrx_word' id='word_1_393' title='bbox 668 5345 1036 5402; x_wconf 90' lang='lat' dir='ltr'><strong>deomnibus</strong></span> <span class='ocrx_word' id='word_1_394' title='bbox 1048 5345 1279 5410; x_wconf 91' lang='lat' dir='ltr'><strong>dicitur,</strong></span> <span class='ocrx_word' id='word_1_395' title='bbox 1296 5350 1352 5399; x_wconf 92' lang='lat' dir='ltr'><strong>et</strong></span> <span class='ocrx_word' id='word_1_396' title='bbox 1370 5345 1543 5416; x_wconf 88' lang='lat' dir='ltr'><strong>quasi</strong></span> <span class='ocrx_word' id='word_1_397' title='bbox 1559 5359 1806 5414; x_wconf 84' lang='lat' dir='ltr'><strong>gnomo-</strong></span> 
     </span>
    </p>
   </div>
   <div class='ocr_carea' id='block_1_57' title="bbox 153 5434 1809 5507">
    <p class='ocr_par' dir='ltr' id='par_1_57' title="bbox 153 5434 1809 5507">
     <span class='ocr_line' id='line_1_57' title="bbox 153 5434 1809 5507; baseline -0.003 -14"><span class='ocrx_word' id='word_1_398' title='bbox 153 5435 338 5493; x_wconf 87' lang='lat' dir='ltr'><strong>nibus</strong></span> <span class='ocrx_word' id='word_1_399' title='bbox 366 5434 1256 5507; x_wconf 88' lang='lat' dir='ltr'><strong>circumdaturetundequaque</strong></span> <span class='ocrx_word' id='word_1_400' title='bbox 1270 5439 1539 5489; x_wconf 90' lang='lat' dir='ltr'><strong>centrum</strong></span> <span class='ocrx_word' id='word_1_401' title='bbox 1580 5447 1707 5489; x_wconf 88' lang='lat' dir='ltr'><strong>esse</strong></span> <span class='ocrx_word' id='word_1_402' title='bbox 1719 5447 1809 5488; x_wconf 88' lang='lat' dir='ltr'><strong>re-</strong></span> 
     </span>
    </p>
   </div>
   <div class='ocr_carea' id='block_1_58' title="bbox 156 5521 1810 5596">
    <p class='ocr_par' dir='ltr' id='par_1_58' title="bbox 156 5521 1810 5596">
     <span class='ocr_line' id='line_1_58' title="bbox 156 5521 1810 5596; baseline -0.001 -18"><span class='ocrx_word' id='word_1_403' title='bbox 156 5523 403 5596; x_wconf 86' lang='lat' dir='ltr'><strong>peritur,</strong></span> <span class='ocrx_word' id='word_1_404' title='bbox 437 5523 801 5596; x_wconf 89' lang='lat' dir='ltr'><strong>principium</strong></span> <span class='ocrx_word' id='word_1_405' title='bbox 823 5529 878 5579; x_wconf 91' lang='lat' dir='ltr'><strong>et</strong></span> <span class='ocrx_word' id='word_1_406' title='bbox 897 5521 1052 5591; x_wconf 86' lang='lat' dir='ltr'><strong>fons,</strong></span> <span class='ocrx_word' id='word_1_407' title='bbox 1081 5521 1214 5577; x_wconf 91' lang='lat' dir='ltr'><strong>licet</strong></span> <span class='ocrx_word' id='word_1_408' title='bbox 1251 5521 1422 5577; x_wconf 87' lang='lat' dir='ltr'><strong>etiam</strong></span> <span class='ocrx_word' id='word_1_409' title='bbox 1455 5524 1577 5577; x_wconf 89' lang='lat' dir='ltr'><strong>tota</strong></span> <span class='ocrx_word' id='word_1_410' title='bbox 1593 5536 1699 5592; x_wconf 91' lang='lat' dir='ltr'><strong>per</strong></span> <span class='ocrx_word' id='word_1_411' title='bbox 1715 5523 1810 5576; x_wconf 88' lang='lat' dir='ltr'><strong>to-</strong></span> 
     </span>
    </p>
   </div>
   <div class='ocr_carea' id='block_1_59' title="bbox 158 5608 1810 5682">
    <p class='ocr_par' dir='ltr' id='par_1_59' title="bbox 158 5608 1810 5682">
     <span class='ocr_line' id='line_1_59' title="bbox 158 5608 1810 5682; baseline -0.004 -12"><span class='ocrx_word' id='word_1_412' title='bbox 158 5617 255 5670; x_wconf 75' lang='lat' dir='ltr'><strong>tas</strong></span> <span class='ocrx_word' id='word_1_413' title='bbox 281 5613 701 5681; x_wconf 85' lang='lat' dir='ltr'><strong>extremitates,</strong></span> <span class='ocrx_word' id='word_1_414' title='bbox 735 5611 1073 5668; x_wconf 84' lang='lat' dir='ltr'><strong>medietates</strong></span> <span class='ocrx_word' id='word_1_415' title='bbox 1086 5625 1417 5682; x_wconf 88' lang='lat' dir='ltr'><strong>omnesque</strong></span> <span class='ocrx_word' id='word_1_416' title='bbox 1431 5608 1583 5665; x_wconf 87' lang='lat' dir='ltr'><strong>adeo</strong></span> <span class='ocrx_word' id='word_1_417' title='bbox 1609 5615 1810 5682; x_wconf 91' lang='lat' dir='ltr'><strong>partes</strong></span> 
     </span>
    </p>
   </div>
   <div class='ocr_carea' id='block_1_60' title="bbox 231 5695 1812 5774">
    <p class='ocr_par' dir='ltr' id='par_1_60' title="bbox 231 5695 1812 5774">
     <span class='ocr_line' id='line_1_60' title="bbox 231 5695 1812 5774; baseline -0.001 -18"><span class='ocrx_word' id='word_1_418' title='bbox 231 5698 561 5769; x_wconf 77' lang='lat' dir='ltr'><strong>diffundat,</strong></span> <span class='ocrx_word' id='word_1_419' title='bbox 577 5700 773 5774; x_wconf 77' lang='lat' dir='ltr'><strong>neque</strong></span> <span class='ocrx_word' id='word_1_420' title='bbox 787 5703 853 5757; x_wconf 84' lang='lat' dir='ltr'><strong>u‘t</strong></span> <span class='ocrx_word' id='word_1_421' title='bbox 865 5697 1239 5773; x_wconf 84' lang='lat' dir='ltr'><strong>particula‘ris</strong></span> <span class='ocrx_word' id='word_1_422' title='bbox 1256 5713 1395 5773; x_wconf 90' lang='lat' dir='ltr'><strong>cum</strong></span> <span class='ocrx_word' id='word_1_423' title='bbox 1438 5695 1812 5770; x_wconf 85' lang='lat' dir='ltr'><strong>particulari-</strong></span> 
     </span>
    </p>
   </div>
   <div class='ocr_carea' id='block_1_61' title="bbox 1834 4509 1880 4564">
    <p class='ocr_par' dir='ltr' id='par_1_61' title="bbox 1834 4509 1880 4564">
     <span class='ocr_line' id='line_1_61' title="bbox 1834 4509 1880 4564; baseline 0 0"><span class='ocrx_word' id='word_1_424' title='bbox 1834 4509 1880 4564; x_wconf 94' lang='lat' dir='ltr'>D</span> 
     </span>
    </p>
   </div>
   <div class='ocr_carea' id='block_1_62' title="bbox 1920 595 3518 674">
    <p class='ocr_par' dir='ltr' id='par_1_62' title="bbox 1920 595 3518 674">
     <span class='ocr_line' id='line_1_62' title="bbox 1920 595 3518 674; baseline 0.003 -26"><span class='ocrx_word' id='word_1_425' title='bbox 1920 600 1990 658; x_wconf 87' lang='grc' dir='ltr'>ὡς</span> <span class='ocrx_word' id='word_1_426' title='bbox 2014 599 2216 649; x_wconf 84' lang='grc' dir='ltr'>πάντων</span> <span class='ocrx_word' id='word_1_427' title='bbox 2241 603 2410 664; x_wconf 82' lang='grc' dir='ltr'>κοινὴ,</span> <span class='ocrx_word' id='word_1_428' title='bbox 2444 601 2498 650; x_wconf 87' lang='grc' dir='ltr'>αἰ</span> <span class='ocrx_word' id='word_1_429' title='bbox 2546 595 2608 651; x_wconf 67' lang='grc' dir='ltr'><strong>δὲ</strong></span> <span class='ocrx_word' id='word_1_430' title='bbox 2655 599 2866 670; x_wconf 87' lang='grc' dir='ltr'>κράσεις</span> <span class='ocrx_word' id='word_1_431' title='bbox 2913 599 2963 651; x_wconf 86' lang='grc' dir='ltr'>ἐν</span> <span class='ocrx_word' id='word_1_432' title='bbox 3017 606 3107 671; x_wconf 75' lang='grc' dir='ltr'>μὲν</span> <span class='ocrx_word' id='word_1_433' title='bbox 3159 607 3222 674; x_wconf 72' lang='grc' dir='ltr'>τῇ</span> <span class='ocrx_word' id='word_1_434' title='bbox 3264 605 3415 674; x_wconf 78' lang='grc' dir='ltr'>φύσει</span> <span class='ocrx_word' id='word_1_435' title='bbox 3453 604 3518 663; x_wconf 83' lang='grc' dir='ltr'>ὡς</span> 
     </span>
    </p>
   </div>
   <div class='ocr_carea' id='block_1_63' title="bbox 1919 685 3518 764">
    <p class='ocr_par' dir='ltr' id='par_1_63' title="bbox 1919 685 3518 764">
     <span class='ocr_line' id='line_1_63' title="bbox 1919 685 3518 764; baseline 0.003 -26"><span class='ocrx_word' id='word_1_436' title='bbox 1919 705 2008 737; x_wconf 87' lang='grc' dir='ltr'><strong>και</strong></span> <span class='ocrx_word' id='word_1_437' title='bbox 2036 689 2102 738; x_wconf 86' lang='grc' dir='ltr'>τὰ</span> <span class='ocrx_word' id='word_1_438' title='bbox 2126 696 2388 759; x_wconf 82' lang='grc' dir='ltr'>στοιχεῖα,</span> <span class='ocrx_word' id='word_1_439' title='bbox 2445 687 2570 740; x_wconf 75' lang='grc' dir='ltr'>ἐπὰν</span> <span class='ocrx_word' id='word_1_440' title='bbox 2637 685 2698 740; x_wconf 74' lang='grc' dir='ltr'><strong>δὲ</strong></span> <span class='ocrx_word' id='word_1_441' title='bbox 2743 688 3058 740; x_wconf 85' lang='grc' dir='ltr'>ποικιλθῶσι</span> <span class='ocrx_word' id='word_1_442' title='bbox 3107 690 3309 764; x_wconf 82' lang='grc' dir='ltr'>ῥέποιεν</span> <span class='ocrx_word' id='word_1_443' title='bbox 3365 691 3438 753; x_wconf 86' lang='grc' dir='ltr'><strong>εἰς</strong></span> <span class='ocrx_word' id='word_1_444' title='bbox 3491 691 3518 744; x_wconf 79' lang='grc' dir='ltr'><strong>ὅ</strong></span> 
     </span>
    </p>
   </div>
   <div class='ocr_carea' id='block_1_64' title="bbox 1918 775 3520 852">
    <p class='ocr_par' dir='ltr' id='par_1_64' title="bbox 1918 775 3520 852">
     <span class='ocr_line' id='line_1_64' title="bbox 1918 775 3520 852; baseline 0.002 -25"><span class='ocrx_word' id='word_1_445' title='bbox 1918 778 2209 846; x_wconf 82' lang='grc' dir='ltr'>πεφύκασιν</span> <span class='ocrx_word' id='word_1_446' title='bbox 2267 775 2483 842; x_wconf 77' lang='grc' dir='ltr'>ἑκάστη,</span> <span class='ocrx_word' id='word_1_447' title='bbox 2553 779 2723 836; x_wconf 87' lang='grc' dir='ltr'>καθὼς</span> <span class='ocrx_word' id='word_1_448' title='bbox 2770 782 3096 852; x_wconf 81' lang='grc' dir='ltr'>προείρηται.</span> <span class='ocrx_word' id='word_1_449' title='bbox 3148 779 3270 831; x_wconf 84' lang='grc' dir='ltr'>Εἰσί</span> <span class='ocrx_word' id='word_1_450' title='bbox 3318 775 3377 831; x_wconf 67' lang='lat'><strong>6“:</strong></span> <span class='ocrx_word' id='word_1_451' title='bbox 3428 797 3520 832; x_wconf 89' lang='grc' dir='ltr'><strong>και</strong></span> 
     </span>
    </p>
   </div>
   <div class='ocr_carea' id='block_1_65' title="bbox 1917 865 3520 938">
    <p class='ocr_par' dir='ltr' id='par_1_65' title="bbox 1917 865 3520 938">
     <span class='ocr_line' id='line_1_65' title="bbox 1917 865 3520 938; baseline 0.002 -22"><span class='ocrx_word' id='word_1_452' title='bbox 1917 866 2127 938; x_wconf 82' lang='grc' dir='ltr'>κράσεις</span> <span class='ocrx_word' id='word_1_453' title='bbox 2155 869 2227 936; x_wconf 86' lang='grc' dir='ltr'>μὴ</span> <span class='ocrx_word' id='word_1_454' title='bbox 2260 865 2455 934; x_wconf 84' lang='grc' dir='ltr'>ύλικαί,</span> <span class='ocrx_word' id='word_1_455' title='bbox 2511 867 2697 926; x_wconf 78' lang='grc' dir='ltr'>αἳτινες</span> <span class='ocrx_word' id='word_1_456' title='bbox 2725 869 2862 918; x_wconf 86' lang='grc' dir='ltr'>κατὰ</span> <span class='ocrx_word' id='word_1_457' title='bbox 2883 869 2970 918; x_wconf 90' lang='grc' dir='ltr'><strong>τόν</strong></span> <span class='ocrx_word' id='word_1_458' title='bbox 3009 866 3165 919; x_wconf 75' lang='grc' dir='ltr'>αὐτόν</span> <span class='ocrx_word' id='word_1_459' title='bbox 3226 867 3376 937; x_wconf 89' lang='grc' dir='ltr'>λόγον</span> <span class='ocrx_word' id='word_1_460' title='bbox 3427 887 3520 920; x_wconf 89' lang='grc' dir='ltr'><strong>και</strong></span> 
     </span>
    </p>
   </div>
   <div class='ocr_carea' id='block_1_66' title="bbox 1919 955 3512 1029">
    <p class='ocr_par' dir='ltr' id='par_1_66' title="bbox 1919 955 3512 1029">
     <span class='ocr_line' id='line_1_66' title="bbox 1919 955 3512 1029; baseline 0.001 -23"><span class='ocrx_word' id='word_1_461' title='bbox 1919 955 2072 1006; x_wconf 78' lang='grc' dir='ltr'>αὐταί</span> <span class='ocrx_word' id='word_1_462' title='bbox 2099 962 2407 1006; x_wconf 82' lang='grc' dir='ltr'>κοινωνοῦσι</span> <span class='ocrx_word' id='word_1_463' title='bbox 2459 963 2557 1016; x_wconf 80' lang='grc' dir='ltr'>τῆς</span> <span class='ocrx_word' id='word_1_464' title='bbox 2612 958 2808 1025; x_wconf 84' lang='grc' dir='ltr'>φύσεως</span> <span class='ocrx_word' id='word_1_465' title='bbox 2841 976 2854 988; x_wconf 90' lang='grc'><strong>·</strong></span> <span class='ocrx_word' id='word_1_466' title='bbox 2889 955 2932 1008; x_wconf 87' lang='grc' dir='ltr'>εὶ</span> <span class='ocrx_word' id='word_1_467' title='bbox 2973 958 3072 1028; x_wconf 78' lang='grc' dir='ltr'>γὰρ</span> <span class='ocrx_word' id='word_1_468' title='bbox 3101 974 3193 1008; x_wconf 88' lang='grc' dir='ltr'><strong>και</strong></span> <span class='ocrx_word' id='word_1_469' title='bbox 3237 957 3390 1008; x_wconf 78' lang='grc' dir='ltr'>αὗται</span> <span class='ocrx_word' id='word_1_470' title='bbox 3441 962 3512 1029; x_wconf 78' lang='grc' dir='ltr'>μὴ</span> 
     </span>
    </p>
   </div>
   <div class='ocr_carea' id='block_1_67' title="bbox 1919 1041 3518 1117">
    <p class='ocr_par' dir='ltr' id='par_1_67' title="bbox 1919 1041 3518 1117">
     <span class='ocr_line' id='line_1_67' title="bbox 1919 1041 3518 1117; baseline 0.001 -22"><span class='ocrx_word' id='word_1_471' title='bbox 1919 1044 2115 1111; x_wconf 80' lang='grc' dir='ltr'>ὗλικαί,</span> <span class='ocrx_word' id='word_1_472' title='bbox 2173 1043 2282 1095; x_wconf 72' lang='grc' dir='ltr'>ἀλλ’</span> <span class='ocrx_word' id='word_1_473' title='bbox 2337 1041 2424 1095; x_wconf 86' lang='grc' dir='ltr'>οὖν</span> <span class='ocrx_word' id='word_1_474' title='bbox 2480 1045 2561 1096; x_wconf 84' lang='grc' dir='ltr'><strong>ὅτι</strong></span> <span class='ocrx_word' id='word_1_475' title='bbox 2617 1047 2827 1116; x_wconf 86' lang='grc' dir='ltr'>κράσεις</span> <span class='ocrx_word' id='word_1_476' title='bbox 2873 1050 3078 1116; x_wconf 87' lang='grc' dir='ltr'>μικταί,</span> <span class='ocrx_word' id='word_1_477' title='bbox 3127 1048 3300 1107; x_wconf 86' lang='grc' dir='ltr'>καθὼς</span> <span class='ocrx_word' id='word_1_478' title='bbox 3345 1045 3394 1096; x_wconf 78' lang='grc' dir='ltr'>ἐν</span> <span class='ocrx_word' id='word_1_479' title='bbox 3444 1053 3518 1117; x_wconf 84' lang='grc' dir='ltr'>τῷ</span> 
     </span>
    </p>
   </div>
   <div class='ocr_carea' id='block_1_68' title="bbox 1917 1132 3519 1207">
    <p class='ocr_par' dir='ltr' id='par_1_68' title="bbox 1917 1132 3519 1207">
     <span class='ocr_line' id='line_1_68' title="bbox 1917 1132 3519 1207; baseline 0.001 -23"><span class='ocrx_word' id='word_1_480' title='bbox 1917 1137 2149 1205; x_wconf 80' lang='grc' dir='ltr'>προτέρῳ</span> <span class='ocrx_word' id='word_1_481' title='bbox 2189 1136 2392 1207; x_wconf 75' lang='grc' dir='ltr'>εἴρηται</span> <span class='ocrx_word' id='word_1_482' title='bbox 2428 1132 2563 1204; x_wconf 85' lang='grc' dir='ltr'>λόγῳ</span> <span class='ocrx_word' id='word_1_483' title='bbox 2603 1155 2617 1166; x_wconf 76' lang='grc' dir='ltr'><strong>ο</strong></span> <span class='ocrx_word' id='word_1_484' title='bbox 2678 1134 2784 1185; x_wconf 85' lang='grc' dir='ltr'>οἷον</span> <span class='ocrx_word' id='word_1_485' title='bbox 2832 1135 2903 1195; x_wconf 83' lang='grc' dir='ltr'>ὡς</span> <span class='ocrx_word' id='word_1_486' title='bbox 2962 1134 3049 1186; x_wconf 76' lang='grc' dir='ltr'><strong>ίπί</strong></span> <span class='ocrx_word' id='word_1_487' title='bbox 3104 1142 3204 1186; x_wconf 90' lang='grc' dir='ltr'><strong>τῶν</strong></span> <span class='ocrx_word' id='word_1_488' title='bbox 3250 1142 3519 1206; x_wconf 85' lang='grc' dir='ltr'>μουσικῶν</span> 
     </span>
    </p>
   </div>
   <div class='ocr_carea' id='block_1_69' title="bbox 1919 1220 3518 1294">
    <p class='ocr_par' dir='ltr' id='par_1_69' title="bbox 1919 1220 3518 1294">
     <span class='ocr_line' id='line_1_69' title="bbox 1919 1220 3518 1294; baseline 0.001 -21"><span class='ocrx_word' id='word_1_489' title='bbox 1919 1221 2198 1294; x_wconf 85' lang='grc' dir='ltr'>ἁρμονιῶν,</span> <span class='ocrx_word' id='word_1_490' title='bbox 2252 1220 2335 1274; x_wconf 75' lang='grc' dir='ltr'>ἐπί</span> <span class='ocrx_word' id='word_1_491' title='bbox 2381 1230 2479 1274; x_wconf 87' lang='grc' dir='ltr'><strong>τῶν</strong></span> <span class='ocrx_word' id='word_1_492' title='bbox 2529 1239 2822 1293; x_wconf 87' lang='grc' dir='ltr'>σχηματων</span> <span class='ocrx_word' id='word_1_493' title='bbox 2872 1231 2972 1274; x_wconf 88' lang='grc' dir='ltr'><strong>τῶν</strong></span> <span class='ocrx_word' id='word_1_494' title='bbox 3025 1231 3242 1294; x_wconf 84' lang='grc' dir='ltr'>νοητῶν,</span> <span class='ocrx_word' id='word_1_495' title='bbox 3293 1222 3378 1275; x_wconf 83' lang='grc' dir='ltr'>ἐπί</span> <span class='ocrx_word' id='word_1_496' title='bbox 3417 1231 3518 1275; x_wconf 86' lang='grc' dir='ltr'><strong>τῶν</strong></span> 
     </span>
    </p>
   </div>
   <div class='ocr_carea' id='block_1_70' title="bbox 1923 1309 3517 1382">
    <p class='ocr_par' dir='ltr' id='par_1_70' title="bbox 1923 1309 3517 1382">
     <span class='ocr_line' id='line_1_70' title="bbox 1923 1309 3517 1382; baseline 0.001 -19"><span class='ocrx_word' id='word_1_497' title='bbox 1923 1314 2156 1382; x_wconf 80' lang='grc' dir='ltr'>σχέσεων</span> <span class='ocrx_word' id='word_1_498' title='bbox 2206 1317 2308 1360; x_wconf 88' lang='grc' dir='ltr'><strong>τῶν</strong></span> <span class='ocrx_word' id='word_1_499' title='bbox 2377 1327 2432 1362; x_wconf 90' lang='grc' dir='ltr'><strong>τε</strong></span> <span class='ocrx_word' id='word_1_500' title='bbox 2508 1309 2865 1382; x_wconf 80' lang='grc' dir='ltr'>ἀριθμητικῶν</span> <span class='ocrx_word' id='word_1_501' title='bbox 2914 1330 3004 1363; x_wconf 90' lang='grc' dir='ltr'><strong>και</strong></span> <span class='ocrx_word' id='word_1_502' title='bbox 3061 1319 3162 1362; x_wconf 84' lang='grc' dir='ltr'><strong>τῶν</strong></span> <span class='ocrx_word' id='word_1_503' title='bbox 3229 1311 3392 1364; x_wconf 80' lang='grc' dir='ltr'>ἄλλων</span> <span class='ocrx_word' id='word_1_504' title='bbox 3448 1312 3517 1364; x_wconf 85' lang='grc' dir='ltr'>ὧν</span> 
     </span>
    </p>
   </div>
   <div class='ocr_carea' id='block_1_71' title="bbox 1921 1395 3520 1474">
    <p class='ocr_par' dir='ltr' id='par_1_71' title="bbox 1921 1395 3520 1474">
     <span class='ocr_line' id='line_1_71' title="bbox 1921 1395 3520 1474; baseline 0.001 -23"><span class='ocrx_word' id='word_1_505' title='bbox 1921 1403 2146 1471; x_wconf 81' lang='grc' dir='ltr'>εἴπομεν.</span> <span class='ocrx_word' id='word_1_506' title='bbox 2211 1401 2276 1450; x_wconf 79' lang='grc' dir='ltr'><strong>Αἱ</strong></span> <span class='ocrx_word' id='word_1_507' title='bbox 2305 1395 2357 1450; x_wconf 84' lang='grc' dir='ltr'><strong>δ’</strong></span> <span class='ocrx_word' id='word_1_508' title='bbox 2409 1398 2584 1450; x_wconf 81' lang='grc' dir='ltr'>ὑλικαί</span> <span class='ocrx_word' id='word_1_509' title='bbox 2635 1401 2848 1470; x_wconf 86' lang='grc' dir='ltr'>κράσεις</span> <span class='ocrx_word' id='word_1_510' title='bbox 2903 1418 2994 1451; x_wconf 88' lang='grc' dir='ltr'><strong>και</strong></span> <span class='ocrx_word' id='word_1_511' title='bbox 3041 1399 3198 1452; x_wconf 85' lang='grc' dir='ltr'>αύται</span> <span class='ocrx_word' id='word_1_512' title='bbox 3244 1408 3308 1472; x_wconf 72' lang='grc' dir='ltr'>τῇ</span> <span class='ocrx_word' id='word_1_513' title='bbox 3363 1402 3520 1474; x_wconf 79' lang='grc' dir='ltr'>ὁμοίᾳ</span> 
     </span>
    </p>
   </div>
   <div class='ocr_carea' id='block_1_72' title="bbox 1919 1487 3519 1563">
    <p class='ocr_par' dir='ltr' id='par_1_72' title="bbox 1919 1487 3519 1563">
     <span class='ocr_line' id='line_1_72' title="bbox 1919 1487 3519 1563; baseline 0.001 -23"><span class='ocrx_word' id='word_1_514' title='bbox 1919 1488 2064 1551; x_wconf 84' lang='grc' dir='ltr'>τάξει</span> <span class='ocrx_word' id='word_1_515' title='bbox 2105 1495 2411 1540; x_wconf 83' lang='grc' dir='ltr'>κοινωνοῦσι</span> <span class='ocrx_word' id='word_1_516' title='bbox 2463 1495 2558 1548; x_wconf 81' lang='grc' dir='ltr'>τῆς</span> <span class='ocrx_word' id='word_1_517' title='bbox 2603 1490 2800 1558; x_wconf 86' lang='grc' dir='ltr'>φύσεως</span> <span class='ocrx_word' id='word_1_518' title='bbox 2847 1505 2938 1539; x_wconf 88' lang='grc' dir='ltr'><strong>και</strong></span> <span class='ocrx_word' id='word_1_519' title='bbox 2975 1488 3295 1563; x_wconf 80' lang='grc' dir='ltr'>μερίζονται,</span> <span class='ocrx_word' id='word_1_520' title='bbox 3358 1491 3426 1542; x_wconf 83' lang='grc' dir='ltr'>τὰ</span> <span class='ocrx_word' id='word_1_521' title='bbox 3458 1487 3519 1542; x_wconf 65' lang='grc' dir='ltr'><strong>δι</strong></span> 
     </span>
    </p>
   </div>
   <div class='ocr_carea' id='block_1_73' title="bbox 1924 1575 3519 1652">
    <p class='ocr_par' dir='ltr' id='par_1_73' title="bbox 1924 1575 3519 1652">
     <span class='ocr_line' id='line_1_73' title="bbox 1924 1575 3519 1652; baseline 0.001 -22"><span class='ocrx_word' id='word_1_522' title='bbox 1924 1585 2170 1648; x_wconf 86' lang='grc' dir='ltr'>στοιχεῖα</span> <span class='ocrx_word' id='word_1_523' title='bbox 2223 1576 2318 1630; x_wconf 86' lang='grc' dir='ltr'><strong>ούκ</strong></span> <span class='ocrx_word' id='word_1_524' title='bbox 2374 1575 2573 1648; x_wconf 78' lang='grc' dir='ltr'>ἀλόγως</span> <span class='ocrx_word' id='word_1_525' title='bbox 2626 1584 2960 1629; x_wconf 86' lang='grc' dir='ltr'>κοινωνοῦσιν</span> <span class='ocrx_word' id='word_1_526' title='bbox 3011 1577 3142 1637; x_wconf 77' lang='grc' dir='ltr'>αὐτῆ</span> <span class='ocrx_word' id='word_1_527' title='bbox 3156 1593 3196 1640; x_wconf 85' lang='grc' dir='ltr'><strong>ς,</strong></span> <span class='ocrx_word' id='word_1_528' title='bbox 3255 1595 3347 1631; x_wconf 87' lang='grc' dir='ltr'><strong>και</strong></span> <span class='ocrx_word' id='word_1_529' title='bbox 3387 1583 3519 1652; x_wconf 86' lang='grc' dir='ltr'>πρὸς</span> 
     </span>
    </p>
   </div>
   <div class='ocr_carea' id='block_1_74' title="bbox 1922 1665 3517 1739">
    <p class='ocr_par' dir='ltr' id='par_1_74' title="bbox 1922 1665 3517 1739">
     <span class='ocr_line' id='line_1_74' title="bbox 1922 1665 3517 1739; baseline 0.001 -21"><span class='ocrx_word' id='word_1_530' title='bbox 1922 1666 2079 1718; x_wconf 75' lang='grc' dir='ltr'>ἑαυτὰ</span> <span class='ocrx_word' id='word_1_531' title='bbox 2114 1670 2260 1738; x_wconf 81' lang='grc' dir='ltr'>πηγὴ</span> <span class='ocrx_word' id='word_1_532' title='bbox 2307 1669 2448 1732; x_wconf 81' lang='grc' dir='ltr'>ὄντα,</span> <span class='ocrx_word' id='word_1_533' title='bbox 2514 1683 2604 1717; x_wconf 88' lang='grc' dir='ltr'><strong>και</strong></span> <span class='ocrx_word' id='word_1_534' title='bbox 2631 1684 2714 1717; x_wconf 91' lang='grc' dir='ltr'><strong>τοι</strong></span> <span class='ocrx_word' id='word_1_535' title='bbox 2760 1673 2859 1716; x_wconf 85' lang='grc' dir='ltr'><strong>τῶν</strong></span> <span class='ocrx_word' id='word_1_536' title='bbox 2911 1667 3165 1739; x_wconf 73' lang='grc' dir='ltr'>κράσεων,</span> <span class='ocrx_word' id='word_1_537' title='bbox 3225 1665 3353 1719; x_wconf 79' lang='grc' dir='ltr'>ἀλλὰ</span> <span class='ocrx_word' id='word_1_538' title='bbox 3399 1666 3517 1719; x_wconf 84' lang='grc' dir='ltr'>καθ’</span> 
     </span>
    </p>
   </div>
   <div class='ocr_carea' id='block_1_75' title="bbox 1921 1750 3520 1827">
    <p class='ocr_par' dir='ltr' id='par_1_75' title="bbox 1921 1750 3520 1827">
     <span class='ocr_line' id='line_1_75' title="bbox 1921 1750 3520 1827; baseline 0.001 -21"><span class='ocrx_word' id='word_1_539' title='bbox 1921 1754 2234 1827; x_wconf 85' lang='grc' dir='ltr'>ἁρμονικοὺς</span> <span class='ocrx_word' id='word_1_540' title='bbox 2301 1753 2488 1825; x_wconf 84' lang='grc' dir='ltr'>λόγους</span> <span class='ocrx_word' id='word_1_541' title='bbox 2564 1750 2928 1821; x_wconf 84' lang='grc' dir='ltr'>διπλασίονας,</span> <span class='ocrx_word' id='word_1_542' title='bbox 3001 1754 3277 1826; x_wconf 79' lang='grc' dir='ltr'>ἡμιολίους</span> <span class='ocrx_word' id='word_1_543' title='bbox 3318 1773 3373 1807; x_wconf 89' lang='grc' dir='ltr'><strong>τε</strong></span> <span class='ocrx_word' id='word_1_544' title='bbox 3429 1775 3520 1808; x_wconf 91' lang='grc' dir='ltr'><strong>και</strong></span> 
     </span>
    </p>
   </div>
   <div class='ocr_carea' id='block_1_76' title="bbox 1922 1842 3522 1918">
    <p class='ocr_par' dir='ltr' id='par_1_76' title="bbox 1922 1842 3522 1918">
     <span class='ocr_line' id='line_1_76' title="bbox 1922 1842 3522 1918; baseline 0 -22"><span class='ocrx_word' id='word_1_545' title='bbox 1922 1842 2216 1918; x_wconf 77' lang='grc' dir='ltr'>ἐπιτρίτους</span> <span class='ocrx_word' id='word_1_546' title='bbox 2255 1863 2268 1876; x_wconf 88' lang='grc'><strong>·</strong></span> <span class='ocrx_word' id='word_1_547' title='bbox 2299 1845 2471 1895; x_wconf 88' lang='grc' dir='ltr'>πάντα</span> <span class='ocrx_word' id='word_1_548' title='bbox 2525 1845 2628 1915; x_wconf 83' lang='grc' dir='ltr'>γὰρ</span> <span class='ocrx_word' id='word_1_549' title='bbox 2672 1845 2738 1894; x_wconf 80' lang='grc' dir='ltr'>τὰ</span> <span class='ocrx_word' id='word_1_550' title='bbox 2783 1844 2900 1894; x_wconf 87' lang='grc' dir='ltr'>καθ’</span> <span class='ocrx_word' id='word_1_551' title='bbox 2941 1845 3076 1895; x_wconf 86' lang='grc' dir='ltr'>αύτὰ</span> <span class='ocrx_word' id='word_1_552' title='bbox 3127 1844 3382 1915; x_wconf 80' lang='grc' dir='ltr'>ἡνωμένα,</span> <span class='ocrx_word' id='word_1_553' title='bbox 3429 1863 3522 1897; x_wconf 89' lang='grc' dir='ltr'><strong>και</strong></span> 
     </span>
    </p>
   </div>
   <div class='ocr_carea' id='block_1_77' title="bbox 1921 1929 3519 2007">
    <p class='ocr_par' dir='ltr' id='par_1_77' title="bbox 1921 1929 3519 2007">
     <span class='ocr_line' id='line_1_77' title="bbox 1921 1929 3519 2007; baseline 0 -23"><span class='ocrx_word' id='word_1_554' title='bbox 1921 1937 1992 2003; x_wconf 77' lang='grc' dir='ltr'>μὴ</span> <span class='ocrx_word' id='word_1_555' title='bbox 2051 1929 2103 1984; x_wconf 76' lang='grc' dir='ltr'><strong>δ’</strong></span> <span class='ocrx_word' id='word_1_556' title='bbox 2167 1929 2352 2000; x_wconf 77' lang='grc' dir='ltr'>ἄλλων,</span> <span class='ocrx_word' id='word_1_557' title='bbox 2419 1931 2670 1989; x_wconf 77' lang='grc' dir='ltr'>κυκλικὴν</span> <span class='ocrx_word' id='word_1_558' title='bbox 2720 1935 2815 1988; x_wconf 77' lang='grc' dir='ltr'>τὴν</span> <span class='ocrx_word' id='word_1_559' title='bbox 2873 1936 3176 2007; x_wconf 81' lang='grc' dir='ltr'>συστροφὴν</span> <span class='ocrx_word' id='word_1_560' title='bbox 3232 1935 3450 2003; x_wconf 81' lang='grc' dir='ltr'>ἔχουσιν</span> <span class='ocrx_word' id='word_1_561' title='bbox 3503 1952 3519 1965; x_wconf 78' lang='grc' dir='ltr'><strong>ο</strong></span> 
     </span>
    </p>
   </div>
   <div class='ocr_carea' id='block_1_78' title="bbox 1920 2020 3519 2095">
    <p class='ocr_par' dir='ltr' id='par_1_78' title="bbox 1920 2020 3519 2095">
     <span class='ocr_line' id='line_1_78' title="bbox 1920 2020 3519 2095; baseline 0 -23"><span class='ocrx_word' id='word_1_562' title='bbox 1920 2024 2144 2079; x_wconf 79' lang='grc' dir='ltr'>ἤνωνται</span> <span class='ocrx_word' id='word_1_563' title='bbox 2194 2024 2294 2095; x_wconf 83' lang='grc' dir='ltr'>γὰρ</span> <span class='ocrx_word' id='word_1_564' title='bbox 2329 2039 2421 2072; x_wconf 88' lang='grc' dir='ltr'><strong>και</strong></span> <span class='ocrx_word' id='word_1_565' title='bbox 2471 2023 2537 2072; x_wconf 85' lang='grc' dir='ltr'>τὰ</span> <span class='ocrx_word' id='word_1_566' title='bbox 2589 2027 2682 2070; x_wconf 79' lang='grc' dir='ltr'><strong>τῶν</strong></span> <span class='ocrx_word' id='word_1_567' title='bbox 2739 2020 2994 2092; x_wconf 88' lang='grc' dir='ltr'>σωμάτων</span> <span class='ocrx_word' id='word_1_568' title='bbox 3045 2023 3176 2094; x_wconf 84' lang='grc' dir='ltr'>μέρη</span> <span class='ocrx_word' id='word_1_569' title='bbox 3226 2039 3317 2072; x_wconf 90' lang='grc' dir='ltr'><strong>και</strong></span> <span class='ocrx_word' id='word_1_570' title='bbox 3367 2020 3519 2092; x_wconf 83' lang='grc' dir='ltr'>μέλη,</span> 
     </span>
    </p>
   </div>
   <div class='ocr_carea' id='block_1_79' title="bbox 1918 2106 3519 2180">
    <p class='ocr_par' dir='ltr' id='par_1_79' title="bbox 1918 2106 3519 2180">
     <span class='ocr_line' id='line_1_79' title="bbox 1918 2106 3519 2180; baseline -0.001 -19"><span class='ocrx_word' id='word_1_571' title='bbox 1918 2111 1986 2161; x_wconf 89' lang='grc' dir='ltr'><strong>τά</strong></span> <span class='ocrx_word' id='word_1_572' title='bbox 2011 2128 2066 2162; x_wconf 88' lang='grc' dir='ltr'><strong>τε</strong></span> <span class='ocrx_word' id='word_1_573' title='bbox 2115 2118 2215 2161; x_wconf 88' lang='grc' dir='ltr'><strong>τῶν</strong></span> <span class='ocrx_word' id='word_1_574' title='bbox 2245 2107 2471 2180; x_wconf 77' lang='grc' dir='ltr'>ἀψύχων</span> <span class='ocrx_word' id='word_1_575' title='bbox 2517 2127 2608 2159; x_wconf 88' lang='grc' dir='ltr'><strong>και</strong></span> <span class='ocrx_word' id='word_1_576' title='bbox 2640 2116 2740 2159; x_wconf 87' lang='grc' dir='ltr'><strong>τῶν</strong></span> <span class='ocrx_word' id='word_1_577' title='bbox 2788 2107 3068 2180; x_wconf 77' lang='grc' dir='ltr'>ἐμψύχων,</span> <span class='ocrx_word' id='word_1_578' title='bbox 3124 2106 3233 2160; x_wconf 78' lang='grc' dir='ltr'>ἀλλ’</span> <span class='ocrx_word' id='word_1_579' title='bbox 3283 2107 3343 2160; x_wconf 81' lang='grc' dir='ltr'>οὐ</span> <span class='ocrx_word' id='word_1_580' title='bbox 3399 2109 3519 2161; x_wconf 82' lang='grc' dir='ltr'>καθ’</span> 
     </span>
    </p>
   </div>
   <div class='ocr_carea' id='block_1_80' title="bbox 1921 2193 3524 2272">
    <p class='ocr_par' dir='ltr' id='par_1_80' title="bbox 1921 2193 3524 2272">
     <span class='ocr_line' id='line_1_80' title="bbox 1921 2193 3524 2272; baseline -0.001 -22"><span class='ocrx_word' id='word_1_581' title='bbox 1921 2197 2057 2250; x_wconf 86' lang='grc' dir='ltr'><strong>αὑτά</strong></span> <span class='ocrx_word' id='word_1_582' title='bbox 2091 2201 2217 2272; x_wconf 86' lang='grc' dir='ltr'>πρός</span> <span class='ocrx_word' id='word_1_583' title='bbox 2265 2197 2399 2249; x_wconf 82' lang='grc' dir='ltr'>αῦτὰ</span> <span class='ocrx_word' id='word_1_584' title='bbox 2445 2195 2538 2248; x_wconf 87' lang='grc' dir='ltr'>ὅλα</span> <span class='ocrx_word' id='word_1_585' title='bbox 2593 2203 2698 2256; x_wconf 88' lang='grc' dir='ltr'>τοῖς</span> <span class='ocrx_word' id='word_1_586' title='bbox 2741 2195 2880 2258; x_wconf 85' lang='grc' dir='ltr'>ὅλοις</span> <span class='ocrx_word' id='word_1_587' title='bbox 2926 2198 3108 2249; x_wconf 77' lang='grc' dir='ltr'>ἕνωσιν</span> <span class='ocrx_word' id='word_1_588' title='bbox 3155 2199 3367 2268; x_wconf 76' lang='grc' dir='ltr'>ἔχουσι,</span> <span class='ocrx_word' id='word_1_589' title='bbox 3430 2193 3524 2249; x_wconf 79' lang='grc' dir='ltr'><strong>διὰ</strong></span> 
     </span>
    </p>
   </div>
   <div class='ocr_carea' id='block_1_81' title="bbox 1920 2282 3523 2360">
    <p class='ocr_par' dir='ltr' id='par_1_81' title="bbox 1920 2282 3523 2360">
     <span class='ocr_line' id='line_1_81' title="bbox 1920 2282 3523 2360; baseline -0.002 -20"><span class='ocrx_word' id='word_1_590' title='bbox 1920 2295 2021 2340; x_wconf 86' lang='grc' dir='ltr'><strong>τῶν</strong></span> <span class='ocrx_word' id='word_1_591' title='bbox 2075 2291 2245 2359; x_wconf 83' lang='grc' dir='ltr'>μέσων</span> <span class='ocrx_word' id='word_1_592' title='bbox 2294 2282 2354 2338; x_wconf 67' lang='grc' dir='ltr'><strong>δὲ</strong></span> <span class='ocrx_word' id='word_1_593' title='bbox 2401 2285 2637 2338; x_wconf 81' lang='grc' dir='ltr'>ίνοῦνται</span> <span class='ocrx_word' id='word_1_594' title='bbox 2686 2287 2754 2337; x_wconf 83' lang='grc' dir='ltr'>τὰ</span> <span class='ocrx_word' id='word_1_595' title='bbox 2806 2287 3152 2360; x_wconf 82' lang='grc' dir='ltr'>παρεκάτερα,</span> <span class='ocrx_word' id='word_1_596' title='bbox 3212 2287 3243 2343; x_wconf 82' lang='grc' dir='ltr'><strong>ἠ</strong></span> <span class='ocrx_word' id='word_1_597' title='bbox 3310 2282 3370 2338; x_wconf 74' lang='grc' dir='ltr'>δε</span> <span class='ocrx_word' id='word_1_598' title='bbox 3421 2293 3523 2338; x_wconf 85' lang='grc' dir='ltr'><strong>τῶν</strong></span> 
     </span>
    </p>
   </div>
   <div class='ocr_carea' id='block_1_82' title="bbox 1924 2370 3522 2448">
    <p class='ocr_par' dir='ltr' id='par_1_82' title="bbox 1924 2370 3522 2448">
     <span class='ocr_line' id='line_1_82' title="bbox 1924 2370 3522 2448; baseline -0.002 -19"><span class='ocrx_word' id='word_1_599' title='bbox 1924 2380 2206 2448; x_wconf 84' lang='grc' dir='ltr'>στοιχείων</span> <span class='ocrx_word' id='word_1_600' title='bbox 2259 2377 2438 2435; x_wconf 78' lang='grc' dir='ltr'>ἑνωσις</span> <span class='ocrx_word' id='word_1_601' title='bbox 2473 2374 2534 2426; x_wconf 78' lang='grc' dir='ltr'>οὐ</span> <span class='ocrx_word' id='word_1_602' title='bbox 2563 2377 2805 2442; x_wconf 88' lang='grc' dir='ltr'>τοιαύτη,</span> <span class='ocrx_word' id='word_1_603' title='bbox 2847 2372 2954 2426; x_wconf 80' lang='grc' dir='ltr'>ἀλλ’</span> <span class='ocrx_word' id='word_1_604' title='bbox 2985 2373 3074 2432; x_wconf 87' lang='grc' dir='ltr'><strong>ὅλη</strong></span> <span class='ocrx_word' id='word_1_605' title='bbox 3116 2380 3221 2434; x_wconf 87' lang='grc' dir='ltr'>τοῖς</span> <span class='ocrx_word' id='word_1_606' title='bbox 3257 2372 3392 2435; x_wconf 89' lang='grc' dir='ltr'>ὅλοις</span> <span class='ocrx_word' id='word_1_607' title='bbox 3447 2370 3522 2426; x_wconf 76' lang='grc' dir='ltr'><strong>δι’</strong></span> 
     </span>
    </p>
   </div>
   <div class='ocr_carea' id='block_1_83' title="bbox 1921 2459 3523 2535">
    <p class='ocr_par' dir='ltr' id='par_1_83' title="bbox 1921 2459 3523 2535">
     <span class='ocr_line' id='line_1_83' title="bbox 1921 2459 3523 2535; baseline -0.002 -18"><span class='ocrx_word' id='word_1_608' title='bbox 1921 2464 2047 2517; x_wconf 88' lang='grc' dir='ltr'>ὅλων</span> <span class='ocrx_word' id='word_1_609' title='bbox 2076 2483 2168 2516; x_wconf 89' lang='grc' dir='ltr'><strong>και</strong></span> <span class='ocrx_word' id='word_1_610' title='bbox 2192 2463 2288 2516; x_wconf 81' lang='grc' dir='ltr'>οὐκ</span> <span class='ocrx_word' id='word_1_611' title='bbox 2337 2462 2388 2515; x_wconf 73' lang='grc' dir='ltr'>ἓν</span> <span class='ocrx_word' id='word_1_612' title='bbox 2442 2465 2587 2535; x_wconf 80' lang='grc' dir='ltr'>μέσῳ</span> <span class='ocrx_word' id='word_1_613' title='bbox 2634 2470 2801 2517; x_wconf 87' lang='grc' dir='ltr'>τινῶν.</span> <span class='ocrx_word' id='word_1_614' title='bbox 2848 2461 3005 2514; x_wconf 81' lang='grc' dir='ltr'>Ἔστι</span> <span class='ocrx_word' id='word_1_615' title='bbox 3044 2459 3104 2515; x_wconf 72' lang='grc' dir='ltr'>δε</span> <span class='ocrx_word' id='word_1_616' title='bbox 3155 2481 3245 2515; x_wconf 85' lang='grc' dir='ltr'><strong>και</strong></span> <span class='ocrx_word' id='word_1_617' title='bbox 3273 2461 3417 2524; x_wconf 84' lang='grc' dir='ltr'>τάξις</span> <span class='ocrx_word' id='word_1_618' title='bbox 3473 2464 3523 2514; x_wconf 69' lang='grc' dir='ltr'>ἓν</span> 
     </span>
    </p>
   </div>
   <div class='ocr_carea' id='block_1_84' title="bbox 1921 2549 3524 2622">
    <p class='ocr_par' dir='ltr' id='par_1_84' title="bbox 1921 2549 3524 2622">
     <span class='ocr_line' id='line_1_84' title="bbox 1921 2549 3524 2622; baseline -0.002 -16"><span class='ocrx_word' id='word_1_619' title='bbox 1921 2553 2094 2614; x_wconf 75' lang='grc' dir='ltr'>αὐτοῖς</span> <span class='ocrx_word' id='word_1_620' title='bbox 2135 2554 2270 2604; x_wconf 87' lang='grc' dir='ltr'>κατά</span> <span class='ocrx_word' id='word_1_621' title='bbox 2307 2571 2361 2604; x_wconf 91' lang='grc' dir='ltr'><strong>τε</strong></span> <span class='ocrx_word' id='word_1_622' title='bbox 2410 2554 2467 2604; x_wconf 86' lang='grc' dir='ltr'><strong>τό</strong></span> <span class='ocrx_word' id='word_1_623' title='bbox 2515 2552 2621 2602; x_wconf 84' lang='grc' dir='ltr'>ἄνω</span> <span class='ocrx_word' id='word_1_624' title='bbox 2673 2570 2764 2602; x_wconf 89' lang='grc' dir='ltr'><strong>και</strong></span> <span class='ocrx_word' id='word_1_625' title='bbox 2803 2554 2863 2603; x_wconf 90' lang='lat'><strong>1&#39;6</strong></span> <span class='ocrx_word' id='word_1_626' title='bbox 2902 2552 3066 2620; x_wconf 89' lang='grc' dir='ltr'>κάτω,</span> <span class='ocrx_word' id='word_1_627' title='bbox 3125 2554 3182 2603; x_wconf 88' lang='lat'><strong>1&#39;6</strong></span> <span class='ocrx_word' id='word_1_628' title='bbox 3226 2549 3416 2622; x_wconf 87' lang='grc' dir='ltr'>μᾶλλόν</span> <span class='ocrx_word' id='word_1_629' title='bbox 3469 2569 3524 2604; x_wconf 89' lang='grc' dir='ltr'><strong>τε</strong></span> 
     </span>
    </p>
   </div>
   <div class='ocr_carea' id='block_1_85' title="bbox 1920 2638 3527 2713">
    <p class='ocr_par' dir='ltr' id='par_1_85' title="bbox 1920 2638 3527 2713">
     <span class='ocr_line' id='line_1_85' title="bbox 1920 2638 3527 2713; baseline -0.002 -19"><span class='ocrx_word' id='word_1_630' title='bbox 1920 2662 2008 2694; x_wconf 85' lang='grc' dir='ltr'><strong>και</strong></span> <span class='ocrx_word' id='word_1_631' title='bbox 2053 2645 2112 2694; x_wconf 86' lang='grc' dir='ltr'>τὸ</span> <span class='ocrx_word' id='word_1_632' title='bbox 2144 2641 2318 2712; x_wconf 78' lang='grc' dir='ltr'>ἧττον,</span> <span class='ocrx_word' id='word_1_633' title='bbox 2350 2644 2408 2692; x_wconf 88' lang='grc' dir='ltr'>τὸ</span> <span class='ocrx_word' id='word_1_634' title='bbox 2436 2643 2622 2706; x_wconf 88' lang='grc' dir='ltr'>ποσὸν,</span> <span class='ocrx_word' id='word_1_635' title='bbox 2658 2643 2717 2691; x_wconf 88' lang='grc' dir='ltr'><strong>τό</strong></span> <span class='ocrx_word' id='word_1_636' title='bbox 2770 2644 2960 2710; x_wconf 87' lang='grc' dir='ltr'>κοῦφόν</span> <span class='ocrx_word' id='word_1_637' title='bbox 3012 2658 3066 2692; x_wconf 89' lang='grc' dir='ltr'><strong>τε</strong></span> <span class='ocrx_word' id='word_1_638' title='bbox 3115 2659 3208 2691; x_wconf 88' lang='grc' dir='ltr'><strong>και</strong></span> <span class='ocrx_word' id='word_1_639' title='bbox 3246 2638 3397 2713; x_wconf 84' lang='grc' dir='ltr'>βαρῑ,</span> <span class='ocrx_word' id='word_1_640' title='bbox 3435 2658 3527 2690; x_wconf 85' lang='grc' dir='ltr'><strong>και</strong></span> 
     </span>
    </p>
   </div>
   <div class='ocr_carea' id='block_1_86' title="bbox 1918 2723 3522 2802">
    <p class='ocr_par' dir='ltr' id='par_1_86' title="bbox 1918 2723 3522 2802">
     <span class='ocr_line' id='line_1_86' title="bbox 1918 2723 3522 2802; baseline -0.002 -19"><span class='ocrx_word' id='word_1_641' title='bbox 1918 2733 2053 2784; x_wconf 84' lang='grc' dir='ltr'>κατὰ</span> <span class='ocrx_word' id='word_1_642' title='bbox 2109 2734 2199 2802; x_wconf 68' lang='grc' dir='ltr'>μὲν</span> <span class='ocrx_word' id='word_1_643' title='bbox 2244 2733 2304 2782; x_wconf 90' lang='grc' dir='ltr'>τὸ</span> <span class='ocrx_word' id='word_1_644' title='bbox 2377 2730 2482 2782; x_wconf 83' lang='grc' dir='ltr'>ἄνω</span> <span class='ocrx_word' id='word_1_645' title='bbox 2549 2746 2639 2780; x_wconf 88' lang='grc' dir='ltr'><strong>και</strong></span> <span class='ocrx_word' id='word_1_646' title='bbox 2702 2729 2862 2797; x_wconf 86' lang='grc' dir='ltr'>κάτω,</span> <span class='ocrx_word' id='word_1_647' title='bbox 2930 2745 3021 2780; x_wconf 88' lang='grc' dir='ltr'><strong>και</strong></span> <span class='ocrx_word' id='word_1_648' title='bbox 3070 2727 3204 2787; x_wconf 78' lang='grc' dir='ltr'>αὐτη</span> <span class='ocrx_word' id='word_1_649' title='bbox 3275 2723 3429 2787; x_wconf 80' lang='grc' dir='ltr'>δηλοῖ</span> <span class='ocrx_word' id='word_1_650' title='bbox 3489 2729 3522 2784; x_wconf 78' lang='grc' dir='ltr'><strong><em>ἦ</em></strong></span> 
     </span>
    </p>
   </div>
   <div class='ocr_carea' id='block_1_87' title="bbox 1898 2936 3553 3019">
    <p class='ocr_par' dir='ltr' id='par_1_87' title="bbox 1898 2936 3553 3019">
     <span class='ocr_line' id='line_1_87' title="bbox 1898 2936 3553 3019; baseline -0.002 -14"><span class='ocrx_word' id='word_1_651' title='bbox 1898 2947 2014 3005; x_wconf 92' lang='lat' dir='ltr'><strong>bus</strong></span> <span class='ocrx_word' id='word_1_652' title='bbox 2043 2946 2386 3016; x_wconf 83' lang='lat' dir='ltr'><strong>misceatur,</strong></span> <span class='ocrx_word' id='word_1_653' title='bbox 2431 2943 2535 3005; x_wconf 92' lang='lat' dir='ltr'><strong>sed</strong></span> <span class='ocrx_word' id='word_1_654' title='bbox 2557 2947 2904 3004; x_wconf 89' lang='lat' dir='ltr'><strong>utomnium</strong></span> <span class='ocrx_word' id='word_1_655' title='bbox 2931 2944 3289 3004; x_wconf 90' lang='lat' dir='ltr'><strong>communis.</strong></span> <span class='ocrx_word' id='word_1_656' title='bbox 3306 2936 3553 3019; x_wconf 88' lang='lat' dir='ltr'><strong>Tempe-</strong></span> 
     </span>
    </p>
   </div>
   <div class='ocr_carea' id='block_1_88' title="bbox 1899 3036 3556 3108">
    <p class='ocr_par' dir='ltr' id='par_1_88' title="bbox 1899 3036 3556 3108">
     <span class='ocr_line' id='line_1_88' title="bbox 1899 3036 3556 3108; baseline -0.001 -16"><span class='ocrx_word' id='word_1_657' title='bbox 1899 3037 2158 3092; x_wconf 88' lang='lat' dir='ltr'><strong>rationes</strong></span> <span class='ocrx_word' id='word_1_658' title='bbox 2187 3043 2389 3093; x_wconf 88' lang='lat' dir='ltr'><strong>autem</strong></span> <span class='ocrx_word' id='word_1_659' title='bbox 2429 3036 2560 3092; x_wconf 74' lang='lat' dir='ltr'><strong>aliae</strong></span> <span class='ocrx_word' id='word_1_660' title='bbox 2589 3037 2836 3108; x_wconf 89' lang='lat' dir='ltr'><strong>quidem</strong></span> <span class='ocrx_word' id='word_1_661' title='bbox 2851 3042 2988 3092; x_wconf 90' lang='lat' dir='ltr'><strong>sunt</strong></span> <span class='ocrx_word' id='word_1_662' title='bbox 3003 3041 3237 3107; x_wconf 89' lang='lat' dir='ltr'><strong>natura,</strong></span> <span class='ocrx_word' id='word_1_663' title='bbox 3290 3040 3353 3092; x_wconf 92' lang='lat' dir='ltr'><strong>ut</strong></span> <span class='ocrx_word' id='word_1_664' title='bbox 3374 3036 3556 3092; x_wconf 90' lang='lat' dir='ltr'><strong>etiam</strong></span> 
     </span>
    </p>
   </div>
   <div class='ocr_carea' id='block_1_89' title="bbox 1900 3125 3547 3197">
    <p class='ocr_par' dir='ltr' id='par_1_89' title="bbox 1900 3125 3547 3197">
     <span class='ocr_line' id='line_1_89' title="bbox 1900 3125 3547 3197; baseline -0.002 -16"><span class='ocrx_word' id='word_1_665' title='bbox 1900 3125 2210 3181; x_wconf 86' lang='lat' dir='ltr'><strong>elementa.</strong></span> <span class='ocrx_word' id='word_1_666' title='bbox 2241 3127 2565 3197; x_wconf 88' lang='lat' dir='ltr'><strong>Postquam</strong></span> <span class='ocrx_word' id='word_1_667' title='bbox 2593 3140 2733 3180; x_wconf 92' lang='lat' dir='ltr'><strong>vero</strong></span> <span class='ocrx_word' id='word_1_668' title='bbox 2759 3125 3107 3181; x_wconf 83' lang='lat' dir='ltr'><strong>varietatem</strong></span> <span class='ocrx_word' id='word_1_669' title='bbox 3135 3127 3547 3194; x_wconf 89' lang='lat' dir='ltr'><strong>susceperunt,</strong></span> 
     </span>
    </p>
   </div>
   <div class='ocr_carea' id='block_1_90' title="bbox 1899 3213 3552 3285">
    <p class='ocr_par' dir='ltr' id='par_1_90' title="bbox 1899 3213 3552 3285">
     <span class='ocr_line' id='line_1_90' title="bbox 1899 3213 3552 3285; baseline -0.002 -16"><span class='ocrx_word' id='word_1_670' title='bbox 1899 3215 1958 3269; x_wconf 90' lang='lat' dir='ltr'><strong>in</strong></span> <span class='ocrx_word' id='word_1_671' title='bbox 1971 3213 2116 3269; x_wconf 91' lang='lat' dir='ltr'><strong>illud</strong></span> <span class='ocrx_word' id='word_1_672' title='bbox 2142 3213 2484 3269; x_wconf 88' lang='lat' dir='ltr'><strong>inﬂuuntad</strong></span> <span class='ocrx_word' id='word_1_673' title='bbox 2499 3213 2663 3285; x_wconf 92' lang='lat' dir='ltr'><strong>quod</strong></span> <span class='ocrx_word' id='word_1_674' title='bbox 2676 3217 2829 3285; x_wconf 60' lang='lat' dir='ltr'><strong>aptae</strong></span> <span class='ocrx_word' id='word_1_675' title='bbox 2853 3218 3126 3285; x_wconf 84' lang='lat' dir='ltr'><strong>nataeque</strong></span> <span class='ocrx_word' id='word_1_676' title='bbox 3157 3216 3314 3283; x_wconf 88' lang='lat' dir='ltr'><strong>sunt,</strong></span> <span class='ocrx_word' id='word_1_677' title='bbox 3339 3227 3552 3284; x_wconf 90' lang='lat' dir='ltr'><strong>quem-</strong></span> 
     </span>
    </p>
   </div>
   <div class='ocr_carea' id='block_1_91' title="bbox 1901 3298 3556 3371">
    <p class='ocr_par' dir='ltr' id='par_1_91' title="bbox 1901 3298 3556 3371">
     <span class='ocr_line' id='line_1_91' title="bbox 1901 3298 3556 3371; baseline -0.002 -14"><span class='ocrx_word' id='word_1_678' title='bbox 1901 3301 2227 3357; x_wconf 84' lang='lat' dir='ltr'><strong>admodum</strong></span> <span class='ocrx_word' id='word_1_679' title='bbox 2253 3307 2388 3356; x_wconf 86' lang='lat' dir='ltr'><strong>ante</strong></span> <span class='ocrx_word' id='word_1_680' title='bbox 2415 3300 2632 3356; x_wconf 89' lang='lat' dir='ltr'><strong>dictum</strong></span> <span class='ocrx_word' id='word_1_681' title='bbox 2657 3305 2765 3356; x_wconf 92' lang='lat' dir='ltr'><strong>est.</strong></span> <span class='ocrx_word' id='word_1_682' title='bbox 2835 3302 2982 3357; x_wconf 91' lang='lat' dir='ltr'><strong>Sunt</strong></span> <span class='ocrx_word' id='word_1_683' title='bbox 3020 3304 3221 3356; x_wconf 86' lang='lat' dir='ltr'><strong>autem</strong></span> <span class='ocrx_word' id='word_1_684' title='bbox 3271 3298 3556 3371; x_wconf 62' lang='lat' dir='ltr'><strong>quaedam</strong></span> 
     </span>
    </p>
   </div>
   <div class='ocr_carea' id='block_1_92' title="bbox 1901 3387 3555 3462">
    <p class='ocr_par' dir='ltr' id='par_1_92' title="bbox 1901 3387 3555 3462">
     <span class='ocr_line' id='line_1_92' title="bbox 1901 3387 3555 3462; baseline -0.002 -18"><span class='ocrx_word' id='word_1_685' title='bbox 1901 3389 2362 3462; x_wconf 87' lang='lat' dir='ltr'><strong>temperationes</strong></span> <span class='ocrx_word' id='word_1_686' title='bbox 2377 3403 2499 3443; x_wconf 84' lang='lat' dir='ltr'><strong>non</strong></span> <span class='ocrx_word' id='word_1_687' title='bbox 2514 3389 2840 3443; x_wconf 66' lang='lat' dir='ltr'><strong>materiatae</strong></span> <span class='ocrx_word' id='word_1_688' title='bbox 2852 3404 2988 3461; x_wconf 77' lang='lat' dir='ltr'><strong>quae</strong></span> <span class='ocrx_word' id='word_1_689' title='bbox 3002 3387 3299 3459; x_wconf 60' lang='lat' dir='ltr'><strong>exjeadem</strong></span> <span class='ocrx_word' id='word_1_690' title='bbox 3326 3387 3555 3442; x_wconf 87' lang='lat' dir='ltr'><strong>ratione</strong></span> 
     </span>
    </p>
   </div>
   <div class='ocr_carea' id='block_1_93' title="bbox 1902 3474 3556 3550">
    <p class='ocr_par' dir='ltr' id='par_1_93' title="bbox 1902 3474 3556 3550">
     <span class='ocr_line' id='line_1_93' title="bbox 1902 3474 3556 3550; baseline -0.002 -18"><span class='ocrx_word' id='word_1_691' title='bbox 1902 3478 2047 3550; x_wconf 83' lang='lat' dir='ltr'><strong>ipsae</strong></span> <span class='ocrx_word' id='word_1_692' title='bbox 2071 3493 2315 3550; x_wconf 89' lang='lat' dir='ltr'><strong>quoque</strong></span> <span class='ocrx_word' id='word_1_693' title='bbox 2347 3481 2625 3532; x_wconf 91' lang='lat' dir='ltr'><strong>naturam</strong></span> <span class='ocrx_word' id='word_1_694' title='bbox 2653 3477 3027 3549; x_wconf 89' lang='lat' dir='ltr'><strong>participant.</strong></span> <span class='ocrx_word' id='word_1_695' title='bbox 3082 3474 3365 3542; x_wconf 84' lang='lat' dir='ltr'><strong>Quamvis</strong></span> <span class='ocrx_word' id='word_1_696' title='bbox 3395 3475 3556 3530; x_wconf 93' lang='lat' dir='ltr'><strong>enim</strong></span> 
     </span>
    </p>
   </div>
   <div class='ocr_carea' id='block_1_94' title="bbox 1905 3565 3560 3638">
    <p class='ocr_par' dir='ltr' id='par_1_94' title="bbox 1905 3565 3560 3638">
     <span class='ocr_line' id='line_1_94' title="bbox 1905 3565 3560 3638; baseline -0.001 -17"><span class='ocrx_word' id='word_1_697' title='bbox 1905 3567 2022 3622; x_wconf 89' lang='lat' dir='ltr'><strong>sint</strong></span> <span class='ocrx_word' id='word_1_698' title='bbox 2064 3565 2329 3622; x_wconf 90' lang='lat' dir='ltr'><strong>materiei</strong></span> <span class='ocrx_word' id='word_1_699' title='bbox 2365 3569 2656 3637; x_wconf 87' lang='lat' dir='ltr'><strong>expertes,</strong></span> <span class='ocrx_word' id='word_1_700' title='bbox 2693 3565 2837 3638; x_wconf 88' lang='lat' dir='ltr'><strong>quia</strong></span> <span class='ocrx_word' id='word_1_701' title='bbox 2875 3569 3077 3621; x_wconf 90' lang='lat' dir='ltr'><strong>tamen</strong></span> <span class='ocrx_word' id='word_1_702' title='bbox 3100 3569 3238 3620; x_wconf 91' lang='lat' dir='ltr'><strong>sunt</strong></span> <span class='ocrx_word' id='word_1_703' title='bbox 3268 3568 3560 3636; x_wconf 85' lang='lat' dir='ltr'><strong>tempera-</strong></span> 
     </span>
    </p>
   </div>
   <div class='ocr_carea' id='block_1_95' title="bbox 1905 3651 3558 3726">
    <p class='ocr_par' dir='ltr' id='par_1_95' title="bbox 1905 3651 3558 3726">
     <span class='ocr_line' id='line_1_95' title="bbox 1905 3651 3558 3726; baseline -0.002 -15"><span class='ocrx_word' id='word_1_704' title='bbox 1905 3655 2117 3722; x_wconf 88' lang='lat' dir='ltr'><strong>tiones,</strong></span> <span class='ocrx_word' id='word_1_705' title='bbox 2152 3659 2290 3710; x_wconf 87' lang='lat' dir='ltr'><strong>sunt</strong></span> <span class='ocrx_word' id='word_1_706' title='bbox 2355 3653 2734 3710; x_wconf 89' lang='lat' dir='ltr'><strong>admistionis</strong></span> <span class='ocrx_word' id='word_1_707' title='bbox 2774 3653 3114 3726; x_wconf 88' lang='lat' dir='ltr'><strong>participes,</strong></span> <span class='ocrx_word' id='word_1_708' title='bbox 3173 3657 3239 3709; x_wconf 92' lang='lat' dir='ltr'><strong>ut</strong></span> <span class='ocrx_word' id='word_1_709' title='bbox 3286 3653 3466 3710; x_wconf 89' lang='lat' dir='ltr'><strong>etiam</strong></span> <span class='ocrx_word' id='word_1_710' title='bbox 3495 3651 3558 3708; x_wconf 92' lang='lat' dir='ltr'><strong>in</strong></span> 
     </span>
    </p>
   </div>
   <div class='ocr_carea' id='block_1_96' title="bbox 1907 3740 3561 3815">
    <p class='ocr_par' dir='ltr' id='par_1_96' title="bbox 1907 3740 3561 3815">
     <span class='ocr_line' id='line_1_96' title="bbox 1907 3740 3561 3815; baseline -0.001 -17"><span class='ocrx_word' id='word_1_711' title='bbox 1907 3744 2103 3815; x_wconf 90' lang='lat' dir='ltr'><strong>priore</strong></span> <span class='ocrx_word' id='word_1_712' title='bbox 2121 3757 2394 3798; x_wconf 89' lang='lat' dir='ltr'><strong>sermone</strong></span> <span class='ocrx_word' id='word_1_713' title='bbox 2408 3743 2746 3810; x_wconf 90' lang='lat' dir='ltr'><strong>docuimus,</strong></span> <span class='ocrx_word' id='word_1_714' title='bbox 2760 3742 2854 3814; x_wconf 92' lang='lat' dir='ltr'><strong>cuj</strong></span> <span class='ocrx_word' id='word_1_715' title='bbox 2866 3741 3102 3798; x_wconf 91' lang='lat' dir='ltr'><strong>usmodi</strong></span> <span class='ocrx_word' id='word_1_716' title='bbox 3124 3746 3265 3797; x_wconf 90' lang='lat' dir='ltr'><strong>sunt</strong></span> <span class='ocrx_word' id='word_1_717' title='bbox 3289 3741 3351 3796; x_wconf 93' lang='lat' dir='ltr'><strong>in</strong></span> <span class='ocrx_word' id='word_1_718' title='bbox 3374 3740 3561 3796; x_wconf 87' lang='lat' dir='ltr'><strong>musi-</strong></span> 
     </span>
    </p>
   </div>
   <div class='ocr_carea' id='block_1_97' title="bbox 1911 3829 3561 3904">
    <p class='ocr_par' dir='ltr' id='par_1_97' title="bbox 1911 3829 3561 3904">
     <span class='ocr_line' id='line_1_97' title="bbox 1911 3829 3561 3904; baseline -0.001 -16"><span class='ocrx_word' id='word_1_719' title='bbox 1911 3832 1994 3888; x_wconf 92' lang='lat' dir='ltr'><strong>cis</strong></span> <span class='ocrx_word' id='word_1_720' title='bbox 2023 3831 2452 3902; x_wconf 87' lang='lat' dir='ltr'><strong>instrumentis,</strong></span> <span class='ocrx_word' id='word_1_721' title='bbox 2485 3831 2546 3887; x_wconf 93' lang='lat' dir='ltr'><strong>in</strong></span> <span class='ocrx_word' id='word_1_722' title='bbox 2573 3831 2781 3901; x_wconf 87' lang='lat' dir='ltr'><strong>ﬁguris</strong></span> <span class='ocrx_word' id='word_1_723' title='bbox 2810 3847 2946 3904; x_wconf 64' lang='lat' dir='ltr'><strong>quae</strong></span> <span class='ocrx_word' id='word_1_724' title='bbox 2963 3831 3078 3885; x_wconf 88' lang='lat' dir='ltr'><strong>sub</strong></span> <span class='ocrx_word' id='word_1_725' title='bbox 3107 3829 3561 3899; x_wconf 82' lang='lat' dir='ltr'><strong>intelligentiam</strong></span> 
     </span>
    </p>
   </div>
   <div class='ocr_carea' id='block_1_98' title="bbox 1912 3912 3566 3992">
    <p class='ocr_par' dir='ltr' id='par_1_98' title="bbox 1912 3912 3566 3992">
     <span class='ocr_line' id='line_1_98' title="bbox 1912 3912 3566 3992; baseline -0.002 -16"><span class='ocrx_word' id='word_1_726' title='bbox 1912 3920 2156 3985; x_wconf 91' lang='lat' dir='ltr'><strong>cadunt,</strong></span> <span class='ocrx_word' id='word_1_727' title='bbox 2187 3921 2250 3976; x_wconf 92' lang='lat' dir='ltr'><strong>in</strong></span> <span class='ocrx_word' id='word_1_728' title='bbox 2281 3919 2835 3992; x_wconf 86' lang='lat' dir='ltr'><strong>comparationibus</strong></span> <span class='ocrx_word' id='word_1_729' title='bbox 2905 3917 3289 3974; x_wconf 89' lang='lat' dir='ltr'><strong>arithmeticis</strong></span> <span class='ocrx_word' id='word_1_730' title='bbox 3339 3921 3396 3973; x_wconf 91' lang='lat' dir='ltr'><strong>et</strong></span> <span class='ocrx_word' id='word_1_731' title='bbox 3431 3912 3566 3973; x_wconf 84' lang='lat' dir='ltr'><strong>aliis</strong></span> 
     </span>
    </p>
   </div>
   <div class='ocr_carea' id='block_1_99' title="bbox 1911 4004 3562 4079">
    <p class='ocr_par' dir='ltr' id='par_1_99' title="bbox 1911 4004 3562 4079">
     <span class='ocr_line' id='line_1_99' title="bbox 1911 4004 3562 4079; baseline -0.001 -17"><span class='ocrx_word' id='word_1_732' title='bbox 1911 4007 2091 4063; x_wconf 92' lang='lat' dir='ltr'><strong>rebus</strong></span> <span class='ocrx_word' id='word_1_733' title='bbox 2117 4022 2378 4079; x_wconf 89' lang='lat' dir='ltr'><strong>quarum</strong></span> <span class='ocrx_word' id='word_1_734' title='bbox 2407 4006 2816 4062; x_wconf 89' lang='lat' dir='ltr'><strong>meminimus.</strong></span> <span class='ocrx_word' id='word_1_735' title='bbox 2866 4008 3044 4061; x_wconf 90' lang='lat' dir='ltr'><strong>Porro</strong></span> <span class='ocrx_word' id='word_1_736' title='bbox 3099 4004 3562 4076; x_wconf 85' lang='lat' dir='ltr'><strong>temperationes</strong></span> 
     </span>
    </p>
   </div>
   <div class='ocr_carea' id='block_1_100' title="bbox 1911 4094 3564 4167">
    <p class='ocr_par' dir='ltr' id='par_1_100' title="bbox 1911 4094 3564 4167">
     <span class='ocr_line' id='line_1_100' title="bbox 1911 4094 3564 4167; baseline -0.001 -15"><span class='ocrx_word' id='word_1_737' title='bbox 1911 4097 2238 4153; x_wconf 84' lang='lat' dir='ltr'><strong>materiatae</strong></span> <span class='ocrx_word' id='word_1_738' title='bbox 2265 4096 2446 4151; x_wconf 90' lang='lat' dir='ltr'><strong>etiam</strong></span> <span class='ocrx_word' id='word_1_739' title='bbox 2485 4096 2631 4167; x_wconf 68' lang='lat' dir='ltr'><strong>ipsae</strong></span> <span class='ocrx_word' id='word_1_740' title='bbox 2663 4095 2876 4151; x_wconf 87' lang='lat' dir='ltr'><strong>eadem</strong></span> <span class='ocrx_word' id='word_1_741' title='bbox 2909 4094 3136 4150; x_wconf 87' lang='lat' dir='ltr'><strong>ratione</strong></span> <span class='ocrx_word' id='word_1_742' title='bbox 3187 4109 3326 4149; x_wconf 92' lang='lat' dir='ltr'><strong>cum</strong></span> <span class='ocrx_word' id='word_1_743' title='bbox 3342 4098 3564 4150; x_wconf 91' lang='lat' dir='ltr'><strong>natura</strong></span> 
     </span>
    </p>
   </div>
   <div class='ocr_carea' id='block_1_101' title="bbox 1913 4180 3561 4256">
    <p class='ocr_par' dir='ltr' id='par_1_101' title="bbox 1913 4180 3561 4256">
     <span class='ocr_line' id='line_1_101' title="bbox 1913 4180 3561 4256; baseline -0.001 -16"><span class='ocrx_word' id='word_1_744' title='bbox 1913 4184 2403 4240; x_wconf 89' lang='lat' dir='ltr'><strong>communionem</strong></span> <span class='ocrx_word' id='word_1_745' title='bbox 2462 4183 2690 4239; x_wconf 84' lang='lat' dir='ltr'><strong>habent</strong></span> <span class='ocrx_word' id='word_1_746' title='bbox 2731 4188 2786 4239; x_wconf 91' lang='lat' dir='ltr'><strong>et</strong></span> <span class='ocrx_word' id='word_1_747' title='bbox 2839 4182 3291 4256; x_wconf 84' lang='lat' dir='ltr'><strong>dispartiuntur.</strong></span> <span class='ocrx_word' id='word_1_748' title='bbox 3341 4185 3413 4238; x_wconf 79' lang='lat' dir='ltr'><strong>At</strong></span> <span class='ocrx_word' id='word_1_749' title='bbox 3443 4180 3561 4238; x_wconf 86' lang='lat' dir='ltr'><strong>ele-</strong></span> 
     </span>
    </p>
   </div>
   <div class='ocr_carea' id='block_1_102' title="bbox 1912 4269 3558 4343">
    <p class='ocr_par' dir='ltr' id='par_1_102' title="bbox 1912 4269 3558 4343">
     <span class='ocr_line' id='line_1_102' title="bbox 1912 4269 3558 4343; baseline -0.002 -15"><span class='ocrx_word' id='word_1_750' title='bbox 1912 4279 2117 4329; x_wconf 90' lang='lat' dir='ltr'><strong>menta</strong></span> <span class='ocrx_word' id='word_1_751' title='bbox 2179 4287 2302 4327; x_wconf 92' lang='lat' dir='ltr'><strong>non</strong></span> <span class='ocrx_word' id='word_1_752' title='bbox 2376 4271 2606 4343; x_wconf 89' lang='lat' dir='ltr'><strong>absque</strong></span> <span class='ocrx_word' id='word_1_753' title='bbox 2684 4271 2911 4327; x_wconf 90' lang='lat' dir='ltr'><strong>ratione</strong></span> <span class='ocrx_word' id='word_1_754' title='bbox 2959 4271 3321 4343; x_wconf 87' lang='lat' dir='ltr'><strong>participant</strong></span> <span class='ocrx_word' id='word_1_755' title='bbox 3372 4269 3558 4336; x_wconf 89' lang='lat' dir='ltr'><strong>illam,</strong></span> 
     </span>
    </p>
   </div>
   <div class='ocr_carea' id='block_1_103' title="bbox 1913 4356 3564 4432">
    <p class='ocr_par' dir='ltr' id='par_1_103' title="bbox 1913 4356 3564 4432">
     <span class='ocr_line' id='line_1_103' title="bbox 1913 4356 3564 4432; baseline -0.003 -13"><span class='ocrx_word' id='word_1_756' title='bbox 1913 4361 2134 4419; x_wconf 89' lang='lat' dir='ltr'><strong>etiamsi</strong></span> <span class='ocrx_word' id='word_1_757' title='bbox 2160 4360 2270 4416; x_wconf 90' lang='lat' dir='ltr'><strong>sibi</strong></span> <span class='ocrx_word' id='word_1_758' title='bbox 2284 4359 2551 4416; x_wconf 81' lang='lat' dir='ltr'><strong>sintfons</strong></span> <span class='ocrx_word' id='word_1_759' title='bbox 2568 4364 2624 4416; x_wconf 88' lang='lat' dir='ltr'><strong>et</strong></span> <span class='ocrx_word' id='word_1_760' title='bbox 2671 4359 2840 4429; x_wconf 86' lang='lat' dir='ltr'><strong>origo</strong></span> <span class='ocrx_word' id='word_1_761' title='bbox 2870 4359 3373 4432; x_wconf 89' lang='lat' dir='ltr'><strong>temperationum</strong></span> <span class='ocrx_word' id='word_1_762' title='bbox 3407 4374 3421 4426; x_wconf 93' lang='lat'><strong>;</strong></span> <span class='ocrx_word' id='word_1_763' title='bbox 3456 4356 3564 4414; x_wconf 90' lang='lat' dir='ltr'><strong>sed</strong></span> 
     </span>
    </p>
   </div>
   <div class='ocr_carea' id='block_1_104' title="bbox 1913 4447 3564 4524">
    <p class='ocr_par' dir='ltr' id='par_1_104' title="bbox 1913 4447 3564 4524">
     <span class='ocr_line' id='line_1_104' title="bbox 1913 4447 3564 4524; baseline -0.004 -17"><span class='ocrx_word' id='word_1_764' title='bbox 1913 4449 2270 4524; x_wconf 88' lang='lat' dir='ltr'><strong>participant</strong></span> <span class='ocrx_word' id='word_1_765' title='bbox 2296 4447 3028 4504; x_wconf 89' lang='lat' dir='ltr'><strong>secundumharmonicas</strong></span> <span class='ocrx_word' id='word_1_766' title='bbox 3051 4448 3312 4502; x_wconf 90' lang='lat' dir='ltr'><strong>rationes</strong></span> <span class='ocrx_word' id='word_1_767' title='bbox 3343 4462 3564 4520; x_wconf 90' lang='lat' dir='ltr'><strong>nempe</strong></span> 
     </span>
    </p>
   </div>
   <div class='ocr_carea' id='block_1_105' title="bbox 1912 4535 3561 4612">
    <p class='ocr_par' dir='ltr' id='par_1_105' title="bbox 1912 4535 3561 4612">
     <span class='ocr_line' id='line_1_105' title="bbox 1912 4535 3561 4612; baseline -0.002 -18"><span class='ocrx_word' id='word_1_768' title='bbox 1912 4535 2150 4612; x_wconf 82' lang='lat' dir='ltr'><strong>duplas,</strong></span> <span class='ocrx_word' id='word_1_769' title='bbox 2183 4537 2600 4609; x_wconf 88' lang='lat' dir='ltr'><strong>sesquialteras</strong></span> <span class='ocrx_word' id='word_1_770' title='bbox 2647 4541 2703 4592; x_wconf 91' lang='lat' dir='ltr'><strong>et</strong></span> <span class='ocrx_word' id='word_1_771' title='bbox 2727 4536 3153 4610; x_wconf 88' lang='lat' dir='ltr'><strong>sesquitertias.</strong></span> <span class='ocrx_word' id='word_1_772' title='bbox 3221 4539 3371 4592; x_wconf 86' lang='lat' dir='ltr'><strong>Nam</strong></span> <span class='ocrx_word' id='word_1_773' title='bbox 3396 4550 3561 4608; x_wconf 63' lang='lat' dir='ltr'><strong>quaa-</strong></span> 
     </span>
    </p>
   </div>
   <div class='ocr_carea' id='block_1_106' title="bbox 1913 4624 3561 4700">
    <p class='ocr_par' dir='ltr' id='par_1_106' title="bbox 1913 4624 3561 4700">
     <span class='ocr_line' id='line_1_106' title="bbox 1913 4624 3561 4700; baseline -0.005 -14"><span class='ocrx_word' id='word_1_774' title='bbox 1913 4643 2149 4700; x_wconf 90' lang='lat' dir='ltr'><strong>cunque</strong></span> <span class='ocrx_word' id='word_1_775' title='bbox 2175 4641 2280 4698; x_wconf 91' lang='lat' dir='ltr'><strong>per</strong></span> <span class='ocrx_word' id='word_1_776' title='bbox 2319 4641 2379 4682; x_wconf 92' lang='lat' dir='ltr'><strong>se</strong></span> <span class='ocrx_word' id='word_1_777' title='bbox 2392 4625 2680 4681; x_wconf 90' lang='lat' dir='ltr'><strong>uniuntur</strong></span> <span class='ocrx_word' id='word_1_778' title='bbox 2712 4630 2768 4682; x_wconf 91' lang='lat' dir='ltr'><strong>et</strong></span> <span class='ocrx_word' id='word_1_779' title='bbox 2793 4640 2917 4682; x_wconf 93' lang='lat' dir='ltr'><strong>non</strong></span> <span class='ocrx_word' id='word_1_780' title='bbox 2929 4639 3035 4698; x_wconf 88' lang='lat' dir='ltr'><strong>per</strong></span> <span class='ocrx_word' id='word_1_781' title='bbox 3051 4624 3561 4691; x_wconf 88' lang='lat' dir='ltr'><strong>alia,circularem</strong></span> 
     </span>
    </p>
   </div>
   <div class='ocr_carea' id='block_1_107' title="bbox 1912 4712 3563 4784">
    <p class='ocr_par' dir='ltr' id='par_1_107' title="bbox 1912 4712 3563 4784">
     <span class='ocr_line' id='line_1_107' title="bbox 1912 4712 3563 4784; baseline -0.005 -10"><span class='ocrx_word' id='word_1_782' title='bbox 1912 4715 2370 4774; x_wconf 89' lang='lat' dir='ltr'><strong>conversionem</strong></span> <span class='ocrx_word' id='word_1_783' title='bbox 2399 4713 2644 4784; x_wconf 89' lang='lat' dir='ltr'><strong>habent,</strong></span> <span class='ocrx_word' id='word_1_784' title='bbox 2673 4715 2853 4770; x_wconf 70' lang='lat' dir='ltr'><strong>unitas</strong></span> <span class='ocrx_word' id='word_1_785' title='bbox 2879 4714 3040 4769; x_wconf 92' lang='lat' dir='ltr'><strong>enim</strong></span> <span class='ocrx_word' id='word_1_786' title='bbox 3111 4717 3250 4768; x_wconf 92' lang='lat' dir='ltr'><strong>sunt</strong></span> <span class='ocrx_word' id='word_1_787' title='bbox 3297 4712 3563 4783; x_wconf 91' lang='lat' dir='ltr'><strong>corporis</strong></span> 
     </span>
    </p>
   </div>
   <div class='ocr_carea' id='block_1_108' title="bbox 1913 4799 3562 4879">
    <p class='ocr_par' dir='ltr' id='par_1_108' title="bbox 1913 4799 3562 4879">
     <span class='ocr_line' id='line_1_108' title="bbox 1913 4799 3562 4879; baseline -0.005 -17"><span class='ocrx_word' id='word_1_788' title='bbox 1913 4810 2134 4879; x_wconf 89' lang='lat' dir='ltr'><strong>partes,</strong></span> <span class='ocrx_word' id='word_1_789' title='bbox 2160 4808 2216 4860; x_wconf 92' lang='lat' dir='ltr'><strong>et</strong></span> <span class='ocrx_word' id='word_1_790' title='bbox 2243 4801 2520 4858; x_wconf 91' lang='lat' dir='ltr'><strong>membra</strong></span> <span class='ocrx_word' id='word_1_791' title='bbox 2550 4808 2670 4858; x_wconf 90' lang='lat' dir='ltr'><strong>tam</strong></span> <span class='ocrx_word' id='word_1_792' title='bbox 2693 4803 3098 4859; x_wconf 87' lang='lat' dir='ltr'><strong>animatorum</strong></span> <span class='ocrx_word' id='word_1_793' title='bbox 3167 4815 3355 4872; x_wconf 89' lang='lat' dir='ltr'><strong>quam</strong></span> <span class='ocrx_word' id='word_1_794' title='bbox 3374 4799 3562 4854; x_wconf 86' lang='lat' dir='ltr'><strong>inani-</strong></span> 
     </span>
    </p>
   </div>
   <div class='ocr_carea' id='block_1_109' title="bbox 1913 4887 3564 4963">
    <p class='ocr_par' dir='ltr' id='par_1_109' title="bbox 1913 4887 3564 4963">
     <span class='ocr_line' id='line_1_109' title="bbox 1913 4887 3564 4963; baseline -0.004 -14"><span class='ocrx_word' id='word_1_795' title='bbox 1913 4900 2237 4960; x_wconf 89' lang='lat' dir='ltr'><strong>matorum,</strong></span> <span class='ocrx_word' id='word_1_796' title='bbox 2262 4891 2367 4946; x_wconf 92' lang='lat' dir='ltr'><strong>sed</strong></span> <span class='ocrx_word' id='word_1_797' title='bbox 2395 4907 2518 4947; x_wconf 92' lang='lat' dir='ltr'><strong>non</strong></span> <span class='ocrx_word' id='word_1_798' title='bbox 2541 4893 2673 4963; x_wconf 90' lang='lat' dir='ltr'><strong>ipsa.</strong></span> <span class='ocrx_word' id='word_1_799' title='bbox 2700 4907 2808 4962; x_wconf 89' lang='lat' dir='ltr'><strong>per</strong></span> <span class='ocrx_word' id='word_1_800' title='bbox 2829 4907 2889 4946; x_wconf 90' lang='lat' dir='ltr'><strong>se</strong></span> <span class='ocrx_word' id='word_1_801' title='bbox 2919 4895 3042 4946; x_wconf 88' lang='lat' dir='ltr'><strong>tota</strong></span> <span class='ocrx_word' id='word_1_802' title='bbox 3067 4888 3352 4944; x_wconf 88' lang='lat' dir='ltr'><strong>cumtotis</strong></span> <span class='ocrx_word' id='word_1_803' title='bbox 3395 4887 3564 4943; x_wconf 87' lang='lat' dir='ltr'><strong>unita</strong></span> 
     </span>
    </p>
   </div>
   <div class='ocr_carea' id='block_1_110' title="bbox 1916 4976 3557 5048">
    <p class='ocr_par' dir='ltr' id='par_1_110' title="bbox 1916 4976 3557 5048">
     <span class='ocr_line' id='line_1_110' title="bbox 1916 4976 3557 5048; baseline -0.004 -10"><span class='ocrx_word' id='word_1_804' title='bbox 1916 4987 2074 5048; x_wconf 91' lang='lat' dir='ltr'><strong>sunt,</strong></span> <span class='ocrx_word' id='word_1_805' title='bbox 2093 4981 2202 5038; x_wconf 89' lang='lat' dir='ltr'><strong>sed</strong></span> <span class='ocrx_word' id='word_1_806' title='bbox 2217 4980 2718 5036; x_wconf 88' lang='lat' dir='ltr'><strong>intercedentibus</strong></span> <span class='ocrx_word' id='word_1_807' title='bbox 2744 4979 3121 5035; x_wconf 87' lang='lat' dir='ltr'><strong>mediisinter</strong></span> <span class='ocrx_word' id='word_1_808' title='bbox 3133 4993 3194 5031; x_wconf 90' lang='lat' dir='ltr'><strong>se</strong></span> <span class='ocrx_word' id='word_1_809' title='bbox 3207 4976 3375 5032; x_wconf 88' lang='lat' dir='ltr'><strong>unita</strong></span> <span class='ocrx_word' id='word_1_810' title='bbox 3399 4981 3557 5044; x_wconf 87' lang='lat' dir='ltr'><strong>sunt,</strong></span> 
     </span>
    </p>
   </div>
   <div class='ocr_carea' id='block_1_111' title="bbox 1916 5063 3564 5133">
    <p class='ocr_par' dir='ltr' id='par_1_111' title="bbox 1916 5063 3564 5133">
     <span class='ocr_line' id='line_1_111' title="bbox 1916 5063 3564 5133; baseline -0.005 -5"><span class='ocrx_word' id='word_1_811' title='bbox 1916 5078 1986 5128; x_wconf 82' lang='lat' dir='ltr'><strong>At</strong></span> <span class='ocrx_word' id='word_1_812' title='bbox 2004 5071 2435 5127; x_wconf 90' lang='lat' dir='ltr'><strong>elementorum</strong></span> <span class='ocrx_word' id='word_1_813' title='bbox 2457 5069 2803 5124; x_wconf 90' lang='lat' dir='ltr'><strong>communio</strong></span> <span class='ocrx_word' id='word_1_814' title='bbox 2840 5083 2962 5122; x_wconf 91' lang='lat' dir='ltr'><strong>non</strong></span> <span class='ocrx_word' id='word_1_815' title='bbox 2995 5071 3081 5122; x_wconf 89' lang='lat' dir='ltr'><strong>est</strong></span> <span class='ocrx_word' id='word_1_816' title='bbox 3117 5063 3270 5133; x_wconf 88' lang='lat' dir='ltr'><strong>talis,</strong></span> <span class='ocrx_word' id='word_1_817' title='bbox 3317 5063 3422 5118; x_wconf 91' lang='lat' dir='ltr'><strong>sed</strong></span> <span class='ocrx_word' id='word_1_818' title='bbox 3439 5068 3564 5120; x_wconf 89' lang='lat' dir='ltr'><strong>tota</strong></span> 
     </span>
    </p>
   </div>
   <div class='ocr_carea' id='block_1_112' title="bbox 1916 5151 3565 5231">
    <p class='ocr_par' dir='ltr' id='par_1_112' title="bbox 1916 5151 3565 5231">
     <span class='ocr_line' id='line_1_112' title="bbox 1916 5151 3565 5231; baseline -0.006 -14"><span class='ocrx_word' id='word_1_819' title='bbox 1916 5161 2050 5217; x_wconf 87' lang='lat' dir='ltr'><strong>totis</strong></span> <span class='ocrx_word' id='word_1_820' title='bbox 2079 5173 2187 5231; x_wconf 90' lang='lat' dir='ltr'><strong>per</strong></span> <span class='ocrx_word' id='word_1_821' title='bbox 2203 5163 2331 5213; x_wconf 90' lang='lat' dir='ltr'><strong>tota</strong></span> <span class='ocrx_word' id='word_1_822' title='bbox 2346 5154 2526 5212; x_wconf 91' lang='lat' dir='ltr'><strong>nullis</strong></span> <span class='ocrx_word' id='word_1_823' title='bbox 2540 5154 3041 5210; x_wconf 87' lang='lat' dir='ltr'><strong>intercedentibus</strong></span> <span class='ocrx_word' id='word_1_824' title='bbox 3054 5151 3266 5208; x_wconf 90' lang='lat' dir='ltr'><strong>mediis</strong></span> <span class='ocrx_word' id='word_1_825' title='bbox 3297 5151 3565 5207; x_wconf 90' lang='lat' dir='ltr'><strong>adunata</strong></span> 
     </span>
    </p>
   </div>
   <div class='ocr_carea' id='block_1_113' title="bbox 1919 5239 3564 5312">
    <p class='ocr_par' dir='ltr' id='par_1_113' title="bbox 1919 5239 3564 5312">
     <span class='ocr_line' id='line_1_113' title="bbox 1919 5239 3564 5312; baseline -0.007 -7"><span class='ocrx_word' id='word_1_826' title='bbox 1919 5253 2079 5305; x_wconf 90' lang='lat' dir='ltr'><strong>sunt.</strong></span> <span class='ocrx_word' id='word_1_827' title='bbox 2108 5249 2205 5302; x_wconf 89' lang='lat' dir='ltr'><strong>Est</strong></span> <span class='ocrx_word' id='word_1_828' title='bbox 2241 5246 2421 5301; x_wconf 89' lang='lat' dir='ltr'><strong>etiam</strong></span> <span class='ocrx_word' id='word_1_829' title='bbox 2447 5244 2596 5299; x_wconf 94' lang='lat' dir='ltr'><strong>ordo</strong></span> <span class='ocrx_word' id='word_1_830' title='bbox 2625 5243 2686 5299; x_wconf 92' lang='lat' dir='ltr'><strong>in</strong></span> <span class='ocrx_word' id='word_1_831' title='bbox 2715 5243 2807 5298; x_wconf 91' lang='lat' dir='ltr'><strong>his</strong></span> <span class='ocrx_word' id='word_1_832' title='bbox 2835 5241 3168 5298; x_wconf 90' lang='lat' dir='ltr'><strong>secundum</strong></span> <span class='ocrx_word' id='word_1_833' title='bbox 3195 5239 3564 5312; x_wconf 89' lang='lat' dir='ltr'><strong>superiorem</strong></span> 
     </span>
    </p>
   </div>
   <div class='ocr_carea' id='block_1_114' title="bbox 1917 5327 3553 5404">
    <p class='ocr_par' dir='ltr' id='par_1_114' title="bbox 1917 5327 3553 5404">
     <span class='ocr_line' id='line_1_114' title="bbox 1917 5327 3553 5404; baseline -0.007 -10"><span class='ocrx_word' id='word_1_834' title='bbox 1917 5343 1974 5394; x_wconf 88' lang='lat' dir='ltr'><strong>et</strong></span> <span class='ocrx_word' id='word_1_835' title='bbox 1992 5334 2330 5392; x_wconf 86' lang='lat' dir='ltr'><strong>inferiorem</strong></span> <span class='ocrx_word' id='word_1_836' title='bbox 2359 5331 2581 5398; x_wconf 89' lang='lat' dir='ltr'><strong>locum,</strong></span> <span class='ocrx_word' id='word_1_837' title='bbox 2608 5331 2671 5387; x_wconf 92' lang='lat' dir='ltr'><strong>id</strong></span> <span class='ocrx_word' id='word_1_838' title='bbox 2691 5331 2856 5404; x_wconf 90' lang='lat' dir='ltr'><strong>quod</strong></span> <span class='ocrx_word' id='word_1_839' title='bbox 2894 5336 2982 5387; x_wconf 88' lang='lat' dir='ltr'><strong>est</strong></span> <span class='ocrx_word' id='word_1_840' title='bbox 3009 5329 3204 5400; x_wconf 89' lang='lat' dir='ltr'><strong>magis</strong></span> <span class='ocrx_word' id='word_1_841' title='bbox 3253 5334 3309 5385; x_wconf 88' lang='lat' dir='ltr'><strong>et</strong></span> <span class='ocrx_word' id='word_1_842' title='bbox 3330 5327 3553 5397; x_wconf 90' lang='lat' dir='ltr'><strong>minus,</strong></span> 
     </span>
    </p>
   </div>
   <div class='ocr_carea' id='block_1_115' title="bbox 1919 5415 3566 5494">
    <p class='ocr_par' dir='ltr' id='par_1_115' title="bbox 1919 5415 3566 5494">
     <span class='ocr_line' id='line_1_115' title="bbox 1919 5415 3566 5494; baseline -0.005 -13"><span class='ocrx_word' id='word_1_843' title='bbox 1919 5423 2252 5481; x_wconf 86' lang='lat' dir='ltr'><strong>secundum</strong></span> <span class='ocrx_word' id='word_1_844' title='bbox 2268 5420 2687 5494; x_wconf 86' lang='lat' dir='ltr'><strong>quantitatem,</strong></span> <span class='ocrx_word' id='word_1_845' title='bbox 2700 5420 3018 5487; x_wconf 85' lang='lat' dir='ltr'><strong>levitatem,</strong></span> <span class='ocrx_word' id='word_1_846' title='bbox 3033 5425 3089 5474; x_wconf 93' lang='lat' dir='ltr'><strong>et</strong></span> <span class='ocrx_word' id='word_1_847' title='bbox 3101 5418 3469 5489; x_wconf 86' lang='lat' dir='ltr'><strong>gravitatem,</strong></span> <span class='ocrx_word' id='word_1_848' title='bbox 3484 5415 3566 5472; x_wconf 84' lang='lat' dir='ltr'><strong>Ac</strong></span> 
     </span>
    </p>
   </div>
   <div class='ocr_carea' id='block_1_116' title="bbox 1920 5503 3564 5586">
    <p class='ocr_par' dir='ltr' id='par_1_116' title="bbox 1920 5503 3564 5586">
     <span class='ocr_line' id='line_1_116' title="bbox 1920 5503 3564 5586; baseline -0.007 -13"><span class='ocrx_word' id='word_1_849' title='bbox 1920 5516 2070 5573; x_wconf 90' lang='lat' dir='ltr'><strong>ordo</strong></span> <span class='ocrx_word' id='word_1_850' title='bbox 2090 5509 2334 5586; x_wconf 89' lang='lat' dir='ltr'><strong>quidem</strong></span> <span class='ocrx_word' id='word_1_851' title='bbox 2357 5509 2692 5566; x_wconf 89' lang='lat' dir='ltr'><strong>secundum</strong></span> <span class='ocrx_word' id='word_1_852' title='bbox 2732 5510 3100 5582; x_wconf 90' lang='lat' dir='ltr'><strong>superiorem</strong></span> <span class='ocrx_word' id='word_1_853' title='bbox 3157 5503 3564 5564; x_wconf 83' lang='lat' dir='ltr'><strong>etinferiorem</strong></span> 
     </span>
    </p>
   </div>
   <div class='ocr_carea' id='block_1_117' title="bbox 1919 5594 3568 5669">
    <p class='ocr_par' dir='ltr' id='par_1_117' title="bbox 1919 5594 3568 5669">
     <span class='ocr_line' id='line_1_117' title="bbox 1919 5594 3568 5669; baseline -0.007 -8"><span class='ocrx_word' id='word_1_854' title='bbox 1919 5605 2118 5661; x_wconf 87' lang='lat' dir='ltr'><strong>locum</strong></span> <span class='ocrx_word' id='word_1_855' title='bbox 2137 5598 2453 5658; x_wconf 84' lang='lat' dir='ltr'><strong>manifeste</strong></span> <span class='ocrx_word' id='word_1_856' title='bbox 2472 5599 2749 5655; x_wconf 84' lang='lat' dir='ltr'><strong>cernitur.</strong></span> <span class='ocrx_word' id='word_1_857' title='bbox 2780 5601 2928 5655; x_wconf 83' lang='lat' dir='ltr'><strong>Nam</strong></span> <span class='ocrx_word' id='word_1_858' title='bbox 2979 5596 3134 5669; x_wconf 87' lang='lat' dir='ltr'><strong>ignis</strong></span> <span class='ocrx_word' id='word_1_859' title='bbox 3187 5609 3431 5653; x_wconf 86' lang='lat' dir='ltr'><strong>sursum</strong></span> <span class='ocrx_word' id='word_1_860' title='bbox 3445 5594 3568 5650; x_wconf 83' lang='lat' dir='ltr'><strong>fer-</strong></span> 
     </span>
    </p>
   </div>
   <div class='ocr_carea' id='block_1_118' title="bbox 1921 5677 3567 5765">
    <p class='ocr_par' dir='ltr' id='par_1_118' title="bbox 1921 5677 3567 5765">
     <span class='ocr_line' id='line_1_118' title="bbox 1921 5677 3567 5765; baseline -0.007 -12"><span class='ocrx_word' id='word_1_861' title='bbox 1921 5693 2038 5765; x_wconf 80' lang='lat' dir='ltr'><strong>tur,</strong></span> <span class='ocrx_word' id='word_1_862' title='bbox 2062 5690 2203 5750; x_wconf 90' lang='lat' dir='ltr'><strong>huic</strong></span> <span class='ocrx_word' id='word_1_863' title='bbox 2227 5687 2538 5762; x_wconf 82' lang='lat' dir='ltr'><strong>subjicitur</strong></span> <span class='ocrx_word' id='word_1_864' title='bbox 2565 5703 2688 5756; x_wconf 87' lang='lat' dir='ltr'><strong>aer,</strong></span> <span class='ocrx_word' id='word_1_865' title='bbox 2706 5681 2870 5763; x_wconf 75' lang='lat' dir='ltr'><strong>aqua</strong></span> <span class='ocrx_word' id='word_1_866' title='bbox 2886 5687 3084 5761; x_wconf 78' lang='lat' dir='ltr'><strong>magis</strong></span> <span class='ocrx_word' id='word_1_867' title='bbox 3101 5681 3332 5746; x_wconf 73' lang='lat' dir='ltr'><strong>accedit</strong></span> <span class='ocrx_word' id='word_1_868' title='bbox 3349 5684 3430 5744; x_wconf 84' lang='lat' dir='ltr'><strong>ad</strong></span> <span class='ocrx_word' id='word_1_869' title='bbox 3449 5677 3567 5758; x_wconf 56' lang='lat' dir='ltr'><strong>ter:</strong></span> 
     </span>
    </p>
   </div>
  </div>
