3932 6326
605 358 742 416 {263
2022 357 2383 414 ADDBNDA.
3850 364 3932 420 {2f

596 482 812 538 mentis
832 484 1129 542 constant.
1153 481 1362 551 ﬁgurte
1381 480 1538 538 illius
1557 481 1909 538 orbicularis
1931 480 2338 552 prmstantiam
2361 478 2579 535 imitari
2599 483 2915 536 conantur.
2945 480 3245 551 Superest,
3278 485 3343 536 ut
3366 481 3464 537 his
3486 481 3828 553 diligenter
3850 502 3932 542 con

599 571 891 636 sideratis,
913 569 1248 637 videamus,
1276 571 1641 642 quibuscum
1672 572 2017 627 societatem
2043 570 2335 624 ineamus.
2360 568 2590 623 Clamat
2621 568 2916 640 sapientia
2945 586 2959 623 :
2989 568 3094 624 Fili
3126 569 3225 639 mi,
3252 570 3467 626 recede
3489 588 3532 627 θ.
3557 573 3932 631 malorumci

600 659 747 728 bita,
780 663 900 714 tere
921 658 1131 714 limina
1161 660 1499 730 sapientum
1533 677 1546 714 :
1575 665 1632 716 et
1661 659 2135 731 sapientissimus
2157 658 2370 714 Paulus
2393 674 2531 712 cum
2555 657 2877 712 Menandro
2899 659 3131 723 asserit,
3161 675 3487 730 pravorum
3534 665 3932 719 consuetudin-

600 752 796 804 bonos
816 763 1014 803 mores
1034 747 1352 819 depravari
1369 765 1440 804 ac
1461 751 1783 821 corrumpi.
1809 748 2214 814 Quamobrem
2236 747 2313 802 illi
2333 749 2436 820 qui
2457 749 2516 802 in
2539 747 3018 804 administranda
3031 749 3341 820 republica
3361 756 3507 806 sunt
3549 751 3932 825 ἀρχιτατωαε

600 837 843 893 videant
868 853 1008 892 cum
1029 837 1250 909 quibus
1271 839 1761 894 communionem
1777 841 2163 905 constituant,
2183 852 2257 892 ne
2278 843 2426 892 torte
2452 839 2710 891 Nerones
2731 841 2790 891 et
2817 835 3181 906 Heliogabali
3202 837 3496 894 evadant:
3532 855 3611 895 ac
3641 843 3848 896 verius
3871 845 3932 898 sin

599 933 871 982 monstra
886 942 1074 998 quam
1085 927 1379 982 homines.
1397 928 1661 999 Denique
1683 927 1900 998 singuli
1913 927 2189 982 homines
2214 927 2274 981 in
2294 924 2606 996 republica
2629 924 2842 980 eadem
2863 925 2992 980 haec
3009 931 3309 998 praecepta
3325 942 3436 998 pro
3457 944 3582 984 suo
3599 945 3834 1000 genere
3855 934 3932 987 vita

589 1031 672 1072 ac
698 1015 966 1072 instituto
994 1015 1308 1085 diligenter
1332 1015 1670 1086 observent,
1695 1022 1760 1072 ut
1784 1032 1992 1072 veram
2021 1015 2366 1072 beatitatem
2401 1009 2645 1069 tandem
2683 1027 2895 1068 omnes
2933 1029 3348 1087 assequamur.

1865 1275 2674 1398 SYNOPSIS

929 1538 1173 1634 SEU
1238 1538 1919 1633 REPETIT/E
1987 1538 2720 1632 SIGILLATIM
2788 1536 3645 1635 HYPOTHESES

1131 1789 1403 1919 SEX
1459 1787 2176 1920 THEODORI
2232 1787 2642 1919 DUCE
2715 1786 3426 1918 SEBMONIS

1858 2058 2286 2126 AUCTORE
2333 2057 2682 2127 EODEM.

1829 2401 2120 2491 PRIMI
2176 2400 2700 2493 SEBMONIS.

657 2617 725 2675 In
745 2617 942 2688 primo
968 2629 1244 2672 sermone
1273 2614 1532 2672 ostendit
1555 2615 1762 2671 omnia
1788 2631 1980 2671 unum
2000 2631 2130 2670 esse
2154 2621 2396 2688 propter
2415 2620 2713 2681 naturam,
2737 2629 2809 2671 ac
2839 2630 3047 2670 rursus
3089 2615 3329 2685 singula
3367 2616 3562 2673 dividi
3593 2619 3756 2675 inter
3781 2635 3860 2683 se,
3891 2635 3932 2673 an

583 2705 859 2762 distribui
883 2707 943 2761 in
972 2711 1190 2762 natura
1221 2723 1235 2760 :
1263 2719 1375 2762 nec
1398 2721 1472 2761 ex
1510 2705 1886 2762 naturalibus
1910 2711 2076 2761 extra
2100 2710 2378 2762 naturam
2400 2720 2532 2760 esse
2553 2703 2914 2776 quidquam.
2947 2707 3024 2760 Ex
3048 2704 3268 2775 quibus
3297 2705 3658 2775 intelligitur
3677 2715 3932 2764 naturai:

581 2810 716 2851 esse
754 2809 1141 2851 communem
1171 2794 1455 2850 omnibus
1482 2793 1662 2850 rebus
1695 2794 2091 2855 naturalibus,
2119 2799 2176 2850 et
2211 2794 2272 2849 in
2293 2809 2367 2849 ea
2391 2793 2730 2862 generalem
2761 2793 3250 2850 communicandi
3273 2784 3533 2850 modum
3595 2798 3786 2853 situm
3807 2814 3925 2852 esse

581 2883 971 2954 Deindeintra
986 2889 1266 2939 naturam
1287 2882 1733 2939 distributiones
1745 2882 2245 2952 temperationum
2259 2883 2568 2948 consitere,
2585 2887 2640 2938 et
2663 2897 2768 2953 per
2790 2882 3251 2955 temperationes
3263 2884 3634 2941 secundario
3649 2886 3840 2941 modo
3861 2903 3932 2940 res

576 2973 730 3028 inter
750 2988 814 3027 se
835 2972 1302 3033 communicare.
1329 2971 1397 3027 Hi
1421 2972 1544 3028 duo
1563 2977 1703 3028 sunt
1723 2971 1887 3026 modi
1909 2970 2082 3026 nobis
2105 2971 2163 3026 in
2181 2971 2388 3042 primis
2407 2971 2793 3026 observandi.
2820 2971 2999 3026 Addit
3036 2979 3329 3044 prmterea
3351 2988 3460 3043 per
3482 2976 3932 3045 temperatione:

575 3076 672 3118 res
698 3076 821 3117 non
850 3061 1007 3116 uniri
1026 3060 1320 3127 absolute,
1346 3061 1452 3116 sed
1477 3061 1810 3116 secundum
1826 3060 2216 3132 proprietates
2235 3060 2432 3129 magis
2464 3065 2769 3130 cognatas.
2799 3063 2861 3115 Et
2889 3061 3202 3132 quoniam,
3225 3067 3288 3116 ut
3319 3061 3402 3116 ait
3423 3063 3737 3128 Socrates,
3779 3064 3932 3135 '09,:

567 3158 666 3218 ,τῆς
722 3150 900 3221 ψυχῆς
958 3152 1058 3204 ὑπὸ
1157 3159 1257 3202 τῶν
1349 3149 1512 3201 ἄλλων
1594 3145 2022 3221 ἐπιτηδευμάτων
2104 3148 2550 3221 ἀποτυφλούμενον
2611 3154 2701 3200 καὶ
2765 3153 3220 3223 κατορυττόμενον,
3287 3149 3387 3201 ὑπὸ
3453 3159 3560 3202 τῶν
3621 3155 3930 3224 μαθημάτω

577 3242 742 3308 μόνων
775 3237 1235 3311 ἁναζωπυρεῖσθαι
1266 3242 1354 3289 καὶ
1385 3237 1736 3310 ἀνεγείρεσθαι
1767 3237 1978 3308 πέφυκε,
2011 3237 2128 3292 idci

2374 3237 2520 3292 indit
2549 3237 2611 3291 in
2659 3239 2927 3292 numeris
2988 3253 3057 3293 ac
3113 3237 3320 3305 ﬁguris
3391 3244 3734 3312 utrumque
3788 3258 3927 3296 com-1

573 3327 926 3384 municandi
954 3327 1224 3383 modum.
1258 3327 1784 3392 Quemadmodum
1809 3326 1969 3380 enim
2009 3329 2066 3376 τὸ
2092 3345 2126 3377 σ

2367 3325 2642 3380 referente
2678 3325 2898 3393 Proclo,
2930 3328 3103 3386 πάσης
3133 3325 3386 3398 ἐξηγῆται
3413 3334 3603 3400 σειρᾶς
3660 3336 3758 3382 καὶ
3788 3335 3920 3381 πάττε

576 3414 682 3466 ἑνοῖ
733 3418 801 3467 τὰ
859 3418 1084 3487 μεριστὰ
1146 3421 1236 3467 καὶ
1299 3419 1511 3485 συνέχει
1575 3421 1664 3466 καὶ
1729 3415 1889 3488 ὁρίζει
1953 3417 2048 3474 τὰς
2130 3412 2391 3486 προόδους
2459 3415 2626 3465 αὐτῶν
2691 3419 2777 3466 καὶ
2833 3417 3078 3488 παράγει,
3147 3420 3237 3467 καὶ
3300 3415 3690 3488 περιλαμϐάνει
3760 3439 3919 3470 παγε-

569 3503 755 3574 κόθεν,
777 3503 861 3559 ita
897 3504 1077 3560 etiam
1103 3519 1306 3558 rerum
1329 3503 1694 3558 naturalium
1715 3519 1926 3559 omnes
1957 3509 2153 3574 partes
2174 3509 2390 3560 natura
2413 3503 2557 3570 unit,
2576 3504 2838 3558 continet
2857 3510 2913 3560 et
2944 3505 3238 3560 terminat.
3295 3507 3362 3559 Et
3393 3511 3458 3559 ut
3487 3505 3767 3564 circulus
3796 3510 3918 3560 min-

571 3594 761 3666 γῳνίαν
789 3591 1052 3662 ﬁguram
1070 3590 1500 3662 complectitur,
1521 3591 1606 3648 ita
1630 3593 1811 3648 etiam
1830 3597 2048 3647 natura
2075 3609 2277 3648 rerum
2302 3592 2669 3648 naturalium
2691 3591 3134 3648 multitudinem
3151 3598 3207 3648 et
3259 3593 3624 3650 varietatem
3657 3599 3906 3655 continet

1758 3751 2181 3844 SECUNDI
2240 3751 2755 3845 SEBMUNIS.

644 3938 710 3990 In
735 3935 1002 3993 secundo
1017 3950 1291 3992 sermone
1310 3932 1385 3990 de
1397 3934 1830 3989 elementorum
1847 3929 2272 3985 communione
2294 3930 2434 4000 agit,
2457 3946 2642 4001 quam
2655 3929 2902 4002 quidem
2935 3931 3428 3986 communionem
3441 3947 3554 3986 seu
3589 3937 3783 3988 Eam-ru
3805 3936 3907 4005 eius

570 4025 740 4081 modi
764 4043 892 4082 esse
921 4027 1117 4090 docet,
1141 4029 1204 4080 ut
1233 4025 1306 4080 sit
1325 4023 1414 4082 ὅλη
1438 4030 1547 4084 τοῖς
1567 4021 1698 4082 ὅλοις
1725 4017 1760 4072 δ
1765 4021 1798 4072 ι’
1821 4019 1945 4072 ὅλων
1975 4025 2064 4072 καὶ
2088 4040 2123 4070 οη

2353 4038 2426 4090 σῳ
2454 4028 2621 4070 τινῶν.
2655 4018 2924 4074 Ostendit
2945 4019 3124 4074 etiam
3151 4019 3462 4092 quomodo
3488 4025 3838 4080 secundum
3857 4040 3904 4078 ra

573 4114 761 4170 tiones
787 4115 1173 4171 harmonicas
1207 4111 1503 4169 elementa
1547 4111 1996 4167 communicent
2031 4111 2181 4164 inter
2210 4124 2292 4174 se,
2323 4123 2540 4178 nempe
2574 4107 2901 4162 secundum
2943 4107 3214 4179 dulplam
3236 4108 3559 4178 rationem,
3599 4113 3902 4185 sesquiaite

569 4216 702 4259 ram
736 4208 793 4258 et
817 4203 1265 4275 sesquitertiam.
1295 4201 1515 4258 Deinde
1539 4199 1749 4255 transit
1782 4199 1856 4254 ad
1897 4197 2380 4269 temperationes,
2415 4196 2843 4267 mistionesque
2877 4194 3115 4251 illarum
3155 4212 3356 4252 rerum
3402 4213 3546 4269 qua:
3581 4215 3661 4255 ex
3691 4211 3901 4274 qualus”

567 4281 875 4345 elementis
893 4296 1186 4346 constant.
1218 4297 1298 4345 Ac
1318 4290 1581 4361 primum
1607 4289 1728 4357 agit
1757 4285 1831 4342 de
1863 4285 2380 4358 temperationibus
2403 4301 2532 4357 quae
2564 4289 2885 4339 cernuntur
2909 4286 2968 4340 in
3001 4285 3367 4352 inanimatis,
3398 4290 3467 4342 ut
3486 4287 3552 4341 in
3603 4291 3898 4346 metallise

566 4375 630 4430 in
653 4376 982 4447 lapidibus.
1017 4377 1237 4433 Deinde
1267 4377 1481 4433 transit
1517 4375 1595 4431 ad
1621 4374 2079 4446 temperationes
2104 4373 2338 4429 illarum
2361 4389 2561 4428 rerum
2583 4389 2716 4445 quae
2743 4373 2962 4445 partim
2989 4376 3269 4430 animatae
3306 4375 3530 4446 partim
3594 4367 3897 4435 inanimali

569 4463 866 4528 videntur,
898 4465 1242 4536 cujusmodi
1271 4471 1412 4520 sunt
1442 4464 1681 4536 plantae.
1712 4463 1901 4519 Tertio
1954 4463 2034 4518 ad
2099 4463 2578 4534 temperationes,
2645 4478 2782 4533 quae
2813 4461 2876 4516 in
2904 4461 3271 4518 animalibus
3300 4469 3661 4538 cernuntur,
3696 4463 3894 4524 accedit

1771 4623 2112 4714 ΤΕΒΤΙΙ
2170 4622 2698 4714 SEBMONIS.

634 4803 774 4857 Cum
802 4801 986 4859 homo
1013 4803 1085 4860 sit
1113 4801 1675 4876 praestantissimum
1703 4801 1849 4857 illud
1871 4801 2115 4868 animal,
2148 4801 2209 4856 in
2241 4801 2409 4874 quod
2447 4815 2656 4856 omnes
2688 4799 3123 4856 communionis
3162 4801 3379 4857 modos
3408 4808 3644 4860 natura
3667 4795 3886 4862 contuli

564 4905 760 4962 operae
777 4893 1034 4963 pretium
1049 4892 1242 4948 fuitde
1258 4891 1788 4964 temperationibus
1800 4891 2112 4946 hominum
2144 4907 2341 4960 agere.
2371 4893 2488 4946 Has
2511 4891 2688 4959 igitur
2715 4890 2828 4945 hoc
2841 4890 2899 4944 in
2922 4889 3076 4946 libro
3095 4892 3545 4947 accuratissime
3568 4889 3883 4965 pertractat

562 4992 716 5050 quas
739 4981 1068 5049 nonaginta
1088 4981 1240 5038 duas
1257 4996 1383 5035 esse
1401 4980 1628 5042 asserit.
1654 4986 1864 5052 praeter
1883 4979 2216 5050 simplicem
2243 4979 2477 5035 etillam
2497 4995 2631 5052 quae
2681 4978 2937 5050 simplici
2983 4979 3326 5050 respondet.
3355 4979 3649 5048 Galenus,
3677 4983 3792 5040 lib.
3817 4973 3882 5052 ιΕ

564 5064 808 5138 iempor.
837 5070 1135 5141 sapienter
1161 5074 1381 5140 monet,
1414 5086 1450 5124 a
1490 5069 1640 5124 bene
1663 5072 1988 5140 temperata
2009 5068 2427 5124 constitutione
2452 5068 2857 5139 incipiendum
2885 5083 3040 5137 esse,
3079 5068 3194 5123 nisi
3223 5069 3360 5141 quis
3381 5069 3519 5124 velit
3549 5070 3619 5125 in
3669 5047 3880 5128 errori

552 5155 782 5214 induci.
800 5159 942 5213 Nam
960 5159 1157 5213 sicum
1179 5158 1329 5214 bene
1348 5162 1675 5229 temperata
1696 5156 1840 5212 alias
1858 5157 2318 5226 temperationes
2365 5157 2827 5228 comparaveris,
2853 5157 3017 5211 nullo
3040 5159 3281 5225 negotio
3295 5156 3462 5229 quod
3483 5157 3546 5212 in
3587 5164 3814 5232 quavis
3841 5149 3878 5214 ἓ

558 5245 1564 5320 cedat,deﬁciatve,reperies.Quare
1592 5247 1784 5317 primo
1811 5244 1886 5301 de
1910 5245 2022 5300 illis
2050 5261 2185 5317 quae
2213 5250 2276 5300 ut
2305 5245 2650 5317 simpliciter
2679 5242 3019 5316 temperatae
3051 5251 3154 5301 aut
3182 5247 3606 5317 intemperata:
3635 5239 3875 5306 constiti

559 5333 750 5390 tiones
774 5335 1244 5401 considerantur,
1260 5334 1583 5390 dicendum
1613 5339 1717 5390 est.
1741 5334 2000 5405 Simplex
2033 5339 2120 5389 est
2142 5332 2403 5406 illa,qum
2424 5349 2620 5405 neque
2648 5333 3040 5390 intensionem
3056 5345 3252 5406 neque
3269 5334 3710 5394 remissionem
3742 5329 3874 5395 hab.

558 5423 663 5476 sed
677 5424 982 5503 mqggliter
1001 5423 1294 5479 habetilla
1306 5428 1533 5493 septem
1551 5428 1595 5477 Α
1617 5425 1655 5477 Β
1686 5423 1747 5491 C,
1764 5425 2099 5495 praetereaE
2125 5423 2163 5478 F
2179 5425 2222 5478 G
2254 5421 2322 5475 H.
2345 5423 2458 5478 Sed
2477 5422 2767 5493 quoniam
2787 5421 3087 5493 ejusmodi
3117 5422 3468 5480 constitutio
3496 5413 3871 5496 perfectissirl

559 5492 937 5580 aequalishviz
957 5512 1262 5584 reperitur,
1283 5492 1502 5566 idcirco
1518 5510 1619 5566 illa
1630 5492 1990 5580 constitutio,
2009 5527 2145 5583 quae
2175 5511 2254 5568 ad
2278 5511 2436 5566 hanc
2456 5492 2885 5583 perfectissime
2916 5510 3213 5583 aequalem
3235 5492 3519 5583 proxime
3545 5503 3869 5580 accedenti

555 5594 619 5650 in
643 5596 852 5665 primis
869 5597 1168 5668 optabilis.
1196 5597 1294 5652 Ille
1315 5597 1851 5668 temperatissimus
1871 5599 2057 5654 homo
2078 5603 2188 5665 est,
2210 5599 2404 5672 inquit
2423 5600 2700 5669 Calenus,
2717 5599 2823 5671 qui
2851 5599 3120 5671 corporis
3138 5599 3350 5656 habitu
3373 5600 3628 5658 medius
3675 5609 3768 5660 est
3791 5589 3866 5658 ini

557 5681 970 5756 gracilitatem,
1002 5685 1478 5754 crassitudinem,
1497 5685 1798 5758 duritiem,
1820 5685 2152 5757 mollitiem,
2184 5688 2450 5760 itemque
2466 5687 2726 5745 calorem
2755 5693 2813 5744 et
2837 5686 3047 5758 frigus.
3069 5688 3238 5745 Idem
3283 5690 3493 5747 animo
3521 5706 3783 5766 quoque
3809 5697 3864 5745 ml
