3932 6326
21 300 154 372 18ρε
637 297 988 355 THEODORI
1013 301 1060 354 ΙΙ
1093 298 1233 356 IMP.
1267 299 1357 354 DE
1381 295 1840 358 COMMUNIONE
1878 298 2252 362 NATURALI.
2283 336 2356 347 —
2382 303 2780 362 PREFATIO.
3269 311 3408 366 1266

20 421 148 479 lius
177 429 279 481 est
316 425 467 481 inter
491 424 812 481 audaciam
838 428 895 481 et
921 425 1218 491 timorem,
1247 423 1400 479 inter
1428 423 1903 480 misericordiam
1929 429 1986 480 et
2016 426 2327 484 invidiam.
2369 432 2466 486 Est
2507 430 2688 486 etiam
2719 429 2935 496 alacer,
2968 429 3252 503 φιλόφιλος,
3292 433 3405 490 hu-

19 527 243 568 nanus
265 518 324 570 et
351 513 634 586 prudens,
667 518 724 569 et
751 515 1040 586 quoniam
1067 513 1435 585 comparatio
1455 511 1518 569 in
1532 512 1626 570 his
1643 514 1776 587 conj
1787 515 2170 585 ugationihus
2189 517 2391 577 locum
2411 519 3047 592 habet,circumspecte
3066 521 3398 578 videndum

19 604 112 671 ast,
151 603 315 676 quid
340 619 480 659 cum
515 619 638 676 quo
677 602 1082 659 conferamus.

1228 835 1598 933 QUARTI
1660 837 2184 930 SEBMONIS.

15 1064 324 1130 )uoniam
345 1065 630 1128 ἑπιτάσεως
652 1070 744 1118 καὶ
779 1064 992 1127 ἀνέσεως
1027 1064 1118 1124 vis
1169 1079 1568 1137 permagnum

1846 1073 2037 1122 usum‘
2067 1068 2130 1124 in
2172 1069 2732 1140 conjugationibus,‘
2779 1072 2865 1128 uti
2910 1088 3094 1144 supra
3129 1073 3381 1132 demon-

15 1157 278 1209 itratum
299 1157 404 1225 est,
427 1156 489 1209 in
514 1155 624 1210 hoc
645 1158 857 1226 quarto
883 1170 1160 1210 sermone
1183 1154 1568 1211 accuratissin

1827 1161 1901 1212 bat
1938 1155 2170 1208 ἐπίτασιν
2191 1163 2281 1209 καὶ
2333 1158 2528 1222 ἂνεσιν,
2585 1160 2700 1216 hoc
2729 1165 2821 1216 est
2885 1161 3283 1218 intensionem
3308 1179 3380 1220 ac

13 1243 440 1298 femissionem
461 1257 589 1298 esse
634 1251 728 1294 τοῦ
751 1248 924 1308 ποιοῦ,
969 1257 1093 1297 non
1124 1247 1326 1298 autem
1373 1243 1552 1305 οὐσίας

1823 1253 1988 1300 τοσοῦ.
2023 1243 2361 1319 Ἐπιδέχεται
2391 1245 2468 1316 δὲ,
2490 1248 2684 1320 inquit
2708 1249 3062 1321 Aristoteles,
3096 1255 3156 1302 1'6
3186 1251 3376 1323 μᾶλλον

13 1335 82 1381 ιοὶ
107 1335 174 1382 τὸ
207 1332 363 1389 ἧττον
383 1333 448 1383 τά
467 1351 579 1388 ποι,
606 1331 784 1382 λευκὸν
812 1333 913 1403 γάρ
941 1330 1129 1402 μᾶλλον
1154 1336 1244 1382 καί
1273 1332 1427 1389 ἧττον
1470 1334 1566 1405 ἔτερ

1822 1356 1844 1386 υ
1893 1335 2094 1406 λέγεταε
2143 1378 2157 1400 ,
2213 1341 2322 1402 etc,
2375 1340 2438 1391 In
2487 1337 2602 1392 hoc
2654 1339 2836 1394 etiam
2877 1353 3151 1394 sermone
3202 1340 3375 1398 docet

13 1425 262 1491 )ropter
288 1420 637 1492 qualitatem
683 1435 776 1475 res
823 1419 939 1475 dici
979 1419 1199 1475 similes
1245 1425 1302 1475 et
1351 1421 1566 1478 disemi

1820 1443 1904 1476 om
1952 1419 2011 1476 δὲ
2039 1444 2069 1482 η
2097 1423 2334 1496 ἀνόμοια,
2391 1425 2586 1496 inquit
2623 1425 2978 1497 Arsitoteles,
3039 1446 3174 1479 κατα
3210 1449 3373 1500 μονας

11 1509 91 1568 ἐίς
122 1513 423 1569 ποιότητας
455 1508 676 1580 λέγεταιο
715 1510 889 1580 ὅμοιον
927 1510 1028 1582 γὰρ
1058 1508 1225 1582 ἕτερον
1261 1508 1413 1584 ἑτέρῳ
1443 1511 1556 1561 κατ’
1596 1510 1688 1562 ἄλλ
1726 1509 1897 1581 οὐδὲν,
1931 1511 2039 1583 ἀλλ(
2094 1512 2124 1571 ἣ
2179 1514 2297 1565 καθ”
2322 1515 2496 1566 ὅποιὸν
2551 1514 2686 1571 ἑστι,
2724 1514 2836 1570 Sed
2874 1530 3168 1586 quorsum
3196 1516 3372 1573 haec?

11 1596 304 1652 timirum
326 1602 390 1653 ut
417 1597 680 1653 sciamus
709 1597 1110 1652 intensionem
1140 1613 1210 1652 ac
1238 1597 1672 1665 remissionem,
1714 1601 2164 1657 similitudinem
2194 1617 2266 1658 ac
2303 1601 2852 1657 dissimilitudinem
2914 1603 3136 1660 habere
3165 1605 3367 1662 locum

11 1701 47 1740 n
75 1685 457 1742 enumeratis
483 1679 1029 1757 conjugationibus,
1062 1700 1185 1744 non
1213 1687 1444 1742 ratione
1473 1687 1564 1740 οὐσ

1812 1690 2060 1748 ratione
2119 1698 2212 1758 τοῦ
2271 1698 2426 1745 ποιοῦ
2473 1699 2566 1752 τῆς
2594 1695 2894 1758 ποιότητος,
2963 1692 3130 1764 quod
3185 1695 3365 1752 etiam

9 1790 190 1847 :upra
223 1775 600 1832 monuimus.

1227 1991 1574 2090 QUINTI'
1621 1991 2142 2086 SERMONIS.

59 2245 130 2296 In
143 2241 366 2313 quinto
391 2255 662 2297 sermone
675 2239 1025 2311 gravissime
1039 2256 1110 2296 ac
1127 2229 1568 2313 sapientissime
1579 2241 1817 2297 disserit
1830 2241 1905 2297 de
1933 2241 2248 2298 hominum
2271 2242 2796 2300 communionibus
2807 2242 2959 2298 inter
2977 2257 3058 2299 se.
3077 2245 3358 2302 Convenit

5 2329 259 2398 iomini,
297 2329 493 2401 inquit
529 2329 806 2398 Galenus,
844 2333 912 2385 ut
949 2329 1022 2385 sit
1061 2329 1555 2402 sapientissimus.
1589 2331 1740 2386 Alibi
1778 2330 1953 2386 docet
1989 2331 2143 2386 bene
2180 2336 2238 2387 et
2274 2331 2581 2403 aequaliter
2613 2337 3014 2403 temperatum
3044 2348 3173 2388 esse
3207 2348 3356 2405 pru-

5 2418 244 2474 lentem
261 2461 273 2473 .
295 2417 442 2473 Cum
457 2422 660 2474 autem
672 2417 996 2474 similitudo
1007 2418 1399 2488 temperation
1407 2435 1508 2474 um
1531 2419 1662 2490 conj
1672 2424 1859 2488 ungat
1873 2423 1930 2476 et
1949 2419 2250 2488 consociet
2265 2419 2541 2475 homines
2559 2419 2710 2475 inter
2738 2435 2820 2490 se,
2843 2436 2966 2489 quo
2985 2421 3358 2492 praestantior

8 2507 167 2562 uerit
195 2505 586 2562 consociatio.
613 2509 790 2562 Porro
819 2507 915 2562 hic
942 2521 1150 2561 rursus
1176 2506 1292 2562 duo
1308 2512 1448 2562 sunt
1460 2509 1946 2565 communicandi
1967 2508 2134 2564 modi
2155 2509 2332 2564 nobis
2351 2508 2661 2579 diligenter
2677 2509 3061 2565 observandi.
3088 2511 3251 2566 Unus
3267 2514 3356 2566 est

3 2597 121 2647 ιατοὶ
146 2599 252 2654 τὴν
285 2599 489 2667 σοφίαν,
519 2595 666 2652 alter
679 2599 772 2650 est
797 2598 929 2648 κατά
949 2599 1043 2654 τὴν
1073 2596 1340 2653 πολιτικὴν
1371 2601 1556 2668 φρόνηο

1802 2597 2004 2653 :rimen
2041 2597 2156 2653 hoc
2181 2597 2410 2653 elicitur
2439 2612 2510 2652 ex
2539 2597 2884 2653 discrimine
2909 2602 3094 2670 σοφὶας
3112 2603 3204 2652 καὶ
3235 2619 3355 2674 φρο-

5 2688 204 2750 ήσεως,
245 2683 414 2756 quod
433 2683 681 2756 quidem
719 2684 1041 2740 discrimen
1094 2701 1234 2740 cum
1272 2685 1475 2740 multis
1513 2686 1572 2740 in
1611 2685 1777 2751 locis,
1827 2689 1956 2740 tum
1984 2702 2044 2754 x,
2080 2688 2157 2741 De
2201 2685 2406 2751 moris,
2431 2685 2510 2741 ab
2560 2685 2866 2742 Aristotele
2889 2686 3231 2757 assignatur
3257 2687 3354 2742 his

3 2772 188 2850 'erbis
229 2772 604 2844 εΣυνέζευκται
636 2768 695 2825 δὲ
732 2777 821 2825 καὶ
841 2774 1128 2846 ἧφρὸνησις
1156 2781 1220 2846 τῇ
1248 2781 1340 2824 τοῦ
1367 2774 1525 2834 ἦθους
1547 2771 1700 2846 ἀρετῆ
1737 2818 1752 2843 ,
1783 2778 1873 2826 καὶ
1911 2774 2043 2831 αὕτη
2075 2781 2138 2846 τῇ
2173 2777 2438 2848 φρονήσει,
2467 2776 2607 2846 εἴπερ
2657 2776 2711 2825 αἱ
2763 2776 2853 2845 μὲν
2903 2781 2995 2836 τῆς
3057 2778 3352 2850 φρονήσεως

2 2867 151 2936 ρχαὶ
177 2859 320 2912 κατά
350 2860 444 2923 τὰς
469 2863 655 2922 sema;
686 2861 816 2914 εἰσιν
839 2859 1044 2935 ἀρετὰς,
1080 2865 1138 2913 τὸ
1170 2858 1220 2913 δ’
1264 2861 1414 2934 ὀρθὸν
1442 2869 1545 2913 τῶν
1577 2864 1772 2920 ὴθῖκῶν
1793 2864 1928 2914 κατὰ
1956 2867 2050 2919 τὴν
2074 2865 2344 2935 φρόνησιν,
2376 2861 2723 2936 Συνηρτμένάι
2750 2857 2802 2913 δ’
2830 2849 3108 2924 αὖταιτοῗς
3136 2849 3349 2933 idem,

7 2955 63 3001 αὶ
103 2953 232 3024 περὶ
270 2952 328 3001 τὸ
361 2951 601 3002 σύνθετον
633 2950 694 3001 ἀν
727 2947 840 3018 εἶεν,
872 2952 928 3002 αἱ
958 2945 1016 3001 δὲ
1045 2957 1134 3002 τοῦ
1168 2949 1416 3002 συνθέτου
1447 2948 1628 3023 ἀρεταὶ
1659 2949 2005 3024 ἀνθρωπικαὶ,
2045 2955 2134 3002 καὶ
2161 2951 2186 3002 ὁ
2219 2949 2338 3022 βίος
2368 2946 2427 3002 δί
2452 2951 2478 3000 ὁ
2504 2949 2620 3001 κατ’
2650 2949 2810 3010 αὐτὰς
2833 2956 2922 3002 καὶ
2951 2953 2981 3009 ἡ
3015 2948 3345 3023 εὖδαιμονια,

2 3062 4 3080 ι
33 3035 96 3090 δὲ
122 3045 221 3090 τοῦ
253 3041 361 3093 Νοῡ
386 3040 770 3112 κεχωρισμένη.
800 3039 880 3093 De
910 3037 1334 3115 communione
1359 3038 1555 3112 politia

1798 3039 1933 3095 trist.
1966 3037 2071 3096 lib.
2093 3055 2188 3097 V111
2226 3036 2517 3107 moribus,
2548 3053 2671 3112 quo
2692 3037 2753 3095 in
2790 3037 2923 3096 loco
2951 3039 3041 3098 τὰς
3077 3037 3351 3101 πολιτικὰς

0 3131 258 3190 ,οινωνὶας
285 3127 402 3201 καθ’
431 3127 655 3186 ἕκαστην
686 3134 785 3180 τῶν
814 3126 1082 3180 πολιτειῶν
1113 3126 1417 3200 eleganter
1445 3142 1553 3184 exc

960 3135 1082 3180 ’σιῶν
1113 3126 1417 3200 eleganter
1445 3125 1739 3185 excendit.
2507 3133 2513 3138 '

1239 3361 1530 3452 SEXTI
1599 3359 2118 3452 SERMONIS.

41 3592 111 3649 In
143 3595 308 3650 sexto
337 3596 648 3665 comparat
677 3592 984 3650 scientiam
1006 3609 1144 3650 cum
1175 3597 1321 3659 arte,
1357 3596 1414 3650 et
1442 3597 1724 3650 naturam
1751 3609 1890 3650 cum
1908 3593 2358 3667 temperatione,
2392 3593 2688 3668 docetque
2712 3595 2902 3653 artem
2927 3593 3007 3656 ad
3031 3592 3346 3658 scientiani
3396 3632 3410 3652 -.

0 3681 228 3738 ierinde
269 3698 331 3740 se
351 3682 574 3739 habere
591 3686 770 3756 atque
796 3683 1288 3754 temperationem
1311 3682 1389 3739 ad
1402 3687 1699 3739 naturam.
1716 3684 2001 3738 Praeterea
2023 3685 2226 3738 monet
2243 3685 2524 3738 naturam
2546 3687 2603 3738 et
2621 3682 2932 3740 scientiam
2945 3699 3074 3740 esse
3091 3686 3343 3757 conjun-

0 3771 225 3836 endas,
252 3775 314 3825 ut
343 3769 588 3828 scientia
605 3775 884 3827 naturam
907 3771 1084 3844 quasi
1100 3769 1396 3826 informet.
1415 3771 1676 3843 Denique
1689 3769 1990 3825 constituit
2010 3769 2154 3832 τάξιν
2179 3769 2620 3842 quamdam,ex
2635 3786 2755 3842 qua
2768 3771 3096 3842 poterimus
3118 3787 3343 3842 cogno-
3400 3823 3405 3829 .

0 3874 136 3913 cere
160 3857 305 3914 illud
343 3858 509 3932 quod
529 3863 617 3915 est
647 3859 839 3932 magis
859 3864 963 3916 aut
995 3859 1192 3914 minus
1215 3863 1545 3931 τειαγμένον,
1575 3859 1691 3914 hoc
1720 3861 1824 3928 est,
1843 3857 2035 3926 magis
2047 3864 2150 3914 aut
2167 3857 2366 3914 minus
2397 3857 2732 3914 secundum
2752 3861 3033 3914 naturam
3063 3864 3121 3914 et
3151 3859 3337 3916 scien-

0 3947 140 4002 tam.
160 3945 331 4011 Quod
372 3947 721 4020 utperﬁciat,
756 3949 935 4004 utitur
979 3947 1420 4004 mathematicis
1449 3947 1782 4022 ﬁgurarum
1795 3945 2678 4019 comparationibus,docetque
2698 3945 2957 4016 ﬁguram
2975 3939 3333 4018 sphaericam

3 4051 105 4090 sse
131 4050 320 4107 supra
340 4035 490 4091 alias
508 4051 718 4092 omnes
742 4040 1056 4108 τεταγμένην
1073 4035 1288 4092 deinde
1301 4035 1662 4108 quadratam
1681 4034 1962 4104 ﬁguram,
1982 4040 2284 4105 postremo
2297 4033 2664 4103 triangulum
2699 4033 3131 4105 aequilaterum.
3157 4035 3334 4100 Quod

0 4129 130 4192 gtur
160 4123 219 4178 in
240 4124 680 4180 mathematicis
695 4124 926 4194 ﬁguris,
947 4124 1237 4197 sphaerica
1264 4123 1482 4194 ﬁgura,
1494 4123 1556 4182 id
1568 4123 1724 4178 estin
1740 4122 1920 4178 rebus
1931 4121 2215 4196 humanis
2229 4121 2536 4194 sapientiae
2553 4120 2950 4194 etprudentiae
2964 4137 3102 4176 cum
3119 4126 3336 4198 natura

4 4211 107 4282 onj
117 4212 657 4286 unctio,etquodin
672 4211 853 4269 illiset
869 4213 1392 4291 quadrataﬁgura,
1406 4213 1466 4268 in
1479 4212 1569 4270 his
1584 4217 1672 4267 est
1700 4212 1959 4282 scientias
1982 4227 2119 4266 cum
2141 4215 2356 4266 natura
2385 4209 2749 4280 conjunctio.
2766 4212 3071 4266 Postremo
3082 4209 3249 4284 quod
3268 4209 3331 4276 in

0 4301 83 4355 itis
119 4299 536 4372 aequilaterum
573 4302 957 4373 triangulum,
991 4303 1084 4358 his
1113 4308 1204 4358 est
1224 4303 1363 4358 artis
1393 4318 1530 4374 cum
1553 4299 2085 4374 temperationibus
2107 4298 2481 4354 naturalibus
2503 4297 2865 4368 conjunctio.
2891 4301 2970 4353 De
2986 4298 3344 4372 praestantia.

2 4388 287 4460 phaericae
315 4388 524 4458 ﬁgurae
559 4391 687 4446 haec
726 4391 1082 4456 Aristoteles,
1114 4396 1238 4463 Περὶ
1266 4391 1484 4465 οὐρανοῦ
1516 4389 1552 4463 β

1866 4393 1891 4446 ὴ
1923 4395 2114 4460 σχῆμα
2152 4384 2394 4448 ἐπίπεὸξον
2424 4387 2454 4446 ἦ
2489 4386 2856 4462 ὠθύγραμμόν
2887 4385 3025 4439 ἐστιν
3055 4390 3086 4452 ᾖ
3123 4405 3331 4462 περιφε-
3404 4429 3419 4453 η,

5 4479 304 4547 όγραμμον,
335 4481 423 4528 καὶ
448 4480 507 4528 τὸ
536 4481 626 4549 μὲν
656 4477 1020 4551 εὐθύγραμμον
1055 4479 1155 4530 ὑπὸ
1180 4478 1420 4530 πλειόνων
1452 4482 1745 4550 περιέχεται
1763 4486 2034 4550 γραμμῶν,
2067 4481 2126 4529 τὸ
2166 4474 2224 4529 δὲ
2262 4479 2743 4550 περιφερόγραμμον
2790 4477 2890 4528 ὑπό
2921 4481 3063 4547 μιᾶς.
3098 4476 3239 4528 Ἐπεὶ
3272 4472 3332 4528 δὲ

0 4568 220 4637 τρότερον
241 4572 302 4624 τῆ
332 4567 482 4635 φύσει
503 4565 550 4616 ἐν
582 4565 783 4636 ἑκάστῳ
807 4570 941 4637 γένει
969 4569 1027 4618 τό
1067 4565 1115 4618 ἐν
1146 4574 1245 4617 τῶν
1274 4565 1472 4618 πολλῶν
1519 4571 1608 4618 καὶ
1633 4572 1700 4618 τό
1730 4565 1922 4618 ἁπλουν
1967 4572 2059 4617 τοῦ
2114 4567 2380 4634 συνθέτου,
2437 4573 2639 4639 πρῶτον
2682 4563 2742 4616 ἂν
2795 4566 2873 4622 εἴη
2928 4572 3028 4616 τῶν
3067 4560 3328 4640 ἐπιπέδων

0 4654 273 4723 ’χημάτων
322 4654 348 4704 ὀ
405 4652 606 4720 κύκλος,
656 4659 771 4709 etc.
821 4653 987 4720 Quod
1034 4654 1083 4708 si
1136 4655 1270 4726 quis
1327 4655 1552 4710 auctori

1780 4655 1836 4710 ri
1891 4654 2118 4712 factum
2170 4655 2327 4711 ausit
2383 4651 2818 4726 reprehendere
2869 4653 3050 4726 .quod
3102 4649 3333 4712 mathe4

0 4741 198 4795 natica
226 4741 496 4812 physicis
529 4742 880 4802 admisceat,
912 4741 1299 4814 respondebit
1324 4741 1553 4798 Proclus

1778 4765 1791 4806 ;
1859 4739 1916 4796 δὲ
1940 4747 2034 4801 τὴν
2088 4746 2310 4816 φυσικὴν
2342 4745 2553 4816 θεωρίαν
2605 4744 2672 4794 τὰ
2700 4745 2924 4816 μέγιστα
2981 4740 3331 4812 συμϐάλλεται

0 4830 341 4900 μαθηματικὴ,
417 4835 512 4887 τήν
540 4850 594 4883 τε
653 4836 759 4882 τῶν
814 4830 977 4902 λογων
1044 4830 1279 4893 εὐταξίαν
1345 4831 1701 4904 ἁναφαίνουσα
1773 4832 1892 4884 καθ’
1958 4831 2018 4889 ἣν
2095 4827 2552 4906 δεδημιούργηται
2588 4833 2646 4900 1'6
2705 4836 2830 4900 πᾶν,
2891 4832 2981 4881 καὶ
3053 4825 3327 4899 ἀναλογίαν

1 4919 68 4974 ἠν
122 4919 294 4970 πάντα
354 4921 420 4970 τὰ
463 4918 510 4970 ἕν
565 4927 637 4990 τῷ
684 4924 858 4992 κόσμῳ
919 4916 1278 4984 συνδήσασαν,
1330 4922 1394 4980 ὥς
1438 4922 1539 4972 που
1589 4940 1745 4992 φησιν
1797 4927 2039 4992 Τιμαίος,
2114 4925 2204 4972 καὶ
2279 4917 2400 4991 φίλα
2479 4921 2546 4971 τά
2636 4922 2916 4991 μαχόμενα
2979 4920 3081 4968 καὶ
3153 4934 3327 4992 προσ-

3 5025 144 5080 γορα
189 5010 278 5059 καὶ
339 5009 588 5079 συμπαθῆ
639 5010 703 5060 τὰ
755 5005 1018 5061 διεστῶτα
1074 5013 1349 5066 ποιήσασα
1415 5012 1604 5060 καὶτὰ
1659 5007 1798 5061 ἁπλᾶ
1838 5013 1928 5061 καὶ
1984 5010 2299 5082 πρωτουργὰ
2353 5009 2598 5080 στοιχεῖα
2639 5010 2728 5059 καὶ
2775 5008 2941 5064 πάντη
2993 5011 3057 5077 τῇ
3118 5022 3354 5078 συμμε-›
3394 5063 3396 5065 γ

0 5100 92 5168 ρίᾳ
121 5099 210 5147 καὶ
239 5104 300 5155 τῆ
328 5095 532 5154 ἰσότητι
563 5101 884 5170 συνεχόμενα
916 5094 1155 5160 δείξασα.
1199 5098 1340 5163 Quae
1372 5113 1551 5170 porro

1773 5101 1960 5152 tremo
1993 5096 2148 5153 libro
2195 5096 2473 5152 dicuntur
2523 5099 2642 5170 περὶ
2678 5101 2774 5146 τοῦ
2811 5098 3163 5168 τριγωνισμοῡ
3210 5089 3326 5148 cir-

2 5183 107 5252 uli,
134 5199 257 5239 non
279 5199 528 5258 possum
549 5186 790 5255 adduci,
823 5191 885 5243 ut
913 5185 1156 5242 credam
1172 5184 1271 5242 illa
1293 5201 1428 5242 esse
1447 5186 1634 5242 nostri
1655 5186 1931 5250 auctoris,
1956 5201 2095 5241 cum
2125 5185 2267 5258 quia
2295 5190 2434 5242 sunt
2461 5189 2675 5256 praater
2697 5182 3028 5239 institutam
3061 5179 3326 5253 disputa-

0 5289 191 5330 onem
221 5272 450 5340 addita,
483 5280 610 5330 tum
640 5275 821 5330 etiam
851 5259 995 5346 quia
1041 5281 1177 5330 sunt
1232 5275 1505 5347 puerilia.

1771 5273 1958 5330 verba
1998 5275 2148 5342 haec,
2173 5275 2239 5326 τὰ
2283 5280 2408 5346 γοῦν
2461 5292 2545 5339 ατ,
2586 5292 2674 5342 τη,
2707 5270 2793 5338 ηϐ,
2837 5269 2932 5340 ϐω,
2963 5289 3059 5342 οχ,
3090 5288 3190 5342 χα,
3219 5272 3321 5341 τμη

2 5381 104 5414 ατα
130 5363 193 5412 τὰ
218 5360 275 5414 ἐκ
298 5369 387 5422 τῆς
417 5362 607 5414 κύκλου
643 5367 908 5436 περιφείας
929 5367 1019 5414 καὶ
1077 5371 1173 5414 τῶν
1234 5369 1496 5437 τριγώνων
1557 5363 1783 5435 πλευρών
1840 5365 2102 5435 γινόμενα,
2167 5365 2401 5414 ἔστωσαν
2432 5361 2526 5413 ἶσα
2578 5367 2685 5420 τοῖς
2712 5355 2842 5412 δυσὶ
2901 5364 3175 5431 τριγώνοις
3202 5353 3324 5415 τηδ⁹

0 5450 99 5521 pr,’
119 5451 266 5524 quid
299 5449 460 5504 aliud
483 5450 727 5515 habent,
760 5468 947 5523 quam
980 5450 1294 5523 αἶτημαλίαν
1325 5451 1553 5516 εὔηθεςμ

1771 5451 1889 5506 itur
1913 5451 2249 5507 Aristoteles
2266 5449 2294 5504 ?
2315 5449 2564 5505 Additur
2579 5449 2794 5504 deinde
2809 5447 2961 5503 ratio
2990 5463 3124 5522 quae
3153 5447 3324 5517 igna-

7 5537 431 5610 um,ingenium
445 5540 659 5610 arguit,
676 5535 936 5614 δηλοῖγὰρ
950 5539 1074 5591 αὐτὸ
1089 5543 1178 5589 καὶ
1201 5541 1230 5596 ἠ
1248 5540 1557 5606 αἳσθησις,ο

1827 5540 2194 5595 onstratione
2214 5553 2369 5610 opus
2397 5535 2588 5592 fuerit.
2604 5535 3011 5604 Quamobrem
3022 5535 3200 5592 credo
3213 5550 3325 5607 ego
3375 5574 3377 5576 -

0 5627 170 5706 ddita
180 5643 315 5708 esse
341 5627 444 5708 illa
465 5628 1084 5722 aGrseciiloquodam;
1108 5627 1275 5702 quod
1286 5627 1466 5722 etiam
1489 5628 1741 5716 quilibet
1768 5644 1842 5722 ex
1853 5632 2159 5683 contextus
2173 5627 2322 5720 serie
2353 5625 2516 5682 nullo
2529 5626 2770 5720 negotio
2791 5625 3322 5704 conjicerelpotest,
