3932 6326
502 287 639 344 1267

1993 272 2352 332 ΛΒΒΕΝΠΑ.

3749 281 3862 335 (268

512 399 3858 441 W

1200 568 2045 690 ΘΕΟΔΩΡΟΥ
2121 571 2400 686 ΤΟΥ
2474 563 3157 688 ΛΑΣΚΑΡΙ

1099 817 1232 866 ΤΟΥ
1284 815 1439 868 ΥῙΟΥ
1488 813 1810 865 ΜΕΓΑΛΟΥ
1863 811 2188 862 ΒΛΣΙΛΕΩΣ

2247 813 2460 863 ΚΥΡΟΥ
2513 813 2818 862 ΙΩΛΝΝΟΥ
2869 814 3002 864 ΤΟΥ
3053 808 3280 864 ΔΟΥΚΑ

1197 999 1508 1122 ΤΗΣ
1572 999 2238 1116 ΦΥΣΙΚΗΣ
2305 995 3170 1119 ΚΟΙΝΩΝΙΑΣ

1736 1241 2128 1337 ΛΟΓΟΣ
2167 1240 2655 1336 ΠΡΩΤΟΣ.

1420 1663 2187 1790 THEODOBI

2281 1665 2716 1791 LASCA
2737 1667 2974 1792 RIS

1266 1938 1427 1995 FlLII
1486 1937 1700 1996 SUMMI
1757 1936 2220 1996 IMPERATORIS
2280 1937 2523 1995 DOMlNl
2578 1937 2866 1995 JOANNIS
2924 1891 3130 1995 υἱ]έὲ

1174 2131 1362 2250 DE
1438 2126 2192 2245 NATURALI
2268 2132 3204 2245 COMMUNIONE

1749 2369 2115 2463 SERMO
2172 2375 2598 2465 PRIMUS

587 2784 638 2840 α’
678 2782 765 2836 Ἐκ
829 2777 1026 2835 πολλῶν
1064 2778 1154 2853 μὶν
1199 2776 1520 2853 πραγμάτων
1567 2778 1657 2830 καὶ
1722 2773 1886 2838 ἄλλως
1967 2776 2172 2846 γνόντες

520 2872 858 2947 οἱᾶνθρωποι
895 2869 972 2922 ὃτι
1010 2871 1068 2922 τὸ
1092 2870 1242 2940 φύσει
1281 2873 1510 2940 κρεῖττον
1571 2872 1663 2919 τοῦ
1723 2867 1878 2933 θὲσει,
1929 2866 2173 2938 ὑπερέχει

516 2981 574 3017 τε
597 2966 688 3015 καὶ
721 2966 813 3014 τοῦ
849 2961 1018 3033 τύχη,
1077 2962 1166 3012 καὶ
1196 2956 1248 3021 ἐξ
1303 2956 1470 3012 αὐτῶν
1536 2952 1604 3014 δὴ
1674 2963 1861 3016 νοῆσαι
1899 2950 2168 3025 δύνανται,

517 3050 587 3105 ὧν
626 3049 897 3121 ἐπείγομαι
991 3045 1132 3111 λὶξαι
1223 3053 1331 3113 νῦν,
1392 3049 1480 3099 καὶ
1535 3044 1629 3098 οὐκ
1683 3045 1745 3096 ἄν
1811 3042 1977 3105 ἄλλως
2031 3046 2172 3115 ἔχειν

519 3143 637 3198 dm:
677 3158 755 3201 τις
781 3135 921 3191 τοῦτ’
995 3135 1120 3190 αὐτό
1163 3139 1193 3196 ἤ
1236 3137 1306 3197 ὡς
1361 3131 1392 3194 ἦ
1485 3137 1680 3207 φυσική
1749 3131 2031 3186 ἀκολουθία
2083 3136 2174 3185 καὶ

519 3227 721 3289 ἀληθὴς
782 3229 1117 3300 παραστήσει
1224 3227 1446 3298 τήμερον
1514 3219 1584 3276 δι’
1649 3220 1794 3294 ὶμοῡ·
1861 3219 2018 3274 Ἔστι
2082 3223 2173 3293 μὲν

520 3324 608 3370 οῦν
637 3318 790 3390 φύσις
828 3318 918 3368 καὶ
954 3317 1160 3375 κίνησις
1213 3311 1261 3364 ἐν
1301 3319 1365 3371 τῆ
1425 3313 1597 3383 φύσει,
1651 3313 1899 3371 ὡσαύτως
1954 3306 2004 3362 δ’
2061 3312 2174 3362 ἔστι

518 3409 609 3460 καὶ
639 3405 910 3478 μερισμὸς·
947 3405 1074 3474 πρὸς
1122 3402 1222 3474 γὰρ
1289 3398 1655 3474 Ἀριστοτελην
1718 3403 1804 3452 καὶ
1865 3400 2174 3471 Πυθαγόραν

518 3496 608 3547 καὶ
674 3492 980 3566 Ἑρμογένην
1067 3493 1155 3542 καὶ
1231 3487 1468 3561 Ὅμηρον
1525 3494 1706 3548 κοινῶς
1771 3488 1802 3544 ἠ
1894 3483 2170 3560 διαίρεσις,

521 3580 694 3654 ὥσπερ
725 3583 814 3632 καὶ
851 3580 906 3631 αἱ
948 3581 1164 3649 στιγμαὶ
1237 3583 1545 3650 μετροῦνται
1615 3583 1861 3649 στιγμαῖς
1918 3581 2009 3629 καὶ
2069 3583 2176 3638 τοῖς

521 3666 765 3740 ἇριθμοῖς
832 3664 1063 3736 ἀριθμοί.
1131 3671 1204 3737 Τῇ
1293 3667 1383 3737 μεν
1447 3666 1545 3739 γάρ
1607 3669 1812 3722 κινήσει
1874 3663 1976 3717 εἰσὶ
2043 3669 2172 3739 μέρη

520 3761 774 3816 κινήσεως
802 3760 892 3808 καὶ
927 3761 1030 3816 τοῖς
1067 3757 1248 3827 μέρεσι
1306 3749 1556 3829 διαφορά,
1591 3758 1680 3806 καὶ
1719 3753 1778 3806 οὐ
1837 3756 1982 3816 θέσις
2037 3753 2175 3808 ἐστὶν

520 3847 689 3900 αὐτῶν
718 3848 748 3906 ἠ
779 3845 1008 3914 όντὸτης,
1049 3841 1176 3896 ἀλλὰ
1203 3847 1417 3905 ποιότης
1472 3846 1501 3903 ἠ
1564 3847 1698 3897 κατὰ
1747 3846 1923 3916 φύσιν,
2001 3843 2173 3918 ὥσπερ

521 3933 647 3991 οὐδὲ
672 3943 734 4008 τῇ
767 3937 918 4007 φύσει
956 3936 986 3993 ἡ
1029 3938 1255 4000 κίνησις,
1326 3932 1452 3985 ἀλλὰ
1513 3936 1571 3986 τὸ
1646 3930 1775 3985 εἶναι
1842 3931 2019 4008 ἀρχὴν
2085 3936 2174 4005 μὶν

518 4030 796 4095 κινήσεως,
835 4026 1109 4096 περιὶχειν,
1165 4019 1226 4077 δὲ
1289 4026 1378 4075 καὶ
1444 4023 1630 4097 ἄρχειν
1688 4025 1778 4074 καὶ
1841 4022 2006 4084 αὐτῆς
2046 4024 2174 4080 στά-

523 4130 670 4176 σεως⁶
703 4117 793 4167 καὶ
832 4112 987 4186 φύσις
1015 4114 1105 4184 μὶν
1144 4107 1232 4163 οὖν
1287 4117 1419 4164 κινεῖ
1478 4113 1648 4164 πάντα
1715 4111 1781 4163 τὰ
1845 4109 2019 4173 ἁπλῶς
2083 4114 2174 4164 καὶ

519 4203 840 4270 καθέκαστα,
880 4196 1116 4258 ἰδιότησι
1158 4199 1291 4273 [καὶ]
1329 4208 1570 4274 μερισμῷ
1611 4200 1956 4253 συνάπτουσα
2023 4200 2172 4253 Gaiu-

518 4309 608 4363 ρα,
638 4287 744 4344 οἷον
774 4291 835 4342 ἄν
875 4289 1010 4368 Inpr
1071 4287 1186 4342 κατ’
1238 4285 1480 4348 ἰδιότητα
1540 4298 1774 4362 φυσικῶς
1823 4291 1980 4365 μὶρη,
2033 4287 2174 4351 ὡςέν

516 4384 590 4451 τῷ
613 4383 743 4454 πυρὶ
800 4379 859 4432 τὸ
923 4379 1208 4434 καυσηκὸν
1267 4381 1358 4431 καὶ
1420 4380 1756 4450 φωτιστικὸν,
1819 4384 1910 4432 καὶ
1975 4380 2024 4431 ἓν
2064 4386 2173 4443 τοῖς

587 4555 646 4611 1.
675 4555 824 4611 Cum
838 4567 912 4612 ex
931 4552 1133 4611 multis
1161 4552 1291 4612 aliis
1319 4552 1500 4611 rebus
1517 4554 1854 4626 intelligunt
1871 4555 2169 4622 homines,

513 4643 662 4705 illud
685 4643 852 4716 quod
874 4647 1096 4703 natura
1123 4647 1210 4703 est
1227 4648 1286 4704 et
1307 4649 1561 4716 constat,
1584 4645 1772 4702 multo
1797 4646 2174 4718 praestantius

511 4748 644 4792 esse
671 4747 744 4791 eo
767 4731 933 4805 quod
969 4733 1264 4807 positione
1286 4749 1356 4792 ac
1383 4734 1624 4792 fortuna
1643 4737 1897 4805 constat,
1942 4738 2070 4792 tum
2101 4751 2174 4792 ex

509 4821 584 4880 iis
613 4837 750 4898 quas
771 4821 966 4880 dicere
997 4823 1329 4897 aggredior,
1363 4827 1624 4896 possunt
1675 4823 2168 4882 animadvertere.

2281 2771 2450 2834 ἄλλοις
2487 2771 2556 2827 τὰ
2591 2776 2775 2828 οἰκεῖα.
2827 2775 3050 2847 Πότερον
3084 2780 3172 2826 οῦν
3206 2771 3299 2826 οὐκ
3338 2772 3489 2850 ἁρχὴ
3524 2781 3633 2829 τῶν
3679 2773 3894 2852 me?»

2281 2863 2312 2920 ἡ
2341 2861 2486 2936 ἁρχὴ
2525 2868 2626 2915 τῶν
2699 2865 2987 2936 χερσαίων,
3052 2865 3170 2917 οὔτε
3233 2870 3326 2924 τῆς
3387 2865 3604 2918 ἐκείνων
3645 2872 3898 2927 atatim»;

2280 2953 2312 3012 ἠ
2359 2959 2456 3013 τῆς
2517 2953 2711 3006 τούτων
2777 2957 3032 3014 κινήσεως
3095 2957 3240 3008 ικαὶ
3304 2956 3528 3027 πότερον
3601 2954 3704 3008 οὔτι
3768 2954 3894 3029 ἄρχὲ

2285 3045 2578 3114 σχήματων
2634 3061 2896 3116 γραμμαί,
2929 3037 3046 3095 οὐδ’
3080 3039 3222 3116 ἀρχὴ
3283 3061 3556 3114 σχηματα
3594 3052 3706 3097 τῶν
3737 3065 3896 3118 γραε-

2281 3137 2409 3202 μῶν,
2451 3129 2578 3183 ἀλλά
2631 3138 2730 3183 τῶν
2796 3131 2949 3203 ἄμφω
3017 3135 3189 3204 στγμή
3252 3131 3312 3186 Εἰ
3377 3128 3430 3184 δ’
3501 3133 3684 3196 οὕτως
3754 3134 3893 3202 Eafa,

2282 3220 2388 3293 ἄρα
2447 3219 2478 3278 ἡ
2543 3217 2599 3272 ἐκ
2659 3227 2756 3282 τῆς
2823 3221 3025 3292 φύσεως
3088 3224 3298 3282 κίνησις
3361 3223 3414 3274 εν
3467 3231 3769 3296 γραμμαῖς
3822 3229 3892 3276 23':

2286 3311 2540 3381 σχήμασι
2571 3313 2792 3382 στιγμήν
2823 3305 2948 3362 οὐδε
2980 3311 3083 3384 γὰρ
3139 3311 3256 3383 εῖμη
3288 3329 3364 3372 τις
3394 3311 3561 3383 φῦσιν
3607 3317 3892 3387 σχημείτω

2283 3398 2466 3463 αὐτὴν,
2541 3397 2669 3450 ἀλλὰ
2741 3401 3041 3458 κινηθεῖσαν
3111 3399 3166 3464 ἐξ
3222 3402 3403 3474 ἀρχῆς
3472 3412 3745 3473 φυσικῆς.
3803 3411 3890 3458 Τέσι

2283 3486 2446 3540 ἄλλων
2479 3493 2568 3540 οῦν
2589 3487 2828 3540 ἁπάντων
2858 3490 3108 3550 ὡσαῦτως
3169 3487 3396 3560 ἑχόντων
3457 3494 3558 3542 καὶ
3596 3501 3706 3544 τῶν
3771 3499 3889 3566 πρώ-

2282 3595 2382 3629 των
2426 3574 2608 3651 ἀρχῶν
2667 3578 2862 3630 τούτων
2928 3577 3097 3631 οὐσῶν
3161 3583 3456 3653 γνωρίμων,
3496 3579 3690 3652 πολλῷ

2281 3667 2342 3719 τὸ
2373 3667 2508 3718 κατὰ
2563 3665 2735 3737 φύσιν,
2800 3673 3033 3739 κρεῖττον
3099 3666 3130 3725 ἡ
3195 3671 3355 3739 φὺσις
3402 3667 3524 3730 ἣτις
3604 3671 3892 3745 ὑπερέκεινα

2281 3755 2486 3807 πάντων
2513 3751 2643 3821 ἐστὶ,
2685 3757 2757 3826 μὴ
2831 3753 3038 3817 ἐντελῶς
3101 3751 3172 3817 ὡς
3253 3753 3393 3830 ἀρχὴ
3470 3765 3644 3825 ποιεῖ,
3717 3763 3785 3812 τὰ
3804 3760 3892 3832 μετ’

2283 3841 2477 3902 ἐκείνην
2503 3845 2649 3916 ἡμῖν,
2681 3844 2762 3895 ὅτι
2825 3838 2884 3897 δι
2958 3843 3182 3898 ἐνταῦθα
3240 3849 3326 3897 καὶ
3389 3849 3624 3910 κίνησος
3694 3854 3787 3901 καὶ
3815 3868 3886 3920 με·

2281 3935 2474 4006 ρισμὸς
2548 3931 2620 3993 εἰς
2694 3927 2942 4007 διάφορα,
3005 3929 3289 4009 πρόδηλον.
3356 3933 3748 4006 Ἀριστοτέλην
3807 3940 3888 4011 γὰρ

2281 4024 2373 4075 καὶ
2403 4019 2640 4096 ⁴Όμηρον
2671 4017 2964 4075 δίαστέλλει
3019 4024 3155 4076 κατὰ
3217 4027 3306 4081 τὸν
3364 4025 3500 4098 ὤραν
3575 4028 3611 4084 ἡ
3684 4033 3888 4084 κίνησις.

2283 4110 2441 4186 εἰγοίρ
2493 4112 2523 4169 ἠ
2565 4124 2605 4166 a
2641 4113 2768 4183 πρὸς
2803 4114 2898 4169 τὴν
2937 4131 2970 4184 γ
3040 4108 3135 4164 διὰ
3169 4121 3262 4174 τῆς
3289 4111 3321 4164 ϐ
3387 4109 3606 4187 διέλθῃ,
3676 4114 3891 4177 ὄντωςέν

2284 4205 2497 4272 συνεχεῖ
2523 4203 2726 4258 κινήσει
2767 4195 3062 4275 διέρχεται,
3100 4207 3190 4255 καὶ
3229 4197 3607 4257 διαστέλλὲται
3638 4210 3702 4258 τὸ
3732 4206 3890 4259 λοιπὴ

2282 4292 2313 4348 ἡ
2345 4301 2385 4346 a
2431 4291 2622 4360 στιγμή
2663 4289 2790 4363 πρὸς
2827 4292 2980 4360 τὴνγ
3047 4291 3191 4365 παρὰ
3249 4297 3339 4351 τῆς
3392 4289 3453 4364 β,
3522 4287 3611 4345 δι’
3654 4295 3722 4357 ἧς
3780 4297 3892 4346 κατὰ

2285 4380 2556 4450 συνέχειαν
2595 4380 2652 4430 τὸ
2694 4381 2922 4451 συμφυές
2961 4376 3102 4432 ἔστιν
3142 4378 3346 4442 αὐταῖς
3385 4388 3546 4435 τοῦτο
3593 4379 3660 4438 δέ
3701 4389 3888 4443 κίνησις

2280 4554 2414 4628 ipsa
2438 4555 2668 4623 entitas,
2702 4558 2768 4612 ut
2785 4555 2868 4614 ita
2899 4555 3121 4623 dicam,
3151 4572 3257 4631 per
3275 4573 3465 4631 quam
3487 4558 3591 4617 ha:
3625 4578 3728 4619 res
3767 4566 3884 4620 sunt

2281 4648 2370 4702 est
2394 4644 2608 4719 positio
2627 4662 2641 4714 ;
2657 4660 2798 4701 cum
2820 4644 3042 4718 positio
3063 4646 3138 4703 sit
3160 4646 3419 4720 qualitas
3432 4664 3580 4722 quas
3596 4658 3891 4711 exnatura

2281 4738 2371 4792 est
2402 4750 2416 4791 :
2443 4748 2568 4791 non
2595 4747 2765 4790 secus
2782 4737 2962 4806 atque
2976 4734 3037 4790 id
3053 4735 3219 4808 quod
3248 4740 3335 4793 est
3363 4742 3592 4797 natura
3607 4739 3770 4814 ipsa,
3787 4756 3887 4797 non

2280 4822 2538 4880 dicimus
2569 4838 2696 4879 esse
2722 4826 2976 4890 motum,
3013 4823 3120 4881 sed
3147 4829 3430 4883 naturam
3468 4825 3748 4888 dicimus
3777 4845 3886 4888 esse

509 4913 593 4968 Ac
613 4926 792 4968 nemo
822 4926 966 4969 sane
993 4911 1109 4969 hoc
1127 4913 1329 4985 ipsum
1353 4911 1519 4970 aliter
1549 4927 1614 4968 se
1650 4911 1874 4969 habere
1933 4912 2168 4986 dixerit,
2210 4937 2250 4992 Β
2279 4912 2642 4986 principium
2669 4917 2868 4968 motus
2899 4916 2958 4969 et
2986 4913 3203 4986 quietis
3231 4933 3244 4971 :
3277 4915 3359 4973 ita
3389 4918 3455 4972 ut
3485 4920 3804 4977 contineat
3829 4934 3882 4975 ac

508 5013 698 5072 quam
718 5015 853 5073 quae
865 5000 1049 5058 modo
1061 5001 1352 5060 naturalis
1370 5016 1440 5058 ac
1452 5016 1589 5057 vera
1615 5002 1958 5058 consecutio
1989 5002 2168 5060 hodie

505 5101 725 5161 perme
744 5088 1128 5149 manifestum
1173 5088 1496 5147 exhibebit.
1541 5094 1621 5146 Ac
1671 5089 1937 5165 primum
1999 5096 2166 5149 natu-

501 5190 640 5236 ram
666 5176 922 5235 dicimus
945 5195 1075 5237 esse
1103 5183 1161 5238 et
1185 5182 1417 5237 motum
1456 5179 1518 5236 in
1539 5183 1777 5248 natura,
1833 5180 2167 5254 eodeque

501 5266 690 5325 modo
717 5267 1198 5327 distributionem
1223 5284 1377 5327 esse.
1410 5272 1560 5327 Nam
1607 5269 1974 5344 Aristoteles,
2022 5272 2166 5328 Her-

499 5369 808 5427 mogenes,
842 5359 898 5415 et
922 5359 1212 5416 Homerus
1231 5359 1384 5417 inter
1449 5375 1510 5416 se
1571 5360 1882 5416 communi
1935 5359 2164 5418 ratione

495 5442 868 5515 dividuntur,
899 5447 1210 5518 quomodo
1231 5449 1411 5506 etiam
1429 5452 1654 5521 puncta
1666 5450 1906 5522 punctis
1925 5465 2163 5508 mensu-

493 5533 704 5589 rantur
747 5536 802 5590 et
858 5537 1094 5594 numeri
1147 5539 1435 5595 numeris.
1493 5540 1644 5596 Nam
1697 5538 1886 5595 motui
1956 5542 2160 5612 partes

491 5620 693 5680 motus
718 5620 1140 5699 assignantur;
1163 5630 1232 5688 et
1257 5624 1533 5699 partibus
1577 5624 1930 5698 discrimen,
1960 5642 2160 5701 neque

2278 5001 2671 5075 principatum
2687 5003 3103 5071 gerat.Natura
3118 5003 3298 5074 igitur
3313 5009 3735 5066 movetomnia
3747 5024 3887 5084 qua.L

2277 5105 2518 5164 cunque
2530 5095 2670 5147 sunt
2683 5089 3250 5167 absolute,adeoque
3264 5093 3602 5166 singularia
3614 5098 3756 5172 ipsa
3768 5113 3883 5172 pro-

2276 5179 2626 5256 prietatibus
2660 5195 2731 5237 ac
2761 5178 3175 5239 distributione
3214 5188 3586 5241 connectens
3619 5193 3878 5262 utraque.

2277 5270 2348 5326 Ut
2377 5269 2427 5325 si
2457 5267 2718 5342 exempli
2741 5268 2933 5339 gratia
2945 5271 3381 5344 proprietatum
3398 5278 3609 5346 partes
3642 5292 3878 5334 suman-

2276 5361 2370 5416 tur
2411 5375 2424 5426 ;
2451 5355 2659 5431 quales
2686 5361 2827 5414 sunt
2855 5357 2918 5414 in
2945 5358 3070 5430 igni
3085 5359 3297 5418 urendi
3319 5361 3743 5424 etillustrandi
3763 5381 3877 5440 pro-

2275 5448 2556 5521 prietates
2591 5465 2603 5503 :
2632 5451 2689 5504 et
2708 5446 2771 5504 in
2801 5447 2932 5505 aliis
2983 5463 3121 5522 quae
3150 5450 3422 5524 ipsorum
3453 5456 3716 5528 propria
3735 5462 3876 5513 sunt.

2274 5538 2481 5595 Utrum
2504 5537 2684 5610 igitur
2701 5537 3064 5612 principium
3085 5541 3447 5599 terrestrium
3470 5559 3603 5602 non
3623 5547 3875 5621 estprin-

2271 5626 2498 5702 cipinm
2517 5625 2877 5702 aquatilium
2910 5627 2940 5688 τ
2958 5627 3229 5705 Itemque
3265 5634 3469 5694 utrum
3505 5634 3866 5710 principium

3929 181 3932 402 Ι
