3932 6326
27 334 55 387 1
71 335 194 389 269

55 462 172 511 καὶ
203 458 367 532 ὠρικὴ
422 458 652 518 ποσότης
707 454 802 510 διὰ
855 463 1104 521 κινήσεως
1157 481 1169 493 ·

55 544 171 599 οὖν
220 545 566 620 Ἀριστοτέλει
604 551 694 599 καὶ
743 546 958 622 Ὁμήρῳ
987 550 1122 602 κατὰ
1171 553 1377 607 κίνησιν
1415 553 1678 622 καιρικήν.

59 636 163 689 Ἐν
218 639 309 710 μὶν
349 633 436 689 οὖν
470 644 534 710 τῇ
597 641 802 695 κινήσει
861 637 1112 710 συνέχιιοί
1144 643 1226 698 τίς
1275 637 1387 690 ἐστι
1442 645 1681 710 μερισμῷ

57 726 569 800 καθυποϐαλλομένη
605 727 634 786 ἣ
663 731 862 802 χρόνου
889 727 918 786 ἦ
949 732 1143 802 τρόπου
1201 729 1230 787 ᾖ
1293 732 1533 786 ποιότητι
1588 734 1679 780 τοῦ

57 821 400 890 κινουμένου,
461 817 566 869 οἷον
623 819 693 877 ὡς
756 823 844 869 νοῦ
919 821 1048 890 πρὸς
1114 821 1327 876 πτηνόν.
1368 818 1448 870 Ἐν
1504 813 1563 870 δὲ
1613 825 1674 890 τῇ

62 909 232 978 φύσει
260 909 511 980 μερισμοὶ
542 908 775 978 κράσεων
801 909 937 958 κατὰ
986 909 1046 959 τὸ
1080 905 1201 959 ἄλλο
1229 927 1284 960 τε
1341 911 1430 959 καὶ
1481 905 1678 959 ἀλλοῖον

59 999 168 1048 καὶ
221 994 404 1058 ἄλλως.
455 995 536 1048 Ἐν
599 992 658 1048 δὲ
694 1003 810 1058 ταῖς
860 998 1110 1071 κράσεσιν
1167 996 1225 1048 οὐ
1280 993 1539 1069 διαίρεσις
1594 1015 1680 1067 με·

61 1088 287 1157 ρισμὸς,
315 1087 380 1143 ὡς
407 1082 491 1136 ἐπὶ
541 1091 633 1144 τῆς
671 1085 872 1156 φύσεως
923 1092 1039 1147 ταῖς
1076 1086 1325 1158 κράσεσιν
1355 1087 1385 1143 ἡ
1420 1081 1678 1159 διαίρεσις

63 1177 354 1248 μερισμὸς,
423 1171 529 1224 ἀλλ’
593 1174 769 1234 ἓνωσις
834 1179 1103 1248 μερισμὸς,
1163 1176 1190 1226 ὃ
1238 1193 1350 1227 τισι
1420 1181 1548 1247 φανῇ
1609 1176 1676 1236 ὡς

367 1264 437 1325 ὡς
487 1264 587 1338 γὰρ
655 1266 910 1335 μερισμόν
969 1270 1068 1316 τῶν
1135 1265 1388 1316 συνθέτων
1457 1261 1512 1315 ἐκ
1575 1271 1674 1315 τῶν

65 1351 249 1404 ἁπλῶν
315 1354 341 1410 ἡ
402 1360 502 1404 τῶν
558 1360 780 1425 μερικῶν
855 1354 1052 1420 ἓνωσις,
1133 1353 1264 1406 οὕτω
1321 1349 1388 1412 δὴ
1443 1357 1533 1405 καὶ
1575 1360 1674 1404 τῶν

61 1443 309 1516 κράσεων
372 1442 572 1512 ἐνωσις,
661 1438 918 1516 διαίρεσις
994 1442 1246 1514 κράσεων.
1305 1441 1524 1495 Ἐκεῖθεν
1571 1444 1672 1517 γὰρ

63 1531 100 1589 ἡ
132 1527 396 1606 διαίρεσις
423 1534 594 1592 κοινός
623 1533 902 1604 μερισμὸς,
933 1528 1173 1583 ἐνταυθοῖ
1220 1527 1278 1583 δὲ
1322 1531 1352 1588 ἠ
1415 1527 1675 1603 διαίρεσις

60 1620 276 1686 ἓνοοσις,
318 1617 498 1679 ἐπειδὴ
540 1628 760 1694 μερικῶν
817 1621 1160 1692 ὑποκειμένων
1211 1619 1325 1672 ἐστὶ
1391 1615 1671 1695 διαίρεσις.

60 1709 203 1762 Ἀπὸ
232 1712 333 1782 γὰρ
365 1717 456 1762 τοῦ
494 1715 700 1783 πρώτου
752 1713 1018 1780 στοιχείου
1064 1729 1097 1761 α
1148 1708 1241 1770 ἕως
1296 1715 1388 1760 τοῦ
1439 1707 1671 1782 ἐσχάτου

59 1819 109 1850 ω
157 1802 380 1874 μερίζων
416 1818 496 1860 τις
535 1798 640 1870 οὐχ
706 1797 811 1850 ἑνοῖ
863 1799 930 1849 τὰ
977 1801 1106 1870 μέρη
1134 1805 1196 1870 τῇ
1233 1793 1489 1869 διαιρέσει
1519 1819 1530 1830 -
1562 1805 1673 1859 ταῖς

58 1892 216 1958 τρισὶ
242 1883 301 1940 δὲ
334 1891 542 1963 μιρίσιν
581 1887 625 1940 εἰ
655 1885 897 1959 λάϐοιμεν
951 1889 1118 1938 αὐτῶν
1147 1889 1419 1960 μερισμόν,
1482 1885 1671 1958 μᾶλλον

56 1986 170 2030 τῶν
217 1985 383 2052 μερῶν
431 1977 612 2030 ἕνωσιν
661 1975 914 2048 λάϐωμεν,
956 1977 1088 2028 ὥστε
1135 1977 1166 2033 ἡ
1211 1977 1299 2048 μὲν
1345 1976 1496 2046 φύσει
1527 1971 1670 2028 διαί-

56 2086 216 2142 ρεσις
250 2066 450 2137 ἓνωσις,
485 2067 515 2124 ἠ
552 2062 612 2118 δὶ
648 2067 784 2117 κατὰ
812 2071 1000 2140 κρᾶσιν
1057 2064 1234 2125 ἓνωσις
1272 2063 1460 2136 μᾶλλον
1528 2060 1671 2117 διαί-

53 2175 236 2228 ρεσις.
291 2158 438 2208 Κατά
501 2157 658 2207 ταυτό
714 2161 838 2226 γοῦν
885 2155 952 2206 τὰ
1025 2156 1176 2226 φύσει
1239 2149 1579 2228 διαιρούμενα
1634 2153 1664 2212 ἦ

55 2249 247 2318 χρόνῳ
271 2245 301 2304 ἢ
326 2249 466 2316 τόπῳ
493 2243 522 2303 ἦ
551 2263 813 2305 ποιότητι,
849 2243 906 2295 οῦ
940 2244 1075 2295 κατὰ
1106 2244 1259 2315 φύσιν
1291 2239 1621 2315 διαιροῦνται
1651 2262 1664 2276 ο

55 2337 226 2407 φύσις
295 2335 395 2408 ’γὰρ
446 2341 554 2396 τοίς
622 2339 754 2386 πᾶσι
807 2337 976 2402 κοινὴ,
1029 2331 1158 2384 ἀλλὰ
1219 2334 1356 2384 κατὰ
1414 2334 1667 2404 μερισμόν

53 2423 325 2498 κράσεων,
374 2421 507 2480 πλὴν
561 2419 834 2497 ἀρχούσης
860 2429 954 2483 τῆς
1015 2423 1213 2493 φύσεως
1242 2441 1254 2454 ο
1286 2419 1667 2493 συμϐάλλονται

54 2516 169 2585 γὰρ
225 2513 281 2564 αἱ
335 2512 545 2585 κράσεις
602 2513 667 2572 ὡς
703 2515 915 2585 μερικαὶ
957 2512 1142 2562 καθότι
1197 2511 1413 2584 κράσεις
1474 2511 1666 2585 κράσε-

60 2621 152 2655 σιν
192 2600 407 2677 ἑτέραις,
457 2595 636 2658 ἓπειδὴ
699 2605 788 2653 καὶ
843 2600 1000 2652 αὗται
1067 2604 1296 2673 μιρικαὶ,
1349 2599 1408 2651 οὐ
1456 2603 1560 2671 μὴν
1608 2596 1667 2652 δὲ

55 2697 258 2768 κρᾶσις
315 2697 464 2744 πᾶσα
514 2689 562 2742 ἓν
627 2691 772 2763 πάσῃ
841 2691 1048 2765 κράσει.
1099 2692 1169 2742 Τὸ
1257 2690 1359 2762 γὰρ
1413 2691 1666 2762 μουσικὸν

55 2783 309 2854 φυσικόν,
339 2783 398 2832 τὸ
441 2782 772 2832 σκυτευτικόν
799 2777 846 2830 ἐν
884 2787 947 2851 τῇ
982 2780 1133 2851 φύσει
1165 2797 1178 2812 ο
1209 2779 1341 2830 ἔστω
1388 2782 1559 2831 τοίνυν
1604 2781 1663 2830 τὸ

59 2873 405 2924 σκυτευτικόν
430 2871 702 2941 μουσικὸν,
731 2869 761 2926 ἦ
796 2868 876 2921 ὅτι
913 2869 944 2926 ἡ
988 2866 1264 2941 φιλοσοφία
1307 2874 1402 2929 τῆς
1442 2869 1662 2940 φύσεως,

57 2963 90 3020 ἢ
129 2963 344 3021 ποίησις
372 2956 427 3012 ἐκ
464 2965 560 3020 τῆς
609 2960 827 3030 φύσεως.
871 2955 1045 3010 Ἔστω
1084 2960 1254 3010 τοίνυν
1300 2955 1664 3029 Ἀρίστοτιλης

62 1267 252 1316 καινόν
303 1283 316 1296 ο

21 3228 342 3294 Praeterea,
383 3229 586 3280 utrum
603 3223 936 3294 ﬁgurarum
966 3223 1137 3279 lineae
1166 3238 1290 3279 non
1312 3226 1450 3278 sunt
1474 3223 1689 3294 princi-

21 3316 203 3388 pium
242 3329 475 3386 :neque
516 3313 728 3384 ﬁgurae
774 3313 1069 3369 linearum
1113 3315 1251 3368 sunt
1278 3311 1690 3384 principium?

19 3408 119 3461 An
141 3404 342 3476 potius
386 3403 681 3459 linearum
738 3418 808 3458 ac
857 3401 1188 3475 ﬁgurarum
1250 3405 1543 3472 punctum
1599 3404 1691 3456 est

18 3491 444 3566 principium?
475 3491 645 3558 Quod
675 3491 724 3546 si
751 3491 834 3547 ita
902 3494 1032 3547 est:
1079 3495 1281 3546 utrum
1328 3492 1528 3545 motus
1591 3487 1688 3545 ille

21 3582 133 3655 qui
164 3598 201 3638 a
227 3585 443 3637 natura
473 3581 535 3636 in
563 3580 732 3636 lineis
759 3595 828 3636 ac
850 3578 1058 3649 ﬁguris
1083 3578 1328 3644 exsistit,
1361 3582 1453 3634 est
1497 3592 1687 3650 punc-

20 3676 158 3727 tum
183 3672 212 3727 ?
242 3672 427 3726 Nemo
452 3669 612 3726 enim
645 3669 857 3726 dixerit
874 3673 1167 3741 punctum
1203 3683 1334 3724 esse
1350 3667 1686 3737 ﬁgurarum

18 3763 335 3826 naturam,
363 3759 465 3814 sed
495 3758 694 3831 potius
724 3773 760 3815 a
787 3757 1042 3814 naturali
1092 3756 1384 3829 principio
1448 3759 1684 3812 motum

15 3849 338 3905 habuisse.
363 3848 510 3903 Cum
548 3847 729 3917 igitur
757 3847 964 3903 omnia
1005 3845 1122 3902 alia
1162 3845 1373 3901 eodem
1413 3843 1598 3900 modo
1620 3859 1683 3900 se

16 3937 309 4003 habeant,
351 3941 408 3993 et
430 3937 561 3992 haec
590 3936 884 4008 principia
905 3935 1022 3991 sint
1045 3933 1323 3990 omnibus
1371 3935 1516 3989 nota
1535 3947 1682 3989 sane

17 4031 245 4083 natura
277 4027 439 4097 (cum
473 4025 549 4081 sit
573 4041 644 4081 eo
673 4025 839 4097 quod
884 4027 974 4080 est
1021 4040 1094 4080 ex
1136 4024 1268 4096 ipsa
1306 4021 1496 4078 multo
1535 4036 1682 4094 prae-

19 4115 293 4186 stantior,
308 4114 534 4188 quippe
562 4130 698 4188 quae
725 4117 940 4188 praeter
960 4113 1163 4170 omnia
1175 4113 1270 4184 sit)
1294 4126 1416 4167 non
1445 4109 1681 4182 vulgari

18 4205 212 4262 modo
237 4204 413 4260 nobis
449 4204 553 4260 illa
575 4221 712 4277 quae
744 4207 881 4259 sunt
907 4202 1061 4258 infra
1091 4218 1174 4268 se,
1206 4207 1499 4274 tanquam
1519 4201 1678 4274 prin-

19 4295 251 4367 cipium
283 4297 341 4350 et
367 4309 551 4350 causa
579 4291 774 4349 efﬁcit.
819 4291 991 4358 Quod
1020 4295 1219 4348 autem
1249 4291 1311 4346 in
1369 4294 1585 4347 natura
1606 4289 1678 4347 sit

19 4387 226 4439 motus
255 4387 312 4438 et
340 4381 683 4438 distributio
709 4382 772 4437 in
793 4397 865 4438 ea
893 4397 1031 4453 quia
1059 4381 1216 4437 inter
1245 4395 1308 4435 se
1371 4377 1672 4445 differunt,

17 4472 250 4528 nemini
287 4476 375 4528 est
429 4471 777 4527 obscurum.
832 4473 1016 4526 Motus
1083 4469 1242 4525 enim
1303 4468 1405 4540 qui
1456 4467 1519 4523 in
1559 4468 1676 4524 hoc

17 4565 292 4634 tempore
321 4560 634 4617 conﬁcitur
657 4559 962 4629 distinguit
988 4557 1352 4614 Aristotelem
1387 4561 1443 4614 et
1466 4560 1674 4613 Home-

18 4667 184 4708 rum.
224 4654 373 4708 Nam
405 4651 453 4705 si
473 4655 674 4706 motus
702 4665 738 4707 a
771 4649 850 4705 ad
869 4653 1101 4706 motum
1131 4664 1162 4705 c
1217 4664 1324 4721 per
1373 4652 1608 4704 motum
1641 4646 1673 4702 ὁ

18 4739 347 4813 perveniat,
378 4739 626 4796 omnino
657 4738 1004 4796 continuata
1027 4737 1442 4811 progressione
1471 4739 1672 4792 motus

20 4829 353 4886 conﬁcitur.
399 4831 465 4884 Et
517 4844 727 4884 rursus
777 4831 1070 4900 punctum
1109 4842 1147 4883 a
1201 4825 1586 4897 distinguitur
1639 4841 1674 4882 a

17 4923 248 4990 puncto
274 4933 306 4975 c
330 4934 438 4992 per
462 4920 756 4990 punctum
797 4916 829 4972 b
849 4932 956 4990 per
976 4915 1141 4989 quod
1188 4917 1432 4987 propter
1487 4915 1673 4970 conti-

19 5006 373 5064 nuationem
404 5007 526 5062 duo
555 5009 819 5062 extrema
871 5005 1024 5061 inter
1073 5020 1135 5061 se
1182 5004 1503 5060 cohzerent.
1552 5003 1675 5060 Hoc

21 5101 225 5154 autem
251 5099 342 5152 est
364 5101 562 5152 motus
583 5099 640 5152 et
666 5097 831 5151 horae
866 5094 1168 5167 quantitas
1198 5094 1256 5148 in
1272 5096 1456 5149 motu.
1481 5094 1676 5158 Quare

20 5185 348 5242 discrimen
374 5185 682 5241 intercedit
709 5185 860 5240 inter
894 5183 1267 5240 Aristotelem
1279 5186 1335 5239 et
1353 5185 1675 5238 Homerum

20 5280 265 5348 propter
292 5285 526 5331 motum
570 5278 1049 5346 temporaneum.
1083 5276 1179 5329 Est
1208 5273 1386 5343 igitur
1404 5273 1466 5328 in
1507 5275 1675 5328 motu

21 5366 383 5422 cohaerentia
419 5365 701 5438 quaedam
740 5381 876 5438 qum
907 5363 1221 5434 subjicitur
1276 5362 1672 5429 distinctioni,

23 5461 123 5513 aut
153 5455 465 5528 temporis,
497 5459 599 5512 aut
630 5455 816 5522 modi,
846 5458 949 5512 aut
963 5455 1093 5524 ejus
1109 5453 1273 5526 quod
1307 5453 1674 5526 exqualitate

23 5548 317 5614 movetur,
337 5544 505 5601 verbi
542 5543 753 5617 gratia,
777 5546 841 5601 ut
885 5544 934 5599 si
986 5547 1218 5599 motum
1275 5542 1492 5598 mentis
1536 5559 1676 5599 cum

28 5639 192 5692 motu
220 5633 433 5692 alatilis
456 5633 800 5694 confera.1n
823 5636 1041 5691 natura
1053 5647 1197 5689 vero
1226 5630 1676 5690 distributiones

933 331 1288 392 THEODORI
1318 334 1364 390 Il
1391 333 1530 390 IMP.
1565 333 1656 390 DE
1689 333 2144 397 COMMUNIONE
2202 344 2345 401 NAT
2421 345 2463 400 Ι.

3317 345 3458 400 1270

1232 456 1463 532 διαφορὰ
1510 463 1682 512 τοίνυν
1743 461 1789 513 Α
1842 460 2148 539 Ὀμηρος,ἣ
2182 469 2261 520 ὅτι
2308 469 2339 527 ἡ
2367 471 2594 528 κίνησις.
2625 467 2703 520 Ἐν
2733 473 2796 539 τῇ
2830 467 2980 538 φύσει
3017 467 3048 524 ἠ
3113 466 3302 528 στάσις
3347 476 3440 529 τῆς

1845 555 2045 624 φύσεως
2073 577 2086 589 ο
2116 559 2247 610 ἔστω
2274 559 2378 632 ἄρα
2405 559 2434 616 ἡ
2472 559 2662 618 στάσις
2680 560 2883 617 κίνησις
2909 577 2921 589 ο
2947 558 3059 626 ἔχει
3081 552 3140 608 δὲ
3170 552 3439 618 ἀδυνάτως

1844 639 1972 695 εἶναι
2003 644 2136 697 αὐτά
2178 667 2191 680 ·
2233 646 2402 707 ἁπλῶς
2440 648 2539 719 γὰρ
2580 647 2634 698 αἱ
2685 648 2893 718 κράσεις
2924 644 3164 697 ἑνοῦσθαι
3220 645 3437 714 ἄτοπον,

1846 727 1994 795 ἰδίως
2048 730 2106 787 δέ
2157 754 2217 806 γε
2255 737 2546 811 εὑρίσκεται
2581 757 2592 768 ·
2623 733 2857 787 ἑνωτικὸν
2885 735 2986 805 γὰρ
3045 732 3093 785 ἓν
3127 732 3318 808 ἑτέρου,
3379 737 3436 786 τὸ

1840 819 2016 874 λευκόν
2079 843 2134 876 τε
2171 828 2261 877 καὶ
2305 827 2362 877 τὸ
2416 824 2616 890 ξανθὸν,
2671 827 2760 875 καὶ
2807 826 2865 874 τό
2905 825 3156 894 μουσικόν
3196 824 3436 892 συγγενὲς

1839 918 1931 963 τοῦ
1984 911 2296 988 ἀριθμητοῦ,
2364 919 2453 966 καὶ
2509 918 2566 966 τό
2624 913 2896 986 φιλόσοφον
2956 919 3048 965 τοῦ
3116 912 3429 983 θεολογικοῦ,

1839 1005 1928 1052 καὶ
1952 1004 2008 1054 τὸ
2032 1007 2304 1062 ποιητικὸν
2355 1011 2447 1055 τοῦ
2497 1004 2798 1077 ῥητορικοῦ,
2857 1005 2942 1053 καὶ
2995 1003 3023 1060 ἡ
3086 1004 3273 1062 στάσις
3336 1007 3433 1052 τοῦ

1840 1099 2184 1165 σωφρονικοῦ,
2243 1096 2332 1144 καὶ
2389 1098 2480 1144 τοῦ
2539 1088 2787 1166 ἀνδρικοῦ
2822 1093 2851 1148 ἡ
2911 1094 3138 1156 κίνησις,
3183 1091 3430 1152 ὡσαύτως

1812 1173 1925 1232 ’καὶ
1957 1180 1982 1230 ό
2032 1183 2254 1252 κναφεὺς
2315 1187 2408 1232 τοῦ
2462 1183 2707 1247 σκυτέως,
2757 1183 2847 1232 καὶ
2892 1177 3055 1230 ἄλλων
3112 1177 3262 1248 ἄλλα,
3316 1179 3430 1230 κατ’

1840 1264 2080 1326 ἰδιότητα
2114 1277 2360 1340 συγγενῆ.

1908 1355 1982 1429 β’.
2014 1359 2110 1410 Δύο
2138 1365 2264 1428 γοῦν
2290 1361 2339 1411 οἱ
2391 1358 2619 1410 ἐνωτικοὶ
2647 1360 2830 1431 τρόποι
2856 1378 2868 1390 ο
2904 1357 2928 1408 ό
2958 1357 3094 1408 κατὰ
3140 1359 3294 1428 φύσιν
3341 1359 3431 1408 καὶ

1835 1447 1861 1498 ό
1892 1449 2027 1498 κατὰ
2059 1451 2266 1518 κρᾶσιν.
2314 1451 2490 1508 Κοινός
2553 1443 2640 1498 οὖν
2669 1448 2871 1498 πάντων
2901 1446 2926 1498 ό
2962 1443 3034 1506 εἷς
3081 1467 3092 1478 ·
3126 1453 3432 1498 κοινωνοῦσι

1833 1536 1933 1608 ’γὰρ
1960 1537 2152 1604 πάντα,
2210 1537 2330 1588 ὅταν
2361 1535 2426 1596 εἰς
2479 1540 2567 1593 τὴν
2605 1538 2861 1592 ποιότητα
2909 1534 3233 1606 ἀναχθῶσιν,
3273 1533 3302 1592 ἧ
3365 1533 3433 1594 εἰς

1833 1627 1928 1681 τὴν
1968 1623 2172 1691 οὐσίαν,
2204 1625 2233 1683 ἦ
2278 1623 2347 1686 εἰς
2373 1627 2430 1676 τὸ
2461 1620 2620 1694 εἶδος,
2658 1623 2687 1682 ἦ
2720 1623 2784 1683 εἰς
2832 1627 2925 1680 τὴν
2955 1622 3100 1691 ὕλην,
3144 1623 3172 1681 ἡ
3221 1621 3290 1683 εἰς
3336 1626 3430 1681 τὴν

1835 1714 1988 1783 φύσιν
2027 1718 2218 1786 κυρίως
2270 1732 2324 1765 τε
2374 1717 2464 1764 καὶ
2519 1711 2823 1776 καθολικῶς,
2882 1710 3008 1762 ἁλλὰ
3067 1718 3287 1784 μερικῶς
3341 1715 3431 1763 καὶ

1837 1798 1985 1864 ἰδίως
2036 1808 2125 1855 καὶ
2173 1803 2232 1855 οὐ
2299 1805 2482 1855 καθότι
2528 1806 2762 1868 ποιότης,
2804 1802 2832 1861 ᾖ
2907 1802 3092 1852 καθότι
3149 1799 3324 1866 οὐσία,
3396 1801 3426 1858 ἣ

1832 1891 2018 1942 καθότι
2043 1887 2202 1957 εἶδος.
2236 1891 2265 1949 ἢ
2298 1893 2482 1944 καθότι
2521 1890 2616 1948 ὕλη
2648 1890 2769 1960 ἑνοῖ,
2829 1888 2957 1942 ἀλλὰ
2997 1890 3182 1941 καθότι
3227 1893 3280 1941 τί
3330 1907 3432 1941 τινι

1835 1977 2202 2051 συμϐάλλεται,
2261 1984 2352 2032 καὶ
2399 1981 2466 2032 τὰ
2531 1986 2777 2051 στοιχεῖα
2843 1979 3027 2030 καθότι
3079 1985 3176 2040 τῆς
3231 1980 3432 2050 φύσεως

1829 2075 2156 2137 κοινωνοῦσι,
2185 2073 2274 2121 καὶ
2299 2071 2356 2121 τὸ
2389 2065 2534 2143 ὕδωρ
2567 2068 2625 2120 οὗ
2667 2070 2860 2140 φθείρει
2889 2071 2947 2119 τὸ
3015 2073 3140 2140 πῦρ,
3196 2070 3316 2119 οὔτε
3364 2070 3432 2119 τὰ

1829 2156 1958 2210 ἄλλα
1985 2161 2051 2211 τὰ
2079 2163 2150 2231 μὴ
2189 2159 2478 2233 ὁμότροπα,
2519 2158 2600 2210 ὅτι
2658 2153 2716 2210 δὲ
2765 2161 2894 2229 πυρὶ
2946 2162 3141 2230 μερικῷ
3198 2154 3430 2230 ἐκριύσει

1829 2242 1972 2321 ὕδωρ
2004 2245 2052 2298 ἐν
2109 2247 2250 2317 αὐτῷ
2310 2249 2518 2320 μερικὸν
2550 2248 2719 2320 κάρτα
2765 2247 2958 2319 φθείρει
2995 2245 3119 2297 αὐτό
3167 2265 3181 2278 ·
3214 2246 3280 2296 τὰ
3324 2246 3428 2316 γὰρ

1828 2334 2030 2388 ἐναντία
2065 2341 2174 2398 τοῖς
2198 2334 2481 2408 ἕναντίφοις
2509 2336 2822 2408 φθείρονται,
2854 2335 2994 2387 ἔστιν
3045 2333 3175 2387 ὅπου
3231 2328 3293 2388 δί
3336 2335 3430 2387 καὶ

1827 2426 1893 2476 τὰ
1969 2427 2219 2498 φάρμακα
2271 2424 2384 2477 κατ’
2455 2419 2700 2483 ἰδιότητα
2749 2426 2997 2496 σωμάτων
3053 2429 3142 2475 καὶ
3193 2425 3426 2497 κράσεων

1826 2520 2082 2567 κοινωνεῖν
2115 2533 2167 2566 τε
2193 2518 2284 2566 καὶ
2323 2512 2549 2586 ὠφελεῖν,
2581 2519 2681 2566 ποῦ
2734 2509 2793 2566 δὲ
2843 2517 2933 2565 καὶ
2988 2513 3208 2587 φθείρειν
3241 2509 3334 2565 διὰ
3369 2516 3427 2565 τὸ

1827 2603 1954 2679 αὐτὸ
2007 2603 2056 2656 ἐν
2113 2602 2314 2663 ἐκείνοις
2398 2601 2665 2658 ἀνοίκειον.
2703 2601 2882 2675 Ὀμως
2938 2606 3028 2654 καὶ
3066 2603 3114 2654 ἓν
3165 2600 3426 2674 μετάλλοις

1825 2697 2068 2744 κοινωνία
2118 2695 2432 2766 εὑρίσκεται,
2509 2689 2558 2743 ἐν
2636 2690 2808 2753 ἄλλοις
2862 2686 2924 2743 δὲ
2973 2694 3064 2742 καὶ
3120 2686 3422 2758 διάστασις,

1825 2784 2001 2834 καινὸν
2032 2779 2090 2835 δὲ
2119 2781 2212 2834 οῦκ
2242 2778 2326 2851 ἦν,
2359 2783 2495 2856 εἴπερ
2526 2784 2617 2832 καὶ
2662 2783 2726 2833 τὰ
2773 2779 2820 2831 ἐν
2848 2787 2909 2852 τῇ
2950 2787 3167 2855 γραμμῇ
3231 2787 3426 2853 σημεῖα

1826 2869 1885 2922 οὐ
1940 2873 2270 2923 παντάπασιν
2329 2869 2558 2922 ἑνοῦνται
2604 2871 2740 2920 κατὰ
2820 2872 3094 2939 συνέχειαν
3139 2889 3151 2902 ’
3193 2872 3252 2920 τὸ
3317 2871 3419 2940 γὰρ

1826 2967 2027 3033 πρῶτον
2057 2967 2129 3030 τῷ
2161 2963 2320 3032 τρίτῳ
2350 2958 2455 3030 οὐχ
2485 2958 2684 3010 ἑνοῦταί
2712 2956 2757 3010 εἰ
2781 2961 2853 3030 μὴ
2889 2953 2923 3009 δ
2929 2959 2982 3009 ιὰ
3009 2964 3102 3011 τοῦ
3153 2953 3420 3030 δευτέρου,

23 3141 242 3193 motus
263 3135 503 3192 illorum
541 3149 668 3191 non
690 3138 780 3190 est
813 3133 1177 3207 principium
1198 3137 1398 3190 motus
1427 3132 1644 3190 horum
1661 3133 1690 3190 ?
1731 3169 1770 3223 α
1798 3137 2409 3208 temperamentorum
2425 3133 2806 3223 exsistuntex
2817 3148 2887 3188 eo
2903 3133 3069 3223 quod
3089 3135 3178 3188 est
3189 3131 3372 3199 aliud,
3392 3137 3450 3190 et

1799 3242 1872 3282 ex
1900 3241 1972 3282 eo
1999 3224 2165 3297 quod
2178 3226 2267 3280 est
2287 3222 2578 3279 dissimile
2607 3222 2897 3295 :itemque
2911 3221 3040 3277 aliis
3056 3222 3274 3279 modis.
3295 3227 3364 3279 At
3384 3223 3447 3280 in

1797 3311 2331 3388 temperationibus
2343 3311 2556 3367 divisio
2569 3326 2689 3367 non
2704 3316 2790 3367 est
2804 3310 3139 3368 distributio
3151 3311 3307 3383 (utin
3331 3327 3445 3368 na-

1797 3409 1931 3462 tura
1958 3403 2059 3460 illa
2079 3401 2580 3474 temperationum
2611 3400 2824 3458 divisio
2838 3401 3321 3473 estdistributio),
3341 3402 3446 3459 sed

1795 3493 2279 3565 distributioipsa
2291 3491 2749 3559 estcommunio,
2764 3491 2928 3563 quod
2945 3491 3303 3564 quibusdam
3319 3496 3447 3548 tan-

1793 3599 1980 3656 quam
2012 3579 3021 3652 absurdumvideripossit.Utenim
3066 3579 3440 3650 singulorum

1796 3688 1903 3728 seu
1915 3669 2364 3745 particularium
2377 3670 2725 3725 communio
2743 3669 3180 3726 estdistributio
3195 3669 3436 3727 illorum

1792 3761 2266 3833 compositorum
2277 3775 2412 3831 quae
2425 3774 2496 3814 ex
2511 3759 2880 3830 simplicibus
2893 3764 3186 3830 constant,
3229 3760 3442 3816 eodem

1789 3850 1975 3908 modo
1987 3848 2334 3905 communio
2346 3847 2830 3920 temperationum
2848 3851 2935 3902 est
2953 3849 3440 3919 tcmperationum

1790 3939 2024 3996 divisio.
2077 3936 2195 3992 Illic
2258 3936 2420 3990 enim
2474 3935 2690 3990 divisio
2740 3938 2827 3991 est
2868 3935 3206 3990 communis
3249 3936 3441 3992 distri-

1788 4027 1977 4094 butio,
2009 4025 2105 4081 hic
2135 4039 2277 4079 vero
2300 4024 2435 4096 ipsa
2463 4022 2674 4079 divisio
2722 4026 2811 4078 est
2873 4023 3244 4094 communio,
3299 4040 3439 4082 cum

1788 4115 2029 4189 proprie
2057 4112 2464 4183 subjectorum
2479 4110 2928 4183 particularium
2944 4111 3020 4166 sit
3037 4111 3271 4168 divisio.
3288 4115 3438 4170 Nam

1787 4204 2044 4278 aprimo
2069 4201 2362 4258 elemento
2394 4215 2432 4257 a
2462 4215 2654 4272 usque
2702 4199 2782 4256 ad
2833 4204 3166 4256 extremum
3219 4223 3278 4270 ω,
3333 4202 3439 4275 qui

1785 4291 2104 4362 distribuit,
2132 4304 2256 4346 non
2277 4287 2407 4344 unit
2439 4293 2642 4360 partes
2670 4288 2995 4345 dividendo
3034 4295 3132 4356 ;at
3165 4289 3216 4346 si
3255 4290 3435 4346 trium

1784 4381 2046 4456 partium
2075 4378 2553 4435 distributionem
2587 4378 2901 4445 sumimus,
2929 4379 3126 4451 potius
3174 4380 3437 4452 partium

1784 4469 2070 4526 unionem
2110 4466 2428 4523 sumimus.
2495 4468 2688 4532 Quare
2726 4466 2938 4524 divisio
2995 4467 3096 4524 illa
3142 4484 3279 4541 quae
3331 4485 3438 4524 na-

1783 4563 1928 4616 turae
1958 4557 2189 4613 ratione
2214 4555 2590 4612 constituitur
2642 4559 2729 4612 est
2771 4557 2935 4612 unio.
2983 4560 3056 4612 At
3111 4556 3250 4630 ipsa
3297 4558 3435 4614 unio

1784 4665 1920 4721 quae
1950 4647 2018 4703 ﬁt
2030 4644 2364 4702 secundum
2385 4644 2877 4717 temperationem
2890 4649 2976 4701 est
2990 4647 3188 4718 potius
3222 4646 3436 4703 divisio

1784 4741 1865 4794 Ex
1881 4753 2003 4811 quo
2015 4734 2358 4806 intelligitur
2373 4733 2472 4790 illa
2484 4751 2620 4808 quae
2632 4738 2849 4792 natura
2861 4741 2998 4792 sunt
3034 4741 3091 4792 et
3130 4740 3429 4806 constant,

1783 4843 1922 4883 cum
1939 4825 2307 4891 dividuntur,
2320 4824 2830 4898 tempore,modo,
2854 4828 2957 4880 aut
2976 4823 3283 4895 qualitate,
3309 4839 3435 4880 non

1782 4914 1971 4971 dividi
2010 4912 2346 4970 secundum
2362 4915 2643 4969 naturam
2669 4913 2838 4986 (nam
2880 4911 3164 4968 omnibus
3217 4915 3434 4969 natura

1783 5003 2124 5060 communis
2144 5002 2277 5074 est),
2303 5000 2410 5057 sed
2435 5000 2768 5056 secundum
2785 4999 3264 5056 distributionem
3289 5004 3434 5056 tem-

1782 5092 2184 5166 perationum,
2215 5093 2430 5147 natura
2456 5093 2687 5145 tantum
2713 5088 3119 5161 principatum
3166 5092 3432 5157 gerente.

1783 5185 1933 5239 Nam
1963 5181 2347 5236 conferuntur
2370 5178 2831 5250 temperationes
2860 5182 2926 5234 ut
2958 5177 3346 5251 particulares
3362 5195 3433 5236 eo

1783 5270 1948 5345 quod
1987 5267 2337 5342 temperatio
2365 5283 2502 5323 cum
2533 5266 2661 5322 aliis
2707 5266 3238 5339 temperationibus
3269 5282 3434 5324 como

1782 5362 2041 5435 ponitur,
2067 5357 2563 5431 quandoquidem
2591 5359 2647 5412 et
2666 5357 2811 5428 ipsa:
2845 5360 2986 5415 sunt
3014 5357 3433 5429 particulares,

1786 5455 2000 5507 Verum
2027 5463 2151 5504 non
2182 5445 2379 5502 omnis
2410 5446 2760 5518 temperatio
2792 5461 2931 5502 cum
2983 5447 3150 5502 omni
3201 5451 3434 5522 tempe-

1783 5540 2031 5597 ratione.
2068 5539 2215 5593 Nam
2244 5536 2409 5607 quod
2435 5533 2735 5590 musicum
2771 5535 2943 5591 estin
2995 5540 3231 5609 natura,
3285 5543 3438 5594 esset

1783 5644 2028 5702 quoque
2055 5623 2858 5686 coriariuminnaturazesto
2895 5625 3075 5697 igitur
3116 5627 3436 5685 coriarium
