3932 6326
518 295 647 348 1271

2029 281 2386 349 ΛΒΒΕΝΗΛ.

3791 293 3905 346 ίῒὶι

541 417 792 477 ὡσαύτως
820 419 911 466 καὶ
967 415 1035 466 τὰ
1078 413 1215 483 ἑξῆς,
1269 412 1300 471 ἦ
1342 415 1535 482 καὶτῷ
1569 418 1757 484 στερεῷ
1796 410 1840 463 εἰ
1886 407 1944 461 ού
2000 409 2138 461 κατὰ
2190 408 2240 460 Α
2293 411 2361 461 τὰ
2407 411 2557 484 ἕτερα
2603 419 2735 488 μέρη
2775 423 2869 469 τοῦ
2924 414 3086 468 κύϐου
3140 414 3347 475 εὐθειῶν
3397 420 3683 487 γραμμῶν
3732 415 3890 465 εύθῂ

542 510 696 578 φύσιν
752 510 903 576 μόνον
958 504 1188 555 ἐνούνται
1249 504 1312 553 τὰ
1359 501 1519 553 αὐτοῦ
1594 505 1812 573 πέρατα,
1873 498 2002 551 ἀλλὰ
2046 502 2137 549 καὶ

541 598 677 649 κατὰ
726 602 914 667 κρᾶσιν
949 614 960 625 ο
994 595 1023 650 ἡ
1081 594 1184 665 γὰρ
1213 598 1304 643 τοῦ
1358 588 1517 642 κύϐου
1552 594 1801 661 συνέχεια
1862 591 1998 640 κατά
2046 591 2135 660 μὲν

540 688 632 745 τὰς
672 682 960 754 ἐπιφανείας
982 681 1040 732 ού
1072 684 1291 752 φυσικὴ,
1324 679 1439 731 κατ’
1472 678 1690 752 ἀριθμὸν
1736 674 1795 732 δὲ
1827 674 2137 731 συνδέδεται

541 780 796 844 φυσικῶς.

610 862 677 931 γ’.
765 862 976 918 Τεθήτω
1054 866 1176 931 γοῦν
1249 858 1364 922 ἑξὰς
1414 858 1462 910 ἐν
1518 859 1679 928 αύτῷ,
1744 860 1995 918 ὡσαύτως
2046 862 2137 909 καὶ

541 947 752 1021 ὀγδοὰς,
795 953 926 1002 ἔστω
980 945 1038 1002 δὲ
1084 954 1173 1000 καὶ
1206 956 1418 1021 σημεῖον
1459 948 1531 1009 εἰς
1558 947 1584 999 ὃ
1633 947 1895 1020 ἀφορῶσιν
1933 946 2136 1000 ἅπασαι

540 1041 594 1091 αἱ
614 1044 874 1111 γραμμαὶ,
906 1040 963 1089 αῖ
991 1057 1045 1090 τε
1076 1036 1176 1089 ἀπὸ
1220 1044 1320 1088 τῶν
1359 1036 1595 1103 κλίσεων,
1650 1041 1739 1089 καὶ
1768 1038 1823 1088 αἱ
1877 1035 1976 1088 ἀπὸ
2036 1042 2135 1087 τῶν

536 1131 663 1179 ἰσων
686 1136 940 1201 γραμμῶν
983 1149 995 1159 ·
1029 1126 1252 1197 ἀχθήτω
1308 1124 1408 1178 ἀπὸ
1462 1133 1552 1186 τῆς
1608 1145 1641 1178 α
1695 1124 1911 1187 κλίσεως
1968 1124 2138 1178 εὐθεῖα

537 1222 755 1289 γραμμὴ
797 1217 868 1278 εἰς
900 1221 957 1268 τὸ
990 1214 1026 1288 β
1060 1223 1297 1287 σημεῖον,
1333 1218 1583 1276 ὡσαύτως
1622 1220 1712 1267 καὶ
1765 1215 1911 1290 ἑτέρα
1963 1216 2136 1269 εὐθεῖα

535 1311 751 1380 γραμμὴ
820 1305 922 1358 ἀπὸ
1004 1313 1103 1357 τῶν
1153 1304 1201 1356 ἐν
1255 1312 1316 1377 τῇ
1370 1305 1500 1361 αὐτῆ
1561 1302 1829 1376 ἐπιφανείᾳ
1897 1304 2132 1370 κλίσεων,

537 1399 699 1466 ἤγουν
739 1403 829 1456 τῆς
856 1416 890 1466 γ
924 1415 944 1446 ε
974 1396 1006 1456 ζ
1035 1393 1118 1446 ἐπὶ
1147 1397 1205 1446 τὸ
1235 1394 1362 1445 αὐτὸ
1412 1392 1450 1464 β
1483 1401 1696 1466 σημεῖον
1764 1415 1774 1426 ·
1839 1396 1975 1446 κατὰ
2047 1399 2134 1448 τὸν

539 1485 693 1537 αὐτὸν
765 1484 915 1555 λόγον
995 1482 1317 1554 ἁχθήτωσαν
1395 1487 1485 1535 καὶ
1539 1482 1594 1534 ἐκ
1647 1490 1748 1535 τῶν
1814 1483 1991 1555 ἐτέρων
2042 1492 2134 1537 τοῦ

536 1573 698 1624 κύϐου
750 1582 916 1647 μερῶν
978 1572 1173 1625 εὐθεῖαι
1236 1575 1479 1646 γραμμαὶ
1524 1574 1653 1644 πρὸς
1696 1575 1753 1625 τὸ
1801 1570 1837 1643 β
1895 1580 2133 1644 σημεῖον,

538 1661 980 1734 ἀριθμηθήτωσαν
1061 1664 1115 1712 αἱ
1178 1664 1417 1732 γραμμαὶ
1489 1666 1656 1713 πᾶσαι
1703 1664 1793 1713 καὶ
1842 1664 2135 1720 πντεθήτω

535 1754 753 1812 ταύταις
831 1756 921 1802 καὶ
1000 1752 1057 1802 τὸ
1135 1757 1347 1821 σημεῖον
1426 1754 1517 1802 καὶ
1586 1755 1877 1808 ποιήσουσι
1948 1751 2133 1804 κύκλον

537 1838 824 1909 ἑξανάγκης
879 1860 891 1871 ·
932 1837 1086 1891 πάλιν
1117 1837 1337 1909 axem,
1385 1836 1487 1890 ἀπὸ
1528 1846 1618 1899 τῆς
1674 1858 1704 1890 κ
1753 1847 2001 1913 γραμμῆς
2051 1838 2135 1892 ἐπὶ

536 1932 594 1980 τὸ
644 1926 681 2000 β
737 1934 949 2001 σημεῖον
994 1927 1165 1980 εὐθεῖα
1210 1931 1451 2002 γραμμὴ,
1506 1927 1757 1988 ὡσαύτως
1810 1928 2132 2000 ἁχθήτωσαν

536 2022 625 2068 καὶ
663 2018 832 2089 ἕτεραι
874 2019 1116 2088 γραμμαὶ
1178 2015 1373 2068 εὐθεῖαι
1436 2017 1539 2068 ἀπὸ
1584 2016 1685 2067 τῶν
1749 2016 1800 2070 ἐν
1861 2025 1934 2087 τῷ
1989 2018 2131 2088 αύτῷ

533 2109 678 2179 μέρει
716 2105 922 2158 εὐθειῶν
977 2112 1231 2179 γραμμῶν
1271 2113 1425 2178 τριῶν
1485 2114 1577 2166 τῆς
1623 2104 1674 2175 λ,
1719 2127 1778 2178 μ,
1838 2128 1886 2175 ν,
1938 2106 2025 2161 ἐπὶ
2070 2111 2129 2161 τὸ

536 2193 573 2267 β
607 2202 839 2267 σημεῖον.
871 2193 1089 2266 Ὁμοίως
1126 2200 1251 2264 γοῦν
1292 2193 1615 2265 ἀχθήτωσαν
1671 2198 1760 2247 καὶ
1811 2194 1867 2247 ἐκ
1921 2204 2021 2247 τῶν
2058 2196 2129 2259 εὶς

502 2372 801 2428 musicum
830 2375 975 2443 ,aut
998 2370 1059 2426 id
1080 2371 1244 2443 quod
1271 2373 1364 2426 est
1386 2370 1768 2442 philosophia
1819 2371 1880 2427 in
1918 2376 2153 2443 natura,

504 2464 628 2516 esto
660 2459 857 2532 poesis
881 2459 943 2515 in
970 2463 1187 2515 natura
1222 2476 1235 2513 :
1269 2463 1394 2514 esto
1440 2458 1621 2529 igitur
1673 2459 2012 2516 Aristoteles
2045 2464 2156 2518 Ho-

507 2566 708 2605 merus
736 2568 755 2621 ς
786 2554 892 2604 aut
909 2548 1075 2621 quod
1107 2553 1198 2604 est
1220 2553 1421 2604 motus
1439 2548 1501 2604 in
1520 2549 1943 2621 natura,quies
1972 2551 2031 2607 in
2054 2566 2157 2613 na-

506 2644 662 2706 tura,
702 2643 829 2694 esto
861 2637 1039 2706 igitur
1066 2636 1236 2709 quies
1275 2641 1495 2693 motus.
1526 2640 1658 2695 Haec
1688 2643 1887 2694 autem
1916 2638 2040 2696 ﬁeri
2057 2655 2157 2697 ne-

500 2733 749 2801 queunt.
765 2731 906 2783 Nam
917 2725 1189 2782 absolute
1201 2725 1651 2797 temperationes
1664 2728 1817 2784 uniri
1830 2727 2154 2785 absurdum

502 2822 617 2873 est.
651 2815 1072 2873 Atsecundum
1097 2816 1489 2887 proprietates
1510 2817 1625 2873 hoc
1644 2815 1773 2873 ﬁeri
1828 2818 2144 2890 reperitur.

502 2909 651 2962 Nam
673 2921 862 2960 unum
891 2903 1136 2960 uniendi
1161 2903 1402 2960 alterius
1424 2905 1546 2961 vim
1586 2905 1787 2973 habet,
1834 2911 1899 2964 ut
1945 2906 2153 2964 album

499 2998 557 3050 et
598 2994 847 3059 ﬂavum,
880 2999 937 3049 et
963 2992 1129 3066 quod
1155 2996 1245 3047 est
1293 2993 1592 3049 musicum
1620 2999 1706 3050 est
1731 2999 2049 3064 cognatum
2102 2996 2153 3051 ei
2185 3020 2224 3075 ρ

499 3082 663 3155 quod
690 3086 778 3138 est
805 3081 1201 3150 numerabile,
1237 3085 1294 3138 et
1323 3081 1709 3154 philosophia
1738 3082 2075 3154 theologia,
2098 3089 2156 3143 et

497 3172 732 3244 poetica
761 3171 871 3227 arti
896 3170 1155 3227 dicendi.
1187 3175 1242 3226 et
1280 3170 1678 3244 tranquillitas
1722 3172 2150 3244 temperantiae,

499 3264 557 3316 et
571 3260 765 3315 fortitn
775 3259 899 3315 dini
913 3264 1131 3315 motus.
1152 3258 1499 3331 Eodemque
1524 3259 1705 3315 modo
1718 3258 1861 3316 fullo
1875 3260 2150 3328 coriario,

500 3354 559 3405 et
582 3349 709 3405 aliis
740 3348 855 3404 alia
903 3352 1144 3420 propter
1203 3348 1628 3420 proprietatem
1681 3353 1823 3404 sunt
1873 3355 2149 3421 cognata.

568 3441 627 3492 2.
664 3440 854 3502 Quare
880 3436 1002 3492 duo
1030 3441 1169 3492 sunt
1206 3436 1373 3492 modi
1414 3436 1679 3508 uniendi,
1745 3452 1903 3493 unus
1940 3438 2045 3511 qui
2067 3444 2156 3497 est

501 3518 834 3572 secundum
853 3521 1149 3587 naturam,
1174 3516 1320 3573 alter
1341 3517 1446 3590 qui
1468 3521 1555 3572 est
1579 3517 1912 3575 secundum
1924 3522 2153 3591 tempe-

498 3606 811 3661 rationem.
854 3608 1004 3661 Nam
1037 3605 1241 3661 omnia
1254 3606 1706 3662 communicant
1735 3606 1889 3662 inter
1927 3624 1991 3663 se
2012 3623 2153 3664 cum

497 3698 876 3762 revocantur,
910 3697 1013 3750 aut
1033 3693 1110 3749 ad
1141 3694 1516 3767 qualitatem,
1549 3698 1654 3750 aut
1679 3696 1757 3750 ad
1809 3696 2150 3764 essentiam,

501 3787 605 3839 aut
631 3782 709 3839 ad
738 3782 1016 3852 formam,
1049 3787 1153 3838 aut
1182 3782 1260 3838 ad
1286 3788 1589 3852 naturam,
1620 3783 1802 3855 idque
1849 3784 2152 3858 praecipue

500 3877 680 3945 atque
710 3872 1000 3927 universe.
1048 3875 1119 3926 At
1175 3871 1509 3928 secundum
1561 3873 1950 3945 proprietates
2007 3873 2154 3930 alter

500 3960 825 4019 estmodus
878 3980 891 4029 ;
936 3976 1132 4034 neque
1173 3962 1332 4017 enim
1381 3962 1476 4018 hic
1536 3963 1665 4018 unit
1716 3963 2064 4020 naturaliter
2098 3968 2155 4025 et

499 4050 793 4119 universe,
858 4051 964 4104 sed
1033 4050 1470 4122 particulariter
1520 4055 1579 4107 et
1646 4051 1907 4124 proprie,
1955 4067 2153 4125 neque

498 4144 796 4212 quatenus
820 4137 1097 4210 qualitas,
1133 4143 1235 4193 aut
1255 4143 1557 4209 quatenus
1572 4141 1852 4210 essentia,
1879 4144 1985 4197 aut
1999 4156 2151 4213 qua-

502 4230 674 4282 tenus
686 4225 1310 4296 forma,autquatenus
1326 4227 1572 4282 materia
1584 4228 1841 4297 unit,sed
1854 4232 2151 4301 quatenus

501 4312 725 4385 aliquid
757 4328 894 4368 cum
918 4312 1120 4384 aliquo
1145 4315 1546 4385 componitur.
1589 4317 1948 4389 Quanquam
1970 4317 2148 4372 etiam

502 4401 795 4457 elementa
828 4401 1055 4456 ratione
1083 4407 1310 4457 natura:
1343 4402 1492 4459 inter
1512 4420 1573 4459 se
1600 4405 2068 4471 communicant,
2093 4410 2151 4461 et

504 4505 665 4563 aqua
676 4506 794 4545 non
810 4489 1436 4559 interimitignem,nec
1450 4494 1725 4549 interimit
1738 4494 1853 4551 alia
1868 4509 2003 4566 quas
2024 4510 2149 4550 non

503 4577 915 4649 suntejusdem
931 4577 1225 4635 modi.Sed
1236 4596 1365 4635 cum
1376 4597 1516 4653 pars
1529 4597 1702 4654 aquae
1715 4582 2149 4653 obruitpartem

502 4667 825 4736 ignis,tunc
839 4682 978 4738 pars
993 4666 1089 4723 illa
1102 4683 1275 4740 aquae
1286 4669 1556 4726 interimit
1569 4677 1789 4744 partem
1804 4670 1961 4727 illam
1975 4672 2147 4741 ignis;

501 4754 800 4812 contraria
810 4756 959 4811 enim
972 4757 1281 4812 contrariis
1293 4758 1990 4817 interimuntur.Fitetiam
2004 4777 2150 4817 non-

499 4860 814 4917 nunquam
830 4845 1920 4919 utpharmacapropterproprietatem
1942 4865 2149 4921 corpo.

498 4949 633 4988 rum
647 4939 703 4988 et
719 4934 1109 5007 temperation
1120 4952 1219 4990 um
1234 4936 1685 4991 communicent
1700 4936 1851 4991 inter
1865 4953 1927 4992 se
1939 4943 2149 5011 etpro-

498 5021 1067 5096 sint,nonnunquam
1082 5023 1248 5078 etiam
1264 5022 1599 5079 interimant
1610 5030 1853 5097 propter
1864 5025 2148 5082 diversam

497 5110 771 5181 ipsorum
796 5112 949 5167 inter
977 5128 1037 5166 se
1058 5111 1502 5183 proprietatem.
1563 5113 1838 5170 Similiter
1876 5115 2058 5171 etiam
2088 5115 2148 5171 in

497 5199 749 5254 metallis
789 5199 1253 5256 communicatio
1284 5200 1593 5272 reperitur,
1616 5201 1675 5256 in
1699 5202 1828 5258 aliis
1874 5204 2145 5259 verodis-

495 5290 821 5362 crepantia.
848 5290 1019 5356 Quod
1064 5294 1219 5345 certe
1275 5305 1397 5345 non
1451 5294 1540 5346 est
1576 5307 1822 5363 novum,
1869 5294 2140 5365 quando-

495 5378 741 5448 quidem
767 5395 876 5434 nec
891 5379 950 5433 in
966 5378 1123 5434 linea
1134 5384 1357 5451 puncta
1369 5381 1575 5435 omnia
1587 5381 1871 5437 omnibus
1904 5382 2140 5457 punctis

2292 507 2535 573 γραμμαὶ
2560 503 2646 557 ἐπὶ
2679 503 2806 578 τὸβ
2864 511 3100 577 σημεῖον,
3159 501 3630 575 ἀριθμηθήτωσαν
3680 507 3773 554 καὶ
3824 504 3893 554 αὖ

2293 606 2381 641 ται
2429 596 2600 644 πᾶσαι
2656 599 2748 647 καὶ
2808 594 3106 651 πντεθήτω
3139 594 3355 653 ταύταις
3399 596 3497 644 καὶ
3552 595 3617 644 τὸ
3684 598 3893 663 σημεῖον.

2292 682 2385 729 καὶ
2468 687 2793 740 πονήσουσιν
2854 682 2909 746 ἐξ
2972 681 3200 752 ἀνάγκης
3278 684 3367 732 καὶ
3436 676 3612 733 αὗται
3714 680 3895 732 κύκλοι

2294 766 2439 821 Ἐπεὶ
2463 766 2522 822 δὲ
2548 770 2604 822 ἔκ
2632 773 2837 825 πάντων
2874 780 2977 824 τῶν
3014 778 3107 824 τοῦ
3137 769 3298 823 κύϐου
3333 777 3509 844 μερῶν
3565 771 3631 822 αἱ
3690 773 3818 843 πρὸς
3858 789 3897 820 τ]

2296 855 2334 929 β
2366 867 2578 930 σημεῖον
2630 861 2827 914 εύθεῖαι
2863 864 3106 933 γραμμαὶ
3158 862 3251 912 σὺν
3291 867 3363 930 τῷ
3638 858 3721 920 εἰς
3780 856 3895 909 ἐστι·

2291 949 2547 1020 ρίθμησιν
2618 950 2870 1009 κυκλικὴν
2940 949 3295 1022 ἀναφέρονται,
3372 950 3520 1000 ἔστιν
3599 948 3718 1022 ἄρα
3783 952 3893 998 κατὰ

2292 1034 2514 1111 ἀριθμὸν
2551 1038 2624 1100 εἰς
2652 1042 2740 1092 τὸν
2793 1038 2951 1091 κύϐον
3002 1042 3199 1111 φυσικὴ
3257 1041 3511 1108 συνέχεια
3561 1045 3673 1089 τῶν
3722 1045 3889 1109 μιρῶ.

2290 1129 2554 1198 Tynetem
2621 1137 2747 1198 γοῦν
2816 1133 2908 1180 καὶ
2970 1128 3045 1190 εἰς
3120 1126 3415 1198 ἐπιφανείας
3467 1127 3497 1178 ὁ
3561 1124 3761 1189 κύϐος,
3827 1144 3891 1176 am

2292 1218 2426 1268 ἔστω
2509 1216 2626 1279 ἑξὰς
2679 1219 2710 1274 ἡ
2788 1213 3033 1277 ἐπίπεδος
3089 1215 3378 1288 ἕπεφάνεια,
3451 1220 3548 1268 καὶ
3600 1213 3889 1266 stellatis.-

2295 1306 2570 1362 σιασοήτω
2626 1307 2652 1356 ὁ
2707 1303 2923 1380 ἀριθμὸς
2970 1310 3061 1359 καὶ
3100 1303 3252 1356 πάλιν
3287 1302 3451 1356 πολλὰ
3505 1302 3889 1360 πλασιασθῐτε

2292 1393 2461 1457 οὗτος,
2490 1399 2582 1447 καὶ
2607 1396 2943 1468 εὑρεθήσεται
2972 1397 3041 1455 ὡς
3066 1395 3095 1446 ὁ
3125 1413 3159 1445 α
3204 1396 3334 1466 πρὸς
3361 1395 3448 1444 τὸν
3481 1390 3545 1465 β,
3604 1393 3635 1443 ὁ
3683 1390 3727 1463 β
3780 1394 3891 1464 πρὸς

2291 1486 2380 1535 τὸν
2431 1504 2464 1553 γ
2508 1504 2521 1515 ·
2582 1485 2913 1557 εὑρίσκονται
2995 1484 3101 1556 ἄρα
3156 1486 3248 1535 καὶ
3304 1481 3420 1533 κατ’
3470 1479 3788 1553 ἐπιφανείας
3840 1480 3893 1540 εἰς

2294 1571 2657 1647 ἀπαρίθμησιν
2685 1572 2936 1631 κυκλικὴν
2986 1578 3183 1642 συνεχῆ
3216 1573 3283 1625 τὰ
3328 1574 3459 1643 μέρη
3524 1573 3718 1624 αὑτοῦ.
3771 1570 3893 1624 Ἐπί

2293 1658 2354 1715 δε
2407 1664 2462 1714 αἱ
2509 1664 2645 1714 κατὰ
2685 1665 2880 1723 παντὸς
2931 1664 3119 1735 μέρους
3168 1659 3329 1713 αὐτοῦ
3382 1658 3638 1733 ἁρμονίαι
3694 1658 3894 1732 ἀριθκῷ

2292 1751 2365 1812 εἰς
2442 1750 2628 1803 κύκλον
2717 1748 3016 1821 ἀνάγονται,
3090 1750 3116 1801 ὁ
3190 1744 3251 1802 δε
3312 1747 3498 1808 κύκλος
3548 1756 3655 1800 τῶν
3740 1748 3897 1801 ἄλλα

2293 1842 2587 1913 σχημάτων
2640 1845 2991 1914 φυσικώτερος
3069 1842 3160 1891 καὶ
3212 1833 3634 1910 μωοειδέοτερος
3691 1842 3793 1890 καὶ
3857 1838 3897 1887 r1

2289 1933 2474 2002 μικτὸς
2502 1934 2594 1983 καὶ
2621 1927 2817 1991 ἁπλοῦς
2865 1932 2955 1983 καὶ
2983 1926 3039 1980 ἐκ
3093 1934 3259 2001 μερῶν
3314 1925 3374 1978 ού
3422 1925 3653 1989 πολλῶν,
3702 1925 3899 1998 ἀνάγῃ

2288 2025 2436 2072 πᾶσα
2506 2017 2620 2071 κατ’
2678 2017 2897 2091 ἀριθμὸν
2967 2020 3193 2089 γυσικήν
3237 2022 3369 2068 νοεῖν
3438 2020 3534 2073 τὴν
3590 2023 3693 2069 τοῦ
3740 2015 3903 2069 κύϐο.

2290 2111 2587 2180 συνέχειαν,
2615 2105 2724 2160 ἐπεὶ
2751 2106 2820 2168 εἰς
2839 2105 3056 2166 κύκλους
3087 2103 3352 2176 ἀνάγεται.

2339 2193 2412 2252 δ’.
2453 2197 2783 2269 Θεωρηθὴτω
2809 2201 2936 2263 γοῦν
2968 2198 3060 2247 καὶ
3090 2196 3230 2247 κατὰ
3274 2200 3515 2264 συνεχεῖς
3570 2191 3906 2265 imparting,

2264 2372 2555 2431 uniuntur
2580 2388 2688 2446 per
2702 2371 3233 2430 continuationem.
3248 2372 3399 2429 Nam
3426 2370 3706 2444 primum
3756 2372 3919 2428 tertio

2263 2478 2387 2519 non
2444 2462 2664 2531 unitur,
2713 2460 2832 2518 nisi
2884 2476 2992 2532 per
3033 2459 3417 2529 secundum;
3464 2459 3691 2517 eodem
3740 2461 3919 2518 modo

2263 2552 2445 2609 etiam
2470 2550 2721 2623 reliqua,
2737 2553 2803 2606 ut
2825 2549 3005 2606 etiam
3030 2549 3093 2605 in
3104 2548 3319 2612 solido.
3346 2548 3653 2621 siquidem
3688 2564 3825 2607 non
3847 2566 3920 2606 se

2263 2640 2529 2697 cundum
2550 2644 2829 2699 naturam
2847 2637 3140 2695 duntaxat
3149 2637 3341 2710 ipsius
3355 2636 3593 2697 termini
3604 2638 3921 2699 uniuntur.

2262 2743 2470 2787 verum
2490 2727 2672 2785 etiam
2700 2725 3036 2785 secundum
3066 2726 3579 2797 temperationem.
3596 2728 3755 2784 Nam
3788 2726 3921 2783 cub‘

2263 2816 2654 2887 continuatio,
2685 2815 2896 2881 habita
2922 2814 3155 2881 ratione
3176 2813 3657 2887 superﬁcierum.
3687 2830 3823 2873 non
3846 2824 3929 2872 es:

2261 2904 2576 2970 naturalis,
2592 2903 2699 2960 sed
2709 2902 3002 2965 beneﬁcio
3022 2903 3261 2969 numeri
3276 2902 3530 2959 vincitur
3541 2903 3922 2963 naturaliter.

2334 2999 2391 3051 3.
2430 2997 2690 3051 Ponatur
2719 2993 2898 3064 igitur
2913 2992 3261 3048 senariusin
3288 2991 3468 3057 cubo,
3494 2992 3721 3048 eodem
3736 2992 3919 3048 modc

2261 3083 2609 3152 octonarius
2636 3084 2736 3154 (1).
2762 3083 2903 3138 Esto
2926 3096 3068 3138 vero
3097 3081 3277 3138 etiam
3303 3086 3601 3153 punctum
3651 3081 3736 3139 ad
3757 3082 3924 3154 quod

2260 3170 2591 3229 referantur
2607 3185 2819 3227 omnes
2828 3169 3015 3239 lineae,
3034 3173 3155 3235 tam
3167 3168 3392 3242 quaeab
3425 3168 3922 3226 inclinationibus

2262 3259 2647 3331 angulorum,
2661 3274 2848 3332 quam
2870 3273 3008 3327 quas
3034 3256 3113 3323 ab
3125 3256 3462 3330 mqualibus
3483 3256 3667 3314 lineis
3692 3258 3923 3314 ducun-

2262 3352 2376 3404 tur.
2401 3347 2663 3405 Ducatur
2691 3347 2768 3404 ab
2789 3362 2830 3404 a
2855 3345 3256 3407 inclinationis
3304 3345 3530 3417 angulo
3569 3345 3741 3404 linea
3764 3352 3922 3402 recta

2261 3435 2322 3492 in
2352 3436 2386 3495 b
2417 3439 2729 3508 punctum,
2772 3434 2986 3491 eodem
3041 3433 3228 3491 modo
3251 3432 3382 3490 alim
3418 3438 3599 3493 rectas
3639 3433 3827 3491 lineae
3851 3435 3925 3491 ab

2261 3523 2394 3583 aliis
2414 3523 2815 3581 inclinationis
2837 3522 3074 3594 angulis
3106 3537 3244 3596 quas
3299 3526 3442 3579 sunt
3482 3522 3547 3593 in
3578 3523 3923 3595 superﬁcie,

2262 3627 2482 3685 nempe
2507 3612 2588 3669 ab
2615 3628 2647 3668 c
2676 3627 2707 3669 e
2730 3612 2770 3682 f
2785 3611 2848 3683 in
2876 3611 3040 3667 idem
3051 3614 3345 3685 punctum
3371 3610 3425 3681 ῥ.
3449 3610 3685 3671 Eadem
3696 3613 3926 3669 ratione

2261 3702 2559 3774 ducantur
2577 3700 2709 3761 alia:
2742 3705 2920 3758 rectae
2935 3699 3107 3765 lineae
3119 3700 3196 3765 ab
3212 3699 3345 3767 aliis
3382 3700 3524 3756 cubi
3564 3700 3861 3773 partibus
3875 3702 3929 3756 in

2263 3795 2555 3863 punctum
2588 3790 2643 3847 ὸ.
2674 3788 3478 3847 Numerenturomneslineae
3513 3793 3573 3845 et
3605 3790 3921 3864 cumipsis

2259 3885 2555 3952 punctum
2581 3878 2763 3935 etiam
2784 3881 3348 3950 componatur,sane
3364 3878 3717 3935 necessario
3737 3879 3920 3936 circu-

2259 3967 2388 4039 lum
2406 3966 2911 4025 efﬁcient.Rursus
2930 3966 3185 4037 ducatur
3197 3965 3359 4023 linea
3371 3970 3537 4023 recta
3554 3982 3595 4022 a
3611 3966 3790 4025 linea
3804 3971 3848 4025 k
3872 3972 3923 4025 in

2259 4060 2552 4129 punctum
2567 4056 2620 4113 b.
2637 4055 2859 4113 Eodem
2872 4054 3056 4111 modo
3068 4054 3367 4113 ducantur
3380 4055 3565 4111 etiam
3601 4056 3748 4129 alia:
3759 4066 3925 4115 recte

2259 4145 2433 4201 lineas
2472 4160 2506 4205 a
2552 4144 2742 4201 tribus
2795 4143 2967 4205 lineis
3005 4143 3180 4201 rectis
3229 4159 3368 4217 qum
3408 4149 3548 4200 sunt
3612 4143 3683 4201 in
3711 4147 3923 4204 eadem

2260 4238 2450 4304 parte,
2481 4248 2700 4306 nempe
2725 4233 2804 4291 ab
2840 4233 2939 4289 lm
2967 4248 3010 4288 η
3039 4232 3406 4304 inpunctum
3426 4232 3480 4289 δ.
3514 4234 3922 4292 Consimiliter

2258 4320 2437 4391 igitur
2464 4337 2503 4377 a
2538 4320 2781 4395 reliquis
2806 4319 2980 4377 lineis
3029 4319 3397 4395 reliquarum
3466 4320 3607 4377 cubi
3651 4326 3919 4395 partium

2258 4410 2433 4466 lineae
2458 4413 2632 4467 recta;
2655 4408 2954 4466 ducantur
2977 4407 3039 4465 in
3079 4408 3113 4464 b
3158 4414 3471 4481 punctum.
3513 4411 3919 4469 Numerentur

2259 4498 2440 4555 etiam
2491 4497 2587 4555 hae
2616 4513 2829 4554 omnes
2863 4501 2923 4555 et
2976 4512 3111 4553 cum
3156 4497 3250 4554 his
3278 4503 3573 4570 punctum
3633 4509 3918 4572 ponatur.

2257 4585 2599 4642 necessario
2661 4600 2906 4661 quoque
3022 4585 3314 4641 circulum
3398 4584 3683 4642 emcient.
3779 4592 3917 4646 Cum

2260 4676 2438 4747 igitur
2468 4676 2546 4732 ab
2574 4676 2860 4733 omnibus
2885 4674 3026 4733 cubi
3055 4675 3328 4746 partibus
3352 4675 3523 4743 lineae
3553 4676 3769 4741 ductae
3811 4680 3919 4736 ini

2259 4769 2554 4836 punctum
2575 4762 2908 4821 referantur
2930 4762 3011 4819 ad
3044 4763 3397 4841 circularem
3408 4767 3919 4843 numerationem.

2263 4854 2534 4925 sequitur
2547 4868 2677 4908 esse
2689 4851 2749 4908 in
2763 4851 2940 4918 cubo,
2956 4856 3200 4924 propter
3212 4866 3558 4913 numerum,
3571 4854 3922 4911 naturalem

2260 4941 2523 5013 partium
2554 4940 3087 4998 continuationem.
3118 4940 3358 4997 Secetur
3385 4939 3567 4997 etiam
3633 4942 3846 4999 cubus
3872 4944 3921 4999 in

2261 5028 2630 5102 superﬁcies,
2674 5032 2729 5085 et
2795 5034 2922 5084 esto
2982 5028 3258 5085 senarius
3312 5026 3494 5100 plana
3539 5031 3920 5100 superﬁcies,

2259 5117 2803 5190 multipliceturque
2832 5132 3143 5184 numerus,
3200 5132 3410 5172 rursus
3440 5117 3543 5189 qui
3567 5117 3721 5175 inde
3741 5120 3922 5176 factus

2262 5211 2349 5262 est
2369 5204 2812 5277 multiplicetur,
2842 5204 3091 5261 tandem
3119 5206 3484 5278 reperiemus
3505 5212 3571 5262 ut
3626 5222 3920 5265 numerus

2262 5309 2301 5350 a
2335 5295 2413 5351 ad
2442 5295 2550 5352 bse
2571 5294 2772 5359 habet,
2785 5293 3006 5351 itabad
3023 5311 3061 5368 g
3086 5309 3149 5350 se
3202 5294 3447 5353 habere.
3496 5297 3918 5369 Comperimus

2261 5383 2442 5454 igitur
2487 5383 2998 5445 continuationem
3086 5383 3342 5457 partium
3389 5383 3526 5439 cubi
3578 5383 3799 5443 referri
3855 5388 3917 5444 ad

564 5520 641 5588 (l)
663 5522 886 5594 Nempe
915 5520 1108 5594 sexies
1133 5536 1235 5575 sex
1266 5521 1478 5594 sexies,
1506 5526 1609 5578 aut
1636 5523 1818 5579 octies
1861 5530 1995 5581 octo
2020 5524 2223 5594 octies,
2253 5524 2334 5581 ita
2371 5530 2435 5581 ut
2472 5524 2743 5581 senarius
2768 5529 2874 5581 aut
2900 5525 3243 5581 octonarius
3290 5524 3365 5581 sit
3402 5540 3561 5581 unus
3618 5541 3703 5583 ex
3735 5528 3917 5585 tribus

492 5592 761 5645 numeris
790 5606 863 5645 ex
892 5590 1114 5660 quibus
1144 5591 1416 5647 senarius
1439 5599 1690 5650 constat.
