3932 6326
61 323 240 379 1273

984 327 1336 384 THEODORI
1365 329 1413 383 Π
1452 325 1592 383 1MP.
1622 327 1712 382 DE
1743 325 2199 384 COMMUNIONE
2228 321 2583 385 NATURALI

3318 330 3453 386 1274

61 447 125 499 εἰ
161 447 343 500 αὐταὶ
373 449 503 521 πρὸς
541 447 694 508 αὐτὸς
731 446 978 509 ἆλληλαις
1032 453 1306 522 συνέχειαν
1358 453 1571 523 ἔχουσι,
1619 455 1708 503 καὶ
1765 454 1811 506 Α
1866 453 2146 521 τετμσήθω
2178 449 2550 527 ἑνδεκαμερῶς,
2582 451 2743 523 ἤγουν
2771 452 2803 510 ἡ
2831 471 2865 503 α
2891 450 2982 523 βγ
3022 449 3058 503 δ
3110 471 3134 504 ε
3172 451 3222 523 ζ,
3271 458 3460 525 τετμή-

58 537 308 607 ὀποίαν,
339 541 429 588 καὶ
482 544 613 598 πῶς.
668 535 842 590 Ἔστω
898 543 1068 590 τοίνυν
1099 559 1132 590 α
1159 537 1195 611 β
1225 561 1257 611 γ
1287 537 1321 592 ὃ
1351 559 1373 592 ε
1396 541 1473 600 ζό
1527 539 1703 603 κύϐος,

57 623 397 684 ἀπλωθήτω
423 626 452 685 ἡ
483 645 516 678 α
547 626 637 686 ἕως
673 634 764 687 τῆς
785 625 1027 700 ἑκατέρας
1067 627 1226 688 αὐτῆς
1287 627 1322 701 β
1369 648 1422 680 τε
1469 634 1560 680 καὶ
1612 637 1707 689 τῆς

53 734 131 784 7.
165 719 271 767 καὶ
302 716 337 773 ἡ
372 711 408 767 ὃ
431 717 674 788 πρὸςτὴν
703 714 739 787 β
767 735 822 768 τε
851 721 941 768 καὶ
965 721 1059 774 τὴν
1089 737 1145 788 γ,
1176 721 1266 769 καὶ
1295 717 1325 775 ἡ
1351 736 1373 770 ε
1419 720 1551 789 πρὸς
1610 721 1704 776 τὴν

55 822 103 857 α
145 800 1144 877 βγδ,καὶὴζόμοίωςπρόςτὴνα
1183 803 1342 878 βγδ
1402 827 1414 840 ο

53 899 214 962 ’γοῦν
245 892 410 945 αὗται
435 895 566 966 πρὸς
594 895 690 954 τὰς
710 893 922 960 κλίσεις,
957 897 1012 946 αἱ
1058 891 1118 947 δὲ
1172 897 1333 956 θέσεις
1357 901 1447 950 καὶ
1499 896 1706 959 ἑνώσεις

57 980 261 1032 αὐτῶν
284 980 339 1032 οἰ
358 981 624 1052 κυκλικαὶ,
657 981 831 1056 ὥσπερ
881 987 971 1035 καὶ
1025 982 1108 1035 ἐπὶ
1159 992 1258 1035 τῶν
1314 985 1702 1057 ἀριθμηθεισῶν

1475 806 1706 859 ἑνούνται

54 1078 353 1142 ⁴γραμμῶν
396 1070 523 1123 ἀλλὰ
586 1076 968 1144 ’γεγωνιωμὲναι
1029 1078 1120 1125 καὶ
1175 1074 1372 1136 κλίσεις
1426 1077 1652 1146 ἔχουσαι
1687 1119 1698 1130 .

59 1159 102 1215 ἡ
147 1165 200 1213 Α
232 1161 341 1232 γὰρ
363 1159 454 1218 ὅλη
481 1161 576 1220 ἕως
600 1159 722 1222 ὅλης
741 1170 834 1221 τῆς
861 1168 913 1224 Β,
942 1167 1032 1214 καὶ
1071 1163 1201 1220 αὕτη
1279 1165 1371 1225 ἔως
1438 1163 1561 1224 ὅλης
1611 1183 1703 1223 της

64 1252 145 1314 Γ,
181 1253 280 1300 καὶ
304 1249 438 1306 αὕτη
468 1249 561 1311 ἕως
588 1248 710 1310 ὅλης
739 1259 831 1310 τῆς
865 1258 921 1320 Δ,
963 1255 1052 1303 καὶ
1086 1253 1116 1309 ἡ
1179 1258 1218 1304 Ε
1246 1252 1341 1312 ἕως
1402 1251 1526 1304 ὅλων
1599 1259 1700 1304 τῶν

69 1342 124 1389 Α
161 1342 203 1388 Β
235 1343 275 1389 Γ
307 1343 363 1403 Δ,
404 1343 494 1390 καὶ
546 1340 577 1396 ἡ
639 1345 679 1390 Ζ
733 1340 923 1411 ὁμοίως
977 1341 1065 1400 ἕως
1119 1339 1246 1392 ὅλων
1306 1340 1472 1393 αὐτῶν
1521 1347 1561 1394 Α
1599 1348 1634 1393 Β
1665 1347 1701 1392 Γ

65 1432 142 1478 Δ.
209 1430 460 1478 Φαίνεται
532 1434 659 1498 γοῦν
724 1426 780 1480 ἐκ
852 1431 1038 1481 τούτου
1111 1431 1190 1482 ὅτι
1264 1429 1517 1482 ἅπτονται
1585 1433 1696 1502 μὲν,

63 1513 154 1573 εἰς
184 1513 381 1575 ἑαυτὰς
406 1511 466 1567 δὲ
496 1512 674 1568 διόλου
729 1516 787 1568 οὗ
856 1521 1164 1591 στρέφονται
1216 1517 1476 1580 κυκλικῶς
1533 1521 1698 1572 εἰτουν

62 1611 350 1673 φυσικῶς.
397 1605 757 1676 Τμηθήτωσαν
811 1613 938 1676 γοῦν
1001 1607 1056 1656 αἱ
1107 1605 1396 1679 ἐπιφάνειαι
1452 1603 1525 1659 δι’
1577 1607 1696 1659 ὅλου

59 1698 279 1744 τοῦτου
310 1691 474 1744 κύϐου
519 1695 751 1765 πάχους,
807 1700 898 1747 καὶ
960 1694 1403 1768 συλληφθὴτωσαν
1446 1700 1590 1750 καπὰ
1637 1700 1696 1749 τὸ

61 1779 343 1852 ἀνάλογον
395 1781 570 1843 ἱξίσου
620 1781 712 1835 ὅλα
761 1785 827 1835 τὰ
876 1787 1131 1855 τμήματα
1173 1805 1187 1818 ο
1245 1784 1524 1838 ἐκτέθειται
1573 1794 1697 1858 γοῦν

59 1871 99 1926 ἠ
147 1871 199 1922 Α
234 1866 518 1942 διάμετρος
546 1879 609 1944 τῇ
643 1877 702 1939 Γ,
745 1876 836 1924 καὶ
875 1874 906 1930 ἡ
953 1878 991 1924 Β
1025 1881 1088 1945 τῇ
1132 1880 1189 1942 Δ,
1230 1879 1320 1927 καὶ
1357 1876 1388 1933 ἠ
1431 1881 1470 1928 Ε
1503 1883 1564 1947 τῇ
1607 1882 1646 1927 Ζ
1678 1896 1692 1908 ·

61 1961 220 2012 ἵστω
257 1961 439 2030 γοῦνή
477 1962 608 2032 μετὰ
682 1961 776 2019 τὴν
844 1967 885 2013 Δ
952 1969 1016 2033 Η,
1075 1968 1165 2015 καὶ
1219 1965 1250 2022 ἡ
1313 1965 1446 2036 μετὰ
1509 1969 1604 2023 τὴν
1658 1971 1696 2017 Γ

64 2055 152 2114 Θ,
181 2052 278 2100 καὶ
315 2051 347 2106 ἡ
389 2050 522 2120 μετὰ
559 2054 652 2108 τὴν
714 2056 752 2102 Β
819 2056 862 2118 Ι,
932 2055 1022 2103 καὶ
1081 2053 1109 2110 ἡ
1178 2054 1311 2124 μετὰ
1365 2057 1459 2110 τὴν
1525 2060 1561 2106 Δ
1629 2060 1692 2122 Κ,

63 2137 404 2209 καὶἠμετὰ
433 2141 591 2194 τῆνΕ
632 2143 701 2203 Λ,
758 2142 848 2190 καὶ
919 2141 946 2197 ὁ
1009 2142 1138 2211 μετὰ
1198 2145 1294 2199 τὴν
1354 2147 1394 2194 Ζ
1465 2148 1536 2207 Μ,
1605 2147 1694 2195 καὶ

64 2223 306 2282 πάλινὴ
340 2226 584 2296 μεταίτην
617 2232 659 2279 Η
714 2233 775 2294 Ε,
837 2231 929 2279 καὶ
971 2229 1001 2285 ἡ
1062 2230 1194 2300 μετὰ
1239 2233 1334 2287 τὴν
1391 2237 1437 2283 Θ
1493 2233 1551 2299 Ξ,
1602 2235 1693 2284 καὶ

66 2315 106 2374 ἡ
173 2315 313 2384 μετὰ
352 2318 447 2372 τὴν
507 2320 529 2368 Ι
579 2321 643 2383 Ο,
702 2319 793 2368 καὶ
849 2321 874 2374 ὁ
921 2319 1050 2387 μετὰ
1095 2321 1189 2375 τὴν
1257 2324 1301 2371 Κ
1365 2325 1430 2385 Π,
1496 2323 1585 2371 καὶ
1659 2321 1690 2377 ἡ

67 2403 221 2474 μετὰ
242 2406 338 2460 τὴν
396 2409 443 2456 Λ
510 2405 569 2469 Ρ,
635 2405 776 2462 καὶὴ
846 2407 978 2477 μετὰ
1038 2409 1132 2463 τὴν
1199 2413 1252 2462 M
1323 2414 1358 2459 Σ
1419 2429 1431 2440 ·
1494 2409 1694 2466 τεθητω

67 2498 212 2563 γοῦν
251 2494 282 2550 ἡ
340 2511 373 2543 α
411 2494 544 2564 πρὸς
597 2497 692 2550 τὴν
757 2491 794 2562 β
849 2513 882 2564 γ
924 2492 1241 2565 ἐπιφάνειαν,
1301 2498 1580 2568 τετμήσθω
1633 2492 1695 2549 δε

69 2577 464 2657 ἑνδεκαμερῶς,
492 2584 739 2642 ὡσαύτως
768 2603 858 2634 και
886 2585 916 2641 ἣ
978 2579 1014 2636 δ
1075 2588 1203 2658 πρὸς
1258 2589 1352 2644 τὴν
1400 2606 1434 2638 α
1475 2607 1508 2658 γ
1574 2584 1693 2638 ἐπι-

70 2671 297 2742 φάνειαν
328 2667 676 2744 ἐνδεκαμερῶς
704 2670 922 2746 ἑκατέρα
957 2691 1012 2725 τε
1066 2679 1157 2728 καὶ
1205 2673 1442 2750 ἑκατέρα,
1497 2677 1692 2747 ὁμοίως

33 2893 536 2948 numerationem
561 2894 934 2962 circularem,
957 2896 1138 2952 etiam
1160 2896 1492 2952 secundum
1511 2912 1716 2970 super-

1869 542 1978 592 σθω
2009 538 2069 592 δὲ
2098 541 2402 615 ἐννεαμερώς
2429 543 2569 598 καιὴ
2600 561 2630 598 η
2693 543 2720 592 θ
2761 561 2780 591 ι
2823 560 2854 592 κ
2891 541 2920 592 λ
2965 561 3023 612 μ,
3072 543 3348 612 τετμήσθω
3400 539 3460 594 δὲ

1867 627 2164 702 ἐπταμερῶς
2193 650 2283 680 και
2307 632 2336 688 ἡ
2369 629 2444 692 νξ
2475 649 2499 682 ο
2520 651 2559 682 π
2601 651 2629 702 ρ
2677 650 2728 695 σ,
2775 649 2866 681 και
2918 629 3257 688 ἑνωθήτωσαν
3309 629 3458 692 αὖθις

1865 722 2001 770 κατὰ
2029 722 2086 770 τό
2108 717 2354 771 ἁνάπολιν
2378 720 2408 776 ἡ
2441 740 2465 768 ν
2491 735 2512 774 .·
2544 739 2578 771 σ
2675 717 2746 781 ξ.“
2783 738 2812 792 ρ
2935 737 2961 770 ο
2995 733 3016 772 .·
3061 737 3102 770 π
3231 737 3261 776 η
3282 737 3303 772 .’
3347 739 3386 790 μ

1868 809 1895 860 θ
1924 823 1948 863 .·
1971 806 1998 858 λ
2096 828 2110 858 ι
2135 823 2158 863 ,⁸
2185 827 2218 859 κ
2330 827 2364 859 α
2389 824 2411 863 .’
2439 828 2473 879 γ
2574 806 2611 880 β
2639 824 2662 864 .·
2691 803 2724 860 ὃ
2744 825 2790 865 ::
2819 827 2842 860 ε
2872 822 2897 864 .'
2947 807 2999 873 ζ,
3040 827 3129 859 και
3173 811 3460 865 συνέστηκε

1863 895 2016 948 πάλιν
2046 897 2072 947 ό
2126 899 2341 969 τμηθεὶς
2395 896 2549 957 κύϐος
2587 900 2888 968 τεμνόμενος
2917 917 2928 928 -
2985 897 3090 970 ἄρα
3133 894 3292 957 κύϐος
3325 897 3458 969 εύρί-

1867 1004 2043 1037 σκεται
2061 1005 2153 1036 και
2188 986 2546 1057 συντιθέμενος
2575 990 2665 1037 καὶ
2695 984 2976 1057 ἐνούμενος,
3019 1005 3110 1036 και
3159 983 3312 1036 πάλιν
3370 986 3457 1036 κύ·

1864 1071 1948 1133 ϐος
1972 1074 2288 1148 εὑρίσκεται.
2315 1074 2403 1134 Ὡς
2425 1077 2527 1147 γὰρ
2557 1076 2587 1132 ἡ
2622 1094 2656 1126 α
2685 1073 2775 1147 βγ
2798 1070 2832 1126 ὃ
2858 1092 2879 1126 ε
2901 1073 2933 1134 ζ
2959 1077 3087 1146 πρὸς
3114 1077 3208 1132 τὴν
3235 1093 3265 1130 η
3309 1076 3338 1126 θ
3365 1093 3384 1124 ι
3424 1093 3457 1124 κ

1861 1160 1890 1212 λ
1927 1183 1985 1234 μ,
2013 1161 2282 1221 οὓτωςὴη
2317 1161 2870 1236 θικλμπρόςτὴνν
2901 1161 3096 1236 ξοπρ
3139 1182 3190 1228 σ,
3242 1161 3459 1234 ἑκατέρα

1860 1257 1956 1310 τῆς
1988 1250 2231 1324 ἑκατέρας
2257 1253 2524 1324 ὑπεροχὴν
2565 1251 2808 1322 ἀνάλογον
2863 1253 3086 1322 ἔχουσα.
3142 1251 3206 1304 Εἰ
3247 1248 3306 1303 δὲ
3365 1270 3457 1303 και

1862 1344 1935 1400 εὶς
1962 1339 2164 1399 πλείους
2211 1343 2376 1411 τομὰς
2413 1344 2442 1398 ἤ
2488 1340 2720 1402 ἐλάττους
2782 1343 2916 1392 κατὰ
2969 1345 3062 1398 τὴν
3120 1340 3282 1398 αὐτὴν
3337 1338 3456 1391 ἀνα.

1859 1427 2038 1499 λογίαν
2069 1429 2141 1490 εἰς
2177 1437 2415 1500 συνεχεῖς
2455 1430 2747 1502 ἐπιφανείας
2799 1434 2972 1501 τέμνεν
3010 1448 3092 1490 τις
3147 1431 3236 1480 τόν
3299 1427 3456 1480 κύϐον

1858 1520 2187 1592 πειράσεται,
2253 1521 2320 1570 τὰ
2377 1519 2512 1571 αὐτὰ
2557 1538 2648 1571 και
2701 1519 2847 1579 οὗτος
2889 1520 3068 1593 εὑρὼν,
3123 1517 3277 1569 κύϐον
3325 1517 3455 1572 εἶναι

1858 1626 1997 1660 suae:
2033 1628 2208 1664 αυτόν,

1929 1696 1983 1752 ε’.
2017 1694 2279 1770 Ἐδείχθη
2317 1706 2444 1770 γοῦν
2493 1700 2666 1760 καθὼς
2722 1694 2830 1751 ἔδει
2881 1697 2930 1748 ἓν
2981 1705 3053 1766 τῷ
3108 1695 3250 1767 κύϐῳ
3298 1694 3450 1754 διττὴ

1860 1789 2128 1857 συνέχεια,
2181 1789 2211 1844 ἡ
2266 1789 2402 1839 κατὰ
2446 1787 2632 1838 κύκλον
2689 1806 2778 1838 και
2829 1788 2861 1844 ἠ
2933 1780 3194 1857 ἑξάεδρος.
3279 1782 3455 1836 Ἔστω

1855 1881 1980 1944 γοῦν
2010 1875 2040 1933 ὴ
2075 1878 2209 1928 κατὰ
2227 1875 2414 1927 κύκλον
2453 1895 2543 1927 και
2581 1875 2846 1948 ἀριθμητή
2889 1877 3109 1947 φυσικὴ,
3150 1875 3180 1931 ἡ
3225 1869 3284 1926 δέ
3319 1874 3457 1925 κατὰ

1853 1967 1910 2016 τὸ
1972 1963 2095 2018 ἄλλο
2161 1973 2354 2037 σχῆμα
2409 1968 2546 2019 κατὰ
2598 1971 2785 2040 κρᾶσιν
2841 1984 2932 2016 και
2982 1963 3123 2030 μίξιν
3175 1984 3189 1997 ·
3240 1965 3297 2014 αῖ
3349 1964 3452 2038 γὰρ

1854 2055 2064 2126 κράσεις
2144 2058 2352 2126 μικταὶ,
2445 2056 2512 2106 τὰ
2604 2050 2664 2106 δὲ
2753 2056 3112 2125 γεγωνιωμένα
3193 2055 3455 2124 σχήματα

1854 2143 2076 2213 ἔμφασιν
2139 2141 2328 2214 έχουσι
2393 2143 2608 2215 μιζεως,
2670 2139 2764 2194 διὰ
2812 2148 2965 2210 τοῦτο
3020 2144 3079 2193 τὸ
3131 2147 3223 2193 τοῦ
3289 2138 3450 2192 κύϐου

1857 2239 2051 2302 σχῆμα
2095 2233 2277 2284 καθότι
2336 2235 2716 2303 γεγωνιωμένον
2767 2233 2972 2302 μικτόν.
3025 2229 3087 2283 Εἰ
3135 2225 3185 2282 δ’
3214 2229 3295 2282 ὅτι
3360 2248 3452 2281 και

1853 2327 2003 2370 τοῦτο
2033 2327 2130 2381 τῆς
2185 2323 2382 2392 φύσεως
2446 2340 2536 2372 και
2602 2319 2628 2371 ό
2693 2319 2880 2380 κύκλος
2933 2326 3028 2380 τῆς
3095 2320 3298 2390 φύσεως
3360 2337 3452 2370 και

1853 2415 2109 2460 κοινωνεῖν
2183 2407 2296 2460 κατ’
2369 2408 2495 2461 αύτό
2572 2407 2692 2481 sint;
2767 2403 2977 2464 δηλαδὴ
3069 2426 3153 2467 τις
3255 2405 3450 2476 στέρξω

1855 2495 1981 2548 αὐτό
2050 2517 2063 2530 -
2130 2496 2182 2548 ἓν
2245 2499 2345 2569 γὰρ
2412 2505 2474 2569 τῇ
2566 2499 2719 2568 φύσει
2792 2497 2979 2550 καθότι
3065 2502 3162 2556 τῆς
3249 2497 3450 2566 φύσεως

1854 2583 2085 2636 ἐνοῡνται
2113 2584 2338 2649 ἅπαντα,
2369 2593 2542 2657 ὥσπερ
2600 2605 2691 2636 και
2746 2583 2814 2644 εἰς
2855 2587 2913 2636 τὸ
2965 2590 3178 2656 σημεῖον
3244 2585 3300 2636 αἱ
3349 2581 3450 2640 ἀπὸ

1853 2681 1948 2735 τῆς
2009 2677 2334 2748 περιφερείας
2381 2673 2470 2726 τοῦ
2523 2673 2716 2726 κύκλου
2785 2676 3023 2745 γραμμαὶ
3085 2671 3453 2744 εἰσερχομεναι

1824 2893 2020 2966 ipsam
2048 2911 2070 2949 ι
2095 2895 2278 2951 altera
2299 2911 2358 2964 ρ,
2373 2898 2508 2968 post
2533 2893 2729 2967 ipsam
2747 2895 2786 2950 k
2817 2893 3005 2951 altera
3034 2910 3091 2965 q,
3123 2896 3255 2965 post
3277 2893 3475 2965 ipsam

35 2981 248 3036 ﬁcies.
282 2981 578 3047 Quoniam
610 2987 811 3038 autem
828 2984 1155 3040 harmoniae
1170 2985 1713 3058 partiumomnium
1747 3001 1788 3058 ρ
1827 2985 2059 3039 [altera
2087 2999 2141 3052 ν,
2180 2977 2314 3055 post
2335 2985 2535 3054 ipsam
2565 3000 2624 3039 γη
2649 2982 2832 3038 altera
2861 2998 2909 3051 ε,
2939 2987 3074 3054 post
3098 2982 3294 3053 ipsam
3324 2997 3366 3036 η
3396 2979 3478 3036 al-

40 3069 197 3126 cubi
229 3075 476 3148 propter
523 3086 844 3127 numerum
879 3072 958 3128 ad
1011 3073 1299 3129 circulum
1359 3074 1714 3143 referuntur,

42 3159 317 3214 circulus
328 3174 471 3214 vero
484 3160 756 3215 omnium
772 3160 1015 3216 aliarum
1029 3161 1350 3231 ﬁgurarum
1364 3169 1451 3219 est
1462 3164 1716 3219 maxime

41 3245 348 3303 naturalis
404 3249 790 3322 maximeque
864 3249 1201 3320 uniformis,
1243 3267 1435 3324 neque
1489 3237 1716 3308 mixtus

45 3341 170 3403 est,
200 3335 308 3390 sed
347 3335 600 3408 simplex
657 3341 714 3393 et
733 3353 806 3392 ex
861 3338 1134 3410 partibus
1172 3355 1295 3396 non
1351 3340 1574 3410 multis,
1629 3344 1716 3395 est

44 3423 310 3482 omnino
335 3440 582 3481 necesse
612 3427 951 3483 secundum
998 3443 1344 3499 numerum,
1376 3430 1714 3486 naturalem

42 3513 382 3584 intelligere
405 3514 544 3570 cubi
582 3515 1112 3580 continuationem,
1154 3519 1402 3590 quando
1428 3519 1714 3574 nimirum

43 3603 138 3661 ad
193 3601 393 3658 circuli
449 3603 960 3660 continuationem
989 3611 1330 3664 revocatur.
1685 3593 1688 3595 λ

124 3695 181 3748 4.
217 3693 344 3748 Jam
367 3707 512 3747 vero
534 3692 984 3749 consideremus
1025 3694 1203 3751 etiam
1243 3696 1468 3752 cubum
1504 3712 1715 3752 secun-

44 3781 208 3837 dum
233 3780 544 3836 continuas
577 3779 948 3853 superﬁcies,
979 3798 1056 3838 an
1087 3783 1238 3855 ipsae
1268 3785 1420 3840 inter
1450 3801 1510 3840 se
1532 3785 1717 3840 conti-

43 3867 413 3926 nuationem
443 3869 734 3938 habeant,
754 3874 812 3926 et
839 3870 1082 3942 qualem
1110 3876 1166 3928 et
1223 3873 1554 3944 quomodo.
1579 3875 1714 3929 Esto

47 3960 242 4029 igitur
278 3973 314 4013 a
347 3958 380 4012 b
402 3973 431 4014 ε
460 3958 502 4013 d
520 3974 548 4014 e
572 3960 614 4029 Γ
632 3959 843 4015 cubus.
870 3959 1118 4015 Uniatur
1149 3960 1492 4033 superﬁcies
1523 3976 1559 4017 ξι
1585 3976 1714 4015 cum

0 4053 2 4057 '
53 4053 336 4118 utraque,
367 4047 647 4120 nempe,b
677 4051 730 4102 et
761 4063 793 4103 ο
813 4061 840 4120 ,⁸
865 4047 1006 4104 item
1045 4049 1087 4104 ά
1136 4065 1276 4105 cum
1310 4051 1342 4106 b
1372 4055 1429 4106 et
1458 4067 1489 4106 ο
1521 4063 1546 4123 ,·
1574 4050 1713 4105 item

1 4125 7 4145 ό
55 4155 89 4195 e
123 4152 261 4192 cum
283 4151 319 4192 a
347 4137 380 4192 ὸ
407 4152 438 4192 c
464 4137 524 4204 ά,
556 4137 1026 4209 itemque/“cum
1065 4154 1102 4195 a
1142 4141 1175 4195 b
1197 4155 1228 4195 ι’
1255 4141 1297 4195 d
1326 4155 1373 4195 e.
1423 4140 1718 4196 Uniuntur

57 4225 248 4295 igitur
279 4225 338 4280 in
361 4225 598 4295 angulis
653 4225 1135 4285 inclinationum.
1187 4228 1341 4284 Situs
1367 4244 1510 4284 vero
1539 4233 1597 4284 et
1622 4242 1718 4283 co-
1758 4287 1769 4306 γ

63 4313 402 4388 pulationes
427 4315 698 4387 ipsarum
718 4331 842 4370 non
883 4321 1020 4370 sunt
1049 4316 1454 4382 circulares,ut
1479 4334 1614 4373 cum
1639 4319 1716 4374 ad

0 4401 8 4439 τ
64 4418 386 4461 numerum
404 4402 595 4458 lineas
633 4404 1085 4475 revocabamus,
1115 4406 1220 4460 sed
1245 4408 1309 4460 in
1339 4406 1593 4475 angulos
1621 4422 1718 4462 re-

0 4479 5 4514 ί
68 4493 354 4562 dignatur
417 4496 474 4548 et
519 4491 936 4548 inclinationes
986 4493 1230 4550 habent.
1289 4498 1438 4550 Nam
1503 4499 1626 4550 tota
1679 4510 1717 4550 a

67 4596 262 4653 usque
297 4581 375 4636 ad
407 4585 594 4636 totam
628 4581 660 4636 b
685 4581 985 4653 pertingit,
1008 4586 1065 4638 et
1091 4583 1220 4638 haec
1249 4598 1437 4655 usque
1501 4583 1581 4639 ad
1627 4589 1715 4640 to-

0 4681 8 4694 '
67 4677 196 4727 tam
225 4685 276 4740 ο,
290 4669 428 4726 item
458 4669 587 4726 haec
617 4685 812 4742 usque
863 4671 944 4727 ad
972 4676 1156 4727 totam
1188 4673 1248 4739 ά,
1282 4678 1335 4729 et
1361 4689 1391 4730 e
1419 4689 1610 4746 usque
1638 4673 1716 4728 ad

0 4765 18 4783 ”
68 4764 224 4816 totas
251 4774 286 4814 α
315 4759 347 4813 b
378 4775 409 4814 c
435 4760 493 4828 d,
516 4758 656 4814 item
677 4761 720 4830 f
758 4774 950 4832 usque
1002 4761 1078 4816 ad
1103 4765 1257 4816 totas
1286 4776 1324 4817 α
1361 4763 1394 4817 b
1425 4777 1456 4818 c
1481 4763 1522 4817 d
1555 4777 1603 4818 e.
1635 4764 1716 4818 Ex

68 4862 196 4922 quo
219 4846 556 4917 intelligitur
583 4847 747 4920 ipsas
778 4863 840 4903 se
867 4849 1019 4905 inter
1051 4865 1112 4905 se
1151 4855 1415 4921 tangere,
1469 4852 1576 4907 sed
1601 4851 1716 4907 hoc

69 4935 253 4994 modo
271 4935 346 4991 ad
379 4936 731 4992 circularem
787 4937 1242 4994 conversionem
1272 4944 1329 4994 et
1378 4939 1714 4995 naturalem

17 5037 22 5040 '
70 5024 555 5083 communionem
607 5040 731 5080 non
760 5025 1046 5082 revocari.
1074 5027 1356 5083 Secentur
1402 5028 1583 5097 itigur
1616 5044 1714 5082 su-

7 5113 18 5140 ⁵
70 5111 333 5187 perﬁcies
352 5127 460 5184 per
478 5116 665 5169 totam
685 5111 824 5168 cubi
848 5113 1244 5184 altitudinem,
1259 5121 1315 5171 et
1339 5115 1711 5186 colligantur,

5 5223 16 5233 ν
75 5199 287 5272 aequali
306 5200 692 5271 proportione
708 5200 1048 5267 observata,
1074 5217 1283 5258 omnes
1301 5204 1576 5259 sectionis
1605 5219 1717 5276 par

13 5312 17 5316 ·
73 5296 185 5346 tes.
215 5289 524 5360 Expositus
553 5293 643 5344 est
665 5289 845 5359 igitur
873 5295 928 5345 et
980 5289 1316 5347 substratus
1363 5293 1654 5348 diameter
1677 5307 1716 5348 a

1 5377 20 5416 ἓ
75 5376 194 5452 ipsi
217 5392 262 5446 ι’,
290 5381 346 5433 et
373 5377 407 5431 ὁ
427 5377 542 5449 ipsi
565 5377 626 5445 d,
640 5377 866 5450 eteipsi
877 5379 928 5447 Γ.
946 5381 1084 5434 Esto
1111 5379 1288 5448 igitur
1301 5385 1435 5452 post
1455 5383 1646 5452 ipsam
1675 5397 1714 5438 a

1 5475 20 5507 πε
77 5467 254 5524 altera
266 5467 320 5532 Ιι,
347 5481 460 5538 pos
484 5467 678 5538 ipsam
703 5482 733 5522 c
754 5468 941 5522 altera
952 5469 1010 5536 k,
1031 5475 1170 5539 post
1194 5470 1389 5541 ipsam
1415 5470 1447 5524 b
1469 5471 1653 5526 altera
1668 5471 1712 5536 ί,

15 5603 24 5624 ς.
76 5559 213 5630 post
235 5554 425 5626 ipsam
454 5557 498 5609 α
523 5554 708 5612 altera
749 5557 790 5621 ι,
819 5570 931 5626 pos
951 5556 1149 5628 ipsam
1181 5572 1211 5612 e
1253 5557 1443 5615 altera
1467 5575 1545 5627 m,
1577 5565 1718 5630 post

20 5633 25 5638 ’
77 5645 265 5716 ipsam
273 5645 312 5713 f
325 5642 510 5700 altera
529 5659 594 5709 η,
615 5657 824 5699 rursns
853 5650 990 5715 post
1005 5645 1208 5716 ipsam
1233 5647 1274 5702 li
1291 5645 1477 5704 altera
1500 5662 1554 5717 ο,
1576 5650 1716 5719 post

1825 3075 2006 3128 terat.
2045 3075 2397 3144 Apponatur
2424 3071 2602 3141 igitur
2631 3072 2765 3143 ipsa
2785 3087 2821 3128 α
2854 3069 3187 3142 superﬁciei
3215 3071 3247 3125 ὁ
3279 3085 3310 3125 c
3331 3085 3354 3125 .·
3386 3084 3475 3124 se-

1825 3170 1989 3217 cetur
2018 3177 2159 3218 vero
2178 3161 2239 3216 in
2269 3160 2550 3216 undecim
2589 3165 2807 3233 partes.
2831 3159 3053 3215 Eodem
3078 3158 3259 3213 modo
3278 3157 3417 3230 ipsa
3434 3157 3478 3212 ά

1827 3249 2158 3324 superﬁciei
2181 3265 2217 3306 a
2243 3265 2280 3306 α
2318 3253 2678 3321 apponatur,
2706 3253 2763 3306 et
2789 3248 3158 3321 reliquarum
3195 3245 3478 3320 quaelibet

1826 3337 2010 3394 altera
2041 3338 2205 3394 alteri
2231 3337 2507 3410 apposita
2529 3337 2798 3393 similiter
2836 3341 3066 3393 secetur
3100 3335 3162 3391 in
3189 3335 3474 3390 undecim

1823 3433 2022 3499 partes
2046 3443 2265 3499 nempe
2304 3441 2341 3483 a
2365 3427 2394 3481 b
2433 3443 2463 3482 ρ
2490 3427 2532 3482 d
2555 3442 2584 3484 e
2611 3427 2662 3496 Γ.
2706 3425 2927 3482 Deinde
2959 3427 2998 3482 h
3035 3427 3057 3481 i
3072 3426 3120 3496 ﬂ
3150 3427 3172 3481 ι
3215 3442 3274 3480 m
3303 3440 3345 3480 η
3376 3439 3474 3479 se-

1825 3523 2032 3573 centur
2060 3517 2120 3572 in
2160 3531 2372 3573 novem
2397 3521 2618 3588 partes.
2663 3518 2972 3572 Postremo
3009 3531 3043 3571 0
3075 3521 3121 3586 'p
3146 3532 3182 3587 q
3211 3531 3246 3570 ν
3268 3531 3295 3570 s
3327 3520 3348 3570 t
3387 3530 3475 3570 se-

1825 3611 2034 3662 centur
2055 3605 2117 3659 in
2148 3609 2378 3677 septem
2401 3611 2600 3670 partes
2631 3621 2702 3661 ac
2740 3605 2814 3661 de
2867 3605 3097 3677 integro
3146 3619 3474 3675 coagmen-

1823 3697 2020 3750 tentur
2039 3694 2183 3766 ipsae
2209 3698 2408 3765 partes
2440 3693 2595 3750 facto
2617 3693 2782 3750 initio
2805 3709 2842 3749 a
2872 3692 3206 3766 postremis,
3238 3697 3473 3749 contra-

1821 3780 2476 3838 rioetinversoordine.
2511 3783 2520 3854 Ι
2552 3789 2654 3837 o.t.
2692 3782 2700 3853 |
2731 3798 2846 3852 p.s.
2879 3781 2888 3853 Ι
2931 3798 3051 3851 p.r.
3087 3783 3096 3852 |
3141 3782 3265 3837 Ian.
3303 3781 3312 3853 Ι
3345 3782 3470 3836 21m.

1852 3871 1862 3960 ι
1932 3871 2058 3926 Ιι.ι
2114 3873 2124 3940 |
2182 3885 2313 3926 a.c.
2371 3887 2381 3940 ι
2444 3870 2588 3938 b,d.
2647 3870 2657 3942 Ι
2707 3885 2754 3925 e.
2778 3871 3140 3960 ili—Atque
3167 3869 3253 3924 ita
3280 3868 3472 3960 cubus

1824 3957 2018 4017 sectus
2089 3960 2394 4015 restitutus
2433 3964 2537 4015 est.
2582 3961 2728 4016 Cum
2765 3959 2944 4029 igitur
2977 3965 3232 4023 secatur,
3281 3957 3474 4014 cubus

1823 4050 2132 4121 reperitur,
2147 4053 2353 4104 etcum
2367 4048 2812 4120 componituret
2833 4051 3306 4118 coagmentatur,
3337 4062 3469 4102 rur-

1825 4155 1927 4194 sus
1942 4137 2131 4193 cubus
2143 4137 2452 4209 reperitur.
2477 4139 2547 4192 Ut
2558 4152 2595 4192 a
2609 4136 2641 4191 b
2656 4153 2686 4191 ι·
2697 4137 2739 4191 d
2749 4153 2780 4192 ί·
2789 4139 2818 4207 Γ
2835 4152 2896 4192 se
2924 4135 3108 4192 habet
3119 4135 3196 4191 ad
3216 4137 3255 4193 h
3272 4138 3293 4190 ί
3307 4137 3328 4191 ι
3338 4151 3394 4190 m
3406 4151 3469 4204 η,

1827 4227 1912 4282 sic
1938 4227 1974 4282 h
2003 4228 2027 4281 ί
2051 4227 2089 4282 k
2120 4227 2214 4280 lm
2237 4243 2276 4280 η
2295 4225 2372 4280 ad
2395 4242 2426 4280 0
2447 4226 2479 4280 ὁ
2505 4241 2542 4296 q
2562 4241 2597 4280 ν
2624 4231 2710 4282 st:
2739 4225 2825 4281 sic
2851 4229 2914 4281 ut
2942 4224 3127 4280 altera
3147 4239 3288 4296 pars
3309 4224 3472 4279 alteri

1827 4333 1963 4372 cum
1987 4315 2371 4388 proportione
2395 4315 2663 4370 excellat.
2689 4315 2859 4381 Quod
2873 4315 2921 4369 si
2933 4313 3139 4386 quisin
3154 4314 3358 4385 plures
3382 4329 3470 4369 se-

1775 4398 1782 4426 λ
1826 4407 2051 4459 ctiones
2081 4403 2478 4463 autminores,
2496 4401 3044 4458 observataeadem
3061 4398 3468 4472 proportione,

1826 4492 2051 4548 cubum
2090 4506 2292 4547 secare
2319 4491 2706 4547 incontinuas
2748 4490 3096 4564 superﬁcies
3133 4487 3472 4555 conabitur,

1824 4581 1920 4636 hic
1938 4579 2156 4635 ilsdem
2186 4581 2432 4652 repertis
2457 4598 2470 4647 ;
2494 4581 2697 4652 ipsum
2727 4579 2879 4636 sinet
2917 4595 3046 4634 esse
3085 4577 3330 4634 cubum.

1897 4674 1948 4725 5.
1979 4669 2372 4724 Probavimus
2399 4667 2600 4737 igitur,
2633 4673 2697 4722 ut
2720 4668 3054 4740 oportebat,
3086 4667 3150 4722 in
3179 4666 3336 4722 cubo
3361 4664 3472 4720 du-

1824 4758 2041 4830 plicem
2061 4773 2192 4812 esse
2213 4756 2744 4826 continuationem,
2784 4757 3132 4813 circularem
3170 4769 3376 4818 unam,
3417 4756 3474 4808 et

1825 4847 2076 4903 alteram
2102 4846 2492 4902 hexaedram.
2517 4848 2654 4900 Esto
2679 4845 2856 4914 igitur
2887 4843 3175 4902 naturalis
3213 4842 3311 4897 illa
3335 4856 3472 4914 quae

1825 4942 1916 4992 est
1934 4936 2237 4992 circularis
2263 4939 2320 4991 et
2343 4933 2755 5001 numerabilis,
2781 4939 2842 4990 at
2869 4934 2969 4989 illa
2985 4948 3122 5004 quae
3148 4935 3235 4988 est
3264 4945 3472 4986 secun-

1825 5025 1972 5081 dum
1997 5024 2179 5081 aliam
2207 5025 2468 5093 ﬁguram
2491 5027 2618 5079 esto
2648 5023 3016 5078 continuatio
3045 5023 3474 5090 coagmentata

1823 5119 1880 5170 et
1900 5113 2102 5169 mixta.
2135 5115 2286 5168 Nam
2306 5111 2765 5183 temperationes
2785 5115 2925 5166 sunt
2949 5110 3168 5165 mixtae.
3195 5111 3373 5164 Porro
3402 5105 3469 5161 ﬁ-

1823 5217 1987 5272 gurae
2011 5200 2246 5271 angulis
2296 5199 2560 5271 praeditas
2599 5198 2900 5254 mixtionis
2936 5198 3161 5254 habent
3185 5195 3468 5268 speciem.

1825 5289 2232 5356 Quamobrem
2269 5288 2466 5356 ﬁgura
2503 5286 2733 5358 cubica,
2775 5291 3074 5358 quatenus
3113 5289 3202 5340 est
3232 5283 3468 5354 angulis

1822 5379 2091 5452 praedita,
2125 5377 2436 5432 estmixta.
2463 5375 2630 5440 Quod
2654 5377 2701 5429 si
2726 5376 2863 5447 quis
2879 5374 3040 5430 dicat
3059 5379 3116 5430 et
3143 5373 3259 5429 hoc
3285 5379 3342 5429 et
3361 5372 3471 5428 cir-

1823 5469 2026 5525 culum
2054 5483 2183 5522 esse
2201 5471 2449 5530 naturae,
2473 5465 2730 5536 ideoque
2750 5464 2902 5544 inter
2919 5480 2978 5518 se
3000 5463 3468 5526 communicare,

1821 5574 1944 5614 non
1957 5556 2224 5628 rejiciam
2243 5574 2255 5623 ;
2271 5554 2709 5610 naminnatura
2735 5557 2799 5608 ut
2819 5556 2957 5607 sunt
2977 5556 3228 5619 naturai,
3253 5554 3470 5607 uniun-

1821 5650 1918 5702 tur
1944 5645 2172 5715 omnia,
2210 5640 2731 5716 quemadmodum
2754 5642 2819 5698 in
2843 5640 3064 5698 circulo
3093 5657 3307 5699 omnes
3332 5654 3472 5712 quas
