3932 6326
459 293 594 346 I275

1962 283 2306 344 ADDENDA

3769 289 3873 344 12‘?!

3801 325 3872 346 ﬁt;

481 419 566 468 Δεῖ
637 420 764 488 γοῦν
824 415 958 468 κατά
1013 415 1230 478 τούτους
1278 416 1398 477 τούς
1441 413 1629 487 λόγους
1678 418 1808 466 νοεῖν
1857 412 1934 464 ὅτι
1985 431 2076 464 και
2132 414 2181 468 Α
2239 415 2642 493 εἰκοσιτέσσαρα
2736 426 2982 492 στοιχεῖα
3042 417 3443 492 νομιζέσθωσαν
3520 417 3602 479 ὡς
3664 417 3856 489 inth
3926 412 3927 464 ἔ

480 511 629 559 πᾶσα
676 511 865 580 κρᾶσις
911 505 1066 566 οὕτως
1125 507 1237 577 ἔχει
1298 509 1427 579 πρὸς
1468 509 1563 564 τὴν
1619 507 1773 578 φύσιν
1853 509 2075 577 μερικῶς

480 595 559 648 ὅτι
609 599 769 668 μικτή
807 616 819 628 ·
853 597 883 653 ἠ
933 597 1082 667 φύσις
1111 597 1212 668 γὰρ
1256 599 1460 649 πάντων
1505 600 1896 667 κατηγορεῖται,
1952 598 2076 665 κρᾶ-

483 703 563 745 σις
585 680 644 736 δὲ
664 681 921 746 ἐνοειδοῦς
946 686 1146 757 φύσεως
1176 683 1360 737 αὕποτ’
1398 685 1460 737 ἄν
1510 683 1848 754 κατηγορηθῇ
1887 701 1899 716 ο
1943 681 2075 735 έστω

477 775 580 848 γὰρ
613 770 917 842 ἀδιόριστος
968 775 999 833 ἠ
1026 794 1079 843 α,
1105 771 1452 848 διωρισμένου
1479 770 1537 828 δὲ
1566 793 1626 846 ’γε
1667 774 1696 832 ἢ
1729 770 1765 844 β
1788 792 1820 844 γ
1887 767 1921 826 δ
1986 790 2075 826 και

479 860 553 934 ἐφ’
584 860 696 924 ἑξῆς
719 868 889 914 πᾶσαι
926 882 938 896 ·
978 863 1008 921 ἡ
1040 869 1164 934 γοῦν
1219 859 1526 938 ἀδιόριστος
1586 881 1620 915 α
1676 859 1852 914 οὔποτ’
1905 858 1964 911 ἀν
2008 866 2071 931 τῇ

480 949 518 1024 β
552 970 586 1022 γ
642 947 677 1003 δ
737 947 898 1004 δώσει
944 956 1231 1025 γνώμονας,
1282 951 1438 1006 αὗται
1489 947 1548 1006 δε
1615 951 2076 1023 γνωματεύσουσιν

479 1039 640 1098 αὐτὴν
670 1061 683 1074 ο
733 1046 889 1094 παντὶ
939 1044 1040 1118 γὰρ
1097 1047 1346 1117 σχήματι
1400 1044 1813 1115 γνωματευμένω
1869 1044 1894 1092 ὁ
1947 1044 2076 1112 γνώ-

477 1151 587 1205 μων
605 1134 943 1206 περιέχεταιο
991 1131 1040 1186 ἐν
1080 1132 1220 1205 αὐτῷ
1267 1136 1438 1207 τὲμνει
1477 1134 1578 1206 γὰρ
1647 1150 1737 1184 και
1795 1127 2072 1203 διακρίνει.

477 1220 535 1274 Ἠ
580 1222 736 1294 φύσις
777 1223 881 1294 ἄρα
907 1224 1396 1296 κατηγορηθήσεται
1447 1225 1621 1283 πάσης
1675 1222 1928 1294 κράσεως,
1987 1239 2077 1273 και

479 1306 682 1373 δέξεται
709 1309 915 1364 ἅπαντα
937 1315 1004 1364 τὰ
1039 1314 1175 1366 κατὰ
1229 1319 1418 1388 κρᾶσιν
1471 1313 1776 1365 καθέκοιστα
1819 1329 1910 1362 και
1958 1307 2079 1360 ἀνά-

478 1399 552 1463 ξει
597 1403 727 1475 πρὸς
802 1400 987 1460 ἑαυτὴν
1045 1404 1114 1465 ὡς
1165 1407 1339 1478 μήτηρ
1396 1401 1585 1457 αὐτῶν.
1639 1400 1796 1470 Ἔχει
1850 1402 1940 1471 μὲν
1988 1395 2076 1451 οὖν

474 1497 641 1544 ταῦτα
704 1489 869 1553 οὓτως
927 1511 1018 1544 και
1082 1494 1250 1553 καθὼς
1311 1494 1533 1566 εἴρηται.
1607 1492 1919 1565 Εὑρίσκεται
1993 1483 2074 1554 δε,

477 1577 649 1652 ὥσπερ
678 1580 901 1653 εἰπομεν,
944 1579 992 1632 ἐν
1022 1588 1084 1640 τῆ
1112 1584 1297 1656 κράσει
1325 1601 1415 1634 και
1488 1588 1551 1654 τῇ
1605 1583 1756 1653 φύσει
1811 1599 1899 1631 και
1948 1576 2079 1632 ἄλλα
2134 1563 2175 1618 Β

475 1670 610 1734 τινὰ,
678 1667 714 1720 ἆ
785 1669 902 1722 καθ’
957 1671 995 1722 ἄ
1043 1678 1298 1724 κοινωνεῖν
1365 1674 1630 1743 φαίνονται
1705 1672 1896 1740 ὁμοίως
1987 1687 2076 1720 και

477 1753 898 1829 διαστέλλεσθαι,
921 1757 1055 1813 ὥστε
1083 1768 1176 1813 ποῖ
1199 1762 1289 1831 μὲν
1320 1759 1567 1830 ένοῦνται,
1592 1765 1683 1812 ποῖ
1711 1755 1771 1811 δὲ
1831 1754 2076 1810 διαστέλ-

475 1845 678 1902 λονται.·
704 1851 923 1922 Πότερον
957 1845 1045 1901 οὖν
1099 1850 1277 1924 εὑρέθη
1351 1869 1443 1902 και
1492 1850 1610 1903 καθ’
1667 1850 1836 1921 ἕτερον
1887 1849 2075 1922 τρόπον

476 1936 506 1993 ἡ
540 1943 639 1987 τῶν
664 1937 900 2008 κράσεων
951 1940 1083 2013 πρὸς
1133 1943 1231 1998 τὴν
1283 1939 1438 2012 φῦσιν
1495 1941 1640 1998 κοινὴ
1683 1939 1864 1998 ἔνωσις
1911 1955 2003 1988 και
2041 1937 2072 1994 ἠ

479 2020 594 2077 ἰδία
627 2021 894 2100 διάκρισις
918 2023 1024 2080 οἶον
1054 2029 1118 2089 ὡς
1144 2026 1346 2082 ἐπὶτῶν
1374 2026 1606 2104 ἀριθμῶν
1648 2043 1663 2096 ;
1707 2029 1776 2080 T6
1825 2027 1927 2100 γὰρ
1974 2032 2075 2077 τῶν

476 2112 708 2189 ἀριθμῶν
745 2118 901 2189 χύμα
953 2121 1098 2190 πηγὴ
1149 2116 1405 2190 ἐγγὶστων
1461 2117 1602 2172 ἐστίν
1669 2137 1681 2151 ·
1736 2115 1960 2188 ἔγγιστα
2017 2109 2077 2166 δί

471 2203 614 2256 καλῶ
642 2207 734 2268 τάς
761 2208 972 2281 κράσεις
1001 2227 1090 2260 και
1112 2209 1176 2260 τὰ
1201 2209 1504 2261 καθέκαστα
1531 2228 1543 2241 ·
1594 2205 1822 2278 πηγάζει
1872 2206 1974 2277 γὰρ
2023 2201 2077 2266 ἐξ

471 2291 632 2346 αὐτοῦ
661 2293 728 2347 τά
755 2297 979 2368 ἔγγιστα
1002 2318 1014 2330 ·
1047 2298 1115 2349 τά
1143 2293 1204 2349 δέ
1232 2299 1452 2369 ἔγγιστα
1469 2300 1595 2372 πρὸς
1641 2296 1800 2349 ἑαυτά
1849 2295 2076 2368 συστρέ-

472 2401 653 2455 φονται
707 2403 795 2436 και
853 2381 1210 2461 διακέκρινται
1266 2388 1333 2448 ὡς
1377 2388 1467 2458 μὶν
1542 2384 1597 2438 έκ
1696 2390 1787 2436 τοῦ
1872 2386 2073 2454 γένους,

470 2473 536 2534 ὡς
594 2469 646 2526 δ’
703 2474 931 2529 ένοῦνται
1001 2477 1138 2529 κατὰ
1191 2479 1285 2536 τὴν
1341 2481 1536 2550 φυσική
1596 2476 1669 2538 εἰς
1721 2473 1880 2528 ἐκεῖνο
1957 2471 2075 2526 ἀνα·

468 2566 663 2636 γωγήν.

541 2655 614 2722 ς’.
652 2657 935 2711 Ἐκκείσθω
999 2661 1172 2713 τοίνυν
1219 2659 1279 2710 τὸ
1342 2659 1498 2732 χύμα
1547 2663 1646 2710 τῶν
1695 2653 1949 2732 ἀριθμῶν.
1998 2654 2076 2708 Τὰ

440 2851 477 2894 a
505 2833 984 2892 circumferentia
1001 2835 1064 2892 in
1080 2839 1373 2911 punctum
1387 2834 1896 2894 ducunturlineee.
1923 2831 2092 2890 Intel-

437 2923 751 2994 ligendum
777 2929 868 2982 est
894 2924 1073 2997 igitur
1103 2942 1171 2984 ex
1206 2926 1301 2982 bis
1348 2942 1485 3001 quae
1523 2925 1805 2991 diximus,
1847 2937 2092 2980 omnem

438 3014 932 3087 temperationem
953 3015 1036 3073 ita
1065 3031 1126 3072 se
1165 3015 1388 3073 habere
1426 3015 1506 3073 ad
1543 3018 1847 3084 naturam,
1874 3026 2094 3084 nempe
2136 3024 2176 3080 c

437 3103 888 3176 particulariter,
913 3105 1056 3180 quia
1068 3109 1156 3164 est
1171 3107 1374 3163 mixta.
1394 3108 1542 3164 Nam
1571 3109 1789 3162 natura
1807 3101 1881 3159 de
1904 3101 2096 3159 omni-

437 3192 554 3251 bus
575 3194 808 3252 dicitur.
859 3199 932 3252 At
984 3197 1334 3269 temperatio
1403 3197 1477 3253 de
1515 3199 1732 3252 natura
1777 3208 2095 3265 nunquam

442 3284 720 3341 universe
739 3286 990 3343 dicetur.
1059 3289 1198 3343 Esto
1262 3287 1424 3343 enim
1467 3285 1775 3342 indeﬁnita
1838 3281 2094 3354 superfi-

439 3372 558 3429 cies
596 3388 654 3442 a,
720 3373 981 3431 deﬁnitae
1045 3375 1253 3432 verob
1315 3375 1434 3443 cd,
1495 3378 1652 3430 certe
1722 3372 2096 3429 indeﬁnitaa

437 3476 754 3534 nunquam
785 3462 1308 3534 dabitgnomonas
1334 3463 1592 3520 deﬁnitis
1639 3464 1672 3519 ὁ
1697 3478 1728 3519 c
1749 3463 1808 3518 d.
1829 3465 1926 3518 Hae
1953 3477 2095 3518 vero

438 3549 522 3606 illi
546 3565 884 3621 gnomonas
914 3553 1316 3625 suppeditant.
1336 3556 1484 3610 Nam
1510 3551 1707 3608 omnis
1728 3552 1922 3622 ﬁgura
1951 3565 2097 3620 gno-

443 3656 624 3698 mone
646 3641 900 3714 praedita
957 3656 1326 3713 gnomonem
1356 3643 1418 3699 in
1470 3659 1534 3699 se
1599 3641 1860 3698 continet
1908 3643 2097 3709 ;secat

440 3729 600 3786 enim
654 3733 712 3786 et
772 3729 1080 3802 distinguit
1163 3747 1451 3802 gnomon.
1517 3733 1710 3798 Quare
1772 3734 1989 3787 natura
2019 3729 2094 3786 de

439 3817 605 3875 omni
663 3820 1096 3892 temperatione
1152 3819 1400 3890 dicetur,
1451 3825 1507 3877 ct
1555 3818 1834 3892 suscipiet
1890 3815 2097 3873 omnia

440 3906 775 3964 secundum
808 3909 1304 3982 temperationem
1335 3909 1682 3982 singularia,
1717 3912 1774 3965 et
1791 3904 2097 3964 revocabit

441 3995 521 4052 ad
547 4011 608 4054 se
628 4000 921 4071 tanquam
950 4003 1143 4056 mater
1179 3998 1441 4056 illorum.
1462 4000 1548 4056 Ita
1570 4001 1661 4055 est
1691 3998 1868 4069 igitur
1888 4011 2095 4068 quem-

441 4085 776 4143 admodum
793 4086 1018 4144 dictum
1034 4092 1119 4144 est
1135 4088 1249 4146 Sed
1265 4089 1643 4163 reperiuntur
1658 4088 1859 4154 etiam,
1884 4102 2095 4160 quem-

441 4173 776 4232 admodum
805 4175 1064 4233 diximus
1087 4177 1206 4234 alia
1235 4177 1520 4251 quaedam
1561 4193 1696 4251 quae
1722 4193 1847 4252 qua
1866 4176 2098 4232 ratione

443 4266 896 4322 communicant
923 4267 1074 4323 inter
1097 4283 1158 4323 se
1181 4267 1394 4325 eadem
1425 4268 1605 4324 etiam
1663 4267 1941 4325 videntur
1972 4266 2098 4323 dis-

441 4353 650 4422 tingui.
704 4355 898 4419 Quare
954 4355 1056 4412 illo
1108 4355 1294 4412 modo
1351 4357 1658 4424 uniuntur,
1704 4355 1819 4413 hoc
1895 4359 2097 4412 autem

444 4439 628 4497 modo
657 4441 1127 4512 distinguuntur.
1145 4446 1542 4516 Utrumigitur
1569 4450 1804 4518 reperta
1816 4445 2098 4502 estetiam

445 4529 783 4586 secundum
826 4531 1078 4589 alterum
1133 4536 1385 4592 modum
1429 4535 1769 4591 communis
1813 4535 2096 4608 quaedam

444 4619 942 4692 temperationum
963 4639 1103 4679 cum
1123 4626 1339 4682 natura
1396 4624 1717 4698 copulatio,
1749 4630 1806 4682 et
1853 4626 2097 4700 propria

443 4709 622 4766 etiam
662 4709 961 4769 distinctio
987 4716 1051 4768 ut
1071 4712 1131 4768 in
1157 4714 1425 4771 numeris
1456 4714 1483 4770 ?
1509 4717 1658 4771 Nam
1703 4729 2094 4772 numerorum

441 4796 669 4855 ﬂumen
702 4798 836 4855 fons
865 4804 954 4857 est
995 4801 1410 4874 proximorum
1443 4822 1455 4860 :
1506 4803 1785 4877 proxima
1804 4819 1942 4860 vero
1981 4819 2095 4877 ap-

443 4887 600 4960 pello
631 4891 1091 4962 temperationes
1121 4895 1178 4948 et
1229 4892 1572 4964 singularia.
1617 4896 1911 4950 Numerus
1935 4895 2096 4951 enim

443 4995 512 5036 ex
541 4979 737 5052 seipso
768 4979 1020 5039 effundit
1062 4983 1360 5056 proxima.
1413 4985 1687 5042 Proxima
1741 5001 1885 5041 vero
1908 4985 1969 5042 in
2032 4999 2095 5041 se

440 5067 594 5124 inter
620 5085 682 5125 se
705 5071 1148 5144 reciprocanlur
1175 5076 1232 5130 et
1287 5072 1753 5145 distinguuntur-
1775 5079 1859 5133 Ac
1881 5076 2097 5133 distin-

445 5161 708 5227 guuntur
727 5159 972 5232 quidem
1001 5162 1145 5234 quia
1173 5178 1245 5220 ex
1298 5179 1513 5235 genere
1557 5169 1828 5233 manant,
1885 5169 2097 5226 uniun-

443 5249 696 5304 turvero
725 5250 1061 5308 secundum
1125 5252 1464 5311 naturalem
1519 5253 1596 5311 ad
1651 5254 1801 5312 illud
1848 5272 2095 5316 revoca-

443 5335 694 5395 tionem.

515 5429 564 5480 6.
600 5431 940 5498 Exponatur
980 5430 1158 5500 igitur
1201 5431 1429 5490 ﬂumen
1490 5449 1902 5494 numerorum.
1939 5439 2098 5505 Qua-

442 5519 577 5570 tuor
601 5519 881 5574 autemet
910 5519 1115 5590 viginti
1134 5521 1428 5580 elementa
1475 5524 1592 5582 sint
1653 5525 1802 5582 illud
1845 5527 2096 5587 ﬂumen.

442 5603 807 5675 Reputentur
827 5609 892 5664 ut
934 5607 1186 5667 inﬁnita.
1226 5611 1507 5670 Secentur
1537 5613 1718 5684 igitur
1741 5615 1852 5678 tria
1895 5630 1933 5674 a
1959 5618 1991 5672 b
2045 5632 2096 5674 Ct

2129 4385 2173 4440 D

2239 508 2603 578 Τμηθάτωσαν
2624 515 2750 582 ’γοῦν
2790 511 2857 563 τὰ
2873 513 2998 585 τρία
3023 510 3083 561 τὸ
3110 529 3143 561 α
3174 507 3209 581 β
3237 530 3296 580 ογ,
3350 510 3412 562 Εἰ
3463 510 3562 579 μὲν
3627 504 3726 559 οὖν
3787 528 3856 558 xz-

2240 597 2352 650 θότι
2383 617 2418 649 α
2448 596 2484 669 β
2506 619 2539 669 γ
2569 605 2785 656 κεῖνται.
2825 606 3141 672 χυματικῶς
3167 607 3238 669 τῷ
3281 605 3521 670 φυσικῷ,
3565 617 3672 649 και
3724 597 3854 648 πέλα

2237 693 2337 739 τῶν
2369 685 2601 761 ἀριθμῶν
2629 688 2858 742 ἑνοῡνται
2888 689 3096 762 κυματι
3120 707 3210 741 και
3239 688 3334 740 οὐκ
3391 687 3534 741 εἰσὶν
3565 689 3820 757 ἓ-γτιστοτ
3847 709 3854 717 ·

2239 774 2282 829 εἰ
2313 770 2372 827 δέ
2401 778 2458 828 τὸ
2491 796 2525 828 α
2551 775 2608 849 β,
2639 783 2733 830 ποῖ
2753 780 2844 850 μὲν
2867 778 2926 830 τὸ
2962 797 3014 842 α,
3055 796 3144 829 και
3170 783 3262 830 ποῖ
3306 778 3362 848 τὸ
3424 796 3484 847 7,
3550 794 3659 826 και
3729 770 3858 834 ἀῦθις

2236 866 2296 918 τὸ
2325 885 2359 936 7
2385 871 2479 918 ποῖ
2504 868 2594 938 μὲν
2623 868 2682 919 τὸ
2716 865 2772 940 β,
2807 886 2896 919 και
2927 873 3019 919 ποῖ
3048 868 3106 918 τὸ
3162 886 3213 936 α,
3276 865 3732 938 σχημάτια-θῶσι
3786 883 3858 914 και

2238 951 2501 1008 ἓκκοπῶσι
2525 962 2617 1008 τοῦ
2644 963 2742 1008 τῶν
2799 955 3028 1030 ἀριθμῶν
3077 957 3332 1027 χύματος,
3388 973 3483 1006 και
3544 957 3856 1024 γενήσονται

2237 1048 2488 1118 τρίγωνος
2513 1041 2753 1107 ίπίπεδος
2775 1044 3018 1119 ἀριθμὸς,
3049 1046 3295 1108 ὡσαύτως
3333 1063 3423 1095 και
3483 1045 3556 1094 τά
3631 1045 3858 1112 τέσσαρα

2237 1154 2328 1187 και
2391 1134 2541 1198 ἀλλος
2589 1142 2688 1197 πᾶς
2749 1135 2964 1210 ἀριθμὸς
3019 1137 3210 1189 ὁπόταν
3275 1133 3472 1206 ἐκκοπῇ
3529 1141 3645 1185 τῶν
3698 1130 3854 1183 ἀπλῶι

2237 1244 2328 1277 και
2357 1233 2584 1297 φυσικῶν
2624 1224 2856 1298 ἀριθμῶν
2909 1228 2974 1286 ὡς
3027 1227 3348 1278 καθέκαστόν
3407 1243 3464 1276 τε
3513 1242 3612 1274 και
3674 1227 3857 1295 κρᾶσις

2237 1316 2523 1373 κηθήσεται
2544 1316 2804 1386 ἔγγιστον·
2863 1314 3226 1387 ἀναχθήσεται
3281 1309 3340 1365 δέ
3390 1312 3462 1374 ὠς
3511 1311 3651 1382 ἔχον
3711 1313 3860 1383 pavi-

2241 1399 2341 1466 δας
2370 1403 2442 1466 εἰς
2476 1405 2536 1455 τὸ
2566 1406 2722 1477 χύμα
2764 1412 2863 1456 τῶν
2904 1403 3161 1476 ἀριθμῶν,
3212 1399 3639 1476 διακριθήσεται
3695 1395 3760 1451 δέ
3815 1397 3859 1450 'n

2238 1499 2330 1545 τοῦ
2369 1495 2611 1566 χύματος
2645 1513 2735 1545 και
2773 1493 2830 1546 ἐκ
2876 1500 2977 1546 τῶν
3025 1492 3188 1545 ἄλλων
3247 1492 3544 1564 σχημάτπν
3592 1491 3676 1550 ὡς
3719 1493 3864 1561 στρὲ-

2239 1603 2328 1656 φον
2380 1585 2446 1635 τά
2497 1579 2669 1636 οἰδεῖοι
2711 1585 2758 1635 ἓν
2823 1583 2988 1654 ἑαυτῷ
3028 1587 3158 1657 μέρη
3214 1601 3306 1634 και
3345 1579 3560 1652 ianitor
3617 1580 3860 1652 θάτερον-

2242 1673 2438 1745 θατέρῳ
2497 1672 2613 1726 καθ’
2672 1673 2873 1728 ἓνὼσιν.
2940 1670 3096 1725 Ἐστι
3149 1667 3208 1724 δὲ
3262 1689 3352 1722 και
3402 1675 3518 1728 τοῖς
3584 1665 3862 1738 ἐγγίοτοις

2241 1765 2428 1832 σχέσις
2457 1757 2590 1828 ἰδία,
2619 1761 2795 1814 οὔποτ’
2827 1760 2888 1813 ἂν
2915 1757 2975 1814 δὲ
3012 1779 3147 1814 πασι
3193 1761 3364 1813 πάντα
3414 1757 3654 1810 ένῶσθαι
3699 1761 3864 1828 πέφα-

2237 1869 2342 1919 κεν,
2384 1849 2427 1903 εἰ
2450 1853 2522 1923 μὴ
2557 1849 2624 1911 εἰς
2649 1854 2741 1909 τὴν
2763 1854 2972 1926 πρώτην
3022 1848 3215 1907 ἐκείνην
3271 1851 3506 1919 πηγαίαν
3569 1844 3867 1917 ἀναχθῶσι

2237 1946 2330 1992 τοῦ
2360 1942 2622 2012 χύματος,
2654 1939 2882 1992 ἑνοῦνται
2916 1936 2975 1993 δὲ
3003 1959 3094 1992 και
3137 1946 3359 2012 μερικῶς
3407 1932 3516 1988 οἷον
3578 1937 3610 1992 ἡ
3676 1938 3867 2009 τετρὰς

2239 2027 2312 2090 εἰς
2337 2032 2430 2087 τὴν
2457 2025 2845 2092 ἐξοικαιδεκάδα
2901 2050 2916 2063 ο
2976 2032 3008 2081 ὅ
3054 2030 3155 2100 γὰρ
3213 2027 3285 2089 εἰς
3326 2024 3484 2077 κύϐον
3548 2025 3868 2098 στερεωθεὶς

2239 2115 2460 2193 ἀριθμός
2501 2115 2756 2192 τετράδας
2819 2117 2956 2193 φέρει
3004 2116 3076 2189 ἔφ’
3113 2119 3376 2191 ἑκατέροις
3439 2120 3550 2175 τοῖς
3597 2118 3824 2187 μέρεσιν
3853 2133 3866 2145 ·

2238 2208 2268 2265 ἡ
2319 2209 2467 2282 τριὰς
2515 2207 2582 2269 έίς
2632 2212 2721 2266 τὴν
2761 2210 3041 2282 τριάκοντα
3088 2202 3341 2272 πεντάδα,
3387 2207 3447 2256 τὸ
3489 2205 3594 2278 γὰρ
3660 2205 3870 2261 ταύτης

2239 2292 2525 2349 ἐπίπεδονὸ
2555 2293 2947 2361 πεντεκαίδεκα,
2999 2317 3088 2350 και
3141 2299 3199 2350 τὸ
3245 2291 3558 2366 ὑπιρϐαἶνον
3609 2294 3639 2344 6
3707 2288 3867 2356 δέκα,

2238 2404 2328 2438 και
2354 2389 2412 2438 τὸ
2442 2387 2569 2460 ὑπὲρ
2594 2389 2788 2439 τούτων
2815 2387 2841 2438 6
2873 2385 2947 2454 ἔξ,
2987 2406 3077 2439 και
3131 2389 3188 2438 τὸ
3245 2385 3434 2437 ἄνωθεν
3473 2384 3500 2434 6
3553 2385 3704 2456 τρία,
3774 2400 3868 2431 και

2237 2477 2268 2533 ἠ
2302 2476 2460 2547 μονὰς
2490 2477 2648 2548 ἄκρον
2704 2496 2794 2529 και
2841 2481 3064 2550 κορυφή.
3130 2476 3187 2528 ’0
3231 2478 3319 2548 μὶν
3385 2471 3470 2526 0-}:
3525 2472 3865 2545 τετράγωκς

2238 2563 2308 2626 εἰς
2331 2567 2418 2617 τὸν
2441 2565 2598 2618 κύϐον
2627 2575 2884 2638 σχετικῶς
2936 2566 3120 2639 mea,
3145 2567 3170 2618 6
3231 2562 3290 2618 δί
3331 2568 3588 2638 τρίγωνος
3647 2561 3721 2622 εἷς
3775 2563 3864 2611 τὸν

2237 2651 2650 2729 πυραμοειδῆ,ὀ
2705 2653 2764 2709 δὲ
2818 2654 3065 2719 κυκλικός
3119 2655 3186 2716 εἰς
3237 2658 3324 2708 τὸν
3365 2647 3714 2727 σφαιροειδῆ,
3772 2670 3861 2702 και

2207 2831 2264 2890 Si
2311 2831 2490 2904 igitur
2544 2833 2996 2892 considerentur
3041 2833 3123 2892 ab
3151 2848 3181 2890 c
3232 2837 3298 2890 ut
3349 2831 3555 2905 posita
3616 2829 3774 2886 sicut
3821 2828 3878 2884 in

2205 2921 2369 2979 ﬂuxa
2420 2922 2521 2980 illa
2574 2923 3040 2990 continuatione,
3096 2922 3387 2979 uniuntur
3429 2918 3798 2978 naturaliter
3828 2922 3878 2972 et

2204 3027 2412 3068 rursus
2443 3013 2520 3070 ad
2549 3028 2944 3070 numerorum
2987 3013 3212 3069 ﬂumen
3270 3015 3655 3072 revocantur,
3686 3013 3746 3064 et
3759 3022 3876 3063 non

2204 3107 2346 3158 sunt
2371 3102 2717 3176 proximum
2755 3103 2922 3176 quid.
2983 3104 3056 3159 At
3117 3102 3167 3160 si
3219 3117 3256 3158 a
3291 3102 3704 3174 assumpserit
3750 3117 3874 3172 par-

2205 3192 2311 3248 tim
2347 3192 2380 3248 b
2435 3197 2651 3265 partim
2706 3193 2886 3250 etiam
2937 3209 2988 3260 c,
3031 3197 3087 3250 et
3142 3211 3348 3250 rursus
3392 3193 3444 3248 si
3483 3209 3514 3249 ι·
3580 3211 3867 3266 assump-

2205 3282 2344 3338 serit
2362 3283 2581 3355 partim
2609 3281 2855 3354 quidem
2900 3285 2951 3348 ὁ,
2977 3284 3200 3356 partim
3238 3283 3419 3340 etiam
3458 3298 3496 3340 α
3546 3289 3738 3357 atque
3765 3285 3873 3340 hoc

2203 3371 2386 3428 modo
2408 3372 2470 3428 in
2522 3372 2783 3442 ﬁguram
2833 3373 3183 3444 redigantur
3223 3378 3280 3430 et
3329 3373 3748 3444 decerpantur
3803 3374 3871 3429 de

2203 3477 2599 3518 numerorum
2652 3463 2901 3534 perenni
2980 3463 3249 3530 ﬂumine,
3302 3469 3478 3519 erunt
3527 3463 3866 3533 triangulus

2200 3551 2420 3624 planus
2467 3567 2772 3608 numerus.
2825 3552 3048 3608 Eodem
3086 3552 3270 3609 modo
3327 3555 3601 3625 quatuor
3660 3557 3722 3609 et
3773 3553 3868 3624 qui

2202 3639 2350 3698 libet
2400 3640 2552 3697 alius
2597 3657 2888 3697 numerus
2941 3658 3080 3697 cum
3134 3641 3370 3697 excisus
3411 3641 3599 3697 fuerit
3657 3641 3740 3698 ab
3771 3644 3863 3698 ab-

2203 3729 2412 3786 solutis
2437 3734 2492 3786 et
2525 3730 2905 3787 naturalibus
2943 3731 3234 3799 numeris,
3277 3730 3690 3803 appellabitur
3741 3747 3862 3804 pro-

2201 3820 2436 3876 ximum
2457 3820 2930 3894 quid,nimirum
2969 3820 3270 3892 singulare
3321 3826 3379 3877 et
3425 3824 3858 3894 temperatione

2202 3911 2540 3984 praeditum.
2583 3912 2974 3968 Hevocabitur
3022 3917 3223 3968 autem
3251 3911 3329 3968 ad
3358 3911 3598 3968 ﬂumen
3655 3929 3862 3969 nume-

2201 4016 2409 4057 rorum
2435 4016 2506 4057 eo
2530 4000 2696 4074 quod
2712 4000 2932 4058 habeat
2969 4001 3244 4069 unitates,
3280 3999 3389 4057 sed
3416 4007 3774 4059 secernetur
3792 4003 3861 4059 ab

2203 4089 2337 4162 ipso
2357 4090 2605 4148 ﬂumine
2653 4094 2710 4146 et
2769 4090 2846 4146 ab
2908 4090 3039 4147 aliis
3103 4089 3311 4162 ﬁguris
3372 4094 3439 4145 ut
3501 4106 3655 4147 suas
3689 4092 3753 4149 in
3785 4110 3865 4148 se-

2204 4181 2337 4254 ipos
2372 4184 2569 4254 partes
2633 4183 2886 4249 vertens,
2937 4185 2994 4236 et
3058 4179 3174 4236 hac
3232 4179 3625 4252 copulatione
3681 4198 3862 4238 unam

2205 4275 2440 4345 partem
2489 4270 2657 4328 alteri
2712 4270 3068 4342 adjungens.
3120 4273 3219 4327 Est
3295 4275 3497 4327 autem
3573 4273 3864 4344 proximis

2207 4377 2317 4418 sua
2355 4360 2766 4417 conveneintia
2785 4361 3048 4432 propria.
3091 4363 3294 4432 Neque
3323 4359 3606 4416 omnium
3666 4378 3864 4418 rerum

2205 4456 2421 4508 natura
2449 4450 2558 4507 fert
2585 4454 2648 4506 ut
2667 4451 2900 4524 possint
2923 4465 3062 4506 cum
3091 4449 3376 4506 omnibus
3395 4449 3678 4523 copulari
3713 4471 3729 4508 :
3756 4451 3864 4508 nisi

2208 4539 2288 4597 ad
2311 4540 2574 4613 primum
2603 4537 2771 4594 illum
2799 4553 3126 4610 perennem
3156 4537 3423 4594 ﬂuminis
3439 4538 3678 4598 fontem
3703 4557 3864 4597 revo-

2205 4635 2432 4686 centur.
2471 4631 2542 4685 At
2579 4628 2866 4684 uniuntur
2901 4627 3080 4684 etiam
3117 4627 3571 4701 particulariter.
3615 4632 3690 4687 Ut
3721 4646 3860 4703 qua-

2201 4718 2496 4776 ternarius
2525 4719 2586 4775 in
2623 4733 2728 4774 sex
2765 4716 3081 4774 denarium
3119 4718 3444 4790 propagari
3482 4722 3712 4791 potest,
3745 4737 3860 4777 rur-

2205 4825 2306 4865 sus
2331 4809 2392 4864 in
2435 4807 2678 4863 cubum.
2707 4810 2854 4864 Nam
2908 4822 3198 4863 numerus
3229 4821 3303 4862 ex
3331 4810 3732 4880 quaternario
3771 4825 3856 4865 so-

2203 4897 2320 4955 lide
2345 4900 2697 4970 compactus
2721 4895 2784 4952 in
2813 4895 3063 4966 cubum,
3113 4897 3526 4968 quaternarios
3587 4897 3855 4956 habetin

2205 4987 2328 5044 suis
2348 4987 2625 5060 utrinque
2653 4985 2946 5059 partibus.
2999 4984 3316 5042 Ternarius
3373 4985 3516 5042 item
3573 4987 3644 5044 in
3689 4992 3854 5062 quin-

2205 5092 2323 5150 que
2344 5075 2667 5149 propagari
2689 5079 2908 5148 potest,
2956 5089 3102 5132 nam
3153 5074 3331 5147 hujus
3391 5075 3618 5148 planus
3660 5096 3858 5138 nume.

2205 5182 2307 5222 rus
2341 5169 2428 5222 est
2467 5169 2530 5220 15
2570 5179 2858 5221 numerus
2909 5182 2922 5221 :
2959 5164 3064 5236 qui
3117 5164 3388 5236 superior
3417 5165 3512 5221 his
3536 5172 3632 5224 est
3686 5170 3858 5227 dena-

2205 5256 2328 5312 rius
2363 5254 2496 5321 ;his
2525 5253 2708 5310 etiam
2734 5253 3005 5326 superior
3055 5257 3143 5311 est
3195 5254 3464 5312 senarius
3500 5273 3859 5332 :supremus

2206 5344 2524 5412 ternarius,
2567 5343 2762 5400 unitas
2818 5358 2955 5400 vero
2995 5347 3082 5401 est
3146 5360 3438 5402 cacumen
3459 5351 3518 5403 et
3555 5346 3857 5422 fastigium

2209 5435 2549 5502 Quadratus
2587 5433 2766 5505 igitur
2793 5435 2855 5490 in
2879 5433 3104 5490 cubum
3159 5433 3402 5491 uniatur
3427 5441 3681 5510 propter
3700 5440 3857 5497 habi-

2207 5525 2479 5582 tudinem
2510 5568 2526 5595 ,
2557 5523 2891 5595 triangulus
2939 5540 3078 5581 vero
3107 5524 3170 5581 in
3211 5525 3548 5598 pyramidis
3607 5529 3854 5586 similem

2206 5629 2548 5684 numerum,
2577 5613 2883 5673 circularis
2933 5629 3076 5672 vero
3115 5615 3488 5673 numerusin
3519 5617 3854 5689 sphaeraesio
