3932 6326
115 341 270 413 4281

1058 357 1415 416 THEODORI
1446 357 1514 413 11.
1548 357 1640 414 DE
1672 338 2136 414 dOitiiUNIoNE
2162 346 2538 416 NATURALI.

3376 346 3514 419 1282

157 473 348 538 συνέϐη
367 483 460 533 καὶ
484 481 702 542 ταύταις
727 485 911 552 οχίσις
940 499 994 534 τε
1021 485 1111 533 καὶ
1165 478 1466 542 διάστασις.
1527 484 1753 554 Πότερον
1814 497 1860 560 Α
1915 499 2003 532 και
2071 491 2350 554 πανταχοῦ
2410 501 2500 534 και
2573 483 2680 554 οὐχ
2726 485 2791 544 ὡς
2853 487 3041 556 μερικη
3093 491 3344 559 μερικοίς,
3403 485 3514 538 ἀλλ’

156 567 248 621 οὖν
288 568 334 620 ἓν
374 577 446 640 τῷ
498 571 691 631 ταύτας
746 569 1055 642 μερίζεσθαι
1114 570 1418 629 συνεισῆλθε
1462 578 1524 643 τῇ
1588 569 1756 621 αὐτῶν

159 655 420 734 διαιρέσει
445 661 504 709 16
537 657 732 729 ἀγαθόν
779 678 868 710 και
908 662 966 710 τὸ
997 664 1292 733 χείριστον,
1324 663 1382 711 τὸ
1432 663 1613 730 μικτόν
1666 678 1757 710 και

155 747 218 796 1'6
292 741 606 812 στασιῶδες,
693 753 909 798 κακεῖνα
981 751 1040 799 1'6
1090 747 1351 799 ποικίλλον
1426 748 1752 818 εἰσήγαγον;

155 835 422 904 πεφύκασι
474 836 575 906 γὰρ
632 833 911 886 ποικίλλειν
966 839 1030 887 τὰ
1082 840 1218 906 μέσα
1273 837 1329 887 αἱ
1389 834 1752 899 ἐναντιότητες,

157 924 335 996 ὥσπερ
374 943 464 975 και
507 922 591 976 ἐπὶ
615 933 714 975 τῶν
743 927 1056 996 σχημάτων.
1083 924 1141 978 Ἡ
1171 928 1271 998 γὰρ
1330 922 1612 986 διάστασις
1655 935 1754 978 τῶν

160 1013 308 1064 θείων
367 1032 457 1064 και
505 1032 604 1064 των
669 1011 998 1087 ἀνθρωπίνων
1053 1011 1188 1066 οὖσα
1240 1013 1424 1077 πολλὴ,
1481 1015 1644 1072 αὐτην
1697 1012 1756 1067 δε

157 1096 340 1158 ἐπειδὴ
432 1095 528 1152 διὰ
603 1105 767 1172 μέσου
819 1105 954 1162 τινὸς
991 1102 1322 1175 ἁρμοσθῆναι
1401 1105 1466 1163 ὡς
1518 1105 1756 1156 ὁπωσοῦν

158 1187 357 1264 ἀρχὴν,
407 1193 466 1242 16
517 1194 675 1262 μέσον
731 1193 926 1242 τούτων
975 1191 1078 1254 ἕξις
1129 1190 1384 1245 ἐποίκιλλε
1433 1202 1758 1268 τετραμερῶς

156 1297 251 1330 και
286 1275 588 1350 πολυμερῶς
631 1299 643 1311 ·
692 1280 722 1336 ἡ
777 1282 878 1353 γὰρ
903 1287 996 1330 τοῦ
1030 1283 1264 1332 τοιούτου
1310 1285 1526 1356 στέρησι
1556 1280 1757 1353 ἀγαθοῦ

156 1371 255 1424 τὴν
284 1366 384 1428 ἕξιν
422 1369 612 1440 ἔφερεν,
644 1368 778 1425 αὔτη
844 1363 904 1420 δε
946 1373 1040 1426 τὴν
1101 1369 1383 1439 ποικιλίαν,
1432 1373 1489 1422 16
1522 1371 1756 1422 ποικιλον

155 1457 225 1506 1'61
253 1459 533 1527 σχήματα,
585 1460 676 1508 καὶ
722 1463 889 1508 ταῦτα
938 1462 1032 1514 τὴν
1084 1459 1286 1525 ἕνωσιν,
1337 1461 1471 1511 ὥστε
1524 1456 1618 1512 διὰ
1663 1468 1757 1513 τοῦ

156 1546 324 1614 μέσου
362 1563 416 1596 τε
438 1548 529 1596 καὶ
553 1543 791 1596 ποικίλου
825 1547 892 1597 τὰ
926 1541 1186 1598 διεστῶτα
1242 1547 1587 1605 συνήλθοσαν,
1650 1556 1758 1611 Τῆς

155 1635 250 1703 μὲν
302 1629 389 1684 οὖν
454 1632 714 1693 ποικιλίας
764 1637 959 1686 τούτων
1014 1640 1104 1687 καὶ
1156 1644 1253 1695 τῆς
1308 1635 1531 1698 ἐνώσεως
1575 1637 1757 1712 ἐτέρων

151 1719 319 1792 λόγων
359 1721 502 1793 λόγοι
554 1725 744 1793 ἔχουσι
828 1726 924 1780 τήν
1012 1720 1302 1794 ἀπόδειξιν,

150 1811 389 1882 κράσεων
414 1811 440 1861 ό
461 1819 549 1862 νῦν
575 1815 771 1872 σκοπὸς
796 1809 1131 1886 ἐφαρμόὸιος.

1387 1731 1505 1800 περὶ
1547 1723 1606 1778 δὲ
1656 1735 1757 1778 τῶν

225 1986 302 2060 β’.
361 1993 643 2062 Διῄρηνται
696 1996 824 2060 γοῦν
889 1992 945 2041 αἱ
986 1991 1197 2064 κράσεις
1249 1989 1349 2042 ἀπο
1402 1999 1495 2052 τῆς
1559 1994 1757 2064 φύσεως

144 2084 226 2148 τῷ
282 2083 458 2150 τρόπῳ
526 2078 582 2130 ὃν
621 2083 744 2151 πρὶν
796 2081 1024 2150 εἴπομεν,
1079 2080 1235 2132 αὗται
1287 2076 1348 2132 δε
1393 2085 1757 2153 μεμονωμένως

146 2165 349 2238 οἰμῶσι
399 2185 490 2218 και
545 2171 840 2239 μίγνυνται.
893 2171 1190 2241 Θεωρητέον
1245 2175 1372 2239 γοῦν
1426 2168 1586 2230 αὐτὰς
1639 2170 1756 2222 καθ’

147 2253 316 2317 αὐτὰς
347 2255 484 2317 ὅπως
510 2254 616 2308 εἰσί
652 2275 707 2308 τε
758 2275 849 2307 και
879 2264 1208 2312 κοινωνοῦσι.
1271 2263 1436 2310 Τοῦτο
1485 2254 1546 2310 δι
1597 2258 1758 2320 οὕτως

149 2341 215 2396 ἂν
245 2345 425 2418 εὑρεθῇ
460 2363 475 2377 -
511 2342 881 2406 ἕξετασθέντων
935 2353 1034 2397 τῶν
1087 2350 1370 2417 στοιχείων
1424 2365 1480 2398 τε
1530 2366 1620 2398 και
1668 2356 1759 2408 τῆς

153 2436 375 2506 φύσεως,
405 2453 497 2486 και
524 2435 556 2493 ἡ
584 2436 675 2507 μεν
700 2431 789 2486 οὖν
832 2437 994 2507 φύσις
1027 2440 1174 2495 κοινὴ
1230 2442 1364 2488 πᾶσι
1411 2457 1502 2488 και
1553 2439 1757 2490 πάντων

152 2531 526 2597 κατηγορεῖται
590 2542 682 2575 και
735 2527 1142 2596 γνωματεύεται,
1225 2545 1314 2577 και
1371 2529 1577 2599 κέντρον
1632 2546 1758 2579 παν-

154 2617 362 2683 ταχόσε
391 2613 687 2685 εὑρίσκεται
723 2632 813 2664 και
843 2611 987 2688 ἁρχὴ
1042 2633 1132 2665 και
1184 2618 1355 2686 πηγὴ,
1411 2634 1500 2666 και
1539 2635 1619 2666 τοι
1667 2635 1756 2667 και

153 2719 257 2753 των
285 2702 455 2775 ἄκρων
486 2700 576 2759 ὅλη
610 2698 788 2754 διόλου
815 2699 930 2754 ἐστί
950 2720 1040 2753 και
1090 2709 1191 2753 τῶν
1229 2707 1530 2775 μεσοτήτων
1565 2703 1758 2775 ὁμοίως

128 2919 293 2982 sunt,
323 2913 622 2972 interdum
636 2916 818 2973 etiam
840 2918 1226 2988 conveniunt,
1271 2934 1344 2974 ex
1368 2934 1440 2974 eo
1469 2919 1537 2974 ﬁt
1563 2925 1626 2976 ut
1649 2935 1784 2976 con-

125 3003 484 3060 venientiam
498 3021 568 3062 ac
580 3005 924 3062 distantiam
937 3007 1050 3063 illis
1064 3007 1334 3065 accidere
1348 3008 1594 3065 animad
1602 3015 1788 3066 verta-

128 3109 293 3148 mus.
319 3095 717 3165 Utrumigitur
732 3111 873 3151 cum
899 3096 1328 3166 dividerentur,
1343 3113 1464 3154 una
1483 3115 1622 3154 cum
1638 3099 1788 3154 divi-
1821 3135 1862 3188 ο

129 3181 304 3236 sione
325 3183 594 3254 ipsarum
605 3183 1144 3255 irrepseritbonum
1157 3192 1213 3241 et
1228 3186 1468 3258 malum,
1516 3187 1789 3258 proclivi-

131 3275 226 3324 tas
255 3271 334 3326 ad
368 3271 732 3338 mistionem,
766 3278 822 3329 et
847 3273 1187 3344 proclivitas
1219 3275 1299 3330 ad
1360 3276 1786 3345 secessionem,

131 3363 221 3418 ita
248 3366 312 3416 ut
338 3361 688 3418 varietatem
717 3361 1061 3418 induxerint
1097 3365 1125 3419 ‘I
1163 3367 1311 3419 Nam
1343 3366 1791 3422 contrarietates

134 3450 335 3506 solent
357 3450 727 3506 intermediis
764 3453 1116 3508 varietatem
1143 3452 1375 3521 afferre,
1418 3459 1483 3509 ut
1525 3455 1706 3510 etiam
1728 3455 1795 3510 ﬁt

129 3539 195 3595 in
227 3538 456 3608 ﬁguris,
490 3539 637 3595 Cum
659 3539 820 3595 enim
836 3540 1488 3613 distantiapositionum
1524 3550 1578 3598 et
1596 3559 1795 3599 rerum

129 3629 548 3684 humanarum
583 3629 743 3700 (quae
767 3644 996 3698 magna
1017 3629 1125 3702 est)
1147 3630 1502 3687 intermedio
1526 3633 1796 3703 quodam

133 3720 298 3774 esset
322 3715 665 3788 copulanda
705 3733 718 3771 :
769 3717 990 3773 harum
1040 3717 1393 3774 intermedio
1452 3723 1797 3776 varietatem

132 3804 599 3879 quadruplicem
636 3804 912 3878 adeoque
938 3805 1330 3878 multiplicem
1363 3807 1798 3865 habilitascon-

135 3893 375 3950 ciliavit.
410 3896 562 3949 Nam
600 3893 733 3949 talis
761 3893 908 3949 boni
945 3894 1204 3966 privatio
1241 3895 1618 3952 habilitatem
1648 3901 1799 3952 attu-

133 3983 223 4047 lit,
253 3981 533 4038 habilitas
566 3998 705 4038 vero
718 3983 1067 4038 varietatem
1093 4001 1110 4054 ;
1142 3983 1399 4039 varietas
1423 3983 1799 4059 autem‘ﬁgu-

134 4088 267 4141 ras,
282 4075 338 4126 et
351 4069 561 4140 ﬁgurae
574 4069 1040 4143 copulationem.
1059 4071 1462 4136 Quamobrem
1488 4089 1625 4144 quae
1649 4074 1801 4128 inter

139 4176 206 4216 se
247 4159 504 4216 multum
519 4158 842 4227 distabant,
860 4159 1256 4215 intercedente
1297 4159 1715 4232 aliquomedio
1745 4166 1802 4217 et

136 4249 311 4305 vario
331 4263 684 4304 convenere.
713 4249 990 4304 Rationes
1018 4253 1219 4304 autem
1236 4249 1539 4305 varietatis
1580 4249 1800 4305 horum

140 4343 200 4394 et
239 4336 633 4409 copulationis
660 4336 777 4392 alio
829 4336 892 4392 in
941 4336 1074 4393 loco
1131 4336 1386 4409 aliisque
1427 4338 1798 4406 argumentis

139 4425 649 4481 demonstrantur.
698 4427 866 4480 Nunc
921 4440 1063 4480 vero
1135 4425 1503 4482 tractationis
1526 4427 1675 4481 ordo
1708 4443 1799 4482 re-

138 4513 419 4587 quiritut,
450 4512 973 4586 quemadmodum
987 4515 1363 4586 propositum
1387 4515 1689 4578 estnobis,
1724 4515 1798 4571 de

142 4603 681 4675 temperationibus
708 4603 1004 4660 dicamus.

217 4785 279 4836 2.
315 4781 616 4836 Dictinctte
634 4785 773 4836 sunt
807 4780 986 4850 igitur
1006 4780 1464 4852 temperationes
1497 4797 1534 4837 a
1585 4784 1802 4837 natura

147 4870 338 4926 modo
366 4886 552 4943 quem
582 4875 718 4926 ante
732 4869 1010 4926 diximus.
1030 4875 1181 4942 Ipsae
1195 4875 1394 4925 autem
1410 4869 1686 4926 solitariae
1708 4870 1800 4926 in-

147 4961 348 5017 ferunt
384 4976 446 5016 se
474 4963 531 5016 et
572 4961 917 5017 miscentur.
972 4961 1118 5017 Sunt
1169 4959 1347 5030 igitur
1405 4959 1551 5032 ipsae
1590 4975 1697 5032 per
1736 4974 1800 5016 se

148 5065 430 5105 seorsum
443 5049 895 5105 considerandae
911 5064 1032 5122 quo
1051 5048 1233 5105 modo
1244 5047 1531 5104 exsistant
1545 5053 1602 5104 et
1623 5063 1804 5121 copu-

145 5139 364 5194 lentur.
395 5139 513 5194 Hoc
554 5143 755 5194 autem
785 5138 1033 5194 inveniri
1062 5137 1277 5209 poterit
1332 5136 1381 5191 si
1424 5134 1716 5193 elementa
1744 5141 1803 5193 et

146 5233 438 5285 naturam
465 5229 818 5301 perscrutati
847 5227 1156 5283 fuerimus.
1197 5235 1278 5282 Ac
1307 5230 1522 5282 natura
1555 5227 1802 5300 quidem

148 5318 553 5392 communiter
579 5324 635 5374 et
663 5317 738 5373 de
749 5317 1031 5374 omnibus
1043 5316 1275 5382 dicitur,
1292 5321 1347 5371 et
1366 5317 1539 5387 quasi
1554 5330 1801 5386 gnomo-

148 5406 333 5463 nibus
363 5406 771 5463 circumdatur
780 5412 836 5462 et
848 5406 1252 5478 undequaque
1266 5411 1536 5460 centrum
1576 5420 1703 5461 esse
1715 5418 1804 5461 re-

151 5493 399 5567 peritur,
433 5494 796 5567 principium
819 5500 874 5551 et
893 5493 1048 5563 fons,
1077 5493 1209 5548 licet
1247 5492 1418 5548 etiam
1450 5496 1573 5549 tota
1588 5507 1695 5565 per
1711 5496 1806 5549 to-

154 5589 251 5642 ων
276 5584 696 5653 extremitates,
729 5583 1068 5640 medietates
1081 5595 1414 5654 omnesque
1426 5580 1579 5637 adeo
1604 5587 1806 5654 partes

228 5669 342 5727 dit!
346 5672 557 5741 undat,
572 5672 768 5745 neque
783 5676 848 5729 ut
860 5669 1234 5745 particularis
1251 5683 1390 5745 cum
1432 5668 1807 5742 particulari-

1918 572 1988 630 ὡς
2011 571 2214 622 πάντων
2239 576 2409 636 κοινὴ,
2441 574 2495 623 αἱ
2544 569 2604 624 δὲ
2653 571 2864 644 κράσεις
2911 571 2962 623 ἐν
3014 579 3104 644 μὲν
3156 581 3220 646 τῇ
3262 577 3413 646 φύσει
3450 577 3516 636 ὡς

1915 677 2006 709 και
2034 662 2386 731 τὰστοιχεῖα,
2443 659 2567 713 ἐπὰν
2635 657 2696 712 δὲ
2741 661 3056 713 ποικιλθῶσι
3105 662 3307 736 ῥέποιεν
3363 663 3436 726 εἰς
3489 665 3516 716 ὅ

1915 751 2207 819 πεφύκασιν
2265 748 2481 815 ἑκάστη,
2551 751 2721 809 καθὼς
2768 755 3094 824 προείρηται.
3145 752 3268 804 Εἰσί
3315 748 3375 804 δὲ
3426 771 3518 805 και

1915 839 2125 910 κράσεις
2153 841 2224 908 μὴ
2258 837 2452 906 ὑλικαί,
2509 839 2695 899 αἰτινες
2722 842 2859 891 κατὰ
2881 842 2968 890 τὸν
3007 839 3163 891 αὐτὸν
3224 839 3374 910 λόγον
3425 855 3517 893 και

1917 925 2070 978 αὐταί
2098 934 2404 978 κοινωνοῦσι
2457 935 2555 989 τῆς
2609 931 2806 998 φύσεως
2839 949 2851 961 ·
2886 928 2930 980 εἰ
2971 931 3070 1001 γὰρ
3098 947 3190 980 και
3235 929 3388 981 αὗται
3439 935 3511 1002 μὴ

1917 1015 2112 1082 ύλικαί,
2171 1015 2279 1067 ἀλλ’
2335 1012 2422 1067 οὖν
2478 1017 2558 1068 ὅτι
2615 1019 2825 1089 κράσεις
2871 1022 3076 1089 μικταί,
3125 1021 3298 1080 καθὼς
3343 1017 3391 1069 ἐν
3442 1026 3516 1090 τῷ

1916 1109 2146 1177 προτέρῳ
2187 1107 2390 1179 εἴρηται
2425 1105 2560 1177 λόγῳ
2602 1128 2615 1138 ·
2675 1107 2782 1158 οἷον
2830 1108 2900 1168 ὡς
2961 1107 3047 1159 ἐπί
3102 1114 3202 1158 τῶν
3248 1115 3516 1179 μουσικῶν

1918 1193 2196 1266 ἁρμονιῶν,
2249 1193 2333 1246 ἐπί
2379 1203 2476 1246 τῶν
2526 1211 2819 1266 σχημάτων
2869 1203 2969 1246 τῶν
3023 1204 3239 1266 νοητῶν,
3290 1195 3376 1248 ἐπί
3414 1204 3516 1248 τῶν

1920 1286 2154 1354 σχέσεων
2204 1290 2305 1333 τῶν
2374 1301 2430 1334 τε
2505 1282 2863 1355 ἀριθμητικῶν
2913 1303 3001 1335 και
3059 1292 3159 1335 τῶν
3227 1284 3390 1336 ἄλλων
3446 1285 3514 1337 ὧν

1918 1375 2144 1444 εἴπομεν.
2207 1373 2273 1423 Αἱ
2303 1367 2354 1423 δ’
2407 1370 2582 1423 ὑλικαί
2633 1373 2845 1443 κράσεις
2901 1391 2992 1424 και
3039 1371 3195 1425 αὗται
3242 1381 3305 1445 τῇ
3361 1375 3518 1448 ὁμοίᾳ

1917 1460 2061 1523 τάξει
2103 1467 2408 1512 κοινωνοῦσι
2460 1468 2555 1521 τῆς
2601 1463 2798 1530 φύσεως
2845 1479 2936 1512 και
2973 1461 3293 1536 μερίζονται,
3355 1464 3422 1515 τὰ
3456 1460 3517 1515 δι

1921 1557 2167 1621 στοιχεῖα
2220 1549 2315 1602 οὐκ
2372 1547 2570 1620 ἀλόγως
2624 1556 2957 1602 κοινωνοῦσιν
3009 1549 3192 1613 αὐτῆς,
3253 1571 3344 1604 και
3385 1555 3517 1625 πρὸς

1919 1638 2077 1690 ἑαυτὰ
2111 1642 2258 1709 πηγὴ
2305 1641 2445 1703 ὄντα,
2511 1656 2602 1689 και
2629 1657 2712 1690 τοι
2758 1646 2857 1689 τῶν
2908 1641 3162 1712 κράσεων,
3223 1637 3351 1692 ἀλλὰ
3395 1639 3514 1692 καθ’

1919 1726 2232 1799 ἁρμονικοὺς
2298 1725 2484 1798 λόγους
2562 1723 2926 1794 διπλασίονας,
2999 1727 3274 1798 ἡμιολίους
3315 1747 3371 1780 τε
3427 1749 3517 1781 και

1919 1814 2212 1890 ἐπιτρίτους
2252 1836 2264 1848 ·
2297 1818 2468 1867 πάντα
2522 1818 2626 1888 γὰρ
2669 1817 2736 1867 161
2781 1816 2898 1867 καθ’
2938 1817 3073 1867 αὐτὰ
3124 1817 3380 1888 ἡνωμένα,
3427 1836 3520 1870 και

1917 1909 1990 1976 μὴ
2049 1901 2101 1956 δ’
2165 1902 2349 1972 ἄλλων,
2416 1903 2667 1962 κυκλικὴν
2717 1908 2813 1962 την
2870 1909 3173 1980 συστροφὴν
3230 1907 3448 1976 ἔχουσιν
3501 1925 3516 1938 ·

1918 1996 2140 2051 ἧνωνται
2190 1996 2292 2068 γὰρ
2326 2011 2418 2045 και
2469 1995 2535 2044 τὰ
2586 2000 2679 2044 τῶν
2736 1993 2991 2064 σωμάτων
3042 1996 3174 2066 μέρη
3223 2013 3315 2054 και
3365 1993 3517 2065 μέλη,

1916 2083 1983 2134 τά
2008 2099 2064 2134 τε
2112 2089 2212 2133 τῶν
2243 2080 2468 2152 ἀψύχων
2514 2100 2605 2132 και
2637 2089 2737 2131 τῶν
2785 2079 3066 2152 ἐμψύχων,
3122 2079 3230 2132 ἀλλ’
3280 2080 3341 2133 ού
3397 2082 3517 2134 καθ’

1919 2169 2054 2222 αύτά
2089 2173 2215 2244 πρὸς
2262 2169 2396 2221 αὐτὰ
2443 2168 2536 2220 ὅλα
2590 2175 2696 2229 τοῖς
2739 2168 2878 2230 ὅλοις
2923 2170 3104 2221 ἕνωσιν
3153 2172 3364 2241 ἔχουσι,
3427 2166 3521 2222 διὰ

1917 2267 2018 2312 τῶν
2072 2263 2242 2331 μέσων
2291 2255 2351 2311 δὲ
2399 2257 2634 2310 ἑνοῦνται
2683 2259 2752 2309 τὰ
2805 2259 3150 2333 παρεκάτερα,
3209 2259 3240 2316 ἡ
3308 2255 3367 2310 δὲ
3418 2266 3521 2310 τῶν

1921 2352 2202 2420 στοιχείων
2255 2349 2436 2407 ἑνωσις
2471 2346 2530 2398 ού
2560 2349 2802 2414 τοιαύτη,
2844 2345 2952 2398 ἀλλ’
2983 2346 3072 2405 ὅλη
3113 2353 3218 2407 τοῖς
3255 2345 3389 2407 ὅλοις
3444 2343 3519 2398 δι’

1919 2436 2044 2489 ὅλων
2073 2455 2164 2489 και
2189 2436 2284 2488 οὐκ
2334 2435 2386 2487 ἐν
2439 2438 2584 2507 μέσῳ
2632 2443 2799 2489 τινῶν.
2845 2434 3002 2488 Ἐστι
3041 2431 3102 2488 δε
3153 2454 3242 2487 και
3269 2434 3416 2497 τάξις
3470 2437 3522 2487 ἓν

1919 2525 2091 2586 αὐτοῖς
2132 2527 2267 2576 κατά
2304 2544 2358 2576 τε
2407 2527 2464 2577 τὸ
2512 2524 2618 2575 ἄνω
2670 2543 2761 2574 και
2800 2526 2860 2575 τὸ
2899 2525 3063 2592 κάτω,
3121 2527 3180 2575 τὸ
3224 2523 3413 2595 μᾶλλόν
3466 2543 3521 2576 τε

1917 2634 2004 2666 και
2050 2618 2109 2665 1'6
2141 2613 2314 2684 ἧττον,
2347 2616 2406 2664 16
2433 2616 2618 2678 ποσὸν,
2655 2615 2714 2663 1'6
2767 2616 2956 2683 κοῦφόν
3009 2631 3062 2664 τε
3113 2632 3205 2663 και
3243 2610 3394 2686 βαρῑ,
3432 2631 3525 2663 και

1915 2706 2049 2756 κατὰ
2241 2706 2300 2755 τὸ
2373 2702 2478 2755 ἄνω
2546 2719 2636 2752 και
2699 2702 2859 2770 κάτω,
2926 2717 3018 2753 και
3067 2700 3200 2760 αὕτη
3272 2696 3426 2760 δηλοῖ
3486 2703 3519 2757 ἧ

1895 2919 2010 2977 bus
2040 2918 2383 2989 misceatur,
2427 2915 2532 2977 sed
2553 2919 2900 2978 utomnium
2927 2917 3286 2977 communis.
3303 2907 3550 2992 Tempe-

1895 3009 2154 3065 rationes
2183 3016 2386 3065 autem
2425 3009 2556 3064 aliae
2585 3009 2832 3081 quidem
2848 3014 3234 3080 suntnatura,
3286 3014 3350 3064 ut
3371 3009 3552 3064 etiam

1897 3097 2207 3153 elementa.
2238 3099 2562 3169 Postquam
2589 3113 2729 3153 vero
2755 3099 3104 3153 varietatem
3132 3100 3544 3167 susceperunt,

1895 3185 2112 3242 inillud
2138 3185 2480 3242 inﬂuuntad
2496 3185 2660 3258 quod
2672 3189 2826 3257 aptae
2848 3190 3124 3258 nataeque
3154 3189 3310 3256 sunt,
3336 3200 3550 3256 quem-

1898 3273 2223 3329 admodum
2250 3279 2385 3328 ante
2412 3272 2629 3328 dictum
2653 3277 2762 3328 est.
2832 3275 2979 3330 Sunt
3017 3277 3217 3328 autem
3267 3271 3553 3344 quaedam

1897 3361 2359 3434 temperationes
2373 3376 2496 3415 nou
2511 3361 2837 3416 materiatae
2849 3377 2984 3433 quas
2999 3360 3295 3432 exjeadem
3322 3360 3552 3414 ratione

1898 3450 2044 3522 ipsae
2068 3465 2312 3522 quoque
2342 3453 2622 3504 naturam
2650 3449 3024 3522 participant.
3078 3447 3361 3514 Quamvis
3391 3448 3553 3502 enim

1902 3539 2019 3595 sint
2060 3533 2326 3594 materiei
2362 3543 2653 3610 expertes,
2690 3538 2834 3610 quia
2871 3542 3074 3593 tamen
3096 3541 3235 3592 sunt
3265 3540 3556 3609 tempera-

1902 3627 2114 3694 tiones,
2149 3631 2286 3682 sunt
2351 3626 2730 3682 admistionis
2770 3626 3110 3699 participes,
3170 3630 3236 3682 ut
3283 3625 3463 3682 etiam
3491 3624 3555 3680 in

1903 3716 2100 3788 priore
2117 3730 2391 3771 sermone
2404 3715 2743 3782 docuimus,
2756 3715 2850 3786 cuj
2863 3714 3099 3770 usmodi
3121 3719 3262 3770 sunt
3286 3713 3348 3769 in
3371 3713 3557 3769 musi-

1908 3804 1991 3860 cis
2020 3805 2448 3874 instrumentis,
2482 3805 2542 3860 in
2569 3804 2777 3874 ﬁguris
2807 3820 2943 3877 qua;
2959 3803 3074 3858 sub
3103 3802 3557 3872 intelligentiam

1908 3892 2152 3959 cadunt,
2183 3893 2246 3948 in
2277 3891 2831 3964 comparationibus
2901 3891 3286 3947 ari'thmeticis
3335 3893 3392 3946 et
3428 3889 3558 3946 aliis

1907 3979 2087 4035 rebus
2113 3995 2374 4052 quarum
2405 3978 2813 4034 meminimus.
2863 3980 3041 4033 Porro
3096 3977 3558 4049 temperationes

1908 4069 2235 4125 materiataa
2261 4069 2441 4123 etiam
2481 4068 2628 4139 ipsa
2659 4067 2873 4123 eadem
2906 4067 3133 4123 ratione
3184 4082 3322 4122 cum
3339 4071 3560 4122 natura

1909 4156 2399 4212 communionem
2459 4155 2686 4211 habent
2727 4160 2783 4210 et
2835 4155 3287 4228 dispartiuntur.
3337 4159 3410 4210 At
3439 4153 3557 4211 ele-

1909 4250 2113 4301 menta
2175 4260 2298 4299 non
2372 4244 2602 4316 absque
2680 4243 2908 4299 ratione
2956 4243 3316 4315 participant
3368 4242 3554 4309 illam,

1909 4333 2130 4391 etiamsi
2156 4333 2266 4388 sibi
2280 4333 2395 4388 sint
2414 4331 2547 4388 fons
2564 4337 2621 4388 et
2667 4332 2836 4402 origo
2866 4332 3369 4404 temperationum
3403 4347 3417 4398 ;
3451 4329 3560 4387 sed

1910 4421 2266 4496 participant
2292 4420 3025 4477 secundumharmonicas
3047 4420 3308 4475 rationes
3339 4435 3560 4492 nempe

1908 4505 2147 4583 duplas,
2179 4510 2596 4582 sesquialteras
2642 4514 2699 4565 et
2723 4509 3148 4583 sesquitertias.
3217 4512 3367 4565 Nam
3392 4517 3557 4580 quaaa

1909 4615 2145 4672 cunque
2171 4613 2276 4671 per
2314 4614 2376 4654 se
2388 4598 2676 4654 uniuntur
2708 4603 2764 4654 et
2789 4613 2913 4654 non
2925 4613 3031 4670 per
3047 4597 3557 4664 alia,circularem‘

1908 4687 2366 4745 conversionem
2394 4686 2640 4756 habent,
2669 4687 2849 4742 unitas
2875 4687 3036 4741 enim
3106 4689 3247 4740 sunt
3293 4685 3559 4756 corporis

1909 4783 2130 4851 partes,
2155 4781 2212 4832 et
2239 4774 2516 4831 membra
2545 4780 2666 4831 tam
2689 4775 3093 4832 animatorum
3163 4787 3351 4845 quam
3370 4772 3558 4827 inani-

1909 4872 2232 4932 matorum,
2257 4863 2362 4920 sed
2391 4879 2513 4920 non
2537 4864 2669 4936 ipsa
2697 4880 2804 4935 per
2825 4880 2885 4920 se
2915 4867 3037 4919 tota
3063 4861 3348 4916 cumtotis
3391 4860 3560 4916 unita

1911 4959 2069 5021 sunt,
2089 4954 2197 5010 sed
2212 4953 2714 5009 intercedentibus
2738 4953 3116 5007 mediisinter
3128 4966 3190 5004 se
3203 4949 3371 5005 unita
3395 4955 3553 5017 sunt,

1912 5050 1982 5100 At
2000 5043 2431 5100 elementorum
2453 5041 2798 5097 communio
2836 5055 2959 5095 non
2991 5043 3077 5095 est
3115 5037 3266 5105 talis,
3313 5036 3418 5092 sed
3435 5042 3560 5094 tota

1911 5123 2046 5189 totis
2075 5145 2182 5204 per
2198 5135 2326 5186 tota
2341 5127 2521 5184 nullis
2535 5127 3037 5184 intercedentibus
3050 5124 3262 5182 mediis
3293 5124 3561 5181 adunata

1914 5225 2074 5277 sunt.
2103 5221 2201 5274 Est
2236 5218 2416 5273 etiam
2442 5217 2591 5272 ordo
2620 5217 2682 5272 in
2709 5216 2802 5271 his
2831 5214 3164 5272 secundum
3191 5212 3559 5286 superiorem

1913 5315 1970 5366 et
1987 5306 2325 5366 inferiorem
2354 5304 2576 5371 locum,
2603 5304 2666 5360 id
2686 5301 2851 5378 quod
2889 5309 2977 5360 est
3004 5303 3200 5373 magis
3249 5308 3304 5359 et
3325 5301 3548 5370 minus,

1914 5395 2248 5454 secundum
2264 5394 2682 5466 quantitatem,
2695 5393 3014 5460 levitatem,
3029 5399 3084 5448 et
3096 5391 3465 5463 gravitatem,
3480 5383 3562 5446 Ac

1915 5490 2065 5546 ordo
2086 5481 2328 5558 quidem
2352 5482 2687 5552 secundum
2726 5483 3095 5555 superiorem
3153 5479 3561 5538 etinferiorem

1915 5578 2113 5634 locum
2133 5570 2448 5630 manifeste
2467 5571 2744 5628 cernitur.
2774 5573 2924 5629 Nam
2974 5570 3128 5642 ignis
3181 5583 3426 5626 sursum
3439 5568 3564 5624 fer-

1916 5672 2033 5738 tur,
2057 5663 2198 5722 huic
2222 5660 2532 5735 subjicitur
2560 5656 2683 5729 aer,
2701 5655 2865 5735 aqua
2880 5661 3079 5734 magis
3097 5651 3327 5720 accedit
3345 5657 3425 5718 ad
3444 5647 3574 5734 ter-3‘
