3932 6326
411 318 546 376 1283

1932 296 2288 363 ADDENDA.

3728 298 3845 354 1284

434 443 673 517 ἐνάργεια
700 460 713 473 ο
748 437 999 512 ἀνωφερὶς
1031 437 1132 510 γὰρ
1166 438 1224 490 τὸ
1252 441 1381 510 πῦρ,
1414 434 1512 489 ὑπὸ
1554 430 1613 488 δε
1644 433 1670 487 6
1702 432 1828 506 ἀὴρ,
1857 449 2044 505 προσε·
2104 431 2151 485 Α
2213 424 2425 481 τουτουί
2462 419 2675 479 κύκλου.
2726 414 2901 478 Ἔστω
2948 422 3119 475 τοίνυν
3148 419 3175 474 6
3230 417 3427 483 κύκλος
3484 420 3519 479 ἡ
3579 424 3626 475 Δ
3656 424 3696 473 Β
3726 426 3769 473 Γ
3798 430 3842 474 Δ.

435 536 687 607 χέστερον
712 527 771 583 6":
802 532 859 581 τὸ
886 525 1029 603 ὕδωρ
1061 535 1122 600 τῇ
1150 534 1217 599 γῇ
1274 546 1287 560 ο
1321 529 1455 599 μέση
1499 526 1529 585 ἡ
1588 533 1678 597 γῆ,
1727 524 1906 576 Πάντα
1954 536 2045 574 και

434 624 536 696 γὰρ
565 624 633 673 τὰ
659 618 799 695 βάρη
832 618 1100 691 αὐτοφυῶς
1123 620 1251 692 πρὸς
1280 619 1337 669 τὸ
1361 620 1566 689 κέντρον
1596 616 1736 691 ὁρμᾷ
1764 634 1777 647 ο
1810 615 1870 665 τὸ
1911 610 2043 685 μάλ-

433 710 518 764 λον
546 707 605 764 δε
634 730 723 762 και
746 710 805 761 τό
832 708 1004 776 ἧττον,
1037 705 1219 769 οὕτως.
1256 705 1459 761 Μᾶλλον
1492 705 1542 757 έν
1582 712 1650 777 γῇ
1687 698 1831 777 ὕδωρ
1862 720 1953 754 και
1982 699 2042 752 ού

433 807 560 875 πῦρ,
586 819 676 851 και
713 796 762 850 έν
812 797 979 871 αἰθέρι
1047 796 1170 871 ἀὴρ,
1219 816 1309 848 και
1357 794 1485 868 ούχί
1529 802 1622 866 γῆ,
1680 812 1767 845 και
1821 790 1871 843 έν
1929 788 2043 864 ἀέρι

432 886 576 964 ὕδωρ
617 907 707 941 και
755 884 882 958 ούχί
910 894 1002 958 γῆ,
1042 906 1133 938 και
1162 884 1211 938 έν
1251 882 1411 938 ὕδατι
1464 882 1565 957 ἀὴρ
1596 902 1686 935 και
1733 880 1863 953 ούχί
1913 886 2039 953 πῦρ.

434 977 586 1032 Ἐστι
626 975 685 1031 δε
722 982 857 1030 πᾶσι
888 978 1076 1044 πάντα,
1129 977 1372 1049 οὗμενουν
1420 969 1479 1026 δε
1526 969 1622 1025 διὰ
1671 974 1835 1045 μέσον
1883 971 2038 1038 τινὸς,

433 1066 540 1119 ἀλλ’
571 1066 706 1119 αύτὰ
745 1062 779 1119 δ
786 1065 818 1118 ι’
863 1065 989 1118 ὅλων
1040 1064 1230 1135 αὐτῶν,
1275 1063 1408 1123 πλὴν
1453 1064 1591 1115 κατὰ
1643 1064 1701 1114 τὸ
1740 1058 1930 1133 μᾶλλόν
1986 1075 2042 1111 τε

431 1178 522 1210 και
567 1159 627 1210 τὸ
670 1156 845 1224 ἧττον,
896 1158 1152 1214 ποσότητι
1208 1150 1267 1207 δὴ
1331 1154 1517 1207 κάθότι
1571 1153 1639 1205 τὰ
1693 1151 2042 1225 περιεχόμενα

432 1255 529 1299 τῶν
576 1250 956 1321 περιεχομένων
1041 1243 1269 1316 ἐλάσσω,
1328 1245 1465 1296 κατὰ
1501 1246 1596 1301 τὴν
1648 1248 1741 1294 τοῦ
1798 1244 2041 1311 σώματος

432 1334 676 1407 ἀνάλογον
757 1339 1109 1406 στεγανότητα
1179 1335 1208 1393 ἢ
1304 1334 1572 1408 ὑγρότητα
1644 1332 1673 1389 ᾖ
1722 1329 1963 1386 λειοτητα
2004 1328 2033 1385 ἢ

429 1430 719 1499 μανότητα,
769 1425 799 1485 ἦ
845 1424 1151 1492 λεπτότητα,
1210 1428 1508 1496 κουφότητα
1538 1422 1785 1480 ὡσαύτως
1838 1437 1893 1470 τε
1951 1435 2041 1469 και

431 1514 731 1591 βαρύτητα,
774 1534 863 1566 και
914 1522 1068 1567 τοῦτο
1117 1515 1351 1585 γνωστὸν
1401 1510 1487 1564 ἀπ’
1538 1510 1704 1572 αὐτῆς
1747 1516 1838 1568 τῆς
1896 1505 2038 1579 ἔναρ-

428 1610 570 1678 γείας
634 1604 777 1658 ἐστίν
836 1623 848 1638 ·
888 1599 1013 1656 ούδε
1066 1604 1166 1677 γὰρ
1211 1601 1631 1677 εἰλικρινέστερον
1676 1602 1821 1671 γνοίη
1870 1615 1927 1668 γε
1976 1594 2037 1647 ἆν

429 1701 527 1755 πᾶς
574 1694 667 1747 ούκ
715 1692 801 1765 ἀφ’
857 1692 1041 1746 ἑαυτοῦ
1096 1700 1223 1745 νοῶν
1296 1691 1436 1744 τοῦτ’
1476 1690 1604 1743 αύτό
1648 1690 1677 1749 ἣ
1726 1686 1779 1751 ἐξ
1818 1686 1985 1739 αὐτῶν
2018 1704 2033 1719 ο

429 1785 544 1855 ἔχει
605 1786 704 1856 γὰρ
767 1781 902 1835 αύτὰ
943 1784 1009 1835 τὰ
1076 1788 1319 1854 στοιχεῖα
1364 1785 1458 1840 τὴν
1505 1788 1603 1832 τῶν
1660 1777 1910 1851 ἑκατέρων
1968 1774 2035 1837 εἰς

432 1872 592 1925 ἑαυτὰ
630 1870 882 1945 ἐνέργειαν
940 1870 1013 1933 εἰς
1048 1871 1335 1944 τούμφανες
1382 1872 1449 1922 τὰ
1492 1867 1683 1922 ἑαυτῶν
1732 1863 2035 1919 δεικνύοντα

432 1957 697 2035 ἰδιώματα
729 1981 741 1995 ·
774 1964 979 2023 τούτοις
1018 1957 1077 2013 δε
1104 1964 1260 2033 φύσις
1299 1959 1440 2013 ἐστὶν
1469 1957 1637 2033 ἀρχὴ,
1670 1959 1922 2032 μερισμὸς
1973 1950 2033 2007 δε

428 2052 660 2124 ὑπάρχει
710 2050 871 2111 αὐτῆς
918 2071 929 2083 ·
965 2051 1100 2103 οὕτω
1143 2052 1242 2125 γὰρ
1296 2069 1387 2101 και
1444 2050 1511 2101 τὰ
1562 2048 1694 2120 μετὰ
1749 2053 1916 2097 ταῦτα
1966 2051 2026 2117 τῇ

429 2141 584 2212 ὁμοίᾳ
612 2138 847 2211 ποικιλίᾳ
893 2138 1248 2193 ἑτι-ακολουθεῖ.
1303 2139 1449 2193 Ἐπεί
1481 2133 1540 2189 δὲ
1583 2155 1674 2187 και
1722 2129 2032 2186 ἀποδεικτι-

427 2236 648 2305 κώτερον
686 2235 805 2305 περί
857 2232 1057 2303 φύσεως
1110 2250 1200 2283 και
1238 2230 1472 2302 κράσεων
1500 2231 1610 2303 χρὴ
1660 2228 1800 2298 ἡμᾶς
1848 2224 2026 2291 εἰπεῖν,

428 2319 521 2371 οὐκ
562 2318 969 2392 ἁναϐαλλόμεθα,
1031 2317 1138 2371 ἀλλ’
1179 2317 1232 2381 ἐξ
1289 2317 1455 2371 αὐτῶν
1502 2324 1602 2368 τῶν
1657 2316 1935 2386 στοιχείων
1975 2331 2029 2366 τε

427 2412 515 2461 καὶ
545 2416 635 2469 τῆς
688 2410 888 2482 φύσεως
929 2404 1268 2479 ἀποδείξομεν
1317 2403 1411 2459 διὰ
1465 2412 1559 2458 τοῦ
1610 2406 2028 2479 καταγραφέντος

398 2682 551 2732 ram,
577 2666 783 2725 media
802 2668 1005 2725 autem
1030 2668 1120 2723 est
1146 2668 1302 2723 terra
1330 2678 1505 2734 ;nam
1523 2661 1730 2721 omnia
1766 2676 1903 2736 quas
1920 2675 2053 2734 gra-

396 2757 498 2814 via
527 2761 667 2815 sunt
695 2773 806 2815 sua
834 2760 1051 2830 sponte
1081 2756 1161 2813 ad
1190 2759 1464 2813 centrum
1529 2754 1819 2810 feruntur.
1866 2755 1941 2809 At
1960 2767 2052 2809 se-

398 2845 665 2903 cundum
695 2846 756 2903 id
793 2845 958 2919 quod
990 2850 1077 2903 est
1102 2845 1299 2916 magis
1330 2848 1387 2902 et
1431 2843 1629 2900 minus
1689 2842 1805 2899 hoc
1844 2840 2049 2899 modo.

397 2932 578 3008 Magis
604 2935 666 2992 in
694 2940 848 2992 terra
874 2940 960 2992 est
989 2950 1152 3009 aqua
1177 2949 1365 3008 quam
1395 2933 1569 3005 ignis,
1598 2932 1659 2988 in
1687 2932 1905 2988 aethere
1951 2944 2053 2987 aer

397 3040 585 3098 quam
615 3028 786 3095 terra,
815 3026 876 3081 in
890 3040 1025 3082 aere
1053 3040 1233 3098 aqua,
1259 3039 1446 3097 quam
1464 3027 1647 3091 terra,
1666 3022 1727 3078 in
1752 3037 1915 3094 aqua
1935 3035 2051 3093 po-

395 3113 510 3171 tius
536 3130 655 3188 aer,
688 3130 876 3190 quam
905 3114 1080 3187 ignis.
1117 3116 1477 3172 Suntautem
1506 3112 1731 3170 interse
1767 3109 2051 3168 omnibus

395 3206 622 3273 omnia,
650 3220 863 3262 verum
894 3221 1018 3263 non
1043 3204 1445 3263 intercedente
1496 3202 1698 3259 medio
1752 3200 2048 3275 quodam,

394 3294 499 3350 sed
523 3294 661 3366 ipsa
688 3294 751 3351 in
778 3294 925 3367 ipsis
951 3294 1311 3367 totis,idque
1338 3292 1677 3350 secundum
1698 3290 1760 3347 id
1774 3290 1942 3363 quod
1964 3290 2052 3346 est
2080 3303 2120 3360 ο

392 3383 587 3453 magis
602 3386 655 3440 et
670 3383 893 3453 minus,
909 3383 1237 3441 secundum
1253 3382 1638 3455 quantitatem
1651 3422 1664 3444 ,
1676 3384 1739 3437 ut
1751 3395 1880 3436 cum
1898 3394 2051 3436 com-

392 3472 695 3545 prehensa
707 3472 1157 3546 comprehensis
1170 3472 1406 3529 minora
1419 3474 1557 3528 sunt
1570 3468 1905 3527 secundum
1916 3483 2051 3541 pro-

391 3560 730 3633 portionem
764 3560 915 3635 ejus,
942 3577 1080 3635 quae
1111 3562 1270 3618 estin
1283 3576 1554 3633 corpore,
1594 3557 2051 3628 soliditatis,aut

388 3649 783 3719 humiditatis,
799 3648 1330 3718 autmollitudinis,
1347 3654 1452 3707 aut
1472 3646 2050 3717 raritatis,autetiam

390 3736 749 3798 subtilitatis.
766 3741 991 3799 Eodem
1006 3740 1189 3798 modo
1208 3739 1542 3797 secundum
1558 3738 1853 3795 levitatem
1875 3740 2049 3808 etgra

387 3828 653 3888 vitalem.
708 3833 893 3904 Atque
923 3830 1039 3888 hoc
1096 3845 1169 3886 ex
1210 3830 1343 3903 ipsa
1412 3827 1709 3885 evidentia
1762 3822 2048 3898 cognosci

388 3922 584 3993 potest
618 3922 803 3977 Nemo
830 3920 991 3977 enim
1022 3918 1311 3991 (cogitans
1343 3918 1469 3991 ipse
1492 3933 1600 3991 per
1648 3917 1731 3987 se)
1782 3915 1901 3973 hoc
1953 3914 2046 3988 ip-

389 4024 525 4065 sum
554 4008 749 4065 verius
773 4024 960 4082 quam
986 4023 1059 4065 ex
1084 4006 1423 4082 ipsisrebus
1445 4020 1801 4077 cognoscere
1824 4007 2041 4077 potest.

388 4094 620 4154 Habent
669 4097 828 4155 enim
884 4098 1021 4171 ipsa
1076 4096 1369 4154 elementa
1418 4100 1810 4167 utrorumque
1855 4092 1915 4150 in
1981 4107 2043 4148 se

386 4180 788 4254 efﬁcientiam,
840 4186 922 4242 ita
991 4189 1055 4242 ut
1105 4184 1415 4241 manifeste
1464 4199 1606 4241 suas
1648 4182 2041 4256 proprietates

384 4273 664 4348 prodant.
688 4275 785 4330 liis
815 4278 1016 4331 autem
1040 4279 1255 4331 natura
1280 4272 1641 4345 principium
1679 4276 1784 4329 est.
1822 4272 2039 4327 Verum

383 4362 478 4419 his
496 4362 674 4419 etiam
704 4364 858 4420 inest
885 4362 1241 4419 distributio.
1264 4365 1412 4418 Nam
1435 4365 1645 4418 caetera
1665 4377 1801 4434 qua:
1823 4375 2039 4433 sequn-

386 4455 480 4508 tur
514 4450 798 4524 deinceps
854 4450 1110 4507 similem
1174 4450 1517 4507 varietatem
1593 4450 1867 4507 retinent.
1922 4448 2037 4507 Sed

384 4538 676 4612 quoniam
703 4544 933 4612 oportet
952 4553 1064 4596 nos
1087 4538 1161 4595 de
1183 4543 1399 4596 natura
1423 4543 1479 4595 et
1499 4538 1573 4595 de
1592 4538 2035 4612 temperationi-

381 4628 498 4724 bus
521 4643 860 4685 sermonem
878 4627 1159 4724 facientes
1181 4627 1389 4685 afferre
1402 4628 1783 4702 probationes
1796 4628 2038 4686 eviden-
2065 4667 2112 4724 Β

382 4710 585 4785 tiores,
620 4733 763 4775 sane
793 4716 1027 4775 differre
1059 4710 1359 4775 nolumus.
1398 4723 1478 4773 Ac
1508 4734 1580 4774 ex
1607 4718 1755 4790 ipsis
1784 4717 2037 4775 elemen-

382 4806 456 4863 tis
482 4805 606 4881 ipsa
616 4822 733 4879 que
761 4806 914 4864 adeo
939 4812 1155 4864 natura
1178 4806 1478 4881 descripto
1499 4807 1614 4864 hoc
1635 4806 1855 4864 circulo
1870 4807 2038 4880 quod

380 4896 661 4954 volumus
691 4896 1263 4955 demonstrabimus.
1298 4899 1436 4953 Esto
1467 4897 1723 4954 circulus
1743 4901 1789 4953 A
1828 4898 1865 4952 Β
1896 4900 1936 4955 C
1966 4901 2032 4955 D.

382 4986 623 5059 Oportet
654 4986 831 5058 igitur
868 4988 930 5044 in
955 4988 1069 5045 hoc
1104 4986 1324 5044 circulo
1354 4989 1583 5043 natura:
1636 4990 1692 5043 et
1746 4990 2039 5060 tempera-

380 5074 612 5132 tionum
639 5076 1129 5133 communionem
1156 5080 1277 5132 tam
1308 5074 1369 5131 in
1413 5073 1720 5131 elementis
1760 5090 1946 5147 quam
1974 5075 2037 5133 in

378 5166 595 5222 natura
615 5164 947 5222 ostendere.
988 5168 1247 5221 Ducatur
1273 5162 1351 5221 ab
1374 5166 1422 5217 A
1452 5163 1741 5221 diameter
1770 5180 1880 5237 per
1904 5180 2038 5221 cen-

379 5255 538 5309 trum
555 5269 691 5327 quaa
709 5254 1056 5311 terminetur
1072 5255 1133 5311 in
1150 5256 1210 5311 Ε.
1236 5253 1460 5311 Eodem
1484 5252 1667 5311 modo
1689 5253 1943 5311 ducatur
1962 5271 2037 5312 ex

378 5342 421 5397 Β
448 5358 555 5415 per
593 5347 861 5401 centrum
882 5344 1088 5415 altera,
1127 5359 1265 5416 quas
1293 5342 1643 5400 tcrminetur
1679 5342 1741 5399 in
1798 5345 1865 5402 D.
1932 5348 2038 5402 De-

378 5431 715 5490 scribantur
740 5433 839 5491 alii
870 5439 984 5491 tres
1004 5433 1210 5491 circuli
1246 5433 1404 5491 intra
1442 5432 1732 5491 circulum
1761 5437 1808 5490 Α
1834 5436 1873 5490 Β
1900 5435 1940 5491 C
1968 5437 2033 5507 D,

375 5518 483 5591 qui
509 5519 758 5592 quidem
778 5523 997 5596 aequali
1018 5523 1212 5597 spatio
1231 5523 1385 5579 inter
1414 5537 1479 5579 se
1507 5521 1745 5579 distent.
1798 5524 2035 5589 Quanto

376 5611 578 5670 autem
619 5610 931 5673 intervallo
974 5612 1194 5674 distent
1222 5617 1270 5671 Α
1289 5616 1347 5672 et
1374 5613 1434 5684 Β,
1466 5614 1634 5672 tanto
1685 5611 1866 5674 etiam
1938 5613 2035 5674 di-

2396 641 3631 1834 ,ηρ

2569 1538 3419 1824 μ

2196 1958 2280 2007 Δεῖ
2304 1960 2427 2027 γοῦν
2459 1949 2734 2018 ἀποδεῖξαι
2780 1949 2829 2007 έν
2874 1948 3014 2026 αύτῷ
3064 1955 3160 2013 τὴν
3204 1961 3295 2016 τῆς
3351 1956 3559 2029 φύσεως
3630 1957 3827 2011 ἕνωσιν

2193 2062 2281 2095 και
2340 2050 2438 2095 τῶν
2488 2045 2719 2117 κράσεων
2770 2040 2865 2096 διὰ
2913 2051 3011 2096 τῶν
3082 2048 3361 2116 στοιχείων
3423 2064 3479 2098 τε
3560 2066 3671 2099 και
3728 2055 3825 2109 τῆς

2193 2135 2406 2205 φύσεως.
2457 2133 2706 2206 ’Δχθήτω
2736 2131 2839 2187 ἀπὸ
2868 2141 2964 2195 τῆς
3011 2138 3051 2185 Α
3106 2128 3381 2207 διάμετρος
3441 2140 3820 2211 περαιουμένη

2189 2229 2262 2293 τῷ
2335 2226 2526 2299 κέντρῳ
2576 2225 2708 2275 κατὰ
2754 2226 2847 2282 τὴν
2911 2228 2966 2290 Γ,
3017 2224 3266 2286 ὡσαύτως
3320 2244 3410 2277 και
3464 2224 3570 2279 ἀπὸ
3620 2235 3732 2290 τῆς
3790 2234 3823 2280 Β

2189 2309 2407 2383 ἁχθήτω
2435 2316 2779 2388 περαιουμένη
2810 2320 2882 2385 τῷ
2932 2315 3123 2389 κέντρῳ
3156 2315 3293 2367 κατὰ
3340 2318 3436 2374 τήν
3482 2321 3540 2369 Δο
3602 2320 3818 2392 γεγρά-

2190 2402 2401 2475 φθωσαν
2430 2407 2520 2457 καὶ
2571 2402 2734 2479 έτιροι
2780 2410 2915 2481 τρεῖς
2955 2403 3134 2457 κύκλοι
3169 2424 3181 2439 ·
3215 2401 3361 2459 ἔνδον
3399 2412 3493 2458 τοῦ
3530 2411 3573 2459 Α
3630 2413 3675 2461 Β
3708 2413 3751 2461 Γ
3778 2413 3813 2461 Δ

2163 2663 2317 2720 stent
2345 2661 2387 2717 C
2439 2662 2505 2718 D.
2548 2658 2849 2720 Scribatur
2893 2658 2958 2720 in
2994 2660 3200 2720 circuli
3250 2664 3455 2722 centro
3500 2662 3713 2725 littera
3772 2667 3839 2725 ι’.

2380 2852 3613 4042 .._

2148 4178 2409 4237 Tollatur
2441 4183 2491 4239 Μ
2519 4186 2734 4254 sector,
2765 4183 2824 4239 et
2859 4177 3211 4256 adaequetur
3242 4180 3359 4257 ipsi
3395 4183 3458 4253 Τ,
3490 4188 3550 4242 et
3609 4191 3656 4242 Α
3703 4183 3813 4259 ipsi

2147 4270 2216 4340 Μ,
2246 4273 2303 4327 et
2324 4273 2343 4325 Ι
2362 4270 2477 4344 ipsi
2497 4272 2544 4325 A
2570 4287 2583 4327 :
2612 4271 3051 4345 comperiemus
3070 4274 3119 4328 M
3139 4271 3418 4347 dulplum
3445 4289 3579 4331 esse
3620 4275 3808 4349 ipsius

2146 4360 2327 4429 l,etA
2350 4359 2540 4434 ipsius
2563 4363 2612 4418 Μ
2634 4359 3111 4434 sesquialterum,
3143 4366 3203 4419 et
3254 4362 3441 4435 ipsius
3488 4368 3537 4421 Α
3573 4364 3806 4439 sesqui-

2145 4448 2401 4505 tertium.
2426 4448 2735 4507 Ponamus
2751 4450 3130 4521 igiturTesse
3151 4456 3388 4524 terram,
3412 4455 3464 4510 M
3486 4469 3744 4527 aquam,
3769 4459 3812 4509 Α

2144 4552 2368 4608 aerem,
2397 4541 2416 4595 l
2457 4538 2679 4609 ignem.
2705 4536 2851 4597 Cum
2870 4539 3049 4611 igitur
3069 4540 3273 4597 circuli
3312 4546 3577 4614 quatuor
3609 4543 3815 4600 sectio-

2143 4641 2252 4682 nes
2281 4642 2421 4685 cum
2460 4631 2503 4685 N
2530 4628 2902 4702 copulentur,
2932 4628 3234 4703 copulatio
3279 4631 3456 4688 totius
3515 4632 3811 4690 circulum

2146 4717 2380 4790 efﬁciat,
2400 4717 2653 4775 efﬁcitur
2673 4734 2817 4776 sane
2838 4723 2905 4776 ut
2922 4721 2964 4777 T
2979 4722 3030 4775 Μ
3058 4725 3104 4775 Α
3130 4723 3308 4776 lcum
3333 4722 3377 4777 U
3424 4721 3810 4794 copulatione

2144 4805 2403 4864 naturali
2431 4808 2731 4866 uniantur.
2766 4812 2944 4866 Porro
2969 4809 3113 4882 quia
3134 4810 3196 4866 in
3226 4814 3341 4867 tres
3373 4816 3574 4884 partes
3632 4818 3693 4869 et
3754 4814 3811 4869 in

2145 4894 2445 4969 triangula
2466 4898 2834 4967 dividuntur,
2860 4916 2930 4957 ac
2950 4900 3212 4972 majores
3232 4900 3481 4973 quidem
3520 4909 3731 4975 partes
3754 4903 3809 4958 in

2146 4987 2624 5045 circmcurrentis
2639 4987 2812 5045 linea:
2830 4989 3081 5046 modum
3095 4988 3662 5064 inﬂexas,obliquas
3674 5006 3809 5049 vero

2144 5076 2207 5133 in
2224 5080 2452 5135 rectum
2479 5077 2803 5151 productas
2823 5078 3065 5151 habent,
3095 5096 3166 5136 ex
3187 5095 3257 5137 eo
3289 5081 3760 5153 temperationes
3778 5098 3811 5138 a

2146 5167 2674 5240 temperationibus
2690 5183 2893 5225 revera
2908 5169 3175 5242 separari
3189 5168 3482 5238 videmus,
3496 5184 3627 5227 non
3642 5187 3808 5230 secus

2146 5260 2328 5329 atque
2350 5261 2548 5329 partes
2570 5256 2732 5329 ipsas
2751 5258 2813 5314 in
2825 5263 3082 5315 sectores
3098 5260 3140 5314 Τ
3159 5258 3209 5315 M
3228 5262 3309 5315 Al
3339 5258 3696 5318 distributas
3717 5276 3811 5317 va-

2144 5345 2349 5404 rietate
2371 5346 2658 5418 distingui
2670 5346 2989 5405 cernimus.
3007 5349 3163 5405 Nam
3174 5348 3475 5420 generalis
3495 5350 3582 5407 illi
3600 5366 3744 5408 cum
3764 5346 3805 5405 N

2145 5434 2667 5506 convenientia,ad
2681 5436 2947 5495 intcrnos
2962 5452 3151 5512 usque
3165 5442 3424 5496 sectores
3436 5444 3565 5497 tota
3574 5441 3807 5513 penitus

2141 5524 2517 5597 estﬂgurata.
2537 5524 2652 5583 Sed
2663 5526 3110 5601 copulatioqute
3122 5532 3213 5585 est
3223 5528 3342 5586 inN
3364 5529 3805 5611 estindividus,

2142 5612 2398 5690 perinde
2422 5630 2496 5675 ac
2521 5614 2574 5674 si
2600 5613 2856 5677 dixerim
2882 5620 3156 5682 constare
3185 5633 3262 5677 ex
3283 5622 3546 5692 quatuor
3566 5619 3803 5695 punctis
