3932 6326
22 399 194 456 i285
958 387 1316 448 THEODORI
1353 386 1401 442 II
1437 381 1575 440 IMP.
1615 374 1706 436 DE
1745 370 2206 435 COMMUNIONE
2243 380 2594 439 NATURALI
3344 388 3481 444 1286

17 523 276 592 κύκλου,
323 518 494 582 έξίσου
529 517 733 588 ἔχοντες
779 516 874 574 τὴν
928 510 1233 581 διάστασιν,
1292 513 1362 574 ὡς
1418 511 1445 564 6
1500 514 1540 561 A
1596 505 1721 592 πρός
1748 502 1796 556 Α
1831 498 1986 554 Ἐστι
2035 511 2161 574 ’γοῦν
2218 509 2462 580 συγγενὲς
2508 505 2699 580 μᾶλλον
2743 506 2802 559 τὸ
2840 502 2984 580 ὕδωρ
3039 501 3132 561 διὰ
3174 512 3344 562 ταῦτα
3389 519 3483 573 τῆς

19 613 134 662 τὸν
181 617 225 663 Β
257 589 349 682 ’τῇ
391 605 692 678 διαστάσει,
743 605 770 657 6
829 610 867 656 Γ
918 607 1042 679 πρὸς
1088 607 1176 657 τὸν
1233 609 1288 656 Δ.
1325 597 1609 673 Ἐγκείσθω
1663 589 1722 645 δι
1830 597 1950 682 γῆς,
2000 596 2091 682 καὶ
2131 593 2190 646 ού
2241 598 2300 649 τὸ
2330 604 2456 671 πῦρ,
2490 598 2558 659 ὡς
2609 599 2699 682 καὶ
2746 596 2772 647 ό
2801 593 2903 672 6169
2934 602 3026 648 τοῦ
3055 599 3220 673 πυρὸς
3266 597 3479 670 μᾶλλον,

19 704 136 752 καὶ
196 706 278 770 τῷ
326 677 525 772 ’κέντρῳ
565 698 624 748 τὸ
676 677 744 751 ἀφ.
797 677 1046 766 Ἀχθητω
1103 689 1189 746 οὖν
1247 693 1272 744 ό
1310 698 1351 745 Υ
1403 689 1585 762 τομεύς
1631 686 1722 736 καὶ
1831 680 1921 731 καὶ
1977 677 2084 750 οὐχ
2138 681 2169 739 ἡ
2209 689 2302 755 γῆ,
2338 689 2429 737 καὶ
2478 686 2536 737 1'6
2568 680 2712 759 ὕδωρ
2761 691 2853 738 τοῦ
2911 683 3078 758 ἀέρος,
3130 691 3221 739 καὶ
3276 686 3336 740 ού
3388 695 3482 741 τοῦ

24 787 402 851 έξισασθήτω
431 795 505 856 τῷ
535 791 592 857 Γ,
633 788 724 837 καί
761 784 788 836 6
827 789 869 837 Α
907 791 980 853 τῷ
1018 791 1078 851 Υ,
1109 787 1199 835 καὶ
1256 783 1281 835 6
1331 787 1374 834 Π
1417 787 1488 832 τῶ
1529 783 1592 847 Α,
1632 777 1722 826 καὶ

27 878 438 950 εὑρεθήσονται
490 875 516 926 6
568 876 658 947 μεν
708 880 750 926 Υ
789 879 882 925 τοῦ
935 877 973 924 Γ
1022 868 1323 941 διπλάσιος,
1375 871 1400 922 ὁ
1455 863 1515 920 δὲ
1555 871 1595 920 Α
1629 869 1720 916 τοῦ

27 973 80 1018 Υ
137 964 410 1038 ἡμιόλιος,
464 964 491 1016 6
539 959 597 1016 δε
652 969 696 1017 Π
727 968 819 1014 τοῦ
877 967 918 1014 Α
957 959 1232 1034 ἐπίτριτος.
1278 957 1488 1017 Τεθὴτω
1529 961 1655 1028 γοῦν
1695 953 1720 1004 6

28 1055 142 1126 μὲν
200 1053 341 1106 εἶναι
392 1061 485 1126 γῆ,
535 1051 562 1104 6
594 1048 653 1104 δὲ
681 1047 850 1124 ὕδωρ,
903 1051 928 1102 ό
962 1046 1020 1103 δὲ
1061 1048 1182 1123 ἀὴρ,
1225 1051 1250 1101 ό
1297 1044 1356 1102 δὲ
1404 1053 1532 1122 πῦρ,
1570 1047 1629 1097 τὸ
1663 1038 1723 1096 6“:

33 1150 82 1196 Φ
150 1146 373 1217 κέντρον
427 1145 517 1194 καὶ
570 1143 743 1214 φύσις.
785 1140 848 1192 Εἰ
891 1146 1017 1212 γοῦν
1075 1140 1155 1191 ὃτι
1219 1140 1274 1191 αἱ
1337 1138 1474 1189 κατά
1533 1131 1720 1186 κύκλον

29 1237 311 1307 τέσσαρες
359 1237 510 1305 τομοὶ
547 1234 677 1305 πρός
732 1233 791 1283 1'6
849 1236 888 1284 Φ
945 1231 1312 1298 συνάπτονται,
1368 1229 1397 1286 ἡ
1442 1223 1618 1278 διόλου
1661 1219 1720 1276 δε

35 1326 264 1394 συναφή
359 1319 546 1382 κύκλος
631 1318 792 1387 ἐστὶν,
870 1319 1100 1372 ἑνοῦνται
1174 1320 1280 1391 ἄρα
1349 1314 1470 1369 καθ’
1540 1315 1720 1366 ἕνωσιν

31 1414 283 1482 φυσικήν
317 1411 347 1468 ἡ
406 1415 444 1462 Γ
483 1415 523 1461 Υ
565 1415 605 1462 Α
637 1415 682 1462 Π
710 1411 842 1484 πρὸς
891 1412 987 1467 τὴν
1037 1415 1076 1461 Φ
1106 1424 1120 1438 ’
1179 1409 1260 1460 ὃτι
1299 1402 1359 1459 δὲ
1405 1398 1720 1480 τετραδικῶς

27 1501 364 1571 μερίζονται
429 1498 459 1556 ἦ
527 1504 867 1572 τριγωνικῶς,
932 1497 961 1555 6
1018 1498 1108 1557 τὰς
1154 1498 1244 1569 μὲν
1302 1497 1517 1568 μείζους
1566 1510 1718 1565 περι-

26 1595 214 1660 φερῶς
301 1589 538 1659 ἔχουσιν,
608 1585 812 1646 εύθείως
887 1581 946 1638 δὲ
1010 1587 1106 1647 τὰς
1168 1583 1415 1657 πλαγίας,
1485 1585 1718 1655 φαίνεται

27 1676 128 1728 ὅτι
199 1679 296 1728 καὶ
346 1676 560 1745 κράσεις
618 1673 777 1737 ὅντως
837 1673 1161 1750 χωρίζονται
1233 1674 1489 1747 κράσεων,
1545 1671 1716 1732 καθὼς

22 1769 134 1818 καὶ
197 1767 268 1818 τὰ
299 1765 373 1828 εἰς,
419 1768 542 1827 τοὺς
593 1770 630 1818 Γ
673 1772 715 1818 Υ
748 1771 786 1819 Α
839 1771 884 1818 Π
935 1767 1065 1839 μέρη
1099 1763 1452 1818 ποικίλλονται
1483 1783 1496 1796 '
1548 1762 1578 1820 6
1613 1762 1715 1833 γὰρ

1830 767 2016 840 πυρὸς,
2059 773 2148 823 καὶ
2190 772 2216 824 ό
2249 771 2348 848 ἀὴρ
2405 781 2496 826 τοῦ
2527 771 2738 841 ὕδατος,
2792 777 2882 827 καὶ
2912 773 2971 827 ού
3001 783 3099 838 τῆς
3151 782 3272 848 γῆς,
3327 777 3391 838 ὡς
3420 779 3480 830 1'6

1834 851 2076 929 ἀνάλογον
2133 857 2182 912 ἓν
2233 869 2349 924 ταῖς
2401 870 2493 915 τοῦ
2550 863 2743 916 κύκλου
2798 859 3034 918 δείκνυσι
3071 867 3301 940 μοίραις.
3357 869 3477 919 Κένο

1831 961 1951 1017 τρον
2004 948 2106 1022 γὰρ
2157 959 2422 1023 παντεχοῡ
2478 971 2532 1006 τε
2595 956 2686 1005 καὶ
2743 951 2796 1017 ἐξ
2859 952 3092 1026 ἀνάγκης
3132 952 3245 1008 έστὶ
3294 956 3353 1006 τὸ
3417 960 3478 1024 Φ,

1831 1040 1998 1087 ταῦτα
2045 1033 2105 1090 δέ
2138 1036 2280 1092 ἐστιν
2311 1038 2359 1094 ἓν
2389 1037 2461 1093 δι’
2494 1040 2646 1094 αλλου
2677 1045 2766 1096 καὶ
2794 1041 2844 1096 ἓν
2892 1040 3065 1117 ἑτέρῳ,
3117 1047 3202 1096 καὶ
3249 1045 3479 1116 γειτνιά-

1833 1121 1921 1181 ξον
1945 1127 2077 1200 πρὸς
2105 1125 2226 1179 ἄλλο
2260 1145 2272 1158 ·
2322 1132 2458 1183 κατὰ
2505 1134 2564 1184 1'6
2619 1130 2806 1204 μᾶλλόν
2837 1149 2891 1185 τε
2937 1136 3025 1185 καὶ
3050 1135 3110 1185 τὸ
3139 1133 3314 1201 ἧττον,
3347 1133 3478 1205 ὁμοῦ

1833 1207 1892 1264 δὲ
1946 1215 2080 1267 κατά
2130 1221 2224 1276 τὴν
2284 1226 2377 1272 τοῦ
2430 1227 2469 1274 Φ
2517 1221 2696 1275 ἕνωσιν
2755 1231 2976 1294 συγγενῆ
3035 1229 3218 1285 κοινῶς
3273 1222 3479 1277 ἅπαντα

1829 1303 2041 1376 κράσεις
2097 1325 2151 1360 τε
2200 1311 2288 1360 καὶ
2337 1317 2598 1382 στοιχεῖα,
2648 1312 2784 1364 κατά
2831 1309 2890 1365 δε
2927 1314 3018 1375 τὰς
3049 1312 3213 1385 τομὰς
3249 1317 3337 1365 καὶ
3387 1314 3478 1374 τὰς

1831 1391 1997 1455 θέσεις
2049 1396 2370 1470 μερίζονται.
2417 1396 2628 1460 Ἐπειδὴ
2671 1397 2731 1454 δε
2787 1406 2886 1454 πᾶν
2943 1408 3096 1474 σῶμα
3140 1405 3476 1476 κεχωρισμέ-

1827 1497 1910 1532 νον
1962 1479 2016 1533 iv.
2053 1491 2153 1535 τῶν
2210 1485 2386 1563 ἐτέρων
2442 1490 2694 1562 σωμάτων
2745 1494 2836 1542 καὶ
2875 1485 3051 1544 εἰδοπε
3077 1496 3352 1564 ποιημένον
3385 1495 3476 1545 καὶ

1827 1573 1898 1641 μὴ
1932 1572 2001 1634 ὡς
2026 1572 2120 1633 ὕλη
2151 1578 2442 1649 νοούμενον,
2484 1575 2590 1630 ἀλλ’
2627 1579 2779 1651 ἄμφω
2811 1578 2864 1630 ὃν
2897 1582 2990 1633 σὺν
3017 1588 3088 1652 τῷ
3125 1574 3255 1634 εἴδει
3285 1600 3299 1614 '
3339 1580 3475 1634 οὕτω

1826 1658 1928 1735 γὰρ
1967 1665 2057 1713 καί
2107 1681 2160 1716 τι
2212 1666 2462 1738 νομισθῇ,
2511 1669 2601 1719 καὶ
2651 1667 2756 1739 οὐχ
2809 1666 2982 1731 ἁπλῶς
3029 1667 3124 1727 ὕλη
3188 1670 3421 1743 θεωρηθῇ
3456 1684 3471 1699 '

1826 1749 1884 1800 τό
1921 1758 2084 1823 τριχῆ
2118 1755 2254 1826 φέρει
2283 1751 2592 1825 διαστατόν,
2650 1763 2803 1810 τοῦτο
2854 1753 2914 1812 δε
2941 1766 3095 1832 τριῶν
3127 1753 3298 1810 δεῖται
3355 1755 3476 1812 δια-

28 1857 180 1929 πρὸς
240 1856 303 1907 1'6
364 1860 403 1907 Φ
444 1857 630 1926 σχέσις
677 1852 927 1912 καθολικὴ
984 1854 1074 1914 ἕως
1127 1861 1228 1905 τῶν
1281 1849 1482 1906 ἔνδοθεν
1522 1853 1788 1922 τομέωνΒ
1829 1839 2082 1909 στάσεων,
2143 1843 2263 1918 ὅπερ
2332 1842 2385 1907 ἐξ
2450 1842 2684 1918 ἀνάγκης
2740 1844 3066 1922 ἀποτέλεσμά
3127 1845 3240 1902 ἔστι
3289 1854 3381 1901 τοῦ
3436 1853 3477 1901 Γ

30 1942 496 2016 ἐσχηματισμένη
539 1939 740 2007 διόλου,
773 1944 803 2001 6
858 1938 918 1994 δε
948 1940 996 1994 ἐν
1030 1950 1102 2013 τῷ
1157 1949 1195 1996 Φ
1243 1945 1444 2014 συναφὴ
1501 1937 1710 2014 ἀμερὴς,

31 2035 109 2093 ὡς
177 2031 240 2084 ἂν
293 2035 513 2106 εἴποιμι,
574 2031 655 2084 ὃτι
707 2031 851 2084 ἐστὶν
902 2032 1006 2084 οἷον
1055 2029 1110 2083 ἐκ
1177 2033 1445 2106 τεσσάρων
1486 2031 1714 2102 σημείων

34 2123 319 2196 ἁπτομένη
388 2130 480 2175 τοῦ
524 2120 572 2174 έν
620 2131 692 2194 τῷ
744 2125 936 2196 κέντρῳ
993 2128 1052 2190 Φ,
1119 2122 1253 2173 ὥστε
1311 2122 1341 2179 6
1401 2122 1490 2194 μεν
1541 2117 1714 2189 κύκλῳ

32 2217 140 2264 καὶ
198 2213 231 2270 ἡ
281 2210 458 2286 πόῤῥω
510 2214 642 2284 πρὸς
692 2213 750 2263 1'6
790 2217 829 2264 Φ
889 2214 1078 2283 σχέσις
1134 2207 1566 2283 ἐσχηματισμὲνη
1623 2210 1714 2260 καὶ

32 2304 147 2370 τίς,
208 2302 240 2359 6
315 2296 374 2352 δε
443 2303 643 2373 συναφὴ
704 2295 884 2358 ἐπειδὴ
952 2301 1000 2352 ἐν
1057 2305 1302 2373 στιγμοῖς
1365 2297 1557 2375 ἀμερὴς
1622 2301 1712 2350 καὶ

35 2388 358 2450 ἀσύνθετος.
413 2389 724 2465 Εὐρίσκεται
760 2396 882 2462 γοῦν
941 2390 1020 2440 ὅτι
1074 2386 1123 2441 ἓν
1158 2396 1230 2460 τῷ
1279 2395 1318 2443 Φ
1366 2390 1431 2441 τὰ
1468 2393 1714 2459 στοιχεῖα

38 2481 397 2551 στηρίζονται
434 2482 525 2530 καὶ
573 2477 900 2551 λαμϐάνουσι
948 2476 1124 2553 πόῤῥω
1174 2481 1266 2536 τὴν
1307 2478 1547 2530 σύνθεσιν
1576 2477 1711 2529 κατά

34 2567 312 2640 συζυγίας
367 2571 498 2642 πρὸς
556 2569 623 2620 τὰ
672 2567 792 2626 τέλη
849 2567 1036 2634 αὐτῶν,
1089 2569 1158 2629 ὡς
1211 2568 1265 2619 αἱ
1311 2568 1362 2619 ἑν
1411 2574 1485 2638 τῷ
1537 2563 1708 2636 κύκλῳ

33 2660 279 2728 κείμεναι
336 2664 520 2730 μοῖραι
581 2657 636 2709 αἱ
699 2656 924 2729 μείζονες
985 2659 1120 2731 πρός
1172 2657 1268 2718 τὰς
1328 2655 1586 2728 μείζονας,
1654 2656 1715 2724 αἱ,

31 2744 268 2816 πλαγίαι
341 2747 474 2820 πρὰς
545 2746 640 2804 τὰς
715 2743 958 2817 πλαγίας,
1021 2749 1112 2797 καὶ
1185 2744 1351 2807 οὕτως
1429 2744 1708 2820 κραθεῖσαι

36 2833 206 2885 αὗται
257 2834 313 2886 αἱ
368 2835 539 2886 εὐθεῖα
598 2835 730 2905 μετά
784 2837 877 2893 τὴν
929 2841 1027 2886 τῶν
1090 2841 1374 2910 περιφερῶν
1431 2837 1708 2906 σχηματί-

40 2927 252 2990 ζονται,
284 2922 504 2996 ἑκάτερα
553 2927 680 3000 πρὸς
734 2925 794 2976 τὸ
837 2931 934 2985 τῆς
972 2923 1217 2998 ἑκατέρας
1261 2919 1515 2997 ἁρμόδιον
1571 2925 1708 2975 κατὰ

37 3017 141 3071 τήν
198 3019 294 3075 τῆς
342 3015 640 3085 ἐπιστήμης
698 3009 986 3076 ἀπόδειξιν.
1046 3015 1221 3085 Τούτῳ
1272 3009 1339 3072 δη
1404 3019 1477 3084 τῷ
1531 3015 1705 3086 τρόπῳ

39 3105 138 3154 καὶ
223 3109 391 3156 ταῦτα
463 3104 652 3176 ὁμοίως
745 3102 970 3156 ἐνοῡνταί
1041 3122 1096 3156 τε
1168 3107 1258 3156 καὶ
1330 3101 1702 3157 ποικίλλονται.

41 3347 189 3407 quase
202 3331 261 3388 in
276 3331 514 3406 U,quod
526 3332 685 3389 estin
697 3332 1450 3402 centro,coha3rent.Quare
1461 3332 1707 3391 circula-

41 3423 134 3480 ris
153 3421 253 3478 illa
270 3425 450 3495 atque
471 3438 502 3478 e
517 3422 854 3495 longinquo
869 3422 1119 3480 reducta
1133 3423 1550 3480 convenientia
1567 3438 1705 3479 cum

38 3515 113 3581 N,
131 3510 496 3581 estﬁgurata
524 3515 582 3569 et
609 3510 1329 3584 particularis.Copulatio
1345 3526 1489 3569 vero
1518 3528 1708 3585 quan-

38 3600 374 3674 doquidem
403 3601 466 3656 in
488 3603 727 3673 punctis
750 3601 1132 3669 consistit,est
1156 3600 1464 3657 individua
1489 3604 1546 3658 et
1571 3602 1708 3658 sim-

35 3690 624 3764 plex.Comperimus
659 3691 840 3762 igitur
867 3689 1162 3747 elementa
1191 3690 1444 3746 fundata
1472 3707 1600 3748 esse
1636 3707 1706 3748 ac

39 3780 171 3836 ﬁxa
194 3779 254 3835 in
286 3785 489 3836 centro
516 3783 581 3848 N,
616 3796 686 3836 ac
715 3780 776 3836 in
810 3779 1054 3837 remotis
1082 3779 1262 3836 etiam
1293 3779 1566 3852 partibus
1605 3781 1707 3838 ad.

40 3869 280 3926 mittere
309 3869 808 3942 compositionem
861 3886 1000 3926 cum
1033 3868 1312 3926 extremis
1343 3867 1465 3924 suis
1496 3881 1706 3924 secun-

42 3957 196 4015 dum
227 3959 702 4030 conjugationes,
718 3975 841 4016 non
869 3960 1038 4016 aliter
1057 3963 1257 4032 partes
1281 3962 1459 4031 atque
1490 3971 1627 4030 quas
1643 3956 1707 4014 in

49 4047 273 4105 circulo
311 4049 696 4119 assignantur
725 4049 985 4122 majores
1017 4064 1153 4105 cum
1183 4047 1536 4119 majoribus,
1563 4045 1708 4102 obli-

55 4152 196 4210 quas
235 4152 370 4193 cum
400 4137 681 4210 obliquis,
716 4143 896 4211 atque
936 4140 1016 4195 ita
1049 4137 1201 4194 inter
1235 4153 1297 4193 se
1329 4135 1510 4193 simul
1559 4140 1708 4193 tem-

57 4230 282 4299 perata:
309 4230 484 4283 rectae
533 4243 672 4283 cum
720 4227 1108 4284 circularibus
1161 4226 1515 4297 ﬁgurantur,
1557 4225 1710 4282 inter

62 4332 133 4372 se
171 4315 580 4373 convenienter
635 4317 967 4373 secundum
1023 4316 1283 4373 scientiae
1334 4315 1707 4372 demonstra-

68 4404 306 4461 tionem.
363 4407 482 4461 Hoc
528 4404 710 4476 igitur
760 4405 944 4462 modo
993 4409 1049 4462 et
1093 4406 1224 4462 haec
1255 4404 1520 4461 similiter
1557 4404 1709 4463 inter

65 4509 132 4548 se
160 4493 440 4550 uniuntur
468 4510 538 4550 ac
569 4494 914 4551 varietatem
944 4494 1285 4568 acquirunt.
1313 4495 1506 4560 Quare
1545 4509 1708 4568 aqua

1824 1934 1864 1980 Υ
1901 1934 1942 1981 Α
2001 1935 2045 1982 Π
2084 1929 2400 2004 ἀναγκαίως,
2429 1936 2487 1986 τό
2535 1942 2577 1988 Υ
2625 1941 2717 1988 τοῦ
2770 1942 2808 1989 Γ
2850 1933 2978 1989 εἶναι
3032 1933 3332 2006 διπλάσιον,
3393 1937 3476 1991 ἵνα

1823 2015 2288 2090 προσλαμϐάνοντα
2333 2029 2501 2074 ταῦτα
2542 2026 2632 2076 καὶ
2688 2026 2748 2078 1'6
2801 2029 2841 2076 A
2902 2033 2946 2079 Il
2980 2024 3196 2079 τελῶσιν
3244 2029 3374 2101 ὁμοῦ
3408 2029 3475 2081 τὰ

1823 2107 2142 2173 καθέκαστα,
2198 2114 2289 2163 καὶ
2326 2119 2528 2184 πρῶτον
2563 2115 2654 2186 μὶν
2697 2113 2785 2166 οὖν
2845 2116 3037 2188 σχῆμά
3093 2114 3207 2168 ἐστι
3257 2119 3318 2169 1'6
3364 2119 3475 2192 τρίς

1795 2191 2002 2266 ’γωνον.
2038 2195 2248 2258 Ἐπειδὴ
2297 2195 2356 2253 δε
2385 2202 2411 2252 ό
2457 2197 2554 2255 δύο
2606 2211 2696 2264 τῆς
2724 2199 2948 2275 μονάδος
2987 2200 3288 2273 διπλάσιος,
3329 2207 3360 2264 ἡ
3396 2191 3472 2259 ίδε

1821 2287 1981 2358 μονάς
2033 2305 2090 2339 τε
2130 2291 2220 2340 καὶ
2274 2289 2305 2347 6
2359 2285 2488 2351 δυὰς
2540 2287 2738 2364 τριάδα
2790 2291 3044 2361 τελοῦσιν,
3100 2291 3154 2346 ἐκ
3207 2302 3302 2356 τῆς
3349 2296 3468 2347 τού-

1818 2391 1917 2426 των
1966 2377 2250 2438 συνθέσεὼς
2291 2375 2345 2441 ἐξ
2397 2377 2622 2453 ἀνάγκης
2677 2379 2816 2434 ἐστὶν
2853 2380 2887 2442 6
2929 2383 3097 2456 τριὰς,
3148 2384 3178 2441 6
3240 2379 3300 2436 δὲ
3326 2385 3470 2456 τριὰς

1821 2465 1935 2535 ἔχει
1967 2472 2157 2537 μῆκος,
2211 2464 2375 2539 βάθος
2433 2474 2524 2522 καὶ
2580 2468 2819 2534 πλάτοςο
2879 2475 2969 2524 καὶ
3017 2469 3183 2544 βάθος
3240 2475 3330 2546 μὶν
3376 2477 3469 2532 τὴν

1818 2551 2026 2626 μονάδα
2095 2557 2332 2630 πυθμένα
2406 2555 2568 2612 οὖσαν
2619 2562 2812 2622 παντὸς
2875 2559 3121 2635 ἀριθμοῦ,
3181 2569 3345 2636 μῆκος
3410 2558 3471 2616 δ¹ε

1818 2646 1912 2702 τὴν
1969 2640 2150 2699 δυάδα
2198 2664 2215 2682 ο
2278 2655 2483 2722 πρῶτος
2549 2650 2651 2723 γὰρ
2717 2654 2808 2703 καὶ
2868 2650 3181 2725 ἑτερομήκης
3241 2650 3381 2704 ἐστὶν
3434 2653 3465 2711 6

1820 2727 1992 2793 δυάς·
2050 2734 2240 2798 πλάτος
2306 2733 2365 2790 δὲ
2413 2737 2596 2798 ἑαυτήν
2628 2757 2641 2772 ·
2709 2739 2778 2803 εἰς
2833 2739 3120 2814 τούμφανὶς
3169 2743 3269 2814 γὰρ
3331 2745 3470 2817 φέρει

1816 2824 1882 2873 τὰ
1914 2826 2193 2895 σχήματα.
2254 2825 2404 2878 Οὕτω
2453 2835 2578 2898 γοῦν
2634 2831 2770 2882 κατά
2824 2828 2971 2902 λόγον
3002 2831 3078 2903 (1)
3122 2833 3470 2904 σπερματικόν

1818 2907 2244 2985 ἀναλογιζόμενον
2321 2911 2600 2970 διπλάσιον
2681 2923 2768 2971 καὶ
2834 2921 2894 2971 1'6
2958 2915 3102 2992 ὕδωρ
3179 2917 3471 2993 ἀναγκαίως

1816 3007 1906 3060 τῆς
1974 3008 2074 3072 γῆς
2131 2997 2224 3054 διὰ
2279 3010 2448 3056 ταῦτα
2503 3003 2716 3077 ἐγένετο,
2785 3010 2873 3060 καὶ
2919 3005 3233 3067 ἐπετέθησαν
3279 3010 3470 3086 θάτερα

1815 3089 2126 3143 ὑποκεῖσθαι
2171 3097 2328 3146 παντὶ
2369 3101 2558 3168 στερεῷ
2606 3113 2660 3148 τε
2697 3095 2773 3169 (2)
2825 3099 2916 3150 καὶ
2955 3098 3103 3170 πάσῃ
3159 3105 3222 3171 τῇ
3266 3097 3345 3152 ἔπ’
3377 3098 3469 3153 αύ-

1813 3323 2319 3391 untur.Quoniam
2335 3327 2540 3384 autem
2561 3341 2741 3384 omne
2770 3339 2992 3400 corpus
3015 3332 3366 3402 separatum
3387 3333 3467 3392 ab

1815 3412 1946 3470 aliis
1969 3414 2324 3487 corporibus
2352 3415 2549 3473 forma
2576 3415 2892 3490 praeditum
2913 3420 3018 3488 est,
3044 3432 3241 3493 neque
3256 3424 3322 3479 ut
3342 3437 3470 3482 ma-

1818 3501 1962 3560 teria
1982 3503 2346 3576 intelligitur,
2379 3505 2486 3561 sed
2507 3509 2830 3579 utrumque
2851 3510 2944 3564 est
2970 3522 3108 3565 cum
3128 3507 3328 3569 forma
3355 3511 3466 3584 (sio

1813 3591 1975 3649 enim
1987 3593 2216 3666 aliquid
2232 3609 2368 3651 esse
2381 3593 2775 3668 putabilur,et
2783 3611 2908 3654 non
2923 3596 3194 3657 absolute
3205 3602 3271 3657 ut
3284 3605 3469 3660 mate-

1813 3683 1902 3739 ria
1923 3683 2372 3740 consideratum
2401 3685 2619 3757 fuerit),
2645 3686 2761 3742 hoc
2791 3690 2995 3744 autem
3015 3693 3148 3760 eget
3165 3688 3356 3747 tribus
3375 3691 3469 3750 in-

1813 3771 2071 3828 tervallis
2099 3772 2205 3846 qui
2225 3775 2565 3832 necessario
2586 3773 2829 3833 effectus
2849 3781 2940 3833 est
2963 3776 3180 3835 horum
3210 3779 3472 3838 elemen.

1817 3865 2014 3918 torum
2051 3865 2093 3920 T
2122 3865 2171 3920 Μ
2199 3867 2286 3921 ΑΙ
2316 3882 2329 3921 :
2368 3865 2504 3922 ideo
2537 3880 2685 3921 sane
2713 3880 2960 3922 necesse
2988 3871 3078 3925 est
3108 3872 3172 3925 ut
3198 3871 3249 3927 M
3277 3870 3467 3942 ipsius

1814 3955 1856 4010 T
1887 3952 1959 4009 sit
1985 3951 2261 4026 duplum,
2283 3957 2350 4010 ut
2377 3953 2703 4027 assumptis
2733 3969 2938 4011 secum
2961 3959 3009 4011 Α
3045 3959 3068 4011 Ι
3107 3955 3368 4016 efficiant
3393 3959 3466 4016 si-

1815 4041 1944 4098 mul
1972 4042 2315 4113 singularia.
2349 4048 2426 4100 Ac
2454 4045 2651 4117 prima
2673 4043 2920 4117 quidem
2945 4044 3143 4116 ﬁgura
3167 4049 3254 4104 est
3279 4047 3465 4106 trian-

1817 4132 2045 4203 gulum.
2077 4131 2372 4197 Quoniam
2395 4137 2595 4189 autem
2615 4132 2738 4189 duo
2760 4137 2898 4190 sunt
2919 4133 3163 4192 unitatis
3185 4136 3462 4210 duplum,

1815 4228 2014 4280 unitas
2037 4237 2178 4280 vero
2206 4228 2260 4280 et
2288 4222 2602 4280 binaribus
2621 4238 2909 4280 numerus
2936 4224 3051 4283 tria
3073 4225 3466 4301 eﬂlciunt,ne-

1817 4310 2074 4367 cessario
2096 4325 2168 4367 ex
2187 4311 2408 4368 harum
2427 4313 2862 4386 compositione
2883 4317 3119 4373 constat
3145 4318 3462 4377 ternarius.

1815 4401 2127 4458 Ternarius
2158 4404 2358 4458 autem
2387 4401 2570 4458 habet
2595 4401 3056 4476 longitudinem,
3090 4404 3466 4466 altitudinem

1815 4495 1873 4545 et
1890 4491 2376 4548 latitudinem.Ac
2402 4489 2778 4550 altitudinem
2799 4491 3045 4565 quidem
3065 4494 3250 4554 habet
3266 4498 3465 4555 unita-

62 4583 254 4652 magis
296 4588 552 4654 cognata
578 4587 666 4639 est
692 4588 859 4640 terrae
906 4599 1094 4657 quam
1139 4583 1313 4654 ignis,
1365 4587 1422 4640 et
1451 4599 1553 4640 aer
1581 4584 1707 4656 igni
1737 4572 1781 4627 Ι)
1815 4587 1933 4640 tem
1950 4597 2080 4656 qua:
2097 4581 2275 4638 veluti
2290 4580 2754 4639 fundamentum
2770 4584 3461 4662 estcujuslibetnumeri;

58 4672 252 4742 magis
281 4688 466 4742 quam
496 4677 741 4740 terra,et
759 4688 920 4746 aqua
948 4673 1070 4730 aeri
1089 4673 1325 4745 magnis
1345 4688 1531 4745 quam
1555 4673 1700 4746 igni,

58 4765 118 4818 et
136 4777 230 4818 aer
241 4777 410 4835 aquae
427 4763 612 4833 magis
628 4778 805 4836 quam
828 4762 1547 4836 terraa,quemadmodum
1564 4779 1700 4836 pro-

54 4852 246 4926 portio
265 4852 323 4908 in
351 4852 552 4909 circuli
579 4853 846 4926 partibus
876 4853 1152 4910 ostendit.
1169 4855 1415 4926 Semper
1439 4853 1599 4911 enim
1625 4869 1696 4912 ac

55 4941 383 5000 necessario
435 4949 708 5000 centrum
749 4948 838 4999 est
868 4945 930 5000 U.
963 4943 1077 4999 Illae
1109 4957 1247 5000 vero
1303 4947 1501 5016 partes
1554 4950 1694 5002 sunt

55 5047 242 5089 unum
270 5047 373 5104 per
411 5032 576 5088 aliud
606 5039 661 5089 et
689 5034 750 5089 in
770 5033 976 5104 altero,
1008 5039 1064 5090 et
1099 5034 1588 5107 appropinquant
1617 5035 1695 5091 ad

55 5121 216 5179 aliud
236 5122 564 5178 secundum
593 5122 739 5178 illud
769 5124 933 5196 quod
961 5128 1047 5180 est
1073 5124 1264 5193 magis
1287 5139 1356 5180 ac
1385 5124 1605 5192 minus,
1623 5124 1695 5180 si-

53 5211 182 5269 mul
195 5227 324 5267 vero
337 5217 580 5284 propter
592 5225 660 5268 co
667 5212 1035 5285 pulationem
1047 5212 1106 5269 in
1120 5213 1253 5286 ipso
1268 5214 1312 5269 U
1327 5213 1532 5269 omnia
1544 5228 1692 5269 com-

54 5301 221 5358 muni
239 5302 462 5358 ratione
494 5309 636 5358 sunt
652 5308 929 5373 cognata.
957 5303 1437 5376 Temperationes
1458 5319 1601 5360 vero
1623 5319 1692 5359 ac

51 5391 332 5448 elementa
349 5390 684 5448 secundum
697 5389 989 5450 sectiones
1004 5395 1059 5450 et
1071 5393 1397 5465 positiones
1413 5391 1690 5450 distribu-

1810 4671 2250 4744 longitudinem
2278 4687 2440 4745 vero,
2473 4671 2778 4729 binarium
2800 4688 3123 4732 numerum
3146 4676 3308 4749 (nam
3342 4678 3463 4750 pri-

1807 4779 1946 4821 mus
1969 4776 2258 4818 numerus
2285 4777 2358 4817 ex
2387 4761 2574 4818 altera
2602 4765 2772 4835 parte
2800 4763 3019 4835 longus
3040 4769 3129 4821 est
3147 4765 3458 4836 binarius);

1803 4854 2181 4926 latitudinem
2227 4867 2371 4908 vero
2401 4851 2686 4924 seipsum.
2732 4855 2879 4910 Nam
2910 4852 2973 4908 in
3009 4851 3207 4910 lucem
3235 4852 3461 4926 profert

1802 4945 2176 5016 ﬁguras.Hoc
2196 4940 2376 5010 igitur
2395 4939 2580 4996 modo
2609 4939 2942 4996 secundum
2960 4939 3254 4996 rationem
3278 4940 3356 4997 ad
3374 4941 3458 5014 gi-

1805 5031 2115 5105 gnendum
2131 5029 2612 5103 progredientem
2629 5028 2934 5101 proportio
2961 5043 3129 5101 aqua:
3144 5044 3283 5085 cum
3299 5031 3456 5088 terra

1805 5125 2162 5195 comparata;
2191 5117 2532 5176 necessario
2571 5116 2739 5190 dupli
2776 5116 3068 5174 rationem
3093 5116 3339 5189 obtinet,
3371 5124 3455 5176 at-

1801 5222 1920 5286 que
1937 5213 2058 5267 duo
2077 5208 2308 5281 reliqua
2323 5209 2570 5279 insuper
2587 5205 2796 5262 addita
2811 5211 2950 5263 sunt
2970 5209 3035 5263 ut
3055 5210 3210 5264 esset
3229 5207 3394 5280 quod
3414 5224 3454 5266 a

1801 5307 2018 5359 natura
2039 5299 2517 5356 substerneretur
2540 5294 2961 5369 compositioni
2980 5295 3176 5354 omnis
3207 5295 3380 5354 solidi
3395 5300 3453 5356 et

1803 5391 2070 5465 corporis
2100 5391 2158 5446 et
2185 5386 2384 5444 omnis
2413 5385 2476 5443 in
2512 5384 2645 5458 ipso
2693 5383 3030 5458 superﬁciei
3079 5389 3260 5460 atque
3296 5384 3450 5445 adeo

117 5648 184 5792 Et)
213 5651 373 5721 Λόγος
404 5652 774 5726 σπερματικὸς,
787 5649 943 5708 ratio
969 5649 1050 5708 ad
1074 5645 1450 5722 gignendum
1477 5650 1890 5726 progrediens,
1904 5663 2042 5727 quae
2071 5649 2136 5710 in
2153 5647 2576 5724 progressione
2598 5654 2992 5708 numerorum
3009 5641 3445 5709 consideratur.

141 5719 193 5792 2)
217 5721 363 5792 Lego
382 5727 540 5779 παντὶ
567 5731 754 5792 στερεῷ
790 5741 845 5778 τε
869 5727 960 5780 καὶ
996 5727 1203 5792 σώματι
1224 5727 1315 5780 καὶ
1341 5725 1487 5792 πάσῃ
1516 5733 1578 5792 τῇ
1620 5725 1697 5781 ἐπ’
1728 5725 1920 5785 αὐτῶν.

141 5719 193 5792 2)
217 5719 363 5794 Lego
382 5719 546 5779 παντί
567 5731 754 5798 στερεῷ
790 5741 845 5778 τε
869 5727 960 5780 καὶ
996 5719 1203 5799 σώματι
1224 5727 1315 5780 καὶ
1341 5719 1501 5801 πάσῇ
1516 5733 1578 5800 τῇ
1593 5719 1697 5781 ’ἐπ’
1728 5719 1920 5785 αὐτῶν.
