3932 6326
459 351 601 408 1287
1992 341 2012 395 l

2310 355 2348 398 ι.
3771 353 3863 407 iw.

451 484 553 528 τῶν
605 473 872 545 ἐπιφανείᾳ
897 476 988 524 καὶ
1044 475 1251 541 σώματι
1287 473 1378 520 καὶ
1415 472 1571 539 μήκει
1616 469 1770 518 παντὶ
1804 467 1948 539 παρὰ
2001 472 2096 526 τῆς
2126 471 2174 520 Α
2201 469 2407 540 κύκλον,
2439 469 2717 527 διπλάσιοι
2763 477 2813 528 οξ
2864 483 2904 529 Υ
2955 476 3262 550 ὑπάρχουσι
3314 482 3523 547 τομεῖ-ς,
3593 481 3696 527 καὶ
3747 479 3859 529 5.5,:

455 569 670 637 φύσεως.
731 565 826 615 Διὰ
876 569 1027 612 τούτο
1087 563 1257 610 τοίνυν
1312 565 1404 609 τοῦ
1462 563 1500 608 Γ
1554 560 1744 628 τομίως
1799 553 1935 606 ἐστὶν
1989 555 2015 605 ὁ
2069 561 2110 608 Υ
2215 564 2340 621 τούς
2390 568 2431 613 Υ
2484 572 2658 636 τομεῖς
2696 566 2801 637 ἄρα
2846 565 3033 626 κύκλος
3084 569 3320 637 περιέχει
3375 569 3470 617 τὸν
3525 567 3645 616 ὑπὸ
3701 572 3864 627 rein?

453 651 750 720 διπλάσιος,
816 651 864 704 ἓν
931 646 990 702 δί
1036 653 1127 700 καὶ
1182 645 1279 700 δύο
1333 651 1473 719 τρία,
1513 651 1605 698 καὶ
1663 642 1808 718 ὕδωρ
1857 647 1962 718 ἄρα
2018 650 2108 696 καὶ
2215 658 2390 720 τομεῖς
2457 653 2641 705 κύκλον
2709 657 2843 706 κατὰ
2906 653 3058 724 λόγον
3117 658 3203 705 τὸν
3257 651 3624 718 διπλασίονα,
3690 662 3780 706 καὶ
3829 677 3862 706 τι

451 745 482 801 ἠ
551 751 617 814 γῆ
686 748 822 814 τρεῖς
869 735 1081 812 μερίδες
1144 737 1275 790 εἰσὶν
1332 735 1678 807 έξισούμεναι,
1737 734 1788 785 έν
1842 735 1921 794 αἷς
1975 737 2107 807 πρὸς
2214 736 2358 813 ὕδωρ
2419 739 2521 812 ἀρα
2579 747 2815 816 περιέχει
2882 750 3055 796 πᾶσαν
3101 749 3193 801 τὴν
3247 752 3347 814 γῆν
3398 747 3551 796 κατὰ
3604 743 3765 815 λόγον
3812 751 3866 795 τὲ»

453 838 548 891 τὴν
598 839 688 883 τοῦ
747 836 945 882 σκοποῦ
1001 825 1314 897 ἐντελέχειαν
1374 826 1605 878 ένοῦνται
1646 829 1736 874 καὶ
1769 824 1798 880 ἡ
1836 830 1875 875 Α
1911 830 1973 888 Π,
2015 828 2106 875 καὶ
2215 825 2551 896 διπλασίονα,
2602 831 2906 903 ἐξογκοῦται
2959 836 3016 884 τὸ
3066 833 3245 885 λοιπόν
3294 835 3320 884 6
3360 835 3466 885 ύπὸ
3527 837 3674 894 τούς
3721 842 3760 886 Υ
3809 854 3866 884 το-

452 923 658 976 τελοῦσι
682 924 749 972 τὰ
787 919 838 982 ἐξ
867 918 1060 972 αὐτῶν.
1113 917 1272 969 Πάλιν
1299 911 1478 972 ἐπειδὴ
1531 917 1602 975 ὡς
1636 911 1911 986 ύποϐάθρα
1938 920 2106 965 ταῦτα
2213 925 2326 988 μείς
2405 919 2609 980 κύκλος.
2694 921 3030 993 Ἀναχθῶμεν
3116 929 3242 992 γοῦν
3333 928 3421 972 καί
3521 923 3608 982 εἰς
3713 924 3863 994 ἕτερον.

453 1012 702 1069 ἐτέθησαν
757 1014 847 1060 καὶ
903 1009 968 1067 ὡς
1023 1005 1116 1062 ὕλη
1164 1009 1458 1077 παχυτέρα,
1605 1022 1699 1055 συν
1761 1001 1976 1072 ἁγονται
2013 1005 2104 1052 καὶ
2211 1004 2382 1059 Ἔστω
2437 1013 2606 1060 τοίνυν
2671 1015 2761 1062 καί
2814 1012 2840 1062 6
2879 1019 2919 1063 Υ
2973 1015 3158 1082 τομεύς
3219 1007 3396 1073 δεκὰς,
3441 1013 3470 1062 6
3515 1008 3583 1064 δὲ
3631 1017 3678 1063 Δ
3735 1031 3864 1063 nats

450 1103 518 1152 τὰ
590 1101 768 1174 ἔτερα,
865 1095 1160 1167 ἀναγκαίως
1239 1093 1381 1156 λέξαι
1453 1095 1728 1161 κατεπειγό
1803 1091 1937 1160 μεθα
2009 1089 2101 1140 a13-
2211 1092 2481 1161 καιδεκάς,
2529 1103 2830 1171 περιέχεται
2867 1107 2991 1169 γοῦν
3029 1102 3056 1150 6
3104 1107 3145 1152 Υ
3192 1102 3292 1151 ύπό
3343 1104 3432 1151 τὸν
3493 1107 3533 1154 Δ
3571 1121 3589 1133 ο
3660 1103 3867 1152 iam.

448 1199 546 1244 τῶν
606 1195 698 1247 τὴν
775 1189 1130 1259 σννάθροισιν,
1197 1183 1332 1235 οὕτω
1404 1185 1505 1254 γὰρ
1581 1186 1670 1232 καὶ
1721 1183 1810 1240 τὰς
1861 1181 2098 1252 κράσεις,
2212 1181 2272 1236 δέ
2326 1190 2417 1236 καί
2478 1189 2527 1238 οἱ
2565 1187 2727 1260 ἕτεροι
2773 1195 2908 1260 τρεῖς
2971 1196 3145 1260 τομεῖς
3188 1197 3228 1241 Υ
3290 1185 3539 1254 δεκάδες,
3617 1192 3675 1242 oi
3736 1187 3792 1242 δέ
3844 1199 3866 1240 Δ

451 1281 534 1332 ἵνα
592 1283 856 1350 νοήσωμεν
910 1283 1022 1335 πῶς
1081 1276 1272 1344 ἔχουσι
1325 1276 1420 1329 τήν
1480 1271 1554 1331 εἰς
1625 1267 1846 1329 ἀλλήλας
1903 1272 2102 1338 συγγέ-
2208 1271 2689 1337 πεντεκαιδεκάδες.
2751 1277 2810 1329 Εἰ
2878 1279 2984 1348 οἰρα
3037 1276 3273 1348 ἡμιολιος
3321 1285 3362 1330 Δ
3413 1286 3516 1329 τοῦ
3573 1286 3642 1348 Υ,
3711 1287 3800 1329 καί
3841 1300 3868 1329 εκ

448 1389 605 1424 vum.
2208 1362 2367 1435 ἕτεροι
2393 1369 2433 1414 Α
2464 1372 2562 1415 τῶν
2606 1372 2646 1417 Υ
2692 1365 2925 1436 ἡμιόλιοι
2959 1387 2972 1398 ·
3025 1365 3068 1417 εἰ
3123 1361 3184 1418 δέ
3235 1375 3333 1418 τῶν
3382 1367 3493 1440 ἄρα
3526 1369 3807 1440 τεττάρων
3845 1378 3868 1419 1'

517 1457 585 1529 γ’.
637 1460 738 1509 Καὶ
786 1456 866 1507 ὅτι
1033 1448 1121 1504 οὖν
1179 1455 1236 1502 1'6
1298 1456 1338 1501 Υ
1385 1455 1478 1500 τοῦ
1536 1453 1573 1498 Γ
1624 1442 1926 1508 διπλάσιον,
1972 1442 2100 1496 ἀλλὰ
2206 1455 2400 1521 τομέων
2455 1461 2554 1503 τῶν
2623 1459 3018 1526 συναπτομένων
3083 1459 3175 1506 καί
3237 1457 3525 1507 ποιούντων
3607 1464 3656 1509 Υ
3709 1456 3871 1506 rixis:

447 1552 537 1599 καὶ
583 1549 641 1596 τὸ
673 1553 712 1598 Δ
768 1540 1214 1613 τούΥήμιολιον,
1254 1540 1501 1596 ὡσαύτως
1549 1540 1641 1587 καὶ
1691 1538 1750 1586 1'6
1810 1541 1852 1588 Π
1910 1541 2002 1585 τοῦ
2057 1541 2098 1586 Α
2207 1540 2439 1612 ἠμιόλιοι
2498 1544 2549 1593 οι
2610 1548 2649 1594 Α
2708 1551 2880 1616 τομεῖς
2923 1545 3234 1616 ὑπάρχουσι
3284 1548 3373 1596 καί
3435 1545 3464 1596 6
3519 1545 3634 1597 ὑπό
3683 1551 3803 1606 τοὺς
3841 1555 3873 1599 Α

449 1634 729 1707 ἐπίτριτον,
790 1631 971 1691 ἀληθές
1001 1651 1014 1663 ·
1067 1631 1098 1687 ἡ
1155 1632 1256 1702 γὰρ
1311 1629 1614 1699 καταγραφὴ
1667 1631 1759 1676 τοῦ
1818 1628 2098 1694 σχήματος
2206 1638 2381 1701 νομεῖς
2432 1632 2536 1704 ἄρα
2599 1633 2786 1693 κύκλος
2844 1638 3083 1708 περιέχει
3136 1638 3224 1686 τὸν
3270 1637 3370 1686 ύπο
3422 1639 3554 1695 τούς
3609 1644 3657 1688 Υ
3725 1643 3875 1707 mari;

448 1731 538 1778 καὶ
575 1721 740 1798 ῥᾳδία
767 1727 857 1774 καὶ
908 1720 1164 1791 ἀναγκαία
1202 1722 1292 1770 καὶ
1328 1717 1422 1769 ούκ
1471 1715 1639 1774 ἄλλως
1689 1715 1893 1784 ἔχουσά
1931 1711 2094 1780 ἐστιν,
2205 1721 2390 1770 κύκλον
2465 1723 2602 1772 κατὰ
2671 1720 2824 1792 λογον
2898 1725 2986 1774 τὸν
3047 1723 3305 1794 ἡμιόλιον,
3371 1727 3464 1775 καί
3531 1726 3556 1775 6

449 1815 562 1871 ἦτιν
631 1815 766 1865 κατὰ
822 1816 880 1863 τὸ
956 1813 1167 1881 συνεχὲς
1219 1812 1382 1860 ποσὸν
1455 1807 1909 1877 καταμετρουμένη
1982 1799 2097 1855 δει-
2125 1813 2170 1869 Β
2209 1811 2443 1880 περιέχει
2493 1812 2552 1860 τὸ
2610 1805 2753 1881 ὕδωρ
2801 1816 2904 1862 πᾶν
2947 1814 3083 1862 κατά
3124 1810 3276 1882 λόγον
3320 1814 3406 1864 τὸν
3456 1812 3718 1884 ἡμιόλιον
3751 1835 3766 1846 ο
3811 1813 3875 1874 εξ-

449 1906 615 1956 κνύσιν
661 1900 881 1954 δύναται
944 1905 1032 1958 τὴν
1082 1898 1323 1957 ἀλήθιιαν
1365 1901 1455 1948 καὶ
1520 1899 1614 1952 τὴν
1669 1903 1764 1955 τῆς
1834 1911 2100 1962 στοιχεια-
2207 1903 2454 1966 ογκούται
2525 1903 2695 1950 τοίνυν
2783 1901 2811 1956 ἡ
2906 1905 3216 1970 στοιχειοαή
3316 1899 3550 1972 ἁρμονία
3641 1909 3872 1972 πότερον.

448 2001 546 2054 πῆς
597 1991 724 2052 ὕλης
788 1995 952 2065 φέρειν
1003 1992 1077 2050 εἰς
1137 1987 1258 2058 ὄψιν
1331 1984 1628 2054 ἀναλογίαν,
1694 1989 1790 2040 τὴν
1854 1986 1972 2054 περὶ
2040 1985 2099 2032 τὸ
2205 1985 2517 2058 Μετάϐώμεν
2579 1993 2670 2039 καί
2716 1992 2843 2062 πρὸς
2891 1991 2978 2040 τὸν
3031 1987 3160 2062 ἀέρα
3214 1985 3434 2052 δικαίως
3464 2010 3478 2023 ·
3554 1994 3704 2042 ἔστω
3761 2000 3874 2060 7m

452 2085 633 2148 ποσὸν,
691 2085 780 2133 καὶ
832 2082 912 2132 ὅτι
969 2077 1294 2147 ἀλληλουχία
1347 2076 1579 2148 ύπάρχει
1643 2070 1692 2123 έν
1749 2071 1912 2140 αύτῷ.
1961 2070 2100 2122 Ἐπεὶ
2204 2079 2295 2126 καί
2348 2075 2506 2136 οὕτως
2566 2078 2592 2128 6
2632 2083 2671 2128 Δ
2711 2081 2914 2148 τομεύς,
2965 2074 3386 2144 πεντεκαιδεκὰς,
3439 2080 3467 2129 6
3515 2075 3578 2131 δέ
3647 2087 3692 2132 Π
3752 2079 3875 2131 εἰκο-

453 2167 512 2223 δι
563 2175 652 2222 καὶ
699 2169 756 2221 έκ
795 2165 1235 2241 παραδειγμάτων
1286 2163 1369 2216 ἐπὶ
1412 2165 1470 2214 1'6
1520 2165 1832 2233 σαφέστερον
1886 2156 1968 2212 δεῖ
2014 2176 2098 2211 επ·
2208 2166 2325 2231 σὰς,
2375 2169 2676 2237 περιέχεται
2721 2174 2845 2237 γοῦν
2901 2168 2928 2218 6
2983 2172 3024 2218 Δ
3072 2168 3174 2219 ύπό
3227 2175 3317 2218 τοῦ
3370 2173 3414 2219 Π
3446 2184 3461 2197 °
3523 2171 3776 2221 εστωσαν
3827 2166 3874 2220 δε

451 2263 594 2332 άγειν
669 2261 805 2331 ἡμᾶς
878 2260 944 2309 τὰ
1015 2260 1271 2326 νοήματα,
1351 2249 1606 2322 δείξομεν.
1667 2249 1842 2302 Ἐστω
1909 2245 1969 2300 δε
2040 2251 2100 2300 τὸ
2205 2257 2295 2304 καί
2355 2255 2404 2305 οἱ
2460 2255 2618 2328 ἕτεροι
2671 2263 2806 2326 τρεῖς
2872 2263 3050 2327 τομεῖς
3120 2263 3161 2309 Α
3234 2253 3746 2320 πεντεκαιδεκάδες.
3825 2259 3872 2310 Ei

450 2345 789 2422 παράδειγμα
843 2346 1007 2405 οὕτως
1040 2365 1053 2379 ο
1102 2343 1246 2396 Ἠτω
1285 2346 1310 2394 6
1367 2343 1456 2413 μὲν
1510 2345 1548 2392 Γ
1596 2342 1779 2410 τομεύς
1830 2339 2030 2406 πεντὰς,
2073 2338 2100 2388 ὁ
2206 2343 2311 2413 ἄρα
2370 2340 2630 2416 ἐπίτριτος
2688 2345 2714 2394 6
2772 2350 2816 2395 Π
2869 2351 2962 2396 τού
3021 2351 3082 2415 Α,
3142 2349 3234 2396 καί
3285 2347 3336 2396 οἰ
3385 2346 3559 2419 ἕτεροι
3601 2353 3651 2398 Π
3698 2355 3802 2398 τῶν
3839 2355 3868 2396 .t

451 2435 511 2491 δὶ
551 2433 773 2496 Υδεκάς
806 2456 819 2468 ·
871 2438 1172 2509 περιέχεται
1217 2438 1342 2502 γοῦν
1398 2431 1424 2481 6
1465 2430 1630 2481 Γύπὸ
1669 2431 1756 2479 τὸν
1804 2434 1844 2479 Υ
1875 2447 1888 2459 ο
1945 2429 2101 2478 ἔστω-
2208 2428 2505 2504 ἑπὶτριτοι·
2561 2432 2605 2484 εἰ
2662 2429 2722 2484 δέ
2773 2441 2872 2484 τῶν
2933 2433 3039 2504 ἄρα
3101 2434 3352 2506 τεττάρων
3413 2441 3456 2487 Δ
3521 2439 3731 2506 τομέων
3785 2445 3876 2485 τῶν

452 2545 548 2578 σαν
602 2521 661 2576 δε
702 2529 789 2575 καὶ
837 2525 888 2574 oi.
909 2525 1072 2597 ἕτεροι
1118 2528 1252 2595 τρεῖς
1288 2525 1325 2572 Γ
1354 2514 1616 2586 πεντάδες,
1652 2518 1701 2567 οἱ
1739 2511 1800 2567 δε
1850 2523 1891 2567 Υ
1948 2511 2104 2568 δεκά-
2210 2524 2604 2591 συναπτομένων
2667 2525 2757 2572 καί
2823 2524 3106 2573 ποιούντων
3163 2525 3250 2574 τὸν
3305 2529 3345 2575 Α
3412 2522 3605 2574 κύκλον
3683 2524 3877 2596 ἐπίτρι-

453 2612 554 2676 δες.
593 2615 654 2666 Εἰ
710 2617 812 2683 ἄρα
865 2609 1140 2671 διπλάσιος
1191 2612 1216 2662 ὅ
1271 2617 1312 2662 Υ
1365 2616 1454 2660 τοῦ
1501 2613 1556 2676 Γ,
1612 2609 1698 2656 καὶ
1751 2606 1800 2657 οἱ
1846 2606 2010 2678 ἕτεροι
2063 2612 2104 2657 Υ
2207 2626 2288 2660 τοι
2319 2611 2367 2660 οἱ
2412 2615 2454 2660 Π
2485 2616 2658 2680 τομείς
2696 2611 3026 2684 ὑπάρχουσι,
3070 2615 3162 2662 καί
3210 2612 3237 2662 6
3288 2613 3388 2662 ύπὸ
3439 2611 3560 2672 τούς
3617 2619 3666 2665 Π

450 2713 550 2756 τῶν
605 2703 784 2778 ἐτέρων
839 2707 876 2754 Γ
923 2698 1218 2767 διπλάσιοι,
1273 2697 1316 2750 εἰ
1359 2692 1418 2748 δε
1458 2703 1556 2748 τῶν
1601 2697 1706 2770 ἄρα
1759 2696 2012 2766 τεττάρων
2067 2699 2104 2745 Γ
2209 2696 2315 2769 οἶρα
2349 2695 2536 2758 κύκλος
2593 2701 2828 2770 περιέχει
2879 2701 2964 2750 τὸν
3021 2699 3123 2750 ύπὸ
3168 2702 3296 2760 τοὺς
3343 2704 3383 2750 Α
3441 2706 3624 2771 τομεῖς
3693 2700 3875 2751 κύκλον

449 2796 644 2864 τομέων
713 2800 813 2843 τῶν
881 2793 1275 2861 συναπτομένων
1339 2790 1430 2838 καὶ
1488 2787 1773 2837 ποιούντων
1851 2787 1939 2835 τὸν
2000 2785 2104 2834 ἔσω
2209 2787 2344 2836 κατὰ
2397 2783 2546 2856 λόγον
2601 2785 2881 2859 ἐπίτριτον,
2925 2791 3016 2839 καί
3070 2790 3130 2839 1'6
3166 2795 3269 2860 πῦρ
3328 2788 3435 2861 ἄρα
3489 2792 3748 2862 περιέχει
3796 2795 3872 2841 τὸν

448 3103 857 3176 longitudinis.
903 3099 1308 3168 Quamobrem
1357 3091 1601 3152 sectoris
1653 3093 1694 3149 Τ
1750 3087 1970 3164 duplus
2014 3095 2102 3146 est
2133 3168 2164 3176 _
2205 3112 2348 3167 ergo
2379 3097 2480 3170 qui
2511 3116 2583 3154 ex
2611 3097 2942 3155 sectoribus
2963 3099 3010 3155 Μ
3032 3103 3284 3169 constat,
3317 3099 3590 3155 continet
3621 3106 3685 3157 ει
3718 3116 3864 3156 Goer-

449 3168 641 3250 sector
670 3197 735 3250 Μ.
767 3197 839 3248 At
884 3206 1074 3246 unum
1117 3193 1175 3243 et
1201 3187 1324 3242 duo
1351 3191 1491 3240 sunt
1542 3183 1672 3238 ιι·ίᾶ-
1705 3184 1898 3248 Quare
1936 3196 2096 3252 aqua
2125 3168 2165 3224 Ο
2203 3193 2295 3242 cet
2315 3168 2605 3242 circulum
2628 3189 2731 3260 qui
2757 3203 2831 3243 ex
2856 3187 3240 3243 sectoribusT
3262 3168 3498 3243 constat
3525 3190 3865 3244 secundum

449 3289 507 3340 et
535 3290 691 3339 terra
710 3286 848 3336 sunt
874 3287 989 3336 tres
1026 3275 1326 3350 particulae
1353 3290 1491 3345 qua:
1526 3276 1920 3342 exmquantur
1948 3269 2099 3325 inter
2203 3275 2498 3331 rationem
2551 3276 2822 3349 duplam,
2853 3283 3025 3348 Aqua
3067 3293 3209 3348 ergo
3239 3277 3715 3349 comprehendi;
3766 3294 3865 3332 suo

449 3389 534 3438 se,
565 3372 624 3426 in
651 3370 873 3442 quibus
903 3369 982 3424 ad
1011 3366 1178 3438 scopi
1213 3369 1412 3420 actum
1434 3368 1491 3418 et
1514 3360 1940 3432 perfectionem
1964 3365 2012 3412 A
2043 3363 2100 3413 et
2205 3364 2438 3420 ambitu
2466 3370 2654 3422 totam
2674 3371 2893 3421 terram
2912 3365 3246 3421 secundum
3269 3366 3570 3422 rationem
3592 3367 3864 3439 duplam.

452 3464 473 3516 I
512 3460 817 3524 uniuntur,
850 3463 904 3512 et
932 3472 1068 3528 quae
1111 3471 1184 3510 ex
1238 3468 1300 3508 se
1339 3450 1458 3506 ﬁeri
1488 3453 1762 3522 possunt,
1796 3446 2087 3503 efﬁciunt.
2207 3451 2428 3506 Exinde
2469 3453 2691 3508 molem
2724 3453 2977 3526 acquirit
3002 3452 3258 3509 circulus
3286 3453 3390 3525 qui
3421 3469 3494 3508 ex
3533 3455 3868 3510 sectoribus

448 3552 673 3604 Rursus
697 3544 988 3618 quoniam
1015 3543 1115 3598 illa
1143 3547 1209 3597 ut
1227 3539 1622 3596 fundamenta
1649 3536 1844 3608 posita
1877 3541 2019 3591 sunt
2044 3541 2100 3590 et
2205 3542 2246 3596 T
2274 3545 2522 3597 constat.
2556 3541 2920 3598 Provehatur
2953 3542 3134 3598 etiam
3163 3542 3570 3599 consideratio
3625 3543 3766 3599 hac
3801 3543 3866 3598 ad

448 3642 514 3693 ut
543 3635 795 3692 materia
820 3632 1026 3689 rudior
1053 3647 1124 3688 ac
1147 3629 1492 3702 impolitior,
1519 3642 1644 3699 qua
1673 3626 1852 3682 etiam
1884 3631 2100 3682 cratera
2203 3629 2457 3686 alterum
2486 3630 2796 3685 circulum.
2831 3633 2966 3686 Esto
3013 3630 3192 3700 igitur
3243 3637 3436 3686 sector
3467 3633 3518 3686 Μ
3558 3631 3862 3694 denarius,

447 3728 908 3794 congregantur,
923 3719 1276 3777 necessitate
1299 3717 1477 3790 quasi
1493 3715 1886 3788 compellente
1901 3714 1981 3771 ad
2001 3730 2098 3770 ex-
2206 3723 2397 3773 sector
2417 3734 2560 3774 vero
2581 3725 2628 3774 Α
2652 3719 3114 3790 quindenarius.
3155 3719 3501 3777 Continetur
3533 3721 3730 3791 igitur
3759 3738 3863 3777 sec-

447 3813 797 3888 ponendam
826 3811 1063 3868 illorum
1093 3808 1504 3865 collectionem
1536 3812 1592 3862 et
1620 3803 2097 3861 conciliationem
2203 3812 2296 3863 tor
2325 3809 2376 3862 Μ
2405 3807 2517 3863 sub
2547 3812 2774 3864 sectore
2811 3813 2878 3863 Α.
2908 3808 3038 3864 Sint
3072 3809 3252 3864 etiam
3302 3808 3403 3864 alii
3433 3815 3560 3864 tres
3613 3816 3866 3866 sectores

448 3909 656 3960 nostra
701 3902 940 3958 festinat
979 3899 1188 3956 oratio.
1223 3900 1340 3953 Hac
1385 3896 1546 3952 enim
1572 3895 1800 3950 ratione
1827 3893 2097 3962 intelligi-
2205 3897 2256 3950 M
2275 3895 2524 3962 denarii,
2544 3901 2602 3952 et
2627 3895 2727 3952 alii
2748 3901 2863 3952 tres
2887 3896 3288 3970 quindenarii.
3323 3897 3382 3954 Si
3401 3897 3590 3967 igitur
3613 3903 3660 3954 Α
3683 3903 3866 3955 sector

446 4009 583 4050 mus
633 4008 756 4064 quo
782 3995 958 4063 pacto
1004 3987 1466 4060 temperationes
1494 3985 1644 4041 inter
1677 4001 1739 4040 se
1782 3983 2096 4054 cognatio-
2203 3985 2556 4057 sesquialter
2585 3990 2674 4041 est
2699 3986 2889 4058 ipsius
2929 3986 3177 4042 sectoris
3205 3987 3255 4042 Μ
3287 4004 3302 4041 :
3334 3985 3433 4042 alii
3463 4002 3726 4060 quoque
3757 4003 3864 4043 sec-

444 4097 585 4138 nem
609 4081 894 4137 habeant.
2201 4077 2360 4128 tores
2400 4080 2446 4129 A
2499 4079 2674 4130 erunt
2722 4074 3096 4147 sesquialteri
3149 4079 3450 4130 sectorum
3488 4077 3563 4131 ll.
3601 4077 3661 4132 Si
3691 4077 3864 4146 igitur

2202 4168 2461 4218 sectores
2515 4171 2556 4217 Α
2610 4168 2748 4219 sunt
2788 4163 3159 4236 sesquialteri
3201 4170 3417 4234 quator
3466 4170 3781 4220 sectorum
3817 4165 3858 4219 Μ

518 4265 569 4317 3.
607 4259 865 4331 Duplum
895 4259 1073 4328 igitur
1107 4271 1240 4311 esse
1271 4257 1320 4310 M
1346 4255 1534 4326 ipsius
1563 4254 1622 4322 1‘,
1651 4255 1706 4306 et
1735 4255 1782 4304 A
1823 4248 2014 4320 ipsius
2052 4249 2093 4304 Τ
2198 4252 2331 4322 conj
2344 4258 2658 4307 unctorum
2688 4257 2745 4308 et
2771 4252 3061 4308 circulum
3092 4255 3139 4308 Μ
3163 4252 3573 4315 efﬁcientium,
3603 4255 3857 4310 circulus

447 4365 578 4407 esse
606 4348 1085 4419 sesquialterum,
1117 4350 1174 4400 et
1195 4359 1322 4399 esse
1356 4340 1796 4414 sesquitertium
1825 4338 2016 4411 ipsius
2049 4342 2092 4392 Α
2197 4354 2340 4408 ergo
2368 4341 2472 4411 qui
2493 4356 2566 4395 ex
2593 4346 2851 4413 quatuor
2881 4341 3210 4397 sectoribus
3240 4346 3286 4396 A
3313 4346 3572 4408 constat,
3589 4358 3860 4412 compre-

448 4454 583 4495 vere
632 4437 864 4492 dicitur.
897 4440 1046 4492 Nam
1074 4433 1394 4505 descriptio
1421 4431 1631 4500 ﬁgura:
1682 4427 1869 4484 facilis
1913 4432 2000 4482 est
2036 4432 2091 4482 et
2195 4427 2403 4485 hendit
2449 4430 2682 4486 ambitu
2719 4446 2829 4486 suo
2870 4430 3162 4486 circulum
3191 4431 3297 4503 qui
3327 4447 3399 4486 ex
3429 4431 3782 4488 sectoribus
3819 4433 3859 4486 ll

445 4528 781 4584 necessaria
808 4541 1003 4597 neque
1033 4523 1198 4580 aliter
1230 4538 1293 4578 se
1319 4520 1519 4582 habet,
1552 4519 1725 4590 cujus
1756 4517 2090 4572 secundum
2117 4514 2166 4568 D
2200 4524 2432 4575 constat
2477 4520 2814 4575 secundum
2864 4519 3162 4575 rationem
3219 4519 3720 4592 sesquialteram.
3760 4530 3861 4576 Aer

444 4615 842 4689 quantitatem
864 4614 1212 4670 continuam
1242 4609 1538 4666 dimensio
1562 4607 1871 4664 veritatem
1891 4611 2090 4661 osten-
2198 4621 2341 4678 ergo
2373 4607 2827 4680 comprehendit
2860 4623 2971 4663 suo
2997 4607 3231 4664 ambitu
3256 4607 3607 4665 universam
3639 4626 3863 4682 aquam

446 4705 585 4761 dere
598 4709 792 4777 potest
808 4708 866 4759 et
883 4717 1106 4775 ponere
1119 4701 1198 4757 ob
1214 4699 1422 4756 oculos
1435 4695 1812 4754 elementaris
1829 4694 2093 4749 materiae
2204 4697 2540 4753 secundum
2590 4697 2820 4752 ratione
2869 4697 3342 4768 sesquialteram.
3403 4697 3638 4753 Exinde
3693 4699 3863 4770 igitur

445 4794 897 4868 proportionem
928 4795 1086 4864 (quae
1127 4792 1188 4846 in
1219 4789 1550 4863 quantitate
1579 4786 1775 4858 posita
1807 4785 1914 4855 est)
1941 4789 1995 4839 et
2031 4783 2093 4838 in
2202 4784 2423 4841 molem
2444 4785 2696 4858 acquirit
2726 4784 3104 4840 elementaris
3125 4785 3464 4841 harmonia.
3485 4786 3720 4843 Ordine
3744 4789 3862 4858 jam

444 4883 576 4956 ipso
597 4889 826 4955 quanto
848 4883 1107 4955 partium
1124 4874 1872 4940 cohaerentiumouoniam
1893 4879 2093 4928 autem
2201 4881 2502 4932 transeam
2513 4892 2580 4929 us
2601 4875 2678 4930 ad
2700 4890 2921 4930 aerem.
2956 4875 3096 4930 Esto
3117 4874 3294 4943 igitur
3324 4873 3506 4930 etiam
3533 4875 3640 4931 hic
3663 4883 3713 4932 Α
3745 4893 3860 4931 sec-

448 4973 732 5030 adhibitis
757 4971 1047 5043 exemplis
1094 4968 1315 5024 clarius
1354 4964 1650 5037 explicare
1696 4977 1809 5019 nos
1839 4965 2100 5040 oportet,
2202 4970 2313 5031 tor,
2344 4964 2798 5036 quindenarius,
2826 4968 3019 5020 sector
3046 4979 3189 5018 vero
3220 4965 3241 5017 I
3272 4963 3640 5022 vicenarius.
3676 4966 3861 5024 Conti-

447 5064 856 5119 ostendemus.
874 5064 1008 5117 Esto
1029 5074 1170 5115 vero
1191 5054 1534 5128 exemplum
1556 5054 1717 5109 hunc
1737 5053 1797 5108 in
1817 5054 2093 5110 modum.
2202 5059 2377 5110 netur
2403 5054 2580 5124 igitur
2604 5059 2799 5111 sector
2827 5057 2872 5109 A
2903 5051 3017 5108 sub
3049 5057 3279 5109 sectore
3306 5056 3344 5108 l.
3379 5054 3506 5110 Sint
3535 5055 3733 5112 etiam
3773 5056 3865 5114 alii

447 5152 526 5208 Sit
560 5149 1138 5223 sectorTquinarius
1167 5161 1476 5212 numerus,
1509 5145 1770 5199 sectorM
1790 5142 2092 5199 denarius.
2203 5149 2320 5199 tres
2367 5149 2627 5200 sectores
2658 5148 2700 5198 A
2733 5139 3130 5215 quindenarii.
3163 5141 3220 5198 Si
3258 5142 3438 5214 igitur
3479 5149 3687 5201 sector
3719 5148 3742 5200 Ι
3785 5151 3863 5200 est

449 5242 787 5298 Continetur
840 5240 1020 5310 igitur
1067 5243 1124 5294 et
1179 5239 1482 5292 coercetur
1537 5237 1728 5290 sector
1763 5235 1804 5288 T
1841 5232 1972 5305 ipso
2011 5234 2088 5290 Μ.
2204 5232 2614 5305 sesquitertius
2641 5232 2882 5289 sectoris
2909 5233 2978 5297 Α,
3005 5230 3106 5287 alii
3131 5247 3377 5304 quoque
3407 5237 3526 5289 tres
3555 5236 3860 5292 sectores!

451 5330 576 5386 Sint
601 5331 779 5388 etiam
804 5329 901 5386 alii
935 5333 1052 5384 tres
1082 5329 1123 5382 T
1150 5323 1410 5398 quinarii
1439 5327 1496 5379 et
1522 5321 1621 5378 alii
1666 5327 1784 5378 tres
1822 5325 1870 5378 Μ
1908 5320 2096 5377 dena-
2202 5321 2381 5377 trium
2410 5327 2704 5378 sectorum
2751 5325 2800 5376 A
2850 5326 2987 5376 sunt
3015 5319 3388 5392 sesquitertii.
3425 5321 3479 5378 Si
3525 5337 3681 5394 ergo
3717 5340 3860 5399 qua-

446 5419 540 5487 rii,
572 5436 713 5491 ergo
742 5420 793 5475 si
818 5421 868 5474 M
900 5424 1091 5475 sector
1121 5421 1207 5472 est
1231 5413 1453 5486 duplus
1481 5412 1670 5484 ipsius
1689 5415 1751 5478 T,
1786 5411 1884 5468 alii
1915 5412 2096 5469 etiam
2202 5416 2337 5467 tuor
2366 5416 2621 5467 sectores
2652 5413 2674 5466 Ι
2701 5415 2840 5466 sunt
2867 5409 3223 5479 sesquitertii
3257 5415 3518 5482 quatuor
3556 5419 3857 5471 sectorum

450 5512 706 5564 sectores
758 5511 807 5564 Μ
835 5511 1009 5563 erunt
1035 5505 1204 5577 dupli
1229 5508 1526 5560 sectorum
1556 5503 1618 5557 T.
1651 5501 1708 5557 Si
1730 5501 1909 5571 igitur
1945 5516 2095 5573 qua-
2203 5506 2251 5554 Α
2280 5499 2741 5570 conjunctorum
2787 5504 2845 5555 et
2881 5497 3169 5554 circulum
3194 5504 3242 5554 A
3269 5499 3667 5558 efﬁcientium
3697 5519 3712 5570 ;
3754 5502 3858 5558 cir-

448 5599 584 5651 tuor
614 5602 916 5654 sectorum
956 5599 998 5652 T
1025 5595 1486 5666 conjunctorum
1515 5595 1573 5646 et
1600 5590 1940 5646 interiorem
1979 5590 2095 5646 cir-
2203 5587 2373 5645 culus
2400 5605 2644 5663 quoque
2672 5589 2777 5662 qui
2801 5605 2875 5644 ex
2902 5587 3231 5645 sectoribus
3252 5592 3274 5644 Ι
3298 5594 3550 5659 constat,
3585 5607 3856 5666 compre-

447 5682 654 5758 culum
681 5683 1068 5745 efﬁcientium
1091 5687 1350 5740 sectores
1373 5683 1426 5738 Μ
1449 5684 1589 5736 sunt
1616 5677 1806 5750 dupli,
1839 5677 2098 5736 circulus
2202 5675 2412 5737 hendit
2457 5694 2568 5738 suo
2609 5677 2844 5737 ambitu
2877 5675 3169 5736 circulum
3202 5678 3310 5751 qui
3340 5695 3417 5737 ex
3436 5681 3781 5739 sectoribus
3813 5685 3856 5757 Α
