3932 6326
102 370 250 427 1289

96 496 232 569 άίρα
280 494 416 547 κατὰ
470 493 619 567 λόγον
682 491 961 568 ἐπίτριτον,
1016 495 1107 544 καὶ
1167 485 1386 562 ἔδείχθη
1443 486 1547 563 ἄρα
1602 486 1649 540 ἐν
1688 493 1760 558 τῷ
1785 486 1834 543 Α

91 588 348 658 γραφέντι
414 588 605 657 τουτῳὶ
653 582 822 657 κύκλῳ
878 587 1102 643 ποσότης
1165 585 1256 634 καὶ
1326 582 1516 652 σχέσις
1570 577 1601 637 ἡ
1659 586 1761 631 τῶν

99 677 384 747 στοιχείων
409 678 499 727 καὶ
554 674 585 733 ἡ
635 677 762 750 πρὸς
812 673 947 728 αύτὰ
1001 676 1090 726 καὶ
1145 673 1234 733 τὰς
1288 671 1502 745 κράσεις
1538 676 1630 729 τῆς
1668 669 1760 741 φύ-

97 782 231 826 σεως
281 766 483 837 ἓνωσις,
549 760 622 817 δι’
656 765 725 816 ὧν
767 767 826 818 τό
866 770 966 818 πᾶν
1004 766 1130 822 ἔστη
1178 763 1324 836 παρὰ
1368 766 1460 813 τοῦ
1502 764 1760 833 Δημιουρ-

91 860 197 926 γοῡ
236 858 326 907 καὶ
354 853 523 908 αὐτῶν
553 859 642 908 καὶ
666 862 757 916 τῆς
779 857 994 928 φύσεως.

176 939 244 1000 δ’.
282 941 402 997 ὀτι
433 938 493 997 δέ
527 964 607 1006 τις
652 947 712 997 τό
760 950 799 997 Φ
847 942 895 996 ἐν
941 951 1015 1014 τῷ
1057 945 1249 1018 κέντρῳ
1305 938 1591 1014 ἐγκείμενον
1627 937 1757 1010 όρῶν

92 1034 173 1105 μὴ
249 1031 569 1091 ἆπατηθήτω
643 1034 721 1086 ὅτι
758 1040 840 1111 ρτῇ
897 1027 1227 1105 γεωδεστέρᾳ
1271 1030 1431 1105 μοίρᾳ
1480 1036 1575 1091 τῆς
1630 1025 1758 1090 ὕλης

93 1125 198 1181 τὴν
248 1124 404 1195 φύσιν
460 1121 648 1196 μᾶλλον
710 1122 1104 1196 ᾠκειωσάμεθα,
1167 1124 1345 1174 νοείτω
1410 1114 1470 1172 δε
1544 1117 1624 1171 ὅτι
1660 1120 1755 1175 τὴν

90 1218 199 1265 τῶν
258 1209 384 1264 ὢων
450 1215 730 1285 στοιχείων
804 1216 896 1265 καὶ
961 1213 1195 1285 κράσεων
1266 1212 1534 1283 μεσότητα
1622 1204 1751 1279 αὐτῇ

92 1296 545 1374 ἀφωσιωσάμεθα.
614 1305 930 1375 Πωταχόσε
1015 1304 1105 1354 καὶ
1185 1301 1285 1374 γὰρ
1359 1301 1450 1352 καὶ
1516 1303 1759 1370 στοιχεῖα

92 1393 192 1443 καὶ
217 1391 425 1464 κράσεις
471 1394 562 1443 καὶ
614 1392 785 1463 φύσις.
850 1396 1018 1444 Ὅπου
1071 1390 1173 1462 γὰρ
1232 1389 1409 1461 φύσις,
1454 1390 1545 1439 καὶ
1595 1388 1754 1458 μέση,

94 1479 232 1533 ὅπου
259 1476 319 1533 δε
373 1487 618 1553 στοιχεῖα
658 1484 750 1534 καὶ
815 1482 1047 1555 κράσεις,
1102 1477 1206 1532 ἐκεῖ
1271 1481 1360 1530 καὶ
1425 1478 1598 1550 φύσις,
1627 1476 1755 1529 ὅπου

93 1571 313 1642 κράσεις
343 1567 446 1643 ἆρα
478 1574 568 1623 καὶ
609 1576 874 1642 στοιχεῖα,
914 1571 1029 1622 ἔστι
1070 1572 1163 1621 καὶ
1215 1570 1374 1641 μέση,
1423 1568 1504 1619 ὅτι
1532 1570 1623 1618 καὶ
1662 1566 1756 1638 φύ-

97 1677 205 1719 σις.
240 1664 556 1713 Κοινωνοῦσι
617 1655 677 1714 δε
731 1663 822 1712 καὶ
882 1659 1205 1733 χωρίζονται
1241 1664 1409 1710 ταῦτα
1457 1657 1628 1708 πάντα
1667 1652 1756 1707 ἀπ’

92 1744 351 1818 ἀλλήλων,
413 1751 547 1801 κατὰ
609 1751 668 1802 τὸ
720 1747 909 1822 μᾶλλον
966 1750 1054 1801 καὶ
1102 1747 1278 1820 ἦττον,
1334 1748 1423 1798 καὶ
1464 1752 1527 1817 τῇ
1592 1743 1759 1817 οἰκειᾳ

987 356 1345 421 THEODOBI
1385 361 1432 417 ll
1466 359 1604 419 IMP.
1644 359 1737 418 DE
1775 358 2245 419 COMMUNIONE
2287 358 2657 419 NATURALI.

3388 360 3533 429 1290

1940 485 1995 553 ε’,
2035 486 2176 542 Ἐπεὶ
2230 483 2289 540 δὲ
2340 484 2441 541 κάκ
2486 494 2581 559 τῇς
2642 486 2839 559 φύσεως
2890 482 2991 539 κὰκ
3039 493 3139 541 τῶν
3189 494 3464 563 στοιχείων
3495 493 3526 553 ἡ

1867 575 2005 649 μίξις
2058 578 2334 649 ἔγνωσται,
2394 580 2483 629 καὶ
2540 579 2599 628 τὸ
2660 574 2893 629 ποικίλον
2946 575 3125 650 ἐφανη,
3193 583 3284 632 καὶ
3329 581 3395 633 τὰ
3431 585 3530 654 μί-

1867 685 1932 738 ρη
1991 667 2050 719 ού
2106 676 2287 729 κοινῶς
2353 666 2753 740 ὑπελείφθησαν,
2818 686 2884 719 τα
2937 667 3089 721 εὐθέα
3138 689 3193 723 τε
3248 674 3338 724 καὶ
3386 690 3529 748 περι-

1869 762 2018 829 φερῇ,
2062 757 2129 808 τὰ
2165 759 2223 808 τό
2279 759 2462 825 μικτόν
2516 750 2898 815 δηλοποιοῦντα
2963 756 3266 833 εἰλικρινῶς,
3320 759 3433 814 ἀλλ’
3478 760 3530 815 ἓν

1867 843 2086 897 ἕκαστον
2146 848 2271 918 ποίᾳ
2336 850 2439 899 τινὶ
2505 849 2692 918 σχίσει
2735 849 2859 919 πρὸς
2903 843 3044 915 ἄλλο,
3104 845 3227 901 ἀλλο
3290 868 3347 902 τε
3398 852 3529 924 πρὸς

1868 932 2101 1008 ἑκατερον
2156 934 2277 990 καθ’
2329 936 2508 989 ἕνωσιν
2558 941 2648 989 καὶ
2706 930 2991 990 διαστασιν
3038 938 3107 999 ὡς
3163 940 3354 1011 ἔχουσι
3427 941 3529 993 ἀπ-

1869 1017 2213 1095 εδείχθησαν,
2261 1022 2485 1097 ἀχθήτω
2532 1029 2623 1078 καὶ
2661 1027 2791 1099 πρὸς
2831 1028 2897 1079 τὰ
2951 1027 3082 1098 μετά
3119 1028 3185 1079 τὰ
3215 1035 3461 1101 στοιχεῖα
3498 1029 3525 1084 ὁ

1866 1109 2036 1185 λόγος,
2109 1116 2270 1187 ἤγουν
2330 1112 2413 1168 ἐπὶ
2464 1116 2556 1176 τὰς
2614 1134 2843 1191 κρασεις.
2917 1120 3018 1170 Καὶ
3080 1118 3180 1193 γὰρ
3263 1122 3354 1172 καὶ
3414 1125 3527 1181 τοῖς

1869 1207 2158 1275 στοιχείοις
2210 1202 2385 1267 αὐτοῖς
2435 1210 2620 1277 κρᾶσις
2674 1204 3029 1279 προσαλληλα,
3101 1210 3187 1260 καὶ
3239 1216 3303 1281 τῇ
3372 1210 3527 1282 φύσει

1870 1287 2165 1365 ἀπεδείχθη
2200 1294 2369 1355 καθώς
2426 1292 2589 1366 ἔστιν,
2650 1297 2814 1348 εἶτουν
2872 1290 3055 1362 διπλῆ,
3102 1297 3238 1350 κατὰ
3281 1316 3333 1351 τε
3358 1300 3450 1356 τὴν
3471 1296 3525 1351 ἕν

1870 1386 2159 1454 στοιχείοις
2215 1388 2305 1436 καὶ
2370 1387 2464 1443 τὴν
2510 1381 2560 1436 ἑν
2610 1403 2877 1459 κρασεσιν.
2928 1383 3068 1440 Ἐπεὶ
3099 1379 3157 1439 δὲ
3189 1387 3218 1445 ἡ
3250 1393 3348 1439 τῶν
3383 1406 3526 1441 στοι-

1866 1475 2026 1545 χείων
2076 1469 2342 1537 ἀπόδειξις
2396 1476 2454 1526 τό
2507 1473 2740 1527 ποικίλον
2802 1478 2894 1528 καὶ
2942 1478 2999 1528 τὸ
3052 1473 3367 1552 ἀμφιρῥεπὶς
3432 1480 3525 1531 καὶ

1867 1565 1926 1614 τό
1989 1557 2297 1636 ίδιόρυθμον
2363 1564 2557 1615 τούτων
2614 1560 2870 1632 ἀπέδειξε,
2934 1568 3024 1618 καὶ
3081 1563 3175 1618 οὐκ
3239 1565 3301 1618 ἄν
3362 1563 3524 1628 ἄλλως

1866 1652 2010 1723 ἔχειν
2067 1651 2223 1704 αὐτὸν
2267 1651 2402 1705 αὐτα
2457 1672 2540 1714 τις
2587 1655 2726 1726 εἴπῃ,
2781 1656 2826 1705 εἰ
2888 1657 2958 1727 μὴ
3021 1653 3188 1724 φιλίας
3244 1658 3274 1713 ἧ
3334 1659 3423 1708 καὶ
3450 1659 3525 1708 νί-

1867 1759 1960 1801 κης
2020 1738 2180 1809 ἐστὶν,
2255 1742 2513 1812 ἔγνωσται
2574 1741 2798 1816 ἐναργῶς
2860 1743 2889 1800 ἡ
2961 1741 3198 1802 ἀλήθεια.
3270 1743 3346 1796 Ού
3419 1746 3520 1820 γὰρ

94 1831 411 1910 ίδιορυθμίᾳ
465 1842 554 1890 καὶ
617 1844 680 1910 τῇ
741 1844 936 1911 φυσικῇ
998 1832 1249 1904 ἰδιότητι,
1318 1830 1386 1886 ὧν
1439 1837 1669 1894 καὶτοῖς
1703 1828 1755 1886 εὖ
1788 1846 1827 1902 Β
1867 1831 1980 1882 ἔστι
2019 1849 2070 1883 τι
2107 1831 2243 1882 κατὰ
2299 1834 2516 1904 κόσμον,
2576 1830 2697 1905 ὅπερ
2756 1830 2815 1885 ού
2870 1840 2968 1884 τῶν
3015 1833 3289 1907 τεττάρων.
3345 1836 3408 1886 Et
3464 1828 3525 1887 δέ
3568 1880 3571 1883 ,

94 1932 352 1998 φρονοῦσι
376 1929 731 1999 περατουμένη
794 1927 824 1984 ἡ
883 1928 1077 1997 γνῶσίς
1138 1923 1297 1978 ἔστιν.
1352 1921 1622 1984 Ὡσαύτως
1667 1925 1758 1974 καὶ

91 2012 195 2066 οὐκ
248 2012 481 2077 ἐξέτασις
549 2016 756 2078 τούτοις
830 2022 930 2066 τῶν
986 2010 1383 2068 ύποδιπλασίωυ
1442 2016 1534 2065 καὶ
1572 2008 1757 2064 διπλα-

95 2106 231 2155 σίων
290 2107 381 2156 καὶ
447 2102 696 2176 ἡμιολίων
756 2106 847 2157 καὶ
920 2102 1192 2180 ἐπιτρίτων
1272 2101 1555 2174 ἀναλογιῶν
1631 2099 1759 2163 ὅλως

90 2195 395 2264 γενήσεται,
454 2191 583 2246 ἀλλά
631 2195 767 2247 κατὰ
822 2193 881 2245 τό
934 2201 1029 2256 τῆς
1074 2202 1176 2266 γῆς
1231 2194 1476 2265 στεγανὸν
1514 2191 1646 2264 ἄγαν
1698 2193 1759 2245 τὸ

91 2277 249 2355 ὕδωρ
295 2285 383 2335 τὸν
450 2279 730 2337 διπλασιον
786 2282 938 2355 λόγον
987 2287 1127 2356 ἔχειν
1173 2287 1450 2354 νοήσουσι,
1516 2278 1609 2335 διὰ
1663 2286 1757 2342 τὴν

93 2367 236 2443 ἄγαν
300 2374 496 2434 ταύτης
566 2371 910 2446 συμπίλησιν·
979 2380 1042 2446 τῇ
1119 2370 1371 2446 ἀναλογίᾳ
1436 2367 1496 2426 δε
1568 2372 1760 2444 ὁμοίως

92 2465 192 2513 καὶ
241 2467 349 2524 τοῖς
410 2460 597 2539 ἑτέροις
652 2462 1103 2537 ἀναλογισαμενοι,
1166 2464 1230 2525 ὥς
1297 2462 1408 2517 ἔστι
1459 2465 1517 2517 τό
1582 2460 1761 2515 ἀναλο-

93 2568 216 2621 γον,
258 2546 528 2605 διοίσουσι
582 2556 672 2607 καὶ
730 2552 824 2607 ούκ
881 2551 1243 2625 ἂπατηθῶσιν,
1292 2555 1361 2617 ὡς
1399 2554 1449 2607 οἱ
1475 2571 1643 2612 παντη
1676 2550 1760 2605 ἁν-

97 2642 463 2713 επιστήμονες.

97 2785 336 2839 constat
363 2782 699 2841 secundum
741 2784 1037 2844 rationem
1071 2784 1537 2851 sesquitertiam.
1598 2784 1759 2857 Ignis

98 2882 249 2942 ergo
277 2872 736 2946 comprehendit
760 2873 872 2932 sub
895 2890 959 2931 se
979 2890 1181 2932 aerem
1220 2874 1554 2933 secundum
1582 2873 1758 2932 ratio-

96 2975 245 3017 nem
289 2962 753 3036 sesquitertiam.
809 2965 1059 3022 Ostensa
1105 2969 1193 3022 est
1240 2980 1383 3037 ergo
1424 2965 1486 3021 in
1515 2965 1631 3022 hoc
1659 2964 1758 3023 de-

96 3049 325 3124 scripto
339 3050 564 3109 circulo
579 3051 1010 3111 elementorum
1023 3053 1329 3127 quantitas
1339 3058 1398 3111 et
1412 3054 1760 3112 convenien-

96 3137 183 3196 tia
214 3156 230 3207 ;
257 3138 521 3214 itemque
551 3142 897 3199 communio
937 3147 1168 3200 naturas
1211 3159 1351 3200 cum
1392 3142 1506 3201 illis
1534 3146 1759 3202 etcum

95 3203 1398 3304 temperationibus,quibusintercedentibus
1410 3232 1758 3291 universum
1789 3203 1829 3271 θ

94 3315 218 3374 hoc
245 3317 325 3375 ab
347 3319 571 3392 Opiﬁce
600 3335 861 3391 summo,
903 3321 983 3379 ab
1010 3321 1157 3395 ipsis
1184 3325 1242 3379 et
1256 3326 1473 3381 natura
1487 3324 1757 3380 constru-

97 3410 267 3465 ctum
294 3411 409 3467 est.

168 3498 225 3552 4.
270 3495 384 3554 Sed
408 3511 485 3553 ne
522 3496 672 3555 forte
692 3497 828 3573 quis
854 3515 1053 3557 errore
1077 3500 1351 3574 capiatur
1380 3498 1593 3560 videns
1620 3502 1664 3558 U
1693 3501 1756 3559 in

97 3587 305 3642 centro
332 3586 623 3659 positum,
650 3588 815 3661 quod
843 3588 1120 3647 videlicet
1139 3588 1334 3661 magis
1353 3591 1611 3647 terrestri
1631 3606 1758 3649 ma-

97 3674 263 3731 teriae
278 3675 541 3749 portioni
556 3682 835 3735 naturam
856 3679 1058 3752 potius
1073 3679 1759 3751 assignaverimus,sciat

98 3777 215 3820 nos
239 3764 660 3824 universorum
692 3766 1127 3825 elementorum
1169 3772 1228 3825 et
1252 3769 1757 3843 temperationum

98 3852 485 3913 medietatem
506 3860 739 3914 naturae
754 3856 1062 3914 detulisse.
1093 3861 1241 3917 Nam
1263 3873 1757 3932 quoquoversum

101 3948 360 4015 spectes,
382 3944 698 4010 elementa,
719 3947 1073 4020 temperatio
1106 3951 1164 4004 et
1201 3950 1420 4005 natura
1449 3947 1632 4005 rebus
1670 3948 1759 4004 in-

103 4034 379 4092 sunt.Ubi
398 4036 561 4093 enim
582 4036 908 4108 natura,ibi
927 4036 1110 4095 etiam
1131 4042 1223 4095 est
1238 4037 1438 4095 media
1455 4056 1474 4111 ;
1495 4037 1597 4095 ubi
1614 4053 1759 4096 vero

105 4121 401 4181 elementa
415 4129 471 4182 et
489 4126 1090 4198 temperationes.illic
1109 4128 1290 4185 etiam
1312 4132 1543 4185 natura.
1569 4129 1760 4195 Quare

105 4212 452 4287 ubicunque
498 4215 961 4287 temperationes
1015 4217 1156 4273 sunt
1205 4220 1262 4273 et
1288 4216 1602 4289 elementa,
1643 4216 1760 4273 illic

106 4303 288 4361 etiam
315 4308 558 4362 interest
584 4305 785 4362 media
824 4319 934 4363 nec
970 4306 1152 4364 aliam
1190 4306 1270 4363 ob
1308 4321 1759 4379 causamquam

106 4393 252 4465 quia
269 4397 357 4449 est
370 4392 1072 4453 natura.Communicant
1088 4401 1289 4454 autem
1309 4397 1439 4454 haec
1454 4395 1659 4453 omnia
1675 4395 1761 4452 in-

107 4484 195 4537 ter
215 4497 277 4539 se
296 4486 354 4539 et
373 4489 731 4556 separantur
750 4499 787 4541 a
807 4501 869 4541 se
892 4484 1046 4542 inter
1065 4486 1487 4555 se,secundum
1505 4484 1568 4542 id
1593 4485 1760 4559 quod

1866 1921 2059 1972 τούτων
2089 1919 2157 1981 ὡς
2213 1926 2381 1973 ταῦτα
2433 1922 2592 1973 ἔστιν·
2654 1920 2697 1973 εἰ
2743 1916 2793 1974 δ’
2847 1922 2917 1982 ὡς
2968 1930 3137 1975 ταῦτα
3192 1922 3355 1991 ἔστιν,
3395 1919 3525 1995 οὐχί

1868 2005 2054 2062 ίνιαῖόν
2126 2006 2288 2077 ἔστιν,
2348 2008 2426 2061 ὃτι
2486 2014 2655 2062 ταῦτα
2699 2011 2862 2082 μικτά
2927 2016 3060 2086 πρὸς
3106 2012 3260 2066 αὐτά.
3321 2008 3523 2073 Μηδεὶς

1867 2094 1927 2152 δι
1978 2104 2094 2152 νοῦν
2148 2103 2238 2152 καὶ
2301 2097 2488 2171 ψυχὴν
2549 2102 2579 2157 ἦ
2645 2102 2711 2153 τὰ
2767 2100 2923 2172 ὃμοια
2988 2101 3321 2174 σοφιζόμενος
3355 2120 3523 2177 παρα·

1867 2185 2025 2260 ϐάλλῃ
2102 2194 2206 2248 τοίς
2264 2186 2578 2261 λεγομένοις,
2653 2192 2741 2242 καὶ
2821 2187 3032 2243 ἀπατῶν
3107 2193 3200 2251 τὴν
3260 2189 3518 2258 ἀλήθειαν,

1866 2275 2055 2351 μᾶλλον
2086 2272 2145 2330 δι
2174 2276 2373 2330 ἑαυτόν·
2429 2280 2487 2330 τὸ
2539 2280 2641 2353 γὰρ
2690 2277 2873 2352 λίχνον
2920 2283 3011 2333 καὶ
3054 2280 3083 2339 ἡ
3129 2275 3398 2354 βασκανία
3432 2299 3520 2333 κι-

1866 2372 1941 2418 νεῖ
1993 2365 2065 2429 εἰς
2128 2368 2246 2427 τοὺς
2296 2359 2548 2428 ἀναιδεῖς.
2602 2369 2780 2420 Μικτὰ
2837 2374 2964 2440 γοῦν
3028 2369 3096 2421 τὰ
3154 2375 3339 2444 πρῶτα
3396 2370 3522 2424 καθ-

1869 2459 2128 2515 εστηκότα
2173 2460 2263 2509 καὶ
2312 2457 2378 2509 τά
2432 2451 2670 2532 δεύτερα,
2739 2459 2902 2510 εἶτουν
2961 2459 3015 2510 αἱ
3062 2459 3270 2532 κράσεις
3311 2478 3521 2532 μικται,

1871 2539 2030 2605 διπλῆ
2065 2540 2124 2600 δε
2169 2551 2276 2609 τοῖς
2322 2545 2455 2619 μετὰ
2494 2547 2561 2599 τὰ
2615 2553 2860 2619 στοιχεῖα
2910 2548 2941 2605 ἡ
2993 2551 3205 2623 κρᾶσις,
3244 2549 3325 2602 ὅτι
3354 2555 3524 2601 ταῦτα

1869 2631 2028 2689 διττὰ
2061 2633 2285 2709 ἔμψυχά
2330 2651 2385 2689 τε
2430 2652 2520 2688 και
2574 2632 2787 2710 ἀψυχα,
2847 2656 2936 2690 και
2978 2636 3132 2691 παλιν
3160 2643 3271 2701 πῶς
3300 2637 3523 2713 ἔμψυχα

1869 2778 1980 2839 stio
2011 2784 2192 2854 atque
2213 2778 2470 2838 varietas
2501 2780 2743 2852 cognita
2767 2784 2824 2839 et
2842 2782 3163 2842 manifesta
3200 2782 3377 2842 nobis
3394 2798 3525 2842 exs

1866 2868 1995 2938 titit,
2011 2872 2068 2926 et
2094 2874 2298 2943 partes
2318 2885 2442 2927 non
2459 2868 2810 2940 generaliter
2827 2871 3139 2931 subductas
3161 2878 3322 2942 sunt,
3349 2877 3522 2931 recte

1867 2958 2156 3015 nimirum
2185 2964 2243 3015 et
2269 2958 2544 3016 rotundae
2572 2975 2708 3032 quis
2727 2960 2871 3017 illud
2903 2961 3071 3034 quod
3100 2961 3523 3021 admistionem

1868 3048 2168 3121 suscipere
2197 3051 2395 3122 potest
2411 3048 2728 3106 manifeste
2753 3050 3100 3121 ostendunt,
3125 3052 3234 3109 sed
3261 3052 3525 3123 singilla-

1864 3138 1972 3195 tim
1984 3137 2533 3195 demonstrawmus
2544 3137 3026 3211 qualihabilitate
3037 3141 3522 3215 unumquodque

1866 3226 1946 3284 ad
1958 3226 2121 3284 aliud
2133 3231 2191 3284 et
2205 3226 2367 3285 aliud
2382 3226 2463 3285 ad
2482 3231 2808 3302 utrumque
2822 3228 2939 3286 hoc
2950 3232 3008 3287 et
3020 3228 3167 3287 illud
3184 3230 3522 3288 secundum

1865 3316 2308 3391 copulationem
2328 3321 2385 3374 et
2399 3316 2748 3375 distantiam
2768 3317 2842 3376 sit
2857 3319 3198 3393 praeditum,
3219 3320 3349 3394 jam
3376 3336 3521 3379 con-

1864 3411 2126 3465 vertatur
2141 3411 2349 3465 nostra
2394 3405 2582 3464 oratio
2626 3406 2708 3464 ad
2757 3406 2859 3466 illa
2899 3424 3039 3482 quin
3061 3408 3360 3468 elementa
3387 3410 3524 3484 ipsa

1865 3495 2137 3571 proxime
2160 3500 2746 3571 sequuntur,nempe
2763 3496 2843 3555 ad
2862 3499 3350 3573 temperationes.
3370 3502 3518 3558 Nam

1864 3601 2005 3659 quae
2026 3585 2101 3642 sit
2136 3585 2487 3659 temperatio
2533 3585 2970 3646 elementorum
3017 3588 3169 3647 inter
3206 3604 3290 3657 se,
3314 3593 3373 3647 et
3397 3603 3521 3663 quo

1865 3679 2044 3747 pacto
2063 3674 2142 3732 ad
2166 3674 2660 3733 communionem
2686 3680 2919 3734 naturae
2947 3683 3303 3735 revocentur
3326 3682 3522 3736 osten-

1866 3763 2088 3820 dimus.
2110 3766 2335 3836 Nempe
2360 3763 2584 3837 duplex
2623 3770 2712 3822 est
2751 3765 2970 3834 mistio,
3004 3781 3131 3826 una
3149 3782 3286 3841 quae
3316 3767 3379 3823 in
3408 3766 3524 3823 elei

1867 3852 2083 3909 menti:I
2111 3853 2392 3921 cernitur,
2424 3852 2609 3910 altera
2654 3867 2793 3926 qum
2838 3854 2902 3911 in
2946 3855 3511 3929 temperatiouibus.

1868 3942 2165 4008 Quoniam
2185 3946 2385 3999 autem
2396 3944 2538 3998 cum
2556 3941 2633 3998 de
2650 3941 2958 3999 elementis
2968 3943 3519 4015 diceremus,varie-

1865 4035 2051 4089 tatem
2072 4036 2129 4088 et
2147 4031 2613 4104 propensionem
2632 4030 2694 4087 in
2714 4034 3034 4105 utramque
3048 4038 3369 4106 partem,et
3384 4048 3520 4108 pro"

1866 4122 2065 4194 priam
2093 4120 2574 4178 constitutionem
2592 4121 2831 4179 illorum
2857 4123 3522 4192 demonstra‘vimus,se~

1867 4225 1988 4283 que
2009 4208 2389 4267 bocinﬁciari
2412 4209 2737 4284 quisquam
2766 4211 2959 4284 possit
2978 4211 3092 4269 nisi
3127 4217 3305 4271 sectas
3341 4213 3520 4271 alicui

1868 4298 2144 4356 addictus
2170 4302 2275 4356 aut
2292 4299 2688 4356 contentionis
2711 4301 2909 4359 studio
2925 4301 3522 4376 adductus,superest

1868 4394 1935 4446 ut
1950 4388 2252 4445 veritatem
2276 4386 2592 4445 manifeste
2629 4389 2807 4448 nobis
2843 4392 3151 4463 cognitam
3180 4408 3312 4450 esse
3335 4392 3523 4452 fatean-

1868 4494 2024 4536 mur.
2052 4476 2203 4535 Nihil
2228 4478 2389 4535 enim
2420 4483 2512 4536 est
2539 4478 2602 4536 in
2647 4479 2766 4537 hoc
2808 4481 3062 4553 mundo,
3105 4484 3274 4557 quod
3301 4499 3427 4541 non
3455 4498 3525 4541 ex

105 4575 194 4627 est
219 4571 416 4642 magis
441 4577 498 4629 et
523 4572 740 4639 minus,
764 4573 1027 4647 itemque
1052 4589 1163 4631 sua
1190 4574 1476 4648 peculiari
1498 4590 1759 4648 propen.
1792 4563 1836 4620 D
1867 4573 2129 4643 quatuor
2156 4573 2386 4626 constet
2409 4568 2740 4631 elementis.
2772 4572 2945 4638 Quod
2966 4572 3017 4629 si
3040 4589 3113 4630 ex
3126 4574 3221 4632 his
3246 4578 3525 4632 constant

108 4657 277 4716 sione
295 4664 353 4717 et
382 4660 641 4719 naturali
669 4662 1315 4737 proprietate,quarum
1336 4663 1584 4737 quidem
1609 4664 1759 4721 atie-

105 4747 374 4807 ctionum
402 4750 663 4821 cognitio
682 4751 853 4808 ﬁnita
887 4756 980 4808 est
999 4750 1387 4825 sapientibus.
1413 4755 1527 4809 Nec
1543 4752 1760 4810 eodem

107 4850 347 4912 semper
360 4837 547 4895 modo
561 4839 920 4909 investigare
942 4840 1137 4899 solent
1168 4841 1589 4914 proportiones
1621 4840 1762 4899 sub-

105 4918 341 4994 duplas,
372 4922 616 4996 duplas,
646 4924 1068 4999 sesquialteras
1096 4930 1154 4982 et
1197 4926 1624 5000 sesquitertias,
1656 4925 1763 4984 sed

104 5021 213 5080 pro
242 5026 469 5083 magna
494 5016 664 5070 terras
680 5013 997 5072 solididate
1018 5028 1244 5088 aquam
1264 5014 1489 5073 habere
1510 5015 1763 5090 duplam

103 5099 398 5159 rationem
423 5102 764 5174 intelligunt
792 5109 1036 5178 propter
1054 5104 1307 5163 nimiam
1346 5104 1503 5162 illius
1545 5105 1764 5163 consti-

104 5189 433 5259 pationem.
466 5191 865 5250 Consimiliter
893 5192 955 5251 in
984 5192 1115 5251 aliis
1135 5198 1413 5252 accurate
1433 5194 1769 5269 proportio-

106 5275 331 5337 tionem
375 5283 840 5356 perpendentes,
888 5283 1057 5357 quod
1108 5298 1317 5341 revera
1346 5284 1771 5341 convenienter

105 5370 445 5444 respondet,
483 5371 906 5443 assignabunt,
948 5389 1059 5430 nec
1091 5373 1155 5431 in
1183 5388 1446 5431 errorem
1482 5373 1767 5447 incident,

107 5460 172 5514 ut
198 5457 279 5517 illi
310 5460 416 5534 qui
452 5476 707 5535 prorsus
736 5462 931 5535 ignari
953 5467 1112 5521 sunt.

181 5551 233 5607 ὃ.
278 5549 580 5618 Quoniam
601 5556 803 5611 autem
823 5567 898 5610 ex
933 5558 1151 5613 natura
1165 5556 1223 5611 et
1243 5568 1316 5611 ex
1333 5552 1636 5613 elementis
1660 5554 1770 5613 ml-

1868 4673 2006 4733 quas
2031 4662 2171 4715 sunt
2196 4659 2258 4715 in
2286 4658 2784 4732 mundo,singula
2801 4677 2925 4719 non
2944 4662 3198 4734 aliter,se
3213 4663 3528 4721 habebunt

1869 4753 2050 4821 atque
2075 4747 2207 4821 ipsa
2233 4746 2562 4816 elementa;
2589 4748 2756 4824 quod
2782 4750 2830 4807 si
2851 4767 2970 4808 non
3004 4751 3431 4824 aliter,nullum
3453 4766 3528 4808 ex

1872 4836 2125 4908 singulis
2164 4838 2617 4911 compositionis
2651 4843 2709 4896 et
2748 4839 3128 4897 admistionis
3153 4855 3362 4913 expers
3392 4840 3523 4909 erit,

1871 4942 2013 4986 cum
2040 4926 2335 4985 elementa
2358 4928 2497 5001 ipsa
2519 4928 2673 4986 inter
2697 4943 2760 4985 se
2789 4929 3134 4987 mistionem
3164 4929 3519 5003 suscipiant.

1873 5020 2059 5076 Nemo
2090 5032 2233 5075 vero
2260 5017 2375 5075 illis
2412 5033 2550 5091 quas
2570 5018 2730 5076 dicta
2755 5023 2896 5077 sunt
2925 5034 2963 5077 a
2984 5020 3159 5077 nobis
3187 5018 3398 5077 callide
3417 5035 3528 5093 oph

1875 5111 2064 5181 ponat
2088 5106 2298 5163 mentis
2326 5110 2384 5164 et
2403 5107 2589 5164 animi
2610 5107 3074 5180 copulationem,
3095 5108 3404 5166 veritatem
3431 5108 3530 5181 ipi-

1876 5211 2012 5255 sam
2033 5201 2136 5253 aut
2163 5199 2366 5269 potius
2399 5196 2666 5269 seipsum
2693 5195 3016 5271 decipiens.
3048 5199 3197 5255 Nam
3217 5197 3527 5271 petulanti,

1878 5290 1935 5343 et
1961 5284 2445 5359 livorimpellunt
2466 5285 2868 5358 impudentes.
2890 5286 3325 5346 Admistionem
3354 5287 3534 5359 igitur

1879 5375 2217 5449 suscipiunt
2244 5375 2541 5448 principia
2567 5372 2666 5431 illa
2698 5391 2805 5433 seu
2837 5375 3150 5448 elementa,
3182 5381 3237 5435 et
3266 5376 3532 5436 secundo

1878 5463 2013 5523 loco
2027 5462 2498 5536 concreta,quod
2518 5463 2666 5521 nihil
2686 5464 2851 5523 aliud
2869 5471 2959 5523 est
2971 5465 3168 5525 dicere
3187 5483 3376 5542 quam
3391 5471 3538 5526 teme

1880 5555 2223 5629 perationes
2247 5553 2487 5611 misceri
2526 5569 2709 5627 posse
2740 5556 2837 5629 (l).
2872 5558 2971 5614 Est
2993 5562 3194 5618 autem
3212 5558 3274 5617 in
3302 5558 3373 5616 iis
3396 5573 3536 5633 qum

180 5672 258 5750 (ί)
291 5678 359 5738 In
384 5676 703 5753 Epicureos
731 5677 848 5740 hoc
872 5678 1028 5739 dixit
1055 5678 1162 5755 qui
1188 5679 1468 5746 animum
1495 5686 1683 5755 κρᾶσιν
1713 5696 1852 5744 esse
1884 5678 2188 5744 dicebant.

511 5804 741 5869 Pauor.
779 5803 879 5869 Gn.
920 5789 1068 5870 CXL.

3076 5806 3145 5879 Μ
