3932 6326
431 350 562 411 1291

1954 343 2309 400 ADDENDA.

3731 359 3852 410 i292

426 486 538 541 πῶς
569 473 622 530 δ’
649 477 844 548 ἄψυχα
898 475 1063 548 ἔτερα,
1114 476 1204 524 καὶ
1260 479 1366 533 τοῖς
1429 473 1517 541 μεν
1561 466 1648 523 οὖν
1697 469 1933 542 ἀψύχοις
1969 469 2078 521 οἷον
2110 471 2157 523 Α
2187 490 2354 541 μενος,
2411 471 2484 532 εἰς
2525 472 2592 522 τὰ
2649 481 2875 543 συγγενῆ
2936 475 3224 532 ἀναλύεται.
3292 480 3616 536 ’Δθετητέον
3647 484 3776 550 γοῦν
3802 477 3852 528 τὲ

423 567 588 627 λίθοις
640 587 694 619 τε
739 569 831 616 καὶ
896 561 1164 636 μετάλλοις
1227 560 1484 621 απλοῐκῶς
1550 563 1580 618 ἡ
1631 568 1732 611 τῶν
1801 563 2077 631 στοιχείων

427 655 568 709 ἐστὶν
622 658 822 714 ἔνωσις.
882 652 1025 704 Αύτὰ
1079 653 1180 723 γὰρ
1239 649 1292 702 ἐκ
1350 659 1447 701 τῶν
1495 653 1793 720 στοιχείων,
1881 649 1923 700 εἰ
1988 651 2078 699 καὶ

424 749 614 819 κρᾶσίς
659 743 770 796 ἐστι
823 746 912 793 καὶ
959 745 1182 807 τούτοις,
1243 738 1328 792 ἐπὶ
1383 739 1553 791 πλεῖον
1598 735 1657 790 δὲ
1694 743 1784 790 καὶ
1831 737 2072 789 ἔλασσονο

422 839 520 893 τὴν
573 834 675 906 γάρ
739 840 839 883 τῶν
897 830 1155 904 μετάλλων
1211 833 1301 880 καὶ
1365 827 1520 880 λίθων
1585 832 1716 889 τινες
1757 826 2076 889 ἐξετάζοντες

426 921 687 994 ἰδιότητα,
759 921 1156 994 ὀνησιμωτάτην
1229 921 1422 975 ταύτην
1497 919 1799 992 εὑρίσκουσι
1862 915 2078 967 ἀντικει-

423 1018 577 1087 μένην
638 1021 738 1065 ποῡ
793 1011 981 1083 ψύχει,
1037 1018 1137 1062 ποῦ
1191 1011 1488 1082 θερμότητι,
1550 1016 1649 1060 ποῦ
1716 1005 1775 1060 δὲ
1834 1009 2076 1066 ὡσαύτως

420 1108 510 1156 καὶ
577 1107 971 1174 πναρὴγουσα,
1041 1103 1176 1150 ὥστε
1235 1101 1326 1149 καὶ
1393 1096 1442 1149 ἐν
1502 1100 1707 1158 τούτοις
1767 1104 1868 1156 τοῖς
1938 1095 2075 1166 ἀψύ-

418 1213 540 1265 χοις
593 1193 624 1251 ἡ
694 1190 748 1242 ἐκ
830 1199 930 1240 τῶν
1013 1191 1292 1259 στοιχείων
1375 1186 1538 1258 ἰσχύς
1604 1186 1660 1237 ού
1721 1195 1905 1246 κοινῶς
1960 1184 2075 1236 ἐστι

417 1288 603 1348 πᾶσιν,
653 1279 763 1331 ἀλλ’
807 1282 876 1340 ὡς
933 1280 1240 1350 πεφύκασιν·
1299 1275 1610 1327 ἀναλυθέντα
1667 1271 1726 1326 δὲ
1780 1279 1869 1325 καὶ
1911 1281 2076 1325 ταῦτα

417 1369 499 1423 ἐπὶ
566 1372 634 1420 τὰ
701 1372 930 1443 πρότερα
1008 1365 1056 1417 ἐν
1119 1364 1324 1424 ἐκείνοις
1397 1361 1699 1416 δεικνύουσι
1765 1367 1822 1414 τό
1867 1368 2069 1434 μικτόν.

417 1468 526 1514 Ποῦ
555 1462 654 1533 γὰρ
680 1467 783 1531 πῦρ
816 1458 864 1510 ἐν
896 1457 1080 1530 χαλκῷ
1113 1471 1129 1524 ;
1178 1463 1239 1528 τῇ
1291 1459 1490 1527 χωνείᾳ
1529 1451 1588 1506 δὲ
1635 1473 1846 1525 συχνως
1889 1451 2073 1526 ἐμϐαλ-

417 1549 621 1623 λόμενος
695 1554 786 1601 καὶ
859 1549 996 1598 κατὰ
1081 1549 1263 1618 μικρὸν
1347 1543 1649 1615 ἐλαχίστοις
1721 1539 2073 1614 σποδούμενος

417 1638 670 1712 ψήγμασί
694 1657 795 1690 που
845 1635 1138 1688 ἀναλύεται.
1197 1631 1320 1686 Εἶπε
1360 1629 1418 1684 δέ
1467 1649 1559 1692 τις·
1608 1633 1693 1683 Ἐν
1823 1639 1889 1704 γῇ
1923 1637 2012 1683 καὶ
2045 1633 2071 1682 ὁ

415 1728 559 1790 λίθος
739 1735 806 1799 γῇ
862 1730 1157 1799 προσεχής,
1218 1719 1742 1796 συγκρουόμενοςοδε
1772 1721 2074 1774 ἀποστέλλει

2188 570 2422 629 τοιαῦτα,
2450 567 2539 614 καὶ
2590 567 2722 636 πρὸς
2771 569 2838 616 τὰ
2888 567 2992 618 οἶνω
3047 567 3395 640 ἐπιμελητέον.
3453 575 3561 621 Καὶ
3617 575 3733 628 τοῖς

2187 648 2276 701 οὖν
2328 650 2596 722 μετάλλοις
2658 657 2744 704 καὶ
2813 655 2983 717 ἄλλοις
3045 663 3183 709 τισίν
3255 658 3602 730 ἁπλουστέρα
3669 660 3701 714 ἡ
3770 665 3853 707 τῶν

3035 743 3234 807 Μηδείς
3315 744 3368 799 δ’

2187 826 2314 880 εἶναι
2344 835 2435 881 καί
2482 834 2680 891 τούτοις
2727 853 2940 907 κρασεις
2997 855 3050 887 τε
3100 842 3190 888 καί
3248 840 3463 908 σχέσεις
3507 841 3610 888 καί
3668 833 3857 891 ἰδιοπ-

2189 745 2466 812 στοιχείων
2545 741 2687 794 ἐστὶν
2757 745 2953 806 ἔνωσις.
3035 743 3234 807 Μηδείς
3315 744 3368 799 δ’
3446 747 3852 819 ἁμφισϐπτεὶτω

2186 939 2293 978 τας’
2337 923 2520 971 οὔκουν
2557 917 2802 974 δὲταῦτα
2843 929 2996 997 μόνον
3049 930 3178 998 πρός
3206 926 3384 992 ἑαυτὰ,
3427 925 3563 978 ἆλλά
3613 932 3715 978 καί
3742 933 3858 1000 πρὸς

2184 1015 2292 1070 τοῖς
2350 1008 2620 1082 ἐμψύχοις
2689 1014 2759 1073 ὡς
2812 1014 2841 1070 ἡ
2894 1021 3049 1088 πεῖρα
3104 1021 3446 1087 παρίστησιν.
3514 1014 3692 1068 Ἐστι
3750 1023 3860 1086 γοῦν

2185 1117 2273 1149 και
2311 1105 2417 1159 τοῖς
2469 1099 2700 1171 ἀψύχοις
2749 1102 3020 1173 μετάλλοις
3068 1108 3158 1155 καί
3209 1105 3373 1166 λίθοις
3412 1109 3616 1177 κρᾶσίς
3665 1110 3780 1166 πῶς
3818 1124 3862 1155 τε

2184 1192 2273 1238 καί
2336 1185 2559 1251 ἰδιότης·
2611 1191 2730 1242 ἔνθα
2783 1193 2884 1265 γὰρ
2938 1200 3142 1264 κρᾶσις,
3195 1199 3284 1244 καί
3338 1190 3568 1253 ἰδιότης
3634 1195 3740 1245 οὒκ
3811 1196 3862 1244 ἄν

2181 1280 2280 1350 γὰρ
2354 1282 2416 1329 τὰ
2485 1281 2742 1353 κραθέντα
2810 1280 3108 1356 ἐκράθησαν
3176 1282 3255 1349 ἂν,
3325 1283 3368 1335 εἰ
3441 1288 3521 1354 μή
3608 1288 3863 1357 πρότερον

2185 1367 2612 1441 πνεισέρῥευσαν
2643 1377 2704 1441 τῇ
2743 1367 2972 1428 ἰδιότητι
3001 1371 3073 1433 εἰς
3090 1371 3265 1425 ἑαυτά.

2256 1455 2324 1520 ς’.
2385 1461 2486 1510 Καί
2533 1463 2652 1533 περί
2703 1464 2792 1531 μὲν
2844 1469 2942 1512 τῶν
2994 1461 3252 1532 μετάλλων
3295 1467 3386 1513 καί
3438 1461 3610 1514 λίθων
3672 1470 3858 1530 ταῦτα,

2182 1550 2301 1619 περί
2355 1542 2414 1598 δὲ
2474 1555 2571 1598 τῶν
2641 1557 2751 1610 πῶς
2820 1553 2911 1620 μὲν
2984 1549 3258 1622 ἐμψύχων,
3335 1559 3443 1610 πῶς
3501 1547 3566 1602 δὲ
3628 1550 3860 1622 ἀψύχων

2181 1653 2248 1685 τα
2298 1636 2460 1709 ἔτερα·
2515 1645 2614 1688 τῶν
2666 1637 2894 1709 ἀψύχων
2974 1658 3029 1692 τε
3093 1641 3222 1711 λέγω
3275 1644 3364 1691 καί
3422 1659 3537 1700 πως
3590 1638 3863 1712 ἒμχὺχω

2183 1732 2352 1793 φυτῶν
2406 1723 2458 1776 εύ
2518 1721 2793 1778 διίσταται
2867 1729 2897 1784 ἡ
2969 1736 3069 1779 τῶν
3122 1732 3400 1800 στοιχείων
3461 1728 3682 1787 ἑνότης·
3750 1747 3862 1779 σνν-

420 1822 476 1870 τὸ
497 1824 624 1890 πῡρο
681 1815 725 1868 εἰ
782 1812 832 1868 δ’
887 1817 913 1866 ό
962 1815 1103 1876 λίθος
1161 1822 1255 1874 τῆς
1300 1820 1397 1883 ’γῆς
1447 1817 1536 1864 καὶ
1593 1813 1617 1864 ό
1665 1811 1952 1884 χαλκόςείς
1976 1815 2070 1869 τὴν
2102 1820 2144 1875 Β
2182 1832 2413 1886 υπαρχει
2467 1817 2570 1890 γὰρ
2636 1818 2839 1878 τούτοὶς
2909 1819 2939 1874 ἡ
3014 1817 3217 1876 ἑλκτικὴ
3271 1823 3357 1868 καί
3423 1817 3706 1880 αὐξηταή
3779 1822 3863 1867 καί

415 1915 515 1980 γῆν
547 1905 835 1972 ἀναλύεται,
888 1907 1000 1956 ἔστι
1053 1900 1112 1956 δ”ε
1166 1907 1254 1954 καὶ
1306 1910 1409 1975 πῦρ
1467 1901 1515 1953 ἐν
1683 1910 1776 1974 γῇ,
1825 1904 1882 1953 ἔκ
1901 1920 1955 1953 τε
1982 1909 2071 1962 τῆς

415 2003 507 2048 τοῦ
563 2001 863 2070 προσοχοῦς
913 1993 1058 2045 λίθου
1115 1995 1171 2044 ἔκ
1230 2010 1284 2043 τε
1350 1988 1530 2064 ἐτέρων
1592 1989 1849 2062 μετάλλων
1939 1989 2068 2041 ἀπο-

417 2081 625 2148 δείξεως
675 2086 700 2135 ό
757 2082 957 2156 χαλκὸς
1018 2081 1086 2142 εἰς
1137 2083 1196 2132 τὸ
1253 2087 1357 2151 πῦρ
1411 2085 1502 2132 καὶ
1557 2084 1651 2138 τὴν
1711 2089 1810 2151 γῆν
1866 2085 1955 2131 καὶ
2003 2081 2068 2130 τά

418 2183 639 2246 συγγενῆ
702 2172 994 2227 ἀναλύεται.
1078 2170 1248 2224 Πολλά
1313 2191 1393 2232 τις
1442 2173 1555 2243 ἔχει
1615 2170 1774 2241 λέγειν
1837 2169 1908 2230 εἰς
1973 2173 2067 2227 τὴν

412 2273 512 2316 τῶν
541 2265 774 2339 κράσεων
829 2258 1117 2328 ἀπόδειξιν,
1178 2264 1366 2333 μικτὴν
1420 2257 1581 2313 οὖσαν
1639 2264 1728 2310 καὶ
1778 2257 2063 2331 πολυμερῆ,

413 2355 661 2413 ὡσαύτως
715 2357 806 2404 καὶ
857 2351 1249 2405 πολυσύνθετον.
1297 2350 1357 2402 Εἰ
1407 2352 1505 2425 ’γὰρ
1553 2352 1612 2400 τό
1687 2355 1790 2420 πῦρ
1858 2347 1906 2399 ἐν
1955 2354 2066 2408 τοῖς

410 2443 571 2504 λίθοις
591 2462 646 2494 τε
690 2445 782 2494 καὶ
831 2447 892 2513 τῇ
950 2447 1050 2512 γῇν
1111 2441 1224 2492 ἔστι
1274 2444 1364 2491 καὶ
1410 2438 1459 2490 ἐν
1505 2438 1708 2511 χαλκῷ·
1761 2436 1817 2490 ἐκ
1846 2445 2066 2506 τῆςγῆς

410 2534 514 2606 γὰρ
569 2533 848 2602 συνάγεται
899 2530 926 2581 ὁ
967 2528 1182 2601 χαλκός’
1243 2528 1315 2589 εἰς
1379 2532 1472 2586 τὴν
1522 2537 1622 2600 ’γῆν
1673 2535 1797 2600 γοῦν
1841 2526 2065 2580 ἀναλυό-

412 2820 708 2881 elementa
738 2821 1070 2895 sequuntur
1113 2813 1336 2892 duplex
1365 2815 1737 2892 temperatio,
1773 2813 2064 2891 quoniam

412 2913 542 2970 hmo
565 2929 808 2986 quoque
837 2917 974 2968 sunt
1002 2909 1257 2983 duplicis
1285 2909 1536 2980 generis.
1579 2911 1727 2966 Sunt
1761 2909 1914 2964 enim
1944 2907 2068 2963 ani-

413 3008 580 3060 mata
607 3009 665 3060 et
686 3004 1036 3060 inanimata.
1067 3004 1134 3056 Et
1165 3017 1372 3056 rursus
1397 3000 1514 3056 alia
1543 3001 1759 3072 partim
1778 3000 2065 3063 animata,

412 3092 632 3166 partim
652 3093 832 3148 etiam
851 3091 1201 3148 inanimata.
1230 3092 1314 3145 Ac
1342 3089 1403 3144 in
1430 3089 1776 3145 inanimatis
1797 3087 2064 3160 quidem,

2183 1901 2491 1960 ἀλλοιωτικὴ
2551 1909 2641 1956 καί
2713 1907 2992 1963 καθεκτική
3067 1925 3122 1958 τε
3195 1910 3283 1958 καί
3337 1905 3614 1981 ἐκκριταή
3707 1903 3859 1957 δύνα-

2180 2011 2290 2063 μις,
2324 1991 2355 2049 ἢ
2386 2011 2441 2044 τε
2498 1993 2743 2067 θρεπτικὴ
2795 1998 3125 2067 πρωτίστως,
3175 1991 3250 2046 δι’
3301 1992 3364 2055 ἧς
3409 1999 3506 2047 καί
3536 2015 3607 2047 τα
3634 2003 3858 2047 τοιαῦτα

2179 2084 2377 2141 τούτοις
2448 2081 2726 2154 ἐγγίνεται,
2814 2088 3178 2159 στερίσκονται
3257 2081 3316 2136 δέ
3387 2092 3484 2145 τῆς
3536 2085 3854 2146 αίσητικῆς.

2177 2176 2341 2222 Τοῦτο
2397 2167 2456 2223 δὲ
2500 2168 2784 2247 πρόδηλον.
2854 2180 3055 2247 Κρᾶσις
3119 2170 3179 2226 δὲ
3241 2179 3330 2225 καί
3381 2173 3587 2236 αὐτοῖς·
3658 2174 3706 2226 εἰ
3756 2178 3854 2245 γὰρ

2178 2263 2248 2325 μὴ
2303 2265 2512 2334 κρᾶσις,
2565 2260 2693 2314 ἀλλὰ
2766 2283 2938 2314 παντα
3006 2263 3113 2316 εἰσί
3183 2259 3451 2335 μονοειδῆ,
3530 2263 3634 2314 οὐκ
3692 2261 3757 2314 ἂν
3809 2266 3854 2313 οἱ

2175 2351 2370 2400 τούτων
2425 2356 2620 2422 καφποί
2691 2348 2957 2426 διαφόρως
3029 2352 3099 2414 εἰς
3164 2355 3282 2414 τοὺς
3329 2355 3542 2424 χυμοὺς
3599 2350 3852 2403 συνεϐαλ-

2175 2439 2339 2491 λοντο·
2390 2440 2445 2492 ἐκ
2502 2449 2601 2492 τῶν
2658 2450 2870 2515 καρπῶν
2921 2447 3009 2493 καί
3057 2445 3159 2515 γὰρ
3217 2451 3494 2513 γεννῶνται
3545 2446 3750 2514 χυμοὶ.
3795 2440 3854 2492 Εἰ

2176 2527 2236 2583 δὲ
2289 2535 2360 2603 μή
2412 2549 2630 2604 κρασεις
2696 2535 3006 2603 πανταχόσε
3076 2535 3144 2584 τὰ
3192 2536 3428 2605 σπόριμα
3476 2542 3676 2594 κοινῶς
3736 2532 3855 2601 ἐγυ-

2177 2819 2355 2893 igitur
2379 2818 2885 2895 praetermittenda
2900 2823 3124 2885 sunt,et
3139 2818 3221 2877 ad
3239 2818 3454 2878 altiora
3472 2825 3695 2879 nostra
3708 2819 3849 2877 dili-

2181 2912 2384 2981 gentia
2406 2911 2747 2968 revocanda
2801 2914 2912 2966 est.
2981 2910 3275 2966 Uniuntur
3324 2911 3531 2982 itaque
3572 2911 3847 2974 metalla,

2180 3015 2347 3066 saxa,
2381 3005 2437 3056 et
2457 3000 2573 3056 alia
2593 3000 2874 3073 quaedam
2897 2998 3258 3071 simpliciore
3276 2999 3376 3055 illa
3397 2999 3847 3056 elementorum

2180 3089 2816 3163 copulatione.Nemini
2846 3104 2988 3144 vero
3011 3087 3088 3144 sit
3114 3088 3370 3144 dubium
3393 3089 3550 3161 quin
3569 3090 3669 3145 his
3693 3095 3846 3145 tem-

413 3182 566 3238 utin
596 3181 902 3253 lapidibus
925 3185 982 3236 et
1006 3179 1283 3244 metallis,
1313 3178 1657 3250 simpliciter
1677 3178 1936 3234 cernitur
1956 3176 2067 3232 ele-
2094 3178 2140 3241 (Ξ
2180 3179 2538 3250 perationes,
2563 3177 2898 3234 habilitates
2947 3183 3004 3234 et
3043 3177 3438 3250 proprietates
3467 3178 3683 3234 insint.
3722 3183 3846 3235 Non

412 3277 756 3329 mentorum
786 3270 1154 3326 communio.
1180 3272 1313 3324 Haec
1334 3268 1494 3324 enim
1511 3284 1583 3323 ex
1601 3268 1907 3323 elementis
1928 3282 2065 3322 con-

414 3365 530 3419 stat
557 3362 783 3433 quibus
815 3362 863 3415 si
884 3359 1233 3432 temperatio
1260 3358 1533 3424 inest,his
1566 3358 1738 3414 etiam
1758 3356 2065 3426 inerit,sed

416 3450 744 3506 secundum
771 3449 834 3505 id
851 3448 1019 3520 quod
1039 3453 1128 3504 est
1148 3447 1283 3519 plus
1304 3451 1360 3502 et
1377 3447 1596 3502 minus.
1623 3447 1879 3513 Quidam
1903 3447 2066 3502 enim

411 3538 841 3607 investigantes
857 3536 1236 3592 metallorum
1266 3541 1323 3592 et
1345 3536 1610 3606 lapidum
1640 3535 2064 3608 proprietatem

415 3625 969 3682 commodissimam
982 3624 1137 3679 hanc
1148 3623 1614 3695 deprehundunt
1633 3639 1769 3696 quae
1787 3624 2067 3694 opposita

415 3717 508 3772 est
533 3729 972 3786 nonnunquam
1001 3712 1682 3784 frigori,nonnunquam
1698 3713 1878 3768 etiam
1900 3711 2064 3768 illam

413 3820 548 3877 quae
573 3803 1076 3871 calori,interdum
1093 3817 1338 3874 quoque
1374 3801 1581 3857 eodem
1614 3801 1797 3857 modo
1814 3818 1947 3873 quae
1968 3801 2064 3856 fri-

413 3909 526 3966 gus
555 3898 658 3950 aut
686 3892 948 3949 calorem
971 3891 1443 3962 adjuvat.Quare
1475 3891 1565 3946 vis
1582 3890 1685 3947 illa
1703 3907 1839 3963 quae
1857 3890 1936 3946 ab
1953 3891 2064 3945 ele-

413 3983 630 4039 mentis
658 3981 1050 4055 proﬁciscitur
1065 3996 1190 4037 non
1217 3981 1276 4036 in
1303 3981 1396 4036 his
1417 3981 1700 4036 omnibus
1720 3981 2064 4035 inanimatis

412 4073 810 4130 communiter
819 4070 1105 4138 inest,sed
1119 4076 1300 4142 prout
1310 4076 1524 4125 natura
1536 4074 1886 4142 comparata
1903 4075 2059 4126 sunt.

411 4161 549 4217 Haec
576 4177 718 4218 vero
736 4161 1026 4216 dissoluta
1040 4161 1100 4215 in
1118 4159 1404 4230 priora,in
1421 4158 1536 4214 illis
1559 4158 2064 4230 ostenduntquod

411 4249 652 4304 misceri
680 4249 892 4321 potuit.
930 4251 1135 4304 Utrum
1154 4247 1315 4303 enim
1339 4247 1493 4316 ignis
1515 4253 1603 4302 est
1621 4248 1680 4303 in
1700 4261 1817 4302 aere
1838 4247 1865 4301 ‘I
1898 4252 2062 4303 Atta-

410 4352 551 4393 men
570 4353 710 4392 cum
748 4336 958 4392 crebro
973 4335 1232 4406 injicitur
1255 4351 1337 4390 {BS
1357 4335 1419 4390 in
1442 4335 2060 4406 fornacem,paulatim

410 4424 618 4481 multis
648 4425 931 4480 ramentis
965 4423 1138 4495 quasi
1167 4423 1225 4478 in
1263 4423 1490 4480 cineres
1527 4423 1908 4493 convertitur,
1942 4423 2062 4478 dis-

2179 3283 2321 3338 ergo
2341 3268 2637 3324 elementa
2656 3269 2807 3323 inter
2833 3283 2898 3323 se
2922 3267 3214 3323 duntaxat
3239 3267 3844 3339 copulantur,verum

2177 3359 2355 3413 etiam
2377 3359 2439 3412 in
2459 3357 2762 3423 animatis,
2801 3362 2865 3412 ut
2893 3356 3257 3427 experientia
3292 3357 3533 3428 probat.
3567 3359 3675 3414 Est
3707 3374 3844 3428 ergo

2175 3445 2234 3501 in
2266 3446 2612 3502 inanimatis
2645 3445 2826 3501 etiam
2853 3443 3105 3500 metallis
3135 3450 3193 3500 et
3211 3444 3520 3516 lapidibus
3535 3451 3840 3519 tempera-

2177 3535 2256 3591 tio
2287 3540 2466 3607 atque
2498 3534 2849 3607 proprietas.
2875 3533 2984 3591 Ubi
2999 3534 3158 3588 enim
3183 3536 3529 3605 temperatio
3549 3535 3637 3591 ibi
3661 3539 3840 3593 etiam

2174 3625 2735 3696 proprietas.Neque
2751 3622 2907 3678 enim
2925 3638 3063 3694 quae
3079 3623 3230 3678 inter
3246 3638 3308 3676 se
3320 3627 3666 3695 temperata
3681 3632 3837 3688 sunt,

2174 3711 2494 3784 temperari
2518 3710 2994 3783 potuissent,nisi
3010 3710 3356 3782 impellente
3375 3713 3758 3783 proprietate
3785 3715 3840 3770 in

2177 3818 2362 3857 unum
2397 3800 2838 3856 conﬂuxissent.

2246 3894 2298 3944 6.
2339 3896 2532 3961 Atque
2560 3889 2688 3944 haec
2713 3889 2961 3961 quidem
3004 3887 3075 3942 de
3115 3888 3369 3944 metallis
3399 3894 3459 3944 et
3486 3889 3830 3962 lapidibus.

2178 3981 2254 4033 De
2298 3977 2406 4032 illis
2460 3993 2600 4034 vero
2651 3994 2789 4050 quae
2835 3977 3052 4049 partim
3089 3977 3358 4034 animata
3399 3984 3563 4044 sunt,
3616 3983 3839 4052 partim

2174 4067 2523 4133 inanimata,
2561 4067 2677 4123 alia
2697 4065 2955 4122 dicenda
3004 4072 3164 4122 sunt.
3212 4070 3260 4120 A
3281 4066 3527 4138 plantis,
3557 4069 3839 4142 inquam.

2173 4173 2310 4228 quae
2340 4158 2558 4228 partim
2584 4157 2864 4212 animatae
2892 4162 3030 4211 sunt
3056 4156 3274 4227 partim
3294 4157 3676 4226 inanimatae,
3721 4178 3842 4216 non

2174 4250 2263 4300 est
2282 4245 2476 4301 aliena
2501 4245 2934 4300 elementorum
2960 4245 3329 4300 communio.
3347 4246 3443 4301 His
3461 4246 3632 4302 enim
3659 4250 3842 4306 simul

2170 4333 2324 4390 inest
2338 4334 2424 4390 vis
2453 4340 2511 4389 et
2529 4334 2779 4390 facultas
2801 4333 3842 4405 attrahendi,augescendi,commu-

2173 4423 2361 4493 tandi,
2389 4423 2681 4480 retinendi
2710 4430 2767 4479 et
2795 4422 3231 4491 secernendi,in
3252 4425 3587 4498 primisque
3606 4429 3701 4484 vis
3720 4446 3841 4485 me-

412 4513 565 4570 solvi
595 4512 856 4583 contigit.
883 4514 1172 4569 Praeterea
1208 4513 1269 4568 in
1295 4519 1451 4569 terra
1475 4513 1677 4582 ignem
1707 4527 1836 4568 esse
1866 4511 2061 4568 dicere
2088 4531 2136 4586 Β
2173 4512 2376 4580 dendi,
2398 4528 2503 4584 per
2530 4528 2712 4584 quam
2741 4512 2920 4568 etiam
2942 4512 3087 4568 talia
3110 4513 3201 4568 his
3221 4513 3448 4571 insunt.
3473 4516 3701 4574 Carent
3733 4535 3839 4574 au-

407 4603 601 4676 possit
625 4601 1015 4674 aliquis.Nam
1037 4617 1108 4657 ex
1130 4618 1280 4658 saxo
1303 4602 1469 4675 quod
1498 4602 1769 4673 proxime
1797 4600 1874 4656 ad
1893 4606 2060 4658 terrea

406 4697 690 4750 naturam
722 4692 970 4760 accedit,
993 4692 1192 4748 attritu
1239 4691 1395 4760 ignis
1437 4691 1810 4762 exprimitur.
1837 4691 1889 4748 Si
1917 4706 2060 4747 vero

408 4799 627 4840 saxum
657 4781 824 4854 quod
844 4780 1107 4836 maxime
1133 4780 1213 4836 ad
1234 4784 1406 4836 terrae
1424 4786 1704 4834 naturam
1729 4779 1958 4835 accedit
1977 4785 2060 4835 at-

406 4887 524 4944 que
555 4871 732 4927 etiam
763 4887 845 4926 aes
874 4870 935 4925 in
968 4875 1184 4924 terram
1215 4867 1578 4931 dissolvitur,
1611 4873 1698 4923 est
1726 4883 1868 4923 vero
1901 4868 2058 4937 ignis

406 4978 649 5034 quoque
699 4961 760 5016 in
814 4966 985 5029 terra,
1047 4974 1190 5015 sane
1248 4973 1321 5012 ex
1378 4957 1890 5014 demonstratione
1929 4957 2058 5014 saxi

405 5052 592 5124 (quod
632 5051 815 5106 habet
863 5055 1145 5104 naturam
1188 5054 1356 5103 terrae
1398 5046 1666 5119 afﬁnem)
1707 5053 1762 5104 et
1801 5047 2055 5104 aliorum

403 5139 782 5198 metallorum
831 5137 1215 5206 intelligimus
1258 5153 1339 5192 ωε
1394 5137 1454 5191 in
1502 5137 1726 5205 ignem,
1757 5143 1973 5192 terram
1999 5142 2056 5192 et

402 5229 676 5300 ejusdem
702 5227 936 5297 generis
959 5224 1078 5282 alia
1092 5224 1475 5281 dissolvi.Sed
1495 5229 1698 5296 posset
1712 5226 1847 5297 quis
1868 5225 2057 5281 multa

401 5318 598 5375 dicere
628 5317 689 5372 in
715 5317 872 5372 hanc
894 5315 1247 5371 sententiam
1269 5313 1344 5369 de
1379 5313 1657 5370 mistione
1681 5314 2055 5385 temperatio-

399 5421 547 5462 num
570 5422 705 5478 quae
735 5403 1046 5476 multiplex
1075 5409 1164 5458 est
1193 5407 1250 5458 et
1275 5403 1433 5458 varie
1468 5407 1864 5472 coagmentat.
1902 5405 2052 5458 Nam

402 5494 452 5550 si
477 5494 635 5564 ignis
665 5498 752 5548 est
796 5494 857 5548 in
903 5494 1062 5549 saxis
1097 5496 1156 5562 et
1199 5491 1261 5547 in
1302 5498 1474 5558 terra,
1503 5497 1592 5547 est
1620 5492 1801 5547 etiam
1821 5492 1884 5547 in
1911 5507 2048 5548 aare.

397 5585 540 5639 Nam
572 5597 646 5637 ex
673 5587 828 5636 terra
856 5586 1198 5637 concretum
1228 5584 1318 5636 est
1343 5596 1446 5635 aes.
1468 5581 1662 5645 Quare
1687 5596 1826 5635 cum
1842 5580 2050 5638 dissol-

396 5670 556 5727 vitur
582 5671 646 5726 in
684 5674 927 5739 terram,
971 5669 1034 5723 in
1073 5673 1332 5738 cognata
1370 5667 1483 5722 sibi
1524 5667 1890 5724 dissolvitur.
1912 5669 2048 5725 Ηωο

2173 4606 2291 4657 tem
2321 4601 2378 4656 vi
2418 4604 2474 4657 et
2515 4600 2796 4657 facultate
2829 4601 3141 4657 sentiendi.
3192 4603 3408 4658 Verum
3450 4602 3570 4660 hoc
3603 4610 3837 4680 perspi~

2171 4706 2352 4745 cuum
2380 4695 2466 4746 est
2497 4696 2553 4745 et
2579 4692 2730 4746 inter
2749 4705 2959 4746 omnes
2979 4695 3235 4747 constat.
3263 4693 3443 4748 Porro
3469 4697 3837 4766 temperatio

2167 4795 2410 4851 quoque
2436 4779 2528 4835 his
2547 4779 2722 4835 inest.
2763 4782 2913 4835 Nam
2964 4779 3013 4834 si
3066 4796 3191 4835 non
3241 4781 3505 4838 inestita
3524 4787 3595 4838 ut
3625 4788 3838 4842 omnia

2167 4869 2285 4924 sint
2314 4883 2436 4925 una
2464 4867 2797 4940 eademque
2819 4868 3013 4924 forma
3038 4867 3472 4939 praedita,certe
3499 4887 3834 4930 succorum

2164 4957 2503 5013 diversitate
2550 4957 2776 5013 fructus
2813 4957 3158 5028 plantarum
3201 4973 3326 5013 non
3356 4958 3835 5030 distinguantur.

2166 5050 2314 5103 Nam
2341 5047 2501 5103 succi
2536 5047 2614 5102 illi
2637 5047 2907 5102 oriuntur
2939 5062 3012 5102 ex
3043 5045 3354 5104 fructibus.
3387 5049 3566 5114 Quod
3601 5053 3656 5106 si
3678 5059 3833 5110 tem-

2164 5137 2392 5209 peratio
2415 5138 2475 5193 in
2501 5153 2714 5192 omnes
2761 5143 2960 5208 partes
3019 5151 3144 5192 non
3169 5136 3633 5208 diffunderetur,
3665 5158 3834 5200 eom-

2162 5227 2331 5283 muni
2355 5225 2621 5299 quadam
2676 5226 2904 5282 ratione
2956 5225 3194 5297 plantas
3237 5233 3502 5283 sererent
3544 5228 3834 5289 homines

2161 5315 2542 5389 colerentque
2571 5331 2643 5371 ac
2679 5315 3032 5372 earumdem
3075 5313 3306 5370 fructus
3336 5321 3655 5377 meterent.
3691 5324 3834 5388 Quis

2161 5420 2302 5460 vero
2331 5404 2484 5460 alius
2507 5404 2720 5460 dixerit
2743 5403 2961 5476 plantis
2983 5403 3134 5475 ipsis
3153 5419 3276 5460 non
3304 5403 3501 5460 inesse
3526 5412 3828 5482 tempera-

2158 5494 2810 5566 tionem,praaterquam
2837 5492 2932 5549 ille
2957 5492 3063 5565 qui
3088 5494 3396 5550 communi
3423 5495 3707 5568 quadam
3736 5516 3826 5558 ra—

2158 5582 2319 5638 tione
2343 5582 2565 5655 ubique
2585 5582 2824 5654 plantas
2839 5581 3199 5656 sericolique
3218 5581 3610 5649 asseri,?lloc
3621 5594 3823 5646 autem

2161 5685 2349 5725 unum
2377 5674 2466 5726 est
2484 5685 2558 5726 ex
2583 5668 2698 5725 illis
2736 5685 2874 5742 quae
2909 5668 3038 5725 ﬁeri
3082 5675 3411 5744 nequeunt.
3438 5672 3599 5731 Talis
3641 5680 3821 5739 etiam
