  <div class='ocr_page' id='page_1' title='image "/cluster/home/n/w/nwhite01/storage/ocr_20150623/140/pst.000005714568/706.png"; bbox 0 0 3932 6326; ppageno 0'>
   <div class='ocr_carea' id='block_1_1' title="bbox 53 385 180 442">
    <p class='ocr_par' dir='ltr' id='par_1_1' title="bbox 53 385 180 442">
     <span class='ocr_line' id='line_1_1' title="bbox 53 385 180 442; baseline 0.016 -2"><span class='ocrx_word' id='word_1_1' title='bbox 53 385 180 442; x_wconf 74' lang='lat'><strong>1293</strong></span> 
     </span>
    </p>
   </div>
   <div class='ocr_carea' id='block_1_2' title="bbox 920 375 2572 440">
    <p class='ocr_par' dir='ltr' id='par_1_2' title="bbox 920 375 2572 440">
     <span class='ocr_line' id='line_1_2' title="bbox 920 375 2572 440; baseline 0.002 -4"><span class='ocrx_word' id='word_1_2' title='bbox 920 375 1276 437; x_wconf 83' lang='lat' dir='ltr'><strong>THEODORI</strong></span> <span class='ocrx_word' id='word_1_3' title='bbox 1317 381 1363 434; x_wconf 88' lang='lat' dir='ltr'>II</span> <span class='ocrx_word' id='word_1_4' title='bbox 1403 380 1534 436; x_wconf 83' lang='lat' dir='ltr'><strong>IMP.</strong></span> <span class='ocrx_word' id='word_1_5' title='bbox 1579 379 1668 436; x_wconf 81' lang='lat' dir='ltr'><strong>DE</strong></span> <span class='ocrx_word' id='word_1_6' title='bbox 1705 378 2161 437; x_wconf 69' lang='lat' dir='ltr'><strong>COMMUNIONE</strong></span> <span class='ocrx_word' id='word_1_7' title='bbox 2200 381 2572 440; x_wconf 82' lang='lat' dir='ltr'><strong>NATURALI.</strong></span> 
     </span>
    </p>
   </div>
   <div class='ocr_carea' id='block_1_3' title="bbox 3314 388 3452 443">
    <p class='ocr_par' dir='ltr' id='par_1_3' title="bbox 3314 388 3452 443">
     <span class='ocr_line' id='line_1_3' title="bbox 3314 388 3452 443; baseline 0 -1"><span class='ocrx_word' id='word_1_8' title='bbox 3314 388 3452 443; x_wconf 73' lang='grc'><strong>1294</strong></span> 
     </span>
    </p>
   </div>
   <div class='ocr_carea' id='block_1_4' title="bbox 53 503 3454 587">
    <p class='ocr_par' dir='ltr' id='par_1_4' title="bbox 53 503 3454 587">
     <span class='ocr_line' id='line_1_4' title="bbox 53 503 3454 587; baseline 0.001 -27"><span class='ocrx_word' id='word_1_9' title='bbox 53 517 352 582; x_wconf 60' lang='grc' dir='ltr'>γουργοῦντο</span> <span class='ocrx_word' id='word_1_10' title='bbox 415 511 506 560; x_wconf 75' lang='grc' dir='ltr'>καὶ</span> <span class='ocrx_word' id='word_1_11' title='bbox 566 505 866 581; x_wconf 78' lang='grc' dir='ltr'>ἓκάρπευον,</span> <span class='ocrx_word' id='word_1_12' title='bbox 949 525 1025 566; x_wconf 84' lang='grc' dir='ltr'><strong>τις</strong></span> <span class='ocrx_word' id='word_1_13' title='bbox 1083 503 1132 558; x_wconf 82' lang='grc' dir='ltr'>δ’</span> <span class='ocrx_word' id='word_1_14' title='bbox 1195 506 1345 568; x_wconf 81' lang='grc' dir='ltr'>ἄλλος</span> <span class='ocrx_word' id='word_1_15' title='bbox 1403 510 1521 579; x_wconf 71' lang='grc' dir='ltr'>εἴπῃ</span> <span class='ocrx_word' id='word_1_16' title='bbox 1590 505 1694 578; x_wconf 87' lang='grc' dir='ltr'><strong>ούχ</strong></span> <span class='ocrx_word' id='word_1_17' title='bbox 1725 517 1770 566; x_wconf 81' lang='grc' dir='ltr'><strong>Α</strong></span> <span class='ocrx_word' id='word_1_18' title='bbox 1804 514 1996 580; x_wconf 71' lang='grc' dir='ltr'>φντοῖς.</span> <span class='ocrx_word' id='word_1_19' title='bbox 2021 508 2051 564; x_wconf 77' lang='grc' dir='ltr'>ἡ</span> <span class='ocrx_word' id='word_1_20' title='bbox 2091 509 2192 582; x_wconf 77' lang='grc' dir='ltr'><strong>γὰρ</strong></span> <span class='ocrx_word' id='word_1_21' title='bbox 2227 503 2433 568; x_wconf 77' lang='grc' dir='ltr'>’ἰδιότης</span> <span class='ocrx_word' id='word_1_22' title='bbox 2478 513 2694 580; x_wconf 75' lang='grc' dir='ltr'><strong>μίγνυσι</strong></span> <span class='ocrx_word' id='word_1_23' title='bbox 2739 518 2802 582; x_wconf 73' lang='grc' dir='ltr'>τῇ</span> <span class='ocrx_word' id='word_1_24' title='bbox 2869 513 3053 587; x_wconf 79' lang='grc' dir='ltr'><strong>κράσει</strong></span> <span class='ocrx_word' id='word_1_25' title='bbox 3109 518 3300 584; x_wconf 83' lang='grc' dir='ltr'>κρᾶσιν</span> <span class='ocrx_word' id='word_1_26' title='bbox 3363 515 3454 564; x_wconf 87' lang='grc' dir='ltr'>καὶ</span> 
     </span>
    </p>
   </div>
   <div class='ocr_carea' id='block_1_5' title="bbox 53 595 1696 671">
    <p class='ocr_par' dir='ltr' id='par_1_5' title="bbox 53 595 1696 671">
     <span class='ocr_line' id='line_1_5' title="bbox 53 595 1696 671; baseline -0.004 -20"><span class='ocrx_word' id='word_1_27' title='bbox 53 604 122 652; x_wconf 78' lang='grc' dir='ltr'>ῖτι</span> <span class='ocrx_word' id='word_1_28' title='bbox 158 601 346 671; x_wconf 86' lang='grc' dir='ltr'>κρᾶσίς</span> <span class='ocrx_word' id='word_1_29' title='bbox 400 595 539 649; x_wconf 81' lang='grc' dir='ltr'>ἐστιν</span> <span class='ocrx_word' id='word_1_30' title='bbox 601 596 798 663; x_wconf 76' lang='grc' dir='ltr'>αὐτοῖς,</span> <span class='ocrx_word' id='word_1_31' title='bbox 835 597 880 647; x_wconf 80' lang='grc' dir='ltr'>εἰ</span> <span class='ocrx_word' id='word_1_32' title='bbox 945 600 1016 667; x_wconf 74' lang='grc' dir='ltr'>μὴ</span> <span class='ocrx_word' id='word_1_33' title='bbox 1058 597 1084 647; x_wconf 91' lang='grc' dir='ltr'><strong>ό</strong></span> <span class='ocrx_word' id='word_1_34' title='bbox 1122 605 1304 657; x_wconf 80' lang='grc' dir='ltr'><strong>κοινῶς</strong></span> <span class='ocrx_word' id='word_1_35' title='bbox 1379 604 1696 671; x_wconf 69' lang='grc' dir='ltr'>φυτουργεῖ-</span> 
     </span>
    </p>
   </div>
   <div class='ocr_carea' id='block_1_6' title="bbox 53 685 1695 761">
    <p class='ocr_par' dir='ltr' id='par_1_6' title="bbox 53 685 1695 761">
     <span class='ocr_line' id='line_1_6' title="bbox 53 685 1695 761; baseline -0.002 -20"><span class='ocrx_word' id='word_1_36' title='bbox 53 691 172 741; x_wconf 69' lang='lat' dir='ltr'><strong>rem</strong></span> <span class='ocrx_word' id='word_1_37' title='bbox 226 694 396 738; x_wconf 79' lang='grc' dir='ltr'>ταῦτα</span> <span class='ocrx_word' id='word_1_38' title='bbox 447 685 606 757; x_wconf 66' lang='grc' dir='ltr'>λέγων</span> <span class='ocrx_word' id='word_1_39' title='bbox 653 688 961 756; x_wconf 83' lang='grc' dir='ltr'><strong>πανταχόσε</strong></span> <span class='ocrx_word' id='word_1_40' title='bbox 998 689 1087 738; x_wconf 83' lang='grc' dir='ltr'>καὶ</span> <span class='ocrx_word' id='word_1_41' title='bbox 1129 689 1437 761; x_wconf 78' lang='grc' dir='ltr'>σπείρεσθαι</span> <span class='ocrx_word' id='word_1_42' title='bbox 1477 705 1491 755; x_wconf 88' lang='grc'><strong>;</strong></span> <span class='ocrx_word' id='word_1_43' title='bbox 1531 692 1695 738; x_wconf 87' lang='grc' dir='ltr'>Τοῦτο</span> 
     </span>
    </p>
   </div>
   <div class='ocr_carea' id='block_1_7' title="bbox 53 772 1695 834">
    <p class='ocr_par' dir='ltr' id='par_1_7' title="bbox 53 772 1695 834">
     <span class='ocr_line' id='line_1_7' title="bbox 53 772 1695 834; baseline -0.002 -4"><span class='ocrx_word' id='word_1_44' title='bbox 53 775 106 830; x_wconf 66' lang='grc' dir='ltr'>δὲ</span> <span class='ocrx_word' id='word_1_45' title='bbox 172 785 272 830; x_wconf 81' lang='grc' dir='ltr'>τῶν</span> <span class='ocrx_word' id='word_1_46' title='bbox 331 772 603 828; x_wconf 79' lang='grc' dir='ltr'>ἁδυνατων</span> <span class='ocrx_word' id='word_1_47' title='bbox 670 773 831 829; x_wconf 74' lang='grc' dir='ltr'>ἐστίν.</span> <span class='ocrx_word' id='word_1_48' title='bbox 903 774 1127 827; x_wconf 82' lang='grc' dir='ltr'>Ἀθετείν</span> <span class='ocrx_word' id='word_1_49' title='bbox 1189 772 1250 827; x_wconf 73' lang='grc' dir='ltr'>δὲ</span> <span class='ocrx_word' id='word_1_50' title='bbox 1313 781 1402 828; x_wconf 84' lang='grc' dir='ltr'>καὶ</span> <span class='ocrx_word' id='word_1_51' title='bbox 1457 780 1553 834; x_wconf 75' lang='grc' dir='ltr'>τὴν</span> <span class='ocrx_word' id='word_1_52' title='bbox 1599 784 1695 828; x_wconf 84' lang='grc' dir='ltr'>τῶν</span> 
     </span>
    </p>
   </div>
   <div class='ocr_carea' id='block_1_8' title="bbox 59 863 1696 938">
    <p class='ocr_par' dir='ltr' id='par_1_8' title="bbox 59 863 1696 938">
     <span class='ocr_line' id='line_1_8' title="bbox 59 863 1696 938; baseline -0.001 -17"><span class='ocrx_word' id='word_1_53' title='bbox 59 863 454 926; x_wconf 77' lang='grc' dir='ltr'>Δσκληπιάδων</span> <span class='ocrx_word' id='word_1_54' title='bbox 513 869 705 938; x_wconf 75' lang='grc' dir='ltr'>τέχνην</span> <span class='ocrx_word' id='word_1_55' title='bbox 775 867 800 917; x_wconf 89' lang='grc' dir='ltr'><strong>ό</strong></span> <span class='ocrx_word' id='word_1_56' title='bbox 869 873 1104 926; x_wconf 89' lang='grc' dir='ltr'>τοιοῦτος</span> <span class='ocrx_word' id='word_1_57' title='bbox 1169 867 1421 938; x_wconf 80' lang='grc' dir='ltr'><strong>ὁρίζεται,</strong></span> <span class='ocrx_word' id='word_1_58' title='bbox 1485 867 1546 925; x_wconf 74' lang='grc' dir='ltr'>ἣν</span> <span class='ocrx_word' id='word_1_59' title='bbox 1606 871 1696 920; x_wconf 83' lang='grc' dir='ltr'>καὶ</span> 
     </span>
    </p>
   </div>
   <div class='ocr_carea' id='block_1_9' title="bbox 53 955 1692 1032">
    <p class='ocr_par' dir='ltr' id='par_1_9' title="bbox 53 955 1692 1032">
     <span class='ocr_line' id='line_1_9' title="bbox 53 955 1692 1032; baseline -0.002 -23"><span class='ocrx_word' id='word_1_60' title='bbox 53 960 329 1032; x_wconf 79' lang='grc' dir='ltr'>ραρμάκων</span> <span class='ocrx_word' id='word_1_61' title='bbox 393 961 678 1014; x_wconf 76' lang='grc' dir='ltr'><strong>συνίστησι</strong></span> <span class='ocrx_word' id='word_1_62' title='bbox 741 955 939 1015; x_wconf 83' lang='grc' dir='ltr'>πλῆθος</span> <span class='ocrx_word' id='word_1_63' title='bbox 999 957 1053 1007; x_wconf 78' lang='grc' dir='ltr'>ἔκ</span> <span class='ocrx_word' id='word_1_64' title='bbox 1119 975 1171 1008; x_wconf 89' lang='grc' dir='ltr'><strong>τε</strong></span> <span class='ocrx_word' id='word_1_65' title='bbox 1239 963 1337 1007; x_wconf 87' lang='grc' dir='ltr'>τῶν</span> <span class='ocrx_word' id='word_1_66' title='bbox 1413 960 1692 1029; x_wconf 77' lang='grc' dir='ltr'><strong>φυομένων,</strong></span> 
     </span>
    </p>
   </div>
   <div class='ocr_carea' id='block_1_10' title="bbox 53 1046 1696 1120">
    <p class='ocr_par' dir='ltr' id='par_1_10' title="bbox 53 1046 1696 1120">
     <span class='ocr_line' id='line_1_10' title="bbox 53 1046 1696 1120; baseline 0 -21"><span class='ocrx_word' id='word_1_67' title='bbox 53 1051 103 1099; x_wconf 71' lang='lat' dir='ltr'><strong>ix</strong></span> <span class='ocrx_word' id='word_1_68' title='bbox 163 1067 218 1100; x_wconf 89' lang='grc' dir='ltr'><strong>τε</strong></span> <span class='ocrx_word' id='word_1_69' title='bbox 271 1046 551 1120; x_wconf 74' lang='grc' dir='ltr'><strong>μετάλλων,</strong></span> <span class='ocrx_word' id='word_1_70' title='bbox 605 1049 660 1098; x_wconf 76' lang='grc' dir='ltr'>ἔκ</span> <span class='ocrx_word' id='word_1_71' title='bbox 724 1065 776 1098; x_wconf 87' lang='grc' dir='ltr'><strong>τε</strong></span> <span class='ocrx_word' id='word_1_72' title='bbox 834 1054 934 1098; x_wconf 85' lang='grc' dir='ltr'>τῶν</span> <span class='ocrx_word' id='word_1_73' title='bbox 1000 1051 1427 1118; x_wconf 79' lang='grc' dir='ltr'>συγκιρνῶμένων</span> <span class='ocrx_word' id='word_1_74' title='bbox 1492 1048 1696 1099; x_wconf 85' lang='grc' dir='ltr'>πολυει-</span> 
     </span>
    </p>
   </div>
   <div class='ocr_carea' id='block_1_11' title="bbox 53 1133 1698 1197">
    <p class='ocr_par' dir='ltr' id='par_1_11' title="bbox 53 1133 1698 1197">
     <span class='ocr_line' id='line_1_11' title="bbox 53 1133 1698 1197; baseline -0.001 -8"><span class='ocrx_word' id='word_1_75' title='bbox 53 1136 158 1190; x_wconf 73' lang='grc' dir='ltr'>δῶν</span> <span class='ocrx_word' id='word_1_76' title='bbox 229 1156 284 1190; x_wconf 89' lang='grc' dir='ltr'><strong>τε</strong></span> <span class='ocrx_word' id='word_1_77' title='bbox 355 1142 444 1189; x_wconf 86' lang='grc' dir='ltr'>καὶ</span> <span class='ocrx_word' id='word_1_78' title='bbox 504 1136 903 1190; x_wconf 85' lang='grc' dir='ltr'>πολυκευάστων</span> <span class='ocrx_word' id='word_1_79' title='bbox 968 1133 1060 1188; x_wconf 82' lang='grc' dir='ltr'>διὰ</span> <span class='ocrx_word' id='word_1_80' title='bbox 1125 1145 1215 1196; x_wconf 80' lang='grc' dir='ltr'>τῆς</span> <span class='ocrx_word' id='word_1_81' title='bbox 1289 1137 1448 1197; x_wconf 78' lang='grc' dir='ltr'>αὐτῆς</span> <span class='ocrx_word' id='word_1_82' title='bbox 1511 1133 1698 1189; x_wconf 74' lang='grc' dir='ltr'>ἀποδεὶ</span> 
     </span>
    </p>
   </div>
   <div class='ocr_carea' id='block_1_12' title="bbox 53 1224 1695 1302">
    <p class='ocr_par' dir='ltr' id='par_1_12' title="bbox 53 1224 1695 1302">
     <span class='ocr_line' id='line_1_12' title="bbox 53 1224 1695 1302; baseline -0.001 -22"><span class='ocrx_word' id='word_1_83' title='bbox 53 1228 195 1291; x_wconf 79' lang='grc' dir='ltr'>Ξεως.</span> <span class='ocrx_word' id='word_1_84' title='bbox 250 1234 430 1280; x_wconf 85' lang='grc' dir='ltr'>Ταῦτα</span> <span class='ocrx_word' id='word_1_85' title='bbox 479 1230 581 1301; x_wconf 74' lang='grc' dir='ltr'><strong>γὰρ</strong></span> <span class='ocrx_word' id='word_1_86' title='bbox 630 1226 802 1279; x_wconf 78' lang='grc' dir='ltr'>πάντα</span> <span class='ocrx_word' id='word_1_87' title='bbox 854 1229 1087 1302; x_wconf 69' lang='grc' dir='ltr'>κράσεων</span> <span class='ocrx_word' id='word_1_88' title='bbox 1148 1224 1404 1300; x_wconf 72' lang='grc' dir='ltr'>διαφορὰς</span> <span class='ocrx_word' id='word_1_89' title='bbox 1459 1230 1695 1299; x_wconf 80' lang='grc' dir='ltr'>ἔχουσινο</span> 
     </span>
    </p>
   </div>
   <div class='ocr_carea' id='block_1_13' title="bbox 53 1315 1703 1390">
    <p class='ocr_par' dir='ltr' id='par_1_13' title="bbox 53 1315 1703 1390">
     <span class='ocr_line' id='line_1_13' title="bbox 53 1315 1703 1390; baseline -0.001 -21"><span class='ocrx_word' id='word_1_90' title='bbox 53 1320 188 1369; x_wconf 73' lang='grc' dir='ltr'>οὕτω</span> <span class='ocrx_word' id='word_1_91' title='bbox 249 1319 348 1390; x_wconf 76' lang='grc' dir='ltr'><strong>γὰρ</strong></span> <span class='ocrx_word' id='word_1_92' title='bbox 414 1321 506 1369; x_wconf 81' lang='grc' dir='ltr'>καὶ</span> <span class='ocrx_word' id='word_1_93' title='bbox 574 1318 624 1368; x_wconf 84' lang='grc' dir='ltr'>οἱ</span> <span class='ocrx_word' id='word_1_94' title='bbox 686 1321 891 1378; x_wconf 81' lang='grc' dir='ltr'>παίονες</span> <span class='ocrx_word' id='word_1_95' title='bbox 971 1315 1164 1389; x_wconf 71' lang='grc' dir='ltr'>ἑκάστῃ</span> <span class='ocrx_word' id='word_1_96' title='bbox 1241 1320 1377 1388; x_wconf 81' lang='grc' dir='ltr'>νόσῳ</span> <span class='ocrx_word' id='word_1_97' title='bbox 1435 1320 1492 1368; x_wconf 89' lang='grc' dir='ltr'>τὸ</span> <span class='ocrx_word' id='word_1_98' title='bbox 1573 1319 1703 1390; x_wconf 86' lang='grc' dir='ltr'>πρὸς</span> 
     </span>
    </p>
   </div>
   <div class='ocr_carea' id='block_1_14' title="bbox 53 1403 1701 1466">
    <p class='ocr_par' dir='ltr' id='par_1_14' title="bbox 53 1403 1701 1466">
     <span class='ocr_line' id='line_1_14' title="bbox 53 1403 1701 1466; baseline -0.001 -8"><span class='ocrx_word' id='word_1_99' title='bbox 53 1405 357 1458; x_wconf 66' lang='grc' dir='ltr'>ἀντίστασιν</span> <span class='ocrx_word' id='word_1_100' title='bbox 457 1407 649 1458; x_wconf 84' lang='grc' dir='ltr'>τούτων</span> <span class='ocrx_word' id='word_1_101' title='bbox 746 1405 819 1466; x_wconf 84' lang='grc' dir='ltr'><strong>εἰς</strong></span> <span class='ocrx_word' id='word_1_102' title='bbox 943 1404 1202 1466; x_wconf 77' lang='grc' dir='ltr'>ἀναίρεσιν</span> <span class='ocrx_word' id='word_1_103' title='bbox 1311 1408 1498 1465; x_wconf 81' lang='grc' dir='ltr'><strong>ταύτης</strong></span> <span class='ocrx_word' id='word_1_104' title='bbox 1611 1403 1701 1457; x_wconf 76' lang='grc' dir='ltr'><strong>ἒπ-</strong></span> 
     </span>
    </p>
   </div>
   <div class='ocr_carea' id='block_1_15' title="bbox 53 1491 1704 1568">
    <p class='ocr_par' dir='ltr' id='par_1_15' title="bbox 53 1491 1704 1568">
     <span class='ocr_line' id='line_1_15' title="bbox 53 1491 1704 1568; baseline -0.001 -20"><span class='ocrx_word' id='word_1_105' title='bbox 53 1499 266 1568; x_wconf 69' lang='grc' dir='ltr'>άγουσι,</span> <span class='ocrx_word' id='word_1_106' title='bbox 306 1499 397 1548; x_wconf 87' lang='grc' dir='ltr'>καὶ</span> <span class='ocrx_word' id='word_1_107' title='bbox 459 1495 517 1547; x_wconf 83' lang='grc' dir='ltr'><strong>ού</strong></span> <span class='ocrx_word' id='word_1_108' title='bbox 582 1500 752 1549; x_wconf 83' lang='grc' dir='ltr'>πᾶσαι</span> <span class='ocrx_word' id='word_1_109' title='bbox 812 1497 878 1547; x_wconf 85' lang='grc' dir='ltr'>τὰ</span> <span class='ocrx_word' id='word_1_110' title='bbox 937 1497 1106 1547; x_wconf 89' lang='grc' dir='ltr'>πάντα</span> <span class='ocrx_word' id='word_1_111' title='bbox 1163 1500 1332 1547; x_wconf 81' lang='grc' dir='ltr'>καίτοι</span> <span class='ocrx_word' id='word_1_112' title='bbox 1395 1497 1518 1548; x_wconf 81' lang='grc' dir='ltr'>ὄντα</span> <span class='ocrx_word' id='word_1_113' title='bbox 1583 1491 1704 1547; x_wconf 87' lang='grc' dir='ltr'>διά-</span> 
     </span>
    </p>
   </div>
   <div class='ocr_carea' id='block_1_16' title="bbox 53 1579 1704 1659">
    <p class='ocr_par' dir='ltr' id='par_1_16' title="bbox 53 1579 1704 1659">
     <span class='ocr_line' id='line_1_16' title="bbox 53 1579 1704 1659; baseline -0.001 -23"><span class='ocrx_word' id='word_1_114' title='bbox 53 1603 212 1659; x_wconf 77' lang='grc' dir='ltr'>φορα.</span> <span class='ocrx_word' id='word_1_115' title='bbox 250 1583 587 1646; x_wconf 79' lang='grc' dir='ltr'>Ἐξετάζουσι</span> <span class='ocrx_word' id='word_1_116' title='bbox 645 1579 704 1636; x_wconf 69' lang='grc' dir='ltr'>δὲ</span> <span class='ocrx_word' id='word_1_117' title='bbox 759 1587 848 1634; x_wconf 82' lang='grc' dir='ltr'>καὶ</span> <span class='ocrx_word' id='word_1_118' title='bbox 909 1586 1043 1635; x_wconf 83' lang='grc' dir='ltr'>οἶνον</span> <span class='ocrx_word' id='word_1_119' title='bbox 1093 1587 1224 1657; x_wconf 85' lang='grc' dir='ltr'>πρὸς</span> <span class='ocrx_word' id='word_1_120' title='bbox 1279 1589 1411 1636; x_wconf 84' lang='grc' dir='ltr'>οἶνον</span> <span class='ocrx_word' id='word_1_121' title='bbox 1449 1586 1704 1656; x_wconf 82' lang='grc' dir='ltr'>καὶπρὸς</span> 
     </span>
    </p>
   </div>
   <div class='ocr_carea' id='block_1_17' title="bbox 53 1671 1706 1746">
    <p class='ocr_par' dir='ltr' id='par_1_17' title="bbox 53 1671 1706 1746">
     <span class='ocr_line' id='line_1_17' title="bbox 53 1671 1706 1746; baseline -0.001 -21"><span class='ocrx_word' id='word_1_122' title='bbox 53 1673 222 1726; x_wconf 70' lang='grc' dir='ltr'>ἔλαιον</span> <span class='ocrx_word' id='word_1_123' title='bbox 285 1671 478 1742; x_wconf 73' lang='grc' dir='ltr'>ἔλαιον,</span> <span class='ocrx_word' id='word_1_124' title='bbox 539 1675 629 1724; x_wconf 82' lang='grc' dir='ltr'>καὶ</span> <span class='ocrx_word' id='word_1_125' title='bbox 686 1675 813 1746; x_wconf 86' lang='grc' dir='ltr'>πρὸς</span> <span class='ocrx_word' id='word_1_126' title='bbox 878 1675 1078 1745; x_wconf 74' lang='grc' dir='ltr'>ὀπώραν</span> <span class='ocrx_word' id='word_1_127' title='bbox 1117 1671 1345 1746; x_wconf 81' lang='grc' dir='ltr'><strong>ὀπώραν,</strong></span> <span class='ocrx_word' id='word_1_128' title='bbox 1386 1677 1477 1724; x_wconf 82' lang='grc' dir='ltr'><strong>καὶ</strong></span> <span class='ocrx_word' id='word_1_129' title='bbox 1509 1675 1706 1746; x_wconf 86' lang='grc' dir='ltr'>καρπὸν</span> 
     </span>
    </p>
   </div>
   <div class='ocr_carea' id='block_1_18' title="bbox 53 1759 1707 1836">
    <p class='ocr_par' dir='ltr' id='par_1_18' title="bbox 53 1759 1707 1836">
     <span class='ocr_line' id='line_1_18' title="bbox 53 1759 1707 1836; baseline -0.002 -22"><span class='ocrx_word' id='word_1_130' title='bbox 53 1765 186 1836; x_wconf 78' lang='grc' dir='ltr'>πρὸς</span> <span class='ocrx_word' id='word_1_131' title='bbox 234 1764 456 1835; x_wconf 82' lang='grc' dir='ltr'>καρπόν,</span> <span class='ocrx_word' id='word_1_132' title='bbox 511 1766 604 1814; x_wconf 81' lang='grc' dir='ltr'>καὶ</span> <span class='ocrx_word' id='word_1_133' title='bbox 661 1759 993 1823; x_wconf 67' lang='grc' dir='ltr'><strong>ἐξετάσαντες</strong></span> <span class='ocrx_word' id='word_1_134' title='bbox 1046 1759 1192 1822; x_wconf 82' lang='grc' dir='ltr'>αὖθις</span> <span class='ocrx_word' id='word_1_135' title='bbox 1247 1764 1582 1834; x_wconf 75' lang='grc' dir='ltr'><strong>προσάγουσι</strong></span> <span class='ocrx_word' id='word_1_136' title='bbox 1646 1764 1707 1812; x_wconf 89' lang='grc' dir='ltr'><strong>τό</strong></span> 
     </span>
    </p>
   </div>
   <div class='ocr_carea' id='block_1_19' title="bbox 943 1404 1202 1479">
    <p class='ocr_par' dir='ltr' id='par_1_19' title="bbox 943 1404 1202 1479">
     <span class='ocr_line' id='line_1_19' title="bbox 943 1404 1202 1479; baseline 0.004 -23"><span class='ocrx_word' id='word_1_137' title='bbox 943 1404 1202 1479; x_wconf 75' lang='grc' dir='ltr'>ἀναίρεσιν</span> 
     </span>
    </p>
   </div>
   <div class='ocr_carea' id='block_1_20' title="bbox 1805 595 3450 676">
    <p class='ocr_par' dir='ltr' id='par_1_20' title="bbox 1805 595 3450 676">
     <span class='ocr_line' id='line_1_20' title="bbox 1805 595 3450 676; baseline 0.003 -29"><span class='ocrx_word' id='word_1_138' title='bbox 1805 596 2029 669; x_wconf 76' lang='grc' dir='ltr'><strong>χωρίζει</strong></span> <span class='ocrx_word' id='word_1_139' title='bbox 2088 602 2273 668; x_wconf 86' lang='grc' dir='ltr'>κρᾶσιν</span> <span class='ocrx_word' id='word_1_140' title='bbox 2322 595 2377 648; x_wconf 69' lang='grc' dir='ltr'>ἑκ</span> <span class='ocrx_word' id='word_1_141' title='bbox 2429 599 2682 669; x_wconf 82' lang='grc' dir='ltr'>κράσεως,</span> <span class='ocrx_word' id='word_1_142' title='bbox 2745 600 2796 651; x_wconf 86' lang='grc' dir='ltr'>οἰ</span> <span class='ocrx_word' id='word_1_143' title='bbox 2849 604 2947 676; x_wconf 76' lang='grc' dir='ltr'><strong>γὰρ</strong></span> <span class='ocrx_word' id='word_1_144' title='bbox 3015 604 3222 676; x_wconf 83' lang='grc' dir='ltr'>κράσεις</span> <span class='ocrx_word' id='word_1_145' title='bbox 3273 601 3323 652; x_wconf 81' lang='grc' dir='ltr'>ἐν</span> <span class='ocrx_word' id='word_1_146' title='bbox 3388 608 3450 673; x_wconf 78' lang='grc' dir='ltr'>τῇ</span> 
     </span>
    </p>
   </div>
   <div class='ocr_carea' id='block_1_21' title="bbox 1806 685 3458 757">
    <p class='ocr_par' dir='ltr' id='par_1_21' title="bbox 1806 685 3458 757">
     <span class='ocr_line' id='line_1_21' title="bbox 1806 685 3458 757; baseline 0.004 -21"><span class='ocrx_word' id='word_1_147' title='bbox 1806 689 1977 757; x_wconf 79' lang='grc' dir='ltr'>φύσει,</span> <span class='ocrx_word' id='word_1_148' title='bbox 2041 690 2131 738; x_wconf 81' lang='grc' dir='ltr'>καὶ</span> <span class='ocrx_word' id='word_1_149' title='bbox 2191 687 2268 737; x_wconf 83' lang='grc' dir='ltr'>ὅτι</span> <span class='ocrx_word' id='word_1_150' title='bbox 2335 685 2388 748; x_wconf 81' lang='grc' dir='ltr'><strong>ἐξ</strong></span> <span class='ocrx_word' id='word_1_151' title='bbox 2448 688 2640 748; x_wconf 83' lang='grc' dir='ltr'><strong>ἐκείνης</strong></span> <span class='ocrx_word' id='word_1_152' title='bbox 2697 699 3002 742; x_wconf 79' lang='grc' dir='ltr'>κοινωνοῦσι</span> <span class='ocrx_word' id='word_1_153' title='bbox 3063 693 3200 742; x_wconf 83' lang='grc' dir='ltr'>καθὰ</span> <span class='ocrx_word' id='word_1_154' title='bbox 3265 693 3458 742; x_wconf 81' lang='grc' dir='ltr'>καὶτὰ</span> 
     </span>
    </p>
   </div>
   <div class='ocr_carea' id='block_1_22' title="bbox 1808 772 3456 851">
    <p class='ocr_par' dir='ltr' id='par_1_22' title="bbox 1808 772 3456 851">
     <span class='ocr_line' id='line_1_22' title="bbox 1808 772 3456 851; baseline 0.004 -26"><span class='ocrx_word' id='word_1_155' title='bbox 1808 782 2049 845; x_wconf 80' lang='grc' dir='ltr'>στοιχεῖα</span> <span class='ocrx_word' id='word_1_156' title='bbox 2075 792 2088 806; x_wconf 80' lang='grc'><strong><em>⁸</em></strong></span> <span class='ocrx_word' id='word_1_157' title='bbox 2129 776 2159 832; x_wconf 84' lang='grc' dir='ltr'>ἡ</span> <span class='ocrx_word' id='word_1_158' title='bbox 2205 772 2406 836; x_wconf 81' lang='grc' dir='ltr'>ἰδιότης</span> <span class='ocrx_word' id='word_1_159' title='bbox 2447 773 2506 828; x_wconf 69' lang='grc' dir='ltr'>δὲ</span> <span class='ocrx_word' id='word_1_160' title='bbox 2543 781 2636 836; x_wconf 79' lang='grc' dir='ltr'><strong>την</strong></span> <span class='ocrx_word' id='word_1_161' title='bbox 2689 778 2858 830; x_wconf 79' lang='grc' dir='ltr'>αὐτῶν</span> <span class='ocrx_word' id='word_1_162' title='bbox 2897 799 2964 840; x_wconf 84' lang='grc' dir='ltr'><strong>εις</strong></span> <span class='ocrx_word' id='word_1_163' title='bbox 3038 784 3292 851; x_wconf 87' lang='grc' dir='ltr'>μερισμόν</span> <span class='ocrx_word' id='word_1_164' title='bbox 3333 777 3456 832; x_wconf 82' lang='grc' dir='ltr'>δια-</span> 
     </span>
    </p>
   </div>
   <div class='ocr_carea' id='block_1_23' title="bbox 1808 863 3454 941">
    <p class='ocr_par' dir='ltr' id='par_1_23' title="bbox 1808 863 3454 941">
     <span class='ocr_line' id='line_1_23' title="bbox 1808 863 3454 941; baseline 0.003 -25"><span class='ocrx_word' id='word_1_165' title='bbox 1808 863 1998 916; x_wconf 69' lang='grc' dir='ltr'>στέλλει</span> <span class='ocrx_word' id='word_1_166' title='bbox 2057 869 2356 921; x_wconf 83' lang='grc' dir='ltr'>κοινότητα.</span> <span class='ocrx_word' id='word_1_167' title='bbox 2424 865 2582 923; x_wconf 84' lang='grc' dir='ltr'>πολλὴ</span> <span class='ocrx_word' id='word_1_168' title='bbox 2641 870 2743 941; x_wconf 76' lang='grc' dir='ltr'>γὰρ</span> <span class='ocrx_word' id='word_1_169' title='bbox 2797 869 2827 925; x_wconf 78' lang='grc' dir='ltr'>ἡ</span> <span class='ocrx_word' id='word_1_170' title='bbox 2897 865 3100 930; x_wconf 81' lang='grc' dir='ltr'>ἰδιότης</span> <span class='ocrx_word' id='word_1_171' title='bbox 3161 874 3251 921; x_wconf 80' lang='grc' dir='ltr'>καὶ</span> <span class='ocrx_word' id='word_1_172' title='bbox 3291 866 3454 920; x_wconf 87' lang='grc' dir='ltr'>δυνα-</span> 
     </span>
    </p>
   </div>
   <div class='ocr_carea' id='block_1_24' title="bbox 1805 955 3460 1029">
    <p class='ocr_par' dir='ltr' id='par_1_24' title="bbox 1805 955 3460 1029">
     <span class='ocr_line' id='line_1_24' title="bbox 1805 955 3460 1029; baseline 0.004 -26"><span class='ocrx_word' id='word_1_173' title='bbox 1805 955 2072 1024; x_wconf 82' lang='grc' dir='ltr'>μικωτάτη</span> <span class='ocrx_word' id='word_1_174' title='bbox 2133 957 2222 1004; x_wconf 87' lang='grc' dir='ltr'>καὶ</span> <span class='ocrx_word' id='word_1_175' title='bbox 2283 955 2571 1024; x_wconf 85' lang='grc' dir='ltr'>θαυμασία,</span> <span class='ocrx_word' id='word_1_176' title='bbox 2638 960 2728 1007; x_wconf 86' lang='grc' dir='ltr'>καὶ</span> <span class='ocrx_word' id='word_1_177' title='bbox 2781 956 2840 1008; x_wconf 84' lang='grc' dir='ltr'><strong>ού</strong></span> <span class='ocrx_word' id='word_1_178' title='bbox 2902 961 3053 1029; x_wconf 87' lang='grc' dir='ltr'>μόνον</span> <span class='ocrx_word' id='word_1_179' title='bbox 3119 961 3236 1018; x_wconf 78' lang='grc' dir='ltr'>τοὺς</span> <span class='ocrx_word' id='word_1_180' title='bbox 3288 957 3460 1019; x_wconf 85' lang='grc' dir='ltr'>λίθους</span> 
     </span>
    </p>
   </div>
   <div class='ocr_carea' id='block_1_25' title="bbox 1806 1039 3457 1120">
    <p class='ocr_par' dir='ltr' id='par_1_25' title="bbox 1806 1039 3457 1120">
     <span class='ocr_line' id='line_1_25' title="bbox 1806 1039 3457 1120; baseline 0.005 -29"><span class='ocrx_word' id='word_1_181' title='bbox 1806 1039 1860 1091; x_wconf 77' lang='grc' dir='ltr'>ἐκ</span> <span class='ocrx_word' id='word_1_182' title='bbox 1915 1049 2014 1092; x_wconf 86' lang='grc' dir='ltr'>τῶν</span> <span class='ocrx_word' id='word_1_183' title='bbox 2080 1040 2360 1112; x_wconf 79' lang='grc' dir='ltr'>μετάλλων,</span> <span class='ocrx_word' id='word_1_184' title='bbox 2439 1048 2528 1095; x_wconf 83' lang='grc' dir='ltr'>καὶ</span> <span class='ocrx_word' id='word_1_185' title='bbox 2593 1044 2647 1094; x_wconf 79' lang='grc' dir='ltr'>ἐκ</span> <span class='ocrx_word' id='word_1_186' title='bbox 2711 1053 2810 1097; x_wconf 86' lang='grc' dir='ltr'>τῶν</span> <span class='ocrx_word' id='word_1_187' title='bbox 2877 1045 3057 1120; x_wconf 83' lang='grc' dir='ltr'>ἐτέρων</span> <span class='ocrx_word' id='word_1_188' title='bbox 3135 1049 3288 1118; x_wconf 78' lang='grc' dir='ltr'>φυτὰ,</span> <span class='ocrx_word' id='word_1_189' title='bbox 3366 1051 3457 1099; x_wconf 84' lang='grc' dir='ltr'>καὶ</span> 
     </span>
    </p>
   </div>
   <div class='ocr_carea' id='block_1_26' title="bbox 1808 1127 3462 1208">
    <p class='ocr_par' dir='ltr' id='par_1_26' title="bbox 1808 1127 3462 1208">
     <span class='ocr_line' id='line_1_26' title="bbox 1808 1127 3462 1208; baseline 0.005 -28"><span class='ocrx_word' id='word_1_190' title='bbox 1808 1127 1862 1180; x_wconf 83' lang='grc' dir='ltr'>ἐκ</span> <span class='ocrx_word' id='word_1_191' title='bbox 1928 1138 2097 1199; x_wconf 76' lang='grc' dir='ltr'>φυτῶν</span> <span class='ocrx_word' id='word_1_192' title='bbox 2163 1132 2229 1181; x_wconf 81' lang='grc' dir='ltr'>τὰ</span> <span class='ocrx_word' id='word_1_193' title='bbox 2285 1130 2528 1202; x_wconf 76' lang='grc' dir='ltr'>ξωόφυτα</span> <span class='ocrx_word' id='word_1_194' title='bbox 2566 1129 2876 1199; x_wconf 71' lang='grc' dir='ltr'>διαστέλλει,</span> <span class='ocrx_word' id='word_1_195' title='bbox 2941 1132 3034 1186; x_wconf 87' lang='grc' dir='ltr'><strong>διά</strong></span> <span class='ocrx_word' id='word_1_196' title='bbox 3071 1154 3125 1186; x_wconf 86' lang='grc' dir='ltr'><strong>τε</strong></span> <span class='ocrx_word' id='word_1_197' title='bbox 3183 1140 3275 1193; x_wconf 81' lang='grc' dir='ltr'>τὴν</span> <span class='ocrx_word' id='word_1_198' title='bbox 3337 1143 3462 1208; x_wconf 82' lang='grc' dir='ltr'>κρᾶ-</span> 
     </span>
    </p>
   </div>
   <div class='ocr_carea' id='block_1_27' title="bbox 1811 1217 3463 1296">
    <p class='ocr_par' dir='ltr' id='par_1_27' title="bbox 1811 1217 3463 1296">
     <span class='ocr_line' id='line_1_27' title="bbox 1811 1217 3463 1296; baseline 0.003 -25"><span class='ocrx_word' id='word_1_199' title='bbox 1811 1238 1892 1272; x_wconf 87' lang='grc' dir='ltr'><strong>σιν</strong></span> <span class='ocrx_word' id='word_1_200' title='bbox 1931 1223 2025 1277; x_wconf 76' lang='grc' dir='ltr'>τὴν</span> <span class='ocrx_word' id='word_1_201' title='bbox 2064 1217 2112 1270; x_wconf 82' lang='grc' dir='ltr'>ἐν</span> <span class='ocrx_word' id='word_1_202' title='bbox 2173 1227 2244 1289; x_wconf 81' lang='grc' dir='ltr'>τῷ</span> <span class='ocrx_word' id='word_1_203' title='bbox 2282 1223 2417 1290; x_wconf 74' lang='grc' dir='ltr'>’γένει</span> <span class='ocrx_word' id='word_1_204' title='bbox 2477 1220 2586 1283; x_wconf 79' lang='grc' dir='ltr'>ἑνός</span> <span class='ocrx_word' id='word_1_205' title='bbox 2648 1221 2869 1276; x_wconf 71' lang='grc' dir='ltr'>ἑκάστου</span> <span class='ocrx_word' id='word_1_206' title='bbox 2933 1224 3088 1296; x_wconf 82' lang='grc' dir='ltr'>οὗπερ</span> <span class='ocrx_word' id='word_1_207' title='bbox 3156 1221 3296 1286; x_wconf 83' lang='grc' dir='ltr'>εἶδός</span> <span class='ocrx_word' id='word_1_208' title='bbox 3353 1223 3463 1277; x_wconf 84' lang='grc' dir='ltr'>ἐστι</span> 
     </span>
    </p>
   </div>
   <div class='ocr_carea' id='block_1_28' title="bbox 1809 1308 3462 1387">
    <p class='ocr_par' dir='ltr' id='par_1_28' title="bbox 1809 1308 3462 1387">
     <span class='ocr_line' id='line_1_28' title="bbox 1809 1308 3462 1387; baseline 0.005 -29"><span class='ocrx_word' id='word_1_209' title='bbox 1809 1313 1899 1360; x_wconf 80' lang='grc' dir='ltr'>καὶ</span> <span class='ocrx_word' id='word_1_210' title='bbox 1935 1313 2030 1366; x_wconf 82' lang='grc' dir='ltr'>τὴν</span> <span class='ocrx_word' id='word_1_211' title='bbox 2069 1308 2243 1368; x_wconf 80' lang='grc' dir='ltr'>αὐτοῖς</span> <span class='ocrx_word' id='word_1_212' title='bbox 2303 1317 2562 1362; x_wconf 87' lang='grc' dir='ltr'>συνοῦσαν</span> <span class='ocrx_word' id='word_1_213' title='bbox 2627 1311 2786 1383; x_wconf 83' lang='grc' dir='ltr'>ἰσχύν</span> <span class='ocrx_word' id='word_1_214' title='bbox 2828 1312 2896 1374; x_wconf 83' lang='grc' dir='ltr'>εἰς</span> <span class='ocrx_word' id='word_1_215' title='bbox 2926 1317 2983 1364; x_wconf 86' lang='grc' dir='ltr'>τὸ</span> <span class='ocrx_word' id='word_1_216' title='bbox 3049 1309 3292 1387; x_wconf 83' lang='grc' dir='ltr'>διαιρεῖν,</span> <span class='ocrx_word' id='word_1_217' title='bbox 3332 1313 3462 1367; x_wconf 81' lang='grc' dir='ltr'><strong>ἀλλὰ</strong></span> 
     </span>
    </p>
   </div>
   <div class='ocr_carea' id='block_1_29' title="bbox 1812 1396 3465 1474">
    <p class='ocr_par' dir='ltr' id='par_1_29' title="bbox 1812 1396 3465 1474">
     <span class='ocr_line' id='line_1_29' title="bbox 1812 1396 3465 1474; baseline 0.005 -27"><span class='ocrx_word' id='word_1_218' title='bbox 1812 1401 1901 1448; x_wconf 81' lang='grc' dir='ltr'>καὶ</span> <span class='ocrx_word' id='word_1_219' title='bbox 1941 1399 2034 1456; x_wconf 76' lang='grc' dir='ltr'>ἕως</span> <span class='ocrx_word' id='word_1_220' title='bbox 2070 1405 2162 1449; x_wconf 81' lang='grc' dir='ltr'><strong>τοῦ</strong></span> <span class='ocrx_word' id='word_1_221' title='bbox 2215 1396 2460 1470; x_wconf 76' lang='grc' dir='ltr'>ἐμψύχου</span> <span class='ocrx_word' id='word_1_222' title='bbox 2510 1396 2685 1458; x_wconf 80' lang='grc' dir='ltr'>διήκει</span> <span class='ocrx_word' id='word_1_223' title='bbox 2738 1402 2873 1462; x_wconf 79' lang='grc' dir='ltr'>ζώου</span> <span class='ocrx_word' id='word_1_224' title='bbox 2927 1402 3017 1454; x_wconf 86' lang='grc' dir='ltr'><strong>καί</strong></span> <span class='ocrx_word' id='word_1_225' title='bbox 3072 1401 3304 1474; x_wconf 75' lang='grc' dir='ltr'>λογικοῦ.</span> <span class='ocrx_word' id='word_1_226' title='bbox 3363 1409 3465 1456; x_wconf 80' lang='grc' dir='ltr'><strong>Καὶ</strong></span> 
     </span>
    </p>
   </div>
   <div class='ocr_carea' id='block_1_30' title="bbox 1814 1485 3471 1567">
    <p class='ocr_par' dir='ltr' id='par_1_30' title="bbox 1814 1485 3471 1567">
     <span class='ocr_line' id='line_1_30' title="bbox 1814 1485 3471 1567; baseline 0.004 -28"><span class='ocrx_word' id='word_1_227' title='bbox 1814 1485 1894 1539; x_wconf 80' lang='grc' dir='ltr'>ὃτι</span> <span class='ocrx_word' id='word_1_228' title='bbox 1958 1490 2048 1558; x_wconf 67' lang='grc' dir='ltr'>μὲν</span> <span class='ocrx_word' id='word_1_229' title='bbox 2122 1486 2209 1538; x_wconf 80' lang='grc' dir='ltr'>οὖν</span> <span class='ocrx_word' id='word_1_230' title='bbox 2263 1493 2350 1539; x_wconf 83' lang='grc' dir='ltr'><strong>καί</strong></span> <span class='ocrx_word' id='word_1_231' title='bbox 2419 1497 2572 1541; x_wconf 85' lang='grc' dir='ltr'>τοῦτο</span> <span class='ocrx_word' id='word_1_232' title='bbox 2672 1493 2858 1542; x_wconf 86' lang='grc' dir='ltr'>καθότι</span> <span class='ocrx_word' id='word_1_233' title='bbox 2923 1491 3054 1552; x_wconf 80' lang='grc' dir='ltr'>ζῶον</span> <span class='ocrx_word' id='word_1_234' title='bbox 3155 1499 3471 1567; x_wconf 82' lang='grc' dir='ltr'>παραχωρεῖ</span> 
     </span>
    </p>
   </div>
   <div class='ocr_carea' id='block_1_31' title="bbox 1819 1572 3466 1656">
    <p class='ocr_par' dir='ltr' id='par_1_31' title="bbox 1819 1572 3466 1656">
     <span class='ocr_line' id='line_1_31' title="bbox 1819 1572 3466 1656; baseline 0.004 -28"><span class='ocrx_word' id='word_1_235' title='bbox 1819 1572 2192 1628; x_wconf 81' lang='grc' dir='ltr'>συνιδιοῦσθαι</span> <span class='ocrx_word' id='word_1_236' title='bbox 2269 1579 2336 1629; x_wconf 85' lang='grc' dir='ltr'>τὰ</span> <span class='ocrx_word' id='word_1_237' title='bbox 2394 1587 2493 1630; x_wconf 86' lang='grc' dir='ltr'>τῶν</span> <span class='ocrx_word' id='word_1_238' title='bbox 2556 1578 2719 1632; x_wconf 77' lang='grc' dir='ltr'>ἄλλων</span> <span class='ocrx_word' id='word_1_239' title='bbox 2815 1577 3102 1653; x_wconf 77' lang='grc' dir='ltr'>ἰδιώματα,</span> <span class='ocrx_word' id='word_1_240' title='bbox 3180 1580 3466 1656; x_wconf 85' lang='grc' dir='ltr'>πρόδηλον,</span> 
     </span>
    </p>
   </div>
   <div class='ocr_carea' id='block_1_32' title="bbox 1815 1660 3470 1735">
    <p class='ocr_par' dir='ltr' id='par_1_32' title="bbox 1815 1660 3470 1735">
     <span class='ocr_line' id='line_1_32' title="bbox 1815 1660 3470 1735; baseline 0.004 -19"><span class='ocrx_word' id='word_1_241' title='bbox 1815 1663 2017 1735; x_wconf 70' lang='grc' dir='ltr'>λογικόν</span> <span class='ocrx_word' id='word_1_242' title='bbox 2041 1660 2101 1716; x_wconf 79' lang='grc' dir='ltr'>δὲ</span> <span class='ocrx_word' id='word_1_243' title='bbox 2127 1669 2301 1717; x_wconf 91' lang='grc' dir='ltr'>καίτοι</span> <span class='ocrx_word' id='word_1_244' title='bbox 2349 1667 2404 1718; x_wconf 87' lang='grc' dir='ltr'>ὃν</span> <span class='ocrx_word' id='word_1_245' title='bbox 2450 1674 2624 1734; x_wconf 83' lang='grc' dir='ltr'>τοῦτο,</span> <span class='ocrx_word' id='word_1_246' title='bbox 2662 1668 2720 1720; x_wconf 84' lang='grc' dir='ltr'><strong>ού</strong></span> <span class='ocrx_word' id='word_1_247' title='bbox 2781 1673 2956 1720; x_wconf 87' lang='grc' dir='ltr'>καινόν</span> <span class='ocrx_word' id='word_1_248' title='bbox 2990 1687 3001 1698; x_wconf 90' lang='grc'><strong>·</strong></span> <span class='ocrx_word' id='word_1_249' title='bbox 3034 1673 3093 1721; x_wconf 87' lang='grc' dir='ltr'><strong>τό</strong></span> <span class='ocrx_word' id='word_1_250' title='bbox 3127 1666 3186 1722; x_wconf 74' lang='grc' dir='ltr'>δὲ</span> <span class='ocrx_word' id='word_1_251' title='bbox 3224 1676 3312 1723; x_wconf 83' lang='grc' dir='ltr'>καὶ</span> <span class='ocrx_word' id='word_1_252' title='bbox 3343 1671 3470 1723; x_wconf 78' lang='grc' dir='ltr'>αὐτὸ</span> 
     </span>
    </p>
   </div>
   <div class='ocr_carea' id='block_1_33' title="bbox 1818 1750 3475 1829">
    <p class='ocr_par' dir='ltr' id='par_1_33' title="bbox 1818 1750 3475 1829">
     <span class='ocr_line' id='line_1_33' title="bbox 1818 1750 3475 1829; baseline 0.004 -23"><span class='ocrx_word' id='word_1_253' title='bbox 1818 1758 1890 1815; x_wconf 84' lang='grc' dir='ltr'>εἱς</span> <span class='ocrx_word' id='word_1_254' title='bbox 1945 1752 2071 1804; x_wconf 77' lang='grc' dir='ltr'>αὐτὸ</span> <span class='ocrx_word' id='word_1_255' title='bbox 2135 1750 2229 1806; x_wconf 84' lang='grc' dir='ltr'><strong>διὰ</strong></span> <span class='ocrx_word' id='word_1_256' title='bbox 2290 1757 2482 1816; x_wconf 80' lang='grc' dir='ltr'>ταύτης</span> <span class='ocrx_word' id='word_1_257' title='bbox 2538 1753 2864 1829; x_wconf 88' lang='grc' dir='ltr'>διαιρεῖσθαι</span> <span class='ocrx_word' id='word_1_258' title='bbox 2920 1763 3009 1811; x_wconf 83' lang='grc' dir='ltr'>καὶ</span> <span class='ocrx_word' id='word_1_259' title='bbox 3081 1759 3325 1812; x_wconf 76' lang='grc' dir='ltr'>ἐνοῦσθαι</span> <span class='ocrx_word' id='word_1_260' title='bbox 3357 1779 3475 1812; x_wconf 84' lang='grc' dir='ltr'>και-</span> 
     </span>
    </p>
   </div>
   <div class='ocr_carea' id='block_1_34' title="bbox 53 1841 3476 1934">
    <p class='ocr_par' dir='ltr' id='par_1_34' title="bbox 53 1841 3476 1934">
     <span class='ocr_line' id='line_1_34' title="bbox 53 1841 3476 1934; baseline 0.001 -32"><span class='ocrx_word' id='word_1_261' title='bbox 53 1849 392 1920; x_wconf 65' lang='grc' dir='ltr'>ιιαταλληήλόν,</span> <span class='ocrx_word' id='word_1_262' title='bbox 451 1854 542 1902; x_wconf 77' lang='grc' dir='ltr'>καὶ</span> <span class='ocrx_word' id='word_1_263' title='bbox 597 1853 657 1902; x_wconf 87' lang='grc' dir='ltr'>τὸ</span> <span class='ocrx_word' id='word_1_264' title='bbox 711 1849 1011 1926; x_wconf 68' lang='grc' dir='ltr'>ἀπροσφυες</span> <span class='ocrx_word' id='word_1_265' title='bbox 1072 1849 1519 1924; x_wconf 52' lang='grc' dir='ltr'>ἀποσείονταιατῇ</span> <span class='ocrx_word' id='word_1_266' title='bbox 1586 1854 1708 1910; x_wconf 74' lang='grc' dir='ltr'>τέως</span> <span class='ocrx_word' id='word_1_267' title='bbox 1744 1880 1788 1934; x_wconf 80' lang='grc' dir='ltr'>Β</span> <span class='ocrx_word' id='word_1_268' title='bbox 1815 1845 1921 1910; x_wconf 75' lang='grc' dir='ltr'>νὸν,</span> <span class='ocrx_word' id='word_1_269' title='bbox 1953 1843 2075 1915; x_wconf 87' lang='grc' dir='ltr'>ὃπερ</span> <span class='ocrx_word' id='word_1_270' title='bbox 2116 1843 2248 1901; x_wconf 73' lang='grc' dir='ltr'>αὐτὴ</span> <span class='ocrx_word' id='word_1_271' title='bbox 2315 1841 2516 1906; x_wconf 75' lang='grc' dir='ltr'>ἰδιότης</span> <span class='ocrx_word' id='word_1_272' title='bbox 2579 1844 2871 1918; x_wconf 75' lang='grc' dir='ltr'>ἐργάζεται.</span> <span class='ocrx_word' id='word_1_273' title='bbox 2922 1849 2998 1899; x_wconf 75' lang='grc' dir='ltr'><strong>Τὰ</strong></span> <span class='ocrx_word' id='word_1_274' title='bbox 3031 1850 3132 1921; x_wconf 72' lang='grc' dir='ltr'><strong>’γὰρ</strong></span> <span class='ocrx_word' id='word_1_275' title='bbox 3174 1857 3272 1900; x_wconf 78' lang='grc' dir='ltr'>τῶν</span> <span class='ocrx_word' id='word_1_276' title='bbox 3326 1867 3476 1901; x_wconf 81' lang='grc' dir='ltr'>στοι-</span> 
     </span>
    </p>
   </div>
   <div class='ocr_carea' id='block_1_35' title="bbox 53 1939 1708 2015">
    <p class='ocr_par' dir='ltr' id='par_1_35' title="bbox 53 1939 1708 2015">
     <span class='ocr_line' id='line_1_35' title="bbox 53 1939 1708 2015; baseline -0.001 -23"><span class='ocrx_word' id='word_1_277' title='bbox 53 1944 212 2012; x_wconf 81' lang='grc' dir='ltr'>νόσῳ,</span> <span class='ocrx_word' id='word_1_278' title='bbox 275 1943 403 2015; x_wconf 79' lang='grc' dir='ltr'>πρὸς</span> <span class='ocrx_word' id='word_1_279' title='bbox 474 1939 634 1998; x_wconf 83' lang='grc' dir='ltr'>ἆλλην</span> <span class='ocrx_word' id='word_1_280' title='bbox 697 1957 850 1992; x_wconf 84' lang='grc' dir='ltr'>νοσον</span> <span class='ocrx_word' id='word_1_281' title='bbox 917 1939 1270 2012; x_wconf 77' lang='grc' dir='ltr'>ἀφοσιοῦντες.</span> <span class='ocrx_word' id='word_1_282' title='bbox 1321 1940 1382 1994; x_wconf 76' lang='lat' dir='ltr'><strong>El</strong></span> <span class='ocrx_word' id='word_1_283' title='bbox 1446 1945 1517 2012; x_wconf 80' lang='grc' dir='ltr'>μὴ</span> <span class='ocrx_word' id='word_1_284' title='bbox 1583 1947 1708 2012; x_wconf 78' lang='grc' dir='ltr'>γοῦν</span> 
     </span>
    </p>
   </div>
   <div class='ocr_carea' id='block_1_36' title="bbox 53 2025 1710 2102">
    <p class='ocr_par' dir='ltr' id='par_1_36' title="bbox 53 2025 1710 2102">
     <span class='ocr_line' id='line_1_36' title="bbox 53 2025 1710 2102; baseline 0.001 -21"><span class='ocrx_word' id='word_1_285' title='bbox 53 2035 246 2102; x_wconf 84' lang='grc' dir='ltr'>κρᾶσις</span> <span class='ocrx_word' id='word_1_286' title='bbox 297 2025 359 2087; x_wconf 79' lang='grc' dir='ltr'>ἦν</span> <span class='ocrx_word' id='word_1_287' title='bbox 416 2027 464 2081; x_wconf 73' lang='grc' dir='ltr'>ἓν</span> <span class='ocrx_word' id='word_1_288' title='bbox 520 2030 716 2092; x_wconf 77' lang='grc' dir='ltr'>αὐτοῖς,</span> <span class='ocrx_word' id='word_1_289' title='bbox 772 2028 865 2081; x_wconf 85' lang='grc' dir='ltr'><strong>ούκ</strong></span> <span class='ocrx_word' id='word_1_290' title='bbox 902 2030 965 2081; x_wconf 82' lang='grc' dir='ltr'>ἄν</span> <span class='ocrx_word' id='word_1_291' title='bbox 1001 2031 1214 2102; x_wconf 85' lang='grc' dir='ltr'>ὑπῆρχε</span> <span class='ocrx_word' id='word_1_292' title='bbox 1250 2033 1340 2082; x_wconf 85' lang='grc' dir='ltr'>καὶ</span> <span class='ocrx_word' id='word_1_293' title='bbox 1400 2025 1627 2097; x_wconf 84' lang='grc' dir='ltr'>ἰδιότης,</span> <span class='ocrx_word' id='word_1_294' title='bbox 1667 2032 1710 2083; x_wconf 82' lang='grc' dir='ltr'>εἰ</span> 
     </span>
    </p>
   </div>
   <div class='ocr_carea' id='block_1_37' title="bbox 54 2114 1711 2191">
    <p class='ocr_par' dir='ltr' id='par_1_37' title="bbox 54 2114 1711 2191">
     <span class='ocr_line' id='line_1_37' title="bbox 54 2114 1711 2191; baseline -0.001 -20"><span class='ocrx_word' id='word_1_295' title='bbox 54 2114 119 2171; x_wconf 66' lang='grc' dir='ltr'>δὲ</span> <span class='ocrx_word' id='word_1_296' title='bbox 184 2122 256 2191; x_wconf 73' lang='grc' dir='ltr'>μή</span> <span class='ocrx_word' id='word_1_297' title='bbox 324 2115 544 2185; x_wconf 82' lang='grc' dir='ltr'>ἰδιότης,</span> <span class='ocrx_word' id='word_1_298' title='bbox 614 2119 710 2170; x_wconf 82' lang='grc' dir='ltr'><strong>ούκ</strong></span> <span class='ocrx_word' id='word_1_299' title='bbox 775 2119 837 2170; x_wconf 80' lang='grc' dir='ltr'>ἄν</span> <span class='ocrx_word' id='word_1_300' title='bbox 905 2117 1270 2172; x_wconf 81' lang='grc' dir='ltr'>συνεϐάλλοντο</span> <span class='ocrx_word' id='word_1_301' title='bbox 1333 2126 1438 2179; x_wconf 85' lang='grc' dir='ltr'>πῶς</span> <span class='ocrx_word' id='word_1_302' title='bbox 1497 2121 1586 2190; x_wconf 72' lang='grc' dir='ltr'>μὶν</span> <span class='ocrx_word' id='word_1_303' title='bbox 1643 2117 1711 2179; x_wconf 71' lang='grc' dir='ltr'>εἷς</span> 
     </span>
    </p>
   </div>
   <div class='ocr_carea' id='block_1_38' title="bbox 54 2204 1712 2283">
    <p class='ocr_par' dir='ltr' id='par_1_38' title="bbox 54 2204 1712 2283">
     <span class='ocr_line' id='line_1_38' title="bbox 54 2204 1712 2283; baseline 0 -23"><span class='ocrx_word' id='word_1_304' title='bbox 54 2227 194 2271; x_wconf 81' lang='grc' dir='ltr'>τινα,</span> <span class='ocrx_word' id='word_1_305' title='bbox 229 2205 408 2260; x_wconf 78' lang='grc' dir='ltr'>διόλου</span> <span class='ocrx_word' id='word_1_306' title='bbox 436 2204 497 2260; x_wconf 83' lang='grc' dir='ltr'>δέ</span> <span class='ocrx_word' id='word_1_307' title='bbox 541 2227 602 2280; x_wconf 72' lang='grc' dir='ltr'>γε</span> <span class='ocrx_word' id='word_1_308' title='bbox 649 2207 717 2268; x_wconf 86' lang='grc' dir='ltr'>εἰς</span> <span class='ocrx_word' id='word_1_309' title='bbox 780 2207 932 2277; x_wconf 79' lang='grc' dir='ltr'>ἄλλα,</span> <span class='ocrx_word' id='word_1_310' title='bbox 983 2213 1075 2261; x_wconf 81' lang='grc' dir='ltr'>καὶ</span> <span class='ocrx_word' id='word_1_311' title='bbox 1119 2209 1212 2260; x_wconf 82' lang='grc' dir='ltr'>οὔκ</span> <span class='ocrx_word' id='word_1_312' title='bbox 1259 2205 1404 2280; x_wconf 83' lang='grc' dir='ltr'>εἶχον</span> <span class='ocrx_word' id='word_1_313' title='bbox 1434 2215 1712 2283; x_wconf 76' lang='grc' dir='ltr'>πορσφυῶς</span> 
     </span>
    </p>
   </div>
   <div class='ocr_carea' id='block_1_39' title="bbox 53 2293 1709 2370">
    <p class='ocr_par' dir='ltr' id='par_1_39' title="bbox 53 2293 1709 2370">
     <span class='ocr_line' id='line_1_39' title="bbox 53 2293 1709 2370; baseline 0 -22"><span class='ocrx_word' id='word_1_314' title='bbox 53 2306 167 2359; x_wconf 81' lang='grc' dir='ltr'>πῶς</span> <span class='ocrx_word' id='word_1_315' title='bbox 229 2316 321 2370; x_wconf 83' lang='grc' dir='ltr'><strong>μεν</strong></span> <span class='ocrx_word' id='word_1_316' title='bbox 357 2316 519 2365; x_wconf 89' lang='grc' dir='ltr'>τισιν,</span> <span class='ocrx_word' id='word_1_317' title='bbox 584 2296 756 2358; x_wconf 76' lang='grc' dir='ltr'>ἄλλοις</span> <span class='ocrx_word' id='word_1_318' title='bbox 791 2315 846 2349; x_wconf 86' lang='grc' dir='ltr'><strong>τε</strong></span> <span class='ocrx_word' id='word_1_319' title='bbox 883 2296 1090 2359; x_wconf 58' lang='grc' dir='ltr'>τελέως</span> <span class='ocrx_word' id='word_1_320' title='bbox 1160 2303 1314 2349; x_wconf 76' lang='grc' dir='ltr'>τοῦτο</span> <span class='ocrx_word' id='word_1_321' title='bbox 1375 2293 1436 2350; x_wconf 79' lang='grc' dir='ltr'>δέ</span> <span class='ocrx_word' id='word_1_322' title='bbox 1497 2295 1709 2366; x_wconf 77' lang='grc' dir='ltr'>ἄτοπον,</span> 
     </span>
    </p>
   </div>
   <div class='ocr_carea' id='block_1_40' title="bbox 54 2384 1712 2460">
    <p class='ocr_par' dir='ltr' id='par_1_40' title="bbox 54 2384 1712 2460">
     <span class='ocr_line' id='line_1_40' title="bbox 54 2384 1712 2460; baseline 0 -22"><span class='ocrx_word' id='word_1_323' title='bbox 54 2391 102 2438; x_wconf 82' lang='grc' dir='ltr'><strong>εί</strong></span> <span class='ocrx_word' id='word_1_324' title='bbox 169 2391 259 2440; x_wconf 74' lang='grc' dir='ltr'>καὶ</span> <span class='ocrx_word' id='word_1_325' title='bbox 319 2406 398 2448; x_wconf 87' lang='grc' dir='ltr'><strong>τις</strong></span> <span class='ocrx_word' id='word_1_326' title='bbox 460 2391 581 2460; x_wconf 79' lang='grc' dir='ltr'>περὶ</span> <span class='ocrx_word' id='word_1_327' title='bbox 643 2388 830 2439; x_wconf 87' lang='grc' dir='ltr'>τούτου</span> <span class='ocrx_word' id='word_1_328' title='bbox 907 2384 1187 2448; x_wconf 77' lang='grc' dir='ltr'>ἀνθέξεται.</span> <span class='ocrx_word' id='word_1_329' title='bbox 1264 2387 1360 2438; x_wconf 80' lang='grc' dir='ltr'><strong>Διά</strong></span> <span class='ocrx_word' id='word_1_330' title='bbox 1438 2393 1600 2438; x_wconf 89' lang='grc' dir='ltr'>ταῦτα</span> <span class='ocrx_word' id='word_1_331' title='bbox 1663 2391 1712 2438; x_wconf 90' lang='grc' dir='ltr'><strong>οί</strong></span> 
     </span>
    </p>
   </div>
   <div class='ocr_carea' id='block_1_41' title="bbox 55 2475 1714 2551">
    <p class='ocr_par' dir='ltr' id='par_1_41' title="bbox 55 2475 1714 2551">
     <span class='ocr_line' id='line_1_41' title="bbox 55 2475 1714 2551; baseline 0 -23"><span class='ocrx_word' id='word_1_332' title='bbox 55 2475 232 2551; x_wconf 84' lang='grc' dir='ltr'>ἰατροὶ</span> <span class='ocrx_word' id='word_1_333' title='bbox 289 2478 356 2528; x_wconf 85' lang='grc' dir='ltr'>τὰ</span> <span class='ocrx_word' id='word_1_334' title='bbox 393 2475 688 2535; x_wconf 72' lang='grc' dir='ltr'>κατάλληλα</span> <span class='ocrx_word' id='word_1_335' title='bbox 749 2476 1091 2551; x_wconf 86' lang='grc' dir='ltr'>πράττουσιν.</span> <span class='ocrx_word' id='word_1_336' title='bbox 1161 2475 1299 2528; x_wconf 75' lang='grc' dir='ltr'>Ἀλλ’</span> <span class='ocrx_word' id='word_1_337' title='bbox 1350 2477 1465 2528; x_wconf 70' lang='grc' dir='ltr'>ἔστι</span> <span class='ocrx_word' id='word_1_338' title='bbox 1529 2482 1714 2551; x_wconf 81' lang='grc' dir='ltr'>κρᾶσις</span> 
     </span>
    </p>
   </div>
   <div class='ocr_carea' id='block_1_42' title="bbox 53 2562 1715 2638">
    <p class='ocr_par' dir='ltr' id='par_1_42' title="bbox 53 2562 1715 2638">
     <span class='ocr_line' id='line_1_42' title="bbox 53 2562 1715 2638; baseline -0.001 -19"><span class='ocrx_word' id='word_1_339' title='bbox 53 2569 152 2619; x_wconf 78' lang='grc' dir='ltr'><strong>καὶ</strong></span> <span class='ocrx_word' id='word_1_340' title='bbox 219 2562 426 2629; x_wconf 75' lang='grc' dir='ltr'>ἰδιότης</span> <span class='ocrx_word' id='word_1_341' title='bbox 489 2569 539 2620; x_wconf 70' lang='grc' dir='ltr'>ἓν</span> <span class='ocrx_word' id='word_1_342' title='bbox 604 2585 660 2620; x_wconf 86' lang='grc' dir='ltr'><strong>τε</strong></span> <span class='ocrx_word' id='word_1_343' title='bbox 724 2565 910 2633; x_wconf 79' lang='grc' dir='ltr'>λίθοις,</span> <span class='ocrx_word' id='word_1_344' title='bbox 983 2569 1032 2618; x_wconf 76' lang='grc' dir='ltr'>ἕν</span> <span class='ocrx_word' id='word_1_345' title='bbox 1092 2586 1147 2619; x_wconf 87' lang='grc' dir='ltr'><strong>τε</strong></span> <span class='ocrx_word' id='word_1_346' title='bbox 1201 2565 1490 2638; x_wconf 78' lang='grc' dir='ltr'>μετάλλοις,</span> <span class='ocrx_word' id='word_1_347' title='bbox 1547 2566 1596 2620; x_wconf 76' lang='grc' dir='ltr'>ἓν</span> <span class='ocrx_word' id='word_1_348' title='bbox 1659 2584 1715 2618; x_wconf 87' lang='grc' dir='ltr'><strong>τε</strong></span> 
     </span>
    </p>
   </div>
   <div class='ocr_carea' id='block_1_43' title="bbox 54 2743 1719 2817">
    <p class='ocr_par' dir='ltr' id='par_1_43' title="bbox 54 2743 1719 2817">
     <span class='ocr_line' id='line_1_43' title="bbox 54 2743 1719 2817; baseline -0.001 -17"><span class='ocrx_word' id='word_1_349' title='bbox 54 2743 371 2802; x_wconf 78' lang='lat' dir='ltr'><strong>constituit</strong></span> <span class='ocrx_word' id='word_1_350' title='bbox 379 2743 715 2802; x_wconf 79' lang='lat' dir='ltr'><strong>convellere</strong></span> <span class='ocrx_word' id='word_1_351' title='bbox 723 2743 1208 2815; x_wconf 87' lang='lat' dir='ltr'><strong>Aselepiadarum</strong></span> <span class='ocrx_word' id='word_1_352' title='bbox 1222 2747 1405 2802; x_wconf 85' lang='lat' dir='ltr'><strong>artem</strong></span> <span class='ocrx_word' id='word_1_353' title='bbox 1417 2759 1554 2817; x_wconf 69' lang='lat' dir='ltr'><strong>quae</strong></span> <span class='ocrx_word' id='word_1_354' title='bbox 1565 2759 1719 2801; x_wconf 87' lang='lat' dir='ltr'><strong>com-</strong></span> 
     </span>
    </p>
   </div>
   <div class='ocr_carea' id='block_1_44' title="bbox 54 2832 1718 2906">
    <p class='ocr_par' dir='ltr' id='par_1_44' title="bbox 54 2832 1718 2906">
     <span class='ocr_line' id='line_1_44' title="bbox 54 2832 1718 2906; baseline 0 -18"><span class='ocrx_word' id='word_1_355' title='bbox 54 2833 232 2905; x_wconf 90' lang='lat' dir='ltr'><strong>ponit</strong></span> <span class='ocrx_word' id='word_1_356' title='bbox 269 2832 738 2906; x_wconf 85' lang='lat' dir='ltr'><strong>pharmacorum</strong></span> <span class='ocrx_word' id='word_1_357' title='bbox 790 2833 1231 2890; x_wconf 79' lang='lat' dir='ltr'><strong>multitudinem</strong></span> <span class='ocrx_word' id='word_1_358' title='bbox 1278 2849 1351 2891; x_wconf 82' lang='lat' dir='ltr'><strong>ex</strong></span> <span class='ocrx_word' id='word_1_359' title='bbox 1378 2833 1620 2906; x_wconf 82' lang='lat' dir='ltr'><strong>plantis,</strong></span> <span class='ocrx_word' id='word_1_360' title='bbox 1646 2847 1718 2889; x_wconf 82' lang='lat' dir='ltr'><strong>ex</strong></span> 
     </span>
    </p>
   </div>
   <div class='ocr_carea' id='block_1_45' title="bbox 57 2919 1720 2996">
    <p class='ocr_par' dir='ltr' id='par_1_45' title="bbox 57 2919 1720 2996">
     <span class='ocr_line' id='line_1_45' title="bbox 57 2919 1720 2996; baseline 0.002 -22"><span class='ocrx_word' id='word_1_361' title='bbox 57 2919 307 2978; x_wconf 77' lang='lat' dir='ltr'><strong>metallis</strong></span> <span class='ocrx_word' id='word_1_362' title='bbox 325 2925 463 2978; x_wconf 86' lang='lat' dir='ltr'><strong>etex</strong></span> <span class='ocrx_word' id='word_1_363' title='bbox 477 2920 936 2978; x_wconf 83' lang='lat' dir='ltr'><strong>multiformibus</strong></span> <span class='ocrx_word' id='word_1_364' title='bbox 949 2921 1383 2996; x_wconf 89' lang='lat' dir='ltr'><strong>multipliciterq</strong></span> <span class='ocrx_word' id='word_1_365' title='bbox 1391 2938 1463 2978; x_wconf 87' lang='lat' dir='ltr'><strong>ue</strong></span> <span class='ocrx_word' id='word_1_366' title='bbox 1480 2937 1720 2994; x_wconf 84' lang='lat' dir='ltr'><strong>compa-</strong></span> 
     </span>
    </p>
   </div>
   <div class='ocr_carea' id='block_1_46' title="bbox 56 3009 1717 3083">
    <p class='ocr_par' dir='ltr' id='par_1_46' title="bbox 56 3009 1717 3083">
     <span class='ocr_line' id='line_1_46' title="bbox 56 3009 1717 3083; baseline 0 -19"><span class='ocrx_word' id='word_1_367' title='bbox 56 3009 205 3065; x_wconf 80' lang='lat' dir='ltr'><strong>ratis</strong></span> <span class='ocrx_word' id='word_1_368' title='bbox 215 3009 750 3082; x_wconf 89' lang='lat' dir='ltr'><strong>temperationibus</strong></span> <span class='ocrx_word' id='word_1_369' title='bbox 761 3011 913 3067; x_wconf 89' lang='lat' dir='ltr'><strong>inter</strong></span> <span class='ocrx_word' id='word_1_370' title='bbox 926 3027 990 3066; x_wconf 89' lang='lat' dir='ltr'><strong>se</strong></span> <span class='ocrx_word' id='word_1_371' title='bbox 1006 3011 1304 3082; x_wconf 83' lang='lat' dir='ltr'><strong>permistis</strong></span> <span class='ocrx_word' id='word_1_372' title='bbox 1319 3027 1426 3083; x_wconf 92' lang='lat' dir='ltr'><strong>per</strong></span> <span class='ocrx_word' id='word_1_373' title='bbox 1437 3009 1717 3066; x_wconf 87' lang='lat' dir='ltr'><strong>eamdem</strong></span> 
     </span>
    </p>
   </div>
   <div class='ocr_carea' id='block_1_47' title="bbox 54 3099 1717 3172">
    <p class='ocr_par' dir='ltr' id='par_1_47' title="bbox 54 3099 1717 3172">
     <span class='ocr_line' id='line_1_47' title="bbox 54 3099 1717 3172; baseline -0.001 -17"><span class='ocrx_word' id='word_1_374' title='bbox 54 3099 790 3156; x_wconf 57' lang='lat' dir='ltr'><strong>demonstrationemjlaec</strong></span> <span class='ocrx_word' id='word_1_375' title='bbox 802 3100 962 3155; x_wconf 90' lang='lat' dir='ltr'><strong>enim</strong></span> <span class='ocrx_word' id='word_1_376' title='bbox 974 3101 1182 3156; x_wconf 90' lang='lat' dir='ltr'><strong>omnia</strong></span> <span class='ocrx_word' id='word_1_377' title='bbox 1195 3099 1717 3172; x_wconf 89' lang='lat' dir='ltr'><strong>temperationibus</strong></span> 
     </span>
    </p>
   </div>
   <div class='ocr_carea' id='block_1_48' title="bbox 55 3187 1716 3263">
    <p class='ocr_par' dir='ltr' id='par_1_48' title="bbox 55 3187 1716 3263">
     <span class='ocr_line' id='line_1_48' title="bbox 55 3187 1716 3263; baseline 0.001 -21"><span class='ocrx_word' id='word_1_378' title='bbox 55 3187 362 3244; x_wconf 71' lang='lat' dir='ltr'><strong>differunt.</strong></span> <span class='ocrx_word' id='word_1_379' title='bbox 377 3195 526 3244; x_wconf 90' lang='lat' dir='ltr'><strong>Nam</strong></span> <span class='ocrx_word' id='word_1_380' title='bbox 544 3193 598 3243; x_wconf 92' lang='lat' dir='ltr'><strong>et</strong></span> <span class='ocrx_word' id='word_1_381' title='bbox 622 3188 738 3244; x_wconf 90' lang='lat' dir='ltr'><strong>hoc</strong></span> <span class='ocrx_word' id='word_1_382' title='bbox 754 3189 937 3246; x_wconf 91' lang='lat' dir='ltr'><strong>modo</strong></span> <span class='ocrx_word' id='word_1_383' title='bbox 971 3189 1182 3245; x_wconf 88' lang='lat' dir='ltr'><strong>medici</strong></span> <span class='ocrx_word' id='word_1_384' title='bbox 1201 3189 1367 3263; x_wconf 93' lang='lat' dir='ltr'><strong>quod</strong></span> <span class='ocrx_word' id='word_1_385' title='bbox 1393 3189 1716 3261; x_wconf 87' lang='lat' dir='ltr'><strong>unicuique</strong></span> 
     </span>
    </p>
   </div>
   <div class='ocr_carea' id='block_1_49' title="bbox 1818 1933 3474 2008">
    <p class='ocr_par' dir='ltr' id='par_1_49' title="bbox 1818 1933 3474 2008">
     <span class='ocr_line' id='line_1_49' title="bbox 1818 1933 3474 2008; baseline 0.004 -25"><span class='ocrx_word' id='word_1_386' title='bbox 1818 1936 1978 2004; x_wconf 87' lang='grc' dir='ltr'>χείων</span> <span class='ocrx_word' id='word_1_387' title='bbox 2017 1935 2146 2004; x_wconf 86' lang='grc' dir='ltr'>μετὰ</span> <span class='ocrx_word' id='word_1_388' title='bbox 2183 1937 2278 1992; x_wconf 82' lang='grc' dir='ltr'>τὴν</span> <span class='ocrx_word' id='word_1_389' title='bbox 2316 1935 2472 2006; x_wconf 78' lang='grc' dir='ltr'>φύσιν</span> <span class='ocrx_word' id='word_1_390' title='bbox 2512 1937 2643 1987; x_wconf 83' lang='grc' dir='ltr'>εἰσίν</span> <span class='ocrx_word' id='word_1_391' title='bbox 2684 1938 2814 1988; x_wconf 82' lang='grc' dir='ltr'>εἰσὶν</span> <span class='ocrx_word' id='word_1_392' title='bbox 2857 1933 3140 2008; x_wconf 78' lang='grc' dir='ltr'>ἰδιώματα,</span> <span class='ocrx_word' id='word_1_393' title='bbox 3173 1940 3238 1990; x_wconf 87' lang='grc' dir='ltr'><strong>τά</strong></span> <span class='ocrx_word' id='word_1_394' title='bbox 3277 1935 3336 1992; x_wconf 70' lang='grc' dir='ltr'><strong>δε</strong></span> <span class='ocrx_word' id='word_1_395' title='bbox 3373 1946 3474 1990; x_wconf 85' lang='grc' dir='ltr'>τῶν</span> 
     </span>
    </p>
   </div>
   <div class='ocr_carea' id='block_1_50' title="bbox 1818 2020 3475 2098">
    <p class='ocr_par' dir='ltr' id='par_1_50' title="bbox 1818 2020 3475 2098">
     <span class='ocr_line' id='line_1_50' title="bbox 1818 2020 3475 2098; baseline 0.004 -25"><span class='ocrx_word' id='word_1_396' title='bbox 1818 2023 2050 2095; x_wconf 84' lang='grc' dir='ltr'>κράσεων</span> <span class='ocrx_word' id='word_1_397' title='bbox 2080 2026 2170 2074; x_wconf 82' lang='grc' dir='ltr'>καὶ</span> <span class='ocrx_word' id='word_1_398' title='bbox 2199 2020 2248 2074; x_wconf 72' lang='grc' dir='ltr'>ἐν</span> <span class='ocrx_word' id='word_1_399' title='bbox 2295 2031 2405 2084; x_wconf 88' lang='grc' dir='ltr'>τοῖς</span> <span class='ocrx_word' id='word_1_400' title='bbox 2455 2029 2742 2097; x_wconf 85' lang='grc' dir='ltr'>στοιχείοις</span> <span class='ocrx_word' id='word_1_401' title='bbox 2808 2031 2896 2078; x_wconf 80' lang='grc' dir='ltr'>καὶ</span> <span class='ocrx_word' id='word_1_402' title='bbox 2957 2030 3087 2098; x_wconf 83' lang='grc' dir='ltr'>μετὰ</span> <span class='ocrx_word' id='word_1_403' title='bbox 3155 2036 3256 2079; x_wconf 85' lang='grc' dir='ltr'>τῶν</span> <span class='ocrx_word' id='word_1_404' title='bbox 3324 2047 3475 2080; x_wconf 87' lang='grc' dir='ltr'>στοι-</span> 
     </span>
    </p>
   </div>
   <div class='ocr_carea' id='block_1_51' title="bbox 1819 2108 3476 2190">
    <p class='ocr_par' dir='ltr' id='par_1_51' title="bbox 1819 2108 3476 2190">
     <span class='ocr_line' id='line_1_51' title="bbox 1819 2108 3476 2190; baseline 0.002 -26"><span class='ocrx_word' id='word_1_405' title='bbox 1819 2109 2091 2183; x_wconf 78' lang='grc' dir='ltr'>χείων,τᾶ</span> <span class='ocrx_word' id='word_1_406' title='bbox 2145 2108 2205 2164; x_wconf 68' lang='grc' dir='ltr'><strong>δε</strong></span> <span class='ocrx_word' id='word_1_407' title='bbox 2259 2119 2356 2163; x_wconf 85' lang='grc' dir='ltr'>τῶν</span> <span class='ocrx_word' id='word_1_408' title='bbox 2407 2121 2596 2185; x_wconf 82' lang='grc' dir='ltr'>χυμῶν</span> <span class='ocrx_word' id='word_1_409' title='bbox 2651 2116 2780 2184; x_wconf 85' lang='grc' dir='ltr'>μετά</span> <span class='ocrx_word' id='word_1_410' title='bbox 2826 2122 2924 2166; x_wconf 78' lang='grc' dir='ltr'>τῶν</span> <span class='ocrx_word' id='word_1_411' title='bbox 2972 2117 3205 2190; x_wconf 85' lang='grc' dir='ltr'>κράσεων</span> <span class='ocrx_word' id='word_1_412' title='bbox 3253 2121 3342 2168; x_wconf 87' lang='grc' dir='ltr'>καὶ</span> <span class='ocrx_word' id='word_1_413' title='bbox 3380 2119 3476 2178; x_wconf 75' lang='grc' dir='ltr'>ἕως</span> 
     </span>
    </p>
   </div>
   <div class='ocr_carea' id='block_1_52' title="bbox 1820 2197 3472 2279">
    <p class='ocr_par' dir='ltr' id='par_1_52' title="bbox 1820 2197 3472 2279">
     <span class='ocr_line' id='line_1_52' title="bbox 1820 2197 3472 2279; baseline 0.005 -29"><span class='ocrx_word' id='word_1_414' title='bbox 1820 2208 1919 2250; x_wconf 82' lang='grc' dir='ltr'>τῶν</span> <span class='ocrx_word' id='word_1_415' title='bbox 1953 2204 2116 2266; x_wconf 82' lang='grc' dir='ltr'>ζώων,</span> <span class='ocrx_word' id='word_1_416' title='bbox 2176 2203 2205 2258; x_wconf 82' lang='grc' dir='ltr'>ἡ</span> <span class='ocrx_word' id='word_1_417' title='bbox 2273 2197 2478 2262; x_wconf 83' lang='grc' dir='ltr'>ἰδιότης</span> <span class='ocrx_word' id='word_1_418' title='bbox 2531 2199 2592 2254; x_wconf 76' lang='grc' dir='ltr'>δέ</span> <span class='ocrx_word' id='word_1_419' title='bbox 2638 2223 2698 2274; x_wconf 79' lang='grc' dir='ltr'>γε</span> <span class='ocrx_word' id='word_1_420' title='bbox 2756 2211 3053 2276; x_wconf 84' lang='grc' dir='ltr'>πανταχοῦ.</span> <span class='ocrx_word' id='word_1_421' title='bbox 3101 2201 3325 2267; x_wconf 72' lang='grc' dir='ltr'>’ἰδιότης</span> <span class='ocrx_word' id='word_1_422' title='bbox 3369 2203 3472 2279; x_wconf 70' lang='grc' dir='ltr'>γὰρ</span> 
     </span>
    </p>
   </div>
   <div class='ocr_carea' id='block_1_53' title="bbox 1819 2289 3472 2368">
    <p class='ocr_par' dir='ltr' id='par_1_53' title="bbox 1819 2289 3472 2368">
     <span class='ocr_line' id='line_1_53' title="bbox 1819 2289 3472 2368; baseline 0.004 -28"><span class='ocrx_word' id='word_1_423' title='bbox 1819 2291 2035 2342; x_wconf 82' lang='grc' dir='ltr'>κατὰτὸ</span> <span class='ocrx_word' id='word_1_424' title='bbox 2091 2289 2280 2362; x_wconf 82' lang='grc' dir='ltr'>μᾶλλον</span> <span class='ocrx_word' id='word_1_425' title='bbox 2338 2293 2505 2349; x_wconf 77' lang='grc' dir='ltr'>ἧνωσε</span> <span class='ocrx_word' id='word_1_426' title='bbox 2523 2299 2620 2364; x_wconf 71' lang='grc' dir='ltr'><strong>γῆν</strong></span> <span class='ocrx_word' id='word_1_427' title='bbox 2683 2296 2769 2344; x_wconf 81' lang='grc' dir='ltr'>καὶ</span> <span class='ocrx_word' id='word_1_428' title='bbox 2830 2289 2999 2368; x_wconf 79' lang='grc' dir='ltr'>ὕδωρ,</span> <span class='ocrx_word' id='word_1_429' title='bbox 3037 2301 3142 2368; x_wconf 84' lang='grc' dir='ltr'><strong>πῦρ</strong></span> <span class='ocrx_word' id='word_1_430' title='bbox 3199 2299 3290 2346; x_wconf 79' lang='grc' dir='ltr'>καὶ</span> <span class='ocrx_word' id='word_1_431' title='bbox 3324 2293 3472 2368; x_wconf 77' lang='grc' dir='ltr'>ἀέρα,</span> 
     </span>
    </p>
   </div>
   <div class='ocr_carea' id='block_1_54' title="bbox 1820 2375 3478 2455">
    <p class='ocr_par' dir='ltr' id='par_1_54' title="bbox 1820 2375 3478 2455">
     <span class='ocr_line' id='line_1_54' title="bbox 1820 2375 3478 2455; baseline 0.003 -25"><span class='ocrx_word' id='word_1_432' title='bbox 1820 2375 1965 2451; x_wconf 80' lang='grc' dir='ltr'>ὕδωρ</span> <span class='ocrx_word' id='word_1_433' title='bbox 2021 2397 2077 2430; x_wconf 94' lang='grc' dir='ltr'><strong>τε</strong></span> <span class='ocrx_word' id='word_1_434' title='bbox 2136 2383 2226 2430; x_wconf 83' lang='grc' dir='ltr'>καὶ</span> <span class='ocrx_word' id='word_1_435' title='bbox 2271 2377 2397 2454; x_wconf 76' lang='grc' dir='ltr'>ἀέρα</span> <span class='ocrx_word' id='word_1_436' title='bbox 2469 2379 2498 2438; x_wconf 80' lang='grc' dir='ltr'><strong>ἣ</strong></span> <span class='ocrx_word' id='word_1_437' title='bbox 2565 2388 2664 2451; x_wconf 74' lang='grc' dir='ltr'><strong>γῆν</strong></span> <span class='ocrx_word' id='word_1_438' title='bbox 2728 2386 2818 2433; x_wconf 85' lang='grc' dir='ltr'>καὶ</span> <span class='ocrx_word' id='word_1_439' title='bbox 2877 2380 3023 2455; x_wconf 77' lang='grc' dir='ltr'>ἀέρα,</span> <span class='ocrx_word' id='word_1_440' title='bbox 3092 2389 3196 2454; x_wconf 86' lang='grc' dir='ltr'><strong>πῦρ</strong></span> <span class='ocrx_word' id='word_1_441' title='bbox 3259 2401 3314 2435; x_wconf 90' lang='grc' dir='ltr'><strong>τε</strong></span> <span class='ocrx_word' id='word_1_442' title='bbox 3387 2387 3478 2436; x_wconf 81' lang='grc' dir='ltr'>καὶ</span> 
     </span>
    </p>
   </div>
   <div class='ocr_carea' id='block_1_55' title="bbox 1821 2464 3478 2544">
    <p class='ocr_par' dir='ltr' id='par_1_55' title="bbox 1821 2464 3478 2544">
     <span class='ocr_line' id='line_1_55' title="bbox 1821 2464 3478 2544; baseline 0.003 -24"><span class='ocrx_word' id='word_1_443' title='bbox 1821 2464 1989 2540; x_wconf 79' lang='grc' dir='ltr'>ὕδωρ,</span> <span class='ocrx_word' id='word_1_444' title='bbox 2029 2469 2159 2542; x_wconf 83' lang='grc' dir='ltr'>άπερ</span> <span class='ocrx_word' id='word_1_445' title='bbox 2199 2468 2293 2521; x_wconf 90' lang='grc' dir='ltr'>ὃλα</span> <span class='ocrx_word' id='word_1_446' title='bbox 2356 2465 2428 2520; x_wconf 89' lang='grc' dir='ltr'><strong>δι’</strong></span> <span class='ocrx_word' id='word_1_447' title='bbox 2468 2469 2596 2521; x_wconf 87' lang='grc' dir='ltr'>ὃλων</span> <span class='ocrx_word' id='word_1_448' title='bbox 2659 2469 2909 2537; x_wconf 75' lang='grc' dir='ltr'>ἐνουνται,</span> <span class='ocrx_word' id='word_1_449' title='bbox 2965 2470 3024 2522; x_wconf 88' lang='grc' dir='ltr'><strong>ού</strong></span> <span class='ocrx_word' id='word_1_450' title='bbox 3081 2475 3217 2532; x_wconf 90' lang='grc' dir='ltr'>τινὸς</span> <span class='ocrx_word' id='word_1_451' title='bbox 3257 2468 3352 2524; x_wconf 84' lang='grc' dir='ltr'>διὰ</span> <span class='ocrx_word' id='word_1_452' title='bbox 3380 2473 3478 2544; x_wconf 82' lang='grc' dir='ltr'><strong>μὲ-</strong></span> 
     </span>
    </p>
   </div>
   <div class='ocr_carea' id='block_1_56' title="bbox 1823 2553 3483 2633">
    <p class='ocr_par' dir='ltr' id='par_1_56' title="bbox 1823 2553 3483 2633">
     <span class='ocr_line' id='line_1_56' title="bbox 1823 2553 3483 2633; baseline 0.002 -22"><span class='ocrx_word' id='word_1_453' title='bbox 1823 2577 1913 2614; x_wconf 84' lang='grc' dir='ltr'><strong>σον</strong></span> <span class='ocrx_word' id='word_1_454' title='bbox 1941 2554 2052 2609; x_wconf 79' lang='grc' dir='ltr'>ἀλλ’</span> <span class='ocrx_word' id='word_1_455' title='bbox 2093 2556 2226 2610; x_wconf 78' lang='grc' dir='ltr'>αὐτὰ</span> <span class='ocrx_word' id='word_1_456' title='bbox 2263 2553 2338 2610; x_wconf 86' lang='grc' dir='ltr'><strong>δι’</strong></span> <span class='ocrx_word' id='word_1_457' title='bbox 2378 2558 2546 2611; x_wconf 82' lang='grc' dir='ltr'>αὑτῶν</span> <span class='ocrx_word' id='word_1_458' title='bbox 2601 2559 2721 2612; x_wconf 77' lang='grc' dir='ltr'>καθ’</span> <span class='ocrx_word' id='word_1_459' title='bbox 2787 2560 2937 2623; x_wconf 79' lang='grc' dir='ltr'>αὐτὰ,</span> <span class='ocrx_word' id='word_1_460' title='bbox 3015 2563 3150 2613; x_wconf 82' lang='grc' dir='ltr'>κατὰ</span> <span class='ocrx_word' id='word_1_461' title='bbox 3183 2563 3241 2613; x_wconf 86' lang='grc' dir='ltr'>τὸ</span> <span class='ocrx_word' id='word_1_462' title='bbox 3286 2561 3483 2633; x_wconf 80' lang='grc' dir='ltr'>μᾶλλόν</span> 
     </span>
    </p>
   </div>
   <div class='ocr_carea' id='block_1_57' title="bbox 1827 2735 3488 2810">
    <p class='ocr_par' dir='ltr' id='par_1_57' title="bbox 1827 2735 3488 2810">
     <span class='ocr_line' id='line_1_57' title="bbox 1827 2735 3488 2810; baseline -0.001 -14"><span class='ocrx_word' id='word_1_463' title='bbox 1827 2741 1936 2804; x_wconf 89' lang='lat' dir='ltr'><strong>est,</strong></span> <span class='ocrx_word' id='word_1_464' title='bbox 1951 2741 2011 2792; x_wconf 89' lang='lat' dir='ltr'><strong>et</strong></span> <span class='ocrx_word' id='word_1_465' title='bbox 2020 2751 2128 2809; x_wconf 90' lang='lat' dir='ltr'><strong>per</strong></span> <span class='ocrx_word' id='word_1_466' title='bbox 2144 2737 2262 2792; x_wconf 85' lang='lat' dir='ltr'><strong>vim</strong></span> <span class='ocrx_word' id='word_1_467' title='bbox 2281 2735 2592 2810; x_wconf 72' lang='lat' dir='ltr'><strong>illam&#39;quie</strong></span> <span class='ocrx_word' id='word_1_468' title='bbox 2605 2738 2846 2796; x_wconf 87' lang='lat' dir='ltr'><strong>valetad</strong></span> <span class='ocrx_word' id='word_1_469' title='bbox 2861 2739 3246 2796; x_wconf 89' lang='lat' dir='ltr'><strong>dividendum</strong></span> <span class='ocrx_word' id='word_1_470' title='bbox 3259 2759 3271 2809; x_wconf 90' lang='lat'><strong>;</strong></span> <span class='ocrx_word' id='word_1_471' title='bbox 3284 2755 3488 2796; x_wconf 89' lang='lat' dir='ltr'><strong>verum</strong></span> 
     </span>
    </p>
   </div>
   <div class='ocr_carea' id='block_1_58' title="bbox 1825 2826 3488 2902">
    <p class='ocr_par' dir='ltr' id='par_1_58' title="bbox 1825 2826 3488 2902">
     <span class='ocr_line' id='line_1_58' title="bbox 1825 2826 3488 2902; baseline 0.001 -17"><span class='ocrx_word' id='word_1_472' title='bbox 1825 2828 2007 2885; x_wconf 90' lang='lat' dir='ltr'><strong>etiam</strong></span> <span class='ocrx_word' id='word_1_473' title='bbox 2036 2826 2172 2882; x_wconf 89' lang='lat' dir='ltr'><strong>ideo</strong></span> <span class='ocrx_word' id='word_1_474' title='bbox 2197 2829 2522 2898; x_wconf 89' lang='lat' dir='ltr'><strong>magnavis</strong></span> <span class='ocrx_word' id='word_1_475' title='bbox 2543 2829 2922 2900; x_wconf 80' lang='lat' dir='ltr'><strong>proprietatis</strong></span> <span class='ocrx_word' id='word_1_476' title='bbox 2946 2830 3112 2902; x_wconf 91' lang='lat' dir='ltr'><strong>quod</strong></span> <span class='ocrx_word' id='word_1_477' title='bbox 3141 2829 3218 2886; x_wconf 89' lang='lat' dir='ltr'><strong>ad</strong></span> <span class='ocrx_word' id='word_1_478' title='bbox 3255 2830 3488 2886; x_wconf 87' lang='lat' dir='ltr'><strong>anima-</strong></span> 
     </span>
    </p>
   </div>
   <div class='ocr_carea' id='block_1_59' title="bbox 1826 2916 3482 2990">
    <p class='ocr_par' dir='ltr' id='par_1_59' title="bbox 1826 2916 3482 2990">
     <span class='ocr_line' id='line_1_59' title="bbox 1826 2916 3482 2990; baseline 0.002 -18"><span class='ocrx_word' id='word_1_479' title='bbox 1826 2921 1952 2990; x_wconf 82' lang='lat' dir='ltr'><strong>tum</strong></span> <span class='ocrx_word' id='word_1_480' title='bbox 1996 2920 2176 2972; x_wconf 81' lang='lat' dir='ltr'><strong>etiam</strong></span> <span class='ocrx_word' id='word_1_481' title='bbox 2201 2919 2258 2970; x_wconf 91' lang='lat' dir='ltr'><strong>et</strong></span> <span class='ocrx_word' id='word_1_482' title='bbox 2277 2916 2524 2972; x_wconf 78' lang='lat' dir='ltr'><strong>rationis</strong></span> <span class='ocrx_word' id='word_1_483' title='bbox 2553 2917 2851 2989; x_wconf 82' lang='lat' dir='ltr'><strong>particeps</strong></span> <span class='ocrx_word' id='word_1_484' title='bbox 2910 2918 3138 2974; x_wconf 86' lang='lat' dir='ltr'><strong>animal</strong></span> <span class='ocrx_word' id='word_1_485' title='bbox 3168 2919 3482 2990; x_wconf 85' lang='lat' dir='ltr'><strong>pertineat.</strong></span> 
     </span>
    </p>
   </div>
   <div class='ocr_carea' id='block_1_60' title="bbox 1826 3003 3485 3079">
    <p class='ocr_par' dir='ltr' id='par_1_60' title="bbox 1826 3003 3485 3079">
     <span class='ocr_line' id='line_1_60' title="bbox 1826 3003 3485 3079; baseline 0.002 -18"><span class='ocrx_word' id='word_1_486' title='bbox 1826 3011 1906 3061; x_wconf 85' lang='lat' dir='ltr'><strong>Ac</strong></span> <span class='ocrx_word' id='word_1_487' title='bbox 1923 3003 2072 3060; x_wconf 90' lang='lat' dir='ltr'><strong>illud</strong></span> <span class='ocrx_word' id='word_1_488' title='bbox 2097 3003 2344 3076; x_wconf 88' lang='lat' dir='ltr'><strong>quidem</strong></span> <span class='ocrx_word' id='word_1_489' title='bbox 2365 3005 2750 3061; x_wconf 84' lang='lat' dir='ltr'><strong>manifestum</strong></span> <span class='ocrx_word' id='word_1_490' title='bbox 2787 3011 2874 3062; x_wconf 89' lang='lat' dir='ltr'><strong>est</strong></span> <span class='ocrx_word' id='word_1_491' title='bbox 2921 3023 3029 3079; x_wconf 88' lang='lat' dir='ltr'><strong>per</strong></span> <span class='ocrx_word' id='word_1_492' title='bbox 3059 3009 3485 3079; x_wconf 85' lang='lat' dir='ltr'><strong>proprietatem</strong></span> 
     </span>
    </p>
   </div>
   <div class='ocr_carea' id='block_1_61' title="bbox 1822 3093 3480 3168">
    <p class='ocr_par' dir='ltr' id='par_1_61' title="bbox 1822 3093 3480 3168">
     <span class='ocr_line' id='line_1_61' title="bbox 1822 3093 3480 3168; baseline 0.002 -18"><span class='ocrx_word' id='word_1_493' title='bbox 1822 3094 1978 3155; x_wconf 85' lang='lat' dir='ltr'><strong>efﬁci</strong></span> <span class='ocrx_word' id='word_1_494' title='bbox 2011 3099 2072 3149; x_wconf 91' lang='lat' dir='ltr'><strong>ut</strong></span> <span class='ocrx_word' id='word_1_495' title='bbox 2093 3093 2346 3149; x_wconf 88' lang='lat' dir='ltr'><strong>aliorum</strong></span> <span class='ocrx_word' id='word_1_496' title='bbox 2359 3094 2750 3166; x_wconf 90' lang='lat' dir='ltr'><strong>proprietates</strong></span> <span class='ocrx_word' id='word_1_497' title='bbox 2777 3095 3156 3167; x_wconf 87' lang='lat' dir='ltr'><strong>copulentur,</strong></span> <span class='ocrx_word' id='word_1_498' title='bbox 3182 3112 3305 3153; x_wconf 89' lang='lat' dir='ltr'><strong>non</strong></span> <span class='ocrx_word' id='word_1_499' title='bbox 3333 3099 3480 3168; x_wconf 84' lang='lat' dir='ltr'><strong>quia</strong></span> 
     </span>
    </p>
   </div>
   <div class='ocr_carea' id='block_1_62' title="bbox 1823 3182 3476 3256">
    <p class='ocr_par' dir='ltr' id='par_1_62' title="bbox 1823 3182 3476 3256">
     <span class='ocr_line' id='line_1_62' title="bbox 1823 3182 3476 3256; baseline 0.002 -18"><span class='ocrx_word' id='word_1_500' title='bbox 1823 3183 1938 3239; x_wconf 89' lang='lat' dir='ltr'><strong>sint</strong></span> <span class='ocrx_word' id='word_1_501' title='bbox 1964 3182 2266 3244; x_wconf 84' lang='lat' dir='ltr'><strong>animalia,</strong></span> <span class='ocrx_word' id='word_1_502' title='bbox 2294 3199 2551 3256; x_wconf 83' lang='lat' dir='ltr'><strong>cumque</strong></span> <span class='ocrx_word' id='word_1_503' title='bbox 2581 3199 2705 3239; x_wconf 88' lang='lat' dir='ltr'><strong>non</strong></span> <span class='ocrx_word' id='word_1_504' title='bbox 2732 3185 2857 3239; x_wconf 84' lang='lat' dir='ltr'><strong>sine</strong></span> <span class='ocrx_word' id='word_1_505' title='bbox 2878 3185 3106 3241; x_wconf 88' lang='lat' dir='ltr'><strong>ratione</strong></span> <span class='ocrx_word' id='word_1_506' title='bbox 3159 3185 3319 3240; x_wconf 91' lang='lat' dir='ltr'><strong>istud</strong></span> <span class='ocrx_word' id='word_1_507' title='bbox 3350 3186 3476 3256; x_wconf 88' lang='lat' dir='ltr'><strong>ﬁat,</strong></span> 
     </span>
    </p>
   </div>
   <div class='ocr_carea' id='block_1_63' title="bbox 57 3271 3477 3346">
    <p class='ocr_par' dir='ltr' id='par_1_63' title="bbox 57 3271 3477 3346">
     <span class='ocr_line' id='line_1_63' title="bbox 57 3271 3477 3346; baseline -0.001 -13"><span class='ocrx_word' id='word_1_508' title='bbox 57 3275 278 3333; x_wconf 88' lang='lat' dir='ltr'><strong>morbo</strong></span> <span class='ocrx_word' id='word_1_509' title='bbox 307 3275 540 3332; x_wconf 88' lang='lat' dir='ltr'><strong>obsistit</strong></span> <span class='ocrx_word' id='word_1_510' title='bbox 555 3291 628 3332; x_wconf 83' lang='lat' dir='ltr'><strong>ex</strong></span> <span class='ocrx_word' id='word_1_511' title='bbox 654 3277 769 3333; x_wconf 85' lang='lat' dir='ltr'><strong>illis</strong></span> <span class='ocrx_word' id='word_1_512' title='bbox 789 3278 1071 3334; x_wconf 91' lang='lat' dir='ltr'><strong>selectum</strong></span> <span class='ocrx_word' id='word_1_513' title='bbox 1089 3278 1378 3334; x_wconf 87' lang='lat' dir='ltr'><strong>adhibent</strong></span> <span class='ocrx_word' id='word_1_514' title='bbox 1397 3282 1462 3334; x_wconf 90' lang='lat' dir='ltr'><strong>ut</strong></span> <span class='ocrx_word' id='word_1_515' title='bbox 1480 3277 1718 3333; x_wconf 88' lang='lat' dir='ltr'><strong>tollatur</strong></span> <span class='ocrx_word' id='word_1_516' title='bbox 1750 3276 1789 3330; x_wconf 88' lang='lat' dir='ltr'>C</span> <span class='ocrx_word' id='word_1_517' title='bbox 1822 3287 2046 3328; x_wconf 88' lang='lat' dir='ltr'><strong>novum</strong></span> <span class='ocrx_word' id='word_1_518' title='bbox 2064 3271 2252 3327; x_wconf 87' lang='lat' dir='ltr'><strong>videri</strong></span> <span class='ocrx_word' id='word_1_519' title='bbox 2263 3287 2385 3327; x_wconf 91' lang='lat' dir='ltr'><strong>non</strong></span> <span class='ocrx_word' id='word_1_520' title='bbox 2409 3276 2624 3344; x_wconf 87' lang='lat' dir='ltr'><strong>potest.</strong></span> <span class='ocrx_word' id='word_1_521' title='bbox 2641 3272 2860 3328; x_wconf 89' lang='lat' dir='ltr'><strong>Verum</strong></span> <span class='ocrx_word' id='word_1_522' title='bbox 2875 3275 3076 3346; x_wconf 90' lang='lat' dir='ltr'><strong>ipsum</strong></span> <span class='ocrx_word' id='word_1_523' title='bbox 3103 3275 3162 3330; x_wconf 89' lang='lat' dir='ltr'><strong>in</strong></span> <span class='ocrx_word' id='word_1_524' title='bbox 3194 3290 3256 3330; x_wconf 93' lang='lat' dir='ltr'><strong>se</strong></span> <span class='ocrx_word' id='word_1_525' title='bbox 3287 3274 3477 3330; x_wconf 80' lang='lat' dir='ltr'><strong>dividi</strong></span> 
     </span>
    </p>
   </div>
   <div class='ocr_carea' id='block_1_64' title="bbox 59 3363 1711 3439">
    <p class='ocr_par' dir='ltr' id='par_1_64' title="bbox 59 3363 1711 3439">
     <span class='ocr_line' id='line_1_64' title="bbox 59 3363 1711 3439; baseline -0.001 -17"><span class='ocrx_word' id='word_1_526' title='bbox 59 3363 335 3422; x_wconf 86' lang='lat' dir='ltr'><strong>morbus.</strong></span> <span class='ocrx_word' id='word_1_527' title='bbox 370 3367 498 3421; x_wconf 84' lang='lat' dir='ltr'><strong>Non</strong></span> <span class='ocrx_word' id='word_1_528' title='bbox 539 3364 778 3421; x_wconf 88' lang='lat' dir='ltr'><strong>cuilibet</strong></span> <span class='ocrx_word' id='word_1_529' title='bbox 826 3365 1040 3422; x_wconf 91' lang='lat' dir='ltr'><strong>morbo</strong></span> <span class='ocrx_word' id='word_1_530' title='bbox 1076 3366 1360 3439; x_wconf 71' lang='lat' dir='ltr'><strong>quaelibet</strong></span> <span class='ocrx_word' id='word_1_531' title='bbox 1401 3365 1711 3432; x_wconf 82' lang='lat' dir='ltr'><strong>adhibent,</strong></span> 
     </span>
    </p>
   </div>
   <div class='ocr_carea' id='block_1_65' title="bbox 61 3453 1713 3527">
    <p class='ocr_par' dir='ltr' id='par_1_65' title="bbox 61 3453 1713 3527">
     <span class='ocr_line' id='line_1_65' title="bbox 61 3453 1713 3527; baseline 0 -18"><span class='ocrx_word' id='word_1_532' title='bbox 61 3453 332 3526; x_wconf 77' lang='lat' dir='ltr'><strong>quamvis</strong></span> <span class='ocrx_word' id='word_1_533' title='bbox 351 3455 781 3526; x_wconf 87' lang='lat' dir='ltr'><strong>temperatione</strong></span> <span class='ocrx_word' id='word_1_534' title='bbox 797 3453 1092 3510; x_wconf 81' lang='lat' dir='ltr'><strong>differenti</strong></span> <span class='ocrx_word' id='word_1_535' title='bbox 1120 3455 1238 3510; x_wconf 90' lang='lat' dir='ltr'><strong>sint</strong></span> <span class='ocrx_word' id='word_1_536' title='bbox 1265 3455 1535 3527; x_wconf 77' lang='lat' dir='ltr'><strong>praedita.</strong></span> <span class='ocrx_word' id='word_1_537' title='bbox 1565 3457 1713 3510; x_wconf 88' lang='lat' dir='ltr'><strong>Nam</strong></span> 
     </span>
    </p>
   </div>
   <div class='ocr_carea' id='block_1_66' title="bbox 65 3542 1716 3615">
    <p class='ocr_par' dir='ltr' id='par_1_66' title="bbox 65 3542 1716 3615">
     <span class='ocr_line' id='line_1_66' title="bbox 65 3542 1716 3615; baseline 0.001 -17"><span class='ocrx_word' id='word_1_538' title='bbox 65 3559 186 3615; x_wconf 66' lang='lat' dir='ltr'><strong>qua</strong></span> <span class='ocrx_word' id='word_1_539' title='bbox 201 3558 264 3598; x_wconf 91' lang='lat' dir='ltr'><strong>re</strong></span> <span class='ocrx_word' id='word_1_540' title='bbox 284 3542 727 3599; x_wconf 80' lang='lat' dir='ltr'><strong>diﬁ‘eratvinum</strong></span> <span class='ocrx_word' id='word_1_541' title='bbox 741 3559 778 3600; x_wconf 89' lang='lat' dir='ltr'><strong>a</strong></span> <span class='ocrx_word' id='word_1_542' title='bbox 789 3543 1148 3608; x_wconf 88' lang='lat' dir='ltr'><strong>vino,oleum</strong></span> <span class='ocrx_word' id='word_1_543' title='bbox 1161 3543 1238 3601; x_wconf 89' lang='lat' dir='ltr'><strong>ab</strong></span> <span class='ocrx_word' id='word_1_544' title='bbox 1255 3543 1558 3615; x_wconf 90' lang='lat' dir='ltr'><strong>oleo,pom</strong></span> <span class='ocrx_word' id='word_1_545' title='bbox 1567 3559 1667 3598; x_wconf 90' lang='lat' dir='ltr'><strong>um</strong></span> <span class='ocrx_word' id='word_1_546' title='bbox 1680 3559 1716 3600; x_wconf 88' lang='lat' dir='ltr'><strong>a</strong></span> 
     </span>
    </p>
   </div>
   <div class='ocr_carea' id='block_1_67' title="bbox 67 3631 1716 3705">
    <p class='ocr_par' dir='ltr' id='par_1_67' title="bbox 67 3631 1716 3705">
     <span class='ocr_line' id='line_1_67' title="bbox 67 3631 1716 3705; baseline 0.001 -19"><span class='ocrx_word' id='word_1_547' title='bbox 67 3647 260 3705; x_wconf 87' lang='lat' dir='ltr'><strong>pomo,</strong></span> <span class='ocrx_word' id='word_1_548' title='bbox 282 3631 511 3687; x_wconf 84' lang='lat' dir='ltr'><strong>fructus</strong></span> <span class='ocrx_word' id='word_1_549' title='bbox 533 3647 570 3688; x_wconf 90' lang='lat' dir='ltr'><strong>a</strong></span> <span class='ocrx_word' id='word_1_550' title='bbox 590 3632 786 3688; x_wconf 88' lang='lat' dir='ltr'><strong>fructu</strong></span> <span class='ocrx_word' id='word_1_551' title='bbox 801 3632 1112 3702; x_wconf 83' lang='lat' dir='ltr'><strong>diligenter</strong></span> <span class='ocrx_word' id='word_1_552' title='bbox 1130 3633 1509 3703; x_wconf 79' lang='lat' dir='ltr'><strong>investigent.</strong></span> <span class='ocrx_word' id='word_1_553' title='bbox 1526 3637 1716 3704; x_wconf 83' lang='lat' dir='ltr'><strong>Atque</strong></span> 
     </span>
    </p>
   </div>
   <div class='ocr_carea' id='block_1_68' title="bbox 70 3719 1718 3792">
    <p class='ocr_par' dir='ltr' id='par_1_68' title="bbox 70 3719 1718 3792">
     <span class='ocr_line' id='line_1_68' title="bbox 70 3719 1718 3792; baseline 0 -17"><span class='ocrx_word' id='word_1_554' title='bbox 70 3726 142 3776; x_wconf 88' lang='lat' dir='ltr'><strong>ta</strong></span> <span class='ocrx_word' id='word_1_555' title='bbox 170 3736 233 3776; x_wconf 91' lang='lat' dir='ltr'><strong>re</strong></span> <span class='ocrx_word' id='word_1_556' title='bbox 254 3719 566 3792; x_wconf 80' lang='lat' dir='ltr'><strong>diligenter</strong></span> <span class='ocrx_word' id='word_1_557' title='bbox 595 3735 861 3792; x_wconf 85' lang='lat' dir='ltr'><strong>expensa</strong></span> <span class='ocrx_word' id='word_1_558' title='bbox 907 3721 1110 3777; x_wconf 88' lang='lat' dir='ltr'><strong>statim</strong></span> <span class='ocrx_word' id='word_1_559' title='bbox 1147 3721 1510 3776; x_wconf 87' lang='lat' dir='ltr'><strong>conveniens</strong></span> <span class='ocrx_word' id='word_1_560' title='bbox 1549 3720 1718 3776; x_wconf 83' lang='lat' dir='ltr'><strong>adhi-</strong></span> 
     </span>
    </p>
   </div>
   <div class='ocr_carea' id='block_1_69' title="bbox 71 3808 1718 3882">
    <p class='ocr_par' dir='ltr' id='par_1_69' title="bbox 71 3808 1718 3882">
     <span class='ocr_line' id='line_1_69' title="bbox 71 3808 1718 3882; baseline 0 -17"><span class='ocrx_word' id='word_1_561' title='bbox 71 3814 208 3866; x_wconf 72' lang='lat' dir='ltr'><strong>3ent</strong></span> <span class='ocrx_word' id='word_1_562' title='bbox 233 3808 588 3877; x_wconf 87' lang='lat' dir='ltr'><strong>remedium,</strong></span> <span class='ocrx_word' id='word_1_563' title='bbox 620 3816 678 3865; x_wconf 92' lang='lat' dir='ltr'><strong>et</strong></span> <span class='ocrx_word' id='word_1_564' title='bbox 704 3809 870 3881; x_wconf 85' lang='lat' dir='ltr'><strong>quod</strong></span> <span class='ocrx_word' id='word_1_565' title='bbox 901 3825 1023 3865; x_wconf 90' lang='lat' dir='ltr'><strong>non</strong></span> <span class='ocrx_word' id='word_1_566' title='bbox 1051 3815 1142 3864; x_wconf 89' lang='lat' dir='ltr'><strong>est</strong></span> <span class='ocrx_word' id='word_1_567' title='bbox 1170 3815 1378 3882; x_wconf 89' lang='lat' dir='ltr'><strong>aptum</strong></span> <span class='ocrx_word' id='word_1_568' title='bbox 1407 3813 1718 3865; x_wconf 87' lang='lat' dir='ltr'><strong>removent</strong></span> 
     </span>
    </p>
   </div>
   <div class='ocr_carea' id='block_1_70' title="bbox 73 3897 1716 3970">
    <p class='ocr_par' dir='ltr' id='par_1_70' title="bbox 73 3897 1716 3970">
     <span class='ocr_line' id='line_1_70' title="bbox 73 3897 1716 3970; baseline -0.001 -16"><span class='ocrx_word' id='word_1_569' title='bbox 73 3914 100 3954; x_wconf 79' lang='grc' dir='ltr'><strong>ι</strong></span> <span class='ocrx_word' id='word_1_570' title='bbox 122 3897 402 3970; x_wconf 65' lang='lat' dir='ltr'><strong>praesenti</strong></span> <span class='ocrx_word' id='word_1_571' title='bbox 431 3897 646 3953; x_wconf 83' lang='lat' dir='ltr'><strong>morbo</strong></span> <span class='ocrx_word' id='word_1_572' title='bbox 666 3902 724 3953; x_wconf 90' lang='lat' dir='ltr'><strong>et</strong></span> <span class='ocrx_word' id='word_1_573' title='bbox 751 3897 852 3953; x_wconf 88' lang='lat' dir='ltr'><strong>alii</strong></span> <span class='ocrx_word' id='word_1_574' title='bbox 881 3897 1095 3954; x_wconf 90' lang='lat' dir='ltr'><strong>morbo</strong></span> <span class='ocrx_word' id='word_1_575' title='bbox 1147 3897 1451 3954; x_wconf 87' lang='lat' dir='ltr'><strong>destinant</strong></span> <span class='ocrx_word' id='word_1_576' title='bbox 1482 3915 1495 3953; x_wconf 90' lang='lat'>:</span> <span class='ocrx_word' id='word_1_577' title='bbox 1523 3899 1716 3963; x_wconf 87' lang='lat' dir='ltr'><strong>Quare</strong></span> 
     </span>
    </p>
   </div>
   <div class='ocr_carea' id='block_1_71' title="bbox 75 3986 1719 4058">
    <p class='ocr_par' dir='ltr' id='par_1_71' title="bbox 75 3986 1719 4058">
     <span class='ocr_line' id='line_1_71' title="bbox 75 3986 1719 4058; baseline -0.001 -16"><span class='ocrx_word' id='word_1_578' title='bbox 75 3988 115 4042; x_wconf 69' lang='lat' dir='ltr'><strong>ii</strong></span> <span class='ocrx_word' id='word_1_579' title='bbox 143 3986 499 4058; x_wconf 87' lang='lat' dir='ltr'><strong>temperatio</strong></span> <span class='ocrx_word' id='word_1_580' title='bbox 513 3986 627 4042; x_wconf 91' lang='lat' dir='ltr'><strong>illis</strong></span> <span class='ocrx_word' id='word_1_581' title='bbox 656 4002 777 4043; x_wconf 90' lang='lat' dir='ltr'><strong>non</strong></span> <span class='ocrx_word' id='word_1_582' title='bbox 797 3987 1039 4054; x_wconf 86' lang='lat' dir='ltr'><strong>inesset,</strong></span> <span class='ocrx_word' id='word_1_583' title='bbox 1069 4002 1265 4058; x_wconf 87' lang='lat' dir='ltr'><strong>neque</strong></span> <span class='ocrx_word' id='word_1_584' title='bbox 1294 3988 1474 4043; x_wconf 86' lang='lat' dir='ltr'><strong>etiam</strong></span> <span class='ocrx_word' id='word_1_585' title='bbox 1500 3987 1719 4042; x_wconf 88' lang='lat' dir='ltr'><strong>inesset</strong></span> 
     </span>
    </p>
   </div>
   <div class='ocr_carea' id='block_1_72' title="bbox 77 4075 1718 4149">
    <p class='ocr_par' dir='ltr' id='par_1_72' title="bbox 77 4075 1718 4149">
     <span class='ocr_line' id='line_1_72' title="bbox 77 4075 1718 4149; baseline -0.001 -17"><span class='ocrx_word' id='word_1_586' title='bbox 77 4076 421 4148; x_wconf 81' lang='lat' dir='ltr'><strong>)roprietas.</strong></span> <span class='ocrx_word' id='word_1_587' title='bbox 463 4075 637 4141; x_wconf 84' lang='lat' dir='ltr'><strong>Quod</strong></span> <span class='ocrx_word' id='word_1_588' title='bbox 677 4076 724 4131; x_wconf 87' lang='lat' dir='ltr'><strong>si</strong></span> <span class='ocrx_word' id='word_1_589' title='bbox 762 4076 1100 4149; x_wconf 86' lang='lat' dir='ltr'><strong>proprietas</strong></span> <span class='ocrx_word' id='word_1_590' title='bbox 1139 4077 1395 4144; x_wconf 89' lang='lat' dir='ltr'><strong>abesset,</strong></span> <span class='ocrx_word' id='word_1_591' title='bbox 1435 4093 1558 4132; x_wconf 90' lang='lat' dir='ltr'><strong>non</strong></span> <span class='ocrx_word' id='word_1_592' title='bbox 1584 4091 1718 4147; x_wconf 86' lang='lat' dir='ltr'><strong>pos-</strong></span> 
     </span>
    </p>
   </div>
   <div class='ocr_carea' id='block_1_73' title="bbox 81 4164 1717 4239">
    <p class='ocr_par' dir='ltr' id='par_1_73' title="bbox 81 4164 1717 4239">
     <span class='ocr_line' id='line_1_73' title="bbox 81 4164 1717 4239; baseline -0.002 -18"><span class='ocrx_word' id='word_1_593' title='bbox 81 4170 198 4221; x_wconf 69' lang='lat' dir='ltr'><strong>sent</strong></span> <span class='ocrx_word' id='word_1_594' title='bbox 216 4164 507 4238; x_wconf 88' lang='lat' dir='ltr'><strong>prodesse</strong></span> <span class='ocrx_word' id='word_1_595' title='bbox 538 4164 842 4237; x_wconf 86' lang='lat' dir='ltr'><strong>aliquibus</strong></span> <span class='ocrx_word' id='word_1_596' title='bbox 863 4165 1109 4238; x_wconf 90' lang='lat' dir='ltr'><strong>quidem</strong></span> <span class='ocrx_word' id='word_1_597' title='bbox 1151 4165 1558 4239; x_wconf 87' lang='lat' dir='ltr'><strong>aliquomodo,</strong></span> <span class='ocrx_word' id='word_1_598' title='bbox 1587 4165 1717 4222; x_wconf 88' lang='lat' dir='ltr'><strong>aliis</strong></span> 
     </span>
    </p>
   </div>
   <div class='ocr_carea' id='block_1_74' title="bbox 83 4254 1720 4326">
    <p class='ocr_par' dir='ltr' id='par_1_74' title="bbox 83 4254 1720 4326">
     <span class='ocr_line' id='line_1_74' title="bbox 83 4254 1720 4326; baseline 0 -16"><span class='ocrx_word' id='word_1_599' title='bbox 83 4269 208 4310; x_wconf 81' lang='lat' dir='ltr'><strong>rero</strong></span> <span class='ocrx_word' id='word_1_600' title='bbox 227 4255 485 4326; x_wconf 84' lang='lat' dir='ltr'><strong>penitus,</strong></span> <span class='ocrx_word' id='word_1_601' title='bbox 499 4269 609 4310; x_wconf 90' lang='lat' dir='ltr'><strong>nec</strong></span> <span class='ocrx_word' id='word_1_602' title='bbox 628 4259 766 4326; x_wconf 88' lang='lat' dir='ltr'><strong>apte</strong></span> <span class='ocrx_word' id='word_1_603' title='bbox 794 4260 1307 4326; x_wconf 86' lang='lat' dir='ltr'><strong>congruenterque</strong></span> <span class='ocrx_word' id='word_1_604' title='bbox 1333 4254 1720 4310; x_wconf 87' lang='lat' dir='ltr'><strong>convenirent</strong></span> 
     </span>
    </p>
   </div>
   <div class='ocr_carea' id='block_1_75' title="bbox 85 4342 1714 4416">
    <p class='ocr_par' dir='ltr' id='par_1_75' title="bbox 85 4342 1714 4416">
     <span class='ocr_line' id='line_1_75' title="bbox 85 4342 1714 4416; baseline -0.004 -16"><span class='ocrx_word' id='word_1_605' title='bbox 85 4343 366 4416; x_wconf 56' lang='lat' dir='ltr'><strong>rliquibus</strong></span> <span class='ocrx_word' id='word_1_606' title='bbox 393 4342 640 4416; x_wconf 88' lang='lat' dir='ltr'><strong>quidem</strong></span> <span class='ocrx_word' id='word_1_607' title='bbox 670 4342 871 4416; x_wconf 90' lang='lat' dir='ltr'><strong>aliquo</strong></span> <span class='ocrx_word' id='word_1_608' title='bbox 888 4343 1091 4414; x_wconf 89' lang='lat' dir='ltr'><strong>modo,</strong></span> <span class='ocrx_word' id='word_1_609' title='bbox 1119 4342 1249 4398; x_wconf 85' lang='lat' dir='ltr'><strong>aliis</strong></span> <span class='ocrx_word' id='word_1_610' title='bbox 1271 4359 1413 4399; x_wconf 86' lang='lat' dir='ltr'><strong>vero</strong></span> <span class='ocrx_word' id='word_1_611' title='bbox 1439 4343 1714 4415; x_wconf 83' lang='lat' dir='ltr'><strong>perfecte.</strong></span> 
     </span>
    </p>
   </div>
   <div class='ocr_carea' id='block_1_76' title="bbox 87 4429 1717 4504">
    <p class='ocr_par' dir='ltr' id='par_1_76' title="bbox 87 4429 1717 4504">
     <span class='ocr_line' id='line_1_76' title="bbox 87 4429 1717 4504; baseline 0.001 -18"><span class='ocrx_word' id='word_1_612' title='bbox 87 4430 420 4486; x_wconf 66' lang='lat' dir='ltr'><strong>tbsurdum</strong></span> <span class='ocrx_word' id='word_1_613' title='bbox 435 4446 580 4487; x_wconf 85' lang='lat' dir='ltr'><strong>vero</strong></span> <span class='ocrx_word' id='word_1_614' title='bbox 603 4429 798 4500; x_wconf 86' lang='lat' dir='ltr'><strong>fuerit,</strong></span> <span class='ocrx_word' id='word_1_615' title='bbox 825 4431 874 4486; x_wconf 91' lang='lat' dir='ltr'><strong>si</strong></span> <span class='ocrx_word' id='word_1_616' title='bbox 889 4432 1024 4504; x_wconf 88' lang='lat' dir='ltr'><strong>quis</strong></span> <span class='ocrx_word' id='word_1_617' title='bbox 1039 4432 1403 4504; x_wconf 84' lang='lat' dir='ltr'><strong>pertinacius</strong></span> <span class='ocrx_word' id='word_1_618' title='bbox 1429 4433 1545 4487; x_wconf 86' lang='lat' dir='ltr'><strong>hac</strong></span> <span class='ocrx_word' id='word_1_619' title='bbox 1565 4431 1639 4487; x_wconf 92' lang='lat' dir='ltr'><strong>de</strong></span> <span class='ocrx_word' id='word_1_620' title='bbox 1655 4447 1717 4488; x_wconf 91' lang='lat' dir='ltr'><strong>re</strong></span> 
     </span>
    </p>
   </div>
   <div class='ocr_carea' id='block_1_77' title="bbox 89 4519 1718 4592">
    <p class='ocr_par' dir='ltr' id='par_1_77' title="bbox 89 4519 1718 4592">
     <span class='ocr_line' id='line_1_77' title="bbox 89 4519 1718 4592; baseline -0.001 -15"><span class='ocrx_word' id='word_1_621' title='bbox 89 4519 427 4578; x_wconf 64' lang='lat' dir='ltr'><strong>ontendere</strong></span> <span class='ocrx_word' id='word_1_622' title='bbox 454 4519 614 4576; x_wconf 86' lang='lat' dir='ltr'><strong>velit.</strong></span> <span class='ocrx_word' id='word_1_623' title='bbox 645 4520 870 4578; x_wconf 90' lang='lat' dir='ltr'><strong>Idcirco</strong></span> <span class='ocrx_word' id='word_1_624' title='bbox 896 4520 1116 4577; x_wconf 88' lang='lat' dir='ltr'><strong>medici</strong></span> <span class='ocrx_word' id='word_1_625' title='bbox 1145 4536 1304 4592; x_wconf 68' lang='lat' dir='ltr'><strong>saepe</strong></span> <span class='ocrx_word' id='word_1_626' title='bbox 1328 4522 1479 4577; x_wconf 90' lang='lat' dir='ltr'><strong>inter</strong></span> <span class='ocrx_word' id='word_1_627' title='bbox 1502 4537 1566 4576; x_wconf 90' lang='lat' dir='ltr'><strong>se</strong></span> <span class='ocrx_word' id='word_1_628' title='bbox 1594 4537 1718 4577; x_wconf 85' lang='lat' dir='ltr'><strong>cer-</strong></span> 
     </span>
    </p>
   </div>
   <div class='ocr_carea' id='block_1_78' title="bbox 1823 3361 3478 3436">
    <p class='ocr_par' dir='ltr' id='par_1_78' title="bbox 1823 3361 3478 3436">
     <span class='ocr_line' id='line_1_78' title="bbox 1823 3361 3478 3436; baseline 0.003 -20"><span class='ocrx_word' id='word_1_629' title='bbox 1823 3361 2034 3417; x_wconf 89' lang='lat' dir='ltr'><strong>eadem</strong></span> <span class='ocrx_word' id='word_1_630' title='bbox 2066 3362 2122 3416; x_wconf 92' lang='lat' dir='ltr'><strong>vi</strong></span> <span class='ocrx_word' id='word_1_631' title='bbox 2149 3366 2207 3416; x_wconf 92' lang='lat' dir='ltr'><strong>et</strong></span> <span class='ocrx_word' id='word_1_632' title='bbox 2226 3361 2400 3427; x_wconf 89' lang='lat' dir='ltr'><strong>uniri,</strong></span> <span class='ocrx_word' id='word_1_633' title='bbox 2416 3361 2528 3417; x_wconf 90' lang='lat' dir='ltr'><strong>hoc</strong></span> <span class='ocrx_word' id='word_1_634' title='bbox 2541 3361 2786 3418; x_wconf 91' lang='lat' dir='ltr'><strong>demum</strong></span> <span class='ocrx_word' id='word_1_635' title='bbox 2809 3378 3036 3418; x_wconf 88' lang='lat' dir='ltr'><strong>novum</strong></span> <span class='ocrx_word' id='word_1_636' title='bbox 3065 3367 3174 3430; x_wconf 90' lang='lat' dir='ltr'><strong>est,</strong></span> <span class='ocrx_word' id='word_1_637' title='bbox 3204 3364 3371 3436; x_wconf 92' lang='lat' dir='ltr'><strong>quod</strong></span> <span class='ocrx_word' id='word_1_638' title='bbox 3393 3369 3478 3420; x_wconf 88' lang='lat' dir='ltr'><strong>ta-</strong></span> 
     </span>
    </p>
   </div>
   <div class='ocr_carea' id='block_1_79' title="bbox 1819 3451 3478 3526">
    <p class='ocr_par' dir='ltr' id='par_1_79' title="bbox 1819 3451 3478 3526">
     <span class='ocr_line' id='line_1_79' title="bbox 1819 3451 3478 3526; baseline 0.002 -19"><span class='ocrx_word' id='word_1_639' title='bbox 1819 3466 1960 3507; x_wconf 87' lang='lat' dir='ltr'><strong>men</strong></span> <span class='ocrx_word' id='word_1_640' title='bbox 1987 3451 2201 3507; x_wconf 91' lang='lat' dir='ltr'><strong>eadem</strong></span> <span class='ocrx_word' id='word_1_641' title='bbox 2235 3456 2565 3523; x_wconf 76' lang='lat' dir='ltr'><strong>proprietas</strong></span> <span class='ocrx_word' id='word_1_642' title='bbox 2590 3451 2768 3508; x_wconf 74' lang='lat' dir='ltr'><strong>efﬁcit</strong></span> <span class='ocrx_word' id='word_1_643' title='bbox 2796 3458 2853 3508; x_wconf 88' lang='lat' dir='ltr'><strong>et</strong></span> <span class='ocrx_word' id='word_1_644' title='bbox 2879 3457 3137 3525; x_wconf 67' lang='lat' dir='ltr'><strong>praestat.</strong></span> <span class='ocrx_word' id='word_1_645' title='bbox 3165 3457 3314 3510; x_wconf 88' lang='lat' dir='ltr'><strong>Nam</strong></span> <span class='ocrx_word' id='word_1_646' title='bbox 3342 3470 3478 3526; x_wconf 86' lang='lat' dir='ltr'><strong>pro-</strong></span> 
     </span>
    </p>
   </div>
   <div class='ocr_carea' id='block_1_80' title="bbox 1821 3541 3484 3615">
    <p class='ocr_par' dir='ltr' id='par_1_80' title="bbox 1821 3541 3484 3615">
     <span class='ocr_line' id='line_1_80' title="bbox 1821 3541 3484 3615; baseline 0.004 -19"><span class='ocrx_word' id='word_1_647' title='bbox 1821 3542 2098 3614; x_wconf 88' lang='lat' dir='ltr'><strong>prietates</strong></span> <span class='ocrx_word' id='word_1_648' title='bbox 2120 3541 2552 3597; x_wconf 86' lang='lat' dir='ltr'><strong>elementorum</strong></span> <span class='ocrx_word' id='word_1_649' title='bbox 2583 3548 2722 3598; x_wconf 88' lang='lat' dir='ltr'><strong>sunt</strong></span> <span class='ocrx_word' id='word_1_650' title='bbox 2750 3547 2968 3600; x_wconf 89' lang='lat' dir='ltr'><strong>natura</strong></span> <span class='ocrx_word' id='word_1_651' title='bbox 2999 3544 3380 3615; x_wconf 87' lang='lat' dir='ltr'><strong>posteriores.</strong></span> <span class='ocrx_word' id='word_1_652' title='bbox 3410 3550 3484 3602; x_wconf 80' lang='lat' dir='ltr'><strong>At</strong></span> 
     </span>
    </p>
   </div>
   <div class='ocr_carea' id='block_1_81' title="bbox 1823 3631 3482 3703">
    <p class='ocr_par' dir='ltr' id='par_1_81' title="bbox 1823 3631 3482 3703">
     <span class='ocr_line' id='line_1_81' title="bbox 1823 3631 3482 3703; baseline 0.002 -17"><span class='ocrx_word' id='word_1_653' title='bbox 1823 3631 2329 3702; x_wconf 89' lang='lat' dir='ltr'><strong>temperationum</strong></span> <span class='ocrx_word' id='word_1_654' title='bbox 2356 3631 2746 3703; x_wconf 86' lang='lat' dir='ltr'><strong>prOprietates</strong></span> <span class='ocrx_word' id='word_1_655' title='bbox 2767 3637 2824 3688; x_wconf 90' lang='lat' dir='ltr'><strong>et</strong></span> <span class='ocrx_word' id='word_1_656' title='bbox 2842 3633 2902 3688; x_wconf 89' lang='lat' dir='ltr'><strong>in</strong></span> <span class='ocrx_word' id='word_1_657' title='bbox 2929 3633 3239 3690; x_wconf 91' lang='lat' dir='ltr'><strong>elementis</strong></span> <span class='ocrx_word' id='word_1_658' title='bbox 3266 3638 3323 3690; x_wconf 88' lang='lat' dir='ltr'><strong>et</strong></span> <span class='ocrx_word' id='word_1_659' title='bbox 3341 3650 3482 3690; x_wconf 90' lang='lat' dir='ltr'><strong>cum</strong></span> 
     </span>
    </p>
   </div>
   <div class='ocr_carea' id='block_1_82' title="bbox 1823 3719 3485 3792">
    <p class='ocr_par' dir='ltr' id='par_1_82' title="bbox 1823 3719 3485 3792">
     <span class='ocr_line' id='line_1_82' title="bbox 1823 3719 3485 3792; baseline 0.002 -17"><span class='ocrx_word' id='word_1_660' title='bbox 1823 3719 2130 3775; x_wconf 79' lang='lat' dir='ltr'><strong>elementis</strong></span> <span class='ocrx_word' id='word_1_661' title='bbox 2162 3725 2318 3775; x_wconf 90' lang='lat' dir='ltr'><strong>sunt.</strong></span> <span class='ocrx_word' id='word_1_662' title='bbox 2355 3722 2748 3792; x_wconf 81' lang='lat' dir='ltr'><strong>PrOprietates</strong></span> <span class='ocrx_word' id='word_1_663' title='bbox 2806 3737 2946 3777; x_wconf 89' lang='lat' dir='ltr'><strong>vero</strong></span> <span class='ocrx_word' id='word_1_664' title='bbox 2990 3722 3318 3778; x_wconf 81' lang='lat' dir='ltr'><strong>humerum</strong></span> <span class='ocrx_word' id='word_1_665' title='bbox 3345 3727 3485 3778; x_wconf 91' lang='lat' dir='ltr'><strong>sunt</strong></span> 
     </span>
    </p>
   </div>
   <div class='ocr_carea' id='block_1_83' title="bbox 1825 3808 3477 3881">
    <p class='ocr_par' dir='ltr' id='par_1_83' title="bbox 1825 3808 3477 3881">
     <span class='ocr_line' id='line_1_83' title="bbox 1825 3808 3477 3881; baseline -0.001 -18"><span class='ocrx_word' id='word_1_666' title='bbox 1825 3823 1962 3863; x_wconf 91' lang='lat' dir='ltr'><strong>cum</strong></span> <span class='ocrx_word' id='word_1_667' title='bbox 1992 3808 2526 3881; x_wconf 85' lang='lat' dir='ltr'><strong>temperationibus</strong></span> <span class='ocrx_word' id='word_1_668' title='bbox 2553 3815 2732 3880; x_wconf 88' lang='lat' dir='ltr'><strong>atque</strong></span> <span class='ocrx_word' id='word_1_669' title='bbox 2756 3810 2909 3865; x_wconf 89' lang='lat' dir='ltr'><strong>adeo</strong></span> <span class='ocrx_word' id='word_1_670' title='bbox 2925 3825 3064 3864; x_wconf 89' lang='lat' dir='ltr'><strong>cum</strong></span> <span class='ocrx_word' id='word_1_671' title='bbox 3088 3810 3477 3866; x_wconf 88' lang='lat' dir='ltr'><strong>animalibus.</strong></span> 
     </span>
    </p>
   </div>
   <div class='ocr_carea' id='block_1_84' title="bbox 1824 3897 3480 3970">
    <p class='ocr_par' dir='ltr' id='par_1_84' title="bbox 1824 3897 3480 3970">
     <span class='ocr_line' id='line_1_84' title="bbox 1824 3897 3480 3970; baseline 0.004 -20"><span class='ocrx_word' id='word_1_672' title='bbox 1824 3897 2154 3968; x_wconf 86' lang='lat' dir='ltr'><strong>Proprietas</strong></span> <span class='ocrx_word' id='word_1_673' title='bbox 2167 3897 2426 3968; x_wconf 89' lang='lat' dir='ltr'><strong>denique</strong></span> <span class='ocrx_word' id='word_1_674' title='bbox 2436 3903 2524 3952; x_wconf 89' lang='lat' dir='ltr'><strong>est</strong></span> <span class='ocrx_word' id='word_1_675' title='bbox 2540 3898 2783 3969; x_wconf 87' lang='lat' dir='ltr'><strong>ubique.</strong></span> <span class='ocrx_word' id='word_1_676' title='bbox 2802 3901 2938 3954; x_wconf 83' lang='lat' dir='ltr'><strong>Nam</strong></span> <span class='ocrx_word' id='word_1_677' title='bbox 2954 3899 3284 3970; x_wconf 88' lang='lat' dir='ltr'><strong>proprietas</strong></span> <span class='ocrx_word' id='word_1_678' title='bbox 3296 3914 3480 3956; x_wconf 89' lang='lat' dir='ltr'><strong>secun</strong></span> 
     </span>
    </p>
   </div>
   <div class='ocr_carea' id='block_1_85' title="bbox 1823 3985 3476 4059">
    <p class='ocr_par' dir='ltr' id='par_1_85' title="bbox 1823 3985 3476 4059">
     <span class='ocr_line' id='line_1_85' title="bbox 1823 3985 3476 4059; baseline 0.002 -19"><span class='ocrx_word' id='word_1_679' title='bbox 1823 3986 1971 4040; x_wconf 89' lang='lat' dir='ltr'><strong>dum</strong></span> <span class='ocrx_word' id='word_1_680' title='bbox 1999 3986 2060 4040; x_wconf 90' lang='lat' dir='ltr'><strong>id</strong></span> <span class='ocrx_word' id='word_1_681' title='bbox 2081 3986 2245 4057; x_wconf 89' lang='lat' dir='ltr'><strong>quod</strong></span> <span class='ocrx_word' id='word_1_682' title='bbox 2261 3991 2353 4040; x_wconf 89' lang='lat' dir='ltr'><strong>est</strong></span> <span class='ocrx_word' id='word_1_683' title='bbox 2371 3986 2564 4056; x_wconf 88' lang='lat' dir='ltr'><strong>magis</strong></span> <span class='ocrx_word' id='word_1_684' title='bbox 2591 3985 2896 4058; x_wconf 87' lang='lat' dir='ltr'><strong>ecpulabit</strong></span> <span class='ocrx_word' id='word_1_685' title='bbox 2912 3990 3133 4042; x_wconf 88' lang='lat' dir='ltr'><strong>terram</strong></span> <span class='ocrx_word' id='word_1_686' title='bbox 3151 3993 3208 4042; x_wconf 90' lang='lat' dir='ltr'><strong>et</strong></span> <span class='ocrx_word' id='word_1_687' title='bbox 3226 4003 3476 4059; x_wconf 90' lang='lat' dir='ltr'><strong>aquam,</strong></span> 
     </span>
    </p>
   </div>
   <div class='ocr_carea' id='block_1_86' title="bbox 1824 4075 3478 4148">
    <p class='ocr_par' dir='ltr' id='par_1_86' title="bbox 1824 4075 3478 4148">
     <span class='ocr_line' id='line_1_86' title="bbox 1824 4075 3478 4148; baseline 0.001 -19"><span class='ocrx_word' id='word_1_688' title='bbox 1824 4075 2026 4143; x_wconf 90' lang='lat' dir='ltr'><strong>ignem</strong></span> <span class='ocrx_word' id='word_1_689' title='bbox 2053 4079 2108 4129; x_wconf 90' lang='lat' dir='ltr'><strong>et</strong></span> <span class='ocrx_word' id='word_1_690' title='bbox 2133 4089 2355 4143; x_wconf 88' lang='lat' dir='ltr'><strong>aerem,</strong></span> <span class='ocrx_word' id='word_1_691' title='bbox 2383 4089 2606 4146; x_wconf 89' lang='lat' dir='ltr'><strong>aquam</strong></span> <span class='ocrx_word' id='word_1_692' title='bbox 2621 4081 3060 4148; x_wconf 68' lang='lat' dir='ltr'><strong>etaerem,qum</strong></span> <span class='ocrx_word' id='word_1_693' title='bbox 3079 4076 3325 4147; x_wconf 90' lang='lat' dir='ltr'><strong>quidem</strong></span> <span class='ocrx_word' id='word_1_694' title='bbox 3353 4080 3478 4132; x_wconf 90' lang='lat' dir='ltr'><strong>tota</strong></span> 
     </span>
    </p>
   </div>
   <div class='ocr_carea' id='block_1_87' title="bbox 1826 4163 3478 4235">
    <p class='ocr_par' dir='ltr' id='par_1_87' title="bbox 1826 4163 3478 4235">
     <span class='ocr_line' id='line_1_87' title="bbox 1826 4163 3478 4235; baseline 0.001 -17"><span class='ocrx_word' id='word_1_695' title='bbox 1826 4179 1964 4218; x_wconf 91' lang='lat' dir='ltr'><strong>cum</strong></span> <span class='ocrx_word' id='word_1_696' title='bbox 1991 4164 2126 4220; x_wconf 89' lang='lat' dir='ltr'><strong>totis</strong></span> <span class='ocrx_word' id='word_1_697' title='bbox 2149 4163 2505 4235; x_wconf 87' lang='lat' dir='ltr'><strong>copulantur</strong></span> <span class='ocrx_word' id='word_1_698' title='bbox 2529 4163 2694 4220; x_wconf 89' lang='lat' dir='ltr'><strong>nullo</strong></span> <span class='ocrx_word' id='word_1_699' title='bbox 2707 4164 3100 4220; x_wconf 88' lang='lat' dir='ltr'><strong>intercedente</strong></span> <span class='ocrx_word' id='word_1_700' title='bbox 3122 4165 3341 4232; x_wconf 88' lang='lat' dir='ltr'><strong>medio,</strong></span> <span class='ocrx_word' id='word_1_701' title='bbox 3371 4180 3478 4220; x_wconf 82' lang='lat' dir='ltr'><strong>seu</strong></span> 
     </span>
    </p>
   </div>
   <div class='ocr_carea' id='block_1_88' title="bbox 1826 4253 3479 4326">
    <p class='ocr_par' dir='ltr' id='par_1_88' title="bbox 1826 4253 3479 4326">
     <span class='ocr_line' id='line_1_88' title="bbox 1826 4253 3479 4326; baseline 0.001 -18"><span class='ocrx_word' id='word_1_702' title='bbox 1826 4253 1959 4326; x_wconf 90' lang='lat' dir='ltr'><strong>ipsa</strong></span> <span class='ocrx_word' id='word_1_703' title='bbox 1981 4268 2186 4308; x_wconf 90' lang='lat' dir='ltr'><strong>secum</strong></span> <span class='ocrx_word' id='word_1_704' title='bbox 2207 4269 2313 4324; x_wconf 90' lang='lat' dir='ltr'><strong>per</strong></span> <span class='ocrx_word' id='word_1_705' title='bbox 2339 4253 2744 4308; x_wconf 90' lang='lat' dir='ltr'><strong>secundumid</strong></span> <span class='ocrx_word' id='word_1_706' title='bbox 2769 4254 2933 4326; x_wconf 89' lang='lat' dir='ltr'><strong>quod</strong></span> <span class='ocrx_word' id='word_1_707' title='bbox 2964 4255 3156 4324; x_wconf 88' lang='lat' dir='ltr'><strong>magis</strong></span> <span class='ocrx_word' id='word_1_708' title='bbox 3186 4259 3274 4310; x_wconf 89' lang='lat' dir='ltr'><strong>est</strong></span> <span class='ocrx_word' id='word_1_709' title='bbox 3292 4261 3347 4311; x_wconf 92' lang='lat' dir='ltr'><strong>et</strong></span> <span class='ocrx_word' id='word_1_710' title='bbox 3368 4254 3479 4310; x_wconf 88' lang='lat' dir='ltr'><strong>mi-</strong></span> 
     </span>
    </p>
   </div>
   <div class='ocr_carea' id='block_1_89' title="bbox 1826 4342 3478 4414">
    <p class='ocr_par' dir='ltr' id='par_1_89' title="bbox 1826 4342 3478 4414">
     <span class='ocr_line' id='line_1_89' title="bbox 1826 4342 3478 4414; baseline 0 -16"><span class='ocrx_word' id='word_1_711' title='bbox 1826 4359 1962 4399; x_wconf 85' lang='lat' dir='ltr'><strong>nus.</strong></span> <span class='ocrx_word' id='word_1_712' title='bbox 1977 4345 2191 4413; x_wconf 88' lang='lat' dir='ltr'><strong>Magna</strong></span> <span class='ocrx_word' id='word_1_713' title='bbox 2202 4343 2480 4412; x_wconf 87' lang='lat' dir='ltr'><strong>estigitur</strong></span> <span class='ocrx_word' id='word_1_714' title='bbox 2493 4343 2868 4414; x_wconf 87' lang='lat' dir='ltr'><strong>proprietatis</strong></span> <span class='ocrx_word' id='word_1_715' title='bbox 2885 4343 2975 4398; x_wconf 88' lang='lat' dir='ltr'><strong>vis</strong></span> <span class='ocrx_word' id='word_1_716' title='bbox 2989 4348 3047 4399; x_wconf 92' lang='lat' dir='ltr'><strong>et</strong></span> <span class='ocrx_word' id='word_1_717' title='bbox 3057 4342 3328 4400; x_wconf 78' lang='lat' dir='ltr'><strong>facultas.</strong></span> <span class='ocrx_word' id='word_1_718' title='bbox 3345 4347 3478 4400; x_wconf 74' lang='lat' dir='ltr'><strong>Haec</strong></span> 
     </span>
    </p>
   </div>
   <div class='ocr_carea' id='block_1_90' title="bbox 1828 4431 3480 4504">
    <p class='ocr_par' dir='ltr' id='par_1_90' title="bbox 1828 4431 3480 4504">
     <span class='ocr_line' id='line_1_90' title="bbox 1828 4431 3480 4504; baseline 0.001 -18"><span class='ocrx_word' id='word_1_719' title='bbox 1828 4432 1976 4487; x_wconf 91' lang='lat' dir='ltr'><strong>enim</strong></span> <span class='ocrx_word' id='word_1_720' title='bbox 1989 4431 2232 4504; x_wconf 82' lang='lat' dir='ltr'><strong>proprio</strong></span> <span class='ocrx_word' id='word_1_721' title='bbox 2245 4432 2418 4488; x_wconf 91' lang='lat' dir='ltr'><strong>modo</strong></span> <span class='ocrx_word' id='word_1_722' title='bbox 2430 4447 2533 4504; x_wconf 89' lang='lat' dir='ltr'><strong>per</strong></span> <span class='ocrx_word' id='word_1_723' title='bbox 2545 4432 2996 4504; x_wconf 85' lang='lat' dir='ltr'><strong>temperationes</strong></span> <span class='ocrx_word' id='word_1_724' title='bbox 3006 4433 3190 4490; x_wconf 88' lang='lat' dir='ltr'><strong>univit</strong></span> <span class='ocrx_word' id='word_1_725' title='bbox 3202 4433 3480 4490; x_wconf 83' lang='lat' dir='ltr'><strong>elementa</strong></span> 
     </span>
    </p>
   </div>
   <div class='ocr_carea' id='block_1_91' title="bbox 1826 4520 3481 4595">
    <p class='ocr_par' dir='ltr' id='par_1_91' title="bbox 1826 4520 3481 4595">
     <span class='ocr_line' id='line_1_91' title="bbox 1826 4520 3481 4595; baseline 0.002 -19"><span class='ocrx_word' id='word_1_726' title='bbox 1826 4537 1958 4576; x_wconf 90' lang='lat' dir='ltr'><strong>cum</strong></span> <span class='ocrx_word' id='word_1_727' title='bbox 1981 4520 2392 4588; x_wconf 89' lang='lat' dir='ltr'><strong>animantibus,</strong></span> <span class='ocrx_word' id='word_1_728' title='bbox 2426 4521 2901 4595; x_wconf 83' lang='lat' dir='ltr'><strong>quandoquidem</strong></span> <span class='ocrx_word' id='word_1_729' title='bbox 2942 4525 3392 4595; x_wconf 88' lang='lat' dir='ltr'><strong>temperationes</strong></span> <span class='ocrx_word' id='word_1_730' title='bbox 3423 4528 3481 4579; x_wconf 92' lang='lat' dir='ltr'><strong>et</strong></span> 
     </span>
    </p>
   </div>
   <div class='ocr_carea' id='block_1_92' title="bbox 91 4608 3480 4687">
    <p class='ocr_par' dir='ltr' id='par_1_92' title="bbox 91 4608 3480 4687">
     <span class='ocr_line' id='line_1_92' title="bbox 91 4608 3480 4687; baseline 0.001 -21"><span class='ocrx_word' id='word_1_731' title='bbox 91 4614 196 4666; x_wconf 83' lang='lat' dir='ltr'><strong>ant</strong></span> <span class='ocrx_word' id='word_1_732' title='bbox 219 4613 277 4664; x_wconf 92' lang='lat' dir='ltr'><strong>et</strong></span> <span class='ocrx_word' id='word_1_733' title='bbox 302 4608 537 4666; x_wconf 82' lang='lat' dir='ltr'><strong>diverse</strong></span> <span class='ocrx_word' id='word_1_734' title='bbox 575 4609 847 4666; x_wconf 88' lang='lat' dir='ltr'><strong>miscent.</strong></span> <span class='ocrx_word' id='word_1_735' title='bbox 893 4609 1196 4683; x_wconf 86' lang='lat' dir='ltr'><strong>Quidquid</strong></span> <span class='ocrx_word' id='word_1_736' title='bbox 1223 4610 1555 4666; x_wconf 88' lang='lat' dir='ltr'><strong>contraan</strong></span> <span class='ocrx_word' id='word_1_737' title='bbox 1581 4625 1718 4682; x_wconf 65' lang='lat' dir='ltr'><strong>quae</strong></span> <span class='ocrx_word' id='word_1_738' title='bbox 1748 4634 1792 4687; x_wconf 72' lang='grc' dir='ltr'>Β</span> <span class='ocrx_word' id='word_1_739' title='bbox 1827 4611 2111 4668; x_wconf 84' lang='lat' dir='ltr'><strong>elementa</strong></span> <span class='ocrx_word' id='word_1_740' title='bbox 2142 4609 3072 4682; x_wconf 75' lang='lat' dir='ltr'><strong>lapidibus,metallis,velleribus</strong></span> <span class='ocrx_word' id='word_1_741' title='bbox 3085 4619 3139 4668; x_wconf 92' lang='lat' dir='ltr'><strong>et</strong></span> <span class='ocrx_word' id='word_1_742' title='bbox 3161 4613 3480 4684; x_wconf 85' lang='lat' dir='ltr'><strong>plantisin-</strong></span> 
     </span>
    </p>
   </div>
   <div class='ocr_carea' id='block_1_93' title="bbox 93 4697 1718 4771">
    <p class='ocr_par' dir='ltr' id='par_1_93' title="bbox 93 4697 1718 4771">
     <span class='ocr_line' id='line_1_93' title="bbox 93 4697 1718 4771; baseline 0 -17"><span class='ocrx_word' id='word_1_743' title='bbox 93 4697 333 4754; x_wconf 61' lang='lat' dir='ltr'><strong>bimus</strong></span> <span class='ocrx_word' id='word_1_744' title='bbox 353 4697 654 4768; x_wconf 74' lang='lat' dir='ltr'><strong>afferetur,</strong></span> <span class='ocrx_word' id='word_1_745' title='bbox 682 4703 772 4754; x_wconf 87' lang='lat' dir='ltr'><strong>est</strong></span> <span class='ocrx_word' id='word_1_746' title='bbox 789 4698 1140 4771; x_wconf 84' lang='lat' dir='ltr'><strong>temperatio</strong></span> <span class='ocrx_word' id='word_1_747' title='bbox 1165 4703 1346 4770; x_wconf 90' lang='lat' dir='ltr'><strong>atque</strong></span> <span class='ocrx_word' id='word_1_748' title='bbox 1384 4698 1718 4770; x_wconf 88' lang='lat' dir='ltr'><strong>proprietas</strong></span> 
     </span>
    </p>
   </div>
   <div class='ocr_carea' id='block_1_94' title="bbox 97 4785 1719 4859">
    <p class='ocr_par' dir='ltr' id='par_1_94' title="bbox 97 4785 1719 4859">
     <span class='ocr_line' id='line_1_94' title="bbox 97 4785 1719 4859; baseline 0.001 -17"><span class='ocrx_word' id='word_1_749' title='bbox 97 4785 476 4859; x_wconf 77' lang='lat' dir='ltr'><strong>alapidibus,</strong></span> <span class='ocrx_word' id='word_1_750' title='bbox 503 4786 759 4842; x_wconf 88' lang='lat' dir='ltr'><strong>metallis</strong></span> <span class='ocrx_word' id='word_1_751' title='bbox 797 4791 854 4842; x_wconf 90' lang='lat' dir='ltr'><strong>et</strong></span> <span class='ocrx_word' id='word_1_752' title='bbox 891 4787 1130 4859; x_wconf 86' lang='lat' dir='ltr'><strong>plantis.</strong></span> <span class='ocrx_word' id='word_1_753' title='bbox 1172 4790 1322 4843; x_wconf 87' lang='lat' dir='ltr'><strong>Nam</strong></span> <span class='ocrx_word' id='word_1_754' title='bbox 1343 4787 1719 4858; x_wconf 87' lang='lat' dir='ltr'><strong>temperatio-</strong></span> 
     </span>
    </p>
   </div>
   <div class='ocr_carea' id='block_1_95' title="bbox 100 4875 1716 4948">
    <p class='ocr_par' dir='ltr' id='par_1_95' title="bbox 100 4875 1716 4948">
     <span class='ocr_line' id='line_1_95' title="bbox 100 4875 1716 4948; baseline 0.001 -17"><span class='ocrx_word' id='word_1_755' title='bbox 100 4890 209 4931; x_wconf 59' lang='lat' dir='ltr'><strong>:em</strong></span> <span class='ocrx_word' id='word_1_756' title='bbox 239 4890 379 4931; x_wconf 90' lang='lat' dir='ltr'><strong>cum</strong></span> <span class='ocrx_word' id='word_1_757' title='bbox 401 4875 832 4947; x_wconf 84' lang='lat' dir='ltr'><strong>temperatione</strong></span> <span class='ocrx_word' id='word_1_758' title='bbox 863 4876 1071 4932; x_wconf 88' lang='lat' dir='ltr'><strong>miscet</strong></span> <span class='ocrx_word' id='word_1_759' title='bbox 1093 4876 1446 4948; x_wconf 85' lang='lat' dir='ltr'><strong>proprietas,</strong></span> <span class='ocrx_word' id='word_1_760' title='bbox 1479 4875 1716 4932; x_wconf 88' lang='lat' dir='ltr'><strong>eadem-</strong></span> 
     </span>
    </p>
   </div>
   <div class='ocr_carea' id='block_1_96' title="bbox 102 4965 1719 5037">
    <p class='ocr_par' dir='ltr' id='par_1_96' title="bbox 102 4965 1719 5037">
     <span class='ocr_line' id='line_1_96' title="bbox 102 4965 1719 5037; baseline 0 -17"><span class='ocrx_word' id='word_1_761' title='bbox 102 4981 185 5022; x_wconf 77' lang='lat' dir='ltr'><strong>ne</strong></span> <span class='ocrx_word' id='word_1_762' title='bbox 217 4969 459 5036; x_wconf 88' lang='lat' dir='ltr'><strong>separat</strong></span> <span class='ocrx_word' id='word_1_763' title='bbox 478 4965 973 5036; x_wconf 89' lang='lat' dir='ltr'><strong>temperationem</strong></span> <span class='ocrx_word' id='word_1_764' title='bbox 994 4981 1030 5021; x_wconf 87' lang='lat' dir='ltr'><strong>a</strong></span> <span class='ocrx_word' id='word_1_765' title='bbox 1080 4965 1529 5037; x_wconf 88' lang='lat' dir='ltr'><strong>temperatione.</strong></span> <span class='ocrx_word' id='word_1_766' title='bbox 1554 4968 1719 5021; x_wconf 91' lang='lat' dir='ltr'><strong>Tem-</strong></span> 
     </span>
    </p>
   </div>
   <div class='ocr_carea' id='block_1_97' title="bbox 104 5053 1723 5126">
    <p class='ocr_par' dir='ltr' id='par_1_97' title="bbox 104 5053 1723 5126">
     <span class='ocr_line' id='line_1_97' title="bbox 104 5053 1723 5126; baseline 0 -16"><span class='ocrx_word' id='word_1_767' title='bbox 104 5053 407 5110; x_wconf 84' lang='lat' dir='ltr'><strong>erationes</strong></span> <span class='ocrx_word' id='word_1_768' title='bbox 417 5053 571 5109; x_wconf 89' lang='lat' dir='ltr'><strong>enim</strong></span> <span class='ocrx_word' id='word_1_769' title='bbox 593 5058 732 5110; x_wconf 87' lang='lat' dir='ltr'><strong>sunt</strong></span> <span class='ocrx_word' id='word_1_770' title='bbox 743 5053 804 5109; x_wconf 91' lang='lat' dir='ltr'><strong>in</strong></span> <span class='ocrx_word' id='word_1_771' title='bbox 816 5059 1030 5110; x_wconf 87' lang='lat' dir='ltr'><strong>natura</strong></span> <span class='ocrx_word' id='word_1_772' title='bbox 1044 5070 1058 5109; x_wconf 91' lang='lat'><strong>:</strong></span> <span class='ocrx_word' id='word_1_773' title='bbox 1071 5054 1350 5126; x_wconf 88' lang='lat' dir='ltr'><strong>quoniam</strong></span> <span class='ocrx_word' id='word_1_774' title='bbox 1362 5054 1723 5126; x_wconf 74' lang='lat' dir='ltr'><strong>participant</strong></span> 
     </span>
    </p>
   </div>
   <div class='ocr_carea' id='block_1_98' title="bbox 106 5142 1724 5215">
    <p class='ocr_par' dir='ltr' id='par_1_98' title="bbox 106 5142 1724 5215">
     <span class='ocr_line' id='line_1_98' title="bbox 106 5142 1724 5215; baseline 0 -15"><span class='ocrx_word' id='word_1_775' title='bbox 106 5142 232 5201; x_wconf 84' lang='lat' dir='ltr'><strong>lam</strong></span> <span class='ocrx_word' id='word_1_776' title='bbox 254 5142 847 5215; x_wconf 87' lang='lat' dir='ltr'><strong>communicantque,</strong></span> <span class='ocrx_word' id='word_1_777' title='bbox 861 5143 1383 5214; x_wconf 89' lang='lat' dir='ltr'><strong>quemadmodum</strong></span> <span class='ocrx_word' id='word_1_778' title='bbox 1399 5144 1577 5201; x_wconf 90' lang='lat' dir='ltr'><strong>etiam</strong></span> <span class='ocrx_word' id='word_1_779' title='bbox 1609 5143 1724 5202; x_wconf 90' lang='lat' dir='ltr'><strong>ele-</strong></span> 
     </span>
    </p>
   </div>
   <div class='ocr_carea' id='block_1_99' title="bbox 107 5231 1722 5303">
    <p class='ocr_par' dir='ltr' id='par_1_99' title="bbox 107 5231 1722 5303">
     <span class='ocr_line' id='line_1_99' title="bbox 107 5231 1722 5303; baseline 0.001 -14"><span class='ocrx_word' id='word_1_780' title='bbox 107 5235 296 5289; x_wconf 71' lang='lat' dir='ltr'><strong>Ienta.</strong></span> <span class='ocrx_word' id='word_1_781' title='bbox 329 5231 444 5288; x_wconf 88' lang='lat' dir='ltr'><strong>Sed</strong></span> <span class='ocrx_word' id='word_1_782' title='bbox 458 5231 792 5303; x_wconf 86' lang='lat' dir='ltr'><strong>proprietas</strong></span> <span class='ocrx_word' id='word_1_783' title='bbox 807 5232 1304 5288; x_wconf 87' lang='lat' dir='ltr'><strong>communitatem</strong></span> <span class='ocrx_word' id='word_1_784' title='bbox 1331 5232 1498 5289; x_wconf 88' lang='lat' dir='ltr'><strong>illam</strong></span> <span class='ocrx_word' id='word_1_785' title='bbox 1511 5233 1722 5290; x_wconf 86' lang='lat' dir='ltr'><strong>distra-</strong></span> 
     </span>
    </p>
   </div>
   <div class='ocr_carea' id='block_1_100' title="bbox 111 5321 1723 5395">
    <p class='ocr_par' dir='ltr' id='par_1_100' title="bbox 111 5321 1723 5395">
     <span class='ocr_line' id='line_1_100' title="bbox 111 5321 1723 5395; baseline 0.001 -17"><span class='ocrx_word' id='word_1_786' title='bbox 111 5321 160 5378; x_wconf 82' lang='lat' dir='ltr'><strong>it</strong></span> <span class='ocrx_word' id='word_1_787' title='bbox 181 5321 245 5377; x_wconf 89' lang='lat' dir='ltr'><strong>in</strong></span> <span class='ocrx_word' id='word_1_788' title='bbox 257 5326 460 5393; x_wconf 87' lang='lat' dir='ltr'><strong>partes</strong></span> <span class='ocrx_word' id='word_1_789' title='bbox 469 5360 482 5375; x_wconf 92' lang='lat'><strong>.</strong></span> <span class='ocrx_word' id='word_1_790' title='bbox 495 5324 708 5392; x_wconf 77' lang='lat' dir='ltr'><strong>Magna</strong></span> <span class='ocrx_word' id='word_1_791' title='bbox 718 5322 878 5378; x_wconf 91' lang='lat' dir='ltr'><strong>enim</strong></span> <span class='ocrx_word' id='word_1_792' title='bbox 891 5326 980 5378; x_wconf 85' lang='lat' dir='ltr'><strong>est</strong></span> <span class='ocrx_word' id='word_1_793' title='bbox 990 5323 1370 5395; x_wconf 88' lang='lat' dir='ltr'><strong>proprietatis</strong></span> <span class='ocrx_word' id='word_1_794' title='bbox 1381 5323 1475 5380; x_wconf 87' lang='lat' dir='ltr'><strong>vis</strong></span> <span class='ocrx_word' id='word_1_795' title='bbox 1496 5327 1554 5380; x_wconf 90' lang='lat' dir='ltr'><strong>et</strong></span> <span class='ocrx_word' id='word_1_796' title='bbox 1565 5323 1723 5380; x_wconf 90' lang='lat' dir='ltr'><strong>miri-</strong></span> 
     </span>
    </p>
   </div>
   <div class='ocr_carea' id='block_1_101' title="bbox 113 5409 1723 5485">
    <p class='ocr_par' dir='ltr' id='par_1_101' title="bbox 113 5409 1723 5485">
     <span class='ocr_line' id='line_1_101' title="bbox 113 5409 1723 5485; baseline 0 -17"><span class='ocrx_word' id='word_1_797' title='bbox 113 5425 211 5480; x_wconf 81' lang='lat' dir='ltr'><strong>ce,</strong></span> <span class='ocrx_word' id='word_1_798' title='bbox 238 5425 376 5482; x_wconf 63' lang='lat' dir='ltr'><strong>qua</strong></span> <span class='ocrx_word' id='word_1_799' title='bbox 404 5425 530 5468; x_wconf 89' lang='lat' dir='ltr'><strong>non</strong></span> <span class='ocrx_word' id='word_1_800' title='bbox 558 5409 758 5467; x_wconf 87' lang='lat' dir='ltr'><strong>solum</strong></span> <span class='ocrx_word' id='word_1_801' title='bbox 781 5411 1012 5483; x_wconf 82' lang='lat' dir='ltr'><strong>lapides</strong></span> <span class='ocrx_word' id='word_1_802' title='bbox 1032 5427 1070 5468; x_wconf 91' lang='lat' dir='ltr'><strong>a</strong></span> <span class='ocrx_word' id='word_1_803' title='bbox 1125 5412 1380 5469; x_wconf 86' lang='lat' dir='ltr'><strong>metallis</strong></span> <span class='ocrx_word' id='word_1_804' title='bbox 1401 5417 1458 5469; x_wconf 90' lang='lat' dir='ltr'><strong>et</strong></span> <span class='ocrx_word' id='word_1_805' title='bbox 1481 5413 1723 5485; x_wconf 86' lang='lat' dir='ltr'><strong>plantas</strong></span> 
     </span>
    </p>
   </div>
   <div class='ocr_carea' id='block_1_102' title="bbox 115 5498 1726 5575">
    <p class='ocr_par' dir='ltr' id='par_1_102' title="bbox 115 5498 1726 5575">
     <span class='ocr_line' id='line_1_102' title="bbox 115 5498 1726 5575; baseline 0.002 -18"><span class='ocrx_word' id='word_1_806' title='bbox 115 5498 154 5557; x_wconf 89' lang='lat' dir='ltr'><strong>b</strong></span> <span class='ocrx_word' id='word_1_807' title='bbox 184 5499 339 5572; x_wconf 82' lang='lat' dir='ltr'><strong>aliis,</strong></span> <span class='ocrx_word' id='word_1_808' title='bbox 366 5503 425 5558; x_wconf 89' lang='lat' dir='ltr'><strong>et</strong></span> <span class='ocrx_word' id='word_1_809' title='bbox 451 5515 490 5558; x_wconf 89' lang='lat' dir='ltr'><strong>a</strong></span> <span class='ocrx_word' id='word_1_810' title='bbox 523 5499 747 5573; x_wconf 85' lang='lat' dir='ltr'><strong>plantis</strong></span> <span class='ocrx_word' id='word_1_811' title='bbox 790 5499 894 5558; x_wconf 88' lang='lat' dir='ltr'><strong>illa</strong></span> <span class='ocrx_word' id='word_1_812' title='bbox 944 5515 1081 5574; x_wconf 71' lang='lat' dir='ltr'><strong>quae</strong></span> <span class='ocrx_word' id='word_1_813' title='bbox 1134 5501 1324 5558; x_wconf 63' lang='lat' dir='ltr'><strong>Graeci</strong></span> <span class='ocrx_word' id='word_1_814' title='bbox 1361 5499 1601 5574; x_wconf 78' lang='grc' dir='ltr'>ξωόφυτα</span> <span class='ocrx_word' id='word_1_815' title='bbox 1624 5518 1726 5575; x_wconf 88' lang='lat' dir='ltr'><strong>ap-</strong></span> 
     </span>
    </p>
   </div>
   <div class='ocr_carea' id='block_1_103' title="bbox 117 5588 1726 5664">
    <p class='ocr_par' dir='ltr' id='par_1_103' title="bbox 117 5588 1726 5664">
     <span class='ocr_line' id='line_1_103' title="bbox 117 5588 1726 5664; baseline 0 -16"><span class='ocrx_word' id='word_1_816' title='bbox 117 5588 318 5659; x_wconf 81' lang='lat' dir='ltr'><strong>ellant,</strong></span> <span class='ocrx_word' id='word_1_817' title='bbox 369 5594 614 5663; x_wconf 84' lang='lat' dir='ltr'><strong>separat</strong></span> <span class='ocrx_word' id='word_1_818' title='bbox 658 5604 768 5662; x_wconf 83' lang='lat' dir='ltr'><strong>per</strong></span> <span class='ocrx_word' id='word_1_819' title='bbox 810 5589 1306 5662; x_wconf 86' lang='lat' dir='ltr'><strong>temperationem</strong></span> <span class='ocrx_word' id='word_1_820' title='bbox 1347 5606 1488 5664; x_wconf 66' lang='lat' dir='ltr'><strong>quas</strong></span> <span class='ocrx_word' id='word_1_821' title='bbox 1546 5594 1638 5648; x_wconf 88' lang='lat' dir='ltr'><strong>est</strong></span> <span class='ocrx_word' id='word_1_822' title='bbox 1663 5591 1726 5648; x_wconf 89' lang='lat' dir='ltr'><strong>in</strong></span> 
     </span>
    </p>
   </div>
   <div class='ocr_carea' id='block_1_104' title="bbox 119 5678 1728 5754">
    <p class='ocr_par' dir='ltr' id='par_1_104' title="bbox 119 5678 1728 5754">
     <span class='ocr_line' id='line_1_104' title="bbox 119 5678 1728 5754; baseline 0.001 -14"><span class='ocrx_word' id='word_1_823' title='bbox 119 5678 550 5753; x_wconf 66' lang='lat' dir='ltr'><strong>inmaniusun</strong></span> <span class='ocrx_word' id='word_1_824' title='bbox 573 5679 664 5738; x_wconf 80' lang='lat' dir='ltr'><strong>rei</strong></span> <span class='ocrx_word' id='word_1_825' title='bbox 685 5693 926 5752; x_wconf 76' lang='lat' dir='ltr'><strong>genere,</strong></span> <span class='ocrx_word' id='word_1_826' title='bbox 951 5679 1126 5751; x_wconf 78' lang='lat' dir='ltr'><strong>cujus</strong></span> <span class='ocrx_word' id='word_1_827' title='bbox 1179 5679 1470 5741; x_wconf 81' lang='lat' dir='ltr'><strong>nimirum</strong></span> <span class='ocrx_word' id='word_1_828' title='bbox 1497 5680 1728 5754; x_wconf 76' lang='lat' dir='ltr'><strong>species</strong></span> 
     </span>
    </p>
   </div>
   <div class='ocr_carea' id='block_1_105' title="bbox 1828 4699 3478 4773">
    <p class='ocr_par' dir='ltr' id='par_1_105' title="bbox 1828 4699 3478 4773">
     <span class='ocr_line' id='line_1_105' title="bbox 1828 4699 3478 4773; baseline 0 -17"><span class='ocrx_word' id='word_1_829' title='bbox 1828 4703 2142 4757; x_wconf 86' lang='lat' dir='ltr'><strong>sunt.Nam</strong></span> <span class='ocrx_word' id='word_1_830' title='bbox 2153 4699 2257 4756; x_wconf 89' lang='lat' dir='ltr'><strong>ubi</strong></span> <span class='ocrx_word' id='word_1_831' title='bbox 2268 4705 2476 4756; x_wconf 89' lang='lat' dir='ltr'><strong>esttem</strong></span> <span class='ocrx_word' id='word_1_832' title='bbox 2485 4701 2709 4773; x_wconf 89' lang='lat' dir='ltr'><strong>peratio</strong></span> <span class='ocrx_word' id='word_1_833' title='bbox 2721 4701 2805 4756; x_wconf 88' lang='lat' dir='ltr'><strong>ibi</strong></span> <span class='ocrx_word' id='word_1_834' title='bbox 2817 4702 2996 4758; x_wconf 76' lang='lat' dir='ltr'><strong>etiam</strong></span> <span class='ocrx_word' id='word_1_835' title='bbox 3013 4707 3149 4756; x_wconf 86' lang='lat' dir='ltr'><strong>sunt</strong></span> <span class='ocrx_word' id='word_1_836' title='bbox 3162 4701 3478 4768; x_wconf 89' lang='lat' dir='ltr'><strong>elementa,</strong></span> 
     </span>
    </p>
   </div>
   <div class='ocr_carea' id='block_1_106' title="bbox 1827 4788 3482 4861">
    <p class='ocr_par' dir='ltr' id='par_1_106' title="bbox 1827 4788 3482 4861">
     <span class='ocr_line' id='line_1_106' title="bbox 1827 4788 3482 4861; baseline 0 -17"><span class='ocrx_word' id='word_1_837' title='bbox 1827 4789 2106 4861; x_wconf 85' lang='lat' dir='ltr'><strong>quoniam</strong></span> <span class='ocrx_word' id='word_1_838' title='bbox 2122 4788 2182 4844; x_wconf 89' lang='lat' dir='ltr'><strong>in</strong></span> <span class='ocrx_word' id='word_1_839' title='bbox 2193 4804 2317 4861; x_wconf 92' lang='lat' dir='ltr'><strong>quo</strong></span> <span class='ocrx_word' id='word_1_840' title='bbox 2328 4789 2682 4846; x_wconf 89' lang='lat' dir='ltr'><strong>elementain</strong></span> <span class='ocrx_word' id='word_1_841' title='bbox 2695 4805 2765 4845; x_wconf 90' lang='lat' dir='ltr'><strong>eo</strong></span> <span class='ocrx_word' id='word_1_842' title='bbox 2777 4790 2949 4844; x_wconf 84' lang='lat' dir='ltr'><strong>etiam</strong></span> <span class='ocrx_word' id='word_1_843' title='bbox 2961 4793 3100 4844; x_wconf 88' lang='lat' dir='ltr'><strong>sunt</strong></span> <span class='ocrx_word' id='word_1_844' title='bbox 3115 4789 3482 4860; x_wconf 89' lang='lat' dir='ltr'><strong>temperatio-</strong></span> 
     </span>
    </p>
   </div>
   <div class='ocr_carea' id='block_1_107' title="bbox 1828 4877 3479 4950">
    <p class='ocr_par' dir='ltr' id='par_1_107' title="bbox 1828 4877 3479 4950">
     <span class='ocr_line' id='line_1_107' title="bbox 1828 4877 3479 4950; baseline 0 -17"><span class='ocrx_word' id='word_1_845' title='bbox 1828 4893 1951 4933; x_wconf 86' lang='lat' dir='ltr'><strong>nes.</strong></span> <span class='ocrx_word' id='word_1_846' title='bbox 1975 4881 2172 4949; x_wconf 87' lang='lat' dir='ltr'><strong>Porro,</strong></span> <span class='ocrx_word' id='word_1_847' title='bbox 2191 4879 2274 4933; x_wconf 88' lang='lat' dir='ltr'><strong>uti</strong></span> <span class='ocrx_word' id='word_1_848' title='bbox 2290 4877 2571 4945; x_wconf 83' lang='lat' dir='ltr'><strong>diximus,</strong></span> <span class='ocrx_word' id='word_1_849' title='bbox 2594 4878 2815 4950; x_wconf 86' lang='lat' dir='ltr'><strong>duplex</strong></span> <span class='ocrx_word' id='word_1_850' title='bbox 2833 4883 2922 4933; x_wconf 90' lang='lat' dir='ltr'><strong>est</strong></span> <span class='ocrx_word' id='word_1_851' title='bbox 2947 4878 3326 4949; x_wconf 85' lang='lat' dir='ltr'><strong>temperatio;</strong></span> <span class='ocrx_word' id='word_1_852' title='bbox 3356 4893 3479 4934; x_wconf 89' lang='lat' dir='ltr'><strong>una</strong></span> 
     </span>
    </p>
   </div>
   <div class='ocr_carea' id='block_1_108' title="bbox 1830 4965 3480 5038">
    <p class='ocr_par' dir='ltr' id='par_1_108' title="bbox 1830 4965 3480 5038">
     <span class='ocr_line' id='line_1_108' title="bbox 1830 4965 3480 5038; baseline 0.001 -17"><span class='ocrx_word' id='word_1_853' title='bbox 1830 4965 2136 5022; x_wconf 85' lang='lat' dir='ltr'><strong>elementis</strong></span> <span class='ocrx_word' id='word_1_854' title='bbox 2153 4967 2324 5038; x_wconf 89' lang='lat' dir='ltr'><strong>inest,</strong></span> <span class='ocrx_word' id='word_1_855' title='bbox 2345 4968 2472 5022; x_wconf 68' lang='lat' dir='ltr'><strong>haec</strong></span> <span class='ocrx_word' id='word_1_856' title='bbox 2491 4967 2649 5022; x_wconf 89' lang='lat' dir='ltr'><strong>enim</strong></span> <span class='ocrx_word' id='word_1_857' title='bbox 2667 4968 2730 5022; x_wconf 90' lang='lat' dir='ltr'><strong>in</strong></span> <span class='ocrx_word' id='word_1_858' title='bbox 2747 4982 2874 5022; x_wconf 90' lang='lat' dir='ltr'><strong>sese</strong></span> <span class='ocrx_word' id='word_1_859' title='bbox 2891 4967 3041 5022; x_wconf 88' lang='lat' dir='ltr'><strong>inter</strong></span> <span class='ocrx_word' id='word_1_860' title='bbox 3061 4983 3126 5021; x_wconf 90' lang='lat' dir='ltr'><strong>se</strong></span> <span class='ocrx_word' id='word_1_861' title='bbox 3143 4966 3480 5038; x_wconf 90' lang='lat' dir='ltr'><strong>suscipiunt</strong></span> 
     </span>
    </p>
   </div>
   <div class='ocr_carea' id='block_1_109' title="bbox 1829 5055 3477 5127">
    <p class='ocr_par' dir='ltr' id='par_1_109' title="bbox 1829 5055 3477 5127">
     <span class='ocr_line' id='line_1_109' title="bbox 1829 5055 3477 5127; baseline 0.001 -18"><span class='ocrx_word' id='word_1_862' title='bbox 1829 5055 2272 5120; x_wconf 88' lang='lat' dir='ltr'><strong>admistionem,</strong></span> <span class='ocrx_word' id='word_1_863' title='bbox 2294 5055 2479 5111; x_wconf 90' lang='lat' dir='ltr'><strong>altera</strong></span> <span class='ocrx_word' id='word_1_864' title='bbox 2495 5055 2744 5124; x_wconf 88' lang='lat' dir='ltr'><strong>singulis</strong></span> <span class='ocrx_word' id='word_1_865' title='bbox 2760 5071 2895 5127; x_wconf 79' lang='lat' dir='ltr'><strong>quae</strong></span> <span class='ocrx_word' id='word_1_866' title='bbox 2907 5071 2981 5111; x_wconf 81' lang='lat' dir='ltr'><strong>ex</strong></span> <span class='ocrx_word' id='word_1_867' title='bbox 2997 5055 3323 5124; x_wconf 90' lang='lat' dir='ltr'><strong>elementis,</strong></span> <span class='ocrx_word' id='word_1_868' title='bbox 3338 5071 3477 5111; x_wconf 86' lang='lat' dir='ltr'><strong>con-</strong></span> 
     </span>
    </p>
   </div>
   <div class='ocr_carea' id='block_1_110' title="bbox 1829 5143 3477 5216">
    <p class='ocr_par' dir='ltr' id='par_1_110' title="bbox 1829 5143 3477 5216">
     <span class='ocr_line' id='line_1_110' title="bbox 1829 5143 3477 5216; baseline 0.001 -16"><span class='ocrx_word' id='word_1_869' title='bbox 1829 5148 2008 5212; x_wconf 89' lang='lat' dir='ltr'><strong>stant,</strong></span> <span class='ocrx_word' id='word_1_870' title='bbox 2033 5144 2178 5215; x_wconf 90' lang='lat' dir='ltr'><strong>quia</strong></span> <span class='ocrx_word' id='word_1_871' title='bbox 2194 5144 2326 5216; x_wconf 91' lang='lat' dir='ltr'><strong>ipsa</strong></span> <span class='ocrx_word' id='word_1_872' title='bbox 2343 5159 2585 5216; x_wconf 91' lang='lat' dir='ltr'><strong>quoque</strong></span> <span class='ocrx_word' id='word_1_873' title='bbox 2602 5143 2839 5215; x_wconf 89' lang='lat' dir='ltr'><strong>singula</strong></span> <span class='ocrx_word' id='word_1_874' title='bbox 2854 5160 2926 5199; x_wconf 87' lang='lat' dir='ltr'><strong>ex</strong></span> <span class='ocrx_word' id='word_1_875' title='bbox 2948 5144 3274 5212; x_wconf 90' lang='lat' dir='ltr'><strong>elementis,</strong></span> <span class='ocrx_word' id='word_1_876' title='bbox 3297 5145 3477 5201; x_wconf 89' lang='lat' dir='ltr'><strong>inter-</strong></span> 
     </span>
    </p>
   </div>
   <div class='ocr_carea' id='block_1_111' title="bbox 1829 5231 3480 5305">
    <p class='ocr_par' dir='ltr' id='par_1_111' title="bbox 1829 5231 3480 5305">
     <span class='ocr_line' id='line_1_111' title="bbox 1829 5231 3480 5305; baseline 0.001 -16"><span class='ocrx_word' id='word_1_877' title='bbox 1829 5231 2179 5289; x_wconf 89' lang='lat' dir='ltr'><strong>cedentibus</strong></span> <span class='ocrx_word' id='word_1_878' title='bbox 2205 5233 2754 5305; x_wconf 87' lang='lat' dir='ltr'><strong>temperationibus,</strong></span> <span class='ocrx_word' id='word_1_879' title='bbox 2787 5238 2926 5290; x_wconf 90' lang='lat' dir='ltr'><strong>sunt</strong></span> <span class='ocrx_word' id='word_1_880' title='bbox 2955 5234 3308 5304; x_wconf 90' lang='lat' dir='ltr'><strong>composita.</strong></span> <span class='ocrx_word' id='word_1_881' title='bbox 3340 5237 3480 5305; x_wconf 88' lang='lat' dir='ltr'><strong>lpsa</strong></span> 
     </span>
    </p>
   </div>
   <div class='ocr_carea' id='block_1_112' title="bbox 1830 5321 3484 5394">
    <p class='ocr_par' dir='ltr' id='par_1_112' title="bbox 1830 5321 3484 5394">
     <span class='ocr_line' id='line_1_112' title="bbox 1830 5321 3484 5394; baseline 0.001 -17"><span class='ocrx_word' id='word_1_882' title='bbox 1830 5338 1971 5378; x_wconf 88' lang='lat' dir='ltr'><strong>vero</strong></span> <span class='ocrx_word' id='word_1_883' title='bbox 1999 5321 2329 5394; x_wconf 84' lang='lat' dir='ltr'><strong>proprietas</strong></span> <span class='ocrx_word' id='word_1_884' title='bbox 2357 5338 2496 5377; x_wconf 93' lang='lat' dir='ltr'><strong>cum</strong></span> <span class='ocrx_word' id='word_1_885' title='bbox 2526 5322 2768 5394; x_wconf 90' lang='lat' dir='ltr'><strong>proprio</strong></span> <span class='ocrx_word' id='word_1_886' title='bbox 2798 5327 2858 5377; x_wconf 92' lang='lat' dir='ltr'><strong>et</strong></span> <span class='ocrx_word' id='word_1_887' title='bbox 2892 5322 3176 5394; x_wconf 89' lang='lat' dir='ltr'><strong>peculiari</strong></span> <span class='ocrx_word' id='word_1_888' title='bbox 3206 5322 3390 5379; x_wconf 91' lang='lat' dir='ltr'><strong>modo</strong></span> <span class='ocrx_word' id='word_1_889' title='bbox 3419 5323 3484 5379; x_wconf 88' lang='lat' dir='ltr'><strong>in</strong></span> 
     </span>
    </p>
   </div>
   <div class='ocr_carea' id='block_1_113' title="bbox 1832 5409 3483 5482">
    <p class='ocr_par' dir='ltr' id='par_1_113' title="bbox 1832 5409 3483 5482">
     <span class='ocr_line' id='line_1_113' title="bbox 1832 5409 3483 5482; baseline 0 -14"><span class='ocrx_word' id='word_1_890' title='bbox 1832 5410 2193 5468; x_wconf 87' lang='lat' dir='ltr'><strong>animalibus</strong></span> <span class='ocrx_word' id='word_1_891' title='bbox 2221 5409 2517 5467; x_wconf 87' lang='lat' dir='ltr'><strong>elementa</strong></span> <span class='ocrx_word' id='word_1_892' title='bbox 2546 5417 2955 5482; x_wconf 89' lang='lat' dir='ltr'><strong>temperasset,</strong></span> <span class='ocrx_word' id='word_1_893' title='bbox 2987 5412 3049 5468; x_wconf 88' lang='lat' dir='ltr'><strong>in</strong></span> <span class='ocrx_word' id='word_1_894' title='bbox 3073 5427 3276 5468; x_wconf 90' lang='lat' dir='ltr'><strong>rerum</strong></span> <span class='ocrx_word' id='word_1_895' title='bbox 3305 5417 3483 5469; x_wconf 89' lang='lat' dir='ltr'><strong>natu-</strong></span> 
     </span>
    </p>
   </div>
   <div class='ocr_carea' id='block_1_114' title="bbox 1831 5499 3487 5572">
    <p class='ocr_par' dir='ltr' id='par_1_114' title="bbox 1831 5499 3487 5572">
     <span class='ocr_line' id='line_1_114' title="bbox 1831 5499 3487 5572; baseline 0.001 -16"><span class='ocrx_word' id='word_1_896' title='bbox 1831 5516 1965 5557; x_wconf 90' lang='lat' dir='ltr'><strong>ram</strong></span> <span class='ocrx_word' id='word_1_897' title='bbox 1979 5500 2080 5556; x_wconf 89' lang='lat' dir='ltr'><strong>illa</strong></span> <span class='ocrx_word' id='word_1_898' title='bbox 2095 5499 2397 5572; x_wconf 83' lang='lat' dir='ltr'><strong>produxit,</strong></span> <span class='ocrx_word' id='word_1_899' title='bbox 2421 5503 2601 5572; x_wconf 89' lang='lat' dir='ltr'><strong>atque</strong></span> <span class='ocrx_word' id='word_1_900' title='bbox 2626 5499 2738 5556; x_wconf 88' lang='lat' dir='ltr'><strong>illis</strong></span> <span class='ocrx_word' id='word_1_901' title='bbox 2763 5501 3112 5564; x_wconf 90' lang='lat' dir='ltr'><strong>essentiam,</strong></span> <span class='ocrx_word' id='word_1_902' title='bbox 3146 5501 3487 5566; x_wconf 87' lang='lat' dir='ltr'><strong>materiam,</strong></span> 
     </span>
    </p>
   </div>
   <div class='ocr_carea' id='block_1_115' title="bbox 1832 5589 3494 5665">
    <p class='ocr_par' dir='ltr' id='par_1_115' title="bbox 1832 5589 3494 5665">
     <span class='ocr_line' id='line_1_115' title="bbox 1832 5589 3494 5665; baseline 0 -19"><span class='ocrx_word' id='word_1_903' title='bbox 1832 5590 2106 5662; x_wconf 88' lang='lat' dir='ltr'><strong>inquam,</strong></span> <span class='ocrx_word' id='word_1_904' title='bbox 2136 5589 2323 5646; x_wconf 85' lang='lat' dir='ltr'><strong>dedit.</strong></span> <span class='ocrx_word' id='word_1_905' title='bbox 2345 5590 2574 5646; x_wconf 87' lang='lat' dir='ltr'><strong>Etenim</strong></span> <span class='ocrx_word' id='word_1_906' title='bbox 2599 5589 2729 5646; x_wconf 87' lang='lat' dir='ltr'><strong>aliis</strong></span> <span class='ocrx_word' id='word_1_907' title='bbox 2753 5606 2861 5665; x_wconf 88' lang='lat' dir='ltr'><strong>per</strong></span> <span class='ocrx_word' id='word_1_908' title='bbox 2881 5591 3346 5663; x_wconf 87' lang='lat' dir='ltr'><strong>temperationes</strong></span> <span class='ocrx_word' id='word_1_909' title='bbox 3366 5591 3494 5648; x_wconf 84' lang='lat' dir='ltr'><strong>vel-</strong></span> 
     </span>
    </p>
   </div>
   <div class='ocr_carea' id='block_1_116' title="bbox 1834 5678 3491 5752">
    <p class='ocr_par' dir='ltr' id='par_1_116' title="bbox 1834 5678 3491 5752">
     <span class='ocr_line' id='line_1_116' title="bbox 1834 5678 3491 5752; baseline 0.001 -15"><span class='ocrx_word' id='word_1_910' title='bbox 1834 5679 1922 5737; x_wconf 90' lang='lat' dir='ltr'><strong>uti</strong></span> <span class='ocrx_word' id='word_1_911' title='bbox 1935 5678 2131 5737; x_wconf 75' lang='lat' dir='ltr'><strong>tonset</strong></span> <span class='ocrx_word' id='word_1_912' title='bbox 2143 5679 2316 5750; x_wconf 84' lang='lat' dir='ltr'><strong>origo</strong></span> <span class='ocrx_word' id='word_1_913' title='bbox 2335 5678 2632 5738; x_wconf 83' lang='lat' dir='ltr'><strong>elementa</strong></span> <span class='ocrx_word' id='word_1_914' title='bbox 2671 5679 2987 5738; x_wconf 79' lang='lat' dir='ltr'><strong>exsistunt.</strong></span> <span class='ocrx_word' id='word_1_915' title='bbox 3009 5683 3160 5738; x_wconf 86' lang='lat' dir='ltr'><strong>Nam</strong></span> <span class='ocrx_word' id='word_1_916' title='bbox 3190 5685 3491 5752; x_wconf 84' lang='lat' dir='ltr'><strong>tempera-</strong></span> 
     </span>
    </p>
   </div>
  </div>
