3932 6326
465 376 600 430 1295

2005 358 2241 425 ΑΒΠΕΝ
2250 365 2340 425 DA

3758 371 3866 426 1%

457 516 512 550 τε
538 502 630 550 καὶ
656 501 714 550 τό
768 496 943 555 ἧττον.
973 491 1140 551 Πολλὴ
1207 490 1333 563 σγοῦν
1403 489 1552 549 ἡστιν
1608 489 1640 549 ἡ
1694 493 1789 551 τῆς
1852 485 2111 551 ἰδιότητος
2141 493 2190 544 Α
2218 484 2281 542 δέ
2317 488 2468 550 ζώοις
2502 488 2611 562 οὐχ
2648 490 2810 553 οὕτως
2874 490 3114 566 ὖπαρξις,
3180 490 3311 545 ἀλλὰ
3373 496 3531 566 φύσις
3763 503 3869 547 auiti

459 584 701 660 δύναμις·
735 586 866 644 αὕτη
910 584 1013 657 γαρ
1077 578 1364 643 ἰδιοτύπως
1425 584 1515 632 καὶ
1565 585 1676 641 τοῖς
1751 581 1906 642 ζὼόις
1942 582 2110 638 ῆνωσε

454 678 520 729 τὰ
578 682 821 747 στοιχεῖα
887 670 982 725 διὰ
1036 679 1137 724 τῶν
1209 672 1464 745 κράσεων,
1527 664 1708 726 ἐπειδὴ
1785 673 1876 721 καὶ
1945 667 2109 730 λὶθοις

454 769 544 818 καὶ
617 762 885 837 μετάλλοις
943 766 1034 814 καὶ
1095 759 1253 832 έρίοις
1339 762 1430 811 καὶ
1498 765 1678 831 φυτοῖς
1743 762 1833 811 καὶ
1897 758 2109 833 κράσεις

451 857 542 906 καὶ
582 854 825 926 στοιχεῖά
888 855 1039 904 εἰσιν·
1103 849 1231 902 ὃπου
1295 851 1397 922 γὰρ
1457 848 1670 922 κράσεις
1713 867 1803 900 και
1842 853 2105 919 στοιχεῖα,

451 944 533 996 ὄτι
573 944 704 996 ὅπου
758 947 1020 1013 στοιχεῖα,
1052 944 1142 992 καὶ
1196 940 1427 1007 κράσεις.
1493 941 1648 996 Διττή
1692 932 1752 989 δε
1787 937 1819 995 ἡ
1852 942 2042 1011 κρᾶσις
2072 938 2102 995 ἦ

450 1052 505 1087 τε
555 1032 603 1084 ἐν
658 1035 961 1104 στοιχείοις-
1039 1037 1208 1082 ταῦτα
1276 1030 1378 1102 γὰρ
1430 1032 1520 1080 καὶ
1575 1028 1739 1099 μικτὰ
1776 1025 1849 1089 εἰς
1899 1026 2056 1079 ἑαυτά
2088 1041 2103 1058 ο

449 1127 541 1175 καὶ
596 1122 627 1181 ἦ
696 1120 743 1173 ἓν
803 1127 912 1182 τοῖς
976 1118 1034 1172 ἐκ
1080 1126 1181 1173 τῶν
1249 1120 1529 1189 στοιχείων
1593 1117 1954 1182 καθεκάστοις,
2026 1117 2106 1168 ὅτι

447 1216 539 1265 καὶ
602 1218 769 1264 ταῦτα
833 1209 889 1263 ἐκ
984 1213 1263 1282 στοιχείων
1330 1207 1434 1261 εἰσί
1496 1203 1593 1260 διὰ
1682 1213 1781 1259 τῶν
1845 1207 2103 1281 κράσεων.

448 1298 767 1374 Ιδιοτρόπως
834 1295 893 1353 δὲ
960 1295 1056 1352 διὰ
1116 1306 1217 1351 τῶν
1282 1304 1473 1368 χυμῶν
1536 1298 1603 1348 τὰ
1659 1303 1904 1368 στοιχεῖα
1976 1296 2102 1370 κρά-

449 1410 611 1457 σασα,
675 1396 781 1451 τοῖς
863 1389 1013 1450 ζὼοις
1076 1390 1107 1447 η
1216 1383 1422 1449 ἰδιότης
1478 1389 1620 1462 ἔφερε
1690 1387 1785 1443 τήν
1848 1388 2102 1444 ὄντότητα

446 1483 662 1551 ταύτην,
730 1483 825 1536 τὴν
879 1473 952 1530 δι’
1020 1476 1144 1538 ὕλης
1202 1479 1365 1547 φημί’
1429 1481 1535 1535 τοῖς
1589 1477 1679 1547 μεν
1743 1475 1846 1548 ⁴γὰρ
1907 1472 2099 1547 ἑτέροις

446 1572 591 1639 πηγὴ
620 1569 718 1620 ντὰ
782 1567 1025 1638 στοιχεῖά
1063 1563 1166 1617 εἰσι
1241 1559 1335 1616 διὰ
1397 1571 1496 1615 τῶν
1560 1562 1792 1636 κράσεων
1831 1576 1848 1594 ο
1906 1569 2099 1635 κρᾶσις

445 1659 545 1730 γάρ
581 1654 877 1709 διαστέλλει
927 1653 975 1706 έν
1028 1649 1257 1711 ίδιοτητι
1318 1656 1410 1705 καὶ
1457 1653 1726 1727 φάρμακον
1790 1655 1881 1704 καὶ
1937 1654 2095 1724 φυτὸν

446 1750 537 1798 καὶ
595 1744 736 1797 λίθον
801 1748 890 1795 κκί
955 1742 1223 1815 μέταλλον,
1292 1743 1372 1794 ὅτι
1436 1749 1615 1802 κοινῶς
1677 1744 1734 1793 εκ
1796 1745 2092 1814 στοιχείων.

2215 579 2284 631 τὰ
2317 586 2580 652 στοιχεῖα,
2618 579 2754 633 αὐτὰ
2803 576 2866 634 δί
2919 584 3156 654 τροιφὰς,
3198 583 3252 635 αἱ
3289 587 3479 656 τρογὰι
3536 580 3604 637 δὲ
3655 590 3863 657 χυμοὺς,

2215 665 2271 721 ἔκ
2300 677 2499 742 τροφῶν
2561 665 2623 722 δέ
2676 674 2768 723 καὶ
2830 680 3021 743 χυμῶν
3079 673 3147 724 τὰ
3209 674 3316 735 ζῶά
3374 671 3514 740 ἐστι,
3587 679 3737 727 κατὰ
3794 680 3865 747 μὲν

2211 762 2305 817 τήν
2344 756 2519 832 ἀρχὴν
2583 758 2637 811 ἐκ
2698 768 2887 833 χυμῶν
2947 763 3094 836 παρὰ
3154 770 3255 814 τῶν
3320 767 3637 836 στοιχείων,
3711 769 3864 818 ἔπειτα

2216 842 2275 900 δὲ
2312 847 2370 900 ἐκ
2407 855 2607 923 τροφῶν
2644 854 2734 902 καὶ
2770 857 2983 923 χυμῶν,
3047 851 3182 911 πλὴν
3222 847 3282 904 δέ
3320 847 3414 904 διὰ
3449 862 3552 915 τῆς
3619 856 3863 928 κράσεως.

2214 936 2326 990 Ούκ
2380 938 2442 990 οἶν
2507 957 2631 991 ποτε
2684 940 2783 1012 γάρ
2822 958 2903 1001 τις
2967 943 3085 992 νούν
3163 942 3301 1013 ἔχων
3358 942 3482 1017 ἄτερ
3576 948 3771 1002 νοήσει
3825 964 3865 997 τι

2211 1023 2463 1101 κράσεως,
2526 1031 2698 1081 τοίνυν
2763 1028 2852 1080 οὖν
2905 1035 3019 1091 τοῖς
3071 1032 3163 1101 μεν
3231 1036 3453 1102 πρώτοις
3549 1034 3628 1084 τὰ
3696 1031 3867 1086 ἄικλον.

2214 1136 2374 1192 στερα
2408 1125 2675 1192 προσεχῆ,
2713 1124 2818 1178 τοῖς
2857 1114 2916 1171 δε
2974 1119 3150 1193 πόρρω
3215 1116 3311 1172 διὰ
3359 1125 3453 1179 την
3495 1128 3606 1173 τῶν
3650 1126 3867 1195 κράσεων

2208 1204 2418 1259 πλείονα
2479 1205 2764 1274 ποικιλίαν,
2844 1205 3149 1282 ποῤῥῶτέρω
3239 1207 3344 1261 εἰσί
3408 1213 3479 1262 r6:
3545 1209 3724 1267 ἁπλᾶ.
3788 1217 3871 1265 Καὶ

2209 1298 2311 1370 γὰρ
2350 1293 2456 1349 ἔδει
2511 1297 2593 1349 ὃτι
2649 1303 2803 1349 τοῦτο
2867 1294 2997 1349 εἶναι
3056 1304 3318 1351 τοτοῦτονο
3368 1301 3438 1351 τὰ
3493 1302 3592 1373 μὲν
3654 1304 3766 1376 γὰρ
3797 1306 3875 1373 μὲ-

2206 1384 2388 1453 ταλλα,
2449 1391 2540 1439 καὶ
2587 1384 2724 1438 λίθοι
2760 1390 2851 1438 καὶ
2904 1388 3059 1458 φυτὰ,
3098 1391 3189 1439 καὶ
3236 1386 3482 1460 λαχάνων
3545 1391 3737 1462 ἑσμοὶ,
3796 1398 3873 1442 καὶ

2206 1479 2432 1552 χόρτων,
2483 1480 2575 1528 καὶ
2628 1477 2764 1528 ὅσων
2828 1476 2890 1529 ἀν
2945 1496 3027 1539 τις
3092 1479 3207 1550 εῖπῄ
3278 1476 3532 1551 ἀψύχων,
3593 1481 3870 1556 ὑγρότητι,

2204 1563 2531 1638 ψυχρότητι,
2628 1564 2902 1638 ξηρότητι,
2989 1568 3267 1637 μανότητι,
3331 1565 3437 1619 εἰσί
3492 1586 3553 1619 τε
3623 1573 3726 1620 καὶ
3792 1568 3873 1619 ἀλ·-

2203 1651 2466 1707 λοιοῦνται
2529 1657 2620 1706 καὶ
2682 1652 2903 1717 αὓξουσι
2963 1658 3054 1706 καὶ
3117 1657 3354 1726 μὲνουσι·
3416 1658 3535 1719 ζῶα
3588 1652 3661 1709 δέ
3732 1661 3874 1730 φύσις

2203 1741 2297 1794 οὐκ
2332 1739 2540 1815 ἀμέσως
2576 1741 2632 1796 ἐκ
2668 1745 2834 1816 πυρός
2891 1747 2981 1796 καὶ
3036 1741 3184 1818 ἀέρος
3235 1748 3325 1796 καὶ
3379 1740 3584 1806 ὕδατος
3640 1752 3743 1799 καὶ
3787 1755 3874 1818 7i;

447 1835 509 1887 Εἰ
557 1830 608 1887 δ’
669 1829 982 1906 ἁναδράμης
1047 1830 1149 1885 ἀπὸ
1206 1839 1297 1892 τῆς
1344 1833 1566 1904 φύσεως·
1627 1826 1831 1892 ἰδιότης
1871 1826 1931 1883 δέ
1991 1837 2095 1891 τοίς
2131 1843 2173 1899 Β
2206 1827 2298 1884 διὰ
2320 1840 2416 1892 τῆν
2471 1834 2704 1907 κράσεων
2767 1834 2955 1907 ἕκρασε
3012 1837 3103 1885 καὶ
3157 1831 3418 1901 ἐποίησεν,
3484 1832 3603 1887 ἀλλ’
3681 1834 3745 1899 ἐξ
3794 1837 3871 1889 t3-

446 1923 604 1985 ζὼοις
664 1925 720 1975 ὲκ
791 1940 1067 1994 στοιχειων
1129 1922 1459 1993 γεννηθέντας
1518 1924 1730 1993 χυμοὺς
1816 1919 1938 1988 ἑνοῖ,
2005 1940 2095 1974 και

442 2015 660 2074 τούτους
714 2011 809 2065 οὐκ
848 2010 1073 2084 ἁμέσως,
1141 2009 1247 2063 ἀλλ’
1326 2008 1383 2062 ἐκ
1444 2018 1643 2082 τροφῶν
1706 2012 1841 2062 κατὰ
1907 2015 2095 2084 κρᾶσιν

443 2105 810 2178 ἐναργεστέραν
874 2106 984 2168 καὶ,
1051 2101 1174 2153 ὅσον
1238 2107 1338 2152 τῶν
1403 2097 1630 2172 ἀψύχων
1694 2106 1791 2160 τῆς
1835 2101 2090 2174 κράσεως,

442 2196 778 2265 τιμιωτέραν.
827 2197 912 2244 Δεῖ
965 2192 1068 2263 γὰρ
1116 2193 1273 2250 οὕτως
1330 2185 1459 2242 εἶναι
1523 2195 1709 2255 ταῦτα,
1771 2192 1853 2241 ὄτι
1908 2190 1938 2247 ἡ
2003 2190 2093 2261 φύ-

444 2301 528 2343 σις
581 2281 715 2340 ἁπλῆ
782 2279 913 2349 ἐστι,
984 2281 1303 2353 θεωρουμένη
1366 2282 1755 2351 μεμονωμένως,
1815 2281 1881 2336 rvi
1950 2297 2092 2331 στοι-

444 2367 569 2442 χεῖα
606 2367 667 2424 δι
703 2370 763 2423 ού
813 2370 976 2443 μικτά
1013 2368 1129 2422 καθ’
1193 2370 1345 2436 αὐτὰ,
1388 2368 1522 2440 ὅμως
1560 2363 1622 2419 δέ
1673 2386 1733 2438 γε
1792 2369 1975 2432 μικτὰ,
2011 2368 2093 2419 ὅτι

440 2462 571 2536 πρὸς
634 2459 789 2526 αὐτὰ,
856 2461 926 2521 ὡς
988 2461 1215 2529 εἰπομεν,
1276 2461 1574 2530 μίγνυνται·
1614 2454 1674 2508 αἰ
1734 2451 1795 2508 δε
1852 2456 2089 2530 κράσεις,

437 2550 625 2601 καθότι
689 2548 795 2621 ούχ
854 2547 972 2615 ύλη,
1029 2544 1154 2599 οὔδε
1214 2549 1419 2618 μικταὶ,
1486 2546 1565 2598 ὅτι
1629 2540 1689 2598 δε
1752 2549 1900 2597 ποιαί
1958 2564 2091 2606 τινες

440 2640 777 2712 ὑπάρχουσιν
854 2633 1132 2705 ἰδιότητες,
1198 2639 1288 2687 καὶ
1366 2637 1582 2707 σχὶσεις
1644 2635 1941 2705 κινούμεναι
2000 2638 2090 2687 καὶ

437 2731 756 2800 μιγνύουσαι
786 2729 851 2780 τὰ
887 2726 1035 2801 ἕτερα
1071 2721 1297 2780 τοιῶσδε
1350 2729 1381 2784 ἤ
1440 2719 1683 2796 τόιῶσδε,
1743 2727 1963 2796 μικαταὶ
2002 2720 2089 2778 διὸ

438 2821 576 2871 κατὰ
606 2816 808 2893 πρῶτον
872 2821 964 2870 καὶ
1026 2816 1404 2899 ἀπλοῐκῴτερον
1460 2818 1670 2888 τρόπον’
1712 2815 1779 2867 τά
1838 2833 1894 2867 τε
1954 2817 2090 2886 φυτά

436 2908 503 2959 τά
538 2926 594 2960 τε
631 2905 858 2979 μέταλλα
895 2908 961 2959 τά
998 2925 1053 2959 τε
1106 2904 1236 2959 ἄλλα
1295 2905 1331 2956 ἆ
1392 2908 1702 2980 προείπομεν
1768 2901 1823 2955 έκ
1889 2906 2090 2980 φύσεως

435 2998 582 3071 παρὰ
617 3004 716 3049 τῶν
779 3000 1055 3069 στοιχείων
1121 2991 1155 3047 δ
1162 2997 1216 3047 :6:
1276 3002 1376 3047 τῶν
1437 2995 1670 3068 κράσεων
1733 2972 2094 3065 λαμϐάνουσιν

2204 1927 2302 1973 τῶν
2339 1917 2434 1974 διὰ
2492 1924 2649 1993 μέσον
2709 1929 2898 1994 χυμῶν
2960 1926 3050 1974 καὶ
3094 1924 3230 1975 κατὰ
3426 1926 3528 1981 τὴν
3588 1922 3785 1999 ἀρχὴν
3828 1925 3872 1977 ὰ

2201 2018 2410 2083 χυμῶν,
2462 2012 2640 2063 ἔπειτα
2695 2007 2754 2063 δὲ
2817 2029 3103 2068 συνιστησι
3162 2018 3329 2064 ταῦτα
3380 2008 3478 2064 διὰ
3536 2022 3750 2085 χυμῶν
3796 2018 3871 2066 καί

2201 2107 2399 2173 τροφῶν
2460 2104 2552 2152 καὶ
2601 2098 2778 2175 πόρρω
2844 2104 3127 2172 στοιχείων
3191 2102 3261 2162 ὡς
3316 2101 3501 2175 ἀρχῶν
3544 2104 3744 2159 ὄντων.
3778 2111 3873 2157 Ποῦ

2201 2190 2303 2264 γὰρ
2342 2186 2392 2240 ἐν
2433 2192 2592 2263 σαρκί
2619 2196 2712 2260 γῆ,
2742 2195 2844 2242 ποῦ
2893 2184 2952 2242 δὲ
2990 2196 3117 2262 πῦρ,
3175 2195 3277 2242 ποῦ
3325 2185 3387 2242 δε
3450 2186 3637 2264 ὕδωρ,
3691 2202 3799 2246 ποῦ
3823 2190 3874 2245 δι

2203 2275 2326 2353 ἀὴρ,
2395 2285 2459 2337 τῆ
2522 2280 2613 2350 μὲν
2666 2278 2909 2337 αἰσθήσει
2964 2283 3056 2331 καὶ
3126 2287 3188 2338 τῆ
3252 2282 3496 2337 ποιότητι
3554 2279 3765 2353 ἀφανῆ,
3816 2291 3867 2340 τῆ

2204 2363 2256 2421 δ’
2286 2365 2503 2439 ἀληθείᾳ
2539 2369 2765 2439 γνωστά·
2835 2370 2948 2420 ἔστι
3014 2370 3115 2442 γὰρ
3168 2372 3257 2421 καὶ
3316 2376 3419 2443 πῦρ
3486 2374 3587 2423 καὶ
3645 2370 3759 2447 ἀὴρ
3796 2374 3871 2423 καὶ

2201 2452 2346 2530 ὕδωρ
2394 2460 2484 2509 καὶ
2536 2464 2605 2528 γῆ
2669 2458 2719 2509 ἒν
2771 2456 2930 2529 αὐτῇ·
2988 2455 3235 2520 λυθείσης
3293 2459 3395 2532 γὰρ
3445 2462 3673 2523 ταύτης,
3736 2460 3872 2513 λύον-

2200 2565 2289 2599 ται
2326 2549 2591 2619 οίχυμοὶ,
2633 2547 2754 2618 ὅπερ
2810 2542 3075 2621 πρόδηλον
3109 2563 3124 2576 ·
3180 2546 3415 2610 λυθέντες
3452 2543 3516 2601 δὲ
3572 2551 3628 2601 οἱ
3675 2556 3867 2623 χυμοὶ,

2201 2635 2276 2699 εἰς
2308 2637 2376 2689 τὰ
2429 2633 2483 2699 ἐξ
2538 2637 2605 2688 ὧν
2654 2638 2969 2707 συνάγονται
3017 2638 3335 2708 σύγκεινται,
3394 2637 3531 2690 ὥστε
3592 2643 3696 2692 καὶ
3741 2660 3867 2715 σαρ-

2199 2728 2288 2788 κὸς
2348 2728 2514 2788 οὔσης
2574 2729 2931 2799 συνιταμένοις
2996 2721 3093 2778 διὰ
3169 2733 3356 2798 χυμῶν
3418 2724 3476 2779 ἐκ
3541 2732 3717 2802 πυρός
3781 2735 3867 2781 καὶ

2197 2822 2292 2887 γῆς
2329 2820 2419 2868 καὶ
2458 2813 2605 2891 ἀέρος
2658 2819 2747 2869 καὶ
2811 2810 3028 2881 ὕδατος,
3090 2815 3322 2889 ὑπάρχει
3356 2816 3388 2873 ἠ
3458 2814 3635 2879 αὐτῆς
3706 2822 3867 2893 ὗπαρα

2200 2904 2292 2977 ξις,
2335 2902 2389 2968 ἐξ
2424 2904 2493 2957 ὧν
2533 2904 2636 2958 εἰσι
2672 2908 2763 2957 καὶ
2801 2905 2851 2958 οἱ
2888 2908 3079 2977 χυμοί.

2271 2993 2340 3055 ζ’.
2388 2993 2477 3047 Ἐκ
2522 2997 2688 3070 πυρὸς
2757 3001 2884 3066 γοῦν
2938 3013 3031 3046 και
3106 2991 3251 3069 ἀέρος
3332 2997 3425 3046 καὶ
3512 2991 3723 3058 ὕδατος
3784 3004 3867 3050 καὶ

436 3084 677 3160 ὕπαρξιν,
718 3088 788 3148 ὡς
851 3083 1181 3159 ἁπλούστερα
1236 3092 1335 3137 τῶν
1398 3083 1542 3145 ζώων
1598 3084 1734 3136 κατὰ
1788 3081 1940 3148 πολὺ,
1984 3088 2090 3142 τοίς
2129 3079 2168 3136 C
2196 3091 2294 3157 γῆς
2363 3086 2393 3143 ἡ
2480 3087 2636 3158 φύσις
2695 3080 2791 3138 διὰ
2860 3092 3049 3157 χυμῶν
3127 3091 3232 3145 τοῖς
3280 3083 3437 3146 ζώοις
3486 3088 3588 3145 τήν
3642 3088 3865 3162 ὕπαρξιν

436 3265 516 3323 tio
542 3278 652 3340 per
670 3262 1098 3337 proprietatem
1117 3260 1429 3332 distinguit
1455 3276 1526 3317 ac
1542 3261 1783 3334 separat
1800 3258 2087 3332 pharma-
2126 3255 2166 3312 C
2200 3261 2648 3335 temperatione.
2700 3260 3107 3328 Quamobrem
3176 3260 3387 3334 primis
3423 3261 3689 3335 quidem
3731 3269 3865 3323 sunt

434 3369 587 3420 cum,
609 3352 900 3426 plantam,
930 3350 1196 3424 lapidem
1211 3354 1268 3406 et
1298 3349 1623 3417 metallum,
1646 3348 1791 3422 quia
1817 3363 2089 3404 commu-

433 3443 584 3499 niter
611 3456 684 3498 ex
706 3439 1014 3497 elementis
1065 3442 1360 3496 constant.
1404 3437 1463 3495 Si
1510 3454 1653 3494 vero
1702 3436 2088 3507 digrederisa

432 3527 1078 3602 natura,proprietasin
1090 3525 1491 3585 animantibus
1503 3526 1733 3583 adunat
1743 3529 2086 3599 procreatos

431 3635 505 3676 ex
517 3617 813 3676 elementis
825 3617 1122 3684 humores,
1135 3614 1319 3689 idque
1331 3630 1453 3672 non
1465 3614 1695 3688 absque
1706 3613 2083 3683 intermedio,

430 3709 534 3766 sed
563 3706 899 3765 secundum
924 3704 1419 3779 temperationem
1449 3721 1523 3762 ex
1547 3702 1842 3761 alimentis
1871 3719 1944 3761 eo
1968 3703 2085 3760 evi-

429 3796 762 3855 dentiorem
775 3812 899 3870 quo
909 3802 997 3853 est
1014 3795 1391 3868 praestantior
1401 3793 1823 3868 temperatione
1835 3792 1935 3852 illa
1946 3808 2080 3867 quas

426 3886 771 3946 inanimatis
799 3887 975 3943 inest.
1005 3884 1094 3942 Ita
1111 3900 1248 3942 esse
1259 3884 1507 3941 omnino
1524 3898 1770 3941 necesse
1787 3887 1900 3941 est.
1930 3885 1975 3939 N
1984 3897 2081 3939 am

425 3981 643 4035 natura
674 3976 932 4049 simplex
959 3981 1067 4044 est,
1097 3978 1164 4032 ut
1189 3990 1320 4048 quae
1350 3973 1609 4031 solitarie
1646 3971 2077 4030 consideratur.

425 4065 728 4124 Elementa
773 4080 919 4122 vero
967 4079 1077 4137 per
1124 4078 1189 4120 se
1241 4063 1662 4121 admistionem
1709 4076 1833 4118 non
1891 4059 2078 4118 susci-

423 4154 612 4227 piunt,
640 4168 849 4211 verum
877 4156 1131 4227 possunt
1182 4151 1504 4225 suscipere,
1549 4150 1840 4224 quoniam
1870 4164 2076 4207 secum

419 4243 572 4299 inter
600 4258 665 4299 se
677 4242 1025 4307 miscentur,
1041 4246 1106 4298 ut
1123 4241 1405 4298 diximus.
1435 4240 1920 4313 Temperatioues
1932 4254 2074 4297 vero

418 4346 547 4405 qua
572 4331 799 4388 ratione
828 4346 953 4388 non
970 4334 1111 4387 sunt
1138 4329 1411 4398 materia,
1433 4345 1625 4402 neque
1650 4329 2073 4386 admistionem

418 4419 722 4491 suscipere
750 4418 1051 4485 dicuntur,
1079 4419 1183 4475 sed
1228 4434 1354 4491 qua
1376 4417 1603 4475 ratione
1635 4422 1774 4475 sunt
1804 4418 2069 4491 proprie-

414 4511 565 4566 tates
589 4506 873 4581 qualitate
901 4506 1169 4579 quadam
1198 4506 1460 4580 praeditas
1488 4511 1547 4563 et
1564 4506 1901 4565 habilitates
1928 4523 2068 4581 quae

2197 3351 2332 3423 conj
2341 3351 2612 3409 unctiore
2621 3354 2678 3409 et
2700 3350 2949 3424 propria
2962 3349 3065 3407 illa
3077 3366 3215 3424 quas
3231 3355 3371 3406 sunt
3391 3350 3799 3424 simpliciora,
3810 3370 3863 3427 et

2196 3456 2235 3496 a
2260 3439 2790 3513 longinquioribus
2819 3444 3066 3513 propter
3114 3438 3628 3512 temperationum
3660 3443 3860 3500 multi-

2195 3528 2412 3603 plicem
2441 3529 2791 3587 varietatem
2811 3528 3007 3600 magis
3021 3532 3256 3587 remota
3279 3533 3420 3586 sunt
3434 3528 3769 3604 simplicia.
3798 3535 3860 3589 Ut

2194 3619 2355 3676 enim
2374 3635 2471 3676 res
2491 3619 2842 3677 exsisterent
2858 3619 2943 3675 ita
2956 3634 3090 3676 esse
3108 3618 3388 3692 oportuit.
3406 3618 3569 3675 Nam
3591 3622 3855 3691 metalla,

2189 3707 2443 3782 lapides,
2476 3709 2718 3782 plantas,
2741 3708 2965 3767 olerum
2982 3712 3040 3765 et
3054 3707 3380 3780 graminum
3399 3708 3586 3782 copia
3598 3714 3661 3767 et
3692 3716 3857 3784 quot-

2190 3803 2338 3871 quot
2349 3798 2680 3856 inanimata
2690 3799 2880 3872 possit
2893 3797 3107 3872 aliquis
3117 3812 3447 3865 recensere,
3460 3797 3757 3868 humore,
3770 3800 3854 3856 fri-

2190 3900 2356 3957 gore,
2383 3886 2663 3958 siccitate,
2684 3887 2922 3945 raritate
2962 3890 3020 3942 et
3045 3885 3342 3943 exsistunt
3370 3891 3433 3943 et
3453 3886 3855 3946 immutantur

2188 3979 2246 4033 et
2264 3981 2597 4047 augescunt
2624 3980 2681 4033 et
2708 3976 3063 4033 consistunt.
3080 3978 3304 4033 Natura
3330 3990 3470 4032 vero
3485 3990 3622 4034 non
3648 3978 3857 4035 imme-

2187 4064 2347 4123 diate
2371 4082 2445 4123 ex
2470 4065 2630 4138 igne,
2662 4081 2821 4135 aere,
2876 4080 3041 4138 aqua
3100 4068 3158 4122 et
3182 4069 3358 4135 terra,
3388 4079 3496 4137 per
3558 4070 3859 4142 tempera.

2184 4155 2374 4213 tiones
2416 4154 2704 4212 animalia
2739 4154 3096 4228 temperavit
3123 4158 3181 4211 et
3224 4153 3529 4225 conﬂavit,
3562 4156 3679 4213 sed
3708 4159 3856 4215 inter

2182 4244 2394 4318 positis
2412 4244 2608 4302 succis
2638 4259 2746 4300 seu
2768 4243 3151 4302 humoribus.
3177 4247 3260 4301 Ac
3279 4243 3571 4301 continuo
3600 4246 3855 4318 quidem

2181 4350 2254 4391 ex
2283 4333 2660 4404 humoribus,
2681 4333 2901 4390 deinde
2917 4348 3058 4391 vero
3075 4332 3616 4391 intervenientibus
3630 4335 3850 4393 hum

2177 4423 2365 4493 ribus,
2396 4423 2716 4495 alimentis,
2744 4427 2804 4480 et
2828 4422 3068 4495 longius
3096 4421 3338 4480 remotis
3365 4420 3695 4481 elementis
3716 4431 3851 4483 tan-

2176 4528 2364 4585 quam
2388 4512 2697 4587 principiis
2730 4511 2836 4569 illa
2858 4500 3188 4585 componit.
3215 4514 3367 4569 Nam
3388 4511 3451 4567 in
3490 4527 3690 4571 carne
3716 4530 3851 4588 par-

411 4596 801 4671 impelluntur
830 4600 888 4654 et
907 4595 1178 4666 miscent,
1207 4595 1328 4652 alia
1369 4596 1486 4653 hoc
1526 4595 1622 4653 vel
1640 4595 1739 4653 illo
1763 4595 1947 4654 modo
1964 4596 2068 4654 ad-
2098 4610 2145 4668 ι)
2176 4603 2283 4661 tim
2303 4608 2479 4675 terra,
2506 4602 2725 4677 partim
2748 4602 2924 4673 ignis,
2946 4601 3166 4675 partim
3190 4617 3374 4673 aqua,
3403 4602 3634 4675 partim
3661 4605 3848 4662 etiam

410 4686 751 4745 mistionem
799 4684 1102 4759 suscipere
1154 4684 1453 4743 dicuntur.
1511 4685 1915 4753 Quamobrem
1943 4685 2065 4760 pri-

406 4793 510 4835 mo
538 4782 595 4835 et
614 4774 977 4850 simpliciore
1029 4774 1237 4843 modo,
1287 4774 1528 4849 plantae,
1577 4773 1838 4842 metalla,
1869 4778 1928 4832 et
1946 4774 2065 4833 alia

404 4882 541 4941 quae
576 4865 853 4940 superius
883 4864 1168 4936 diximus,
1200 4879 1275 4921 ex
1289 4868 1507 4922 natura
1536 4864 1821 4938 primum,
1844 4864 2062 4922 deinde

403 4973 477 5015 ex
497 4956 804 5015 elementis
850 4969 959 5028 per
999 4954 1464 5028 temperationes
1513 4954 1577 5012 in
1622 4971 1824 5014 rerum
1842 4960 2062 5013 natura

401 5045 715 5115 exsistunt,
746 5044 1035 5102 nimirum
1081 5043 1227 5117 quia
1285 5044 1694 5102 animantibus
1727 5045 1839 5102 ista
1867 5044 2058 5102 multo

401 5140 543 5193 sunt
569 5131 956 5207 simpliciora.
992 5132 1108 5191 Sed
1148 5133 1433 5192 animalia
1480 5149 1602 5191 non
1627 5132 1711 5191 ita
1737 5132 2045 5193 exsistunt.

395 5224 629 5283 Etenim
669 5228 888 5282 natura
946 5226 1147 5280 movet
1198 5222 1512 5294 elementa,
1556 5223 1685 5280 hmo
1710 5227 1914 5281 autem
1944 5224 2052 5283 ali-

395 5319 601 5372 menta
630 5317 895 5382 movent,
922 5310 1207 5370 alimenta
1218 5328 1361 5370 vero
1372 5312 1678 5384 humores,
1705 5328 1778 5369 ex
1806 5312 2051 5371 alimen-

393 5403 469 5460 tis
498 5401 748 5459 demum
776 5400 1200 5458 ethumoribus
1212 5401 1498 5459 animalia
1509 5406 1806 5472 constant,
1833 5403 2049 5461 Princi-

393 5490 498 5563 pio
526 5489 776 5563 quidem
799 5505 873 5546 ex
896 5489 1091 5546 succis
1118 5489 1198 5547 ab
1228 5489 1556 5561 elementis,
1583 5489 1802 5549 deinde
1839 5507 1913 5549 ex
1939 5492 2047 5551 ali-

393 5578 613 5637 mentis
649 5582 707 5636 et
736 5578 954 5645 succis,
985 5578 1091 5635 sed
1135 5593 1244 5652 per
1291 5581 1809 5655 temperationem.
1859 5583 2046 5641 Nemo

392 5668 555 5731 enim
600 5669 801 5728 mente
868 5665 1157 5740 praeditus
1215 5666 1443 5743 aliquid
1494 5669 1778 5743 intelliget
1812 5670 2046 5747 absque

2173 4707 2277 4750 aer
2294 4693 2470 4760 inest,
2491 4708 2627 4767 quas
2656 4691 2904 4765 quidem
2933 4695 3076 4748 sunt
3110 4691 3374 4749 obscura
3400 4690 3451 4746 si
3482 4691 3569 4748 ad
3592 4707 3847 4751 sensum

2173 4784 2230 4837 et
2252 4780 2602 4854 qualitatem
2627 4779 2874 4847 referas,
2925 4778 3031 4836 sed
3061 4778 3111 4835 si
3134 4778 3214 4837 ad
3267 4778 3588 4837 veritatem
3613 4781 3847 4839 referas

2170 4868 2455 4941 cognosci
2466 4867 2900 4941 etdeprehendi
2915 4866 3368 4941 possunt.Quod
3388 4866 3559 4924 enim
3578 4867 3847 4928 incarne

2166 4957 2346 5031 ignis,
2370 4973 2494 5022 aer,
2517 4972 2678 5031 aqua
2693 4962 2755 5015 et
2764 4962 2919 5015 terra
2932 4957 3135 5026 insint,
3149 4972 3224 5013 ex
3242 4971 3314 5013 eo
3333 4954 3503 5029 quod
3535 4956 3847 5017 dissoluta

2167 5065 2349 5108 carne
2370 5048 2784 5107 dissolvuntur
2806 5049 3094 5107 humores
3112 5047 3429 5106 manifeste
3457 5047 3845 5123 intelligitur.

2166 5141 2459 5197 Humores
2508 5154 2652 5196 vero
2710 5137 2984 5195 dissoluti
3035 5137 3469 5209 recolligantur
3517 5138 3591 5195 in
3619 5139 3730 5197 illa
3768 5154 3839 5197 ex

2162 5228 2386 5302 quibus
2410 5232 2704 5286 constant.
2733 5231 2925 5294 Quare
2966 5243 3108 5284 cum
3155 5242 3294 5285 caro
3325 5226 3375 5282 si
3401 5241 3511 5299 per
3540 5227 3846 5286 humores

2161 5317 2422 5376 conﬂata
2437 5334 2512 5375 ex
2534 5319 2692 5389 igne,
2718 5322 2898 5387 terra,
2953 5332 3093 5375 aere
3134 5321 3194 5374 et
3245 5331 3427 5390 aqua,
3479 5318 3845 5376 exsistentia

2157 5407 2315 5466 illius
2331 5423 2405 5465 ex
2418 5407 2532 5465 illis
2542 5423 2616 5464 ex
2627 5406 2850 5482 quibus
2859 5406 3146 5464 humores
3159 5409 3301 5463 sunt
3308 5404 3557 5462 conﬂati
3570 5412 3841 5465 constat.

2225 5501 2285 5554 7.
2334 5500 2557 5556 Natura
2601 5497 2782 5569 igitur
2821 5511 2932 5571 per
2976 5496 3266 5553 humores
3319 5510 3398 5552 ex
3445 5494 3616 5566 igne,
3677 5510 3836 5563 aere,

2155 5602 2319 5662 aqua
2337 5590 2396 5646 et
2414 5590 2570 5645 terra
2588 5590 2655 5645 ut
2675 5585 2966 5645 animalia
2981 5575 3338 5643 exsisterent
3354 5583 3581 5652 effecit,
3601 5589 3837 5659 tempe-

2156 5677 2463 5743 rationum
2515 5680 2723 5738 autem
2783 5674 3250 5752 proprietatibus
3286 5673 3450 5737 varie
3486 5677 3837 5750 temperata
