3932 6326
117 331 265 386 1297

115 452 348 526 δέδωκε,
406 454 640 529 κράσεων
718 451 779 509 δε
847 451 1103 529 ἰδιώμασι
1155 455 1399 517 ποικίλως
1461 454 1777 531 ἓκραθησαν.

113 543 208 598 Ἐν
246 547 347 621 γὰρ
401 551 464 616 τῇ
521 546 674 616 φύσει
733 547 1046 616 συνάγονται
1101 546 1290 612 πάντα,
1345 545 1412 608 ὥς
1474 544 1524 596 ἐν
1587 548 1779 618 κέντρῳ

111 653 175 685 τε
233 639 322 686 καὶ
378 631 548 709 ἀρχῇ,
606 633 910 708 μερίζονται
986 631 1046 687 δε
1098 633 1187 687 ἀπ’
1260 633 1488 693 ἀλλήλων
1537 631 1630 688 διὰ
1679 642 1778 686 τῶν

111 723 356 795 κράσεων
411 741 425 756 ·
483 724 618 775 οὕτω
663 725 764 798 γὰρ
819 727 908 776 καὶ
963 719 1212 796 διχόνοια
1265 726 1465 785 τούτοις
1518 728 1608 776 καὶ
1666 720 1782 776 διά-

113 831 258 885 φορα
310 814 378 864 τὰ
437 812 722 884 ὁρμήματα
778 829 790 842 ·
823 816 882 865 τὸ
933 816 1034 886 γὰρ
1089 815 1346 886 μάχιμον,
1381 817 1438 868 τὸ
1487 813 1780 866 πλεονεκτι-

113 905 233 969 κὸν,
318 905 406 955 τόν
460 900 800 960 ἀκοινώνητον
878 908 968 956 καὶ
1023 907 1090 956 τὰ
1166 905 1311 977 ἔτερα
1384 907 1599 978 φύσεως,
1671 911 1783 964 πῶς

114 987 272 1044 δοκεῖ
319 993 348 1050 ἡ
409 989 459 1044 ἓν
511 991 650 1063 αύτῷ
694 994 897 1064 ἔχουσα
951 997 1042 1045 καὶ
1097 996 1402 1064 συνάγουσα
1452 998 1541 1046 καὶ
1597 993 1782 1047 ἐνοῦσα

108 1083 290 1133 πάντα
363 1083 638 1154 μάχεσθαι
689 1087 779 1134 καὶ
835 1081 1146 1136 πλεονεκτεῖν
1211 1089 1303 1136 καὶ
1371 1088 1442 1156 μὴ
1525 1091 1779 1136 κοινωνεῖν

111 1174 424 1244 προτρέπειν
502 1170 635 1222 αύτά
694 1188 708 1238 ;
759 1169 1045 1225 Ἀδύνατον
1114 1193 1129 1206 ο
1190 1171 1318 1226 ἀλλὰ
1387 1180 1553 1226 ταῦτα
1611 1175 1783 1225 πάντα

65 1250 68 1253 ’
113 1263 210 1311 καὶ
260 1261 325 1312 τὰ
365 1258 524 1312 πλείω
583 1262 778 1312 τούτων
831 1269 931 1312 τῶν
981 1263 1215 1336 κράσεων
1261 1283 1273 1296 ·
1322 1266 1478 1335 φύσις
1543 1267 1634 1314 καὶ
1681 1264 1779 1335 γὰρ

117 1344 273 1400 οὐδὲν
344 1347 412 1408 εἰς
468 1352 603 1409 τέλος
661 1353 818 1402 κακόν
889 1348 1120 1422 ἐποίησε,
1190 1353 1362 1404 πάντα
1441 1348 1500 1404 δε
1568 1371 1628 1422 γε
1693 1355 1782 1403 καὶ

113 1435 235 1488 λίαν
279 1437 448 1498 καλῶς
496 1437 569 1499 εἰς
611 1441 672 1490 τὸ
726 1437 854 1490 εἶναι
911 1446 1236 1515 παρήγαγεν,
1307 1439 1361 1492 ἐκ
1416 1449 1507 1500 τῆς
1571 1445 1782 1512 πρώτης

113 1528 212 1610 καὶ
280 1529 468 1598 κυρίας
543 1526 748 1577 πάντων
828 1525 1005 1600 ἀρχῆς
1060 1527 1296 1581 λαϐοῦσα
1384 1533 1480 1587 τὴν
1536 1525 1780 1600 δύναμιν.

132 1619 177 1665 II
265 1609 324 1666 δε
381 1621 478 1666 τῶν
525 1617 759 1690 κράσεων
823 1616 1078 1686 ποικιλία,
1135 1625 1353 1691 μιγεῖσα
1407 1625 1469 1690 τῇ
1530 1614 1780 1686 ἰδιότητι,

116 1700 286 1755 πολλὰ
332 1704 400 1755 τὰ
450 1707 522 1776 μὴ
570 1704 840 1781 ὁμότροπα
883 1709 1022 1780 ἔφερε

117 1794 345 1864 κράσεσι

1081 1727 1094 1740 ο
1140 1710 1469 1780 καινοτομίαι
1513 1709 1614 1780 γὰρ
1671 1713 1782 1768 ταῖς

423 1794 854 1866 συνυπάρχουσιν
925 1796 1130 1870 ἄπειροι
1187 1818 1200 1830 ο
1251 1797 1456 1871 ἄπειροι
1543 1798 1644 1869 γὰρ
1726 1797 1780 1847 αἱ

118 1882 354 1953 κράσεις,
423 1886 512 1934 καὶ
576 1884 744 1944 καθὼς
792 1886 858 1936 τὰ
913 1892 1158 1958 στοιχεῖα
1199 1888 1344 1960 παρὰ
1402 1894 1498 1948 τῆς
1553 1887 1774 1958 φύσεως,

117 1970 310 2042 ἄπειρα
362 1965 420 2022 δε
447 1990 511 2024 τα
547 1969 724 2024 ἐκτῶν
775 1979 1075 2045 στοιχείων,
1132 1975 1264 2028 οὕτω
1316 1971 1384 2033 δὴ
1423 1979 1513 2026 καὶ
1556 1975 1776 2048 κράσεις

118 2057 170 2112 ἓν
201 2066 307 2121 τοῖς
367 2063 671 2132 στοιχείοις,
727 2063 918 2138 ἄπειρα
969 2059 1028 2116 δὲ
1077 2066 1141 2116 τὰ
1182 2073 1280 2116 τῶν
1335 2065 1566 2139 κράσεων
1632 2059 1776 2116 ἰδιώ-

119 2168 282 2222 ματα.
334 2151 430 2202 Διὰ
484 2157 636 2204 τοῦτο
691 2155 780 2204 καὶ
865 2150 914 2203 ἐν
993 2153 1284 2226 μετάλλοις,
1345 2159 1436 2206 καὶ
1483 2152 1531 2206 ἓν
1591 2152 1778 2222 λίθοις,

121 2241 218 2290 καὶ
269 2236 318 2290 ἕν
372 2245 572 2311 φυτοῖς,
629 2245 720 2293 καὶ
781 2249 1016 2315 τροφαῖς,
1069 2247 1159 2294 καὶ
1213 2241 1260 2295 ἐν
1307 2249 1526 2316 χυμοῖς,
1582 2246 1673 2294 καὶ
1730 2240 1778 2293 ἐν

121 2327 275 2388 ζώοις
342 2329 371 2386 ἡ
462 2336 563 2380 τῶν
647 2331 880 2402 κράσεων
967 2329 1178 2405 ἀπειρία
1258 2332 1420 2399 ἔστιν,
1501 2334 1609 2393 ἣτις
1691 2335 1780 2383 καὶ

120 2415 372 2469 ποικίλλει
435 2416 735 2492 πολυμερῶς
802 2421 868 2472 τά
940 2439 995 2472 τε
1049 2427 1288 2494 σώματα,
1345 2423 1412 2474 τά
1484 2440 1538 2474 τε
1617 2422 1778 2496 ὁρμη-

120 2525 284 2579 ματα,
377 2507 442 2558 τά
521 2525 576 2560 τε
643 2504 927 2582 ἰδιώματα,
1011 2512 1102 2572 τάς
1158 2529 1212 2562 τε
1269 2509 1540 2584 ἐνεργείας,
1614 2512 1679 2564 τά
1726 2527 1781 2562 τε

120 2599 380 2668 νοήματα,
447 2597 541 2658 τὰς
618 2617 673 2650 τε
721 2603 957 2671 σχέσεις,
1019 2602 1085 2652 τά
1135 2619 1189 2653 τε
1247 2605 1522 2672 σχήματα,
1581 2602 1671 2662 τάς
1723 2619 1780 2653 τε

121 2685 290 2760 ῥοπὰς
328 2688 417 2738 καὶ
446 2685 561 2739 καθ’
610 2687 726 2750 ἑξῆς
755 2687 974 2760 ἅπαντα,
1035 2693 1124 2742 καὶ
1179 2692 1393 2762 συνάγει
1461 2686 1556 2743 διὰ
1613 2696 1781 2743 ταῦτα

125 2892 284 2946 sunt.
316 2892 466 2948 Nam
489 2889 782 2947 innatura
801 2890 1008 2947 omnia
1019 2891 1384 2964 copulantur.
1410 2897 1700 2966 tanquam
1713 2893 1774 2949 in

126 2983 329 3036 centro
353 2994 422 3037 ac
455 2979 771 3052 principio,
806 2979 915 3036 sed
944 2979 1064 3036 alia
1122 2980 1201 3038 ab
1242 2981 1372 3038 aliis
1421 2985 1778 3055 separantur

125 3083 232 3142 per
261 3068 739 3164 temperationes.
771 3069 920 3125 Hinc
949 3069 1109 3125 enim
1134 3069 1356 3140 ingenii
1421 3075 1477 3127 et
1522 3086 1777 3144 propen-
1810 3108 1850 3164 ρ

125 3157 310 3213 sionis
338 3157 399 3212 in
423 3157 605 3220 rebus
633 3157 968 3214 diversitas.
991 3161 1140 3215 Nam
1178 3159 1343 3232 quod
1387 3160 1450 3216 in
1491 3160 1670 3216 rebus
1691 3165 1778 3216 est

126 3245 469 3319 proclivitas
497 3246 576 3304 ad
605 3247 990 3314 discordiam,
1023 3247 1102 3304 ad
1118 3249 1495 3321 superiorum
1514 3249 1776 3321 partium

128 3335 590 3406 aﬂ‘ectationem,
626 3337 704 3394 ad
720 3339 1162 3395 distinctionem
1184 3344 1240 3395 et
1258 3339 1375 3396 alia
1397 3340 1634 3407 similia,
1663 3339 1776 3395 hoc

125 3431 281 3482 certe
299 3430 526 3483 naturae
545 3442 668 3485 non
689 3432 775 3484 est
790 3427 1335 3496 tribuendum.Quo
1358 3433 1552 3502 pacto,
1569 3443 1777 3502 quaeso

124 3519 343 3572 natura
370 3531 510 3588 quae
540 3515 600 3572 in
635 3533 698 3573 se
723 3517 1180 3590 comprehendit
1209 3523 1267 3573 et
1307 3517 1528 3588 colligit
1573 3517 1778 3574 omnia

125 3609 184 3660 et
213 3604 493 3660 omnibus
514 3604 617 3662 dat
644 3607 984 3676 essentiam,
1018 3606 1204 3662 videri
1235 3607 1424 3679 possit
1473 3606 1778 3678 impellere

127 3693 333 3751 omnia
360 3694 438 3750 ad
465 3695 848 3768 discordiam,
879 3696 958 3752 ad
989 3697 1368 3768 superiorum
1400 3696 1659 3769 partium
1686 3695 1779 3752 af-

126 3782 505 3839 fectationem
534 3788 591 3840 et
617 3784 1079 3856 disjunctionem
1104 3785 1132 3841 ‘I
1163 3789 1282 3842 Hoc
1313 3789 1467 3841 certe
1516 3784 1645 3842 ﬁeri
1680 3800 1780 3840 ne-

127 3872 274 3944 quit.
299 3873 412 3929 Sed
443 3874 554 3930 ista
580 3879 636 3929 et
680 3874 807 3930 istis
857 3875 1033 3947 plura
1081 3875 1197 3932 alia
1245 3874 1780 3947 temperationibus

129 3964 273 4015 sunt
299 3959 640 4017 tribuenda.
661 3961 887 4018 Etenim
906 3968 1122 4020 natura
1146 3963 1456 4036 proposito
1481 3963 1600 4018 ﬁne
1616 3961 1780 4018 malo

128 4047 278 4105 nihil
307 4065 579 4122 unquam
616 4050 810 4107 faccre
840 4067 1128 4122 aggressa
1153 4056 1260 4119 est,
1295 4052 1402 4108 sed
1423 4052 1630 4108 omnia
1652 4051 1782 4124 pul-

132 4136 333 4196 chrius
369 4153 556 4211 quam
579 4137 696 4195 dici
720 4141 909 4212 possit
935 4141 995 4196 in
1022 4141 1216 4196 lucem
1287 4140 1492 4207 edidit,
1538 4145 1783 4213 accepta

131 4225 419 4283 nimirum
446 4227 725 4284 facultate
756 4245 792 4286 a
822 4230 1018 4302 primo
1037 4229 1136 4285 illo
1165 4233 1222 4286 et
1249 4230 1554 4303 praecipuo
1579 4245 1780 4286 rerum

132 4315 408 4370 omnium
435 4315 1286 4390 principio.Temperationum
1310 4323 1510 4374 autem
1526 4317 1779 4374 varietas

130 4417 272 4458 cum
310 4404 669 4476 proprietate
698 4405 894 4472 mista,
927 4421 1050 4463 non
1064 4407 1242 4462 unius
1265 4407 1593 4480 similisque
1612 4406 1778 4463 modi

128 4507 227 4547 res
254 4492 474 4550 multas
502 4494 703 4550 edidit.
735 4497 883 4552 Nam
928 4497 1387 4568 temperationes
1417 4513 1621 4554 secum
1654 4501 1777 4554 tra-

125 4581 280 4637 hunt
303 4599 541 4656 semper
565 4584 830 4641 inﬁnitas
858 4601 1058 4641 rerum
1097 4601 1392 4642 novarum
1419 4587 1774 4644 molitiones.

129 4672 460 4729 Suntenim
484 4672 728 4730 inﬁnitae
769 4675 1250 4747 temperationes.
1281 4679 1345 4732 Et
1384 4677 1778 4749 quemadmo-

125 4760 277 4816 dum
308 4761 602 4820 elementa
627 4779 663 4820 a
687 4764 1220 4834 naturaexsistunt,
1252 4764 1359 4822 sed
1398 4765 1778 4822 suntinﬁnita

127 4867 269 4925 qum
299 4867 371 4907 ex
398 4851 704 4909 elementis
722 4858 1186 4926 componuntur,
1203 4854 1283 4911 ita
1295 4854 1473 4910 etiam
1488 4858 1778 4927 tempera-

126 4943 324 4999 tiones
353 4945 493 4998 sunt
522 4942 582 4998 in
613 4942 939 5015 elementis,
983 4943 1088 5000 sed
1111 4948 1250 5000 sunt
1275 4944 1521 5000 inﬁnitae
1552 4948 1777 5016 tempe-

125 5031 432 5088 rationum
459 5031 874 5104 proprietates.
900 5032 1125 5088 Idcirco
1153 5033 1211 5088 in
1245 5031 1518 5097 metallis,
1562 5030 1776 5103 lapidi-

123 5121 269 5187 bus,
301 5120 544 5194 plantis,
567 5121 886 5187 alimentis,
917 5122 1266 5179 humoribus
1307 5126 1364 5179 et
1415 5120 1779 5178 animalibus

124 5209 376 5270 inﬁnitae
410 5217 549 5269 sunt
580 5213 1187 5286 temperationesquee
1219 5213 1560 5268 varietatem
1582 5209 1779 5266 multi-

123 5304 346 5379 plicem
377 5303 638 5360 afferunt
652 5302 1026 5376 corporibus,
1051 5302 1494 5359 incitationibus
1507 5299 1778 5356 volunta-

122 5394 248 5464 riis,
283 5392 764 5466 proprietatibus,
796 5393 1152 5460 actionibus,
1176 5390 1774 5464 apprehensionibus,

121 5484 560 5548 habilitatibus,
590 5483 820 5554 ﬁguris,
849 5481 1376 5556 propensionibus,
1430 5486 1486 5536 et
1534 5480 1778 5553 reliquis

121 5575 436 5634 omnibus.
463 5575 834 5646 Quapropter
855 5572 1316 5642 temperationes
1339 5573 1683 5629 varietatem
1718 5573 1778 5628 in

120 5679 332 5724 rerum
363 5668 646 5722 naturam
675 5662 1080 5732 introducunt,
1113 5665 1170 5718 et
1194 5661 1539 5718 uniusmodi
1577 5677 1778 5719 rerum

1002 329 1355 388 THEODORI
1393 330 1439 386 II
1480 329 1611 388 IMP.
1645 330 1735 386 DE
1795 329 2248 388 COMKUNIONE
2299 332 2677 392 NATURALI.

3411 333 3548 387 {298

1890 457 1948 508 τὸ
1998 455 2252 522 ποικίλον,
2282 460 2372 509 καὶ
2410 455 2580 528 ἐξάγει
2623 460 2682 510 τὸ
2748 456 2957 511 ἐνιαῖον.
3008 456 3069 511 Εἰ
3103 457 3204 530 γὰρ
3249 457 3317 516 ὡς
3369 453 3416 506 ἐν
3478 462 3542 528 τῇ

1893 547 2066 619 φύσει,
2155 548 2235 598 ὅτι
2312 554 2406 608 τῆς
2489 549 2689 620 φύσεως
2752 545 3001 617 ἐνοῦνται,
3080 545 3280 605 ἐνιαίως
3345 543 3551 596 ἅπαντα

1891 639 2157 710 ὑπῆρχον,
2188 641 2278 689 καὶ
2308 637 2358 689 ἐν
2396 643 2512 699 ταῖς
2565 638 2790 711 κράσεσι
2844 639 2980 688 κατὰ
3031 638 3185 708 φύσιν
3235 634 3296 686 ἂν
3364 636 3552 707 ἔπρατ-

1891 743 2000 788 τον,
2075 727 2155 777 ότι
2252 721 2314 778 δέ
2362 744 2422 797 γε
2489 725 2818 778 ποικίλλουσι
2875 732 3043 777 ταῦτα
3097 725 3330 796 κράσεις,
3386 720 3550 773 πολλὰ

1895 815 2293 884 συνεισάγονται
2366 816 2538 867 ἄτοπα
2624 820 2714 867 καὶ⁵
2785 813 3086 888 ἀπροσφυῆ,
3149 811 3312 864 πολλὰ
3379 807 3438 862 δὲ
3485 830 3546 881 γε

1893 907 1984 955 καὶ
2072 900 2332 974 ἀναγκαῖα
2394 907 2484 956 καὶ
2544 912 2808 977 προσφυῇ,
2892 905 3022 956 ὥστε
3075 905 3132 954 τό
3211 901 3346 952 κατὰ
3394 902 3549 972 φύσιν

1893 992 2188 1065 τελούμενον
2247 992 2402 1046 ἐκεῖνο
2459 998 2550 1046 καὶ
2637 992 2935 1066 ἀναγκαῖον,
2992 995 3049 1044 τὸ
3105 988 3164 1044 δε
3218 992 3355 1042 κατὰ
3426 993 3550 1063 κρᾶ-

1896 1101 1980 1134 σιν
2034 1079 2129 1134 διὰ
2189 1086 2247 1135 τό
2299 1082 2562 1135 ποικίλλον
2627 1083 2720 1135 ούκ
2781 1081 2860 1134 ἀεὶ
2921 1081 3218 1153 ἀναγκαῖον.
3275 1079 3410 1131 Ἀλλ’
3466 1079 3550 1131 ὅτε

2906 1171 3115 1244 φυλάξει
3161 1172 3219 1223 τό
3265 1169 3404 1230 τελος
3455 1175 3547 1220 τοῦ

1895 1263 2222 1336 πράγματος,
2281 1262 2350 1322 εἰς
2405 1261 2431 1314 ὃ
2485 1258 2756 1314 ἀπιδοῦσα
2791 1263 2821 1320 ἡ
2873 1264 3048 1334 φύσις,
3107 1267 3260 1312 τοῦτο
3307 1259 3548 1329 γενέσθαι

1895 1351 2128 1410 ἐκίνησεν
2182 1355 2333 1405 αἴσια
2380 1351 2495 1410 τέλη
2537 1353 2684 1420 τελεῖ,
2734 1354 2854 1405 ὅταν
2913 1349 2972 1405 δε
3022 1357 3138 1412 ταῖς
3195 1345 3547 1422 ἰδιοτροπίαις

1897 1437 2063 1512 ἀπίδῃ
2139 1445 2225 1493 καὶ
2312 1440 2443 1514 λάϐῃ
2517 1439 2702 1494 ἐκεῖθεν
2782 1446 2876 1499 τὴν
2955 1445 3166 1512 σχέσιν,
3221 1437 3547 1512 παρεκκλίνει

1896 1537 1989 1582 τοῦ
2060 1526 2286 1590 δέοντος.
2341 1527 2546 1591 Μηδεὶς
2593 1527 2652 1583 δὲ
2717 1533 3042 1583 ύποτοπάσει
3098 1531 3178 1581 ὅτι
3230 1530 3285 1580 αἱ
3331 1529 3547 1602 κράσεις

1893 1176 1983 1224 καὶ
2017 1171 2160 1244 αύτὴῆ
2191 1173 2220 1230 ἡ
2269 1179 2454 1246 κρᾶσις
2509 1171 2770 1246 εἰλικρινὲς
2832 1194 2844 1206 ’

1897 1619 2025 1691 οὐχὶ
2101 1628 2192 1682 τῆς
2267 1622 2463 1693 φύσεώς
2531 1620 2632 1672 εἰσι
2706 1620 2936 1693 (λέγομεν
2991 1622 3055 1680 ὡς
3108 1617 3156 1672 ἐν
3208 1627 3280 1689 τῷ
3333 1615 3546 1692 διέρχε-

1899 1711 2024 1762 σθαι
2084 1713 2202 1771 τοὺς
2247 1706 2417 1768 τῆσδε
2457 1710 2657 1782 λόγους)
2693 1732 2704 1743 ·
2760 1718 2910 1762 τοῦτο
2957 1711 3058 1781 γὰρ
3113 1709 3303 1760 ἄτοπον
3363 1728 3376 1740 ο
3435 1714 3545 1768 πῶς

1893 1802 1995 1872 γὰρ
2073 1799 2132 1852 ού
2179 1802 2323 1875 παρά
2362 1809 2451 1861 τῆς
2499 1803 2700 1872 φύσεως
2771 1803 2865 1862 τὰς
2909 1801 3124 1873 κράσεις
3172 1800 3312 1868 ἔχειν
3365 1798 3544 1868 ὡρμή-

1897 1908 2056 1962 σαμεν
2125 1887 2185 1940 ἂν
2267 1889 2422 1941 εἰπεῖν
2479 1894 2572 1948 τὴν
2634 1889 2906 1956 ὀντότητα,
2977 1890 3067 1949 τὰς
3114 1889 3306 1960 μικτὰς
3362 1889 3432 1958 μὴ
3490 1882 3544 1936 ἐκ

1893 1986 1984 2039 τῆς
2065 1978 2228 2039 ἁπλῆς
2274 1996 2287 2033 :
2340 1979 2608 2051 Ἀπαγέτω
2679 1981 2704 2031 ὁ
2773 1982 2938 2041 οὕτως
2989 1977 3272 2038 ἀπατηθεὶς
3345 1978 3402 2027 τὸ
3459 1971 3544 2026 ἀν-

1894 2071 2295 2139 επιστημονικὸν
2366 2072 2455 2120 καὶ
2523 2067 2773 2142 ἐρευνάτω
2845 2070 2905 2120 τό
2973 2065 3172 2127 ἀληθές.
3243 2063 3378 2118 Ἀλλ’
3438 2063 3538 2116 εἰσί

1890 2159 2124 2232 κράσεις,
2159 2159 2272 2209 ἔστι
2322 2153 2379 2209 δε
2445 2161 2534 2210 καὶ
2608 2159 2780 2229 φύσις,
2836 2158 3082 2216 ὡσαύτως
3149 2151 3207 2207 δὲ
3260 2174 3349 2206 και
3403 2171 3543 2205 στοι-

1888 2253 2016 2318 χεῖα
2079 2266 2093 2280 ·
2153 2249 2358 2320 κέντρον
2423 2247 2522 2321 γὰρ
2607 2250 2696 2298 καὶ
2789 2244 2931 2320 ἁρχὴ
3005 2247 3156 2316 φύσις
3205 2243 3538 2313 ἁπανταχοῦ,

1888 2341 2058 2386 ταῦτα
2115 2330 2174 2388 δε
2212 2336 2379 2393 πάντη
2422 2339 2538 2410 περὶ
2594 2334 2755 2392 αὐτὴν
2813 2337 2883 2396 ὡς
2931 2333 2978 2386 ἐν
3041 2332 3112 2386 ἑνὶ
3155 2333 3283 2404 ἡλίῳ
3328 2328 3541 2404 ἀτμίδες

1889 2422 1944 2486 ἐξ
1992 2425 2277 2498 ὑγρότητος
2327 2424 2356 2483 ἣ
2410 2423 2624 2497 αὐχμοῦ
2681 2422 3044 2499 ἀνερχόμεναι,
3106 2425 3338 2474 κὰκείοεν
3389 2417 3541 2482 αὖθις

1891 2509 2250 2584 διαλυόμεναι,
2349 2517 2439 2566 καὶ
2522 2516 2651 2586 πρὸς
2721 2516 2908 2588 μικρὸν
2992 2515 3356 2584 συναγόμεναι,
3451 2515 3541 2562 καὶ

1889 2605 2053 2664 οὕτως
2133 2604 2476 2674 πεμπόμεναι,

1892 2692 2107 2764 κράσεις
2183 2693 2285 2764 γὰρ
2378 2695 2588 2764 σχέσεις
2657 2695 2745 2744 καὶ
2812 2687 3136 2764 ἱδιοτροπίαι
3220 2689 3322 2743 εἰσί
3386 2707 3538 2760 τινες,

2574 2605 2664 2654 καὶ
2756 2605 3006 2654 ποιόῠσαι
3078 2607 3228 2653 τοῦτο
3307 2597 3404 2655 ἀεί.
3477 2601 3540 2653 Αἰ

1895 2893 2376 2950 constitutionem
2392 2893 2652 2965 ejiciunt.
2685 2893 2928 2962 Si,enim
2942 2898 3008 2950 ut
3029 2894 3090 2949 in
3113 2897 3347 2962 natura,
3367 2893 3541 2965 cujus

1893 2984 2126 3040 ratione
2162 2999 2260 3040 res
2299 2983 3212 3040 omnesnaturalesunicomodo
3233 2982 3538 3049 uniuntur,

1894 3073 2264 3141 exsisterent,
2287 3073 2345 3129 in
2397 3072 2926 3143 temperationibus
2981 3071 3157 3127 etiam
3208 3071 3542 3126 secundum

1893 3165 2175 3219 naturam
2203 3166 2467 3232 egerent.
2497 3160 2607 3218 Sed
2627 3160 2774 3233 quia
2800 3161 3149 3216 varietatem
3174 3159 3287 3215 illis
3319 3164 3543 3231 tempe-

1892 3251 2155 3307 rationes
2187 3249 2698 3317 atl'erunt,idcirco
2712 3248 2898 3304 multa
2940 3247 3546 3303 introducunturino-

1894 3339 2064 3396 sitate
2089 3343 2148 3395 et
2175 3339 2390 3406 aliena,
2423 3338 2610 3394 multa
2623 3353 2866 3411 quoque
2887 3336 3225 3393 necessaria
3239 3342 3295 3391 et
3311 3341 3542 3391 natura;

1895 3427 2307 3497 congruentia.
2340 3429 2530 3492 Quare
2559 3426 2854 3500 quidquid
2908 3425 3241 3482 secundum
3265 3429 3543 3480 naturam

1897 3515 2167 3583 efﬁcitur,
2192 3516 2339 3572 illud
2363 3516 2540 3573 etiam
2564 3521 2652 3572 est
2680 3516 3114 3584 necessarium;
3139 3515 3244 3571 sed
3269 3513 3434 3587 quod
3457 3529 3545 3568 se-

1895 3606 2165 3662 cundum
2196 3606 2689 3678 temperationem
2719 3604 2990 3674 efﬁcitur,
3018 3610 3261 3678 propter
3293 3603 3543 3660 varieta-

1894 3700 2018 3753 tem
2048 3711 2170 3752 non
2201 3699 2290 3751 est
2318 3710 2556 3767 semper
2581 3696 3006 3752 necessarium.
3042 3695 3155 3751 Sed
3184 3695 3380 3766 siipsa
3403 3699 3546 3750 tem-

1894 3785 2125 3857 peratio
2161 3785 2459 3840 sincerum
2487 3784 2569 3840 rei
2598 3785 2779 3840 finem
2809 3788 3020 3852 servat,
3064 3785 3142 3840 ad
3173 3799 3353 3856 quem
3381 3797 3548 3855 spec-

1896 3881 2029 3933 tans
2045 3879 2258 3932 natura
2271 3879 2442 3930 utres
2461 3878 2888 3946 procrearetur,
2904 3874 3060 3930 viam
3076 3889 3248 3930 suam
3261 3889 3546 3944 exprom-

1897 3965 2036 4038 psit,
2072 3968 2209 4020 tunc
2234 3962 2371 4019 felix
2400 3963 2483 4018 rei
2513 3963 2704 4018 exitus
2735 3961 2883 4018 solet
2921 3961 3202 4018 exsistere
3258 3981 3272 4030 ;
3324 3963 3417 4018 sin
3465 3961 3545 4018 ad

1898 4069 2038 4112 suas
2062 4051 2454 4125 proprietates
2483 4066 2548 4106 se
2578 4051 2956 4117 convertit,et
2983 4049 3142 4106 illinc
3175 4049 3545 4107 habilitatem

1900 4146 2148 4215 accepit,
2180 4145 2323 4198 tunc
2349 4155 2385 4196 a
2412 4145 2572 4196 recto
2601 4138 2909 4196 deﬂectere
2941 4139 3108 4196 solet.
3165 4143 3351 4196 Nemo
3402 4154 3544 4196 vero

1897 4231 2192 4289 existimet
2227 4229 2289 4286 in
2315 4229 2408 4284 his
2465 4228 2834 4302 explicandis
2883 4245 2992 4284 nos
3027 4229 3223 4285 dicere
3251 4234 3542 4300 tempera-

1896 4321 2087 4378 tiones
2111 4333 2233 4375 non
2290 4333 2421 4373 esse
2475 4323 2725 4373 naturae.
2783 4320 2902 4373 Hoc
2949 4317 3108 4373 enim
3153 4324 3306 4374 esset
3337 4318 3544 4374 absur-

1895 4409 2066 4466 dum.
2102 4407 2418 4474 Quomodo
2450 4406 3155 4479 enimtemperationesid
3169 4407 3336 4480 quod
3350 4413 3542 4464 sunta

1895 4502 2112 4556 natura
2139 4495 2362 4554 habere
2409 4511 2626 4566 negare
2673 4511 2991 4568 possemus
3042 4498 3070 4553 ?
3108 4497 3357 4568 perinde
3399 4512 3469 4554 ac
3496 4497 3545 4552 si

1894 4588 2229 4644 diceremus
2261 4585 2720 4657 temperationes
2745 4600 2880 4657 quae
2912 4585 3334 4642 admistionem
3361 4585 3545 4642 susci-

1895 4677 2067 4750 piunt
2092 4691 2165 4731 ex
2195 4674 2450 4748 simplici
2479 4690 2600 4730 non
2619 4675 2871 4731 misceri.
2937 4675 3049 4740 Qui
3077 4675 3193 4732 hoc
3241 4675 3424 4732 modo
3445 4675 3544 4730 de-

1895 4770 2104 4838 ceptus
2134 4769 2221 4821 est
2252 4763 2495 4836 abjiciat
2525 4763 2930 4834 ignorantiam
2948 4767 3312 4820 etscrutetur
3331 4763 3544 4819 verita-

1895 4859 2035 4912 tem.
2068 4854 2186 4910 Sed
2214 4859 2354 4910 sunt
2381 4855 2864 4926 temperationes,
2931 4856 3020 4908 est
3071 4853 3249 4908 etiam
3304 4856 3540 4922 natura,

1896 4943 2282 5001 consimiliter
2306 4943 2484 4999 etiam
2527 4947 2668 4998 sunt
2731 4941 3043 4997 elementa.
3095 4944 3316 4997 Natura
3380 4941 3542 4996 enim

1895 5039 2166 5091 centrum
2206 5037 2295 5089 est
2323 5036 2380 5088 et
2408 5032 2790 5104 principium,
2816 5045 3201 5102 quocumque
3232 5037 3283 5086 te
3320 5034 3540 5098 vertas,

1895 5123 1995 5180 illa
2027 5139 2170 5179 vero
2200 5123 2406 5179 omnia
2427 5125 2568 5176 sunt
2591 5121 2749 5175 circa
2795 5120 2992 5189 ipsam
3036 5135 3050 5173 ε
3093 5133 3215 5174 non
3259 5134 3432 5174 secus
3459 5123 3542 5176 at-

1895 5229 2013 5285 que
2041 5213 2102 5268 in
2124 5228 2247 5268 uno
2275 5211 2397 5268 sole
2418 5210 2569 5266 radii
2591 5209 2694 5281 qui
2733 5226 2806 5264 ex
2832 5208 3102 5275 humore,
3162 5211 3267 5263 aut
3293 5223 3540 5280 vapore,

1898 5306 2002 5359 aut
2037 5306 2186 5357 aestu
2212 5300 2397 5356 exorti
2421 5314 2661 5354 sursum
2715 5313 2919 5354 versus
2965 5296 3218 5353 tendunt
3283 5301 3341 5354 et
3382 5295 3541 5352 illinc

1895 5407 2104 5448 rursus
2167 5389 2554 5461 dissipantur,
2618 5387 3031 5460 paulatimque
3087 5385 3445 5458 colliguntur
3486 5391 3544 5443 et

1895 5496 2104 5537 rursus
2127 5479 2440 5535 mittuntur
2467 5484 2647 5552 atque
2673 5493 2909 5550 semper
2936 5476 3053 5532 hoc
3088 5475 3272 5534 modo
3326 5477 3543 5533 iteran-

1897 5575 2015 5628 tur.
2042 5573 2187 5627 Sunt
2211 5568 2371 5625 enim
2401 5569 2687 5641 quaedam
2703 5567 3184 5641 temperationes,
3207 5567 3544 5626 habilitates

1897 5666 1956 5719 et
1977 5660 2390 5735 proprietates,
2422 5673 2529 5732 per
2555 5673 2709 5732 quas
2744 5658 3035 5716 uniuntur
3061 5657 3261 5716 omnia
3315 5673 3426 5731 pro
3471 5673 3543 5714 eo
