3932 6326
396 286 535 339 1299

1932 276 2292 336 ADDENDA.

3701 282 3837 340 ηω

404 404 476 460 δι’
518 407 585 458 ὧν
639 409 870 461 ἑνοῦνται
916 412 1086 462 πάντα
1150 410 1287 459 κατὰ
1329 411 1387 459 τὸ
1445 409 1686 477 πεφυκὸς,
1749 423 1838 455 και
1887 422 2055 455 ταυτα
2085 405 2130 455 Α
2159 407 2446 474 νοήσωμεν,
2511 402 2738 475 ἐμψύχῳ
2805 410 2914 458 ὅντε
2959 425 3048 458 και
3094 405 3304 477 λογικῷ.
3362 409 3432 458 τὰ
3465 416 3570 468 τῆς
3629 411 3834 479 φύσεως

403 500 490 569 μεν
550 499 729 557 οὕτως.
794 499 936 550 Ἐπεὶ
987 495 1046 550 δὲ
1100 500 1252 569 φύσιν
1323 501 1413 548 καὶ
1488 497 1701 570 κράσείς
1774 493 2052 563 πολλαχῶς

403 607 493 638 και
567 588 868 660 πολυμερῶς
934 588 1284 652 ἐξετάσαντες,
1353 590 1400 638 ἓν
1465 605 1520 638 τε
1573 591 1847 656 νοήμασιν,
1909 586 1957 638 ἓν
1999 604 2054 636 τε

405 676 601 748 λὸγοις,
655 679 704 728 ἓν
746 697 798 728 τε
862 684 1160 749 σχήμασιν,
1243 679 1290 728 ἓν
1355 696 1406 729 τε
1484 675 1808 747 ἐπιστήμαις,
1894 678 1941 725 ἓν
2000 694 2052 728 τε

411 771 715 838 στοιχεὶοις,
784 768 831 817 ἔν
878 786 929 818 τε
966 766 1153 832 λίθοις,
1203 769 1252 818 ἓν
1317 785 1372 817 τε
1413 764 1694 836 μετάλλοις,
1738 766 1787 816 ἓν
1848 783 1902 816 τε
1961 785 2056 836 φυ-

407 862 534 921 τοῖς,
568 859 616 907 ἔν
668 875 722 908 τε
760 861 989 929 τροφαῖς,
1044 859 1092 907 ἓν
1141 875 1195 908 τε
1268 863 1484 928 χυμοῖς,
1518 858 1566 906 ἓν
1623 874 1676 907 τε
1743 855 1915 923 ζώοις,
1967 874 2057 906 και

409 947 638 1017 εὑρόντες
692 953 965 1016 πανταχοῦ
1021 948 1084 997 τὰ
1121 949 1215 996 ἶσα
1277 942 1543 1016 ἰδιώματα
1602 943 1662 994 ἂν
1723 943 2060 1018 προσάλληλα

408 1039 669 1106 φέρουσιν,
749 1036 778 1092 ἠ
860 1037 1016 1106 φύσις
1081 1055 1171 1086 και
1219 1036 1271 1086 αἱ
1345 1036 1574 1108 κράσεις,
1639 1053 1730 1085 και
1777 1041 1881 1093 πῶς
1937 1052 2059 1086 ποτε

405 1130 712 1175 κοινωνοῦσι
802 1142 890 1174 και
957 1126 1093 1175 κατὰ
1144 1129 1194 1175 τί
1265 1143 1355 1175 και
1415 1122 1462 1175 ἐν
1506 1127 1632 1191 τίνι,
1682 1131 1788 1183 πῶς
1863 1120 1923 1175 δὲ
1970 1143 2059 1174 και

403 1215 528 1264 πότε
569 1232 658 1263 και
697 1216 831 1264 κατὰ
860 1217 911 1264 τί
942 1231 1033 1263 και
1091 1211 1138 1263 ἐν
1191 1216 1294 1265 τίνι
1349 1212 1408 1264 οὗ
1460 1219 1815 1279 κοινωνοῦσιν,
1870 1214 2060 1284 ὁμοίως

403 1299 578 1362 ἐξίσου
646 1302 694 1354 ἓν
757 1303 874 1364 ὅλας
961 1306 1236 1363 νοήσαντες
1328 1322 1418 1353 και
1474 1303 1722 1375 εὑρόντες,
1782 1300 2061 1374 ἀναγκαῖόν

402 1389 543 1442 ἔστιν
579 1389 857 1462 ἐρευνῆσαι
923 1391 1060 1443 αὐτὰ
1103 1411 1196 1442 και
1247 1391 1320 1452 εἰς
1376 1393 1432 1442 τὸ
1490 1390 1732 1463 ἔμψυχον
1789 1391 1920 1451 ζῶον
1973 1393 2064 1444 καί⁵

400 1479 627 1549 λογικόν.
717 1481 802 1540 Εἰς
857 1489 1012 1533 τοῦτο
1069 1483 1170 1554 γὰρ
1226 1500 1314 1531 και
1361 1483 1511 1551 φύσις
1561 1499 1650 1531 και
1702 1487 1892 1552 κρᾶσις
1947 1484 2061 1543 ἣτις

404 1567 697 1630 ἐξετάζεται
781 1573 873 1620 σὺν
915 1577 976 1640 τῇ
1045 1572 1214 1640 φύσει.
1280 1569 1457 1628 Οὕτως
1507 1572 1608 1640 γὰρ
1673 1568 1733 1620 ἂν
1790 1567 1838 1620 εν
1908 1573 2083 1642 τούτῳ

407 1707 476 1746 ac
505 1696 719 1746 natura
734 1691 1102 1758 singulorum
1128 1691 1255 1757 fert,
1270 1695 1448 1764 atque
1464 1691 1586 1748 haec
1619 1692 1866 1764 quidem
1883 1694 2044 1749 hunc

406 1781 466 1835 in
493 1781 743 1835 modum
769 1779 1012 1837 habent.
1044 1783 1340 1846 Quoniam
1371 1786 1571 1837 autem
1603 1781 1795 1838 multis
1850 1783 2044 1838 modis

409 1868 928 1941 multipliciterque
959 1870 1449 1940 investigavimus
1462 1875 1744 1926 naturam
1759 1877 1816 1927 et
1837 1878 2055 1944 tempe-

409 1957 663 2013 rationes
702 1957 762 2012 in
789 1959 1002 2013 mentis
1041 1959 1332 2027 cogitatis,
1356 1959 1415 2014 in
1437 1959 1788 2026 rationibus,
1817 1960 1877 2015 in
1908 1960 2056 2030 ﬁgu-

407 2047 511 2112 ris,
551 2047 610 2102 in
641 2047 923 2114 scientiis,
962 2047 1021 2102 in
1043 2047 1369 2114 elementis,
1404 2048 1464 2103 in
1485 2047 1806 2120 lapidibus,
1843 2051 1902 2105 in
1931 2067 2052 2105 me-

404 2134 580 2202 tallis,
610 2137 668 2191 in
704 2138 943 2206 plantis,
976 2137 1034 2192 in
1070 2137 1387 2201 alimentis,
1429 2138 1490 2193 in
1521 2139 1876 2195 humoribus
1905 2145 1962 2196 et
1991 2140 2050 2195 in

402 2225 779 2294 animalibus,
806 2225 1133 2297 reperimus
1159 2231 1362 2281 autem
1397 2227 1616 2298 ubique
1659 2230 2052 2301 proprietates

396 2328 549 2384 quas
581 2313 890 2368 conferunt
920 2313 1029 2367 sibi
1059 2313 1209 2368 inter
1246 2329 1307 2368 se
1328 2317 1542 2369 natura
1564 2319 1620 2371 et
1665 2317 2050 2388 temperatio-

397 2417 525 2466 nes,
559 2402 1061 2473 consimiliterque
1077 2402 1588 2457 consideravimus
1603 2409 1658 2458 et
1674 2405 2062 2460 animadver-

399 2490 577 2545 timus
598 2489 908 2561 quomodo
947 2496 1002 2544 et
1031 2491 1300 2560 quando,
1354 2491 1689 2547 secundum
1739 2493 1886 2564 quid
1914 2495 2048 2550 etin

398 2596 522 2651 quo
553 2580 832 2635 universa
872 2579 1022 2634 inter
1077 2595 1139 2634 se
1204 2581 1673 2646 communicent,
1717 2588 1774 2638 et
1821 2587 2046 2652 contra,

399 2667 708 2740 quomodo
747 2672 802 2723 et
831 2667 1096 2740 quando,
1127 2669 1459 2723 secundum
1473 2669 1759 2740 quidetin
1785 2687 1908 2743 quo
1927 2687 2048 2727 non

401 2756 856 2824 communicent,
884 2771 1124 2811 necesse
1155 2763 1243 2812 est
1266 2757 1808 2814 considerationem
1869 2765 1926 2815 et
1945 2761 2049 2816 cir-

400 2845 912 2916 cumspectionem
934 2851 1200 2901 nostram
1225 2846 1303 2901 ad
1334 2847 1670 2902 animatum
1705 2848 1930 2905 animal
1997 2855 2053 2904 et

400 2933 646 2988 rationis
675 2935 969 3006 particeps
999 2934 1329 2990 transferre.
1361 2937 1506 2990 Nam
1539 2935 1616 2990 ad
1658 2937 1773 2992 hoc
1824 2942 2054 3008 spectat

403 3027 619 3078 natura
647 3029 704 3078 et
732 3022 1081 3094 temperatio
1110 3038 1296 3095 quam
1326 3039 1466 3078 cum
1480 3031 1698 3080 natura
1719 3031 2052 3097 perscruta-

404 3128 560 3168 mur.
594 3117 710 3169 Hoc
739 3113 900 3169 enim
931 3113 1115 3169 modo
1140 3113 1200 3168 in
1225 3114 1340 3169 hoc
1404 3114 1652 3170 animali
1708 3116 1976 3171 animato
1996 3121 2051 3172 et
2095 3121 2134 3175 C

2162 497 2252 544 καὶ
2333 501 2432 544 τῶν
2506 494 2738 565 κράσεων
2818 493 3183 566 ἕκτελίσματα,
3263 501 3354 548 καὶ
3444 493 3832 568 διαστεῦςωμεδ

2165 581 2220 634 ἐκ
2287 590 2384 634 τῶν
2441 588 2742 655 κρειττόνων
2809 587 2875 638 τὰ
2943 591 3176 660 χείρονα,
3236 606 3327 638 και
3387 586 3443 638 ἐκ
3515 596 3624 639 τῶν
3685 593 3834 659 γὺτει

2165 673 2231 722 τὰ
2281 675 2444 743 τύχῃ,
2491 677 2581 724 καὶ
2626 672 2681 724 εκ
2735 682 2833 725 τῶν
2892 673 3303 746 ἕπιστημονικῶν
3355 678 3422 726 τὰ
3450 681 3530 746 μὴ
3591 685 3833 734 τοιαῦτα,

2166 765 2257 812 καὶ
2287 760 2342 812 ἐκ
2371 770 2470 814 τῶν
2515 767 2770 835 φρονίμων
2813 766 2877 816 τὰ
2925 762 3117 822 ἀνόητα
3171 770 3260 817 καὶ
3315 768 3382 817 τὰ
3421 774 3517 818 τοῦ
3577 768 3834 841 θράσους,

2167 869 2258 902 και
2283 849 2338 901 ἐκ
2363 859 2462 903 τῶν
2493 847 2750 924 ἀνδρικῶν
2786 855 2851 903 τὰ
2887 849 3118 924 ψοφοδεῆ
3155 873 3243 905 και
3298 857 3363 906 τὰ
3415 863 3510 906 τοῦ
3577 857 3835 927 θρασους,

2167 960 2259 992 και
2327 939 2383 992 ἐκ
2465 947 2564 991 τῶν
2647 950 2976 1016 σωφρονικῶν
3043 945 3110 994 τὰ
3197 950 3288 1003 τῆς
3351 942 3650 1006 ἀκολασίας
3758 965 3840 995 και

2170 1029 2516 1094 ήλιθιοτητος,
2578 1049 2667 1080 και
2728 1028 2783 1080 ἐκ
2848 1039 2949 1082 τῶν
2995 1027 3216 1083 δικαίων
3299 1035 3365 1083 τὰ
3407 1041 3507 1095 τῆς
3540 1034 3842 1105 μειονεξίας

2168 1139 2257 1171 και
2315 1118 2625 1184 πλεονεξίας,
2689 1139 2778 1170 και
2852 1118 2908 1170 ἐκ
2985 1129 3078 1182 τῆς
3144 1119 3389 1184 ἀληθείας
3467 1126 3530 1173 τὸ
3613 1120 3838 1192 ψεῦδος,

2169 1229 2259 1260 και
2325 1207 2380 1260 ἐκ
2420 1215 2514 1260 τοῦ
2555 1212 2698 1269 ὄντος
2771 1212 2829 1261 τὸ
2887 1206 3123 1279 δοκήσει,
3182 1231 3268 1262 ιαι
3321 1210 3376 1262 ἐκ
3472 1214 3699 1263 πάντων
3749 1221 3840 1263 τῶν

2169 1297 2336 1350 καλῶν
2417 1299 2483 1349 τὰ
2557 1299 2715 1365 κακὰ,
2768 1298 2794 1349 ὁ
2841 1319 2932 1350 και
3006 1304 3304 1372 ποιήσωμεν
3365 1298 3724 1362 ἇξετάσαντες
3781 1301 3842 1360 εἰς

2171 1387 2468 1458 ἐπιστήμην
2555 1406 2641 1438 και
2696 1395 2890 1457 γνῶσιν
2949 1390 3267 1460 πραγμάτων
3344 1389 3550 1442 πολλῶν
3611 1409 3840 1465 συναρη-

2171 1478 2365 1548 γούσης
2394 1479 2519 1548 ἡμῖν
2555 1485 2647 1536 τῆς
2673 1471 2937 1548 δυνάμεως
2961 1485 3054 1530 τοῦ
3079 1485 3232 1534 Θεοῦ.

2163 1689 2410 1747 rationis
2435 1689 2719 1761 participe
2761 1690 3280 1748 considerabimus
3315 1697 3551 1748 naturae
3603 1698 3664 1748 et
3694 1697 3839 1749 tem-

2163 1779 2540 1852 perationum
2553 1777 2817 1847 effectus,
2841 1785 2896 1834 et
2909 1779 3349 1851 distinguemus
3367 1781 3524 1837 inter
3539 1789 3845 1853 praestan-

2164 1869 2313 1924 tiora
2341 1873 2396 1923 et
2416 1867 2643 1933 viliora,
2677 1868 2827 1924 inter
2871 1883 2943 1924 ea
2995 1884 3131 1940 quae
3190 1875 3327 1926 sunt
3380 1875 3614 1927 natura
3666 1876 3728 1927 et
3751 1872 3846 1926 illa

2162 1973 2298 2031 quae
2325 1961 2463 2011 sunt
2488 1955 2747 2023 fortuna,
2782 1957 2936 2013 inter
2959 1971 3032 2013 ea
3061 1974 3197 2030 qua
3225 1959 3304 2015 ad
3335 1960 3669 2016 scientiam
3719 1977 3843 2032 per-

2160 2047 2350 2102 tinent
2385 2049 2440 2101 et
2468 2044 2566 2101 illa
2603 2062 2740 2116 quae
2804 2061 2928 2100 non
2983 2047 3297 2118 pertinent,
3349 2049 3508 2104 inter
3566 2051 3846 2106 actiones

2160 2135 2526 2208 prudentum
2549 2139 2605 2189 et
2625 2135 2887 2190 actiones
2921 2135 3374 2208 imprudentum
3399 2153 3472 2193 ac
3516 2138 3845 2211 improbo-

2159 2239 2316 2290 rum,
2342 2223 2495 2280 inter
2524 2223 2787 2279 actiones
2832 2223 3075 2280 fortium
3125 2225 3386 2282 virorum
3450 2232 3511 2282 et
3563 2230 3843 2284 actiones

2159 2313 2476 2369 hominum
2508 2311 2854 2368 timidorum
2875 2317 2930 2368 et
2956 2315 3429 2382 temerariorum,
3454 2317 3623 2372 inter
3656 2319 3817 2375 actio

2159 2419 2266 2458 nes
2293 2407 2756 2474 temperantum,
2787 2409 2844 2458 et
2881 2403 3148 2459 actiones
3205 2405 3737 2478 intemperantum
3777 2425 3843 2464 ac

2161 2491 2544 2564 stupidorum
2581 2491 2918 2557 hominum,
2962 2494 3114 2549 inter
3145 2495 3496 2567 aequitatem
3529 2503 3591 2552 et
3623 2498 3842 2570 iniqui-

2158 2583 2343 2636 tatem
2375 2596 2513 2635 cum
2545 2579 2762 2652 aliquis
2787 2579 2991 2653 inique
3007 2581 3256 2654 autplus
3281 2583 3616 2652 habet,aut
3636 2587 3841 2642 minus

2161 2668 2361 2735 habet,
2404 2668 2557 2724 inter
2586 2667 2738 2724 falsa
2767 2674 2824 2724 et
2849 2685 3010 2741 vera,
3043 2671 3196 2726 inter
3227 2671 3373 2726 illud
3399 2673 3576 2745 quod
3610 2691 3680 2730 re
3705 2691 3841 2730 vera

2160 2763 2266 2824 est,
2295 2762 2353 2813 et
2379 2757 2525 2814 illud
2561 2757 2726 2829 quod
2762 2758 2978 2830 aliquis
3018 2761 3296 2831 opinatur
3359 2777 3494 2817 esse
3538 2778 3691 2818 cum
3720 2779 3836 2820 non

2162 2847 2256 2912 sit,
2294 2848 2446 2903 inter
2484 2846 2648 2902 bona
2666 2852 2723 2903 et
2753 2847 2914 2904 mala
2940 2865 2954 2915 ;
2981 2849 3147 2920 quod
3165 2863 3276 2905 nos
3296 2851 3695 2922 perﬁciemus
3719 2870 3840 2925 per-

2161 2937 2469 3004 quirentes
2501 2935 2830 2993 multarum
2855 2953 3059 2993 rerum
3089 2939 3498 3009 cognitionem
3533 2947 3593 2998 et
3653 2944 3838 3000 scien-

2162 3027 2309 3082 tiam
2340 3025 2668 3096 adjuvante
2697 3041 2809 3082 nos
2844 3028 2945 3082 Dei
2982 3028 3252 3084 numine.

411 3299 3825 3322 Μ

659 3431 1904 3609 ΘΕΟΔΟΡΟΥ
2002 3434 2416 3607 ΤΟΥ
2518 3436 3568 3612 ΑΑΣΚΑΡΙ

905 3680 1036 3726 ΤΟΥ
1099 3679 1254 3727 ΥΙΟΥ
1306 3675 1439 3731 ΤΟΥ
1506 3679 1828 3727 ΜΕΓΑΛΟΥ
1895 3679 2216 3727 ΒΑΣΙΛΕΩΣ
2280 3679 2496 3727 ΚΥΡΟΥ
2557 3684 2858 3731 ΙΩΑΝΝΟΥ
2910 3683 3045 3731 ΤΟΥ
3109 3681 3328 3732 ΔΟΥΚΛ

1538 3861 1717 3925 ΤΗΣ
1767 3861 2168 3927 ΦΥΣΙΚΗΣ
2205 3862 2715 3929 ΚΟΙΝΩΝῙΑΣ

1604 4015 1964 4103 ΛΟΓΟΣ
2026 4013 2626 4102 ΔΕΥΤΕΡΟΣ.

1337 4153 2158 4322 THEODORI—
2214 4203 2245 4316 l
2297 4201 2897 4323 ASCARIS

1163 4387 1317 4442 FlLll
1386 4389 1598 4443 SUMMI
1663 4388 2129 4446 IMPERATORIS
2205 4389 2449 4445 DOMINI
2511 4390 2800 4445 JOANNIS
2869 4389 3084 4446 DUCIE

1121 4484 1310 4602 DE
1351 4484 2089 4604 NATUBALI
2164 4485 3028 4607 COMMUNION
3066 4489 3134 4594 ii

1657 4705 1859 4791 SElt
1879 4707 2033 4791 ΜΟ
2110 4704 2604 4792 TERTIUS.

493 4971 561 5026 α’.
631 4972 938 5043 Ἀναγκαῖον
1013 4971 1125 5025 ἐστι
1202 4993 1292 5026 και
1335 4979 1447 5049 περὶ
1511 4983 1611 5027 τῶν
1657 4982 1750 5027 τοῦ
1796 4973 2067 5047 ἀνθρώπου
2107 4977 2148 5030 D
2178 4973 2457 5045 ἀναγκαῖον
2535 4976 2668 5026 κατὰ
2741 4973 3000 5042 συζυγίας
3066 4968 3234 5034 δεῖξαι
3301 4973 3452 5039 αὐτὸ,
3527 4977 3619 5028 ἱνα
3671 4981 3828 5037 πάσας

419 5070 691 5112 κοινωνιῶν
722 5064 778 5114 τὸ
812 5060 993 5122 ἁληθὶς
1019 5059 1208 5129 δεῖξαι,
1261 5061 1440 5122 ἐπειδὴ
1493 5068 1680 5136 μέχρις
1727 5063 1886 5115 αὐτοῦ
1938 5063 2067 5134 ξύμ-

415 5169 589 5200 πασαν
634 5155 728 5209 τήν
795 5153 894 5203 ὑπὸ
962 5154 1116 5223 φύσιν
1160 5151 1483 5225 ἐξητάσαμεν
1535 5172 1825 5218 κοινωνιαν,
1867 5158 1959 5210 τήν
2009 5172 2068 5224 γε

414 5242 548 5291 κατὰ
588 5242 742 5312 φύσιν
769 5237 929 5293 οὖσαν
979 5260 1069 5293 και
1131 5244 1364 5316 κράσεις.
1407 5240 1560 5294 Ἐστι
1610 5238 1669 5294 δὲ
1703 5261 1791 5294 και
1833 5241 2066 5314 μάλιστα

487 5363 539 5416 1.
572 5363 649 5417 De
681 5365 1121 5420 communionis
1146 5365 1341 5420 modis
1371 5365 1475 5436 qui
1506 5365 1564 5420 in
1587 5365 1829 5420 homine
1871 5364 2062 5421 consi-

415 5450 609 5505 derari
623 5459 866 5520 possunt
880 5455 1024 5525 quid
1041 5455 1403 5510 sentiendum
1421 5454 1812 5509 sitostendere
1826 5468 2065 5525 quoque

418 5537 595 5593 nobis
625 5554 820 5609 operae
847 5543 1103 5612 pretium
1132 5543 1380 5598 videtur.
1400 5543 1695 5607 Quoniam
1719 5548 1917 5598 autem
1932 5544 2068 5597 hac-

419 5631 515 5703 ten
526 5642 593 5680 us
607 5627 943 5714 universam
961 5631 1441 5713 communionem
1455 5647 1591 5704 quas
1604 5636 1692 5686 est
1703 5631 1816 5687 sub
1828 5636 2066 5711 natura,

2176 5083 2254 5123 τις
2290 5065 2426 5134 ἔχων
2477 5064 2918 5134 συνηθροισμένας
2973 5060 3024 5113 ἐν
3075 5060 3238 5129 τάξει,
3297 5069 3370 5132 τῷ
3426 5060 3618 5121 ἀληθεῖ
3667 5074 3827 5133 σκοπῷ

2178 5151 2498 5223 ἐπακολουθῇ
2555 5172 2568 5184 ·
2642 5170 2732 5202 και
2791 5150 2957 5211 οὕτως
3037 5150 3239 5224 ῥᾴστην
3315 5152 3429 5221 ἔχει
3501 5157 3602 5210 τήν
3657 5155 3730 5217 εἰς
3775 5157 3828 5206 τὰ

2176 5242 2307 5311 μετὰ
2369 5247 2537 5291 ταῦτα
2609 5237 3060 5290 ἐπακολουθοῦσαν
3131 5245 3230 5289 τῶν
3276 5241 3551 5310 νοημάτων
3620 5243 3827 5299 κατεῖλε.

2176 5368 2297 5417 tam
2327 5362 2490 5417 illam
2523 5376 2659 5432 quae
2690 5359 3024 5415 secundum
3042 5364 3320 5415 naturam
3343 5363 3450 5426 est,
3493 5375 3690 5433 quam
3707 5379 3824 5436 qua

2175 5452 2500 5507 secundum
2521 5450 2988 5522 temperationes,
3009 5448 3516 5519 investigavimus,
3533 5457 3630 5508 est
3647 5461 3820 5510 autem

2175 5542 2236 5596 in
2254 5541 2460 5614 primis
2475 5541 2877 5596 necessarium
2891 5538 3226 5595 secundum
3243 5541 3376 5610 conj
3386 5540 3707 5609 ugationes
3721 5544 3814 5600 hoc

2175 5630 2376 5705 ipsum
2393 5629 2835 5706 demonstrare,
2869 5633 2933 5684 ut
2958 5627 3213 5700 quilibet
3227 5627 3407 5706 simul
3425 5628 3641 5686 ordine
3666 5631 3815 5688 colle
