3932 6326
151 352 288 409 1301

149 476 246 546 ψιν
297 473 598 537 δύσληπτον
656 485 768 549 καὶ,
829 477 1131 539 συλλήϐδην
1170 478 1456 554 περιλαϐὼν
1519 481 1665 543 εἴπω,
1716 481 1804 529 τὸν

150 566 272 620 ὅλον
337 578 430 629 τῆς
493 573 846 641 πραγματείας
906 573 1097 622 σκοπὸν
1164 577 1522 642 σπερματικῶς
1583 566 1798 638 ἀναμνη-
1837 552 1883 603 Α
1915 570 2181 642 ρούμεναι,
2238 565 2378 624 ἐκτὸς
2454 572 2549 624 τῆς
2641 561 2834 620 ἁπλῆς.

151 659 354 728 μονευει
410 661 510 731 πρὸ
588 665 680 709 τοῦ
733 657 902 718 τέλους
971 666 1061 720 τῆς
1113 663 1525 730 παραγματείας·
1567 659 1679 727 ἔχει
1749 651 1807 706 δε

151 745 319 808 οὕτως
347 748 536 802 πάντα.
575 747 734 800 Ἑπτά
792 767 942 798 τινων
996 750 1150 799 ὄντων
1205 756 1306 799 τῶν
1353 745 1402 798 ἓν
1461 749 1584 818 ἡμῖν
1642 752 1808 818 μερῶν

154 835 215 886 ἐκ
243 834 426 907 ψυχῆς
459 832 702 894 δηλονότι
755 841 846 888 καὶ
869 836 1012 905 ὕλης,
1045 837 1139 888 οὐκ
1180 838 1385 894 ἰσότητι
1444 855 1578 888 πασι
1642 836 1809 885 ταῦτά

151 924 311 989 εἰσιν,
353 925 461 977 ἀλλ’
536 928 728 998 ἔχοντα
787 925 980 986 ἀνέσεις
1032 931 1123 978 καὶ
1179 926 1439 986 ἐπιτάσεις
1483 924 1531 976 ἐν
1572 930 1804 998 ατόμοις,

149 1013 541 1088 αὐτὰέντρισὶ
579 1019 668 1067 καὶ
725 1014 856 1068 δέκα
916 1016 1194 1088 συζυγίαις
1233 1016 1552 1090 μερίζονται,
1612 1014 1666 1066 αἱ
1717 1019 1808 1067 καὶ

152 1109 264 1163 τοῖς
325 1109 532 1178 μέρισιν
633 1103 1028 1178 ἀριθμηθεῖσαι,
1148 1104 1422 1163 ἐννήκοντα
1525 1109 1651 1177 πρὸς
1743 1112 1805 1161 τῆ

153 1188 342 1265 τριάδι
376 1198 665 1264 γίγνονται·
714 1190 1041 1267 διαιροῦνται
1093 1192 1151 1247 δε
1205 1195 1361 1246 αὗται
1413 1194 1485 1255 εἰς
1550 1198 1811 1266 τέσσαρας

153 1280 327 1342 τάξεις
358 1280 453 1333 ἀνὰ
501 1289 637 1355 τρεῖς
693 1283 849 1335 οὖσαι
879 1289 978 1356 μία
1006 1283 1226 1352 ἑκάστη,
1251 1285 1317 1334 ὧν
1374 1289 1472 1356 μία
1509 1287 1596 1356 μὲν
1650 1282 1808 1349 ἁπλῆ,

1148 1104 1422 1163 ἐννήκοντα

157 1372 218 1422 αἱ
245 1366 292 1422 δ’
318 1369 468 1422 ἄλλαι
489 1370 780 1424 ἐλλείπουσί
831 1392 885 1425 τε
927 1377 1016 1425 καὶ
1089 1373 1443 1440 ἐπιτείνονται,
1504 1378 1594 1425 καὶ
1657 1380 1812 1425 τοῦτο

156 1455 239 1512 δι’
295 1458 421 1511 ὅλων
462 1461 653 1518 αὐτῶν.
724 1467 823 1515 Καὶ
868 1461 1001 1521 ἁπλῆ
1057 1465 1147 1534 μεν
1209 1463 1296 1515 οὗν
1363 1463 1504 1516 ἐστιν
1555 1467 1667 1524 ἣτις
1723 1468 1813 1516 καὶ

155 1553 292 1620 μόνη
325 1547 486 1616 ἐστὶν,
517 1551 547 1608 ή
597 1549 772 1613 έξίσου
828 1555 914 1604 καὶ
968 1555 1034 1604 1'6:
1077 1553 1205 1605 ἐπτά
1259 1555 1485 1624 ἔχουσα,
1547 1553 1650 1606 οἷον
1700 1557 1814 1604 τὸα

155 1636 196 1709 β
228 1659 285 1708 7,
337 1657 426 1690 και
480 1636 626 1702 οὖθις
681 1643 739 1693 τὸ
792 1661 812 1694 ε
870 1645 898 1706 ζ
957 1661 987 1699 η
1036 1644 1085 1694 θ’
1139 1641 1375 1704 ἐπίτασις
1430 1645 1531 1717 γὰρ
1576 1642 1626 1694 ἐν
1679 1643 1808 1701 αὐτῆ

152 1726 257 1779 οὐκ
301 1729 442 1779 ἔστιν
487 1731 592 1780 οὔτ’
645 1730 836 1795 ἄνεσις,
889 1737 1004 1793 ταῖς
1060 1727 1120 1783 δὴ
1176 1733 1305 1803 μετὰ
1372 1735 1567 1788 ταύτην
1616 1733 1813 1794 πάσαις

149 1835 249 1868 και
324 1815 588 1879 ἐπιτάσεις
650 1819 979 1892 εὑρίσκονται
1057 1839 1147 1872 και
1216 1819 1434 1882 ἀνέσεις.
1521 1823 1617 1873 Διὰ
1660 1828 1812 1873 τοῦτο

148 1925 249 1957 και
296 1905 367 1967 εἰς
410 1905 606 1969 πλῆθος
675 1915 739 1966 τῆ
802 1917 900 1961 τῶν
984 1911 1303 1981 μεταθέσεων
1384 1917 1652 1982 προχωρεῖ
1705 1929 1809 1961 κοι-
1851 1897 1891 1950 Β
1922 1903 2179 1964 ταθέσεως
2258 1899 2470 1962 έναλλὰξ

148 1997 333 2065 νωνίᾳο
394 1995 514 2046 ὅταν
588 1998 690 2069 γὰρ
734 1998 761 2048 ὁ
812 1999 1082 2070 καθαρμὸς
1128 1996 1176 2048 ἐν
1232 1997 1438 2055 ἰσότητι
1483 2001 1542 2049 1'6
1596 2018 1628 2048 α
1679 1997 1714 2070 β
1779 2019 1812 2068 7

146 2085 258 2155 ἔχῇ
297 2103 386 2136 και
417 2088 477 2137 1'6
549 2103 568 2138 ε
647 2089 676 2148 ζ
729 2106 760 2144 η
811 2088 859 2153 θ,
943 2083 1393 2144 διπλασιασθῆναι
1466 2087 1524 2138 οὐ
1594 2084 1818 2146 δύνηται

148 2174 293 2224 κατά
321 2192 381 2244 γε
435 2171 758 2248 ἰδιοτροπίαν
816 2177 950 2246 τινὰ,
1005 2175 1048 2227 εἰ
1095 2180 1166 2247 μή
1220 2177 1300 2227 ὅτι
1348 2177 1418 2237 ὡς
1477 2177 1670 2249 ἄτομον
1725 2193 1816 2231 και

151 2265 341 2332 μονὰς,
399 2280 489 2313 και
537 2261 686 2314 ἄλλον
727 2264 995 2336 καθαρμὸν
1041 2262 1140 2325 ἔξει
1191 2264 1384 2335 ὅμοιον,
1432 2273 1500 2315 ῶν
1564 2265 1659 2318 οὐκ
1703 2269 1817 2319 ἔστι

149 2347 428 2422 διαιφορά.
462 2349 628 2403 Ὀταν
680 2347 740 2403 δε
804 2352 1068 2424 ὑφειμένον
1120 2355 1170 2404 ἓν
1223 2355 1324 2423 ἑχη
1374 2361 1472 2405 τῶν
1519 2359 1815 2429 γραφέντων

155 2445 437 2510 στοιχείων
485 2441 510 2492 ὁ
554 2441 746 2513 ἕτερος,
796 2439 1079 2511 έξανάγκης
1117 2448 1297 2514 πρόσω
1351 2444 1466 2514 ἔχει
1525 2447 1593 2495 τὰ
1643 2446 1810 2520 ἕτερα,

150 2548 250 2580 και
296 2525 403 2586 ἤδη
465 2525 699 2603 διαφέρει
753 2531 1018 2602 καθαρμὸς
1057 2538 1148 2582 τοῦ
1201 2532 1492 2604 καθαρμοῦ,
1561 2552 1651 2585 και
1699 2537 1813 2585 τού-

149 2637 248 2672 του
301 2621 592 2690 γινομένου,
660 2626 750 2672 τοῦ
813 2621 1183 2690 μετατίθεσθαι
1262 2622 1379 2672 καθ’

161 2714 412 2777 στοιχεῖα
482 2726 573 2758 και
637 2706 901 2769 ἐπιτάσεις
913 2752 924 2774 ,

1474 2623 1680 2694 ὑφέσεις
1747 2627 1812 2676 τὰ

1005 2704 1353 2781 τρισκαίδεκα
1438 2716 1609 2762 πᾶσαι
1689 2717 1809 2781 γενή
1823 2744 1838 2753 -

151 2808 285 2859 ctas
307 2803 538 2859 habens
566 2820 773 2860 verum
803 2820 1058 2875 scopum
1089 2810 1465 2877 assequatur,
1500 2814 1556 2862 et
1578 2813 1642 2863 ut
1679 2808 1818 2886 faci-
1847 2823 1886 2876 ο

151 2891 274 2947 lem
299 2892 522 2949 habeat
550 2892 835 2964 deinceps
867 2893 1295 2950 sententiarum
1335 2897 1816 2968 comprehensio-

151 2996 296 3036 nem
324 2981 545 3052 alioqui
603 2980 926 3049 difﬁcilem,
951 2983 1302 3038 summatim
1323 2985 1816 3056 complectamur,

152 3074 213 3126 et
239 3070 412 3141 quasi
445 3075 772 3126 sementem
798 3071 1081 3127 facientes
1119 3072 1466 3128 universum
1493 3075 1674 3146 hujus
1707 3081 1822 3130 tra-

151 3159 432 3214 ctationis
459 3175 712 3231 scopum
744 3165 1066 3233 antequam
1091 3162 1511 3232 perveniamus
1535 3164 1610 3218 ad
1633 3163 1820 3219 ﬁnem

148 3247 343 3320 ipsius
363 3249 729 3304 tractationis
751 3265 1316 3306 commemoremus.
1354 3251 1439 3307 Ita
1463 3267 1605 3307 vero
1628 3269 1689 3308 se
1712 3254 1825 3312 ha.

151 3337 301 3393 bent
315 3338 541 3394 omnia.
567 3339 713 3395 Cum
741 3337 859 3393 sint
879 3337 938 3393 in
962 3338 1135 3392 nobis
1161 3344 1360 3410 partes
1380 3341 1666 3410 quaedam
1709 3357 1821 3397 nu-

153 3441 327 3481 mero
351 3431 600 3496 septem,
633 3442 704 3481 ex
745 3426 949 3482 anima
978 3425 1253 3482 videlicet
1279 3433 1330 3482 et
1378 3430 1647 3500 materia,
1702 3446 1822 3485 non

153 3513 446 3570 omnibus
471 3514 586 3570 illas
609 3515 813 3570 insunt
829 3515 1155 3586 aequaliter,
1180 3515 1284 3571 sed
1297 3516 1355 3571 in
1381 3516 1704 3574 individuis
1717 3519 1822 3574 ha-

154 3603 304 3659 bent
325 3603 694 3660 intensiones
713 3620 785 3659 ac
805 3604 1211 3659 remissiones.
1231 3605 1296 3660 In
1335 3605 1619 3661 tredecim
1646 3623 1825 3680 porro

157 3691 476 3747 ordinibt's
504 3694 576 3760 i4)
605 3692 944 3746 distributio
971 3693 1254 3759 consistit,
1293 3710 1554 3765 quorum
1575 3696 1824 3766 quidem

157 3781 443 3836 ordinum
483 3785 683 3852 partes
704 3785 1050 3846 numeratae,
1091 3782 1422 3850 nonaginta
1471 3789 1586 3838 tres
1641 3775 1824 3840 simul

157 3869 470 3925 exsistunt.
510 3869 948 3924 Distribuuntur
994 3875 1190 3925 autem
1223 3886 1430 3925 rursus
1459 3871 1517 3926 in
1561 3877 1822 3943 quatuor

156 3959 418 4026 ordines,
442 3959 522 4014 ita
551 3964 614 4013 ut
638 3959 1052 4030 unusquisque
1071 3959 1220 4014 ordo
1242 3960 1466 4015 circiter
1491 3965 1606 4016 tres
1619 3969 1817 4032 partes

157 4048 396 4115 habeat,
422 4063 681 4118 quarum
712 4063 831 4103 una
857 4047 1101 4119 quidem
1132 4055 1217 4103 est
1235 4048 1505 4120 simplex,
1535 4049 1660 4105 aliae
1676 4067 1814 4107 vero

155 4136 538 4191 remittuntur
589 4152 658 4191 ac
735 4138 1123 4207 intenduntur
1167 4138 1333 4192 omni
1379 4154 1452 4193 ex
1494 4144 1681 4210 parte.
1732 4145 1812 4195 Ac
1846 4176 1888 4229 Β

159 4225 417 4296 simplex
448 4225 692 4296 quidem
715 4231 960 4298 estquae
984 4226 1160 4282 etiam
1207 4225 1334 4282 sola
1388 4232 1493 4290 est,
1549 4229 1812 4300 aequales

158 4313 432 4374 videlicet
463 4320 688 4385 septem
721 4321 921 4384 partes
949 4314 1181 4370 habens
1215 4334 1228 4382 ;
1255 4332 1472 4387 nempe
1502 4331 1539 4373 a
1595 4317 1628 4372 b
1671 4334 1703 4372 ι’
1758 4323 1816 4374 et

154 4407 449 4474 praeterea
477 4418 507 4459 e
528 4404 623 4473 fg
655 4403 712 4458 Ιι.
752 4406 884 4459 Haec
913 4405 1072 4458 enim
1105 4405 1448 4475 conjugatio
1509 4422 1703 4478 neque
1729 4407 1816 4462 in-

159 4492 489 4546 tensionem
527 4507 720 4563 neque
761 4493 1174 4548 remissionem
1199 4495 1458 4565 suscipit.
1493 4499 1552 4549 In
1577 4496 1818 4567 reliquis

160 4585 365 4635 autem
392 4580 781 4651 sequentibus
813 4584 1185 4654 reperiuntur
1213 4584 1576 4640 intensiones
1632 4588 1686 4638 et
1733 4599 1820 4638 re-

161 4675 500 4732 missiones.
530 4674 752 4729 ldcirco
773 4676 951 4730 etiam
982 4673 1341 4746 multiplices
1372 4674 1639 4728 evadunt
1687 4687 1820 4744 pro-

157 4771 293 4837 pter
345 4765 870 4836 transposxtionem
931 4762 1396 4819 communionis.
1443 4763 1587 4817 Cum
1655 4763 1814 4818 enim

157 4855 441 4924 purgatio
471 4853 777 4926 aequaliter
806 4868 842 4909 α
875 4854 907 4908 b
939 4868 969 4908 c
1003 4852 1184 4908 habet
1221 4857 1276 4906 et
1305 4867 1335 4907 θ
1352 4851 1391 4920 Γ
1406 4868 1442 4921 9
1469 4851 1526 4916 h,
1578 4851 1814 4921 duplari

159 4957 284 4997 non
309 4947 501 5014 potest
527 4941 856 4998 secundum
888 4941 1308 5012 proprietatem
1341 4939 1675 5010 quamdam
1702 4940 1814 4994 sin-

157 5031 862 5103 gularem,praaterquam
879 5031 1038 5101 quod
1063 5036 1348 5101 tanquam
1365 5028 1740 5083 individuum
1758 5033 1813 5084 et

157 5120 358 5175 unitas
380 5121 557 5175 etiam
589 5119 1006 5191 purgationem
1041 5118 1293 5172 similem
1349 5117 1611 5185 habebit,
1665 5132 1806 5189 qua-

150 5226 293 5266 rum
325 5225 442 5264 non
470 5216 557 5264 est
581 5209 936 5264 differentia.
979 5211 1120 5263 Cum
1146 5212 1341 5262 autem
1385 5207 1810 5278 purgationum

151 5298 346 5354 altera
386 5313 574 5352 unum
635 5313 706 5352 ex
773 5297 1080 5352 elementis
1129 5296 1440 5368 descriptis
1493 5299 1811 5350 remissum

153 5387 360 5452 habet,
395 5386 730 5442 necessario
761 5387 840 5441 ab
861 5386 988 5442 aliis
1019 5386 1402 5455 distinguitur
1451 5389 1512 5439 ut
1567 5383 1812 5439 diversis

969 352 1325 411 THEODORI
1354 353 1402 409 II
1435 355 1575 410 IMP.
1601 352 1693 406 DE
1714 347 2196 407 .COMMUNIONE
2223 343 2602 402 NATURALI.

1915 495 2094 527 σονται
2149 478 2423 544 συζυγίαι,
2477 472 2921 540 έννενηκονταχῶς
2975 467 3107 539 πρὸς
3153 465 3223 515 τὰ
3269 459 3366 514 δύο
3425 457 3568 514 διαε-

3427 334 3565 391 1302

2938 561 3039 610 Καὶ
3095 559 3274 627 πρώτη
3329 554 3419 625 μὶν
3480 547 3569 604 οὖν

1917 658 2119 716 πάντως
2146 655 2285 706 ἐστὶν
2312 656 2342 711 ἡ
2374 651 2532 719 ἁπλῆ,
2577 646 2684 704 εἶτα
2740 653 2809 710 ὡς
2864 646 2912 698 ἐν
2967 645 3110 706 τάξει
3166 646 3221 696 αἱ
3267 643 3398 714 μετὰ
3448 643 3573 693 ταύ-

1917 765 2030 802 την·
2087 741 2301 816 δευτέρα
2357 739 2414 794 δὲ
2472 740 2617 802 τάξις
2665 748 2765 792 τῶν
2810 736 3074 806 συζυγιῶν
3125 735 3156 790 ἡ
3207 733 3274 783 1'6:
3313 735 3436 804 τρία
3480 734 3573 782 καὶ

1917 839 2037 906 τρία
2070 837 2291 906 ἔχουσα,
2314 834 2380 885 τὰ
2409 835 2499 904 μὲν
2525 851 2558 883 α
2594 828 2629 902 β
2659 851 2692 901 7
2739 829 2929 890 πάντα,
2981 831 3080 876 τῶν
3109 819 3169 874 δὲ
3199 841 3220 872 ε
3246 821 3278 880 ζ
3333 839 3362 878 η
3425 821 3453 871 θ
3504 819 3573 871 τὰ

1917 929 2056 998 τρία,
2109 925 2378 995 ὑφειμένου
2434 927 2526 972 τοῦ
2586 917 2688 979 ἐνὸς
2741 915 3005 982 δηλονότι,
3078 908 3298 962 ὧντινων
3373 927 3393 959 ε
3447 907 3480 967 ζ
3537 926 3568 965 η

1921 1017 1948 1067 θ
2003 1018 2094 1072 τὴν
2163 1010 2342 1082 ὕφεσιν
2453 1006 2664 1068 ἐναλλὰξ
2771 1007 2975 1076 θέμενος
3048 1003 3254 1072 εὑρήσω
3319 999 3572 1069 τέτταρας

1921 1082 3571 1172 συζυγίαςαβγεζηαβγζηθαβν

1921 1213 1952 1250 η
2005 1193 2032 1243 θ
2091 1209 2112 1242 ε
2182 1209 2215 1241 α
2271 1186 2306 1261 β
2362 1209 2395 1259 7
2445 1207 2466 1238 ε
2516 1188 2542 1238 θ
2596 1185 2628 1246 ζ
2680 1182 2734 1234 αἱ
2789 1179 3099 1254 διαφέρουσι
3149 1185 3212 1235 τῆ
3272 1176 3569 1248 μεταθέσει.

1924 1283 2071 1336 Καθὰ
2123 1281 2221 1353 γὰρ
2270 1281 2300 1336 ἡ
2342 1282 2522 1350 πρώτη
2577 1278 2706 1349 πρὸς
2776 1277 2869 1330 τήν
2923 1267 3189 1341 δευτέραν,
3247 1269 3278 1324 ἦ
3333 1267 3364 1322 ἡ
3419 1267 3566 1336 τρίτη

1919 1375 2048 1445 πρὸς
2093 1374 2185 1427 τὴν
2239 1369 2489 1437 ὑτάστην,
2542 1365 2676 1418 οὕτω
2725 1361 2793 1422 δή
2848 1365 2939 1414 καὶ
2984 1361 3043 1410 τὸ
3100 1357 3155 1409 ἐκ
3205 1364 3297 1416 τῆς
3345 1355 3574 1414 ὑστάτης

1920 1461 2106 1534 κραθεν
2152 1458 2343 1528 ἄτομον
2410 1456 2540 1527 πρὸς
2599 1455 2656 1506 τὸ
2709 1451 2764 1504 ἐκ
2815 1457 2910 1510 τῆς
2965 1451 3176 1522 πρώτης
3227 1463 3282 1496 τε
3341 1446 3432 1534 καὶ
3480 1448 3574 1534 τῆς

1920 1554 2120 1622 τρίτης,
2173 1549 2261 1596 καὶ
2328 1550 2482 1595 τοῦτο
2540 1549 2639 1594 τῶν
2705 1540 2960 1610 τεττάρων
3042 1537 3231 1587 κοινόν.
3297 1533 3444 1585 Μετὰ
3513 1525 3575 1584 δε

1920 1616 2115 1693 ταύτην
2163 1638 2312 1709 τρίτη
2393 1632 2542 1694 τάξις
2611 1637 2710 1681 τῶν
2791 1627 3054 1697 συζυγιῶν
3102 1628 3132 1682 ή
3189 1624 3254 1674 τὰ
3311 1639 3437 1695 τρια
3475 1616 3574 1672 δύο

1922 1730 2147 1798 ἔχουσα,
2183 1725 2250 1776 τὰ
2296 1725 2386 1794 μὲν
2435 1742 2468 1773 α
2515 1719 2552 1794 β
2590 1741 2624 1791 7
2678 1720 2866 1785 πάντα,
2919 1722 3018 1768 τῶν
3075 1710 3135 1766 δὲ
3191 1732 3213 1764 ε
3269 1711 3301 1772 ζ
3341 1731 3372 1769 η
3430 1711 3457 1764 θ
3508 1711 3578 1762 τὰ

1923 1813 2043 1885 δύο,
2071 1823 2170 1866 τῶν
2215 1810 2312 1867 δύο
2372 1811 2553 1884 ὕφεσιν
2605 1812 2943 1880 πασχόντων,
2993 1805 3147 1856 ἅτινα
3202 1798 3297 1854 6L6:
3351 1808 3447 1863 τῆς
3492 1818 3576 1871 με·

2574 1896 2926 1970 ποιησάμενος
3029 1894 3234 1968 εὑρήσω
3319 1889 3576 1961 συζυγίαν

1930 1976 3575 2060 θέσειτελείαναβγεζαβσγζηαβγη

1929 2070 3364 2152 θαβιγθεαβγεααβγζθαῖ
3451 2061 3578 2118 δια-

1927 2173 2141 2243 φέρουσι
2193 2174 2256 2224 τῆ
2334 2163 2628 2237 μεταθέσει.
2713 2162 2865 2214 Καθὰ
2937 2161 3039 2232 γὰρ
3123 2159 3153 2214 ἡ
3220 2159 3403 2243 πρώτη
3449 2155 3579 2243 πρρς

1925 2237 2018 2316 τὴν
2050 2253 2316 2330 δευτέραν,
2346 2257 2376 2311 ἤ
2413 2256 2443 2312 ἠ
2473 2256 2623 2324 τρίτη
2672 2252 2797 2323 πρὸς
2856 2252 2950 2307 τήν
3006 2246 3258 2310 ὑστάτην,
3317 2241 3451 2295 οὕτω
3505 2237 3574 2299 δή

1924 2351 2013 2398 καὶ
2070 2349 2128 2398 τὸ
2193 2329 2252 2396 ἐκ
2316 2351 2411 2405 τῆς
2454 2343 2688 2402 ὑστάτης
2739 2340 2927 2414 κραθὲν
3000 2338 3188 2408 ἄτομον
3234 2336 3364 2408 πρὸς
3412 2335 3473 2384 τὸ
3523 2329 3579 2386 ἔκ

1923 2443 2014 2496 τῆς
2058 2453 2270 2509 πρώτης
2356 2451 2411 2484 τε
2492 2435 2582 2484 καὶ
2650 2437 2751 2482 τῶν
2832 2426 3012 2499 ἄφεξῆς
3077 2427 3172 2487 ἓως
3211 2425 3426 2493 ταύτης,
3485 2424 3578 2472 καὶ

1921 2533 2076 2578 τοῦτο
2127 2525 2296 2575 κοινὸν
2370 2525 2460 2574 καὶ
2525 2528 2625 2572 τῶν
2674 2517 2746 2580 ἕξ.
2801 2518 2944 2570 Μετὰ
2989 2511 3049 2567 δε
3103 2515 3300 2572 ταὺτην
3354 2512 3576 2585 τετάρτη

1919 2613 2061 2676 τὰξις
2088 2621 2188 2665 τῶν
2219 2611 2533 2682 συζυγιῶνὴ
2581 2610 2647 2660 1'6:
2689 2611 2810 2680 τρία
2856 2609 2947 2657 καὶ
3004 2606 3055 2656 ἕν
3103 2605 3326 2674 ἔχουσα,
3378 2601 3442 2653 τὰ

1921 2727 1954 2758 α
2005 2704 2040 2778 β
2083 2727 2116 2778 7
2161 2704 2349 2767 πάντα,
2381 2708 2477 2751 τῶν
2509 2694 2568 2750 δε
2617 2716 2639 2749 ε
2695 2695 2728 2756 ζ
2758 2715 2788 2753 η
2843 2696 2868 2746 θ
2913 2695 3053 2746 τὸὲν
3108 2699 3207 2743 τῶν
3253 2696 3404 2763 τριῶν
3453 2696 3582 2762 ὕφε-

1928 2807 2230 2875 deinceps.
2263 2802 2516 2869 Jamque
2537 2793 2737 2850 differt
2799 2791 3077 2865 purgatio
3124 2805 3161 2845 a
3211 2787 3569 2860 purgatione

1928 2902 2118 2968 Atque
2137 2893 2254 2947 hoc
2287 2887 2471 2944 modo
2503 2883 2874 2956 transpositis
2903 2878 3210 2937 elementis
3247 2876 3582 2968 secundum

1927 2966 2308 3042 remissiones
2333 2993 2403 3033 ac
2432 2973 2822 3038 intensiones,
2854 2968 3134 3025 tredecim
3163 2966 3412 3022 omnino
3440 2981 3582 3021 con—

1926 3069 2356 3148 jugationes(2)
2373 3065 2801 3134 exsistentquaa
2815 3058 3164 3115 dividuntur
3174 3057 3236 3112 in
3253 3054 3583 3124 nonaginta

1930 3166 2084 3222 duas
2137 3158 2382 3231 simplici
2433 3156 2535 3212 illa
2581 3149 3003 3224 conjugatione
3042 3162 3165 3203 non
3230 3149 3574 3202 numerata.

1933 3253 2129 3308 Prima
2151 3249 2328 3319 igitur
2346 3243 2619 3302 omnium
2658 3244 2747 3296 est
2767 3237 2866 3294 illa
2903 3234 3176 3307 simplex.
3210 3231 3433 3288 Deinde
3484 3246 3582 3287 or-

1932 3342 2071 3397 dine
2087 3355 2223 3412 quaa
2249 3338 2603 3407 sequuntur.
2628 3333 2808 3387 Porro
2821 3328 2953 3397 conj
2963 3323 3249 3394 ugationu
3257 3319 3481 3412 m‘ordo
3493 3336 3582 3378 se-

1933 3409 2167 3486 cundus
2195 3431 2284 3483 est
2319 3423 2422 3496 qui
2440 3421 2556 3477 tria
2583 3423 2640 3475 et
2664 3417 2776 3474 tria
2815 3415 3052 3472 habeta
3072 3412 3105 3467 b
3134 3427 3165 3467 ι·
3183 3409 3428 3483 quidem
3459 3425 3585 3466 om-

1933 3519 2053 3587 nia,
2083 3515 2189 3572 sed
2217 3514 2330 3570 tria
2349 3528 2423 3568 ex
2449 3526 2480 3568 e
2498 3512 2538 3580 f
2557 3509 2597 3566 h
2621 3509 2680 3574 Ιι,
2703 3505 3006 3562 subtracto
3020 3499 3295 3558 videlicet
3314 3513 3435 3555 uno
3455 3497 3582 3570 qui-

1933 3609 2048 3665 bus
2089 3609 2349 3679 quatuor
2377 3602 2462 3671 ef
2486 3617 2523 3671 9
2555 3599 2594 3655 h
2630 3595 2892 3652 vicissim
2945 3591 3284 3656 subtractis,
3320 3591 3584 3679 quatuor

1933 3677 2743 3768 conjugatlonesreperiama
2766 3685 2800 3740 b
2819 3684 2940 3754 cef
2952 3699 2990 3753 g
3030 3681 3040 3752 |
3088 3681 3170 3736 ab
3197 3677 3419 3768 cfghﬁl
3451 3693 3489 3734 a
3506 3677 3584 3733 bc

1931 3803 1970 3858 g
1984 3787 2024 3843 Ιι
2034 3801 2065 3842 e
2095 3788 2104 3854 |
2137 3800 2172 3840 a
2189 3784 2220 3838 b
2234 3799 2265 3838 ι·
2275 3797 2306 3838 e
2319 3781 2413 3850 hf.
2423 3795 2558 3852 quea
2571 3776 2810 3848 quidem
2823 3771 3283 3843 transpositione
3303 3767 3583 3858 differunt

1929 3855 2082 3931 inter
2111 3888 2192 3928 se.
2226 3873 2295 3925 Et
2315 3874 2381 3924 ut
2409 3865 2603 3923 differt
2631 3863 2826 3935 prima
2851 3877 2886 3916 a
2912 3859 3198 3925 secunda,
3225 3872 3296 3912 ac
3341 3855 3514 3912 tertia
3543 3871 3583 3911 a

1926 3967 2254 4036 postrema,
2279 3959 2361 4014 sic
2381 3953 2759 4013 individuum
2775 3950 3104 4036 temperatu
3115 3963 3172 4002 m
3193 3961 3265 4002 ex
3277 3947 3582 4036 postrema

1923 4035 2002 4107 ab
2033 4050 2136 4106 illo
2167 4048 2333 4121 quod
2363 4049 2454 4102 est
2477 4059 2551 4098 ex
2578 4041 2772 4114 prima
2830 4041 2885 4093 et
2935 4035 3105 4093 tertia
3159 4035 3578 4121 temperatum.

1921 4145 2111 4212 Atque
2131 4120 2292 4192 hunc
2324 4131 2647 4190 secundum
2675 4127 2948 4184 ordinem
2974 4122 3358 4196 consequitur
3376 4120 3583 4212 coniu.

1922 4210 2229 4300 gat-ianum
2241 4224 2390 4281 ordo
2407 4222 2637 4287 tertius,
2651 4216 2878 4291 quitria
2890 4219 2947 4272 et
2966 4214 3088 4271 duo
3109 4212 3310 4269 habet:
3331 4226 3370 4267 a
3387 4226 3418 4266 c
3431 4225 3470 4300 ᾳ
3489 4210 3522 4265 b
3540 4226 3581 4300 γε

1921 4298 2168 4390 quidem
2199 4312 2467 4379 omnino,
2502 4309 2607 4365 sed
2634 4325 2704 4365 ex
2735 4307 2819 4376 ef
2839 4322 2876 4376 9
2908 4305 2948 4360 Ιι
2967 4304 3110 4372 duo,
3139 4301 3379 4357 duobus
3404 4298 3581 4356 nimi-

1923 4422 2054 4462 rum
2079 4403 2340 4476 demptis
2358 4405 2413 4457 et
2427 4396 2762 4467 subtractis,
2785 4393 3007 4467 quibus
3026 4390 3287 4448 vicissim
3304 4393 3580 4461 transpo-

1927 4495 2053 4550 sitis
2073 4493 2363 4566 reperiam
2383 4486 2865 4558 conjugationem
2883 4481 3083 4556 positu
3092 4479 3413 4553 perfectam
3428 4494 3467 4535 a
3485 4477 3518 4533 b
3547 4493 3580 4534 ι’

1925 4584 2038 4655 ef]
2072 4581 2307 4650 abc.fg
2340 4580 2348 4651 |
2382 4579 2571 4647 abc.g
2596 4576 2635 4631 h
2667 4577 2676 4645 |
2708 4573 2958 4631 abc.he
2987 4573 2998 4642 |
3031 4569 3259 4638 abc.eg
3293 4570 3302 4638 |
3335 4566 3579 4655 qlia/It

1926 4653 2060 4744 quae
2098 4669 2382 4726 differunt
2411 4662 2892 4738 transpositione.
2920 4662 2988 4718 Et
3000 4664 3067 4715 ut
3101 4658 3298 4730 prima
3328 4653 3582 4712 differta

1926 4759 2208 4823 secunda,
2232 4763 2288 4814 et
2307 4755 2524 4818 tertiaa
2543 4757 2866 4826 postrema,
2889 4749 2972 4805 ita
2997 4747 3176 4804 etiam
3196 4744 3576 4801 individuum

1922 4865 1995 4905 ex
2022 4852 2326 4920 postrema
2355 4847 2752 4917 temperatum
2777 4839 2856 4896 ab
2884 4837 2986 4893 illo
3003 4835 3172 4908 quod
3213 4837 3300 4889 est
3354 4836 3577 4920 tempe-

1921 4919 2117 4994 ratum
2136 4944 2194 4992 et
2214 4934 2538 4992 conﬂatum
2561 4948 2634 4988 ex
2654 4931 2849 5004 prima
2868 4932 2925 4983 et
2944 4924 3186 4995 reliquis
3197 4922 3482 4992 deinceps
3496 4919 3577 4976 ad

1920 5028 2078 5083 hanc
2108 5031 2453 5096 postreman
2482 5035 2693 5092 usque.
2717 5023 2906 5089 Atque
2959 5015 3076 5070 hoc
3117 5025 3441 5068 commune
3489 5015 3578 5066 est

1922 5117 2119 5170 trium.
2145 5117 2312 5170 Hunc
2328 5112 2565 5168 tertium
2585 5111 2832 5180 quartus
2856 5103 3005 5160 ordo
3033 5099 3416 5172 consequitur
3469 5097 3576 5171 qui

1920 5205 2034 5259 tria
2045 5207 2102 5258 et
2116 5218 2303 5257 unum
2318 5200 2499 5255 habet
2510 5213 2547 5254 a
2563 5213 2594 5254 ι’
2607 5212 2644 5253 a
2659 5197 2691 5250 b
2703 5193 2990 5266 equidem
3005 5189 3254 5246 omnino
3273 5191 3332 5244 et
3344 5187 3574 5261 absque

1919 5292 2042 5348 ulla
2065 5288 2490 5357 subtractione,
2517 5285 2625 5342 sed
2642 5299 2831 5340 unum
2853 5297 2926 5337 ex
2961 5295 2992 5337 e
3019 5280 3060 5334 εἰ
3079 5294 3109 5335 e
3131 5281 3176 5349 f,
3200 5275 3387 5334 tribus
3402 5275 3574 5334 nimi-

1918 5398 2050 5440 rum
2087 5379 2426 5442 subtractis,
2449 5375 2672 5448 quibus
2709 5371 2965 5429 vicissim
3004 5366 3380 5440 transpositis
3409 5381 3576 5438 repe-

229 5476 308 5548 (t)
341 5477 526 5530 Locus
556 5475 957 5548 perobscu‘rus
977 5479 1220 5545 propter
1264 5472 1691 5548 confusionem
1711 5472 1782 5526 du

2019 5484 2243 5534 vocum,
2283 5480 2501 5538 nempe
2549 5464 2804 5548 συξυγίας
2831 5464 2919 5512 καὶ
2943 5457 3154 5548 τάξεως.
3179 5459 3476 5548 Caeterum
3506 5460 3572 5512 ut

153 5531 595 5616 explicaremus
654 5531 1005 5600 retinuimus
1039 5531 1244 5598 vécem
1279 5542 1487 5616 τάξεως,
1546 5542 1706 5598 Habit

2016 5564 2021 5594 ι
2048 5540 2210 5603 τάξεω
2230 5531 2445 5610 Ῥετιθέ
2465 5531 2844 5609 appellantur
2875 5534 3128 5602 συζυγίαι
3161 5544 3176 5596 ;
3221 5531 3402 5600 atque
3455 5531 3569 5584 tre-

151 5614 362 5691 decim
369 5617 625 5691 _ordines
650 5623 922 5691 respectu
946 5621 1203 5691 quatuor
1215 5614 1511 5691 ordinum
1539 5622 1713 5669 erunt
1741 5615 2237 5691 p0tius_a’U§U7iat:

233 5692 312 5761 (2)
343 5688 448 5743 Hic
487 5704 696 5744 rursus
724 5681 1168 5758 c'onjura'tiones
1193 5684 1475 5742 dicuntur
1511 5681 1787 5757 respectu
1816 5689 2078 5755 quatuor
2104 5681 2406 5740 Ordinum.
