3932 6326
373 327 508 385 1303

1895 315 2251 374 ΛΒΠΕΝΒΑ.

379 470 463 506 σιν
518 451 858 520 πασχόντων,
914 444 1068 496 ἅτινα
1157 439 1251 495 διὰ
1304 451 1401 504 τῆς
1456 444 1778 515 μεταθέσεως
1834 441 2113 506 ἐναλλὰξΛ
2146 442 2405 505 ταθέσεως
2446 440 2720 514 βαίσουσα
2788 441 2824 516 β
2873 464 2907 516 γ
2957 462 2978 495 ε
3031 443 3064 504 ζ
3112 463 3142 501 η
3201 445 3229 496 θ
3300 443 3337 517 β
3405 463 3442 516 7
3514 461 3541 495 ε
3607 443 3642 502 ζ
3699 461 3731 499 η

375 547 477 604 θεὶς
539 541 744 615 εὑρήσω
805 540 1055 609 τέτταρας
1113 533 1371 606 συζυγίας
1431 553 1464 586 α
1523 533 1559 606 β
1624 554 1658 606 γ
1723 553 1743 586 ε
1807 553 1840 586 α
1895 531 1931 606 β
1997 553 2030 604 γ

377 632 412 693 ζ
469 651 503 685 α
559 629 596 704 β
655 649 690 699 γ
741 646 771 686 η
836 644 870 679 α
924 623 959 697 β
1035 644 1068 695 γ
1117 626 1144 676 Θ
1198 625 1252 675 αῖ
1309 621 1620 696 διαφέρουσι
1699 629 1760 696 τῇ
1821 624 2033 696 μεταθέ-

381 741 483 777 σει.
571 719 720 772 Καοὰ
770 718 871 789 γὰρ
949 715 978 772 ἡ
1033 719 1213 789 πρώτη
1266 715 1396 787 πρὸς
1452 718 1547 772 τήν
1596 709 1864 787 δευτέραν,
1923 713 1952 772 ἢ
2000 714 2029 771 ἡ

374 815 523 888 τρίτη
594 825 723 880 προς
805 808 898 862 τήν
947 803 1199 868 ὑστάτην,
1268 803 1402 855 οὑτω
1459 799 1527 860 δὴ
1591 807 1681 854 καὶ
1733 805 1792 854 τὸ
1841 801 1895 854 ἑκ
1942 810 2036 863 τῆς

377 901 610 959 ὑστάτης
668 897 853 972 κραθὲν
905 894 1097 966 ἄτομον
1163 896 1294 967 πρὸς
1347 895 1404 945 τὸ
1454 891 1510 944 ἐκ
1574 900 1670 953 τῆς
1722 897 1930 966 πρώτης
1979 909 2035 944 τι

376 993 586 1051 καὶτῆς
612 991 813 1060 τρίτης,
858 987 945 1036 καὶ
1000 990 1151 1034 τοῦτο
1180 991 1279 1034 τῶν
1341 983 1596 1054 τεττάρων
1650 987 1839 1040 κοινόν,
1891 985 2036 1038 Μετὰ

382 1077 442 1134 δὲ
477 1081 670 1136 ταύτην
718 1080 810 1134 την
865 1073 1009 1137 τάξιν
1042 1073 1187 1149 ἑτέρα
1230 1072 1374 1136 τάξις
1411 1080 1510 1124 τῶν
1571 1073 1856 1143 συζυγιῶν,
1898 1081 2037 1146 τρεῖς

381 1175 471 1222 καὶ
508 1169 640 1225 αὕτη
678 1169 882 1237 ἔχουσα
910 1163 1100 1229 τάξεις,
1171 1164 1254 1224 αἷς
1311 1160 1420 1214 ἐστι
1474 1169 1574 1214 τῶν
1623 1165 1891 1238 τεσσάρων
1945 1165 2036 1234 μὲν

387 1261 480 1311 σὺν
510 1253 965 1329 ὑφέσειεναῦαγθί)
1026 1253 1117 1314 ἕως
1175 1247 1393 1316 δυάδος,
1435 1260 1534 1303 τῶν
1595 1248 1654 1304 δὲ
1707 1260 1861 1324 τριῶν
1924 1252 2039 1324 5?:-

387 1367 468 1408 σις
526 1349 614 1419 μεν
666 1351 758 1396 τοῦ
799 1343 919 1413 ἐνὸς,
975 1349 1073 1392 τῶν
1134 1337 1192 1394 δὲ
1241 1337 1338 1392 δύο
1390 1339 1637 1412 ἐναλλαγὴ
1697 1345 1786 1392 καὶ
1843 1341 2036 1401 ἰσότης.

389 1431 454 1490 Αἱ
519 1434 708 1498 τάξεων
758 1432 928 1496 τάξεις
983 1435 1073 1482 καὶ
1133 1433 1404 1502 συζυγίαι,
1446 1432 1500 1482 αἱ
1555 1432 1616 1482 τὰ
1675 1426 1771 1482 δὺο
1837 1433 1926 1502 μὲν
1987 1429 2041 1482 ἐκ

385 1534 542 1602 τριῶν
592 1527 838 1598 ἔχουσαι,
872 1520 924 1574 ἐκ
971 1517 1030 1574 δὲ
1077 1528 1176 1572 τῶν
1232 1522 1501 1594 τεσσάρων
1547 1521 1612 1572 τὰ
1668 1524 1919 1595 τέσσαρα,
1977 1522 2044 1572 τὰ

388 1620 531 1692 τρία,
609 1617 675 1667 τὰ
728 1609 846 1677 δύο,
907 1609 968 1672 ἂς
1037 1606 1129 1662 διὰ
1185 1618 1283 1661 τῶν
1339 1611 1658 1682 μεταθέσεων
1708 1608 1920 1672 ἐναλλὰξ
1967 1611 2044 1662 θέ-

391 1723 541 1778 μενος
589 1703 794 1778 εὑρήσω
855 1701 905 1752 έν
958 1705 1055 1771 μιᾲ
1098 1698 1287 1772 ἑκάστη
1339 1698 1482 1761 τάξει
1535 1695 1719 1750 ἕνδεκα
1766 1699 2044 1770 συζυγίας,

391 1795 461 1845 ὧν
508 1794 538 1850 ἠ
618 1795 797 1866 πρώτη
863 1789 1006 1851 τάξις
1083 1790 1298 1859 τούτων,

395 1875 2048 1952 ἕστὶνήαβεζηθαβεζηαβεζθ

397 1964 2053 2044 αβηθηαβεζαβζηαβηθα

399 2056 860 2135 βθζαβθ
922 2055 1307 2130 εαβεη
1369 2054 1422 2108 αἱ
1486 2053 1796 2131 διαφέρουσι
1852 2065 1914 2130 τῇ
1968 2075 2053 2130 με·

396 2152 624 2205 ταθέσει.
661 2149 810 2202 Καθὰ
860 2150 958 2220 γὰρ
1011 2148 1041 2205 ἠ
1078 2150 1254 2218 πρώτη
1304 2148 1434 2219 πρὸς
1486 2150 1579 2205 τὴν
1624 2148 1874 2214 ὑστάτην,
1928 2147 1957 2205 ἦ
2019 2147 2049 2204 ἡ

402 2236 622 2314 δευτέρα
672 2239 803 2312 πρὸς
853 2240 948 2294 τὴν
1003 2230 1247 2301 δεκάτην,
1305 2234 1440 2285 οὑτω
1493 2229 1559 2291 δὴ
1615 2238 1705 2286 καὶ
1755 2238 1814 2286 τὸ
1867 2233 1921 2285 ἐκ
1960 2241 2054 2294 τῆς

402 2324 682 2390 ἕνδεκάτης
766 2327 952 2398 κραθὲν
1010 2325 1202 2396 ἄτομον
1275 2321 1525 2375 ἀνάπαλιν
1572 2324 1661 2385 ἕως
1707 2331 1798 2376 τοῦ
1846 2322 1900 2375 ix
1961 2332 2057 2386 τῆς

399 2424 634 2493 πρώτης,
698 2423 850 2470 τοῦτο
912 2411 971 2468 δε
1024 2416 1193 2466 κοινὸν
1249 2417 1338 2464 καὶ
1389 2420 1488 2465 τῶν
1543 2409 1743 2468 ἕνδεκα.
1790 2416 1934 2466 Μετὰ
1999 2411 2058 2466 δι

402 2509 600 2566 ταύτην
654 2508 684 2565 ἠ
735 2507 932 2565 ταύτης
981 2499 1218 2577 δευτέρα,
1278 2503 1398 2560 ἕκτη
1460 2497 1521 2554 δέ
1564 2520 1624 2572 γε
1670 2509 1769 2554 τῶν
1826 2501 1974 2568 ὅλων,
2023 2505 2053 2561 ἡ

403 2605 478 2672 τῷ
509 2597 652 2650 αὑτῶ
690 2599 780 2648 καὶ
833 2594 963 2652 αὑτὴ
1029 2589 1281 2665 ἰδιώματι
1338 2592 1484 2654 ἐκτὸς
1546 2598 1644 2655 τῆς
1679 2600 1779 2644 τῶν
1820 2589 1917 2647 δύο
1973 2612 2058 2666 με·

405 2770 1292 2848 riamquatuorconjugationes
1332 2770 1344 2841 ι
1377 2769 1570 2828 abc.e
1601 2771 1610 2842 Ι
1651 2771 1878 2844 abcf]
1909 2772 2058 2829 abc.

405 2883 446 2938 g
503 2867 513 2938 Ι
553 2880 592 2923 a
620 2864 652 2920 b
682 2880 731 2920 ο.
758 2864 796 2919 h
838 2864 849 2934 Ι
891 2859 2063 2936 queetranspositionediﬂerunt.Utenim

409 2971 474 3011 se
511 2954 696 3012 habet
721 2953 919 3026 prima
946 2952 1024 3008 ad
1056 2949 1388 3008 secundam
1419 2955 1477 3006 et
1515 2950 1682 3007 tertia
1728 2951 1805 3007 ad
1827 2955 2062 3024 postre-

411 3061 597 3116 mam,
631 3045 711 3100 ita
731 3041 896 3117 quod
927 3058 1000 3098 ex
1025 3045 1334 3115 postrema
1361 3045 1760 3113 temperatum
1787 3045 1880 3096 est
1907 3040 2062 3098 indi-

406 3133 661 3190 viduum
699 3132 779 3190 ad
808 3130 955 3190 illud
967 3129 1132 3204 quod
1158 3146 1231 3186 ex
1260 3129 1456 3202 prima
1481 3132 1626 3186 etex
1661 3129 1850 3186 tertia.
1874 3133 2064 3202 Atque

407 3224 525 3280 hoc
545 3226 807 3296 quatuor
831 3233 1153 3277 commune
1184 3221 1295 3275 est.
1328 3221 1493 3274 Hunc
1518 3221 1804 3291 quartum
1857 3232 2064 3274 conse-

2145 529 3820 605 γεξθβγξθβγηθιβνεξβ

2143 620 3510 696 γξηβγηθβγθξβνθε
3614 619 3826 694 βτί

2147 731 2177 769 η
2235 711 2288 764 αἳ
2341 707 2652 785 διαφέρουσι
2712 720 2772 785 τῇ
2833 715 3128 786 μεταθέσει.
3183 715 3332 766 Κοιθὰ
3382 714 3493 785 γὰρ
3561 714 3596 769 ἡ
3660 717 3824 784 πρώτη

2145 805 2276 875 πρὸς
2330 806 2424 860 τὴν
2474 803 2730 869 ὑστάτην,
2799 803 2829 862 ἣ
2888 805 2919 861 ἡ
2980 800 3199 878 δευτέρα
3242 808 3378 876 πρὸς
3417 808 3518 861 τὴν
3583 798 3826 868 δεκάτην,

2147 891 2284 944 οὑτω
2364 887 2432 950 δὴ
2493 896 2582 943 καὶ
2630 894 2688 945 τὸ
2740 889 2796 943 ἐκ
2848 899 2945 954 τῆς
3026 888 3299 953 ἑνδεκάτης
3371 893 3581 966 κραθὲν
3651 892 3830 961 ἄτομον

2148 980 2400 1035 ἀνάπαλιν
2439 1002 2453 1014 ·
2487 981 2579 1042 ἕως
2618 987 2708 1034 τοῦ
2773 979 2830 1032 ἐκ
2860 990 2951 1042 τῆς
3005 987 3217 1055 πρώτης
3267 1004 3282 1016 ο
3341 989 3505 1034 τοῦτο
3551 978 3627 1034 δὲ
3675 985 3834 1032 κοινὰν

2147 1076 2236 1125 καὶ
2267 1079 2366 1124 τῶν
2433 1066 2638 1126 ἕνδεκα.
2685 1074 2831 1124 Μετὰ
2865 1068 2924 1124 δὲ
2975 1075 3166 1131 ταύτην
3210 1074 3241 1131 ἡ
3295 1076 3425 1147 πρὸς
3479 1076 3589 1130 τὴν
3632 1078 3836 1143 πρώτῃ

2149 1160 2309 1222 αὑτὴς
2334 1165 2509 1234 τρίτη,
2563 1157 2759 1232 ἑϐδόμη
2795 1156 2855 1213 δέ
2878 1179 2937 1232 ’γε
2973 1169 3070 1213 τῶν
3121 1160 3268 1231 ὅλων,
3317 1163 3347 1219 ἠ
3410 1168 3491 1231 τῷ
3552 1161 3713 1232 αὐτῷ
3759 1160 3840 1210 καὶ

2149 1250 2280 1308 αὑτή
2350 1246 2602 1322 ἰδιώματι
2679 1247 2947 1322 βαίνουσα
2994 1249 3139 1312 ἔκτὸς
3183 1259 3279 1312 τῆς
3331 1258 3433 1302 τῶν
3511 1247 3628 1302 δύο
3693 1269 3841 1322 μετα-

2153 1341 3844 1411 οὲοεωςαγεζηθαγεςηαγεζθα

2150 1428 2812 1502 γζηθαγηθ
2916 1429 3840 1500 εαγεζαγξηα

2152 1514 3840 1590 γηθαγθζαγθεαγεηαὶδιαφίο

2155 1626 2310 1682 ρουσι
2393 1613 2455 1680 τῇ
2513 1607 2804 1678 μεταθέσει.
2867 1608 3016 1659 mea
3063 1610 3166 1680 γὰρ
3222 1610 3252 1666 ἠ
3308 1612 3495 1681 πρώτη
3554 1610 3705 1681 πρὸς
3759 1613 3840 1664 τήν

2157 1698 2410 1764 ὑστάτην,
2467 1696 2496 1754 ἦ
2550 1698 2580 1754 ἠ
2650 1693 2867 1768 δευτέρα
2921 1695 3050 1770 πρὸς
3097 1701 3190 1755 τὴν
3241 1692 3494 1763 δεκάτην,
3571 1699 3727 1749 οὕτω
3781 1694 3839 1754 δὲ

1389 1792 1596 1860 πέμπτη
1651 1784 1709 1840 δε
1771 1797 1869 1840 τῶν
1922 1787 2048 1840 ὅλων
2084 1804 2123 1858 Β
2159 1790 2247 1839 καὶ
2333 1789 2390 1838 τὸ
2444 1783 2500 1838 ἐκ
2585 1792 2676 1847 τῆς
2741 1782 3018 1848 ἑνδεκάτης
3075 1789 3261 1862 κραθὶν
3318 1789 3518 1860 ἄτομον
3580 1786 3843 1839 ἀνάπαλιν

2161 1877 2255 1937 ἕως
2283 1883 2375 1928 τοῦ
2409 1873 2463 1927 ἔκ
2515 1883 2610 1938 τῆς
2655 1881 2889 1949 πρώτης,
2950 1883 3103 1929 τοῦτο
3153 1876 3211 1930 δε
3254 1880 3420 1929 κοινὸν
3483 1881 3587 1929 καὶ
3621 1886 3736 1929 τῶν
3779 1879 3844 1930 ἕνα

2164 1963 2310 2018 δεκα.
2371 1966 2517 2017 Μετὰ
2582 1960 2642 2018 δι
2717 1966 2914 2023 ταύτην
2963 1969 3057 2024 τὴν
3108 1966 3253 2029 τάξιν
3304 1966 3455 2041 ἑτέρα
3527 1966 3699 2029 τάξις
3752 1976 3842 2018 τῶν

2165 2057 2451 2126 συζυσγιῶν,
2518 2061 2651 2127 τρεῖς
2728 2058 2818 2106 καὶ
2891 2054 3021 2112 αὑτὴ
3075 2058 3278 2127 ἔχουσα
3327 2054 3524 2123 τάξεις,
3595 2058 3688 2117 αἶς
3739 2055 3842 2109 ἐστι

2162 2151 2263 2196 τῶν
2301 2147 2568 2217 τεσσάρων
2625 2145 2713 2216 μὶν
2765 2147 2858 2196 σὺν
2908 2145 3084 2217 ὑφέσει
3132 2144 3379 2217 ἕναλλαγὴ
3439 2146 3540 2207 ἕως
3609 2143 3839 2211 δυάδος,

2163 2241 2264 2286 τῶν
2297 2229 2356 2287 δὲ
2397 2241 2554 2309 τριῶν
2600 2235 2800 2307 ὕφεσις,
2856 2241 2958 2287 τῶν
3014 2232 3132 2302 δύο,
3181 2243 3272 2289 τοῦ
3321 2235 3428 2298 ἰνὸς
3487 2232 3552 2290 δε
3588 2256 3660 2308 γε
3712 2236 3843 2288 ἐναλ-

2164 2321 2320 2394 λαγή.
2372 2321 2434 2376 Αἰ
2486 2323 2674 2386 τάξεων
2719 2325 2890 2386 τάξεις
2944 2329 3034 2377 καὶ
3088 2325 3340 2396 συζυγίαι
3399 2327 3455 2376 αἱ
3514 2329 3578 2378 τὸ
3649 2326 3705 2379 ἓν
3760 2329 3840 2398 μὲν

2167 2411 2222 2466 ἐκ
2265 2420 2364 2464 τῶν
2411 2421 2567 2487 τριῶν
2609 2416 2835 2484 ἔχουσαι
2890 2411 2944 2465 ἔκ
2993 2411 3053 2468 δὲ
3107 2422 3205 2467 τῶν
3254 2416 3531 2490 τεσσάρων
3589 2417 3670 2468 τὰ
3729 2420 3844 2468 τέσ-

2172 2505 2421 2576 σαρα,τὰ
2451 2507 2590 2576 τρία,
2627 2505 2693 2555 τὰ
2732 2499 2850 2568 δύο,
2912 2503 2970 2564 ἃς
3023 2499 3117 2556 διὰ
3165 2511 3265 2556 τῶν
3311 2506 3654 2576 μεταθέσεις-»ν
3713 2504 3845 2557 ἕνα)-

2170 2591 2268 2656 λὰξ
2291 2593 2393 2656 θεὶς
2423 2593 2650 2668 εὑρήσω,
2703 2592 2752 2646 ἓν
2800 2599 2899 2666 μιᾷ
2963 2593 3155 2668 ἑκάστη
3219 2594 3361 2658 τάξει
3414 2591 3616 2648 ἕνδεκα
3678 2600 3843 2661 συζυ-

2170 2773 2290 2847 tem
2329 2771 2611 2829 undecim
2633 2787 2956 2829 commune
2977 2775 3084 2829 est.
3113 2775 3278 2829 Hunc
3354 2773 3765 2847 consequitur
3811 2791 3844 2830 a

2171 2846 2368 2934 primo
2398 2861 2579 2933 hujus
2591 2861 2823 2932 generis
2838 2862 3067 2934 tertius,
3090 2863 3522 2938 universorum
3541 2846 3843 2936 septimus

2170 2950 2274 3024 qui
2287 2956 2536 3024 excepta
2549 2950 2809 3008 duorum
2823 2952 3284 3024 transpositione
3301 2952 3576 3009 eamdem
3592 2969 3841 3026 permu-

2171 3039 2409 3096 tationis
2460 3041 2885 3113 proprietatem
2953 3042 3184 3110 retinet,
3215 3056 3254 3098 a
3282 3057 3332 3107 ο,
3365 3057 3397 3099 e
3417 3043 3457 3112 Γ
3480 3058 3522 3112 g
3549 3043 3590 3099 h
3651 3045 3662 3113 |
3729 3059 3768 3099 a
3793 3059 3839 3098 c.

2173 3129 2972 3202 efglac.efg|ac.fg
3009 3131 3814 3202 hlac.ghe|ac.ghe!

2173 3233 2278 3280 ac,
2307 3220 2420 3289 efl
2453 3220 2652 3291 ac.fg
2686 3221 2696 3291 ι
2727 3235 2813 3276 ac
2841 3237 2879 3291 g
2911 3221 2951 3276 Ιι
2983 3222 2992 3291 1
3025 3220 3207 3277 acht
3239 3222 3248 3291 |
3281 3235 3381 3286 ac,
3405 3222 3478 3278 he
3509 3221 3520 3291 Ι
3553 3225 3815 3292 ιιι-,891

411 3313 618 3386 quitur
647 3311 794 3367 alias
819 3309 970 3368 ordo
1009 3309 1507 3380 conjugationum
1546 3308 1648 3380 qui
1676 3308 1853 3364 etiam
1884 3307 2067 3365 habet
2105 3321 2145 3374 ο
2174 3323 2311 3380 qum
2341 3308 2805 3380 transpositione
2835 3308 3138 3365 differunt.
3159 3311 3231 3366 Ut
3249 3309 3409 3366 enim
3431 3309 3634 3382 prima
3651 3326 3720 3366 se
3738 3311 3842 3366 ha-

411 3402 540 3474 ipse
569 3406 688 3456 tres
717 3399 980 3467 ordines,
1016 3398 1076 3453 in
1115 3398 1336 3471 quibus
1364 3402 1625 3469 quatuor
1649 3401 2066 3470 permutantur

415 3494 474 3546 et
502 3488 904 3545 subtractioue
934 3487 1012 3544 ad
1041 3487 1163 3543 duo
1193 3485 1546 3555 rediguntur
1579 3505 1591 3553 ;
1620 3485 1894 3542 detribus
1922 3502 2064 3542 vero

417 3594 609 3636 unum
635 3577 913 3646 demitur,
953 3575 1076 3632 duo
1108 3579 1522 3647 permutantur
1559 3580 1614 3631 et
1663 3574 2065 3646 aequalitatem

416 3667 693 3725 retinent.
728 3666 836 3731 Qui
867 3665 1146 3721 ordinum
1161 3664 1403 3720 ordines
1415 3668 1472 3721 et
1491 3664 1946 3735 conjugatioues
1963 3680 2064 3720 ex-

418 3757 782 3813 sistuntcum
795 3754 869 3810 de
899 3754 1088 3812 tribus
1101 3753 1222 3809 duo
1236 3753 1737 3820 retinentur,etde
1783 3758 2064 3826 quatuor,

417 3852 694 3920 quatuor,
733 3844 868 3915 tria,
899 3844 1022 3901 duo
1055 3863 1068 3912 ;
1101 3843 1323 3916 quibus
1344 3842 1717 3914 transpositis
1747 3849 1804 3899 et
1831 3859 2068 3916 permu-

419 3936 555 3992 tatis
585 3935 646 3991 in
667 3949 1036 4007 unoquoque
1067 3932 1274 3990 ordine
1304 3931 1583 3988 undecim
1614 3933 2067 4003 conjugatioues

420 4025 737 4098 reperiam.
771 4027 851 4078 Ac
869 4023 1104 4095 primus
1116 4022 1362 4095 quidem
1377 4021 1527 4078 ordo
1541 4021 1725 4093 hujus
1737 4022 1967 4090 generis
1982 4023 2070 4077 est

403 4113 529 4169 ‘sed
556 4113 970 4169 universorum
998 4111 1242 4184 quintus
1281 4125 1318 4166 a
1340 4109 1373 4165 b
1412 4126 1442 4166 e
1459 4111 1544 4181 fg
1587 4111 1625 4167 h
1675 4112 1683 4179 Ι
1733 4125 1770 4166 a
1793 4110 1825 4164 b
1843 4125 1874 4166 c
1893 4111 1978 4180 fg
2031 4112 2040 4179 Ι

425 4201 671 4272 abefh
721 4204 730 4272 |
780 4201 1142 4270 (habghe
1191 4200 1200 4270 |
1255 4199 1348 4256 ab
1380 4199 1456 4268 ef
1502 4201 1512 4269 |
1571 4199 1756 4269 abfh
1800 4201 1808 4270 |
1861 4199 2070 4270 abgh

452 4291 464 4363 |
497 4305 532 4348 a
567 4291 656 4360 bf
680 4290 717 4346 h
777 4293 784 4361 |
836 4305 874 4345 a
901 4289 933 4344 ὁ
965 4289 1001 4344 Ia
1027 4303 1057 4346 e
1113 4288 1122 4360 |
1183 4305 1216 4342 (ι
1252 4289 1407 4358 beg,
1434 4289 2071 4360 quaadiﬂ'erunttrans-

421 4377 743 4454 positione.
777 4379 845 4434 Ut
881 4377 1040 4431 enim
1079 4376 1276 4448 prima
1297 4392 1361 4432 se
1390 4375 1572 4434 habet
1597 4378 1675 4433 ad
1705 4382 2072 4450 postremam

425 4471 484 4524 et
514 4467 782 4522 secunda
821 4465 898 4521 ad
911 4465 1232 4532 decimum,
1247 4465 1328 4521 ita
1340 4465 1518 4521 etiam
1532 4465 1906 4522 individuum
1926 4465 2074 4522 illud

423 4555 593 4629 quod
625 4570 699 4612 ex
726 4553 1050 4612 undecima
1090 4559 1482 4627 temperatum
1513 4561 1600 4613 est
1620 4571 1808 4628 usque
1831 4555 1909 4611 ad
1929 4555 2075 4611 illud

2172 3396 2272 3453 bet
2293 3395 2372 3452 ad
2403 3401 2768 3469 postremam
2801 3401 2904 3454 aut
2930 3397 3198 3455 secunda
3228 3399 3308 3454 ad
3365 3398 3702 3470 decimam,
3763 3401 3842 3455 ita

2173 3487 2353 3544 etiam
2378 3491 2586 3544 contra
2616 3487 2760 3543 illud
2790 3487 3167 3544 individuum
3197 3488 3364 3561 quod
3394 3505 3466 3543 ex
3510 3489 3842 3544 undicema

2175 3579 2561 3648 temperatum
2575 3580 2664 3632 est
2680 3577 2758 3633 ad
2769 3575 2912 3632 illud
2927 3593 3118 3649 usque
3131 3578 3295 3650 quod
3309 3580 3398 3633 est
3410 3593 3476 3633 ex
3487 3579 3840 3649 prima.Hoc

2176 3668 2376 3720 autem
2398 3663 2677 3720 undecim
2708 3679 3031 3722 commune
3086 3671 3192 3721 est.
3242 3669 3409 3722 Hunc
3441 3667 3841 3739 consequitur

2175 3753 2328 3809 alius
2345 3753 2839 3827 conjugationum
2856 3755 3005 3810 ordo
3026 3755 3130 3828 qui
3152 3756 3330 3812 etiam
3365 3756 3493 3827 ipse
3517 3760 3642 3812 tres
3663 3756 3843 3812 habet

2177 3842 2418 3899 ordines
2443 3844 2505 3898 in
2535 3843 2756 3916 quibus
2786 3849 3048 3916 quatuor
3070 3849 3488 3918 permutantur
3517 3851 3578 3900 et
3594 3846 3842 3901 subtra-

2176 3931 2404 3988 huntur
2429 3947 2622 4003 usque
2653 3931 2730 3988 ad
2753 3931 2896 3999 duo,
2937 3932 3012 3989 de
3042 3933 3232 3990 tribus
3258 3949 3401 3990 vero
3435 3933 3563 3990 duo
3605 3934 3846 3990 subtra-

2176 4019 2403 4076 buntur
2430 4025 2488 4078 et
2513 4036 2705 4078 unum
2729 4025 3121 4094 permutatur.
3143 4023 3254 4089 Qui
3273 4023 3561 4080 ordinum
3581 4029 3733 4079 sunt
3752 4040 3844 4080 or-

2179 4107 2352 4165 dines
2388 4113 2447 4166 et
2474 4109 2929 4182 conjugationes
2943 4111 3289 4184 habentque
3310 4113 3383 4168 de
3404 4111 3598 4167 tribus
3627 4129 3842 4174 unum.

2180 4197 2257 4254 de
2269 4202 2529 4272 quatuor
2541 4214 2699 4265 vero,
2715 4203 2995 4272 quatuor,
3014 4202 3148 4269 tria,
3167 4201 3311 4269 duo,
3330 4201 3560 4274 quibus
3573 4202 3844 4258 vicissim

2181 4288 2535 4360 permutatis
2549 4289 2842 4363 reperiam
2858 4289 2920 4346 in
2937 4305 3307 4364 unoquoque
3323 4290 3534 4346 ordine
3556 4292 3843 4348 undecim

2183 4377 2657 4449 conjugationes.
2683 4378 2791 4444 Qui
2811 4378 3060 4451 quidem
3083 4385 3173 4436 est
3211 4380 3444 4451 primus
3477 4380 3636 4435 ordo
3665 4381 3846 4452 hujus

2185 4467 2439 4537 generis,
2461 4471 2709 4524 octavus
2731 4483 2873 4524 vero
2901 4469 3320 4526 universorum
3342 4474 3448 4537 est,
3469 4484 3507 4525 a
3531 4485 3564 4526 ρ
3580 4471 3615 4540 f
3636 4488 3680 4541 g
3747 4471 3785 4526 Ιι
3815 4477 3826 4540 ί

2186 4558 2342 4626 aefg
2389 4560 2398 4626 I
2452 4557 2850 4628 afghlaefa
2884 4559 2892 4627 I
2926 4559 3338 4628 aghelaefl
3385 4559 3510 4629 ara
3545 4560 3555 4629 I
3591 4560 3850 4630 aghla

424 4644 594 4718 quod
623 4648 812 4701 estex
841 4643 1055 4717 prima.
1080 4646 1413 4701 Hocautem
1441 4660 1762 4701 commune
1790 4645 2076 4701 estunde-
2109 4685 2150 4740 Β
2189 4645 2265 4713 hf
2304 4647 2310 4716 |
2352 4645 2474 4701 ahe
2528 4648 2536 4717 Ι
2581 4661 2702 4716 aeg
2750 4648 2760 4714 |
2806 4662 2942 4718 quae
2957 4645 3762 4719 differunttranspositione.
3791 4651 3850 4704 [Et

425 4735 564 4791 cim.
591 4733 900 4792 Secundus
920 4732 1156 4806 quidem
1185 4733 1263 4790 ab
1299 4735 1412 4790 hoc
1441 4734 1591 4791 ordo
1628 4734 1732 4790 sed
1771 4735 2075 4790 universo-

423 4839 555 4882 rum
569 4828 767 4881 sextus
780 4823 999 4882 deinde
1013 4823 1527 4896 consequitur,qui
1544 4824 1820 4880 eamdem
1833 4839 2075 4897 quoque

423 4914 556 4988 ipse
568 4913 1017 4987 permutationis
1029 4913 1437 4986 prOprietatem
1452 4914 1660 4969 retinet
1671 4919 1918 4986 excepta
1930 4913 2077 4970 duo-

423 5003 1342 5074 rumdetribustranspositione,
1367 5002 1398 5057 b
1424 5003 1668 5073 c.efgh
1701 5005 1708 5072 |
1745 5002 1838 5058 bc.
1865 5004 1946 5072 ef
1967 5019 2004 5072 g
2037 5005 2045 5071 Ι

428 5091 1760 5164 bac/‘12]bc.fgh|bc,ghs|bc.ef|
1815 5091 2045 5166 be.fq|

427 5182 463 5238 b
487 5196 542 5239 ι’.
570 5181 667 5254 gh
699 5182 708 5253 Ι
744 5182 838 5238 bc.
865 5182 991 5252 [κί’]
1028 5181 1126 5236 bc.
1162 5180 1250 5237 he
1283 5181 1290 5256 |
1327 5181 1424 5237 ὁρ.
1457 5182 1589 5255 ehl
1639 5198 1775 5254 qum
1795 5181 2076 5239 differunt

422 5271 910 5344 transpositione.
955 5273 1020 5328 Ut
1044 5271 1200 5327 enim
1219 5287 1415 5344 prima
1441 5287 1502 5326 se
1523 5271 1705 5328 habet
1733 5271 1809 5328 ad
1840 5277 2072 5345 postre-

421 5374 591 5417 mam
630 5366 684 5417 et
719 5361 984 5417 secunda
1014 5360 1092 5416 ad
1118 5360 1438 5430 decimam,
1460 5361 1543 5418 ita
1567 5361 1743 5418 etiam
1771 5362 2071 5418 contrario

423 5448 632 5505 ordine
645 5449 1022 5506 individuum
1042 5450 1184 5506 illud
1198 5450 1360 5523 quod
1375 5467 1446 5506 ex
1460 5451 1778 5507 undecima
1792 5456 2072 5524 tempera-

421 5537 550 5592 tum
581 5539 670 5593 est
692 5536 770 5593 ad
794 5537 938 5594 illud
954 5555 1145 5612 usque
1167 5539 1332 5612 quod
1367 5545 1454 5596 est
1478 5556 1548 5597 ex
1563 5541 1774 5613 prima.
1813 5547 1929 5597 Hoc
1960 5556 2071 5596 au-

2187 4735 2344 4790 enim
2365 4735 2560 4807 prima
2581 4750 2644 4790 se
2667 4735 2844 4791 habet
2867 4735 2945 4791 ad
2964 4742 3330 4808 postremam
3355 4743 3457 4792 aut
3475 4738 3762 4795 secunda
3777 4738 3849 4794 ad

2185 4824 2506 4889 decimam,
2538 4825 2620 4880 ita
2649 4827 2855 4880 contra
2885 4824 3028 4881 illud
3052 4825 3430 4882 individuum
3451 4827 3624 4899 quod
3651 4844 3850 4884 exun-

2185 4915 2419 4971 decima
2449 4919 2845 4987 temperatum
2873 4921 2980 4984 est,
3013 4915 3092 4971 ad
3127 4916 3272 4972 illud
3327 4932 3521 4988 usque
3567 4918 3851 4990 quodest

2186 5021 2256 5062 ex
2281 5005 2623 5079 prima.Hoc
2638 5010 2834 5062 autem
2859 5022 3182 5064 commune
3205 5009 3381 5064 etiam
3414 5013 3504 5063 est
3535 5010 3848 5067 undecim.

2188 5095 2497 5152 Secundus
2520 5096 2597 5151 ab
2626 5096 2742 5151 hoc
2771 5095 2981 5153 ordine
3002 5099 3386 5169 consequitur
3406 5098 3584 5165 ordo,
3615 5101 3852 5157 univer-

2185 5199 2388 5240 sorum
2415 5200 2635 5251 nonus,
2659 5185 2764 5258 qui
2791 5185 2848 5241 in
2863 5200 3190 5258 progressu
3210 5187 3487 5243 eamdem
3511 5192 3853 5261 proprieta-

2182 5273 2304 5329 tem
2325 5274 2556 5339 retinet,
2584 5280 2830 5346 excepta
2856 5276 3033 5330 unius
3053 5276 3534 5348 transpositione,
3563 5277 3598 5333 b
3616 5281 3768 5350 efgh
3819 5282 3826 5350 Ι

2189 5362 3328 5436 befglb/‘ghlbghere/‘hlbefl
3380 5366 3851 5440 bfglbghlb

2188 5450 2292 5522 hfl
2328 5451 2360 5506 b
2390 5451 2463 5507 Ize
2493 5452 2501 5523 Ι
2537 5451 2569 5506 ὁ
2608 5468 2672 5524 eg
2710 5456 2717 5522 |
2777 5469 2914 5526 quae
2945 5455 3406 5527 transpositione
3432 5454 3751 5515 differunt.
3795 5463 3850 5515 [ί

2193 5541 2352 5598 enim
2387 5557 2448 5598 se
2473 5541 2656 5600 habet
2684 5543 2878 5616 prima
2893 5545 3241 5616 conjugatio
3254 5544 3329 5602 ad
3342 5549 3725 5618 postremam
3757 5553 3849 5604 aut

495 5661 575 5733 (ί)
611 5660 799 5718 Hicin
827 5661 1040 5721 Graeco
1065 5663 1439 5722 desideratur
1468 5686 1502 5720 ει
1527 5665 1564 5738 β
1591 5669 1670 5730 tu
1705 5667 1930 5740 square
1949 5665 2127 5725 etiam
2152 5665 2504 5725 addendum
2532 5682 2568 5726 a
2586 5667 2618 5724 b
2645 5671 2733 5743 fg
2769 5669 2807 5727 h
2834 5672 2900 5727 ut
2927 5669 3340 5728 sintundecim
3363 5671 3844 5746 conjugationes-

3701 317 3909 373 1334‘
