3932 6326
30 368 163 423 305

911 367 1267 426 THEODORI
1303 365 1352 423 II
1389 366 1525 426 IMP.
1568 368 1659 428 DE
1698 369 2159 428 COMMUNIONE
2187 371 2559 428 NATURALI.

3310 381 3445 436 1306

22 495 163 562 νέας,
196 490 316 549 ὧνή
350 492 528 565 πρώτη
571 489 718 553 τάξις
771 493 988 561 τούτων,
1049 489 1212 565 ὀγδόη
1265 488 1326 546 δε
1383 498 1482 546 τῶν
1528 492 1674 564 ὅλων,
1708 495 1755 549 Α
1786 502 1885 547 τῶν
1923 501 2098 568 τριῶν.
2154 497 2219 546 Αἱ
2267 494 2458 559 τάξεων
2507 495 2679 559 ταξεις
2730 501 2820 550 καὶ
2879 497 3134 571 συζυγίαι
3182 501 3236 554 αἱ
3288 504 3347 556 τὸ
3396 503 3445 556 ἓν

21 579 1679 643 πινήαεζηθαεζηαζηθᾶε

21 670 1678 734 ’θαηθεαεζαζηαηθαθ

138 779 173 811 α
250 760 278 811 θ
350 777 370 812 ε
446 778 480 810 α
558 777 580 811 ε
661 779 691 817 η
771 759 824 811 αἳ
889 756 1199 834 διαφέρουσι
1252 769 1315 835 τῇ
1376 764 1670 835 μεταθέσει,

21 848 177 902 ἱοιθὰ
214 849 376 922 γὰρὴ
419 855 599 924 πρώτη
648 852 778 925 πρὸς
825 855 920 909 τὴν
972 852 1224 917 ὑστάτην,
1283 852 1312 911 ἣ
1374 855 1404 911 ἡ
1465 849 1684 928 δευτέρα

21 940 155 1011 πρὸς
196 941 291 996 τήν
322 935 563 1005 δεκάτην,
598 939 733 991 οὑτω
785 936 854 1013 δῇ
909 945 998 993 καὶ
1054 944 1114 994 τὸ
1145 941 1202 994 έκ
1249 950 1345 1004 τῆς
1403 938 1682 1005 ἑνδεκάτης

21 1029 212 1102 ιραθὲν
291 1028 483 1100 ἄτομον
559 1026 808 1081 ἀνάπαλιν
866 1029 955 1091 ἕως
1012 1038 1102 1083 τοῦ
1153 1029 1208 1083 ἔκ
1259 1039 1351 1092 τῆς
1400 1038 1607 1106 πρώτης
1664 1053 1679 1069 ο

21 1125 176 1170 ὀῡτο
232 1114 292 1171 δὲ
342 1121 510 1170 κοινὸν
565 1123 655 1171 καὶ
706 1127 807 1171 τῶν
856 1116 1057 1176 ἕνδεκα.
1108 1123 1252 1174 Μετὰ
1301 1117 1360 1175 δὲ
1417 1124 1613 1182 ταύτην
1647 1125 1678 1181 ἡ

21 1209 220 1269 ἀὐτ-ης
258 1203 494 1282 δευτέρα,
533 1206 709 1266 έννάτη
771 1205 830 1261 δε
883 1229 940 1281 γε
980 1218 1078 1262 τῶν
1133 1210 1279 1280 ὅλων,
1341 1212 1371 1269 ἡ
1425 1219 1499 1282 τῷ
1542 1212 1682 1284 αὑτῷ

21 1303 113 1350 ιαὶ
153 1298 284 1357 αὑτὴ
331 1295 580 1370 ἰδιώματι
637 1297 898 1371 βαίνουσα
950 1297 1090 1361 ἐκτὸς
1140 1309 1235 1363 τῆς
1289 1308 1381 1356 τοῦ
1435 1302 1542 1365 ἐνὸς
1594 1322 1684 1375 με·

21 1387 1680 1465 ἀθέσεωςβεζηθβεζηβξηθβη

21 1481 32 1524 ὓ
129 1475 170 1549 β
244 1479 271 1529 θ
347 1477 378 1538 ζ
446 1475 482 1550 β
569 1479 596 1531 θ
665 1497 686 1530 ε
740 1476 776 1550 β
856 1477 1058 1536 εηαῖ
1127 1475 1437 1554 διαφέρουσι
1486 1488 1548 1553 τῇ
1597 1499 1682 1553 με-

21 1569 248 1622 ἀθέσει.
325 1569 475 1620 Καθὰ
521 1571 622 1644 γὰρ
677 1570 706 1626 ἡ
767 1573 948 1641 πρώτη
1004 1573 1136 1642 πρὸς
1195 1573 1290 1628 τὴν
1341 1571 1594 1642 ὑστάτην,
1647 1573 1678 1632 ἣ

21 1679 31 1716 ι
79 1653 309 1732 δευτὲρα
353 1661 478 1730 πρὸς
502 1662 596 1716 τὴν
656 1654 901 1729 δεκάτην,
953 1660 1088 1710 οὑτω
1146 1656 1214 1719 δὴ
1255 1665 1345 1713 καὶ
1396 1663 1454 1713 τὸ
1499 1660 1554 1714 ἐκ
1587 1669 1684 1725 τῆς

27 1743 306 1809 νδεκάτης
380 1749 565 1821 κραθὲν
620 1748 812 1820 ἄτομον
886 1746 1135 1802 ὰνάπαλιν
1205 1750 1299 1811 ἓως
1341 1757 1434 1803 τοῦ
1488 1749 1542 1803 ἐκ
1588 1761 1682 1813 τῆς

21 1855 230 1908 τρωτης

21 1929 216 1984 ἀὑτην
267 1928 297 1985 η
355 1930 485 1999 πρὸς
542 1931 636 1986 τὴν
685 1927 846 1990 αὑτῆς
901 1932 1075 2003 τρίτη,
1127 1926 1320 1988 δεκάτη
1367 1926 1428 1983 δέ
1473 1950 1530 2003 7s
1580 1939 1679 1983 τῶν

21 2014 168 2083 ἰλων,
203 2017 234 2074 ἡ
267 2023 340 2086 τῷ
376 2016 517 2086 αὐτῷ
570 2021 660 2068 καὶ
721 2016 850 2076 αὑτὴ
915 2014 1162 2089 ἰδιώματι
1216 2017 1479 2091 βαίνουσα
1533 2018 1681 2082 ἐκτὸς

21 2111 118 2165 τῆς
193 2110 286 2156 τοῦ
372 2103 480 2167 ίνὸς
536 2106 860 2177 μεταθέσεως
911 2126 944 2177 7
998 2125 1018 2158 ε
1075 2106 1108 2166 ζ
1181 2126 1211 2165 η
1265 2109 1292 2159 θ
1343 2127 1377 2178 7
1416 2126 1437 2160 ε
1485 2110 1513 2170 ζ
1565 2126 1596 2166 η
1643 2127 1678 2179 7

21 2195 1681 2269 ζηθγεζθγηθεγεζγ

21 2283 1682 2359 ζηγηθγθζγθεγεηαῖδιαφέ-

21 2391 181 2424 οουσι
221 2381 284 2444 τῇ
342 2375 633 2445 μεταθέσει.
700 2375 848 2426 Καθὰ
914 2375 1015 2448 γὰρ
1072 2376 1102 2434 ἠ
1188 2381 1365 2450 πρώτη
1409 2379 1540 2451 πρὸς
1586 2380 1681 2435 τὴν

21 2463 260 2519 ὒστάτην
289 2482 301 2496 ·
345 2462 375 2520 ᾖ
438 2464 468 2520 ἠ
527 2459 746 2537 δευτέρα
784 2465 915 2536 πρὸς
962 2467 1056 2522 τὴν
1123 2461 1368 2536 δεκάτην,
1427 2465 1560 2518 οὕτω
1610 2462 1678 2524 δὴ

21 2554 111 2602 ιαὶ
192 2553 250 2602 τὸ
333 2549 388 2603 ἔκ
467 2558 559 2612 τῆς
617 2548 891 2613 ἑνδεκάτης
945 2554 1134 2628 κραθὲν
1189 2554 1380 2627 ἄτομον
1432 2553 1682 2608 ἀνάπαλιν

21 2641 116 2701 ἶως
177 2646 267 2692 τοῦ
320 2638 375 2692 ἐκ
425 2648 521 2702 τῆς
585 2647 790 2712 πρώτης
834 2663 849 2677 ο
899 2649 1052 2695 τοῦτο
1115 2638 1175 2696 δὲ
1221 2647 1389 2696 κοινὸν
1437 2649 1527 2697 καὶ
1581 2653 1682 2698 τῶν

21 2726 228 2784 ἕνδεκα.
282 2731 428 2784 Μετὰ
479 2727 538 2783 δὲ
590 2734 784 2789 ταύτην
837 2736 932 2791 τὴν
986 2730 1133 2796 τάξιν
1184 2733 1332 2808 ἑτέρα
1385 2734 1530 2798 τάξιν
1581 2743 1682 2787 τῶν

21 2819 310 2890 συζυγιῶν,
369 2827 508 2896 τρεῖς
562 2827 652 2875 καὶ
714 2821 844 2881 αὑτή
923 2825 1126 2894 ἔχουσα
1182 2823 1368 2890 τάξεις,
1429 2824 1514 2888 αἶς
1570 2823 1682 2878 ἐστι

21 2916 124 2960 τῶν
200 2927 254 2961 τε
334 2917 490 2982 τριῶν
543 2915 633 2963 καὶ
693 2919 792 2963 τῶν
851 2913 1120 2986 τεσσάρων
1173 2911 1443 2986 ἐναλλαγὴ,
1504 2913 1682 2987 ὕφεσις

21 2993 85 3050 δε
120 2996 176 3050 iv.
225 3000 314 3071 μὲν
361 3007 461 3052 τῶν
510 3008 665 3075 τριῶν
717 3009 817 3053 τῶν
870 2997 988 3070 δύο,
1042 3000 1096 3054 ἐκ
1152 2999 1212 3056 δὲ
1260 3010 1358 3056 τῶν
1414 3005 1682 3077 τεσσάρων

1787 585 1876 656 μεν
1937 582 1992 636 ἐκ
2047 591 2147 635 τῶν
2226 593 2381 658 τριῶν
2437 588 2685 658 ἔχουσαι,
2764 588 3016 650 ὡσαύτως
3081 594 3170 642 καὶ
3234 591 3290 643 ἐκ
3345 600 3445 645 τῶν

1787 675 2054 748 τεσσάρων
2129 676 2188 725 τὸ
2259 673 2327 739 ἓν,
2408 673 2470 736 ἂς
2549 672 2643 727 διὰ
2697 684 2796 728 τῶν
2862 679 3183 750 μεταθέσεων
3232 679 3446 745 ἐναλλὰξ

1791 765 1897 827 θεὶς
1925 765 2128 838 εὑρήσω
2181 762 2228 816 ἐν
2258 771 2356 838 μιᾷ
2409 765 2604 839 ἑκάστη
2659 766 2800 830 τάξει
2853 770 3113 842 τέσσαρας
3167 774 3441 844 συζυγίας,

1790 854 1914 912 ὧνὴ
1946 859 2126 928 πρώτη
2155 853 2304 917 τάξις
2339 857 2553 923 τούτων,
2613 853 2860 916 ἑνδεκάτη
2921 854 2982 910 δέ
3036 878 3096 931 γε
3141 868 3240 912 τῶν
3294 861 3440 932 ὅλων,

1793 945 1928 997 ἔστιν
2011 964 2044 997 α
2128 963 2150 997 ε
2228 964 2262 997 α
2339 945 2372 1006 ζ
2437 966 2470 1000 α
2543 967 2574 1005 η
2652 968 2686 1000 α
2761 949 2788 1000 θ
2856 949 2912 1002 αἰ
2994 945 3305 1023 διαφέρουσι
3375 961 3438 1026 τῇ

1791 1035 2080 1107 μεταθέσει.
2163 1035 2310 1088 Καθά
2381 1037 2484 1110 γὰρ
2533 1038 2562 1095 ἡ
2606 1041 2786 1110 πρώτη
2845 1041 2976 1112 πρὸς
3021 1044 3114 1098 τὴν
3171 1037 3439 1110 δευτέραν,

1793 1123 1822 1182 ἢ
1883 1125 1913 1181 ἡ
1970 1127 2121 1196 τρίτη
2179 1127 2309 1199 πρὸς
2365 1129 2458 1183 τὴν
2515 1127 2767 1194 ὑστάτην,
2823 1127 2957 1180 οὑτω
3000 1125 3068 1186 δὴ
3130 1134 3218 1182 καὶ
3274 1134 3334 1183 τὸ
3385 1131 3444 1184 ἐκ

1792 1218 1883 1272 τῆς
1943 1213 2177 1274 ὑστάτης
2253 1215 2438 1285 κραθὲν
2515 1215 2706 1288 ἄτομον
2784 1214 2832 1267 ἐν
2921 1213 3266 1291 ἀναποδισμῷ
3349 1221 3442 1283 ἕως

1791 1307 1885 1353 τοῦ
1964 1299 2018 1352 έκ
2093 1308 2185 1364 τῆς
2238 1308 2444 1374 πρώτης
2501 1302 2695 1377 ἀτόμου
2753 1308 3028 1380 κραθέντος
3085 1328 3097 1340 ο
3153 1311 3242 1360 καὶ
3289 1317 3441 1362 τοῦτο

1791 1397 1891 1442 τῶν
1948 1393 2202 1463 τεττάρων
2268 1397 2456 1448 κοινόν.
2520 1397 2664 1446 Μετὰ
2733 1391 2792 1447 δὲ
2848 1399 3040 1455 ταύτην
3087 1400 3116 1456 ἡ
3168 1401 3295 1473 πρὸς
3348 1404 3441 1458 τὴν

1791 1485 2002 1555 πρώτην
2053 1483 2246 1542 ταύτης
2298 1477 2534 1557 δευτέρα,
2588 1479 2861 1543 δωδεκάτη
2925 1481 2985 1537 δέ
3039 1506 3099 1557 γε
3144 1496 3243 1540 τῶν
3294 1488 3440 1559 ὅλων,

1791 1569 1821 1626 ἠ
1873 1577 1945 1640 τῷ
2011 1571 2152 1640 αὑτῷ
2208 1575 2297 1622 καὶ
2354 1572 2482 1630 αὑτὴ
2550 1568 2801 1645 ἰδιώματι
2856 1573 3134 1647 βαίνουσα,
3190 1574 3439 1651 ἐναλλαγῇ

1790 1675 1844 1710 τε
1917 1661 2006 1709 καὶ
2076 1660 2348 1730 μεταθέσει
2422 1658 2457 1733 β
2536 1679 2558 1713 ε
2637 1659 2673 1734 β
2755 1662 2787 1722 ζ
2871 1660 2907 1734 β
3000 1682 3032 1720 η
3131 1663 3168 1736 β
3264 1667 3293 1717 θ
3388 1664 3443 1718 αἲ

1791 1743 2102 1818 διαφέρουσι
2155 1755 2217 1820 τῇ
2277 1751 2568 1820 μεταθέσει.
2631 1751 2779 1802 Καθὰ
2833 1752 2936 1825 γὰρ
2991 1753 3021 1810 ἡ
3077 1758 3257 1826 πρώτη
3318 1757 3444 1827 πρὸς

294 1857 308 1870 ο
354 1844 507 1889 τοῦτο
559 1834 618 1891 δε
672 1841 842 1890 κοινὸν
888 1843 978 1892 καὶ
1022 1848 1120 1892 τῶν
1171 1837 1372 1894 ἕνδεκα.
1434 1843 1573 1894 Μετὰ
1621 1838 1682 1895 δὲ
1719 1839 1883 1910 Βτῆν
1937 1832 2202 1911 δευτέραν,
2268 1837 2297 1896 ἦ
2353 1839 2382 1895 ἠ
2458 1843 2606 1912 τρίτη
2662 1841 2792 1914 πρὸς
2847 1845 2942 1898 τὴν
2994 1841 3251 1910 ὑστάτην,
3309 1844 3443 1896 οὕτω

1790 1921 1858 1984 δὴ
1899 1928 2085 1978 καὶτὸ
2136 1923 2188 1978 ἐκ
2253 1934 2346 1986 τῆν
2395 1928 2627 1989 ὑστάτης
2682 1929 2869 2001 κραθὲν
2920 1930 3112 2002 ἄτομον
3156 1929 3205 1982 ἂν
3260 1929 3448 1984 ἀναπο-

1790 2011 1969 2088 δισμῷ
2048 2015 2141 2076 ἕως
2189 2021 2280 2067 τοῦ
2330 2013 2386 2066 ἐκ
2431 2024 2523 2077 τῆς
2577 2022 2789 2090 πρώτης
2847 2016 3039 2091 ὰτόμοῦ
3091 2021 3364 2092 κραθέντος
3428 2041 3442 2056 ο

1787 2110 1878 2158 καὶ
1924 2124 2076 2158 τουτο
2122 2112 2223 2158 τῶν
2296 2108 2550 2181 τεττάρων
2597 2111 2785 2162 κοινόν.
2840 2111 2986 2170 Μετὰ
3043 2106 3102 2162 δε
3164 2113 3359 2169 ταύτην
3411 2113 3441 2169 ἠ

1787 2198 1917 2270 πρὸς
1989 2198 2082 2254 τὴν
2165 2201 2372 2264 πρώτην
2443 2196 2599 2257 αὑτῆς
2673 2201 2847 2272 τρίτη,
2906 2194 3320 2272 τρισκαινδεκάτη
3385 2195 3447 2252 δε

1789 2291 1889 2336 τῶν
1939 2283 2066 2336 ὅλων
2133 2288 2223 2336 καὶ¹
2282 2284 2509 2349 ὑστάτη,
2563 2287 2594 2344 ἠ
2650 2293 2723 2356 τῷ
2773 2286 2913 2356 αὑτῷ
2969 2290 3055 2338 καὶ
3109 2287 3241 2346 αὑτὴ
3299 2284 3446 2341 ἰδιώ-

1789 2392 1918 2446 ματι
1988 2372 2249 2446 βαίνουσα
2317 2373 2564 2448 έναλλαγῇ
2650 2394 2704 2428 τε
2781 2379 2870 2428 καὶ
2938 2377 3208 2448 μεταθέσει
3262 2397 3297 2448 7
3346 2396 3368 2430 ε
3413 2398 3446 2451 7

1792 2463 1825 2525 ζ
1854 2484 1888 2536 7
1933 2483 1963 2522 η
2017 2485 2051 2536 7
2113 2465 2140 2517 θ
2195 2462 2248 2516 αἳ
2298 2461 2610 2538 διαφέρουσι
2668 2473 2730 2538 τῇ
2790 2467 3082 2539 μεταθέσει.
3143 2469 3293 2520 Καθὰ
3340 2471 3444 2542 γὰρ

1791 2555 1820 2613 ἠ
1871 2559 2049 2627 πρώτη
2134 2555 2264 2629 πρὸς
2337 2558 2431 2613 τὴν
2480 2551 2745 2627 δευτέραν,
2815 2555 2846 2614 ἢ
2890 2556 2922 2614 ἡ
2971 2560 3123 2630 τρίτη
3180 2559 3306 2630 πρὸς
3352 2561 3446 2616 τὴν

1791 2643 2046 2708 ὑστάτην,
2127 2641 2258 2696 οὕτω
2345 2640 2412 2702 δὴ
2491 2647 2581 2696 καὶ
2635 2647 2694 2696 τὸ
2750 2643 2806 2696 ἐκ
2834 2653 2926 2706 τῆς
2979 2646 3210 2708 ὑστάτης
3260 2647 3446 2720 κραθὲν

1789 2732 1982 2805 ἄτομον
2013 2731 2061 2784 έν
2118 2728 2466 2804 ὰναποδισμῷ
2517 2735 2611 2794 ἕως
2661 2740 2754 2786 τοῦ
2809 2731 2866 2786 ἐκ
2917 2742 3015 2796 τῆς
3063 2740 3277 2809 πρώτης
3331 2733 3449 2788 ὰτό-

1789 2842 1891 2896 μου
1976 2822 2244 2897 κραθέντος
2323 2842 2337 2857 ο
2410 2826 2500 2875 καὶ
2584 2829 2736 2875 τοῦτο
2796 2830 2895 2876 τῶν
2947 2824 3203 2899 τεττάρων
3255 2829 3442 2882 κοινόν.

1789 2911 2024 2985 ’Έχουσι
2066 2915 2236 2963 τοίνυν
2267 2907 2355 2963 οὖν
2381 2911 2475 2974 ἕως
2521 2908 2676 2985 δεῦρο
2713 2914 2771 2965 τὸ
2805 2915 2972 2986 τερμα
3023 2917 3194 2965 πᾶσαι
3245 2917 3300 2966 αἱ
3345 2923 3444 2966 τῶν

1789 3009 1882 3055 τοῦ
1929 3000 2142 3073 λογικοῦ
2191 3001 2326 3062 ζώου
2385 3008 2550 3077 μερῶν
2611 3001 2882 3074 συζυγίαι,
2964 2999 3328 3074 ἀναφαίνονται
3384 3001 3444 3056 δὲ

22 3175 300 3233 secunda
329 3177 408 3234 ad
423 3176 743 3246 decimam,
762 3180 844 3236 ita
873 3180 1052 3236 etiam
1077 3184 1284 3238 contra
1307 3181 1454 3238 illud
1475 3182 1682 3238 indivi-
1714 3177 1754 3234 C
1792 3177 2276 3252 transpositione,
2310 3177 2385 3236 be
2423 3177 2432 3250 Ι
2477 3178 2510 3234 b
2533 3177 2570 3248 f
2604 3178 2613 3250 |
2655 3177 2738 3249 bg
2777 3178 2786 3249 Ι
2854 3176 2930 3234 bh
2979 3178 2988 3248 Ι
3029 3193 3167 3251 quas
3196 3178 3441 3252 quidem

21 3264 222 3320 duum
249 3266 414 3338 quod
443 3283 514 3324 ex
537 3268 861 3326 undecima
888 3273 1289 3342 temperatum
1322 3276 1410 3328 est
1431 3271 1509 3327 ad
1535 3271 1682 3327 illud

21 3371 227 3429 usque
247 3358 412 3430 quod
444 3363 630 3415 estex
685 3359 883 3431 prima
924 3360 1275 3417 conﬂatum.
1309 3364 1428 3418 Hoc
1481 3366 1683 3417 autem

21 3461 354 3501 commune
384 3447 564 3503 etiam
585 3453 674 3505 est
717 3449 1020 3508 undecim.
1077 3451 1301 3506 Tertius
1356 3466 1392 3507 a
1414 3451 1682 3509 secundo

21 3534 211 3605 hujus
231 3535 464 3604 generis
484 3536 633 3592 ordo
654 3538 1060 3610 consequitur,
1096 3539 1511 3596 universorum
1527 3539 1683 3595 deci-

21 3641 166 3680 mus
192 3624 295 3696 qui
310 3625 370 3681 in
392 3639 712 3698 progressu
726 3627 1003 3684 eamdem
1016 3629 1436 3701 proprietatem
1449 3629 1679 3696 retinet,

21 3713 1195 3788 exceptauniustranspositione:cefgh
1236 3717 1244 3788 |
1296 3718 1437 3788 cefg
1478 3719 1486 3780 |
1529 3717 1683 3788 cfgh

53 3801 338 3872 lcefhl
397 3804 521 3874 cef
569 3805 579 3873 Ι
631 3805 757 3875 cfg
815 3806 824 3875 |
881 3806 1023 3876 egh
1082 3807 1306 3877 Ichfl
1352 3805 1683 3877 chelceg

21 3905 166 3962 quae
202 3893 664 3964 transpositione
696 3893 1004 3951 diﬂerunt.
1036 3897 1104 3951 Ut
1128 3895 1289 3951 enim
1315 3895 1514 3967 prima
1544 3911 1681 3950 con-

21 3979 258 4050 jugatio
289 3995 351 4036 se
379 3980 562 4038 habet
591 3982 668 4037 ad
699 3982 974 4039 ultimam
1006 3989 1109 4040 aut
1135 3983 1400 4041 secunda
1421 3984 1498 4040 ad
1520 3983 1680 4040 deci-

24 4083 221 4136 mam,
253 4069 334 4126 ita
353 4071 532 4126 etiam
554 4076 761 4128 contra
813 4071 959 4128 illud
1002 4072 1376 4129 individuum
1421 4073 1586 4146 quod
1610 4089 1683 4128 ex

23 4159 353 4216 undecima
372 4165 774 4232 temperatum
791 4167 900 4229 est,
925 4163 1002 4218 ad
1032 4163 1179 4221 illud
1201 4179 1394 4236 usque
1420 4163 1584 4236 quod
1611 4179 1682 4218 ex

26 4247 229 4318 prima
279 4249 609 4306 conﬂatum
653 4254 760 4306 est.
815 4253 935 4307 Hoc
975 4255 1175 4308 autem
1231 4267 1551 4308 commune
1595 4256 1684 4307 est

26 4335 212 4393 etiam
242 4337 546 4396 undecim.
588 4341 756 4394 Hunc
793 4340 1065 4396 ordinem
1106 4340 1493 4412 consequitur
1531 4339 1683 4395 alius

26 4427 526 4498 conjugationum
553 4429 723 4497 ordo,
744 4429 846 4502 qui
879 4430 1057 4485 etiam
1087 4430 1214 4502 ipse
1239 4434 1356 4485 tres
1393 4430 1682 4485 habetor-

26 4512 204 4568 dines
226 4515 285 4570 in
306 4515 528 4586 quibus
553 4517 660 4572 tria
677 4522 732 4572 et
751 4522 1011 4590 quatuor
1047 4521 1482 4590 permutantur,
1513 4533 1581 4572 ac
1608 4516 1682 4573 dc

28 4604 222 4658 tribus
251 4603 498 4676 quidem
528 4605 652 4660 duo
684 4606 1139 4664 subtrahuntur.
1170 4607 1244 4662 de
1263 4610 1523 4678 quatuor
1541 4621 1682 4661 vero

29 4694 160 4749 tria.
191 4693 300 4758 Qui
332 4697 471 4749 sunt
515 4694 795 4750 ordinum
856 4695 1095 4752 ordines
1129 4699 1185 4752 et
1231 4695 1683 4765 conjugationes

33 4780 380 4854 habentque
403 4782 476 4838 de
514 4784 706 4839 tribus
761 4799 968 4850 unum,
1017 4785 1352 4858 eodemque
1399 4784 1582 4840 modo
1609 4783 1684 4840 de

31 4874 590 4942 quatuorunumae
631 4874 638 4945 |
681 4874 806 4943 afl
847 4888 932 4944 ag
973 4875 982 4946 Ι
1024 4874 1108 4931 ah
1149 4874 1157 4946 Ι
1207 4872 1685 4946 quaetransposi-

33 4958 195 5016 tione
216 4959 518 5016 differunt.
554 4963 622 5018 Ut
649 4962 808 5017 enim
836 4962 1030 5034 prima
1052 4963 1396 5033 conjugatio
1425 4978 1489 5017 se
1506 4961 1687 5017 habet

32 5048 109 5104 ad
143 5049 497 5120 secundam,
517 5055 620 5106 aut
649 5051 820 5106 tertia
849 5051 926 5106 ad
957 5055 1345 5123 postremam,
1386 5050 1468 5106 ita
1505 5050 1683 5106 etiam

33 5140 332 5195 contrario
345 5139 553 5195 ordine
569 5139 944 5196 individuum
962 5139 1104 5195 illud
1119 5139 1280 5212 quod
1298 5156 1368 5195 ex
1383 5145 1685 5212 postrema

30 5228 434 5300 temperatum
457 5228 649 5297 est,ad
668 5228 814 5284 illud
838 5245 1028 5301 usque
1049 5228 1214 5302 quod
1236 5245 1306 5284 ex
1328 5229 1524 5302 prima
1546 5243 1683 5284 cono

29 5312 239 5372 ﬂatum
269 5320 379 5372 est.
410 5321 598 5389 Atque
627 5316 744 5373 hoc
771 5317 862 5373 his
893 5326 1153 5390 quatuor
1209 5333 1530 5377 commune
1573 5321 1680 5374 est.

31 5403 339 5462 Secundus
368 5405 448 5462 ab
475 5406 592 5462 hoc
632 5406 782 5463 ordo
807 5407 1216 5480 consequitur,
1265 5407 1682 5463 universorum

30 5490 428 5550 duodecimus
454 5495 558 5568 qui
583 5495 644 5552 in
678 5511 995 5569 progressu
1020 5497 1296 5554 eamdem
1317 5511 1560 5569 quoque
1585 5512 1680 5552 re-

31 5580 176 5638 tinet
203 5583 627 5656 proprietatem
673 5589 795 5642 tam
823 5584 884 5642 in
915 5587 1354 5659 permutatione
1384 5600 1570 5658 quam
1622 5586 1684 5641 in

1791 3268 2248 3341 conjugationes
2286 3267 2751 3340 transpositione
2809 3266 3112 3324 differunt.
3166 3269 3236 3326 Ut
3281 3269 3442 3325 enim

1789 3359 1988 3432 prima
2017 3373 2080 3414 se
2111 3356 2294 3414 habet
2313 3356 2391 3413 ad
2417 3356 2749 3412 secundam
2771 3359 2876 3412 aut
2898 3356 3069 3413 tertia
3098 3356 3177 3412 ad
3219 3361 3447 3430 postre-

1788 3465 1977 3518 mam,
2008 3448 2091 3505 ita
2114 3448 2292 3503 etiam
2304 3447 2656 3516 retrogrado
2684 3445 3446 3504 ordineindividuumillud

1789 3539 1955 3612 quod
1983 3554 2054 3595 ex
2083 3542 2390 3610 postrema
2415 3541 2817 3610 temperatum
2847 3541 2953 3606 est,
2979 3537 3057 3592 ad
3081 3536 3232 3593 illud
3247 3553 3444 3610 usque

1789 3627 2193 3696 individuum,
2224 3625 2388 3697 quod
2427 3629 2515 3682 est
2542 3641 2616 3681 ex
2660 3626 2855 3698 prima
2883 3624 3231 3696 conﬂatum,
3263 3631 3443 3699 atque

1789 3715 1905 3772 hoc
1932 3731 2254 3772 commuue
2280 3719 2370 3771 est
2395 3715 2490 3770 his
2544 3718 2824 3787 quatuor.
2865 3714 3084 3770 Tertius
3139 3714 3356 3770 deinde
3407 3729 3445 3772 θ.

1787 3804 1985 3877 primo
1996 3805 2098 3875 huj
2107 3820 2142 3859 u
2151 3820 2177 3859 s
2190 3803 2421 3874 generis
2433 3802 2582 3859 ordo
2603 3803 3006 3874 consequitur,
3026 3802 3441 3858 universorum

1789 3891 2059 3948 decimus
2071 3891 2276 3948 tertius
2295 3895 2349 3947 et
2367 3890 2609 3946 ultimus
2626 3891 2730 3962 qui
2743 3890 2804 3946 in
2822 3904 3145 3962 progressu
3162 3889 3441 3946 eamdem

1788 3981 2212 4054 proprietatem
2233 3981 2445 4036 retinet
2473 3983 2595 4034 tam
2620 3979 2679 4034 in
2701 3977 3137 4052 permutatione
3162 3994 3348 4051 quam
3378 3978 3439 4034 in

1789 4070 2272 4142 transpositione,
2304 4085 2379 4126 ce
2419 4069 2427 4141 |
2470 4068 2592 4139 ch
2639 4083 2719 4139 cg
2763 4068 2772 4140 Ι
2816 4068 2902 4125 ch
2941 4068 2950 4138 Ι
2996 4069 3167 4132 .Quae
3194 4065 3441 4140 quidem

1790 4158 2244 4229 conjugationes
2301 4156 2766 4229 transpositione
2821 4156 3122 4212 differunt.
3175 4157 3242 4211 Ut
3279 4156 3441 4212 enim

1789 4247 1988 4320 prima
2017 4263 2080 4304 se
2100 4246 2279 4302 habet
2298 4246 2374 4302 ad
2397 4245 2748 4314 secundam,
2771 4250 2875 4301 aut
2901 4245 3071 4302 tertia
3108 4244 3186 4301 ad
3212 4249 3442 4318 postre-

1788 4351 1977 4405 mam,
2005 4336 2087 4392 ita
2108 4337 2287 4391 etiam
2318 4334 2613 4390 contrario
2645 4334 2853 4390 ordine
2882 4333 3260 4390 individuum
3295 4333 3442 4390 illud

1788 4426 1952 4499 quod
1979 4441 2049 4481 ex
2073 4431 2378 4498 postrema
2398 4429 2794 4497 temperatum
2822 4429 2908 4480 est
2927 4425 2986 4479 in
3007 4425 3343 4481 reversione
3364 4426 3440 4497 (1)

1791 4531 1856 4572 se
1881 4514 2064 4571 habet
2085 4513 2162 4570 ad
2182 4513 2330 4570 illud
2351 4529 2546 4585 usque
2565 4512 2945 4568 individuum
2969 4513 3130 4586 quod
3155 4529 3228 4570 ex
3250 4515 3444 4586 prima

1790 4607 2188 4676 temperatum
2245 4607 2352 4658 est.
2405 4605 2598 4674 Atque
2651 4602 2765 4658 hoc
2815 4606 3073 4674 quatuor
3122 4617 3444 4659 commune

1791 4696 1896 4747 est.
1926 4694 2220 4748 Hactenus
2253 4691 2710 4762 conjugationes
2741 4691 3000 4764 partium
3038 4691 3316 4747 animalis
3353 4706 3442 4746 ra-

1791 4782 1949 4839 tione
1969 4781 2202 4854 prasditi
2220 4780 2404 4837 ﬁnem
2427 4786 2484 4837 et
2506 4781 2825 4837 terminum
2856 4779 3100 4836 habent.
3124 4779 3238 4835 Sed
3259 4793 3444 4834 emer-

1793 4875 1942 4941 gunt
1962 4875 2176 4944 prseter
2207 4870 2666 4942 conjugationes
2696 4868 3029 4938 nonaginta
3047 4867 3198 4923 duas
3229 4871 3284 4924 et
3306 4867 3444 4922 sim-

1789 4959 2008 5034 plicem
2035 4963 2266 5030 septem
2293 4959 2423 5014 aliae
2453 4957 2904 5030 conjugationes
2946 4972 3080 5029 quae
3109 4955 3356 5028 quidem
3381 4971 3443 5012 1n

1791 5049 2013 5105 unitate
2035 5048 2162 5104 sola
2183 5047 2581 5104 intensionem
2607 5047 2849 5101 habent.
2892 5045 3116 5100 Idcirco
3159 5044 3272 5101 has
3305 5061 3444 5100 cum

1793 5137 1925 5194 aliis
1957 5153 2078 5194 non
2099 5137 2475 5193 numeravim
2487 5153 2572 5203 us,
2606 5135 2895 5207 quoniam
2917 5135 3065 5190 ordo
3087 5135 3145 5190 in
3174 5133 3298 5190 istis
3320 5138 3446 5190 erat

1792 5227 2020 5283 ordinis
2049 5226 2440 5298 perturbatio.
2465 5226 2612 5280 Sunt
2634 5229 2832 5280 autem
2853 5225 2946 5279 hic
2974 5241 2986 5279 :
3011 5239 3066 5294 α,
3094 5240 3229 5278 cum
3252 5224 3445 5279 inten-

1794 5316 1959 5372 sione
1994 5332 2008 5382 ;
2043 5316 2095 5383 ὁ,
2125 5331 2263 5372 cum
2293 5315 2626 5371 intensione
2660 5331 2672 5379 ;
2716 5330 2766 5382 c,
2803 5329 2938 5368 cum
2988 5313 3321 5368 intensione
3354 5328 3444 5381 ;e,

1793 5420 1930 5461 cum
1966 5405 2298 5461 intensione
2333 5405 2411 5474 ;f,
2436 5419 2572 5460 cum
2595 5402 2925 5459 intensione
2951 5419 2963 5470 ;
2990 5419 3048 5473 g,
3083 5418 3222 5458 cum
3251 5403 3444 5458 inten-

1794 5496 1960 5552 sione
1996 5511 2009 5561 ;
2042 5495 2100 5564 h,
2135 5509 2272 5550 cum
2311 5491 2666 5549 intensione.
2727 5495 2874 5549 Cum
2922 5495 3122 5548 autem
3152 5492 3288 5549 dico
3311 5508 3444 5551 cum

1792 5586 2144 5650 intensione,
2173 5581 2308 5638 dico
2347 5582 2526 5638 etiam
2584 5597 2716 5638 cum
2772 5581 3132 5638 remissione.
3190 5583 3446 5656 Utraque

101 5708 178 5781 (4)
208 5705 485 5766 Reditum
507 5723 545 5767 a
563 5711 873 5783 postrema
896 5709 977 5769 ad
996 5710 1256 5785 primam
1271 5710 1535 5784 appellat
1560 5710 1932 5781 revisionem,
1949 5706 2198 5782 perinde
2219 5722 2291 5766 ac
2322 5706 2371 5765 si
2398 5723 2435 5766 a
2463 5710 2625 5766 meta
2644 5706 2724 5766 ad
2754 5720 3022 5765 carceres
3045 5708 3444 5766 revertereris.
