3932 6326
493 370 629 426 1307

2031 365 2366 446 murum

3791 375 3886 431 ικε

490 501 592 545 τῶν
639 493 1065 553 ἐννενηκονταδύο
1145 500 1235 548 καὶ
1285 497 1382 556 τῆς
1456 492 1623 554 ἁπλῆς
1679 490 1819 551 ἐκτὸς
1877 491 2142 562 συζυγιοῖιν
2169 491 2219 540 Α
2253 490 2440 555 τάξεις,
2475 489 2571 542 ὄινὰ
2617 497 2749 565 τρεῖς
2799 493 3026 563 ἔχουσαι
3081 493 3237 546 αὐταὶ
3274 498 3541 566 συζυγίας
3574 515 3590 528 ο
3624 496 3687 547 αἰ
3742 493 3796 548 δε
3833 495 3890 547 ἐν»

491 581 622 635 έπτά
674 585 861 657 ἕτεραι,
935 587 1125 648 αἰτινες
1193 588 1385 657 ἔχουσι
1446 582 1494 636 ἐν
1542 578 1735 654 μονάδι
1791 585 1919 652 μόνῃ
1970 580 2144 632 ἐπίτα-

494 689 597 726 σιν.
651 675 744 724 Διὰ
819 682 973 726 τοῦτο
1039 671 1163 727 οὐδε
1208 682 1322 736 ταὶς
1371 672 1550 732 ἄλλαις
1599 672 1787 730 ταύτας
1843 667 2144 741 ἀπηριθμή-

493 763 783 831 σαμεν,ὅτι
818 763 968 826 τάξις
1026 761 1088 822 ἦν
1138 763 1188 815 ἐν
1258 766 1477 823 ταύταις
1527 763 1556 818 ἡ
1598 759 1788 822 ἀταξία
1851 779 1865 792 ο
1923 759 2028 811 εἰσὶ
2086 755 2146 812 δε

491 851 645 904 αὗται
674 854 704 910 ἡ
737 854 852 905 κατ’
906 853 1147 908 ἐπίτασιν
1198 875 1252 920 α,
1309 853 1421 906 κατ’
1479 851 1715 904 ἐπίτασιν
1767 848 1824 921 β,
1871 849 1986 901 κατ’
2035 848 2147 902 ἐπί-

488 958 640 992 τασιν
663 962 719 1011 γ,
759 944 873 994 κατ’
905 942 1144 996 ἐπίτασιν
1198 964 1238 1009 ι,
1297 942 1412 994 κατ’
1464 940 1702 994 ἐπίτασιν
1761 938 1812 1005 ζ,
1870 938 1984 990 κατ’
2034 937 2146 990 ἐπί-

491 1048 644 1081 τασιν
694 1050 747 1097 η,
807 1032 918 1084 κατ’
974 1032 1209 1086 ἐπίτασιν
1258 1034 1306 1086 θ.
1365 1029 1526 1082 Ὀταν
1579 1026 1638 1082 δί
1687 1028 1816 1099 λεγω
1868 1025 1983 1080 κατ’
2030 1025 2146 1079 ἐπὶ·

489 1137 666 1188 τοισιν,
705 1118 836 1191 λέγω
882 1125 972 1173 καὶ
1028 1125 1088 1174 τὸ
1138 1123 1251 1174 κατ’
1301 1121 1476 1172 ἄνεσιν
1536 1139 1550 1151 ·
1614 1125 1709 1169 τῶν
1760 1119 1889 1190 πρὸς
1956 1135 2008 1167 τι
2045 1116 2146 1189 γάρ

491 1208 597 1261 εἰσι
669 1212 734 1261 τὰ
811 1210 1094 1287 ἀμφότερα,
1173 1212 1327 1264 ἂτινα
1400 1217 1512 1270 ταῖς
1571 1211 1774 1282 κυρίαις
1833 1207 2151 1278 σδναπαριθ-

491 1302 723 1371 μούμενα
804 1301 1032 1371 τάξεσιν,
1113 1297 1440 1354 έκατοντάδα
1527 1297 1735 1351 τελοῦσι
1809 1299 1984 1358 πάσας
2063 1296 2152 1354 τὰς

493 1387 773 1459 συζυγίας.
835 1390 988 1442 Ἀλλὰ
1051 1399 1140 1442 νῦν
1206 1390 1264 1442 οὐ
1325 1393 1435 1461 χρὴ
1505 1387 1668 1458 λέγειν
1724 1392 1946 1438 τοιαῦτα
1992 1387 2147 1455 ἠμῆς,

493 1479 667 1552 ἑτέραν
732 1479 930 1552 βαίνειν
978 1480 1399 1553 όρεγνιωμένους,
1467 1485 1638 1550 σιωπῇ
1692 1473 1752 1529 δε
1805 1475 1993 1547 μᾶλλον
2039 1475 2154 1527 εαυ-

492 1571 613 1630 τοὺς
643 1564 856 1620 διδόναι
893 1574 983 1621 καὶ
1024 1566 1124 1640 δεῖ,
1177 1574 1267 1620 καὶ
1315 1564 1524 1620 δίκαιον
1576 1563 1935 1639 διακρίναντες
1987 1565 2153 1636 πράτ-

491 1675 644 1728 τομεν
668 1665 842 1723 τοῦτο,
875 1659 1039 1710 ὅτιτὸ
1077 1657 1124 1709 ἐν
1176 1660 1337 1729 ταύτῃ
1388 1665 1450 1728 τῇ
1509 1664 1605 1715 τῆς
1651 1663 1882 1726 φυσικῆς
1935 1651 2154 1710 ἐπιστή-

494 1765 596 1817 μης
679 1746 836 1816 ἰσχύι
908 1745 1324 1818 συμϐαλλόμενον
1387 1740 1605 1797 τοσόνδε
1655 1747 1745 1795 καὶ
1801 1738 2003 1794 τοιόνδε
2050 1740 2158 1793 ili-

493 1833 670 1905 ξαμεν,
747 1833 842 1886 κᾶν
922 1843 1038 1896 ταῖς
1120 1836 1402 1904 συζυγίαις
1474 1841 1546 1903 τῷ
1618 1833 1746 1902 ἕκτῳ
1801 1830 1933 1902 λόγῳ
1983 1831 2154 1883 αὐτῶν

2254 582 2333 639 θις
2388 580 2458 641 εἰς
2519 579 2724 642 πλείους
2783 582 3119 655 μεριζόμεναι
3203 582 3542 641 ίννενήκοντα
3615 589 3758 656 πρὸς
3811 595 3893 646 2:5;

2255 665 2383 721 δυσὶ
2404 673 2571 720 πᾶσαι
2594 674 2844 740 γίνονται,
2879 669 3026 732 ἐκτὸς
3071 679 3167 732 τῆς
3221 672 3388 734 ἁπλῆς
3445 680 3543 725 καὶ
3599 682 3711 735 τῆς

2251 759 2414 832 ρόπου
2467 758 2623 829 αὐτῇ.
2690 761 2921 833 Διαφορὰ
2965 768 3088 831 γοῦν
3140 765 3329 821 ταύτας
3387 759 3576 830 διττὴ,
3643 764 3773 815 κατ’
3823 770 3898 815 azi—

2252 866 2406 899 τασιν
2434 853 2522 898 καὶ
2574 849 2748 900 ἄνεσιν
2806 845 3039 918 δηλαδὴ,
3114 854 3205 902 καὶ
3254 852 3286 907 ἡ
3336 855 3429 923 μεν
3477 860 3596 903 τῶν
3656 852 3794 904 ἐετά
3829 874 3898 904 ta-

2256 939 2494 1006 σχόντων
2541 940 2634 992 τήν
2665 955 2718 988 τε
2763 935 3003 990 ἐπίτασιν
3057 941 3149 990 καὶ
3184 940 3356 992 ἄνεσιν
3431 949 3498 1011 τῇ
3559 942 3842 1011 μεταθέσει
3865 962 3896 993 τι

2254 1029 2342 1076 και
2417 1024 2665 1096 έναλλαγῇ
2760 1023 3064 1094 ἐπισυνέϐη,
3144 1025 3230 1080 διὸ
3302 1034 3390 1081 καὶ
3440 1029 3661 1092 πλῆθος
3723 1029 3899 1086 ἐποίεε

2255 1118 2345 1166 καὶ
2391 1121 2543 1166 τοῦτο
2598 1120 3002 1188 πεπερασμένον.
3060 1117 3418 1176 Ἐννενήκοντα
3463 1123 3576 1191 γὰρ
3631 1125 3778 1193 πρὸς
3821 1129 3898 1180 τεξς

2258 1198 2386 1255 δυσὶ
2408 1209 2578 1254 πᾶσαι
2605 1205 2659 1254 αἱ
2692 1203 2940 1274 συξυγίαι
2985 1209 3076 1256 καὶ
3138 1207 3167 1263 ἡ
3235 1206 3394 1277 ἁπλῆ,
3448 1210 3480 1264 ἡ
3544 1205 3612 1260 δὲ
3668 1210 3736 1260 οὐ
3793 1229 3902 1262 ειπε-

2257 1296 2488 1366 ρασμένη
2703 1295 2813 1344 ἔστι
2875 1293 2988 1345 κατ’
3049 1293 3290 1366 ἀριθμὸν,
3340 1295 3480 1357 ἐντὸς
3541 1303 3640 1348 καὶ
3695 1301 3806 1372 γὰρ
3839 1309 3904 1360 ti;

2259 1385 2671 1454 πεπερασμένης,
2748 1380 2858 1432 ἀλλ’
2936 1384 3150 1456 ἄπειρος
3206 1383 3435 1454 μάλιστα
3525 1407 3540 1417 ·
3597 1391 3906 1459 πεπέραςτει

2261 1466 2321 1522 δὲ
2369 1471 2451 1520 ὅτι
2495 1468 2630 1530 ἐντός
2687 1478 2780 1532 τῆς
2842 1475 3234 1545 πεπερασμένης
3299 1475 3413 1543 ἔχει
3479 1479 3586 1530 τὴν
3667 1474 3908 1546 ἀπειρίαν.

2259 1557 2322 1609 '0
2374 1561 2476 1631 γὰρ
2553 1557 2608 1610 ἐκ
2656 1567 2756 1610 τῶν
2799 1557 3228 1617 ἐννενηκονταδύο
3270 1568 3649 1637 Χριστοφόρος
3701 1584 3911 1636 Laur:

2263 1648 2378 1717 ἔχει
2434 1651 2524 1718 μεν
2580 1648 2735 1705 ἧττον
2793 1653 2883 1701 καὶ
2934 1647 3124 1721 μᾶλλον
3182 1647 3310 1703 εἶναι
3358 1656 3637 1725 χρηστὸς,
3701 1655 3836 1724 οὐχὶ
3879 1653 3911 1705 ii

2265 1731 2578 1806 Εὐφημίδης
2619 1731 2746 1787 εἶναι
2809 1732 2997 1803 δεινὸς,
3057 1738 3138 1789 ὅτι
3193 1744 3284 1791 καὶ
3333 1740 3359 1789 ὁ
3415 1738 3758 1812 Εὐφημίδης
3805 1745 3911 1798 itte

2267 1827 2358 1874 καὶ
2415 1822 2603 1894 μᾶλλον
2649 1827 2762 1894 ἔχει
2809 1821 2939 1877 εἶναι
2984 1822 3174 1893 δεινὸς,
3217 1832 3495 1898 γενήσεται
3548 1825 3617 1882 δε
3680 1835 3858 1883 οὔποτ’
3885 1835 3911 1882 ir

491 1926 611 1994 περὶ
663 1930 763 1974 τῶν
817 1921 1135 1998 ἀντιρρόπων
1191 1931 1296 1983 τοῖς
1355 1928 1583 1995 πρώτοις
1664 1928 1822 1972 τοῦτο
1883 1939 1944 1991 γε
2007 1923 2161 1972 εἴπω.
2193 1907 2230 1960 Β
2272 1917 2632 1998 ξριστοφρρος
2660 1918 2901 1985 χρηστός
2943 1935 2955 1946 ·
2987 1920 3077 1966 καὶ
3119 1923 3270 1968 τοῦτο
3308 1923 3442 1968 πᾶσι
3488 1924 3704 1973 κοινόν.
3763 1920 3816 1972 Ἠ
3867 1942 3911 1992 με

493 2030 607 2082 μεν,
670 2009 858 2064 ἐκεῖθεν
923 2015 1019 2074 τὰς
1091 2012 1326 2086 ἀφορμὰς
1409 2011 1480 2072 είς
1561 2009 1844 2082 τούμφανες
1928 2009 2155 2072 ἄξαντις.

495 2105 602 2153 Νῦν
633 2095 692 2153 δε
721 2103 853 2174 πρὸς
897 2104 983 2152 τὸν
1035 2104 1229 2154 σκοπὸν
1275 2105 1530 2174 τρέχομεν
1579 2098 1724 2161 λέξαι
1778 2099 2008 2151 καθόσον
2062 2095 2158 2150 δύ-

491 2207 647 2260 ναμις
671 2193 760 2242 καὶ
794 2194 1123 2262 προαίρεσις.

566 2277 638 2350 β’.
697 2280 924 2350 Εὓρήσει
970 2276 1021 2331 δ’
1067 2277 1238 2340 οὐδεὶς
1299 2281 1398 2332 ὑπὸ
1454 2279 1651 2338 ταύτας
1695 2277 1725 2335 ἡ
1781 2278 1908 2351 ὑπερ
1966 2278 2158 2338 ταύτας

494 2365 715 2438 ἀριθμὸν
743 2369 912 2441 ἕτερον
943 2367 993 2420 ἐν
1033 2367 1216 2428 αὐταῖς
1251 2389 1264 2400 ·
1309 2369 1363 2418 αἱ
1419 2369 1520 2438 γὰρ
1575 2366 1876 2437 μεταθέσεις
1931 2369 2022 2416 καὶ
2056 2373 2157 2416 τῶν

494 2459 776 2524 στοιχείων
843 2454 1118 2526 ἐναλλαγαὶ
1197 2459 1313 2508 οὔτε
1390 2462 1483 2507 τοῦ
1569 2455 1760 2506 τελείου
1835 2452 2154 2527 προέϐησαν»

493 2543 610 2592 οὔτε
667 2545 771 2612 μὴν
849 2543 1160 2614 κατελειψαν
1205 2549 1301 2602 τὴν
1354 2543 1688 2614 ἐντελέχειαν,
1750 2541 1857 2593 ἀλλ’
1917 2545 1984 2604 ὡς
2033 2545 2157 2614 ὡρί-

493 2629 700 2687 σθησαν
778 2632 868 2692 ἕως
936 2627 1115 2704 δεῦρο,
1174 2635 1262 2684 τὸν
1351 2635 1545 2685 σκοπὸν
1601 2629 1875 2702 ἐντελεχῶς
1939 2630 2157 2686 ἐτελείω.

495 2735 612 2770 σανο
647 2716 804 2772 ’Ἐστι
834 2715 895 2772 δε
933 2720 1114 2781 αὐταῖς
1160 2720 1309 2774 κοινά
1361 2723 1449 2793 μεν
1486 2723 1552 2773 τὰ
1604 2720 1732 2773 έπτά
1774 2716 1903 2772 τάδε
1958 2740 1993 2772 α
2050 2717 2086 2790 β
2123 2739 2157 2790 γ

491 2811 583 2860 καὶ
673 2810 739 2860 τὰ
810 2828 834 2861 ε
899 2809 933 2870 ζ
1004 2830 1035 2868 η
1125 2812 1152 2862 θ
1210 2809 1264 2872 ἐξ
1307 2811 1374 2861 ὧν
1415 2810 1532 2862 καθ’
1591 2811 1792 2881 ὑφέσεις
1845 2813 1936 2861 καὶ
1981 2809 2154 2860 ἐπιτά-

502 2914 612 2958 σεις
677 2899 732 2949 αἱ
779 2894 992 2952 δώδεκα
1050 2899 1318 2970 συζυγίαι
1341 2904 1595 2970 γίνονται,
1645 2898 1788 2958 ἐκτὸς
1838 2907 1936 2958 τῆς
1989 2895 2156 2957 ἁπλῆς

490 2989 578 3038 καὶ
640 2995 732 3047 τῆς
803 2985 1114 3062 ἁντιῤῥόπου
1178 2988 1336 3060 αὐτῇ,
1390 2988 1464 3050 εἰς
1517 2992 1780 3061 τέσσαρας
1824 2987 2157 3061 μεριζόμεναι

491 3163 651 3220 enim
681 3179 801 3220 vox
816 3164 1168 3221 relationem
1189 3164 1504 3235 signiﬁcat.
1529 3165 1670 3230 Quae
1693 3163 1741 3218 si
1756 3169 2143 3219 numerentur

489 3267 630 3308 eum
659 3251 772 3308 illis
796 3253 1035 3325 proprie
1065 3253 1236 3309 dicti
1265 3252 1578 3309 ordinibus
1619 3258 1854 3307 centum
1895 3252 2143 3308 omnino

491 3341 946 3411 conjugationes
988 3343 1377 3399 constituunt.
1447 3341 1559 3397 Sed
1611 3341 1687 3396 de
1729 3339 1949 3397 talibus
1999 3338 2144 3396 nihil

487 3443 653 3484 nunc
683 3428 857 3484 nobis
883 3434 971 3485 est
999 3430 1346 3496 dicendum,
1384 3446 1524 3486 cum
1553 3429 1672 3485 alia
1713 3429 1812 3486 via
1870 3429 2142 3484 incedere

489 3517 832 3584 cupiamus.
859 3521 1074 3590 Estque
1105 3519 1292 3575 satius
1322 3519 1382 3574 in
1413 3518 1728 3591 praesentia
1755 3518 1989 3574 silentio
2016 3518 2142 3573 haec

489 3605 812 3676 praeterire.
841 3608 908 3662 Et
922 3607 1090 3676 justa
1120 3622 1265 3662 sane
1296 3607 1370 3662 de
1388 3622 1572 3663 causa
1585 3607 1776 3664 facere
1792 3606 1966 3663 nobis
1983 3605 2144 3660 vide-

490 3709 642 3765 mur,
676 3695 842 3766 quod
864 3701 950 3752 tot
974 3701 1032 3752 et
1066 3696 1207 3752 talia
1256 3696 1642 3766 selegerimus
1694 3713 1829 3768 quae
1860 3697 1921 3752 in
1977 3700 2146 3751 tanta

489 3781 780 3838 naturalis
793 3785 1059 3841 scientias
1090 3785 1151 3841 vi
1181 3791 1240 3841 et
1263 3785 1440 3858 copia
1457 3787 1606 3840 inter
1625 3800 1686 3840 se
1712 3784 2143 3840 conferrentur.

488 3875 572 3926 Ac
596 3874 1112 3944 comparationem
1133 3874 1384 3946 quidem
1404 3873 1569 3929 illam
1599 3889 1736 3945 quae
1766 3875 1826 3928 in
1857 3873 1990 3944 conj
2003 3888 2146 3942 nga-

489 3960 750 4018 tionibus
780 3963 1283 4034 temperationum
1320 3961 1687 4018 naturalium
1721 3961 1902 4018 babet
1921 3961 2142 4031 locum,

492 4054 657 4106 sexto
712 4065 985 4107 sermone
1024 4066 1475 4124 persequemur,
1515 4065 1676 4106 nunc
1728 4066 1869 4107 vero
1905 4066 1977 4106 ex
2033 4048 2146 4104 illis

490 4153 624 4210 quae
648 4137 910 4195 diximus
947 4139 1281 4195 occasionis
1322 4139 1748 4195 commoditate
1801 4144 2040 4211 captata
2090 4141 2148 4193 et

491 4227 669 4298 quasi
696 4227 757 4283 in
786 4227 984 4282 lucem
1021 4227 1236 4283 educta
1265 4228 1339 4282 de
1365 4227 1474 4282 illis
1495 4245 1631 4300 quas
1652 4229 1857 4299 primis
1922 4227 2033 4283 illis
2058 4241 2143 4282 re-

494 4315 816 4385 spondent,
844 4315 960 4372 hoc
984 4314 1137 4371 libro
1163 4315 1357 4372 dicere
1385 4319 1874 4388 pergamus.Jam
1900 4332 2038 4371 vero
2067 4314 2145 4370 ab

494 4418 739 4475 scopum
751 4404 1689 4476 revertimur,utquemadmodum
1714 4406 2144 4474 constituimus,

491 4507 603 4563 pro
640 4491 863 4547 viribus
911 4493 1130 4548 nostris
1175 4493 1333 4550 hanc
1371 4494 1839 4566 disputationem
1871 4494 2148 4550 absolva-

492 4595 651 4636 mus.

565 4672 621 4724 2.
656 4671 857 4741 Neque
882 4686 1021 4726 vero
1045 4671 1302 4742 reperire
1327 4670 1540 4742 poterit
1581 4670 1796 4742 aliquis
1828 4687 2010 4742 supra
2046 4673 2149 4726 aut

493 4757 653 4814 infra
672 4757 806 4814 illas
845 4775 998 4830 quas
1018 4759 1796 4830 enumeravimus,aliquem
1828 4758 2010 4814 alium
2038 4775 2145 4814 nu-

494 4862 733 4903 merum
775 4846 836 4902 in
874 4847 1040 4919 ipsis.
1083 4849 1230 4902 Nam
1272 4845 1766 4916 transpositiones
1805 4851 1862 4901 et
1913 4862 2150 4918 permu-

494 4935 747 5007 tationes
775 4936 1232 5001 elementorum,
1264 4950 1458 5007 neque
1509 4939 1677 4990 extra
1728 4935 2149 5005 perfectionem

494 5041 749 5095 egressas
769 5031 1130 5096 sunt,neque
1146 5039 1351 5079 rursus
1371 5040 1406 5079 a
1426 5023 1783 5095 perfectione
1809 5025 2147 5091 abfuerunt,

497 5115 603 5170 sed
633 5119 698 5170 ut
726 5115 986 5170 deﬁnitae
1019 5113 1255 5168 fuerunt
1279 5113 2020 5184 hactenus,perfectionem
2053 5113 2154 5169 ab-

493 5203 979 5276 solutionemqne
1011 5201 1242 5274 adeptae
1267 5206 1425 5258 sunt.
1459 5201 2155 5273 Suntautemipsiscom'

493 5294 703 5350 munia
731 5293 981 5366 quidem
1018 5298 1245 5364 septem
1277 5307 1314 5347 a
1337 5292 1368 5347 b
1398 5307 1426 5348 c
1449 5296 1504 5347 et
1529 5291 1719 5361 efgh,
1736 5307 1806 5346 ex
1826 5290 2048 5362 quibus
2067 5306 2155 5346 se-

495 5383 761 5438 cundum
792 5381 1177 5438 remissiones
1200 5387 1253 5436 et
1275 5380 1637 5435 intensiones
1665 5379 1986 5434 duodecim
2012 5394 2154 5434 con-

492 5471 833 5541 jngationes
859 5471 1170 5539 exsistunt,
1203 5475 1448 5540 excepta
1471 5467 1720 5540 simplici
1747 5474 1803 5523 et
1824 5467 1920 5522 illa
1938 5484 2074 5539 quae
2104 5467 2156 5522 ei

494 5559 902 5630 respondet,in
916 5576 957 5631 q
970 5564 1183 5615 uatuor
1197 5559 1434 5614 ordines
1448 5558 2012 5630 distribuuntur;qui
2027 5557 2154 5630 qui-

495 5646 634 5716 dem
657 5647 896 5702 ordines
935 5653 1051 5702 tres
1081 5646 1311 5702 circiter
1339 5661 1593 5702 numero
1613 5645 1839 5703 habent
1867 5646 2155 5717 conjuge-

2271 1995 2359 2050 οὖν
2389 2003 2486 2071 μία
2513 1997 2739 2074 διαφορὰ
2789 2001 2904 2054 κατ’
2954 2001 3249 2064 ἐπιστάσεις
3308 2023 3360 2056 τε
3405 2009 3500 2056 καὶ
3547 2005 3772 2068 ἀνέσεις
3826 2009 3911 2060 ἐστι

2270 2091 2435 2162 μέχρι
2460 2098 2558 2140 τῶν
2589 2088 2913 2149 ἐννενήκοντα
2956 2095 3082 2165 πρὸς
3137 2100 3254 2154 ταῖς
3284 2089 3412 2146 δυσὶ
3457 2100 3557 2148 καὶ
3608 2104 3716 2158 τῆς
3771 2099 3914 2162 dixit;

2271 2182 2360 2230 καὶ
2425 2181 2708 2252 περαιτέρω
2762 2178 2925 2252 βῆναι
2994 2181 3088 2232 οὐκ
3148 2179 3207 2240 ἦν
3263 2203 3276 2214 ·

2271 2265 2386 2320 ἐστι
2458 2273 2548 2319 καὶ
2617 2268 2962 2341 ἀναρίθμητος
3010 2292 3022 2303 ο

3335 2184 3364 2240 ἡ
3419 2180 3471 2235 δ’
3520 2184 3694 2259 ἑτέρα
3754 2189 3914 2260 ἀπειρη

3079 2276 3271 2342 πέφυκε
3323 2275 3426 2344 γὰρ
3471 2271 3558 2324 ἐπ’
3621 2278 3838 2346 ἄπειρα-ι
3880 2276 3914 2328 ΞΞλ

2600 2359 2804 2429 ὑφέσεις
2851 2364 2938 2410 καὶ
2987 2358 3251 2422 ἐπιτάσεις
3311 2363 3535 2433 θυμικὸν
3591 2369 3692 2416 τὸν
3735 2365 3914 2438 βεᾳντε-

2268 2465 2364 2516 μον
2444 2447 2497 2509 ὃς
2555 2449 2668 2518 ἔχει
2717 2451 2833 2500 τινὰ
2889 2449 3148 2518 συζυγίαν
3191 2447 3496 2509 ἐπιτηδείαν
3557 2463 3744 2507 ποιεῖν
3801 2457 3914 2506 αὐτῇ

2273 2536 2511 2607 θυμικὸν,
2568 2542 2658 2589 καὶ
2705 2539 2785 2590 ὅτι
2831 2541 2920 2610 μεν
2974 2534 3061 2589 οὖν
3113 2543 3198 2591 τὸν
3246 2541 3465 2613 θυμικόν
3513 2544 3763 2614 θυμικὸν
3823 2544 3913 2597 εἴη

2268 2624 2459 2696 μᾶλλον
2504 2631 2594 2678 καὶ
2646 2627 2798 2685 ἧττον
2842 2626 3120 2700 αναγκαῖον
3173 2628 3334 2695 ἐστιν,
3391 2629 3508 2683 ἀλλ’
3566 2633 3637 2685 οὐ
3710 2640 3773 2687 τό
3823 2636 3913 2686 mira

2269 2718 2359 2765 καὶ
2407 2713 2457 2766 ἓν
2499 2716 2689 2788 ἄτομον
2736 2736 2816 2778 τις
2870 2716 3129 2790 ὑπολάϐῃ,
3188 2717 3293 2770 ἀλλ’
3343 2721 3444 2772 ὅσα
3512 2720 3580 2772 ἄν
3640 2733 3740 2784 fi;
3795 2727 3913 2779 ετᾶτιῖς

2269 2810 2342 2872 τῷ
2426 2803 2565 2874 αὐτῷ
2636 2805 2894 2876 συζυγίας
2974 2808 3286 2880 ὑπάρχοντα
3333 2812 3364 2866 ἦ
3425 2811 3704 2873 ὡσαύτως
3759 2815 3910 2882 (itala:

2269 2889 2510 2966 ”Δπειρος
2559 2894 2664 2966 ἄρα
2711 2895 2828 2946 καθ’
2875 2896 3080 2966 ὑφέσεις
3131 2901 3220 2948 καὶ
3291 2895 3570 2960 ἐπιτάσεις
3658 2902 3909 2973 θυμικοςι

2270 2978 2584 3056 βαρύτιμος,
2623 2987 2712 3035 καὶ
2761 2979 2984 3046 ἁνιάδης
3030 2983 3401 3057 ἐπιθυμητικὸς
3457 2987 3539 3040 ἐπ’
3607 2991 3828 3064 ἄπειρον
3867 2987 3907 3041 εἷς

2269 2376 2352 2408 ναι
2403 2357 2519 2408 καθ’

2255 3157 2446 3213 tiones
2475 3173 2612 3230 qum
2653 3175 2858 3216 rursus
2887 3161 2946 3216 in
2976 3160 3174 3232 plures
3203 3161 3544 3218 distributa
3601 3169 3906 3237 nonaginta

2208 3253 2221 3270 ‘
2257 3262 2394 3302 cum
2429 3247 2667 3302 duabus
2695 3264 2908 3305 omnes
2943 3250 3256 3317 exsistunt,
3291 3256 3550 3325 excepta
3599 3255 3855 3328 simplici
3875 3269 3907 3310 et

2250 3335 2351 3392 illa
2377 3352 2512 3408 qua:
2543 3337 2594 3392 ei
2622 3338 2965 3409 respondet.
2998 3339 3223 3411 Duplex
3251 3339 3432 3409 igitur
3458 3342 3523 3397 in
3557 3342 3666 3400 his
3703 3351 3792 3401 est
3829 3346 3905 3400 dit-

2252 3425 2520 3483 ferentia.
2554 3428 2680 3481 Una
2707 3433 2796 3482 est
2825 3433 3053 3500 septem
3076 3427 3310 3483 illorum
3333 3429 3568 3501 quibus
3599 3435 3824 3490 accidit
3847 3438 3905 3490 in-

2251 3506 2442 3569 tensio
2463 3521 2520 3570 et
2547 3516 2820 3571 remissio
2842 3521 3086 3589 propter
3118 3518 3675 3588 transpositionem
3713 3537 3771 3578 et
3813 3541 3902 3595 per-

2250 3603 2644 3658 mutationem
2673 3623 2687 3671 ;
2712 3603 2934 3661 idcirco
2959 3605 3404 3662 multitudinem
3425 3607 3640 3667 effecit
3675 3629 3896 3684 eamque

2252 3688 2482 3746 ﬁnitam
2515 3697 2570 3746 et
2593 3692 2994 3749 terminatam.
3029 3697 3177 3750 Nam
3207 3710 3421 3750 omnes
3455 3699 3900 3770 conjugationes

2254 3785 2396 3834 sunt
2419 3781 2748 3849 nonaginta
2769 3781 2925 3853 duae,
2970 3788 3185 3854 praeter
3216 3783 3582 3856 simplicem.
3627 3789 3822 3846 Altera
3841 3807 3902 3842 rr-

2254 3867 2678 3926 rodifferentia
2700 3870 3147 3927 multitudinem
3198 3887 3454 3928 numero
3510 3890 3652 3932 non
3708 3878 3903 3933 ﬁnitam

2254 3954 2468 4025 effecit,
2502 3973 2639 4028 quae
2690 3963 2890 4014 tamen
2918 3959 3074 4016 intra
3105 3958 3333 4028 finitam
3382 3963 3696 4031 consistit,
3728 3983 3904 4038 quam-

2257 4045 2343 4133 yis
2377 4046 2732 4102 sitmaximc
2755 4047 3009 4105 inﬁnita.
3038 4050 3138 4103 Est
3167 4053 3365 4104 autem
3400 4049 3607 4114 ﬁnita,
3643 4056 3906 4126 quoniam

2253 4133 2441 4206 Ipsius
2471 4134 2735 4190 infinitas
2771 4136 2925 4192 intra
2967 4136 3199 4192 ﬁnitam
3238 4137 3712 4199 multitudinem
3758 4144 3905 4199 consi-

2257 4222 2370 4277 stit.
2391 4225 2431 4277 Ν
2439 4239 2556 4292 am,
2580 4224 2834 4296 exempli
2849 4226 3060 4294 gratia,
3077 4242 3148 4280 ex
3164 4226 3778 4297 nonagintaduabus
3797 4247 3904 4288 cen-

2249 4310 2666 4381 jugationinus
2688 4319 3060 4384 proponatur
3085 4313 3329 4386 aliquod
3378 4314 3785 4375 individuum
3823 4323 3900 4373 sia-

2256 4398 2447 4467 gulari
2463 4401 2886 4472 temperatione
2900 4401 3238 4474 praeditum:
3249 4403 3440 4475 sitque
3454 4405 3900 4480 Christophorss

2257 4486 2482 4560 probus
2512 4505 2523 4541 :
2547 4496 2737 4559 potest
2759 4506 2902 4544 sane
2929 4507 3063 4546 esse
3089 4491 3288 4546 minus
3309 4499 3413 4546 aut
3439 4497 3651 4563 magis
3677 4499 3880 4568 proba:

2182 4558 2225 4612 D
2256 4558 2447 4632 annon
2463 4558 2630 4633 etiam
2647 4578 3035 4648 buphemides
3053 4584 3263 4635 acutus
3278 4586 3361 4635 est
3373 4581 3516 4652 quia
3529 4558 3626 4638 est
3639 4558 3826 4656 magis
3839 4597 3896 4639 aa:

2255 4666 2457 4720 minus
2485 4671 2693 4720 acutus
2718 4670 2774 4721 et
2796 4683 2986 4726 sagax
3009 4669 3035 4722 ?
3065 4671 3388 4740 Nunquam
3401 4685 3546 4726 vero
3564 4671 3710 4729 ﬁeri
3727 4681 3895 4746 p016:

2257 4759 2321 4808 ut
2341 4754 2740 4825 Euphemides
2761 4762 2971 4811 acutus
2995 4757 3555 4828 sit,Christopborus
3568 4763 3896 4832 probus.Ai-

2257 4857 2373 4912 que
2399 4841 2514 4897 hoc
2542 4844 2827 4899 omnibus
2843 4861 3166 4901 commune
3179 4851 3282 4901 est.
3300 4845 3643 4916 Unaigitur
3657 4851 3895 4907 differas

2260 4931 2339 4986 tia
2359 4939 2449 4987 est
2474 4933 2806 4989 secundum
2825 4934 3192 4990 intensiones
3207 4936 3675 4994 etremissiones
3693 4941 3772 4996 ad
3790 4942 3898 4995 duas

2261 5029 2318 5080 et
2335 5029 2664 5092 nonaginta
2681 5039 2871 5094 usque
2884 5024 3016 5095 conj
3028 5024 3340 5092 ugationes
3355 5031 3568 5096 printer
3583 5029 3901 5101 simplice:-

2262 5127 2459 5184 neque
2488 5109 2732 5165 ulterius
2766 5112 3044 5183 progredi
3082 5112 3265 5168 licuit.
3308 5113 3506 5168 Altera
3543 5131 3699 5173 vero
3740 5125 3821 5174 est
3854 5118 3901 5171 i1:-

2264 5197 2434 5255 ﬁnita
2457 5205 2512 5254 et
2543 5199 3020 5256 innumerabilis.
3055 5202 3251 5257 Potest
3274 5201 3434 5258 enim
3467 5202 3604 5258 ﬁeri
3661 5212 3728 5261 ut
3753 5221 3901 5262 saevus

2265 5287 2599 5344 secundum
2629 5289 3014 5344 remissiones
3063 5295 3121 5344 et
3162 5289 3530 5346 intensiones
3570 5292 3814 5350 inﬁnite
3859 5293 3900 5346 ές

2265 5376 2611 5443 iracundus,
2643 5394 2856 5450 nempe
2888 5377 2980 5433 ille
3021 5379 3122 5451 qui
3164 5379 3431 5434 consistit
3475 5379 3538 5434 in
3557 5381 3775 5456 aliqua
3805 5399 3888 5439 cos

2261 5467 2568 5538 jugatione
2584 5466 2660 5522 ab
2675 5465 2945 5521 efﬁciend
2957 5484 3056 5521 um
3070 5467 3426 5523 iracundum
3440 5474 3892 5528 accommodata.

2267 5556 2417 5621 Quia
2440 5570 2576 5608 vero
2599 5554 2862 5611 diximus
2889 5555 2950 5610 in
2992 5555 3104 5611 illis
3159 5557 3519 5613 iracundum
3579 5563 3895 5617 necessaria

2269 5645 2461 5714 magis
2485 5649 2538 5700 et
2569 5645 2772 5701 minus
2793 5644 3151 5701 iracundum
3179 5661 3518 5713 esse,nemo
3543 5655 3719 5719 putet
3745 5664 3892 5705 unus
