3932 6326
9 401 160 457 [309

979 402 1337 458 THEODORI
1366 401 1412 456 II
1441 402 1582 463 IMP.
1613 405 1704 462 DE
1729 403 2184 465 COMMUNIONE
2216 409 2591 472 NATURALI.

3291 405 3433 470 i310

22 545 131 577 ναι
150 529 342 597 πέφυκε
379 524 566 596 μᾶλλον
623 528 711 576 καὶ
773 524 948 596 ἧττον,
1004 528 1064 579 ού
1111 532 1213 599 μὴν
1263 525 1323 580 δε
1373 533 1430 581 τὸ
1479 529 1638 583 αὐτοῦ
1694 533 1742 585 Α
1799 553 1864 586 να
1887 537 2113 605 πάντως,
2147 536 2239 588 ούκ
2270 537 2400 590 ἄλλα
2430 539 2538 591 ἀλλ’
2568 539 2649 591 ὅτι
2671 537 2820 593 ἑπτά.
2845 543 2910 591 Τί
2954 535 3014 592 δὶ
3068 541 3127 591 τὸ
3177 545 3239 611 τῇ
3309 543 3408 609 μιᾷ

27 616 238 687 ἄτομον
266 612 497 686 ὑπολάϐῃ
525 633 624 679 τις,
657 613 785 666 ἀλλὰ
835 617 902 667 τὰ
955 618 1011 668 ἐκ
1076 625 1171 678 τῆς
1232 617 1386 671 αὐτὸν
1442 621 1642 694 κρκσάθ

30 723 149 765 σης
176 707 434 775 συζυγίας
465 705 720 778 κραθέντα
749 706 939 777 ἄτομα.
975 705 1296 778 Ὢνὸμασται
1330 705 1390 761 δὲ
1445 713 1510 762 τὰ
1552 719 1642 772 τῆς

27 793 207 853 αὐτῆς
235 793 496 863 συζυγίας
529 800 620 845 τοῦ
645 791 884 859 ἁνιᾶδου,
916 800 1006 847 καὶ
1050 804 1141 856 τῆς
1189 797 1344 859 αὐτῆς
1384 800 1646 871 συζυγίας

21 888 134 933 τοῦ
195 879 491 953 βαρυτίμου
545 881 718 952 ἄτομα
768 883 944 944 ἑνικῶς
994 883 1064 945 εἰς
1110 887 1178 936 τὰ
1223 894 1324 936 τῶν
1393 886 1644 960 ἑκατέρων

29 970 299 1044 ὀνόματα,
333 971 414 1023 ὅτι
453 979 635 1032 κοινῶς
697 971 903 1033 ἐκείνοις
950 973 1267 1036 κατάλληλος
1323 978 1350 1027 ὸ
1406 984 1470 1035 τῆ
1483 998 1504 1039 ς
1560 979 1645 1030 ού-

35 1065 171 1121 σίας
221 1059 385 1112 αὐτῶν
439 1059 603 1112 έστιιν
658 1061 796 1133 ὅρος,
850 1069 950 1113 τῶν
993 1063 1243 1138 ἑκατέρων
1285 1072 1359 1135 τῷ
1402 1065 1640 1140 ἑκατέρῳ·

29 1156 145 1211 πᾶς
167 1153 268 1224 γὰρ
302 1151 522 1222 θυμικὸς
553 1151 776 1222 θυμικοῦ
798 1152 914 1226 ὅρον
946 1149 1172 1218 δεξεται,
1238 1159 1329 1206 καὶ
1386 1161 1484 1227 πᾶς
1537 1156 1646 1209 ἔπι-

34 1241 332 1312 Θυμητικὸς
371 1237 774 1311 ἐπιθυμητικοῦ,
817 1238 942 1292 ἐπὰν
993 1259 1053 1294 το
1105 1243 1326 1314 θυμικὸς
1376 1245 1408 1303 ἢ
1461 1244 1643 1298 ἐπιθυ-

32 1331 267 1400 μητικὸς
307 1329 502 1380 τούτων
550 1328 772 1390 ἕκαστος
827 1329 1060 1400 λέγηται.
1121 1331 1345 1395 Εἰκοτως
1398 1330 1486 1386 οὖν
1539 1338 1645 1410 ἄρα

32 1416 228 1478 ἑνικῶς
275 1422 383 1478 τοῖς
436 1415 693 1490 ἑκατέροις
746 1419 813 1470 τὰ
880 1417 1043 1471 πολλὰ
1128 1419 1404 1494 ἐλόχησαν.
1489 1423 1644 1477 ’Ἐστι

28 1512 172 1577 ⁹γοῦν
211 1506 314 1580 ἄρα
331 1512 404 1575 τῷ
446 1506 651 1577 θυμικῶ
690 1504 970 1580 βαρυτίμῳ
1023 1513 1114 1560 καὶ
1170 1517 1243 1579 τῷ
1284 1513 1647 1586 ἐπιθυμητικῷ

30 1591 263 1666 ἆνιάδη,
316 1596 446 1646 καθὸ
497 1595 700 1666 θυμικῷ
766 1601 857 1648 καὶ
936 1596 1320 1670 ἐπιθυμητικῷ,
1405 1599 1647 1668 ἐπίτασις

30 1679 354 1756 ἀδιὸριστὸς
391 1702 447 1735 τε
495 1686 587 1735 καὶ
643 1685 839 1753 ἄνεσις,
893 1687 971 1737 ὅτι
1026 1689 1081 1738 αἱ
1135 1689 1406 1761 κράσασαι
1453 1691 1645 1755 αὐτοὺς

29 1773 318 1843 συζυγίαι,
375 1773 506 1824 καθὸ
557 1775 849 1844 πεφύκασιν
906 1775 1038 1826 έῒναι
1104 1777 1218 1828 καθ’
1288 1779 1490 1848 ὑφέσεις
1553 1787 1644 1834 καὶ

23 1858 323 1930 ἐπιτάσεις,
359 1863 418 1912 τὸ
451 1856 755 1934 ἀδιόριστον
780 1863 1019 1932 ἔχουσιν,
1061 1863 1177 1915 οὔτε
1230 1860 1289 1917 δὲ
1340 1867 1366 1917 ὁ
1417 1865 1642 1942 βαρύτι-

25 1967 138 2020 μος
164 1944 387 2010 ἆνιάδης
409 1953 704 2019 γενήσεται,
749 1953 866 2002 οὔτε
906 1947 965 2003 δί
1012 1953 1039 2003 ὁ
1088 1950 1313 2015 (Ξενιάδης
1355 1952 1642 2029 βαρύτιμος

21 2043 265 2091 πώποτε.
299 2040 386 2090 Διὸ
413 2035 605 2098 ἀνέσεις
633 2043 725 2090 καὶ
762 2038 1024 2100 ἐπιτάσεις
1077 2043 1130 2092 αὶ
1176 2042 1343 2094 αὐτῶν
1389 2040 1640 2116 δέχονται

26 2127 316 2198 συζαγίας.
350 2126 508 2179 ὃτιαί
541 2129 812 2201 κράσοισαι
859 2128 1045 2190 αὐτοὺς
1107 2132 1360 2204 συζυγίαι
1407 2132 1640 2206 ἀλλαγῆ-

18 2235 122 2267 ναι
154 2215 214 2267 ού
251 2219 460 2287 πέφυκε.

107 2303 174 2376 γ’.
205 2303 364 2364 Δῆλον
391 2300 450 2356 δὲ
469 2306 586 2368 ταῖς
622 2308 819 2367 πάσαις
847 2307 1033 2360 οἰκεῖον
1065 2307 1194 2361 εἶναι
1241 2311 1386 2382 αὐτὸ,
1442 2312 1499 2365 ἐκ
1551 2323 1643 2377 τῆς

21 2402 138 2445 τῶν
162 2390 258 2446 δύο
283 2396 482 2446 τούτων
525 2394 638 2446 λίαν
687 2393 929 2458 έτάσεως·
980 2397 1039 2450 οὐ
1092 2401 1193 2472 γὰρ
1253 2403 1330 2452 ἔτι
1379 2409 1496 2466 ταῖς
1543 2407 1638 2457 πά-

29 2502 162 2545 σαις
208 2486 268 2536 τὸ
320 2485 458 2535 κατὰ
502 2485 674 2536 πάντα
727 2489 917 2557 κοινὸν,
979 2485 1087 2539 έπεὶ
1143 2496 1452 2544 κοινωνοῡσί
1513 2511 1634 2567 που,

28 2568 72 2624 δ
80 2571 434 2624 ιαστελλονται
463 2569 524 2625 δέ
554 2592 614 2644 γε
659 2579 749 2626 καί
804 2594 927 2644 που,
983 2573 1164 2634 ἐπειδὴ
1217 2578 1346 2631 ἑπτὰ
1393 2585 1482 2652 μέν
1533 2583 1636 2636 εἰσι

26 2662 106 2714 τὰ
151 2663 424 2736 κράσαντα
469 2663 557 2720 τὴν
605 2660 792 2732 ἁπλῆν,
819 2667 889 2718 τὰ
933 2662 993 2719 δε
1051 2668 1302 2730 τοσαύτας
1346 2667 1635 2746 ἐργασάμε»

1800 630 2028 681 ποιῆσαν
2091 625 2387 690 ἀλλοιώσεις
2440 628 2650 694 πολλὰς,
2711 631 2912 688 πάντως
2983 627 3232 699 ἑναλλαγη
3314 614 3409 678 καὶ

1806 709 1899 764 διὰ
1953 721 2106 766 τοῦτο
2161 714 2519 787 ἐναλλαγῆναι,
2585 718 2643 768 ού
2693 720 2981 789 πεφύκασιν
3059 713 3232 786 αὗται,
3323 717 3404 768 ὅτι

1805 800 1945 863 ἅπαξ
1996 801 2267 876 ἐντελεχῶς
2310 806 2707 877 μετηλλάγησαν
2772 822 2785 872 ;
2843 805 2900 857 'O
2940 807 3044 878 ἄρα
3111 803 3401 879 βαρύτιμος

1809 891 2023 963 θυμικὸς
2051 897 2194 946 καὶὸ
2241 893 2464 958 ἀνιδιὸης
2510 896 2900 968 ἐπιθυμητικὸς,
2954 894 3003 946 ἐν
3053 900 3157 954 τοῖς
3210 897 3279 956 ὡς
3309 894 3402 945 αὐ-

1805 987 1911 1040 τοῖς
1963 983 2180 1054 ὁμοίοις,
2236 983 2499 1045 ἐπιτάσεις
2554 981 2805 1055 δέχονται
2859 989 2949 1036 καὶ
3001 982 3212 1049 ἀνέσεις,
3263 983 3402 1035 καθὰ

1805 1075 2047 1128 ποιότητι
2077 1071 2444 1145 ἐπιθυμητίκοί
2472 1092 2527 1126 τε
2555 1079 2645 1126 καὶ
2695 1075 2923 1146 θυμικοί.
2979 1075 3124 1125 Κατὰ
3169 1075 3257 1124 τὸν
3310 1071 3404 1124 αύ-

1805 1162 1893 1210 τὸν
1923 1156 1982 1211 δὲ
2019 1161 2168 1232 λόγον
2215 1167 2304 1214 καὶ
2355 1164 2410 1215 αἱ
2463 1163 2652 1225 αύτούς
2712 1162 3060 1235 σῦμπηξασαι
3125 1161 3398 1232 συζυγίαι,

1807 1250 2050 1322 ἀπείρους
2100 1249 2149 1301 ἓν
2204 1250 2439 1303 ἐπιτάσει
2485 1271 2539 1303 τε
2594 1255 2684 1302 καὶ
2739 1250 2926 1317 ἀνέσει,
2979 1253 3233 1324 θυμικοὺς
3308 1258 3399 1306 καὶ

1805 1338 2215 1410 έπιθυμητικοὺς
2253 1344 2592 1406 ποιήσουσιν,
2618 1337 2953 1400 ὶναλλάξουσι
2981 1334 3040 1390 δὲ
3083 1338 3262 1390 οὔποτ’
3313 1341 3394 1392 ἄν.

1807 1431 1908 1479 Καὶ
1949 1425 2034 1478 ἀπ’
2068 1426 2243 1501 ἀρχῆς
2261 1435 2387 1498 γοῦν
2411 1430 2549 1479 κατὰ
2579 1430 2662 1479 τὸν
2693 1427 2848 1479 αὐτὸν
2877 1426 3028 1498 λόγον
3076 1428 3130 1478 τί
3185 1445 3238 1479 τε
3305 1447 3393 1481 συο

1806 1517 1990 1586 ζυγίαι
2018 1521 2108 1567 καὶ
2134 1519 2199 1568 τὰ
2228 1515 2282 1578 έξ
2333 1517 2502 1568 αὐτῶν
2540 1517 2708 1588 ἄτομα
2763 1518 2854 1576 ἕως
2906 1515 3080 1576 τέλους
3135 1515 3398 1580 ἐπιτάσεις

1807 1601 2048 1668 δέξονααι
2077 1609 2167 1656 καὶ
2189 1604 2405 1670 ἀνέσεις,
2463 1604 2596 1663 πλήν
2651 1602 2711 1657 δε
2758 1625 2818 1675 γε
2863 1613 2963 1656 τῶν
3019 1603 3217 1657 οἰκείων
3266 1607 3396 1678 ὅρων

1805 1692 1965 1763 έντὸς,
2021 1698 2233 1766 πότερον
2292 1695 2497 1769 ἄπειροι
2548 1696 2777 1766 θυμικοί,
2822 1693 2956 1751 πλὴν
3021 1695 3235 1765 θυμικοὶ
3307 1699 3396 1746 καὶ

1803 1784 2010 1857 ἄπειροι
2057 1783 2442 1854 έπιθυμητικοὶ,
2489 1783 2622 1840 πλὴν
2672 1779 3038 1840 έπιθυδητικοὶ
3096 1787 3186 1834 καὶ
3254 1784 3400 1834 ἄπει-

1803 1890 1885 1944 ροι
1914 1877 2173 1944 φρόνιμοι,
2215 1871 2345 1929 πλὴν
2398 1876 2656 1944 φρόνιμοι,
2724 1872 2805 1924 ὅτι
2861 1869 2996 1930 ἐντὸς
3040 1878 3142 1922 τῶν
3197 1870 3400 1922 οἰκείων

1799 1962 1932 2033 ὅρων
1984 1963 2169 2022 πάντες
2237 1963 2448 2032 θυμικοὶ
2491 1960 2581 2013 καί
2637 1959 3004 2032 ἐπιθυμητικοὶ
3057 1964 3148 2011 καὶ
3220 1965 3396 2034 φρόνι-

1801 2054 1892 2122 μοί
1918 2049 2067 2104 εἰσιν.
2101 2050 2267 2103 Αὗται
2301 2057 2426 2120 γοῦν
2452 2051 2500 2100 οἱ
2528 2046 2624 2102 δύο
2651 2045 2922 2120 διαφοραὶ,
2974 2051 3004 2106 ἢ
3068 2067 3124 2100 τε
3179 2050 3274 2108 τὰς
3323 2047 3397 2100 ἓν·

1801 2142 2075 2196 νινήκοντα
2125 2143 2214 2190 καὶ
2273 2134 2369 2192 δύο
2433 2143 2731 2194 ποιήσασαι
2806 2137 3064 2208 συζυγίας
3136 2141 3226 2188 καὶ
3300 2140 3395 2195 τὴν

1801 2227 1987 2292 ἁπλῆν,
2043 2232 2132 2279 καὶ
2176 2229 2206 2284 ἡ
2267 2229 2355 2287 τὰς
2414 2229 2660 2301 ἀπείρους
2710 2226 2907 2287 ἀνέσεις
2966 2229 3051 2276 καὶ
3131 2224 3397 2287 ἕπιτάσεις

1801 2319 2007 2387 ἔχουσα
2053 2321 2143 2368 καὶ
2179 2319 2372 2378 ταύτας
2409 2325 2509 2367 τῶν
2565 2315 2829 2387 συζυγιῶν
2881 2313 3041 2375 ἐντὸς.
3100 2316 3193 2366 Διὰ
3243 2322 3395 2366 τοῦτο

1799 2405 1893 2457 οὐκ
1926 2407 1987 2458 ἄν
2025 2425 2101 2466 τις
2153 2405 2418 2478 ἐπιστήμῃ
2471 2410 2701 2476 γενναῖος
2747 2402 3135 2475 παραλέογισθῇ
3182 2399 3277 2455 διὰ
3301 2407 3397 2461 τήν

1799 2496 2058 2567 ἆπίτασιν,
2095 2494 2230 2548 ὥστε
2251 2497 2364 2567 ἔχει
2393 2497 2481 2556 τὸν
2529 2493 2580 2544 ἐν
2627 2495 2804 2566 ὑφέσει
2858 2495 3076 2565 θυμικὸν
3119 2511 3250 2566 προς
3304 2495 3394 2546 τὸν

1799 2583 1849 2636 ἓν
1877 2584 2110 2638 ἐπιτάσει
2139 2584 2309 2651 ἄλλον,
2342 2583 2446 2636 ἀλλ’
2482 2583 2632 2636 ἄλλον
2687 2588 2845 2658 κρίνει
2895 2601 2978 2634 τον
3028 2583 3246 2654 θυμικὸν
3302 2589 3396 2635 τοῦ

1796 2673 2196 2748 ἕπιθυμητικοΰ,
2228 2678 2318 2726 καὶ
2346 2671 2657 2745 τοῦμπαλιν,
2688 2669 2828 2726 Αὐτὸ
2859 2668 2919 2724 δε
2941 2679 3096 2724 τοῦτο
3159 2676 3250 2723 καὶ
3295 2673 3394 2724 πά-

9 2893 334 2969 ῃάοωεῖιιθ
355 2897 735 2956 individuum
760 2916 893 2957 esse
909 2903 1104 2972 magis
1117 2907 1174 2959 et
1203 2904 1403 2960 minus
1427 2906 1660 2962 iracun-
1697 2907 1738 2962 C
1771 2911 2000 2981 septem
2021 2911 2178 2974 sunt,
2193 2920 2328 2978 quas
2350 2906 2684 2977 temperant
2700 2902 3030 2976 simplicem
3047 2902 3418 2974 conjugatio-

9 2985 177 3054 ium,
210 2986 315 3042 sed
341 3003 715 3061 quaecunqae
736 2989 811 3045 ad
831 2991 1110 3048 eamdem
1143 3008 1278 3048 cum
1298 2994 1431 3066 ipso
1457 2995 1650 3066 conju-

9 3076 309 3146 gationem
338 3076 692 3146 referuntur,
724 3084 830 3136 aut
849 3080 1064 3137 eodem
1106 3083 1289 3138 modo
1322 3091 1458 3139 sunt
1504 3084 1658 3140 indi-

9 3163 211 3219 vidua.
237 3166 431 3230 Quare
471 3182 668 3222 saavus
699 3169 802 3240 qui
839 3170 1174 3226 secundum
1195 3172 1580 3229 remissiones
1602 3177 1659 3230 et

10 3252 372 3310 ntensiones
401 3257 490 3310 est
525 3255 871 3324 iracundus,
900 3257 1167 3314 inﬁnitus
1192 3265 1281 3316 est
1307 3280 1319 3331 ;
1355 3266 1410 3318 et
1449 3261 1660 3318 sollici-

9 3359 99 3398 Lus
128 3341 277 3400 solet
305 3358 434 3399 esse
465 3344 720 3416 cupidus
777 3345 1004 3403 inﬁnite
1069 3349 1265 3419 magis
1329 3355 1386 3407 et
1432 3351 1656 3407 minus.

9 3435 191 3487 Semo
228 3446 372 3488 vero
401 3432 517 3488 hoc
543 3433 618 3488 de
654 3449 772 3491 uno
794 3434 1130 3508 eodemque
1173 3437 1485 3494 individuo
1531 3439 1656 3496 dic-

9 3536 131 3575 ;um
165 3524 350 3592 putet,
385 3521 492 3578 sed
513 3520 587 3577 de
613 3522 894 3579 omnibus
919 3524 1415 3598 individuis,quaa
1443 3529 1656 3586 eadem

9 3609 135 3680 :onj
149 3611 429 3680 ugatione
441 3626 564 3684 qua
575 3609 718 3667 illud
732 3614 1343 3685 comprehenduntur.
1359 3619 1536 3674 Porro
1549 3633 1656 3673 no-

9 3697 167 3754 nine
193 3697 516 3769 singularis
545 3700 778 3756 numeri
802 3703 1007 3758 omnia
1036 3703 1135 3758 illa
1174 3703 1488 3761 individua
1545 3723 1654 3778 ap-

9 3787 326 3858 aellantur,
342 3791 467 3846 tam
480 3805 616 3862 quae
633 3790 847 3846 eadem
859 3808 984 3864 qua
996 3791 1302 3859 sollicitus,
1319 3810 1506 3867 quam
1519 3813 1655 3868 quas

9 3875 220 3934 eadem
250 3893 374 3950 qua
395 3893 593 3934 saevus
621 3879 754 3950 conj
766 3881 1043 3950 ugatione
1072 3882 1470 3950 continentur,
1507 3899 1655 3955 quo-

9 3967 170 4020 iiam
207 3965 354 4038 ipsis
384 3966 534 4022 inter
564 3982 626 4022 se
645 3967 957 4040 utriusque
989 3969 1430 4040 conjugationis
1456 3988 1654 4028 essen-

9 4053 98 4109 ;im
130 4052 317 4108 ﬁnitio
348 4054 690 4110 communis
719 4060 826 4111 est.
873 4057 1079 4112 Omnis
1128 4059 1286 4113 enim
1327 4059 1655 4115 iracundus

9 4141 278 4196 .racundi
315 4133 729 4199 deﬁnitionem
759 4143 1061 4218 suscipiet,
1088 4151 1145 4202 et
1169 4147 1366 4202 omnis
1397 4147 1656 4220 cupidus

1770 3013 1944 3057 nem:
1970 2999 2055 3052 tot
2081 2999 2280 3051 autem
2308 2999 2447 3050 sunt
2467 2994 2716 3049 omnino
2740 3009 2877 3066 quae
2900 2996 3089 3061 agunt
3117 2995 3174 3048 et
3195 2996 3417 3064 tempe-

1768 3089 1922 3154 rant,
1955 3099 2078 3140 non
2107 3083 2224 3139 alia
2251 3098 2438 3155 quam
2471 3085 2717 3153 septem.
2744 3080 2898 3146 Quid
2923 3084 3126 3135 autem
3157 3079 3304 3135 illud
3330 3083 3418 3136 est

1769 3173 1932 3247 quod
1947 3189 2052 3246 per
2063 3188 2241 3228 unam
2253 3171 2384 3242 conj
2395 3170 2732 3241 ugationem
2747 3167 2959 3224 multas
2973 3167 3417 3224 immutationes

1770 3263 1960 3320 eﬂ‘ecit
1987 3264 2015 3318 ?
2035 3262 2325 3318 Nimirum
2337 3265 2425 3316 est
2439 3261 2572 3333 ipsa
2587 3257 2975 3331 permutatio:
3007 3256 3231 3313 idcirco
3265 3262 3410 3328 ipsas

1769 3351 2226 3423 conjugationes
2239 3348 2811 3421 ampliusimmutari
2825 3362 2948 3404 non
2974 3351 3248 3418 possunt,
3272 3346 3415 3419 quia

1767 3439 2037 3496 videlicet
2062 3439 2248 3496 semel
2264 3438 2520 3511 perfecte
2541 3437 2872 3492 immutatae
2894 3440 3050 3492 sunt.
3076 3437 3270 3500 Quare
3311 3451 3416 3492 saa-

1766 3545 1878 3585 vus
1907 3529 2012 3603 qui
2042 3533 2129 3584 est
2148 3528 2473 3584 iracundus
2502 3531 2558 3582 et
2587 3525 2867 3582 sollicitus
2897 3525 3001 3598 qui
3032 3529 3121 3581 est
3159 3525 3414 3598 cupidus

1766 3617 1828 3674 in
1867 3617 2162 3674 similibus
2183 3615 2570 3672 consimiliter
2598 3615 2923 3688 suscipient
2944 3614 3310 3670 intensiones
3359 3619 3417 3670 et

1765 3706 2168 3772 remissiones,
2201 3710 2498 3777 quatenus
2541 3703 2827 3776 qualitate
2847 3703 2974 3759 haec
2998 3707 3137 3758 sunt
3155 3703 3412 3775 praediti,

1763 3801 1829 3850 ut
1851 3796 1964 3850 sint
1989 3793 2260 3850 iracundi
2300 3798 2355 3850 et
2375 3792 2596 3865 cupidi.
2631 3793 2848 3848 Eadem
2862 3792 3088 3848 ratione
3117 3793 3412 3862 conjuga-

1765 3883 1956 3938 tiones
1987 3899 2059 3939 ex
2088 3883 2310 3956 quibus
2339 3881 2651 3954 temperati
2689 3887 2829 3938 sunt
2864 3881 3004 3952 ipsi,
3046 3880 3310 3937 inﬁnitos
3360 3884 3416 3935 et

1763 3971 2086 4027 iracundos
2107 3976 2164 4027 et
2182 3970 2434 4043 cupidos
2463 3968 2737 4037 efﬁcient,
2763 3967 3097 4024 secundum
3130 3967 3413 4024 intensio-

1762 4076 1904 4116 nem
1933 4065 1990 4116 et
2009 4059 2770 4129 remissionem.Nunquam
2797 4061 2994 4112 autem
3019 4055 3247 4112 accidet
3270 4055 3414 4128 ipsis

1765 4149 2043 4220 migratio
2079 4165 2150 4204 ex
2181 4146 2602 4218 conjugatione
2617 4145 2808 4201 unain
2831 4145 3032 4201 aliam.
3051 4144 3272 4201 Eadem
3303 4144 3411 4216 igi-

9 4229 745 4306 3upidi,quandoquidem
769 4233 988 4290 horum
1017 4235 1236 4306 singuli
1274 4236 1549 4293 iracundi
1602 4229 1658 4293 et
1687 4255 1730 4308 ι)
1765 4243 1860 4294 tur
1886 4237 2114 4294 ratione
2144 4253 2283 4292 cum
2317 4236 2773 4307 conjugationes
2801 4240 2929 4291 tum
2977 4233 3289 4290 individua
3339 4250 3414 4290 ex

9 4318 208 4391 zupidi
239 4319 534 4376 dicuntur.
569 4322 762 4387 Quare
785 4324 994 4379 merito
1026 4325 1333 4397 utriusque
1359 4325 1655 4397 conjuga-

9 4407 180 4464 ionis
195 4407 385 4466 multa
397 4409 714 4466 individua
726 4427 900 4466 suum
921 4428 1145 4468 nomen
1163 4411 1464 4483 singulare
1496 4413 1654 4469 obti-

9 4501 162 4553 ient.
197 4499 297 4554 Est
325 4497 503 4568 igitur
526 4499 842 4569 iracundo,
876 4517 1039 4556 εωνο
1062 4507 1118 4557 et
1144 4501 1364 4575 cupido
1383 4502 1651 4571 sollicito,

9 4591 299 4660 Iuatenus
321 4586 414 4643 ille
442 4587 791 4655 iracundus,
819 4588 915 4644 hic
944 4589 1226 4645 sollicitus
1249 4594 1354 4657 est,
1385 4589 1654 4647 indeﬁni-

9 4689 61 4732 ιδ,
82 4674 339 4732 intensio
351 4680 408 4734 et
424 4677 726 4745 remissio,
747 4678 892 4751 quia
904 4677 1309 4750 copulationes
1330 4695 1466 4750 quas
1489 4679 1654 4752 ipsos

9 4769 362 4834 .emperant,
377 4770 676 4838 quatenus
689 4770 944 4838 possunt
954 4766 1254 4838 suscipere
1267 4767 1653 4823 remissiones

9 4857 56 4908 at
81 4853 473 4922 intensiones,
506 4854 831 4911 indefinitae
858 4859 1072 4910 suntet
1098 4854 1512 4911 interminatus.
1546 4859 1652 4912 Ne-

9 4956 120 5014 ;ue
145 4957 288 4998 vero
319 4957 516 4998 saevus
541 4942 843 5014 sollicitus,
873 4947 977 5000 aut
1006 4943 1290 5000 sollicitus
1318 4959 1515 4999 saevus
1544 4960 1653 5000 un-

9 5045 187 5104 ;uam
213 5047 342 5087 esse
363 5033 596 5105 poterit.
620 5033 846 5088 Idcirco
873 5033 1256 5089 remissiones
1283 5038 1338 5088 et
1366 5033 1648 5090 intensio-

9 5137 106 5176 ies
119 5121 524 5193 suscipiuntur
539 5121 617 5178 ab
642 5121 911 5194 ipsorum
927 5123 1476 5194 conjugationibus,
1503 5139 1648 5196 quo-

9 5210 162 5265 iiam
193 5209 327 5282 conj
339 5215 649 5280 ugatlones
687 5227 761 5268 ex
787 5212 1007 5284 quibus
1048 5217 1456 5285 temperantur
1480 5212 1648 5269 nullo

9 5297 182 5355 nodo
206 5299 534 5371 permutari
572 5304 847 5372 possunt.

67 5391 122 5443 3.
151 5389 246 5442 Est
276 5390 477 5443 autem
500 5387 883 5461 perspicuum
914 5389 1028 5444 hoc
1051 5388 1323 5445 omnium
1353 5405 1484 5445 esse
1512 5405 1646 5460 pro-

9 5475 186 5548 )rium
202 5475 709 5546 conjugationum,
728 5493 800 5532 ex
823 5483 1104 5533 accurata
1115 5477 1366 5532 duorum
1395 5478 1644 5534 istorum

9 5564 408 5631 restigatione.
439 5568 638 5638 Neque
668 5567 829 5622 enim
869 5567 1019 5623 inter
1039 5584 1250 5622 omnes
1293 5583 1396 5639 per
1442 5567 1650 5625 omnia

9 5657 90 5710 ast
103 5653 505 5710 communitas
520 5670 532 5709 :
549 5653 797 5727 quando
809 5655 1044 5728 quidem
1063 5655 1270 5728 partim
1283 5657 1650 5712 communio-

9 5757 142 5800 nem
165 5741 412 5816 habent,
441 5737 651 5814 partim
671 5743 839 5817 etiam
859 5743 1451 5816 discrimen,quando
1467 5745 1648 5802 etiam

1765 4326 1877 4384 illis
1889 4326 2146 4382 conﬂata
2159 4326 2235 4381 ad
2248 4325 2431 4381 ﬁnem
2445 4340 2634 4398 usque
2646 4325 3013 4380 intensiones
3025 4326 3084 4380 et
3110 4323 3411 4380 remissio-

1765 4431 1870 4471 nes
1903 4414 2250 4488 suscipient,
2297 4418 2712 4470 verumtamen
2751 4413 2906 4469 intra
2958 4428 3102 4468 suos
3150 4412 3302 4468 ﬁnes
3357 4415 3415 4467 et

1763 4503 2048 4560 terminos
2101 4503 2445 4559 consistent.
2503 4510 2715 4558 Annon
2769 4502 2947 4572 igitur
2989 4500 3200 4557 inﬁniti
3276 4507 3415 4556 sunt

1761 4592 2037 4650 iracundi
2061 4597 2362 4665 quatenus
2391 4591 2683 4655 iracundi,
2712 4597 2767 4648 et
2785 4591 2999 4647 inﬁniti
3025 4589 3226 4664 cupidi
3266 4606 3413 4663 qua-

1761 4685 1934 4738 tenus
1947 4681 2169 4754 cupidi,
2186 4687 2242 4737 et
2252 4680 2464 4737 inﬁniti
2476 4680 2802 4753 prudentes
2815 4684 3112 4752 quatenus
3150 4679 3411 4751 pruden-

1762 4775 1866 4842 tes,
1901 4787 2022 4827 non
2057 4769 2178 4836 alii,
2208 4770 2498 4843 quoniam
2522 4770 2676 4826 intra
2690 4785 2830 4825 θυοδ
2850 4771 2998 4823 ﬁnes
3014 4773 3070 4824 et
3123 4767 3406 4822 terminos

1759 4859 2091 4914 consistunt
2119 4873 2330 4914 omnes
2362 4856 2635 4913 iracundi
2664 4862 2721 4912 et
2740 4855 2939 4928 cupidi
2963 4861 3018 4910 et
3042 4852 3362 4926 prudentes
3382 4853 3410 4908 ‘?

1761 4949 1857 5002 Has
1886 4953 2027 5002 sunt
2046 4945 2222 5016 igitur
2247 4946 2382 5001 duae
2413 4944 2780 5010 differentiae,
2822 4959 3040 5015 nempe
3085 4957 3207 4998 una
3272 4956 3408 5013 quae

1759 5035 1912 5092 duas
1940 5040 1997 5092 et
2014 5035 2341 5104 nonaginta
2355 5033 2546 5089 effecit
2561 5035 2693 5105 conj
2706 5033 2946 5103 ugation
2957 5049 3019 5086 es
3033 5035 3211 5102 atque
3227 5031 3403 5085 etiam

1759 5125 2110 5196 simplicem:
2132 5123 2316 5179 altera
2327 5122 2734 5195 quaeinﬁnitas
2748 5122 3126 5176 remissiones
3142 5136 3210 5175 ac
3224 5120 3411 5176 inten-

1760 5213 1959 5269 siones
1988 5212 2190 5280 habet,
2232 5227 2460 5283 easquo
2489 5212 2643 5266 intra
2674 5210 3148 5281 conjugationes.
3207 5210 3404 5274 Quare

1756 5316 1932 5358 nemo
1963 5302 2059 5356 cui
2087 5299 2286 5356 nobile
2316 5299 2489 5356 fuerit
2517 5299 2816 5369 ingenium
2851 5299 3095 5354 scientia
3136 5298 3196 5353 in
3247 5315 3406 5354 erro-

1755 5405 1882 5446 rem
1903 5390 2217 5445 inducetur
2230 5393 2332 5445 aut
2352 5387 2680 5460 decipietur
2692 5403 2797 5460 per
2824 5388 3226 5443 intensionem
3243 5387 3324 5443 ita
3344 5391 3409 5443 ut

1755 5477 2006 5534 remisse
2027 5477 2314 5550 cupidum
2341 5477 2606 5533 conferat
2631 5493 2768 5531 cum
2799 5475 2915 5532 alio
2945 5476 3199 5548 quicum
3222 5475 3404 5533 inten-

1757 5567 1922 5622 sione
1960 5566 2163 5638 aliqua
2175 5564 2289 5621 alia
2306 5564 2590 5639 qualitate
2603 5564 2887 5637 praeditus
2900 5570 3007 5632 est,
3033 5563 3136 5621 sed
3169 5581 3274 5638 per
3299 5566 3407 5622 sci-

1755 5655 1979 5712 entiam
1995 5653 2352 5711 iracundum
2376 5669 2412 5709 a
2427 5653 2647 5728 cupido
2665 5654 2847 5710 alium
2874 5669 3008 5710 esse
3025 5654 3408 5726 judicabitiet

1755 5746 1984 5817 contra,
2015 5741 2179 5798 Idem
2204 5747 2292 5808 est
2311 5741 2761 5812 observandum
2787 5742 2851 5800 in
2871 5742 3158 5800 omnibus
3200 5743 3408 5815 conju-
