3932 6326
501 339 638 398 1311

2115 337 2471 395 ADDENDA.
3083 341 3096 353 '
3837 342 3918 395 tSti

502 484 621 528 σαις
654 467 768 524 ταῖς
811 461 1091 534 συζυγίαις
1138 461 1251 516 ἐστὶ
1288 465 1379 516 καὶ
1426 468 1532 524 τοῖς
1593 461 1647 526 ἐξ
1712 462 1879 516 αὐτῶν
1945 463 2149 536 κραθη-
2183 464 2233 518 Α
2265 482 2332 515 τα
2361 459 2420 516 δὲ
2444 463 2522 516 ὅτι
2561 463 2654 514 κᾶν
2684 463 2857 516 ἄνεσιν
2898 461 2993 515 κᾶν
3046 461 3285 516 ἐπίτασιν
3327 466 3388 516 τὸ
3440 484 3478 516 α
3541 471 3658 524 τῆς
3709 462 3749 536 β
3805 470 3918 524 τις,-

502 557 735 626 σομένοις
789 550 1022 624 ἀτόμοις.
1097 551 1227 604 Οὖτε
1288 559 1414 624 γοῦν
1482 554 1693 625 εὑρήσει
1757 552 1889 611 πλὴν
1954 555 2149 604 τούτων

500 664 580 706 τις
611 644 752 714 εἰμὴ
789 642 1059 714 σοφίζεται
1093 641 1106 696 l
1140 641 1256 694 οὒτε
1311 646 1414 714 μὴν
1473 642 1694 708 ἐλάσσω,
1730 643 1773 695 εἰ
1824 646 1894 715 μὴ
1946 642 2150 696 κεκολο-

502 733 732 806 ϐωμένην
767 736 1015 790 κέκτηται
1047 736 1140 791 τὴν
1180 729 1434 803 διὰνοιαν,
1476 739 1647 786 πᾶσαι
1713 729 1774 785 δέ
1839 733 1969 786 εἰσιν
2050 729 2150 784 αὖ-

501 842 609 889 ται,
648 825 736 873 καὶ
776 825 1060 896 περαιτέρω
1118 820 1394 894 βεϐηκέναι
1461 823 1519 874 οὐ
1589 819 1830 877 δύναται.
1897 822 1955 875 Ἡ
2025 830 2149 894 γοῦν

501 931 534 964 α
573 909 609 983 β
648 931 682 982 γ
722 929 744 962 ε
782 910 814 970 ζ
853 930 883 968 η
927 912 954 962 θ
1010 912 1282 984 κεράννυσι
1333 915 1420 963 τὸν
1478 910 1692 982 ἁπλοῦν,
1752 909 1929 970 ἐπειδή
1987 910 2147 970 ἁπλῆ·

500 999 666 1058 ἁπλῆν
707 995 765 1051 δὲ
803 1003 892 1052 καὶ
932 997 1123 1052 ἁπλοῦν
1189 998 1426 1052 ἐνταυθοί
1484 1000 1614 1071 λέγω
1679 1004 1767 1053 τὸν
1834 999 2024 1060 ἐντελῆ
2095 1004 2150 1054 αἱ

502 1085 553 1141 δ’
593 1087 765 1158 ἄλλαι,
807 1088 1000 1147 ἑκάστη
1044 1092 1172 1164 πρὸς
1209 1092 1267 1141 τό
1308 1086 1446 1142 ἴδιον
1511 1085 1730 1162 ἰδίωμα.
1794 1092 1988 1151 Πάντες
2027 1097 2149 1162 γοῦν

501 1178 632 1231 εἰσιν
672 1179 954 1252 ἄνθρωποι,
1005 1178 1332 1236 ἐννενήκοντα
1394 1182 1526 1254 πρὸς
1587 1187 1696 1242 τοῖς
1768 1176 1920 1245 δυσὶ,
1971 1184 2060 1232 καὶ
2124 1181 2150 1231 ὁ

501 1269 710 1338 ἁπλοῦς,
765 1271 928 1321 εἶτουν
1009 1270 1036 1321 ὁ
1102 1268 1319 1330 ἐντελὴς.
1389 1273 1479 1322 καὶ
1543 1271 1592 1322 οἱ
1655 1279 1752 1332 τῆς
1841 1268 2150 1345 ἀντιρρόπου

503 1357 650 1411 ἑπτά.
691 1359 876 1418 Πάντες
929 1354 987 1411 δέ
1039 1363 1099 1428 γέ
1155 1363 1244 1410 καὶ
1297 1360 1324 1410 ὁ
1370 1358 1565 1421 ἁπλοῦς
1617 1360 1843 1433 ἄπειροι,
1901 1359 1959 1411 οὐ
2017 1362 2153 1412 κατὰ

500 1450 556 1500 τὸ
617 1446 739 1498 ἄλλο
777 1451 863 1499 καὶ
902 1446 1045 1516 ἄλλο,
1086 1447 1215 1499 ἄλλά
1270 1450 1403 1500 κατὰ
1459 1450 1516 1500 τὸ
1574 1447 1722 1508 ἄλλος
1784 1467 1838 1501 τε
1902 1453 1991 1501 καὶ
2057 1447 2152 1500 ἁλ-

501 1535 695 1596 λοσῖος·
739 1539 797 1588 τὸ
837 1534 958 1587 ἄλλο
995 1537 1096 1607 γὰρ
1140 1531 1294 1594 δηλοῖ
1357 1540 1451 1595 τὴν
1515 1536 1717 1603 οὐσίαν,
1780 1539 1838 1588 τὸ
1905 1536 2058 1598 ἄλλος
2092 1539 2152 1589 τὸ

502 1627 716 1696 ἄτομον,
751 1627 810 1677 τὸ
837 1621 897 1678 δὲ
919 1644 979 1696 γε
1007 1624 1204 1678 ἀλλοῖον
1256 1630 1351 1684 τὴν
1404 1624 1642 1679 ἐπίτασίν
1695 1645 1750 1680 τε
1801 1630 1891 1678 καὶ
1956 1628 2149 1680 ἄνεσιν.

504 1713 724 1767 Ἀλλοῐοι
765 1721 889 1784 γοῦν
944 1716 1130 1776 πάντες
1187 1717 1236 1767 οἱ.
1283 1717 1567 1789 καθαρμοὶ,
1627 1719 1746 1768 ὅσοι
1798 1716 1912 1768 κατ’
1967 1715 2154 1768 ἐπίτα-

2259 557 2377 624 γίας
2405 555 2536 624 πρὸς
2566 551 2861 612 ᾱΰιλοατῆς
2891 551 3053 614 αὐτῆς
3107 555 3220 624 ἔχει
3281 553 3376 605 οὐκ
3435 551 3504 605 ἂν
3572 556 3660 624 μή
3723 561 3816 612 ταῖς
3857 556 3918 603 τὲ-

2260 650 2356 704 τῆς
2383 640 2418 714 β
2470 639 2599 694 εἶναι
2654 644 2712 694 τὸ
2760 662 2794 694 α
2847 647 3040 714 πέφυκε
3097 639 3189 695 διὰ
3235 647 3327 702 τὴν
3388 641 3675 695 ἐπίτασιν
3733 651 3818 693 καί
3863 662 3918 698 m

2259 733 2452 788 ἄνεσιν.
2483 735 2704 805 Πότερον
2741 727 2834 784 διὰ
2866 739 3033 784 ταῦτα
3058 730 3105 784 ἐν
3153 735 3271 794 ταῖς
3321 733 3650 803 συζυγίαις
3713 729 3782 789 δή
3827 752 3917 782 ττι-

2259 840 2371 881 ταις
2433 826 2534 872 πᾶν
2583 822 2774 892 ἄτομον
2830 823 3224 896 περιγράφεται,
3282 825 3373 873 καὶ
3454 824 3685 882 πάντες
3769 823 3917 890 ὡὲεν

2258 931 2349 965 ποι
2401 910 2727 969 ἐννενήκοντα
2780 913 2906 985 πρὸς
2956 913 3066 972 τοῖς
3124 907 3278 964 δυσίν
3327 910 3456 978 εἰσι,
3508 915 3628 963 καὶ
3686 912 3714 963 ὁ
3772 911 3917 970 arisi;

2259 1006 2351 1053 καὶ
2395 1003 2445 1053 οἱ
2497 1008 2593 1062 τῆς
2645 999 2953 1075 ἁντιρῥόπου
3009 1000 3154 1066 ἑπτὰ,
3214 999 3310 1052 κᾶν
3349 999 3628 1052 ἐπίτασιν
3686 1004 3720 1057 ἧ
3793 1002 3912 1050 iam

2261 1099 2378 1154 ταῖς
2397 1091 2609 1152 οἰκείαις
2639 1087 2992 1160 ἐπιδέχωνται
3047 1089 3350 1160 συζυγίαιν,
3415 1092 3623 1162 ἄτομα
3691 1086 3756 1141 δὲ
3804 1092 3913 1147 triti;

2262 1181 2470 1253 ἄπειρα,
2503 1179 2610 1251 οὐχ
2643 1181 2707 1240 ὡς
2745 1177 2890 1241 ἐκτὸς
2942 1182 3065 1230 ὄντα
3126 1187 3226 1231 τῶν
3281 1179 3599 1250 συζυγιῶν,
3861 1177 3917 1228 5:;

2260 1275 2354 1329 τὴν
2394 1267 2540 1322 ἔνδον
2572 1268 2620 1321 ἐν
2673 1267 2883 1330 ἐκείνοις
2934 1268 3100 1320 αὐτῶν
3160 1266 3398 1321 ἐπίτασίν
3453 1288 3513 1321 τε
3597 1273 3702 1320 καὶ
3766 1270 3914 1323 «hac;

2260 1354 2318 1413 Ὀ
2371 1362 2459 1431 μὶν
2527 1355 2614 1410 οὖν
2680 1360 2925 1430 ἡμέτερος
2987 1355 3226 1409 ἐνταυθοί
3263 1357 3420 1428 λογος
3478 1362 3594 1415 τήν
3657 1365 3768 1408 τῶν

2262 1457 2354 1503 τοῦ
2392 1449 2603 1520 λογικοῦ
2674 1451 2806 1511 ζώου
2881 1454 3045 1522 μερῶν
3109 1451 3376 1499 κοινωνίαν
3441 1445 3785 1500 ἐσπούδασε
3843 1444 3914 1498 9‘s?-

2264 1539 2370 1608 ξαι,
2429 1542 2519 1590 καὶ
2565 1544 2718 1590 τοῦτο
2779 1539 2912 1589 κατὰ
2955 1539 3014 1588 τὸ
3071 1535 3320 1611 παρέλκον
3389 1535 3490 1588 κᾶν
3565 1545 3704 1598 ταῖς
3785 1556 3917 1587 zem—

2262 1634 2394 1690 νίαις
2423 1627 2790 1700 συμϐάλλεται.
2855 1625 2970 1679 Ἵνα
3023 1622 3083 1678 δὲ
3129 1630 3217 1678 καὶ
3268 1627 3396 1699 πρὸς
3460 1626 3487 1676 ὃ
3553 1631 3779 1700 πέφυκε
3831 1631 3913 1696 μετ)

2263 1719 2488 1775 ἑκάστην
2556 1715 2813 1786 συζυγίαν
2861 1720 3025 1767 ποιεῖν
3085 1714 3111 1766 ὂ
3164 1721 3303 1767 ποιεῖ
3379 1715 3597 1787 οἶτομον
3689 1712 3911 1784 ddisse.

507 1808 585 1856 σίν
621 1822 673 1854 τε
712 1807 802 1855 καὶ
840 1804 1013 1855 ἄνεσιν
1053 1802 1101 1854 ἐν
1140 1811 1213 1874 τῷ
1251 1806 1351 1856 τὼν
1391 1803 1519 1857 ἑπτά
1579 1807 1823 1857 ἵστανται
1889 1807 2012 1878 ὅρῳ,
2052 1813 2152 1857 τῶν
2187 1807 2231 1861 Β
2263 1808 2356 1861 οὐκ
2415 1806 2722 1877 ὀκνήσομεν,
2789 1801 2882 1855 κᾶν
3036 1806 3297 1876 φορτικὸν,
3346 1808 3441 1855 καὶ
3506 1808 3578 1855 τὸ
3827 1803 3917 1860 sui;

504 1912 537 1943 α
577 1889 612 1964 β
651 1912 683 1962 γ
725 1887 934 1950 δηλαδὴ
964 1912 985 1944 ε
1025 1893 1057 1952 ζ
1095 1913 1123 1950 η
1169 1894 1213 1948 θ.
1257 1885 1519 1947 Ἀλλοιδὲ
1547 1913 1603 1965 γε
1641 1898 1755 1946 ὅσοι
1808 1892 1922 1955 ταῖς
1975 1892 2029 1945 ἐκ
2068 1913 2154 1966 με·

503 1982 758 2032 ταθέσεων
809 1986 900 2033 καὶ
976 1979 1260 2054 ἐναλλαγῶν
1344 1991 1442 2035 τῶν
1524 1983 1789 2054 συξυγιῶν
1862 1988 2146 2055 γίγνονται·

505 2069 699 2124 ἀλλοῖοι
725 2067 783 2123 δὲ
836 2072 950 2124 ὅσοι
1007 2092 1102 2144 μιᾳ
1168 2071 1358 2145 ἑκάστῃ
1418 2072 1648 2146 συζυγίᾳ
1699 2071 1833 2136 ἐντός
1882 2080 1979 2124 τῶν
2021 2074 2150 2146 ὅρων

505 2159 668 2222 αὐτῆς
700 2162 966 2232 ἱστάμενοι
1002 2161 1115 2214 κατ’
1168 2159 1407 2215 ἐπίτασίν
1459 2161 1561 2216 εἰσι
1614 2167 1705 2214 καὶ
1757 2164 1950 2214 ἄνεσιν.
2000 2161 2154 2232 Ἔχει

507 2246 567 2302 δὲ
595 2249 789 2312 πλάτος
836 2250 961 2304 αὐτὸ
992 2255 1080 2303 καὶ
1141 2256 1437 2310 στενότητα.
1471 2251 1674 2306 Μᾶλλον
1720 2255 1821 2325 γὰρ
1868 2257 1959 2304 καὶ
2004 2254 2154 2310 ἧττον

507 2338 566 2390 οὐ
594 2335 851 2413 διακρίνει
879 2359 960 2400 τις
987 2341 1225 2412 θυμικὸν,
1275 2339 1382 2393 οὒτ’
1442 2340 1500 2392 οὗ
1549 2339 1946 2412 ἐπιθυμητικὸν,
2004 2348 2155 2394 τοῦτο

506 2427 701 2488 πλάτος
730 2425 909 2486 ἐπειδή
943 2428 1001 2480 οὐ
1027 2424 1330 2501 διώρισται,
1357 2429 1568 2501 οὖχαῖος
1625 2429 1706 2482 ὅτι
1758 2425 1818 2484 δὲ
1877 2434 1974 2482 πᾶν
2027 2429 2156 2482 πλά-

507 2535 594 2577 τος
646 2514 786 2569 ἐστὶν
838 2513 1164 2590 ἀδιόριστον,
1216 2516 1326 2570 ἀλλ’
1383 2519 1464 2570 ὅτι
1531 2514 1836 2590 ἀδιόριστον
1898 2521 2019 2572 ποτὲ
2067 2520 2157 2592 μὶν

508 2605 623 2676 ἔχει
651 2609 740 2658 καὶ
763 2604 974 2675 πλάτος,
1001 2608 1125 2659 ποτὶ
1185 2602 1245 2660 δὲ
1301 2612 1390 2661 καὶ
1452 2606 1644 2671 πλάτος
1711 2607 1872 2675 ἐστὶν,
1915 2612 2158 2668 στενότη-

510 2781 873 2852 gationibus,
903 2787 958 2840 et
985 2784 1046 2840 in
1073 2783 1397 2841 individuis
1423 2801 1558 2859 quas
1589 2801 1661 2842 ex
1689 2785 1802 2842 illis
1825 2789 2161 2860 temperan-

510 2874 623 2927 tur.
654 2874 855 2946 Neque
885 2873 1065 2943 igitur
1093 2873 1296 2946 plures
1327 2874 1653 2949 quisquam
1674 2877 1927 2948 reperiet
1953 2877 2162 2946 conju-

511 2959 805 3030 gationes,
831 2962 944 3018 nisi
970 2962 1234 3035 captiose
1260 2968 1434 3033 agat:
1469 2979 1663 3038 neque
1693 2981 1898 3021 rursus
1913 2965 2160 3038 paucio-

509 3063 605 3104 res
633 3050 748 3106 nisi
778 3046 988 3108 manca
1014 3057 1071 3108 et
1097 3053 1437 3127 imperfecta
1467 3055 1802 3126 cognitione
1831 3054 2118 3127 praeditus
2144 3069 2160 3109 :

509 3152 648 3195 cum
679 3139 854 3197 nobis
878 3157 1091 3198 omnes
1129 3143 1245 3200 sint
1276 3158 1529 3200 numero
1551 3143 2022 3216 comprehensae,
2051 3158 2162 3198 nec

508 3230 755 3286 ulterius
786 3233 1066 3302 progredi
1085 3231 1287 3289 liceat:
1308 3248 1518 3306 nempe
1539 3249 1575 3289 a
1597 3233 1630 3288 b
1653 3251 1684 3290 c
1713 3250 1744 3291 e
1768 3236 1808 3304 Γ
1822 3251 1860 3305 g
1887 3235 1926 3290 Ιι
1948 3237 2164 3306 tempe-

508 3324 644 3375 rant
674 3319 1008 3391 simplicem
1040 3321 1370 3390 hominem,
1412 3323 1909 3396 quandoquidem
1936 3321 2164 3394 simpli-

511 3423 643 3462 cem
674 3408 1162 3481 conjugationem
1193 3413 1578 3468 constituunt.
1597 3411 1937 3485 Simplicem
1961 3415 2164 3466 autem

511 3495 821 3552 hominem
843 3502 900 3553 et
924 3498 1257 3570 simplicem
1287 3501 1419 3571 conj
1433 3501 1776 3572 ugationem
1808 3517 1917 3574 pro
1948 3498 2163 3556 eodem

512 3597 762 3655 usurpo,
806 3601 1025 3658 nempe
1068 3603 1178 3660 pro
1208 3589 1464 3662 perfecte
1513 3595 1840 3663 temperato
1896 3589 2161 3655 homine,

513 3687 620 3728 seu
650 3673 904 3745 perfecte
934 3678 1721 3749 temperataconjugatione.
1743 3679 2009 3736 Aliarum
2021 3692 2164 3734 vero

513 3762 1003 3833 conjugationum
1025 3781 1407 3840 unaquaeque
1439 3784 1604 3824 suam
1632 3767 1815 3825 habet
1839 3767 2167 3841 proprieta-

513 3853 652 3908 tem.
686 3854 906 3909 Omnes
937 3855 2068 3927 igiturhominessuntnonagintaduo:
2111 3859 2169 3911 et

516 3942 773 4014 simplex
803 3959 1023 4017 nempe
1069 3945 1365 4018 perfectus
1417 3963 1431 4002 :
1491 3946 1753 4018 itemque
1804 3945 1887 4001 illi
1942 3961 2046 4018 qui
2094 3960 2167 4001 ex

515 4036 744 4103 septem
775 4031 1028 4104 simplici
1057 4034 1466 4105 conjugationi
1493 4033 1994 4107 respondentibus
2023 4037 2168 4088 tem-

2261 1903 2361 1949 τῶν
2409 1898 2670 1965 συζυγιῶν
2726 1896 2756 1950 ἧ
2807 1897 2899 1944 καὶ
2947 1890 3108 1952 ἄλλως
3162 1899 3261 1943 τῶν
3327 1893 3660 1960 ἐπιστήμην
3741 1891 3917 1944 ἐπιτευ-

2259 1989 2420 2058 μένων
2470 1981 2816 2054 φυσιολογεῖν,
2887 1980 2992 2052 οὐχ
3044 1984 3114 2043 ὡς
3166 1983 3329 2054 ἡμεῖς,
3407 1980 3530 2032 ἀλλ’
3615 1984 3696 2043 ὡς

3444 2072 3740 2142 Συξυγίας
3791 2068 3845 2122 δὲ
3884 2088 3917 2138 3:

3482 2161 3619 2214 οὔτε
3701 2160 3913 2227 habet

2262 2250 2637 2322 ἐνηλλάγησαν,
2701 2250 2782 2302 ὃτι
2841 2247 2957 2301 οὒτε
3002 2252 3104 2322 μὴν
3167 2251 3466 2322 μεταθέσει,
3532 2251 3629 2301 ὅτι
3691 2251 3917 2323 μετεξει-

2266 2360 2361 2393 σαν
2411 2340 2624 2414 ἄριστα·
2681 2337 2789 2390 ἀλλ’
2837 2339 2989 2410 ἡμεῖς
3041 2342 3144 2411 μὴν
3195 2334 3560 2411 ἐνδεχομένως
3637 2346 3771 2411 μιᾶς
3839 2338 3913 2389 i1:-

2266 2448 2395 2492 στης
2461 2429 2653 2500 ἄτομον
2731 2425 3090 2499 ἐπεξέλθωμεν,
3182 2427 3634 2499 φυσιολογοῦντες
3741 2424 3914 2497 ένδεχθυ

2264 2523 2428 2592 μένως
2457 2522 2575 2593 περὶ
2602 2516 2786 2584 αὐτοῦ,
2821 2521 2910 2569 καὶ
2959 2513 3064 2569 οἷον
3121 2512 3584 2591 προοδευσώμεθα
3656 2525 3764 2570 τῶν

2264 2608 2488 2682 λόμένων
2515 2607 2856 2680 εἰσέρχεσθαι
2885 2605 2936 2658 ἐν
2968 2605 3129 2678 αὐτῷ,
3178 2605 3272 2658 κᾶν
3330 2601 3712 2679 ἐνδεχομένως
3761 2603 3818 2660 δέ
3861 2624 3911 2675 γε.

3771 2001 3828 2014 ab-
3861 2003 3868 2007 ε
3883 1999 3917 2014 1:

3772 2002 3917 2032 go:$an—

2258 2079 2348 2127 καὶ
2403 2073 2636 2145 μάλιστα
2682 2074 2983 2145 κρειττόνως
3041 2073 3090 2123 οἱ
3142 2070 3360 2132 πλείους.

2260 2161 2437 2217 οὔποτ’
2495 2161 2554 2213 ἂν
2612 2161 2782 2234 ἐτέρας
2840 2163 3035 2213 τούτων
3087 2180 3168 2222 τις
3250 2161 3396 2234 εὕρῃ,

2192 2788 2232 2844 C
2270 2787 2608 2843 coarctatur
2646 2783 2844 2854 etiam,
2878 2783 3026 2856 quia
3071 2798 3109 2841 a
3162 2782 3443 2839 secundm
3491 2782 3912 2856 coniugationis

2270 2877 2691 2948 comparatum
2740 2888 2878 2929 cum
2929 2871 3046 2930 alio
3130 2887 3168 2929 a
3218 2872 3500 2943 ejusdem
3565 2873 3908 2945 conjugatia.

2269 2964 2363 3020 nis
2393 2969 2520 3020 tum
2548 2961 2963 3018 remissionem
2995 2966 3122 3018 tum
3154 2961 3333 3017 etiam
3365 2961 3790 3020 intensionem
3816 2976 3909 3015 sns-

2271 3053 2432 3126 cipit.
2464 3055 2662 3125 Neque
2685 3066 2828 3107 vero
2871 3054 3089 3108 natura
3133 3052 3216 3108 ita
3267 3057 3714 3124 comparatum
3775 3057 3904 3110 esset.

2271 3143 2385 3199 nisi
2405 3143 2610 3198 omnia
2632 3140 2942 3197 individua
2970 3156 3006 3197 a
3037 3139 3308 3212 ejusdem
3348 3141 3813 3213 conjugationis
3845 3154 3906 3195 se-

2272 3231 2484 3288 cundae
2506 3235 2703 3286 essent
2724 3229 3064 3286 necessario
3089 3234 3331 3302 propter
3357 3229 3655 3288 videlicet
3670 3232 3906 3287 intensio-

2271 3336 2412 3377 nem
2443 3325 2498 3376 et
2526 3319 2965 3376 remissionem.
2996 3321 3201 3375 Utrum
3225 3319 3406 3389 igitur
3432 3318 3503 3374 in
3534 3320 3638 3376 his
3660 3322 3905 3391 oonjuga~

2274 3409 2534 3465 tionibus
2555 3423 2734 3464 omne
2753 3406 3088 3463 individum
3111 3407 3436 3463 includitur
3467 3413 3528 3465 et
3551 3409 3906 3483 comprehen-

2272 3499 2431 3555 ditur
2451 3499 2478 3552 *ἶ
2509 3501 2566 3554 et
2586 3513 2796 3554 omnes
2813 3501 2951 3552 sunt
2969 3497 3317 3569 monaginta
3347 3497 3476 3553 duo
3509 3514 3664 3555 cum
3689 3499 3904 3571 simplice

2272 3592 2330 3642 et
2347 3587 2460 3642 illis
2493 3590 2724 3659 septem
2750 3585 2855 3658 qui
2885 3585 3016 3657 pari
3047 3585 3100 3640 vi
3134 3585 3385 3658 parique
3407 3585 3710 3643 facultate
3732 3587 3902 3656 conju-

2273 3674 2498 3745 gationi
2521 3673 2772 3747 simplici
2801 3673 3197 3746 respondent;
3219 3681 3422 3729 utrum
3446 3675 3644 3731 etiam
3669 3675 3903 3732 intensi}

2273 3780 2414 3821 nem
2454 3768 2510 3820 et
2564 3762 2982 3819 remissionem
3035 3763 3354 3835 qualitates
3393 3763 3455 3818 in
3517 3764 3656 3819 suis
3696 3776 3900 3837 quisque

2274 3852 2800 3924 conjugationibus
2830 3849 3213 3924 suscipiunt?
3259 3851 3757 3926 uniuscujusque
3801 3865 3904 3907 rem

2275 3940 2715 4012 conjugationis
2746 3939 3058 3996 individua
3095 3943 3236 3996 sunt
3264 3939 3504 3996 inﬁnita
3548 3958 3563 3995 :
3624 3956 3750 3998 non
3780 3939 3904 4013 quod

2276 4032 2393 4087 sint
2420 4035 2587 4086 extra
2615 4030 2776 4102 ipsas
2807 4029 3280 4099 conjugationes,
3309 4029 3415 4084 sed
3449 4037 3712 4102 propter
3752 4031 3903 4085 inten-

516 4125 820 4192 perantur.
854 4123 1035 4178 Porro
1062 4137 1273 4178 omnes
1303 4128 1483 4195 atque
1509 4123 1661 4180 adeo
1715 4122 1972 4194 simplex
2027 4126 2167 4179 sunt
2198 4135 2243 4189 1)
2277 4121 2508 4175 sionem
2538 4123 2596 4174 et
2623 4117 3039 4173 remissionem
3056 4133 3314 4190 quarum
3334 4122 3597 4190 utraque
3617 4119 3776 4176 intra
3803 4133 3904 4174 con-

514 4208 746 4275 inﬁniti,
807 4225 929 4265 non
989 4211 1326 4266 secundum
1382 4212 1545 4267 aliud
1592 4216 1770 4283 atque
1823 4211 2007 4280 aliud,
2063 4211 2170 4266 sed

521 4303 819 4369 quatenus
845 4299 995 4353 alius
1026 4299 1334 4372 quispiam
1361 4305 1641 4373 estatque
1658 4301 1961 4356 dissimilis
1985 4317 1997 4354 :
2023 4315 2169 4356 nam

518 4385 683 4441 aliud
707 4387 1026 4444 essentiam
1057 4389 1368 4458 significat,
1413 4395 1469 4446 et
1511 4390 1670 4445 aliud
1731 4389 2109 4445 individuum
2152 4407 2166 4446 :

518 4475 807 4531 dissimile
833 4492 966 4532 vero
989 4477 1384 4534 intensionem
1417 4483 1472 4535 et
1504 4479 1935 4537 remissionem.
1955 4481 2168 4535 Omnes

519 4564 696 4635 igitur
722 4565 1041 4622 aliusmodi
1071 4570 1475 4640 purgationes,
1527 4584 1904 4642 quaecunque
1953 4584 2169 4624 secun-

520 4652 658 4708 dum
676 4655 1073 4712 intensionem
1093 4661 1151 4713 et
1166 4657 1575 4714 remissionem
1589 4659 2171 4730 sunttemperatmjn

522 4744 777 4799 termino
798 4749 1026 4818 septem
1049 4746 1404 4802 consistunt:
1427 4762 1644 4818 nempe
1667 4762 1702 4803 a
1721 4747 1752 4801 b
1772 4748 1933 4817 cefg
1953 4747 2012 4804 h.
2029 4746 2168 4803 Aliae

519 4832 765 4904 quidem
825 4838 965 4889 sunt
1013 4838 1309 4908 quotquot
1356 4851 1429 4890 ex
1485 4835 2052 4907 transpositionibus
2116 4839 2174 4891 et

520 4923 1053 4993 permutationibus
1068 4925 1199 4995 conj
1211 4924 1554 4994 ugationum
1569 4928 1861 4981 constant.
1887 4929 1954 4980 At
1986 4924 2170 4980 dissi-

520 5010 692 5067 miles
726 5016 866 5068 sunt
893 5017 1189 5085 quotquot
1227 5013 1287 5069 in
1331 5028 1696 5085 unaquaque
1747 5014 2170 5084 conjugatione

520 5099 676 5157 intra
705 5100 891 5172 ipsius
924 5102 1203 5158 terminos
1244 5101 1570 5158 consistunt
1600 5102 1946 5175 habentque
1978 5103 2170 5159 latitu-

520 5189 723 5245 dinem
745 5193 801 5245 et
817 5191 1300 5247 coarctationcm.
1318 5194 1501 5247 Nemo
1516 5192 1678 5247 enim
1693 5192 2005 5263 distinguit
2022 5191 2173 5248 inter

519 5279 879 5336 iracundum
911 5284 967 5335 et
997 5280 1284 5353 cupidum
1320 5281 1652 5337 secundum
1674 5281 1820 5336 illud
1871 5281 2036 5353 quod
2087 5285 2175 5338 est

522 5369 714 5438 magis
747 5373 803 5426 et
832 5369 1032 5426 minus
1066 5387 1077 5426 :
1111 5371 1749 5444 quandoquidemhaac
1774 5371 2025 5427 latitudo
2051 5387 2174 5427 non

523 5458 864 5515 estdefinita
876 5465 932 5517 et
945 5465 1121 5517 certa.
1143 5465 1267 5518 Non
1285 5462 1450 5534 quod
1463 5462 1651 5519 omnis
1665 5461 1915 5518 latitudo
1929 5461 2175 5518 sitinde-

525 5547 711 5614 ﬁnita,
739 5548 842 5603 sed
855 5549 999 5621 quia
1016 5549 1165 5606 illud
1178 5551 1341 5623 quod
1360 5556 1451 5608 est
1474 5551 1845 5608 indeﬁnitum
1872 5550 2174 5607 interdum

529 5637 699 5693 etiam
731 5636 1100 5694 latitudinem
1114 5639 1603 5698 habetinterdum
1624 5657 1762 5699 vero
1791 5645 1878 5698 est
1897 5640 2174 5711 latitudo,

2273 4209 2617 4281 jugationes
2646 4207 2916 4278 ipsorum
2965 4207 3236 4262 consistit
3288 4207 3316 4260 Ἰ
3347 4206 3470 4262 Hoc
3503 4206 3694 4276 igitur
3741 4219 3905 4264 nostra

2279 4313 2556 4354 sermone
2587 4299 2816 4367 septem
2842 4295 3102 4366 partium
3134 4295 3408 4352 animalis
3437 4297 3680 4352 ratione
3714 4296 3904 4370 prada:

2280 4387 2769 4444 communionem
2792 4385 2989 4440 conati
3012 4401 3221 4440 sumus
3244 4384 3588 4448 ostendere,
3615 4387 3792 4458 cujus

2279 4475 2418 4532 dem
2431 4474 2713 4531 doctrinae
2733 4490 2910 4528 usum
2927 4473 2989 4529 in
3005 4473 3539 4530 communionibus
3551 4489 3758 4532 rerum
3778 4483 3906 4530 nats-

2280 4564 2485 4621 ralium
2499 4563 2734 4633 longius
2752 4561 3051 4634 latiusque
3064 4563 3340 4618 diffusum
3359 4563 3584 4618 habere
3606 4580 3890 4636 possumus

2280 4657 2458 4709 Porro
2488 4650 2636 4707 illud
2665 4667 2701 4707 a
2726 4651 2891 4723 quod
2931 4667 3313 4724 unaquaeque
3343 4651 3699 4722 conjugatio
3730 4653 3902 4709 indivi—

2280 4742 2470 4798 duum
2499 4739 2667 4813 quod
2695 4739 2835 4795 facit
2881 4739 3075 4796 facere
3105 4740 3272 4808 solet,
3308 4739 3626 4797 ostendere
3655 4759 3775 4798 non
3809 4757 3902 4811 gra.

2279 4831 2581 4898 vabimur,
2606 4829 2840 4885 etiamsi
2869 4829 3140 4885 tractatio
3161 4830 3289 4885 haec
3336 4830 3557 4899 negotii
3583 4837 3644 4886 et
3662 4831 3898 4887 molestis

2281 4920 2460 4993 plena
2489 4920 2581 4975 sit.
2634 4924 2713 4974 Ac
2739 4918 2941 4992 plures
2973 4919 3222 4992 quidem
3262 4919 3362 4975 alii
3413 4919 3472 4974 in
3527 4919 3648 4975 hac
3703 4921 3902 4977 sciens;-

2283 5009 2582 5067 exercitati
2615 5009 2952 5081 potuissent
2970 5007 3185 5065 melius
3206 5025 3332 5065 non
3358 5025 3428 5066 eo
3451 5010 3643 5066 modo
3666 5027 3784 5084 quo
3807 5026 3900 5065 nos,

2281 5101 2398 5165 sed
2425 5115 2548 5173 quo
2578 5103 2754 5172 pacto
2777 5099 3039 5155 maxime
3068 5100 3332 5172 oportuit
3357 5099 3513 5155 intra
3542 5100 3711 5172 ipsas
3740 5102 3902 5168 conj:-

2281 5189 2574 5261 gationes,
2602 5192 2706 5244 aut
2735 5187 2904 5244 aliter
2927 5189 3058 5244 haec
3079 5189 3283 5244 omnia
3308 5188 3607 5261 explicare
3636 5195 3697 5246 et
3723 5195 3898 5263 pertra-

2283 5286 2461 5338 ctare.
2488 5282 2558 5335 At
2575 5280 2707 5350 conj
2720 5279 3031 5349 ugationes
3049 5279 3196 5336 alias
3211 5285 3421 5352 praeter
3438 5279 3571 5335 illas
3590 5295 3768 5338 nemo
3783 5289 3896 5354 pots-

2282 5371 2358 5427 rit
2393 5371 2673 5442 reperire,
2701 5384 3068 5442 quocunque
3113 5368 3298 5425 modo
3335 5369 3614 5424 immutet
3643 5376 3703 5425 et
3755 5377 3896 5426 trans-

2283 5463 2471 5533 ponat
2490 5475 2502 5514 :
2519 5457 2662 5531 quia
2679 5457 3107 5530 perfectissime
3124 5473 3291 5530 perm
3302 5463 3474 5513 utatai
3492 5463 3553 5514 et
3570 5461 3892 5530 transposui:

2285 5553 2442 5604 sunt.
2465 5550 2682 5604 Verum
2703 5563 2815 5603 nos
2837 5550 3142 5620 utcunque
3163 5548 3646 5620 uniuscujusque
3667 5549 3894 5619 conjuga-

2287 5640 2470 5697 tionis
2518 5636 2898 5694 individuum
2949 5637 3339 5710 explicemus,
3390 5641 3451 5694 et
3498 5636 3662 5695 hanc
3703 5649 3888 5712 quoqae
