3932 6326
20 350 128 404 313

868 338 1223 401 THEODORI
1278 340 1331 398 II
1367 340 1513 399 IMP.
1547 341 1642 398 DE
1679 335 2144 399 COMMUNIONE
2183 334 2552 394 NATURALI.

3284 293 3422 394 i314»

19 491 70 524 τε
133 468 196 524 δὲ
250 475 342 524 καὶ
401 473 726 546 κρειττόνως,
791 473 862 542 μὴ
944 469 1252 542 μεμφθῶμιν
1309 469 1455 541 παρὰ
1517 485 1654 528 τινος
1688 465 1736 520 Α
1763 485 1874 539 μεν,
1917 464 2032 518 ούτε
2060 466 2118 516 τὸ
2145 461 2424 535 ἀναγκαῖον
2458 483 2471 495 ο
2507 467 2558 514 οἰ
2585 456 2634 512 δ’
2668 459 2749 512 ὅτι
2800 459 2848 512 οἱ
2899 460 3033 532 μετὰ
3081 460 3291 519 τούτους
3332 459 3425 512 αύ-

19 562 345 624 ξετοίσαντες.
431 559 630 614 Οῐδασι
703 562 806 634 γὰρ
871 561 921 611 οἱ
978 555 1312 632 διερχόμενοι
1364 555 1657 630 ἐπιστήμην

19 659 93 710 ’ῶς
148 647 233 703 δεῖ
277 650 606 723 φυσιολογεῖν
657 654 748 702 καὶ
793 657 903 710 πῶς
960 647 1265 720 οἱκοινομεῖν
1303 665 1355 698 τε
1401 650 1490 698 καὶ
1541 644 1660 697 συλ-

21 742 342 812 ογίζεσθαι·
399 739 483 794 διὸ
516 748 650 794 πᾶσι
701 743 792 812 μὲν
822 759 911 792 και
957 741 1126 796 πάντη
1169 737 1259 789 καί
1311 740 1446 789 κατὰ
1492 738 1666 789 πάντα

23 838 63 899 ῷ
127 835 437 906 Σταγειρίτη
507 831 810 902 πειθόμεθα,
877 827 1215 902 φυσιολογικῇ
1271 823 1331 879 δὲ
1377 831 1467 879 καὶ
1515 826 1662 878 αὐτοὶ

19 917 336 992 πιϐοξλλομεν
397 915 571 991 φειδοῖ
649 926 742 972 τοῦ
813 915 1025 992 ἀνδρὸς,
1103 915 1426 988 ἀναιροῦντες
1467 919 1662 972 ταύτην

25 1029 86 1066 ην
125 1005 288 1072 δόξαν
316 1008 372 1061 ἐκ
418 1013 618 1070 ταύτης
666 1009 745 1079 (1)
797 1017 898 1060 τῶν
938 1007 1486 1080 χαρακτηρισματωυ.
1524 1002 1664 1058 Οὐδὲ

19 1099 112 1172 γὰρ,
170 1094 411 1170 ἀνδρεῖος
475 1099 500 1149 ὁ
549 1097 749 1170 μεγάλα
797 1099 933 1168 ἔχων
982 1098 1050 1148 τὰ
1089 1095 1410 1170 ἀκρωτήρια,
1471 1096 1664 1167 φάσκο-

19 1206 103 1253 ιεν,
161 1185 294 1238 ἀλλὰ
362 1189 447 1238 τόν
500 1186 665 1247 οὕτως
712 1188 1037 1259 ἡρμοσμένον
1097 1184 1126 1243 ἦ
1196 1184 1355 1245 οὕτως
1412 1191 1525 1244 ταῖς
1574 1203 1664 1236 συ-

19 1278 207 1345 ζυγίαις
249 1295 263 1308 ο
314 1272 416 1326 ἐκεῖ
469 1277 571 1348 γὰρ
627 1277 922 1347 σχημάτων
999 1269 1246 1347 διαφορὰ,
1337 1268 1518 1324 ἔνθαδὶ
1606 1267 1665 1323 δὲ

19 1371 186 1434 ευμῶν
241 1369 334 1416 καὶ
380 1363 567 1435 ψυχῆς
611 1373 776 1439 μερῶν
838 1360 1120 1434 ἰδιώματα,
1167 1366 1258 1414 καὶ
1289 1357 1384 1414 διὰ
1428 1368 1580 1413 τοῦτο
1605 1363 1664 1412 τό

19 1455 352 1525 ruam/opaca
420 1454 594 1505 ὁποῖόν
670 1453 785 1504 ἐστι
867 1451 1216 1510 καταληπτόν.
1261 1453 1347 1503 Διό
1396 1454 1514 1526 περὶ
1574 1452 1663 1522 μὲν

19 1550 92 1603 ’ῆς
139 1551 241 1594 τῶν
299 1543 567 1615 συζυγιῶν
637 1542 832 1606 τάξεως
889 1547 981 1594 καὶ
1036 1541 1280 1616 εὑρέσεως
1332 1544 1422 1592 καὶ
1479 1541 1663 1601 θέσεως

19 1637 92 1684 ιαὶ
161 1632 443 1704 ἔναλλαγῆς
515 1629 892 1694 ἀποδεικτικῶς
973 1632 1194 1692 εἰπόντες
1265 1630 1360 1683 οὐκ
1433 1628 1493 1681 ἂν
1546 1632 1663 1702 ἔρυο

19 1723 316 1795 ὶριάσαιμεν
365 1727 591 1788 πώποτε,
674 1724 849 1796 ὅτιπερ
924 1720 1198 1794 εἰρήκαμεν
1275 1722 1411 1772 κατὰ
1486 1720 1662 1791 φύσιν,

19 1811 411 1882 ρυσιολογήσειν
493 1808 552 1864 δὲ
633 1814 849 1872 ταύταις
913 1809 1030 1862 κατ’
1093 1810 1305 1882 ἄτομον,
1391 1811 1508 1860 οὔτε
1562 1811 1664 1880 μὴν

19 1899 373 1973 ὶνασταλῶμέν
419 1920 544 1954 ποτε
607 1901 716 1954 οὔθ’
785 1899 1154 1973 ύποσταλῶμιν
1239 1899 1378 1971 αύτῷ
1453 1903 1542 1951 καὶ
1580 1896 1665 1950 ἐπὶ

19 1993 225 2059 τούτοις,
283 1990 395 2043 οὗθ’
447 1992 547 2044 ύπό
599 1995 694 2053 της
743 1991 885 2042 κάτω
934 1991 1091 2064 φορὰν
1135 1987 1506 2061 ἁχθησόμιθα,
1559 1986 1664 2039 ἀλλ’

19 2074 362 2152 ἐνδεχομένως
405 2079 879 2152 φυσιολογήσαντις
934 2081 1002 2140 ὡς
1065 2078 1201 2140 εἰκὸς
1248 2082 1341 2136 τὴν
1398 2073 1666 2152 διάκρισιν

19 2175 111 2228 τοῖς
162 2176 345 2241 σοφοῖς
415 2167 764 2241 ἀναθήσομεν,
817 2175 924 2228 τοῖς
980 2164 1040 2220 δέ
1095 2187 1151 2240 γε
1198 2165 1308 2239 μεθ’
1372 2169 1507 2239 ἡμᾶς
1552 2164 1666 2220 ἁνε-

19 2264 186 2331 οευνᾴν
242 2258 578 2333 βουλομένοις
615 2261 682 2312 τὰ
711 2255 1028 2332 ἐνδεχόμενα
1072 2260 1190 2311 οὔτε
1234 2259 1386 2331 ἡμεῖς
1438 2257 1669 2310 κωλύσοο

19 2441 244 2506 partem
267 2436 559 2494 naturalis
584 2437 843 2494 scientiae
881 2436 999 2494 levi
1025 2435 1272 2495 brachio
1314 2435 1670 2506 attingamus

19 2529 73 2581 et
99 2527 274 2598 quasi
300 2542 638 2600 praecamus
666 2526 779 2582 illis
807 2525 911 2598 qui
931 2541 1094 2582 nunc
1135 2541 1421 2598 campum
1442 2523 1675 2596 ingredi

19 2615 314 2672 voluerint
334 2615 517 2688 idque
547 2615 848 2672 interdum
873 2615 1095 2672 leviore
1113 2614 1362 2671 brachio
1397 2619 1464 2671 ut
1521 2613 1672 2670 dixi-

24 2718 155 2759 mus
181 2705 484 2761 interdum
501 2704 679 2761 etiam
698 2703 1054 2769 accuratius,
1073 2719 1147 2760 ne
1169 2703 1317 2760 forte
1337 2703 1399 2759 in
1422 2702 1673 2775 alicujus

20 2792 540 2862 reprehensionem
557 2792 1165 2865 nostriperscrutendi
1188 2792 1452 2849 studium
1480 2793 1674 2848 incur-

21 2887 127 2937 rat.
142 2885 289 2939 Nam
303 2882 403 2955 qui
416 2881 863 2955 philosophiam
874 2880 1078 2939 litteris
1099 2886 1674 2955 persequuntur,no-

20 2976 286 3044 runtquo
297 2977 472 3044 pacto
485 2972 545 3027 in
563 2971 814 3028 scientia
840 2971 1097 3028 naturali
1114 2971 1337 3028 versari
1357 2975 1630 3043 oporteat
1657 2985 1670 3025 :

22 3076 139 3133 quo
201 3065 381 3133 pacto
427 3060 780 3117 distribuere
832 3065 891 3117 et
931 3059 1270 3132 colligendo
1319 3059 1674 3117 concludere

1763 560 1865 614 τοῖς
1933 558 2052 629 περὶ
2097 556 2155 605 τὸ
2242 551 2563 625 φυσιολογεῖν
2620 548 2994 623 ἁναντιρῥήτως
3051 548 3422 621 φιλοτιμὴσον-

1763 664 1870 710 ται,
1921 639 2006 696 διὸ
2051 643 2110 701 ἢν
2158 641 2341 695 ἐκεῖνοι
2400 644 2526 716 πρὸς
2572 643 2692 702 τοὺς
2741 638 2858 702 ἑξής
2905 643 3000 698 τὴν
3039 637 3087 690 ἐν
3135 645 3252 699 ταῖς
3295 659 3424 713 γρα-

1767 740 1886 806 φαῖς
1945 737 2261 804 συγγνώμην
2331 731 2615 798 ἐθελουσιν,
2668 727 2720 792 ἐξ
2776 728 2943 780 αὐτῶν
3005 729 3154 800 ἡμεῖς
3198 725 3424 791 ἐξαιτού-

1767 825 1916 896 μεθα.
1987 830 2152 876 Τοῦτο
2208 819 2266 874 δὲ
2320 821 2436 874 οὒτε
2493 817 2664 892 δειλίᾳ
2715 821 2780 879 ὡς
2831 823 3024 890 πέφυκε
3059 821 3314 890 γέγραφα,
3356 820 3425 880 ὡς

1766 918 1861 972 τὴν
1932 912 2047 964 κατ’
2099 911 2186 984 ἐμὲ
2225 913 2398 982 γενεὰν
2454 912 2543 981 ἐμὲ
2595 906 2784 962 εἰδέναι
2849 913 3011 982 μέχρι
3063 912 3152 960 καὶ
3188 915 3288 960 τῶν
3338 905 3427 982 ἆῤ-

1767 1003 1936 1076 ῥητων
1995 1000 2130 1062 ἐντὸς
2199 1008 2290 1061 τῆς
2343 999 2650 1073 φιλοσοφίας
2714 1002 3022 1070 γιγνώσκειν
3075 994 3422 1068 ἀφιλονείκως,

1769 1091 1884 1143 οὒτε
1959 1094 2017 1142 τό
2079 1091 2306 1162 κρυπτὸν
2381 1086 2525 1160 εἶχόν
2578 1107 2633 1140 τε
2701 1091 2790 1138 καὶ
2841 1081 3158 1159 κερδωτικόν
3201 1083 3285 1137 οἶα
3328 1086 3429 1137 ποε-

1773 1201 1974 1254 σχουσι
2012 1183 2060 1232 οἱ
2100 1179 2296 1251 πολλοὶ,
2357 1183 2444 1236 τὴν
2491 1173 2794 1235 συνείδησιν
2854 1175 3145 1236 ἀπατῶντες
3202 1178 3292 1228 καὶ
3347 1193 3427 1246 γε·

1768 1272 1953 1325 λαστοὶ
1993 1275 2248 1343 γινόμενοι
2286 1277 2358 1340 τῷ
2395 1268 2546 1340 γελᾷν
2599 1269 2675 1339 (2)
2722 1271 2809 1319 καὶ
2862 1265 2910 1318 ἐν
2971 1267 3173 1334 οἰκείοι,
3219 1264 3428 1339 ἆρκύοις

1771 1360 2174 1435 ἀγχονιζόμενοι
2225 1381 2237 1392 ·
2287 1357 2414 1410 ἀλλὰ
2467 1357 2741 1430 φιλόσοφος
2796 1356 2863 1408 ὢν
2923 1359 3105 1408 καὶτὸ
3162 1362 3427 1408 ταπεινοῦ-

1772 1453 1896 1505 σθαι
1952 1455 2220 1522 γινώσκων
2277 1447 2449 1514 καλόν,
2519 1449 2604 1499 καὶ
2663 1450 2723 1499 τό
2779 1451 2982 1520 μέτριον
3055 1445 3262 1520 ἀρετὴν,
3339 1448 3430 1496 καὶ

1769 1543 1836 1594 τὰ
1880 1543 2018 1614 μεσα
2073 1537 2382 1614 ἀκρότητας.
2434 1541 2523 1590 καὶ
2578 1539 2674 1597 τὰς
2725 1535 3015 1609 ἀκρότητας
3051 1533 3098 1586 ἓν
3152 1538 3425 1607 μεσότητι,

1769 1632 2013 1704 καὶπρὸς
2045 1631 2248 1690 τούτοις
2276 1631 2366 1679 καὶ
2396 1625 2478 1678 ἐπὶ
2533 1627 2733 1687 τούτοις
2788 1627 2866 1677 ὅτι
2919 1626 3120 1690 θνητὸς,
3173 1625 3254 1675 ὃτι
3299 1625 3431 1696 πρὸς

1773 1715 2058 1780 σνδούλους
2123 1717 2252 1791 βοῶ,
2329 1719 2409 1769 ὅτι
2479 1718 2608 1790 πρὸς
2681 1713 3034 1788 ἐπιστήμονας
3105 1710 3429 1786 διατίθεμαι,

1703 1808 1851 1875 Βὸτι
1928 1810 1995 1870 εἷς
2056 1813 2146 1862 καὶ
2204 1810 2356 1880 μόνος
2412 1806 2551 1858 ἐστὶν
2604 1806 2630 1857 ὁ
2691 1811 2884 1880 κυρίως
2936 1809 3025 1857 καὶ
3063 1807 3220 1865 ὅντως
3279 1806 3432 1875 σοφὸς

1772 1902 1930 1959 οὕτως
2012 1894 2077 1956 δὴ
2129 1897 2278 1969 λέγω,
2346 1902 2519 1948 πᾶσαν
2577 1892 2636 1948 δὲ

1772 1991 2075 2064 κρειττόνως
2168 1987 2476 2059 εὑρίσκουσι

2718 1899 2809 1953 τὴν
2866 1900 3076 1967 γνώμην
3117 1895 3264 1966 ἡμῶν
3322 1899 3434 1953 τοῖς

2580 2003 2678 2060 προ
2687 1983 2996 2057 σκολλῶμιν.
3093 1987 3197 2041 Τὴν
3271 1984 3432 2055 χάριν

1775 2074 1835 2131 δὲ
1880 2084 1971 2130 τοῦ
2046 2073 2252 2148 βιϐλίου
2325 2083 2416 2134 τῆς
2471 2072 2770 2146 ἐπιστήμης
2828 2069 2896 2131 δὴ
2964 2076 3162 2134 ταύτης
3214 2069 3434 2133 ἐξαυτῆς

1776 2171 1869 2219 σὺν
1914 2173 1975 2239 τῇ
2037 2169 2320 2237 συγγνώμη
2374 2164 2660 2236 αἰτούμεθα
2714 2182 2730 2197 ο
2787 2159 2926 2215 ἴδιον
2977 2163 3075 2234 γὰρ
3143 2159 3432 2232 φιλοτιμεῖ-

1778 2259 1902 2310 σθαι
1949 2262 2056 2316 τοῖς
2105 2257 2298 2321 ὁμοίοις
2351 2256 2399 2306 οἱ
2457 2255 2630 2326 ὅμοιοι
2661 2249 2953 2328 δωρήματα
3004 2252 3072 2304 τὰ
3107 2248 3428 2307 κατάλληλα.
3502 2253 3505 2255 ’

1779 2433 2164 2509 quisitionem
2190 2430 2558 2505 sapientibus
2570 2431 2998 2505 relinquemus.
3015 2428 3188 2496 Quod
3200 2425 3435 2502 quomi-

1778 2541 1895 2580 nus
1919 2523 2138 2581 faciant
2175 2538 2370 2594 neque
2406 2537 2443 2578 a
2478 2520 2678 2592 nobis,
2717 2536 2914 2594 neque
2985 2535 3022 2576 a
3051 2519 3174 2576 fato
3228 2517 3433 2590 aliquo

1779 2612 2200 2686 impediantur.
2241 2611 2533 2684 Equidem
2561 2610 2676 2667 hoc
2698 2615 2858 2667 certo
2899 2608 3041 2678 scio,
3064 2608 3190 2665 fore
3228 2622 3301 2663 ex
3330 2621 3437 2679 po-

1782 2703 1950 2759 steris
1976 2702 2210 2775 aliquos
2231 2701 2336 2774 qui
2355 2715 2479 2757 non
2491 2698 2937 2756 contradicendi
2954 2698 3150 2756 studio
3162 2696 3436 2754 eamdem

1780 2790 1843 2847 in
1872 2791 1988 2848 hac
2012 2789 2407 2863 philosophiae
2428 2793 2596 2862 parte
2627 2804 2898 2862 operam,
2944 2792 3190 2862 ponant.
3243 2788 3438 2852 Quare

1781 2896 1972 2954 quam
2008 2881 2090 2936 illi
2118 2880 2354 2936 veniam
2387 2879 2687 2952 aposteris
2722 2877 3113 2936 suislibenter
3131 2878 3435 2948 exspecta-

1780 2969 1934 3027 bunt
1979 2970 2137 3026 hanc
2190 2984 2303 3024 nos
2380 2968 2459 3024 ab
2504 2967 2651 3040 ipsis
2715 2967 2996 3040 petimus.
3054 2969 3254 3039 Neque
3294 2978 3437 3020 vero

1782 3059 2050 3130 ignaram
2078 3062 2135 3115 et
2173 3057 2649 3114 somniculosam
2670 3072 2918 3128 operam
2945 3056 3008 3112 in
3035 3055 3128 3111 his
3170 3051 3434 3110 conscri-

24 3164 263 3207 necesse
293 3151 388 3207 sit.
423 3149 647 3206 Idcirco
677 3149 738 3205 in
769 3149 1052 3206 omnibus
1085 3150 1332 3207 omnino
1387 3154 1443 3206 et
1469 3164 1676 3206 secun-
1707 3146 1747 3201 C
1781 3148 1996 3206 bendis
2034 3148 2373 3220 posuimus,
2419 3149 2477 3202 et
2505 3161 2711 3203 meum
2749 3146 2865 3202 hoc
2908 3142 3197 3202 saeculum
3235 3139 3438 3199 testari

27 3237 168 3294 dum
188 3239 394 3296 omnia
424 3239 713 3310 Stagiritae
751 3238 1263 3312 obtemperamus,
1287 3255 1400 3296 nos
1432 3255 1677 3312 quoque

30 3327 285 3385 scientiae
314 3328 604 3384 naturalis
638 3327 893 3384 studiosi
920 3329 1182 3386 rationes
1240 3328 1348 3385 viri
1397 3327 1552 3384 illius
1600 3327 1680 3386 ad

27 3419 194 3472 tenue
214 3421 272 3474 et
301 3417 380 3474 ad
410 3423 717 3474 concisum
756 3417 1028 3474 elimatas
1055 3417 1247 3474 fusius
1286 3417 1675 3490 explicemus,

29 3504 320 3564 elicientes
347 3506 505 3564 hanc
535 3507 881 3580 opinionem
911 3523 979 3563 ex
1009 3505 1104 3563 ille
1135 3523 1270 3580 quin
1301 3524 1408 3582 per
1437 3507 1680 3579 insigni—

29 3597 115 3649 tas
143 3596 409 3670 corporis
451 3601 625 3653 notas
652 3595 966 3666 colligitur.
1000 3600 1199 3670 Neque
1231 3597 1392 3654 enim
1422 3596 1679 3653 dicimus

31 3683 184 3741 hunc
212 3686 274 3742 in
297 3685 549 3742 modum
579 3704 592 3742 :
629 3686 813 3742 Fortis
835 3685 928 3742 ille
951 3689 1039 3742 est
1069 3685 1173 3760 qui
1205 3701 1461 3757 magnas
1500 3687 1683 3744 habet

33 3776 441 3842 extremitates;
467 3774 590 3831 sed.
619 3775 729 3840 Qui
749 3774 864 3831 hoc
889 3773 982 3831 vel
1008 3773 1109 3831 illo
1148 3775 1330 3831 modo
1349 3774 1683 3831 secundum

34 3863 478 3934 coniugationes
535 3867 902 3935 temperatus
943 3867 1050 3918 est.
1091 3865 1238 3919 Nam
1277 3878 1350 3918 ex
1386 3862 1682 3934 insignitis

34 3953 290 4024 corporis
328 3952 489 4009 notis
528 3952 963 4024 ﬁgurationum
988 3951 1310 4008 discrimen
1343 3951 1682 4009 considera-

33 4030 122 4094 tur
154 4056 167 4108 ;
195 4041 291 4098 hic
318 4048 519 4098 autem
547 4041 874 4098 humorum
913 4045 969 4097 et
1007 4042 1268 4113 partium
1299 4040 1518 4097 animae
1547 4056 1682 4114 pro-

30 4129 302 4198 prietates
323 4131 762 4204 expenduntur.
788 4131 914 4198 Quo
936 4129 1000 4187 fit
1024 4136 1085 4187 ut
1104 4129 1248 4187 illud
1272 4131 1436 4204 quod
1453 4131 1680 4188 ratione

35 4219 418 4288 concluditur,
463 4220 635 4278 tacite
697 4219 1074 4291 intelligatur.
1138 4222 1286 4276 Cum
1363 4219 1542 4290 igitur
1605 4219 1680 4276 de

37 4309 522 4381 conjugationum
537 4310 769 4378 ordine,
814 4310 1173 4381 inventione,
1206 4309 1595 4366 collocatione
1626 4312 1682 4366 et

36 4400 460 4466 permutatione
488 4403 764 4457 accurate
792 4399 1072 4471 diximus,
1099 4414 1416 4472 nunquam
1439 4398 1677 4454 erubes-

1784 3241 1977 3312 potest
2005 3252 2098 3293 res
2118 3235 2433 3309 pleresque
2456 3233 2721 3292 occultas
2763 3237 2820 3291 et
2885 3232 2965 3290 ab
3029 3232 3161 3304 ipsa
3221 3234 3439 3288 natura

1786 3327 2087 3384 involutas
2119 3325 2264 3382 mihi
2292 3327 2529 3398 apertas
2568 3328 2630 3381 et
2697 3323 3050 3381 manifestas
3110 3320 3388 3378 exsistere
3420 3337 3434 3378 :

1785 3432 1970 3490 quam
1996 3431 2140 3472 sane
2157 3414 2560 3486 cognitionem
2573 3413 2899 3470 insolenter
2909 3411 3440 3485 etintemperanter

1785 3523 1912 3579 prie
1939 3521 2034 3562 me
2059 3505 2211 3562 ferre
2250 3503 2458 3562 nolim.
2497 3507 2699 3577 Neque
2744 3503 2874 3559 haec
2930 3517 3154 3560 arcana
3201 3515 3440 3558 mecum

1786 3595 1975 3652 habui
1996 3599 2210 3661 astute,
2239 3593 2504 3651 utsolent
2518 3592 2798 3666 multiqui
2819 3591 3249 3649 conscientiam
3264 3605 3440 3647 suam

1787 3684 1898 3758 ipsi
1925 3683 2160 3754 fallunt,
2192 3683 2306 3756 ipsi
2346 3699 2408 3740 se
2447 3681 2693 3740 ridicule
2723 3682 2968 3739 insanos
3007 3683 3328 3749 ostentant,
3370 3694 3441 3736 ac

1790 3775 1912 3830 suis
1938 3774 2050 3847 ipsi
2075 3773 2300 3830 retibus
2325 3772 2671 3830 suffocatur.
2709 3773 2823 3829 Sed
2850 3788 2989 3829 cum
3029 3787 3140 3842 ego
3173 3770 3287 3826 sim
3309 3767 3442 3842 phi-

1787 3862 2099 3936 losophus,
2125 3862 2432 3934 sciamque
2455 3861 2812 3918 modestiam
2827 3877 2955 3917 esse
2979 3874 3117 3916 cum
3128 3859 3442 3916 honestate

1791 3953 2174 4025 conjunctam
2206 3957 2263 4008 et
2294 3951 2761 4008 moderationem
2797 3965 2926 4007 esse
2947 3948 3443 4006 virtutemzitem-

1789 4057 1907 4115 que
1929 4057 2062 4114 quae
2091 4041 2293 4097 media
2324 4041 2461 4112 sint,
2497 4053 2756 4113 quaeque
2778 4043 3043 4096 extrema
3071 4038 3132 4094 in
3159 4035 3444 4094 humanis

1789 4130 2172 4186 actionibus:
2231 4134 2514 4203 praeterea
2557 4143 2695 4185 cum
2755 4127 2933 4185 sciam
2985 4143 3082 4183 me
3128 4124 3445 4184 mortalem

1789 4235 1920 4276 esse
1933 4219 2199 4293 mihique
2211 4235 2383 4292 opem
2399 4233 2820 4276 conservorum
2836 4233 2968 4274 esse
2984 4215 3442 4290 implorandam:

1787 4325 1886 4366 me
1909 4325 2047 4365 cum
2079 4309 2450 4381 sapientibus
2491 4309 2737 4376 versari,
2777 4323 2969 4363 unum
3009 4306 3270 4378 denique
3310 4321 3444 4361 esse

1786 4398 2044 4472 perfecte
2056 4402 2260 4454 etvere
2277 4398 2609 4470 sapientem
2627 4413 2639 4452 :
2665 4395 2805 4453 Ideo
2827 4396 2889 4452 in
2909 4396 3067 4453 hanc
3090 4394 3448 4452 sententiam

36 4489 426 4563 cemus,quod
443 4489 862 4546 convenienter
881 4494 1111 4546 natura;
1142 4487 1449 4562 principiis
1478 4487 1680 4544 docui-
1711 4505 1755 4561 ῃ
1789 4502 2132 4544 sermonem
2161 4502 2366 4543 meum
2392 4485 2687 4544 concludo
2715 4504 2728 4542 :
2758 4489 2822 4542 ut
2848 4491 3062 4543 nostra
3092 4483 3450 4542 sententiam

36 4589 164 4632 mus
188 4579 261 4636 de
296 4579 804 4652 temperationum
843 4577 1392 4650 conjugationibus,
1432 4577 1580 4634 illud
1615 4578 1678 4634 in

37 4661 352 4724 individuis
382 4667 530 4740 ipsis
561 4667 878 4724 ostendere
911 4683 924 4722 :
956 4679 1153 4740 neque
1190 4667 1305 4723 hoc
1343 4666 1542 4740 ipsum
1573 4682 1678 4723 un-

37 4766 209 4824 quam
223 4773 544 4814 renuemus
557 4772 752 4830 neque
771 4755 1275 4827 subt‘erfugiemus
1295 4772 1306 4811 :
1321 4771 1516 4829 neque
1537 4771 1674 4813 vero

38 4839 110 4898 ab
136 4843 334 4904 inﬁma
392 4862 648 4920 quaeque
710 4845 1166 4916 descendemus,
1207 4844 1317 4900 sed
1350 4850 1672 4918 postquam

39 4936 355 5010 utcumque
377 4937 731 5010 perscrutati
753 4935 1068 5005 fuerimus,
1093 4934 1526 4993 accuratiorem
1546 4934 1673 4992 dis-

1787 4576 2199 4650 adjungamus
2226 4577 2530 4633 sententiae
2575 4573 2814 4633 illorum
2872 4575 2978 4649 qui
3005 4575 3256 4632 meliora
3282 4588 3452 4647 repe-

1784 4665 1955 4724 rient.
1999 4665 2265 4723 Gratiam
2301 4683 2444 4723 vero
2471 4669 2716 4740 propter
2757 4665 3096 4723 doctrinam
3128 4669 3185 4722 et
3220 4668 3452 4721 senten-

1785 4756 1930 4814 tiam
1948 4761 2197 4815 nostran
2213 4757 2328 4814 hoc
2344 4756 2498 4814 libro
2522 4756 3025 4829 comprehensam
3041 4753 3451 4828 deposcimus-

1782 4850 1887 4906 Est
1915 4847 2076 4903 enim
2107 4863 2351 4920 aequum
2372 4851 2437 4904 ut
2458 4843 2681 4902 similes
2705 4861 2743 4902 a
2772 4844 3069 4901 similibus
3091 4846 3303 4900 mutua
3332 4845 3450 4897 stu-

1782 4934 2034 4992 diorum
2063 4950 2319 4992 munera
2354 4934 2617 4992 studiose
2657 4937 3021 5006 exspectent.

44 5160 473 5259 Diagramma
502 5167 961 5262 adjiciendum
989 5168 1188 5238 tertio
1248 5167 1549 5262 sermoni
1576 5166 1914 5237 Theodori
1941 5168 2170 5262 Ducee,
2208 5167 2276 5235 in
2305 5189 2438 5258 quo
2496 5186 2861 5235 numerum
2887 5158 3452 5256 conjugationum

1209 5257 1293 5327 ob
1336 5259 1568 5327 oculos
1609 5281 1862 5349 ponere
1900 5257 2266 5326 voluimus.

313 5400 371 5455 Ἠ
399 5400 533 5462 ἀπλῆ
565 5405 651 5475 καὶ
677 5404 858 5475 πρώτη
903 5401 1150 5475 συζυγία.

532 5471 735 5546 αβγζ
848 5471 1079 5536 εξηθ

109 5537 636 5618 Ἡβτάξιςεμαηβ
675 5537 728 5618 'l-
781 5611 799 5618 _
839 5563 863 5618 ε
904 5547 932 5608 ξ
972 5564 1002 5618 η

2343 5391 2615 5544 ἓξὲξ·
2734 5396 2908 5532 $32

2343 5541 2623 5616 4αβγ.
2739 5542 2910 5605 εθξ

113 5610 468 5690 “mamma;
499 5610 662 5678 δόξὰυ
682 5610 742 5667 ἔκ
769 5611 944 5690 δόξας,
982 5615 1048 5672 id
1074 5618 1182 5687 est,
1206 5615 1547 5688 opinionem
1573 5629 1650 5681 ex

682 5610 742 5667 ἔκ
769 5611 944 5690 δόξας,
982 5615 1048 5672 id
1074 5618 1182 5687 est,
1206 5615 1547 5688 opinionem
1573 5629 1650 5681 ea;
1673 5614 1954 5690 opinione
1991 5616 2217 5674 elicere.

117 5683 190 5756 (2)
211 5683 373 5759 Lego"
391 5685 635 5761 γιλαστοὶ
658 5694 760 5741 τῶν
786 5683 1074 5763 γελαστῷν.
