3932 6326
23 326 162 380 131⁸1

892 323 1248 382 THEODORI
1299 327 1347 380 ιι
1390 327 1528 382 IMP.
1573 325 1664 382 ms
1709 319 2170 387 common
2222 314 2576 388 NATURALI

3281 323 3424 398 1318

21 499 3412 542 mw

304 799 1482 981 ΘΕΟΔΩΡΟΥ
1581 809 1996 982 ΤΟΥ
2113 812 3128 990 ΑΑΣΚΑΡΙ

229 1183 382 1230 ΤΟΥ
470 1182 650 1230 ΥΙΟΥ
737 1183 889 1229 ΤΟΥ
974 1170 1357 1231 ΜΕΓΑΛΟΥ
1447 1182 1824 1233 ΒΑΣΙΛΕΩΣ
1913 1187 2167 1235 ΚΥΡΟΥ
2259 1189 2620 1240 ΙΩΑΝΝΟΥ
2705 1193 2856 1242 ΤΟΥ
2941 1194 3272 1245 ΔΟΥΚΔ¹

741 1447 1054 1560 ΤΗΣ
1121 1447 1788 1565 ΦΥΣΙΚΗΣ
1856 1423 2723 1572 ΚΟΙΝΩΝΙΑΣ

1186 1769 1579 1860 ΛΟΓΟΣ
1663 1777 2257 1864 ΤΕΤΑΡΤΟΣο

696 2203 1712 2352 THEODOB]
1816 2211 2748 2356 LASCARIS

507 2561 699 2624 FILII
784 2563 1075 2630 SUMMI
1158 2565 1745 2634 IMPERATORIS
1829 2571 2152 2636 DOMIMI
2232 2575 2590 2641 JOANNIS
2677 2579 2933 2642 DUCIE

670 2833 860 2953 DE
956 2835 1049 2953 Ν
1070 2834 1706 2958 ATURALI
1805 2839 2674 2963 COMMUNION
2705 2842 2781 2961 E

1177 3183 1574 3278 SERMO
1669 3185 2262 3298 QUARTUS.

80 3658 147 3712 α’.
215 3665 571 3732 Τοσαυταχῶς
635 3669 722 3714 οῦν
771 3663 864 3724 τὰς
915 3665 963 3714 ἓν
1019 3661 1310 3738 ἀνθρώποις
1359 3672 1540 3737 χυρῶν
1609 3683 1664 3716 τε
1696 3667 1743 3718 Α
1770 3667 1828 3716 τὸ
1883 3667 2046 3718 ποσὸν
2099 3665 2369 3736 εὑρεθῆναι
2425 3660 2684 3718 ἀδύνατον
2735 3685 2750 3700 ο
2797 3673 2969 3718 ποσοῦ
3015 3668 3117 3740 γὰρ
3168 3666 3264 3719 οὐκ
3315 3665 3426 3720 ἐπί-

9 3754 96 3800 καὶ
165 3747 415 3819 ψυχικῶν
470 3758 638 3822 μερῶν
696 3755 963 3814 κοινωνίας
1028 3754 1257 3825 εὑρόντες
1308 3755 1658 3827 γεγράφαμεν,

9 3840 75 3900 ὡς
119 3833 251 3902 ἔδει,
309 3836 673 3912 ἐρευνήσαντες
713 3843 836 3914 πρίν
899 3861 911 3873 ·
951 3842 1010 3893 οὑ
1078 3841 1425 3916 περικλείομεν
1486 3838 1545 3894 δὲ
1597 3845 1664 3894 τὰ

9 3923 285 3997 ἰδιώματα
326 3936 427 3978 τῶν
492 3946 548 3979 τε
607 3931 743 3980 κατὰ
814 3927 963 4000 λόγον
1024 3929 1398 4002 ἐργαζομένων,
1457 3939 1553 3982 τῶν
1609 3950 1664 3984 τε

9 4018 146 4066 κατὰ
174 4015 355 4087 θυμὸν,
388 4024 487 4068 τῶν
539 4035 591 4069 τε
643 4017 757 4069 κατ’
811 4017 1113 4090 ἐπιθυμίαν,
1172 4024 1262 4071 καὶ
1308 4027 1408 4071 τῶν
1459 4022 1663 4091 ἓκάστῳ

9 4102 390 4175 ἀφωσιωμένων
435 4114 624 4177 χυμῶν
672 4105 720 4157 ἐν
766 4115 914 4177 ποσῷ
970 4127 982 4140 ⁸
1037 4115 1187 4159 τοῦτο
1243 4110 1341 4180 γὰρ
1404 4107 1498 4160 οὐκ
1549 4111 1664 4180 ἔχει

9 4212 87 4256 τις
126 4196 315 4264 χώραν
357 4193 541 4268 εὑρεῖν,
595 4193 726 4247 ἀλλὰ
779 4200 932 4267 μόνον
987 4199 1076 4248 τὸν
1138 4195 1377 4269 ἀριθμὸν,
1423 4203 1513 4250 καὶ
1571 4202 1664 4256 τὴν

9 4285 227 4354 σχέσιν,
251 4285 340 4333 καὶ
374 4287 468 4340 τὴν
525 4287 782 4341 ποιότητα
832 4281 1191 4358 ἀπεδείξαμεν.
1245 4291 1315 4338 Τὸ
1362 4295 1508 4359 ⁹γοῦν,
1566 4292 1662 4340 πο-

9 4390 104 4423 σαι
164 4375 255 4424 καὶ
304 4372 479 4424 ὁποῖαι
537 4375 590 4425 αἱ
645 4379 909 4426 κοινωνίαι
952 4384 1050 4427 τῶν
1109 4374 1428 4448 ἀμφοτέρων,
1476 4376 1664 4448 ψυχῆς

9 4456 227 4518 δηλαδὴ
267 4466 357 4513 καὶ
373 4470 584 4534 χυμῶν,
616 4458 858 4535 ἐδείχθη,
890 4468 1050 4516 πόσον
1087 4460 1146 4516 δὲ
1174 4468 1273 4536 μία
1289 4463 1486 4524 ἑκάστη
1547 4468 1662 4539 ἔχει

85 4643 102 4692 1
122 4681 135 4692 .
155 4639 860 4696 Totnumerohumorum
873 4639 936 4695 in
954 4639 1306 4697 hominibus
1328 4644 1385 4697 et
1403 4639 1668 4713 partium

9 4726 206 4783 animi
221 4727 495 4785 inventas
508 4743 544 4784 ει
553 4727 729 4785 nobis
743 4745 943 4785 comm
951 4729 1201 4785 uniones
1213 4729 1668 4800 etinvestigatas

9 4817 206 4889 prius,
233 4822 297 4872 ut
325 4819 606 4890 oportuit,
625 4818 1484 4892 tradidimus.Proprietatibus
1524 4836 1666 4877 vero

9 4907 325 4975 agentium
345 4912 471 4962 tum
517 4924 589 4964 ex
641 4910 891 4976 ratione,
954 4914 1082 4964 tum
1137 4925 1208 4964 ex
1265 4911 1554 4964 irascente
1609 4909 1668 4965 vi

1773 3772 1927 3815 τασις
1971 3757 2060 3805 καὶ
2089 3753 2288 3822 ἄνεσις,
2316 3751 2422 3804 ἀλλ’
2455 3751 2570 3804 ἴσον
2602 3759 2692 3806 καὶ
2721 3752 2902 3806 ἄνισον
2933 3775 2947 3788 ο
2991 3754 3050 3807 οὗ
3093 3755 3307 3827 σφάλλει
3367 3751 3428 3808 δε

1771 3851 1928 3894 τοῦτο
1953 3846 2046 3900 τὴν
2077 3839 2396 3912 ἐπιστήμην.
2427 3841 2576 3896 Ἐπεὶ
2600 3849 2723 3912 γοῦν
2765 3845 2821 3894 αἱ
2871 3842 2983 3894 κατ’
3044 3841 3264 3916 ἀριθμὸν
3321 3861 3428 3895 κοιο

1771 3935 1945 3983 νωνίαι
1967 3929 2068 3982 εἰσὶ
2099 3925 2450 4002 δεδειγμέναι,
2503 3931 2749 3990 ὡσαύτως
2805 3935 2893 3982 καὶ
2946 3936 3072 4002 μιᾶς
3115 3930 3340 3990 ἑκάστης
3392 3933 3423 3988 ἡ

1775 4016 1981 4080 ἰδιότης
2013 4039 2026 4050 ·
2069 4017 2113 4068 εἰ
2140 4020 2240 4092 γὰρ
2271 4021 2360 4069 καὶ
2388 4013 2480 4068 τοῦ
2509 4017 2716 4089 λογικοῦ
2762 4017 2970 4089 λογικὸς
3020 4020 3286 4094 ὑπερέχει,
3338 4022 3429 4070 καὶ

1773 4116 1865 4160 τοῦ
1894 4110 2116 4179 θυμικοῦ
2157 4108 2395 4178 θυμικὸς,
2453 4110 2536 4157 καὶ
2599 4114 2691 4158 τοῦ
2739 4105 3120 4179 ἐπιθυμητικοῦ
3177 4109 3429 4179 ἐπιθυμη-

1773 4217 1938 4266 τικος,
1974 4195 2106 4253 πλὴν
2139 4198 2228 4246 καὶ
2267 4195 2316 4246 οἰ
2367 4193 2648 4270 ἀμφότεροι
2686 4196 2716 4256 ἣ
2778 4198 3148 4268 ἓπιθυμητικοὶ
3213 4197 3243 4256 ἢ
3292 4195 3430 4268 λογι-

1773 4290 1910 4344 κοὶῆ
1946 4288 2156 4357 θυμικοί
2194 4283 2318 4352 εἰσι,
2349 4283 2444 4335 κᾶν
2502 4286 2574 4346 εἰς
2630 4288 2826 4338 τούτων
2879 4285 2979 4359 ἓχη
3024 4287 3154 4345 ὅσην
3206 4287 3267 4338 ἄν
3323 4287 3426 4358 ἔχῃ

1773 4381 1866 4435 τὴν
1898 4377 2032 4427 κατὰ
2070 4376 2128 4426 τὸ
2167 4392 2335 4426 κοινον
2395 4377 2542 4426 ποιὸν
2589 4373 2852 4444 ἐπίτασιν,
2901 4377 2928 4426 ὁ
2975 4379 3160 4448 κρίνων
3225 4372 3284 4427 δὲ
3338 4371 3432 4427 διὰ

1774 4473 1928 4518 τοῦτο
1950 4464 2008 4516 οὐ
2038 4462 2397 4536 παρασφάλλει
2437 4461 2572 4515 ὣστε
2625 4462 3008 4537 ἐπιθυμητικὸν
3059 4467 3147 4517 τὸν
3205 4466 3424 4537 θυμικον

1775 4639 2019 4696 deﬁnite
2048 4654 2228 4695 nemo
2258 4639 2516 4711 reperire
2537 4643 2751 4712 potest.
2775 4642 2926 4697 Nam
2942 4640 3293 4714 quantitatis
3307 4656 3433 4698 non

1776 4732 1868 4784 est
1895 4727 2150 4784 intensio
2181 4731 2238 4784 et
2260 4728 2555 4795 remissio,
2588 4729 2695 4785 sed
2719 4730 3028 4802 aequalitas
3048 4735 3106 4784 et
3121 4729 3434 4801 inaequali-

1776 4821 1887 4874 tas.
1921 4820 2106 4874 Nemo
2126 4833 2264 4873 vero
2295 4817 2411 4873 hoc
2440 4816 2624 4874 modo
2679 4818 3070 4874 considerans
3101 4833 3137 4872 a
3182 4817 3433 4873 scientia

1775 4905 2054 4963 aberrare
2085 4910 2296 4978 potest.
2325 4906 2617 4972 Quoniam
2643 4906 2820 4976 igitur
2845 4911 2994 4978 quot
3019 4905 3146 4960 sine
3176 4919 3431 4960 numero

9 5001 195 5067 atque
223 4995 528 5063 facultate,
555 5001 678 5053 tum
697 4996 956 5069 denique
975 5013 1046 5053 ex
1065 4997 1386 5069 cupiditate
1404 4999 1667 5069 itemque
1700 5012 1746 5067 Β
1775 4995 2234 5050 communiones
2259 4999 2568 5050 ostensum
2581 4998 2686 5064 est,
2707 4994 2918 5049 eodem
2942 4993 3126 5049 modo
3157 4993 3432 5048 uniuscu-

9 5082 480 5156 proprietatibus
505 5085 827 5140 humorum
861 5085 1183 5158 unicuique
1199 5085 1662 5157 assignatorum,

9 5178 238 5229 certam
270 5189 338 5230 ac
369 5173 678 5230 deﬁnitam
704 5174 1098 5246 quantitatem
1122 5190 1242 5230 non
1264 5174 1663 5232 attribuimus.

10 5267 131 5320 Hoc
173 5263 336 5318 enim
373 5263 619 5336 reperiri
643 5278 768 5318 non
793 5268 994 5335 potest
1023 5281 1035 5319 :
1093 5263 1199 5319 sed
1228 5263 1668 5320 domonstravi-

9 5369 146 5408 mus
159 5351 804 5423 duntaxatnumerum,
819 5350 1210 5420 habilitatem,
1227 5352 1666 5425 etqualitatem.

9 5432 170 5509 Quot
187 5445 327 5498 sunt
340 5441 520 5510 igitur
536 5439 996 5496 communiones
1015 5447 1430 5514 utrorumque,
1449 5457 1666 5515 nempe

9 5531 204 5588 animi
224 5535 281 5587 et
295 5530 644 5598 humorum,
666 5545 702 5586 a
717 5529 893 5586 nobis
912 5533 1226 5587 ostensum
1243 5536 1350 5588 est.
1370 5533 1667 5598 Quantam

10 5627 216 5677 autem
240 5619 637 5691 quantitatem
665 5633 1048 5692 unaquaeque
1064 5619 1409 5677 communio
1424 5619 1664 5688 habeat,

1772 5083 1994 5156 jusque
2024 5082 2468 5138 communionis
2488 5083 2822 5154 proprietas
2851 5081 3156 5138 declarata
3207 5084 3317 5138 est.
3374 5079 3432 5136 Si

1776 5173 1934 5228 enim
1951 5172 2205 5228 rationis
2235 5186 2486 5242 compos
2536 5170 2780 5226 rationis
2819 5169 3088 5242 compoti
3141 5168 3431 5226 excellere

1774 5261 2157 5333 potest,enim
2174 5257 2818 5329 iracundo,iracundus
2834 5265 2892 5316 et
2905 5257 3164 5331 cupidus
3184 5257 3426 5330 cupido,

1773 5351 1856 5407 ita
1883 5354 2085 5407 tamen
2113 5353 2177 5404 ut
2193 5347 2376 5404 ambo
2403 5347 2522 5402 sint
2543 5350 2646 5404 aut
2665 5347 2870 5420 cupidi
2889 5351 2992 5405 aut
3007 5347 3257 5405 rationis
3271 5361 3430 5404 com-

1775 5444 1968 5514 potes,
1997 5442 2102 5495 aut
2119 5436 2413 5494 iracundi.
2438 5437 2798 5509 thuamvis
2822 5453 2982 5495 unus
3003 5436 3222 5496 habeat
3242 5452 3432 5511 quan-

1773 5536 2139 5603 tamcunque
2175 5527 2398 5585 habere
2445 5532 2586 5600 post
2617 5529 2959 5586 communis
2986 5528 3289 5602 qualitatis
3337 5527 3432 5583 in-

1775 5619 2154 5687 tensionem;
2185 5606 2310 5675 non
2336 5620 2538 5674 tamen
2567 5615 2805 5676 falletur
2842 5618 2949 5693 qui
2988 5635 3062 5676 ex
3115 5617 3232 5676 illis
3297 5631 3435 5691 qua
