3932 6326
497 277 632 334 1319

2021 262 2380 322 ADDENDA.
3808 276 3902 332 133

493 401 717 465 οἴεσθαι,
781 397 1018 466 καθαρῶς
1075 390 1134 446 δί
1191 388 1449 467 διακρίνει
1504 393 1592 445 τὸν
1659 391 2033 465 ἐπιθυμητικὸν
2089 389 2144 442 ἐκ
2175 389 2226 443 Α
2256 397 2292 442 Γ
2322 393 2440 444 Δτό
2461 391 2640 464 μεῖζον
2671 394 3009 468 τετράγωνον,
3052 398 3083 457 ἡ
3128 395 3188 452 δὴ
3225 405 3266 454 Ε
3313 406 3353 453 Ζ
3400 406 3443 453 Η
3493 407 3541 452 Θ
3595 401 3664 451 τὸ
3724 398 3904 452 ἒὶεςπδ

490 497 582 543 τοῦ
647 490 868 560 θυμικοῦ
935 483 996 537 Εἰ
1061 479 1119 535 δὲ
1178 485 1267 535 καὶ
1331 485 1398 534 τὰ
1463 479 1578 541 εἴδη
1644 490 1745 533 τῶν
1809 483 2143 534 καθεκαστων

494 579 688 639 πλάτος
725 579 856 647 ἔχει,
901 575 1034 625 ὥστε
1070 571 1312 645 λέγεσθαι
1341 571 1388 624 ἓν
1442 571 1656 625 ἕκαστον
1710 567 1847 634 εἶδος
1904 574 2144 629 ποιότητι

491 672 586 726 τὴν
609 665 847 718 ἐπίτασιν
878 663 1010 714 κατὰ
1037 663 1095 714 τὸ
1138 660 1370 737 ἄπειρον,
1416 661 1510 713 οὐκ
1564 660 1691 720 ἄλλη
1749 659 1847 723 κάξ
1903 660 2062 713 αὐτοῦ
2109 659 2138 718 ἡ

497 754 702 818 ἰδιότης
734 757 1024 826 γενήσεται,
1059 749 1255 804 ἕσεῐται
1282 747 1341 804 δὲ
1389 747 1418 809 ἧ
1476 755 1630 822 omni,
1687 747 2143 822 ἀποδειχθήσεται

494 842 545 898 δ’
573 843 731 902 οὕτως
756 845 1045 911 καὶτοῦτο,
1065 841 1194 912 πρὸς
1223 842 1281 892 τὸ
1314 835 1484 902 δεὶξαι
1521 841 1688 911 τούτῳ
1740 846 1812 910 τῷ
1873 842 2140 910 σχήματι,

489 937 569 988 ὅτι
614 935 700 985 τὸν
752 933 968 1003 θυμικὸν
1019 932 1150 1004 πρὸς
1209 930 1426 1002 θυμικὸν
1473 929 1504 987 ἡ
1564 935 1660 991 τῆς
1707 932 1980 989 ποιότητος
2030 926 2143 980 ἐπί-

490 1043 642 1085 τασις
673 1022 768 1075 οὐκ
797 1019 946 1073 ἄλλον
989 1026 1080 1072 τοῦ
1133 1020 1355 1092 θυμικοῡ
1413 1014 1541 1071 εἶναι
1594 1025 1774 1071 τοῦτον
1831 1024 1995 1074 ποιεῖ.
2061 1022 2146 1070 Δεῖ

490 1122 614 1188 γοῦν
647 1107 925 1175 ἀποδεῖξαι
949 1111 1029 1163 ὅτι
1057 1109 1153 1162 οὐκ
1206 1109 1327 1162 ἄλλο
1379 1114 1468 1163 καὶ
1519 1107 1641 1162 ἄλλο
1684 1115 1852 1162 ταῦτα
1908 1104 2004 1162 διὰ
2050 1115 2143 1162 τοῦ

490 1209 658 1259 ποσοῦ
685 1209 758 1275 τῷ
785 1203 882 1274 ἴσῳ
913 1204 998 1255 καὶ
1028 1207 1099 1271 τῷ
1138 1197 1324 1272 ἀνίσῳ.

559 2657 734 2714 Ἔστω
764 2663 934 2714 τοίνυν
960 2661 1027 2714 τὰ
1071 2665 1163 2712 τοῦ
1233 2663 1511 2732 σχήματος
1559 2659 1857 2733 τετράγωνα
1924 2659 1953 2720 ἡ
2007 2661 2056 2716 Α
2098 2656 2143 2713 Β

490 2822 772 2890 diximus,
805 2823 1078 2896 judicare
1111 2820 1359 2879 valuerit
1390 2838 1402 2889 ;
1433 2821 1513 2879 ita
1555 2825 1620 2878 ut
1668 2821 1954 2896 cupidum
2003 2837 2143 2879 cum

489 2912 779 2972 iracundo
800 2911 1148 2981 confundat,
1178 2911 1284 2968 sed
1307 2911 1594 2984 cupidum
1615 2911 1692 2969 ab
1714 2911 2004 2969 iracundo
2031 2912 2145 2968 sin-

491 3019 621 3062 cere
649 3018 905 3077 vereque
926 3002 1273 3073 distinguat.
1307 3004 1374 3058 Et
1397 3001 1673 3074 quamvis
1697 3000 2140 3058 individuorum

2251 483 2566 556 τετράγωνον
2613 505 2625 516 ·
2684 485 2921 538 ἔστωσαν
2976 494 3100 558 γοῦν
3139 491 3168 548 ἡ
3221 497 3262 544 Α
3319 496 3356 543 Β
3411 497 3450 542 Γ
3492 495 3530 542 Δ
3599 509 3831 560 στιγμει

2252 570 2320 622 ὧν
2353 574 2479 646 πρὸς
2527 571 2767 647 ἑκατέρας
2817 579 2910 634 τὴν
2957 585 3004 631 Χ
3053 584 3090 632 Φ
3134 585 3180 633 Ψ
3234 587 3283 632 Ω.
3327 579 3566 632 ἐνοῦνται
3602 600 3618 612 ·
3665 581 3696 636 ἑ
3737 586 3776 631 Α
3816 577 3905 650 ειεξιτ

2254 669 2314 734 τῇ
2350 669 2386 714 Β
2427 667 2517 716 καὶ
2565 663 2691 723 αὐτὴ
2752 672 2815 739 τῇ
2872 672 2911 719 Γ
2965 671 3056 720 καὶ
3111 668 3241 728 αὐτὴ
3298 677 3360 742 τῇ
3418 676 3477 737 Δ,
3534 673 3639 721 καὶ
3704 669 3832 726 αὖτε
3885 685 3905 723 1

2253 751 2488 806 ἔστωσαν
2520 753 2547 812 ἡ
2581 761 2628 808 Ψ
2649 761 2687 809 Φ
2719 761 2756 809 Φ
2785 763 2833 808 Ω
2859 763 2907 809 Ω
2939 765 2986 811 Χ
3013 765 3062 812 Χ
3091 764 3137 813 Ψ
3164 763 3254 812 καὶ
3295 765 3601 818 ποιήσουσι
3669 763 3733 811 1'6
3787 761 3908 811 ἴοις-

2256 861 2344 896 σον
2366 847 2682 918 τετράγωνον
2713 851 2750 899 Ε
2779 853 2817 898 Ζ
2844 853 2886 899 Η
2913 856 2959 901 Θ
2985 869 2999 882 ·
3041 848 3275 902 ἔστωσαν
3325 858 3448 922 γοῦν
3515 855 3614 903 καὶ
3680 869 3754 901 τοι
3799 857 3842 902 Ν
3885 858 3907 902 P

2252 937 2366 986 ΛΠ
2398 940 2610 1007 σημεῖα,
2638 939 2775 1007 μέσα
2801 945 2898 989 τῶν
2925 944 2964 992 Ε
3008 945 3046 991 Ζ
3101 945 3143 992 Η
3201 946 3246 992 Θ
3305 944 3562 1012 σημείων,
3612 942 3695 1001 ὡς
3747 943 3832 990 καὶ
3866 944 3905 989 ti

2252 1029 2362 1080 ΨΦ
2392 1032 2508 1080 ΩΧ
2536 1033 2634 1077 τῶν
2665 1031 2764 1079 AB
2795 1032 2896 1080 ΓΔ
2943 1034 3170 1102 σημείων
3233 1049 3246 1063 ·
3305 1031 3370 1091 ὡς
3418 1037 3550 1101 γοῦν
3616 1031 3652 1087 ἡ
3711 1036 3758 1083 Δ
3813 1034 3904 1098 xei;

2252 1119 2345 1174 τὴν
2372 1116 2434 1187 Β,
2468 1116 2498 1175 ἡ
2533 1119 2720 1191 Επρός
2748 1121 2843 1176 τὴν
2868 1117 3040 1188 Ζ,’καὶ
3070 1121 3134 1182 ὡς
3164 1121 3194 1178 ἡ
3247 1127 3285 1172 Β
3335 1138 3468 1195 προς
3524 1124 3631 1178 τήν
3690 1125 3752 1184 Γ,
3811 1122 3837 1175 ἑ
3887 1127 3908 1170 Ξ

2252 1209 2379 1280 πρὸς
2409 1210 2502 1265 τὴν
2526 1213 2591 1272 Η,
2622 1211 2711 1259 καὶ
2738 1209 2807 1270 ὡς
2831 1208 2861 1267 ἡ
2897 1214 2953 1277 Γ,
2984 1212 3110 1283 πρὸς
3139 1213 3233 1269 τὴν
3277 1215 3332 1281 Δ,
3366 1212 3396 1269 ἡ
3428 1216 3472 1262 Η
3522 1212 3667 1282 πρὸς
3727 1215 3821 1268 τὴν

2251 1300 2341 1347 καὶ
2368 1297 2435 1357 ὡς
2465 1297 2493 1354 ἡ
2520 1302 2554 1348 Δ
2574 1300 2700 1369 πρὸς
2724 1301 2818 1356 τὴν
2852 1304 2913 1365 Α,
2943 1297 2972 1357 ὴ
3003 1302 3041 1352 Θ
3071 1302 3200 1373 πρὸς
3240 1302 3332 1358 τὴν
3387 1305 3446 1367 Ε,
3489 1304 3589 1351 καὶ
3649 1298 3815 1352 πῶυ
3867 1303 3912 1358 is;

2251 1389 2310 1438 1'6
2332 1385 2640 1458 ἕπιξευχθὲν
2672 1394 2718 1441 Ψ
2748 1393 2786 1441 Φ
2818 1394 2854 1440 Β
2881 1394 3126 1463 τρίγωνον
3170 1392 3300 1465 1196;
3327 1393 3383 1442 τὸ
3445 1395 3496 1442 Ν
3541 1396 3582 1441 Ζ
3647 1396 3691 1443 Ρ
3755 1395 3915 1464 τρίγω-

2250 1475 2538 1543 vendre»;
2563 1481 2652 1528 καὶ
2701 1480 2757 1529 τὸ
2804 1483 2850 1531 Ψ
2898 1483 2946 1530 Χ
2999 1485 3040 1532 Α
3107 1483 3353 1554 τρίγωνον
3413 1482 3553 1551 πρὸς
3575 1481 3639 1531 1'6
3705 1485 3754 1531 ΙΙ
3811 1486 3847 1532 Ε
3885 1486 3912 1530 3‘

2252 1571 2522 1640 τρίγωνον,
2554 1571 2643 1618 καὶ
2670 1567 2954 1627 ὡςτόΧΩ
2980 1574 3015 1620 Δ
3056 1572 3304 1640 τρίγωνον
3371 1570 3504 1642 πρὸς
3565 1571 3630 1621 τὸ
3699 1574 3749 1621 Α
3798 1575 3840 1621 Π
3885 1577 3912 1620 Et

2251 1660 2518 1729 τρίγωνον,
2549 1659 2711 1718 οὕτως
2732 1661 2821 1710 καὶ
2868 1659 2926 1708 1'6
2975 1665 3022 1709 Ω
3063 1663 3101 1711 Φ
3145 1659 3183 1710 Γ
3246 1662 3498 1732 τρίγωνον
3571 1661 3722 1730 πρὸς
3775 1662 3833 1709 τό
3885 1670 3912 1708 .·ι

2173 1745 2219 1800 Β
2253 1751 2287 1797 Ρ
2342 1750 2384 1798 ΙΙ
2441 1750 2709 1818 τρίγωνον.
2775 1745 3029 1821 ’Υπάρχει
3093 1754 3217 1819 γοῦν
3273 1749 3332 1799 1'6
3393 1753 3439 1801 Ψ
3486 1753 3530 1800 Φ
3586 1753 3624 1799 Β
3681 1752 3912 1821 τρίγωγά

2252 1835 2426 1906 ὅμοιον
2477 1842 2539 1907 τῇ
2592 1839 2834 1893 ποιότητι
2888 1844 2987 1888 τῶν
3041 1842 3087 1889 Ν
3137 1843 3172 1889 Ρ
3228 1842 3267 1888 Ζ
3320 1841 3590 1910 τριγώνῳ,
3663 1835 3805 1894 πλὴν
3887 1836 3910 1887 5'

2253 1921 2359 1976 ἀλλ’
2401 1923 2457 1976 οὐ
2488 1932 2560 1995 τῷ
2590 1923 2708 1997 ἱσῳ,
2741 1929 2826 1978 καὶ
2869 1924 3092 1988 καθεξῆς
3145 1929 3203 1978 τὸ
3261 1932 3306 1980 Ψ
3358 1933 3406 1979 x
3453 1934 3496 1980 Δ
3555 1930 3821 1999 τρίγωνον
3865 1935 3913 1995 τῇ

2253 2019 2295 2065 Π
2327 2019 2372 2065 Ν
2402 2019 2711 2087 Ετριγώνῳ,
2744 2016 2991 2077 ὡσαύτως
3023 2010 3082 2067 δὲ
3139 2019 3227 2068 καὶ
3280 2018 3337 2068 τὸ
3389 2022 3436 2068 Χ
3475 2022 3527 2066 Ω
3582 2023 3621 2066 Δ
3685 2021 3912 2089 τρίγλαις)

2251 2110 2323 2172 τῷ
2355 2109 2398 2157 Λ
2431 2110 2474 2156 Π
2507 2107 2830 2177 Θτριγώνῳ,
2878 2109 2968 2156 καὶ
2996 2107 3053 2158 1'6
3102 2111 3150 2156 Ω.
3193 2111 3230 2158 ψ
3265 2110 3303 2157 Γ
3345 2108 3613 2179 τρίγωνον
3663 2113 3746 2176 τῷ
3801 2113 3842 2158 Α
3893 2112 3912 2156 P

2253 2201 2297 2247 ll
2329 2199 2580 2267 τριγώνῳ,
2604 2198 2691 2246 καὶ
2718 2192 2870 2246 παλιν
2893 2193 2964 2255 εἰς
2992 2198 3052 2247 τὸ
3078 2192 3385 2267 ἐπιζευχθῇ
3443 2201 3490 2247 Ν
3561 2201 3602 2247 P
3651 2201 3706 2249 Λ
3759 2201 3801 2247 Π
3858 2213 3915 2245 τεο

2252 2285 2593 2359 τετράγωνον,
2642 2281 3004 2356 ἆγκείσθωσαν
3058 2284 3195 2336 κατὰ
3242 2287 3336 2343 τήν
3397 2284 3601 2336 τούτου
3653 2293 3756 2336 τοῦ
3807 2291 3846 2336 .V
3884 2283 3912 2338 Ρ

2255 2379 2365 2426 ΛΠ
2397 2376 2522 2448 πρὸς
2553 2377 2752 2426 τώΨΦ
2809 2380 2856 2426 Ω
2904 2380 2951 2426 Χ
2993 2373 3160 2444 τάξιν,
3214 2375 3279 2426 τὰ
3324 2378 3365 2426 Τ
3410 2379 3453 2427 Υ
3508 2380 3560 2427 Κ
3620 2382 3656 2428 Σ
3721 2374 3910 2445 nasi:

2253 2463 2651 2536 ἕπιζεύχθωσαν
2679 2459 2739 2517 δι
2764 2469 2854 2516 καὶ
2880 2471 3047 2517 ταῦτα
3091 2471 3163 2535 τῷ
3213 2469 3254 2517 Τ
3297 2471 3336 2518 Υ
3390 2470 3435 2518 Κ
3493 2471 3531 2516 Σ
3600 2469 3701 2518 καὶ
3743 2463 3910 2516 istim

2251 2558 2339 2606 ταὶ
2379 2561 2544 2607 ταῦτα
2585 2551 2676 2607 ἶσα
2717 2555 2784 2607 τὰ
2825 2558 3080 2630 τρίρωνα·
3116 2555 3180 2616 ὡς
3233 2560 3357 2627 ’γοῦν
3399 2557 3462 2608 τὸ
3520 2561 3571 2608 Π
3622 2561 3674 2609 Λ.
3736 2563 3781 2609 Θ
3828 2560 3912 2626 19-i-

2253 2734 2533 2808 aequales,
2561 2733 2722 2791 linea
2749 2733 2998 2808 quidem
3028 2737 3075 2790 A
3095 2732 3268 2791 lineae
3297 2735 3358 2803 Β,
3382 2737 3443 2791 et
3461 2733 3608 2792 haec
3636 2735 3812 2792 linem
3859 2738 3904 2791 C.

2253 2829 2310 2882 et
2337 2823 2467 2882 haec
2493 2821 2667 2881 lineae
2700 2827 2764 2894 D,
2794 2828 2851 2881 et
2881 2823 3210 2880 haedlineaa
3233 2828 3298 2880 Α.
3332 2824 3578 2882 Puncta
3617 2825 3797 2898 igitur
3817 2825 3855 2878 Υ
3879 2827 3904 2879 l'

2255 2917 2296 2970 Y
2324 2917 2358 2970 Ζ
2376 2919 2679 2987 ponantur
2697 2913 2898 2970 media
2921 2915 3074 2970 inter
3099 2919 3140 2969 Α
3163 2916 3200 2969 Β
3219 2917 3258 2972 C
3282 2917 3346 2984 D,
3375 2919 3434 2970 et
3465 2915 3902 2988 canjungantu:

2252 3002 2404 3060 inter
2443 3020 2506 3060 se
2541 3005 2583 3060 Y
2609 3005 2667 3058 X.
2706 3005 2746 3058 Χ
2777 3005 2835 3059 Ζ.
2867 3004 2911 3059 ν
2959 3004 3001 3059 Y
3041 3001 3294 3060 efficient
3324 3019 3445 3076 que
3497 3005 3720 3061 minus
3783 3021 3900 3078 qua-

490 3094 696 3151 formaa
717 3093 796 3166 (l)
817 3091 1195 3149 latitudinem
1217 3091 1483 3149 habeant
1507 3089 1658 3148 adeo
1685 3095 1752 3148 ut
1767 3105 2141 3164 unaquaeque
2174 3101 2215 3159 c
2253 3092 2617 3166 drangulum
2650 3095 2691 3149 E
2722 3095 2760 3150 F
2791 3095 2832 3150 G
2866 3094 2930 3148 H.
2961 3093 3124 3149 Sicut
3142 3093 3321 3164 igitur
3349 3095 3392 3150 N
3441 3095 3488 3151 0
3534 3095 3586 3149 Ρ
3627 3097 3678 3161 Q
3712 3101 3897 3168 puncta

488 3183 1108 3241 farmaintensionem
1139 3181 1199 3238 in
1228 3181 1528 3238 infinitum
1583 3179 1884 3255 suscipere
1928 3183 2138 3255 possit,

488 3277 692 3330 tamen
716 3286 839 3328 non
868 3270 1004 3328 ideo
1029 3271 1133 3328 ilia
1167 3271 1501 3344 proprietas
1522 3269 1752 3337 evadet,
1789 3269 1896 3327 sed
1928 3269 2142 3328 eadem

488 3360 774 3418 manebit.
793 3360 965 3426 Quod
984 3364 1185 3417 autem
1207 3359 1487 3429 dicimus,
1509 3359 1670 3416 hunc
1692 3359 1753 3416 in
1767 3359 2017 3417 modum
2039 3359 2142 3416 de-

489 3448 926 3507 monstrabitur
958 3465 970 3504 :
1006 3448 1286 3520 Subjecta
1314 3448 1508 3519 ﬁgura
1529 3448 1808 3505 volumus
1827 3449 2142 3506 ostendere

488 3537 839 3595 intensionis
856 3537 1205 3610 qualitatem
1227 3552 1349 3593 non
1366 3536 1598 3594 efﬁcere
1619 3543 1684 3594 ut
1707 3538 2033 3595 iracundus
2064 3537 2142 3596 ab

487 3625 781 3684 iracundo
812 3625 964 3683 alius
994 3625 1111 3682 dici
1133 3625 1369 3682 deﬁniri
1416 3626 1631 3698 possit.
1683 3627 1925 3699 Oportet
1962 3627 2143 3701 igitur

489 3716 905 3774 demonstrare
929 3731 1038 3789 per
1063 3715 1410 3789 quantitatis
1450 3716 1854 3790 aequalitatem
1889 3722 1947 3774 et
1997 3719 2140 3778 inte-

488 3805 836 3880 qualitatem
851 3804 977 3862 haec
992 3803 1155 3864 aliud
1178 3808 1357 3879 atque
1374 3803 1536 3862 aliud
1553 3819 1674 3863 non
1695 3805 1970 3864 evadere.

743 4001 1892 5076 γλ

558 5247 641 5303 Ex
677 5245 1113 5320 quadrangulis
1141 5247 1319 5320 igitur
1345 5246 1528 5320 hujus
1553 5245 1762 5318 ﬁgurae
1795 5248 1920 5304 esto
1947 5241 2144 5320 majus

491 5335 983 5410 quadrangulum
1005 5345 1050 5394 A
1080 5337 1124 5391 Β
1153 5339 1192 5392 C
1213 5338 1255 5393 ι)
1291 5354 1304 5406 ;
1336 5338 1377 5392 Ε
1403 5338 1443 5393 F
1472 5339 1515 5394 G
1539 5338 1584 5394 Η
1614 5336 1814 5393 minus
1840 5335 2145 5408 quadran-

488 5426 716 5499 gulum.
755 5428 879 5486 Sint
909 5428 1090 5499 igitur
1119 5429 1168 5482 Α
1191 5428 1236 5481 Β
1267 5428 1306 5483 C
1334 5426 1378 5482 D
1403 5430 1627 5500 puncta
1647 5442 1683 5484 a
1712 5426 1934 5500 quibus
1961 5425 2144 5483 triun-

485 5527 605 5586 que
632 5515 804 5572 lineae
836 5533 975 5575 cum
1013 5517 1064 5572 V
1101 5519 1144 5574 Χ
1188 5518 1232 5574 Υ
1271 5517 1313 5572 Ζ
1359 5515 1733 5590 copulentur.
1794 5517 1922 5574 Sint
1966 5515 2146 5588 igitur

2251 3181 2453 3240 media
2495 3182 2647 3238 inter
2701 3185 2928 3255 puncta
2984 3184 3026 3238 E
3079 3183 3118 3239 F
3162 3183 3204 3238 G
3245 3179 3314 3251 Η,
3379 3183 3895 3254 quemadmodum

2252 3275 2296 3330 V
2319 3275 2360 3328 Χ
2383 3275 2422 3330 Υ
2443 3275 2480 3329 Ζ
2507 3277 2732 3346 puncta
2759 3275 2936 3328 erunt
2957 3269 3156 3328 media
3188 3271 3341 3327 inter
3369 3277 3614 3344 puncta
3647 3278 3697 3328 Α
3727 3277 3767 3330 Β
3792 3276 3823 3330 C
3848 3275 3894 3328 [ι.

2257 3365 2296 3420 [Ξ
2307 3368 2326 3420 ι
2352 3363 2531 3434 igitur
2553 3362 2712 3420 linea
2739 3365 2786 3418 Α
2810 3360 2989 3418 habet
3012 3360 3091 3417 ad
3115 3361 3335 3418 lineam
3362 3363 3420 3433 Β,
3457 3362 3544 3419 ita
3586 3362 3758 3420 linea
3787 3366 3818 3419 F
3841 3361 3898 3418 ad

2251 3454 2472 3511 lineam
2495 3455 2536 3511 G
2572 3469 2585 3510 :
2615 3458 2672 3509 et
2709 3455 2775 3508 ut
2793 3450 2950 3509 linea
2979 3452 3018 3507 C
3047 3450 3127 3508 ad
3163 3449 3385 3508 lineam
3405 3453 3474 3523 Β,
3519 3452 3617 3509 ita
3665 3453 3817 3510 linea

2253 3545 2329 3602 ad
2347 3544 2566 3601 lineam
2586 3545 2629 3599 H
2657 3559 2670 3611 ;
2695 3546 2752 3599 et
2772 3547 2837 3599 ut
2852 3557 2915 3598 se
2937 3541 3120 3598 habet
3140 3540 3295 3598 linea
3318 3543 3361 3598 D
3385 3541 3468 3597 ad
3495 3540 3739 3601 lineam
3760 3549 3816 3608 Α,
3836 3543 3894 3596 ita

2251 3634 2410 3691 linea
2425 3633 2473 3689 Η
2489 3633 2568 3691 ad
2581 3631 2804 3689 lineam
2826 3633 2893 3688 E.
2920 3634 3145 3688 Rursus
3163 3636 3301 3687 utse
3317 3631 3502 3687 habet
3519 3633 3670 3704 conj
3684 3638 3888 3689 unctum

2253 3723 2622 3796 triangulum
2643 3725 2684 3778 Y
2714 3724 2756 3779 Χ
2782 3724 2821 3777 Β
2851 3721 2931 3779 ad
2962 3719 3325 3793 triangulum
3349 3722 3394 3776 N
3453 3722 3495 3777 Β
3549 3722 3626 3790 Ο,
3691 3724 3770 3780 ita
3821 3723 3891 3776 tri-

2253 3813 2546 3885 angulum
2566 3814 2608 3868 Υ
2638 3813 2678 3867 V
2708 3815 2756 3868 A
2781 3812 2858 3867 ad
2886 3808 3253 3881 triangulum
3291 3810 3333 3874 Ο
3361 3810 3401 3864 Ε
3456 3811 3525 3866 Ν.
3593 3811 3676 3867 Dt
3751 3817 3806 3868 ut
3847 3824 3890 3864 se

2251 3903 2436 3962 habet
2461 3901 2826 3972 triangulum
2855 3901 2899 3966 Ο
2928 3902 2970 3956 Η
2996 3899 3060 3969 Ρ,
3088 3899 3169 3957 ita
3205 3898 3582 3970 triangulum
3606 3899 3650 3958 Ζ
3686 3901 3730 3957 Χ
3758 3901 3790 3956 .C
3835 3899 3890 3955 ad

2253 3991 2618 4064 triangulum
2649 3993 2749 4050 ΡΟ
2789 3992 2853 4047 G.
2883 3991 2980 4045 Est
3007 3988 3188 4060 igitur
3239 3987 3623 4058 triangulum
3685 3992 3732 4046 Υ
3788 3992 3822 4045 Χ
3861 3987 3893 4040 Β

2252 4083 2537 4156 qualitate
2567 4079 2757 4138 simile
2777 4077 3074 4150 triangula
3102 4079 3146 4135 U
3180 4081 3218 4135 F
3245 4079 3309 4150 Ο,
3342 4077 3448 4134 sed
3487 4093 3623 4135 non
3667 4078 3891 4153 mquale.

2253 4173 2474 4230 Deinde
2502 4169 2869 4242 triangulum
2886 4169 2928 4225 Y
2945 4170 2988 4223 V
3002 4173 3049 4224 Α
3071 4167 3264 4224 simile
3285 4173 3373 4224 est
3392 4167 3710 4240 triangula
3725 4172 3765 4235 0
3783 4171 3815 4224 E
3830 4171 3889 4233 .‘i;

2252 4262 2512 4336 itemque
2543 4257 2975 4330 triangulumV
3025 4259 3062 4312 Ζ
3115 4260 3158 4313 D
3209 4255 3398 4313 simile
3455 4262 3548 4313 est
3618 4257 3888 4328 trianguio

2255 4355 2294 4409 L
2333 4355 2375 4410 G
2407 4355 2448 4408 Η
2480 4369 2493 4407 :
2525 4349 2786 4422 denique
2813 4345 3182 4416 triangulum
3212 4348 3248 4402 Ζ
3289 4349 3328 4401 Χ
3351 4347 3390 4402 C
3422 4345 3623 4403 simile
3652 4354 3744 4405 est
3769 4362 3888 4420 qua-

2174 4448 2219 4504 D
2253 4442 2416 4500 litate
2443 4437 2741 4510 triangula
2768 4441 2809 4494 P
2831 4439 2872 4494 0
2906 4438 2970 4493 G.
2998 4439 3222 4492 Rursus
3251 4435 3574 4507 conjuncta
3611 4438 3890 4510 quadran-

2255 4531 2395 4603 gulo
2435 4533 2478 4587 N
2501 4531 2545 4586 0
2572 4529 2613 4584 P
2643 4530 2686 4594 Ο
2709 4526 3111 4584 inscribantur
3134 4530 3358 4599 puncta
3386 4526 3421 4581 S
3448 4527 3492 4581 T
3526 4527 3574 4580 K
3602 4528 3667 4596 L,
3707 4527 3887 4584 eadem

2256 4621 2365 4678 situ
2394 4636 2516 4693 quo
2542 4617 2846 4689 interjecta
2866 4621 3003 4673 sunt
3032 4621 3254 4689 puncta
3276 4617 3318 4671 N
3346 4615 3388 4670 0
3438 4616 3478 4670 P
3523 4616 3593 4684 Ο,
3650 4615 3718 4672 in
3772 4632 3886 4690 qua-

2253 4709 2556 4782 drangulo
2582 4710 2626 4765 Y
2655 4711 2696 4765 X
2724 4711 2760 4764 Ζ
2789 4709 2853 4764 ν.
2885 4706 3326 4764 Cannectantur
3353 4703 3534 4761 etiam
3553 4704 3664 4762 illa
3695 4711 3885 4779 puncta

2256 4801 2427 4859 S'l‘KL
2441 4816 2453 4856 :
2469 4797 2778 4855 erunthaec
2791 4810 3034 4870 quoque
3046 4793 3460 4868 aequaliatrian
3469 4792 3613 4864 gula
3625 4837 3641 4853 .
3659 4797 3731 4852 Ut
3742 4796 3885 4866 igitur

2252 4888 2622 4959 triangulum
2648 4888 2781 4954 QPH
2813 4903 2876 4943 se
2898 4884 3079 4942 habet
3100 4884 3179 4941 ad
3199 4882 3568 4954 triangulum
3609 4885 3778 4955 YVA,
3827 4885 3886 4938 ita

2253 4979 2384 5037 NLP
2397 4982 2475 5035 ad
2498 4979 2654 5044 QPH.
2671 4977 2741 5033 Ut
2759 4978 2959 5032 autem
2983 4989 3046 5030 se
3068 4973 3250 5032 habet
3269 4971 3650 5044 triangulum
3668 4975 3802 5032 POG
3827 4971 3886 5030 ad

2251 5065 2597 5138 riangulum
2648 5067 2802 5136 VZD,
2859 5064 2943 5122 ita
2988 5063 3168 5121 etiam
3220 5063 3360 5120 TKO
3409 5061 3488 5119 ad
3537 5061 3884 5137 triangulum

2254 5156 2408 5214 POG.
2439 5157 2503 5213 Et
2523 5158 2588 5211 ut
2605 5153 2969 5225 triangulum
2990 5155 3128 5210 ONF
3151 5169 3214 5209 se
3229 5151 3412 5209 habet
3429 5150 3509 5208 ad
3543 5152 3882 5226 triangulum

2253 5248 2402 5314 ZXC,
2434 5245 2515 5301 ita
2531 5259 2773 5318 quoque
2812 5241 3177 5314 triangulum
3208 5239 3348 5299 KNS
3388 5239 3468 5298 ad
3531 5240 3881 5315 triangulum

2255 5335 2395 5392 NOF
2427 5349 2441 5390 :
2472 5335 2539 5390 Et
2567 5337 2633 5390 ut
2660 5331 3028 5403 triangulum
3063 5332 3205 5398 NQE
3261 5345 3324 5387 se
3373 5328 3562 5387 habet
3614 5331 3702 5388 ad
3760 5330 3876 5392 ΧΠ.

2255 5425 2339 5483 ita
2357 5423 2538 5482 etiam
2571 5424 2702 5490 SQL
2732 5439 2794 5480 se
2848 5421 3031 5480 habet
3078 5420 3159 5479 ad
3213 5421 3378 5489 QME.
3435 5423 3519 5476 lla
3574 5423 3648 5477 ut
3691 5426 3879 5479 utrum-

2255 5528 2374 5589 que
2394 5513 2695 5587 utrimque
2726 5525 2799 5571 ex
2853 5510 3222 5586 inaequalitat
3283 5525 3316 5568 e
3373 5508 3691 5584 aequaliter
3727 5509 3875 5571 exeat

559 5631 638 5710 (t)
655 5639 786 5699 Non
811 5639 910 5702 hic
938 5639 1245 5702 deformis
1274 5639 1710 5715 essentialibus,
1740 5641 1941 5716 igitur,
1969 5641 2078 5702 sed
2105 5637 2314 5704 formis
2361 5639 2725 5716 qualitatum
2762 5639 2826 5700 in
2868 5625 3216 5700 individuis.
