3932 6326
5 362 142 436 1321
906 373 1261 438 THEODORI
1279 377 1326 436 11
1354 372 1496 437 1MP.
1527 369 1618 435 DE
1641 373 2105 439 GOMMUNIONE
2146 384 2519 443 NATUBALI.
3293 380 3436 441 1322

5 531 159 566 ⁸νωνον
188 508 321 583 πρὸς
339 506 397 558 τὸ
426 509 474 560 Ψ
503 510 552 560 X
596 511 659 573 A,
704 503 868 567 οὕτως
913 509 1003 558 καὶ
1050 510 1110 560 το
1164 513 1205 559 Τ
1246 512 1280 559 Σ
1332 511 1378 558 Π
1430 506 1562 580 πρὸς
1602 504 1661 557 τὸ
1689 502 1738 558 Α
1766 502 1953 578 ἀνίσῳ,
2005 508 2161 582 ὅμοια
2216 507 2277 564 δὲ
2338 514 2429 564 καὶ
2488 507 2624 563 αὐτὰ
2676 506 2871 561 ἓσεῖται
2917 505 3127 568 τούτοις
3171 508 3433 577 ποιότητι,

5 608 37 656 Ῑ
73 607 123 656 Λ
153 601 313 669 Θ,ὡς
336 593 396 651 6‘s
424 598 482 649 16
511 601 554 651 A
582 602 619 649 P
650 602 694 649 Η
725 600 972 670 τρίγωνον
992 600 1125 671 πρὸς
1164 599 1223 650 τὸ
1272 596 1326 650 Χ
1358 601 1407 648 Ω.
1466 599 1522 661 Δ,
1579 593 1663 647 οὗ·
1769 597 1904 648 ὥστε
1933 595 2027 650 οὐκ
2073 600 2178 673 ἄρα
2227 603 2287 654 τὸ
2331 602 2469 654 κατὰ
2512 602 2571 652 τὸ
2615 597 2793 672 μεῖζον
2846 596 3180 673 τετράγωνον,
3230 598 3261 657 ἦ
3323 600 3436 672 τρί-

5 712 102 755 ’ως
126 696 218 744 καὶ
248 691 306 742 τὸ
338 695 371 742 Σ
403 693 448 741 K
478 689 681 760 Λπρός
705 688 764 738 τὸ
794 692 838 739 Λ
892 693 1018 756 ΡΗ,
1072 691 1163 741 καὶ
1218 688 1282 747 ὡς
1327 704 1387 739 το
1447 691 1484 738 Ρ
1529 689 1575 738 Ν
1627 689 1666 736 Ζ
1768 704 1949 758 γωνον,
2000 687 2031 747 ἢ
2112 679 2282 764 ἓτερον
2333 710 2385 744 τι
2450 692 2730 749 ποιότητος
2783 681 2944 750 εἶδος,
3013 693 3106 739 τοῦ
3164 684 3437 747 ἐλάσσονος

5 784 251 856 ἐρίγωνον
279 780 412 855 πρὸς
433 779 491 830 τὸ
536 781 649 829 ΩΦ
684 781 746 842 Γ,
798 775 960 839 οὕτως
1014 782 1104 831 καὶ
1145 779 1204 830 τὸ
1257 781 1301 830 Κ
1355 782 1396 829 Υ
1444 780 1482 829 Ρ
1536 775 1668 848 πρὸς
1771 768 2006 848 διαφέρει
2062 781 2322 849 ποιότητι,
2369 776 2477 832 ἀλλ’
2526 780 2642 831 ἔστι
2716 778 2904 830 ταυτὸν
2960 776 3092 829 κατὰ
3142 778 3238 834 τήν
3292 778 3438 829 ποιό-

5 876 276 936 76NPZ,
322 873 413 922 καὶ
459 869 530 930 ὡς
584 885 646 919 το
700 872 747 920 Ν
801 872 845 921 Π
902 873 942 922 Ε
994 872 1242 943 τρίγωνον
1289 868 1497 939 πρόςτο
1530 869 1568 918 Φ
1620 870 1668 919 Ψ

5 969 59 1031 Β,
98 962 260 1023 οὕτως
288 963 378 1013 καὶ
399 959 458 1012 τὸ
489 964 530 1011 Υ
552 963 594 1011 Τ
622 963 669 1010 Ν
697 959 828 1031 πρὸς
857 960 916 1009 τὸ
958 963 1001 1010 Π
1053 963 1102 1010 Ν
1152 963 1209 1024 Ε,
1269 955 1505 1029 ἑκάτερον
1552 953 1666 1008 ἑκα-

5 1055 157 1128 τέρου
198 1056 292 1110 τὴν
332 1050 601 1124 ὑπεροχὴν
647 1048 773 1120 ἔχον
817 1050 970 1117 ἴσην,
1021 1048 1158 1100 κατὰ
1202 1048 1261 1099 τὸ
1318 1046 1518 1111 ἄνισον,
1577 1048 1667 1097 καὶ

5 1150 164 1195 τοῦτο
192 1141 326 1194 1161161
362 1141 421 1191 16
459 1138 689 1212 ἄπειρον,
723 1135 851 1189 ἀλλὰ
879 1140 970 1189 καὶ
1002 1139 1071 1199 ὡς
1127 1138 1184 1190 16
1233 1142 1274 1190 A
1336 1142 1374 1188 Β
1421 1140 1460 1188 Γ
1516 1139 1551 1187 Δ
1582 1152 1666 1188 τε-

5 1233 272 1306 τράγωνον
325 1232 457 1305 πρός
513 1230 573 1280 τὸ
631 1233 671 1280 Ε
730 1232 770 1278 Ζ
797 1233 842 1280 Η
905 1235 972 1297 Θ,
1014 1226 1173 1287 οὕτως
1211 1229 1301 1278 καὶ
1324 1227 1383 1278 16
1409 1231 1516 1279 NP
1548 1229 1593 1278 Λ
1621 1229 1667 1278 Π

5 1325 136 1394 πρὸς
194 1331 254 1373 το
326 1326 367 1372 Τ
444 1326 486 1371 Υ
533 1322 577 1371 Κ
619 1323 652 1369 Σ
698 1314 934 1391 ἑκάτερον
982 1315 1222 1388 ἑκατέρου
1271 1316 1405 1368 κατὰ
1456 1317 1515 1366 τό
1558 1315 1668 1366 ἄνι-

5 1427 102 1462 τον
158 1408 334 1472 ἐξίσου
381 1408 635 1480 ὑπερέχον
692 1423 747 1457 τε
796 1409 887 1458 καὶ
961 1405 1358 1480 ὑπερεχόμενον
1433 1405 1501 1466 ὡς
1564 1405 1665 1476 γὰρ

5 1502 58 1552 τὸ
98 1505 138 1552 Α
173 1504 211 1551 Β
248 1503 286 1550 Γ
315 1504 351 1551 Δ
379 1514 507 1570 προς
536 1498 594 1548 16
623 1500 661 1547 Ε
694 1500 733 1546 Ζ
778 1500 822 1547 Η
870 1501 937 1561 Θ,
1004 1494 1168 1555 οὕτως
1214 1498 1304 1546 καὶ
1358 1491 1484 1546 αὐτό
1538 1494 1670 1568 πρὸς

5 1590 60 1640 '6
87 1594 134 1641 N
156 1595 194 1641 P
217 1593 264 1642 Λ
292 1593 359 1657 ll,
379 1589 470 1638 καὶ
518 1584 666 1652 αὐτὸ,
698 1598 832 1637 κατα
857 1587 946 1636 τὸν
1009 1582 1158 1636 οὸτόν
1208 1582 1379 1654 λόγον,
1439 1586 1566 1657 πρὸς
1608 1586 1668 1637 1'6

5 1684 35 1731 Γ
72 1684 119 1730 Υ
147 1682 190 1730 Κ
238 1683 297 1728 Σο
352 1679 443 1727 καὶ
482 1673 591 1727 ἐπεὶ
639 1680 765 1745 γοῦν
817 1679 923 1734 τοῖς
975 1671 1084 1726 ἐπεὶ
1139 1674 1206 1725 τὰ
1246 1673 1386 1746 ἄκρα
1433 1676 1670 1746 σημείοις

5 1772 33 1819 λ
70 1770 181 1818 ΒΓ
230 1771 266 1818 Δ
330 1766 396 1817 τὰ
457 1766 593 1837 μέσα
652 1770 848 1832 σημεῖα
903 1769 950 1816 Ψ
1015 1768 1053 1816 Φ
1101 1769 1149 1814 Ω.
1193 1768 1243 1815 Χ
1293 1761 1671 1834 ἑπιζευχθέντα

1765 878 1918 931 τητα,
1968 870 2058 919 καὶ
2114 865 2222 921 ἕπει
2282 870 2343 921 τὸ
2424 865 2538 921 ἶσον
2586 871 2677 920 καὶ
2715 866 2896 919 ἄνισον
2947 864 3018 928 ὡς
3075 864 3294 941 εἴρηται,
3346 869 3439 919 τοῦ

1764 961 1932 1005 ποσοῦ
1963 954 2056 1008 οὐκ
2076 954 2232 1016 ἄλλην
2257 966 2397 1012 ποιεῖ
2417 962 2512 1018 τὴν
2575 960 2846 1029 ποιότητα,
2901 958 2994 1009 καὶ
3032 955 3092 1009 16
3150 959 3191 1009 Α
3241 955 3347 1029 ἄρα
3393 959 3433 1008 Β

1766 1045 1806 1094 Γ
1850 1047 1886 1096 Δ
1930 1042 2303 1120 ἐπιθυμητικὸν
2369 1049 2399 1109 ἣ
2463 1049 2681 1121 θυμικὸν
2757 1047 2933 1119 ὅμοιόν
2984 1041 3096 1099 ἐστι
3171 1044 3307 1098 κατά
3371 1060 3432 1117 γε

1765 1138 2023 1193 ποιότητα
2044 1143 2190 1208 τῷΨ
2238 1143 2276 1192 Φ
2326 1145 2374 1191 Ω
2425 1143 2475 1192 Χ
2530 1135 2915 1210 ἐπιθυμητικῷ,
2974 1132 3004 1194 ἣ
3062 1134 3286 1209 θυμικῷ,
3342 1138 3432 1188 καὶ

1763 1230 1917 1280 τοῦτο
1943 1234 2013 1297 τῷ
2040 1233 2087 1280 Ν
2116 1233 2152 1279 Ρ
2181 1232 2227 1282 Λ
2257 1234 2323 1300 Π,
2348 1231 2612 1281 καὶτοῦτο
2640 1233 2713 1297 τῷ
2738 1232 2779 1281 Τ
2804 1233 2844 1280 Υ
2868 1229 2909 1280 Κ
2948 1230 3004 1295 Σ,
3069 1228 3161 1278 καὶ
3218 1225 3286 1279 161
3322 1227 3434 1300 τρί-

1765 1335 1908 1390 γωνα
1926 1320 2061 1369 κατὰ
2109 1319 2194 1370 τὸν
2252 1316 2406 1371 αὐτόν
2462 1315 2635 1390 λόγον,
2696 1321 2785 1370 καὶ
2816 1316 2842 1369 6
2871 1315 3093 1389 θυμικὸς
3120 1313 3265 1368 καὶὸ
3319 1311 3432 1367 ἐπι-

1769 1405 2073 1479 θυμῆτικός,
2104 1407 2466 1482 ἄραὼσαύτως
2524 1410 2616 1459 καὶ
2657 1405 2684 1458 6
2731 1404 2935 1478 λογικὸς
2999 1406 3090 1457 καὶ
3133 1404 3181 1458 oi
3253 1405 3433 1478 μικτοὶ

1766 1500 1857 1548 καὶ
1907 1496 1957 1548 οἱ
1998 1496 2184 1559 πάντες
2249 1498 2382 1550 κατά
2428 1500 2523 1556 τὴν
2587 1494 2733 1558 τάξιν
2792 1490 2979 1562 αὐτῶν,
3041 1494 3132 1547 καὶ
3191 1489 3422 1567 ἐδείχθη

1765 1592 1931 1639 ταῦτα
1976 1588 2148 1650 καθὼς
2206 1583 2312 1641 ἔδει
2379 1583 2665 1659 δειχθῆναι
2722 1586 2869 1660 παρὰ
2914 1590 3008 1638 τοῦ
3058 1583 3304 1658 ἡμετέρου
3344 1583 3435 1636 M-

1767 1695 1891 1750 γου.
1927 1676 2081 1736 Δηλοί
2101 1673 2159 1730 δὲ
2187 1675 2313 1735 αὐτὴ
2370 1676 2401 1736 ἡ
2459 1671 2729 1739 ἀπόδειξις
2780 1677 2956 1749 ὅτιπερ
3014 1669 3138 1727 οὐδὲ
3180 1677 3275 1746 μία
3331 1689 3433 1725 συ-

1772 1765 1930 1838 ζυγία
1954 1775 2054 1818 τῶν
2097 1775 2348 1819 κοινωνῶν
2402 1774 2475 1837 τῷ
2526 1764 2837 1838 ἐπιστήμονι
2901 1758 3030 1822 ἄλλη
3085 1769 3239 1835 φανῆ,
3300 1761 3435 1814 κατά

6 1855 293 1927 ηξανάγκης
352 1860 562 1907 ποιοῦσι
609 1855 941 1927 τετράγωνον,
990 1856 1081 1903 καὶ
1135 1853 1201 1905 1'61
1257 1854 1394 1924 μέσα
1451 1854 1666 1921 τούτων,
1707 1924 1739 1928 _
1768 1874 1826 1927 γε
1854 1858 1940 1908 τὸν
1966 1864 2058 1917 τῆς
2087 1860 2362 1919 ποιότητος
2387 1852 2563 1928 λόγον,
2623 1849 2806 1913 ἐπειδὴ
2860 1858 2951 1907 καὶ
3004 1860 3169 1906 ταῦτα
3210 1849 3277 1905 1'61
3326 1852 3437 1926 τρί-

5 1948 143 1998 εοετὰ
188 1948 283 2002 τὴν
337 1943 499 2001 αὐτὴν
558 1947 831 2009 ποιότητα,
894 1946 1178 2000 ποιήσουσι
1257 1960 1344 1993 τον
1416 1949 1452 1995 Ρ
1497 1947 1544 1996 Λ
1601 1949 1668 2014 Π,

5 2036 368 2094 ὗσαύτωςκαὶ
389 2034 457 2085 τὰ
498 2035 636 2105 μέσα
659 2034 853 2084 τούτων
903 2034 960 2083 1'6
1008 2036 1049 2083 T
1100 2038 1142 2084 Υ
1189 2036 1231 2084 Κ
1287 2037 1339 2094 Σ,
1397 2029 1524 2084 ἀλλὰ
1579 2037 1669 2085 καὶ

5 2126 71 2175 τὰ
112 2127 552 2178 ΨΦΒΦΩΓΩ.
592 2128 641 2176 Χ
686 2128 723 2175 Δ
775 2128 823 2175 Χ
877 2126 922 2174 Ψ
968 2124 1015 2175 Α
1070 2124 1299 2195 τρίγωνα
1353 2122 1417 2172 τὰ
1471 2123 1670 2177 κατάΨ

5 2219 121 2269 ΡΩ.
174 2219 225 2267 Χ
274 2212 515 2285 ἐνούμενα
556 2212 692 2264 3161161
733 2213 799 2264 τὰ
840 2229 979 2283 μεσα
1028 2217 1221 2283 σημεῖα
1275 2216 1323 2263 Ν
1369 2217 1406 2263 Ρ
1460 2217 1507 2264 Λ
1538 2214 1671 2265 Πτὰ

6 2307 279 2378 γκείμενα
328 2304 457 2377 πρὸς
521 2304 614 2362 τὰς
669 2304 714 2354 Ψ
770 2306 808 2354 Φ
857 2306 895 2355 Φ
945 2307 993 2352 Ω
1035 2307 1083 2352 Ω.
1133 2307 1177 2355 Χ
1228 2307 1277 2354 Χ
1330 2306 1377 2354 Ψ
1421 2304 1669 2375 γραμμὰς

6 2393 390 2464 πεζευχθέντα
442 2392 577 2444 κατὰ
646 2394 741 2448 τὴν
823 2389 979 2448 αὐτὴν
1032 2393 1122 2442 καὶ
1168 2396 1337 2443 ταῦτα
1393 2387 1668 2463 ἀναλογίαν

5 2491 108 2535 ’ὢν
154 2482 262 2534 ἄνω
351 2483 488 2534 κατὰ
559 2483 618 2532 16
675 2480 875 2546 ἄνισον,
920 2479 1076 2553 ὃμοια
1149 2473 1210 2532 δὲ
1255 2479 1551 2555 ὑπάρξουσι
1603 2488 1664 2541 τῆ

5 2574 254 2630 ποιότητι
306 2575 399 2624 καὶ
451 2571 519 2624 1'61
556 2572 697 2642 μέσα
740 2571 935 2622 τούτων
992 2569 1096 2644 ἄρα
1144 2576 1337 2643 σημεῖα
1395 2572 1461 2622 τὰ
1508 2570 1671 2643 ἐγκεί-

5 2681 137 2715 ιενα
156 2666 527 2723 ταῖςΝΡΡΛ
566 2664 607 2711 Α
658 2666 701 2713 Π
751 2665 794 2712 Π
853 2664 901 2713 Ν
952 2666 1219 2734 γραμμαῖς
1271 2658 1670 2734 ἕπιζευχθέντα,

5 2749 395 2804 ικολουθοῦντα
444 2747 866 2807 ἀκολουθήσουσι
947 2756 1010 2808 τῆ
1114 2753 1392 2823 ποσότητι,
1471 2749 1566 2803 οὐκ
1621 2748 1671 2803 ἐν

5 2846 183 2895 ινέσει
278 2847 390 2903 τοῖς
463 2842 907 2914 προγενεστέροις,
981 2836 1111 2893 ἀλλά
1192 2847 1266 2892 τῶ
1309 2842 1412 2913 ἴσῳ
1457 2843 1545 2894 καὶ
1599 2848 1670 2914 τῷ

5 3067 112 3134 at,
129 3065 311 3136 atque
333 3060 449 3118 hoc
467 3061 527 3117 in
547 3059 851 3117 inﬁnitum
867 3058 1122 3134 produci
1151 3064 1367 3135 potest.
1390 3064 1677 3120 Praeterea

5 3159 64 3213 ιι
90 3150 589 3227 quadrangulum
608 3151 700 3207 ΑΒ
714 3153 754 3208 C
773 3152 816 3206 D
831 3149 1175 3207 sehabeted
1190 3151 1676 3225 quadrangulum

5 3248 29 3302 Ξ
64 3247 114 3299 Ιτ
152 3245 193 3299 G
218 3243 281 3313 ii,
308 3240 396 3298 ita
423 3256 667 3314 quoque
695 3239 1185 3313 quadrangulum
1239 3244 1285 3298 N
1331 3243 1375 3299 Ο
1427 3244 1467 3299 Ρ
1510 3243 1555 3309 Q
1597 3241 1677 3299 ad

5 3339 21 3391 ἰ
48 3336 106 3389 Τ
138 3333 190 3388 Κ
216 3330 276 3386 L.
299 3333 385 3387 lta
408 3333 471 3386 ut
502 3334 824 3402 utrumque
862 3335 1117 3402 utroque
1151 3345 1225 3386 ex
1270 3330 1675 3404 inaequalitate

5 3419 315 3496 squaliter
344 3418 541 3493 majus
562 3418 636 3475 sit
662 3423 720 3475 et
742 3419 965 3474 minus.
992 3421 1061 3476 Ut
1085 3418 1244 3476 enim
1286 3420 1680 3494 quadrangu-

5 3527 131 3571 um
170 3512 224 3564 A
251 3513 289 3566 Β
311 3510 351 3566 C
373 3512 415 3565 ι)
440 3524 505 3565 se
523 3509 707 3565 habet
735 3509 815 3565 ad
840 3508 1331 3581 quadrangulum
1364 3513 1405 3566 E
1445 3513 1485 3568 F
1528 3512 1571 3567 G
1604 3509 1675 3580 H,

5 3607 71 3660 ta.
87 3612 343 3671 quoque
358 3597 547 3670 ipsum
565 3595 644 3652 ad
656 3596 1140 3669 quadrangulum
1156 3598 1344 3664 NOPQ
1367 3615 1380 3654 :
1405 3602 1462 3653 et
1482 3597 1678 3671 ipsum

8 3689 226 3748 adem
250 3686 476 3743 ratione
496 3683 575 3743 ad
594 3684 1089 3758 quadrangulum
1116 3688 1151 3743 S
1177 3688 1218 3743 T
1242 3689 1289 3743 K
1309 3686 1676 3753 L.Quoniam

5 3781 190 3853 gitur
216 3776 417 3833 media
456 3775 586 3831 hmo
615 3777 966 3848 punctaYX
1010 3779 1048 3832 Z
1101 3778 1146 3833 ν
1197 3791 1474 3833 connexa
1538 3791 1678 3833 cum

5 3867 255 3926 iunctis
283 3881 421 3938 quas
448 3869 592 3921 sunt
633 3863 697 3942 in
749 3865 1246 3936 extremitatibus,
1288 3882 1506 3939 nempe
1538 3881 1679 3921 cum

5 3980 22 4017 ι
53 3961 108 4014 Β
126 3957 251 4024 CD,
268 3953 645 4011 ueccessario
658 3952 1448 4027 efﬁciuntquadrangulum.
1465 3957 1529 4011 Et
1554 3970 1679 4011 rur-

16 4042 497 4104 usintermedia
559 4043 779 4098 horum
838 4049 1063 4114 puncta
1102 4060 1176 4100 ex
1228 4043 1445 4101 eadem
1490 4043 1683 4117 quali-

5 4142 125 4197 ate
169 4132 442 4189 efﬁciunt
512 4132 1007 4205 quadrangulum
1084 4136 1199 4192 ΝΟ
1249 4138 1286 4190 Ρ
1339 4136 1383 4200 Q
1425 4133 1679 4191 :eodem

5 4238 262 4303 [noque
283 4222 466 4279 modo
494 4223 712 4278 horum
757 4221 1112 4280 intermedia
1153 4228 1380 4296 puncta
1427 4223 1685 4280 efﬁcient

5 4310 513 4392 [uadrangulum
555 4312 652 4368 ST
676 4318 716 4363 K
766 4312 827 4381 L,
881 4314 1063 4384 atque
1112 4312 1414 4383 triangula
1454 4314 1497 4369 Y
1529 4315 1568 4369 Χ
1605 4315 1678 4368 B:

1707 1924 1909 2017 Βγωνοι
1953 1948 2044 1997 καὶ
2117 1947 2414 2019 τετράγωνα
2478 1942 2573 1997 κᾶν
2651 1943 2813 2017 μείζω
2882 1947 2973 1996 καὶ
3035 1940 3224 1995 ἐλάττω
3283 1940 3433 2010 ὦσιν,

1769 2033 1894 2087 ἀλλὰ
1921 2039 2012 2087 καὶ
2032 2036 2391 2108 τάςγραμμὰς
2420 2039 2509 2087 καὶ
2563 2034 2652 2094 τὰς
2703 2035 2896 2105 γωνίας
2957 2035 3048 2084 καὶ
3102 2033 3171 2085 τὰ
3222 2025 3431 2106 ἐμϐαδά

1766 2132 1943 2185 κοινῶς
1984 2126 2201 2197 ἔχουσιν
2231 2124 2386 2197 ὃμοια
2436 2126 2566 2198 πρὸς
2622 2124 2682 2176 τὸ
2735 2121 2957 2175 ἑκάστου
3014 2122 3195 2174 ποσόνο
3255 2119 3434 2193 μεῖζον

1747 2215 1849 2288 γὰρ
1902 2218 1992 2266 καὶ
2028 2210 2249 2266 ἔλασσον
2304 2216 2551 2287 τρίγωνον
2604 2208 2698 2263 οὐκ
2754 2211 2867 2283 ἔχει
2923 2205 3200 2285 διαφορὰν,
3259 2208 3305 2261 εὶ
3360 2212 3432 2282 μὴ

1775 2304 1912 2355 κατὰ
1973 2305 2039 2354 τὰ
2089 2309 2181 2356 τοῦ
2251 2305 2504 2377 τριγώνου
2562 2294 2704 2365 εἴδη,
2782 2297 2912 2373 οἷπερ
2962 2297 3007 2352 εἰ
3043 2303 3134 2352 καὶ
3178 2292 3434 2374 διαφέρει,

1778 2388 2011 2466 διαφέρει
2036 2400 2108 2464 τῷ
2139 2388 2429 2468 ἓτεροειδεί,
2470 2393 2529 2443 τὸ
2559 2385 2618 2442 6":
2643 2384 2898 2463 ὁμοειδὲς,
2947 2387 3048 2441 εἴτε
3097 2386 3275 2461 μεῖξον
3337 2388 3439 2440 εἴτε

1776 2481 2004 2551 ἔλαττον,
2056 2482 2150 2535 οὐκ
2189 2481 2331 2551 ἄλλο,
2371 2486 2461 2535 καὶ
2520 2481 2734 2554 θυμικὸς
2783 2478 2909 2553 ἄρα,
2952 2480 2983 2539 ἣ
3039 2476 3434 2551 ἐπιθυμητικὸς,

1776 2572 1807 2632 ἣ
1838 2571 2062 2645 λογικὸς,
2126 2572 2157 2633 ἣ
2206 2571 2574 2646 φλεγματικὸς,
2614 2570 2643 2629 ἢ
2678 2570 2976 2643 αἱματικὸς,
3026 2570 3059 2627 ἦ
3121 2564 3438 2642 μελαγχολι-

1776 2664 1884 2733 κὸς,
1911 2662 1941 2722 ἣ
1977 2660 2366 2735 ξανθοχολικὸς,
2399 2662 2429 2722 ἣ
2458 2663 2548 2714 καὶ
2567 2666 2667 2713 τῶν
2718 2660 3037 2733 μεμιγμένην
3090 2654 3318 2730 ἐχόντων
3341 2655 3441 2719 κάξ

1777 2751 2079 2827 ἀμφοτέρων
2120 2756 2208 2812 τὴν
2275 2758 2462 2828 κρᾶσιν
2505 2751 2642 2805 κατὰ
2694 2752 2791 2812 τὰς
2840 2753 2962 2823 πρὶν
3012 2751 3114 2802 τῶν
3174 2745 3439 2820 συζυγιῶν

1780 2846 2054 2906 κοινωνίας
2108 2840 2506 2916 σημειωθείσας,
2576 2839 2636 2894 οὗ
2696 2840 2830 2894 3161161
2876 2842 2967 2893 τὸν
3016 2844 3108 2900 τῆς
3157 2834 3444 2900 ἓπιτάσεως

1707 3063 1747 3120 C
1783 3066 1871 3122 est
1899 3062 2076 3122 etiam
2106 3060 2400 3137 cupidum
2440 3072 2572 3120 esse
2617 3064 2723 3118 aut
2767 3058 3167 3119 iracundum:
3230 3061 3288 3116 et
3326 3059 3445 3116 hoc

1783 3153 1985 3227 ipsum
2035 3152 2195 3225 huic,
2272 3167 2491 3225 nempe
2556 3152 2601 3208 N
2668 3149 2712 3207 Ο
2791 3148 2835 3203 Ρ
2902 3150 2947 3214 Q
3000 3163 3015 3205 :
3065 3161 3274 3204 rursus
3326 3146 3444 3205 hoc

1782 3243 1987 3316 ipsum
2009 3241 2147 3298 huic
2175 3243 2211 3299 S
2231 3243 2272 3299 T
2299 3241 2345 3295 K
2385 3242 2445 3297 L.
2475 3238 2697 3297 Eadem
2727 3237 2959 3294 ratione
3006 3235 3292 3311 qualitate
3341 3231 3446 3292 tri-

1783 3331 2005 3403 angula
2024 3346 2146 3387 uon
2162 3329 2458 3400 different,
2473 3327 2579 3386 sed
2591 3327 2943 3401 quantitate.
2959 3325 3183 3383 Eodem
3200 3337 3445 3399 quoque

1784 3421 1968 3478 modo
1983 3421 2229 3478 rationis
2241 3422 2543 3492 compotes
2555 3421 2613 3475 et
2627 3415 2934 3492 temperati
2951 3412 3449 3490 qualibettempe‘

1783 3510 2011 3566 ratione
2028 3509 2304 3566 homines
2320 3507 2597 3565 eamdem
2612 3506 2908 3564 rationem
2931 3503 3336 3578 eamdemque
3355 3518 3445 3560 or-

1785 3597 1991 3655 dinem
2014 3597 2365 3656 servabunt.
2390 3598 2521 3654 Haec
2537 3596 2697 3653 enim
2719 3595 2922 3652 omnia
2937 3596 3145 3651 nostro
3168 3607 3445 3650 sermone

1784 3686 2195 3744 demonstrata
2220 3690 2358 3743 sunt
2381 3688 2445 3743 ut
2475 3685 2739 3759 oportuit
2769 3680 3188 3741 demonstrari.
3235 3683 3448 3739 Nostra

1783 3781 1988 3833 autem
2009 3775 2139 3832 hasc
2155 3773 2587 3833 demonstratio
2608 3772 2851 3830 declara
2864 3771 3097 3829 nullam
3113 3769 3247 3844 conj
3255 3783 3441 3841 ugan-

1786 3865 2011 3921 tionem
2023 3864 2475 3938 copulationum
2488 3863 2733 3919 scientia
2744 3859 3091 3932 investigari
3105 3873 3215 3932 pos
3222 3874 3284 3915 se
3296 3871 3445 3930 prm-

1788 3958 1876 4011 ter
1899 3953 2032 4009 illas
2066 3968 2218 4027 quas
2243 3948 2715 4018 numeravimus,
2739 3948 2787 4006 si
2811 3946 3119 4022 qualitatis
3146 3946 3445 4004 rationem

1790 4046 2038 4117 spectes.
2055 4041 2341 4108 Quamvis
2357 4040 2518 4097 enim
2529 4039 2632 4096 illa
2648 4036 2945 4108 triangula
2956 4033 3446 4110 etquadrangula

1789 4132 2025 4204 majora
2044 4136 2102 4188 et
2121 4131 2359 4187 minora
2387 4132 2543 4196 sunt,
2572 4130 2988 4184 verumtamen
3032 4140 3176 4183 suas
3230 4123 3441 4189 lineas,

1790 4236 1933 4279 suos
1960 4220 2235 4292 angulos,
2268 4234 2382 4276 sua
2409 4217 2669 4290 denique
2691 4217 2885 4290 spatia
2913 4216 3064 4272 inter
3112 4229 3175 4271 se
3228 4210 3447 4271 similia

1789 4310 2029 4379 habent,
2073 4322 2437 4383 quacunque
2453 4305 2783 4380 quantitate
2804 4305 3050 4377 singula
3068 4301 3306 4361 illorum
3325 4300 3447 4360 sint

5 4391 32 4463 ζ
96 4406 143 4460 Ζ
189 4404 277 4458 C:
398 4402 444 4457 γ
486 4402 529 4456 D
588 4416 602 4455 ι
654 4402 696 4455 V
827 4402 898 4491 A,
945 4417 1083 4473 qua:
1126 4403 1576 4474 conjunguntur
1602 4405 1684 4491 et
1716 4436 1759 4491 υ
1787 4401 2057 4491 praedita.
2081 4397 2444 4491 Majusenim
2466 4391 3469 4491 etminustriangulumnondige-_

5 4493 312 4553 iniuntur
337 4488 400 4546 in
462 4491 507 4544 Y
559 4491 600 4545 Χ
657 4491 694 4544 Ζ
740 4490 784 4544 V
835 4488 993 4546 circa
1053 4496 1274 4562 puncta
1328 4489 1684 4547 intermedia
1716 4480 1755 4491 ”
1789 4493 1930 4547 runt
1952 4489 2105 4545 inter
2132 4503 2195 4544 se
2232 4485 2350 4543 nisi
2375 4500 2446 4542 ex
2473 4483 2752 4556 trianguli
2788 4482 3005 4555 forma,
3036 4498 3173 4557 quae
3202 4481 3254 4540 si
3280 4480 3448 4539 diffe-

5 4588 30 4642 ς
63 4583 125 4641 O
148 4581 192 4636 P
220 4577 624 4650 Q,,interjecta
650 4575 824 4634 lineis
854 4580 898 4635 Υ
921 4580 981 4634 Χ.
1011 4581 1052 4634 Χ
1080 4582 1137 4635 Ζ.
1167 4583 1203 4635 Ζ
1221 4583 1281 4638 V.
1327 4582 1372 4636 V
1428 4580 1493 4637 Y.
1543 4594 1683 4636 cum
1789 4583 1949 4647 runt,
1976 4580 2221 4651 propter
2236 4574 2642 4632 diversitatem
2670 4572 2881 4631 formas
2903 4571 3186 4631 differunt
3215 4588 3231 4629 :
3264 4570 3371 4628 sed
3395 4570 3449 4627 si

6 4672 159 4729 .unt
170 4666 326 4722 inter
341 4681 403 4721 se
416 4680 689 4721 connexa
707 4680 782 4721 ex
798 4665 1004 4722 eadem
1025 4668 1410 4741 proportione
1431 4682 1562 4724 cum
1587 4683 1683 4723 su-

5 4754 377 4824 perioribus,
398 4753 678 4827 quamvis
688 4754 1028 4828 inaequalia,
1059 4756 1279 4813 similia
1295 4760 1434 4813 sunt
1449 4755 1601 4814 inter
1620 4771 1683 4812 se

5 4844 324 4926 malitiae.
359 4845 511 4914 Ergo
542 4843 900 4900 intermedia
923 4845 1143 4902 horum
1168 4845 1478 4917 interjecta
1510 4844 1684 4901 lineis

5 4940 143 4998 ιο.
181 4935 228 4990 Ο
252 4936 311 4989 Ρ.
354 4933 398 4999 Q
432 4935 489 4988 P.
527 4933 571 4999 Ω
602 4934 669 5002 Ν,
692 4947 967 4991 connexa
991 4935 1143 4992 inter
1172 4950 1235 4991 se
1267 4933 1486 4991 similia
1513 4937 1687 4993 erunt

5 5021 432 5102 uperioribus
461 5021 766 5095 qualitate,
794 5027 900 5080 sed
927 5024 1311 5098 proportione
1359 5022 1683 5097 responde-

5 5118 170 5176 .unt
195 5109 314 5168 illis
333 5127 407 5168 ex
430 5112 788 5184 quantitatis
803 5114 1144 5186 aequalitate
1164 5119 1221 5171 et
1258 5112 1680 5187 inaequalitate.

5 5206 67 5266 fx
111 5199 353 5275 quibus
389 5201 736 5274 intelligitur
783 5203 984 5275 majus
1037 5202 1533 5277 quadrangulum
1582 5206 1686 5259 aut

5 5290 385 5363 riangulum
402 5294 461 5348 et
480 5291 740 5365 quodvis
762 5292 926 5349 aliud
951 5308 1143 5365 genus
1158 5294 1367 5367 ﬁgurae
1393 5291 1629 5349 differre
1649 5305 1687 5349 a

5 5388 250 5446 sinere
278 5380 327 5436 si
350 5381 757 5454 quantitatem
789 5387 1038 5456 spectes,
1067 5382 1174 5440 sed
1204 5383 1256 5439 si
1314 5381 1685 5466 qualitatem,

10 5490 127 5536 on
166 5467 428 5527 differre.
461 5473 527 5527 Et
573 5471 868 5544 quoniam
895 5472 1244 5546 quantitatis
1271 5469 1586 5545 aequalitas
1631 5478 1689 5533 et

5 5558 395 5635 laqualitas
419 5559 602 5619 aliam
645 5561 995 5636 qualitatem
1043 5562 1252 5634 ﬁgura
1307 5576 1432 5620 non
1486 5559 1683 5629 efﬁcit,

5 5704 17 5718 _
41 5659 107 5714 Β
155 5650 200 5707 C
221 5650 292 5721 D,
313 5650 481 5724 quod
508 5663 599 5708 est
623 5652 914 5725 cupidum
944 5667 1075 5711 esse
1100 5657 1206 5711 aut
1232 5649 1595 5710 iracundum
1615 5649 1689 5710 si.

5 5747 151 5809 sile
182 5739 685 5817 estinqualitate,
721 5740 862 5801 huic
889 5757 1109 5819 nempe
1138 5743 1183 5802 Y
1229 5744 1272 5802 Χ
1314 5743 1352 5801 Ζ
1399 5742 1461 5815 ν,
1521 5738 1691 5816 quod

232 5837 488 5902 Panos.
522 5841 624 5901 Gn.
647 5840 798 5902 CXL.

1792 4664 2240 4723 similitudinem
2260 4662 2471 4734 ﬁgurae
2491 4664 2748 4736 spectes,
2768 4675 2877 4719 seu
2896 4660 3097 4733 majus
3118 4674 3226 4717 seu
3245 4658 3449 4716 minus

1794 4755 1871 4812 sit
1890 4752 2275 4828 triangulum,
2301 4751 2463 4809 aliud
2493 4766 2617 4808 non
2642 4752 2771 4808 erit.
2823 4749 3151 4808 iracundus
3176 4759 3320 4818 ergo
3343 4749 3449 4803 aut

1792 4844 2047 4918 cupidus
2077 4848 2180 4900 aut
2215 4842 2443 4899 ratione
2471 4840 2780 4914 praeditus,
2810 4841 2914 4896 aut
2971 4837 3295 4912 pituitosus
3344 4836 3451 4892 aut

1792 4933 2179 5004 sanguineus,
2203 4935 2309 4988 aut
2339 4928 2833 4991 melancholicus.
2861 4931 2965 4985 aut
3005 4926 3054 4984 si
3083 4924 3187 5001 qui
3219 4923 3450 4982 habent

1794 5024 2038 5081 mistam
2068 5037 2141 5078 ex
2185 5019 2451 5092 utrisque
2475 5017 2985 5091 temperationem,
3019 5032 3090 5074 ex
3129 5011 3446 5086 descriptis

1794 5128 1979 5186 supra
1994 5110 2129 5182 conj
2136 5108 2492 5182 ugationum
2508 5103 3016 5180 copulationibus,
3026 5102 3263 5163 riterius
3283 5099 3446 5160 ordi-

1792 5204 1888 5260 nis
1911 5217 2036 5259 non
2061 5204 2235 5257 erunt
2263 5212 2446 5273 quam
2468 5196 2645 5266 cujus
2671 5200 2812 5253 sunt
2832 5200 3076 5270 propter
3091 5191 3446 5254 intensionis

1795 5296 1902 5350 aut
1927 5287 2293 5348 remissionis
2318 5286 2633 5351 rationem,
2676 5286 2968 5359 quoniam
3034 5300 3156 5342 non
3184 5287 3325 5342 sunt
3347 5278 3452 5341 alii

1796 5381 1903 5440 sed
1927 5377 2262 5438 dissimiles.
2296 5377 2515 5434 Omnes
2543 5373 2723 5447 igitur
2740 5374 2983 5436 ordines
3018 5372 3236 5451 tepetii
3285 5373 3449 5432 sunt.

1795 5473 1983 5529 Porro
1996 5466 2416 5541 unusquisque
2435 5463 2587 5522 ordo
2600 5463 2976 5523 latitudinem
2988 5464 3167 5525 habnt
3175 5465 3246 5524 tut
3256 5475 3454 5522 accre-

1796 5560 2020 5621 tionem
2049 5563 2108 5617 et
2125 5554 2586 5616 diminutionem
2615 5555 2922 5628 suscipere
2951 5555 3159 5629 possit.
3181 5551 3302 5617 illoc
3313 5550 3453 5616 ideo

1799 5650 1918 5712 alia
1940 5646 2283 5709 communis
2300 5643 2607 5721 qualitatis
2634 5644 2870 5720 species
2905 5662 3015 5708 seu
3038 5644 3205 5705 aliud
3242 5641 3459 5705 indivi-

1797 5741 1990 5802 duum
2004 5736 2217 5802 evadet
2230 5739 2476 5813 PrOpter
2491 5736 2893 5801 intensionem
2913 5740 2972 5798 et
3015 5735 3454 5798 remissionem.

3091 5834 3178 5898 68
