  <div class='ocr_page' id='page_1' title='image "/cluster/home/n/w/nwhite01/storage/ocr_20150623/140/pst.000005714568/722.png"; bbox 0 0 3932 6326; ppageno 0'>
   <div class='ocr_carea' id='block_1_1' title="bbox 13 297 126 356">
    <p class='ocr_par' dir='ltr' id='par_1_1' title="bbox 13 297 126 356">
     <span class='ocr_line' id='line_1_1' title="bbox 13 297 126 356; baseline 0.009 -2"><span class='ocrx_word' id='word_1_1' title='bbox 13 297 126 356; x_wconf 76' lang='lat'><strong>325</strong></span> 
     </span>
    </p>
   </div>
   <div class='ocr_carea' id='block_1_2' title="bbox 923 279 2530 362">
    <p class='ocr_par' dir='ltr' id='par_1_2' title="bbox 923 279 2530 362">
     <span class='ocr_line' id='line_1_2' title="bbox 923 279 2530 362; baseline 0.001 -6"><span class='ocrx_word' id='word_1_2' title='bbox 923 301 1290 361; x_wconf 84' lang='lat' dir='ltr'><strong>THEODORI</strong></span> <span class='ocrx_word' id='word_1_3' title='bbox 1311 299 1357 356; x_wconf 84' lang='lat'>11</span> <span class='ocrx_word' id='word_1_4' title='bbox 1384 302 1525 358; x_wconf 82' lang='lat' dir='ltr'><strong>1MP.</strong></span> <span class='ocrx_word' id='word_1_5' title='bbox 1547 302 1636 357; x_wconf 90' lang='lat' dir='ltr'><strong>DE</strong></span> <span class='ocrx_word' id='word_1_6' title='bbox 1663 279 2123 362; x_wconf 60' lang='lat' dir='ltr'><strong>commomoﬁs</strong></span> <span class='ocrx_word' id='word_1_7' title='bbox 2150 303 2530 361; x_wconf 80' lang='lat' dir='ltr'><strong>NATURALI.</strong></span> 
     </span>
    </p>
   </div>
   <div class='ocr_carea' id='block_1_3' title="bbox 3287 306 3423 362">
    <p class='ocr_par' dir='ltr' id='par_1_3' title="bbox 3287 306 3423 362">
     <span class='ocr_line' id='line_1_3' title="bbox 3287 306 3423 362; baseline 0.007 -4"><span class='ocrx_word' id='word_1_8' title='bbox 3287 306 3423 362; x_wconf 75' lang='grc'><strong>1⁸326</strong></span> 
     </span>
    </p>
   </div>
   <div class='ocr_carea' id='block_1_4' title="bbox 13 419 3422 503">
    <p class='ocr_par' dir='ltr' id='par_1_4' title="bbox 13 419 3422 503">
     <span class='ocr_line' id='line_1_4' title="bbox 13 419 3422 503; baseline 0.002 -30"><span class='ocrx_word' id='word_1_9' title='bbox 13 425 103 474; x_wconf 78' lang='grc' dir='ltr'><strong>ινόι</strong></span> <span class='ocrx_word' id='word_1_10' title='bbox 171 419 348 486; x_wconf 75' lang='grc' dir='ltr'><strong>δεῖξαι</strong></span> <span class='ocrx_word' id='word_1_11' title='bbox 406 421 645 476; x_wconf 78' lang='grc' dir='ltr'><strong>ἐπίτασιν</strong></span> <span class='ocrx_word' id='word_1_12' title='bbox 691 425 822 476; x_wconf 84' lang='grc' dir='ltr'><strong>καθό</strong></span> <span class='ocrx_word' id='word_1_13' title='bbox 879 427 1042 480; x_wconf 89' lang='grc' dir='ltr'><strong>ποσά.</strong></span> <span class='ocrx_word' id='word_1_14' title='bbox 1101 424 1274 480; x_wconf 84' lang='grc' dir='ltr'><strong>Ἐστω</strong></span> <span class='ocrx_word' id='word_1_15' title='bbox 1320 433 1446 498; x_wconf 77' lang='grc' dir='ltr'><strong>γοῦν</strong></span> <span class='ocrx_word' id='word_1_16' title='bbox 1523 430 1656 500; x_wconf 81' lang='grc' dir='ltr'><strong>ὁρμὴ</strong></span> <span class='ocrx_word' id='word_1_17' title='bbox 1695 431 1742 483; x_wconf 84' lang='grc' dir='ltr'>Α</span> <span class='ocrx_word' id='word_1_18' title='bbox 1771 427 1972 480; x_wconf 84' lang='grc' dir='ltr'><strong>ἀλλοῖον</strong></span> <span class='ocrx_word' id='word_1_19' title='bbox 2014 431 2044 487; x_wconf 81' lang='grc' dir='ltr'>ἡ</span> <span class='ocrx_word' id='word_1_20' title='bbox 2094 426 2334 503; x_wconf 75' lang='grc' dir='ltr'><strong>μονάδων</strong></span> <span class='ocrx_word' id='word_1_21' title='bbox 2395 424 2718 495; x_wconf 82' lang='grc' dir='ltr'><strong>συνέδευσις,</strong></span> <span class='ocrx_word' id='word_1_22' title='bbox 2769 430 2799 486; x_wconf 84' lang='grc' dir='ltr'><em>ἧ</em></span> <span class='ocrx_word' id='word_1_23' title='bbox 2849 426 2958 487; x_wconf 76' lang='grc' dir='ltr'><strong>ἐνὸς</strong></span> <span class='ocrx_word' id='word_1_24' title='bbox 3010 431 3098 479; x_wconf 80' lang='grc' dir='ltr'><strong>καὶ</strong></span> <span class='ocrx_word' id='word_1_25' title='bbox 3147 426 3270 495; x_wconf 83' lang='grc' dir='ltr'><strong>ἑνός,</strong></span> <span class='ocrx_word' id='word_1_26' title='bbox 3332 432 3422 481; x_wconf 82' lang='grc' dir='ltr'><strong>καὶ</strong></span> 
     </span>
    </p>
   </div>
   <div class='ocr_carea' id='block_1_5' title="bbox 13 511 1660 590">
    <p class='ocr_par' dir='ltr' id='par_1_5' title="bbox 13 511 1660 590">
     <span class='ocr_line' id='line_1_5' title="bbox 13 511 1660 590; baseline 0.002 -26"><span class='ocrx_word' id='word_1_27' title='bbox 13 533 63 574; x_wconf 87' lang='grc' dir='ltr'><strong>ις</strong></span> <span class='ocrx_word' id='word_1_28' title='bbox 91 514 122 570; x_wconf 78' lang='grc' dir='ltr'>ἡ</span> <span class='ocrx_word' id='word_1_29' title='bbox 152 518 194 564; x_wconf 80' lang='grc' dir='ltr'><strong>Α</strong></span> <span class='ocrx_word' id='word_1_30' title='bbox 229 514 376 570; x_wconf 90' lang='grc' dir='ltr'><strong>καιὴ</strong></span> <span class='ocrx_word' id='word_1_31' title='bbox 411 511 559 587; x_wconf 83' lang='grc' dir='ltr'><strong>ἑτέρα</strong></span> <span class='ocrx_word' id='word_1_32' title='bbox 611 518 678 583; x_wconf 92' lang='grc' dir='ltr'><strong>Λ,</strong></span> <span class='ocrx_word' id='word_1_33' title='bbox 739 515 794 566; x_wconf 84' lang='grc' dir='ltr'><strong>αἱ</strong></span> <span class='ocrx_word' id='word_1_34' title='bbox 851 511 910 568; x_wconf 69' lang='grc' dir='ltr'><strong>δὲ</strong></span> <span class='ocrx_word' id='word_1_35' title='bbox 968 518 1094 590; x_wconf 84' lang='grc' dir='ltr'><strong>πρός</strong></span> <span class='ocrx_word' id='word_1_36' title='bbox 1149 518 1342 576; x_wconf 78' lang='grc' dir='ltr'><strong>ταύτας</strong></span> <span class='ocrx_word' id='word_1_37' title='bbox 1383 523 1420 567; x_wconf 90' lang='grc' dir='ltr'>Β</span> <span class='ocrx_word' id='word_1_38' title='bbox 1475 535 1565 568; x_wconf 87' lang='grc' dir='ltr'><strong>και</strong></span> <span class='ocrx_word' id='word_1_39' title='bbox 1609 521 1660 568; x_wconf 89' lang='grc' dir='ltr'><strong>Μ</strong></span> 
     </span>
    </p>
   </div>
   <div class='ocr_carea' id='block_1_6' title="bbox 14 601 1661 677">
    <p class='ocr_par' dir='ltr' id='par_1_6' title="bbox 14 601 1661 677">
     <span class='ocr_line' id='line_1_6' title="bbox 14 601 1661 677; baseline 0.003 -26"><span class='ocrx_word' id='word_1_40' title='bbox 14 602 250 667; x_wconf 78' lang='grc' dir='ltr'><strong>ὔξησις,</strong></span> <span class='ocrx_word' id='word_1_41' title='bbox 283 621 374 654; x_wconf 90' lang='grc' dir='ltr'><strong>και</strong></span> <span class='ocrx_word' id='word_1_42' title='bbox 430 603 461 659; x_wconf 79' lang='grc' dir='ltr'>ἡ</span> <span class='ocrx_word' id='word_1_43' title='bbox 514 607 552 654; x_wconf 92' lang='grc' dir='ltr'><strong>Γ</strong></span> <span class='ocrx_word' id='word_1_44' title='bbox 605 622 692 654; x_wconf 91' lang='grc' dir='ltr'><strong>και</strong></span> <span class='ocrx_word' id='word_1_45' title='bbox 739 609 785 654; x_wconf 91' lang='grc' dir='ltr'><strong>Ν</strong></span> <span class='ocrx_word' id='word_1_46' title='bbox 825 601 1081 665; x_wconf 78' lang='grc' dir='ltr'><strong>ἐπίτασις·</strong></span> <span class='ocrx_word' id='word_1_47' title='bbox 1166 605 1211 656; x_wconf 81' lang='grc' dir='ltr'><strong>εἰ</strong></span> <span class='ocrx_word' id='word_1_48' title='bbox 1262 611 1386 677; x_wconf 73' lang='grc' dir='ltr'><strong>’γοῦν</strong></span> <span class='ocrx_word' id='word_1_49' title='bbox 1442 612 1504 677; x_wconf 73' lang='grc' dir='ltr'><strong>τῇ</strong></span> <span class='ocrx_word' id='word_1_50' title='bbox 1571 605 1661 656; x_wconf 65' lang='lat'>616-</span> 
     </span>
    </p>
   </div>
   <div class='ocr_carea' id='block_1_7' title="bbox 14 690 1659 761">
    <p class='ocr_par' dir='ltr' id='par_1_7' title="bbox 14 690 1659 761">
     <span class='ocr_line' id='line_1_7' title="bbox 14 690 1659 761; baseline 0.001 -19"><span class='ocrx_word' id='word_1_51' title='bbox 14 695 150 747; x_wconf 80' lang='grc' dir='ltr'><strong>ήσει</strong></span> <span class='ocrx_word' id='word_1_52' title='bbox 206 697 246 742; x_wconf 92' lang='grc' dir='ltr'>Β</span> <span class='ocrx_word' id='word_1_53' title='bbox 289 697 339 743; x_wconf 90' lang='grc' dir='ltr'><strong>Μ</strong></span> <span class='ocrx_word' id='word_1_54' title='bbox 381 691 412 748; x_wconf 83' lang='grc' dir='ltr'>ἡ</span> <span class='ocrx_word' id='word_1_55' title='bbox 477 696 514 742; x_wconf 93' lang='grc' dir='ltr'>Γ</span> <span class='ocrx_word' id='word_1_56' title='bbox 549 697 597 744; x_wconf 87' lang='grc' dir='ltr'>Ν</span> <span class='ocrx_word' id='word_1_57' title='bbox 653 690 912 761; x_wconf 71' lang='grc' dir='ltr'><strong>ἐπίτασις,</strong></span> <span class='ocrx_word' id='word_1_58' title='bbox 970 693 1000 752; x_wconf 75' lang='grc' dir='ltr'><strong><em>ἦ</em></strong></span> <span class='ocrx_word' id='word_1_59' title='bbox 1084 695 1153 754; x_wconf 82' lang='grc' dir='ltr'><strong>ὡς</strong></span> <span class='ocrx_word' id='word_1_60' title='bbox 1235 690 1424 745; x_wconf 84' lang='grc' dir='ltr'><strong>δεκάσι</strong></span> <span class='ocrx_word' id='word_1_61' title='bbox 1505 690 1659 745; x_wconf 73' lang='grc' dir='ltr'><strong>δεκά-</strong></span> 
     </span>
    </p>
   </div>
   <div class='ocr_carea' id='block_1_8' title="bbox 13 777 1661 852">
    <p class='ocr_par' dir='ltr' id='par_1_8' title="bbox 13 777 1661 852">
     <span class='ocr_line' id='line_1_8' title="bbox 13 777 1661 852; baseline 0.003 -22"><span class='ocrx_word' id='word_1_62' title='bbox 13 782 103 842; x_wconf 84' lang='grc' dir='ltr'><strong>“ες,</strong></span> <span class='ocrx_word' id='word_1_63' title='bbox 161 783 194 837; x_wconf 80' lang='grc' dir='ltr'>ἦ</span> <span class='ocrx_word' id='word_1_64' title='bbox 249 782 314 840; x_wconf 79' lang='grc' dir='ltr'><strong>ὡς</strong></span> <span class='ocrx_word' id='word_1_65' title='bbox 395 777 619 852; x_wconf 82' lang='grc' dir='ltr'><strong>μονάδες</strong></span> <span class='ocrx_word' id='word_1_66' title='bbox 689 783 900 852; x_wconf 84' lang='grc' dir='ltr'><strong>μονάσι,</strong></span> <span class='ocrx_word' id='word_1_67' title='bbox 951 801 1041 833; x_wconf 87' lang='grc' dir='ltr'><strong>και</strong></span> <span class='ocrx_word' id='word_1_68' title='bbox 1123 783 1154 840; x_wconf 82' lang='grc' dir='ltr'>ἡ</span> <span class='ocrx_word' id='word_1_69' title='bbox 1231 788 1268 834; x_wconf 89' lang='grc' dir='ltr'>Β</span> <span class='ocrx_word' id='word_1_70' title='bbox 1339 789 1392 834; x_wconf 86' lang='grc' dir='ltr'><strong>Μ</strong></span> <span class='ocrx_word' id='word_1_71' title='bbox 1471 789 1566 843; x_wconf 85' lang='grc' dir='ltr'><strong>τῆς</strong></span> <span class='ocrx_word' id='word_1_72' title='bbox 1612 783 1661 836; x_wconf 84' lang='grc' dir='ltr'><strong>Α</strong></span> 
     </span>
    </p>
   </div>
   <div class='ocr_carea' id='block_1_9' title="bbox 75 867 1660 944">
    <p class='ocr_par' dir='ltr' id='par_1_9' title="bbox 75 867 1660 944">
     <span class='ocr_line' id='line_1_9' title="bbox 75 867 1660 944; baseline 0 -22"><span class='ocrx_word' id='word_1_73' title='bbox 75 869 232 922; x_wconf 84' lang='grc' dir='ltr'><strong>ἐσται</strong></span> <span class='ocrx_word' id='word_1_74' title='bbox 289 869 550 932; x_wconf 78' lang='grc' dir='ltr'><strong>ἐπίτασις,</strong></span> <span class='ocrx_word' id='word_1_75' title='bbox 595 873 624 928; x_wconf 81' lang='grc' dir='ltr'><strong>ἥ</strong></span> <span class='ocrx_word' id='word_1_76' title='bbox 677 873 745 932; x_wconf 83' lang='grc' dir='ltr'><strong>ὡς</strong></span> <span class='ocrx_word' id='word_1_77' title='bbox 791 867 1007 932; x_wconf 77' lang='grc' dir='ltr'><strong>δεκάδες</strong></span> <span class='ocrx_word' id='word_1_78' title='bbox 1058 867 1296 938; x_wconf 76' lang='grc' dir='ltr'><strong>δεκάσιν,</strong></span> <span class='ocrx_word' id='word_1_79' title='bbox 1356 871 1385 929; x_wconf 78' lang='grc' dir='ltr'><strong><em>ἦ</em></strong></span> <span class='ocrx_word' id='word_1_80' title='bbox 1429 873 1496 932; x_wconf 82' lang='grc' dir='ltr'><strong>ὡς</strong></span> <span class='ocrx_word' id='word_1_81' title='bbox 1569 890 1660 944; x_wconf 81' lang='grc' dir='ltr'><strong>μο⁶</strong></span> 
     </span>
    </p>
   </div>
   <div class='ocr_carea' id='block_1_10' title="bbox 14 955 1658 1035">
    <p class='ocr_par' dir='ltr' id='par_1_10' title="bbox 14 955 1658 1035">
     <span class='ocr_line' id='line_1_10' title="bbox 14 955 1658 1035; baseline 0 -25"><span class='ocrx_word' id='word_1_82' title='bbox 14 955 152 1019; x_wconf 78' lang='grc' dir='ltr'><strong>άδες</strong></span> <span class='ocrx_word' id='word_1_83' title='bbox 206 962 422 1032; x_wconf 90' lang='grc' dir='ltr'><strong>μονάσι,</strong></span> <span class='ocrx_word' id='word_1_84' title='bbox 493 963 616 1032; x_wconf 91' lang='grc' dir='ltr'><strong>τρία</strong></span> <span class='ocrx_word' id='word_1_85' title='bbox 681 967 804 1030; x_wconf 77' lang='grc' dir='ltr'><strong>γοῦν</strong></span> <span class='ocrx_word' id='word_1_86' title='bbox 878 960 981 1012; x_wconf 85' lang='grc' dir='ltr'><strong>εἰσι</strong></span> <span class='ocrx_word' id='word_1_87' title='bbox 1060 963 1124 1012; x_wconf 85' lang='grc' dir='ltr'><strong>τὰ</strong></span> <span class='ocrx_word' id='word_1_88' title='bbox 1197 961 1426 1029; x_wconf 77' lang='grc' dir='ltr'><strong>τεθέντα,</strong></span> <span class='ocrx_word' id='word_1_89' title='bbox 1499 961 1658 1035; x_wconf 82' lang='grc' dir='ltr'><strong>ὁρμὴ,</strong></span> 
     </span>
    </p>
   </div>
   <div class='ocr_carea' id='block_1_11' title="bbox 13 1047 1660 1122">
    <p class='ocr_par' dir='ltr' id='par_1_11' title="bbox 13 1047 1660 1122">
     <span class='ocr_line' id='line_1_11' title="bbox 13 1047 1660 1122; baseline 0.002 -24"><span class='ocrx_word' id='word_1_90' title='bbox 13 1047 251 1113; x_wconf 76' lang='grc' dir='ltr'><strong>εὖξησις,</strong></span> <span class='ocrx_word' id='word_1_91' title='bbox 277 1048 513 1108; x_wconf 87' lang='grc' dir='ltr'><strong>ἐπίτασις</strong></span> <span class='ocrx_word' id='word_1_92' title='bbox 546 1069 558 1082; x_wconf 77' lang='grc' dir='ltr'><strong><em>σ</em></strong></span> <span class='ocrx_word' id='word_1_93' title='bbox 595 1048 625 1106; x_wconf 86' lang='grc' dir='ltr'>ἡ</span> <span class='ocrx_word' id='word_1_94' title='bbox 659 1049 793 1122; x_wconf 82' lang='grc' dir='ltr'><strong>ὁρμὴ</strong></span> <span class='ocrx_word' id='word_1_95' title='bbox 839 1056 960 1118; x_wconf 81' lang='grc' dir='ltr'><strong>γοῦν</strong></span> <span class='ocrx_word' id='word_1_96' title='bbox 1008 1051 1078 1109; x_wconf 84' lang='grc' dir='ltr'><strong>ὡς</strong></span> <span class='ocrx_word' id='word_1_97' title='bbox 1137 1051 1317 1122; x_wconf 81' lang='grc' dir='ltr'><strong>μονὰς,</strong></span> <span class='ocrx_word' id='word_1_98' title='bbox 1365 1049 1394 1107; x_wconf 80' lang='grc' dir='ltr'>ἡ</span> <span class='ocrx_word' id='word_1_99' title='bbox 1443 1049 1660 1112; x_wconf 71' lang='grc' dir='ltr'><strong>αὔξησις</strong></span> 
     </span>
    </p>
   </div>
   <div class='ocr_carea' id='block_1_12' title="bbox 13 1133 1654 1212">
    <p class='ocr_par' dir='ltr' id='par_1_12' title="bbox 13 1133 1654 1212">
     <span class='ocr_line' id='line_1_12' title="bbox 13 1133 1654 1212; baseline 0.001 -24"><span class='ocrx_word' id='word_1_100' title='bbox 13 1157 54 1197; x_wconf 74' lang='grc' dir='ltr'><strong>ις</strong></span> <span class='ocrx_word' id='word_1_101' title='bbox 94 1133 259 1205; x_wconf 83' lang='grc' dir='ltr'><strong>δυὰς,</strong></span> <span class='ocrx_word' id='word_1_102' title='bbox 299 1139 328 1195; x_wconf 78' lang='grc' dir='ltr'>ἡ</span> <span class='ocrx_word' id='word_1_103' title='bbox 380 1135 618 1197; x_wconf 68' lang='grc' dir='ltr'><strong>ἐπίτασις</strong></span> <span class='ocrx_word' id='word_1_104' title='bbox 663 1139 731 1200; x_wconf 84' lang='grc' dir='ltr'><strong>ὡς</strong></span> <span class='ocrx_word' id='word_1_105' title='bbox 777 1139 922 1212; x_wconf 66' lang='grc' dir='ltr'><strong>τριάς</strong></span> <span class='ocrx_word' id='word_1_106' title='bbox 972 1159 984 1171; x_wconf 94' lang='lat'><strong>&#39;</strong></span> <span class='ocrx_word' id='word_1_107' title='bbox 1036 1141 1172 1190; x_wconf 82' lang='grc' dir='ltr'><strong>κατὰ</strong></span> <span class='ocrx_word' id='word_1_108' title='bbox 1224 1144 1350 1209; x_wconf 78' lang='grc' dir='ltr'><strong>γοῦν</strong></span> <span class='ocrx_word' id='word_1_109' title='bbox 1396 1140 1484 1198; x_wconf 86' lang='grc' dir='ltr'><strong>τὰς</strong></span> <span class='ocrx_word' id='word_1_110' title='bbox 1541 1159 1654 1190; x_wconf 89' lang='grc' dir='ltr'><strong>συν-</strong></span> 
     </span>
    </p>
   </div>
   <div class='ocr_carea' id='block_1_13' title="bbox 20 1225 1659 1303">
    <p class='ocr_par' dir='ltr' id='par_1_13' title="bbox 20 1225 1659 1303">
     <span class='ocr_line' id='line_1_13' title="bbox 20 1225 1659 1303; baseline 0 -24"><span class='ocrx_word' id='word_1_111' title='bbox 20 1231 172 1288; x_wconf 85' lang='grc' dir='ltr'><strong>ἐσεις</strong></span> <span class='ocrx_word' id='word_1_112' title='bbox 227 1246 320 1278; x_wconf 92' lang='grc' dir='ltr'><strong>και</strong></span> <span class='ocrx_word' id='word_1_113' title='bbox 353 1230 474 1286; x_wconf 89' lang='grc' dir='ltr'><strong>τοὺς</strong></span> <span class='ocrx_word' id='word_1_114' title='bbox 529 1229 912 1301; x_wconf 81' lang='grc' dir='ltr'><strong>σπερματικοὺς</strong></span> <span class='ocrx_word' id='word_1_115' title='bbox 959 1225 1168 1298; x_wconf 77' lang='grc' dir='ltr'><strong>λόγους,</strong></span> <span class='ocrx_word' id='word_1_116' title='bbox 1213 1227 1243 1285; x_wconf 80' lang='grc' dir='ltr'>ἡ</span> <span class='ocrx_word' id='word_1_117' title='bbox 1311 1229 1402 1300; x_wconf 69' lang='grc' dir='ltr'><strong>μὲν</strong></span> <span class='ocrx_word' id='word_1_118' title='bbox 1458 1246 1659 1303; x_wconf 82' lang='grc' dir='ltr'><strong>πρωτη,</strong></span> 
     </span>
    </p>
   </div>
   <div class='ocr_carea' id='block_1_14' title="bbox 13 1311 1662 1390">
    <p class='ocr_par' dir='ltr' id='par_1_14' title="bbox 13 1311 1662 1390">
     <span class='ocr_line' id='line_1_14' title="bbox 13 1311 1662 1390; baseline 0.001 -23"><span class='ocrx_word' id='word_1_119' title='bbox 13 1319 204 1388; x_wconf 75' lang='grc' dir='ltr'><strong>-τιγμή</strong></span> <span class='ocrx_word' id='word_1_120' title='bbox 247 1335 336 1367; x_wconf 89' lang='grc' dir='ltr'><strong>και</strong></span> <span class='ocrx_word' id='word_1_121' title='bbox 391 1311 611 1386; x_wconf 72' lang='grc' dir='ltr'><strong>δύναμις</strong></span> <span class='ocrx_word' id='word_1_122' title='bbox 651 1319 874 1385; x_wconf 81' lang='grc' dir='ltr'><strong>μήκους,</strong></span> <span class='ocrx_word' id='word_1_123' title='bbox 932 1317 961 1374; x_wconf 81' lang='grc' dir='ltr'><strong>ἠ</strong></span> <span class='ocrx_word' id='word_1_124' title='bbox 1021 1311 1258 1390; x_wconf 83' lang='grc' dir='ltr'><strong>δευτέρα,</strong></span> <span class='ocrx_word' id='word_1_125' title='bbox 1304 1321 1520 1390; x_wconf 78' lang='grc' dir='ltr'><strong>γραμμὴ</strong></span> <span class='ocrx_word' id='word_1_126' title='bbox 1572 1337 1662 1370; x_wconf 89' lang='grc' dir='ltr'><strong>και</strong></span> 
     </span>
    </p>
   </div>
   <div class='ocr_carea' id='block_1_15' title="bbox 13 1401 1664 1479">
    <p class='ocr_par' dir='ltr' id='par_1_15' title="bbox 13 1401 1664 1479">
     <span class='ocr_line' id='line_1_15' title="bbox 13 1401 1664 1479; baseline 0.002 -23"><span class='ocrx_word' id='word_1_127' title='bbox 13 1405 228 1478; x_wconf 72' lang='grc' dir='ltr'><strong>⁸ὐναμις</strong></span> <span class='ocrx_word' id='word_1_128' title='bbox 266 1404 510 1468; x_wconf 75' lang='grc' dir='ltr'><strong>πλάτους,</strong></span> <span class='ocrx_word' id='word_1_129' title='bbox 565 1406 596 1463; x_wconf 81' lang='grc' dir='ltr'>ἡ</span> <span class='ocrx_word' id='word_1_130' title='bbox 649 1401 709 1456; x_wconf 73' lang='grc' dir='ltr'><strong>δὲ</strong></span> <span class='ocrx_word' id='word_1_131' title='bbox 759 1408 931 1479; x_wconf 88' lang='grc' dir='ltr'><strong>τρίτη,</strong></span> <span class='ocrx_word' id='word_1_132' title='bbox 972 1406 1243 1476; x_wconf 71' lang='grc' dir='ltr'><strong>επιφάνεια</strong></span> <span class='ocrx_word' id='word_1_133' title='bbox 1289 1426 1380 1458; x_wconf 88' lang='grc' dir='ltr'><strong>και</strong></span> <span class='ocrx_word' id='word_1_134' title='bbox 1439 1402 1664 1479; x_wconf 76' lang='grc' dir='ltr'><strong>δύναμις</strong></span> 
     </span>
    </p>
   </div>
   <div class='ocr_carea' id='block_1_16' title="bbox 13 1490 1666 1569">
    <p class='ocr_par' dir='ltr' id='par_1_16' title="bbox 13 1490 1666 1569">
     <span class='ocr_line' id='line_1_16' title="bbox 13 1490 1666 1569; baseline 0.002 -24"><span class='ocrx_word' id='word_1_135' title='bbox 13 1495 228 1557; x_wconf 65' lang='grc' dir='ltr'><strong>ἲάθους,</strong></span> <span class='ocrx_word' id='word_1_136' title='bbox 284 1497 349 1546; x_wconf 81' lang='grc' dir='ltr'><strong>τὰ</strong></span> <span class='ocrx_word' id='word_1_137' title='bbox 402 1491 460 1546; x_wconf 73' lang='grc' dir='ltr'><strong>δὲ</strong></span> <span class='ocrx_word' id='word_1_138' title='bbox 495 1498 615 1566; x_wconf 87' lang='grc' dir='ltr'><strong>τρία</strong></span> <span class='ocrx_word' id='word_1_139' title='bbox 669 1490 893 1566; x_wconf 83' lang='grc' dir='ltr'><strong>δύναμις</strong></span> <span class='ocrx_word' id='word_1_140' title='bbox 947 1499 1209 1566; x_wconf 82' lang='grc' dir='ltr'><strong>σώματος,</strong></span> <span class='ocrx_word' id='word_1_141' title='bbox 1267 1498 1325 1547; x_wconf 87' lang='grc' dir='ltr'><strong>τό</strong></span> <span class='ocrx_word' id='word_1_142' title='bbox 1394 1491 1454 1548; x_wconf 73' lang='grc' dir='ltr'><strong>δὲ</strong></span> <span class='ocrx_word' id='word_1_143' title='bbox 1512 1504 1666 1569; x_wconf 87' lang='grc' dir='ltr'><strong>σῶμα</strong></span> 
     </span>
    </p>
   </div>
   <div class='ocr_carea' id='block_1_17' title="bbox 13 1578 1664 1656">
    <p class='ocr_par' dir='ltr' id='par_1_17' title="bbox 13 1578 1664 1656">
     <span class='ocr_line' id='line_1_17' title="bbox 13 1578 1664 1656; baseline 0.002 -22"><span class='ocrx_word' id='word_1_144' title='bbox 13 1592 194 1648; x_wconf 71' lang='grc' dir='ltr'><strong>τοσοῦ,</strong></span> <span class='ocrx_word' id='word_1_145' title='bbox 243 1585 303 1634; x_wconf 90' lang='grc' dir='ltr'><strong>τὸ</strong></span> <span class='ocrx_word' id='word_1_146' title='bbox 353 1586 515 1635; x_wconf 87' lang='grc' dir='ltr'><strong>ποσὸν</strong></span> <span class='ocrx_word' id='word_1_147' title='bbox 567 1578 626 1634; x_wconf 65' lang='grc' dir='ltr'><strong>δὲ</strong></span> <span class='ocrx_word' id='word_1_148' title='bbox 664 1581 712 1634; x_wconf 72' lang='grc' dir='ltr'><strong>ἐν</strong></span> <span class='ocrx_word' id='word_1_149' title='bbox 753 1589 863 1642; x_wconf 86' lang='grc' dir='ltr'><strong>τοῖς</strong></span> <span class='ocrx_word' id='word_1_150' title='bbox 898 1588 1045 1655; x_wconf 80' lang='grc' dir='ltr'><strong>τρισὶ</strong></span> <span class='ocrx_word' id='word_1_151' title='bbox 1100 1585 1420 1656; x_wconf 71' lang='grc' dir='ltr'><strong>περιάγεται,</strong></span> <span class='ocrx_word' id='word_1_152' title='bbox 1469 1589 1559 1636; x_wconf 85' lang='grc' dir='ltr'><strong>καὶ</strong></span> <span class='ocrx_word' id='word_1_153' title='bbox 1622 1587 1664 1637; x_wconf 88' lang='grc' dir='ltr'><strong>εἰ</strong></span> 
     </span>
    </p>
   </div>
   <div class='ocr_carea' id='block_1_18' title="bbox 13 1669 1664 1746">
    <p class='ocr_par' dir='ltr' id='par_1_18' title="bbox 13 1669 1664 1746">
     <span class='ocr_line' id='line_1_18' title="bbox 13 1669 1664 1746; baseline 0.001 -22"><span class='ocrx_word' id='word_1_154' title='bbox 13 1677 89 1726; x_wconf 67' lang='grc' dir='ltr'><strong>ιὲν</strong></span> <span class='ocrx_word' id='word_1_155' title='bbox 141 1673 299 1745; x_wconf 86' lang='grc' dir='ltr'><strong>σῶμά</strong></span> <span class='ocrx_word' id='word_1_156' title='bbox 321 1691 433 1732; x_wconf 88' lang='grc' dir='ltr'><strong>πως</strong></span> <span class='ocrx_word' id='word_1_157' title='bbox 519 1669 716 1744; x_wconf 56' lang='grc' dir='ltr'><strong>ὑπερϐῇ</strong></span> <span class='ocrx_word' id='word_1_158' title='bbox 796 1674 915 1731; x_wconf 85' lang='grc' dir='ltr'><strong>τοὺς</strong></span> <span class='ocrx_word' id='word_1_159' title='bbox 1008 1673 1180 1746; x_wconf 87' lang='grc' dir='ltr'><strong>ὅρους,</strong></span> <span class='ocrx_word' id='word_1_160' title='bbox 1270 1672 1315 1724; x_wconf 83' lang='grc' dir='ltr'><strong>εἰ</strong></span> <span class='ocrx_word' id='word_1_161' title='bbox 1388 1692 1481 1724; x_wconf 87' lang='grc' dir='ltr'><strong>και</strong></span> <span class='ocrx_word' id='word_1_162' title='bbox 1541 1673 1664 1726; x_wconf 80' lang='grc' dir='ltr'><strong>ἄλλο</strong></span> 
     </span>
    </p>
   </div>
   <div class='ocr_carea' id='block_1_19' title="bbox 376 1830 1345 1918">
    <p class='ocr_par' dir='ltr' id='par_1_19' title="bbox 376 1830 1345 1918">
     <span class='ocr_line' id='line_1_19' title="bbox 376 1830 1345 1918; baseline -0.001 -40"><span class='ocrx_word' id='word_1_163' title='bbox 376 1830 527 1888; x_wconf 65' lang='grc' dir='ltr'><strong>τοίας</strong></span> <span class='ocrx_word' id='word_1_164' title='bbox 774 1853 851 1908; x_wconf 44' lang='grc' dir='ltr'><strong>σε)</strong></span> <span class='ocrx_word' id='word_1_165' title='bbox 860 1870 931 1918; x_wconf 51' lang='grc' dir='ltr'><strong>με</strong></span> <span class='ocrx_word' id='word_1_166' title='bbox 1182 1832 1345 1918; x_wconf 54' lang='grc' dir='ltr'><strong>πόσον</strong></span> 
     </span>
    </p>
   </div>
   <div class='ocr_carea' id='block_1_20' title="bbox 344 1933 1364 1998">
    <p class='ocr_par' dir='ltr' id='par_1_20' title="bbox 344 1933 1364 1998">
     <span class='ocr_line' id='line_1_20' title="bbox 344 1933 1364 1998; baseline 0 0"><span class='ocrx_word' id='word_1_167' title='bbox 344 1933 469 1998; x_wconf 79' lang='grc' dir='ltr'><strong>ΔΛ</strong></span> <span class='ocrx_word' id='word_1_168' title='bbox 838 1956 870 1998; x_wconf 82' lang='grc' dir='ltr'><strong>Α</strong></span> <span class='ocrx_word' id='word_1_169' title='bbox 901 1939 944 1992; x_wconf 84' lang='grc' dir='ltr'>Β</span> <span class='ocrx_word' id='word_1_170' title='bbox 1242 1933 1364 1998; x_wconf 66' lang='grc' dir='ltr'><strong>[ΧΓ</strong></span> 
     </span>
    </p>
   </div>
   <div class='ocr_carea' id='block_1_21' title="bbox 549 1999 1173 2070">
    <p class='ocr_par' dir='ltr' id='par_1_21' title="bbox 549 1999 1173 2070">
     <span class='ocr_line' id='line_1_21' title="bbox 549 1999 1173 2070; baseline 0.002 0"><span class='ocrx_word' id='word_1_171' title='bbox 549 2005 766 2070; x_wconf 71' lang='grc' dir='ltr'><strong>ποιότης</strong></span> <span class='ocrx_word' id='word_1_172' title='bbox 784 1999 846 2070; x_wconf 97' lang='lat'><strong><em>/</em></strong></span> <span class='ocrx_word' id='word_1_173' title='bbox 862 1999 917 2070; x_wconf 96' lang='lat'><strong>\</strong></span> <span class='ocrx_word' id='word_1_174' title='bbox 955 1999 1173 2070; x_wconf 69' lang='grc' dir='ltr'><strong>ποιότης</strong></span> 
     </span>
    </p>
   </div>
   <div class='ocr_carea' id='block_1_22' title="bbox 13 2737 1663 2816">
    <p class='ocr_par' dir='ltr' id='par_1_22' title="bbox 13 2737 1663 2816">
     <span class='ocr_line' id='line_1_22' title="bbox 13 2737 1663 2816; baseline -0.002 -20"><span class='ocrx_word' id='word_1_175' title='bbox 13 2746 176 2815; x_wconf 69' lang='grc' dir='ltr'><strong>τούτῳ</strong></span> <span class='ocrx_word' id='word_1_176' title='bbox 209 2743 414 2816; x_wconf 77' lang='grc' dir='ltr'><strong>συνίλη,</strong></span> <span class='ocrx_word' id='word_1_177' title='bbox 449 2739 729 2812; x_wconf 75' lang='grc' dir='ltr'><strong>ἀδύνατον,</strong></span> <span class='ocrx_word' id='word_1_178' title='bbox 788 2741 832 2795; x_wconf 83' lang='grc' dir='ltr'><strong>εἱ</strong></span> <span class='ocrx_word' id='word_1_179' title='bbox 892 2737 952 2794; x_wconf 67' lang='grc' dir='ltr'><strong>δὲ</strong></span> <span class='ocrx_word' id='word_1_180' title='bbox 1009 2739 1308 2814; x_wconf 81' lang='grc' dir='ltr'><strong>ἀσώματον,</strong></span> <span class='ocrx_word' id='word_1_181' title='bbox 1365 2741 1392 2800; x_wconf 72' lang='grc' dir='ltr'><strong><em>ἦ</em></strong></span> <span class='ocrx_word' id='word_1_182' title='bbox 1450 2744 1663 2798; x_wconf 85' lang='grc' dir='ltr'><strong>ποιότη-</strong></span> 
     </span>
    </p>
   </div>
   <div class='ocr_carea' id='block_1_23' title="bbox 13 2828 1661 2904">
    <p class='ocr_par' dir='ltr' id='par_1_23' title="bbox 13 2828 1661 2904">
     <span class='ocr_line' id='line_1_23' title="bbox 13 2828 1661 2904; baseline -0.002 -18"><span class='ocrx_word' id='word_1_183' title='bbox 13 2838 100 2894; x_wconf 69' lang='grc' dir='ltr'><strong>τός</strong></span> <span class='ocrx_word' id='word_1_184' title='bbox 155 2831 290 2904; x_wconf 84' lang='grc' dir='ltr'><strong>ἐστι,</strong></span> <span class='ocrx_word' id='word_1_185' title='bbox 339 2836 430 2885; x_wconf 84' lang='grc' dir='ltr'><strong>καὶ</strong></span> <span class='ocrx_word' id='word_1_186' title='bbox 478 2831 573 2885; x_wconf 74' lang='grc' dir='ltr'><strong>οὐκ</strong></span> <span class='ocrx_word' id='word_1_187' title='bbox 616 2831 736 2884; x_wconf 75' lang='grc' dir='ltr'><strong>ἄλλο</strong></span> <span class='ocrx_word' id='word_1_188' title='bbox 787 2835 1064 2903; x_wconf 76' lang='grc' dir='ltr'><strong>γενήσεται</strong></span> <span class='ocrx_word' id='word_1_189' title='bbox 1119 2833 1178 2883; x_wconf 91' lang='lat'><strong>1&#39;6</strong></span> <span class='ocrx_word' id='word_1_190' title='bbox 1223 2830 1478 2900; x_wconf 65' lang='grc' dir='ltr'><strong>ἐπιταθὲν,</strong></span> <span class='ocrx_word' id='word_1_191' title='bbox 1553 2828 1661 2882; x_wconf 79' lang='grc' dir='ltr'><strong>ἀλλ’</strong></span> 
     </span>
    </p>
   </div>
   <div class='ocr_carea' id='block_1_24' title="bbox 13 3005 1666 3081">
    <p class='ocr_par' dir='ltr' id='par_1_24' title="bbox 13 3005 1666 3081">
     <span class='ocr_line' id='line_1_24' title="bbox 13 3005 1666 3081; baseline -0.002 -15"><span class='ocrx_word' id='word_1_192' title='bbox 13 3007 446 3081; x_wconf 79' lang='lat' dir='ltr'><strong>:ompositione</strong></span> <span class='ocrx_word' id='word_1_193' title='bbox 473 3006 666 3063; x_wconf 88' lang='lat' dir='ltr'><strong>inesse</strong></span> <span class='ocrx_word' id='word_1_194' title='bbox 690 3006 1090 3063; x_wconf 89' lang='lat' dir='ltr'><strong>intensionem</strong></span> <span class='ocrx_word' id='word_1_195' title='bbox 1115 3021 1188 3063; x_wconf 85' lang='lat' dir='ltr'><strong>ex</strong></span> <span class='ocrx_word' id='word_1_196' title='bbox 1211 3005 1575 3073; x_wconf 89' lang='lat' dir='ltr'><strong>alteratione,</strong></span> <span class='ocrx_word' id='word_1_197' title='bbox 1599 3010 1666 3062; x_wconf 87' lang='lat' dir='ltr'><strong>ut</strong></span> 
     </span>
    </p>
   </div>
   <div class='ocr_carea' id='block_1_25' title="bbox 13 3097 1665 3170">
    <p class='ocr_par' dir='ltr' id='par_1_25' title="bbox 13 3097 1665 3170">
     <span class='ocr_line' id='line_1_25' title="bbox 13 3097 1665 3170; baseline -0.001 -16"><span class='ocrx_word' id='word_1_198' title='bbox 13 3105 93 3156; x_wconf 60' lang='lat' dir='ltr'><strong>:ta</strong></span> <span class='ocrx_word' id='word_1_199' title='bbox 123 3097 572 3170; x_wconf 76' lang='lat' dir='ltr'><strong>dicamzidque</strong></span> <span class='ocrx_word' id='word_1_200' title='bbox 623 3112 747 3153; x_wconf 91' lang='lat' dir='ltr'><strong>non</strong></span> <span class='ocrx_word' id='word_1_201' title='bbox 795 3112 1032 3169; x_wconf 86' lang='lat' dir='ltr'><strong>semper</strong></span> <span class='ocrx_word' id='word_1_202' title='bbox 1090 3115 1104 3164; x_wconf 91' lang='lat'><strong>;</strong></span> <span class='ocrx_word' id='word_1_203' title='bbox 1159 3097 1477 3170; x_wconf 83' lang='lat' dir='ltr'><strong>quantitati</strong></span> <span class='ocrx_word' id='word_1_204' title='bbox 1522 3112 1665 3153; x_wconf 89' lang='lat' dir='ltr'><strong>vero</strong></span> 
     </span>
    </p>
   </div>
   <div class='ocr_carea' id='block_1_26' title="bbox 16 3185 1662 3260">
    <p class='ocr_par' dir='ltr' id='par_1_26' title="bbox 16 3185 1662 3260">
     <span class='ocr_line' id='line_1_26' title="bbox 16 3185 1662 3260; baseline -0.002 -17"><span class='ocrx_word' id='word_1_205' title='bbox 16 3193 310 3260; x_wconf 65' lang='lat' dir='ltr'><strong>[uatenus</strong></span> <span class='ocrx_word' id='word_1_206' title='bbox 361 3192 451 3242; x_wconf 92' lang='lat' dir='ltr'><strong>est</strong></span> <span class='ocrx_word' id='word_1_207' title='bbox 508 3185 811 3258; x_wconf 80' lang='lat' dir='ltr'><strong>quantitas</strong></span> <span class='ocrx_word' id='word_1_208' title='bbox 859 3185 1260 3241; x_wconf 90' lang='lat' dir='ltr'><strong>intensionem</strong></span> <span class='ocrx_word' id='word_1_209' title='bbox 1347 3201 1662 3257; x_wconf 87' lang='lat' dir='ltr'><strong>nunquam</strong></span> 
     </span>
    </p>
   </div>
   <div class='ocr_carea' id='block_1_27' title="bbox 15 3274 1666 3346">
    <p class='ocr_par' dir='ltr' id='par_1_27' title="bbox 15 3274 1666 3346">
     <span class='ocr_line' id='line_1_27' title="bbox 15 3274 1666 3346; baseline -0.003 -12"><span class='ocrx_word' id='word_1_210' title='bbox 15 3275 300 3334; x_wconf 77' lang='lat' dir='ltr'><strong>tccidere.</strong></span> <span class='ocrx_word' id='word_1_211' title='bbox 333 3278 469 3332; x_wconf 91' lang='lat' dir='ltr'><strong>Esto</strong></span> <span class='ocrx_word' id='word_1_212' title='bbox 498 3275 678 3345; x_wconf 79' lang='lat' dir='ltr'><strong>igitur</strong></span> <span class='ocrx_word' id='word_1_213' title='bbox 723 3289 761 3330; x_wconf 90' lang='lat' dir='ltr'><strong>a</strong></span> <span class='ocrx_word' id='word_1_214' title='bbox 811 3274 844 3328; x_wconf 90' lang='lat' dir='ltr'><strong><em>b</em></strong></span> <span class='ocrx_word' id='word_1_215' title='bbox 888 3290 919 3330; x_wconf 90' lang='lat' dir='ltr'><strong>c</strong></span> <span class='ocrx_word' id='word_1_216' title='bbox 966 3275 1269 3346; x_wconf 83' lang='lat' dir='ltr'><strong>quantitas</strong></span> <span class='ocrx_word' id='word_1_217' title='bbox 1321 3292 1333 3329; x_wconf 91' lang='lat'><strong>:</strong></span> <span class='ocrx_word' id='word_1_218' title='bbox 1397 3274 1666 3330; x_wconf 84' lang='lat' dir='ltr'><strong>similiter</strong></span> 
     </span>
    </p>
   </div>
   <div class='ocr_carea' id='block_1_28' title="bbox 15 3361 1663 3436">
    <p class='ocr_par' dir='ltr' id='par_1_28' title="bbox 15 3361 1663 3436">
     <span class='ocr_line' id='line_1_28' title="bbox 15 3361 1663 3436; baseline -0.002 -15"><span class='ocrx_word' id='word_1_219' title='bbox 15 3367 192 3422; x_wconf 67' lang='lat' dir='ltr'><strong>etiam</strong></span> <span class='ocrx_word' id='word_1_220' title='bbox 245 3365 364 3421; x_wconf 83' lang='lat' dir='ltr'><strong>lm</strong></span> <span class='ocrx_word' id='word_1_221' title='bbox 425 3381 466 3420; x_wconf 84' lang='grc' dir='ltr'><strong>η</strong></span> <span class='ocrx_word' id='word_1_222' title='bbox 515 3364 837 3436; x_wconf 86' lang='lat' dir='ltr'><strong>quantitas.</strong></span> <span class='ocrx_word' id='word_1_223' title='bbox 891 3365 1132 3434; x_wconf 86' lang='lat' dir='ltr'><strong>Oportet</strong></span> <span class='ocrx_word' id='word_1_224' title='bbox 1220 3361 1533 3418; x_wconf 85' lang='lat' dir='ltr'><strong>ostendere</strong></span> <span class='ocrx_word' id='word_1_225' title='bbox 1601 3363 1663 3417; x_wconf 94' lang='lat' dir='ltr'><strong>in</strong></span> 
     </span>
    </p>
   </div>
   <div class='ocr_carea' id='block_1_29' title="bbox 16 3451 1664 3526">
    <p class='ocr_par' dir='ltr' id='par_1_29' title="bbox 16 3451 1664 3526">
     <span class='ocr_line' id='line_1_29' title="bbox 16 3451 1664 3526; baseline -0.002 -16"><span class='ocrx_word' id='word_1_226' title='bbox 16 3455 318 3526; x_wconf 73' lang='lat' dir='ltr'><strong>Jtriusque</strong></span> <span class='ocrx_word' id='word_1_227' title='bbox 347 3455 606 3525; x_wconf 90' lang='lat' dir='ltr'><strong>punctis,</strong></span> <span class='ocrx_word' id='word_1_228' title='bbox 639 3468 745 3507; x_wconf 91' lang='lat' dir='ltr'><strong>seu</strong></span> <span class='ocrx_word' id='word_1_229' title='bbox 771 3452 1036 3508; x_wconf 81' lang='lat' dir='ltr'><strong>terminis</strong></span> <span class='ocrx_word' id='word_1_230' title='bbox 1067 3466 1189 3506; x_wconf 91' lang='lat' dir='ltr'><strong>non</strong></span> <span class='ocrx_word' id='word_1_231' title='bbox 1225 3451 1419 3506; x_wconf 91' lang='lat' dir='ltr'><strong>inesse</strong></span> <span class='ocrx_word' id='word_1_232' title='bbox 1476 3451 1664 3507; x_wconf 92' lang='lat' dir='ltr'><strong>inten-</strong></span> 
     </span>
    </p>
   </div>
   <div class='ocr_carea' id='block_1_30' title="bbox 17 3540 1662 3615">
    <p class='ocr_par' dir='ltr' id='par_1_30' title="bbox 17 3540 1662 3615">
     <span class='ocr_line' id='line_1_30' title="bbox 17 3540 1662 3615; baseline -0.001 -17"><span class='ocrx_word' id='word_1_233' title='bbox 17 3546 241 3601; x_wconf 65' lang='lat' dir='ltr'><strong>tionem</strong></span> <span class='ocrx_word' id='word_1_234' title='bbox 295 3548 594 3615; x_wconf 84' lang='lat' dir='ltr'><strong>quatenus</strong></span> <span class='ocrx_word' id='word_1_235' title='bbox 640 3542 966 3614; x_wconf 85' lang='lat' dir='ltr'><strong>quantitate</strong></span> <span class='ocrx_word' id='word_1_236' title='bbox 1014 3545 1154 3596; x_wconf 90' lang='lat' dir='ltr'><strong>sunt</strong></span> <span class='ocrx_word' id='word_1_237' title='bbox 1211 3540 1480 3613; x_wconf 68' lang='lat' dir='ltr'><strong>praedita.</strong></span> <span class='ocrx_word' id='word_1_238' title='bbox 1529 3543 1662 3597; x_wconf 89' lang='lat' dir='ltr'><strong>Esto</strong></span> 
     </span>
    </p>
   </div>
   <div class='ocr_carea' id='block_1_31' title="bbox 20 3630 1665 3705">
    <p class='ocr_par' dir='ltr' id='par_1_31' title="bbox 20 3630 1665 3705">
     <span class='ocr_line' id='line_1_31' title="bbox 20 3630 1665 3705; baseline -0.001 -17"><span class='ocrx_word' id='word_1_239' title='bbox 20 3635 190 3705; x_wconf 83' lang='lat' dir='ltr'><strong>gitur</strong></span> <span class='ocrx_word' id='word_1_240' title='bbox 219 3632 499 3705; x_wconf 85' lang='lat' dir='ltr'><strong>appetitio</strong></span> <span class='ocrx_word' id='word_1_241' title='bbox 525 3631 727 3704; x_wconf 87' lang='lat' dir='ltr'><strong>aliqua</strong></span> <span class='ocrx_word' id='word_1_242' title='bbox 746 3647 877 3702; x_wconf 78' lang='lat' dir='ltr'><strong>quae</strong></span> <span class='ocrx_word' id='word_1_243' title='bbox 909 3632 984 3686; x_wconf 89' lang='lat' dir='ltr'><strong>sit</strong></span> <span class='ocrx_word' id='word_1_244' title='bbox 1012 3649 1068 3699; x_wconf 84' lang='grc' dir='ltr'><strong>α,</strong></span> <span class='ocrx_word' id='word_1_245' title='bbox 1093 3634 1150 3685; x_wconf 92' lang='lat' dir='ltr'><strong>et</strong></span> <span class='ocrx_word' id='word_1_246' title='bbox 1182 3630 1368 3685; x_wconf 90' lang='lat' dir='ltr'><strong>altera</strong></span> <span class='ocrx_word' id='word_1_247' title='bbox 1413 3646 1546 3702; x_wconf 71' lang='lat' dir='ltr'><strong>quae</strong></span> <span class='ocrx_word' id='word_1_248' title='bbox 1589 3630 1665 3686; x_wconf 91' lang='lat' dir='ltr'><strong>sit</strong></span> 
     </span>
    </p>
   </div>
   <div class='ocr_carea' id='block_1_32' title="bbox 17 3719 1664 3793">
    <p class='ocr_par' dir='ltr' id='par_1_32' title="bbox 17 3719 1664 3793">
     <span class='ocr_line' id='line_1_32' title="bbox 17 3719 1664 3793; baseline -0.001 -18"><span class='ocrx_word' id='word_1_249' title='bbox 17 3727 43 3777; x_wconf 79' lang='grc' dir='ltr'><strong>ἶ.</strong></span> <span class='ocrx_word' id='word_1_250' title='bbox 80 3721 172 3777; x_wconf 89' lang='lat' dir='ltr'><strong>Ad</strong></span> <span class='ocrx_word' id='word_1_251' title='bbox 193 3721 301 3777; x_wconf 81' lang='lat' dir='ltr'><strong>has</strong></span> <span class='ocrx_word' id='word_1_252' title='bbox 335 3721 732 3793; x_wconf 90' lang='lat' dir='ltr'><strong>appetitiones</strong></span> <span class='ocrx_word' id='word_1_253' title='bbox 756 3720 1088 3775; x_wconf 80' lang='lat' dir='ltr'><strong>referantur</strong></span> <span class='ocrx_word' id='word_1_254' title='bbox 1115 3719 1148 3774; x_wconf 80' lang='grc' dir='ltr'>ὁ</span> <span class='ocrx_word' id='word_1_255' title='bbox 1178 3723 1310 3774; x_wconf 91' lang='lat' dir='ltr'><strong>etm</strong></span> <span class='ocrx_word' id='word_1_256' title='bbox 1361 3735 1498 3791; x_wconf 68' lang='lat' dir='ltr'><strong>quae</strong></span> <span class='ocrx_word' id='word_1_257' title='bbox 1545 3719 1664 3774; x_wconf 88' lang='lat' dir='ltr'><strong>sint</strong></span> 
     </span>
    </p>
   </div>
   <div class='ocr_carea' id='block_1_33' title="bbox 18 3808 1663 3882">
    <p class='ocr_par' dir='ltr' id='par_1_33' title="bbox 18 3808 1663 3882">
     <span class='ocr_line' id='line_1_33' title="bbox 18 3808 1663 3882; baseline -0.004 -14"><span class='ocrx_word' id='word_1_258' title='bbox 18 3811 632 3882; x_wconf 66' lang='lat' dir='ltr'><strong>iccretio,itemquec</strong></span> <span class='ocrx_word' id='word_1_259' title='bbox 689 3812 746 3865; x_wconf 94' lang='lat' dir='ltr'><strong>et</strong></span> <span class='ocrx_word' id='word_1_260' title='bbox 799 3825 860 3874; x_wconf 86' lang='grc' dir='ltr'><strong>η,</strong></span> <span class='ocrx_word' id='word_1_261' title='bbox 904 3823 1040 3881; x_wconf 71' lang='lat' dir='ltr'><strong>quae</strong></span> <span class='ocrx_word' id='word_1_262' title='bbox 1085 3811 1202 3863; x_wconf 86' lang='lat' dir='ltr'><strong>sint</strong></span> <span class='ocrx_word' id='word_1_263' title='bbox 1255 3808 1536 3863; x_wconf 89' lang='lat' dir='ltr'><strong>intensio.</strong></span> <span class='ocrx_word' id='word_1_264' title='bbox 1601 3811 1663 3862; x_wconf 89' lang='lat' dir='ltr'><strong>In</strong></span> 
     </span>
    </p>
   </div>
   <div class='ocr_carea' id='block_1_34' title="bbox 20 3895 1663 3970">
    <p class='ocr_par' dir='ltr' id='par_1_34' title="bbox 20 3895 1663 3970">
     <span class='ocr_line' id='line_1_34' title="bbox 20 3895 1663 3970; baseline -0.003 -15"><span class='ocrx_word' id='word_1_265' title='bbox 20 3900 344 3956; x_wconf 68' lang='lat' dir='ltr'><strong>iccretione</strong></span> <span class='ocrx_word' id='word_1_266' title='bbox 371 3899 548 3967; x_wconf 84' lang='lat' dir='ltr'><strong>igitur</strong></span> <span class='ocrx_word' id='word_1_267' title='bbox 571 3914 701 3970; x_wconf 66' lang='lat' dir='ltr'><strong>qua</strong></span> <span class='ocrx_word' id='word_1_268' title='bbox 728 3902 815 3952; x_wconf 91' lang='lat' dir='ltr'><strong>est</strong></span> <span class='ocrx_word' id='word_1_269' title='bbox 845 3898 878 3952; x_wconf 79' lang='grc' dir='ltr'><strong>ὁ</strong></span> <span class='ocrx_word' id='word_1_270' title='bbox 906 3914 963 3953; x_wconf 92' lang='lat' dir='ltr'><strong>m</strong></span> <span class='ocrx_word' id='word_1_271' title='bbox 1011 3897 1163 3952; x_wconf 87' lang='lat' dir='ltr'><strong>inest</strong></span> <span class='ocrx_word' id='word_1_272' title='bbox 1196 3895 1454 3952; x_wconf 88' lang='lat' dir='ltr'><strong>intensio</strong></span> <span class='ocrx_word' id='word_1_273' title='bbox 1526 3912 1663 3968; x_wconf 67' lang='lat' dir='ltr'><strong>quae</strong></span> 
     </span>
    </p>
   </div>
   <div class='ocr_carea' id='block_1_35' title="bbox 19 3985 1667 4054">
    <p class='ocr_par' dir='ltr' id='par_1_35' title="bbox 19 3985 1667 4054">
     <span class='ocr_line' id='line_1_35' title="bbox 19 3985 1667 4054; baseline -0.002 -10"><span class='ocrx_word' id='word_1_274' title='bbox 19 3994 110 4044; x_wconf 68' lang='lat' dir='ltr'><strong>est</strong></span> <span class='ocrx_word' id='word_1_275' title='bbox 147 4004 177 4044; x_wconf 89' lang='lat' dir='ltr'><strong>c</strong></span> <span class='ocrx_word' id='word_1_276' title='bbox 201 4005 260 4054; x_wconf 86' lang='grc' dir='ltr'><strong>η,</strong></span> <span class='ocrx_word' id='word_1_277' title='bbox 279 3992 382 4044; x_wconf 91' lang='lat' dir='ltr'><strong>aut</strong></span> <span class='ocrx_word' id='word_1_278' title='bbox 412 3993 476 4042; x_wconf 93' lang='lat' dir='ltr'><strong>ut</strong></span> <span class='ocrx_word' id='word_1_279' title='bbox 502 3986 732 4042; x_wconf 80' lang='lat' dir='ltr'><strong>denarii</strong></span> <span class='ocrx_word' id='word_1_280' title='bbox 764 3985 997 4041; x_wconf 90' lang='lat' dir='ltr'><strong>numeri</strong></span> <span class='ocrx_word' id='word_1_281' title='bbox 1018 3986 1223 4041; x_wconf 88' lang='lat' dir='ltr'><strong>insunt</strong></span> <span class='ocrx_word' id='word_1_282' title='bbox 1249 3985 1540 4054; x_wconf 83' lang='lat' dir='ltr'><strong>denariis)</strong></span> <span class='ocrx_word' id='word_1_283' title='bbox 1563 3988 1667 4040; x_wconf 88' lang='lat' dir='ltr'><strong>aut</strong></span> 
     </span>
    </p>
   </div>
   <div class='ocr_carea' id='block_1_36' title="bbox 19 4073 1666 4141">
    <p class='ocr_par' dir='ltr' id='par_1_36' title="bbox 19 4073 1666 4141">
     <span class='ocr_line' id='line_1_36' title="bbox 19 4073 1666 4141; baseline -0.003 -8"><span class='ocrx_word' id='word_1_284' title='bbox 19 4083 82 4134; x_wconf 85' lang='lat' dir='ltr'><strong>ut</strong></span> <span class='ocrx_word' id='word_1_285' title='bbox 112 4077 356 4133; x_wconf 87' lang='lat' dir='ltr'><strong>unitates</strong></span> <span class='ocrx_word' id='word_1_286' title='bbox 376 4077 581 4132; x_wconf 93' lang='lat' dir='ltr'><strong>insunt</strong></span> <span class='ocrx_word' id='word_1_287' title='bbox 603 4074 933 4131; x_wconf 88' lang='lat' dir='ltr'><strong>unitatibus</strong></span> <span class='ocrx_word' id='word_1_288' title='bbox 991 4091 1006 4141; x_wconf 90' lang='lat'><strong>;</strong></span> <span class='ocrx_word' id='word_1_289' title='bbox 1069 4075 1102 4130; x_wconf 89' lang='lat' dir='ltr'><strong><em>b</em></strong></span> <span class='ocrx_word' id='word_1_290' title='bbox 1146 4092 1203 4129; x_wconf 92' lang='lat' dir='ltr'><strong>m</strong></span> <span class='ocrx_word' id='word_1_291' title='bbox 1253 4075 1361 4130; x_wconf 91' lang='lat' dir='ltr'><strong>erit</strong></span> <span class='ocrx_word' id='word_1_292' title='bbox 1408 4073 1666 4130; x_wconf 90' lang='lat' dir='ltr'><strong>intensio</strong></span> 
     </span>
    </p>
   </div>
   <div class='ocr_carea' id='block_1_37' title="bbox 19 4163 1669 4238">
    <p class='ocr_par' dir='ltr' id='par_1_37' title="bbox 19 4163 1669 4238">
     <span class='ocr_line' id='line_1_37' title="bbox 19 4163 1669 4238; baseline -0.004 -15"><span class='ocrx_word' id='word_1_293' title='bbox 19 4167 206 4237; x_wconf 87' lang='lat' dir='ltr'><strong>hujus</strong></span> <span class='ocrx_word' id='word_1_294' title='bbox 226 4181 262 4222; x_wconf 85' lang='grc' dir='ltr'><strong>α</strong></span> <span class='ocrx_word' id='word_1_295' title='bbox 291 4167 332 4232; x_wconf 87' lang='lat' dir='ltr'><strong>l,</strong></span> <span class='ocrx_word' id='word_1_296' title='bbox 363 4165 544 4238; x_wconf 92' lang='lat' dir='ltr'><strong>idque</strong></span> <span class='ocrx_word' id='word_1_297' title='bbox 565 4163 780 4220; x_wconf 90' lang='lat' dir='ltr'><strong>eodem</strong></span> <span class='ocrx_word' id='word_1_298' title='bbox 803 4163 986 4219; x_wconf 91' lang='lat' dir='ltr'><strong>modo</strong></span> <span class='ocrx_word' id='word_1_299' title='bbox 1020 4179 1142 4236; x_wconf 91' lang='lat' dir='ltr'><strong>quo</strong></span> <span class='ocrx_word' id='word_1_300' title='bbox 1180 4163 1410 4218; x_wconf 85' lang='lat' dir='ltr'><strong>denarii</strong></span> <span class='ocrx_word' id='word_1_301' title='bbox 1467 4163 1669 4218; x_wconf 91' lang='lat' dir='ltr'><strong>insunt</strong></span> 
     </span>
    </p>
   </div>
   <div class='ocr_carea' id='block_1_38' title="bbox 1702 1762 2678 1838">
    <p class='ocr_par' dir='ltr' id='par_1_38' title="bbox 1702 1762 2678 1838">
     <span class='ocr_line' id='line_1_38' title="bbox 1702 1762 2678 1838; baseline -0.005 -20"><span class='ocrx_word' id='word_1_302' title='bbox 1702 1766 1743 1819; x_wconf 85' lang='grc' dir='ltr'><strong>Β</strong></span> <span class='ocrx_word' id='word_1_303' title='bbox 1774 1767 2031 1816; x_wconf 82' lang='grc' dir='ltr'><strong>λοιοῦνται</strong></span> <span class='ocrx_word' id='word_1_304' title='bbox 2055 1766 2154 1838; x_wconf 78' lang='grc' dir='ltr'><strong>γὰρ</strong></span> <span class='ocrx_word' id='word_1_305' title='bbox 2187 1771 2303 1824; x_wconf 87' lang='grc' dir='ltr'><strong>ταῖς</strong></span> <span class='ocrx_word' id='word_1_306' title='bbox 2342 1762 2627 1836; x_wconf 81' lang='grc' dir='ltr'><strong>ἀκρότησιν</strong></span> <span class='ocrx_word' id='word_1_307' title='bbox 2665 1783 2678 1796; x_wconf 79' lang='grc' dir='ltr'><strong><em>ο</em></strong></span> 
     </span>
    </p>
   </div>
   <div class='ocr_carea' id='block_1_39' title="bbox 1770 514 3424 589">
    <p class='ocr_par' dir='ltr' id='par_1_39' title="bbox 1770 514 3424 589">
     <span class='ocr_line' id='line_1_39' title="bbox 1770 514 3424 589; baseline 0 -21"><span class='ocrx_word' id='word_1_308' title='bbox 1770 517 1814 568; x_wconf 83' lang='grc' dir='ltr'><strong>εἱ</strong></span> <span class='ocrx_word' id='word_1_309' title='bbox 1867 520 1956 589; x_wconf 74' lang='grc' dir='ltr'><strong>μὲν</strong></span> <span class='ocrx_word' id='word_1_310' title='bbox 2014 521 2180 588; x_wconf 86' lang='grc' dir='ltr'><strong>ποιὸν,</strong></span> <span class='ocrx_word' id='word_1_311' title='bbox 2241 524 2308 579; x_wconf 83' lang='grc' dir='ltr'><strong>ὡς</strong></span> <span class='ocrx_word' id='word_1_312' title='bbox 2362 517 2608 578; x_wconf 79' lang='grc' dir='ltr'><strong>λευκότης</strong></span> <span class='ocrx_word' id='word_1_313' title='bbox 2651 521 2738 568; x_wconf 86' lang='grc' dir='ltr'><strong>καὶ</strong></span> <span class='ocrx_word' id='word_1_314' title='bbox 2792 514 3097 588; x_wconf 85' lang='grc' dir='ltr'><strong>μελανοτης,</strong></span> <span class='ocrx_word' id='word_1_315' title='bbox 3145 517 3174 575; x_wconf 78' lang='grc' dir='ltr'>ἦ</span> <span class='ocrx_word' id='word_1_316' title='bbox 3235 516 3424 588; x_wconf 75' lang='grc' dir='ltr'><strong>γλυκύ-</strong></span> 
     </span>
    </p>
   </div>
   <div class='ocr_carea' id='block_1_40' title="bbox 1771 602 3424 676">
    <p class='ocr_par' dir='ltr' id='par_1_40' title="bbox 1771 602 3424 676">
     <span class='ocr_line' id='line_1_40' title="bbox 1771 602 3424 676; baseline 0.001 -20"><span class='ocrx_word' id='word_1_317' title='bbox 1771 624 1865 667; x_wconf 88' lang='grc' dir='ltr'><strong>της</strong></span> <span class='ocrx_word' id='word_1_318' title='bbox 1909 611 1997 659; x_wconf 85' lang='grc' dir='ltr'><strong>καὶ</strong></span> <span class='ocrx_word' id='word_1_319' title='bbox 2046 605 2320 672; x_wconf 75' lang='grc' dir='ltr'><strong>ἁλυκότης,</strong></span> <span class='ocrx_word' id='word_1_320' title='bbox 2369 602 2492 658; x_wconf 69' lang='grc' dir='ltr'><strong>οὐδὲ</strong></span> <span class='ocrx_word' id='word_1_321' title='bbox 2554 604 2713 664; x_wconf 72' lang='grc' dir='ltr'><strong>οὓτως</strong></span> <span class='ocrx_word' id='word_1_322' title='bbox 2790 603 3008 676; x_wconf 82' lang='grc' dir='ltr'><strong>ἐπιταθῇ</strong></span> <span class='ocrx_word' id='word_1_323' title='bbox 3085 625 3096 637; x_wconf 91' lang='grc'><strong>·</strong></span> <span class='ocrx_word' id='word_1_324' title='bbox 3179 605 3424 668; x_wconf 80' lang='grc' dir='ltr'><strong>λευκότης</strong></span> 
     </span>
    </p>
   </div>
   <div class='ocr_carea' id='block_1_41' title="bbox 1768 694 3420 769">
    <p class='ocr_par' dir='ltr' id='par_1_41' title="bbox 1768 694 3420 769">
     <span class='ocr_line' id='line_1_41' title="bbox 1768 694 3420 769; baseline 0 -23"><span class='ocrx_word' id='word_1_325' title='bbox 1768 697 1869 769; x_wconf 76' lang='grc' dir='ltr'><strong>’γὰρ</strong></span> <span class='ocrx_word' id='word_1_326' title='bbox 1921 695 2224 756; x_wconf 80' lang='grc' dir='ltr'><strong>λευκότητος</strong></span> <span class='ocrx_word' id='word_1_327' title='bbox 2275 695 2550 769; x_wconf 83' lang='grc' dir='ltr'><strong>λευκοτέρα</strong></span> <span class='ocrx_word' id='word_1_328' title='bbox 2616 694 2710 746; x_wconf 71' lang='grc' dir='ltr'><strong>οὐκ</strong></span> <span class='ocrx_word' id='word_1_329' title='bbox 2762 696 2895 764; x_wconf 81' lang='grc' dir='ltr'><strong>ἔστι,</strong></span> <span class='ocrx_word' id='word_1_330' title='bbox 2952 699 3042 745; x_wconf 86' lang='grc' dir='ltr'><strong>καὶ</strong></span> <span class='ocrx_word' id='word_1_331' title='bbox 3087 696 3153 746; x_wconf 76' lang='grc' dir='ltr'><strong>τὰ</strong></span> <span class='ocrx_word' id='word_1_332' title='bbox 3205 696 3353 767; x_wconf 82' lang='grc' dir='ltr'><strong>ἔτερα</strong></span> <span class='ocrx_word' id='word_1_333' title='bbox 3407 715 3420 729; x_wconf 90' lang='grc'><strong>·</strong></span> 
     </span>
    </p>
   </div>
   <div class='ocr_carea' id='block_1_42' title="bbox 1771 781 3422 856">
    <p class='ocr_par' dir='ltr' id='par_1_42' title="bbox 1771 781 3422 856">
     <span class='ocr_line' id='line_1_42' title="bbox 1771 781 3422 856; baseline 0.003 -26"><span class='ocrx_word' id='word_1_334' title='bbox 1771 781 1818 833; x_wconf 83' lang='grc' dir='ltr'><strong>ἐν</strong></span> <span class='ocrx_word' id='word_1_335' title='bbox 1850 782 2024 855; x_wconf 80' lang='grc' dir='ltr'><strong>ἀτόμῳ</strong></span> <span class='ocrx_word' id='word_1_336' title='bbox 2056 781 2168 842; x_wconf 73' lang='grc' dir='ltr'><strong>δὲὴ</strong></span> <span class='ocrx_word' id='word_1_337' title='bbox 2201 790 2422 844; x_wconf 84' lang='grc' dir='ltr'><strong>ποιότης</strong></span> <span class='ocrx_word' id='word_1_338' title='bbox 2476 789 2612 835; x_wconf 87' lang='grc' dir='ltr'><strong>ποιεῖ</strong></span> <span class='ocrx_word' id='word_1_339' title='bbox 2665 783 2904 834; x_wconf 81' lang='grc' dir='ltr'><strong>ἐπίτασιν</strong></span> <span class='ocrx_word' id='word_1_340' title='bbox 2954 803 2966 815; x_wconf 90' lang='grc'><strong>·</strong></span> <span class='ocrx_word' id='word_1_341' title='bbox 3028 782 3261 854; x_wconf 78' lang='grc' dir='ltr'><strong>σταφυλὴ</strong></span> <span class='ocrx_word' id='word_1_342' title='bbox 3321 787 3422 856; x_wconf 74' lang='grc' dir='ltr'><strong>γὰρ</strong></span> 
     </span>
    </p>
   </div>
   <div class='ocr_carea' id='block_1_43' title="bbox 1768 871 3424 948">
    <p class='ocr_par' dir='ltr' id='par_1_43' title="bbox 1768 871 3424 948">
     <span class='ocr_line' id='line_1_43' title="bbox 1768 871 3424 948; baseline 0.001 -24"><span class='ocrx_word' id='word_1_343' title='bbox 1768 873 1916 947; x_wconf 84' lang='grc' dir='ltr'><strong>ῥοιᾶς</strong></span> <span class='ocrx_word' id='word_1_344' title='bbox 1965 873 2272 948; x_wconf 79' lang='grc' dir='ltr'><strong>γλυκυτέρα,</strong></span> <span class='ocrx_word' id='word_1_345' title='bbox 2342 874 2372 932; x_wconf 73' lang='grc' dir='ltr'><strong><em>ἦ</em></strong></span> <span class='ocrx_word' id='word_1_346' title='bbox 2423 874 2542 948; x_wconf 81' lang='grc' dir='ltr'><strong>ῥοιὰ</strong></span> <span class='ocrx_word' id='word_1_347' title='bbox 2595 872 2877 945; x_wconf 78' lang='grc' dir='ltr'><strong>σταφυλῆς,</strong></span> <span class='ocrx_word' id='word_1_348' title='bbox 2966 872 2995 930; x_wconf 77' lang='grc' dir='ltr'>ἦ</span> <span class='ocrx_word' id='word_1_349' title='bbox 3078 871 3258 925; x_wconf 85' lang='grc' dir='ltr'><strong>λευκόν</strong></span> <span class='ocrx_word' id='word_1_350' title='bbox 3332 880 3424 925; x_wconf 84' lang='grc' dir='ltr'><strong>τοῦ</strong></span> 
     </span>
    </p>
   </div>
   <div class='ocr_carea' id='block_1_44' title="bbox 1769 960 3424 1036">
    <p class='ocr_par' dir='ltr' id='par_1_44' title="bbox 1769 960 3424 1036">
     <span class='ocr_line' id='line_1_44' title="bbox 1769 960 3424 1036; baseline 0 -22"><span class='ocrx_word' id='word_1_351' title='bbox 1769 963 1951 1015; x_wconf 81' lang='grc' dir='ltr'><strong>λευκοῦ</strong></span> <span class='ocrx_word' id='word_1_352' title='bbox 2011 985 2023 996; x_wconf 85' lang='lat'><strong>&#39;</strong></span> <span class='ocrx_word' id='word_1_353' title='bbox 2082 963 2239 1015; x_wconf 85' lang='grc' dir='ltr'><strong>λευκά</strong></span> <span class='ocrx_word' id='word_1_354' title='bbox 2286 960 2344 1015; x_wconf 73' lang='grc' dir='ltr'><strong>δὲ</strong></span> <span class='ocrx_word' id='word_1_355' title='bbox 2393 965 2592 1023; x_wconf 83' lang='grc' dir='ltr'><strong>πάντως</strong></span> <span class='ocrx_word' id='word_1_356' title='bbox 2645 963 2878 1034; x_wconf 72' lang='grc' dir='ltr'><strong>ὑπάρχει</strong></span> <span class='ocrx_word' id='word_1_357' title='bbox 2927 964 3134 1036; x_wconf 78' lang='grc' dir='ltr'><strong>θάτερα.</strong></span> <span class='ocrx_word' id='word_1_358' title='bbox 3169 961 3226 1014; x_wconf 86' lang='grc' dir='ltr'><strong>Ἦ</strong></span> <span class='ocrx_word' id='word_1_359' title='bbox 3298 971 3424 1034; x_wconf 74' lang='grc' dir='ltr'><strong>γοῦν</strong></span> 
     </span>
    </p>
   </div>
   <div class='ocr_carea' id='block_1_45' title="bbox 1773 1051 3419 1124">
    <p class='ocr_par' dir='ltr' id='par_1_45' title="bbox 1773 1051 3419 1124">
     <span class='ocr_line' id='line_1_45' title="bbox 1773 1051 3419 1124; baseline 0.001 -22"><span class='ocrx_word' id='word_1_360' title='bbox 1773 1051 1936 1122; x_wconf 79' lang='grc' dir='ltr'><strong>ἰσχὺς</strong></span> <span class='ocrx_word' id='word_1_361' title='bbox 1980 1061 2075 1114; x_wconf 85' lang='grc' dir='ltr'><strong>τῆς</strong></span> <span class='ocrx_word' id='word_1_362' title='bbox 2126 1057 2400 1114; x_wconf 86' lang='grc' dir='ltr'><strong>ποιότητος</strong></span> <span class='ocrx_word' id='word_1_363' title='bbox 2455 1055 2512 1104; x_wconf 86' lang='grc' dir='ltr'><strong>τὸ</strong></span> <span class='ocrx_word' id='word_1_364' title='bbox 2561 1054 2650 1124; x_wconf 74' lang='grc' dir='ltr'><strong>μὲν</strong></span> <span class='ocrx_word' id='word_1_365' title='bbox 2713 1051 2855 1112; x_wconf 81' lang='grc' dir='ltr'><strong>άῦξει</strong></span> <span class='ocrx_word' id='word_1_366' title='bbox 2932 1054 3067 1102; x_wconf 78' lang='grc' dir='ltr'><strong>κατὰ</strong></span> <span class='ocrx_word' id='word_1_367' title='bbox 3143 1056 3419 1118; x_wconf 88' lang='grc' dir='ltr'><strong>ποιότητα,</strong></span> 
     </span>
    </p>
   </div>
   <div class='ocr_carea' id='block_1_46' title="bbox 1767 1137 3425 1211">
    <p class='ocr_par' dir='ltr' id='par_1_46' title="bbox 1767 1137 3425 1211">
     <span class='ocr_line' id='line_1_46' title="bbox 1767 1137 3425 1211; baseline 0 -19"><span class='ocrx_word' id='word_1_368' title='bbox 1767 1143 1826 1192; x_wconf 85' lang='grc' dir='ltr'><strong>τό</strong></span> <span class='ocrx_word' id='word_1_369' title='bbox 1872 1137 1932 1192; x_wconf 77' lang='grc' dir='ltr'><strong>δὲ</strong></span> <span class='ocrx_word' id='word_1_370' title='bbox 1985 1139 2205 1210; x_wconf 63' lang='grc' dir='ltr'><strong>ὓαττοῖ,</strong></span> <span class='ocrx_word' id='word_1_371' title='bbox 2268 1141 2398 1200; x_wconf 70' lang='grc' dir='ltr'><strong>αὐτὴ</strong></span> <span class='ocrx_word' id='word_1_372' title='bbox 2455 1137 2514 1193; x_wconf 74' lang='grc' dir='ltr'><strong>δὲ</strong></span> <span class='ocrx_word' id='word_1_373' title='bbox 2565 1142 2595 1198; x_wconf 79' lang='grc' dir='ltr'>ἡ</span> <span class='ocrx_word' id='word_1_374' title='bbox 2663 1139 2925 1211; x_wconf 73' lang='grc' dir='ltr'><strong>γλυκύτης</strong></span> <span class='ocrx_word' id='word_1_375' title='bbox 2973 1140 3002 1198; x_wconf 82' lang='grc' dir='ltr'><strong>ἣ</strong></span> <span class='ocrx_word' id='word_1_376' title='bbox 3064 1141 3093 1198; x_wconf 80' lang='grc' dir='ltr'>ἡ</span> <span class='ocrx_word' id='word_1_377' title='bbox 3173 1139 3425 1202; x_wconf 81' lang='grc' dir='ltr'><strong>λευκότης</strong></span> 
     </span>
    </p>
   </div>
   <div class='ocr_carea' id='block_1_47' title="bbox 3243 1227 3420 1286">
    <p class='ocr_par' dir='ltr' id='par_1_47' title="bbox 3243 1227 3420 1286">
     <span class='ocr_line' id='line_1_47' title="bbox 3243 1227 3420 1286; baseline 0.006 -6"><span class='ocrx_word' id='word_1_378' title='bbox 3243 1227 3321 1281; x_wconf 78' lang='grc' dir='ltr'><strong>ἀεὶ</strong></span> <span class='ocrx_word' id='word_1_379' title='bbox 3389 1230 3420 1286; x_wconf 84' lang='grc' dir='ltr'>ἡ</span> 
     </span>
    </p>
   </div>
   <div class='ocr_carea' id='block_1_48' title="bbox 1770 1316 3425 1390">
    <p class='ocr_par' dir='ltr' id='par_1_48' title="bbox 1770 1316 3425 1390">
     <span class='ocr_line' id='line_1_48' title="bbox 1770 1316 3425 1390; baseline 0 -20"><span class='ocrx_word' id='word_1_380' title='bbox 1770 1317 1922 1376; x_wconf 72' lang='grc' dir='ltr'><strong>αὕτη.</strong></span> <span class='ocrx_word' id='word_1_381' title='bbox 1985 1321 2130 1371; x_wconf 83' lang='grc' dir='ltr'><strong>Κατὰ</strong></span> <span class='ocrx_word' id='word_1_382' title='bbox 2181 1323 2267 1370; x_wconf 87' lang='grc' dir='ltr'><strong>τὸν</strong></span> <span class='ocrx_word' id='word_1_383' title='bbox 2326 1318 2480 1370; x_wconf 73' lang='grc' dir='ltr'><strong>αὑτὸν</strong></span> <span class='ocrx_word' id='word_1_384' title='bbox 2534 1325 2659 1389; x_wconf 70' lang='grc' dir='ltr'><strong>γοῦν</strong></span> <span class='ocrx_word' id='word_1_385' title='bbox 2713 1320 2895 1390; x_wconf 83' lang='grc' dir='ltr'><strong>καιρόν</strong></span> <span class='ocrx_word' id='word_1_386' title='bbox 2944 1316 3060 1370; x_wconf 75' lang='grc' dir='ltr'><strong>οὒτε</strong></span> <span class='ocrx_word' id='word_1_387' title='bbox 3116 1318 3281 1390; x_wconf 76' lang='grc' dir='ltr'><strong>γλυκυ</strong></span> <span class='ocrx_word' id='word_1_388' title='bbox 3339 1323 3425 1370; x_wconf 82' lang='grc' dir='ltr'><strong>καὶ</strong></span> 
     </span>
    </p>
   </div>
   <div class='ocr_carea' id='block_1_49' title="bbox 1770 1224 3161 1300">
    <p class='ocr_par' dir='ltr' id='par_1_49' title="bbox 1770 1224 3161 1300">
     <span class='ocr_line' id='line_1_49' title="bbox 1770 1224 3161 1300; baseline -0.001 -19"><span class='ocrx_word' id='word_1_389' title='bbox 1770 1233 1886 1282; x_wconf 74' lang='grc' dir='ltr'><strong>οὔτε</strong></span> <span class='ocrx_word' id='word_1_390' title='bbox 1934 1228 2264 1282; x_wconf 78' lang='grc' dir='ltr'><strong>ἐπιτάττεται</strong></span> <span class='ocrx_word' id='word_1_391' title='bbox 2317 1229 2433 1280; x_wconf 73' lang='grc' dir='ltr'><strong>οὒτε</strong></span> <span class='ocrx_word' id='word_1_392' title='bbox 2511 1227 2832 1294; x_wconf 73' lang='grc' dir='ltr'><strong>ἐλαττοῦται,</strong></span> <span class='ocrx_word' id='word_1_393' title='bbox 2901 1230 3038 1300; x_wconf 79' lang='grc' dir='ltr'><strong>μένει</strong></span> <span class='ocrx_word' id='word_1_394' title='bbox 3109 1224 3161 1280; x_wconf 86' lang='grc' dir='ltr'><strong>δ’</strong></span> 
     </span>
    </p>
   </div>
   <div class='ocr_carea' id='block_1_50' title="bbox 1769 1407 3425 1480">
    <p class='ocr_par' dir='ltr' id='par_1_50' title="bbox 1769 1407 3425 1480">
     <span class='ocr_line' id='line_1_50' title="bbox 1769 1407 3425 1480; baseline 0 -20"><span class='ocrx_word' id='word_1_395' title='bbox 1769 1412 1840 1480; x_wconf 81' lang='grc' dir='ltr'><strong>μὴ</strong></span> <span class='ocrx_word' id='word_1_396' title='bbox 1894 1407 2082 1479; x_wconf 72' lang='grc' dir='ltr'><strong>γλυκὺ,</strong></span> <span class='ocrx_word' id='word_1_397' title='bbox 2136 1411 2253 1460; x_wconf 72' lang='grc' dir='ltr'><strong>οὔτε</strong></span> <span class='ocrx_word' id='word_1_398' title='bbox 2296 1407 2475 1460; x_wconf 87' lang='grc' dir='ltr'><strong>λευκόν</strong></span> <span class='ocrx_word' id='word_1_399' title='bbox 2523 1411 2613 1459; x_wconf 87' lang='grc' dir='ltr'><strong>καὶ</strong></span> <span class='ocrx_word' id='word_1_400' title='bbox 2667 1411 2736 1480; x_wconf 75' lang='grc' dir='ltr'><strong>μὴ</strong></span> <span class='ocrx_word' id='word_1_401' title='bbox 2775 1407 2971 1476; x_wconf 85' lang='grc' dir='ltr'><strong>λευκὸν,</strong></span> <span class='ocrx_word' id='word_1_402' title='bbox 3031 1412 3082 1459; x_wconf 86' lang='grc' dir='ltr'><strong>τὶ</strong></span> <span class='ocrx_word' id='word_1_403' title='bbox 3141 1413 3425 1480; x_wconf 79' lang='grc' dir='ltr'><strong>φανήσεται</strong></span> 
     </span>
    </p>
   </div>
   <div class='ocr_carea' id='block_1_51' title="bbox 1769 1495 3427 1568">
    <p class='ocr_par' dir='ltr' id='par_1_51' title="bbox 1769 1495 3427 1568">
     <span class='ocr_line' id='line_1_51' title="bbox 1769 1495 3427 1568; baseline 0.001 -19"><span class='ocrx_word' id='word_1_404' title='bbox 1769 1503 1998 1566; x_wconf 85' lang='grc' dir='ltr'><strong>πώποτε,</strong></span> <span class='ocrx_word' id='word_1_405' title='bbox 2055 1499 2150 1550; x_wconf 79' lang='grc' dir='ltr'><strong>κάν</strong></span> <span class='ocrx_word' id='word_1_406' title='bbox 2193 1497 2242 1550; x_wconf 82' lang='grc' dir='ltr'><strong>ἐν</strong></span> <span class='ocrx_word' id='word_1_407' title='bbox 2296 1496 2429 1568; x_wconf 77' lang='grc' dir='ltr'><strong>ἄλλῳ</strong></span> <span class='ocrx_word' id='word_1_408' title='bbox 2507 1501 2598 1549; x_wconf 84' lang='grc' dir='ltr'><strong>καὶ</strong></span> <span class='ocrx_word' id='word_1_409' title='bbox 2675 1496 2824 1568; x_wconf 54' lang='grc' dir='ltr'><strong>ἄλλοί</strong></span> <span class='ocrx_word' id='word_1_410' title='bbox 2893 1505 2966 1548; x_wconf 86' lang='grc' dir='ltr'><strong>τῶ</strong></span> <span class='ocrx_word' id='word_1_411' title='bbox 3052 1495 3099 1548; x_wconf 83' lang='grc' dir='ltr'><strong>ἐν</strong></span> <span class='ocrx_word' id='word_1_412' title='bbox 3179 1503 3427 1557; x_wconf 82' lang='grc' dir='ltr'><strong>ποιότητι</strong></span> 
     </span>
    </p>
   </div>
   <div class='ocr_carea' id='block_1_52' title="bbox 1773 1583 3423 1659">
    <p class='ocr_par' dir='ltr' id='par_1_52' title="bbox 1773 1583 3423 1659">
     <span class='ocr_line' id='line_1_52' title="bbox 1773 1583 3423 1659; baseline 0 -21"><span class='ocrx_word' id='word_1_413' title='bbox 1773 1583 2003 1659; x_wconf 80' lang='grc' dir='ltr'><strong>δέχηται</strong></span> <span class='ocrx_word' id='word_1_414' title='bbox 2045 1592 2138 1645; x_wconf 78' lang='grc' dir='ltr'><strong>τὴν</strong></span> <span class='ocrx_word' id='word_1_415' title='bbox 2195 1585 2434 1640; x_wconf 75' lang='grc' dir='ltr'><strong>ἰπίτασιν</strong></span> <span class='ocrx_word' id='word_1_416' title='bbox 2487 1590 2578 1638; x_wconf 84' lang='grc' dir='ltr'><strong>καὶ</strong></span> <span class='ocrx_word' id='word_1_417' title='bbox 2629 1586 2804 1638; x_wconf 80' lang='grc' dir='ltr'><strong>ἄνεσιν</strong></span> <span class='ocrx_word' id='word_1_418' title='bbox 2849 1607 2860 1618; x_wconf 90' lang='grc'><strong>·</strong></span> <span class='ocrx_word' id='word_1_419' title='bbox 2919 1590 3009 1638; x_wconf 88' lang='grc' dir='ltr'><strong>καὶ</strong></span> <span class='ocrx_word' id='word_1_420' title='bbox 3067 1587 3109 1638; x_wconf 87' lang='grc' dir='ltr'><strong>εἰ</strong></span> <span class='ocrx_word' id='word_1_421' title='bbox 3156 1589 3247 1659; x_wconf 72' lang='grc' dir='ltr'><strong>μὲν</strong></span> <span class='ocrx_word' id='word_1_422' title='bbox 3333 1585 3423 1641; x_wconf 76' lang='grc' dir='ltr'><strong>οὖν</strong></span> 
     </span>
    </p>
   </div>
   <div class='ocr_carea' id='block_1_53' title="bbox 3333 1674 3426 1727">
    <p class='ocr_par' dir='ltr' id='par_1_53' title="bbox 3333 1674 3426 1727">
     <span class='ocr_line' id='line_1_53' title="bbox 3333 1674 3426 1727; baseline 0 0"><span class='ocrx_word' id='word_1_423' title='bbox 3333 1674 3426 1727; x_wconf 78' lang='grc' dir='ltr'><strong>ἆλ-</strong></span> 
     </span>
    </p>
   </div>
   <div class='ocr_carea' id='block_1_54' title="bbox 2721 1762 3428 1837">
    <p class='ocr_par' dir='ltr' id='par_1_54' title="bbox 2721 1762 3428 1837">
     <span class='ocr_line' id='line_1_54' title="bbox 2721 1762 3428 1837; baseline 0.003 -23"><span class='ocrx_word' id='word_1_424' title='bbox 2721 1762 2777 1814; x_wconf 86' lang='grc' dir='ltr'><strong>αἱ</strong></span> <span class='ocrx_word' id='word_1_425' title='bbox 2831 1762 3061 1815; x_wconf 86' lang='grc' dir='ltr'><strong>ἐναντίαί</strong></span> <span class='ocrx_word' id='word_1_426' title='bbox 3123 1765 3222 1837; x_wconf 74' lang='grc' dir='ltr'><strong>γὰρ</strong></span> <span class='ocrx_word' id='word_1_427' title='bbox 3281 1767 3428 1816; x_wconf 91' lang='grc' dir='ltr'><strong>ποιό-</strong></span> 
     </span>
    </p>
   </div>
   <div class='ocr_carea' id='block_1_55' title="bbox 1769 1674 3246 1748">
    <p class='ocr_par' dir='ltr' id='par_1_55' title="bbox 1769 1674 3246 1748">
     <span class='ocr_line' id='line_1_55' title="bbox 1769 1674 3246 1748; baseline -0.001 -21"><span class='ocrx_word' id='word_1_428' title='bbox 1769 1675 1947 1728; x_wconf 83' lang='grc' dir='ltr'><strong>)ευκόν</strong></span> <span class='ocrx_word' id='word_1_429' title='bbox 1999 1675 2157 1747; x_wconf 83' lang='grc' dir='ltr'><strong>ἐνωθῇ</strong></span> <span class='ocrx_word' id='word_1_430' title='bbox 2217 1681 2308 1728; x_wconf 82' lang='grc' dir='ltr'><strong>καὶ</strong></span> <span class='ocrx_word' id='word_1_431' title='bbox 2370 1675 2526 1748; x_wconf 83' lang='grc' dir='ltr'><strong>μέλαν</strong></span> <span class='ocrx_word' id='word_1_432' title='bbox 2582 1674 2762 1746; x_wconf 76' lang='grc' dir='ltr'><strong>ὕφεσιν</strong></span> <span class='ocrx_word' id='word_1_433' title='bbox 2838 1675 3146 1747; x_wconf 78' lang='grc' dir='ltr'><strong>πάσχουσιν</strong></span> <span class='ocrx_word' id='word_1_434' title='bbox 3233 1695 3246 1709; x_wconf 79' lang='grc' dir='ltr'><strong><em>ο</em></strong></span> 
     </span>
    </p>
   </div>
   <div class='ocr_carea' id='block_1_56' title="bbox 1772 1851 3428 1928">
    <p class='ocr_par' dir='ltr' id='par_1_56' title="bbox 1772 1851 3428 1928">
     <span class='ocr_line' id='line_1_56' title="bbox 1772 1851 3428 1928; baseline -0.001 -22"><span class='ocrx_word' id='word_1_435' title='bbox 1772 1873 1922 1916; x_wconf 84' lang='grc' dir='ltr'><strong>τητες</strong></span> <span class='ocrx_word' id='word_1_436' title='bbox 1947 1855 2320 1928; x_wconf 84' lang='grc' dir='ltr'><strong>θραύουσιτὰς</strong></span> <span class='ocrx_word' id='word_1_437' title='bbox 2360 1851 2672 1926; x_wconf 77' lang='grc' dir='ltr'><strong>ἀκρότητας,</strong></span> <span class='ocrx_word' id='word_1_438' title='bbox 2732 1852 2774 1904; x_wconf 82' lang='grc' dir='ltr'><strong>εἰ</strong></span> <span class='ocrx_word' id='word_1_439' title='bbox 2829 1854 3092 1925; x_wconf 83' lang='grc' dir='ltr'><strong>μιχθῶσι,</strong></span> <span class='ocrx_word' id='word_1_440' title='bbox 3146 1855 3239 1915; x_wconf 86' lang='grc' dir='ltr'><strong>τὰς</strong></span> <span class='ocrx_word' id='word_1_441' title='bbox 3293 1851 3428 1906; x_wconf 80' lang='grc' dir='ltr'><strong>ἓνού-</strong></span> 
     </span>
    </p>
   </div>
   <div class='ocr_carea' id='block_1_57' title="bbox 1775 1939 3425 2015">
    <p class='ocr_par' dir='ltr' id='par_1_57' title="bbox 1775 1939 3425 2015">
     <span class='ocr_line' id='line_1_57' title="bbox 1775 1939 3425 2015; baseline 0.001 -20"><span class='ocrx_word' id='word_1_442' title='bbox 1775 1962 1870 2004; x_wconf 90' lang='grc' dir='ltr'><strong>σας</strong></span> <span class='ocrx_word' id='word_1_443' title='bbox 1910 1943 2114 2008; x_wconf 72' lang='grc' dir='ltr'><strong>αὐταῖς,</strong></span> <span class='ocrx_word' id='word_1_444' title='bbox 2141 1945 2290 1994; x_wconf 76' lang='grc' dir='ltr'><strong>ἔσται</strong></span> <span class='ocrx_word' id='word_1_445' title='bbox 2315 1939 2374 1994; x_wconf 70' lang='grc' dir='ltr'><strong>δὲ</strong></span> <span class='ocrx_word' id='word_1_446' title='bbox 2412 1945 2470 1993; x_wconf 88' lang='grc' dir='ltr'><strong>τὸ</strong></span> <span class='ocrx_word' id='word_1_447' title='bbox 2524 1947 2700 2015; x_wconf 74' lang='grc' dir='ltr'><strong>μίγμα</strong></span> <span class='ocrx_word' id='word_1_448' title='bbox 2752 1941 2952 1994; x_wconf 79' lang='grc' dir='ltr'><strong>ἀλλοῖον</strong></span> <span class='ocrx_word' id='word_1_449' title='bbox 2997 1947 3088 1994; x_wconf 76' lang='grc' dir='ltr'><strong>καὶ</strong></span> <span class='ocrx_word' id='word_1_450' title='bbox 3145 1942 3239 1994; x_wconf 70' lang='grc' dir='ltr'><strong>οὐκ</strong></span> <span class='ocrx_word' id='word_1_451' title='bbox 3281 1942 3425 1998; x_wconf 78' lang='grc' dir='ltr'><strong>ἄλλο.</strong></span> 
     </span>
    </p>
   </div>
   <div class='ocr_carea' id='block_1_58' title="bbox 1773 2028 3427 2107">
    <p class='ocr_par' dir='ltr' id='par_1_58' title="bbox 1773 2028 3427 2107">
     <span class='ocr_line' id='line_1_58' title="bbox 1773 2028 3427 2107; baseline 0.001 -24"><span class='ocrx_word' id='word_1_452' title='bbox 1773 2034 1907 2083; x_wconf 75' lang='grc' dir='ltr'><strong>Οὔτε</strong></span> <span class='ocrx_word' id='word_1_453' title='bbox 1929 2034 2032 2107; x_wconf 74' lang='grc' dir='ltr'><strong>γὰρ</strong></span> <span class='ocrx_word' id='word_1_454' title='bbox 2089 2035 2146 2083; x_wconf 91' lang='lat'><strong>1&#39;6</strong></span> <span class='ocrx_word' id='word_1_455' title='bbox 2210 2030 2389 2083; x_wconf 85' lang='grc' dir='ltr'><strong>λευκὸν</strong></span> <span class='ocrx_word' id='word_1_456' title='bbox 2442 2034 2513 2103; x_wconf 80' lang='grc' dir='ltr'><strong>μὴ</strong></span> <span class='ocrx_word' id='word_1_457' title='bbox 2571 2031 2750 2082; x_wconf 83' lang='grc' dir='ltr'><strong>λευκὸν</strong></span> <span class='ocrx_word' id='word_1_458' title='bbox 2800 2031 2992 2097; x_wconf 87' lang='grc' dir='ltr'><strong>πάντη,</strong></span> <span class='ocrx_word' id='word_1_459' title='bbox 3049 2028 3166 2082; x_wconf 76' lang='grc' dir='ltr'><strong>οὗτε</strong></span> <span class='ocrx_word' id='word_1_460' title='bbox 3220 2033 3279 2082; x_wconf 85' lang='grc' dir='ltr'><strong>τὸ</strong></span> <span class='ocrx_word' id='word_1_461' title='bbox 3335 2035 3427 2103; x_wconf 69' lang='grc' dir='ltr'><strong>μὲ-</strong></span> 
     </span>
    </p>
   </div>
   <div class='ocr_carea' id='block_1_59' title="bbox 1770 2115 3425 2192">
    <p class='ocr_par' dir='ltr' id='par_1_59' title="bbox 1770 2115 3425 2192">
     <span class='ocr_line' id='line_1_59' title="bbox 1770 2115 3425 2192; baseline 0 -20"><span class='ocrx_word' id='word_1_462' title='bbox 1770 2119 1862 2172; x_wconf 88' lang='grc' dir='ltr'><strong>λαν</strong></span> <span class='ocrx_word' id='word_1_463' title='bbox 1889 2123 2058 2177; x_wconf 89' lang='grc' dir='ltr'><strong>πάντη</strong></span> <span class='ocrx_word' id='word_1_464' title='bbox 2109 2119 2166 2172; x_wconf 72' lang='grc' dir='ltr'><strong>οὗ</strong></span> <span class='ocrx_word' id='word_1_465' title='bbox 2221 2119 2399 2192; x_wconf 83' lang='grc' dir='ltr'><strong>μέλαν,</strong></span> <span class='ocrx_word' id='word_1_466' title='bbox 2453 2118 2581 2171; x_wconf 82' lang='grc' dir='ltr'><strong>ἀλλὰ</strong></span> <span class='ocrx_word' id='word_1_467' title='bbox 2630 2127 2741 2181; x_wconf 85' lang='grc' dir='ltr'><strong>πῶς</strong></span> <span class='ocrx_word' id='word_1_468' title='bbox 2791 2118 2968 2192; x_wconf 81' lang='grc' dir='ltr'><strong>μέλαν,</strong></span> <span class='ocrx_word' id='word_1_469' title='bbox 3012 2125 3125 2181; x_wconf 83' lang='grc' dir='ltr'><strong>πῶς</strong></span> <span class='ocrx_word' id='word_1_470' title='bbox 3186 2115 3236 2171; x_wconf 82' lang='grc' dir='ltr'><strong>δ’</strong></span> <span class='ocrx_word' id='word_1_471' title='bbox 3293 2119 3352 2172; x_wconf 80' lang='grc' dir='ltr'><strong>οὒ</strong></span> <span class='ocrx_word' id='word_1_472' title='bbox 3409 2135 3425 2188; x_wconf 85' lang='grc'><strong>;</strong></span> 
     </span>
    </p>
   </div>
   <div class='ocr_carea' id='block_1_60' title="bbox 1770 2206 3426 2282">
    <p class='ocr_par' dir='ltr' id='par_1_60' title="bbox 1770 2206 3426 2282">
     <span class='ocr_line' id='line_1_60' title="bbox 1770 2206 3426 2282; baseline 0 -21"><span class='ocrx_word' id='word_1_473' title='bbox 1770 2214 1860 2261; x_wconf 87' lang='grc' dir='ltr'><strong>καὶ</strong></span> <span class='ocrx_word' id='word_1_474' title='bbox 1917 2211 1974 2261; x_wconf 89' lang='lat'><strong>1&#39;6</strong></span> <span class='ocrx_word' id='word_1_475' title='bbox 2041 2209 2231 2282; x_wconf 76' lang='grc' dir='ltr'><strong>ἕτερον,</strong></span> <span class='ocrx_word' id='word_1_476' title='bbox 2282 2210 2418 2260; x_wconf 82' lang='grc' dir='ltr'><strong>κατὰ</strong></span> <span class='ocrx_word' id='word_1_477' title='bbox 2461 2212 2520 2261; x_wconf 90' lang='grc' dir='ltr'><strong>τό</strong></span> <span class='ocrx_word' id='word_1_478' title='bbox 2571 2207 2720 2278; x_wconf 79' lang='grc' dir='ltr'><strong>αὐτὸ,</strong></span> <span class='ocrx_word' id='word_1_479' title='bbox 2771 2206 2875 2260; x_wconf 84' lang='grc' dir='ltr'><strong>οἷον</strong></span> <span class='ocrx_word' id='word_1_480' title='bbox 2923 2210 2982 2258; x_wconf 88' lang='grc' dir='ltr'><strong>τὸ</strong></span> <span class='ocrx_word' id='word_1_481' title='bbox 3048 2215 3146 2268; x_wconf 84' lang='grc' dir='ltr'><strong>τῆς</strong></span> <span class='ocrx_word' id='word_1_482' title='bbox 3232 2212 3426 2270; x_wconf 85' lang='grc' dir='ltr'><strong>σηπίας</strong></span> 
     </span>
    </p>
   </div>
   <div class='ocr_carea' id='block_1_61' title="bbox 1770 2295 3426 2371">
    <p class='ocr_par' dir='ltr' id='par_1_61' title="bbox 1770 2295 3426 2371">
     <span class='ocr_line' id='line_1_61' title="bbox 1770 2295 3426 2371; baseline 0 -21"><span class='ocrx_word' id='word_1_483' title='bbox 1770 2299 1925 2371; x_wconf 80' lang='grc' dir='ltr'><strong>μέλαν</strong></span> <span class='ocrx_word' id='word_1_484' title='bbox 1984 2303 2074 2350; x_wconf 79' lang='grc' dir='ltr'><strong>καὶ</strong></span> <span class='ocrx_word' id='word_1_485' title='bbox 2128 2301 2188 2350; x_wconf 86' lang='grc' dir='ltr'><strong>τὸ</strong></span> <span class='ocrx_word' id='word_1_486' title='bbox 2232 2295 2442 2370; x_wconf 79' lang='grc' dir='ltr'><strong>ἄλευρον</strong></span> <span class='ocrx_word' id='word_1_487' title='bbox 2499 2297 2765 2360; x_wconf 77' lang='grc' dir='ltr'><strong>ἑνωθέντα,</strong></span> <span class='ocrx_word' id='word_1_488' title='bbox 2823 2299 2882 2348; x_wconf 87' lang='lat'><strong>1&#39;6</strong></span> <span class='ocrx_word' id='word_1_489' title='bbox 2936 2296 3116 2349; x_wconf 85' lang='grc' dir='ltr'><strong>λευκόν</strong></span> <span class='ocrx_word' id='word_1_490' title='bbox 3197 2302 3287 2350; x_wconf 83' lang='grc' dir='ltr'><strong>καὶ</strong></span> <span class='ocrx_word' id='word_1_491' title='bbox 3364 2301 3426 2350; x_wconf 86' lang='lat'><strong>1&#39;6</strong></span> 
     </span>
    </p>
   </div>
   <div class='ocr_carea' id='block_1_62' title="bbox 1771 2385 3413 2460">
    <p class='ocr_par' dir='ltr' id='par_1_62' title="bbox 1771 2385 3413 2460">
     <span class='ocr_line' id='line_1_62' title="bbox 1771 2385 3413 2460; baseline -0.001 -21"><span class='ocrx_word' id='word_1_492' title='bbox 1771 2386 1925 2459; x_wconf 83' lang='grc' dir='ltr'><strong>μέλαν</strong></span> <span class='ocrx_word' id='word_1_493' title='bbox 1978 2389 2035 2439; x_wconf 88' lang='grc' dir='ltr'><strong>τὸ</strong></span> <span class='ocrx_word' id='word_1_494' title='bbox 2093 2385 2140 2438; x_wconf 83' lang='grc' dir='ltr'><strong>ἓν</strong></span> <span class='ocrx_word' id='word_1_495' title='bbox 2192 2385 2373 2448; x_wconf 73' lang='grc' dir='ltr'><strong>αὐτοῖς</strong></span> <span class='ocrx_word' id='word_1_496' title='bbox 2429 2386 2828 2459; x_wconf 80' lang='grc' dir='ltr'><strong>ἄμειφθὴσεται.</strong></span> <span class='ocrx_word' id='word_1_497' title='bbox 2893 2385 3033 2438; x_wconf 84' lang='grc' dir='ltr'><strong>Ἐπεὶ</strong></span> <span class='ocrx_word' id='word_1_498' title='bbox 3097 2388 3200 2460; x_wconf 78' lang='grc' dir='ltr'><strong>γὰρ</strong></span> <span class='ocrx_word' id='word_1_499' title='bbox 3282 2386 3413 2439; x_wconf 85' lang='grc' dir='ltr'><strong>εἰσιν</strong></span> 
     </span>
    </p>
   </div>
   <div class='ocr_carea' id='block_1_63' title="bbox 1771 2472 3424 2548">
    <p class='ocr_par' dir='ltr' id='par_1_63' title="bbox 1771 2472 3424 2548">
     <span class='ocr_line' id='line_1_63' title="bbox 1771 2472 3424 2548; baseline -0.001 -20"><span class='ocrx_word' id='word_1_500' title='bbox 1771 2475 1994 2543; x_wconf 72' lang='grc' dir='ltr'><strong>ἐναντίον,</strong></span> <span class='ocrx_word' id='word_1_501' title='bbox 2052 2479 2142 2527; x_wconf 86' lang='grc' dir='ltr'><strong>καὶ</strong></span> <span class='ocrx_word' id='word_1_502' title='bbox 2196 2475 2456 2548; x_wconf 84' lang='grc' dir='ltr'><strong>τραπῶσι,</strong></span> <span class='ocrx_word' id='word_1_503' title='bbox 2507 2479 2597 2527; x_wconf 80' lang='grc' dir='ltr'><strong>καὶ</strong></span> <span class='ocrx_word' id='word_1_504' title='bbox 2646 2478 2703 2527; x_wconf 86' lang='grc' dir='ltr'><strong>τὸ</strong></span> <span class='ocrx_word' id='word_1_505' title='bbox 2745 2477 2834 2547; x_wconf 75' lang='grc' dir='ltr'><strong>μὲν</strong></span> <span class='ocrx_word' id='word_1_506' title='bbox 2901 2472 2956 2526; x_wconf 69' lang='grc' dir='ltr'><strong>ἐκ</strong></span> <span class='ocrx_word' id='word_1_507' title='bbox 3027 2482 3118 2527; x_wconf 85' lang='grc' dir='ltr'><strong>τοῦ</strong></span> <span class='ocrx_word' id='word_1_508' title='bbox 3191 2474 3424 2528; x_wconf 73' lang='grc' dir='ltr'><strong>ἐναντίου</strong></span> 
     </span>
    </p>
   </div>
   <div class='ocr_carea' id='block_1_64' title="bbox 1769 2559 3425 2637">
    <p class='ocr_par' dir='ltr' id='par_1_64' title="bbox 1769 2559 3425 2637">
     <span class='ocr_line' id='line_1_64' title="bbox 1769 2559 3425 2637; baseline -0.001 -20"><span class='ocrx_word' id='word_1_509' title='bbox 1769 2566 2125 2623; x_wconf 80' lang='grc' dir='ltr'><strong>ὑποστὴσεται</strong></span> <span class='ocrx_word' id='word_1_510' title='bbox 2155 2564 2334 2637; x_wconf 79' lang='grc' dir='ltr'><strong>ὕφεσιν</strong></span> <span class='ocrx_word' id='word_1_511' title='bbox 2357 2572 2448 2616; x_wconf 86' lang='grc' dir='ltr'><strong>τοῦ</strong></span> <span class='ocrx_word' id='word_1_512' title='bbox 2473 2559 2601 2616; x_wconf 81' lang='grc' dir='ltr'><strong>εἶναι</strong></span> <span class='ocrx_word' id='word_1_513' title='bbox 2654 2563 2856 2632; x_wconf 82' lang='grc' dir='ltr'><strong>λευκόν,</strong></span> <span class='ocrx_word' id='word_1_514' title='bbox 2912 2566 2972 2615; x_wconf 86' lang='grc' dir='ltr'><strong>τὸ</strong></span> <span class='ocrx_word' id='word_1_515' title='bbox 3025 2559 3086 2617; x_wconf 67' lang='grc' dir='ltr'><strong>δὲ</strong></span> <span class='ocrx_word' id='word_1_516' title='bbox 3142 2571 3234 2617; x_wconf 79' lang='grc' dir='ltr'><strong>τοῦ</strong></span> <span class='ocrx_word' id='word_1_517' title='bbox 3295 2561 3425 2617; x_wconf 84' lang='grc' dir='ltr'><strong>εἶναι</strong></span> 
     </span>
    </p>
   </div>
   <div class='ocr_carea' id='block_1_65' title="bbox 1769 2649 3424 2726">
    <p class='ocr_par' dir='ltr' id='par_1_65' title="bbox 1769 2649 3424 2726">
     <span class='ocr_line' id='line_1_65' title="bbox 1769 2649 3424 2726; baseline 0.001 -21"><span class='ocrx_word' id='word_1_518' title='bbox 1769 2653 1944 2726; x_wconf 86' lang='grc' dir='ltr'><strong>μέλαν,</strong></span> <span class='ocrx_word' id='word_1_519' title='bbox 1977 2661 2050 2724; x_wconf 81' lang='grc' dir='ltr'><strong>τῷ</strong></span> <span class='ocrx_word' id='word_1_520' title='bbox 2104 2649 2164 2706; x_wconf 65' lang='grc' dir='ltr'><strong>δι</strong></span> <span class='ocrx_word' id='word_1_521' title='bbox 2218 2651 2320 2725; x_wconf 74' lang='grc' dir='ltr'><strong>ἴσῳ</strong></span> <span class='ocrx_word' id='word_1_522' title='bbox 2379 2657 2470 2705; x_wconf 76' lang='grc' dir='ltr'><strong>καὶ</strong></span> <span class='ocrx_word' id='word_1_523' title='bbox 2519 2660 2592 2724; x_wconf 86' lang='grc' dir='ltr'><strong>τῷ</strong></span> <span class='ocrx_word' id='word_1_524' title='bbox 2650 2650 2836 2724; x_wconf 74' lang='grc' dir='ltr'><strong>ἀνίσῳ,</strong></span> <span class='ocrx_word' id='word_1_525' title='bbox 2890 2651 2984 2704; x_wconf 74' lang='grc' dir='ltr'><strong>οὐκ</strong></span> <span class='ocrx_word' id='word_1_526' title='bbox 3046 2652 3424 2726; x_wconf 78' lang='grc' dir='ltr'><strong>ἆμεφθήσεται,</strong></span> 
     </span>
    </p>
   </div>
   <div class='ocr_carea' id='block_1_66' title="bbox 1770 2740 3420 2816">
    <p class='ocr_par' dir='ltr' id='par_1_66' title="bbox 1770 2740 3420 2816">
     <span class='ocr_line' id='line_1_66' title="bbox 1770 2740 3420 2816; baseline 0.001 -22"><span class='ocrx_word' id='word_1_527' title='bbox 1770 2745 1905 2796; x_wconf 83' lang='grc' dir='ltr'><strong>ὥστε</strong></span> <span class='ocrx_word' id='word_1_528' title='bbox 1959 2747 2018 2796; x_wconf 90' lang='grc' dir='ltr'><strong>τὸ</strong></span> <span class='ocrx_word' id='word_1_529' title='bbox 2070 2740 2324 2816; x_wconf 78' lang='grc' dir='ltr'><strong>μεδίμνου</strong></span> <span class='ocrx_word' id='word_1_530' title='bbox 2373 2745 2536 2795; x_wconf 87' lang='grc' dir='ltr'><strong>ποσὸν</strong></span> <span class='ocrx_word' id='word_1_531' title='bbox 2584 2743 2679 2794; x_wconf 71' lang='grc' dir='ltr'><strong>οὐκ</strong></span> <span class='ocrx_word' id='word_1_532' title='bbox 2736 2743 2803 2804; x_wconf 83' lang='grc' dir='ltr'><strong>εἰς</strong></span> <span class='ocrx_word' id='word_1_533' title='bbox 2853 2741 3063 2806; x_wconf 84' lang='grc' dir='ltr'><strong>κύλικος</strong></span> <span class='ocrx_word' id='word_1_534' title='bbox 3131 2743 3310 2814; x_wconf 78' lang='grc' dir='ltr'><strong>ἐλθεῖν,</strong></span> <span class='ocrx_word' id='word_1_535' title='bbox 3390 2744 3420 2803; x_wconf 75' lang='grc' dir='ltr'><strong>ᾖ</strong></span> 
     </span>
    </p>
   </div>
   <div class='ocr_carea' id='block_1_67' title="bbox 1768 2830 3423 2906">
    <p class='ocr_par' dir='ltr' id='par_1_67' title="bbox 1768 2830 3423 2906">
     <span class='ocr_line' id='line_1_67' title="bbox 1768 2830 3423 2906; baseline -0.001 -21"><span class='ocrx_word' id='word_1_536' title='bbox 1768 2831 2078 2906; x_wconf 81' lang='grc' dir='ltr'><strong>προσλαϐεῖν</strong></span> <span class='ocrx_word' id='word_1_537' title='bbox 2112 2833 2321 2904; x_wconf 88' lang='grc' dir='ltr'><strong>θάτερον</strong></span> <span class='ocrx_word' id='word_1_538' title='bbox 2388 2830 2442 2883; x_wconf 77' lang='grc' dir='ltr'><strong>ἐκ</strong></span> <span class='ocrx_word' id='word_1_539' title='bbox 2503 2834 2720 2906; x_wconf 83' lang='grc' dir='ltr'><strong>θατέρου</strong></span> <span class='ocrx_word' id='word_1_540' title='bbox 2775 2837 2840 2893; x_wconf 87' lang='grc' dir='ltr'><strong>ὡς</strong></span> <span class='ocrx_word' id='word_1_541' title='bbox 2895 2833 3100 2884; x_wconf 73' lang='grc' dir='ltr'><strong>ὁπόσων</strong></span> <span class='ocrx_word' id='word_1_542' title='bbox 3165 2852 3236 2903; x_wconf 88' lang='grc' dir='ltr'><strong>τι,</strong></span> <span class='ocrx_word' id='word_1_543' title='bbox 3294 2830 3423 2885; x_wconf 78' lang='grc' dir='ltr'><strong>ἀλλὰ</strong></span> 
     </span>
    </p>
   </div>
   <div class='ocr_carea' id='block_1_68' title="bbox 1775 3007 3424 3081">
    <p class='ocr_par' dir='ltr' id='par_1_68' title="bbox 1775 3007 3424 3081">
     <span class='ocr_line' id='line_1_68' title="bbox 1775 3007 3424 3081; baseline 0 -17"><span class='ocrx_word' id='word_1_544' title='bbox 1775 3009 2004 3081; x_wconf 90' lang='lat' dir='ltr'><strong>nequit.</strong></span> <span class='ocrx_word' id='word_1_545' title='bbox 2047 3011 2268 3063; x_wconf 85' lang='lat' dir='ltr'><strong>Rursus</strong></span> <span class='ocrx_word' id='word_1_546' title='bbox 2295 3007 2344 3063; x_wconf 90' lang='lat' dir='ltr'><strong>si</strong></span> <span class='ocrx_word' id='word_1_547' title='bbox 2373 3007 2794 3080; x_wconf 87' lang='lat' dir='ltr'><strong>incorporeum</strong></span> <span class='ocrx_word' id='word_1_548' title='bbox 2847 3007 3074 3081; x_wconf 90' lang='lat' dir='ltr'><strong>aliquid</strong></span> <span class='ocrx_word' id='word_1_549' title='bbox 3139 3007 3424 3065; x_wconf 84' lang='lat' dir='ltr'><strong>accedere</strong></span> 
     </span>
    </p>
   </div>
   <div class='ocr_carea' id='block_1_69' title="bbox 1775 3095 3420 3169">
    <p class='ocr_par' dir='ltr' id='par_1_69' title="bbox 1775 3095 3420 3169">
     <span class='ocr_line' id='line_1_69' title="bbox 1775 3095 3420 3169; baseline 0.001 -17"><span class='ocrx_word' id='word_1_550' title='bbox 1775 3097 1960 3163; x_wconf 90' lang='lat' dir='ltr'><strong>dicas,</strong></span> <span class='ocrx_word' id='word_1_551' title='bbox 1981 3103 2084 3152; x_wconf 90' lang='lat' dir='ltr'><strong>aut</strong></span> <span class='ocrx_word' id='word_1_552' title='bbox 2108 3095 2367 3169; x_wconf 87' lang='lat' dir='ltr'><strong>qualitas</strong></span> <span class='ocrx_word' id='word_1_553' title='bbox 2389 3095 2681 3166; x_wconf 88' lang='lat' dir='ltr'><strong>adveniet,</strong></span> <span class='ocrx_word' id='word_1_554' title='bbox 2708 3101 2886 3168; x_wconf 91' lang='lat' dir='ltr'><strong>atque</strong></span> <span class='ocrx_word' id='word_1_555' title='bbox 2915 3097 3030 3152; x_wconf 89' lang='lat' dir='ltr'><strong>hoc</strong></span> <span class='ocrx_word' id='word_1_556' title='bbox 3078 3097 3262 3152; x_wconf 91' lang='lat' dir='ltr'><strong>modo</strong></span> <span class='ocrx_word' id='word_1_557' title='bbox 3323 3111 3420 3153; x_wconf 86' lang='lat' dir='ltr'><strong>res</strong></span> 
     </span>
    </p>
   </div>
   <div class='ocr_carea' id='block_1_70' title="bbox 1774 3184 3422 3251">
    <p class='ocr_par' dir='ltr' id='par_1_70' title="bbox 1774 3184 3422 3251">
     <span class='ocr_line' id='line_1_70' title="bbox 1774 3184 3422 3251; baseline 0.001 -11"><span class='ocrx_word' id='word_1_558' title='bbox 1774 3185 2008 3240; x_wconf 91' lang='lat' dir='ltr'><strong>intensa</strong></span> <span class='ocrx_word' id='word_1_559' title='bbox 2045 3185 2162 3241; x_wconf 91' lang='lat' dir='ltr'><strong>alia</strong></span> <span class='ocrx_word' id='word_1_560' title='bbox 2182 3200 2304 3240; x_wconf 90' lang='lat' dir='ltr'><strong>non</strong></span> <span class='ocrx_word' id='word_1_561' title='bbox 2335 3184 2565 3251; x_wconf 85' lang='lat' dir='ltr'><strong>evadet,</strong></span> <span class='ocrx_word' id='word_1_562' title='bbox 2608 3184 2714 3240; x_wconf 91' lang='lat' dir='ltr'><strong>sed</strong></span> <span class='ocrx_word' id='word_1_563' title='bbox 2753 3184 3095 3251; x_wconf 86' lang='lat' dir='ltr'><strong>dissimilis;</strong></span> <span class='ocrx_word' id='word_1_564' title='bbox 3148 3191 3251 3242; x_wconf 89' lang='lat' dir='ltr'><strong>aut</strong></span> <span class='ocrx_word' id='word_1_565' title='bbox 3287 3187 3422 3241; x_wconf 87' lang='lat' dir='ltr'><strong>uni-</strong></span> 
     </span>
    </p>
   </div>
   <div class='ocr_carea' id='block_1_71' title="bbox 1773 3273 3422 3348">
    <p class='ocr_par' dir='ltr' id='par_1_71' title="bbox 1773 3273 3422 3348">
     <span class='ocr_line' id='line_1_71' title="bbox 1773 3273 3422 3348; baseline 0.002 -20"><span class='ocrx_word' id='word_1_566' title='bbox 1773 3279 1922 3330; x_wconf 92' lang='lat' dir='ltr'><strong>tates</strong></span> <span class='ocrx_word' id='word_1_567' title='bbox 1975 3275 2314 3343; x_wconf 88' lang='lat' dir='ltr'><strong>advenient,</strong></span> <span class='ocrx_word' id='word_1_568' title='bbox 2366 3279 2545 3347; x_wconf 92' lang='lat' dir='ltr'><strong>atque</strong></span> <span class='ocrx_word' id='word_1_569' title='bbox 2598 3273 3151 3344; x_wconf 89' lang='lat' dir='ltr'><strong>agglutinabuntur,</strong></span> <span class='ocrx_word' id='word_1_570' title='bbox 3203 3290 3422 3348; x_wconf 87' lang='lat' dir='ltr'><strong>nempe</strong></span> 
     </span>
    </p>
   </div>
   <div class='ocr_carea' id='block_1_72' title="bbox 1773 3363 3422 3436">
    <p class='ocr_par' dir='ltr' id='par_1_72' title="bbox 1773 3363 3422 3436">
     <span class='ocr_line' id='line_1_72' title="bbox 1773 3363 3422 3436; baseline 0.001 -17"><span class='ocrx_word' id='word_1_571' title='bbox 1773 3364 1972 3430; x_wconf 82' lang='lat' dir='ltr'><strong>unitas</strong></span> <span class='ocrx_word' id='word_1_572' title='bbox 2002 3379 2125 3419; x_wconf 91' lang='lat' dir='ltr'><strong>una</strong></span> <span class='ocrx_word' id='word_1_573' title='bbox 2150 3369 2206 3419; x_wconf 92' lang='lat' dir='ltr'><strong>et</strong></span> <span class='ocrx_word' id='word_1_574' title='bbox 2245 3365 2429 3419; x_wconf 81' lang='lat' dir='ltr'><strong>altera</strong></span> <span class='ocrx_word' id='word_1_575' title='bbox 2451 3363 2674 3418; x_wconf 90' lang='lat' dir='ltr'><strong>unitas.</strong></span> <span class='ocrx_word' id='word_1_576' title='bbox 2706 3365 2850 3429; x_wconf 69' lang='lat' dir='ltr'><strong>Quse</strong></span> <span class='ocrx_word' id='word_1_577' title='bbox 2874 3364 3120 3436; x_wconf 89' lang='lat' dir='ltr'><strong>quidem</strong></span> <span class='ocrx_word' id='word_1_578' title='bbox 3166 3365 3422 3421; x_wconf 89' lang='lat' dir='ltr'><strong>unitates</strong></span> 
     </span>
    </p>
   </div>
   <div class='ocr_carea' id='block_1_73' title="bbox 1771 3452 3420 3524">
    <p class='ocr_par' dir='ltr' id='par_1_73' title="bbox 1771 3452 3420 3524">
     <span class='ocr_line' id='line_1_73' title="bbox 1771 3452 3420 3524; baseline 0.001 -17"><span class='ocrx_word' id='word_1_579' title='bbox 1771 3453 1820 3508; x_wconf 89' lang='lat' dir='ltr'><strong>si</strong></span> <span class='ocrx_word' id='word_1_580' title='bbox 1841 3453 1956 3508; x_wconf 92' lang='lat' dir='ltr'><strong>sint</strong></span> <span class='ocrx_word' id='word_1_581' title='bbox 1976 3453 2292 3524; x_wconf 90' lang='lat' dir='ltr'><strong>qualitates</strong></span> <span class='ocrx_word' id='word_1_582' title='bbox 2324 3452 2660 3520; x_wconf 74' lang='lat' dir='ltr'><strong>abstractae,</strong></span> <span class='ocrx_word' id='word_1_583' title='bbox 2689 3457 2745 3507; x_wconf 91' lang='lat' dir='ltr'><strong>et</strong></span> <span class='ocrx_word' id='word_1_584' title='bbox 2766 3453 2869 3508; x_wconf 89' lang='lat' dir='ltr'><strong>uni</strong></span> <span class='ocrx_word' id='word_1_585' title='bbox 2899 3453 3085 3509; x_wconf 87' lang='lat' dir='ltr'><strong>altera</strong></span> <span class='ocrx_word' id='word_1_586' title='bbox 3142 3452 3420 3521; x_wconf 89' lang='lat' dir='ltr'><strong>addatur,</strong></span> 
     </span>
    </p>
   </div>
   <div class='ocr_carea' id='block_1_74' title="bbox 1770 3541 3423 3616">
    <p class='ocr_par' dir='ltr' id='par_1_74' title="bbox 1770 3541 3423 3616">
     <span class='ocr_line' id='line_1_74' title="bbox 1770 3541 3423 3616; baseline 0.001 -18"><span class='ocrx_word' id='word_1_587' title='bbox 1770 3547 1834 3598; x_wconf 90' lang='lat' dir='ltr'><strong>ut</strong></span> <span class='ocrx_word' id='word_1_588' title='bbox 1863 3542 2100 3607; x_wconf 87' lang='lat' dir='ltr'><strong>albedo,</strong></span> <span class='ocrx_word' id='word_1_589' title='bbox 2133 3542 2402 3614; x_wconf 89' lang='lat' dir='ltr'><strong>nigredo,</strong></span> <span class='ocrx_word' id='word_1_590' title='bbox 2429 3541 2706 3606; x_wconf 85' lang='lat' dir='ltr'><strong>dulcedo,</strong></span> <span class='ocrx_word' id='word_1_591' title='bbox 2741 3541 3013 3611; x_wconf 89' lang='lat' dir='ltr'><strong>salsedo;</strong></span> <span class='ocrx_word' id='word_1_592' title='bbox 3062 3559 3258 3616; x_wconf 87' lang='lat' dir='ltr'><strong>neque</strong></span> <span class='ocrx_word' id='word_1_593' title='bbox 3307 3544 3423 3600; x_wconf 91' lang='lat' dir='ltr'><strong>hoc</strong></span> 
     </span>
    </p>
   </div>
   <div class='ocr_carea' id='block_1_75' title="bbox 1772 3630 3422 3702">
    <p class='ocr_par' dir='ltr' id='par_1_75' title="bbox 1772 3630 3422 3702">
     <span class='ocr_line' id='line_1_75' title="bbox 1772 3630 3422 3702; baseline 0.001 -16"><span class='ocrx_word' id='word_1_594' title='bbox 1772 3631 1956 3686; x_wconf 91' lang='lat' dir='ltr'><strong>modo</strong></span> <span class='ocrx_word' id='word_1_595' title='bbox 1985 3631 2092 3686; x_wconf 91' lang='lat' dir='ltr'><strong>erit</strong></span> <span class='ocrx_word' id='word_1_596' title='bbox 2115 3630 2370 3686; x_wconf 90' lang='lat' dir='ltr'><strong>intensio</strong></span> <span class='ocrx_word' id='word_1_597' title='bbox 2398 3630 2720 3702; x_wconf 90' lang='lat' dir='ltr'><strong>qualitatis,</strong></span> <span class='ocrx_word' id='word_1_598' title='bbox 2743 3645 2886 3687; x_wconf 90' lang='lat' dir='ltr'><strong>nam</strong></span> <span class='ocrx_word' id='word_1_599' title='bbox 2908 3631 3123 3687; x_wconf 91' lang='lat' dir='ltr'><strong>albedo</strong></span> <span class='ocrx_word' id='word_1_600' title='bbox 3145 3632 3422 3688; x_wconf 89' lang='lat' dir='ltr'><strong>albedine</strong></span> 
     </span>
    </p>
   </div>
   <div class='ocr_carea' id='block_1_76' title="bbox 1771 3719 3420 3790">
    <p class='ocr_par' dir='ltr' id='par_1_76' title="bbox 1771 3719 3420 3790">
     <span class='ocr_line' id='line_1_76' title="bbox 1771 3719 3420 3790; baseline 0.001 -16"><span class='ocrx_word' id='word_1_601' title='bbox 1771 3734 1893 3775; x_wconf 92' lang='lat' dir='ltr'><strong>non</strong></span> <span class='ocrx_word' id='word_1_602' title='bbox 1917 3725 2007 3775; x_wconf 92' lang='lat' dir='ltr'><strong>est</strong></span> <span class='ocrx_word' id='word_1_603' title='bbox 2042 3719 2240 3790; x_wconf 90' lang='lat' dir='ltr'><strong>magis</strong></span> <span class='ocrx_word' id='word_1_604' title='bbox 2268 3719 2429 3776; x_wconf 90' lang='lat' dir='ltr'><strong>alba.</strong></span> <span class='ocrx_word' id='word_1_605' title='bbox 2477 3719 2640 3774; x_wconf 90' lang='lat' dir='ltr'><strong>Idem</strong></span> <span class='ocrx_word' id='word_1_606' title='bbox 2691 3719 2765 3774; x_wconf 91' lang='lat' dir='ltr'><strong>de</strong></span> <span class='ocrx_word' id='word_1_607' title='bbox 2818 3719 3046 3776; x_wconf 67' lang='lat' dir='ltr'><strong>caeteris</strong></span> <span class='ocrx_word' id='word_1_608' title='bbox 3096 3719 3420 3776; x_wconf 92' lang='lat' dir='ltr'><strong>dicendum</strong></span> 
     </span>
    </p>
   </div>
   <div class='ocr_carea' id='block_1_77' title="bbox 1773 3807 3422 3880">
    <p class='ocr_par' dir='ltr' id='par_1_77' title="bbox 1773 3807 3422 3880">
     <span class='ocr_line' id='line_1_77' title="bbox 1773 3807 3422 3880; baseline 0.001 -16"><span class='ocrx_word' id='word_1_609' title='bbox 1773 3814 1877 3864; x_wconf 89' lang='lat' dir='ltr'><strong>est.</strong></span> <span class='ocrx_word' id='word_1_610' title='bbox 1913 3813 1983 3864; x_wconf 84' lang='lat' dir='ltr'><strong>At</strong></span> <span class='ocrx_word' id='word_1_611' title='bbox 2011 3809 2269 3880; x_wconf 88' lang='lat' dir='ltr'><strong>qualitas</strong></span> <span class='ocrx_word' id='word_1_612' title='bbox 2320 3809 2380 3862; x_wconf 92' lang='lat' dir='ltr'><strong>in</strong></span> <span class='ocrx_word' id='word_1_613' title='bbox 2433 3807 2741 3864; x_wconf 91' lang='lat' dir='ltr'><strong>individuo</strong></span> <span class='ocrx_word' id='word_1_614' title='bbox 2789 3809 3189 3864; x_wconf 87' lang='lat' dir='ltr'><strong>intensionem</strong></span> <span class='ocrx_word' id='word_1_615' title='bbox 3223 3809 3422 3867; x_wconf 74' lang='lat' dir='ltr'><strong>efﬁcit.</strong></span> 
     </span>
    </p>
   </div>
   <div class='ocr_carea' id='block_1_78' title="bbox 1775 3895 3425 3967">
    <p class='ocr_par' dir='ltr' id='par_1_78' title="bbox 1775 3895 3425 3967">
     <span class='ocr_line' id='line_1_78' title="bbox 1775 3895 3425 3967; baseline 0.001 -15"><span class='ocrx_word' id='word_1_616' title='bbox 1775 3898 1900 3952; x_wconf 89' lang='lat' dir='ltr'><strong>Uva</strong></span> <span class='ocrx_word' id='word_1_617' title='bbox 1923 3897 2081 3951; x_wconf 91' lang='lat' dir='ltr'><strong>enim</strong></span> <span class='ocrx_word' id='word_1_618' title='bbox 2106 3900 2360 3966; x_wconf 90' lang='lat' dir='ltr'><strong>granato</strong></span> <span class='ocrx_word' id='word_1_619' title='bbox 2394 3900 2482 3951; x_wconf 92' lang='lat' dir='ltr'><strong>est</strong></span> <span class='ocrx_word' id='word_1_620' title='bbox 2523 3895 2789 3966; x_wconf 87' lang='lat' dir='ltr'><strong>dulcior;</strong></span> <span class='ocrx_word' id='word_1_621' title='bbox 2827 3901 2931 3952; x_wconf 90' lang='lat' dir='ltr'><strong>aut</strong></span> <span class='ocrx_word' id='word_1_622' title='bbox 2960 3902 3275 3967; x_wconf 88' lang='lat' dir='ltr'><strong>granatum</strong></span> <span class='ocrx_word' id='word_1_623' title='bbox 3302 3914 3425 3954; x_wconf 90' lang='lat' dir='ltr'><strong>uva</strong></span> 
     </span>
    </p>
   </div>
   <div class='ocr_carea' id='block_1_79' title="bbox 1775 3983 3420 4055">
    <p class='ocr_par' dir='ltr' id='par_1_79' title="bbox 1775 3983 3420 4055">
     <span class='ocr_line' id='line_1_79' title="bbox 1775 3983 3420 4055; baseline 0.001 -15"><span class='ocrx_word' id='word_1_624' title='bbox 1775 3990 1863 4040; x_wconf 89' lang='lat' dir='ltr'><strong>est</strong></span> <span class='ocrx_word' id='word_1_625' title='bbox 1886 3983 2415 4055; x_wconf 89' lang='lat' dir='ltr'><strong>duleius,itemque</strong></span> <span class='ocrx_word' id='word_1_626' title='bbox 2447 3983 2650 4038; x_wconf 84' lang='lat' dir='ltr'><strong>album</strong></span> <span class='ocrx_word' id='word_1_627' title='bbox 2678 3983 2817 4038; x_wconf 90' lang='lat' dir='ltr'><strong>albo</strong></span> <span class='ocrx_word' id='word_1_628' title='bbox 2847 3989 2938 4038; x_wconf 92' lang='lat' dir='ltr'><strong>est</strong></span> <span class='ocrx_word' id='word_1_629' title='bbox 2963 3985 3155 4054; x_wconf 89' lang='lat' dir='ltr'><strong>magis</strong></span> <span class='ocrx_word' id='word_1_630' title='bbox 3192 3986 3420 4055; x_wconf 84' lang='lat' dir='ltr'><strong>album,</strong></span> 
     </span>
    </p>
   </div>
   <div class='ocr_carea' id='block_1_80' title="bbox 1776 4073 3424 4146">
    <p class='ocr_par' dir='ltr' id='par_1_80' title="bbox 1776 4073 3424 4146">
     <span class='ocr_line' id='line_1_80' title="bbox 1776 4073 3424 4146; baseline 0.002 -18"><span class='ocrx_word' id='word_1_631' title='bbox 1776 4078 2028 4145; x_wconf 91' lang='lat' dir='ltr'><strong>utraque</strong></span> <span class='ocrx_word' id='word_1_632' title='bbox 2055 4089 2196 4129; x_wconf 92' lang='lat' dir='ltr'><strong>vero</strong></span> <span class='ocrx_word' id='word_1_633' title='bbox 2217 4073 2465 4128; x_wconf 88' lang='lat' dir='ltr'><strong>omnino</strong></span> <span class='ocrx_word' id='word_1_634' title='bbox 2497 4078 2636 4128; x_wconf 90' lang='lat' dir='ltr'><strong>sunt</strong></span> <span class='ocrx_word' id='word_1_635' title='bbox 2674 4073 2832 4128; x_wconf 88' lang='lat' dir='ltr'><strong>alba.</strong></span> <span class='ocrx_word' id='word_1_636' title='bbox 2869 4075 3061 4138; x_wconf 88' lang='lat' dir='ltr'><strong>Quare</strong></span> <span class='ocrx_word' id='word_1_637' title='bbox 3095 4074 3181 4128; x_wconf 87' lang='lat' dir='ltr'><strong>vis</strong></span> <span class='ocrx_word' id='word_1_638' title='bbox 3231 4076 3424 4146; x_wconf 86' lang='lat' dir='ltr'><strong>quali-</strong></span> 
     </span>
    </p>
   </div>
   <div class='ocr_carea' id='block_1_81' title="bbox 1778 4161 3424 4237">
    <p class='ocr_par' dir='ltr' id='par_1_81' title="bbox 1778 4161 3424 4237">
     <span class='ocr_line' id='line_1_81' title="bbox 1778 4161 3424 4237; baseline 0.001 -19"><span class='ocrx_word' id='word_1_639' title='bbox 1778 4163 1912 4218; x_wconf 89' lang='lat' dir='ltr'><strong>tatis</strong></span> <span class='ocrx_word' id='word_1_640' title='bbox 1941 4163 2054 4218; x_wconf 92' lang='lat' dir='ltr'><strong>hoc</strong></span> <span class='ocrx_word' id='word_1_641' title='bbox 2069 4161 2318 4234; x_wconf 72' lang='lat' dir='ltr'><strong>qundem</strong></span> <span class='ocrx_word' id='word_1_642' title='bbox 2343 4167 2523 4231; x_wconf 84' lang='lat' dir='ltr'><strong>auget</strong></span> <span class='ocrx_word' id='word_1_643' title='bbox 2543 4161 2874 4218; x_wconf 88' lang='lat' dir='ltr'><strong>secundum</strong></span> <span class='ocrx_word' id='word_1_644' title='bbox 2897 4163 3208 4234; x_wconf 90' lang='lat' dir='ltr'><strong>quandam</strong></span> <span class='ocrx_word' id='word_1_645' title='bbox 3230 4165 3424 4237; x_wconf 88' lang='lat' dir='ltr'><strong>quali-</strong></span> 
     </span>
    </p>
   </div>
   <div class='ocr_carea' id='block_1_82' title="bbox 21 4237 3426 4323">
    <p class='ocr_par' dir='ltr' id='par_1_82' title="bbox 21 4237 3426 4323">
     <span class='ocr_line' id='line_1_82' title="bbox 21 4237 3426 4323; baseline 0 -12"><span class='ocrx_word' id='word_1_646' title='bbox 21 4255 301 4322; x_wconf 87' lang='lat' dir='ltr'><strong>denariis,</strong></span> <span class='ocrx_word' id='word_1_647' title='bbox 324 4261 426 4310; x_wconf 92' lang='lat' dir='ltr'><strong>aut</strong></span> <span class='ocrx_word' id='word_1_648' title='bbox 448 4237 709 4310; x_wconf 87' lang='lat' dir='ltr'><strong>unitates</strong></span> <span class='ocrx_word' id='word_1_649' title='bbox 739 4253 944 4309; x_wconf 91' lang='lat' dir='ltr'><strong>insunt</strong></span> <span class='ocrx_word' id='word_1_650' title='bbox 979 4252 1328 4309; x_wconf 89' lang='lat' dir='ltr'><strong>unitatibus.</strong></span> <span class='ocrx_word' id='word_1_651' title='bbox 1374 4253 1473 4308; x_wconf 83' lang='lat' dir='ltr'><strong>Hic</strong></span> <span class='ocrx_word' id='word_1_652' title='bbox 1526 4267 1668 4322; x_wconf 87' lang='lat' dir='ltr'><strong>ergo</strong></span> <span class='ocrx_word' id='word_1_653' title='bbox 1709 4237 1747 4290; x_wconf 76' lang='grc' dir='ltr'><strong>ί)</strong></span> <span class='ocrx_word' id='word_1_654' title='bbox 1774 4256 1984 4316; x_wconf 85' lang='lat' dir='ltr'><strong>tatem,</strong></span> <span class='ocrx_word' id='word_1_655' title='bbox 2008 4251 2153 4306; x_wconf 83' lang='lat' dir='ltr'><strong>illud</strong></span> <span class='ocrx_word' id='word_1_656' title='bbox 2183 4266 2325 4306; x_wconf 86' lang='lat' dir='ltr'><strong>vero</strong></span> <span class='ocrx_word' id='word_1_657' title='bbox 2356 4251 2588 4306; x_wconf 74' lang='lat' dir='ltr'><strong>minuit.</strong></span> <span class='ocrx_word' id='word_1_658' title='bbox 2613 4255 2684 4306; x_wconf 75' lang='lat' dir='ltr'><strong>At</strong></span> <span class='ocrx_word' id='word_1_659' title='bbox 2703 4251 2836 4323; x_wconf 89' lang='lat' dir='ltr'><strong>ipsa</strong></span> <span class='ocrx_word' id='word_1_660' title='bbox 2855 4251 3112 4307; x_wconf 90' lang='lat' dir='ltr'><strong>dulcedo</strong></span> <span class='ocrx_word' id='word_1_661' title='bbox 3133 4256 3190 4308; x_wconf 89' lang='lat' dir='ltr'><strong>et</strong></span> <span class='ocrx_word' id='word_1_662' title='bbox 3209 4254 3426 4310; x_wconf 89' lang='lat' dir='ltr'><strong>albedo</strong></span> 
     </span>
    </p>
   </div>
   <div class='ocr_carea' id='block_1_83' title="bbox 21 4341 1671 4416">
    <p class='ocr_par' dir='ltr' id='par_1_83' title="bbox 21 4341 1671 4416">
     <span class='ocr_line' id='line_1_83' title="bbox 21 4341 1671 4416; baseline -0.003 -15"><span class='ocrx_word' id='word_1_663' title='bbox 21 4346 141 4401; x_wconf 88' lang='lat' dir='ltr'><strong>tria</strong></span> <span class='ocrx_word' id='word_1_664' title='bbox 172 4343 360 4416; x_wconf 86' lang='lat' dir='ltr'><strong>posita</strong></span> <span class='ocrx_word' id='word_1_665' title='bbox 380 4348 536 4414; x_wconf 90' lang='lat' dir='ltr'><strong>sunt,</strong></span> <span class='ocrx_word' id='word_1_666' title='bbox 571 4342 877 4416; x_wconf 87' lang='lat' dir='ltr'><strong>appetitio,</strong></span> <span class='ocrx_word' id='word_1_667' title='bbox 931 4342 1204 4407; x_wconf 90' lang='lat' dir='ltr'><strong>accretio,</strong></span> <span class='ocrx_word' id='word_1_668' title='bbox 1270 4341 1545 4409; x_wconf 90' lang='lat' dir='ltr'><strong>intensio,</strong></span> <span class='ocrx_word' id='word_1_669' title='bbox 1607 4346 1671 4396; x_wconf 92' lang='lat' dir='ltr'><strong>ut</strong></span> 
     </span>
    </p>
   </div>
   <div class='ocr_carea' id='block_1_84' title="bbox 21 4430 1668 4502">
    <p class='ocr_par' dir='ltr' id='par_1_84' title="bbox 21 4430 1668 4502">
     <span class='ocr_line' id='line_1_84' title="bbox 21 4430 1668 4502; baseline -0.004 -12"><span class='ocrx_word' id='word_1_670' title='bbox 21 4433 313 4490; x_wconf 89' lang='lat' dir='ltr'><strong>ternarius</strong></span> <span class='ocrx_word' id='word_1_671' title='bbox 327 4446 634 4488; x_wconf 91' lang='lat' dir='ltr'><strong>numerus.</strong></span> <span class='ocrx_word' id='word_1_672' title='bbox 651 4432 842 4497; x_wconf 87' lang='lat' dir='ltr'><strong>Quare</strong></span> <span class='ocrx_word' id='word_1_673' title='bbox 859 4430 908 4485; x_wconf 92' lang='lat' dir='ltr'><strong>si</strong></span> <span class='ocrx_word' id='word_1_674' title='bbox 923 4430 1422 4502; x_wconf 89' lang='lat' dir='ltr'><strong>compositionem</strong></span> <span class='ocrx_word' id='word_1_675' title='bbox 1437 4436 1668 4502; x_wconf 89' lang='lat' dir='ltr'><strong>spectes</strong></span> 
     </span>
    </p>
   </div>
   <div class='ocr_carea' id='block_1_85' title="bbox 21 4518 1670 4593">
    <p class='ocr_par' dir='ltr' id='par_1_85' title="bbox 21 4518 1670 4593">
     <span class='ocr_line' id='line_1_85' title="bbox 21 4518 1670 4593; baseline -0.002 -15"><span class='ocrx_word' id='word_1_676' title='bbox 21 4527 77 4579; x_wconf 90' lang='lat' dir='ltr'><strong>et</strong></span> <span class='ocrx_word' id='word_1_677' title='bbox 137 4521 391 4577; x_wconf 86' lang='lat' dir='ltr'><strong>rationes</strong></span> <span class='ocrx_word' id='word_1_678' title='bbox 435 4520 514 4576; x_wconf 90' lang='lat' dir='ltr'><strong>ad</strong></span> <span class='ocrx_word' id='word_1_679' title='bbox 579 4518 1044 4593; x_wconf 85' lang='lat' dir='ltr'><strong>propagandum</strong></span> <span class='ocrx_word' id='word_1_680' title='bbox 1106 4518 1466 4591; x_wconf 91' lang='lat' dir='ltr'><strong>prodientes,</strong></span> <span class='ocrx_word' id='word_1_681' title='bbox 1551 4518 1670 4591; x_wconf 87' lang='lat' dir='ltr'><strong>pri-</strong></span> 
     </span>
    </p>
   </div>
   <div class='ocr_carea' id='block_1_86' title="bbox 23 4608 1667 4681">
    <p class='ocr_par' dir='ltr' id='par_1_86' title="bbox 23 4608 1667 4681">
     <span class='ocr_line' id='line_1_86' title="bbox 23 4608 1667 4681; baseline -0.002 -13"><span class='ocrx_word' id='word_1_682' title='bbox 23 4627 192 4668; x_wconf 89' lang='lat' dir='ltr'><strong>mum</strong></span> <span class='ocrx_word' id='word_1_683' title='bbox 233 4610 434 4667; x_wconf 91' lang='lat' dir='ltr'><strong>locum</strong></span> <span class='ocrx_word' id='word_1_684' title='bbox 463 4609 754 4665; x_wconf 90' lang='lat' dir='ltr'><strong>abtinebit</strong></span> <span class='ocrx_word' id='word_1_685' title='bbox 806 4613 1120 4681; x_wconf 91' lang='lat' dir='ltr'><strong>punctum,</strong></span> <span class='ocrx_word' id='word_1_686' title='bbox 1177 4623 1284 4664; x_wconf 90' lang='lat' dir='ltr'><strong>seu</strong></span> <span class='ocrx_word' id='word_1_687' title='bbox 1337 4608 1430 4663; x_wconf 90' lang='lat' dir='ltr'><strong>vis</strong></span> <span class='ocrx_word' id='word_1_688' title='bbox 1488 4612 1667 4681; x_wconf 89' lang='lat' dir='ltr'><strong>atque</strong></span> 
     </span>
    </p>
   </div>
   <div class='ocr_carea' id='block_1_87' title="bbox 23 4697 1671 4769">
    <p class='ocr_par' dir='ltr' id='par_1_87' title="bbox 23 4697 1671 4769">
     <span class='ocr_line' id='line_1_87' title="bbox 23 4697 1671 4769; baseline -0.002 -12"><span class='ocrx_word' id='word_1_689' title='bbox 23 4699 274 4757; x_wconf 82' lang='lat' dir='ltr'><strong>facultas</strong></span> <span class='ocrx_word' id='word_1_690' title='bbox 299 4699 378 4755; x_wconf 92' lang='lat' dir='ltr'><strong>ad</strong></span> <span class='ocrx_word' id='word_1_691' title='bbox 402 4698 837 4768; x_wconf 78' lang='lat' dir='ltr'><strong>longitudinem</strong></span> <span class='ocrx_word' id='word_1_692' title='bbox 868 4697 1260 4769; x_wconf 79' lang='lat' dir='ltr'><strong>progrediens</strong></span> <span class='ocrx_word' id='word_1_693' title='bbox 1291 4714 1305 4752; x_wconf 87' lang='lat'><strong>:</strong></span> <span class='ocrx_word' id='word_1_694' title='bbox 1335 4697 1671 4753; x_wconf 84' lang='lat' dir='ltr'><strong>secundum</strong></span> 
     </span>
    </p>
   </div>
   <div class='ocr_carea' id='block_1_88' title="bbox 23 4786 1673 4859">
    <p class='ocr_par' dir='ltr' id='par_1_88' title="bbox 23 4786 1673 4859">
     <span class='ocr_line' id='line_1_88' title="bbox 23 4786 1673 4859; baseline -0.003 -12"><span class='ocrx_word' id='word_1_695' title='bbox 23 4792 225 4848; x_wconf 89' lang='lat' dir='ltr'><strong>locum</strong></span> <span class='ocrx_word' id='word_1_696' title='bbox 251 4787 540 4845; x_wconf 88' lang='lat' dir='ltr'><strong>obtinebit</strong></span> <span class='ocrx_word' id='word_1_697' title='bbox 559 4787 740 4852; x_wconf 90' lang='lat' dir='ltr'><strong>linea,</strong></span> <span class='ocrx_word' id='word_1_698' title='bbox 772 4801 881 4842; x_wconf 90' lang='lat' dir='ltr'><strong>seu</strong></span> <span class='ocrx_word' id='word_1_699' title='bbox 934 4787 1024 4842; x_wconf 87' lang='lat' dir='ltr'><strong>vis</strong></span> <span class='ocrx_word' id='word_1_700' title='bbox 1069 4791 1250 4859; x_wconf 90' lang='lat' dir='ltr'><strong>atque</strong></span> <span class='ocrx_word' id='word_1_701' title='bbox 1303 4786 1562 4843; x_wconf 79' lang='lat' dir='ltr'><strong>facultas</strong></span> <span class='ocrx_word' id='word_1_702' title='bbox 1593 4786 1673 4843; x_wconf 89' lang='lat' dir='ltr'><strong>ad</strong></span> 
     </span>
    </p>
   </div>
   <div class='ocr_carea' id='block_1_89' title="bbox 23 4876 1672 4949">
    <p class='ocr_par' dir='ltr' id='par_1_89' title="bbox 23 4876 1672 4949">
     <span class='ocr_line' id='line_1_89' title="bbox 23 4876 1672 4949; baseline -0.004 -13"><span class='ocrx_word' id='word_1_703' title='bbox 23 4879 398 4937; x_wconf 88' lang='lat' dir='ltr'><strong>latitudinem</strong></span> <span class='ocrx_word' id='word_1_704' title='bbox 417 4876 834 4949; x_wconf 84' lang='lat' dir='ltr'><strong>progrediens;</strong></span> <span class='ocrx_word' id='word_1_705' title='bbox 851 4877 1084 4932; x_wconf 89' lang='lat' dir='ltr'><strong>tertium</strong></span> <span class='ocrx_word' id='word_1_706' title='bbox 1100 4878 1303 4932; x_wconf 78' lang='lat' dir='ltr'><strong>locum</strong></span> <span class='ocrx_word' id='word_1_707' title='bbox 1321 4877 1672 4948; x_wconf 79' lang='lat' dir='ltr'><strong>superﬁcies</strong></span> 
     </span>
    </p>
   </div>
   <div class='ocr_carea' id='block_1_90' title="bbox 25 4964 1674 5036">
    <p class='ocr_par' dir='ltr' id='par_1_90' title="bbox 25 4964 1674 5036">
     <span class='ocr_line' id='line_1_90' title="bbox 25 4964 1674 5036; baseline -0.004 -9"><span class='ocrx_word' id='word_1_708' title='bbox 25 4967 334 5036; x_wconf 88' lang='lat' dir='ltr'><strong>obtinebit,</strong></span> <span class='ocrx_word' id='word_1_709' title='bbox 365 4982 471 5022; x_wconf 92' lang='lat' dir='ltr'><strong>seu</strong></span> <span class='ocrx_word' id='word_1_710' title='bbox 525 4967 612 5020; x_wconf 86' lang='lat' dir='ltr'><strong>vis</strong></span> <span class='ocrx_word' id='word_1_711' title='bbox 655 4969 835 5036; x_wconf 89' lang='lat' dir='ltr'><strong>atque</strong></span> <span class='ocrx_word' id='word_1_712' title='bbox 874 4964 1126 5021; x_wconf 87' lang='lat' dir='ltr'><strong>facultas</strong></span> <span class='ocrx_word' id='word_1_713' title='bbox 1167 4964 1246 5020; x_wconf 92' lang='lat' dir='ltr'><strong>ad</strong></span> <span class='ocrx_word' id='word_1_714' title='bbox 1298 4964 1674 5021; x_wconf 87' lang='lat' dir='ltr'><strong>altitudinem</strong></span> 
     </span>
    </p>
   </div>
   <div class='ocr_carea' id='block_1_91' title="bbox 25 5052 1676 5132">
    <p class='ocr_par' dir='ltr' id='par_1_91' title="bbox 25 5052 1676 5132">
     <span class='ocr_line' id='line_1_91' title="bbox 25 5052 1676 5132; baseline -0.002 -20"><span class='ocrx_word' id='word_1_715' title='bbox 25 5056 444 5132; x_wconf 84' lang='lat' dir='ltr'><strong>progrediens.</strong></span> <span class='ocrx_word' id='word_1_716' title='bbox 474 5056 652 5110; x_wconf 86' lang='lat' dir='ltr'><strong>Porro</strong></span> <span class='ocrx_word' id='word_1_717' title='bbox 681 5052 809 5109; x_wconf 62' lang='lat' dir='ltr'><strong>hinc</strong></span> <span class='ocrx_word' id='word_1_718' title='bbox 834 5052 946 5108; x_wconf 87' lang='lat' dir='ltr'><strong>tria</strong></span> <span class='ocrx_word' id='word_1_719' title='bbox 972 5052 1088 5108; x_wconf 87' lang='lat' dir='ltr'><strong>vim</strong></span> <span class='ocrx_word' id='word_1_720' title='bbox 1119 5059 1300 5126; x_wconf 88' lang='lat' dir='ltr'><strong>atque</strong></span> <span class='ocrx_word' id='word_1_721' title='bbox 1332 5052 1676 5108; x_wconf 84' lang='lat' dir='ltr'><strong>facultatem</strong></span> 
     </span>
    </p>
   </div>
   <div class='ocr_carea' id='block_1_92' title="bbox 25 5141 1676 5215">
    <p class='ocr_par' dir='ltr' id='par_1_92' title="bbox 25 5141 1676 5215">
     <span class='ocr_line' id='line_1_92' title="bbox 25 5141 1676 5215; baseline -0.003 -12"><span class='ocrx_word' id='word_1_722' title='bbox 25 5145 254 5205; x_wconf 88' lang='lat' dir='ltr'><strong>habent</strong></span> <span class='ocrx_word' id='word_1_723' title='bbox 272 5143 349 5200; x_wconf 93' lang='lat' dir='ltr'><strong>ad</strong></span> <span class='ocrx_word' id='word_1_724' title='bbox 379 5159 600 5215; x_wconf 91' lang='lat' dir='ltr'><strong>corpus</strong></span> <span class='ocrx_word' id='word_1_725' title='bbox 647 5141 1153 5208; x_wconf 90' lang='lat' dir='ltr'><strong>constituendum,</strong></span> <span class='ocrx_word' id='word_1_726' title='bbox 1211 5157 1431 5214; x_wconf 92' lang='lat' dir='ltr'><strong>corpus</strong></span> <span class='ocrx_word' id='word_1_727' title='bbox 1476 5147 1676 5198; x_wconf 90' lang='lat' dir='ltr'><strong>autem</strong></span> 
     </span>
    </p>
   </div>
   <div class='ocr_carea' id='block_1_93' title="bbox 26 5229 1677 5308">
    <p class='ocr_par' dir='ltr' id='par_1_93' title="bbox 26 5229 1677 5308">
     <span class='ocr_line' id='line_1_93' title="bbox 26 5229 1677 5308; baseline -0.005 -15"><span class='ocrx_word' id='word_1_728' title='bbox 26 5236 112 5294; x_wconf 91' lang='lat' dir='ltr'><strong>ad</strong></span> <span class='ocrx_word' id='word_1_729' title='bbox 133 5233 522 5308; x_wconf 84' lang='lat' dir='ltr'><strong>quantitatem</strong></span> <span class='ocrx_word' id='word_1_730' title='bbox 541 5231 870 5304; x_wconf 87' lang='lat' dir='ltr'><strong>perfectam</strong></span> <span class='ocrx_word' id='word_1_731' title='bbox 891 5229 1375 5286; x_wconf 89' lang='lat' dir='ltr'><strong>constituendam</strong></span> <span class='ocrx_word' id='word_1_732' title='bbox 1423 5246 1677 5304; x_wconf 91' lang='lat' dir='ltr'><strong>compa-</strong></span> 
     </span>
    </p>
   </div>
   <div class='ocr_carea' id='block_1_94' title="bbox 28 5319 1680 5394">
    <p class='ocr_par' dir='ltr' id='par_1_94' title="bbox 28 5319 1680 5394">
     <span class='ocr_line' id='line_1_94' title="bbox 28 5319 1680 5394; baseline -0.004 -12"><span class='ocrx_word' id='word_1_733' title='bbox 28 5329 230 5383; x_wconf 86' lang='lat' dir='ltr'><strong>ratum</strong></span> <span class='ocrx_word' id='word_1_734' title='bbox 258 5327 348 5380; x_wconf 88' lang='lat' dir='ltr'><strong>est</strong></span> <span class='ocrx_word' id='word_1_735' title='bbox 371 5339 384 5390; x_wconf 92' lang='lat'><strong>;</strong></span> <span class='ocrx_word' id='word_1_736' title='bbox 406 5319 713 5394; x_wconf 88' lang='lat' dir='ltr'><strong>quantitas</strong></span> <span class='ocrx_word' id='word_1_737' title='bbox 740 5324 944 5375; x_wconf 89' lang='lat' dir='ltr'><strong>autem</strong></span> <span class='ocrx_word' id='word_1_738' title='bbox 961 5320 1074 5376; x_wconf 87' lang='lat' dir='ltr'><strong>sub</strong></span> <span class='ocrx_word' id='word_1_739' title='bbox 1096 5319 1187 5375; x_wconf 88' lang='lat' dir='ltr'><strong>his</strong></span> <span class='ocrx_word' id='word_1_740' title='bbox 1207 5319 1396 5375; x_wconf 87' lang='lat' dir='ltr'><strong>tribus</strong></span> <span class='ocrx_word' id='word_1_741' title='bbox 1412 5335 1680 5392; x_wconf 92' lang='lat' dir='ltr'><strong>compre-</strong></span> 
     </span>
    </p>
   </div>
   <div class='ocr_carea' id='block_1_95' title="bbox 28 5408 1679 5482">
    <p class='ocr_par' dir='ltr' id='par_1_95' title="bbox 28 5408 1679 5482">
     <span class='ocr_line' id='line_1_95' title="bbox 28 5408 1679 5482; baseline -0.003 -11"><span class='ocrx_word' id='word_1_742' title='bbox 28 5413 329 5474; x_wconf 89' lang='lat' dir='ltr'><strong>henditur.</strong></span> <span class='ocrx_word' id='word_1_743' title='bbox 359 5411 531 5479; x_wconf 88' lang='lat' dir='ltr'><strong>Quod</strong></span> <span class='ocrx_word' id='word_1_744' title='bbox 549 5410 598 5466; x_wconf 87' lang='lat' dir='ltr'><strong>si</strong></span> <span class='ocrx_word' id='word_1_745' title='bbox 631 5409 706 5465; x_wconf 88' lang='lat' dir='ltr'><strong>sit</strong></span> <span class='ocrx_word' id='word_1_746' title='bbox 731 5408 936 5480; x_wconf 87' lang='lat' dir='ltr'><strong>aliqua</strong></span> <span class='ocrx_word' id='word_1_747' title='bbox 967 5425 1064 5465; x_wconf 91' lang='lat' dir='ltr'><strong>res</strong></span> <span class='ocrx_word' id='word_1_748' title='bbox 1091 5425 1331 5482; x_wconf 89' lang='lat' dir='ltr'><strong>corpus,</strong></span> <span class='ocrx_word' id='word_1_749' title='bbox 1353 5425 1476 5482; x_wconf 88' lang='lat' dir='ltr'><strong>quo</strong></span> <span class='ocrx_word' id='word_1_750' title='bbox 1503 5415 1679 5482; x_wconf 90' lang='lat' dir='ltr'><strong>pacto</strong></span> 
     </span>
    </p>
   </div>
   <div class='ocr_carea' id='block_1_96' title="bbox 30 5497 1682 5568">
    <p class='ocr_par' dir='ltr' id='par_1_96' title="bbox 30 5497 1682 5568">
     <span class='ocr_line' id='line_1_96' title="bbox 30 5497 1682 5568; baseline -0.005 -6"><span class='ocrx_word' id='word_1_751' title='bbox 30 5508 203 5562; x_wconf 82' lang='lat' dir='ltr'><strong>extra</strong></span> <span class='ocrx_word' id='word_1_752' title='bbox 221 5501 330 5558; x_wconf 85' lang='lat' dir='ltr'><strong>hoc</strong></span> <span class='ocrx_word' id='word_1_753' title='bbox 358 5499 645 5558; x_wconf 89' lang='lat' dir='ltr'><strong>terminos</strong></span> <span class='ocrx_word' id='word_1_754' title='bbox 671 5501 791 5554; x_wconf 89' lang='lat' dir='ltr'><strong>tres</strong></span> <span class='ocrx_word' id='word_1_755' title='bbox 829 5497 1162 5568; x_wconf 87' lang='lat' dir='ltr'><strong>egredietur</strong></span> <span class='ocrx_word' id='word_1_756' title='bbox 1183 5498 1213 5553; x_wconf 87' lang='lat'><strong>?</strong></span> <span class='ocrx_word' id='word_1_757' title='bbox 1233 5497 1405 5564; x_wconf 89' lang='lat' dir='ltr'><strong>Quod</strong></span> <span class='ocrx_word' id='word_1_758' title='bbox 1438 5497 1490 5553; x_wconf 92' lang='lat' dir='ltr'><strong>si</strong></span> <span class='ocrx_word' id='word_1_759' title='bbox 1514 5497 1682 5554; x_wconf 85' lang='lat' dir='ltr'><strong>dicas</strong></span> 
     </span>
    </p>
   </div>
   <div class='ocr_carea' id='block_1_97' title="bbox 31 5585 1683 5663">
    <p class='ocr_par' dir='ltr' id='par_1_97' title="bbox 31 5585 1683 5663">
     <span class='ocr_line' id='line_1_97' title="bbox 31 5585 1683 5663; baseline -0.005 -12"><span class='ocrx_word' id='word_1_760' title='bbox 31 5593 290 5650; x_wconf 83' lang='lat' dir='ltr'><strong>alterum</strong></span> <span class='ocrx_word' id='word_1_761' title='bbox 317 5604 539 5663; x_wconf 85' lang='lat' dir='ltr'><strong>corpus</strong></span> <span class='ocrx_word' id='word_1_762' title='bbox 565 5601 708 5644; x_wconf 87' lang='lat' dir='ltr'><strong>cum</strong></span> <span class='ocrx_word' id='word_1_763' title='bbox 727 5585 914 5644; x_wconf 84' lang='lat' dir='ltr'><strong>altero</strong></span> <span class='ocrx_word' id='word_1_764' title='bbox 933 5601 1184 5660; x_wconf 89' lang='lat' dir='ltr'><strong>corpore</strong></span> <span class='ocrx_word' id='word_1_765' title='bbox 1213 5585 1389 5657; x_wconf 86' lang='lat' dir='ltr'><strong>uniri,</strong></span> <span class='ocrx_word' id='word_1_766' title='bbox 1416 5585 1533 5644; x_wconf 90' lang='lat' dir='ltr'><strong>hoc</strong></span> <span class='ocrx_word' id='word_1_767' title='bbox 1554 5585 1683 5643; x_wconf 85' lang='lat' dir='ltr'><strong>ﬁeri</strong></span> 
     </span>
    </p>
   </div>
   <div class='ocr_carea' id='block_1_98' title="bbox 1778 4339 3426 4412">
    <p class='ocr_par' dir='ltr' id='par_1_98' title="bbox 1778 4339 3426 4412">
     <span class='ocr_line' id='line_1_98' title="bbox 1778 4339 3426 4412; baseline 0.002 -16"><span class='ocrx_word' id='word_1_768' title='bbox 1778 4355 1974 4412; x_wconf 90' lang='lat' dir='ltr'><strong>neque</strong></span> <span class='ocrx_word' id='word_1_769' title='bbox 2015 4339 2338 4396; x_wconf 90' lang='lat' dir='ltr'><strong>intenditur</strong></span> <span class='ocrx_word' id='word_1_770' title='bbox 2393 4355 2590 4412; x_wconf 92' lang='lat' dir='ltr'><strong>neque</strong></span> <span class='ocrx_word' id='word_1_771' title='bbox 2644 4340 2978 4409; x_wconf 91' lang='lat' dir='ltr'><strong>remittitur,</strong></span> <span class='ocrx_word' id='word_1_772' title='bbox 3031 4341 3138 4396; x_wconf 89' lang='lat' dir='ltr'><strong>sed</strong></span> <span class='ocrx_word' id='word_1_773' title='bbox 3211 4343 3426 4400; x_wconf 90' lang='lat' dir='ltr'><strong>eadem</strong></span> 
     </span>
    </p>
   </div>
   <div class='ocr_carea' id='block_1_99' title="bbox 1779 4428 3430 4503">
    <p class='ocr_par' dir='ltr' id='par_1_99' title="bbox 1779 4428 3430 4503">
     <span class='ocr_line' id='line_1_99' title="bbox 1779 4428 3430 4503; baseline 0.002 -18"><span class='ocrx_word' id='word_1_774' title='bbox 1779 4434 2000 4485; x_wconf 91' lang='lat' dir='ltr'><strong>manet.</strong></span> <span class='ocrx_word' id='word_1_775' title='bbox 2045 4429 2265 4485; x_wconf 85' lang='lat' dir='ltr'><strong>Eodem</strong></span> <span class='ocrx_word' id='word_1_776' title='bbox 2293 4429 2470 4498; x_wconf 88' lang='lat' dir='ltr'><strong>igitur</strong></span> <span class='ocrx_word' id='word_1_777' title='bbox 2490 4433 2758 4501; x_wconf 91' lang='lat' dir='ltr'><strong>tempore</strong></span> <span class='ocrx_word' id='word_1_778' title='bbox 2789 4428 2934 4484; x_wconf 89' lang='lat' dir='ltr'><strong>nihil</strong></span> <span class='ocrx_word' id='word_1_779' title='bbox 2952 4446 3222 4503; x_wconf 88' lang='lat' dir='ltr'><strong>unquam</strong></span> <span class='ocrx_word' id='word_1_780' title='bbox 3253 4431 3430 4489; x_wconf 90' lang='lat' dir='ltr'><strong>dulce</strong></span> 
     </span>
    </p>
   </div>
   <div class='ocr_carea' id='block_1_100' title="bbox 1777 4517 3431 4594">
    <p class='ocr_par' dir='ltr' id='par_1_100' title="bbox 1777 4517 3431 4594">
     <span class='ocr_line' id='line_1_100' title="bbox 1777 4517 3431 4594; baseline 0.003 -20"><span class='ocrx_word' id='word_1_781' title='bbox 1777 4523 1835 4574; x_wconf 92' lang='lat' dir='ltr'><strong>et</strong></span> <span class='ocrx_word' id='word_1_782' title='bbox 1857 4534 1980 4574; x_wconf 92' lang='lat' dir='ltr'><strong>non</strong></span> <span class='ocrx_word' id='word_1_783' title='bbox 2001 4518 2195 4586; x_wconf 93' lang='lat' dir='ltr'><strong>dulce,</strong></span> <span class='ocrx_word' id='word_1_784' title='bbox 2223 4517 2429 4574; x_wconf 89' lang='lat' dir='ltr'><strong>album</strong></span> <span class='ocrx_word' id='word_1_785' title='bbox 2456 4523 2511 4573; x_wconf 91' lang='lat' dir='ltr'><strong>et</strong></span> <span class='ocrx_word' id='word_1_786' title='bbox 2541 4533 2660 4574; x_wconf 94' lang='lat' dir='ltr'><strong>non</strong></span> <span class='ocrx_word' id='word_1_787' title='bbox 2687 4517 2895 4574; x_wconf 90' lang='lat' dir='ltr'><strong>album</strong></span> <span class='ocrx_word' id='word_1_788' title='bbox 2943 4520 3225 4576; x_wconf 81' lang='lat' dir='ltr'><strong>exsistere</strong></span> <span class='ocrx_word' id='word_1_789' title='bbox 3269 4525 3431 4594; x_wconf 85' lang='lat' dir='ltr'><strong>pote-</strong></span> 
     </span>
    </p>
   </div>
   <div class='ocr_carea' id='block_1_101' title="bbox 1777 4606 3429 4683">
    <p class='ocr_par' dir='ltr' id='par_1_101' title="bbox 1777 4606 3429 4683">
     <span class='ocr_line' id='line_1_101' title="bbox 1777 4606 3429 4683; baseline 0.002 -21"><span class='ocrx_word' id='word_1_790' title='bbox 1777 4608 1871 4677; x_wconf 90' lang='lat' dir='ltr'><strong>rit,</strong></span> <span class='ocrx_word' id='word_1_791' title='bbox 1902 4607 2184 4679; x_wconf 88' lang='lat' dir='ltr'><strong>quamvis</strong></span> <span class='ocrx_word' id='word_1_792' title='bbox 2215 4606 2275 4662; x_wconf 93' lang='lat' dir='ltr'><strong>in</strong></span> <span class='ocrx_word' id='word_1_793' title='bbox 2306 4606 2424 4662; x_wconf 90' lang='lat' dir='ltr'><strong>alio</strong></span> <span class='ocrx_word' id='word_1_794' title='bbox 2455 4611 2634 4679; x_wconf 90' lang='lat' dir='ltr'><strong>atque</strong></span> <span class='ocrx_word' id='word_1_795' title='bbox 2663 4607 2780 4663; x_wconf 91' lang='lat' dir='ltr'><strong>alio</strong></span> <span class='ocrx_word' id='word_1_796' title='bbox 2811 4607 3092 4680; x_wconf 91' lang='lat' dir='ltr'><strong>suscipiet</strong></span> <span class='ocrx_word' id='word_1_797' title='bbox 3126 4626 3198 4666; x_wconf 85' lang='lat' dir='ltr'><strong>ex</strong></span> <span class='ocrx_word' id='word_1_798' title='bbox 3236 4611 3429 4683; x_wconf 89' lang='lat' dir='ltr'><strong>quali-</strong></span> 
     </span>
    </p>
   </div>
   <div class='ocr_carea' id='block_1_102' title="bbox 1779 4696 3431 4762">
    <p class='ocr_par' dir='ltr' id='par_1_102' title="bbox 1779 4696 3431 4762">
     <span class='ocr_line' id='line_1_102' title="bbox 1779 4696 3431 4762; baseline 0.002 -10"><span class='ocrx_word' id='word_1_799' title='bbox 1779 4701 1897 4752; x_wconf 90' lang='lat' dir='ltr'><strong>tate</strong></span> <span class='ocrx_word' id='word_1_800' title='bbox 1931 4696 2327 4752; x_wconf 92' lang='lat' dir='ltr'><strong>intensionem</strong></span> <span class='ocrx_word' id='word_1_801' title='bbox 2355 4700 2411 4751; x_wconf 90' lang='lat' dir='ltr'><strong>et</strong></span> <span class='ocrx_word' id='word_1_802' title='bbox 2435 4696 2875 4752; x_wconf 82' lang='lat' dir='ltr'><strong>remissionem.</strong></span> <span class='ocrx_word' id='word_1_803' title='bbox 2933 4700 3128 4762; x_wconf 89' lang='lat' dir='ltr'><strong>Quare</strong></span> <span class='ocrx_word' id='word_1_804' title='bbox 3147 4700 3192 4752; x_wconf 89' lang='lat' dir='ltr'><strong>si</strong></span> <span class='ocrx_word' id='word_1_805' title='bbox 3224 4699 3431 4755; x_wconf 89' lang='lat' dir='ltr'><strong>album</strong></span> 
     </span>
    </p>
   </div>
   <div class='ocr_carea' id='block_1_103' title="bbox 1779 4785 3432 4855">
    <p class='ocr_par' dir='ltr' id='par_1_103' title="bbox 1779 4785 3432 4855">
     <span class='ocr_line' id='line_1_103' title="bbox 1779 4785 3432 4855; baseline 0.001 -13"><span class='ocrx_word' id='word_1_806' title='bbox 1779 4792 1837 4842; x_wconf 93' lang='lat' dir='ltr'><strong>et</strong></span> <span class='ocrx_word' id='word_1_807' title='bbox 1883 4786 2122 4855; x_wconf 90' lang='lat' dir='ltr'><strong>nigrum</strong></span> <span class='ocrx_word' id='word_1_808' title='bbox 2203 4785 2506 4850; x_wconf 88' lang='lat' dir='ltr'><strong>uniantur,</strong></span> <span class='ocrx_word' id='word_1_809' title='bbox 2556 4785 2618 4840; x_wconf 89' lang='lat' dir='ltr'><strong>id</strong></span> <span class='ocrx_word' id='word_1_810' title='bbox 2683 4785 2810 4842; x_wconf 90' lang='lat' dir='ltr'><strong>sine</strong></span> <span class='ocrx_word' id='word_1_811' title='bbox 2877 4786 3228 4841; x_wconf 83' lang='lat' dir='ltr'><strong>remissione</strong></span> <span class='ocrx_word' id='word_1_812' title='bbox 3302 4786 3432 4843; x_wconf 87' lang='lat' dir='ltr'><strong>ﬁeri</strong></span> 
     </span>
    </p>
   </div>
   <div class='ocr_carea' id='block_1_104' title="bbox 1779 4873 3431 4947">
    <p class='ocr_par' dir='ltr' id='par_1_104' title="bbox 1779 4873 3431 4947">
     <span class='ocr_line' id='line_1_104' title="bbox 1779 4873 3431 4947; baseline -0.001 -16"><span class='ocrx_word' id='word_1_813' title='bbox 1779 4876 1989 4947; x_wconf 84' lang='lat' dir='ltr'><strong>nequit</strong></span> <span class='ocrx_word' id='word_1_814' title='bbox 2019 4892 2032 4941; x_wconf 91' lang='lat'><strong>;</strong></span> <span class='ocrx_word' id='word_1_815' title='bbox 2053 4873 2451 4930; x_wconf 87' lang='lat' dir='ltr'><strong>extremitates</strong></span> <span class='ocrx_word' id='word_1_816' title='bbox 2469 4873 2627 4929; x_wconf 90' lang='lat' dir='ltr'><strong>enim</strong></span> <span class='ocrx_word' id='word_1_817' title='bbox 2645 4879 2954 4929; x_wconf 90' lang='lat' dir='ltr'><strong>mutantur</strong></span> <span class='ocrx_word' id='word_1_818' title='bbox 2973 4890 3080 4929; x_wconf 90' lang='lat' dir='ltr'><strong>seu</strong></span> <span class='ocrx_word' id='word_1_819' title='bbox 3108 4873 3431 4930; x_wconf 86' lang='lat' dir='ltr'><strong>aliusmodi</strong></span> 
     </span>
    </p>
   </div>
   <div class='ocr_carea' id='block_1_105' title="bbox 1781 4962 3434 5034">
    <p class='ocr_par' dir='ltr' id='par_1_105' title="bbox 1781 4962 3434 5034">
     <span class='ocr_line' id='line_1_105' title="bbox 1781 4962 3434 5034; baseline -0.001 -14"><span class='ocrx_word' id='word_1_820' title='bbox 1781 4963 2043 5020; x_wconf 83' lang='lat' dir='ltr'><strong>evadunt</strong></span> <span class='ocrx_word' id='word_1_821' title='bbox 2072 4979 2085 5018; x_wconf 89' lang='lat'>:</span> <span class='ocrx_word' id='word_1_822' title='bbox 2113 4978 2258 5018; x_wconf 90' lang='lat' dir='ltr'><strong>nam</strong></span> <span class='ocrx_word' id='word_1_823' title='bbox 2280 4963 2339 5018; x_wconf 94' lang='lat' dir='ltr'><strong>in</strong></span> <span class='ocrx_word' id='word_1_824' title='bbox 2361 4963 2796 5018; x_wconf 91' lang='lat' dir='ltr'><strong>contrariarum</strong></span> <span class='ocrx_word' id='word_1_825' title='bbox 2822 4962 3180 5034; x_wconf 91' lang='lat' dir='ltr'><strong>qualitatum</strong></span> <span class='ocrx_word' id='word_1_826' title='bbox 3211 4968 3434 5034; x_wconf 87' lang='lat' dir='ltr'><strong>tempe-</strong></span> 
     </span>
    </p>
   </div>
   <div class='ocr_carea' id='block_1_106' title="bbox 1781 5051 3433 5125">
    <p class='ocr_par' dir='ltr' id='par_1_106' title="bbox 1781 5051 3433 5125">
     <span class='ocr_line' id='line_1_106' title="bbox 1781 5051 3433 5125; baseline 0 -17"><span class='ocrx_word' id='word_1_827' title='bbox 1781 5053 2118 5109; x_wconf 87' lang='lat' dir='ltr'><strong>rationibus</strong></span> <span class='ocrx_word' id='word_1_828' title='bbox 2163 5059 2219 5108; x_wconf 92' lang='lat' dir='ltr'><strong>et</strong></span> <span class='ocrx_word' id='word_1_829' title='bbox 2281 5051 2748 5108; x_wconf 86' lang='lat' dir='ltr'><strong>admistionibus</strong></span> <span class='ocrx_word' id='word_1_830' title='bbox 2831 5052 3231 5107; x_wconf 82' lang='lat' dir='ltr'><strong>extremitates</strong></span> <span class='ocrx_word' id='word_1_831' title='bbox 3288 5053 3433 5125; x_wconf 74' lang='lat' dir='ltr'><strong>ipsae</strong></span> 
     </span>
    </p>
   </div>
   <div class='ocr_carea' id='block_1_107' title="bbox 1783 5139 3434 5210">
    <p class='ocr_par' dir='ltr' id='par_1_107' title="bbox 1783 5139 3434 5210">
     <span class='ocr_line' id='line_1_107' title="bbox 1783 5139 3434 5210; baseline -0.001 -12"><span class='ocrx_word' id='word_1_832' title='bbox 1783 5141 1979 5210; x_wconf 86' lang='lat' dir='ltr'><strong>frangi</strong></span> <span class='ocrx_word' id='word_1_833' title='bbox 2036 5140 2244 5197; x_wconf 89' lang='lat' dir='ltr'><strong>solent.</strong></span> <span class='ocrx_word' id='word_1_834' title='bbox 2303 5140 2414 5194; x_wconf 88' lang='lat' dir='ltr'><strong>Erit</strong></span> <span class='ocrx_word' id='word_1_835' title='bbox 2455 5144 2612 5194; x_wconf 89' lang='lat' dir='ltr'><strong>atem</strong></span> <span class='ocrx_word' id='word_1_836' title='bbox 2660 5139 2856 5194; x_wconf 90' lang='lat' dir='ltr'><strong>mistio</strong></span> <span class='ocrx_word' id='word_1_837' title='bbox 2909 5139 3232 5195; x_wconf 90' lang='lat' dir='ltr'><strong>aliusmodi</strong></span> <span class='ocrx_word' id='word_1_838' title='bbox 3310 5156 3434 5196; x_wconf 90' lang='lat' dir='ltr'><strong>non</strong></span> 
     </span>
    </p>
   </div>
   <div class='ocr_carea' id='block_1_108' title="bbox 1785 5227 3434 5303">
    <p class='ocr_par' dir='ltr' id='par_1_108' title="bbox 1785 5227 3434 5303">
     <span class='ocr_line' id='line_1_108' title="bbox 1785 5227 3434 5303; baseline -0.001 -16"><span class='ocrx_word' id='word_1_839' title='bbox 1785 5230 1919 5287; x_wconf 90' lang='lat' dir='ltr'><strong>alia.</strong></span> <span class='ocrx_word' id='word_1_840' title='bbox 1951 5232 2150 5303; x_wconf 86' lang='lat' dir='ltr'><strong>Neque</strong></span> <span class='ocrx_word' id='word_1_841' title='bbox 2179 5229 2339 5284; x_wconf 90' lang='lat' dir='ltr'><strong>enim</strong></span> <span class='ocrx_word' id='word_1_842' title='bbox 2359 5227 2566 5283; x_wconf 88' lang='lat' dir='ltr'><strong>album</strong></span> <span class='ocrx_word' id='word_1_843' title='bbox 2591 5234 2678 5283; x_wconf 91' lang='lat' dir='ltr'><strong>est</strong></span> <span class='ocrx_word' id='word_1_844' title='bbox 2707 5227 2872 5301; x_wconf 85' lang='lat' dir='ltr'><strong>quod</strong></span> <span class='ocrx_word' id='word_1_845' title='bbox 2907 5229 3156 5285; x_wconf 81' lang='lat' dir='ltr'><strong>omnino</strong></span> <span class='ocrx_word' id='word_1_846' title='bbox 3224 5229 3434 5286; x_wconf 87' lang='lat' dir='ltr'><strong>album</strong></span> 
     </span>
    </p>
   </div>
   <div class='ocr_carea' id='block_1_109' title="bbox 1783 5316 3438 5390">
    <p class='ocr_par' dir='ltr' id='par_1_109' title="bbox 1783 5316 3438 5390">
     <span class='ocr_line' id='line_1_109' title="bbox 1783 5316 3438 5390; baseline -0.001 -14"><span class='ocrx_word' id='word_1_847' title='bbox 1783 5335 1908 5376; x_wconf 87' lang='lat' dir='ltr'><strong>non</strong></span> <span class='ocrx_word' id='word_1_848' title='bbox 1936 5319 2065 5386; x_wconf 88' lang='lat' dir='ltr'><strong>fuit,</strong></span> <span class='ocrx_word' id='word_1_849' title='bbox 2096 5333 2292 5390; x_wconf 90' lang='lat' dir='ltr'><strong>neque</strong></span> <span class='ocrx_word' id='word_1_850' title='bbox 2329 5317 2570 5388; x_wconf 90' lang='lat' dir='ltr'><strong>nigrum</strong></span> <span class='ocrx_word' id='word_1_851' title='bbox 2600 5316 2766 5388; x_wconf 91' lang='lat' dir='ltr'><strong>quod</strong></span> <span class='ocrx_word' id='word_1_852' title='bbox 2788 5317 3036 5374; x_wconf 91' lang='lat' dir='ltr'><strong>omnino</strong></span> <span class='ocrx_word' id='word_1_853' title='bbox 3052 5319 3292 5388; x_wconf 89' lang='lat' dir='ltr'><strong>nigrum</strong></span> <span class='ocrx_word' id='word_1_854' title='bbox 3314 5334 3438 5375; x_wconf 89' lang='lat' dir='ltr'><strong>non</strong></span> 
     </span>
    </p>
   </div>
   <div class='ocr_carea' id='block_1_110' title="bbox 1784 5405 3440 5478">
    <p class='ocr_par' dir='ltr' id='par_1_110' title="bbox 1784 5405 3440 5478">
     <span class='ocr_line' id='line_1_110' title="bbox 1784 5405 3440 5478; baseline 0 -14"><span class='ocrx_word' id='word_1_855' title='bbox 1784 5408 1914 5477; x_wconf 87' lang='lat' dir='ltr'><strong>fuit,</strong></span> <span class='ocrx_word' id='word_1_856' title='bbox 1943 5406 2050 5462; x_wconf 92' lang='lat' dir='ltr'><strong>sed</strong></span> <span class='ocrx_word' id='word_1_857' title='bbox 2077 5405 2296 5478; x_wconf 91' lang='lat' dir='ltr'><strong>partim</strong></span> <span class='ocrx_word' id='word_1_858' title='bbox 2327 5405 2588 5474; x_wconf 87' lang='lat' dir='ltr'><strong>nigrum,</strong></span> <span class='ocrx_word' id='word_1_859' title='bbox 2617 5405 2835 5476; x_wconf 88' lang='lat' dir='ltr'><strong>partim</strong></span> <span class='ocrx_word' id='word_1_860' title='bbox 2894 5421 3012 5461; x_wconf 90' lang='lat' dir='ltr'><strong>non</strong></span> <span class='ocrx_word' id='word_1_861' title='bbox 3058 5409 3322 5476; x_wconf 89' lang='lat' dir='ltr'><strong>nigrum.</strong></span> <span class='ocrx_word' id='word_1_862' title='bbox 3375 5408 3440 5464; x_wconf 85' lang='lat' dir='ltr'><strong>Et</strong></span> 
     </span>
    </p>
   </div>
   <div class='ocr_carea' id='block_1_111' title="bbox 1785 5493 3440 5570">
    <p class='ocr_par' dir='ltr' id='par_1_111' title="bbox 1785 5493 3440 5570">
     <span class='ocr_line' id='line_1_111' title="bbox 1785 5493 3440 5570; baseline 0.002 -18"><span class='ocrx_word' id='word_1_863' title='bbox 1785 5497 1950 5570; x_wconf 91' lang='lat' dir='ltr'><strong>quod</strong></span> <span class='ocrx_word' id='word_1_864' title='bbox 1963 5500 2052 5551; x_wconf 92' lang='lat' dir='ltr'><strong>est</strong></span> <span class='ocrx_word' id='word_1_865' title='bbox 2066 5495 2315 5551; x_wconf 88' lang='lat' dir='ltr'><strong>alterum</strong></span> <span class='ocrx_word' id='word_1_866' title='bbox 2336 5493 2558 5548; x_wconf 90' lang='lat' dir='ltr'><strong>eodum</strong></span> <span class='ocrx_word' id='word_1_867' title='bbox 2573 5493 2776 5559; x_wconf 91' lang='lat' dir='ltr'><strong>modo,</strong></span> <span class='ocrx_word' id='word_1_868' title='bbox 2799 5493 2979 5550; x_wconf 91' lang='lat' dir='ltr'><strong>veluti</strong></span> <span class='ocrx_word' id='word_1_869' title='bbox 2999 5496 3178 5569; x_wconf 62' lang='lat' dir='ltr'><strong>sepiae</strong></span> <span class='ocrx_word' id='word_1_870' title='bbox 3191 5497 3440 5570; x_wconf 82' lang='lat' dir='ltr'><strong>nigredo</strong></span> 
     </span>
    </p>
   </div>
   <div class='ocr_carea' id='block_1_112' title="bbox 1787 5581 3442 5658">
    <p class='ocr_par' dir='ltr' id='par_1_112' title="bbox 1787 5581 3442 5658">
     <span class='ocr_line' id='line_1_112' title="bbox 1787 5581 3442 5658; baseline 0.001 -16"><span class='ocrx_word' id='word_1_871' title='bbox 1787 5590 1846 5643; x_wconf 91' lang='lat' dir='ltr'><strong>et</strong></span> <span class='ocrx_word' id='word_1_872' title='bbox 1865 5585 2056 5642; x_wconf 85' lang='lat' dir='ltr'><strong>ferina</strong></span> <span class='ocrx_word' id='word_1_873' title='bbox 2081 5583 2235 5640; x_wconf 89' lang='lat' dir='ltr'><strong>inter</strong></span> <span class='ocrx_word' id='word_1_874' title='bbox 2257 5598 2320 5640; x_wconf 89' lang='lat' dir='ltr'><strong>se</strong></span> <span class='ocrx_word' id='word_1_875' title='bbox 2347 5581 2630 5654; x_wconf 89' lang='lat' dir='ltr'><strong>copulata</strong></span> <span class='ocrx_word' id='word_1_876' title='bbox 2647 5581 2991 5640; x_wconf 88' lang='lat' dir='ltr'><strong>albediuem</strong></span> <span class='ocrx_word' id='word_1_877' title='bbox 3003 5586 3442 5658; x_wconf 89' lang='lat' dir='ltr'><strong>etnigredinem</strong></span> 
     </span>
    </p>
   </div>
  </div>
