3932 6326
516 325 653 380 1327

2045 315 2281 374 ADDEN
2290 315 2403 375 DA.

3812 322 3897 376 iss
3920 280 3921 283 Ν

513 453 651 519 μενεί
695 442 746 499 ἓν
788 446 1007 497 ἕκαστον
1062 440 1129 502 εἰς
1182 442 1241 494 1'6
1297 442 1418 494 ὅσον
1471 440 1532 495 ἆν
1598 440 1653 495 ἐκ
1699 445 1913 517 πρὼτης
1988 443 2161 516 τύχης
2197 445 2243 496 Α
2272 448 2361 496 καὶ
2389 442 2508 507 ἑξῆς
2536 448 2658 519 τρία
2688 466 2702 479 ο
2740 449 2799 500 τὸ
2845 446 2894 500 ἓν
2946 453 3068 519 γοῦν
3124 448 3215 498 καὶ
3266 445 3317 498 ἓν
3380 446 3637 498 συντεθὲν
3699 440 3808 498 δύο.

512 537 734 610 ὑπάρχῃ
812 536 996 602 ποσὸν,
1053 530 1147 583 κᾶν
1203 530 1271 593 εἰς
1320 530 1517 591 ἀλληὶα
1589 539 2016 609 περιχωρήσειεν.
2072 532 2161 596 Ὦς

510 626 665 698 γάρὸ
709 627 854 676 πέντε
897 620 952 674 ἔκ
1002 616 1216 693 τριάδος
1266 627 1356 675 καὶ
1412 614 1615 684 δυάδος
1668 621 1834 695 ἐστὶν,
1883 621 1992 676 ἀλλ’
2045 620 2161 675 οὔτε

509 722 632 787 γοῦν
685 715 711 766 6
763 716 888 787 τρία
924 715 1179 785 τέσσαρα,
1240 710 1358 764 οὒτε
1413 713 1439 764 6
1524 708 1620 765 δύο
1699 716 1822 788 τρία
1906 708 1997 766 διὰ
2066 716 2161 771 τὴν

508 804 712 868 ἕνωσιν,
770 800 897 854 ἀλλὰ
934 807 1024 854 καὶ
1074 804 1210 874 μετὰ
1265 805 1358 861 τὴν
1410 800 1590 855 ἕνωσιν
1638 802 1664 854 6
1743 800 1994 855 συνελθὼν
2077 800 2161 854 ἀλ-

466 891 645 955 -λοῐος
700 894 811 965 μὲν,
861 890 956 943 οὐκ
1013 888 1148 962 ἄλλῳ
1198 886 1257 945 δὲ
1312 901 1460 963 ποσῷ
1508 894 1751 967 ὥρισται,
1802 892 1832 952 ἣ
1906 899 1980 963 τῷ
2060 899 2160 944 τῶν

512 981 852 1035 συνελθόντων
898 979 971 1042 εὶς
1035 979 1190 1033 αὐτόν
1255 998 1269 1014 ·
1316 978 1434 1035 οὒτε
1489 982 1591 1057 γὰρ
1651 982 1677 1033 6
1719 985 1841 1057 τρία
1905 985 2158 1053 τέσσαρα,

506 1070 674 1124 οὗτεό
707 1067 804 1123 δύο
827 1073 987 1143 τρία·
1024 1076 1176 1122 τοῦτο
1231 1072 1334 1143 γὰρ
1384 1069 1426 1122 εἰ
1482 1066 1704 1122 δυνατὸν
1751 1072 1965 1144 ὑπῆρχε
2022 1073 2160 1143 γενέ-

509 1162 653 1231 σθαι,
685 1158 908 1236 ὑπῆρξεν
930 1155 990 1211 ἆν
1030 1159 1056 1211 6
1117 1162 1264 1211 πέντε
1318 1161 1466 1227 ἑπτὰ,
1527 1160 1649 1233 ὅπερ
1698 1159 1889 1213 ἄτοπον
1952 1181 1965 1193 ·
2026 1159 2162 1213 οὓτω

506 1254 594 1302 καὶ
620 1247 667 1300 ἐν
714 1246 878 1319 λευκῷ
932 1252 1018 1301 καὶ
1072 1247 1250 1320 μέλανι
1304 1247 1363 1299 οὗ
1430 1252 1682 1315 ποσότης,
1745 1247 1875 1300 αὶλὸι
1945 1253 2163 1312 ποιότης

507 1340 621 1413 ἔχει
679 1338 850 1392 λαϐεῖν
898 1344 992 1398 τὴν
1049 1339 1230 1412 ὕφεσιν
1279 1339 1309 1398 ἣ
1365 1343 1459 1398 τὴν
1516 1337 1768 1396 ἑπίτοσιν,
1839 1340 1981 1393 Ἐπεὶ
2059 1342 2162 1415 γὰρ

507 1433 595 1482 ταὶ
652 1428 803 1490 αὐτὸς
851 1429 877 1479 6
934 1432 1101 1497 πέντε,
1172 1428 1215 1481 εἰ
1271 1432 1361 1480 καὶ
1443 1431 1580 1481 κατὰ
1661 1431 1826 1482 ποσὸν
1901 1430 2165 1489 ὑποσῆναι

505 1517 687 1591 ὕφεσιν
729 1521 942 1591 πέφυκε,
998 1519 1057 1570 1'6
1125 1516 1401 1590 ἐλάχιστον
1473 1524 1536 1592 τῇ
1620 1518 1752 1591 αὐτῇ
1830 1516 2025 1587 ἐγένετο
2102 1521 2163 1579 ἦν

504 1608 702 1668 ὑπέστη
765 1602 959 1680 μονάδι
1004 1627 1019 1640 ο

503 1704 603 1748 τῶν
661 1695 1003 1749 συνελθόντων
1048 1700 1325 1768 γενήσεται
1365 1697 1391 1750 6
1450 1701 1572 1771 τρία
1625 1693 1746 1767 δύο,
1804 1701 1895 1751 καὶ
1949 1698 1975 1749 6
2068 1693 2167 1751 δύο

505 1783 575 1853 ἓν,
609 1786 653 1838 εἰ
705 1791 830 1856 γοῦν
887 1784 1001 1837 κατ’
1051 1783 1292 1838 ἐπίτασιν
1345 1786 1372 1839 6
1428 1790 1552 1860 τρία
1605 1790 1880 1862 τέσσαραη
1918 1791 2008 1839 καὶ
2038 1782 2167 1839 ὀδὺο

503 1877 627 1948 τρία
681 1872 850 1940 ἔσται,
913 1878 1003 1926 καὶ
1051 1874 1077 1925 6
1139 1872 1393 1928 συνελθὼν
1459 1874 1517 1928 ἐκ
1563 1877 1757 1928 τούτων
1815 1880 1964 1928 πέντε
2017 1873 2166 1944 ἑπτὰ,

505 1964 627 2038 ὅπερ
659 1963 872 2035 ἄτοπον,
900 1965 1143 2024 ὡσαύτως
1189 1964 1304 2017 κατ’
1342 1963 1516 2019 ἆνεσιν
1562 1964 1591 2024 ἦ
1642 1965 1667 2017 6
1717 1970 1840 2040 τρία
1899 1960 2017 2033 δύο,
2079 1969 2169 2019 καὶ

504 2054 531 2106 ὁ
564 2048 661 2105 δύο
716 2054 786 2120 ἓν,
836 2052 985 2106 καὶὸ
1044 2051 1296 2107 συνελθὼν
1362 2058 1510 2108 πέντε
1563 2060 1686 2130 τρία
1746 2075 1761 2089 ο
1826 2051 2065 2108 ἀδύνατα
2110 2050 2170 2108 δε

504 2148 672 2196 ταῦτα
724 2148 816 2196 καὶ
886 2140 1074 2200 ἄτοπα.
1136 2144 1196 2198 Εἰ
1248 2140 1308 2197 δε
1365 2145 1391 2197 6
1438 2150 1561 2222 τρία
1601 2148 1693 2218 μὲν
1742 2148 2000 2220 τέσσαρα,
2055 2141 2170 2198 ὁδε

507 2228 606 2287 δύο
636 2232 706 2303 ἓν,
763 2236 949 2297 πεντὰς
994 2238 1085 2307 μὲν
1136 2237 1388 2310 νομισθῇ,
1438 2234 1693 2310 ἀλλοιωθῇ
1750 2232 1809 2290 δὲ
1858 2239 1917 2289 τὸ
1961 2232 2096 2297 εἶδος
2154 2255 2168 2270 ο

505 2319 630 2378 οὔδε
678 2326 781 2398 ’γὰρ
832 2323 1130 2386 συνέλευσις
1175 2320 1403 2397 μονάδος
1448 2329 1539 2379 καὶ
1580 2321 1830 2401 τετράδος
1874 2326 1901 2377 6
1998 2329 2168 2398 πέντε,

508 2409 638 2466 ἀλλὰ
692 2407 890 2472 δυάδος
944 2416 1034 2465 καὶ
1084 2407 1303 2486 τριάδος
1351 2411 1554 2474 ἀληθῶς
1586 2433 1601 2448 ο
1656 2409 1781 2466 οὐδε
1828 2415 1928 2487 γὰρ
1991 2411 2171 2489 ἀκραι-

509 2520 641 2574 φνως
693 2503 931 2575 περιττὸς
987 2501 1018 2559 ἡ
1081 2502 1263 2572 μονὰς,
1320 2497 1467 2566 οὗτος
1519 2496 1578 2555 δε
1634 2510 1878 2579 περιττοῦ
1926 2507 2017 2556 καὶ
2082 2502 2172 2578 ἀρε

506 2595 622 2644 τίου
643 2587 776 2646 εστι.
800 2596 1012 2664 Πρῶτον
1075 2591 1177 2667 γὰρ
1238 2589 1402 2653 οὕτως
1446 2595 1648 2665 γένεσις
1700 2611 1714 2626 ·
1775 2593 1825 2646 ἓν
1883 2589 1994 2646 εἶτα
2050 2589 2167 2661 δύο,

508 2781 684 2824 suam
716 2765 867 2824 inter
898 2782 963 2824 se
991 2766 1399 2826 contulerant.
1428 2769 1660 2827 Etenim
1685 2770 1980 2844 quoniam
2034 2774 2177 2829 sunt

507 2857 831 2925 contraria,
864 2858 1046 2916 etiam
1076 2857 1444 2931 frangentur,
1475 2865 1656 2936 atque
1692 2878 1884 2919 unum
1925 2862 2176 2936 quidem

512 2965 585 3006 ex
604 2947 915 3006 contrariis
944 2947 1175 3022 aliquid
1198 2949 1275 3007 de
1300 2950 1579 3008 albedine
1607 2952 1880 3024 remittet,
1923 2953 2177 3009 alterum

505 3061 646 3104 vero
679 3046 755 3104 de
791 3044 1118 3117 nigredine.
1152 3047 1267 3106 sed
1292 3063 1365 3106 ex
1395 3048 1744 3122 aequalitate
1774 3065 1848 3107 ex
1907 3050 2179 3123 inasqaa:

2270 551 2379 585 τιον
2408 541 2532 605 γοῦν
2553 542 2728 609 τοῦτο,
2758 539 2816 589 τὸ
2857 531 2917 589 δε
2972 537 3020 589 ἔν
3073 540 3165 588 καὶ
3212 530 3311 588 δὺο
3362 539 3513 608 τρία,
3571 539 3829 608 περιττὸν,
3863 558 3896 587 ’1

2272 617 2402 675 δὲὲν
2440 628 2529 676 καὶ
2591 629 2714 699 τρία
2756 629 3013 700 τέσσαρα,
3077 623 3272 701 ἆρτιον,
3332 620 3609 699 δεύτερον,
3679 627 3738 676 τὸ
3792 622 3838 678 δε
3872 630 3895 677 ὲ.

2270 716 2360 765 καὶ
2450 716 2683 788 τέσσαρα
2751 719 2900 769 πέντε
2976 712 3387 790 ἀρτιοπέριττον.
3465 718 3757 772 Σκὸππσον
3818 737 3897 785 gen

2271 800 2319 851 ἐν
2367 804 2502 854 πᾶσι
2554 804 2613 855 τὸ
2670 799 2881 873 ἄτοπον,
2941 803 2986 857 εἰ
3034 806 3125 876 μὲν
3206 804 3236 863 ἡ
3315 804 3483 875 μονὰς
3558 801 3745 879 ἑτέραν
3810 803 3897 855 ἶνές

2271 885 2479 962 μονάδα
2526 889 2617 944 κᾶὶ
2668 893 2697 951 ἡ
2758 896 2942 967 τετρὰς
2993 892 3150 951 ἄλλην
3197 897 3287 945 καὶ
3347 890 3685 945 ἐπιταθῶσιν
3740 892 3842 955 ἑξὰς
3886 897 3899 949 ξ

2270 982 2475 1049 πεντὰς,
2531 979 2721 1035 ἆτοπον
2769 1002 2782 1016 ο
2831 987 2875 1034 εἰ
2929 978 2988 1035 δε
3039 983 3069 1043 ἣ
3120 984 3209 1055 μὲν
3292 984 3479 1056 τετρὰς
3568 979 3762 1055 ὕφεσιν
3834 1003 3899 1037 an;

2270 1069 2438 1142 πάθῃ,
2494 1068 2645 1123 ἔσται
2699 1074 2885 1148 τετρὰς
2935 1073 2965 1131 ἡ
3022 1073 3209 1134 πεντάς
3260 1092 3273 1105 '
3320 1068 3443 1124 οὑδὲ
3487 1073 3597 1147 γὰρ
3670 1072 3839 1144 ὕφεσιν
3884 1094 3897 1121 ι

2272 1159 2433 1230 μονὰς
2466 1154 2660 1222 δέξαιτ’
2698 1158 2757 1212 ἂν
2792 1182 2805 1194 ·
2834 1168 2987 1214 τοῦτο
3025 1160 3127 1235 γάρ
3158 1160 3215 1213 οὗ
3268 1156 3527 1229 πεντάδα,
3587 1159 3731 1212 ἀλλά
3783 1166 3903 1213 πέντε

2274 1244 2493 1322 ἀριθμὸν
2556 1247 2793 1303 ἀνέλυσεν
2851 1249 2911 1302 ἂν
2961 1251 3029 1312 εὶς
3083 1246 3255 1318 οὐδὲν,
3311 1254 3399 1302 καὶ
3452 1258 3618 1303 τοῦτο
3683 1250 3901 1304 inter

2273 1333 2408 1390 εἰδὲ
2468 1338 2498 1396 ἡ
2567 1341 2656 1410 μὲν
2712 1342 2875 1412 μονὰς
2939 1338 3209 1415 προσλάϐῄ
3267 1341 3444 1409 ἑτέραν
3500 1335 3757 1411 por-c.3601,
3802 1343 3826 1397 is

2272 1429 2452 1500 τετρὰς
2501 1424 2731 1501 μονάδος
2783 1432 2961 1502 ὕφεσιν
3011 1430 3235 1501 ὑποστῇ,
3288 1431 3432 1503 τρίάς
3502 1431 3727 1492 πάντως
3799 1450 3910 1502 7:1:-

2276 1537 2424 1571 σεται
2464 1538 2477 1552 ο
2508 1521 2694 1581 πεντὰς
2718 1527 2842 1591 γοῦν
2868 1524 2984 1573 τὸτο
3022 1519 3129 1593 οὐχ
3169 1522 3249 1573 ὅτι
3298 1521 3355 1571 ἐκ
3414 1517 3657 1592 μονάδος
3716 1528 3805 1573 καὶ
3854 1541 3911 1573 τε·

1105 1604 1405 1669 ἐλαττωθεὶς
1495 1609 1597 1680 γὰρ
1666 1608 1884 1669 ἕκαστος
1959 1609 2165 1670 πάντως
2199 1601 2238 1655 Β
2274 1602 2465 1684 τράδος
2497 1622 2511 1675 ;
2538 1604 2644 1659 ἀλλ’
2678 1605 2733 1660 ἐκ
2763 1603 2964 1670 δυάδος
2993 1627 3049 1661 τε
3076 1613 3167 1661 καὶ
3196 1604 3433 1682 τριάδος,
3475 1616 3644 1662 τοῦτο
3710 1629 3911 1684 φυσικά.

2350 1782 2418 1858 β’.
2463 1783 2625 1839 Ὥστε
2692 1787 2770 1838 -τὸ
2853 1786 2944 1860 μὲν
3018 1787 3166 1841 ποιὸν
3245 1785 3487 1842 ἕπιτασιν
3558 1785 3799 1861 δέχεται
3856 1790 3914 1839 τε

2277 1875 2473 1946 ἄνεσιν,
2501 1879 2560 1929 1'6
2593 1872 2655 1928 δι
2708 1880 2872 1930 ποσὸν
2914 1876 2973 1930 οὖ
3039 1899 3052 1912 ·
3133 1877 3321 1938 συνέϐη
3367 1879 3468 1955 γὰρ
3525 1876 3771 1933 ενταῦθα
3816 1898 3914 1951 7m»

2280 1967 2402 2018 σθαι
2460 1972 2523 2039 τῇ
2572 1966 2725 2019 τάσει
2776 1971 2867 2020 καὶ
2923 1968 3098 2040 ὑφέσει
3138 1975 3231 2021 τοῦ
3286 1976 3456 2021 ποσοῦ
3531 1974 3636 2029 τὴν
3730 1968 3917 2024 sata-'5‘:

2256 2050 2528 2127 τετράδα,
2554 2059 2646 2108 καὶ
2674 2052 2892 2131 τριάδα,
2921 2061 3011 2109 καὶ
3059 2053 3280 2125 ἐπτάδα,
3344 2055 3467 2134 ὅπερ
3533 2058 3874 2113 ἀτοπώτατον
3909 2082 3921 2093 α

2278 2147 2337 2198 τὸ
2399 2146 2500 2220 γὰρ
2547 2143 2725 2219 ἄρτιον
2790 2150 2879 2197 καὶ
2948 2149 3187 2219 περιττὸν
3261 2144 3440 2201 ἒνωθὲν
3520 2144 3690 2203 οὐδὲν
3775 2147 3921 2202 517m

2280 2233 2555 2294 ἄποίησεν·
2585 2235 2818 2310 ὑπάρχει
2855 2237 2957 2310 γὰρ
3011 2237 3037 2288 6
3091 2231 3190 2288 δύο
3248 2232 3367 2301 δύο,
3418 2242 3516 2290 καὶ
3558 2239 3587 2290 ὁ
3639 2245 3776 2312 τρία
3818 2260 3921 2315 τρια

2279 2331 2433 2378 τοῦτο
2489 2331 2656 2378 ποσοῦ
2711 2345 2724 2359 ·
2784 2325 2985 2398 ἔμειναν
3037 2329 3139 2399 γὰρ
3185 2322 3329 2381 οὗτοι
3372 2326 3447 2390 εἰς
3523 2332 3591 2381 τὸ
3684 2336 3801 2384 ἴσον
3863 2338 3922 2381 1::

2568 2413 2696 2468 ἀλλὰ
2763 2422 2826 2488 τῇ
2918 2414 3209 2469 συνεὶεύσει
3285 2424 3381 2479 τῆς
3455 2422 3759 2483 ποιότητος

2281 2507 2540 2562 ποιότητα
2590 2502 2737 2579 ἑτέρα
2800 2503 2988 2563 συνέϐη
3029 2510 3188 2579 μιχτὴ
3247 2509 3464 2567 ποιότης
3496 2527 3513 2541 ·
3585 2512 3715 2562 οὔτε
3778 2512 3921 2585 ταρὰ

2282 2591 2478 2667 ἄρτιος,
2496 2594 2662 2651 πάντη
2703 2591 2904 2667 ἄρτιος,
2926 2591 3040 2647 οὔτε
3089 2595 3115 2646 6
3168 2598 3406 2671 περιττὸς
3452 2600 3531 2669 μή
3588 2602 3689 2651 καὶ
3735 2599 3921 2674 ἄρηγε-η

2280 2412 2480 2470 ἄνισον.

2278 2769 2405 2828 rius
2429 2768 2678 2845 quidem
2696 2786 2986 2829 numerus
3006 2771 3308 2839 efﬁcietur,
3326 2772 3437 2830 sed
3453 2774 3668 2833 forma
3688 2794 3919 2835 comma-

2284 2862 2407 2917 tata
2449 2857 2642 2915 fuerit.
2695 2862 2897 2933 Neque
2960 2861 3120 2917 enim
3181 2862 3486 2936 copulatio
3575 2868 3825 2924 unitatis
3880 2872 3917 2922 et

2282 2949 2651 3022 quaternarii
2678 2950 2913 3008 numeri
2936 2951 3176 3024 proprie
3198 2952 3561 3025 quinarium
3590 2956 3801 3027 afﬁcit,
3844 2958 3915 3013 sed

2284 3036 2499 3094 binarii
2522 3042 2579 3094 et
2610 3038 2867 3096 ternarii.
2932 3040 3134 3097 Unitas
3188 3041 3348 3098 enim
3404 3059 3635 3102 revera
3694 3063 3812 3103 non
3855 3055 3917 3102 es:

506 3135 669 3193 litate
693 3149 818 3193 non
862 3114 1103 3193 accidet
1150 3136 1254 3193 illa
1307 3114 1727 3207 commutatio,
1779 3144 1844 3195 ut
1889 3114 2059 3195 medii

2362 3143 2574 3183 unerus
2600 3127 2799 3201 impar
2825 3146 2839 3197 ;
2862 3129 3176 3202 quinarius
3198 3135 3401 3188 autem
3424 3133 3915 3209 eximparietpa:

506 3226 813 3299 quantitas
840 3217 964 3283 no'n
993 3230 1191 3298 potest
1217 3226 1279 3283 in
1310 3229 1713 3301 quantitatem
1755 3229 1956 3286 calicis
1990 3234 2176 3286 trans-

510 3314 596 3371 ire
633 3317 738 3371 aut
766 3328 957 3371 unum
996 3314 1238 3373 alterius
1268 3318 1667 3389 quantitatem
1693 3334 2022 3383 assumere,
2067 3317 2176 3375 sed

510 3401 992 3476 unumquodque
1010 3402 1073 3459 in
1096 3419 1168 3462 ea
1188 3405 1519 3476 quantitate
1536 3410 1758 3478 manet,
1778 3422 1964 3481 quam
1976 3408 2174 3481 primo

511 3489 745 3560 habuit,
772 3491 1005 3548 etiamsi
1031 3491 1181 3550 inter
1228 3509 1290 3549 se
1338 3494 1787 3565 conjungantur
1838 3515 1851 3565 ;
1901 3500 1963 3553 at
2012 3496 2170 3555 enim

511 3579 828 3653 quinarius
846 3594 1138 3636 numerus
1167 3585 1404 3639 constat
1425 3599 1499 3639 ex
1543 3584 1804 3641 ternario
1832 3590 1891 3642 et
1911 3585 2169 3657 binario,

515 3668 623 3726 sed
648 3683 770 3725 non
800 3667 938 3726 ideo
960 3670 1069 3727 tria
1101 3674 1243 3728 sunt
1302 3677 1583 3744 quatuor,
1636 3689 1831 3748 neque
1884 3675 2009 3732 duo
2059 3676 2173 3733 tria

512 3761 760 3832 propter
785 3759 1231 3833 copulationem
1257 3766 1467 3820 contra
1490 3764 1765 3837 veroqui
1787 3765 1921 3839 conj
1932 3766 2172 3837 ungitur

512 3861 804 3905 numeras
849 3852 987 3921 post
1041 3849 1488 3923 copulationem
1539 3851 1848 3909 dissimilis
1922 3854 2170 3927 quidem

511 3935 735 4006 evadit,
764 3935 874 3994 sed
899 3936 1016 3995 alia
1064 3940 1395 4012 quantitate
1451 3956 1576 3998 non
1630 3941 1932 4012 deﬁnitur,
1979 3957 2169 4015 quam

512 4019 931 4093 copulatorum
1023 4022 1176 4081 inter
1251 4040 1314 4081 se
1390 4041 1784 4083 numerorum
1856 4028 2164 4101 quatitate.

510 4111 715 4183 Neque
764 4111 924 4167 enim
946 4111 1059 4168 tria
1104 4116 1244 4170 sunt
1281 4117 1561 4187 quatuor,
1609 4131 1807 4189 neque
1863 4116 1987 4174 duo
2035 4116 2167 4183 tria,

509 4211 657 4255 nam
679 4198 797 4255 hoc
819 4198 948 4256 ﬁeri
973 4200 1182 4273 nequit
1209 4218 1225 4268 ;
1248 4202 1516 4275 quinque
1537 4204 1698 4260 enim
1718 4210 1918 4263 essent
1939 4211 2168 4278 septem

509 4285 678 4358 quod
702 4292 791 4343 est
817 4287 1152 4346 absurdam
1180 4307 1193 4346 :
1218 4289 1301 4346 ita
1324 4291 1504 4348 etiam
1528 4292 1590 4348 in
1616 4293 1754 4351 albo
1781 4299 1839 4351 et
1858 4294 2027 4365 nigro
2044 4311 2167 4353 non

510 4373 838 4446 quantitas,
869 4377 974 4433 sed
996 4378 1259 4450 qualitas
1274 4382 1736 4455 potestrecipere
1746 4384 2167 4442 remissionem

2284 3220 2534 3274 constat.
2558 3221 2644 3273 Ita
2659 3217 2820 3274 enim
2840 3218 3105 3291 primum
3123 3219 3294 3287 dicis,
3318 3236 3544 3295 unum,
3569 3224 3795 3282 deinde
3812 3226 3914 3282 duo.

2282 3304 2499 3362 deinde
2519 3306 2646 3364 tria.
2677 3308 2871 3364 Unum
2889 3322 3033 3378 ergo
3056 3324 3196 3365 cum
3216 3324 3338 3366 uno
3364 3315 3811 3385 compositam,
3828 3315 3913 3371 dra

2282 3400 2424 3452 sunt
2454 3413 2467 3464 ;
2500 3401 2710 3469 estque
2739 3395 2835 3452 hic
2854 3412 3142 3454 numerus
3153 3414 3291 3471 par:
3308 3415 3495 3471 porro
3511 3418 3722 3462 unum
3742 3405 3909 3467 etdns,

2281 3483 2394 3541 tria
2421 3489 2576 3541 sunt.
2611 3487 2829 3557 Estque
2857 3484 2955 3541 hic
2979 3502 3267 3543 numerus
3283 3489 3488 3562 impar
3517 3493 3785 3563 primas.
3810 3497 3909 3550 Iter

2280 3591 2382 3631 sus
2404 3591 2594 3632 unum
2611 3580 2667 3632 et
2687 3576 2819 3646 tria,
2842 3580 2985 3633 sunt
3000 3582 3260 3650 quatuor
3276 3597 3295 3651 ;
3311 3584 3527 3653 estque
3542 3582 3655 3641 hic
3666 3600 3907 3643 llan

2278 3678 2389 3736 par
2419 3664 2740 3721 secundus.
2770 3666 2965 3723 Unam
2979 3669 3624 3745 etquatuorquinque,
3649 3675 3759 3747 qui
3778 3674 3905 3729 deis;

2278 3768 2410 3808 esse
2439 3753 2637 3825 impar
2665 3753 2968 3811 secundus
2995 3771 3066 3811 ex
3098 3756 3230 3829 pari
3257 3762 3313 3814 et
3341 3757 3594 3831 impare
3641 3769 3904 3820 constans.

2279 3841 2604 3899 Considera
2634 3841 2814 3913 igitur
2839 3843 2900 3899 in
2921 3844 3206 3902 omnibus
3231 3847 3394 3919 quod
3428 3850 3725 3922 sequitur
3748 3853 3909 3909 absta-

2278 3927 2446 3985 dam.
2469 3929 2528 3985 Si
2559 3929 2756 3988 unitas
2786 3930 3033 3989 alteram
3063 3932 3353 3991 unitatem
3382 3944 3679 3997 assumat
3704 3944 3763 3996 et
3805 3954 3912 4012 qu

2277 4018 2572 4075 ternarias
2597 4019 2784 4077 alium
2807 4036 3151 4095 numerum,
3176 4023 3657 4084 etintendantur
3682 4030 3911 4085 senarius

2276 4111 2382 4164 aut
2411 4107 2723 4180 quinarius
2751 4125 3059 4180 numerus,
3089 4111 3427 4169 absurdum
3460 4113 3674 4173 fuerit.
3700 4119 3909 4175 Rursus.

2276 4195 2326 4250 si
2347 4197 2767 4269 quaternarius
2799 4198 2977 4255 unius
3004 4199 3422 4257 remissionem
3454 4204 3786 4277 suscipiat,
3815 4207 3913 4279 qui-

2274 4285 2479 4343 narius
2499 4286 2608 4343 erit
2626 4289 3066 4361 quaternarius.
3085 4292 3288 4363 Neque
3308 4292 3473 4348 enim
3497 4293 3717 4352 unitas
3753 4298 3914 4353 remis

2276 4374 2510 4432 sionem
2541 4378 2845 4451 suscipere
2872 4378 3110 4451 poterit.
3144 4379 3317 4445 Quod
3336 4380 3386 4435 si
3406 4380 3542 4437 ﬁeri
3578 4392 3811 4455 posset,
3827 4400 3911 4442 nos

510 4465 568 4517 et
589 4462 1010 4521 intensionem.
1047 4466 1556 4541 Quandoquidem
1601 4470 1649 4525 si
1696 4487 1985 4530 numerus
2037 4474 2166 4546 ipse
2200 4466 2244 4522 D
2274 4465 2471 4522 solum
2490 4465 2823 4540 quinarius,
2852 4483 3059 4525 verum
3078 4468 3260 4525 etiam
3279 4469 3533 4542 quilibet
3560 4475 3909 4532 numerusir

507 4550 821 4623 quinarius
879 4568 953 4609 ex
1000 4559 1170 4626 parte
1208 4555 1553 4629 quantitatis
1606 4565 1811 4631 posset
1861 4563 2163 4636 suscipere

506 4640 945 4710 remissionem,
978 4644 1191 4703 eadem
1222 4646 1336 4703 hac
1365 4648 1742 4719 remissione,
1774 4667 1962 4725 quam
2005 4655 2163 4712 susci

506 4734 694 4804 peret,
725 4731 1049 4790 minimum
1076 4734 1225 4807 quid
1254 4735 1552 4795 evaderet.
1576 4743 1727 4797 Nam
1756 4757 1825 4797 ex
1872 4743 2163 4815 copulatis

501 4821 772 4878 numeris
797 4821 1351 4895 quilibetnumeras
1392 4827 1690 4886 unitatam
1729 4829 2164 4892 substructione

504 4910 707 4968 minor
734 4911 953 4986 factus,
988 4915 1269 4973 evaderet
1289 4932 1363 4974 ex
1390 4919 1646 4976 ternario
1695 4920 1967 4979 binarias
2004 4929 2062 4983 et
2090 4940 2164 4983 ex

500 4997 741 5058 binario
769 5000 989 5060 unitas.
1027 5004 1084 5062 Si
1107 5004 1285 5076 igitur
1311 5021 1420 5080 per
1436 5007 1835 5068 intensionem
1867 5011 1982 5069 tria
2029 5029 2163 5073 eva-

501 5085 654 5147 dant
675 5094 936 5163 quatuor
964 5096 1023 5149 et
1051 5094 1175 5151 duo
1209 5095 1340 5164 tria,
1372 5096 1533 5154 idem
1557 5098 1786 5157 accidet
1804 5116 2057 5161 numero
2087 5121 2161 5161 ex

499 5175 596 5235 his
624 5178 863 5238 duobus
886 5181 1156 5257 quinque
1188 5188 1418 5258 septem
1446 5189 1780 5261 composito
1810 5208 1824 5259 ;
1852 5193 2020 5264 qoud
2070 5199 2161 5252 est

498 5266 856 5328 absurdum.
882 5273 1107 5330 Eodem
1128 5274 1313 5333 modo
1342 5289 1450 5349 per
1469 5278 1883 5340 remissionem
1899 5283 2011 5340 tria
2034 5283 2157 5343 duo

497 5358 826 5418 evaderent
848 5363 905 5419 et
932 5362 1055 5422 duo
1084 5380 1315 5435 unum;
1372 5365 1534 5424 idem
1581 5383 1825 5443 quoque
1864 5372 2158 5432 accideret

497 5460 752 5507 numero
774 5466 847 5507 ex
875 5451 968 5508 his
1006 5452 1251 5513 duobus
1276 5455 1545 5531 quinque
1582 5458 1775 5516 tribas
1813 5461 2152 5536 constituto,

495 5549 632 5609 quae
652 5537 902 5611 quidem
930 5541 1060 5599 ﬁeri
1080 5549 1391 5617 nequeunt
1418 5549 1476 5602 et
1500 5550 1642 5604 sunt
1668 5547 1955 5607 absurda.
1981 5552 2156 5618 Quod

496 5621 550 5683 ti
576 5640 689 5700 pro
714 5626 901 5688 tribus
928 5635 1190 5705 quatuor
1208 5636 1267 5692 et
1287 5649 1399 5707 pro
1426 5633 1667 5697 duobus
1694 5654 1905 5709 unum,
1936 5641 2152 5715 quina-

2271 4554 2527 4612 nihilum
2564 4555 2991 4614 dissolveretur
3022 4573 3036 4625 ;
3067 4557 3237 4631 quod
3256 4558 3434 4616 etiam
3452 4559 3814 4622 absurdum
3832 4576 3907 4621 est

2270 4654 2447 4721 Quod
2493 4654 2543 4711 si
2575 4654 2775 4712 unitas
2821 4654 3072 4714 alteram
3119 4657 3409 4715 unitatem
3455 4668 3773 4733 assumat,
3822 4664 3907 4721 de:

2269 4744 2418 4802 ﬁent
2450 4761 2465 4812 ;
2496 4748 2554 4802 et
2581 4745 2631 4802 si
2658 4747 3079 4818 quaternarius
3109 4747 3353 4806 unitatis
3410 4749 3907 4812 substructiones:

2273 4833 2582 4907 suscipiat,
2627 4835 2876 4893 omnino
2929 4836 3224 4895 ternarias
3310 4852 3617 4896 numerus
3701 4843 3906 4899 evadet.

2271 4922 2514 4981 Constat
2548 4923 2727 4995 igitur
2743 4924 3057 4998 quinarius
3082 4941 3208 4983 non
3231 4942 3306 4983 ex
3325 4925 3557 4984 unitate
3592 4933 3657 4988 et
3704 4937 3911 5002 quater-

2268 5014 2461 5086 nario,
2489 5012 2599 5071 sed
2625 5018 2826 5088 potius
2855 5032 2928 5073 ex
2967 5016 3202 5074 binario
3249 5022 3306 5075 et
3357 5019 3633 5078 ternario
3695 5038 3713 5088 ;
3765 5023 3909 5096 idqm

2269 5104 2602 5162 secundum
2622 5109 2921 5163 naturam.

2338 5197 2390 5249 2.
2421 5195 2502 5250 Ex
2540 5193 2763 5267 quibus
2806 5194 3092 5252 omnibus
3157 5194 3408 5253 efﬁcitur
3447 5195 3516 5253 in
3577 5201 3908 5272 qualitates

2265 5283 2480 5341 cadere
2501 5283 2897 5342 intensionem
2930 5285 3433 5353 etremissionem,
3450 5285 3513 5343 in
3527 5293 3907 5360 quantitates

2264 5388 2408 5429 vero
2433 5388 2775 5446 nunquam.
2801 5376 3003 5431 Posset
3020 5374 3203 5440 enim,
3244 5375 3297 5430 si
3328 5375 3444 5431 hoc
3497 5391 3727 5436 verum
3770 5392 3905 5437 esse;

2263 5477 2372 5535 per
2398 5462 2796 5521 intensionem
2821 5468 2881 5520 et
2915 5463 3338 5521 remissionem
3362 5467 3765 5539 quantitatis,
3818 5487 3907 5542 qs:

2258 5552 2471 5611 uarias
2494 5568 2625 5611 esse
2652 5553 3071 5627 quaternarius
3094 5553 3391 5613 ternarias
3418 5559 3482 5612 et
3520 5561 3899 5630 septenarius

2263 5642 2432 5718 quod
2459 5642 2639 5715 longe
2667 5643 3175 5704 adsurdissimam
3205 5646 3313 5704 est.
3353 5643 3468 5705 Par
3505 5647 3778 5721 quidem
3824 5662 3921 5725 ιιι-ξ
