3932 6326
11 390 156 446 1329

31 601 149 656 ἐκεῖ
179 600 241 657 δὶ
265 606 454 675 ποσὸν,
500 603 658 657 λαϐὸν
698 611 882 682 χώραν
935 604 1221 671 έπιτοὶσεως
1266 611 1356 661 καὶ
1411 605 1657 674 ἆνέσεως,

30 692 211 746 πολλὰ
264 696 429 770 ἔφερεν
486 692 659 749 ἄτοποι
718 715 733 729 '
785 693 1001 756 ἓποίησε
1075 700 1177 774 γὰρ
1257 701 1352 757 τὴν
1428 694 1663 750 πεντάδα

31 778 253 836 ἕπτάδα
302 787 393 836 καὶ
445 779 611 847 ἔξοίδα
668 788 759 842 καὶ
818 782 1068 864 τετράδα,
1128 792 1218 841 καὶ
1264 784 1481 864 τριάδα,
1535 787 1658 865 ὅπερ

31 872 237 929 ἄτοπον
263 876 352 925 καὶ
384 876 710 946 σοφιστικόν,
756 881 922 930 Τοῦτο
972 880 1143 930 τοίνυν
1201 873 1287 933 δεῖ
1331 882 1462 930 νοεῖν
1519 877 1660 950 ἡμᾶς

29 964 125 1017 καὶ
158 960 244 1015 ἐπὶ
278 969 375 1014 τῶν
429 962 688 1037 ῥηθέντων
739 964 924 1018 λευκοῦ
981 970 1071 1018 καὶ
1113 965 1325 1039 μέλανος
1383 987 1396 1001 ·
1452 966 1519 1019 τὰ
1566 967 1657 1039 μὶν

28 1053 171 1105 ποιὰ
222 1051 573 1121 ἁλλοιοῦνται,
618 1049 679 1107 δε
751 1057 916 1108 ποσόν
973 1051 1222 1110 οὐδέποτε
1275 1054 1566 1109 ἀλλοιοῦτοι
1639 1092 1653 1107 .

29 1138 166 1195 οὐδὲ
190 1144 291 1217 γὰρ
320 1140 556 1205 ἕπίτασις
582 1147 672 1196 καὶ
695 1141 870 1208 ἃνεσις
927 1142 976 1197 ἓν
1024 1153 1192 1218 ποσῷ,
1246 1143 1354 1198 ἀλλ’
1401 1151 1516 1198 ἴσον
1568 1165 1658 1234 καὶ

29 1228 248 1290 ἄνισον.
292 1231 356 1285 Εἰ
408 1234 498 1307 μὶν
555 1238 641 1285 οῦν
701 1232 797 1293 ὕλη
854 1235 922 1287 τὰ
973 1236 1263 1309 πράγματα
1323 1228 1652 1321 θεωροῦντας

31 1328 154 1385 τοῖς
178 1326 321 1395 τρισὶ
371 1326 565 1397 πέρασι
613 1329 705 1375 τοῦ
756 1331 925 1380 ποσοῦ
969 1323 1357 1401 περικλείεσθαι
1412 1328 1657 1400 θεωροῦν-

30 1432 131 1466 ται
191 1432 205 1446 ·
265 1410 324 1465 όῦ
371 1414 474 1486 γὰρ
529 1410 802 1486 ἁμειφθείη
856 1418 914 1467 10
973 1422 1066 1468 τοῦ
1122 1414 1340 1490 ἀλεύρου
1398 1411 1652 1489 μεδίμνου

31 1503 211 1554 ποσόν
245 1505 319 1564 εἱς
338 1503 397 1553 1'0
428 1508 523 1563 τῆς
563 1505 756 1564 σηπίας
801 1506 1000 1557 κυάθου
1049 1503 1205 1577 μέλαν
1260 1507 1445 1568 ποσόν,
1497 1502 1652 1578 ἆμει-

30 1589 131 1662 ψις
160 1585 214 1643 δ’
244 1588 437 1662 ἐγένετο
463 1592 679 1657 τούτων,
719 1597 811 1646 καὶ
856 1599 919 1667 τῇ
978 1591 1189 1668 ἀμείψει
1220 1591 1407 1654 συνέϐη
1446 1593 1648 1667 ὕφεσις,

30 1678 244 1753 ἐνηλλη
296 1675 356 1733 δὲ
405 1682 635 1738 ποιότηπ
666 1684 876 1744 ποίότης
933 1683 1185 1736 ένωθεῑσα
1238 1681 1386 1756 ἑτέρα
1432 1686 1649 1741 ποιήσει

27 1767 304 1838 ἐπίτασιν,
335 1768 441 1824 οἷον
479 1765 660 1843 ἄρτιος
693 1771 718 1823 ό
770 1775 1027 1846 τέσσαρα,
1093 1771 1183 1825 καὶ
1230 1772 1256 1824 ό
1307 1767 1425 1837 δυο,
1475 1775 1565 1825 καὶ
1622 1775 1655 1825 ὅ

23 1862 128 1933 μὲν
171 1856 442 1934 ἰσομερὴς,
494 1860 520 1910 ό
572 1854 632 1912 δε
687 1867 983 1937 προμήκης.
1040 1859 1252 1916 ’Ἃνισοι
1303 1867 1431 1937 γοῦν
1472 1864 1562 1914 καὶ
1603 1860 1646 1915 εἰ
1718 1877 1758 1934 Β

22 1946 313 2015 ἐνωθῶσιν,
342 1944 553 2009 ἀλλοίως
576 1956 795 2021 γεννῶσι
818 1953 907 2003 καὶ
936 1952 975 2004 ό’
1017 1947 1115 2004 δύο
1166 1954 1257 2003 καὶ
1309 1950 1336 2003 ό
1389 1953 1640 2024 τέσσαρα,

16 2041 121 2090 καὶ
144 2035 370 2111 ἁμειφθῇ
418 2039 509 2110 μὲν
576 2038 602 2090 ό
663 2038 912 2113 ἰσομερὴς
957 2039 1027 2104 εἰς
1082 2043 1169 2093 τὸν
1221 2044 1494 2115 προμήκη,
1552 2044 1642 2094 καὶ

14 2129 167 2180 κατὰ
204 2129 469 2199 μὲν-τοῦτο
533 2126 737 2191 ἀλλοῖος
780 2134 1078 2202 γενήσεται,
1135 2133 1414 2206 προμήκης
1460 2130 1562 2203 γὰρ
1626 2149 1640 2163 ο

14 2219 165 2270 κατὰ
194 2211 256 2271 δὲ
284 2221 343 2273 τό
405 2217 607 2291 ἄρτιον,
669 2217 775 2271 οὔτ’
823 2217 973 2282 ἄλλος
1022 2222 1139 2272 οὔτε
1187 2217 1385 2279 ἀλλοῖος
1462 2216 1637 2293 ἆρτιοι

13 2309 131 2381 γὰρ
164 2308 333 2361 κοιὶοί
366 2306 691 2369 συνελθόντες
721 2312 812 2362 καὶ
853 2309 878 2360 ό
922 2308 975 2373 ἐξ
1013 2312 1201 2376 αὐτῶν,
1257 2309 1392 2361 ὥστε
1441 2311 1498 2361 τὸ
1547 2310 1638 2381 μεν

15 2415 181 2450 ποιον
235 2401 325 2451 καὶ
378 2398 633 2458 ἠλλοιώθη
695 2394 876 2451 ἐνθαδί
926 2401 1015 2451 καὶ
1063 2396 1299 2451 ἐπίτασιν
1355 2396 1523 2467 ἔλαϐε,
1578 2400 1637 2451 1'0

22 2483 93 2538 δὲ
119 2488 283 2538 ποσόν
312 2486 406 2538 οὐκ
436 2485 694 2545 ἠλλοιώθη
720 2508 732 2519 ·
775 2487 960 2550 πάντες
989 2489 1089 2560 γὰρ
1130 2489 1189 2540 τό
1236 2485 1422 2539 οἰκεῖον
1474 2488 1638 2540 ποσὸν

21 2575 417 2649 παρεφύλαξαν,
449 2574 476 2628 ὁ
509 2572 606 2629 δύο
630 2578 689 2629 τὸ
729 2572 847 2644 δὺο,
900 2578 926 2628 ὁ
988 2579 1225 2653 τέσσαρα
1270 2579 1329 2627 τό
1380 2579 1635 2651 τέσσαρα,

23 2670 125 2721 καὶ
170 2663 197 2718 ὁ
244 2662 298 2731 ἔξ
351 2668 408 2718 1'0
458 2664 512 2729 ἑξ
566 2660 715 2734 εἶναι,
774 2668 830 2718 τό
890 2662 950 2720 δὲ
1006 2668 1153 2719 ποιόν
1220 2663 1473 2724 ἠλλοιώθη
1547 2668 1637 2721 καὶ

871 390 1230 450 THEODORI
1264 392 1314 450 Π
1351 389 1493 450 IMP.
1535 393 1627 451 DE
1663 391 2124 455 COMMUNIONE
2161 398 2514 457 NATURALI

32 517 229 590 ὕφεσις
280 520 406 586 γοῦν
458 513 681 569 ἐνταῦθα
720 524 821 570 τῶν
878 521 1171 578 ποιοτήτων
1213 522 1303 573 καὶ
1353 516 1658 585 ἀλλοίωσις,
1719 525 1767 573 Α
1825 516 2047 580 έπέτοξθη

3279 408 3420 468 4330

2106 542 2121 557 ο
2166 523 2193 575 ό
2250 527 2351 598 γὰρ
2409 530 2708 599 προμήκης,
2765 523 2932 578 λαϐὼν
3004 529 3094 580 τόν
3188 529 3430 609 ἷσομερῆ,

1823 608 2039 681 ἤμειψεν
2105 611 2259 665 αὐτόν
2316 613 2389 676 εἰς
2425 618 2485 668 τὸ
2538 619 2823 688 πρόμηκες,
2876 615 2922 668 εἰ
2969 612 3029 670 δὲ
3071 622 3162 672 καὶ
3236 608 3345 674 01:7
3394 626 3426 684 ἢ

1822 716 1855 750 α
1887 695 1984 771 βγ
2031 700 2196 774 τῆςβ
2251 724 2285 775 σγ
2342 702 2522 767 ἄνισος
2572 709 2663 758 καὶ
2724 703 2908 757 ἀλλοία
2958 713 3076 781 εἰπη
3146 727 3241 774 τις,
3298 709 3430 775 iam;

1819 788 1970 840 ἔσται
1999 789 2058 841 οὐ
2091 786 2185 843 διὰ
2230 796 2323 851 τὴν
2372 791 2612 847 ὶπίτασιν
2669 794 2701 853 ἣ
2761 797 2856 853 τὴν
2905 794 3101 865 ἄνεσιν,
3160 796 3288 852 ἀλλὰ
3335 797 3429 855 διὰ

1818 878 1878 929 τὸ
1913 878 2091 951 μεῖξον
2116 884 2206 933 καὶ
2233 884 2293 933 τό
2319 881 2528 937 ἔλαττον
2562 904 2575 918 ·
2607 890 2761 936 τοῦτο
2788 885 2888 957 γὰρ
2935 883 2993 937 οὐ
3051 893 3243 955 ποσοῦ,
3297 886 3427 943 ἀλλὰ

1817 973 1910 1019 τοῦ
1954 970 2084 1042 πρὸς
2130 989 2202 1037 τι,
2270 972 2340 1034 ὡς
2395 977 2485 1025 καὶ
2539 971 2902 1048 Ἀριστοτέλης
2963 975 3011 1027 ἓν
3070 980 3427 1053 Κατηγορίαις

1818 1060 1999 1129 φησίν.
2053 1061 2187 1112 Οὔτε
2229 1061 2352 1135 γὰρ,
2404 1063 2538 1114 κατὰ
2583 1064 2671 1115 τόν
2728 1063 2889 1114 αὑτοῦ
2944 1061 3116 1134 λόγον,
3185 1063 3423 1130 ἐπίτασις

1816 1149 1907 1198 καὶ
1955 1144 2130 1211 ἄνεσις
2180 1155 2272 1201 τοῦ
2323 1157 2491 1204 ποσοῦ
2556 1153 2639 1204 ὅτι
2689 1158 2782 1214 τῆς
2828 1154 3121 1220 ποιότητος,
3182 1152 3300 1209 οὒτε
3365 1160 3423 1210 τό

1816 1237 1952 1309 μέγα
2001 1240 2091 1289 καὶ
2144 1239 2203 1289 τό
2233 1241 2417 1314 μικρὸν
2462 1240 2541 1293 ὃτι
2565 1246 2659 1293 τοῦ
2695 1243 2827 1315 πρός
2882 1260 2954 1309 τι,
3007 1237 3147 1294 ἴδιον
3215 1239 3275 1296 δὲ
3329 1253 3421 1298 τοῦ

1815 1322 2064 1378 ποσοῦτὸ
2094 1324 2272 1380 ἄνισον
2296 1332 2385 1381 καὶ
2411 1332 2469 1382 τὸ
2520 1325 2654 1401 ἴσον,
2712 1337 2864 1405 εῦρης
2912 1326 2973 1384 δὲ
3017 1335 3108 1385 καὶ
3151 1330 3200 1385 έν
3248 1332 3424 1396 ἄλλοις

1817 1413 1907 1467 εἶτ’
1936 1418 2175 1468 έπίτασιν
2206 1416 2298 1470 εἴτ’
2322 1417 2496 1471 ἄνεσιν
2522 1426 2615 1471 τοῦ
2640 1427 2815 1486 ποιοῦ,
2865 1427 2957 1473 τοῦ
3011 1426 3179 1474 ποσοῦ
3230 1418 3289 1475 δὶ
3341 1420 3420 1478 ἀεὶ

1814 1505 1873 1556 τό
1898 1500 2032 1573 ἴσον,
2063 1508 2122 1557 τὸ
2156 1505 2353 1572 ἃνισον,
2383 1506 2517 1560 ὣστε
2542 1508 2720 1571 ἄνισος
2741 1512 2831 1560 καὶ
2870 1509 2896 1560 ό
2952 1507 3009 1571 ἐξ
3056 1512 3147 1563 καὶ
3201 1510 3227 1562 ὁ
3290 1506 3421 1565 δέκα

1813 1595 1949 1646 κατὰ
1968 1596 2026 1646 τὸ
2057 1597 2241 1665 ποσόν,
2266 1594 2461 1658 ἀλλοῖος
2492 1593 2527 1650 δ
2530 1600 2552 1650 ‘a
2575 1598 2711 1650 κατὰ
2737 1600 2796 1650 1'0
2818 1601 2967 1650 ποιόν
2990 1617 3004 1631 ·
3046 1602 3137 1650 καὶ
3186 1595 3419 1662 όξώδους

1812 1686 2085 1742 ποιότητοε
2149 1681 2265 1744 εἰδη
2328 1684 2490 1739 πολλὰ
2515 1684 2576 1738 οἶν
2607 1684 2667 1738 ἃν
2729 1685 2884 1760 εὕρῃς
2939 1684 3276 1760 ἐπιτεταμένα
3325 1692 3418 1741 καὶ

1812 1768 2058 1844 ὑφειμένα
2112 1779 2206 1845 τῷ,
2252 1782 2403 1845 ποσῷ
2480 1770 2530 1827 δ’
2611 1781 2693 1841 οῦ,
2765 1772 2870 1827 ἀλλ’
2933 1770 3025 1827 ἶσα
3087 1779 3177 1827 καὶ
3233 1774 3413 1846 ἄνισα,

1810 1864 1905 1923 Τίς
1930 1856 1990 1914 δέ
2019 1863 2085 1914 10':
2104 1867 2176 1936 μὴ
2209 1860 2426 1936 ὁμοειδῆ
2462 1869 2750 1940 συγκρίνει,
2793 1862 2920 1917 ἀλλά
2955 1865 3021 1917 τά
3076 1863 3335 1938 έτεροειδῆ
3399 1887 3414 1903 ι

1814 1954 1916 2003 Καὶ
1961 1956 2257 2025 συκομορέα
2318 1955 2518 2027 σμικροί
2564 1952 2768 2025 λῃεται
2815 1957 2906 2006 καὶ
2968 1953 3142 2026 μεῖξον
3218 1954 3414 2028 κλῆμα,

1812 2040 1946 2092 ὥστε
1971 2043 2107 2094 κατά
2148 2045 2208 2094 τὸ
2264 2041 2421 2094 αὐτόν
2482 2046 2674 2115 χρόνον
2723 2044 2782 2095 τὸ
2836 2041 2963 2095 αὐτό
3014 2049 3235 2117 πρᾶγμα
3279 2047 3414 2117 μέγα

1801 2132 1892 2181 καὶ
1921 2132 2131 2204 μικρὸν,
2173 2134 2264 2183 καὶ
2313 2128 2536 2183 ἐναντίον
2594 2130 2721 2183 αὐτὸ
2777 2130 2849 2192 εἰς
2903 2129 3079 2201 ἑαυτό,
3137 2130 3259 2205 ὅπερ
3308 2139 3410 2185 τῶν

1802 2215 2092 2275 ἀδυνάτων.
2117 2220 2195 2273 Τοί
2222 2224 2312 2293 μεν
2347 2216 2433 2274 οὖν
2460 2222 2559 2273 τῶν
2590 2218 2639 2273 έν
2668 2222 2869 2294 ..γεύσει
2923 2238 2981 2273 το
3039 2224 3131 2274 καὶ
3201 2222 3405 2295 ὁροίσει,

1801 2308 1962 2381 ἤγουν
2012 2308 2352 2380 γλυκύτητος,
2406 2308 2747 2373 ἁλυκότητος,
2819 2311 3152 2385 θερμότητος,
3197 2309 3409 2385 ψυχρό-

1800 2416 1976 2466 τητος,
2018 2397 2329 2461 λευκότητος
2386 2406 2490 2452 οἷον
2518 2386 2627 2453 καὶ
2677 2398 2912 2472 μέλανος,
2971 2397 3131 2460 ἂκόῆς
3184 2418 3239 2452 τε
3316 2404 3408 2453 καὶ

1802 2485 1955 2560 ἁφῆς,
1984 2491 2159 2560 τραχὺ
2181 2491 2271 2541 καὶ
2320 2488 2471 2561 λεῖον,
2532 2492 2623 2541 καὶ
2678 2488 2744 2540 τοί
2792 2486 2839 2539 έν
2879 2486 3136 2561 ὀσφρήσει
3180 2483 3402 2547 δυσώδη

1800 2580 1890 2628 καὶ
1939 2573 2108 2635 εὐώδη
2164 2581 2254 2630 καὶ
2296 2580 2435 2650 μέσα
2488 2581 2578 2630 καὶ
2626 2572 3017 2638 ἀναποδείκτως
3069 2580 3099 2635 ἠ
3166 2574 3409 2652 ἐνάργεια

1802 2660 1957 2723 δηλοί
1981 2663 2061 2719 ὃτι
2090 2685 2183 2746 περ
2203 2672 2297 2720 τοῦ
2322 2672 2496 2736 ποιοῦ,
2524 2667 2710 2729 όποίως
2741 2661 2802 2719 δέ
2828 2668 2918 2718 καὶ
2968 2665 3035 2718 τοί
3095 2672 3197 2718 τῶν
3258 2682 3409 2738 χρω-

7 2885 208 2927 nerus
237 2884 376 2927 cum
420 2868 641 2944 impari
687 2869 1057 2944 compositus
1092 2867 1291 2940 nihil!
1307 2867 1655 2925 inusitatum
1766 2869 2039 2941 partibus
2057 2872 2341 2927 constans
2372 2869 2435 2926 in
2467 2869 2653 2928 altera
2682 2873 2851 2943 parte
2886 2868 3219 2940 longiorem
3244 2882 3415 2924 com-

7 2958 320 3016 :onstituit.
360 2958 453 3017 Sic
474 2958 637 3016 enim
661 2958 784 3016 duo
813 2963 951 3015 sunt
981 2973 1219 3032 semper
1247 2958 1367 3014 duo
1395 2976 1409 3027 ;
1442 2960 1500 3014 et
1518 2955 1651 3025 tria,
1764 2961 2020 3015 mutatus
2033 2958 2663 3032 fuerit.Atqueidcirco
2678 2956 3416 3025 aliusmodievadet,nem-

6 3050 108 3106 ria
143 3067 157 3118 ;
185 3047 453 3122 quodest
472 3048 823 3123 quantitatis
842 3049 1165 3123 proprium.
1182 3050 1331 3104 Nam
1354 3046 1417 3104 hi
1435 3060 1651 3103 nume-
1764 3062 1840 3120 pe
1869 3048 2055 3105 altera
2078 3053 2247 3122 parte
2275 3047 2526 3121 longior,
2551 3048 2665 3104 Sed
2687 3048 2738 3104 si
2763 3047 2875 3104 hos
2899 3060 3184 3103 numeros
3212 3048 3419 3116 quate-

5 3139 35 3197 'i
49 3137 759 3212 permanseruutetiamsi
773 3138 1181 3211 aequalitatem
1212 3135 1648 3211 etinaequalita-
1682 3128 1721 3185 C
1764 3150 1880 3192 nus
1899 3141 2038 3194 sunt
2051 3152 2228 3211 pares
2247 3135 2812 3209 consideres,neque
2824 3135 3128 3207 aliineque
3143 3132 3416 3190 aliusmo-

6 3245 115 3285 em
152 3227 542 3301 susceperint.
584 3228 700 3285 Sed
729 3242 867 3283 cum
899 3226 1158 3301 qualitas
1187 3243 1326 3283 cum
1365 3225 1652 3299 qualitate
1763 3220 3263 3299 dievadent.Namquicopulatisuntintersenumeri
3279 3225 3417 3280 sunt

5 3318 333 3390 :opulatur,
358 3315 584 3372 exsistit
639 3315 825 3373 altera
893 3316 1072 3372 mista
1121 3315 1400 3389 qualitas,
1451 3318 1651 3388 Neque
1760 3330 1956 3387 pares,
1984 3314 2156 3389 etqui
2177 3331 2248 3371 ex
2272 3312 3415 3387 ipsiscompositusest,estpar.Quam-

5 3407 157 3464 :nim
189 3421 299 3479 par
344 3420 633 3461 numerus
661 3405 827 3463 omni
853 3422 925 3462 ex
962 3410 1130 3479 parte
1186 3405 1413 3462 exsistit
1455 3419 1652 3477 neque
1759 3403 1969 3460 obrem
1994 3404 2055 3460 in
2095 3403 2186 3460 his
2224 3403 2482 3478 qualitas
2519 3402 2767 3477 quidem
2829 3404 3202 3459 commutata
3238 3404 3330 3457 est
3359 3403 3417 3457 et

8 3511 199 3569 mpar
232 3495 336 3567 qui
364 3509 487 3552 non
509 3496 698 3552 etiam
724 3495 927 3569 aliqua
953 3511 1026 3552 ex
1051 3499 1219 3568 parte
1250 3510 1377 3569 par.
1413 3495 1513 3551 Hic
1541 3494 1651 3564 igi-
1758 3492 2157 3549 intensionem
2198 3492 2480 3566 suscepit,
2495 3492 2800 3567 quantitas
2827 3506 2970 3548 vero
2999 3506 3124 3547 non
3145 3492 3234 3547 est
3253 3504 3417 3546 como

6 3603 91 3641 tur
122 3588 214 3641 est
239 3584 592 3658 qualitatem
616 3584 889 3641 remissio
910 3588 967 3640 et
999 3584 1410 3641 commutatio.
1444 3582 1652 3640 Atillic
1760 3586 2007 3639 mutata.
2032 3584 2253 3641 Omnes
2285 3583 2446 3640 enim
2467 3598 2641 3639 suam
2671 3581 3068 3656 quantitatem
3098 3593 3417 3639 conserva-

5 3672 330 3748 Iuantitatc
347 3673 744 3730 intensionem
769 3673 1257 3730 etremissionem
1288 3671 1651 3744 suscipiente
1758 3676 1916 3743 runt,
1940 3673 2020 3730 ita
2044 3677 2109 3729 ut
2136 3672 2260 3730 duo
2281 3674 2400 3730 sint
2426 3673 2548 3730 duo
2579 3690 2593 3727 :
2634 3676 2911 3747 quatuor,
2926 3675 3205 3744 quatuor,
3221 3674 3411 3737 etsex,

6 3763 191 3821 nulta
219 3762 486 3819 absurda
512 3762 899 3821 exsistebant.
952 3765 1102 3820 Nam
1134 3779 1207 3819 ex
1262 3760 1363 3819 illa
1422 3761 1651 3818 ratione
1760 3777 1882 3819 sex.
1900 3762 2239 3836 Atqualitas
2251 3767 2619 3819 commutata
2631 3761 3056 3819 estetintensa.
3071 3759 3214 3816 Nam
3230 3758 3416 3816 altera

5 3851 308 3928 [uinarius
337 3854 465 3908 erat
529 3852 920 3926 septenarius,
988 3851 1277 3922 senarius,
1335 3853 1651 3923 quaterna-
1759 3854 1926 3922 parte
1946 3850 2183 3921 longior
2203 3855 2586 3924 assumptum
2606 3865 2929 3906 numerum
2982 3865 3057 3904 ex
3077 3846 3414 3921 aequalibus

6 3944 139 4010 ius,
173 3941 467 3997 ternarius
495 3941 661 4013 quod
683 3946 770 3998 est
797 3940 1130 3998 absurdum
1158 3943 1213 3996 et
1234 3939 1649 4011 sophisticum.
1757 3937 2029 4012 partibus
2058 3944 2451 4009 constantem,
2471 3938 2711 3996 mutavit
2733 3938 2795 3993 in
2807 3935 3414 4010 alterapartelongio-

6 4032 119 4088 loc
149 4028 328 4099 igitur
357 4028 742 4086 considerare
760 4045 874 4087 nos
891 4034 1126 4102 oportet
1151 4028 1328 4085 etiam
1350 4027 1411 4084 in
1434 4026 1652 4100 praedi-
1758 4042 1886 4083 rem
1911 4043 2247 4086 numerum.
2281 4027 2452 4095 Quod
2472 4026 2667 4100 siquis
2679 4025 3071 4084 dicatlineam
3101 4039 3139 4082 α
3161 4024 3194 4080 b
3217 4039 3248 4081 0
3269 4022 3415 4096 quia

5 4121 126 4189 :tis,
160 4116 296 4175 albo
331 4117 555 4174 scilicet
583 4122 639 4175 et
668 4118 864 4189 nigro.
897 4121 1046 4175 Nam
1072 4117 1359 4191 qualitate
1400 4115 1653 4189 prmdita
1759 4121 1849 4173 est
1877 4117 2189 4191 inaequalis
2217 4117 2388 4174 lineas
2421 4117 2702 4174 bcetiam
2728 4116 2851 4173 fore
2874 4115 3126 4173 fortasse
3147 4112 3413 4171 dissimi-

5 4208 295 4284 [ualitatis
317 4208 850 4265 commutationem
905 4207 1245 4281 suscipiunt
1296 4206 1650 4274 Quantitatis
1757 4205 1878 4263 lem
1897 4206 2281 4278 ;respondem
2293 4224 2361 4262 us
2382 4206 2497 4263 hoc
2509 4220 2630 4262 non
2645 4205 2914 4262 accidere
2931 4207 3036 4261 aut
3052 4207 3300 4277 propter
3317 4202 3415 4259 iu-

5 4314 133 4355 'ero
150 4296 314 4353 nulla
329 4301 667 4370 potestesse
684 4297 981 4369 ejusmodi
1011 4296 1423 4368 commutatio,
1459 4311 1652 4369 quau-
1759 4294 2094 4352 tensionem
2108 4299 2211 4352 aut
2225 4295 2665 4363 remissionem,
2680 4294 2788 4350 sed
2801 4296 3040 4367 propter
3064 4292 3211 4349 illud
3246 4289 3414 4364 quod

5 4385 321 4459 loquidem
350 4386 412 4442 in
441 4386 774 4460 quantitate
790 4387 1051 4443 intensio
1072 4391 1130 4442 et
1156 4386 1429 4442 remissio
1449 4384 1651 4442 locum
1760 4389 1851 4441 est
1881 4385 2079 4456 majus
2100 4388 2155 4441 et
2186 4386 2388 4440 minus
2420 4402 2433 4451 ;
2462 4382 2630 4456 quod
2667 4382 2915 4456 quidem
2952 4396 3077 4438 non
3102 4380 3182 4439 ad
3210 4394 3415 4453 quan-

5 4491 119 4533 :en
150 4474 396 4544 habent,
425 4476 529 4532 sed
551 4475 782 4549 mquale
812 4480 868 4533 et
895 4474 1212 4548 inaequale.
1252 4474 1311 4531 Si
1352 4473 1533 4546 igitur
1579 4489 1652 4531 ex
1688 4491 1729 4547 ε
1762 4474 2013 4540 titatem,
2043 4473 2149 4530 sed
2200 4474 2279 4530 ad
2317 4473 2669 4530 relationem
2730 4472 2983 4546 pertinet
3021 4469 3417 4544 quemadmo«

5 4565 661 4623 nateriaresnaturales
679 4564 1251 4633 considerantur,his
1264 4564 1675 4638 tribusquanr
1760 4563 1909 4619 dum
1947 4564 2128 4619 etiam
2149 4562 2489 4620 Aristoteles
2518 4562 2580 4619 in
2608 4560 2930 4632 Categoriis
2958 4559 3151 4617 docet.
3175 4562 3243 4617 Ut
3262 4557 3417 4615 enim

5 4654 177 4713 itatis
204 4653 467 4710 terminis
489 4653 900 4711 circumscribi
925 4659 982 4711 et
1009 4652 1283 4709 concludi
1305 4659 1648 4710 cernuntur.
1759 4653 2015 4709 intensio
2041 4658 2095 4709 et
2110 4652 2383 4709 remissio
2403 4666 2528 4709 non
2552 4652 2783 4709 ratione
2802 4649 3174 4724 quantitatis,
3194 4649 3301 4705 sed
3322 4662 3418 4732 ra-

5 4746 200 4816 ieque
237 4743 397 4799 enim
427 4745 786 4802 commutari
840 4745 1057 4817 poterit
1103 4742 1395 4799 medimni
1443 4741 1650 4799 farinae
1761 4742 1920 4799 tione
1943 4741 2243 4814 qualitatis
2271 4741 2452 4798 rebus
2482 4739 2781 4807 accidunt,
2813 4741 2897 4798 ita
2920 4739 3099 4796 etiam
3128 4752 3415 4809 magnum

5 4830 296 4909 [nantitas
321 4831 380 4887 in
403 4833 855 4905 cyathinigrum
879 4832 1058 4907 sepiae
1085 4832 1443 4904 sanguinem
1465 4833 1651 4888 conti-
1760 4836 1818 4888 et
1840 4847 2099 4905 parvum
2116 4847 2237 4888 non
2250 4831 2480 4888 ratione
2492 4828 2839 4904 quantitatis
2859 4824 3417 4902 autqualitatis,sed

5 4920 187 4981 tentis
215 4921 631 4994 quantitatem,
665 4922 772 4979 sed
823 4922 1017 4996 potuit
1076 4921 1136 4977 in
1188 4920 1281 4977 his
1346 4920 1648 4994 qualitatis
1760 4922 1988 4980 ratione
2018 4920 2321 4978 relationis
2349 4920 2530 4978 rebus
2570 4919 2869 4976 accidunt.
2939 4921 3014 4974 At
3066 4912 3418 4990 quantitatis

6 5009 269 5070 xsistere
290 5008 495 5084 aliqua
506 5011 918 5080 commutatio,
936 5025 1122 5083 quam
1137 5009 1373 5082 quidem
1391 5025 1651 5066 commu-

5 5098 269 5157 ttionem
292 5102 619 5155 consecuta
657 5104 745 5155 est
766 5098 1044 5155 remissio
1084 5102 1140 5154 et
1163 5098 1435 5154 intensio.
1471 5100 1648 5153 Porro

6 5185 239 5246 ualitas
274 5186 460 5242 altera
499 5203 638 5243 cum
679 5186 867 5244 altera
920 5186 1201 5259 copulata
1250 5186 1647 5244 intensionem

5 5275 217 5342 tﬁoiet,
233 5279 565 5348 utquatuor
579 5282 664 5334 est
678 5292 961 5333 numerus
978 5291 1105 5349 par,
1125 5276 1382 5349 itemque
1394 5275 1535 5333 duo.
1548 5281 1646 5335 At-

11 5382 98 5424 uc
125 5363 219 5420 ille
241 5364 486 5436 quidem
517 5383 590 5424 ex
617 5366 955 5439 aequalibus
977 5365 1254 5439 partibus
1279 5371 1531 5431 constat,
1550 5366 1646 5422 hic

6 5472 123 5515 ero
143 5453 324 5512 altera
349 5460 515 5529 parte
529 5458 892 5528 estlongior.
920 5459 1067 5514 Sunt
1088 5457 1268 5527 igitur
1292 5456 1622 5530 inaequales

5 5543 156 5614 εαοά
186 5543 235 5600 si
255 5543 378 5601 duo
408 5546 469 5601 hi
500 5547 736 5603 numeri
762 5545 1025 5620 copulati
1051 5545 1285 5613 fuerint,
1319 5545 1642 5604 aliusmodi

5 5632 263 5692 vadent.
300 5633 754 5708 Copulabuntur
777 5635 939 5692 enim
993 5634 1263 5693 binarius
1309 5638 1366 5692 et
1402 5639 1657 5708 quater»

5 5723 515 5785 :ariusnumerus:
545 5726 627 5782 Ac
653 5723 1195 5798 numerusquidem
1207 5739 1281 5782 ex
1303 5724 1645 5798 mqualibus

1759 5011 1993 5085 aequale
2013 5015 2068 5068 et
2093 5009 2390 5084 inaequale
2414 5009 2732 5082 proprium
2761 5010 2867 5063 est.
2900 5008 2965 5063 In
2992 5005 3124 5062 aliis
3170 5019 3417 5078 quoque

1758 5101 1939 5158 rebus
1970 5099 2451 5157 animadvertere
2473 5098 2672 5170 possis
2690 5095 3093 5152 intensionem
3122 5098 3179 5149 et
3204 5092 3417 5150 remis-

1761 5190 1991 5246 sionem
2023 5204 2155 5245 esse
2184 5186 2506 5261 qualitatis,
2540 5185 2772 5260 aequale
2823 5199 2967 5241 vero
3015 5187 3072 5239 et
3120 5180 3418 5257 inaequale

1762 5294 1998 5351 semper
2027 5277 2105 5334 ad
2130 5277 2524 5350 quantitatem
2559 5275 2873 5349 pertinere.
2915 5275 3113 5340 Quare
3144 5271 3418 5329 senarius

1761 5372 1818 5425 et
1842 5360 2125 5424 denarius
2141 5381 2430 5422 numerus
2456 5369 2594 5420 sunt
2613 5361 2941 5436 inaequales
2961 5378 3036 5418 ex
3064 5361 3417 5433 quantitate,

1759 5454 2080 5512 dissimiles
2108 5471 2251 5511 vero
2272 5458 2410 5510 sunt
2460 5469 2534 5509 ex
2590 5451 2898 5527 qualitate.
2959 5453 3042 5507 Ac
3105 5448 3420 5506 odoriferae

1760 5544 2067 5619 qualitatis
2098 5544 2288 5602 multa
2358 5559 2579 5615 genera
2625 5540 2881 5616 reperire
2939 5540 3136 5615 possis
3186 5540 3422 5597 intensa

1762 5638 1817 5693 et
1844 5636 2102 5692 remissa
2124 5651 2198 5691 ex
2226 5631 2533 5708 qualitate,
2566 5628 2823 5706 asqualio
2842 5647 2987 5689 vero
3017 5633 3075 5687 et
3100 5628 3421 5703 inaequalia

1758 5739 1832 5784 ex
1869 5724 2224 5799 quantitate.
2253 5723 2395 5791 Quis
2419 5727 2623 5782 autem
2661 5725 2976 5798 comparat
3021 5720 3181 5781 inter
3226 5735 3291 5777 se
3318 5717 3423 5776 illa
