3932 6326
488 421 618 474 1331

514 543 711 614 μάτων.
745 535 932 597 Οὐδεὶς
973 539 1074 609 γάρ
1126 535 1289 608 ἐρωτᾷ
1340 533 1388 586 ἐν
1439 542 1511 606 τῷ
1572 538 1808 608 τριγώνῳ
1849 538 1923 600 τῷ
1963 526 2114 599 δείνῳ
2172 530 2220 582 Α

513 629 695 698 λευκῷ,
728 633 899 686 πόσην
930 627 990 678 οἶν
1047 626 1148 696 ἔχη
1212 629 1306 682 τὴν
1365 623 1652 680 λευκότητα
1704 623 1729 672 6
1788 620 1946 671 αὐτου
1999 616 2116 668 ἐπι-

516 721 696 792 φάνεια
719 718 922 788 πρόςτό
957 711 1104 768 δεῖνα
1148 735 1160 746 ·
1213 715 1272 764 τό
1331 715 1432 784 γάρ
1484 715 1646 763 ποσόν
1694 717 1882 762 ποσοῦ.
1931 710 2000 759 T6
2055 701 2115 757 δε

513 808 788 880 λευκότερα
839 808 1025 858 τούτου
1082 804 1113 862 ἢ
1169 802 1360 855 έχείνου
1440 809 1530 854 τοῦ
1584 806 1834 873 τριγώνου
1907 799 1936 854 ἡ
2003 795 2114 847 ἑπι-

517 901 696 970 φςίνεια
731 894 1032 954 ἐπιτάσεως.
1059 900 1161 953 Τῆς
1208 897 1484 955 ποιότητος
1526 899 1652 961 γοῦν
1707 892 1737 948 ἠ
1790 887 2043 962 ἐρώτησις
2099 905 2112 917 ο

517 986 686 1045 ἄνεσις
724 986 822 1056 κάρ
845 989 934 1035 καὶ
966 982 1204 1042 ἐπίτασις
1256 989 1348 1034 τοῦ
1389 988 1562 1035 ποιοῦ.
1631 983 1753 1053 Περὶ
1803 973 1862 1029 δὲ
1912 984 2011 1027 τῶν
2067 973 2116 1025 ἐν

518 1076 724 1150 ἀριθμῷ
751 1077 1038 1130 ποιοτήτων
1076 1075 1296 1145 εἴρηται.

588 1186 655 1236 γ.

519 1260 604 1306 καὶ
653 1257 712 1306 τό
755 1251 956 1310 ἆνισον,
987 1253 1236 1310 ὡσαύτως
1266 1255 1484 1301 καὶτῶν
1530 1247 1580 1299 ἐν
1629 1255 1702 1316 τῷ
1751 1252 1956 1317 στερεῷ,
2013 1251 2112 1295 τῶν

712 1163 1007 1234 Ἓγνωσται
1057 1157 1116 1214 δὲ
1167 1165 1258 1212 καὶ
1311 1167 1480 1212 ποσοῦ
1523 1161 1582 1210 τὸ
1641 1165 1752 1209 ῖσον
1802 1153 2120 1216 εἰς.αύτοὺς

522 1339 822 1415 δέμονοὶδων
861 1345 951 1392 καὶ
1009 1348 1102 1392 τοῦ
1168 1339 1274 1402 ἐνὸς
1330 1344 1555 1399 καὶτῆς
1620 1343 1870 1410 γραμμῆς
1920 1352 1974 1386 τε
2029 1351 2118 1383 και

522 1432 819 1504 ἐπιφανείας
849 1429 1012 1490 οὓτως
1039 1434 1246 1499 γνωστὴ
1299 1431 1330 1487 ἠ
1387 1431 1476 1499 μεν
1535 1427 1694 1493 μονάς
1753 1441 2120 1497 καταχρηστι-

521 1530 624 1581 κῶς
661 1520 864 1590 λέγεται
896 1538 983 1569 και
1018 1520 1087 1572 ἓν.
1120 1517 1272 1570 Ἔστι
1303 1513 1362 1568 δὲ
1414 1519 1604 1588 κυρίως
1671 1514 1832 1585 μονάς
1882 1513 1912 1570 ἡ
1959 1517 2116 1570 νοητή

522 1630 612 1661 χαι
643 1612 785 1668 ἐκτὸς
811 1608 956 1672 ὕλης,
983 1608 1044 1668 ἧς
1072 1602 1238 1666 ούδείς
1263 1605 1323 1656 ἄν
1366 1605 1586 1675 εζετάσῃ
1644 1608 1839 1654 ποσοῦν
1895 1621 1908 1633 ·
1969 1599 2121 1662 ἆῡλος

522 1700 622 1772 γάρ
651 1697 941 1762 οὗσα,πὼς
971 1699 1019 1748 εν
1051 1694 1216 1767 ἐκείνῃ
1274 1692 1435 1746 ποσόν
1484 1710 1498 1759 ;
1550 1698 1709 1763 Χῦμα
1763 1697 1885 1761 γοῦν
1941 1692 2118 1746 νοητόν

525 1789 581 1838 ὲκ
640 1788 834 1845 ταύτης
881 1782 1102 1857 ἀπείρων
1145 1779 1408 1855 μονάδων,
1465 1786 1680 1854 σχέσεις
1739 1774 1797 1832 δὲ
1845 1797 1972 1838 τινες
2026 1797 2117 1829 και

529 1870 836 1945 συνδεσμοί,
889 1872 942 1936 ἐξ
995 1872 1062 1922 ὧν
1114 1874 1173 1924 τό
1235 1868 1576 1944 διωρισμένον
1645 1873 1777 1923 ποσό
1836 1869 2016 1941 εὑρέθη
2074 1884 2126 1918 τε

527 1984 617 2016 χαι
647 1960 932 2035 διώρισται
965 1984 977 1994 ·
1007 1966 1168 2014 ποσόν
1207 1965 1298 2034 μὲν
1364 1966 1412 2014 ἐν
1483 1960 1726 2034 ἀριθμοῖς
1783 1956 2126 2033 διωρισμένον

531 2051 824 2119 συνέϐη,αἱ
884 2057 1100 2123 σχέσεις
1171 2047 1230 2104 δέ
1287 2071 1376 2102 και
1423 2051 1625 2112 ἐνωσεις
1678 2070 1770 2102 και
1807 2051 1856 2100 οἱ
1914 2065 2128 2120 σχημα-

527 2146 893 2213 τισμοίτοῡτο
943 2136 1162 2195 ἔδωκαν.
1227 2141 1539 2214 [εὑρίσκεται
1601 2136 1659 2192 δε
1713 2147 1802 2190 και
1850 2140 1898 2189 έν
1952 2136 2128 2195 αὐτοῖς

527 2231 678 2282 τόῦτο
713 2252 725 2262 ·
753 2233 806 2282 αἱ
878 2233 968 2302 μὲν
1013 2232 1114 2303 γάρ
1170 2228 1424 2287 αἰσθηταί
1468 2225 1686 2300 μονάδες
1733 2226 1882 2279 ἄλλον
1939 2229 2129 2297 ἔχουσι

528 2321 699 2391 λόγον,
731 2319 887 2372 αὗται
920 2318 979 2371 δέ
1007 2319 1155 2371 ἄλλον
1187 2341 1197 2351 ·
1233 2323 1280 2370 έν
1319 2321 1420 2391 γάρ
1453 2325 1567 2379 ταῖς
1599 2317 1877 2377 αἰσθηταῖς
1939 2316 2130 2386 μονάσι

527 2430 619 2461 και
642 2417 756 2470 ταῖς
790 2415 1000 2470 νοηταῖς
1039 2428 1129 2459 και
1158 2413 1400 2459 κοινωνία
1445 2427 1535 2458 και
1596 2402 1844 2479 διαφορά,
1899 2403 1978 2456 ὃτι
2027 2405 2128 2476 γάρ

531 2500 556 2550 6
587 2500 866 2572 τριάκοντα
915 2495 967 2558 ἐξ
1013 2498 1327 2570 τετράγωνος
1358 2494 1574 2567 ἀριθμός
1604 2514 1693 2546 και
1738 2499 1787 2546 έν
1847 2493 1939 2565 ύλς
2003 2495 2130 2545 θεω-

529 2589 772 2660 ρούμενος
813 2589 1023 2657 στερεός
1051 2589 1213 2650 έστιν,
1256 2586 1326 2646 ὡς
1372 2604 1462 2635 και
1509 2589 1558 2636 έν
1610 2588 1681 2656 μὴ
1729 2582 1824 2640 ὕλη
1875 2581 2062 2644 ἀληθές
2115 2601 2128 2614 ο

532 2676 722 2746 ἔχουσι
781 2671 839 2726 δὲ
875 2677 965 2726 καὶ
1021 2675 1070 2725 οἱ
1119 2673 1273 2746 ἄμφω
1330 2693 1420 2725 και
1478 2677 1704 2744 στιγμὴν
1756 2692 1842 2724 κατ
1883 2675 2132 2745 γραμμὴν

505 2892 642 2950 qua:
670 2892 792 2933 non
827 2882 968 2934 sunt
996 2877 1268 2949 ejusdem
1313 2876 1543 2946 formas,
1593 2875 1701 2932 sed
1749 2875 1990 2932 alterius
2040 2875 2068 2929 ‘?
2097 2876 2162 2930 Et

507 2981 861 3038 sycomorca
881 2983 1070 3039 parva
1089 2967 1389 3035 dicuntur,
1414 2967 1675 3039 itemque
1696 2965 1932 3038 palmes
1967 2964 2162 3034 major

507 3055 741 3112 dicitur.
770 3058 964 3122 Quare
995 3056 1209 3113 eodem
1230 3061 1499 3128 tempore
1528 3054 1738 3112 eadem
1789 3069 1883 3110 res
1937 3067 2162 3123 magna

507 3146 616 3202 erit
645 3152 696 3203 et
719 3162 906 3219 parva
929 3152 986 3203 et
1013 3146 1124 3202 sibi
1156 3146 1454 3202 contraria
1483 3145 1635 3218 ipsa,
1683 3144 1850 3217 quod
1889 3159 2034 3199 sane
2056 3142 2160 3198 ﬁe-

507 3235 556 3290 ri
589 3235 754 3291 nullo
784 3236 968 3291 modo
1000 3241 1208 3308 potest.
1239 3237 1379 3300 Quae
1406 3235 1586 3301 igitur
1643 3233 1721 3290 ad
1773 3238 2076 3303 gustatum
2106 3237 2163 3288 et
2193 3223 2236 3280 C

508 3324 711 3380 visum
742 3325 1058 3396 pertinent,
1088 3341 1307 3397 nempe
1345 3324 1622 3390 dulcedo,
1655 3322 1908 3392 salsedo,
1979 3321 2161 3390 calor,

511 3411 718 3481 frigus,
755 3411 994 3484 albedo,
1038 3413 1289 3485 nigredo
1324 3432 1337 3480 ;
1365 3413 1777 3485 itemquequm
1791 3412 1870 3467 ad
1888 3411 2165 3468 auditum

511 3506 568 3556 et
598 3505 820 3556 tactum
851 3501 1170 3572 pertinent,
1233 3518 1515 3574 asperum
1579 3507 1634 3557 et
1690 3501 1853 3568 leve;
1905 3500 2165 3572 denique

511 3606 649 3662 quae
687 3589 766 3644 ad
788 3590 1128 3655 odoratum,
1164 3589 1564 3661 graveolentia
1593 3596 1650 3647 et
1681 3589 2078 3656 beneolentia,
2111 3593 2167 3644 et

512 3679 728 3736 horum
762 3680 1028 3735 omnium
1075 3680 1296 3750 media,
1355 3679 1799 3736 evidentissime
1847 3685 1905 3735 et
1957 3677 2166 3752 procul

513 3769 681 3825 omni
713 3767 900 3824 dubio
939 3768 1258 3841 qualitates
1284 3786 1416 3826 esse
1447 3773 1770 3825 cernuntur
1799 3773 1856 3824 et
1894 3767 2159 3839 judican-

515 3864 628 3912 tur.
664 3858 1180 3931 Consimiliterque
1208 3858 1307 3914 illa
1321 3875 1457 3931 quae
1488 3857 1564 3914 ad
1583 3857 1812 3914 colores
1851 3859 2163 3930 pertinent.

514 3949 701 4002 Nemo
739 3947 898 4002 enim
927 3948 1253 4016 interrogat
1288 3947 1364 4003 de
1399 3947 1513 4003 hoc
1567 3947 1661 4002 vel
1712 3946 1812 4002 illo
1869 3946 2169 4015 triangulo

515 4042 806 4106 quantam
839 4035 1179 4092 albedinem
1209 4037 1396 4108 ipsius
1422 4035 1766 4108 superﬁcies
1792 4035 2012 4090 habeat
2032 4051 2170 4090 cum

515 4124 696 4196 hujus
708 4125 802 4179 vel
814 4125 968 4180 illius
985 4125 1258 4196 trianguli
1276 4126 1587 4198 superﬁcie
1619 4130 1968 4197 comparata
1991 4142 2003 4188 ;
2030 4141 2169 4180 nam

516 4218 813 4284 quantum
842 4214 921 4269 ad
947 4215 1343 4287 quantitatem
1397 4214 1668 4286 pertinet.
1724 4221 1794 4270 At
1827 4230 1964 4269 cum
1989 4213 2170 4284 hujus

520 4301 798 4372 trianguli
825 4303 1202 4374 superﬁciem
1226 4303 1381 4358 illius
1423 4303 1736 4373 superﬁcie
1759 4303 1950 4373 magis
1969 4301 2172 4358 albam

521 4403 648 4442 esse
678 4389 952 4455 dicimus,
976 4391 1091 4446 hoc
1120 4392 1318 4464 ipsum
1353 4396 1444 4446 est
1484 4391 1852 4446 intensionis.
1915 4394 1991 4446 De
2020 4407 2173 4463 qua-

521 4475 682 4532 litate
713 4477 891 4546 igitur
927 4480 1309 4548 interrogatio
1347 4480 1670 4536 instituitur
1727 4481 1870 4553 quia
1920 4479 2172 4535 intensio

522 4570 579 4620 et
608 4566 881 4621 remissio
907 4574 1046 4623 sunt
1072 4568 1399 4640 qualitatis.
1431 4574 1618 4641 Atque
1644 4569 1772 4625 haec
1807 4569 1881 4625 de
1918 4569 2172 4642 qualita-

523 4653 685 4709 tibus
715 4671 851 4725 quas
884 4661 1026 4710 sunt
1051 4657 1109 4711 in
1137 4657 1401 4712 numeris
1424 4657 1584 4713 dicta
1607 4665 1766 4714 sunt.

595 4747 648 4799 3.
674 4743 855 4800 Porro
881 4745 1228 4818 quantitatis
1255 4745 1564 4819 aequalitas
1611 4752 1668 4801 et
1711 4745 2085 4819 inaequalitas
2111 4745 2173 4802 in

523 4831 668 4904 ipsis
693 4833 959 4888 numeris
981 4834 1298 4907 perspicua
1328 4841 1416 4891 est
1450 4853 1462 4890 :
1491 4835 1825 4908 eodemque
1882 4834 2066 4891 modo
2113 4835 2173 4890 in

526 4921 728 4976 solidis
756 4921 1010 4992 alicujus
1041 4924 1306 4979 numeris
1348 4924 1648 4979 Unitatum
1699 4928 1919 4989 autem,
1973 4924 2171 4989 unius,

524 5011 715 5084 linem,
743 5019 800 5069 et
826 5013 1138 5084 superﬁcie
1163 5013 1475 5086 aequalitas
1505 5018 1562 5068 et
1613 5013 1986 5086 inaequalitas
2014 5003 2176 5069 hunc

525 5102 585 5157 in
618 5102 869 5158 modum
903 5103 1189 5173 cognosci
1217 5108 1430 5176 potest.
1460 5106 1544 5158 Ac
1598 5103 1794 5159 unitas
1851 5102 2096 5175 quidem
2121 5109 2179 5159 et

530 5207 716 5246 unum
747 5207 870 5248 non
899 5193 1135 5264 proprie
1161 5199 1530 5264 usurpantur
1552 5196 1614 5247 ut
1637 5192 1798 5248 idem
1821 5192 2172 5261 signiﬁcent.

528 5281 729 5338 Unitas
758 5287 956 5338 autem
991 5282 1230 5354 proprie
1258 5287 1346 5337 est
1364 5281 1481 5347 illa,
1505 5298 1640 5355 quae
1671 5279 1800 5338 sola
1827 5287 2025 5338 mente
2048 5298 2175 5355 per-

526 5371 641 5442 elpi
679 5375 892 5442 potest,
924 5377 1132 5443 estque
1171 5376 1338 5427 extra
1391 5371 1702 5427 materiam
1732 5371 1903 5441 cujus
1938 5371 2177 5443 quanti.-

499 5465 708 5538 .tatem
740 5476 919 5516 nemo
967 5464 1156 5532 possit
1217 5461 1644 5532 pervestigare.
1698 5462 1842 5515 Cum
1889 5461 2047 5516 enim
2108 5461 2179 5518 sit

527 5549 789 5604 materiae
828 5565 1039 5620 expers
1068 5593 1081 5616 ,
1106 5550 1416 5623 quomodo
1437 5549 1718 5621 suscipiet
1737 5551 2130 5622 quantitatem
2151 5552 2178 5607 ?

526 5641 677 5706 Ergo
690 5636 914 5692 ﬂumen
928 5638 1296 5694 inﬁnitarum
1312 5639 1628 5704 unitatum,
1653 5637 1820 5710 quod
1841 5639 1968 5695 sola
1981 5644 2178 5696 mente

525 5724 751 5814 percipi
761 5730 973 5795 potest,
989 5725 1066 5782 ab
1078 5725 1190 5783 hao
1206 5728 1340 5814 ipsa
1351 5742 1637 5800 manans,
1653 5725 1991 5784 habilitates
2012 5745 2177 5800 quae-

2205 4614 2249 4668 Ι)

2014 400 2366 459 ΑΒΒΕΝΒΔ.

3779 403 3874 455 13ἱέ

2276 545 2364 576 και
2391 528 2726 600 ἐπιφάσνειαν
2749 548 2840 579 και
2879 531 3105 599 στερεόν.
3166 530 3351 579 Σκόπει
3395 521 3456 577 δὲ
3513 527 3576 576 τὸ
3623 519 3845 594 διάγομεν

2277 614 2358 666 ὁτι
2388 617 2412 666 6
2473 619 2522 667 ἐν
2575 616 2668 689 ὕλῃ
2727 618 3071 690 θεωρούμενος
3117 635 3207 667 και
3255 614 3608 686 ἀναλυόμενος
3665 615 3734 662 τά
3777 632 3866 684 7;:

2277 705 2392 774 ἔχει
2422 711 2536 765 τοῖς
2555 708 2761 778 μέρεσιν
2795 708 2883 756 ’ἓν
2914 709 3016 779 γάρ
3072 709 3129 757 τό
3181 707 3228 757 εν
3283 704 3569 762 αἰσθητοῖς
3631 703 3664 758 ἡ
3729 721 3866 760 una;

2276 795 2335 844 τὸ
2369 789 2426 845 δε
2457 793 2506 845 ἓν
2538 797 2651 866 ἔχει
2677 796 2742 847 τά
2769 800 2968 867 πέρατα
2995 797 3054 846 τὸ
3088 815 3123 846 α
3152 792 3188 867 β
3215 815 3272 866 γ,
3329 813 3422 844 και
3487 793 3633 864 ὁμοῦ
3697 785 3756 842 δε
3795 797 3872 847 tsi;

2277 886 2458 952 μέρεσι
2481 882 2743 950 συνελθόν,
2771 883 2883 955 ἓχει
2920 883 3069 936 πάλιν
3091 888 3148 936 τὸ
3215 903 3249 934 α
3311 879 3346 954 β
3405 902 3465 952 7,
3520 900 3623 932 και
3680 881 3712 936 ἦ

2279 968 2530 1042 ϐανομένη
2571 975 2757 1024 τούτου
2788 972 2893 1024 οἷον
2918 976 3134 1044 γραμμὴ
3175 970 3292 1042 ἕχει
3322 973 3381 1022 τὸ
3440 990 3478 1021 α
3543 967 3584 1041 β
3633 989 3672 1039 7
3722 973 3767 1020 ἐν
3799 968 3874 1022 τςῖς

2281 1055 2638 1132 διωρισμένως
2665 1065 2911 1132 κειμένοις
2934 1080 3172 1133 σημειοις
3202 1061 3388 1129 αὑτῆς,
3432 1078 3536 1110 και
3596 1059 3632 1115 ἡ
3705 1059 3876 1108 τεθεῖσι

2280 1150 2550 1220 έπιφανεια
2569 1152 2654 1201 τὸν
2683 1151 2838 1201 αὑτὸν
2885 1154 3074 1222 ⁴ι’ρότιόν
3137 1153 3200 1201 έπ
3263 1154 3346 1201 επί
3407 1149 3637 1200 έκάστὼ

2281 1234 2394 1308 ἔχει
2424 1241 2481 1288 τό
2513 1235 2602 1310 αβ
2633 1259 2688 1309 γ,
2715 1259 2806 1290 χαι
2844 1237 2958 1291 ὤιον
2983 1243 3041 1290 τό
3071 1242 3272 1310 στερεόν
3311 1237 3428 1308 ἔχει
3469 1243 3538 1304 τό
3605 1255 3645 1286 α
3704 1233 3742 1307 β
3797 1233 3828 1304 ’7
3870 1255 3876 1263 ·

2282 1322 2464 1385 ἐπειδὴ
2495 1331 2595 1400 γὰρ
2627 1326 2674 1379 ἐν
2711 1327 2805 1400 ὕλη
2839 1330 3091 1400 μονὰς,ἓν
3136 1332 3295 1399 ἐστιν,
3353 1329 3421 1387 ὡς
3469 1345 3576 1377 και
3630 1327 3782 1378 Θέων
3819 1345 3880 1374 u:

2284 1414 2496 1467 Πλάτων
2562 1437 2651 1468 και
2697 1418 3008 1490 Πυθαγόρας
3066 1415 3255 1489 βοῶσι.
3311 1423 3380 1469 To
3445 1410 3510 1468 δὶ
3572 1418 3626 1466 ἓν
3685 1413 3801 1485 ἔχει
3847 1433 3882 1463 τη

2283 1524 2316 1555 α
2347 1501 2383 1576 β
2413 1525 2446 1576 γ
2479 1507 2606 1557 εἰναι
2636 1505 2756 1575 ὕλη⁹
2791 1505 2894 1580 ἄρα
2935 1526 3089 1580 μονοις
3153 1506 3268 1578 ἔχει
3314 1511 3372 1558 τό
3435 1525 3470 1556 α
3527 1502 3569 1576 β
3632 1524 3701 1574 7,
3756 1510 3887 1554 τῖλτι

2287 1588 2346 1645 δε
2370 1604 2556 1666 καιτῷ
2584 1604 2792 1670 στερεῷ,
2848 1616 2937 1648 και
2995 1605 3056 1669 τῇ
3117 1599 3406 1668 έπιφανείᾳ,
3475 1614 3580 1646 χαι
3629 1600 3699 1664 τῇ
3751 1613 3886 1665 79:;-

2283 1690 2497 1755 μῇνκαι
2547 1693 2618 1756 τῷ
2678 1689 2876 1758 σημείῳ
2927 1686 3078 1738 κοινά
3132 1707 3144 1719 ο
3203 1681 3326 1737 οὐδὲ
3383 1685 3489 1758 γάρ
3553 1684 3697 1756 ὑπὲρ
3757 1691 3886 1732 frit:

2286 1769 2402 1825 οὐδ’
2437 1775 2537 1826 ὑπό
2583 1783 2767 1842 ταῦτα,
2827 1777 2975 1851 ἔτερα
3028 1780 3229 1851 πέρατα
3271 1773 3365 1826 κᾶν
3426 1778 3564 1826 ὅσον
3621 1774 3737 1825 οἶόν
3793 1771 3884 1824 τεξ

2287 1881 2345 1913 το
2375 1868 2566 1933 ποσὴν,
2593 1871 2651 1916 τό
2674 1861 2724 1918 δ’
2745 1864 2865 1917 ἄλλο
2896 1867 3084 1918 τούτου
3116 1886 3129 1898 ·

2290 1947 2410 2025 ἆτερ
2436 1961 2528 2004 τοῦ
2555 1959 2603 2005 ἐν
2633 1960 2836 2026 μορίοις
2890 1962 3000 2017 τοῖς
3045 1953 3349 2025 ελαχίστοις
3402 1949 3714 2024 διαφόρου.
3789 1951 3890 2003 illa-

2289 2059 2379 2102 τος
2401 2042 2501 2116 ’γάρ
2529 2061 2618 2094 και
2662 2051 2831 2116 μῆκος
2877 2063 2966 2094 και
3026 2041 3191 2116 βάθος
3241 2062 3332 2094 και
3387 2045 3629 2114 γραμμὴ
3679 2061 3774 2092 και

2292 2131 2490 2201 φάνεια,
2515 2151 2662 2184 κοινα
2691 2140 2753 2205 τῇ
2790 2134 3082 2203 ὁμοιότητι.
3114 2131 3267 2194 Τάξει
3290 2127 3349 2183 δὲ
3385 2131 3531 2188 πλὴν
3567 2151 3669 2182 και
3727 2134 3889 2186 νοήσει

2291 2217 2402 2271 οὗθ’
2435 2220 2528 2278 ὕλη
2563 2217 2643 2289 δὲ,
2669 2220 2773 2272 ἀλλ’
2807 2217 2928 2274 αὑδ³
2960 2219 3116 2273 ἁῦλία
3143 2243 3156 2254 ·
3199 2225 3258 2274 τό
3425 2221 3536 2294 γάρ
3611 2219 3811 2282 ἔνυλον,
3859 2237 3890 2266 7'.

3179 1863 3351 1936 ἐκείνῳ
3405 1865 3474 1915 τοὶ
3534 1865 3727 1915 πάντα
3778 1881 3888 1912 xm:

2295 2303 2353 2360 δὲ
2382 2308 2558 2378 ἄυλον,
2591 2316 2793 2382 σημείῳ
2825 2307 2884 2363 δε
2915 2311 2974 2363 οὐ
3003 2314 3148 2369 κοινὴ
3180 2311 3210 2369 ἡ
3244 2310 3491 2381 ὁμοιότης
3536 2308 3728 2360 αὐτῶν
3779 2329 3791 2340 ο

2291 2399 2382 2468 μὲν
2407 2399 2508 2471 γάρ
2537 2397 2642 2461 ἑνός
2669 2403 2728 2450 τό
2761 2406 2974 2472 σημεῖον
2999 2402 3069 2461 ὡς
3097 2399 3146 2451 ἓν
3177 2397 3290 2470 ἔχει
3319 2401 3378 2450 τό
3407 2417 3444 2448 α
3501 2393 3544 2469 β
3575 2418 3614 2468 γ
3673 2418 3688 2430 ·

2292 2489 2393 2561 γάρ
2422 2492 2479 2539 τό
2507 2485 2555 2540 ἓν
2589 2509 2601 2520 ο
2635 2491 2693 2540 τὸ
2747 2483 2808 2541 δέ
2872 2486 3150 2560 ἀσώματον
3209 2491 3260 2539 ό⁸ν
3321 2482 3671 2538 ἀδιάστατον
3731 2487 3893 2539 mrum

2293 2579 2451 2650 μονάς
2475 2572 2509 2629 δ
2512 2581 2533 2629 ε
2561 2584 2714 2629 τοῦτο
2747 2599 2761 2611 ·
2789 2577 2903 2630 οὒτε
2925 2579 3026 2650 γάρ
3051 2585 3111 2650 τῇ
3143 2579 3330 2648 σχέσει
3358 2576 3447 2628 ὅτε
3479 2575 3545 2627 οὐ
3582 2578 3688 2626 σὺν
3756 2573 3892 2630 ἄλλοις

2295 2663 2748 2742 ἀπαριθμεῖταιτό
2783 2687 2817 2718 α
2857 2664 2955 2739 βγ
2986 2669 3120 2739 ἔχει,
3173 2668 3290 2718 οὔτε
3343 2668 3414 2728 ὡς
3473 2671 3580 2717 τοῦ
3645 2664 3817 2738 ἑτέρον
3853 2681 3892 2713 τε

3753 2396 3890 2447 ivlus:

2268 2877 2412 2935 dam
2443 2883 2649 2936 suntet
2667 2879 3078 2952 copulationes
3093 2877 3398 2952 exquibus
3419 2877 3711 2934 discreta
3757 2890 3904 2949 quan-

2269 2968 2404 3024 titas
2437 2975 2607 3026 eruta
2636 2974 2726 3024 est
2773 2975 2831 3025 et
2885 2984 3171 3042 expressa
3227 2985 3241 3023 :
3314 2983 3462 3023 nam
3536 2967 3902 3040 quantitates

2270 3057 2589 3114 discretam
2622 3056 2684 3112 in
2712 3057 2978 3114 numeris
2990 3056 3129 3114 inde
3150 3054 3474 3124 habemus,
3505 3071 3714 3128 quam
3739 3053 3904 3110 habili-

2269 3151 2440 3213 tates,
2475 3145 2885 3220 copulationes
2942 3151 2999 3203 et
3034 3145 3426 3218 ﬁgurationes
3494 3153 3902 3218 prOpagai-unt.

2273 3237 2336 3290 ln
2374 3235 2468 3291 his
2506 3235 2666 3291 enim
2689 3233 2946 3291 discreta
2983 3234 3286 3307 quantitas
3323 3232 3661 3304 reperitur.
3687 3231 3904 3287 Unitates

2271 3323 2429 3380 enim
2471 3340 2608 3397 quae
2639 3323 2752 3380 sub
2791 3339 3036 3379 sensum
3075 3321 3491 3379 caduntaliam
3513 3321 3761 3379 habent
3779 3319 3900 3375 rati-3

2271 3427 2431 3468 nem.
2475 3416 2572 3469 Hae
2609 3429 2750 3469 vero
2773 3412 3028 3469 unitates
3065 3429 3201 3485 quae
3221 3411 3349 3468 sola
3364 3415 3578 3467 mente
3609 3410 3903 3484 percipiun-

2275 3507 2387 3571 tur,
2421 3501 2600 3558 aliam
2633 3517 2877 3576 quoque
2907 3499 3133 3558 habent
3159 3501 3453 3557 rationem
3501 3518 3516 3567 ;
3545 3516 3712 3556 nam
3743 3500 3795 3556 in
3814 3498 3902 3551 um-

2272 3589 2492 3646 tatibus
2506 3595 2626 3646 tam
2640 3607 2777 3663 quae
2791 3589 2906 3646 sub
2921 3605 3164 3646 sensum
3183 3589 3407 3645 cadunt
3418 3604 3624 3661 quam
3656 3604 3791 3660 qua:
3822 3585 3901 3638 sub

2273 3678 2635 3736 intellectum
2657 3685 2749 3736 est
2767 3680 3097 3736 communio
3110 3677 3536 3735 etdiﬂ'erentia.
3556 3679 3776 3734 Verum
3797 3675 3898 3730 eui:

2274 3775 2362 3826 est
2387 3769 2624 3840 triginta
2662 3786 2783 3836 sex,
2821 3770 3187 3843 quadratum
3218 3784 3572 3834 numerum,
3612 3766 3902 3824 sivemate

2274 3858 2364 3914 ria
2393 3857 2802 3914 consideretur
2823 3858 2946 3914 sive
2968 3864 3135 3914 extra
3157 3856 3497 3920 materiam,
3517 3873 3669 3912 esse
3696 3853 3906 3912 solidum

2277 3963 2618 4002 numerum.
2653 3948 2846 4020 Atque
2877 3947 3061 4003 ambo
3096 3945 3316 4003 habent
3332 3950 3669 4017 punctum,
3710 3944 3907 4000 lineam.

2279 4035 2658 4108 superﬁciem
2671 4042 2727 4091 et
2737 4035 3115 4092 soliditatem.
3126 4034 3237 4091 Sed
3261 4033 3584 4090 considera
3597 4033 3667 4088 di
3675 4033 3910 4089 scrimes.

2281 4123 2451 4190 Quod
2499 4124 2782 4180 nimirum
2824 4124 2917 4180 ille
2982 4122 3316 4196 quadratus
3375 4137 3710 4191 numerus,
3752 4121 3844 4193 qui
3877 4118 3910 4168 ξ

2281 4213 2530 4269 materia
2569 4211 2985 4269 consideratur
3022 4218 3078 4268 et
3102 4213 3160 4268 in
3194 4212 3508 4268 materiam
3571 4209 3908 4266 diSSOlVliLL'.

2281 4302 2392 4358 tria
2429 4302 2649 4358 habeat
2678 4301 2987 4357 intervalla
3041 4318 3180 4358 cum
3238 4300 3513 4374 partibus
3576 4297 3908 4354 materiatis.

2282 4407 2425 4446 nam
2468 4391 2664 4446 unitas
2689 4397 2780 4446 est
2811 4407 3000 4446 unum
3035 4397 3378 4447 concretum
3412 4391 3733 4460 quatenus
3756 4386 3911 4441 unitas

2280 4480 2342 4534 in
2380 4479 2558 4536 rebus
2609 4480 2725 4536 sub
2783 4495 3028 4535 sensum
3095 4475 3447 4534 cadentibus
3502 4477 3898 4532 consideratur

2281 4577 2457 4625 Porro
2488 4585 2676 4624 unum
2704 4567 2886 4625 habet
2914 4571 3032 4624 tres
3064 4567 3349 4623 terminos
3378 4582 3482 4622 seu
3519 4570 3646 4620 tres
3688 4565 3837 4620 ﬁnes
3875 4576 3908 4614 ε.

2283 4659 2336 4727 b,
2351 4675 2410 4729 c;
2431 4664 2608 4731 atque
2621 4658 2730 4714 hoc
2744 4673 2932 4713 unum
2946 4674 3083 4713 cum
3098 4655 3368 4728 partibus
3379 4653 3908 4725 concretum,habei

2279 4764 2487 4803 rursus
2499 4765 2534 4802 a
2563 4747 2596 4802 ὁ
2610 4763 2658 4804 c.
2677 4749 2742 4802 Et
2753 4746 2936 4818 hujus
2952 4747 3126 4802 unius
3141 4744 3396 4800 concreti
3411 4747 3657 4814 sumpta
3671 4740 3908 4815 quaehis:

2279 4837 2438 4893 linea
2466 4836 2649 4892 habet
2671 4851 2728 4906 α,
2755 4836 2808 4903 b,
2841 4851 2892 4902 ο,
2933 4835 3115 4908 idque
3136 4834 3196 4890 in
3219 4831 3454 4907 punctis
3487 4831 3644 4904 ipsis
3674 4832 3906 4887 distinct“

2281 4925 2510 4998 positis.
2538 4927 2604 4981 Et
2632 4925 2831 4997 posita
2860 4922 3208 4996 superﬁcies
3239 4920 3450 4978 eodem
3482 4919 3684 4977 modo
3717 4921 3776 4977 in
3801 4931 3910 4972 unfr-

2281 5031 2525 5088 quoque
2559 5019 2780 5087 puncto
2824 5011 3006 5069 habet
3057 5028 3117 5082 a,
3185 5011 3240 5079 ὁ,
3285 5027 3316 5068 c
3348 5030 3361 5079 ;
3390 5013 3445 5066 et
3505 5013 3716 5066 totum
3779 5007 3910 5063 deni-

2283 5119 2401 5176 que
2431 5101 2690 5159 solidum
2717 5101 2901 5160 habet
2930 5117 2986 5169 a,
3021 5101 3077 5172 ὁ,
3104 5119 3155 5158 c.
3185 5100 3483 5168 Quoniam
3516 5104 3730 5154 autem
3755 5097 3911 5153 unitas

2285 5194 2454 5250 estin
2484 5193 2750 5260 materia,
2785 5209 2975 5249 unum
3013 5198 3102 5248 est
3151 5195 3522 5250 concretum.
3586 5193 3665 5244 ut
3727 5189 3905 5245 Theon.

2284 5281 2470 5351 Plato,
2497 5287 2550 5338 et
2591 5281 2960 5355 Pythagoras
2989 5281 3145 5338 clare
3183 5279 3419 5336 docent.
3475 5277 3689 5334 Unum
3749 5283 3906 5332 autem

2283 5372 2430 5444 quia
2469 5377 2557 5428 est
2584 5371 2964 5427 materiatum
3016 5368 3198 5426 habet
3233 5384 3292 5433 a,
3321 5367 3373 5438 ὁ,
3399 5383 3465 5434 ι·;
3536 5368 3753 5422 unitas
3804 5375 3902 5428 erg:

2284 5467 2562 5520 concreta
2599 5460 2782 5517 habet
2805 5460 2985 5516 etiam
3024 5475 3082 5529 α,
3111 5459 3166 5524 6,
3193 5471 3273 5528 c;
3348 5462 3528 5528 atque
3579 5455 3725 5511 base
3777 5448 3906 5509 sebi

2287 5549 2620 5622 superﬁcie,
2651 5547 2840 5615 linere,
2873 5548 3297 5619 etpunctisunt
3317 5545 3694 5600 communia.
3749 5546 3905 5610 Neque

2283 5638 2444 5703 enim
2485 5654 2668 5711 supra
2692 5643 2796 5694 aut
2825 5637 2977 5693 infra
3005 5640 3144 5692 sunt
3170 5634 3267 5691 alii
3297 5633 3557 5701 termini,
3631 5649 3744 5689 seu
3773 5632 3904 5686 ﬁnes.

2281 5731 2824 5808 quantumcunque
2834 5731 2889 5783 et
2901 5724 3319 5801 qualecunque
3342 5723 3634 5796 sitipsum
3645 5725 3906 5797 quantum
