3932 6326
22 380 153 434 333

918 357 1278 429 resonam
1318 373 1365 426 11
1401 368 1539 423 1MP.
1581 365 1669 418 DE
1710 362 2166 425 COMMUNIONE
2202 372 2591 432 NATURALI.

3329 391 3466 445 1334

9 523 37 553 ν
74 504 147 554 τὸ
216 520 261 554 α
314 497 353 572 β
402 520 436 570 7
499 500 550 551 ἓν
592 495 707 550 ἐστι
760 499 976 550 τούτων·
1036 495 1190 549 ἄῦλον
1240 496 1364 570 γάρ·
1425 493 1560 543 ὥστε
1605 492 1695 541 καὶ
1724 493 1898 546 Ατων
1928 491 2042 544 κατ’
2121 494 2313 548 ἄνεσιν
2368 502 2516 553 κοινὰ
2554 503 2655 576 γὰρ
2704 506 2770 555 τὰ
2819 509 3038 580 πέρατα,
3096 507 3339 574 ἐπίτασις
3404 510 3471 569 δί

9 612 36 641 ν
119 589 392 664 ἀριθμοῖς
452 584 544 640 διὰ
588 606 740 639 τουτο
790 590 887 659 μία
968 587 997 646 ἡ
1064 590 1312 661 στέρησις
1373 589 1465 635 τοῦ
1518 599 1552 631 α
1599 577 1693 651 βγ

12 688 95 743 ἧς
142 685 378 753 πρώτης
438 672 668 750 μονάδος
718 672 811 728 διὰ
860 679 920 728 τὸ
979 675 1132 727 ἄυλον
1275 670 1399 726 οὐδὲ
1454 669 1694 728 ἐπίτασις

9 770 304 839 πινοηθῇ,
341 762 468 819 οὐδὲ
518 767 715 832 ἄνεσις,
770 769 1078 837 πανταχόσε
1132 760 1191 816 δὲ
1243 763 1391 814 κοινά
1440 761 1506 812 τὰ
1535 755 1691 830 αβγ

9 858 128 926 ἰσὶ,
208 856 317 909 κᾶν
366 875 422 909 τε
477 855 528 908 ἓν
579 854 700 927 ὕλῃ,
750 856 845 908 κᾶν
887 873 944 908 τε
989 852 1038 905 ἐν
1097 852 1270 925 ἀὺλίᾳ,
1330 847 1581 922 δέχονται
1635 841 1693 897 δὲ

10 953 84 1000 αἱ
117 946 277 999 αὐτά
307 945 368 998 οὐ
425 946 561 997 κατὰ
607 947 769 998 ποσὸν
824 949 918 1001 τὴν
973 942 1213 994 ἐπίτασιν
1266 941 1295 999 ἡ
1352 943 1445 998 τήν
1499 936 1691 997 ἄνεσιν,

10 1037 129 1090 λλά
150 1038 309 1089 κοιτά
336 1038 398 1088 τὸ
458 1037 629 1104 ποιὸν,
661 1037 729 1097 ὡς
770 1038 860 1086 καὶ
910 1036 1045 1085 κατὰ
1090 1036 1149 1085 τὸ
1196 1034 1358 1085 ποσόν
1409 1031 1467 1081 τὸ
1516 1025 1693 1078 ἄνισον

10 1132 85 1180 αἱ
118 1131 187 1180 τὸ
216 1127 368 1195 ἴσον,
423 1120 510 1178 διὸ
565 1132 658 1177 τοῦ
706 1130 796 1197 μὲν
844 1121 892 1175 ἓν
955 1123 1048 1196 ὕλῃ
1101 1121 1393 1196 ἀριθμητοῡ
1433 1119 1541 1180 ἐνὸς
1604 1120 1694 1169 καὶ

9 1240 13 1271 υ
95 1219 367 1279 σύνθεσις
442 1220 534 1267 καὶ
585 1216 615 1273 ἠ
672 1211 933 1289 διαίρεσις
989 1218 1080 1265 καὶ
1128 1214 1153 1264 ὁ
1199 1209 1696 1280 πολλαπλασιασμὸς

9 1310 92 1357 ιαὶ
153 1303 334 1357 τᾶλλα
383 1299 667 1374 ἰδιώματα,
727 1301 787 1353 οὐ
850 1304 909 1353 τὸ
979 1303 1028 1354 ἓν
1078 1307 1170 1360 τῆς
1221 1298 1350 1360 ὕλης
1397 1294 1691 1368 ἀποστερεῖ.

9 1400 188 1446 Οπου
225 1388 281 1445 δ’
315 1391 438 1462 ὕλη,
496 1390 603 1443 ἐκεῖ
645 1394 733 1442 καὶ
782 1394 841 1443 τό
897 1410 931 1442 α
995 1387 1031 1462 β
1072 1410 1123 1461 γ,
1167 1387 1261 1440 κᾶν
1317 1385 1364 1438 ἒν
1433 1384 1553 1457 ὅλῳ,
1599 1381 1694 1434 κᾶν

10 1505 49 1535 ν
126 1487 330 1556 μορίῳ,
390 1490 451 1541 τῆ
514 1476 573 1533 δὲ
620 1486 749 1552 μόνη
809 1475 1002 1552 μονάδι
1050 1478 1144 1530 οὐκ
1187 1479 1295 1529 ἔστι
1355 1478 1413 1527 τὸ
1462 1494 1496 1525 α
1552 1471 1587 1546 β
1636 1493 1690 1544 γ.

9 1574 176 1626 Επάν
244 1568 308 1624 δὲ
384 1574 511 1644 πρός
604 1564 974 1641 συνδυασμοὺς
1034 1572 1125 1618 καὶ
1171 1567 1438 1625 συνθέσεις
1487 1568 1694 1619 κεκινῆ-

9 1664 143 1715 τθαι
190 1669 384 1719 νοῆται
427 1664 487 1712 τὸ
538 1659 607 1728 ἓν,
667 1666 741 1729 τῷ
809 1657 1103 1710 συνελθόντι
1149 1655 1354 1727 πάσχει
1416 1655 1505 1704 καὶ
1566 1650 1694 1708 αὐτὴ

9 1756 277 1825 τχήματι
328 1750 517 1821 πάθος,
599 1752 658 1801 τό
713 1748 1017 1821 μετρεῖσθαι
1084 1753 1254 1814 ποσῷ,
1317 1748 1407 1796 καὶ
1462 1743 1695 1794 νοεῖσθαι

9 1848 176 1910 ποιῷ.
208 1837 384 1890 Ὠστε
409 1839 527 1889 οὔτε
563 1835 611 1887 ἐν
668 1843 856 1905 νοητῷ,
918 1832 1143 1906 ἀριθμῷ,
1204 1835 1318 1884 οὔτε
1359 1829 1408 1882 ἐν
1458 1829 1695 1899 αἰσθητῷ

9 1937 79 2000 τῷ
144 1934 307 1996 ποσῷ
378 1925 620 1985 ἐπίτασις
689 1922 965 1996 συμϐαίνει
1044 1925 1135 1974 καὶ
1193 1919 1387 1985 ἄνεσις,
1445 1916 1573 1969 ἀλλά
1620 1924 1693 1986 τῷ

9 2024 168 2088 τοιῷ·
203 2012 393 2074 ἐπειδή
445 2019 535 2068 καὶ
625 2015 826 2086 θατεροι
890 2014 990 2064 ὑπὸ
1032 2018 1133 2063 τῶν
1187 2031 1221 2062 α
1266 2007 1302 2082 β
1359 2029 1393 2079 γ
1440 2013 1695 2081 περατοῦν

9 2125 99 2159 ται
161 2106 431 2180 περάτων,
489 2102 584 2156 κᾶν
659 2102 710 2155 ἐν
768 2101 924 2163 ὅλοις,
1002 2099 1095 2152 κᾶν
1148 2098 1198 2150 ἓν
1285 2101 1511 2170 μορίοις,
1575 2095 1695 2168 ἆτιρ

9 2203 110 2256 τῆς
165 2212 389 2269 πρωτης
434 2195 522 2245 καὶ
567 2187 892 2244 ἀδιαστάτου
973 2185 1220 2262 μονάδος.
1278 2185 1357 2241 Ἐν
1413 2187 1515 2257 ’γὰρ
1580 2190 1696 2246 τοῖς

9 2290 225 2345 νοητοῖς
255 2282 502 2357 ἀριθμοῖς
541 2287 630 2335 καὶ
658 2301 695 2335 α
722 2285 815 2334 καὶ
873 2278 907 2353 β
963 2285 1055 2332 καὶ
1110 2300 1165 2350 γ,
1222 2281 1280 2330 τὸ
1340 2272 1392 2329 δ’
1419 2275 1546 2328 αὐτό
1605 2278 1696 2326 καὶ

9 2381 129 2435 τοῖς
167 2373 451 2435 αἰσθητοῖς
499 2371 619 2447 ἆτερ
667 2378 761 2431 τῆς
817 2365 1146 2422 ἀδιαστάτου
1202 2368 1402 2427 ταύτης
1444 2359 1696 2437 μονάδος,

9 2461 114 2515 ιιᾶν
138 2463 169 2515 ὀ
196 2463 295 2534 μὲν
342 2468 443 2513 τῶν
491 2461 620 2514 ἴσων
679 2457 859 2521 ἄνισος
918 2457 1026 2511 κοτ’
1078 2454 1339 2526 ἐπίτασιν,
1392 2454 1420 2506 ὀ
1462 2448 1522 2506 δὲ
1574 2454 1696 2507 τού-

9 2753 219 2821 Atque
232 2746 336 2804 alii
350 2761 597 2819 quoque
610 2743 801 2801 solido
814 2742 1017 2800 abhoc
1037 2741 1138 2798 illa
1152 2741 1359 2797 omnia
1373 2742 1690 2794 sunt-com-

9 2837 239 2894 munia
252 2839 504 2908 excepto
516 2836 577 2890 in
589 2832 863 2906 partibus
880 2830 1145 2887 minimis
1156 2827 1499 2887 discrimine
1515 2844 1528 2894 ;
1543 2841 1689 2881 nam

9 2924 300 2990 latitudo,
326 2921 662 2993 longitudo,
717 2918 992 2985 altitudo,
1046 2918 1309 2984 linea,et
1346 2913 1691 2987 superﬁcies

9 3019 168 3072 sunt
213 3011 601 3069 similitudine
659 3024 1033 3066 communes.
1089 3006 1204 3063 Sed
1231 3006 1280 3062 si
1337 3003 1610 3061 ordinem
1636 3007 1693 3058 et

10 3101 489 3160 intellectionem
534 3104 790 3172 spectes,
812 3112 1008 3170 neque
1038 3094 1364 3152 materiatae
1391 3098 1548 3159 sunt,
1581 3106 1690 3146 ne-

10 3208 149 3265 que
194 3205 439 3263 prorsus
488 3186 757 3244 materiei
809 3190 1103 3258 expertes.
1166 3186 1286 3239 Hoc
1312 3182 1472 3238 enim
1503 3195 1692 3236 unum

17 3286 123 3339 est
151 3279 551 3344 materiatum,
602 3275 749 3333 illud
769 3291 910 3332 vero
948 3274 1215 3330 materiae
1254 3287 1485 3344 expers.
1511 3272 1580 3324 At
1608 3268 1695 3323 in-

15 3375 257 3445 puncto
306 3369 576 3440 ipsorum
628 3381 754 3422 non
806 3370 894 3420 est
944 3361 1287 3419 communis
1341 3357 1688 3416 similitudo.

21 3464 186 3519 Nam
212 3475 285 3515 ex
309 3456 546 3530 punctis
575 3455 679 3512 illa
706 3470 845 3528 quas
873 3459 1014 3509 sunt
1041 3451 1220 3508 unius
1278 3448 1595 3513 materiati,
1630 3451 1696 3502 ut

18 3564 227 3606 unum
252 3546 479 3603 habent
511 3560 570 3612 α,
603 3545 657 3611 b,
686 3560 741 3613 c,
770 3558 961 3598 unum
982 3541 1145 3597 enim
1171 3544 1259 3595 est
1290 3537 1691 3594 materiatum.

23 3635 212 3704 Quod
230 3650 369 3693 vero
393 3638 484 3691 est
521 3632 790 3690 materiei
845 3646 1059 3703 expers
1100 3644 1222 3685 non
1252 3627 1501 3684 omnino
1535 3629 1697 3681 caret

22 3723 379 3783 intervallis.
412 3725 535 3779 Hoc
557 3725 762 3779 autem
790 3724 879 3776 est
906 3719 1106 3775 unitas
1143 3734 1156 3772 :
1182 3732 1379 3789 neque
1409 3715 1568 3771 enim
1589 3728 1697 3786 per

13 3814 397 3873 habilitatem
413 3811 593 3869 habet
612 3825 671 3877 a,
701 3811 754 3866 b.
789 3825 844 3873 ι’,
874 3815 978 3864 aut
1007 3808 1111 3873 ita,
1159 3811 1223 3862 ut
1269 3804 1519 3878 quando
1552 3817 1693 3859 cum

19 3903 166 3963 aliis
181 3900 524 3959 numeratur
570 3898 759 3956 habet
790 3913 849 3966 α,
875 3898 908 3953 b
934 3913 988 3955 ο,
1021 3898 1225 3968 Neque
1283 3894 1345 3949 in
1376 3893 1471 3949 his
1510 3896 1694 3947 mate-

24 3991 144 4050 riei
164 3989 499 4063 expertibus
552 3988 633 4045 ita
683 4002 876 4043 unum
921 3992 1032 4053 est,
1093 3991 1159 4040 ut
1238 3982 1388 4038 illud
1416 3979 1580 4053 quod
1609 3983 1699 4034 est

32 4080 279 4139 alterius
309 4094 517 4135 unum.
554 4078 750 4144 Quare
800 4076 864 4131 in
914 4073 1182 4130 numeris
1239 4072 1377 4128 ideo
1440 4068 1697 4143 privatio

37 4168 235 4242 ipsius
257 4186 312 4237 a,
335 4168 388 4238 b,
419 4183 473 4230 ο,
507 4165 804 4222 duntaxat
830 4168 919 4219 est
969 4162 1183 4235 prima;
1241 4159 1484 4216 unitatis
1518 4157 1701 4230 :quia

34 4261 176 4317 haec
198 4256 386 4312 unitas
421 4253 688 4310 materiei
741 4266 956 4324 expers
1026 4254 1130 4305 est.
1185 4251 1243 4303 In
1300 4263 1426 4319 qua
1452 4246 1700 4319 quidem

43 4345 269 4403 unitate
299 4341 550 4416 simplici
566 4356 762 4413 neque
782 4339 1038 4395 intensio
1062 4351 1259 4408 neque
1280 4334 1551 4391 remissio
1565 4348 1703 4405 pos-

46 4435 134 4491 sit
158 4433 401 4505 concipi.
423 4434 850 4487 Verumtamen
872 4441 1239 4499 quocunque
1266 4430 1319 4479 te
1339 4429 1551 4491 vertas,
1580 4422 1705 4477 sive

51 4521 126 4579 in
146 4521 378 4578 materia
408 4520 532 4575 sive
571 4524 736 4574 extra
789 4516 1124 4585 materiam,
1182 4511 1529 4569 communia
1566 4516 1707 4566 sunt

53 4629 102 4671 a
135 4599 167 4667 ib
186 4626 231 4676 ς,
254 4616 427 4682 atque
480 4607 885 4664 intensionem
931 4609 989 4660 et
1038 4601 1458 4658 remissionem
1510 4599 1703 4655 susci-

57 4701 228 4775 piunt
248 4713 365 4755 non
386 4713 459 4754 ex
488 4696 843 4769 quantitate,
869 4692 973 4750 sed
1003 4710 1074 4750 ex
1095 4690 1400 4764 qualitate,
1432 4695 1497 4745 ut
1525 4689 1701 4745 etiam

58 4806 143 4847 ex
157 4786 470 4861 quantitate
483 4784 716 4857 aequale
733 4789 791 4839 et
803 4781 1098 4854 inaequale
1117 4779 1467 4851 suscipiunt.
1484 4780 1528 4844 Q
1538 4794 1677 4835 nam
1687 4808 1706 4818 -

61 4877 262 4938 obrem
302 4874 676 4949 compositio,
730 4871 947 4929 divisio
1012 4875 1071 4927 et
1121 4869 1255 4927 aliae
1305 4868 1706 4940 proprietates

63 4967 238 5026 unius
261 4967 318 5023 in
341 4963 595 5023 materia
620 4960 1038 5028 numerabilis,
1077 4959 1278 5032 ipsum
1299 4973 1491 5013 unum
1511 4961 1706 5013 mate-

1799 578 1925 683 πρός
1975 581 2361 660 ἀρτιοπεριττον
2442 590 2859 665 ἀρτιοπερίττου,
2924 600 3015 648 καὶ
3076 602 3210 673 πρὸς
3254 620 3463 675 περιττ-

1801 689 1975 742 αρτιον
2034 683 2418 749 περιτταρτίου.
2478 684 2569 731 καὶ
2637 685 2766 755 πρὸς
2841 683 3017 755 ἄρτιον
3093 685 3299 759 ἀρτίου,
3370 696 3463 746 καὶ

1799 763 1926 834 πρὸς
2004 761 2279 818 ἀσύνθετον
2340 765 2645 837 ἀσυνθέτου,
2716 776 2806 824 καὶ
2873 776 3012 827 κατά
3079 781 3198 838 τοὺς
3258 777 3462 843 ἄλλους.

1799 857 1963 903 Τοῦτο
1999 847 2058 904 δὲ
2108 853 2166 905 οὐ
2218 850 2531 925 ποσότητος,
2592 857 2719 913 ἀλλὰ
2776 865 3073 926 ποιότητος.
3135 871 3236 922 Καὶ
3287 877 3465 925 ταῦτα

1801 942 1889 1011 μὲν
1940 936 2026 993 οὖν
2078 941 2190 995 ἐστι
2227 953 2326 995 τῶν
2381 944 2635 1020 ἀριθμῶν,
2701 957 2802 1001 τῶν
2853 970 2909 1005 τε
2962 952 3012 1005 ἐν
3085 950 3178 1028 ὖλῃ
3227 962 3315 1010 καὶ
3366 958 3462 1013 ἀύ-

1800 1029 1904 1102 λίᾳ,
1962 1039 2212 1104 γραμμῆς
2276 1030 2335 1087 δὲ
2387 1040 2478 1088 καὶ
2538 1035 2830 1108 ἐπιφανείας
2884 1049 3069 1098 ταῦτα.
3114 1042 3173 1098 Ἦ
3368 1048 3464 1102 οὖν

1799 1124 2014 1193 γραμμὴ
2090 1122 2264 1183 οἰνισος
2326 1132 2390 1182 τῆ
2458 1123 2725 1199 ἐπιφανείᾳ
2816 1133 2952 1183 κατὰ
3059 1137 3242 1203 ποσὸν,
3327 1139 3476 1200 ἄλλη.

1803 1204 1862 1261 δὲ
1959 1214 2047 1261 καὶ
2137 1209 2333 1266 ἀλλοία·
2399 1212 2730 1268 ἀπολείπεται
2814 1220 2916 1292 γὰρ
3002 1230 3101 1274 τῶν
3174 1232 3332 1299 τριῶν
3396 1232 3460 1284 τὸ

1802 1296 1839 1387 β
1882 1319 1937 1370 7,
2015 1302 2045 1356 ’ἦ
2129 1295 2178 1351 δ’
2232 1303 2347 1374 ἔχει
2387 1306 2447 1354 τὸ
2494 1324 2526 1354 α
2590 1301 2650 1376 β,
2713 1304 2942 1361 λείπεται
2995 1306 3056 1364 δί
3104 1315 3164 1365 τὸ
3206 1295 3269 1387 -γ,
3321 1319 3459 1373 tam;

1804 1386 1835 1444 ἢ
1918 1391 2008 1459 μὲν
2060 1388 2313 1457 ἂασσων,
2398 1392 2428 1449 ἡ
2508 1389 2566 1444 δὲ
2642 1393 2849 1464 μείξων.
2934 1386 3257 1458 Τεθήτωσανί
3328 1414 3456 1478 γοῦν

1802 1480 1832 1536 ἡ
1899 1499 1932 1530 α
1991 1476 2027 1551 β
2084 1500 2117 1551 γ
2182 1477 2216 1533 δ
2283 1501 2304 1533 ε
2361 1481 2394 1542 ζ
2466 1481 2752 1556 ἐπιφάνεια,
2860 1489 3115 1554 ὡσαύτως
3204 1491 3266 1548 δὲ
3334 1476 3456 1552 ήκαὶ

1802 1571 1833 1625 ἡ
1877 1568 1929 1632 αξ
1971 1566 2008 1640 β
2072 1589 2104 1639 γ
2163 1566 2199 1621 δ
2264 1568 2552 1643 ἐπιφάνεια,
2614 1574 2913 1634 τεθήτωσαν
2962 1575 3022 1632 δέ
3068 1586 3159 1635 καλ
3210 1586 3241 1643 ἧ
3293 1584 3453 1661 αβν

1798 2735 2213 2804 remissio,sed
2243 2737 2305 2793 in
2330 2736 2615 2810 qualitate
2646 2756 2660 2795 :
2692 2740 3193 2814 quandoquidem
3212 2743 3449 2816 utrique

1798 2825 2032 2881 numeri
2054 2829 2111 2881 et
2141 2825 2202 2881 hi
2230 2826 2333 2899 qui
2383 2827 2497 2883 sub
2536 2843 2783 2886 sensum
2843 2830 3071 2887 cadunt
3111 2835 3169 2887 et
3218 2831 3302 2888 illi
3343 2832 3451 2906 qui

1799 2919 1996 2970 mente
2017 2914 2425 2986 percipiuntur
2467 2917 2737 2973 terminis
2766 2933 2804 2975 a
2834 2918 2864 2973 b
2894 2935 2926 2975 ι·
2953 2918 3451 2977 circumscribun-

1800 3008 1896 3059 tur
1923 3008 1980 3059 et
2007 3003 2399 3060 terminantur
2425 3010 2551 3062 tam
2608 3021 2684 3062 ex
2725 3010 2847 3063 toto
2897 3023 3086 3079 quam
3129 3023 3204 3064 ex
3257 3015 3447 3080 parte,

1800 3097 2047 3165 excepta
2071 3092 2267 3164 prima
2293 3093 2515 3150 scilicet
2543 3094 2740 3150 omnis
2764 3095 3057 3152 intervalli
3080 3103 3321 3169 experte
3345 3100 3453 3156 uni

1733 3180 1772 3232 (ὲ
1800 3186 1936 3237 tate.
1971 3180 2143 3246 Quod
2164 3181 2212 3236 si
2235 3181 2369 3253 quis
2399 3182 2795 3240 intensionem
2827 3189 2884 3240 et
2926 3185 3347 3242 remissionem
3370 3186 3450 3244 ab

1803 3269 2138 3343 aequalitate
2159 3270 2626 3342 etinaequalitate
2640 3288 2762 3328 non
2785 3272 3108 3343 discernat,
3130 3290 3252 3347 quo
3274 3280 3451 3347 pacto

1762 3436 1765 3439 Α
1803 3359 2084 3422 diximus,
2112 3359 2342 3415 eveniet
2370 3365 2435 3415 ut
2465 3359 2540 3415 de
2561 3360 2802 3417 duobus
2826 3361 3165 3433 aequalibus
3191 3379 3349 3419 unus
3378 3380 3454 3422 ex

1801 3448 2133 3504 intensione
2160 3448 2233 3504 sit
2257 3447 2592 3520 inaequalis,
2634 3449 2784 3506 alter
2817 3466 2963 3507 vero
2984 3466 3058 3508 ex
3074 3453 3453 3510 remissione.

1802 3538 2164 3594 Communes
2194 3536 2355 3593 enim
2381 3543 2520 3593 sunt
2547 3539 2805 3595 termini.
2846 3542 2995 3597 Nam
3018 3544 3086 3597 ut
3112 3541 3293 3599 etiam
3311 3557 3456 3599 con-

1801 3628 2023 3685 cedunt
2040 3627 2144 3699 qui
2171 3633 2391 3683 nostra
2422 3629 2776 3686 sententiam
2803 3631 3165 3687 contrariam
3194 3636 3453 3704 tuentur,

1802 3722 1890 3773 est
1916 3716 2175 3772 intensio
2198 3716 2260 3771 in
2290 3716 2530 3772 duobus
2556 3719 2823 3774 numeris
2863 3719 3015 3777 inter
3044 3736 3107 3777 se
3134 3736 3457 3793 compara-

1802 3806 1898 3870 tis,
1923 3820 2183 3877 quorum
2213 3810 2462 3876 uterque
2492 3811 2593 3861 aut
2616 3821 2687 3861 ex
2717 3807 2851 3878 pari
2877 3812 3059 3880 atque
3082 3808 3320 3880 impari,
3353 3810 3458 3865 aut

1801 3910 1873 3951 ex
1899 3894 2116 3965 impari
2145 3909 2217 3949 ac
2245 3893 2378 3963 pari
2430 3898 2681 3962 constat,
2739 3900 2843 3951 aut
2895 3910 3157 3969 quorum
3206 3901 3457 3969 uterque

1802 4001 1916 4057 par
1943 3990 2055 4053 est,
2083 3989 2187 4041 aut
2241 3989 2489 4056 uterque
2539 4000 2661 4040 non
2707 3968 3098 4058 compositus.
3127 3986 3305 4059 Atqui
3341 3968 3458 4044 hoc

1806 4090 1928 4131 non
1944 4079 2032 4130 est
2055 4073 2426 4147 quantitatis,
2459 4074 2565 4129 sed
2607 4073 2931 4147 qualitatis.
2959 4079 3148 4149 Atque
3172 4076 3305 4132 haec
3329 4076 3460 4150 qui—

1807 4164 1946 4220 dem
1972 4165 2268 4236 pertinent
2292 4163 2370 4219 ad
2398 4179 2687 4220 numeros
2714 4169 2841 4222 tam
2895 4165 3238 4223 materiatos
3266 4182 3456 4240 quam

1808 4254 2072 4311 materiae
2093 4258 2384 4324 expertes,
2406 4252 2670 4323 itemque
2716 4252 2790 4308 ad
2821 4252 3044 4311 lineam
3073 4259 3133 4310 et
3153 4255 3233 4310 ad
3259 4270 3463 4328 supero

1809 4345 2029 4401 ﬁclem.
2054 4346 2189 4399 Esto
2213 4342 2393 4412 igitur
2440 4341 2599 4398 linea
2653 4341 2987 4414 superﬁciei
3032 4343 3346 4417 inaequalis
3391 4359 3464 4401 ex

1811 4433 2164 4507 quantitate.
2188 4435 2338 4488 Nam
2383 4437 2488 4488 aut
2527 4431 2787 4488 demitur
2830 4448 2891 4501 α,
2922 4437 2980 4490 et
3007 4436 3150 4490 tunc
3176 4434 3252 4490 de
3275 4433 3467 4491 tribus

1817 4525 2142 4596 supersunt
2171 4522 2204 4577 b
2229 4538 2261 4577 ι·
2294 4539 2308 4587 ;
2339 4527 2443 4578 aut
2485 4520 2746 4578 demitur
2790 4536 2842 4589 ο,
2897 4528 2955 4579 et
2998 4526 3141 4580 tunc
3161 4522 3239 4581 de
3272 4523 3466 4581 tribus

1817 4618 2139 4685 supersunt
2165 4626 2204 4667 a
2233 4611 2287 4666 b.
2312 4612 2504 4676 Quare
2534 4609 2694 4667 linea
2741 4612 2981 4683 quidem
3003 4617 3095 4670 est
3121 4613 3339 4681 minor,
3369 4628 3469 4671 su-

1812 4701 2085 4775 perﬁcies
2109 4716 2250 4757 vero
2297 4701 2510 4772 major,
2574 4706 2751 4757 sunto
2799 4701 2981 4770 igitur
3008 4717 3048 4759 a
3080 4703 3115 4759 ὁ
3138 4704 3230 4760 cd
3256 4716 3288 4759 e
3307 4703 3351 4772 Γ
3372 4717 3469 4758 su-

1812 4791 2106 4865 perﬁcies,
2138 4790 2353 4847 eodem
2376 4788 2563 4846 modo
2586 4804 2626 4847 a
2664 4790 2699 4846 b
2720 4805 2753 4846 c
2807 4790 2867 4845 d.

68 5057 161 5115 ria
182 5068 292 5111 non
320 5052 598 5126 spoliant,
622 5065 764 5107 cum
783 5048 890 5106 ubi
917 5053 1011 5105 est
1035 5047 1291 5105 materia
1319 5045 1403 5102 ibi
1423 5045 1606 5102 etiam
1634 5045 1713 5101 sit

58 5161 117 5205 a
140 5144 211 5200 bc
230 5161 243 5212 ;
263 5148 314 5199 et
334 5142 397 5198 in
428 5145 552 5198 toto
571 5143 630 5196 et
655 5140 717 5196 in
774 5142 945 5212 parte
975 5155 989 5206 ;
1039 5141 1099 5193 at
1151 5135 1362 5191 unitati
1415 5134 1716 5191 duntaxat
1988 5148 2031 5200 Α
2048 5145 2647 5223 r————]B
2822 5168 2862 5223 ρ

71 5179 397 5212 μυυ,υι.ιι
432 5179 552 5198 ,νυν
572 5179 717 5196 νυ..
775 5179 945 5212 ,μων
975 5179 989 5206 ,
1039 5179 1099 5193 ..ι
1154 5179 1362 5191 _........
1417 5179 1716 5191 .............-
1988 5179 2031 5200 ο
2854 5179 2862 5185 τ

71 5231 327 5293 abcnon
352 5231 528 5288 inest.
578 5231 758 5285 Porro
807 5242 947 5284 cum
992 5225 1338 5295 intelligitur
1384 5223 1587 5279 unitas
1648 5227 1714 5279 ut
2046 5179 2060 5295 Ι
2582 5179 2647 5295 Γ
2822 5179 2852 5223 Γ
2870 5179 2909 5295 {
3166 5236 3169 5241 ,
3239 5179 3346 5295 WB

73 5319 445 5397 progrediens
487 5323 545 5374 et
596 5333 726 5374 sese
754 5330 1118 5388 promovens
1147 5313 1226 5370 ad
1269 5312 1714 5384 copulationes.

78 5420 212 5470 tunc
237 5408 571 5467 affectiones
597 5406 727 5462 illas
757 5404 1010 5477 suscipit
1065 5419 1219 5476 quas
1268 5402 1618 5474 compositae
1648 5402 1717 5458 ﬁ-

1977 5476 2632 5532 DL———-——-———’C
2810 5476 2904 5541 Et
3248 5476 3335 5541 Jc

78 5513 233 5571 ειη-ω
257 5497 548 5569 suscipere
578 5495 800 5561 solent,
857 5508 1078 5564 nempe
1106 5496 1171 5548 ut
1198 5490 1531 5563 quantitate
1556 5506 1720 5547 men-

85 5591 296 5645 suretur
320 5591 377 5643 et
408 5584 697 5658 qualitate
742 5581 1124 5653 intelligatur.
1172 5581 1363 5647 Quare
1411 5595 1609 5653 neque
1660 5581 1723 5637 in

88 5690 316 5735 numero
343 5674 442 5731 illo
467 5672 572 5746 qui
620 5677 820 5728 mente
855 5670 988 5727 sola
1035 5668 1379 5742 percipitur,
1433 5684 1627 5739 neque
1660 5670 1724 5724 in

89 5766 393 5841 quantitate
418 5762 533 5821 sub
575 5776 817 5821 sensum
875 5759 1127 5818 cadente
1190 5758 1344 5814 inest
1392 5758 1647 5815 intensio
1671 5762 1729 5815 et
