3932 6326
430 284 568 341 1335

427 409 673 485 γραμμὴ,
739 404 931 478 ὁμοίως

429 499 606 571 ὅτιπερ
676 497 706 554 ἠ
783 495 1000 567 γραμμὴ
1076 489 1310 544 λιίπιται
1371 497 1471 542 τῶν
1529 489 1562 544 6
1653 511 1706 563 γ,
1771 493 1800 550 ἠ
1883 486 1942 544 δξ
1997 492 2106 542 ἐπι.

432 591 614 663 φάνεια
667 605 756 639 του
808 583 914 647 ἑνὸς
965 603 1018 654 7-
1069 581 1255 656 μείζων
1327 588 1452 654 γοῦν
1510 583 1540 641 ἡ
1589 580 1857 656 ἐπιφάνεια
1924 584 2102 654 φύσει,

433 682 547 732 ἔστι
597 674 656 731 δὲ
706 677 736 734 ἡ
810 673 1030 726 ἐλάττων
1119 676 1336 744 γραμμὴ
1428 673 1618 744 μείζων
1701 677 1791 725 καὶ
1853 671 2099 737 ἐλάττων,

435 769 558 839 ὅπερ
616 765 828 818 ἄτοπὸν.
860 762 941 817 Ἠ
993 769 1117 834 γοῦν
1175 781 1208 812 α
1257 759 1292 832 β
1345 781 1378 832 7
1409 762 1600 833 μείζων
1644 771 1738 824 τῆς
1791 760 1826 835 β
1892 783 1925 833 7
1987 761 2103 814 ὀνο-

436 856 687 932 μαζέσθω
712 861 834 926 γοῦν
864 852 1077 926 μείζων·
1113 853 1141 910 ἦ
1174 848 1233 903 δὲ
1274 870 1306 902 α
1427 872 1460 924 7
1509 847 1543 903 δ
1589 851 1820 905 ἐλάσσων
1871 858 1960 912 τῆς
2011 849 2101 927 αβ

437 969 472 1020 7
505 942 539 998 δ
569 964 590 998 ε
620 945 670 1007 ζ·
718 943 1051 1016 ὀνομαζέσθω
1097 946 1222 1012 γοῦν
1273 939 1438 998 ἐκείνη
1501 939 1755 1010 ἐλάσσων,
1810 945 1900 993 καὶ
1958 941 2098 1014 εὗρε-

443 1039 660 1096 θήσεται
689 1036 718 1093 ἡ
747 1033 836 1106 αβ
866 1054 900 1104 7
940 1032 1159 1086 ἐλάττων
1212 1029 1348 1083 οὖσα
1383 1034 1469 1084 καὶ
1524 1032 1714 1103 μείζων
1790 1030 1840 1084 ἐν
1893 1039 1965 1102 τῷ
2015 1031 2105 1083 αὖ·

440 1133 514 1179 τῶ
593 1127 792 1197 χρόνῳ.
845 1122 985 1175 Ἐπεὶ
1031 1122 1132 1193 γάρ
1179 1121 1209 1178 ἡ
1277 1117 1544 1192 ἐπιφάνεια
1589 1121 1779 1192 μείζων
1827 1128 2100 1196 γραμμῆς,

445 1218 556 1269 ἔστι
587 1211 646 1268 δὲ
674 1217 763 1265 καὶ
798 1213 961 1270 ταύτῃ
998 1213 1055 1263 τὸ
1089 1207 1200 1266 ἴσον
1238 1217 1325 1265 καὶ
1365 1209 1543 1262 ἆνισον
1599 1211 1735 1262 κατ-ά
1778 1213 1836 1262 τὸ
1871 1214 2035 1264 ποσὸν
2064 1211 2094 1269 ἡ

446 1301 506 1359 δὶ
529 1307 745 1378 γραμμὴ
786 1300 1039 1369 ἐλάσσων,
1065 1302 1296 1377 ὑπάρχει
1329 1297 1387 1355 δὲ
1416 1305 1506 1352 καὶ
1553 1300 1682 1361 αὐτῆ
1747 1304 1805 1352 τὸ
1858 1297 1968 1352 ἶσον
2013 1304 2104 1354 καὶ

445 1394 646 1460 ἄνισον,
705 1394 936 1464 ὑπάρχει
973 1387 1032 1444 δὲ
1070 1393 1100 1449 ἠ
1147 1411 1181 1444 α
1234 1390 1270 1465 β
1325 1412 1360 1462 7
1409 1392 1555 1448 πάσῃ
1604 1398 1822 1464 γραμμῆ
1891 1391 2099 1463 μείζων,

445 1487 478 1544 ἡ
530 1480 589 1537 δί
638 1502 671 1536 α
721 1480 758 1554 β
804 1502 838 1553 7
893 1477 928 1533 ὃ
975 1479 1242 1553 ἐπιφάνεια
1289 1481 1468 1541 πάσης
1516 1478 1734 1534 nam»
1792 1478 2102 1552 ἐπιφανείας,

449 1574 641 1630 ἔστινή
676 1591 710 1623 α
751 1569 786 1644 β
838 1591 873 1642 7
925 1566 961 1622 δ
1005 1571 1198 1642 μείζων
1260 1577 1354 1632 τῆς
1413 1589 1446 1621 α
1494 1567 1700 1640 βγκαί
1738 1567 1970 1622 ἐλάσσων
2010 1579 2106 1632 τῆς

450 1681 485 1716 α
521 1659 553 1715 ϐ
597 1681 632 1733 7
687 1655 724 1713 ὃ
765 1677 788 1712 ε
841 1658 893 1726 ζ,
934 1662 1024 1711 καὶ
1060 1661 1210 1712 ἔσται
1263 1657 1312 1712 ἐν
1356 1664 1429 1729 τῷ
1481 1656 1621 1730 αὗτῳ
1676 1661 1855 1730 χρόνῳ
1911 1661 2104 1731 μείζων

1975 269 2315 332 ΑΒΒΕΝΒΑ

1029 397 1089 455 δὶ
1166 402 1255 453 καὶ
1346 399 1377 459 ἧ
1465 398 1502 474 β
1567 421 1619 474 7.
1667 397 1999 478 Προεδείχθη
2044 397 2104 458 δὴ
2141 406 2188 461 Α
2214 400 2304 450 καὶ
2334 394 2553 450 ἐλάττων
2591 399 2676 448 καὶ
2709 395 2912 452 ἐναντία
2943 395 3074 455 αὖτή
3105 395 3284 458 ἕαῦτῆ,
3343 397 3541 471 Τὸγάρ
3589 400 3780 474 μεῖξιν
3821 408 3880 468 τῷ

3754 272 3776 326 1
3787 276 3876 332 3-36

2215 488 2446 541 ἐλάττονι
2497 487 2715 540 ἐναντίον
2788 490 2853 548 ὡς
2929 487 3292 559 ἀντικείμενον,
3359 491 3606 560 Ὁμοίως
3695 484 3760 540 δε
3811 510 3880 540 zz:

2213 581 2244 639 ἡ
2274 599 2307 631 α
2337 577 2372 652 β
2402 599 2434 650 7
2493 577 2640 631 ἔσται
2673 577 2863 651 μείζων
2910 586 3005 640 τῆς
3059 575 3095 648 β
3160 598 3194 649 7
3240 581 3330 630 καὶ
3375 579 3570 638 πάσης
3621 589 3881 651 γραμμξς-

2215 678 2308 732 τῆς
2335 665 2393 721 δὲ
2441 688 2476 720 α
2531 667 2638 742 βγ
2690 664 2726 720 δ
2778 666 2994 720 ἐλάττων
3033 672 3121 720 καὶ
3176 668 3354 729 πάσης
3411 667 3761 739 ἐπιφανείας·
3810 691 3886 722 ιιι

2214 779 2364 812 εσται
2410 757 2538 817 αὑτὴ
2615 756 2796 818 ἑαυτῆς
2860 755 3081 810 ἐλάττων
3165 761 3254 810 καὶ
3305 757 3509 829 μείζων
3573 756 3657 809 ἑνὶ
3711 769 3884 830 καφ-ξι,

2213 849 2463 908 ὡσαύτως
2500 850 2590 898 καὶ
2646 845 2851 899 ἐναντὶα
2895 849 3022 922 πρὸς
3060 844 3266 904 ἐαυτήνο
3312 845 3550 899 ἐναντίον
3613 849 3732 920 γάρ
3791 852 3888 900 ἔστι

2211 939 2268 991 τὸ
2291 936 2510 992 ἔλασσον
2559 943 2632 1006 τῷ
2707 939 2907 1008 μείζονι
2937 957 2948 968 ·
2991 934 3110 1011 ὅπερ
3164 934 3376 1002 ἄτοπον,
3405 935 3575 988 Ἀλλά
3640 941 3758 1009 μὲν
3811 939 3887 988 9-32

2211 1029 2327 1084 ἔστι
2381 1033 2553 1080 τοῦτο.
2603 1031 2720 1092 Πῶς
2760 1029 2860 1101 γάρ
2907 1027 3020 1098 ἔχει
3057 1030 3258 1100 χώραν,
3311 1029 3405 1078 καί
3457 1022 3598 1082 οὖδὲ
3662 1025 3890 1088 suam;

2213 1120 2353 1169 ἐστιν
2384 1115 2415 1176 ἣ
2444 1115 2610 1176 ἄνεσις
2637 1114 2684 1168 ἐν
2705 1123 2852 1185 ποσῷ
2905 1132 2918 1182 ;
2955 1117 3032 1167 Τά
3091 1117 3186 1188 θάρ
3241 1120 3648 1187 συγκρινόμενα
3715 1118 3889 1188 ὀφειὶεπ

2212 1211 2354 1280 ἔχειν
2381 1211 2437 1260 τὸ
2495 1203 2772 1280 ὁμοιειδές.
2820 1210 3040 1281 Γραμμή
3094 1213 3218 1278 γοῦν
3270 1211 3404 1281 πρὴς
3460 1212 3768 1280 γραμμὴν,
3817 1229 3893 1260 χιι

2213 1299 2479 1371 ἐπιφάνεια
2538 1316 2668 1372 προς
2735 1296 3060 1370 ἐπιφάνειαν,
3131 1303 3219 1348 καὶ
3286 1299 3494 1370 στερεὸν
3570 1316 3718 1370 προς
3792 1318 3894 1351 στεο

2211 1408 2324 1465 ρεον
2380 1389 2857 1464 συγχρινεσθωσαν·
2914 1407 3004 1438 και
3061 1388 3200 1438 ἔστιν
3255 1387 3304 1438 ἐν
3361 1389 3606 1457 ἐκείνοις,
3677 1388 3729 1440 εἰ
3783 1409 3896 1460 συγ-

2211 1483 2462 1556 κρίνοιντο
2511 1485 2582 1547 τῷ
2658 1484 2824 1548 ποσῷ,
2855 1479 2914 1529 τό
2985 1473 3096 1528 ἴσον
3141 1479 3231 1528 καί
3295 1474 3503 1544 ἄνισον,
3587 1480 3806 1530 οὔκουν
3849 1477 3890 1530 δ’

2214 1567 2449 1629 irritam;
2477 1565 2583 1620 σῦν¹
2623 1565 2816 1633 ἆνισις,
2841 1562 2946 1618 οἷον
2972 1569 3036 1627 ὡς
3058 1568 3139 1618 ἐπί
3166 1573 3265 1618 τῶν
3296 1567 3364 1629 ὡς
3393 1563 3478 1618 ἐπὶ
3545 1564 3699 1627 fit}:
3769 1587 3898 1643 az:-

2742 1657 2843 1734 γάρ

2215 1663 2412 1732 μάτων·
2486 1665 2634 1730 ποσῷ
2742 1657 2843 1733 ’γάρ
2939 1651 3032 1710 ἶσα
3095 1659 3186 1710 καί
3253 1653 3431 1708 ἄνισα·
3508 1656 3538 1710 ὁ
3627 1659 3747 1733 γάρ
3798 1664 3901 1733 ﬁsi:

1439 1893 1483 1929 α,
1666 1896 1701 1928 α
1899 1897 1939 1930 α

1434 2038 1470 2073 α
1649 2037 1693 2072 α
1899 2041 1934 2072 α
2912 2001 2947 2031 α
3159 1996 3197 2032 α.
3382 1997 3422 2030 ιι

1436 2189 1477 2222 α
1647 2187 1688 2220 α
1892 2189 1932 2220 α
2906 2154 2946 2188 α.
3161 2151 3199 2188 ο.
3381 2147 3422 2184 α.

759 2235 782 2270 ιι

455 2450 530 2514 τῷ
584 2447 708 2518 τρία
770 2442 904 2513 ἶσος,
962 2454 1035 2518 τῷ
1091 2444 1151 2502 di
1207 2447 1260 2512 ἐξ
1315 2447 1574 2511 ἄνισοςοὸ
1628 2447 1686 2505 δὶ
1737 2453 1789 2515 ἕξ
1825 2461 1897 2523 τῷ
1925 2451 2117 2515 ἔξῖσος
2155 2453 2364 2508 Βέννέα
2412 2449 2516 2520 σὸῖ,
2574 2460 2647 2524 τῷ
2727 2447 2786 2504 δί
2848 2448 2978 2505 δέκα
3034 2453 3232 2523 ἄνισος,
3289 2449 3420 2503 ἀλλά
3475 2456 3578 2503 καί
3646 2459 3727 2522 τῷ
3778 2453 3902 2511 ἐξπι

454 2539 527 2605 τῷ
555 2528 614 2586 δὲ
634 2533 772 2587 ἒννέᾶ
799 2534 1001 2608 ἄνισος,
1036 2535 1164 2592 ἀλλά
1218 2542 1307 2592 καὶ
1350 2558 1420 2612 τῳ
1467 2544 1606 2615 τρίᾳ·
1659 2543 1685 2594 ὁ
1735 2537 1794 2595 δὲ
1845 2540 1982 2595 ἐννέη
2039 2550 2109 2614 νῷ

467 3416 602 3469 Esto
660 3427 698 3470 a
755 3427 788 3471 c
826 3411 868 3469 d
915 3411 1092 3482 linea,
1139 3413 1401 3488 itemque
1456 3414 1489 3470 b
1539 3431 1590 3472 c.
1633 3417 1813 3474 Paulo
1859 3421 1997 3476 ante
2028 3419 2131 3476 de-
2165 3419 2206 3473 Ο
2243 3417 2428 3474 modo
2449 3418 2557 3474 erit
2613 3416 2727 3474 sibi
2787 3418 3086 3476 contraria
3144 3437 3158 3475 :

467 3504 871 3560 monstratum
891 3507 979 3558 est
999 3502 1120 3558 duo
1143 3502 1356 3560 abesse
1373 3520 1409 3561 a
1437 3503 1614 3569 linea,
1636 3522 1852 3580 nempe
1874 3509 2134 3566 latitudi-

472 3605 615 3649 nem
643 3595 702 3646 et
727 3590 1120 3662 altitudinem,
1147 3608 1338 3649 unum
1352 3609 1495 3651 vero
1517 3598 1898 3669 asuperﬁcie,
1913 3615 2132 3670 nempe

467 3679 861 3738 altitudinem.
881 3683 962 3736 Ex
979 3697 1102 3754 quo
1119 3681 1503 3752 intelligimus
1526 3691 1742 3742 natura
1759 3687 2131 3760 superﬁciem

466 3769 624 3830 linea
641 3769 931 3842 majorem
945 3786 1090 3838 esse,
1106 3769 1326 3827 lineam
1344 3788 1480 3828 vero
1495 3775 1808 3846 superﬁcie
1831 3779 2130 3833 minorem

469 3873 622 3915 esse.
646 3859 826 3931 Atqui
845 3857 1058 3915 eadem
1091 3860 1434 3932 superﬁcies
1465 3863 1662 3933 major
1694 3869 1747 3920 et
1774 3865 1970 3920 minor
2000 3883 2131 3922 esse

468 3948 816 4019 reperietur,
835 3947 1000 4020 quod
1019 3948 1267 4021 quidem
1289 3949 1620 4006 absurdum
1647 3958 1752 4008 est.
1791 3956 1925 4010 Esto
1956 3955 2134 4024 igitur

471 4050 510 4093 a
542 4037 575 4093 b
595 4035 797 4094 clinea
818 4037 1011 4107 major
1044 4037 1274 4094 minore
1307 4039 1339 4093 ί)
1370 4055 1400 4095 c
1433 4040 1884 4114 appelleturque
1912 4046 2127 4114 major.

472 4128 538 4183 Et
565 4126 909 4199 superﬁcies
932 4141 968 4183 a
1001 4126 1034 4180 b
1065 4127 1106 4182 (ἰ
1157 4127 1386 4183 minore
1441 4130 1752 4201 superﬁcie
1782 4133 1976 4202 major
1995 4148 2130 4205 quae

469 4219 614 4273 esta
638 4217 670 4272 b
701 4231 732 4272 c
754 4215 796 4271 d
817 4216 897 4286 ef
921 4234 934 4284 ;
968 4214 1201 4272 dicatur
1239 4232 1381 4286 ergo
1427 4223 1627 4275 mmor
1679 4222 2131 4293 (iomperiemus

471 4319 659 4362 unam
685 4309 742 4361 et
771 4304 1066 4360 minorem
1089 4304 1361 4362 liueama
1375 4306 1408 4362 b
1435 4308 1692 4364 ceodem
1718 4313 1984 4382 tempore
2005 4328 2130 4368 ma-

463 4393 660 4464 jorem
691 4397 750 4449 et
775 4393 1070 4450 minorem
1120 4409 1248 4450 esse
1279 4396 1574 4460 Quoniam
1608 4399 1954 4470 superﬁcies
1974 4400 2131 4458 linea

467 4482 666 4552 major
686 4485 793 4549 est,
818 4485 874 4538 et
892 4482 1235 4554 superﬁcies
1253 4486 1587 4557 superﬁciei
1610 4487 1858 4560 requalis
1879 4491 2133 4546 autinze-

466 4569 666 4643 qualis
688 4586 760 4627 ex
771 4571 1104 4643 quantitate
1116 4571 1247 4628 dari
1278 4579 1476 4645 potest
1502 4594 1513 4634 :
1536 4582 1822 4647 praeterea
1838 4580 2131 4651 quoniam

466 4660 630 4718 linea
651 4660 968 4734 superﬁcie
1015 4661 1214 4718 minor
1267 4669 1396 4720 est:
1454 4664 1701 4722 etlineae
1742 4666 1900 4724 linea
1921 4683 2132 4742 aequa-

2224 2538 2284 2594 δὲ
2315 2537 2443 2594 δίκα
2471 2538 2542 2614 τῷ
2584 2538 2716 2596 δέκα
2759 2539 2891 2610 ἶσος,
2950 2548 3023 2613 τῷ
3074 2544 3212 2595 ἐννέα
3261 2537 3322 2594 δὲ
3367 2540 3586 2610 ἄνισος,
3647 2541 3784 2594 ἀλλά
3828 2549 3904 2594 καὶ

2884 2864 2924 2899 α
3109 2863 3149 2898 σι
3337 2862 3374 2893 α

1970 2925 2009 2959 α.
2191 2929 2229 2963 α
2417 2931 2456 2967 a.

2877 3001 2916 3042 οι
3100 3001 3141 3041 σο
3326 2998 3371 3032 α

1971 3104 2008 3136 α.
2189 3104 2230 3138 σ.
2415 3108 2451 3142 ot
2962 3103 2968 3107 ‘

2875 3167 2913 3203 οι
3093 3166 3132 3200 οι
3321 3163 3363 3199 α.

3220 3434 3364 3476 nam
3418 3417 3641 3475 minus
3692 3422 3784 3476 est
3810 3432 3910 3473 ma-

2238 3508 2354 3580 jori
2381 3508 2767 3578 contrarium,
2790 3507 2955 3581 quod
2985 3507 3234 3581 quidem
3281 3513 3372 3565 est
3394 3507 3779 3566 absurdum.
3814 3509 3906 3563 Sed

2243 3613 2388 3652 sane
2409 3597 2523 3653 hoc
2555 3613 2676 3653 non
2706 3602 2900 3670 potest
2955 3613 3106 3654 esse.
3142 3597 3460 3663 Quomodo
3490 3599 3670 3655 enim
3694 3597 3904 3655 admitti

2241 3686 2485 3759 possit?
2507 3689 2706 3760 Neque
2749 3686 3010 3742 intensio
3053 3691 3111 3743 et
3165 3686 3444 3742 remissio
3466 3689 3659 3744 estin
3687 3688 3904 3761 quanti-

2241 3780 2359 3832 tate
2389 3795 2400 3831 :
2436 3792 2580 3832 nam
2605 3793 2739 3849 quae
2757 3782 3186 3848 comparantur
3215 3779 3366 3832 inter
3388 3793 3452 3831 se
3488 3779 3743 3846 generis
3765 3779 3902 3848 ejus-

2241 3864 2379 3920 dem
2406 3867 2556 3922 inter
2586 3881 2648 3921 se
2669 3865 2890 3922 debent
2944 3881 3092 3921 esse.
3143 3866 3320 3921 Linea
3367 3880 3518 3935 ergo
3569 3883 3722 3922 cum
3745 3867 3899 3924 linea.

2243 3955 2584 4027 superﬁcies
2603 3971 2740 4009 cum
2761 3955 3094 4027 superﬁcie,
3118 3953 3381 4010 solidum
3395 3971 3540 4010 cum
3561 3955 3772 4012 solido
3788 3971 3901 4011 con-

2241 4044 2464 4100 feratur
2497 4063 2509 4111 ;
2541 4044 2598 4099 in
2627 4042 2849 4116 quibus
2901 4043 3188 4099 omnibus
3215 4044 3264 4098 si
3289 4059 3359 4098 ex
3391 4045 3744 4114 quantitate
3776 4046 3904 4100 inter

2243 4150 2306 4190 se
2346 4138 2770 4205 comparentur
2825 4133 2977 4190 inest
3037 4132 3348 4205 aequalitas
3392 4136 3450 4188 et
3503 4134 3898 4206 inaequalitas.

2239 4239 2362 4280 non
2385 4227 2584 4278 autem
2617 4222 2873 4278 intensio
2905 4227 2959 4276 et
3016 4222 3308 4286 remissio,
3343 4225 3403 4276 ut
3427 4221 3698 4293 exempli
3727 4227 3902 4293 gratia

2239 4311 2440 4368 videre
2476 4312 2652 4367 estin
2701 4311 2794 4366 his
2838 4311 3047 4380 ﬁguris
3073 4327 3209 4384 qua!
3263 4326 3335 4366 ex
3382 4316 3729 4382 quantitate
3783 4321 3907 4369 sunt

2241 4400 2500 4474 aequales
2553 4405 2610 4456 et
2682 4400 2994 4472 inaquales
3062 4415 3207 4456 nam
3262 4399 3521 4455 ternario
3613 4405 3906 4458 ternarias

2239 4505 2528 4544 numerus
2547 4492 2634 4543 est
2663 4487 2932 4561 (aqualis,
2962 4487 3067 4543 sed
3090 4487 3324 4543 senario
3351 4486 3673 4559 inaequalis
3701 4507 3716 4555 ;
3751 4491 3906 4546 idem

2241 4579 2509 4635 senarius
2558 4579 2791 4634 senario
2881 4578 2982 4632 sed
3053 4576 3326 4650 aequalis,
3421 4580 3758 4635 novenario
3831 4583 3902 4636 in-

2240 4668 2490 4741 aequalis
2530 4672 2708 4740 atque
2759 4668 2938 4723 etiam
2984 4667 3260 4723 ternario.
3313 4665 3477 4720 Idem
3537 4672 3903 4724 uovenarius

465 4751 537 4808 lis
566 4751 696 4808 dari
731 4756 940 4824 potest,
970 4756 1057 4808 est
1079 4757 1280 4810 autem
1298 4753 1492 4826 posita
1521 4754 1731 4812 lineaa
1761 4757 1843 4814 bc
1867 4759 2134 4831 qualibet
2164 4776 2208 4831 ι)
2239 4757 2567 4813 novenario
2629 4756 2875 4829 aequalis
2939 4761 3046 4825 est,
3106 4755 3210 4810 sed
3281 4753 3531 4810 denario
3586 4755 3900 4828 inaequaiis

464 4839 622 4898 linea
650 4842 864 4913 major,
909 4847 966 4898 et
996 4857 1032 4898 a
1067 4841 1099 4897 b
1131 4857 1160 4898 ο
1217 4842 1485 4914 qualibet
1547 4846 1860 4916 superﬁcie
1901 4849 2122 4907 minor.

465 4930 816 5002 Superﬁcies
876 4946 1018 4999 ergo
1077 4946 1112 4986 α
1136 4932 1167 4984 b
1199 4946 1229 4983 ι·
1289 4931 1330 4985 d
1359 4932 1465 4987 erit
1530 4933 1724 5003 major
1781 4934 1939 4992 linea
1970 4953 2005 4994 α
2037 4937 2070 4992 Ι)
2101 4954 2131 4993 c

465 5019 664 5076 minor
692 5020 1006 5091 superﬁcie
1045 5034 1082 5074 a
1115 5019 1146 5072 b
1178 5033 1207 5074 c
1236 5019 1394 5089 def.
1421 5026 1610 5093 Atque
1641 5039 1762 5078 una
1794 5025 2130 5100 eademque

466 5109 815 5182 superﬁcies
837 5109 1051 5164 eodem
1083 5113 1352 5180 tempore
1379 5111 1481 5166 erit
1515 5112 1710 5182 major
1736 5119 1792 5169 ct
1818 5116 2030 5182 minor,
2060 5133 2130 5172 ac

462 5197 596 5270 ipsa
627 5197 739 5253 sibi
767 5196 1066 5254 contraria
1095 5213 1107 5262 ;
1159 5213 1302 5252 nam
1333 5199 1530 5269 majus
1562 5200 1778 5257 minori
1805 5205 2130 5276 Opponitur

462 5291 529 5342 ut
559 5286 947 5343 contrarium.
981 5291 1061 5342 Ac
1088 5301 1124 5342 α
1175 5286 1207 5340 b
1236 5302 1266 5341 c
1307 5287 1554 5359 quidem
1614 5289 1773 5347 linea
1796 5293 1902 5348 erit
1934 5293 2130 5364 major

459 5374 619 5432 linea
668 5377 697 5432 [ι
729 5392 760 5433 c
780 5380 836 5432 et
865 5375 1132 5448 qualibet
1159 5374 1316 5432 linea
1345 5393 1358 5431 :
1389 5377 1584 5434 minor
1628 5395 1767 5435 vero
1815 5381 2127 5453 superﬁcie

462 5479 504 5518 α
535 5463 568 5518 b
592 5479 623 5520 ο
653 5465 694 5520 d
719 5469 775 5521 et
803 5463 1070 5538 qualibet
1123 5464 1439 5537 superﬁcie
1487 5483 1500 5521 :
1527 5472 1706 5540 atque
1755 5469 1889 5541 ipsa
1911 5487 1972 5527 se
2005 5488 2124 5529 uno

462 5551 796 5624 eodemque
825 5557 1089 5626 tempore
1108 5553 1308 5626 major
1331 5555 1439 5614 erit
1460 5559 1516 5614 et
1542 5556 1760 5628 minor,
1789 5561 2126 5634 eodemque

2241 4852 2421 4920 atque
2449 4847 2625 4902 etiam
2674 4861 2909 4900 senario
2944 4864 2956 4912 ;
3003 4845 3161 4900 idem
3217 4843 3495 4899 denarius
3517 4843 3768 4901 denario
3798 4864 3898 4902 nu-

2240 4953 2406 4994 mero
2427 4935 2674 5008 (aqualis
2706 4939 2814 5001 cst,
2848 4934 2950 4989 sed
2993 4935 3320 4989 novenario
3353 4930 3695 5004 inaequalis,
3720 4939 3896 5008 atque

2239 5027 2418 5082 etiam
2451 5024 2728 5080 undecim
2754 5038 3007 5078 numero
3039 5041 3052 5075 :
3089 5027 3267 5093 atque
3326 5022 3439 5077 hoc
3476 5020 3538 5075 in
3595 5021 3894 5080 inﬁnitum

2239 5114 2488 5186 produci
2519 5118 2731 5186 potest.
2761 5115 2908 5167 Nam
2927 5126 3165 5182 semper
3177 5109 3383 5165 habita
3401 5107 3652 5180 aqualis
3673 5112 3895 5168 ratione

2237 5202 2533 5276 inaequale
2561 5201 2792 5256 dicitur.
2827 5203 2891 5255 Et
2911 5215 3101 5255 unum
3124 5215 3262 5253 cum
3290 5199 3578 5264 altero,ut
3608 5212 3894 5269 magnum

2238 5309 2374 5348 cum
2401 5307 2584 5364 parvo
2615 5295 2811 5362 potest
2845 5287 3121 5344 conferri.
3157 5287 3414 5342 lntensio
3439 5301 3583 5342 vero
3609 5291 3664 5341 et
3693 5291 3893 5344 remis-

2238 5381 2326 5435 sio
2357 5381 2415 5435 iu
2447 5379 2590 5452 ipsis
2616 5379 2844 5434 ratione
2875 5376 3178 5451 qualitatis
3232 5376 3434 5431 locum
3493 5373 3737 5431 habent.
3773 5379 3893 5434 Ete-

2236 5471 2361 5526 nim
2383 5470 2496 5527 hac
2525 5469 2753 5526 ratione
2777 5467 2829 5523 in
2855 5467 3169 5541 superﬁcie
3213 5472 3394 5539 atque
3433 5466 3494 5521 in
3515 5465 3675 5522 linea
3695 5465 3884 5526 locum

2234 5558 2455 5619 habere
2481 5559 2779 5617 videntur;
2804 5559 2950 5615 Sunt
2972 5561 3172 5614 autem
3193 5555 3358 5614 aliud
3396 5560 3579 5628 atque
3611 5555 3769 5614 aliud
3789 5573 3879 5616 ra-
