3932 6326
21 356 40 414 Ι
51 357 154 416 337

901 356 1258 422 THEODORI
1285 358 1334 416 II
1363 359 1504 418 1MP.
1533 359 1623 420 DE
1662 357 2119 422 COMMUNIONE
2166 363 2542 423 NATURALI.

3293 375 3433 470 133-8

21 489 89 554 τῷ
146 475 346 535 ἕνδεκα.
436 482 538 534 Καὶ
602 485 757 536 τοῦτο
823 501 960 538 κατα
993 487 1052 538 τὸ
1101 486 1332 568 ἄπειρον,
1371 488 1442 539 T6
1498 485 1675 539 ἄνισον
1708 487 1754 539 Α
1789 507 1938 548 τασις
1969 483 2028 541 δὲ
2077 509 2167 542 και
2221 490 2398 553 ἄνεσις
2453 494 2587 545 κατά
2615 493 2782 560 ποιὸν,
2823 513 2913 547 και
2969 501 3060 549 τοῦ
3104 499 3193 574 μὲν
3243 501 3299 553 τό
3346 502 3432 556 ἄλ-

21 575 116 644 γὰρ
161 573 285 645 πρὸς
317 565 430 626 ἶσόν
485 569 686 641 λέγεται
728 591 741 605 ο
791 575 904 630 ἔστι
951 571 1010 627 δὲ
1053 578 1186 629 κατὰ
1228 565 1298 629 1'6
1357 578 1532 649 μεῖζον
1588 579 1678 628 καὶ

21 660 223 714 ἔλαττον
268 659 558 734 λεγόμενον.
641 661 910 726 Ἐπίτασις
959 660 1016 717 δὲ
1069 670 1160 720 καὶ
1215 667 1393 728 ἄνεσις
1448 669 1678 738 φαίνεται

21 759 110 815 τῆς
182 754 455 811 ποιότητος
564 749 632 817 ἓν,
737 751 896 814 αὐτῆς
953 758 1043 809 καὶ
1161 757 1262 831 γὰρ
1386 754 1673 828 ἐπιφάνεια,

21 841 64 899 ἓν
118 835 176 893 6":
201 844 438 916 γραμμὴ,
473 838 596 892 ἄλλο
628 836 683 892 δ’
733 842 846 894 ἔστι
876 847 965 896 καὶ
995 843 1137 914 ἄλλο,
1195 848 1286 898 καὶ
1328 845 1422 898 οὐκ
1460 842 1635 898 ἀλλοία
1659 882 1671 902 τ

21 932 200 1000 ἦγοῦν
232 917 284 992 ἓξ
330 937 425 991 τῆς
470 933 593 1006 τρία
647 928 885 984 ἐπιτάσει
942 934 1002 987 1'6
1055 930 1254 988 ἀλλοῖον
1320 936 1453 1010 ἔχει,
1500 939 1588 987 καὶ
1639 937 1670 998 ἠ

21 1018 154 1073 ἓννέα
219 1027 308 1081 τῆς
363 1017 434 1086 ἓξ,
483 1025 572 1073 καὶ
619 1021 649 1080 ἡ
713 1017 842 1077 δέκα
893 1031 990 1086 τῆς
1045 1022 1184 1079 ἐννέα
1237 1025 1267 1085 ἦ
1322 1033 1412 1086 τῆς
1469 1022 1671 1092 ἕνδεκα,

21 1112 287 1174 τοιότητος
308 1104 366 1161 δὲ
387 1114 560 1177 τόῦτο,
599 1108 728 1164 ἀ).λά
765 1108 832 1171 δὴ
866 1118 956 1166 καὶ
1000 1116 1028 1173 ἠ
1064 1117 1156 1178 ἴση
1208 1119 1299 1168 καὶ
1354 1116 1533 1178 ἄνισος
1583 1123 1674 1178 τῆς

21 1217 45 1251 κ
94 1198 130 1272 β
183 1220 237 1270 γ,
290 1207 380 1260 τῆς
420 1219 454 1252 α
493 1198 530 1272 β
581 1220 614 1272 ’γ
683 1197 719 1254 ὃ
764 1206 853 1254 καὶ
905 1201 940 1276 β
995 1206 1092 1276 γή
1132 1202 1230 1277 αβ
1278 1204 1467 1273 εὐθεῖα,
1528 1209 1672 1258 ποιό-

21 1306 127 1346 τητι
185 1284 242 1342 δὲ
291 1286 468 1341 ἀὶλοία
511 1295 602 1351 τῆς
646 1309 679 1341 α
729 1289 765 1364 β
815 1291 845 1352 ἦ
902 1299 999 1355 τῆς
1052 1291 1120 1418 βδ
1148 1297 1443 1357 ποιότητος.
1499 1300 1671 1369 Γραμ-

686 1382 719 1418 ’1

686 1382 719 1436 γ

21 1477 113 1531 ιῆς
145 1470 244 1543 γὰρ
281 1471 342 1523 1'6
382 1467 503 1523 εὐθὺ
561 1474 650 1522 καὶ
697 1473 985 1548 περιφερὲς,
1021 1469 1314 1527 ἰδιαίτατον
1365 1493 1422 1528 σε
1477 1476 1673 1538 ταύτης

21 1562 69 1611 r6
125 1557 340 1621 ἀπλατές
390 1579 403 1594 ο
452 1559 508 1622 ὃς
551 1559 646 1613 οὐκ
682 1558 730 1612 ἓν
778 1560 913 1634 ἄλλῳ
957 1567 1057 1617 τινὶ
1113 1565 1469 1640 εὑρεθήσεται.
1510 1569 1675 1642 Πέρα-

21 1667 76 1700 τα
130 1645 188 1701 δὲ
215 1655 312 1711 τῆς
370 1650 462 1722 μὶν
495 1648 788 1722 ἐπιφανείας
845 1657 1088 1726 γραμμαί
1140 1674 1154 1688 ο
1208 1657 1387 1707 εἵτουνη
1422 1658 1480 1708 τὸ
1535 1675 1569 1708 α
1611 1655 1670 1730 β,

21 1736 103 1791 ιᾶν
129 1741 220 1796 ἴση
261 1736 356 1790 κᾶν
395 1739 599 1806 ἄνισος,
629 1737 725 1791 κᾶν
775 1741 964 1813 μείζων
1031 1741 1126 1796 κᾶν
1185 1741 1403 1797 ἐλάττων
1438 1765 1450 1778 ο

21 1835 110 1888 ιῆς
141 1823 200 1880 δὲ
226 1832 465 1902 στιγμαί.
507 1827 670 1887 ’Ὁλον
724 1827 784 1884 δὲ
812 1834 871 1883 τὸ
911 1851 945 1884 α
999 1829 1035 1904 β
1075 1853 1134 1905 γ,
1189 1832 1284 1885 κᾶν
1334 1833 1528 1906 μείζων
1577 1835 1672 1888 κᾶν

21 1915 260 1973 ἐλάττων.
291 1916 431 1972 Ἴσοι
457 1925 584 1991 γοῦν
613 1920 638 1972 6
680 1924 822 1996 τρία,
848 1925 938 1974 καὶ
968 1929 994 1974 6
1037 1925 1181 1995 τρία,
1230 1923 1256 1974 ὁ
1313 1922 1366 1986 ἓξ
1385 1927 1475 1976 καὶ
1528 1925 1553 1976 ὁ
1597 1924 1668 1997 ἓξ,

21 2006 31 2057 i
80 2005 220 2060 ἐννέα
255 2010 345 2061 καὶ
390 2008 417 2060 ὁ
464 2007 627 2076 ἐννέα,
674 2009 700 2061 ὀ
750 2005 881 2063 δέκα
931 2015 1022 2067 καὶ
1064 2012 1090 2064 6
1148 2007 1280 2065 δέκα
1327 2027 1344 2043 ⁶
1391 2013 1565 2066 ἄνισοι
1613 2010 1674 2084 6“,

21 2098 130 2171 πρὸς
183 2094 456 2173 ἑκατέρους
520 2099 658 2151 κατὰ
718 2101 777 2153 τὸ
841 2100 1018 2172 μεῖζον
1074 2106 1165 2155 καὶ
1222 2100 1432 2155 ἔλαττον
1471 2122 1485 2136 ο
1547 2103 1669 2178 ὅπερ

25 2190 145 2238 στὶν
199 2183 311 2239 ἴσον
355 2191 445 2240 καὶ
490 2187 690 2244 ἄνισον.
765 2193 867 2244 Καὶ
952 2191 1008 2244 αἱ
1085 2196 1326 2265 γραμμαὶ
1391 2193 1528 2245 κοιτά
1583 2195 1670 2244 τὸν

21 2275 163 2327 ιύτὸν
222 2274 376 2348 λόγον
433 2274 544 2330 ἶσαι
596 2282 686 2331 καὶ
741 2278 915 2332 ἄνισοι
961 2299 974 2313 ο
1024 2282 1160 2332 κατά
1224 2283 1284 2333 τὸ
1333 2281 1512 2354 μεῖζον
1581 2286 1671 2334 καὶ

21 2365 233 2435 λαττον,
297 2366 416 2442 ὅπερ
483 2365 624 2420 ἐστὶν
706 2365 818 2422 ἴσον
905 2372 996 2422 καὶ
1077 2371 1276 2440 ἄνισον,
1351 2369 1535 2424 ἀλλοία
1611 2367 1671 2425 δὲ

21 2459 284 2518 τοιότητος
359 2452 586 2530 διαφορά
650 2456 938 2530 ἕπιφάνὲια,
1001 2462 1136 2512 κατά
1189 2461 1350 2512 ταυτὸ
1437 2457 1496 2514 δὲ
1581 2465 1670 2515 καὶ

21 2550 246 2621 ιραμμή.
304 2544 444 2599 Ἐπεὶ
497 2553 625 2617 γοῦν
673 2551 764 2598 καὶ
819 2555 1033 2621 γραμμῇ
1089 2553 1177 2601 καὶ
1227 2546 1518 2626 ἐπιφανείᾳ,
1579 2555 1669 2608 καὶ

21 2642 201 2709 ττερεῶ
246 2639 337 2688 καὶ
396 2633 602 2709 ἀριθμῷ
661 2636 899 2715 αἰσθητῷ
950 2657 1004 2691 τε
1049 2644 1139 2692 καὶ
1199 2646 1370 2710 νοητῷ
1428 2643 1669 2699 ποιότητί

21 2723 52 2772 ι’
113 2725 358 2784 ὡσαύτως
403 2729 494 2777 καὶ
578 2729 729 2778 παντὶ
781 2727 1054 2800 πράγματι
1140 2726 1501 2795 (ἐπακολουθεί
1567 2730 1668 2802 γὰρ

21 2815 213 2874 ’όύτοις
280 2831 371 2865 και
444 2818 655 2877 κίνησις
727 2834 818 2868 και
887 2820 1051 2888 φωνὴ,
1113 2816 1294 2880 ἰσότης
1353 2821 1525 2890 μέντοι
1580 2837 1669 2872 και

21 2904 174 2975 ιωνὴ)
240 2901 423 2964 ἰσότης
491 2907 667 2977 μέντοι
716 2924 807 2958 και
857 2902 1105 2970 ἀνισότης
1143 2909 1280 2960 κατά
1316 2910 1499 2976 ποσὸν,
1548 2907 1668 2962 ἐπί-

1505 1765 1673 1841 γραεξ·
1715 1785 1751 1841 Β

1788 570 1864 641 λο,
1896 581 1986 627 τοῦ
2012 571 2070 630 δὲ
2108 579 2164 633 τὸ
2231 575 2448 648 ἀλλοῖον,
2514 582 2624 634 οὔθ’
2681 581 2864 645 ἔνωσις
2910 586 3026 642 οὔτε
3072 586 3434 656 αύτοποσότης

1787 671 1859 736 τῷ
1889 674 2035 737 ποσῷ
2086 667 2323 721 ἐπίτασιν
2357 667 2467 728 δώῃ
2537 672 2565 734 ἦ
2621 672 2814 739 diem»,
2862 677 2978 728 οὔτε
3031 680 3124 734 τὴν
3181 683 3435 741 ποιότητα

1730 794 1734 798 ι
1787 753 2136 830 ἀποστερήσει
2197 759 2482 823 ἐπιτάσεως
2562 781 2652 815 και
2724 762 2958 831 ἀνέσεως,
3039 767 3157 840 ὅπερ
3206 776 3297 825 τοῦ
3348 770 3435 825 ἀλ-

1784 844 1927 902 λοίου
1974 846 2087 901 ἐστί
2143 849 2216 921 (1)
2285 866 2298 905 :
2344 870 2434 903 και
2486 851 2596 904 ἐπεί
2647 854 2677 910 ἡ
2739 851 2975 916 ἐπίτασις
3029 875 3118 908 και
3175 859 3205 917 ἡ
3259 861 3434 923 ἄνεσις

1785 937 1844 990 ού
1917 944 2009 991 τοῦ
2085 937 2261 1010 ἄλλον,
2321 939 2446 994 ἀλλὰ
2501 949 2592 995 τοῦ
2668 940 2890 1000 ἀλλοίου.
2958 950 3059 999 Καί
3110 950 3168 1000 τὸ
3227 969 3260 1002 α
3306 950 3341 1023 β
3398 974 3432 1026 γ

1785 1023 1820 1079 δ
1871 1029 2186 1101 τετράγωνον
2239 1029 2333 1082 οὐκ
2384 1032 2488 1108 ἄρα
2536 1030 2658 1085 ἄλλο
2714 1040 2806 1086 τοῦ
2844 1033 2882 1105 ψ
2940 1056 2972 1108 φ
3013 1058 3051 1088 ω
3105 1057 3148 1110 χ
3201 1023 3434 1116 διαφέρει

1783 1113 1843 1170 6":
1897 1125 2044 1190 ποσῷ
2101 1126 2172 1190 τῷ
2230 1119 2393 1195 ἀνίσῳ
2462 1129 2594 1175 ποιῶ
2651 1119 2710 1177 δὲ
2760 1132 2832 1195 τῷ
2882 1121 3084 1198 ἀλλοίῳ,
3153 1131 3316 1183 εἷτουν
3367 1141 3428 1206 τῇ

1782 1205 2016 1261 ἐπιτάσει.
2045 1228 2134 1261 και
2169 1217 2229 1283 τῇ
2289 1210 2475 1277 ἀνέσει,
2553 1212 2648 1266 οὐκ
2701 1213 2822 1266 ἄλλο
2887 1223 3011 1288 γοῦν
3055 1215 3161 1271 ἀλλ’
3235 1205 3432 1276 ἀλλοῖον

1779 1306 1870 1355 τοῦ
1897 1299 2134 1379 μείζονος
2183 1303 2242 1353 τό
2293 1300 2535 1374 ἔλαπτον⁹
2587 1299 2831 1376 ὁμοειδὴς
2884 1301 2944 1358 δὲ
2997 1327 3088 1362 και
3140 1316 3236 1372 τῆς
3272 1311 3432 1376 αὐτῆς

2239 1454 2968 2182 κ,

1778 2274 1962 2343 οὐσίας
1999 2296 2088 2332 και
2131 2281 2428 2352 ποιότητος,
2478 2285 2578 2334 Καί
2637 2282 2852 2354 θυμικὸς
2895 2282 3000 2356 ἄρα
3045 2279 3074 2340 ἦ
3132 2283 3231 2347 πᾷς
3282 2277 3436 2334 οῦ.)ος

1776 2369 1906 2444 πρὸς
1962 2371 2050 2420 τὸν
2125 2366 2339 2443 ὁμοειδῆ
2422 2371 2516 2422 οὐκ
2605 2370 2775 2438 ἀλ)ος,
2863 2369 3062 2433 ἀλλοῖος
3136 2377 3198 2444 τῇ
3257 2367 3436 2422 ἐπιτά-

1781 2477 1860 2510 σει
1929 2477 2019 2510 και
2064 2466 2125 2531 τῇ
2179 2459 2376 2532 ὑφέσει,
2428 2460 2471 2513 εί
2543 2456 2797 2534 διαφέρει.
2857 2465 2956 2514 Καί
2988 2456 3208 2532 ἐδείχθη
3274 2465 3438 2511 ταῦτα

1778 2549 1947 2608 καθὼς
1999 2544 2105 2602 ἔδει
2150 2545 2460 2621 δειχθῆναι.
2513 2553 2600 2604 Διὸ
2659 2550 2752 2603 ούκ
2813 2549 2960 2602 ἀλλον
3003 2553 3090 2602 τὸν
3135 2551 3353 2621 θυμικὸν
3403 2548 3432 2607 ἦ

1779 2634 2152 2710 ἐπιθυμητικόν
2208 2639 2232 2691 ὁ
2289 2644 2473 2714 κρίνων
2535 2636 2791 2714 διακρινεῖ
2837 2646 2929 2692 τοῦ
2999 2633 3292 2712 ὁμοειδοῦς,
3345 2633 3438 2688 διὰ

1776 2731 1869 2786 τὴν
1932 2726 1988 2781 ἐκ
2039 2731 2319 2791 ποιότητος
2363 2728 2536 2782 ἄνεσιν
2591 2731 2621 2788 ἡ
2701 2727 2959 2795 ἐπίτασιν,
3020 2727 3065 2781 εἰ
3118 2735 3191 2799 τῷ
3243 2727 3298 2780 ἑκ
3345 2732 3438 2778 τοῦ

1777 2824 1946 2871 ποσοῦ
2021 2816 2264 2893 ἀπατηθῇ
2327 2821 2424 2891 ῖσῳ
2477 2839 2566 2872 και
2633 2817 2795 2892 ἀνίσῳ
2855 2820 2991 2872 κατὰ
3051 2819 3266 2878 τούτους
3317 2817 3437 2878 τοὺς

1778 2907 2003 2980 λόγους·
2044 2911 2159 2983 ἔχει
2211 2928 2301 2962 και
2347 2911 2449 2984 ’γὰρ
2501 2907 2689 2985 ἀκριϐῆ
2772 2912 2867 2968 τὴν
2921 2903 3212 2972 ἀπόδειξιν.
3263 2904 3439 2959 Οὕτω·

21 3079 168 3136 ione
213 3080 566 3154 quantitatis
625 3085 682 3138 et
741 3098 866 3140 non
923 3082 1264 3141 aliusmodi.
1317 3085 1668 3159 Superﬁcies
1703 3091 1743 3148 C
1783 3089 1980 3144 mente
1999 3086 2341 3160 percipitur,
2368 3085 2635 3160 qualitati
2665 3099 2909 3161 quoque
2936 3087 3116 3158 atque
3137 3084 3290 3141 adeo
3311 3082 3430 3140 cui-

21 3169 187 3240 gitur
217 3185 352 3243 quae
374 3186 478 3228 sex
502 3170 563 3228 in
591 3187 659 3228 se
683 3172 1096 3246 complectitur
1123 3174 1343 3231 additis
1371 3175 1558 3232 tribus
1588 3177 1673 3233 in-

22 3258 271 3315 enditur
307 3264 364 3316 et
390 3265 835 3318 commutatur:
869 3266 925 3319 et
978 3279 1198 3320 novem
1257 3265 1672 3337 complectitur

21 3347 227 3405 idditis
266 3366 388 3422 sex,
421 3351 750 3407 intenditur
780 3355 838 3409 et
863 3352 1171 3409 dissimilis
1221 3355 1439 3422 evadit,
1491 3357 1671 3412 Item-

21 3453 121 3510 [ue
151 3454 289 3510 quae
328 3439 539 3496 decem
597 3439 1013 3514 complectitur
1076 3443 1420 3515 superficies
1454 3445 1673 3500 additis

21 3543 221 3583 iovem
255 3535 358 3584 aut
391 3529 671 3585 undecim
713 3529 1022 3586 dissimilis
1053 3532 1273 3589 evadit.
1305 3536 1425 3589 Hoc
1471 3538 1672 3590 autem

21 3619 92 3672 :st
124 3616 449 3689 qualitatis.
473 3619 649 3691 Atqui
675 3618 833 3676 linea
865 3625 1028 3678 recta
1055 3635 1091 3678 α
1122 3622 1154 3677 b
1182 3637 1212 3678 c
1242 3623 1488 3696 aequalis
1511 3629 1678 3680 estet

21 3705 318 3777 naequalis
347 3706 517 3762 lineis
542 3722 579 3764 a
628 3707 661 3763 b
691 3724 740 3777 ο,
769 3724 806 3764 a
855 3709 888 3764 ὁ
917 3725 948 3766 c
980 3711 1039 3779 d,
1075 3710 1107 3766 b
1139 3727 1170 3768 c
1220 3724 1242 3781 ,'
1282 3711 1388 3768 sed
1431 3717 1677 3786 propter

21 3796 356 3870 [ualitatem
399 3801 486 3852 est
538 3797 869 3854 dissimilis.
928 3801 1078 3855 Nam
1154 3801 1326 3858 lineae
1360 3802 1476 3858 hoc
1534 3818 1675 3875 pro-

21 3884 206 3941 irium
245 3889 334 3941 est
361 3891 424 3942 ut
452 3886 524 3942 sit
553 3892 715 3944 recta
751 3887 844 3942 vel
875 3888 1125 3962 obliqua
1154 3908 1166 3959 ;
1200 3891 1464 3948 maxime
1531 3908 1674 3948 vero

21 3974 340 4045 imprium,
375 3979 438 4031 ut
467 3976 539 4032 sit
572 3977 903 4033 latitudinis
941 3994 1155 4050 expers
1193 3996 1206 4033 :
1245 3995 1381 4052 quae
1428 3981 1674 4052 quidem

21 4063 342 4135 iroprietas
394 4064 455 4120 in
495 4065 660 4121 nulla
736 4064 852 4122 alia
886 4082 948 4122 re
996 4069 1237 4140 reperiri
1293 4073 1505 4141 potest.
1547 4073 1676 4126 Ter-

21 4151 157 4208 nini
188 4167 331 4208 vero
359 4169 465 4209 seu
512 4153 664 4211 ﬁnes
704 4156 1036 4227 superﬁciei
1064 4162 1201 4214 sunt
1231 4158 1399 4214 linem
1454 4163 1536 4228 ut,
1578 4175 1674 4216 ex-

1782 3176 1928 3234 libet
1951 3176 2038 3233 rei
2065 3176 2218 3232 inest
2244 3175 2556 3249 aequalitas
2589 3177 2645 3231 et
2671 3174 3047 3248 inaequalitas
3085 3189 3158 3229 ex
3199 3172 3436 3245 quanti-

1783 3269 1922 3337 tate,
1948 3264 2207 3322 iutensio
2236 3279 2374 3320 vero
2406 3267 2463 3320 et
2489 3263 2760 3320 remissio
2798 3279 2871 3319 ex
2897 3262 3201 3336 qualitate,
3231 3277 3301 3318 ac
3331 3277 3438 3335 per

1783 3355 1951 3412 illam
1972 3355 2218 3428 quidem
2240 3353 2371 3411 alia:
2400 3369 2498 3410 res
2528 3353 2828 3423 dicuntur,
2860 3369 2967 3426 per
3019 3352 3178 3409 hanc
3235 3356 3438 3408 autem

1785 3444 2144 3501 dissimiles:
2194 3447 2349 3500 certe
2401 3459 2598 3517 neque
2649 3441 2813 3510 unio,
2857 3457 3054 3514 neque
3112 3440 3435 3515 quantitas,

1783 3540 2012 3608 quanto
2045 3533 2221 3590 alicui
2258 3533 2658 3590 intensionem
2691 3536 2747 3589 et
2776 3531 3192 3589 remissionem
3221 3529 3389 3586 dabit
3419 3546 3433 3585 :

1783 3639 1978 3696 neque
2017 3640 2224 3679 rursus
2252 3623 2604 3696 qualitatem
2631 3621 2964 3678 intensione
2993 3626 3048 3678 et
3084 3619 3435 3678 remissione

1783 3713 2062 3785 privabit.
2117 3715 2182 3768 Et
2235 3712 2522 3785 quoniam
2576 3711 2834 3767 iutensio
2895 3715 2952 3767 et
2991 3709 3263 3766 remissio
3312 3723 3436 3764 non

1786 3801 1950 3858 aliud
1981 3801 2245 3858 efﬁciunt
2277 3801 2384 3856 sed
2410 3800 2947 3856 dissimilitudinem
2981 3799 3258 3855 afferunt.
3281 3799 3437 3863 Qua-

1784 3890 2148 3960 drangulum
2177 3905 2318 3960 ergo
2347 3905 2384 3946 α
2414 3891 2443 3945 b
2471 3906 2502 3945 ο
2523 3890 2563 3944 d
2586 3905 2710 3944 non
2740 3889 2848 3944 erit
2874 3888 3036 3944 aliud
3068 3903 3104 3943 a
3133 3886 3437 3959 quadran-

1785 3979 1926 4049 gulo
1952 3996 1990 4049 y
2012 3995 2058 4036 α)
2073 3997 2102 4035 z
2124 3995 2179 4035 υ.
2204 3978 2481 4035 Diﬁ‘erent
2506 3964 2703 4034 autem
2727 3977 2878 4034 inter
2905 3992 2968 4032 se
2991 3992 3062 4032 ex
3083 3974 3435 4048 quantitatis

1784 4069 2204 4140 inaequalitate,
2240 4073 2296 4124 et
2327 4069 2373 4123 si
2395 4067 2746 4140 qualitatem
2779 4072 3007 4139 spectes
3031 4081 3104 4121 ex
3135 4064 3437 4122 dissimili-

1784 4158 2009 4224 tudine,
2041 4159 2156 4214 hoc
2186 4161 2273 4213 est
2303 4174 2375 4214 ex
2407 4157 2744 4213 intensione
2768 4161 2824 4213 et
2851 4155 3222 4212 remissione.
3247 4156 3436 4211 Minus

21 4240 184 4313 :mpli
210 4242 420 4311 gratia,
453 4242 612 4301 linea
654 4259 691 4301 α
727 4245 779 4310 b,
813 4247 1094 4318 quamvis
1150 4247 1397 4320 aequalis
1429 4252 1533 4305 aut
1588 4250 1674 4306 in-
1709 4261 1752 4316 1)
1783 4264 1924 4318 ergo
1957 4247 2321 4318 triangulum
2355 4264 2476 4304 non
2498 4251 2586 4303 est
2608 4246 2770 4302 aliud
2799 4263 2835 4302 a
2861 4245 3109 4316 majore,
3139 4245 3241 4301 sed
3269 4244 3438 4300 dissi-

21 4330 278 4403 equalis,
325 4333 523 4404 major
574 4338 675 4390 aut
729 4335 942 4390 minor.
1007 4336 1196 4392 Linete
1245 4354 1389 4394 vero
1439 4339 1674 4394 termini

31 4425 151 4477 unt
208 4428 450 4493 puncta.
514 4424 715 4479 Totius
763 4439 907 4480 vero
956 4440 992 4480 a
1045 4427 1078 4482 ὑ
1144 4442 1195 4495 c,
1251 4427 1366 4484 hoc
1419 4432 1535 4483 tres
1583 4427 1672 4484 di-

21 4509 380 4575 nensiones,
404 4511 528 4567 sive
563 4517 751 4568 totum
777 4513 922 4569 illud
947 4516 1156 4586 majus,
1211 4515 1332 4571 sive
1360 4516 1548 4572 minus
1575 4517 1669 4574 sit.

21 4598 284 4670 Equalia
314 4599 493 4671 igitur
518 4605 657 4656 sunt
688 4602 797 4657 tria
826 4607 883 4658 et
913 4603 1044 4674 tria,
1093 4618 1312 4660 novem
1344 4611 1398 4660 et
1427 4621 1670 4675 novem,

21 4691 218 4745 lecem
266 4695 321 4744 et
383 4688 642 4759 decem;
681 4690 1012 4763 inaequales
1076 4699 1275 4748 autem
1336 4699 1474 4750 sunt
1522 4696 1673 4750 inter

24 4796 60 4835 e
120 4793 193 4833 ex
232 4779 482 4849 majoris
528 4785 586 4836 et
630 4781 880 4836 minoris
932 4783 1382 4855 comparatione
1435 4802 1448 4840 :
1503 4785 1669 4857 quod

21 4868 250 4939 proprie
317 4867 533 4924 dicitur
611 4885 739 4924 esse
817 4870 1046 4942 aequale
1095 4876 1150 4927 et
1205 4871 1518 4944 inaequale.
1571 4876 1671 4930 Ea-

21 4961 147 5015 lem
175 4959 401 5014 ratione
432 4958 603 5015 lineae
636 4959 902 5031 aequales
954 4966 1010 5017 et
1059 4961 1390 5034 inaequales
1433 4978 1504 5018 ex
1544 4980 1671 5020 ma-

21 5047 149 5105 πίε
189 5053 244 5103 et
272 5048 523 5104 minoris
555 5049 1006 5121 comparatione
1037 5051 1317 5106 dicuntur
1343 5068 1492 5107 esse.
1527 5054 1669 5118 Quae

21 5133 259 5208 [uideni
289 5151 431 5191 vera
475 5141 567 5192 est
606 5135 962 5208 aequalitatis
1009 5143 1066 5192 et
1105 5138 1527 5210 inaequalitatis
1581 5157 1670 5197 ra-

21 5229 110 5281 io.
161 5223 474 5280 Dissimilis
539 5241 680 5280 vero
737 5225 951 5280 dicitur
1026 5228 1370 5298 superlicies
1427 5233 1672 5300 propter

21 5313 317 5388 [ualitatis
372 5313 787 5370 differentiam.
851 5314 1193 5388 Eodemque
1252 5317 1435 5373 modo
1491 5317 1667 5374 linea.

21 5403 312 5473 Quoniam
372 5404 554 5474 igitur
629 5403 820 5470 linere,
873 5405 1226 5478 superﬁciei,
1288 5407 1499 5476 solido,
1558 5424 1668 5464 nu-

21 5509 180 5552 nero
220 5492 332 5550 sub
385 5509 634 5549 sensum
674 5493 930 5564 cadenti,
981 5495 1242 5569 itemque
1281 5511 1533 5553 numero
1565 5498 1669 5570 qui

1782 4337 1940 4393 mile.
1984 4339 2131 4392 Sunt
2182 4342 2381 4392 autem
2433 4335 2608 4391 unius
2653 4336 2882 4402 formae,
2935 4335 3114 4390 unius
3164 4333 3434 4390 essentite

1781 4433 1835 4484 et
1862 4425 2178 4499 qualitatis.
2212 4424 2540 4482 Iracundus
2563 4425 2741 4496 igitur
2771 4423 3099 4498 etquilibet
3145 4424 3296 4480 alius
3346 4439 3438 4480 ra-

1781 4517 1938 4573 tione
1979 4515 2576 4588 alicujuquualitatis,
2625 4532 2761 4588 quae
2794 4516 2868 4572 sit
2919 4515 3189 4587 ejusdem
3221 4512 3438 4586 speciei

1781 4611 2163 4678 comparatus
2187 4621 2322 4659 cum
2357 4604 2492 4670 alio,
2526 4620 2647 4660 non
2687 4607 2793 4662 erit
2822 4604 2972 4661 alius
3003 4604 3104 4661 sed
3135 4601 3438 4660 dissimilis

1779 4701 2021 4768 propter
2071 4694 2425 4751 intensionis
2479 4699 2536 4750 et
2595 4695 2964 4751 remissionis
3011 4694 3427 4750 differentiam.

1779 4789 1967 4856 Atque
2005 4784 2132 4840 haec
2157 4783 2568 4840 demonstrata
2599 4787 2736 4840 sunt
2786 4788 2849 4839 ut
2878 4782 3141 4856 oportuit
3183 4781 3437 4837 demon-

1779 4873 1968 4930 strari.
2000 4872 2366 4938 Quambrem
2401 4887 2524 4927 non
2547 4872 2734 4928 alium
2756 4871 3113 4929 iracundum
3139 4873 3242 4926 aut
3270 4871 3433 4942 cupi—

1777 4962 1922 5018 dum
1953 4962 2219 5017 indicare
2240 4961 2420 5017 debet
2447 4961 2662 5034 aliquis
2689 4977 2826 5016 eum
2851 4962 2955 5032 qui
2978 4961 3170 5030 magis
3198 4965 3301 5016 aut
3325 4960 3434 5016 mi-

1776 5067 1891 5106 nus
1921 5057 2007 5106 est
2033 5050 2384 5117 iracundus,
2410 5051 2601 5119 magis
2631 5055 2735 5105 aut
2759 5051 2958 5104 minus
2988 5049 3260 5122 cupidus.
3290 5065 3430 5105 cum

1777 5140 1892 5196 sint
1921 5141 2187 5211 ejusdem
2223 5138 2459 5211 speciei.
2497 5141 2696 5210 Neque
2740 5138 2918 5194 debet
2966 5139 3161 5210 decipi
3198 5138 3435 5211 quanti-

1780 5231 1911 5285 tatis
1943 5229 2279 5302 aequalitate
2302 5233 2357 5282 et
2377 5228 2797 5298 inaequalitate.
2827 5228 3015 5284 Habet
3043 5231 3202 5284 enim
3233 5228 3294 5284 in
3337 5229 3433 5283 his

1778 5317 2156 5374 sermonibus
2195 5320 2541 5372 accuratam
2597 5316 3192 5374 demonstrationem.
3242 5318 3434 5388 Atque

1777 5407 1892 5463 hoc
1922 5406 2105 5463 modo
2138 5405 2382 5478 sapiens
2424 5404 2773 5462 observabit
2820 5405 3122 5462 naturales
3153 5404 3431 5462 animalis

1777 5497 2005 5553 ratione
2031 5493 2260 5568 praediti
2288 5493 2885 5566 communicationes,
2938 5499 2995 5551 et
3022 5510 3144 5567 quo
3189 5493 3431 5565 ingenio

79 5695 160 5768 (1)
191 5694 354 5771 Ὅπερ
384 5694 445 5749 ού
483 5703 576 5750 τοῦ
610 5693 815 5752 idiotas
840 5699 983 5760 ἔστη
1021 5701 1142 5758 Hoc
1169 5697 1405 5758 videtur
1435 5699 1796 5760 addititlum:
