3932 6326
515 375 652 438 1339
2032 370 2390 431 ΑΒΒΕΝΒΑ.
3791 369 3873 425 (3ἰο

513 509 641 575 γοῦν
678 505 768 564 τὰς
817 500 866 555 ἓν
905 511 966 562 τῆ
1025 503 1178 577 φύσει
1224 509 1492 566 κοινωνίας
1549 511 1640 556 τοῦ
1685 501 1899 574 λογικοῦ
1953 501 2091 564 ζώου
2143 503 2169 554 ὁ
2218 547 2243 577 Δ
2283 498 2526 576 ηδὸτιρα
2589 504 2751 566 οὕτως
2824 506 2984 576 ἔχειν.
3041 503 3161 555 Εἰσὶ
3214 503 3316 574 γὰρ
3377 505 3582 572 σημεῖα
3655 495 3798 549 πολλὰ
3835 495 3875 544 L1-

521 547 636 575 I""
687 547 768 564 ’⁷⁷³
817 547 862 555 ’⁷
913 547 964 562 ’Ὗ
1027 547 1178 577 γη*-
1224 547 1492 566 ’“⁷“⁷“”⁷““Ὸ
1558 547 1637 556 ’⁷⁷
1687 547 1896 574 ”Ἰ“”“⁷’
1958 547 2087 564 ³’”⁷⁷
2145 547 2166 554 ⁷
2284 547 2526 576 ’⁷⁷’“Τ“
2590 547 2750 566 ""—‘
2824 547 2984 576 Ἀ-’“”
3041 547 3161 555 ’“”’⁷“
3221 547 3312 574 ("s—
3381 547 3582 572 ’τι-’⁷⁷⁷
3660 547 3668 549 ν
3701 547 3712 548 7

514 590 817 666 ἕπιστήμων
897 601 1212 668 παρατηρῶν
1269 593 1318 646 ἓν
1375 595 1594 648 ἕκαστον
1657 599 1930 665 γινώσκειν
2002 589 2167 644 ὃύνα-
2207 547 2252 601 Α
2282 600 2433 665 τριχῇ
2486 599 2575 646 καὶ
2632 592 2972 666 φυσιολογικῇ
3051 587 3377 663 δεδειγμένων,
3456 588 3508 650 ἐξ
3594 587 3663 638 ὧν
3724 583 3877 638 tibi?!

511 702 620 748 ται,
657 685 828 745 καθὼς
877 683 991 755 ἔχει
1038 687 1236 755 φύσεως
1289 698 1304 714 ⁸
1365 690 1455 738 καὶ
1510 684 1605 736 οὐκ
1660 686 1904 757 ἀπατηθῇ
1959 682 2017 735 ἂν
2064 689 2170 735 πώ-
2280 689 2408 734 νοεῖν
2473 685 2538 734 τὰ
2591 691 2690 734 τῶν
2739 682 2924 734 ὑλικῶν
2998 678 3299 734 διαθέσεων.
3376 684 3588 749 Ὠσπερ
3666 683 3774 747 γοῦν
3818 694 3880 722 τῑιι

511 790 655 838 ποτε,
702 769 830 823 ἀλλὰ
868 767 1125 846 διακρινεί
1163 775 1222 824 τὸ
1282 775 1434 844 φύσει
1490 780 1721 846 κρεῖττον
1780 778 1871 826 καὶ
1927 777 1988 825 τὸ
2032 774 2170 825 θέσει
2279 767 2501 841 Λυδικῷ
2581 771 2708 841 λίθῳ
2770 765 2938 830 τοῖςδε
2981 767 3175 841 λόγοις,
3245 767 3295 831 ἐξ
3361 765 3571 819 ἐκείνων
3630 767 3696 816 τὰ
3752 771 3881 834 nsi:

513 864 603 912 καὶ
663 857 945 934 ὶφαρμόσιι
1002 859 1075 913 ἐνὶ
1155 861 1359 933 ἑκάστῳ
1434 865 1492 914 τὸ
1571 861 1908 930 κατάλληλον,
1985 856 2164 918 ἐπειδὴ
2277 859 2572 932 λαμϐανων,
2653 857 2985 932 δοκιμαζέτω
3027 860 3164 920 ὅπως
3249 856 3515 928 ἁπιλέγχῃ
3591 857 3661 907 τὰ
3713 871 3882 924 κρυπτὴν

513 944 957 1022 ἀποδεδειγμένας
1039 953 1216 1014 πάσας
1272 953 1386 1023 ἔχει
1457 952 1552 1012 τὰς
1625 957 1913 1013 κοινωνίας.
1967 947 2168 1011 Μηδεὶς
2277 970 2424 1022 μενα,
2454 955 2543 1003 καὶ
2581 953 2638 1002 τό
2692 947 2744 1002 ὃν
2800 957 2888 1002 τοῦ
2937 953 3008 1021 μὴ
3069 953 3233 1014 ὄντος,
3284 952 3373 998 καὶ
3424 948 3533 998 ὅσα
3599 944 3660 997 ἃν
3706 962 3882 1014 περεμπ-

516 1034 576 1091 δὲ
621 1041 785 1114 μέχρι
831 1047 924 1100 τῆς
969 1039 1134 1111 ὅψεως
1193 1047 1380 1099 στήσει
1434 1046 1529 1100 τὴν
1601 1050 1814 1113 γνῶσιν,
1889 1043 2020 1092 ὦσνε
2080 1040 2164 1092 ἐκ·
2273 1060 2404 1092 πται
2435 1035 2512 1092 δι’
2563 1039 2688 1091 ὅλων
2717 1048 2816 1089 τῶν
2841 1037 3027 1109 λόγων,
3094 1033 3229 1089 διὀἱ
3269 1036 3412 1088 καὶὸ
3449 1039 3662 1096 σκοπὸς
3722 1034 3779 1091 εἰς
3813 1033 3883 1102 ἀει·

514 1135 606 1180 τοῦ
676 1133 959 1202 χρώματος
1011 1138 1110 1181 τῶν
1172 1131 1507 1190 καθεκάστων
1573 1127 1899 1200 ἀπατᾶσθαι,
1953 1133 2043 1182 καὶ
2098 1131 2165 1181 τὰ
2276 1149 2400 1182 στον
2431 1127 2574 1190 τέλος
2606 1126 2943 1202 ἐναρξάμενος
2997 1124 3139 1189 λήξει
3197 1123 3416 1198 δυναμει
3472 1133 3576 1177 τοῦ
3637 1128 3882 1199 κρείττονες

511 1374 754 1432 quaque
772 1358 972 1415 indole
983 1359 1463 1434 unumquodque
1476 1359 1896 1433 sitprasditum,
1914 1377 2164 1430 cognos-
2277 1365 2628 1426 monstrata,
2650 1376 2720 1414 ex
2741 1358 2965 1432 quibus
2981 1357 3325 1415 affectiones
3342 1373 3681 1430 corporeas
3695 1371 3884 1426 cognos-

512 1464 644 1505 cere
684 1448 918 1522 poterit.
960 1452 1159 1522 Neque
1198 1465 1469 1522 unquam
1518 1449 2010 1519 hullucinabitur,
2060 1451 2165 1506 sed
2277 1464 2410 1506 cere
2436 1464 2783 1522 possumus.
2818 1448 3058 1514 Quoties
3083 1448 3263 1518 igitur
3291 1464 3362 1504 ex
3391 1447 3508 1502 illis
3557 1446 3748 1516 signis
3778 1444 3886 1514 judi-

512 1537 838 1605 distinguet
859 1536 1008 1592 inter
1033 1537 1180 1592 illud
1212 1537 1380 1610 quod
1408 1543 1624 1593 natura
1667 1539 2048 1610 priestantius
2079 1543 2168 1594 est
2276 1554 2411 1595 care
2437 1539 2595 1594 volet
2615 1539 2855 1611 aliquis,
2879 1538 2970 1593 his
2993 1539 3208 1593 nostris
3238 1537 3641 1593 sermonibus
3660 1543 3884 1607 tanquam

510 1631 568 1682 et
587 1625 734 1680 illud
791 1625 957 1697 quod
988 1631 1075 1682 est
1124 1626 1422 1698 positione
1466 1645 1479 1693 ;
1540 1631 1597 1682 et
1654 1627 1821 1699 quod
1852 1629 2167 1684 conveniet
2279 1628 2466 1700 Lydio
2501 1628 2700 1701 lapide
2729 1627 2944 1700 probet
2991 1627 3365 1697 conjecturas
3394 1641 3552 1682 suas
3602 1632 3670 1682 ut
3718 1640 3798 1679 res
3826 1637 3886 1676 οι-

513 1715 729 1788 cuique
759 1714 840 1769 rei
863 1715 1366 1779 accommodabit,
1395 1716 1891 1790 quandoquidem
1919 1718 2167 1774 demon-
2275 1717 2465 1775 cultas
2493 1717 2848 1786 investigare
2877 1722 2936 1772 et
2963 1716 3022 1772 id
3044 1715 3209 1788 quod
3235 1731 3356 1771 non
3388 1722 3508 1782 est,
3556 1714 3638 1772 ab
3668 1730 3735 1770 eo
3770 1727 3884 1784 quoa

514 1809 726 1859 stratas
775 1803 1350 1860 communicationes
1378 1805 1680 1861 naturales
1730 1806 1932 1862 habet.
1981 1809 2164 1862 Nemo
2196 1829 2235 1881 Β
2275 1813 2364 1862 est
2392 1807 2755 1879 distinguere
2775 1804 2981 1878 possit.
3008 1804 3270 1876 Denique
3286 1809 3454 1860 notet
3468 1805 3781 1874 diligenter
3796 1815 3885 1872 quis

513 1907 655 1948 vero
683 1892 746 1946 in
799 1891 926 1948 solo
956 1895 1206 1964 aspectu
1231 1893 1578 1964 acquiescat
1605 1894 1685 1950 ita
1727 1900 1792 1950 ut
1839 1911 1911 1950 ex
1967 1895 2163 1952 colore
2275 1896 2368 1952 his
2392 1895 2768 1952 sermonibus
2793 1894 3091 1966 complexi
3111 1911 3342 1962 sumus,
3377 1909 3655 1967 quorum
3703 1907 3882 1964 scapus.

512 1980 905 2049 singularium
944 1981 1241 2050 judicans,
1284 1981 1344 2036 in
1383 1997 1646 2039 errorem
1685 1984 2023 2051 inducatur,
2057 2001 2164 2056 pu-
2274 1999 2415 2040 cum
2439 1984 2518 2042 ad
2539 1984 2723 2040 ﬁnem
2743 1984 3036 2056 optimum
3077 1983 3302 2050 tendat,
3337 1983 3587 2039 felicem
3614 1996 3829 2055 quoque
3851 1985 3884 2033 et

507 2073 708 2143 tetque
737 2085 874 2142 quae
903 2071 1043 2125 sunt
1060 2070 1219 2126 intus
1248 2071 1332 2126 ita
1360 2085 1423 2126 se
1451 2071 1693 2129 habere.
1735 2075 1980 2129 Exstant
2002 2074 2163 2129 enim
2273 2074 2572 2146 optimum
2589 2076 2810 2130 exitum
2830 2074 3080 2145 juvante
3093 2074 3214 2129 Deo
3236 2073 3482 2145 Optimo
3501 2074 3753 2130 Iaximo
3766 2069 3884 2127 habi-

509 2158 683 2229 signa
703 2159 895 2216 multa
921 2159 984 2216 in
1007 2159 1388 2218 medicina‘et
1419 2162 1675 2218 naturali
1721 2163 1972 2220 scientia
2000 2179 2162 2220 com-
2271 2169 2443 2221 turus
2471 2169 2577 2220 est.

1227 2662 2073 2784 ΘΕΟΔΩΡΟΥ
2149 2668 2430 2782 ΤΟΥ
2504 2657 3187 2784 ΔΑΣΚΑΡΙ

1005 2959 1137 3007 ΤΟΥ
1190 2960 1344 3009 ΥΙΟΥ
1379 2961 1510 3010 ΤΟΥ
1550 2961 1870 3010 ΜΕΓΑΛΟΥ
1923 2961 2246 3010 ΒΔΣΙΛΕΩΣ
2305 2963 2519 3010 ΚΥΡΟΥ
2569 2963 2872 3010 ΙΩΑΝΝΟΥ
2923 2964 3054 3010 ΤΟΥ
3104 2961 3331 3012 ΔΟΥΚΑ

1467 3191 1683 3278 ΤΗΣ
1761 3186 2258 3279 ΦΥΣΙΚΗΣ
2344 3191 2961 3282 ΚΟΙΝΩΝΙΑΣ

1802 3462 2095 3527 ΛΟΓΟΣ
2132 3463 2600 3532 ΙΙΕΜΠΤΟΣ.

1434 3959 2194 4084 THEODOB]
2296 3965 2987 4087 LASCABIS

1277 4253 1435 4308 FlLll
1496 4253 1710 4311 SUMMI
1768 4255 2231 4313 IMPERATORIS
2289 4258 2532 4315 DOMINI
2587 4258 2875 4314 JOANNIS
2935 4258 3141 4315 DUCE.

1180 4499 1364 4606 DE
1441 4494 2193 4611 NATURALI
2269 4505 3204 4614 COMMUNIONE

1752 4792 2119 4883 SERMO
2179 4801 2658 4896 QUINTUS

563 5294 633 5351 α’.
698 5299 798 5348 Δύο
839 5295 942 5349 εἰσι
997 5299 1064 5350 τὰ
1116 5297 1410 5370 ζητούμενα
1461 5298 1534 5362 εἰς
1580 5299 1829 5367 ἐξέτασιν,
1879 5303 1939 5352 πὸ
1991 5303 2144 5372 φύσει
2176 5303 2216 5359 C
2253 5319 2397 5378 τερον
2475 5299 2564 5356 οὖν
2634 5302 2860 5378 ἀκριϐῶς
2943 5303 3476 5371 ἐπακολουθήσαντες
3554 5320 3619 5384 τῇ
3701 5306 3864 5372 ignis:

492 5403 547 5437 τι
579 5389 670 5438 καὶ
704 5387 842 5439 θέο-ιι
907 5406 920 5420 ·
977 5386 1026 5440 ἓν
1080 5383 1140 5440 δὲ
1178 5389 1374 5440 τούτων
1423 5392 1594 5442 κοινὸν
1643 5392 1701 5448 ἠ,
1732 5387 1983 5465 διαφορα.
2040 5395 2140 5442 Πό-
2251 5397 2416 5467 μέχρι
2455 5397 2544 5445 καὶ
2574 5393 2735 5445 αὐτοῦ
2762 5390 2830 5452 δὴ
2890 5401 2982 5446 τοῦ
3038 5393 3253 5465 λογικοῦ
3310 5395 3462 5457 ζώου
3525 5383 3690 5453 ταῦτα
3738 5411 3868 5476 κατεῖ.

567 5565 619 5617 t.
634 5563 759 5619 Duo
773 5569 1059 5636 suntquae
1074 5565 1247 5621 nobis
1260 5567 1337 5622 ad
1351 5567 1824 5638 investigandum
1848 5569 2154 5640 proposita
2262 5571 2658 5642 estpositione
2684 5589 2696 5627 :
2718 5588 2973 5644 quorum
2997 5573 3260 5629 duorum
3281 5590 3626 5635 commune
3646 5574 3862 5652 quiddam

490 5651 768 5718 fuerunt;
802 5667 1020 5734 nempe
1043 5653 1191 5709 illud
1210 5655 1376 5726 quod
1405 5661 1723 5716 estnatura
1742 5663 1798 5714 et
1819 5657 1967 5714 illud
1987 5658 2154 5732 quod
2261 5665 2374 5732 est,
2404 5675 2623 5733 nempe
2657 5660 3014 5727 ditlerentia.
3047 5663 3252 5719 Utrum
3299 5663 3499 5732 igitur
3535 5651 3862 5734 investigat”
