3932 6326
53 419 164 473 341

929 418 1284 476 THEODORI
1320 417 1368 478 Ῑῐ
1404 422 1546 480 IMP.
1583 419 1674 476 DE
1714 417 2168 476 COMNUNIONE
2207 419 2586 478 NATUBALI.

3337 414 3476 473 1342

53 546 312 616 βήσαμεν
365 540 715 610 ἐξετάσαντες,
747 547 838 596 καὶ
890 544 920 602 ἡ
973 545 1062 616 μὲν
1123 540 1385 618 διαίρεσις
1431 553 1528 597 τῶν
1585 564 1694 596 κοι-
1749 545 1798 596 Α
1854 543 2104 616 ράσαντες
2181 543 2348 618 εὗρον.
2400 542 2562 596 Ὠστε
2605 541 2836 616 μεγάλως
2887 543 3045 600 καὶὴ
3113 537 3332 594 παιδεία
3377 539 3449 604 εἰς

53 639 150 681 ρῶν
175 638 556 703 τοσαυταχῶς
613 632 881 707 εὑρεθεῖσα
931 629 1091 686 διεῖλε
1139 641 1238 686 τῶν
1289 638 1443 706 φύσει
1497 635 1564 686 τὰ
1618 635 1694 686 θέ-

53 739 158 786 τει,
364 716 423 772 δε
483 728 616 794 τομῇ
673 719 969 793 ἀναγκαίως
1027 731 1442 797 συναναφανεῖσα
1486 726 1514 782 ἦ
1570 719 1692 776 δια-

51 811 203 883 φορὰ
268 812 347 862 16:
399 814 670 884 κρείττονα
721 807 1056 874 ἐναπέδειξεν.
1101 809 1257 884 Ἐχει
1322 809 1381 865 δὲ
1431 815 1695 886 κρείττονα

51 899 73 955 ὁ
112 901 294 970 φύσις
328 900 434 951 ὃσα
461 902 597 951 κατὰ
651 901 746 962 τὰς
802 897 972 974 ἀρχὰς
1029 899 1366 954 ἐπακολουθεῖ
1405 919 1417 930 ·
1451 900 1581 972 λέγω
1635 897 1694 953 δὲ

51 986 246 1061 ἀρχὰς
289 991 415 1049 τούς
443 993 655 1062 χυμούς
704 993 884 1042 καὶτὰ
935 995 1065 1064 μέρη
1119 993 1187 1044 1'6:
1231 1001 1326 1054 τῆς
1359 992 1548 1064 ψυχῆς
1600 999 1693 1044 τοῦ

49 1076 296 1149 λογικοῦ
332 1077 492 1141 ζώου,
541 1074 721 1138 ἐπειδὴ
779 1077 834 1132 ἐκ
890 1089 990 1132 τῶν
1052 1085 1295 1134 τοιούτων
1351 1084 1508 1153 σοφὸν
1562 1081 1694 1142 ζῶον

50 1169 400 1220 συνέστακεν
461 1169 750 1242 ἄνθρωπος.
811 1172 1032 1244 Πότερον
1098 1166 1186 1223 οὖν
1228 1171 1294 1226 1'6:
1359 1172 1448 1243 μὲν
1491 1174 1580 1228 τὴν
1644 1168 1694 1222 ἓν

50 1260 354 1314 κοινότητι
409 1251 665 1331 διαφορὰν
749 1253 970 1326 ἔδειξαν,
1041 1257 1204 1321 ἁπλᾶς
1267 1280 1410 1322 τινας
1461 1259 1694 1312 ὑποτιθέ-

52 1365 200 1418 μενα
241 1352 544 1418 κοινωνίας,
577 1351 669 1400 καὶ
728 1346 777 1400 ἓν
816 1350 1034 1423 επιτομῇ
1094 1353 1153 1403 τὸ
1212 1345 1460 1424 διάφορον
1516 1351 1694 1424 ἥθροι-

55 1454 189 1503 σαν,
274 1432 520 1508 σύμϐολα
608 1438 790 1509 θέμενα
842 1440 938 1499 τὰς
995 1443 1249 1512 συζύγίας
1319 1437 1693 1512 ἀμετακίνητα.

52 1523 133 1576 ’ἹΙ
162 1525 277 1597 γὰρ
327 1523 556 1578 καθόλου
607 1525 721 1578 εστὶ
765 1530 858 1579 καὶ
915 1528 1110 1599 φυσική
1166 1531 1426 1595 κοινωνία,
1475 1532 1567 1580 καὶ
1607 1526 1694 1580 εύ-

56 1615 166 1675 θής
199 1617 299 1665 καὶ
353 1611 550 1686 ἀγαθός
595 1612 735 1667 ἔστιν
774 1616 801 1666 6
835 1620 1164 1678 πνεστακώς
1194 1615 1247 1680 ἐξ
1283 1616 1466 1684 αὐτῆς,
1508 1616 1538 1676 ἦ
1592 1615 1695 1668 λεί-

53 1720 227 1753 πεται
258 1708 358 1754 τοῦ
383 1701 577 1755 τελείου
609 1709 763 1778 μέρος
809 1723 881 1775 τι,
919 1709 1010 1757 καὶ
1041 1707 1067 1756 6
1120 1703 1176 1757 ἐκ
1227 1709 1424 1768 ταύτης
1478 1705 1696 1758 λείποιτ’

60 1787 152 1844 ἂν.
191 1789 223 1849 ἣ
270 1794 436 1863 μέση,
487 1795 578 1844 καὶ
605 1789 915 1860 ἀκολούθως,
947 1793 977 1852 ἦ
1009 1797 1145 1846 κατὰ
1172 1797 1231 1846 τό
1284 1801 1378 1856 τῆς
1423 1799 1695 1855 ποιότητος

59 1879 271 1951 μᾶλλον
318 1885 412 1932 καὶ
482 1879 656 1952 ἦττον,
718 1885 809 1934 και
857 1884 906 1934 οἱ
969 1889 1270 1955 γεννώμενοι
1324 1891 1388 1957 τῇ
1451 1887 1696 1956 γενέσεως
1750 1909 1790 1964 Β

62 1967 224 2041 αἰτίᾳ
280 1967 766 2028 ἕπακολουθήσωσι.
831 1974 934 2023 Καὶ
988 1978 1192 2045 πρῶται
1243 1973 1333 2045 μὲν
1381 1967 1470 2024 οὖν
1527 1975 1695 2024 αἰτίαι

1083 2057 1096 2073 )

63 2065 174 2109 τῶν
259 2065 564 2126 κοινωνιῶν,
648 2060 719 2120 ὡς
771 2060 994 2134 εἴρηται,
1075 2057 1124 2110 ἄν
1178 2057 1467 2124 ἀνθρώποις
1524 2065 1694 2132 χυμοὶ

63 2150 166 2198 καὶ
202 2145 395 2219 θυμὸς,
443 2146 596 2218 λόγος
658 2150 750 2199 καὶ
808 2146 1078 2219 ἐπιθυμία,
1120 2151 1251 2221 μετὰ
1303 2145 1362 2201 δὲ
1423 2149 1613 2210 ταύτας
1658 2148 1689 2207 ἠ

60 2242 166 2295 τῆς
193 2229 471 2298 παιδείας.
517 2234 720 2310 Ὠσπερ
775 2237 874 2312 γὰρ
931 2236 982 2288 ἰν
1040 2235 1133 2310 ὕλῃ
1185 2239 1244 2289 τό
1299 2232 1454 2308 εἶδος,
1506 2234 1554 2290 ἓν
1609 2235 1694 2288 ἁν-

64 2325 307 2397 θρώποις
359 2321 578 2378 παιδεία
635 2347 650 2360 ο
692 2328 828 2379 ὥστε
866 2326 910 2379 εἰ
947 2331 1020 2399 μὴ
1080 2326 1356 2385 ἀκηκοέναι
1391 2330 1509 2379 τινοί
1555 2346 1694 2390 τινος

61 2413 207 2465 πάνυ
249 2417 345 2466 καί
395 2432 456 2486 γε
512 2416 666 2486 φύσιν
721 2419 970 2490 χρηστὴν
1030 2417 1240 2488 ἔχοντα,
1298 2415 1392 2468 ούκ
1446 2416 1506 2468 οἶν
1571 2433 1693 2468 ποτε

61 2509 271 2574 γνῶσιν
303 2501 570 2577 εἰληχέναι
598 2522 682 2566 τις
710 2505 853 2578 εἴπῃ.
896 2503 1082 2558 Πολλοὶ
1133 2501 1194 2558 δε
1240 2508 1332 2558 καὶ
1380 2511 1532 2558 τοῦτο
1583 2523 1694 2558 πει-

41 2740 191 2782 nem
219 2725 384 2783 hanc
408 2731 685 2784 accurate
716 2727 1020 2799 persecuti
1039 2731 1351 2795 sumus,et
1363 2727 1571 2784 omnia
1587 2727 1718 2784 haec

40 2819 406 2886 perscrutati
423 2815 500 2872 ad
517 2816 745 2873 animal
755 2817 985 2873 ratione
1001 2816 1321 2889 praeditum
1332 2815 1600 2889 provecti
1612 2832 1716 2872 su-

43 2919 189 2958 mus
214 2903 243 2958 ?
257 2905 462 2960 Utrum
477 2905 657 2960 etiam
677 2904 895 2962 divisio
907 2904 1528 2962 communicationum
1541 2905 1602 2960 in
1633 2909 1719 2962 tot

43 3006 274 3062 genera
303 2990 383 3048 ab
401 2991 514 3047 illis
543 3008 680 3065 quae
706 2998 846 3048 sunt
876 2993 1298 3065 positione,illa
1313 3008 1450 3064 quas
1463 2997 1716 3048 suntna-

44 3086 206 3144 tura,
230 3080 577 3153 separavit?
595 3084 800 3138 Utrum
818 3081 996 3137 etiam
1012 3081 1112 3138 illa
1125 3097 1263 3153 quas
1281 3086 1422 3137 sunt
1434 3085 1718 3153 praestan-

45 3170 206 3225 tiora
227 3170 729 3227 commonstravit
756 3169 1093 3226 differentia
1121 3169 1222 3226 illa
1245 3186 1381 3243 quae
1410 3185 1534 3226 una
1577 3185 1715 3226 cum

1853 637 1948 691 τὴν
1993 632 2368 692 τελειοποίησιν
2424 633 2793 706 συμϐάλλεται.
2822 630 2973 687 Ἐστι
3011 627 3071 684 δὲ
3123 635 3212 684 καὶ
3254 632 3286 689 ἠ
3331 651 3451 684 παιο

1855 717 1973 774 δεία
2005 718 2256 798 διάφορος
2285 729 2469 776 ·πᾶσα
2516 725 2614 798 γὰρ
2669 724 2902 792 μάθησις
2958 719 3030 782 εἰς
3075 725 3170 779 τὴν
3226 718 3450 773 καθόλου

1853 812 2119 881 ανάγεται,
2181 810 2500 864 ποικίλλεται
2555 813 2585 870 ἠ
2644 809 2864 863 καθόλου
2920 805 2979 862 δὲ
3042 804 3319 882 διαφόρως,
3381 807 3453 870 εἰς

1854 897 2182 972 φιλοσοφίαν,
2241 899 2313 962 εἰς
2370 905 2660 973 στρατείαν,
2711 897 2782 961 εἰς
2852 902 3118 964 ναυτικήν,
3161 896 3232 958 εἰς
3295 898 3454 969 ύφαν-

2112 987 2182 1050 εἰς
2258 993 2738 1062 χρυσοποιητικήν,
2825 987 2896 1050 εἰς
2986 989 3311 1058 ποιμενικὴν,
3384 984 3451 1046 εἰς

1854 1075 2232 1150 ὀψαρτυτικήν.
2283 1077 2354 1140 εἰς
2401 1081 2697 1136 τεκτονικὴν
2738 1079 2822 1130 xui
2896 1075 3052 1130 πλείω
3101 1076 3295 1127 τούτων
3359 1094 3448 1126 πο-

1853 1161 1936 1219 λύ.
1994 1167 2057 1218 Ᾱὶ
2100 1168 2190 1237 μὲν
2244 1161 2330 1218 οὖν
2388 1175 2448 1240 τῇ
2503 1166 2752 1239 καθολικῇ
2800 1172 3140 1218 κοινωνοῦσαι
3195 1166 3266 1225 ὡς
3318 1162 3452 1224 εἰκὸς

1855 1254 2086 1329 ἄριστοι.
2139 1252 2294 1307 Ἐστι
2327 1251 2386 1308 δὲ
2415 1257 2546 1314 αὕτη
2579 1255 2855 1328 φιλοσοφία
2887 1273 2900 1287 ·
2941 1261 3135 1326 γνῶσις
3180 1255 3283 1326 γὰρ
3338 1253 3452 1305 ἐστι

1854 1351 1954 1394 τῶν
1984 1347 2136 1395 ὄντων
2231 1347 2353 1396 ὄντα
2394 1342 2555 1416 ἐστὶν,
2601 1347 2664 1406 ὡς
2707 1344 2839 1405 εἰκὸς
2893 1338 2953 1395 δὲ
2999 1341 3149 1412 λέγω,
3204 1340 3311 1412 οὐχ
3374 1341 3451 1394 ὅτι

1854 1435 1942 1484 τὸν
1975 1435 2168 1484 σκυτέα
2215 1433 2528 1505 φιλοσοφεῖν,
2584 1431 2690 1485 ἀλλ’
2734 1433 2815 1485 ὅτι
2862 1434 2997 1484 κατὰ
3045 1429 3195 1502 λόγον
3242 1427 3452 1502 ἐργάζε-

1859 1521 1985 1572 σθαι
2035 1523 2102 1572 τὰ
2153 1519 2187 1572 ἃ
2219 1521 2600 1582 κατασκευάζει
2642 1517 2832 1574 πέδιλα
2881 1541 2894 1554 ·
2948 1524 3038 1572 καὶ
3090 1522 3176 1571 τὸν
3224 1519 3452 1592 ὑφάντην

1856 1613 1944 1661 καὶ
2000 1613 2086 1662 τὸν
2137 1607 2494 1684 ἀργυροκόπον
2540 1613 2672 1684 πρὸς
2734 1611 2829 1672 τὰς
2892 1609 3281 1683 μεταχειρίσεως
3345 1605 3453 1667 ἑνὸς

1857 1697 2078 1752 ἑκάστου
2130 1702 2264 1752 κατὰ
2328 1703 2415 1751 τόν
2462 1702 2621 1752 τύπον
2700 1699 2876 1754 αύτόν.
2938 1701 3156 1770 Λέγεται
3205 1698 3307 1768 γὰρ
3362 1699 3454 1749 καὶ

1859 1789 2016 1858 σοφὸς
2083 1786 2426 1859 ἀρχιτέκτων,
2479 1789 2585 1860 ούχ
2635 1789 2715 1841 ὄτι
2772 1782 2832 1840 δέ
2887 1789 2948 1858 γε
3016 1787 3086 1847 ὡς
3142 1781 3451 1858 φιλοσοφῶν,

1857 1873 1964 1927 ἀλλ’
1990 1878 2060 1938 ὡς
2105 1877 2185 1928 ὅτι
2225 1879 2359 1929 κατὰ
2406 1876 2556 1948 λόγον
2600 1879 2686 1929 τὸν
2735 1881 2923 1952 πρίονα
2985 1877 3073 1927 καὶ
3111 1891 3196 1927 τον
3242 1871 3455 1927 πέλεκυν

1853 1971 1986 2018 κινεί
2033 1967 2165 2038 πρὸς
2222 1967 2317 2027 τὰς
2381 1963 2662 2038 οἰκοδομάς
2718 1983 2732 2000 ⁸
2789 1963 3068 2037 ἀνάγονται
3119 1965 3220 2038 γὰρ
3285 1967 3454 2015 πᾶσαι

1852 2055 1986 2127 πρὸς
2011 2057 2134 2125 μίαν
2181 2052 2382 2125 ἑκάστῳ
2439 2053 2496 2106 αἱ
2546 2057 2732 2125 τέχναι
2775 2059 2871 2114 τῆς
2932 2049 3238 2124 φιλοσοφίας
3287 2045 3450 2105 ἰδίαν.

1856 2145 1956 2194 Καὶ
2005 2142 2030 2193 ό
2082 2145 2378 2216 στρατηγὸς
2424 2136 2619 2203 πολλῆς
2699 2135 2871 2194 δεῖται
2940 2137 3242 2213 φιλοσοφίας
3287 2137 3337 2190 ἔν
3396 2155 3452 2190 τε

1855 2227 2087 2302 βουλαῖς,
2121 2231 2169 2283 ἔν
2202 2249 2256 2283 τε
2285 2233 2544 2306 κρίσεσίν,
2577 2231 2626 2283 ἔν
2676 2247 2732 2283 τε
2772 2227 3098 2304 παρατάξεσι
3148 2229 3238 2280 καὶ
3305 2243 3450 2299 σχη-

1851 2325 2138 2391 ματισμοῖς
2212 2319 2456 2391 πολέμου,
2531 2323 2624 2371 καὶ
2677 2321 3023 2391 ναυμαχίαις,
3102 2319 3194 2368 καὶ
3243 2313 3453 2389 πολιορο

1850 2411 2011 2477 κίαις,
2038 2411 2130 2460 καὶ
2169 2404 2217 2460 ἐν
2264 2405 2440 2469 ἄλλαις
2485 2407 2698 2470 πολλαῖς
2751 2405 2975 2482 πράξεσι
3027 2405 3214 2481 ῥηταῖς
3258 2404 3304 2457 τ’
3361 2402 3453 2478 ἆρο

1848 2497 2050 2573 ῥήτοις.
2096 2494 2254 2571 Ἔχει
2281 2498 2384 2573 γάρ
2412 2498 2444 2556 ἠ
2480 2498 2832 2571 στρατιωτικὴ
2880 2499 2976 2556 τὴν
3026 2494 3152 2554 ὕλην
3204 2500 3304 2547 τῶν
3364 2491 3450 2568 ιρ-

1852 991 2024 1058 τικήν,

1823 2721 2023 2778 omnis
2063 2721 2223 2778 enim
2252 2720 2573 2794 disciplina
2601 2719 2684 2776 ad
2747 2718 3088 2793 generalem
3138 2722 3473 2776 revocatur.

1824 2809 1996 2867 Vario
2024 2814 2228 2868 autem
2252 2815 2310 2866 et
2325 2805 2724 2883 multipliciter
2751 2807 3146 2878 distribuitur,
3179 2807 3241 2864 in
3288 2806 3479 2880 philo-

1823 2907 2122 2979 sophiam,
2155 2907 2216 2962 in
2240 2906 2700 2978 imperatoriam,
2724 2906 2785 2961 in
2797 2904 3121 2971 nauticam,
3137 2905 3472 2972 textoriam,

1822 2995 2138 3052 auriﬁcum
2156 3001 2365 3062 artem,
2380 2995 2607 3066 pastori
2615 2995 2778 3061 tiam,
2792 2993 3166 3062 culinariam,
3180 2992 3447 3049 fabrilem
3459 3037 3472 3059 ,

1823 3086 1963 3143 etin
1983 3085 2172 3142 multo
2201 3085 2402 3158 plures
2429 3084 2576 3141 alias
2602 3101 2615 3141 :
2659 3100 2794 3156 qua:
2819 3083 2998 3155 igitur
3041 3099 3180 3140 cum
3211 3083 3475 3154 generali

1822 3175 1924 3231 illa
1951 3178 2092 3231 sunt
2116 3174 2578 3247 conjunctiores,
2610 3173 2821 3230 merito
2861 3172 3162 3229 habentur
3207 3171 3473 3246 optimm.

47 3255 342 3313 divisione
371 3257 573 3314 statim
603 3258 826 3314 exstitit
851 3257 880 3314 7
898 3259 1204 3314 Habentur
1224 3264 1426 3314 autem
1444 3258 1503 3314 in
1516 3273 1715 3314 rerum
1746 3261 1785 3315 C
1825 3267 1922 3321 Est
1941 3269 2143 3320 autem
2172 3264 2274 3321 illa
2299 3262 2683 3337 philosophia
2701 3261 2916 3335 prima,
2949 3277 3086 3334 quae
3115 3265 3203 3318 est
3249 3277 3472 3329 rerum,

48 3352 269 3402 natura
281 3346 803 3418 prmstantiorailla
817 3363 1199 3420 quascunque
1215 3347 1484 3420 proxime
1503 3346 1716 3420 princi-

49 3435 160 3508 pia
183 3435 313 3508 ipsa
346 3441 704 3508 sequuntur.
726 3436 1023 3510 Principia
1036 3453 1177 3494 vero
1194 3437 1329 3494 dico
1359 3437 1644 3494 humores
1660 3439 1716 3493 et

53 3529 255 3597 partes
276 3525 494 3582 animae
523 3525 680 3582 illius
711 3543 849 3600 quae
887 3526 1115 3584 animal
1142 3525 1372 3584 ratione
1395 3526 1712 3600 praeditum

56 3614 877 3688 constituit,quandoquidem
895 3631 970 3673 ex
985 3616 1210 3674 talibus
1223 3621 1460 3674 constat
1475 3619 1713 3690 sapiens

55 3703 205 3760 illud
233 3703 478 3773 animal,
511 3720 731 3778 nempe
758 3705 964 3762 homo.
990 3707 1198 3761 Utrum
1246 3705 1420 3775 igitur
1460 3721 1496 3762 a
1536 3703 1712 3762 nobis

57 3793 467 3850 demonstrata
495 3803 584 3850 est
599 3795 662 3850 in
682 3794 1112 3851 communitate
1132 3809 1335 3850 rerum
1377 3794 1711 3851 differentia

58 3884 264 3957 positis
290 3883 659 3956 quibusdam
707 3883 1081 3956 simplicibus
1120 3885 1652 3941 communionibus
1681 3884 1710 3940 ?

59 3975 260 4030 Utrum
291 3972 473 4029 etiam
509 3972 845 4030 differentia
879 3973 1500 4029 communicationum
1523 3972 1711 4030 brevi-

57 4065 147 4116 ter
174 4064 227 4116 et
246 4076 447 4133 presse
486 4060 803 4134 perstricta
851 4065 938 4118 est
966 4076 1037 4116 ac
1091 4060 1528 4133 comprehensa
1556 4059 1688 4132 posi

61 4149 138 4204 tis
167 4148 445 4221 symbolis
475 4151 608 4221 conj
620 4148 974 4222 ugationum
1003 4147 1485 4205 immutabilibus
1529 4150 1558 4206 ?
1609 4145 1710 4205 Vel

63 4237 219 4292 enim
240 4244 326 4293 est
349 4237 643 4309 generalis
675 4243 732 4294 et
769 4236 1060 4294 naturalis
1111 4237 1482 4308 communio,
1531 4241 1712 4310 atque

66 4325 162 4382 ille
187 4326 282 4398 qui
310 4343 378 4382 ex
410 4327 525 4382 hac
551 4330 805 4393 constat,
847 4331 1041 4382 rectus
1070 4330 1157 4380 est
1205 4333 1262 4381 et
1312 4324 1559 4398 probus,
1618 4323 1714 4381 vel

67 4415 226 4472 deest
269 4415 510 4488 aliquid,
551 4415 718 4489 quod
759 4414 838 4472 ad
891 4413 1314 4488 perfectionem
1370 4415 1710 4486 requiritur.

69 4507 247 4575 Atque
266 4501 342 4558 illi
363 4503 548 4559 deerit
572 4501 801 4576 aliquid
844 4501 951 4574 qui
999 4517 1071 4556 ex
1118 4501 1233 4557 hac
1285 4502 1713 4558 communione

1822 3358 2123 3426 quatenus
2163 3357 2321 3423 sunt,
2352 3351 2610 3422 cognitio
2641 3393 2654 3408 .
2690 3351 2831 3408 Dico
2859 3350 3072 3407 merito
3129 3365 3253 3407 non
3307 3349 3475 3423 quod

1824 3442 2158 3499 existimem
2185 3439 2503 3498 coriarium
2528 3439 2961 3513 phiiosophari,
2993 3438 3098 3496 sed
3124 3438 3478 3512 quodopor-

1822 3535 1943 3587 teat
1962 3529 2304 3596 coriarium,
2340 3545 2476 3602 qum
2498 3528 2735 3585 conﬁcit
2762 3527 3190 3596 calceamenta,
3251 3543 3324 3584 ex
3385 3542 3477 3584 ra-

1821 3620 1980 3676 tione
2045 3618 2337 3676 conﬁcere
2369 3617 2670 3691 ;itemque
2717 3621 3006 3674 textorem
3058 3621 3114 3675 et
3165 3616 3470 3674 auriﬁcem

1820 3707 1988 3778 fungi
2019 3707 2143 3764 suis
2155 3705 2507 3764 muneribus
2522 3711 2578 3762 et
2601 3711 2883 3779 praestare
2899 3721 2972 3762 ex
2983 3705 3178 3762 forma
3193 3705 3336 3762 artis
3349 3721 3474 3762 sua)

1818 3812 1953 3870 quae
1963 3795 2186 3854 debent
2197 3800 2490 3869 praestare.
2499 3797 2640 3852 Nam
2653 3793 3000 3852 architectus
3012 3809 3253 3867 quoque
3265 3793 3381 3850 dici
3388 3797 3475 3850 tur

1821 3887 2063 3959 sapiens
2082 3901 2208 3941 non
2235 3883 2403 3958 quod
2431 3883 2914 3957 philosophetur,
2944 3881 3049 3939 sed
3073 3882 3240 3955 quod
3268 3898 3343 3938 ex
3379 3898 3471 3940 ra-

1821 3975 1976 4031 tione
2006 3990 2232 4031 serram
2262 3979 2320 4029 et
2344 3971 2599 4028 securim
2630 3976 2833 4028 movet
2887 3969 2965 4027 ad
3014 3969 3468 4028 aediﬁcandum.

1819 4065 2040 4120 Omnes
2068 4061 2228 4118 enim
2251 4067 2406 4118 artes
2437 4059 2516 4118 ad
2548 4076 2736 4116 unam
2781 4057 3145 4129 singularem
3203 4057 3470 4132 aliquam

1819 4151 2212 4224 philosophiae
2232 4149 2430 4206 ideam
2463 4149 2817 4205 referuntur.
2843 4149 2908 4205 Et
2943 4148 3270 4219 imperator
3311 4163 3472 4204 exer-

1819 4240 1968 4296 citus
1996 4255 2121 4295 non
2165 4238 2394 4311 vulgari
2429 4252 2582 4310 opus
2618 4235 2801 4293 habet
2841 4235 3222 4310 philosophia
3264 4233 3326 4291 in
3370 4235 3472 4292 de-

1818 4327 2270 4385 liberationibus
2301 4326 2435 4383 etin
2459 4323 2722 4396 judiciis,
2761 4325 2826 4382 in
2877 4325 3229 4382 orainandis
3277 4329 3334 4382 et
3385 4324 3472 4382 in-

1821 4417 2122 4474 struendis
2167 4417 2374 4489 copiis,
2426 4415 2488 4472 in
2545 4414 2768 4487 praeliis
2821 4415 3158 4482 navalibus,
3196 4414 3260 4472 in
3310 4415 3470 4472 obsi-

1819 4504 2103 4562 dionibus
2131 4503 2382 4578 aliisque
2412 4502 2753 4560 actionibus
2799 4503 2978 4574 vulgo
3023 4504 3180 4560 notis
3229 4509 3286 4560 et
3305 4503 3471 4575 igno-

71 4591 410 4648 constitutus
436 4589 611 4648 fuerit
645 4609 658 4646 :
686 4589 782 4647 vel
811 4595 899 4646 est
922 4588 1142 4660 media,
1175 4593 1234 4646 et
1258 4589 1508 4662 proinde
1531 4589 1712 4646 medii
1747 4615 1790 4669 ι)
1820 4594 1919 4652 tis.
1957 4593 2146 4650 Habet
2171 4593 2331 4650 enim
2385 4609 2484 4651 ars
2529 4591 2799 4649 militaris
2844 4593 3056 4650 silvam
3103 4609 3358 4667 operum
3415 4597 3473 4652 et

76 4679 254 4753 quiex
277 4676 388 4738 hac
444 4681 746 4738 constituti
807 4679 1048 4738 fuerint.
1099 4677 1200 4735 Vel
1249 4679 1534 4736 definitur
1591 4697 1712 4736 am-

75 4768 250 4842 pliore
269 4775 322 4827 et
345 4770 574 4828 minore
600 4768 903 4843 qualitatis
931 4768 1230 4841 portione.
1261 4771 1455 4842 Atque
1501 4786 1572 4825 ex
1597 4769 1712 4826 hac

77 4859 353 4915 constituti
371 4858 811 4916 constitutionis
828 4863 884 4914 et
896 4862 1060 4914 ortus
1073 4873 1321 4913 causam
1351 4863 1708 4930 sequentur:

80 4962 149 5002 ac
175 4948 366 5019 prima
391 4947 638 5022 quidem
654 4963 852 5004 causa:
868 4944 1463 5016 communionum,ut
1484 4943 1711 5002 dictum

83 5035 181 5106 esi,
204 5035 257 5092 in
275 5037 622 5094 hominibus
657 5041 796 5092 sunt
820 5034 1128 5106 humores,
1152 5033 1406 5091 facultas
1424 5033 1709 5106 irascens,

81 5124 220 5181 ratio
274 5129 325 5182 et
372 5125 691 5200 cupiditas.
769 5128 885 5181 Has
927 5121 1317 5195 consequitur
1363 5123 1712 5181 eruditionis

83 5214 428 5273 communio.
443 5216 591 5272 Nam
613 5213 865 5271 eruditio
889 5211 950 5268 in
972 5211 1320 5268 hominibus
1339 5211 1400 5268 id
1429 5216 1518 5268 est
1544 5212 1712 5286 quod

81 5302 142 5356 in
161 5306 388 5359 materia
412 5308 504 5360 est
540 5303 738 5360 forma
766 5320 780 5370 ;
809 5300 962 5358 adeo
992 5304 1056 5356 ut
1111 5300 1214 5372 qui
1266 5299 1446 5357 etiam
1493 5306 1712 5358 natura

82 5390 289 5462 optima
316 5398 389 5466 sit
408 5396 714 5466 praeditus,
739 5391 853 5448 nisi
884 5390 1188 5456 doceatur,
1230 5405 1544 5462 nunquam
1575 5405 1709 5462 cog-

83 5478 341 5536 nitionem
361 5481 631 5554 aliquam
656 5481 731 5538 sit
759 5483 1187 5536 consecuturus
1206 5496 1224 5549 ;
1247 5477 1309 5534 id
1343 5479 1509 5551 quod
1536 5494 1709 5536 nemo

82 5583 196 5624 non
218 5569 505 5634 fatebitur.
539 5569 696 5628 Multi
716 5585 860 5626 vero
907 5567 1023 5624 hoc
1075 5567 1160 5623 ita
1213 5566 1434 5623 habere
1483 5568 1710 5641 experti

86 5663 227 5714 sunt.
261 5663 445 5726 Quare
519 5659 772 5717 eruditio
831 5657 908 5714 ab
969 5656 1390 5730 perfectionem
1444 5657 1706 5716 hominis

84 5749 316 5808 maxime
343 5739 590 5810 confert.
647 5752 748 5812 Est
788 5752 988 5815 autem
1047 5745 1299 5804 eruditio
1345 5748 1655 5822 multiplex
1686 5765 1704 5816 ;

1820 4683 2094 4754 subjecta
2121 4681 2454 4740 indeﬁnita.
2485 4685 2620 4739 Hinc
2657 4682 2838 4752 igitur
2868 4683 3075 4738 omnia
3099 4682 3178 4739 ad
3207 4679 3470 4755 philoso-

1819 4772 2026 4844 phiam
2055 4776 2411 4828 revocantur
2441 4789 2456 4828 :
2489 4771 2622 4844 ipsa
2648 4787 2790 4827 vero
2819 4775 2906 4828 est
2935 4776 3226 4842 tanquam
3269 4767 3469 4827 erudi-

1820 4859 1996 4917 tionis
2023 4859 2234 4916 oculus
2258 4863 2316 4916 et
2337 4875 2651 4916 cacumen.
2718 4857 2994 4914 Distincte
3041 4857 3219 4928 igitur
3257 4856 3472 4914 docea-

1821 4965 1957 5006 mus
1976 4965 2262 5022 quaenam
2281 4952 2496 5005 natura
2516 4949 2788 5004 constent
2807 4952 2862 5003 et
2887 4961 3025 5019 quae
3046 4943 3344 5018 positione
3376 4961 3470 5016 ;ex

1819 5039 2044 5096 finibus
2075 5045 2276 5097 autem
2304 5038 2421 5094 hoc
2467 5035 2672 5109 ipsum
2712 5051 3074 5106 cognoscere
3116 5034 3467 5108 poterimus.

1821 5129 1990 5186 Fines
2014 5127 2196 5186 etiam
2241 5125 2603 5198 principium
2651 5128 2708 5181 et
2755 5140 3004 5181 causam
3055 5121 3344 5182 indicant.
3400 5124 3471 5182 Ut

1820 5217 1982 5273 enim
2012 5215 2320 5290 proportio
2348 5213 2610 5288 partium
2640 5212 2843 5269 circuli
2884 5213 3324 5286 etcomparatio
3338 5229 3468 5269 cum

1819 5304 2127 5363 elementis
2159 5303 2416 5361 ostendit
2454 5300 2625 5368 illud,
2649 5301 2816 5374 quod
2842 5306 3058 5358 natura
3104 5305 3358 5370 constat,
3411 5305 3472 5359 et

1817 5391 1962 5450 illud
1982 5394 2148 5467 quod
2180 5390 2494 5464 positione,
2518 5389 2781 5461 itemque
2809 5389 3118 5463 proportio
3144 5394 3200 5446 et
3219 5405 3467 5462 compa-

1816 5484 1965 5540 ratio
2004 5483 2328 5538 humerum
2373 5495 2509 5534 cum
2567 5477 2713 5549 ipsis
2756 5477 3063 5536 elementis
3109 5477 3261 5535 illud
3311 5477 3465 5535 idem

1817 5570 2106 5630 ostendit:
2139 5569 2221 5626 ita
2253 5567 2432 5624 etiam
2473 5565 2974 5623 communionum
3013 5567 3468 5646 conjugationes

1816 5659 2142 5718 ostendunt
2164 5655 2464 5714 naturales
2497 5655 2776 5712 animalis
2812 5657 3040 5714 ratione
3070 5657 3303 5731 praediti
3332 5647 3467 5730 pro-

1813 5747 2112 5823 prietates,
2137 5741 2195 5802 et
2229 5743 2538 5821 quomodo
2584 5735 2761 5802 bonae
2808 5749 2952 5804 eunt
3005 5739 3063 5804 et
3105 5738 3462 5824 laudabiles,
