3932 6326
432 320 569 381 1343

1970 317 2329 401 acorum.

3760 319 3866 374 134ιὶ

455 453 658 521 γασιῶν
719 448 809 503 καὶ
859 443 925 503 τά
1010 444 1322 520 ὑποκιίμινα
1392 445 1636 523 ἀόριστα.
1706 446 1885 501 Πάντα
1932 451 2057 519 γοῦν
2121 449 2169 504 Α
2222 445 2474 520 φθαρικὸν
2514 442 2754 503 ἐποίησεν
2782 443 2843 497 ἂν
2871 448 3024 499 τοῦτο
3057 442 3154 512 ;Οὐ
3206 444 3414 517 φύσεως
3477 436 3582 501 δή.
3652 440 3850 502 Ἐποίη-

456 545 624 592 ταὺτα
653 535 726 597 εἷς
750 540 843 595 τὴν
898 533 1205 609 φιλοσοφίαν
1256 534 1530 610 ἀνάγονται
1571 559 1585 572 ο
1645 536 1775 597 αὕτη
1819 533 1878 590 δε
1932 556 2062 589 παι-

463 624 606 689 δείας
647 626 790 679 ἐστὶν
821 625 925 678 οἷον
979 624 1235 699 ὀφθαλμὸς
1263 630 1350 679 καὶ
1418 625 1671 703 ἀκρωρία.
1721 630 2064 701 Διαχωρίσω-

457 736 547 794 μεν
616 722 741 788 γοῦν
807 733 924 767 τινα
978 716 1170 767 τούτων
1244 719 1334 769 καὶ
1387 724 1487 769 τῶν
1543 716 1705 770 ἄλλων
1768 719 1918 790 φύσει
1971 717 2064 769 καί

458 825 574 862 τινα
632 806 770 858 θέσει
820 821 833 835 '
885 804 1220 880 εὑρεθήσεται
1286 801 1348 858 δί
1396 813 1547 860 τοῦτο
1598 805 1653 859 ἐκ
1704 814 1802 860 τῶν
1850 804 2003 863 τελῶν
2045 824 2060 840 ⁶

457 898 524 951 τά
574 896 674 968 γάρ
744 893 861 955 τέλη
952 889 1226 954 δηλοποιεῖ
1296 899 1392 956 τήν
1449 894 1647 977 ἀρχήν.
1705 894 1904 970 Ὠσπερ
1957 895 2059 968 γάρ

458 987 489 1048 ἡ
561 990 654 1038 τοῦ
719 983 909 1041 κύκλου
972 992 1138 1059 μερῶν
1212 982 1461 1059 ἀναλογία
1515 1005 1645 1060 προς
1696 987 1760 1039 τά
1820 991 2064 1059 στοιχεῖα

458 1077 517 1132 τὸ
547 1074 705 1148 φύσει
729 1069 965 1128 δείκνυσι
994 1078 1084 1129 καὶ
1112 1076 1170 1127 τὸ
1212 1076 1372 1143 θέσει,
1398 1079 1488 1130 καὶ
1513 1077 1543 1135 ἡ
1604 1078 1734 1152 πρὸς
1779 1075 1913 1130 αὑτά
1962 1083 2061 1127 τῶν

458 1171 647 1240 χυμῶν
687 1164 898 1237 ὁμοίως,
930 1168 1021 1217 καὶ
1062 1165 1117 1217 αἰ
1180 1164 1435 1239 συζυγίαι
1485 1174 1584 1219 τῶν
1636 1174 1931 1233 κοινωνιῶν,
1971 1169 2062 1220 καὶ

460 1256 595 1312 κατά
623 1256 708 1309 τὸν
736 1252 890 1308 αὐτὸν
919 1252 1070 1326 λόγον
1127 1254 1194 1310 τά
1248 1261 1344 1310 τοῦ
1406 1254 1618 1331 λογικοῦ
1669 1256 1806 1319 ζὼου
1866 1256 2063 1328 φυσικά

465 1340 748 1417 ἰδιώματα,
800 1347 890 1396 καὶ
942 1350 1047 1407 πῶς
1102 1345 1192 1417 μὶν
1237 1342 1411 1415 ἀγαθά
1481 1352 1593 1409 πῶς
1649 1340 1702 1397 δ’
1773 1342 1852 1412 οὒ,
1911 1343 2064 1396 ἅτινα

460 1432 649 1507 μᾶλλον
674 1438 766 1485 τοῦ
794 1434 933 1489 θέσει
961 1432 990 1491 ἦ
1020 1438 1110 1485 τοῦ
1164 1433 1316 1504 φύσει
1360 1431 1498 1488 ἐστίν
1533 1455 1545 1467 ο
1580 1433 1716 1488 οὕτω
1750 1429 1817 1492 δὴ
1872 1436 1962 1486 καὶ
2013 1431 2062 1486 ἐν

461 1522 783 1595 ἐπιστήμαις
805 1524 896 1576 καὶ
924 1525 1139 1595 τέχναις
1177 1519 1406 1595 ἀναφανῇ
1459 1525 1518 1575 1'6
1545 1524 1696 1599 φύσει
1749 1541 1805 1579 τι
1860 1526 1950 1579 καὶ
2002 1524 2061 1577 16

464 1613 623 1669 θέσει.
666 1607 808 1667 Εἰδέ
843 1629 923 1674 τις
953 1609 1155 1685 ἀφορῶν
1195 1612 1275 1665 ὄόι
1328 1614 1499 1666 πάντα
1552 1620 1647 1675 τῆς
1705 1615 1921 1685 φύσεως,
1975 1615 2065 1667 καὶ

462 1703 543 1755 ὅτι
602 1706 752 1755 πᾶσα
810 1704 1119 1773 τέχνητῆς
1175 1699 1488 1775 ἐπιστήμης,
1541 1707 1632 1755 καὶ
1692 1698 1785 1755 διά
1826 1707 1978 1754 τοῦτο
2030 1700 2060 1761 ᾖ

461 1793 632 1847 πάντα
703 1798 796 1853 τῆς
846 1792 1068 1862 φύσεως,
1141 1790 1172 1854 ἦ
1229 1788 1379 1849 οὐδὲν
1437 1791 1546 1846 ἐστι
1601 1792 1823 1867 φύσεως,
1881 1795 1971 1844 καὶ
2031 1791 2061 1851 ἦ

461 1879 630 1937 πάντα
678 1887 773 1942 τῆς
819 1877 1115 1953 ἐπιστήμης
1176 1880 1206 1941 ᾖ
1268 1877 1392 1935 οὐδε
1444 1881 1494 1935 ἓν
1548 1879 1690 1937 ἐστιν
1746 1880 2064 1954 ἐπιστήμης,

462 1966 738 2023 πλανᾶται.
790 1964 932 2022 Οὐδὲ
982 1971 1084 2043 γάρ
1135 1969 1230 2033 ἔξω
1275 1977 1372 2033 τῆς
1420 1972 1622 2043 φύσεως
1673 1969 1831 2029 ἄλλην
1912 1972 2067 2042 φύσιν

467 2054 759 2130 σπεύδομεν
800 2054 991 2128 δεῖξαι,
1182 2061 1250 2112 τά
1277 2062 1349 2133 μή
1407 2061 1542 2117 κατά
1592 2062 1748 2134 φύσιν
1800 2063 2065 2137 γινόμενα.

465 2148 627 2203 εἷτουν
664 2149 733 2204 τά
771 2152 842 2221 μή
875 2146 1044 2210 καλῶς
1085 2152 1176 2203 καὶ
1205 2147 1509 2225 εἰλικρινῶς,
1559 2149 1665 2207 οἷον
1721 2153 1816 2211 τήν
1866 2150 2069 2225 μάχαι·

461 2255 557 2311 ραν
592 2237 618 2295 ἡ
654 2238 809 2309 φύσις
829 2237 945 2310 εὗρέ
972 2256 1025 2293 τι
1052 2244 1292 2312 πρᾶγμα,
1351 2244 1483 2293 κινεῖ
1520 2234 1579 2292 δὲ
1629 2258 1713 2300 τις
1757 2237 1918 2297 αὐτήν
1968 2257 2070 2292 πα-

460 2325 693 2402 ραλόγως
725 2348 739 2362 ο
774 2321 857 2402 ἆρ’
906 2322 993 2381 οὖν
1022 2325 1219 2401 ἀλόγως
1281 2330 1311 2386 ἡ
1354 2330 1507 2402 φύσις
1557 2327 1671 2402 ιῦρε
1722 2332 1815 2386 τὴν
1868 2328 2070 2401 μάχαι-

460 2433 556 2489 ραν
588 2431 603 2483 ;
632 2418 857 2472 Οὔκουν.
916 2413 980 2471 ’Π
1016 2417 1096 2471 ὄτι
1133 2419 1192 2470 1'6
1249 2417 1438 2473 ἐσθίειν
1499 2419 1566 2470 τά
1610 2416 1722 2478 ζῶα
1769 2416 1983 2490 ἄριστον
2034 2420 2065 2479 ή

463 2504 615 2577 φύσις
655 2499 817 2557 ἔδωκε
861 2499 1004 2576 δόμα
1069 2519 1083 2534 '
1140 2506 1198 2557 1'6
1262 2507 1394 2578 πρὸς
1434 2508 1584 2579 κόρον
1643 2502 1833 2557 ἐσθίειν
1872 2504 2070 2577 εἰσάγει

464 2589 668 2665 βλάϐην
703 2613 716 2626 ·
745 2595 775 2651 ἡ
813 2594 964 2665 φύσις
1015 2594 1074 2645 1'6
1133 2590 1322 2647 ἐσθίειν
1380 2601 1483 2655 τοῖς
1541 2593 1693 2655 ζώοις
1741 2593 1813 2657 εἰς
1866 2592 2068 2667 βλάϐην

462 2678 625 2735 ἔδωκε
656 2701 672 2752 ;
699 2688 865 2735 Τοῦτο
892 2678 952 2736 δὲ
979 2688 1085 2743 πῶς
1119 2699 1132 2750 ;
1176 2687 1279 2739 Καὶ
1344 2686 1444 2758 γάρ
1507 2685 1817 2737 συνιστάναι
1866 2682 1921 2748 ἐξ
1974 2684 2069 2737 οὐκ

467 2773 609 2834 ὄντος
665 2773 696 2831 ή
749 2774 903 2847 φύσις
956 2768 1263 2827 σπεύδουσα
1321 2781 1433 2836 πῶς
1496 2776 1556 2827 1'6
1630 2776 1762 2849 πρὸς
1810 2775 2068 2829 σύστασιν

2225 554 2283 589 σε
2314 530 2374 589 δὲ
2398 538 2456 587 τό
2486 533 2676 588 ἐσθίειν
2724 537 2754 594 ἠ
2811 535 2988 609 φύσις,
3016 533 3076 587 οὗ
3108 535 3392 611 φθαρτικόν
3448 539 3562 585 τῶν
3602 551 3851 587 συνιστα-

2221 628 2383 698 μένων
2448 620 2546 677 διά
2591 631 2806 701 τροφῆς,
2840 622 2968 677 ἀλλά
2994 623 3182 698 μᾶλλον
3228 626 3592 677 συστατικὸν.
3652 629 3775 685 Πῶς

2221 712 2512 768 πλεονεκτεῖ
2584 722 2696 778 τοῖς
2779 720 3021 787 φυσικοῖς
3098 710 3385 786 ἰδιώμασίν
3474 732 3560 774 τις
3650 718 3852 785 κρᾶσις,

2222 808 2313 857 καὶ
2350 804 2552 878 εἰσάγει
2579 807 2647 858 1'6:
2693 808 2765 878 μή
2813 805 2928 857 κατ’
2968 803 3166 858 εὐθεῖαν
3199 808 3533 877 γιγνόμεναι,
3591 804 3738 867 οἷον,
3787 805 3855 855 ὅτι

2221 898 2317 953 τήν
2354 900 2515 968 χεῖρα
2566 890 2859 956 δακτύλους
2908 897 3049 967 ἔχειν
3088 890 3172 947 δεῖ
3225 896 3449 966 φύσεως,
3519 892 3580 956 ἓξ
3647 889 3719 946 δέ
3746 896 3852 957 6'3;

2223 983 2343 1041 Εἰσὶ
2407 979 2467 1038 δέ
2511 1003 2643 1047 τινες
2688 989 2865 1060 χεῖρες
2914 988 3006 1037 καὶ
3058 979 3403 1046 ἑξαδάκτυλοι
3436 1002 3452 1016 ’
3489 988 3591 1036 καὶ
3650 986 3717 1034 τὸ

2224 1075 2364 1147 ἔχειν
2402 1078 2496 1132 τὴν
2524 1082 2685 1151 χεῖρα
2734 1069 3041 1140 δακτύλους,
3101 1076 3301 1147 φύσεως
3359 1090 3375 1103 ⁶
3426 1075 3491 1125 τό
3528 1069 3599 1125 δὲ
3648 1072 3857 1135 πλείους

2224 1166 2428 1237 φύσεως
2492 1165 2602 1237 μὶν,
2637 1162 3045 1237 ’ἀποτυχούσης
3096 1160 3157 1218 δὲ
3225 1169 3316 1215 τοῦ
3381 1169 3623 1217 σκοποῦ.
3710 1161 3856 1233 Ἔχει

2226 1248 2367 1306 διότι
2396 1273 2486 1306 και
2514 1255 2574 1305 1'6
2628 1251 2960 1326 συμϐεϐηκός
3004 1272 3120 1306 τινα
3176 1248 3420 1326 δὺναμιν.
3467 1249 3597 1326 Ἆρ’
3649 1248 3748 1304 οὖν
3798 1256 3858 1303 τὰ

2225 1341 2273 1395 ἓν
2332 1349 2395 1416 τῇ
2453 1342 2605 1415 φύσει
2651 1339 2870 1415 ἀγαθά·
2919 1345 3009 1394 καὶ
3066 1344 3138 1414 μή
3178 1338 3351 1412 ἀγαθά
3412 1356 3428 1371 ⁶
3490 1344 3587 1392 καὶ
3640 1341 3718 1392 τὰ

2226 1429 2421 1503 ἀγαθὰ,
2455 1428 2567 1499 ἶσα,
2596 1432 2660 1484 τὰ
2704 1427 2763 1486 δε
2804 1434 2876 1504 μή
2911 1428 3085 1502 ἀγαθά
3135 1429 3249 1482 κατ’
3308 1428 3568 1501 ἐλλείψεις
3620 1426 3860 1502 ἐπισυμ-

2227 1520 2390 1575 ϐαίνει
2418 1541 2472 1575 τε
2510 1526 2599 1575 καὶ
2622 1520 2998 1595 πλεονασμούς.

2300 1611 2374 1689 β’.
2426 1619 2607 1666 Παντα
2633 1614 2722 1685 μὲν
2770 1608 2859 1664 οὖν
2910 1608 3189 1682 ἀνάγονται
3233 1609 3303 1670 εἰς
3358 1613 3455 1669 τήν
3518 1611 3717 1682 φύσιν,
3774 1629 3859 1661 και

2227 1705 2376 1755 πᾶσα
2404 1702 2641 1774 μάθησις
2672 1700 2744 1762 εἰς
2788 1703 2884 1759 τὴν
2915 1697 3136 1752 καθόλου
3166 1694 3431 1769 παιδείαν,
3486 1699 3521 1757 ἦ
3533 1718 3557 1758 ς
3609 1696 3770 1751 ἐστιν
3828 1702 3856 1755 ἑ

2229 1789 2528 1864 φιλοσοφία,
2581 1790 2685 1843 οἷον
2737 1789 3001 1863 ὀφθαλμὸς
3048 1792 3137 1842 καὶ
3190 1785 3472 1862 ἀκρώρεια.
3526 1786 3737 1840 Πολλοὶ
3804 1784 3861 1840 δε

2228 1885 2319 1934 καὶ
2355 1880 2664 1956 παραλόγως
2712 1879 3137 1952 συλλογιζόμινοι
3183 1875 3626 1950 ὑπολαμϐάνουσι
3686 1878 3762 1930 τά
3787 1882 3856 1950 μή

2230 1969 2365 2022 κατά
2412 1970 2588 2041 φύσιν.
2639 1967 2793 2022 ’Ἐστι
2846 1963 2906 2021 δὲ
2959 1966 3134 2029 αὐτοῖς
3174 1969 3234 2019 τὸ
3281 1964 3712 2037 συλλογίζεσθαι
3756 1986 3859 2018 πα-

2228 2057 2480 2133 ραλόγως,
2547 2059 2630 2110 ὅτι
2674 2058 2741 2110 τά
2807 2060 2879 2129 μή
2933 2057 3069 2108 κατά
3129 2057 3284 2126 φύσιν
3353 2052 3855 2127 ὑπολαμϐάνουσιν.

2231 2147 2344 2201 Οὐκ
2375 2150 2486 2200 ἔστι
2520 2144 2600 2216 δε,
2632 2146 2767 2199 κατά
2794 2148 2881 2198 τὸν
2910 2147 3030 2220 ἐμὸν
3067 2143 3239 2216 λόγον,
3283 2143 3344 2196 οὗ
3385 2151 3483 2206 τῆς
3531 2145 3756 2216 φύσεως
3801 2147 3857 2196 τό

2231 2241 2302 2309 μὴ
2345 2239 2480 2292 κατά
2511 2238 2686 2310 φύσιν,
2755 2234 2883 2287 ἀλλά
2927 2236 3130 2309 φύσεως
3169 2236 3281 2307 μὲν,
3321 2232 3754 2306 πλημμελοῦπς
3802 2229 3857 2286 δὲ

2231 2329 2262 2389 ἦ
2304 2325 2626 2406 ἀπορούσης.
2670 2329 2770 2381 Καὶ
2803 2328 2870 2378 τὰ
2924 2333 3016 2387 τῆς
3059 2320 3306 2386 παιδείας
3366 2326 3655 2387 ὡσαύτως.
3716 2324 3855 2377 Ἐπεὶ

2230 2420 2331 2491 γὰρ
2386 2421 2476 2471 καί
2514 2420 2645 2484 τινές
2685 2435 2814 2489 φασι
2852 2416 2948 2477 τὰς
2986 2412 3179 2475 οἰκείας
3223 2409 3525 2487 διακρίσεις
3582 2412 3853 2466 εὐλολοῦνο

2229 2524 2331 2576 τες,
2359 2505 2576 2578 Ὀνόμος
2600 2501 2728 2571 εἶπε,
2756 2500 2896 2577 μηδὲ
2956 2507 3049 2563 τήν
3102 2509 3195 2556 τοῦ
3240 2505 3400 2574 νόμου
3456 2499 3654 2575 βίϐλον
3720 2498 3853 2554 ἰδόν-

2230 2613 2335 2665 τες,
2387 2599 2477 2648 καὶ
2514 2597 2573 2647 τὸ
2612 2597 2701 2668 μὲν
2745 2593 2799 2657 ἐξ
2827 2592 3126 2666 ἐπιστήμης
3154 2594 3337 2666 ὀρμᾷν,
3388 2593 3524 2655 ἴσως
3585 2589 3674 2659 ἂν,
3745 2594 3853 2644 76-J-

2228 2703 2337 2747 τοις
2366 2683 2643 2757 ἐγγίνεται,
2698 2687 2760 2736 τό
2811 2679 2871 2736 δε
2904 2688 2976 2756 μὴ
3011 2685 3147 2735 κατὰ
3182 2685 3307 2743 τοὺς
3353 2679 3667 2755 ἐπιστήμης
3696 2686 3849 2734 κυό-

2229 2793 2323 2838 νας
2364 2776 2601 2848 φάσκειν,
2665 2772 2724 2827 οὗ
2764 2772 2954 2836 τελείας
3025 2779 3119 2834 τῆς
3173 2769 3492 2844 ἐπιστήμης.
3563 2777 3743 2825 Τοῦτο
3792 2768 3849 2825 δὲ

435 3058 746 3132 quomodo
775 3059 953 3116 etiam
984 3073 1108 3117 non
1136 3058 1336 3127 bonas,
1378 3074 1514 3133 quae
1536 3058 1678 3116 item
1702 3058 1900 3131 magis
1929 3058 2089 3133 posi-
2123 3061 2163 3117 C
2194 3058 2448 3117 habeat?
2466 3062 2614 3118 Sunt
2627 3062 2827 3116 autem
2839 3073 3059 3115 manus
3072 3056 3354 3131 quaedam
3366 3072 3509 3130 qua:
3524 3058 3865 3116 sexhabent

435 3148 600 3206 tione
625 3152 922 3218 constant,
950 3164 1137 3222 quam
1174 3152 1426 3208 natura:
1454 3149 1539 3206 ita
1565 3148 1814 3206 etiamin
1828 3148 2088 3206 scientiis

435 3242 492 3296 et
511 3239 736 3297 artibus
755 3238 1128 3296 luculentum
1185 3238 1425 3309 exsistit,
1469 3239 1637 3313 quod
1682 3242 1902 3296 natura
1951 3254 2091 3296 con-

436 3333 550 3385 stat
564 3333 620 3385 et
648 3328 816 3401 quod
836 3327 1151 3400 positione.
1179 3328 1351 3394 Quod
1381 3328 1575 3402 siquis
1589 3328 1835 3385 animad
1852 3333 2087 3386 vertens

435 3418 640 3474 omnia
661 3420 1033 3472 essenaturas
1062 3419 1119 3473 et
1143 3430 1389 3473 omnem
1429 3422 1619 3474 artem
1683 3417 1952 3474 revocari
2009 3417 2088 3473 ad

435 3504 769 3573 scientiam,
802 3509 860 3560 et
878 3503 1099 3561 idcirco
1113 3509 1348 3561 asserat
1359 3505 1565 3561 omnia
1582 3522 1711 3562 esse
1724 3510 1970 3574 natum,
1987 3510 2089 3562 aut

434 3592 582 3650 nihil
604 3608 733 3649 esse
762 3596 1011 3662 naturae,
1034 3594 1297 3667 itemque
1323 3599 1426 3651 aut
1461 3594 1610 3651 nihil
1636 3610 1764 3651 esse
1803 3594 2084 3651 scientias:

433 3681 613 3752 longe
645 3680 1098 3756 fallitur.Nequc
1139 3683 1300 3739 enim
1357 3688 1524 3741 extra
1569 3689 1851 3741 naturam
1903 3683 2088 3740 aliam

433 3775 715 3829 naturam
742 3770 1045 3843 volumus,
1069 3777 1173 3828 aut
1202 3788 1529 3847 possumus
1583 3773 1921 3842 ostendere,
1980 3773 2089 3829 sed

434 3876 570 3934 quae
599 3876 672 3917 ex
689 3865 904 3918 natura
932 3876 1056 3923 non
1095 3862 1385 3920 exsistunt
1412 3863 1670 3919 dicimus
1697 3862 1799 3920 illa
1824 3879 1955 3919 esse
1982 3862 2088 3918 ab-

433 3951 697 4019 ventitia,
720 3951 835 4007 hoc
864 3954 970 4024 est,
994 3968 1129 4025 quas
1155 3966 1277 4008 non
1302 3952 1588 4026 praeclare
1609 3957 1666 4009 et
1692 3952 1919 4009 sincere
1961 3951 2086 4008 etii-

434 4038 672 4096 ciuntur
706 4043 791 4109 ut,
848 4040 1105 4113 exempli
1163 4041 1373 4111 gratia,
1432 4046 1647 4098 natura
1713 4057 1822 4115 per
1902 4044 2090 4098 artem

436 4127 833 4186 conformavit
856 4144 983 4186 rem
1011 4128 1302 4202 aliquam,
1330 4133 1396 4186 ut
1420 4130 1707 4204 gladium,
1740 4145 1862 4203 quo
1875 4129 2090 4203 aliquis

436 4217 617 4273 utitur
640 4223 854 4290 praeter
877 4218 1190 4288 rationem,
1234 4219 1552 4276 anidcirco
1597 4224 1815 4277 natura
1878 4222 2091 4292 praeter

435 4307 727 4362 rationem
755 4306 1023 4377 galdium
1043 4307 1346 4364 invenisse
1367 4307 1594 4365 dicetur
1636 4311 1665 4366 ?
1716 4313 1843 4366 Non
1895 4309 2087 4382 profe-

2197 3150 2435 3221 digitos,
2468 3165 2539 3206 ac
2568 3164 2799 3207 manun
2824 3148 3071 3222 quidem
3117 3162 3221 3204 sex
3240 3146 3469 3203 habere
3507 3147 3747 3219 digitos
3790 3150 3865 3204 est

2196 3243 2446 3307 naturas,
2480 3254 2586 3312 sep
2613 3237 2815 3312 plures
2836 3237 3062 3295 habere
3091 3242 3228 3293 tunc
3258 3237 3510 3307 contigit
3560 3254 3716 3294 cum
3774 3253 3863 3293 na-

2196 3334 2329 3387 tura
2356 3344 2607 3402 scopum
2647 3344 2772 3386 non
2792 3328 3193 3402 consequitur.
3218 3330 3368 3384 Nam
3400 3326 3759 3386 adventitia
3779 3328 3856 3384 vis

2197 3418 2524 3492 aliquando
2568 3417 2799 3492 aliquid
2854 3416 3090 3474 efﬁcere
3129 3421 3341 3490 potest.
3401 3418 3562 3474 Sunt
3597 3418 3785 3488 igitur
3811 3420 3861 3473 in

2195 3513 2413 3565 natura
2441 3508 2606 3565 bona
2632 3513 2829 3565 etnon
2874 3506 3058 3564 bona.
3085 3509 3169 3563 Ac
3213 3506 3377 3562 bona
3424 3507 3699 3579 quidem
3745 3511 3865 3564 sunt

2197 3615 2391 3672 aequa,
2416 3613 2539 3654 non
2567 3597 2734 3655 bona
2784 3612 2928 3655 vero
2960 3612 3031 3654 ex
3079 3596 3316 3653 defectu
3370 3599 3427 3653 et
3485 3596 3864 3655 abundantia

2196 3687 2400 3745 nolent
2429 3687 2731 3744 exsistere.

2270 3776 2483 3834 Omnia
2518 3776 2698 3848 igitur
2735 3776 2812 3834 ab
2856 3780 3139 3834 naturam
3157 3780 3546 3844 revocantur,
3585 3781 3653 3834 et
3684 3777 3862 3834 omnis

2197 3865 2516 3939 disciplina
2551 3866 2629 3923 ad
2662 3865 3004 3940 generalem
3032 3865 3420 3922 eruditionem
3463 3866 3659 3936 cujus
3694 3866 3863 3939 philo-

2198 3955 2413 4028 sophia
2428 3960 2515 4013 est
2533 3959 2827 4030 tanquam
2857 3955 3068 4012 oculus
3098 3958 3155 4011 et
3188 3969 3487 4010 cacumen
3520 3955 3719 4012 .Multi
3745 3970 3862 4011 vero

2195 4051 2405 4120 praeter
2421 4046 2715 4102 rationem
2745 4044 3091 4115 colligentes
3136 4042 3480 4099 existimant
3512 4059 3659 4099 esse
3722 4061 3861 4116 quas-

2197 4134 2342 4191 dam
2372 4150 2497 4191 non
2536 4151 2606 4191 ex
2619 4139 2855 4191 natura.
2881 4132 3262 4191 Concludunt
3289 4135 3496 4188 autem
3529 4137 3759 4205 praeter
3782 4148 3860 4188 ra-

2196 4224 2421 4281 tionem
2447 4239 2587 4281 cum
2614 4224 2816 4298 aliqua
2836 4234 2960 4279 non
2999 4238 3072 4279 ex
3102 4227 3316 4279 natura
3340 4236 3472 4277 esse
3495 4221 3857 4284 existimant.

2198 4314 2304 4370 sed
2334 4329 2469 4369 mea
2488 4313 2732 4387 quidem
2763 4313 3073 4380 sententia,
3098 4326 3235 4385 quae
3248 4326 3371 4367 non
3385 4316 3621 4368 suntex
3636 4316 3854 4380 natura,

436 4399 551 4451 cto.
578 4397 694 4451 Aut
716 4396 860 4467 quia
880 4410 1124 4451 sensum
1147 4395 1309 4452 hunc
1347 4398 1642 4470 optimum
1667 4403 1884 4456 natura
1921 4397 2088 4454 dedi-
2121 4420 2164 4475 ο
2197 4402 2297 4460 illa
2324 4419 2448 4460 non
2479 4406 2619 4459 sunt
2638 4401 2895 4458 dicenda
2917 4416 3042 4458 non
3072 4415 3201 4458 esse
3227 4404 3484 4468 naturae,
3522 4415 3677 4456 cum
3701 4405 3857 4457 natu-

438 4482 865 4555 animantibus,
898 4483 1063 4558 quod
1087 4485 1244 4540 vesci
1264 4490 1535 4558 oporteat
1565 4487 1759 4544 :vesci
1780 4492 1978 4544 autem
2011 4486 2090 4544 ad

438 4572 769 4628 satietatem
814 4576 903 4628 est
932 4572 1432 4643 incommodum;
1481 4592 1561 4632 an
1613 4576 1835 4632 idcirco
1873 4580 2090 4633 natura

422 4659 844 4720 animantibus
894 4661 1059 4719 dedit
1106 4666 1174 4718 ut
1226 4663 1610 4721 incommode
1660 4667 2091 4722 vescerentur?

437 4751 667 4809 Etenim
688 4766 827 4808 cum
862 4756 1081 4809 natura
1126 4753 1501 4811 conformare
1565 4755 1869 4811 constituit
1925 4756 2091 4829 quod

435 4844 719 4911 nouerat,
770 4855 893 4914 quo
935 4846 1112 4913 pacto
1160 4841 1239 4898 ad
1296 4842 1857 4912 conformationem,
1920 4842 2088 4917 quod

434 4930 556 4986 vim
579 4929 763 4987 habet
790 4929 1193 4997 interimendi,
1220 4935 1457 5002 pararet
1486 4931 1514 4987 ?
1547 4930 1661 4987 Sed
1680 4946 1825 4988 sane
1838 4932 2089 4989 hocnon

437 5021 525 5075 est
556 5021 809 5076 naturas.
866 5019 1082 5074 Contra
1120 5018 1279 5073 vesci
1308 5016 1594 5075 animalia
1621 5019 1812 5097 voluit
1850 5023 2086 5087 natura,

434 5120 558 5163 non
570 5110 635 5163 ut
652 5106 713 5162 in
732 5105 1209 5161 interimerentur
1220 5102 1528 5171 animalia,
1541 5121 1678 5178 quas
1711 5111 2092 5163 vescerentur

435 5195 542 5252 sed
588 5194 786 5267 potius
835 5194 1048 5250 melius
1097 5194 1596 5251 constituerentur
1652 5186 1728 5253 et
1802 5196 2091 5253 corrobo-

432 5287 725 5341 rarentur.
779 5282 894 5340 Sed
941 5282 1045 5356 qui
1098 5282 1164 5339 ﬁt
1213 5289 1276 5338 ut
1313 5299 1594 5340 excessus
1642 5285 1757 5342 sint
1809 5300 2091 5342 nonnun-

434 5384 622 5443 quam
652 5385 725 5426 ex
745 5385 1028 5444 perversa
1066 5371 1494 5444 temperatione
1539 5372 1907 5430 naturalium
1960 5389 2095 5448 pro-

435 5459 781 5532 prietatum,
809 5462 867 5517 et
892 5461 1083 5517 multa
1112 5476 1238 5517 non
1288 5465 1444 5519 recte
1481 5463 1801 5521 constituta
1847 5468 1903 5521 et
1958 5479 2096 5521 con-

436 5544 702 5603 formata
759 5547 822 5605 iu
879 5547 1079 5606 lucem
1137 5550 1412 5619 edantur,
1473 5555 1557 5621 ut,
1600 5551 1847 5627 exempli
1881 5553 2092 5624 gratia,

2196 4509 2277 4550 rte
2323 4492 2456 4563 sint,
2513 4492 2621 4548 sed
2665 4490 3057 4558 abundantis,
3095 4495 3200 4547 aut
3246 4489 3452 4547 inodia
3504 4488 3849 4547 laborantis.

2198 4581 2361 4637 Idem
2382 4580 2778 4652 judicandum
2811 4578 2995 4636 estde
3024 4577 3138 4635 illis
3168 4594 3304 4651 quae
3339 4576 3419 4633 ab
3459 4576 3851 4635 eruditionem

2195 4669 2512 4743 pertinent.
2537 4668 2832 4735 Quoniam
2854 4666 3015 4723 enim
3045 4666 3298 4740 quidam
3345 4680 3489 4721 suas
3535 4665 3851 4722 sententias

2197 4756 2505 4833 proferunt
2522 4755 2864 4822 etlaudaut,
2887 4755 3150 4811 dicentes
3170 4753 3367 4824 legem
3411 4753 3496 4808 ita
3517 4752 3739 4824 jubere
3766 4756 3852 4809 aut

2197 4846 2440 4913 dictare,
2474 4862 2614 4902 cum
2631 4850 2831 4903 tamen
2843 4843 3065 4901 librum
3077 4842 3226 4914 legis
3241 4857 3564 4915 nunquam
3584 4842 3849 4911 viderint,

2195 4933 2324 4990 ﬁeri
2344 4937 2542 5007 potest
2568 4933 2885 4990 utinitium
2910 4947 3033 5005 quo
3054 4932 3377 4988 incitantur
3408 4929 3489 4986 ad
3538 4928 3852 4987 dicendam

2197 5021 2553 5078 sententiam
2576 5037 2614 5079 a
2642 5020 2888 5078 scientia
2916 5018 3330 5092 proﬁciscatur
3355 5036 3367 5073 :
3401 5017 3510 5073 sed
3550 5016 3706 5073 illud
3735 5033 3851 5073 sen-

2195 5110 2305 5168 tire
2344 5115 2401 5167 et
2427 5110 2624 5167 dicere
2650 5122 2773 5167 non
2800 5125 2872 5165 ex
2899 5107 3158 5166 scientias
3187 5106 3430 5178 regulis,
3461 5121 3589 5162 non
3624 5111 3716 5162 est
3758 5105 3854 5162 ho.

2197 5199 2375 5255 minis
2399 5199 2459 5254 in
2491 5197 2735 5254 scientia
2757 5197 2913 5254 bene
2942 5196 3263 5254 exercitati.
3317 5195 3437 5251 Hoc
3489 5198 3697 5250 autem
3730 5204 3853 5249 ‘usu

2197 5288 2399 5344 venire
2422 5287 2613 5344 multis
2642 5286 3178 5353 animadvertimus,
3201 5299 3453 5357 quorum
3484 5298 3600 5339 nos
3630 5284 3851 5339 miseret

2200 5381 2257 5433 et
2285 5376 2368 5433 eis
2396 5377 2620 5434 idcirco
2643 5375 2973 5450 parcimus.
2999 5378 3133 5431 Haec
3164 5378 3364 5431 autem
3390 5388 3461 5428 eo
3488 5371 3768 5442 diximus,
3795 5376 3850 5426 ut

2201 5466 2593 5523 ostendamus
2626 5481 2739 5524 nos
2768 5464 2925 5522 nolle
2975 5463 3228 5521 alteram
3271 5462 3541 5535 quadam
3581 5465 3845 5518 naturam

2200 5554 2318 5612 hoc
2336 5557 2541 5612 nostro
2567 5556 2789 5627 scripto
2808 5567 3169 5628 proponere,
3198 5566 3337 5608 cum
3365 5553 3645 5607 naturam
3660 5554 3840 5622 etque

436 5631 555 5693 hoc
574 5637 806 5694 naturae
845 5641 934 5696 est
955 5642 1021 5697 ut
1037 5650 1258 5697 manus
1296 5639 1564 5713 quinque
1580 5640 1817 5713 digitos,
1842 5656 1966 5700 non
1990 5657 2098 5700 sex
2200 5659 2324 5729 usu
2346 5644 2550 5703 venire
2580 5642 2774 5704 solent
2803 5643 2867 5702 in
2894 5647 3111 5702 natura
3121 5656 3194 5700 ex
3206 5639 3839 5715 temperationme
