3932 6326
31 350 185 413 1345

950 353 1304 413 THEODORI
1342 350 1387 408 Il
1413 351 1549 409 1MP.
1582 338 1672 405 DE
1700 345 2162 419 COMMUNIONE
2200 362 2574 420 ΝΑΤυῃΑιι,

3318 360 3456 421 1346

25 481 286 541 πολλάκις
330 476 630 553 συμϐαίνειν
689 477 760 542 εἷς
838 497 984 541 τινας
1062 476 1286 554 εἴδομεν,
1359 477 1448 540 οὖς
1529 470 1701 549 φειδοῖ
1729 476 1777 531 Α
1810 489 2071 557 σοχοείας,
2118 490 2205 540 καὶ
2265 489 2437 541 πάντα
2489 486 2808 557 τεκτονικῆς,
2891 504 2985 540 και
3072 487 3244 540 πάντα
3330 493 3456 561 μιᾶς

26 572 401 646 οἰκτιζόμεθα,
454 566 548 623 διὰ
595 576 748 623 τοῦτο
803 569 909 643 οὐχ
952 570 1125 647 ἑτέραν
1176 573 1331 644 φύσιν
1389 563 1700 628 σπεύδοντες

31 659 234 730 δεῖξαι,
290 665 496 715 τουτονὶ
548 663 606 713 τὸ
664 655 988 735 σπουδασμα
1061 668 1333 735 πονοῦμεν,
1410 656 1536 710 ἀλλὰ
1604 659 1699 716 τὴν

30 755 198 826 φύσιν
242 754 333 804 καὶ
381 754 445 805 τὰ
490 748 537 802 ἓν
585 749 714 824 αὐτῇ
763 753 896 803 κατά
948 751 1181 827 κράσεων
1255 746 1523 808 ἰδιότητας
1594 743 1700 799 ἐπι-

32 842 421 916 συμϐαίνοντα.
452 839 603 893 Ἐστι
657 836 718 893 δέ
769 841 937 893 πάντα
985 839 1033 893 ἐν
1082 849 1143 915 τῇ
1201 842 1371 914 φύσει,
1417 842 1507 891 καὶ
1553 841 1702 889 πᾶσα

27 929 275 1006 τέχνηέν
329 930 619 1004 ἐπιστήμῃ’
685 933 920 1005 Διαφέρει
983 927 1043 984 δὲ
1094 931 1122 991 ᾖ
1178 936 1304 1004 τιμῇ
1355 926 1384 989 ἦ
1436 930 1698 991 ποιότητι,

28 1025 59 1082 ἣ
104 1024 382 1096 συνηθείᾳ,
426 1021 456 1080 ἦ
514 1026 683 1074 ποσοῦ
735 1028 832 1093 ῐσῳ
892 1025 981 1074 καὶ
1044 1028 1116 1093 τῷ
1166 1018 1348 1092 ἀνίσῳ,
1422 1017 1450 1078 ἣ
1534 1016 1703 1068 ἀνέσει

30 1116 130 1165 καὶ
182 1111 441 1182 ἐπιτάσει,
490 1114 579 1164 καὶ
627 1109 743 1162 κατ’
791 1109 977 1173 ἄλλους
1023 1110 1228 1183 λόγους,

30 1206 131 1275 μὲν
166 1201 400 1274 Κορίνθῳ
421 1203 479 1253 τό
540 1201 816 1272 μουσικόν,
873 1199 1134 1273 Θετταλίᾳ
1195 1195 1255 1253 δὲ
1306 1201 1364 1251 τό
1402 1197 1700 1271 ὑφαντικόν,

32 1293 65 1352 ἢ
122 1297 326 1364 Νικαίᾳ
378 1294 436 1347 τὸ
492 1288 808 1363 φιλοσοφεῖν,
857 1290 1167 1363 Φιλοσοφεῖα
1214 1286 1273 1342 δὲ
1355 1308 1413 1342 το
1491 1307 1706 1341 σκυτευ-

32 1385 206 1434 τικόν·
236 1384 314 1434 Τά
342 1384 432 1454 μὲν
490 1380 577 1434 οὖν
636 1378 899 1454 ἀμφότέρα
944 1375 1187 1441 παιδείας

1305 1105 1410 1162 οἷον
1485 1112 1704 1180 τιμᾶται

1193 1426 1209 1451 ,
1272 1383 1371 1453 μία
1422 1375 1481 1431 δὲ
1509 1377 1701 1437 ἑκάστη

33 1475 218 1544 τίμιον
246 1472 487 1523 οἵεταιτό
554 1469 580 1522 ὃ
634 1475 783 1543 τιμᾷ.
840 1472 1091 1528 Ποιότητι
1149 1465 1228 1536 δὲ,
1297 1470 1362 1532 ὡς
1422 1470 1480 1520 τό
1538 1466 1702 1540 γλυκὺ

35 1565 345 1629 ποιότητος,
412 1563 470 1612 τό
525 1557 716 1612 ἁλυκόν
765 1563 1060 1622 ποιότητος.
1130 1561 1444 1631 Λιχνεύεται
1519 1553 1573 1610 δ’
1654 1554 1703 1609 ἐν

37 1650 216 1712 ἄλλοις
273 1653 331 1702 τό
386 1653 458 1723 μὴ
509 1656 616 1711 τοῖς
666 1647 837 1712 ἄλλοις
908 1647 1079 1719 ἐφετὸν
1160 1652 1233 1701 ἄν’

36 1749 140 1804 τῆς
167 1745 445 1800 ποιότητος
474 1740 647 1812 ἄμφω,
712 1740 960 1812 συνηθείᾳ
1018 1733 1099 1805 δὲ,
1153 1740 1222 1801 ὡς
1276 1739 1502 1811 ὑφάντης
1549 1740 1702 1812 μέρος

40 1831 484 1905 ἱστουργημτων
549 1825 726 1890 ἐθίσας
793 1828 1045 1902 ὕφαίνειν,
1104 1822 1340 1902 διαφέρεί
1412 1834 1502 1880 τοῦ
1605 1829 1705 1880 ἓτε-

37 1940 131 1995 ρον
158 1921 483 1993 ὑφαίνοντος.
514 1915 640 1991 Ἰσῳ
681 1914 740 1971 δι
783 1923 875 1971 καὶ
922 1915 1127 1991 ἀνίσῳ,⁸
1164 1919 1235 1979 ὡς
1281 1917 1531 1989 Αἰγύπτῳ
1576 1937 1707 1971 παν-

38 2007 294 2065 τοδαπῶν
344 2007 545 2071 πλῆθος
627 2016 859 2083 καρπῶν,
923 2014 1035 2079 Κοῷ
1113 2002 1172 2061 δε
1249 2008 1432 2069 πάντες
1511 2010 1701 2083 καρποὶ

39 2103 158 2173 μὲν,
204 2097 301 2152 οὐκ
339 2097 384 2160 ἇς
421 2102 573 2151 τόσον
632 2093 692 2150 δὲ
733 2098 869 2150 κατά
923 2116 983 2170 γε
1036 2100 1219 2164 ποσόν,
1271 2096 1403 2156 πλὴν
1466 2092 1525 2149 δε
1597 2096 1706 2149 ἴσοι

40 2188 140 2241 κᾶν
186 2184 410 2262 διαφέρῃ
461 2186 624 2260 ἀνίσῳ
673 2191 763 2240 καὶ
814 2189 936 2261 ἴσῳ,
991 2185 1226 2240 ἐπιτάσει
1271 2182 1330 2239 δὲ
1372 2190 1462 2238 καὶ
1514 2184 1705 2257 ἀνέσει,

42 2280 113 2340 ὡς
197 2276 562 2351 Ἀριστοτέλης
636 2275 924 2349 φιλοσοφεῖ,
1002 2274 1131 2328 ἀλλά

40 2364 200 2420 Ἐστι
244 2360 304 2418 δέ
349 2366 379 2424 ἡ
432 2364 712 2438 φιλοσοφία
790 2367 1031 2435 ποιότης,

1227 2279 1317 2329 καὶ
1399 2274 1652 2348 Σιμπλίκο
1661 2295 1702 2344 ς,

1115 2359 1333 2437 δέχεται
1410 2360 1705 2418 δ’ἐττίτασιν

1570 2453 1710 2529 Ἀρα

41 2541 394 2619 Ἀριστοτέλει
462 2549 553 2598 καὶ
620 2542 908 2618 Σιμπλικίῳ
978 2546 1007 2603 ἠ
1062 2543 1344 2618 φιλοσοφία
1418 2543 1707 2618 φιλοσοφιῖο

44 2654 160 2693 ται.
186 2636 369 2688 Πάντα
399 2633 489 2707 μέν
542 2633 629 2686 οὖν
687 2630 781 2687 διὰ
820 2640 983 2687 ταῦτα
1032 2632 1360 2707 φιλοσοφίας,
1403 2638 1494 2687 καὶ
1537 2635 1710 2688 πάντα

50 2731 468 2800 σταρατηγικῆς,
498 2728 588 2776 καὶ
634 2725 805 2778 πάντα
866 2725 1165 2797 ὑφαντικῆς.
1222 2728 1312 2777 καὶ
1354 2725 1525 2778 πάντα
1571 2743 1709 2801 χρυ⁴

42 2460 138 2508 καὶ
188 2455 385 2524 ἄνεσιν,
444 2458 535 2508 καὶ
583 2454 699 2507 κατ’
749 2452 986 2508 ἐπίτασιν
1030 2473 1085 2508 τε
1138 2458 1227 2509 καὶ
1292 2455 1488 2510 ἄνεσιν.

1808 572 2032 638 ἑκάστης
2061 577 2219 653 οὗπερ
2263 578 2423 633 ἔστιν.
2477 576 2635 632 ἐστίν.
2691 576 2845 650 Ἐχει
2904 573 2963 630 δὲ
3018 597 3107 631 και
3133 582 3226 637 τὴν
3275 573 3458 653 διαφο-

1806 668 1902 739 ρὰν
1939 670 2074 721 κατά
2099 670 2187 730 τὰς
2234 677 2333 721 τῶν
2373 668 2421 722 ἐν
2470 666 2749 741 φιλοσοφίᾳ
2806 675 3132 742 κατηγοριῶν
3188 673 3458 731 κοινωνίας

1808 772 1899 809 και
1947 753 2253 821 διαστολάς·
2317 756 2594 830 ἀνάγονται
2651 754 2710 810 6“:
2763 756 2832 819 εἰς
2888 761 2971 816 τὴν
3013 756 3217 827 οὐσίαν,
3281 759 3455 835 ὥσπερ

1809 844 2034 917 ἅπασαι,
2065 846 2200 901 οὕτω
2231 844 2299 907 δὴ
2342 867 2432 901 και
2476 847 2547 908 εἰς
2603 851 2698 905 τὴν
2748 848 2902 919 φύσιν
2949 847 3016 899 τὰ
3066 843 3114 899 ἐν
3165 853 3227 920 τῇ
3283 849 3455 920 φύσει,

1810 933 1903 987 κᾶν
1957 934 2302 1010 ἀποτυγχάνῃ
2360 942 2451 990 τοῦ
2511 933 2648 1003 ὂλου,
2706 933 2801 988 κᾶν
2854 937 2955 1008 ἴσῳ
3002 939 3133 1010 πρὸς
3181 938 3239 989 τό
3324 938 3459 989 κατά

1812 1027 1965 1098 φύσιν
1997 1030 2159 1100 τρέχῃ
2215 1025 2418 1101 ῥυθμῷ.
2468 1024 2723 1101 ’Υπάρχςι
2772 1021 2831 1078 δὲ
2876 1027 2942 1077 τά
2989 1024 3105 1083 τέλη
3156 1028 3347 1079 τούτῶν
3392 1026 3459 1078 τά

1810 1117 1900 1188 μὲν
1928 1120 2165 1191 κρείττω,
2205 1119 2271 1170 τά
2321 1113 2380 1169 δὲ
2444 1121 2629 1193 χείρω.
2681 1113 2840 1168 Ὠστε
2886 1114 2945 1168 οὗ
2999 1119 3135 1168 κατά
3193 1120 3251 1169 τό
3309 1118 3460 1189 φύσει

1812 1210 2092 1279 κρίνονται·
2159 1205 2202 1259 εἰ
2291 1208 2389 1282 γὰρ
2446 1203 2702 1281 ἐκρίνοντο
2781 1206 2913 1259 κατά
2988 1208 3166 1278 φύσιν,
3248 1205 3459 1279 ἐτιμᾶτο

1814 1293 1874 1347 ἂν
1920 1315 2008 1347 και
2061 1295 2318 1369 Θετταλίᾳ
2373 1298 2443 1358 ὡς
2500 1296 2730 1370 Κορίνθῳ
2804 1299 2861 1347 τό
2947 1299 3218 1368 μουσικόνο
3267 1292 3462 1368 ξπᾶσαι

1813 1386 1914 1458 γάρ
1947 1385 2003 1436 αῖ
2060 1389 2353 1457 συμφωνίαι
2405 1389 2495 1437 καὶ
2541 1387 2597 1436 αἱ
2652 1382 2825 1447 τάξεις
2879 1392 3143 1457 μουσικῆς
3190 1382 3288 1437 εἰσι
3339 1384 3460 1437 θεω-

1813 1478 1950 1547 ρίας.
1996 1472 2347 1547 Συμϐάλλεται
2396 1469 2454 1526 δὲ
2516 1477 2790 1546 συμφωνία
2859 1492 2951 1525 και
3020 1473 3167 1537 τάξις
3240 1472 3317 1527 ἀεί
3388 1472 3461 1535 εἰς

1816 1563 2054 1636 οἰκισμόν
2128 1562 2322 1616 πόλεών
2398 1581 2452 1615 τε
2522 1581 2613 1614 και
2694 1566 2918 1635 κόσμου’
2988 1560 3168 1622 ἐπειδὴ
3246 1562 3459 1632 πόλεων,

1319 1647 1574 1723 ’Υπάρχει
1645 1643 1703 1701 δὲ
1742 1652 1786 1708 Β
1816 1651 2089 1725 ὗφαντικόν
2135 1647 2192 1704 δε
2250 1648 2308 1703 οὐ
2363 1654 2649 1710 συνίστησι
2695 1650 2862 1706 πόλιν.
2917 1652 2987 1704 T6
3024 1654 3121 1724 μὲν
3158 1652 3260 1726 γάρ
3322 1648 3462 1703 ἀναι-

1812 1743 1954 1817 ρεθὲν
2021 1739 2278 1815 ἀφανίσει,
2334 1744 2391 1793 τό
2456 1736 2516 1793 δὲ
2584 1738 2882 1813 ἀφανισθὲν,
2952 1739 3045 1793 οὐκ
3104 1738 3345 1813 ἀφανίσει
3384 1739 3464 1793 ὅτι

1815 1831 1940 1884 αὐτό
1968 1832 2272 1904 ἠφάνισε-αι’
2325 1830 2460 1891 ᾤστε
2505 1833 2565 1883 τό
2614 1832 2707 1903 μὲν
2759 1826 3061 1903 ἀναγκαῖον,
3109 1834 3168 1883 τό
3218 1826 3277 1884 δὲ
3326 1834 3465 1904 χρὴ-

1817 1940 1989 1994 σιμον·
2041 1924 2391 1994 φυσικώτερον
2448 1915 2501 1971 δ’
2551 1920 2666 1972 ἔστι
2716 1922 2774 1972 τὸ
2818 1918 3099 1992 ἀναγκαῖον
3145 1918 3245 1972 ἀεί·
3314 1938 3467 1992 φυσι-

1813 2015 2033 2085 κώτερον
2076 2009 2179 2081 ἄρα
2226 2027 2316 2060 και
2362 2010 2421 2060 τὸ
2467 2010 2721 2080 μουσικὸν
2769 2015 2861 2061 τοῦ
2909 2010 3214 2081 ὑφαντικοῦ.
3285 2008 3345 2062 Εἰ
3406 2002 3467 2062 δέ

1810 2090 1895 2161 τις
1932 2098 2025 2152 οὐκ
2070 2094 2203 2166 οἶδε,
2254 2100 2308 2149 τί
2356 2096 2503 2160 τάξις
2561 2114 2652 2149 και
2706 2101 3000 2170 συμφωνία,
3051 2094 3329 2160 ἐξεταζέτω
3399 2098 3468 2150 τὰ

1804 2193 1923 2262 περί
1961 2192 2055 2246 τὴν
2113 2188 2393 2259 ὑφαντικὴν
2427 2206 2440 2219 ο
2483 2185 2698 2260 εὑρήσει
2763 2181 2823 2239 δὲ
2907 2203 2998 2238 και
3048 2189 3349 2260 συμφωνίαν
3412 2181 3462 2238 ἓν

1816 2278 1947 2351 αὐτῇ
1994 2276 2155 2330 οὖσαν
2202 2296 2291 2328 και
2333 2274 2500 2339 τάξιν.
2556 2282 2656 2329 Και
2705 2282 2859 2329 τοῦτο
2909 2270 3197 2349 προδηλον.
3237 2274 3313 2328 Οὐ
3361 2278 3466 2348 μὴν

1817 2365 1896 2434 δι,
1923 2364 2052 2419 ἀλλά
2093 2384 2184 2419 και
2226 2369 2345 2438 περί
2392 2367 2483 2426 τάς
2530 2361 2815 2438 οἰκοδομάς
2872 2367 3008 2418 κατά
3058 2367 3147 2418 τόν
3191 2364 3346 2417 αὐτὸν
3382 2364 3468 2417 λό-

1815 2477 1926 2531 γον.
1985 2460 2087 2509 Καί
2144 2459 2448 2527 πανταχόσε
2501 2457 2561 2507 τό
2622 2451 2681 2507 δὲ
2730 2461 2827 2517 τῆς
2899 2452 3086 2518 τάξεως
3168 2459 3469 2530 τιμιώτερον

1816 2567 1908 2600 και
1956 2553 2051 2607 τῆς
2096 2549 2415 2619 συμφωνίας,
2467 2544 2548 2596 ὃτι
2608 2563 2698 2597 και
2754 2543 2908 2598 αὐτόν
2961 2542 3176 2620 οὐρανόν
3224 2562 3314 2596 και
3368 2550 3469 2616 γῆν

1816 2657 1905 2690 και
1936 2637 2215 2708 σύμπαντα
2256 2638 2474 2707 κόσμον,
2531 2632 2659 2707 λέγω
2703 2629 2771 2694 δὴ
2840 2641 2941 2687 τῶν
3001 2632 3054 2696 ἐξ
3112 2633 3332 2707 οὐρανοῦ
3381 2650 3474 2685 και

1812 2734 1916 2802 ⁸γῆς
1958 2745 2049 2778 και
2115 2724 2316 2778 πάντων
2373 2731 2473 2777 τῶν
2526 2724 2615 2776 ὑπ’
2691 2722 2862 2776 αὐτῶν
2928 2727 3311 2797 περιεχομένων
3382 2739 3473 2775 και

49 2901 424 2975 prietatibus,
479 2904 842 2976 pertractare
877 2901 1378 2972 constituerimus,
1412 2903 1559 2958 Sunt
1611 2914 1713 2958 au-
1742 2891 1790 2945 Α
1816 2892 2137 2960 ’ῐθχίοτίαω
2167 2904 2377 2971 artem,
2408 2915 2545 2974 quae
2572 2903 2711 2959 sunt
2739 2900 3001 2959 textorim
3016 2918 3035 2974 ς
3064 2905 3121 2958 et
3148 2899 3354 2958 omnia
3374 2897 3478 2957 illa

49 2995 178 3049 tem
205 2992 411 3048 omnia
437 2990 498 3048 in
522 2994 762 3063 natura,
794 2995 852 3048 et
890 2991 1087 3048 omnis
1153 3006 1252 3048 ars
1301 2989 1414 3047 sub
1468 2990 1715 3048 scicntia

50 3080 603 3154 comprehenditur.
634 3080 922 3139 Diﬂ‘erunt
949 3085 1152 3137 autem
1173 3081 1324 3137 inter
1352 3097 1415 3138 se
1445 3086 1712 3154 autprte-

52 3171 297 3242 stantia,
329 3175 429 3228 aut
462 3171 748 3244 qualitate
770 3176 872 3228 aut
888 3171 1322 3228 consuetudine
1335 3176 1440 3228 aut
1478 3170 1713 3244 quanti-

51 3260 193 3317 tatis
221 3259 564 3333 aequalitate
585 3265 689 3318 aut
712 3259 1117 3333 inaequalitate
1146 3261 1597 3318 autintensione
1611 3264 1715 3317 aut

50 3348 406 3406 remissione
447 3354 504 3405 et
528 3348 657 3405 aliis
685 3349 1039 3417 rationibus,
1069 3353 1135 3406 ut
1163 3349 1428 3407 Corinthi
1479 3348 1716 3406 musica

51 3437 115 3494 in
131 3439 322 3511 pretio
338 3438 614 3510 habetur,
632 3438 693 3495 in
704 3438 1007 3495 Thessalia
1018 3438 1287 3510 textoria,
1304 3439 1512 3496 Nicaeae
1524 3438 1715 3512 philo-

54 3526 295 3600 sophia,
320 3526 741 3600 Philadelphia).
765 3527 1036 3584 coriaria.
1068 3529 1203 3584 Haec
1239 3527 1445 3585 omnia
1477 3527 1555 3585 ad
1585 3544 1715 3585 eru-

55 3615 347 3673 ditionem
366 3614 719 3688 referuntur,
756 3617 862 3674 sed
878 3632 1258 3691 unaquaque
1280 3617 1492 3674 civitas
1521 3618 1713 3691 pretio

55 3704 315 3776 dignum
343 3710 513 3777 putat
538 3704 687 3763 illud
716 3706 882 3780 quod
912 3707 974 3762 in
1006 3706 1409 3779 pretiohabet.
1428 3706 1717 3763 Diﬁ'erunt

55 3795 242 3852 etiam
271 3795 726 3868 qualitate,utid
738 3796 904 3870 quod
917 3795 1190 3853 estdulce
1204 3797 1511 3870 qualitatis
1534 3801 1717 3864 cst,et

56 3882 227 3956 quod
245 3889 333 3941 est
360 3884 587 3941 salsum
621 3890 711 3942 est
737 3901 979 3958 quoque
1025 3885 1346 3959 qualitatis.
1419 3886 1533 3943 Sed
1585 3886 1716 3943 ﬁeri

57 3976 256 4045 potest
282 3978 348 4030 ut
371 3973 535 4046 quod
558 3973 722 4046 apud
747 3973 1151 4051 nonnullosin
1173 3973 1397 4031 deliciis
1436 3974 1713 4047 habetur,

60 4060 138 4117 ab
172 4061 300 4117 aliis
320 4077 446 4118 non
475 4066 810 4139 appetatur.
838 4065 1168 4135 Utrumque
1199 4067 1400 4120 autem
1419 4063 1497 4120 ad
1522 4065 1715 4137 quali-

58 4153 241 4207 tatem
271 4150 520 4209 refertur
532 4151 998 4209 consuetudines
1015 4151 1302 4209 diﬂ‘erunt
1320 4159 1382 4210 ut
1399 4157 1589 4210 textor
1612 4153 1718 4227 qui

61 4238 269 4297 solitus
295 4244 386 4298 est
407 4246 641 4314 partem
665 4242 836 4314 pensi
862 4241 1114 4314 alicujus
1143 4248 1467 4315 pertexere,
1523 4242 1720 4300 diﬂert

1822 2992 1899 3050 ad
1920 2991 2237 3049 auriﬁcum
2251 2993 2459 3060 artem,
2480 3005 2615 3063 quae
2628 2990 2917 3048 suntartis
2932 2989 3248 3047 auriﬁcum
3265 3007 3279 3046 :
3304 2989 3475 3046 item-

1822 3098 1941 3156 que
1965 3095 2344 3154 quaecunque
2371 3083 2511 3136 sunt
2532 3078 2760 3136 fabrilis
2790 3079 2955 3152 artis,
2979 3080 3058 3136 ad
3082 3079 3354 3136 fabrilem
3385 3094 3474 3135 ar-

1823 3177 1942 3229 tem
1962 3187 1973 3226 :
1990 3170 2249 3243 denique
2271 3167 2482 3227 omnia
2505 3168 2584 3225 ad
2610 3184 2797 3226 unam
2820 3184 3125 3242 quamque
3156 3173 3366 3239 artem,
3394 3168 3476 3227 ad

1822 3277 2009 3336 quam
2044 3261 2363 3334 pertinent,
2385 3259 2672 3316 revocari.
2693 3258 2981 3316 Diﬁ‘erunt
2998 3264 3199 3316 autem
3212 3275 3286 3316 ex
3310 3274 3473 3316 com-

1823 3349 2214 3409 munionibus
2245 3347 2796 3406 etdistinctionibus
2817 3348 3254 3420 categoriarum
3268 3364 3403 3422 qua:
3414 3348 3477 3405 in

1823 3438 2207 3514 philosophia
2219 3436 2671 3495 traduntur:sed
2686 3442 2750 3495 ut
2764 3453 2974 3496 omnes
2986 3438 3066 3496 ad
3078 3436 3477 3496 substantiam

1823 3534 2201 3597 revocantur,
2231 3528 2315 3585 ita
2344 3527 2525 3585 etiam
2561 3543 2697 3601 quas
2737 3531 2875 3584 sunt
2925 3527 2988 3584 in
3045 3534 3285 3596 natura,
3350 3528 3479 3584 sive

1825 3617 2103 3675 aberrent
2116 3617 2442 3691 aliquando
2462 3623 2653 3683 atoto,
2670 3616 2791 3675 sive
2811 3615 3096 3691 aequabili
3107 3617 3186 3675 ad
3198 3623 3479 3675 naturam

1818 3699 2229 3765 ‘concinnitate
2261 3706 2547 3775 ferantur,
2576 3709 2655 3765 ad
2683 3711 2961 3763 naturam
2982 3707 3480 3764 omniarevocan-

1827 3799 1941 3852 tur.
1974 3798 2151 3853 Porro
2181 3811 2383 3852 rerum
2412 3796 2769 3853 naturalium
2795 3795 2945 3852 ﬁnes
3006 3795 3105 3852 alii
3157 3800 3296 3852 sunt
3333 3811 3481 3869 prm-

1827 3884 2161 3950 stantiores,
2195 3884 2293 3941 alii
2312 3900 2455 3940 vero
2483 3884 2812 3941 inferiores.
2840 3886 3034 3947 Quare
3079 3899 3201 3940 non
3255 3881 3480 3956 ubique

1826 3973 2107 4031 homines
2118 3988 2194 4029 ex
2214 3988 2285 4029 eo
2304 3972 2471 4047 quod
2482 3977 2796 4029 estnatura
2808 3971 2883 4028 de
2902 3970 3084 4028 rebus
3096 3971 3368 4043 judicare
3387 3987 3480 4029 so-

1826 4062 1969 4129 Ient;
1984 4078 2127 4119 nam
2140 4061 2185 4118 si
2193 4061 2214 4133 j
2226 4062 2733 4134 udicarent,eeque
2744 4060 2807 4116 in
2817 4060 3121 4118 Thessalia
3133 4076 3202 4119 ac
3215 4059 3481 4118 Corinthi

1829 4152 2062 4209 musica
2077 4152 2386 4208 coleretur:
2407 4167 2614 4208 omnes
2628 4151 2789 4208 enim
2804 4154 3480 4226 concentus,omnesque

1829 4240 2056 4299 ordinis
2068 4241 2326 4297 rationes
2338 4240 2416 4298 ad
2428 4240 2723 4296 musicam
2738 4239 3151 4297 tractationem
3164 4239 3477 4313 pertinent.

60 4328 139 4385 ab
169 4344 240 4384 eo
265 4330 370 4402 qui
398 4328 650 4386 alteram
680 4335 1121 4404 partemtexere
1143 4331 1454 4388 consuevit
1482 4348 1494 4397 ;
1519 4348 1720 4405 requa-
1756 4353 1797 4407 Β
1832 4334 2169 4391 Concentus
2199 4335 2401 4387 autem
2428 4334 2486 4386 et
2512 4329 2662 4387 ordo
2687 4328 2769 4386 ad
2796 4328 3146 4387 incolendas
3191 4329 3478 4398 civitates,

58 4414 220 4473 litate
241 4422 296 4473 et
324 4416 749 4490 inaequalitate,
784 4424 849 4474 ut
873 4419 1039 4492 apud
1062 4419 1373 4492 rEgyptios
1394 4425 1483 4477 est
1523 4420 1719 4476 abun-

61 4505 266 4563 dantia
290 4506 534 4578 frugum
566 4508 764 4565 omnis
789 4509 1025 4580 generis
1057 4511 1115 4565 et
1168 4508 1494 4580 fructuum,
1555 4511 1721 4583 apud

64 4594 215 4649 Coos
243 4611 384 4652 vero
400 4596 794 4669 suntquidem
816 4596 1012 4652 omnis
1025 4596 1258 4667 generis
1282 4596 1453 4668 fuges
1478 4602 1534 4654 et
1562 4598 1721 4667 truc-

64 4686 182 4751 tus,
197 4682 302 4740 sed
324 4700 449 4741 non
474 4689 639 4742 tanta
656 4689 745 4741 est
764 4685 938 4758 copia
953 4690 1182 4758 quanta
1195 4684 1361 4758 apud
1386 4688 1718 4760 Egyptios.

63 4772 130 4827 Et
156 4773 437 4846 quamvis
476 4773 742 4831 similiter
769 4773 965 4831 omnis
992 4773 1225 4845 generis
1258 4773 1456 4846 fruges
1487 4780 1544 4832 et
1563 4777 1721 4833 fruc-

63 4864 159 4918 tus
169 4860 337 4934 apud
350 4864 501 4920 Coos
511 4862 1379 4933 habeantur,differunttamen
1393 4864 1721 4937 aequaltate

65 4953 123 5007 et
148 4949 552 5025 inaequalitate
572 4968 584 5007 :
606 4956 894 5025 praeterea
913 4952 1245 5011 intensione
1270 4957 1327 5010 et
1345 4953 1720 5024 remissione,

65 5043 131 5096 ut
165 5039 505 5097 Aristoteles
558 5039 1036 5114 philosophatur,
1089 5042 1429 5115 Simplicius
1478 5059 1725 5116 quoque

66 5127 552 5202 philosophatur.
603 5133 701 5188 Est
740 5135 944 5189 autem
1014 5130 1401 5205 philosophia
1463 5132 1724 5206 qualitas

67 5233 206 5291 quae
234 5219 454 5293 sucipit
478 5219 874 5279 intensionem
907 5223 1414 5279 etremissionem.
1447 5223 1726 5280 Aristote-

66 5305 153 5364 les
189 5322 329 5379 ergo
350 5314 409 5367 et
438 5309 777 5385 Simplicius
791 5315 930 5369 sunt
946 5311 1289 5386 philosophi
1300 5316 1356 5369 et
1382 5311 1478 5369 ille
1502 5312 1721 5383 magis,

69 5395 165 5454 hic
182 5397 380 5455 minus
405 5398 879 5473 philosophatur.
935 5403 1021 5457 Ex
1062 5400 1285 5474 quibus
1339 5400 1726 5473 intelligimus

72 5485 277 5544 omnia
289 5486 388 5544 illa
404 5487 609 5547 referri
641 5490 972 5547 etrevocari
986 5489 1065 5547 ad
1094 5489 1559 5564 philosophiam,
1587 5507 1726 5564 quae

70 5580 213 5655 sunt
247 5576 648 5653 philosophia:
677 5597 691 5638 :
726 5584 783 5637 et
809 5580 1017 5639 omnia
1046 5579 1125 5638 ad
1142 5579 1595 5654 imperatoriam
1636 5597 1727 5640 ar-

75 5667 214 5737 tem,
237 5682 374 5740 quae
428 5673 570 5728 sunt
622 5668 1026 5744 imperatoria
1069 5670 1259 5729 artis:
1292 5675 1350 5730 et
1395 5671 1603 5732 omnia
1649 5670 1729 5730 ad

1832 4424 2012 4494 atque
2028 4419 2181 4476 adeo
2192 4418 2271 4476 ad
2282 4417 2571 4477 mundum
2585 4419 2927 4476 universum
2940 4418 3320 4477 incolendum
3337 4435 3483 4476 sem-

1832 4525 1940 4583 per
1968 4508 2215 4574 confert,
2250 4507 2355 4563 sed
2391 4523 2490 4564 ars
2511 4507 2765 4564 textoria
2793 4507 3091 4564 civitatem
3111 4523 3235 4564 non
3264 4507 3483 4565 consti-

1833 4598 1945 4656 tuit
1975 4596 2245 4654 :sublato
2267 4595 2422 4653 enim
2453 4601 2764 4661 concentu,
2798 4596 2965 4654 nulla
2981 4601 3069 4654 est
3086 4597 3311 4669 civitas,
3340 4596 3485 4670 quia

1834 4687 2109 4745 sublatus
2148 4690 2234 4744 est
2261 4686 2527 4744 musicus
2551 4691 2877 4745 concentus
2905 4704 2917 4743 :
2954 4687 3059 4743 sed
3086 4686 3202 4744 hoc
3225 4686 3481 4757 sublato,

1832 4793 1959 4835 non
1987 4792 2230 4835 necesse
2250 4781 2358 4844 est,
2388 4776 2533 4850 quia
2553 4775 2858 4834 sublatum
2890 4781 2978 4833 est
2994 4774 3225 4833 nullam
3252 4790 3383 4831 esse
3409 4772 3484 4830 ci-

1835 4870 2096 4926 vitatem.
2152 4869 2248 4924 Est
2298 4867 2479 4938 igitur
2543 4868 2780 4925 musica
2821 4866 3180 4933 necessaria,
3236 4864 3486 4923 textoria

1833 4974 1977 5016 vero
2007 4957 2187 5014 utilis.
2214 4957 2329 5015 Sed
2354 4955 2520 5030 quod
2545 4960 2634 5013 est
2654 4955 3073 5025 necessarium,
3103 4969 3340 5028 semper
3360 4970 3486 5013 ma-

1834 5047 1926 5119 gis
1954 5046 2033 5103 ad
2064 5051 2342 5103 naturam
2378 5044 2625 5101 accedit.
2662 5046 2854 5111 Quare
2893 5044 3127 5100 musica
3169 5043 3366 5114 magis
3406 5043 3488 5101 ad

1834 5139 2117 5193 naturam
2170 5133 2398 5192 accedit
2442 5149 2629 5206 quam
2688 5133 2956 5196 textoria,
3012 5131 3186 5200 Quod
3235 5130 3285 5189 si
3347 5131 3485 5206 quis

1832 5225 2070 5296 ignorat
2088 5222 2236 5297 quid
2258 5223 2331 5279 sit
2348 5222 2496 5280 ordo
2518 5226 2573 5279 et
2592 5225 2937 5290 concentus,
2964 5221 3059 5279 vel
3080 5221 3272 5295 ipsam
3300 5225 3489 5280 texto-

1833 5314 1988 5371 riam
2018 5318 2208 5369 artem
2229 5315 2521 5368 scrutetur
2555 5328 2567 5365 :
2610 5310 2940 5382 comperiet
2970 5310 3132 5368 enim
3161 5310 3321 5368 hanc
3350 5326 3490 5368 con-

1836 5407 2013 5460 centu
2033 5406 2089 5458 et
2116 5399 2325 5457 ordine
2350 5414 2551 5456 carere
2576 5414 2698 5456 non
2730 5414 2932 5471 posse.
2958 5404 3149 5474 Atque
3164 5399 3280 5457 hoc
3305 5399 3489 5458 omni-

1824 5490 1952 5559 _bus
1982 5489 2369 5547 manifestum
2396 5487 2681 5554 est.Quiu
2721 5487 2903 5546 etiam
2950 5487 3203 5547 aedificia
3249 5492 3307 5547 et
3357 5488 3490 5547 reli-

1837 5595 1963 5654 qua
1973 5579 2179 5638 omnia
2194 5576 2407 5637 eadem
2420 5577 2652 5635 ratione
2668 5576 3024 5636 consideret.
3036 5581 3328 5637 Praeterea
3340 5574 3490 5637 ordo

1822 5640 1899 5730 "et
1918 5670 2241 5731 consentus
2262 5664 2486 5728 idcirco
2499 5666 2632 5729 aliis
2660 5664 2956 5728 exeellunt
2970 5658 3138 5742 quod
3154 5670 3357 5745 ipsum
3376 5680 3490 5728 coe-
