3932 6326
491 299 513 352 1
523 289 627 354 34⁵7

2022 278 2385 350 ΛῡοΕΝῡΑ.
3793 297 3887 352 ms

489 421 824 491 συνημμένων
873 415 946 478 εἰς
1003 419 1127 489 μίαν
1182 417 1515 488 συναρμογὴν
1569 418 1843 488 συμφωνία
1895 417 1985 466 καὶ
2048 415 2136 464 τὰ·
2171 415 2380 474 Ατιςῆ
2416 416 2663 487 συνηθείᾳ
2719 413 2750 474 ἣ
2811 419 2998 486 σχέσει
3059 415 3090 476 ἦ
3141 422 3253 480 ταῖς
3305 416 3510 493 ἑτέραις
3567 413 3885 492 ἱδιοτροπὲες

486 509 560 572 ξις
588 511 824 561 κινεῖκαὶ
857 510 1087 578 συνέχει,
1115 509 1204 556 καὶ
1264 507 1322 556 τὸ
1372 503 1564 572 πλεῖον,
1613 503 1692 558 ὃτι
1757 509 1847 556 καὶ
1904 511 1978 576 τῷ
2036 507 2135 554 σώ-

483 617 612 670 ματι
661 599 934 668 συμφωνία
973 594 1160 666 ψυχῆς
1213 597 1303 645 καὶ
1348 592 1498 663 ὕλης,
1569 595 1689 644 ἴσου
1771 597 1860 645 καὶ
1933 589 2131 657 ἀνίσου,

479 685 662 738 λευκοῦ
717 690 806 737 καὶ
851 683 1082 756 μέλανος,
1134 682 1301 744 εὐθέος
1368 687 1458 734 καὶ
1536 689 1859 757 περιφεροῦς,
1947 680 2135 752 ἐλαχί-

486 791 611 825 στου
667 777 756 824 καὶ
802 771 1052 842 μείζονος,
1106 773 1194 820 καὶ
1262 768 1425 820 ἄλλων
1515 776 1663 820 τινῶν
1754 764 2136 842 συνδραμοῦσα

480 871 543 936 τῇ
576 858 755 932 τοιᾷδε
783 861 924 924 τάξει
961 866 1095 913 Θεοῦ
1149 855 1493 934 δημιουργία,
1552 865 1734 932 κρατεῖ
1783 862 1873 909 καὶ
1923 860 2134 928 συνέχει

480 951 574 1003 κᾶν
643 948 942 1026 διήρθρωσε
1005 956 1202 1017 πρῶτον
1252 953 1342 999 καὶ
1403 947 1567 1014 ἔταξε,
1621 951 1792 999 καίτοι
1847 951 1936 998 καὶ
2023 953 2134 1008 τοῖς

479 1040 672 1101 ὑλικοῖς
731 1043 912 1114 μέρεσι
971 1044 1166 1110 χυμοῖς
1210 1033 1268 1089 δὲ
1319 1037 1470 1110 λέγω,
1526 1035 1777 1108 ἀναλογία
1821 1040 1912 1087 καὶ
1965 1035 2129 1102 τάξις,

480 1129 608 1182 ἀλλὰ
637 1126 704 1187 δὴ
727 1133 786 1180 τὸ
837 1129 1126 1199 θαυμάσιον
1182 1127 1263 1177 ὅτι
1312 1131 1402 1178 καὶ
1461 1125 1637 1186 αὐτοῖς
1682 1121 1749 1182 δὴ
1804 1132 1908 1184 τοῖς
1963 1123 2132 1196 ψυχι-

477 1225 590 1280 κοῖς
627 1223 830 1290 μέρεσι,
890 1215 1031 1278 τάξις
1089 1219 1179 1266 καὶ
1233 1219 1507 1287 συμφωνία
1560 1222 1653 1265 τοῦ
1705 1217 1777 1286 μὴ
1819 1218 2130 1288 κατεπαίρε-

481 1310 607 1361 σθαι
633 1317 733 1359 τῶν
763 1310 893 1380 ιῇοων
924 1307 952 1365 ἦ
987 1305 1327 1357 ἐλαττοῦσθαι
1357 1308 1387 1362 ἤ
1424 1300 1754 1355 διαλύεσθαι.

547 1395 817 1468 γ’·Ὠστε
864 1391 1028 1452 οῦδὴν
1086 1394 1144 1445 οῦ
1200 1402 1295 1453 τῆς
1356 1396 1576 1464 φύσεως,
1628 1390 1756 1444 ἀλλὰ
1817 1394 1988 1444 πάντα
2037 1394 2127 1465 μὲν

477 1488 592 1559 ἔχει
651 1489 780 1559 πρὸς
827 1484 1010 1551 αὐτὴν,
1066 1485 1133 1535 τὰ
1169 1486 1258 1554 μεν
1307 1486 1668 1554 γνησιωτέρως
1737 1485 1830 1540 τὴν
1913 1484 2124 1552 σχέσιν,

475 1579 544 1628 τὰ
599 1572 658 1627 δε
708 1574 1036 1650 πορρωτέρωσ
1101 1572 1377 1644 Ὕφαντικὴ
1442 1574 1544 1645 γὰρ
1623 1569 1973 1642 συμϐάλλεται
2057 1571 2127 1634 εἰς

474 1669 570 1724 τὴν
597 1673 692 1726 τῆς
740 1663 1002 1725 πολιτείας
1036 1665 1323 1724 κοινωνίαν,
1384 1659 1517 1718 πλὴν
1567 1659 1673 1712 ἀλλ’
1729 1659 1835 1730 οὐχ
1874 1662 1942 1721 ὡς
1997 1679 2126 1733 μου·

479 1760 624 1813 σική·
677 1761 760 1808 Δεῖ
808 1750 867 1806 6“:
912 1757 985 1826 μὴ
1042 1751 1341 1804 ἀπατᾶσθαι
1392 1759 1462 1821 τῷ
1509 1753 1611 1804 ἔθει
1658 1752 1774 1802 τινὰ
1823 1755 1914 1802 καὶ
1966 1756 2124 1824 τιμᾷν
2160 1767 2203 1824 Β
2233 1747 2368 1797 πάνυ
2416 1746 2605 1818 μᾶλλον
2656 1746 2836 1817 ἕψεται
2909 1750 3113 1800 πάντων

473 1847 622 1916 τὸμὴ
649 1863 854 1916 τιμιον.
911 1838 1124 1900 Ἐπειδὴ
1182 1849 1241 1914 τῇ
1296 1848 1525 1914 μουσικῇ
1585 1839 1732 1902 τάξις
1781 1845 1870 1892 καὶ
1915 1859 2126 1913 συμφω-

475 1952 579 1999 νια,
615 1937 702 1985 καὶ
758 1935 824 1985 τὰ
877 1935 968 2005 μὲν
1034 1933 1204 1984 πάντα
1249 1929 1299 1982 ἐν
1348 1937 1625 2002 μουσικοῖς
1674 1929 1850 2001 λόγοις
1891 1931 2124 2003 ὑπάρχει

474 2020 525 2074 ἕν
574 2019 650 2084 οἷς
701 2027 791 2075 καὶ
846 2021 990 2084 τάξις
1044 2025 1136 2073 καὶ
1187 2024 1479 2094 συμφωνία·
1531 2021 1783 2092 ὑφαντικὴ
1869 2015 1928 2072 δὲ
2006 2019 2124 2071 οὔτε

473 2117 734 2184 μουσικὴν
790 2111 910 2169 ὅλην
966 2112 1100 2184 ἔχει,
1151 2113 1269 2163 οὔτε
1323 2114 1424 2183 μὴν
1468 2108 1515 2161 έν
1572 2109 1662 2183 ὅλῃ
1740 2108 1900 2161 ἐστίν·
1989 2113 2123 2161 ὥστε

475 2205 805 2274 φυσικωτέρα
867 2205 957 2274 μὲν
1010 2204 1263 2273 μουσικὴ,
1324 2196 1504 2258 ἐπειδή
1578 2203 1636 2251 1'0
1715 2200 2122 2271 καθολικώτερον

471 2291 703 2368 ὑπάρχει
731 2295 820 2342 καὶ
851 2296 1218 2364 φυσικώτερον,
1259 2291 1314 2341 1'6
1375 2286 1434 2341 δὲ
1492 2294 1839 2362 φυσικώτερον
1896 2286 2118 2360 ἔξανάγ-

470 2400 568 2441 κης
619 2385 709 2432 καὶ
756 2385 1078 2453 τιμιώτερον·
1133 2381 1162 2437 ὴ
1211 2381 1440 2450 μουσικὴ
1496 2377 1756 2450 ἐπιστήμη
1808 2377 1912 2451 ἆρα
1993 2379 2121 2428 ταύ-

473 2489 563 2532 της
615 2466 709 2522 διὰ
755 2469 923 2522 ταῦτα
981 2471 1284 2542 τιμιωτέρα.
1339 2469 1434 2519 Διά
1486 2474 1637 2519 τοῦτο
1695 2471 1765 2524 μὴ
1832 2465 2122 2519 ἀπατάσθω

469 2647 621 2717 lum,
653 2650 872 2702 terram
902 2648 960 2700 et
988 2642 1288 2700 mundum
1303 2643 1667 2710 universum,
1686 2643 1802 2700 hoc
1825 2647 1913 2699 est
1925 2659 2119 2700 rerum

472 2736 732 2792 omnium
744 2749 881 2806 quas
903 2732 1052 2788 coelo
1077 2737 1134 2789 et
1159 2737 1313 2787 terra
1351 2731 1958 2803 comprehenduntur,
1981 2749 2121 2790 con—

473 2825 739 2882 cordiam
764 2829 943 2898 atque
972 2821 1445 2878 convenientiam
1477 2821 1725 2892 gignant
1753 2826 1811 2878 et
1858 2821 2117 2881 foveant.

472 2913 767 2988 Imprimis
822 2926 961 2968 vero
1019 2910 1080 2966 in
1137 2925 1385 2982 corpore
1437 2917 1511 2965 snt
1584 2914 1909 2966 concentus
1991 2913 2118 2968 ani-

471 2989 586 3059 mae
617 3008 673 3059 et
696 3005 980 3058 materiae.
1007 2999 1268 3072 Denique
1291 2999 1540 3073 aequalis
1561 3004 1618 3055 et
1637 2999 1971 3072 inaequalis,
1995 3001 2118 3057 albi

469 3092 717 3163 etnigri,
757 3091 899 3146 recti
924 3095 980 3145 et
1029 3088 1402 3152 orbicularis,
1455 3087 1688 3144 minimi
1745 3094 1802 3144 et
1847 3090 2114 3163 majoris,
2150 3115 2193 3174 η

468 3182 827 3256 quodetiam
840 3180 1112 3236 omnium
1129 3178 1384 3234 aliarum
1415 3194 1614 3233 rerum
1636 3180 2116 3236 convenientiam

469 3269 682 3327 efﬁcax
709 3286 893 3343 opera
907 3269 1008 3324 Dei
1029 3283 1167 3323 cum
1190 3267 1490 3338 ejusmodi
1519 3267 1728 3324 ordine
1754 3283 2116 3325 concurrens

467 3360 646 3416 hodie
673 3359 852 3414 etiam
890 3359 1086 3413 foveat
1137 3362 1193 3412 et
1242 3357 1559 3428 contineat,
1623 3363 1679 3413 et
1722 3357 1782 3412 in
1823 3359 2116 3430 principia

467 3447 928 3505 conformaverit
969 3451 1026 3501 et
1075 3446 1460 3501 constituerit.
1508 3449 1794 3502 Praeterea
1851 3447 2115 3503 etiamin

469 3537 614 3610 ipsis
641 3535 964 3592 materiatis
985 3534 1281 3608 partibus,
1308 3549 1525 3606 nempe
1555 3535 1617 3588 in
1644 3535 1993 3591 humoribus
2027 3541 2115 3593 est

463 3624 738 3697 poportio
763 3627 820 3678 et
847 3621 1018 3678 ordo.
1057 3621 1170 3678 Sed
1191 3622 1306 3677 hoc
1336 3622 1629 3694 imprimis
1705 3623 1973 3679 mirabile
2023 3630 2113 3680 est

461 3712 523 3768 in
553 3711 738 3768 animi
768 3710 1037 3787 partibus
1075 3709 1350 3766 ordinem
1383 3711 1578 3766 inesse
1616 3716 1674 3766 et
1729 3716 2108 3780 concentum,

462 3805 720 3874 ut.extra
748 3798 1034 3855 terminos
1068 3815 1211 3854 suos
1261 3803 1318 3854 et
1361 3799 1511 3854 ﬁnes
1542 3814 1665 3855 non
1695 3799 1987 3856 excedant
2008 3807 2113 3857 aut

460 3889 754 3946 decedant
781 3894 886 3946 aut
913 3887 1336 3944 dissolvantur.

532 3983 590 4036 3.
629 3981 822 4045 Quare
851 3977 997 4033 nihil
1021 3981 1109 4033 est
1145 3976 1310 4050 quod
1362 3975 1441 4032 ad
1503 3980 1783 4033 naturam
1820 3993 1943 4033 non
1965 3977 2110 4034 refe-

461 4073 645 4124 ratur.
662 4067 947 4134 Quamvis
967 4073 1165 4123 autem
1187 4068 1396 4122 omnia
1409 4071 1620 4122 natura
1637 4067 1772 4139 ipsa
1785 4067 2106 4138 contineat,

461 4162 602 4213 sunt
628 4162 827 4213 tamen
853 4157 1133 4226 quaedam
1160 4171 1295 4227 quae
1326 4157 1519 4225 magis
1550 4156 1877 4225 genuinam
1898 4156 1976 4212 ad
2007 4172 2109 4213 na-

463 4251 650 4302 turam
675 4245 899 4300 habent
918 4244 1286 4307 relationem,
1311 4245 1590 4316 quaedam
1612 4247 1786 4301 etiam
1813 4252 1954 4302 sunt
1974 4263 2110 4320 quae

459 4334 696 4404 longius
728 4349 764 4388 a
783 4337 998 4389 natura
1026 4332 1265 4388 distant.
1294 4335 1563 4390 Textoria
1581 4336 1747 4392 enim
1772 4340 1864 4391 est
1931 4335 2111 4391 alicu-

453 4424 556 4495 jus
586 4439 734 4478 usus
757 4422 819 4476 in
849 4437 1176 4478 communa
1201 4423 1474 4478 omnium
1502 4427 1804 4496 societate,
1837 4424 1944 4480 sed
1986 4439 2112 4481 non

2246 511 2344 552 τῶν
2383 503 2684 578 εἰρημένων,
2724 508 2813 555 καὶ
2880 503 2927 556 ἐν
2973 503 3160 578 ἑτέροις
3225 513 3448 560 τοντῶνὶ
3503 515 3614 559 τῶν
3697 504 3886 579 lamas.

2244 609 2342 642 των
2377 587 2680 664 ἰδιώμασιν.
2743 591 2896 645 Ἐστι
2952 596 3054 669 γὰρ
3103 589 3600 669 διακεχωρισμένσν
3659 599 3720 647 1'6
3777 601 3886 666 φ-Δςῖς

2241 687 2331 730 τοῦ
2387 681 2524 732 θέσει
2575 700 2628 733 τε
2676 686 2764 733 καὶ
2818 689 2909 734 τοῦ
2951 685 3157 756 κράσει.
3226 682 3486 759 ’Υπάρχει
3530 691 3670 756 γοῦν

2974 768 3313 844 Φιλαδελφείᾳ
3397 777 3457 827 τὸ
3549 793 3889 826 eluctatus).

3757 704 3891 735 τῑέιζῖῗ

2242 774 2438 840 Νικαία
2504 772 2562 821 τὸ
2602 769 2895 842 φιλόσοφον,

2244 861 2344 908 Καὶ
2373 858 2569 929 ὅτιμὲν
2631 859 2719 910 οὖν
2768 864 2858 911 καὶ
2913 862 2972 912 1'6
3031 864 3360 913 σκυτευτικόν
3433 866 3764 931 συνίστησι,
3815 883 3890 913 :1-

2239 942 2358 1005 λεως
2384 950 2539 1020 μέρος
2578 945 2737 1000 ἐστίν.
2795 946 2950 1000 Ἐστι
3000 944 3059 1001 δὲ
3114 949 3274 1009 πολλὴ
3326 957 3437 1002 τοῖν
3489 947 3652 1003 δυοῖν
3706 954 3737 1010 ἑ
3799 949 3890 1003 διι-

2241 1035 2390 1108 φορά·
2425 1038 2478 1086 τὸ
2532 1038 2624 1108 μὲν
2659 1039 2760 1109 γὰρ
2819 1032 3059 1108 διαιροῦν
3113 1041 3291 1110 φύσεις
3339 1045 3428 1090 καὶ
3471 1038 3650 1106 ἑνοῦν,
3715 1044 3800 1092 καὶ
3830 1043 3884 1098 ὣς

2240 1124 2476 1176 ὁπωσοῦν
2541 1129 2614 1196 μὴ
2669 1123 2747 1177 ἐόν
2801 1145 2853 1177 τι
2904 1130 3054 1200 μέρος
3135 1125 3547 1202 ἆνέξερεῦνητον,

2237 1215 2331 1268 τὴν
2381 1217 2742 1278 σκυτευτικὴν,
2789 1215 2934 1289 εὗρόν
2979 1211 3038 1267 δὲ
3096 1222 3446 1290 φυσιοτροπίᾳ
3522 1225 3591 1290 τῇ
3622 1222 3772 1270 κατὰ
3835 1219 3896 1270 λε-

3635 1129 3761 1205 εὖρε
3825 1136 3894 1180 ui

2235 1318 2327 1371 γον
2383 1297 2680 1374 διήρθρωσε
2735 1302 2902 1369 τάξιν,
2963 1309 3271 1362 σκυτευτικὴ
3324 1302 3384 1357 δὲ
3459 1306 3585 1359 οὔτε
3664 1308 3897 1379 91161615-

2235 1393 2455 1459 γήσασα
2508 1387 2619 1463 εὗρε
2664 1395 2980 1458 τεκτονικὴν,
3046 1395 3165 1445 οὔτε
3213 1390 3464 1447 διελοῦσα
3500 1402 3890 1470 χρυσοχοείαν.

2235 1479 2390 1550 ἄμφω
2440 1481 2539 1555 γὰρ
2609 1480 2932 1552 φιλοσοφίας,
2990 1487 3080 1534 καὶ
3129 1482 3189 1534 οὗ
3285 1492 3666 1554 σκυτευτικῆς,
3755 1485 3899 1538 Ὠστξ

2238 1573 2698 1641 σκυτευτικῆςμεν
2754 1568 3127 1642 ἀφανισθείσης
3172 1574 3323 1642 ἴσως,
3374 1573 3472 1624 οῦκ
3525 1573 3591 1625 ἂν
3653 1580 3791 1626 ποτέ
3837 1595 3900 1634 τις

2237 1659 2351 1731 εἱπη
2411 1656 2665 1730 ἐφθάρθαι
2720 1661 2813 1720 τὰς
2860 1660 3052 1720 πόλεις·
3124 1660 3401 1735 φιλοσοφίᾳ
3471 1659 3538 1715 δὲ
3618 1666 3772 1716 κατὰ
3853 1685 3896 1715 τε

3209 1751 3392 1822 φθορά.
3465 1748 3701 1809 Ἐπειδὴ
3769 1749 3894 1808 δἐἰ

2231 1837 2426 1895 ταύτης
2473 1836 2639 1908 φθορὰ
2703 1843 2802 1887 τῶν
2867 1835 3109 1889 πλειόνων
3157 1835 3266 1890 ἔστί
3322 1840 3512 1911 φθορὰ,
3574 1838 3798 1912 ἀναγκα
3834 1862 3897 1892 ι)-

2231 1927 2356 1998 τέρα
2391 1928 2480 1976 καὶ
2508 1929 2751 1999 κρείττων
2790 1923 2923 1978 ἔστί.

2304 2009 2372 2067 δ’.
2430 2019 2516 2066 Δεῖ
2556 2021 2682 2086 γοῦν
2724 2016 2826 2066 ἔθει
2872 2018 2945 2087 μὴ
2997 2013 3321 2068 ἀπατᾶσθαι·
3380 2012 3539 2069 οὐδὲν
3807 2015 3900 2070 διὲ-

2233 2103 2399 2156 στειλε
2452 2108 2548 2161 τὴν
2615 2100 2771 2166 δόξαν
2823 2113 2923 2156 τῶν
2980 2105 3175 2157 πόλεών
3230 2125 3282 2158 τι
3340 2108 3370 2164 ἦ
3437 2108 3579 2176 ἔθος,
3639 2112 3706 2160 τό
3743 2105 3897 2162 δεινὰν

2232 2191 2417 2266 ἀρετῆς
2471 2198 2560 2245 καὶ
2619 2198 2803 2255 κακίας
2857 2197 3092 2267 ὄργανον.
3140 2196 3205 2246 Δί
3412 2195 3502 2248 οὖν
3570 2197 3764 2270 ἄμφω,
3825 2221 3896 2271 φεμ

2229 2282 2449 2356 λοσοφία
2504 2287 2952 2350 καὶσκυτευτικὴ,
3011 2287 3230 2358 φύσεως,
3326 2281 3573 2360 διαφέρει
3677 2285 3744 2342 δ”ε

2230 2372 2496 2445 ἀναγκαίῳ
2525 2377 2716 2443 καὶτῷ
2755 2377 2825 2444 μὴ
2878 2373 2956 2425 ἀεὶ
3007 2372 3294 2446 ἀναγκαίῳ.
3358 2373 3481 2428 Ὀτι
3537 2372 3607 2430 δέ
3678 2386 3894 2451 τιμᾶται

2229 2468 2292 2533 τῇ
2354 2464 2443 2534 μὲν
2498 2464 2555 2513 τὸ
2627 2462 2780 2533 (sic),
2837 2468 2901 2534 τῇ
2961 2458 3014 2514 δ’
3092 2465 3176 2530 οὔ,
3240 2465 3540 2526 συνηθείαςο

3285 1492 3666 1554 σκυτευτικῆς,

3635 2468 3799 2540 ἄμφω
3849 2465 3897 2520 ᾖ

2229 2643 2398 2696 tates.
2435 2641 2532 2695 Est
2558 2639 2713 2695 enim
2728 2639 3068 2696 distinctum
3091 2642 3150 2696 et
3167 2644 3508 2714 separatum
3528 2641 3716 2709 illud,
3741 2644 3892 2718 quod

2223 2723 2446 2786 natura
2474 2735 2708 2786 constat
2736 2730 2815 2786 ab
2836 2745 2928 2797 eo,
2957 2731 3125 2803 quod
3155 2731 3451 2803 positione
3482 2735 3543 2788 et
3605 2738 3891 2805 tempera-

2230 2819 2387 2875 tione
2422 2823 2676 2876 constat.
2734 2818 2943 2874 Nicaeaa
2990 2819 3167 2890 igitur
3207 2819 3615 2892 philosophia
3669 2822 3884 2890 colitur,

2228 2907 2654 2980 Philadelphia
2687 2924 2784 2964 ars
2815 2907 3091 2965 coriaria.
3136 2911 3284 2964 Nam
3336 2913 3394 2964 et
3439 2910 3720 2967 coriaria
3762 2915 3885 2985 quia

2226 3002 2458 3068 partem
2489 2997 2744 3052 civitatis
2763 2995 3094 3070 aliquando
3115 2997 3442 3065 constituit,
3471 2998 3597 3053 civi
3607 3001 3882 3071 tatispars

2226 3086 2472 3144 dicetur.
2504 3087 2603 3140 Est
2644 3089 2844 3141 autem
2890 3101 3115 3155 magna
3161 3084 3490 3141 ambarum
3533 3085 3882 3143 facultatum

2225 3175 2598 3230 differentia:
2631 3190 2775 3230 nam
2813 3175 2981 3248 quod
3026 3175 3366 3231 universam
3413 3180 3722 3233 naturam
3777 3191 3881 3248 per»

2225 3269 2387 3320 meat
2413 3271 2470 3319 et
2505 3264 2765 3336 copulat,
2801 3270 2864 3320 ut
2909 3264 3005 3320 cui
3071 3263 3238 3320 nulla
3282 3279 3425 3336 pars
3490 3269 3590 3320 est
3649 3273 3878 3331 naturai,

2224 3368 2604 3424 quaecunque
2633 3351 2877 3409 tandem
2927 3353 3000 3409 sit
3056 3353 3670 3425 impervestigabilis,
3717 3361 3881 3410 artem

2225 3443 2540 3498 coriariam
2569 3444 2805 3515 reperit,
2838 3444 3142 3499 inventam
3172 3443 3369 3498 dende
3393 3445 3680 3501 naturali
3726 3443 3881 3500 modo

2223 3537 2384 3588 certa
2409 3533 2639 3589 ratione
2661 3533 3060 3589 conformavit
3085 3539 3143 3588 et
3172 3533 3497 3589 constituit.
3530 3539 3613 3590 At
3661 3551 3762 3591 ars
3809 3548 3880 3589 eo

2220 3621 2420 3694 riaria,
2454 3638 2649 3694 neque
2677 3623 2729 3677 vi
2761 3622 3050 3679 naturalis
3081 3622 3338 3678 scientiae
3369 3621 3667 3679 fabrilem
3692 3630 3879 3682 artem.

2221 3727 2417 3784 neque
2455 3713 2509 3766 vi
2563 3711 2958 3767 distinctionis
3001 3718 3192 3768 artem
3245 3711 3576 3768 auriﬁcum
3627 3716 3876 3787 reperit;

2220 3806 2474 3874 utraque
2495 3802 2656 3857 enim
2678 3806 2764 3857 est
2786 3801 3183 3875 philosophiae
3204 3805 3260 3857 et
3280 3817 3402 3857 non
3419 3802 3576 3858 artis
3601 3805 3876 3860 ceriaria.

2220 3893 2414 3957 Quare
2445 3890 2682 3947 sublata
2701 3891 2776 3946 de
2823 3890 3016 3947 medio
3067 3892 3341 3960 coriaria,
3396 3906 3591 3947 nemo
3645 3893 3874 3949 fortass:

2217 3979 2448 4047 dixerit,
2499 3979 2764 4036 civitates
2810 3979 3097 4036 interiisse
3143 3998 3160 4052 ;
3212 3979 3318 4036 sed
3361 3979 3410 4034 si
3497 3980 3877 4055 philosophia

2217 4069 2539 4136 tolleretur,
2571 4069 2770 4140 potius
2792 4070 3040 4125 omnino
3071 4073 3418 4142 sequeretur
3466 4071 3767 4126 omninm
3800 4085 3874 4124 re-

2218 4173 2354 4214 rum
2380 4158 2670 4214 interitus.
2699 4159 2993 4223 Quoniam
3017 4164 3218 4214 autem
3238 4158 3657 4230 philosophiae
3693 4160 3874 4216 interi-

2218 4250 2316 4303 tus
2363 4247 2625 4320 plurium
2656 4252 2743 4303 est
2789 4247 3072 4314 interitus,
3105 4247 3489 4320 philosophia
3537 4254 3642 4303 est
3700 4249 3874 4304 multo

2221 4339 2416 4406 magis
2439 4337 2803 4406 necessaria,
2825 4336 3138 4408 multoque
3179 4337 3625 4408 praestanstior.

2289 4428 2342 4480 4.
2375 4424 2712 4482 Cavendum
2731 4425 2908 4497 igitur
2928 4440 3002 4480 ne
3023 4425 3455 4480 consuetudine
3477 4425 3788 4499 decipiam
3798 4441 3876 4481 nr.

459 4513 607 4570 tanti
626 4511 836 4586 quanti
856 4517 944 4566 est
971 4511 1222 4567 musica.
1254 4510 1473 4568 Verum
1511 4514 1850 4570 cavendum
1896 4518 1984 4571 est
2034 4530 2109 4571 ne
2143 4524 2186 4577 D
2219 4513 2388 4570 Nulla
2415 4514 2576 4569 enim
2604 4513 2721 4570 alia
2740 4529 2832 4569 res
2869 4512 3067 4569 studia
3113 4513 3368 4581 diversa,
3420 4515 3874 4587 sententiasque

460 4618 566 4676 per
585 4599 1081 4658 consuetudinem
1102 4599 1162 4655 in
1175 4615 1436 4658 errorem
1456 4602 1840 4671 inducamur,
1871 4608 1928 4660 et
1942 4604 2110 4678 quod

457 4708 582 4748 non
607 4697 698 4747 est
722 4689 1063 4759 colendum,
1094 4689 1388 4748 colamus.
1411 4691 1710 4758 Quoniam
1746 4693 1906 4748 enim
1957 4693 2107 4749 ordo

455 4787 515 4839 et
543 4785 868 4838 concentus
891 4782 1043 4835 inest
1064 4779 1125 4835 in
1164 4781 1397 4836 musica
1418 4785 1474 4836 et
1502 4781 1709 4836 omnia
1738 4781 1981 4836 musicis
2014 4797 2108 4838 ra-

456 4872 719 4928 tionibus
743 4870 1123 4927 continentur
1141 4871 1201 4926 in
1223 4871 1446 4943 quibus
1478 4872 1634 4927 inest
1657 4871 1806 4927 ordo
1850 4877 1907 4928 et
1958 4889 2106 4929 con-

457 4967 663 5017 centus
691 4979 705 5028 ;
734 4959 981 5016 textoria
1009 4964 1211 5016 autem
1241 4976 1437 5033 neque
1461 4960 1760 5016 musicam
1786 4963 1974 5016 totam
2003 4962 2104 5017 ha-

455 5050 574 5117 bet,
601 5065 797 5122 neque
814 5049 874 5104 in
905 5052 1026 5105 tota
1045 5053 1131 5104 est
1161 5049 1413 5119 musica,
1446 5049 1668 5104 idcirco
1693 5050 1926 5105 musica
1971 5065 2106 5123 pro-

455 5139 591 5211 pius
602 5139 680 5194 ad
693 5143 970 5194 naturam
984 5137 1234 5206 accedit,
1247 5138 1735 5210 quandoquidem
1750 5139 1984 5194 musica
1996 5144 2102 5202 est,

454 5227 650 5298 magis
677 5227 1034 5283 universalis
1050 5231 1108 5281 et
1128 5225 1328 5280 idinco
1350 5225 1693 5297 diligentius
1719 5227 1972 5284 colenda
1991 5231 2100 5298 est,

456 5323 514 5375 et
541 5318 755 5388 majori
778 5318 839 5373 in
862 5319 1053 5389 pretio
1074 5315 1359 5372 habenda
1387 5332 1572 5389 quam
1591 5323 1857 5374 textoria.
1884 5320 2104 5383 Quam-

453 5407 664 5464 obrem
693 5407 918 5463 nemini
937 5407 1210 5479 imponat
1234 5411 1338 5460 aut
1375 5407 1748 5462 consuetudo
1799 5413 1904 5463 aut
1956 5407 2104 5462 rela-

452 5495 558 5564 tio,
585 5500 689 5551 aut
718 5495 849 5552 aliae
877 5511 1078 5550 rerum
1103 5510 1288 5567 supra
1315 5500 1928 5552 commemoratarum
1962 5510 2104 5569 pro-

451 5581 757 5656 prietates,
795 5587 898 5641 aut
921 5583 1182 5658 denique
1199 5584 1633 5656 proprietatum
1660 5582 1790 5644 alia:
1837 5584 2105 5661 proprie-

2217 4603 2487 4660 diversas
2518 4602 2770 4659 diversis
2822 4603 3160 4659 civitatibus
3211 4603 3428 4669 attulit,
3484 4619 3690 4676 quam
3754 4621 3878 4661 con-

2217 4693 2471 4749 suetudo
2499 4709 2635 4766 qua:
2666 4696 2752 4748 est
2797 4690 3026 4749 virtutis
3079 4696 3134 4749 et
3195 4692 3319 4748 vitii
3374 4690 3875 4750 efﬁcacissimum

2214 4783 2697 4838 instrumentum.
2728 4781 2936 4838 Ambae
2966 4782 3163 4852 igitur,
3190 4797 3451 4854 nemque
3486 4783 3876 4856 philosophia

2215 4877 2270 4928 et
2295 4888 2394 4928 ars
2429 4872 2681 4929 coriaria
2707 4875 2848 4927 sunt
2873 4877 3127 4941 natura,
3161 4873 3270 4927 sed
3288 4870 3576 4927 differunt
3611 4888 3691 4929 eo
3723 4871 3876 4946 quod

2212 4961 2312 5017 illa
2343 4962 2419 5017 sit
2447 4961 2807 5029 necessaria,
2838 4961 2970 5017 haec
3001 4976 3142 5016 vero
3165 4976 3293 5016 non
3312 4962 3696 5018 necessaria-
3719 4959 3876 5028 Quod

2213 5055 2414 5106 autem
2438 5049 2566 5105 haec
2596 5049 2815 5105 alicubi
2865 5049 3098 5117 colitur,
3145 5047 3247 5104 illa
3279 5064 3417 5104 vero
3471 5048 3715 5105 alicubi
3769 5063 3875 5106 non

2213 5139 2442 5206 colitur,
2487 5144 2576 5195 est
2629 5138 3136 5207 consuedudinis;
3187 5137 3384 5194 amba:
3431 5139 3624 5205 enim,
3667 5155 3873 5211 nempe

2213 5228 2598 5301 philosophia
2627 5234 2684 5284 et
2708 5244 2806 5284 ars
2834 5228 3086 5285 coriaria
3116 5233 3258 5284 sunt
3274 5232 3526 5284 naturae.
3563 5229 3692 5284 Sed
3722 5231 3783 5285 in
3815 5229 3873 5284 ci-

2211 5317 2495 5373 vitatibus
2517 5317 2815 5386 coluntur,
2837 5323 3017 5390 prout
3041 5317 3286 5372 interior
3315 5315 3581 5372 incitatio
3616 5324 3684 5374 et
3727 5316 3873 5374 incli-

2211 5408 2375 5462 natio
2397 5411 2484 5462 est
2504 5406 2700 5476 magis
2722 5406 3032 5472 naturalis,
3065 5410 3172 5461 aut
3193 5421 3231 5461 a
3250 5406 3702 5478 temperatione
3752 5421 3869 5478 pro-

2210 5495 2387 5552 fecta.
2417 5497 2639 5551 Natura
2664 5496 2827 5551 enim
2855 5509 3067 5551 omnes
3087 5495 3424 5567 comparati
3455 5500 3604 5551 sunt
3625 5496 3712 5553 ad
3761 5496 3871 5563 phi-

2208 5582 2542 5657 losophiam
2572 5588 2678 5642 aut
2699 5583 2781 5642 ad
2809 5583 3121 5641 coriariam
3141 5588 3345 5641 artem.
3364 5582 3633 5641 Sedﬁeri
3649 5585 3865 5658 nequit.
