3932 6326
35 227 252 286 [349

993 231 1348 290 THEODORI
1389 227 1438 285 II
1477 225 1611 284 1MP.
1655 225 1745 280 DE
1786 212 2246 281 COMMUNIONE
2282 223 2667 284 NATURALI.

3397 229 3534 298 1350

69 361 212 416 τῆς
267 359 493 429 φύσεως,
544 358 677 408 κατά
735 360 1091 431 φυσικωτέραν
1136 357 1302 430 ὁρμήν
1369 351 1428 407 δὲ
1473 356 1563 404 καὶ
1592 368 1751 402 κατα·
1806 346 1853 401 Α
1910 351 2005 405 τὴν
2060 344 2334 423 διαφορὰν,
2396 351 2565 402 πάντα
2613 347 2672 403 δὲ
2718 349 3074 425 ἐπιστήμηςῇ
3125 365 3357 411 κοινωνεῖ
3403 380 3506 436 γαρ

69 447 374 520 κράσεως
468 447 634 519 ὁρμὴν
722 454 838 506 ταῖς
890 445 1071 499 πόλεσι
1137 452 1420 519 τιμώμενα.
1478 445 1750 513 Πεφύκασι

70 536 225 608 ’γὰρ
331 531 551 608 δυνάμει
608 537 796 596 πάντες
865 535 1136 607 φιλοσοφοι
1196 536 1225 594 ἡ
1287 536 1469 593 πάντες
1525 537 1746 590 σκυτεῖς,

73 619 401 676 ἀδύνατον
435 621 493 676 δὲ
531 628 588 676 τὸ
618 627 754 676 κατά
808 628 960 676 ποιὰν
999 621 1306 682 οἱανδήτινα
1361 629 1548 696 κρᾶσιν
1614 638 1749 692 κρα-

81 713 198 762 θὲν
278 709 482 787 ῥαδίως
543 712 906 771 ἀλλοιωθῆναι,
969 714 1096 766 Κατ’
1142 713 1327 772 αὐτοὺς
1385 708 1443 763 δὲ
1487 713 1608 771 τοὺς
1657 707 1748 759 λο-

72 819 262 869 701;;
315 807 405 854 καὶ
456 807 751 876 στρατηγία
811 806 901 854 καὶ
956 801 1214 874 ἐλαχίστη
1297 805 1456 872 τέχνη
1530 798 1656 855 ἄλλη
1713 799 1743 855 ἦ

80 894 424 964 σύγκρισις
454 893 591 944 κατὰ
627 899 807 965 χεῖρον
873 891 1007 943 οὖσα
1071 896 1162 943 καὶ
1219 896 1470 965 κρεῖττον,
1523 885 1626 940 οἷον
1653 889 1748 948 τὰς

73 982 206 1051 μὲν
268 980 445 1042 πόλεις
490 985 580 1033 καὶ
641 983 707 1032 τὰ
757 981 874 1038 ἔθνη
935 983 994 1032 τὸ
1063 982 1434 1052 στρατιωτικὸν
1482 977 1746 1050 φυλάττει,

76 1072 159 1120 τὸ
224 1074 534 1144 ποιμενικὸν
567 1065 626 1122 δὲ
655 1069 760 1144 οὐχ
809 1069 994 1131 οὕτως.
1049 1068 1239 1122 Πολλαὶ
1292 1071 1394 1140 γὰρ
1443 1071 1514 1140 μὴ
1563 1085 1747 1124 κτηνο-

81 1167 428 1231 τροφοῦσαι
482 1159 616 1219 ζῶσι
671 1163 762 1210 καὶ
814 1161 1058 1231 μένουσιν
1111 1179 1122 1190 ·
1179 1153 1301 1211 οὐδὲ
1353 1160 1449 1225 μία
1493 1152 1551 1208 δὲ
1604 1153 1744 1207 ἐστιν

90 1245 508 1321 ἀστράτευτος,
563 1248 666 1300 οἷον
753 1247 1008 1306 Μιλήσιοι
1064 1245 1123 1299 οὐ
1189 1244 1454 1319 βουκόλοι,
1509 1247 1744 1318 ἔμπειροι

90 1333 172 1389 δὲ
277 1342 600 1410 ναυμαχίας,
673 1340 762 1389 καὶ
836 1342 1022 1411 μυρίαι
1093 1335 1261 1396 πόλεις
1323 1337 1508 1407 ἕτεραι.
1581 1332 1743 1387 Ὠστε

92 1430 408 1484 σκόπησον
438 1428 465 1477 ὁ
505 1423 806 1499 διακρίνων.
853 1425 914 1477 Ἠ
971 1428 1060 1497 μὲν
1107 1429 1208 1501 ’γὰρ
1267 1423 1508 1476 πλειόνων
1569 1420 1740 1475 δεῖται

84 1512 296 1586 λόγων
365 1515 685 1590 φιλοσοφίας,
745 1520 836 1567 καὶ
887 1514 1130 1567 πλειόνων
1183 1514 1618 1585 ἐπιτυγχάνουσα
1656 1515 1733 1570 εἴη

81 1602 163 1654 ἆυ
218 1606 335 1657 οἷον
378 1609 469 1657 καὶ
530 1608 860 1679 φυσικωτέρα
915 1608 1005 1656 καὶ
1059 1608 1320 1678 τιμωτέρα
1363 1603 1562 1656 πολλῶν
1611 1599 1734 1656 διο·-

1911 443 1982 497 εἰς
2020 441 2114 494 τὴν
2169 434 2414 490 παιδείαν
2471 439 2655 491 οἷπασα
2701 445 2884 512 τέχνη,
2944 445 3014 504 ὡς
3066 445 3116 496 ἓν
3168 463 3273 498 τινι
3319 434 3507 522 κέντρω

1908 523 2119 590 κύκλου,
2155 525 2227 587 εἰς
2277 527 2304 576 ὃ
2349 532 2519 579 πᾶσαι
2583 533 2965 602 προπίπτουσιν
3024 533 3078 582 αἱ
3127 531 3182 583 ἐκ
3225 542 3319 594 τῆς
3364 556 3508 610 περι-

1910 619 2111 684 φερείας
2195 615 2556 688 εἰσερχόμεναι
2609 617 2821 673 εὐθεῖαι.
2883 619 3038 672 Ἀλλὰ
3094 627 3184 674 καὶ
3240 632 3302 696 τῇ
3353 629 3507 698 φύσει

1907 707 2056 754 πᾶσα
2089 709 2281 778 κρᾶσις
2319 704 2520 757 ἑνοῦται
2561 707 2746 780 κράσει
2796 710 2932 760 κατὰ
2981 712 3068 760 τὸν
3127 711 3282 763 αὐτὸν
3329 711 3499 786 λόγον,

1912 795 1996 842 καὶ
2049 792 2142 843 οὐκ
2191 795 2303 845 ἔστι
2349 813 2402 845 τι
2453 797 2510 846 τὸ
2554 800 2624 866 μὴ
2682 797 2901 866 φύσεως,
2965 801 3055 850 καὶ
3108 799 3202 851 οὐκ
3266 803 3378 855 ἔστι
3423 824 3505 866 τις

1906 881 2066 950 τέχνη
2099 885 2171 952 μὴ
2217 878 2352 934 οὖσα
2401 879 2668 951 παιδείας,
2719 886 2832 956 ἔχει
2898 882 2958 938 δὲ
3000 888 3070 948 ὠς
3120 893 3268 941 πᾶσα
3314 897 3505 964 κρᾶσις

1904 975 2173 1022 κοινωνίαν
2217 976 2306 1024 καὶ
2358 968 2642 1031 διαστολὴν
2686 972 2742 1024 ἐκ
2792 977 3046 1049 κράσεων,
3097 978 3232 1029 οὕτω
3282 975 3350 1039 δὴ
3408 985 3501 1036 καὶ

1905 1059 1989 1110 ἐπὶ
2051 1066 2152 1110 τῶν
2226 1067 2424 1132 τεχνῶν
2466 1066 2730 1113 κοινωνίαι
2785 1067 2874 1115 καὶ
2918 1060 2954 1116 δ
2959 1064 3197 1118 ιαστολαί
3251 1087 3266 1101 ο
3310 1069 3500 1140 μᾶλλον

1903 1149 2005 1220 γὰρ
2056 1152 2388 1221 ναυμαχικόν
2445 1153 2686 1221 συγγενὲς
2733 1159 2826 1204 τοῦ
2881 1153 3097 1206 ἱππικοῦ
3127 1155 3157 1213 ἢ
3199 1157 3496 1229 ὑφωτικόν,

1902 1241 1992 1288 καὶ
2062 1237 2408 1307 χαλκευτικῆς
2477 1241 2507 1298 ἡ
2595 1239 2874 1312 μεταλλικὴ
2928 1243 2958 1301 ἦ
3017 1250 3317 1317 ποιμενική,
3407 1253 3499 1303 καὶ

1902 1324 2065 1376 ἄλλων
2091 1325 2260 1382 ἄλλαι.
2287 1334 2452 1380 Τοῦτο
2482 1324 2541 1380 δὲ
2597 1334 2686 1382 καὶ
2751 1329 2835 1382 ἐπὶ
2885 1337 2982 1391 τῆς
3029 1334 3222 1403 φύσεως
3267 1340 3494 1404 νοητέον,

1900 1415 1970 1475 ὥς
2049 1419 2141 1467 καὶ
2220 1413 2268 1467 ἓν
2329 1423 2445 1478 ταῖς
2485 1425 2674 1490 χυμῶν
2721 1418 2926 1490 μίξεσιν
2982 1423 3186 1493 εἲρηται
3239 1428 3330 1476 καὶ
3380 1433 3499 1487 ταῖς

1897 1511 1997 1554 τῶν
2021 1509 2320 1576 στοιχείων.
2360 1504 2517 1579 Ἔχει
2573 1504 2634 1560 δὶ
2687 1513 2790 1560 πᾶν
2844 1512 2876 1560 ὅ
2925 1529 2978 1562 τι
3027 1513 3087 1562 τὸ
3143 1514 3362 1584 φύσεως,
3427 1517 3498 1579 ὡς

1895 1594 2116 1663 εἴρηται,
2176 1598 2478 1666 συμφωνίαν
2531 1599 2623 1647 καὶ
2670 1599 2879 1666 σχέσιν.
2929 1603 3206 1670 Συμφωνία
3257 1604 3359 1676 γὰρ
3406 1607 3496 1656 καὶ

80 1697 243 1766 μένη
315 1693 624 1768 φιλοσοφίας
686 1699 888 1768 τρόπων
945 1697 1035 1745 καὶ
1083 1692 1301 1754 πολλοὺς
1340 1695 1566 1766 ἔχουσα,
1618 1688 1731 1744 δεῖ·
1798 1701 1835 1755 Β
1895 1685 2086 1752 σχέσις
2123 1686 2319 1755 κόσμον
2343 1687 2444 1766 καὶ,
2465 1682 2614 1736 πόλιν
2664 1689 2756 1737 καὶ
2809 1690 2988 1758 κώμην
3034 1692 3125 1739 καὶ
3177 1686 3317 1741 οἶκον
3371 1709 3497 1743 συν-

77 1802 194 1834 ται
243 1779 309 1835 δὲ
351 1787 442 1835 καὶ
483 1784 514 1841 ἡ
570 1782 718 1854 ἄλλη,
761 1782 894 1840 πλὴν
952 1780 1058 1834 ἀλλ’
1109 1781 1213 1854 οὐχ
1253 1782 1432 1850 οὕτως,
1487 1783 1622 1834 ὥστε
1674 1783 1731 1834 τὸ

77 1874 239 1944 πρὸς
296 1876 392 1930 τὴν
476 1870 773 1943 ἐπιστήμην
852 1870 1145 1934 πλησιάζον
1187 1878 1370 1923 πασῶν
1429 1869 1730 1942 ἐπιστημῶν

79 1965 198 2012 καὶ
283 1969 482 2032 τεχνῶν
550 1961 784 2034 ὑπάρχει
857 1964 944 2012 καὶ
1009 1965 1333 2034 τιμιώτερον.
1386 1962 1445 2013 Εἰ
1500 1961 1590 2031 μὲν
1641 1958 1729 2011 οὖν

85 2047 322 2112 ἀνάξεις
379 2051 569 2118 πάντα,
630 2051 867 2122 εὑρήσεις
923 2047 982 2100 ἂν
1035 2048 1287 2112 ἐξετάσων
1341 2048 1408 2110 εἰς
1471 2053 1565 2106 τήν
1603 2049 1729 2100 καθ-

88 2137 235 2190 όλου
269 2135 541 2206 παιδείαν,
571 2139 639 2198 ὡς
666 2141 891 2213 εἴρηται,
925 2137 1235 2210 ἀναγόμενα.

184 2226 243 2282 ε’.
280 2230 517 2280 Μάταιον
559 2223 618 2279 δὲ
674 2226 722 2279 ἓν
780 2229 996 2279 ἕκαστον
1056 2226 1330 2293 ἐξετάζειν,
1382 2227 1490 2279 ἀλλ’
1543 2229 1598 2279 ἔκ
1652 2247 1728 2279 τι-

94 2337 211 2368 νων
242 2318 418 2368 πάντα
465 2323 614 2371 νοεῖν.
675 2311 829 2389 Ἴδης
887 2312 947 2368 δὲ
1002 2317 1174 2368 πάντα
1226 2315 1524 2388 ἐπιστήμης
1581 2321 1724 2386 ὄντα,

98 2411 428 2479 τιμιώτερα,
480 2403 781 2480 ἀτιμότερα,
838 2410 1023 2478 χείρω,
1064 2409 1300 2480 κρείττω,
1359 2411 1449 2458 καὶ
1505 2408 1640 2458 κατὰ
1666 2409 1726 2458 1'6

101 2491 232 2546 ἴσον
290 2499 380 2547 καὶ
435 2497 495 2546 τὸ
550 2496 751 2560 ἄνισον,
806 2494 836 2552 ἦ
891 2494 1129 2546 ἐπιτάσει
1181 2499 1270 2546 καὶ
1327 2493 1497 2547 ἀνέσει
1535 2497 1726 2568 ἔχοντα

69 2731 146 2781 ut
177 2725 348 2798 quod
379 2724 583 2797 aliqua
609 2723 1039 2791 temperatione
1088 2722 1407 2795 prteditum
1447 2729 1552 2790 est,
1578 2725 1749 2782 facile

71 2815 457 2870 immutetur.
500 2813 722 2869 Eodem
753 2813 937 2869 modo
972 2827 1071 2868 ars
1119 2813 1506 2884 imperatoria
1547 2819 1605 2871 et
1642 2816 1752 2871 mi-

67 2903 257 2959 nima
286 2918 384 2958 ars
413 2903 802 2958 conferuntur
824 2902 976 2957 inter
1008 2916 1092 2965 se,
1117 2917 1189 2956 ex
1211 2917 1304 2969 eo,
1335 2903 1502 2975 quod
1523 2903 1652 2959 haec
1673 2904 1750 2959 sit

71 2991 350 3057 inferior,
373 2991 476 3047 illa
497 2991 894 3063 praestantior.
938 2992 1008 3046 Ut
1028 3005 1125 3046 ars
1175 2989 1440 3047 militaris
1484 2993 1750 3049 civitates

73 3087 138 3136 et
169 3087 379 3167 gentes
413 3085 754 3149 conservat,
786 3078 893 3135 sed
910 3095 1008 3134 ars
1057 3079 1365 3150 pastoritia
1394 3095 1513 3136 non
1552 3081 1695 3136 item
1733 3100 1747 3148 ;
1784 3117 1824 3171 Ο

75 3170 295 3226 multae
324 3159 486 3226 enim
531 3171 798 3225 civitates
857 3168 1180 3240 multasque
1221 3170 1493 3225 nationes
1547 3177 1752 3228 carent

79 3260 378 3315 armentis
399 3263 456 3314 et
483 3257 783 3328 gregibus,
833 3273 971 3312 cum
998 3262 1200 3312 tamen
1239 3273 1362 3313 non
1394 3266 1636 3315 careant
1665 3276 1750 3315 re-

81 3348 207 3403 bus
235 3348 312 3404 ad
334 3349 555 3404 victum
571 3347 947 3412 necessariis,
975 3353 1040 3402 ut
1063 3347 1257 3403 vivere
1279 3352 1336 3402 et
1359 3348 1420 3402 in
1450 3364 1564 3405 suo
1593 3354 1751 3406 statu

83 3452 445 3509 permanere
471 3440 722 3509 possint.
751 3436 866 3492 Sed
891 3435 1129 3491 militari
1159 3441 1283 3492 arte
1327 3436 1492 3493 nulla
1543 3437 1751 3495 civitas

85 3541 295 3582 carere
319 3530 554 3598 potest:
584 3531 649 3580 ut
677 3524 843 3596 apud
872 3525 1126 3581 Milesios
1158 3540 1280 3580 non
1303 3531 1442 3581 sunt
1480 3526 1746 3594 bubulci,

86 3614 199 3686 qui
223 3620 422 3670 tamen
469 3613 700 3670 navalis
732 3612 952 3669 militias
970 3617 1109 3669 sunt
1153 3613 1521 3684 peritissimi.
1575 3615 1748 3686 Ejus-

86 3702 260 3758 modi
288 3701 536 3759 inﬁnitte
596 3707 734 3758 sunt
785 3702 1050 3758 civitates
1123 3701 1275 3760 aliae.
1341 3703 1749 3768 Quamobrem

84 3793 359 3849 distincte
412 3792 748 3849 considera.
800 3795 936 3847 Esse
983 3791 1143 3848 enim
1188 3792 1397 3848 civitas
1445 3793 1748 3862 ejusmodi

80 3885 489 3954 postest,quaa
527 3881 804 3953 pluribus
828 3880 1222 3953 philosophias
1272 3881 1556 3937 institutis
1588 3896 1744 3954 opus

82 3969 267 4026 habet
290 3975 348 4026 et
374 3970 648 4042 pluribus
680 3969 948 4026 abundet
971 3986 984 4024 :
1007 3975 1187 4041 atque
1217 3969 1515 4039 ejusmodi
1539 3970 1746 4027 civitas

84 4076 224 4132 quae
249 4059 521 4132 pluribus
544 4059 942 4132 philosophias
973 4059 1245 4130 partibus
1273 4075 1426 4131 opus
1457 4059 1657 4126 habet,
1689 4064 1746 4116 et

86 4149 357 4221 pluribus
381 4148 672 4215 abundat,
728 4146 922 4217 magis
962 4163 1034 4202 ex
1094 4146 1328 4217 legibus
1371 4154 1598 4204 naturae
1653 4150 1746 4209 est

91 4238 426 4306 constituta,
446 4235 704 4308 ideoque
727 4237 1117 4316 praestantior.
1147 4238 1285 4292 Esse
1315 4236 1495 4292 etiam
1534 4237 1742 4292 civitas

95 4328 214 4383 alia
235 4327 526 4398 ejusmodi
552 4329 766 4398 potest,
790 4340 926 4396 quae
949 4324 1330 4397 philosophia
1348 4326 1612 4398 quidem,
1638 4325 1744 4383 sed

94 4430 219 4472 non
237 4430 513 4488 peraeque
544 4420 723 4486 atque
741 4413 842 4469 illa
859 4414 1130 4486 superior
1149 4429 1304 4486 opus
1323 4414 1523 4470 habet.
1550 4417 1743 4480 Quare

96 4504 258 4578 quod
272 4504 348 4560 ad
370 4503 681 4560 scientiam
701 4503 896 4574 magis
921 4503 1148 4560 accedit
1167 4503 1442 4559 omnium
1473 4504 1742 4561 scientia-

96 4609 248 4658 rum,
279 4593 507 4650 exsistit
530 4595 708 4649 etiam
737 4592 1142 4665 praestantius.
1183 4591 1358 4657 Quod
1389 4592 1439 4647 si
1466 4594 1740 4650 scruteris

97 4683 311 4749 omnia,
343 4681 674 4753 comperies
711 4679 793 4736 ad
839 4679 1180 4750 generalem
1209 4681 1624 4753 eruditionem,
1674 4687 1742 4738 ut

96 4772 306 4827 dictum
334 4776 440 4837 est,
473 4786 604 4826 esse
630 4769 988 4826 revocanda.

166 4865 218 4916 5.
254 4859 366 4917 Sed
405 4858 641 4930 singula
683 4858 932 4913 scrutari
975 4857 1038 4914 in
1075 4859 1394 4929 praesentia
1449 4874 1737 4932 superva-

94 4964 264 5005 cuum
287 4954 474 5014 esset;
507 4965 579 5004 ex
597 4946 968 5020 quibusdam
985 4947 1164 5016 igitur
1192 4947 1577 5018 intelligenda
1597 4951 1737 5004 sunt

91 5040 307 5112 reliqua
332 5038 560 5094 omnia.
586 5038 790 5103 Porro,
815 5036 915 5093 illa
944 5037 1151 5093 omnia
1167 5037 1583 5108 praestantiora
1606 5052 1736 5094 esse

95 5128 430 5201 comperies,
474 5143 611 5200 quae
664 5131 803 5181 sunt
853 5126 1114 5182 scientize
1149 5126 1524 5197 ;comperies
1551 5127 1730 5183 etiam

97 5215 268 5272 multa
317 5232 446 5272 esse
505 5215 752 5271 scientia
801 5214 1030 5281 viliora,
1093 5214 1384 5272 nonnulla
1428 5214 1732 5272 nonnullis

97 5305 489 5375 prmstantiora
519 5309 577 5360 et
601 5303 886 5359 inferiora
913 5319 986 5360 ex
1027 5302 1364 5375 aequalitate
1391 5307 1446 5359 et
1470 5303 1734 5376 inaequa-

103 5392 280 5459 litate;
311 5393 643 5450 intensione
675 5397 731 5448 et
758 5391 1110 5448 remissione
1127 5393 1278 5447 inter
1316 5407 1381 5448 se
1436 5392 1732 5450 distincta.

111 5484 237 5546 Quae
263 5488 458 5540 tamen
501 5481 710 5539 omnia
759 5481 835 5538 ad
878 5480 1188 5537 scientiam
1230 5481 1546 5553 pertinent.
1586 5485 1735 5538 Nam

107 5570 357 5642 quodam
383 5570 832 5630 communionis
860 5568 1099 5626 vinculo
1119 5584 1261 5628 cum
1306 5570 1572 5640 generali
1606 5585 1736 5634 cru-

1891 1773 2100 1828 ἐστησε.
2155 1777 2256 1824 Καὶ
2307 1774 2362 1824 αἱ
2436 1763 2527 1844 μὲν
2583 1774 2721 1825 κατὰ
2773 1778 3028 1846 φυσικοὺς
3079 1775 3264 1848 λόγους
3323 1783 3497 1850 γιγνό-

1888 1877 2036 1930 μεναι
2067 1861 2357 1930 συνάγουσι
2395 1863 2486 1932 μέν
2527 1879 2646 1912 τινα
2696 1857 3010 1936 διῃρημένα,
3055 1864 3189 1922 πλὴν
3245 1864 3352 1919 ἀλλ’
3400 1867 3496 1920 οὐκ

1888 1945 2074 2018 ὀρθῶς,
2115 1947 2221 1999 οἶόν
2277 1967 2354 2008 τις
2407 1949 2589 2019 ἄρχων
2641 1946 2735 2023 ἐρᾷ
2778 1956 2872 2012 τῆς
2913 1960 3214 2024 ποιμενικῆς
3269 1973 3284 1988 ·
3338 1962 3495 2008 τοῦτο

1885 2041 2073 2108 κρᾶσις
2104 2055 2118 2069 ο
2147 2040 2237 2088 καὶ
2259 2037 2339 2088 ὅτι
2365 2038 2456 2108 μὲν
2493 2037 2525 2093 ἠ
2588 2039 2743 2109 φύσις
2786 2043 3082 2110 ποιμενικὴ·
3117 2036 3300 2110 ἔδειξε,
3347 2047 3495 2118 ποιρά

1885 2131 1982 2184 τῆς
2035 2120 2306 2186 παιδείας.
2370 2123 2525 2178 Ἐστι
2574 2127 2636 2177 τὸ
2689 2128 2780 2198 μὲν
2833 2124 3082 2200 ἄρώμενον
3138 2133 3377 2200 φυσικὸν,
3429 2131 3492 2185 οὐ

1887 2219 2116 2281 φυσικῶς
2148 2209 2207 2265 δε
2232 2213 2258 2263 ὃ
2286 2210 2412 2285 ἐρῶν
2441 2211 2536 2286 ἐρᾷ
2565 2233 2580 2246 ·
2613 2215 2837 2288 ἄρχοντι
2865 2217 2966 2290 γὰρ
3006 2220 3059 2268 τί
3111 2221 3282 2270 κοινὸν
3310 2220 3343 2277 ἠ
3374 2238 3492 2272 ποι-

1885 2303 2064 2371 μενική
2097 2316 2112 2364 ;
2144 2300 2271 2374 Ἐρᾷ
2325 2297 2384 2353 δὲ
2437 2306 2527 2353 καὶ
2579 2301 2885 2374 φιλοσοφίας
2930 2303 3120 2377 ἕτερος,
3177 2312 3333 2359 τοῦτο
3397 2327 3490 2380 φυ-

1888 2393 2034 2441 σικὸν
2085 2390 2253 2460 ὄντως,
2314 2391 2426 2441 ἔστι
2469 2385 2530 2443 δὲ
2595 2395 2684 2442 καὶ
2739 2393 2876 2444 κατὰ
2926 2398 3134 2466 κρᾶσιν.
3195 2393 3334 2448 Ἐκεῖ
3385 2399 3488 2470 γὰρ

1882 2485 2069 2554 κρᾶσις
2096 2477 2328 2552 ἀρχικῆς
2380 2483 2467 2531 καὶ
2513 2489 2839 2551 ποιμενικῇ,
2893 2479 3078 2535 ἰνθάδε
3140 2479 3203 2536 δί
3257 2483 3492 2558 ἀρχικῆς

1859 2725 2082 2782 ditione
2107 2727 2493 2798 conjungitur
2512 2727 2711 2783 omnis
2727 2728 2997 2800 ars,'fnon
3019 2745 3193 2786 secus
3237 2736 3418 2805 atque
3453 2731 3515 2790 in

1858 2820 2062 2872 centro
2094 2814 2297 2872 circuli
2331 2816 2698 2873 conveniunt
2715 2831 2928 2872 omnes
2956 2817 3132 2874 lineas
3177 2825 3353 2878 rectas
3376 2835 3516 2894 qua

1858 2919 1896 2960 a
1943 2904 2444 2960 circumcurrente
2502 2905 2662 2962 linea
2717 2905 2914 2962 ductas
2968 2913 3124 2964 sunt.
3177 2910 3516 2974 Quinetiam

1856 2992 2056 3048 omnis
2110 2993 2460 3064 temperatio
2503 2993 2558 3048 vi
2613 2999 2844 3050 naturae
2894 3010 3034 3050 cum
3083 2997 3514 3068 temperatione

1858 3081 2071 3138 eadem
2100 3083 2329 3138 ratione
2381 3081 2714 3153 copulatur.
2760 3085 2961 3154 Neque
3019 3084 3358 3158 quidquam
3401 3091 3510 3146 est.

1855 3171 2022 3243 quod
2050 3186 2174 3227 non
2209 3171 2544 3230 sitnaturte.
2574 3185 2772 3237 neque
2810 3170 2932 3228 ulla
2977 3178 3065 3228 est
3092 3188 3190 3229 ars
3225 3189 3362 3246 quas
3386 3190 3512 3234 non

1857 3259 1932 3315 sit
1953 3259 2324 3315 eruditionis.
2364 3261 2432 3314 Et
2457 3264 2524 3315 ut
2546 3259 2744 3316 omnis
2771 3261 3116 3331 temperatio
3140 3263 3514 3322 communio-

1857 3362 1998 3403 nem
2031 3363 2101 3404 ac
2130 3346 2570 3404 distinctionem
2609 3364 2684 3404 ex
2734 3349 3266 3421 temperationibus
3304 3352 3510 3426 habet,

1856 3437 1938 3492 ita
1965 3437 2147 3493 etiam
2186 3442 2344 3494 artes
2391 3439 2838 3508 conjunguntur
2885 3441 3038 3496 inter
3093 3456 3156 3496 se
3203 3446 3262 3498 et
3296 3441 3511 3504 distin-

1857 3530 2098 3594 guntur.
2137 3528 2289 3582 Nam
2327 3525 2549 3582 militias
2594 3525 2822 3583 navalis
2852 3542 2951 3584 ars
3005 3527 3118 3584 arti
3169 3531 3511 3588 tractando-

1842 3629 1992 3669 rum
2012 3629 2307 3686 equorum
2332 3615 2524 3685 magis
2549 3618 2638 3670 est
2663 3621 2925 3686 cognata
2967 3631 3156 3688 quam
3185 3633 3283 3674 ars
3326 3623 3511 3676 texto—

1855 3703 1943 3759 ria
1971 3721 1988 3774 ;
2021 3710 2077 3758 et
2106 3718 2205 3758 ars
2231 3702 2529 3759 metallica
2547 3705 2769 3762 maria;
2787 3703 2897 3760 arti
2926 3705 3121 3774 magis
3145 3710 3236 3762 est
3251 3710 3513 3778 cognata.

1853 3807 2043 3864 quam
2065 3793 2397 3864 pastoritia,
2427 3796 2485 3847 et
2499 3790 2630 3847 aliis
2664 3791 2807 3848 aliaa.
2843 3793 2961 3848 Hoc
2985 3799 3189 3849 autem
3234 3795 3417 3850 etiam
3445 3795 3510 3853 in
3573 3840 3575 3842 η

1854 3886 2071 3936 natura
2091 3879 2596 3936 considerandum
2627 3884 2737 3947 est,
2764 3883 2828 3935 ut
2848 3879 2912 3936 in
2963 3879 3288 3937 humorum
3317 3887 3374 3938 et
3396 3883 3512 3940 ele-

1853 3975 2196 4025 mentorum
2256 3965 2719 4026 admistionibus
2779 3967 3007 4024 dictum
3056 3973 3167 4024 est.
3217 3971 3509 4030 Caeterum

1853 4057 2150 4130 quidquid
2178 4062 2266 4113 est
2289 4057 2351 4112 in
2370 4061 2589 4112 natura
2607 4055 2794 4112 habet
2819 4061 3178 4113 concentum
3195 4062 3252 4115 et
3275 4058 3509 4117 relatio-

1853 4161 2013 4213 nem,
2035 4145 2556 4218 quemadmodum
2585 4144 2812 4202 dictum
2831 4150 2922 4202 est
2947 4161 2962 4212 ;
2994 4153 3319 4204 concentus
3345 4149 3508 4206 enim

1853 4239 1911 4292 et
1938 4235 2143 4291 relatio
2174 4235 2492 4299 mundum,
2521 4234 2834 4301 civitatem,
2866 4234 3068 4292 vicum
3115 4241 3172 4292 et
3213 4236 3508 4298 familiam

1855 4324 2181 4382 constituit.
2206 4329 2288 4380 Ac
2315 4323 2779 4396 temperationes
2797 4324 3047 4396 quidem
3074 4341 3213 4398 quas
3243 4341 3315 4383 ex
3334 4335 3510 4385 natu-

1853 4413 2079 4469 ralibus
2105 4411 2438 4468 rationibus
2475 4413 2768 4468 exsistunt
2807 4412 3091 4486 quasdam
3129 4414 3383 4472 invicem
3421 4415 3510 4472 di-

1851 4505 1981 4558 visa
2009 4501 2316 4573 copulant,
2344 4500 2454 4558 sed
2483 4517 2643 4574 saepe
2673 4516 2797 4558 non
2816 4507 2995 4573 recte,
3025 4502 3210 4561 veluti
3238 4521 3378 4562 cum
3405 4504 3510 4562 ali-

1848 4591 1984 4663 quis
2005 4591 2331 4662 imperator
2353 4590 2494 4646 artis
2513 4591 2837 4663 pastoritiaa
2885 4591 3192 4649 studiosus
3234 4599 3326 4650 est
3349 4611 3363 4654 ;
3390 4593 3508 4651 hoc

1847 4681 2009 4736 enim
2039 4685 2129 4736 est
2161 4679 2510 4752 temperatio
2544 4699 2558 4748 ;
2589 4695 2661 4737 ac
2707 4679 2858 4738 illud
2885 4681 3134 4754 quidem
3177 4681 3258 4738 ab
3313 4682 3508 4740 erudi-

1847 4768 2006 4824 tione
2036 4768 2304 4825 manavit
2331 4768 2499 4841 quod
2526 4773 2745 4825 natura
2772 4772 2964 4825 artem
2992 4769 3366 4842 pastoritiam
3388 4768 3507 4826 ho-

1846 4856 2111 4914 minibus
2149 4857 2731 4914 commonstraverit.
2773 4857 2942 4922 Quod
3001 4856 3180 4927 igitur
3227 4856 3340 4913 tale
3391 4861 3503 4928 est,

1844 4946 2117 5003 naturale
2139 4947 2388 5018 quidem
2407 4950 2495 5002 est
2528 4966 2542 5001 :
2575 4945 2682 5001 sed
2709 4946 2815 5018 qui
2851 4944 2952 5001 illo
3000 4944 3196 5002 studio
3245 4944 3503 5016 ducitur,

1845 5040 2124 5092 naturam
2148 5035 2418 5108 proxime
2447 5049 2571 5090 non
2594 5038 2880 5106 sequitur.
2905 5036 3056 5091 Nam
3077 5049 3175 5089 ars
3193 5033 3507 5106 pastoritia

1841 5124 1904 5180 in
1927 5125 2289 5197 imperatore
2337 5128 2424 5181 est
2468 5122 2698 5195 aliquid
2753 5122 3088 5180 sordidum.
3144 5122 3302 5180 Alter
3357 5139 3504 5182 vero

1843 5213 2239 5286 philosOphiae
2253 5213 2560 5269 studiosus
2578 5215 2870 5285 est,atque
2881 5211 2996 5268 hoc
3007 5226 3215 5268 revera
3230 5215 3321 5268 est
3332 5218 3502 5269 natu-

1844 5303 1986 5358 rale.
2019 5302 2185 5358 Istud
2205 5303 2471 5370 etiamex
2486 5303 2912 5372 temperatione
2925 5299 3171 5357 exsistit.
3197 5299 3318 5356 Illic
3341 5300 3504 5358 enim

1845 5397 1936 5448 est
1967 5391 2314 5464 temperatio
2343 5389 2485 5445 artis
2503 5388 2902 5460 imperatorias
2945 5395 3004 5445 et
3057 5389 3360 5461 pastoriae,
3405 5388 3505 5446 hic

1845 5485 2048 5538 autem
2061 5479 2458 5553 imperatorias
2469 5483 2526 5534 et
2535 5476 2986 5551 philosophicas.
3005 5478 3310 5553 Numquid
3323 5478 3505 5552 igitur

1842 5570 1958 5629 hoc
2007 5569 2258 5644 quidem
2291 5566 2701 5635 necessarium
2745 5570 2858 5642 est,
2907 5566 3060 5627 illud
3105 5583 3247 5628 vero
3280 5569 3395 5632 vile
3441 5570 3504 5632 et
