3932 6326
450 260 580 355 is“

483 511 542 567 δὲ
594 513 782 587 φαῦλον
816 533 831 583 ;
861 517 1054 588 Τοίγαρ
1113 516 1164 565 τί
1209 511 1561 586 συμϐάλλεται
1617 512 1817 591 ἀρχικῇ
1864 519 1922 569 τὸ
1976 536 2090 570 ποι-

480 607 684 676 μενικόν
740 620 754 670 ;
810 603 905 654 Διά
963 610 1114 655 τοῦτο
1196 607 1286 655 καὶ
1340 607 1428 656 τὸν
1483 608 1639 678 σοφὸν
1697 606 1899 659 Φίλωνά
1950 625 2087 670 τινες

483 693 727 765 ἔσκωψαν
757 695 874 753 τοὺς
935 690 1161 765 ἀγαθοὺς
1206 698 1454 767 ποιμένας
1512 694 1743 769 ἀγαθοὺς
1798 695 1928 750 εἶναι
1982 697 2092 771 βα-

483 782 644 845 σιλεῖς
672 782 900 839 εἰπόντα.
931 785 1069 841 Φησὶ
1100 780 1158 836 δὲ
1189 788 1277 837 καὶ
1319 785 1345 837 ὁ
1394 791 1620 847 ποιητὴς
1679 791 1922 860 ποιμένας
1966 786 2092 841 λαοῦ

478 876 595 933 τοὺς
647 868 909 945 βασιλεῖς,
959 872 1017 925 οὐ
1077 873 1458 947 φυσιολογικῶς
1522 872 1580 929 δε
1627 882 1718 929 καὶ
1778 873 2091 931 ἀποδεικτι-

477 969 603 1031 κῶς,
657 961 786 1014 ἀλλᾶ
854 963 1145 1037 ῥητορικῶς
1202 969 1291 1017 καὶ
1343 962 1454 1018 αῖον
1510 967 1825 1029 ὑποθετικῶς
1881 972 1971 1020 καὶ
2026 976 2089 1041 τῇ

478 1047 633 1124 ἀδείᾳ
685 1059 748 1125 τῇ
800 1058 896 1113 τῆς
945 1058 1203 1114 ποιήσεως
1234 1051 1611 1130 σπαράὸειγμα
1660 1058 1761 1131 γὰρ
1809 1064 1963 1110 τοῦτο
2019 1061 2094 1110 τί.

481 1143 630 1206 θησι,
658 1146 748 1195 καὶ
775 1141 881 1215 οὐχ
909 1146 976 1205 ὡς
1008 1144 1088 1195 ὃτι
1129 1139 1214 1196 δεῖ
1264 1150 1483 1218 ποιμένα
1549 1147 1678 1200 εἶναι
1724 1150 1809 1200 τὸν
1866 1145 2094 1220 βασιλέα

472 1235 750 1305 ποιμνίων,
807 1230 913 1284 ἁλλ’
972 1234 1049 1285 ὄτι
1122 1234 1228 1286 οἷον
1277 1240 1473 1309 ποιμήν
1530 1232 1671 1289 ἐστιν
1741 1237 1766 1289 ό
1818 1234 2090 1310 βασιλεύς,

474 1323 668 1379 Τίθησι
700 1317 759 1374 ci“:
784 1325 882 1374 κιὺ
908 1324 1091 1394 μάχας
1122 1321 1412 1397 βατράχων
1439 1330 1527 1378 καὶ
1583 1334 1748 1397 μυῶν,
1790 1329 1979 1399 ἡρῴων
2005 1326 2094 1379 ἆν-

479 1407 617 1483 δρῶν
671 1407 970 1484 ὑπόδειγμα
1022 1412 1319 1484 σαφηνίζων
1364 1417 1494 1488 πρὸς
1542 1419 1659 1475 τοὺς
1721 1414 2081 1489 ὀλιγωτέρους.

476 1500 751 1574 Νομιζέτω
838 1497 897 1553 δέ
967 1519 1048 1562 τις
1126 1504 1213 1553 τόν
1292 1503 1633 1577 Τρωξάρταον
1728 1504 2092 1579 Ἀγαμέμνονα

475 1593 563 1643 τόν
646 1587 704 1643 δε
762 1595 1075 1663 φυσίγνατον
1153 1595 1410 1664 Πρίαμον,
1472 1600 1624 1646 τοῦτο
1669 1602 1767 1645 τῶν
1824 1592 2069 1661 ἀσθενῶν,

478 1682 592 1732 ἔστι
634 1676 693 1733 δὲ
748 1688 822 1750 τῷ
876 1688 1017 1751 σοφῷ
1072 1678 1287 1754 Ὁμήρῳ
1343 1684 1538 1745 σκοπὸς
1593 1680 1814 1735 ἐπαινεῖν
1871 1681 2085 1758 ἀρετὴν,

482 1764 568 1821 διὸ
598 1772 687 1820 καὶ
723 1773 898 1821 πᾶσαν
928 1777 1120 1840 γνῶσιν
1156 1774 1283 1840 πρὸς
1334 1778 1487 1824 τοῦτο
1533 1767 1627 1824 διὰ
1680 1780 1832 1825 τοῦτο
1890 1773 2089 1847 αἰχμα-

477 1856 707 1918 λωτίζει.
764 1860 966 1930 Ποιμήν
1176 1854 1264 1911 οὖν
1306 1859 1580 1934 προϐάτων
1633 1862 1664 1920 ἣ
1720 1861 1904 1937 ἐτέρων
1961 1861 2090 1935 αγε-

476 1945 574 2002 λῶν
605 1943 775 2007 οὐδεὶς
817 1948 1021 2023 ἄρχων,
1070 1946 1165 2000 κᾶν
1214 1950 1369 2011 ὅσους
1426 1954 1652 2026 χόρτους
1705 1949 1878 2024 ἁγέλος
1932 1954 2033 2025 ἔχη
2071 1977 2084 1989 ·

479 2035 751 2109 φιλόσοφος
799 2033 857 2089 δε
929 2037 996 2089 ὡν
1076 2040 1334 2114 μακάριός
1401 2038 1535 2112 ἔστι,
1582 2038 1677 2093 κᾶν
1732 2044 1877 2094 οἴκου
1929 2040 2089 2113 ψιλοῦ

476 2130 627 2199 μόνον
653 2127 821 2199 ἄρχῃ.
866 2131 968 2180 Καὶ
1016 2130 1117 2202 γὰρ
1172 2124 1397 2201 οὐδεμία
1450 2132 1531 2191 τίς
1582 2124 1693 2183 ἐστι
1749 2139 1949 2201 γνῶσις
2011 2138 2085 2202 τῷ

478 2216 658 2276 αληθιῖ
746 2212 1218 2291 διαδιδράσκουσα
1292 2216 1575 2291 φιλοσόφῳ.
1631 2215 1954 2293 ’Υπόδειγμα
2028 2215 2089 2272 δε

476 2309 535 2359 τὸ
571 2307 726 2381 ῥηθέν
769 2312 941 2360 τοῦτο.
993 2308 1141 2359 Μετᾶ
1201 2301 1260 2360 δὲ
1326 2313 1479 2360 τοῦτο
1531 2309 1797 2382 μυριάττα
1853 2307 2085 2381 ἓχόμενα

474 2400 660 2451 τούτου
719 2395 852 2455 πλήν
908 2401 1241 2470 φυσικώτερα
1297 2400 1388 2449 καὶ
1436 2400 1509 2469 μὴ
1563 2399 1782 2469 φυσικὰ,
1836 2397 1991 2451 ἅτινα
2035 2401 2085 2452 ἓν

474 2506 586 2540 τισι
658 2490 948 2549 κοινωνίαις
1032 2487 1333 2553 ὑποπίπτει,
1411 2483 1461 2538 έν
1531 2494 1604 2558 τῷ
1685 2486 1823 2560 ἄλλῳ
1871 2492 1963 2541 καὶ
2011 2496 2084 2560 τῷ

477 2575 662 2648 ἀλλοίῳ
695 2596 709 2609 ο
760 2573 855 2627 κᾶν
897 2575 1044 2648 ἔτερα
1090 2577 1215 2648 γὰρ,
1265 2573 1360 2627 κᾶν
1412 2574 1629 2651 ἑτεροῖα,
1690 2580 1810 2651 περὶ
1864 2579 1923 2629 τό
1977 2580 2087 2631 κέν-

474 2684 595 2742 τρον
624 2666 938 2737 συνάγονται
966 2667 993 2720 ὃ
1019 2664 1159 2720 ἐστιν
1190 2666 1220 2725 ἡ
1245 2664 1467 2718 καθόλου
1496 2661 1732 2723 παιδεία.

447 2850 769 2922 indignum
803 2838 833 2895 ?
852 2855 997 2898 nam
1020 2841 1169 2915 quid
1198 2841 1278 2899 ad
1306 2843 1755 2917 imperatoriam
1796 2844 2113 2917 pastoritia

447 2938 725 2999 confert?
756 2934 980 2992 Idcirco
1008 2932 1259 3008 quidam
1280 2932 1612 2991 illudebant
1629 2934 1964 3007 sapientem
1983 2936 2111 2993 Phi-

442 3030 645 3090 Ionem
714 3024 881 3100 quod
928 3024 1124 3081 bonos
1180 3026 1450 3096 pastores
1514 3022 1711 3080 bonos
1761 3040 1932 3095 reges
1980 3041 2109 3082 esse

440 3118 712 3178 dixisset.
754 3117 820 3172 Et
845 3119 1023 3187 poeta
1043 3124 1214 3184 reges
1243 3112 1451 3185 populi
1494 3119 1769 3186 pastores
1819 3113 2107 3187 appellat,

440 3223 567 3266 non
596 3223 668 3263 ex
697 3202 956 3261 naturali
984 3201 1231 3259 scientia
1256 3206 1314 3258 et
1336 3200 1612 3259 doctrina
1635 3202 1753 3259 hoc
1775 3203 2105 3275 proferens,

1970 272 2329 362 AnnENDA.

443 429 535 477 καὶ
576 420 903 497 φιλοσοφίας.
966 425 1189 496 Πότερον
1249 419 1338 476 οὖν
1396 426 1455 477 τὸ
1511 427 1601 498 μὶν
1666 423 1973 499 ἀναγκαῖον,
2032 430 2090 480 τὸ
2143 433 2192 486 Α

3783 312 3887 370 (52

2342 430 2408 497 ς’.
2459 439 2556 489 Καὶ
2602 439 2657 489 αἱ
2708 436 2799 509 μὶν
2839 434 3125 509 ἐπιστῆμαι
3190 438 3281 488 καὶ
3348 437 3571 508 τέχναι,
3638 433 3871 497 situt};

2253 528 2457 600 εἴρηται
2514 527 2724 599 ἔχουσι,
2782 526 2877 579 κᾶν
2932 526 3052 579 ὅσον
3118 545 3199 589 τις
3256 528 3381 602 φέρῃ
3439 521 3506 578 δὲ
3561 532 3691 588 τοῖς
3730 530 3870 599 πρᾶγ·

2252 619 2389 688 μασί
2440 632 2555 668 τινα
2607 615 2782 692 ἑτέραν
2865 613 3120 685 ἐξέτασιν,
3185 613 3291 668 ἀλλ’
3360 614 3439 667 ἀεὶ
3502 616 3737 689 εὑρήσει
3786 635 3872 667 κοί.

2252 708 2437 766 νωνίας
2503 709 2595 759 καὶ
2643 701 2930 773 διαζύξεις,
2997 712 3111 767 ταῖς
3161 709 3394 777 τέχναις.
3452 707 3620 775 Λέγω
3682 700 3766 769 δἐ,
3821 707 3873 765 ἑες

2251 795 2344 855 τὰς
2383 793 2673 870 εἰρημένας,
2736 794 2924 869 εὑρὴσι
2964 789 3014 847 δ’
3064 792 3143 847 ἀεὶ
3198 798 3289 847 καὶ
3342 795 3548 859 πασας,
3608 791 3719 845 κᾶν
3780 813 3875 845 κοι-

2252 892 2408 957 νωνῇ,
2467 881 2561 936 κᾶν
2615 881 2675 937 οὐ
2726 890 2970 957 κοινωνῇ,
3027 888 3153 957 μίαν
3220 882 3447 941 ἑκάστην
3525 890 3875 936 κοινωνοῦσιν

2253 972 2443 1048 ἑκάστη
2534 978 2651 1050 περὶ
2739 978 2831 1033 τὴν
2907 972 3203 1047 ἐπιστήμην
3283 994 3296 1007 ·
3358 971 3555 1027 ἐκεῖθεν
3609 975 3728 1046 γὰρ
3782 971 3876 1024 Em

2252 1068 2402 1117 πᾶσα
2439 1064 2591 1116 οἱονεὶ
2636 1065 2666 1122 ἡ
2728 1060 2977 1125 παιδείας
3031 1059 3168 1132 ἰδέα,
3223 1067 3314 1116 καὶ
3362 1062 3418 1114 αἱ
3478 1064 3719 1135 κράσεις
3761 1067 3877 1115 κατὰ

2255 1155 2343 1206 τὸν
2421 1152 2573 1206 αὐτὸν
2661 1152 2812 1226 λόγον
2887 1175 2899 1186 ·
2960 1156 3132 1205 πᾶσαι
3213 1156 3334 1225 γὰρ,
3394 1155 3458 1213 ὡς
3509 1153 3757 1226 εἴρηται,
3804 1159 3876 1204 xxi

2255 1249 2561 1295 κοινωνοῦσι
2609 1247 2699 1295 καὶ
2756 1237 3153 1295 διαστελλονται
3197 1243 3326 1315 πρὸς
3380 1239 3571 1302 αὑτάς.
3637 1247 3777 1314 Περὶ
3832 1236 3877 1292 ἔξ

2257 1335 2349 1389 τὴν
2409 1334 2585 1407 φύσινὲ
2646 1334 2793 1389 κοινὴ
2849 1338 2947 1383 τῶν
3002 1329 3127 1382 ὅλων
3182 1329 3324 1381 ἐστὶν
3376 1329 3407 1388 ἡ
3474 1329 3803 1391 συνέλευσις
3852 1333 3872 1385 ὲ

2256 1416 2367 1472 ἐστι
2444 1424 2704 1477 κοινωνία,
2786 1424 3023 1492 Γίγνεται
3098 1415 3155 1472 δί
3211 1426 3365 1471 τοῦτο
3434 1423 3530 1471 καὶ
3584 1418 3749 1471 πόλει
3803 1424 3877 1469 ui

2254 1512 2458 1581 κόσμῳ,
2491 1513 2581 1561 καὶ
2637 1514 2786 1580 κώμῃ
2845 1512 2935 1561 καὶ
2999 1511 3144 1579 οῖκῳ,
3197 1506 3324 1559 αλλά
3382 1504 3451 1565 δὴ
3517 1512 3616 1559 καὶ
3686 1506 3874 1579 ἀτόμῳ.

2253 1603 2468 1671 Τριχῶς
2496 1599 2597 1670 γὰρ
2628 1605 2862 1650 κοινωνεί
2897 1601 2957 1649 τὸ
3014 1596 3222 1668 λογικόν
3285 1599 3438 1659 ζῶον,
3498 1596 3530 1655 ᾖ
3594 1599 3710 1670 γὰρ
3768 1600 3877 1669 lsi-

2256 1687 2391 1745 σειῆ
2453 1689 2607 1759 φύσει
2651 1685 2683 1746 ἢ
2741 1682 2976 1759 παιδείᾳ.
3041 1690 3141 1739 Καὶ
3193 1692 3286 1748 τῆς
3340 1688 3433 1758 μὲν
3489 1692 3742 1751 φυσικῆς
3785 1704 3879 1738 κοι-

2251 1779 2518 1828 νωνίακαὶ
2542 1772 2762 1829 παιδεία
2787 1773 2918 1843 ἐστὶ,
2977 1782 3039 1847 τῇ
3095 1769 3154 1827 δε
3211 1776 3397 1846 κράσει
3455 1772 3559 1824 οὐκ
3608 1771 3700 1825 ἀεὶ
3764 1792 3878 1825 παι-

2255 1860 2374 1919 δεια
2400 1862 2557 1931 ἐστιν,
2591 1864 2637 1917 εἰ
2695 1869 2768 1938 μὴ
2821 1865 2961 1917 κατὰ
3020 1867 3142 1923 τοὺς
3185 1863 3485 1938 εἰρημένους
3530 1861 3759 1933 λόγους,
3810 1863 3875 1912 ἐτι

2252 1960 2403 2008 πᾶσα
2431 1953 2646 2016 ὁντότης
2673 1957 2889 2028 φύσεως,
2917 1951 3013 2005 κᾶν
3082 1949 3251 2025 ἀγαθή
3306 1949 3403 2004 κᾶν
3448 1950 3535 2021 οὗ,
3590 1957 3688 2003 καὶ
3742 1958 3877 2003 πᾶσι

2250 2048 2412 2117 τέχνη
2441 2041 2735 2117 έπιστήμης
2763 2046 3034 2110 ὡσαύτως,
3090 2048 3181 2095 καὶ
3228 2043 3307 2095 ὄτι
3360 2040 3570 2095 ἐκεῖθεν
3625 2043 3755 2114 ἔχει
3794 2046 3875 2099 τὴν

2250 2133 2451 2187 ἕνωσιν.
2484 2137 2586 2187 Καὶ
2616 2140 2677 2207 τῇ
2745 2135 2835 2206 μεν
2890 2128 2976 2185 οὖν
3027 2139 3221 2205 φυσικῇ
3273 2135 3546 2203 κοινωνίᾳ,
3610 2133 3687 2192 ὡς
3749 2133 3874 2203 εἶρξ-

2249 2241 2358 2291 ται,
2417 2221 2737 2295 πεπλεγμένη
2833 2219 2911 2275 ἀεὶ
2981 2225 3069 2274 καὶ
3143 2217 3383 2276 παιδεία.
3448 2224 3717 2273 Κοινωνεί
3780 2222 3869 2291 γάρ

2249 2315 2340 2365 καὶ
2414 2310 2638 2374 κλέπτης
2716 2313 2782 2364 τά
2846 2309 3037 2370 κλέπτη
3085 2331 3100 2344 ·
3143 2314 3224 2372 τίς
3275 2306 3336 2362 δὲ
3386 2310 3415 2367 ἢ
3489 2308 3874 2382 praelustria:

2248 2396 2514 2465 παιδεία;
2557 2400 2712 2456 Ἀλλά
2762 2405 2853 2454 καὶ
2894 2405 3084 2454 τέκτων
3141 2404 3359 2465 τέκτονι,
3416 2406 3584 2452 τοῦτο
3646 2395 3715 2452 3's
3761 2400 3872 2475 κρέ-

2251 2509 2403 2558 σεως,
2455 2493 2520 2551 ὡς
2574 2496 2665 2544 καὶ
2711 2493 2769 2543 τὸ
2825 2491 2950 2546 ἄνω.
3000 2494 3238 2564 Διαφέρει
3294 2485 3354 2541 δὲ
3405 2490 3489 2541 ὃτι
3541 2492 3608 2541 τὸ
3659 2493 3760 2561 μὲν
3807 2509 3868 2548 τις

2249 2582 2404 2652 φύσις
2446 2584 2537 2633 καί
2584 2599 2665 2644 τις
2730 2575 2950 2634 παιδεία
3005 2580 3212 2655 ἔκρασε,
3258 2581 3317 2631 τὸ
3367 2571 3429 2631 δε
3482 2576 3614 2631 οὔτε
3650 2582 3868 2652 ᾳύσεως,

2248 2672 2364 2723 οὔτε
2456 2665 2717 2732 παιδείας.
2809 2666 2945 2726 Οὐδέ
3005 2671 3107 2743 γάρ
3157 2672 3256 2743 μία
3315 2670 3493 2743 φύσις,
3567 2669 3601 2728 ἦ
3659 2665 3871 2723 παιδεία

2222 2847 2537 2905 muniones
2565 2851 2625 2906 et
2650 2846 3057 2905 distinctiones
3081 2845 3143 2903 in
3181 2845 3432 2905 artibus.
3482 2846 3639 2904 Dico
3699 2850 3883 2905 autem

2218 2943 2670 3011 comperturum
2738 2936 2908 2994 illum
2967 2951 3182 2994 omnes
3227 2940 3384 2993 artes
3430 2938 3879 2994 communionis

2216 3027 2460 3084 vinculo
2497 3026 2769 3084 connecti
2809 3030 2865 3083 et
2919 3026 3000 3083 ad
3048 3025 3358 3082 scientiam
3407 3027 3722 3094 revocari,
3782 3027 3880 3082 sive

2214 3116 2367 3174 inter
2395 3116 2560 3190 ipsas
2595 3116 2669 3173 sit
2708 3115 2988 3190 proxima
3012 3120 3070 3172 et
3113 3114 3459 3171 necessaria
3511 3116 3877 3181 communio,

2216 3207 2343 3263 sive
2367 3222 2489 3263 non
2525 3206 2619 3277 sit,
2650 3210 2715 3262 ut
2742 3205 2805 3262 in
2833 3203 3246 3278 superioribus
3272 3203 3571 3260 diximus.
3609 3206 3770 3262 Nam
3798 3223 3878 3261 sn-

443 3298 551 3354 sed
569 3295 858 3353 rhetorice
882 3296 940 3349 et
974 3290 1157 3348 veluti
1184 3290 1588 3363 hypothetice,
1642 3296 1823 3364 atque
1871 3308 1943 3349 ex
1968 3307 2083 3367 poe
2146 3298 2185 3354 C
2213 3310 2427 3370 prema
2452 3295 2810 3353 illascientia
2829 3293 3246 3368 complectitur
3258 3309 3512 3352 omnem
3529 3296 3876 3353 eruditionis

438 3386 558 3444 tiea
575 3382 813 3441 licentia
843 3400 857 3451 ;
889 3381 1004 3437 hoc
1029 3380 1190 3437 enim
1236 3384 1533 3452 tanquam
1587 3380 1934 3454 exemplum
1966 3396 2105 3455 pro-

442 3473 632 3548 ponit,
657 3487 781 3529 non
806 3468 975 3545 quod
1003 3472 1275 3542 oporteat
1301 3483 1504 3539 regem
1526 3485 1655 3526 esse
1684 3471 1880 3541 gregis
1906 3476 2107 3544 pasto-

440 3577 593 3634 rem,
619 3560 723 3617 sed
743 3559 910 3633 quod
929 3573 1036 3615 rex
1062 3559 1137 3614 sit
1161 3556 1340 3614 veluti
1372 3562 1595 3630 pastor.
1622 3559 1908 3632 Proponit
1922 3559 2105 3616 etiam

439 3661 733 3710 ranarum
764 3652 819 3705 et
847 3647 1111 3704 murium
1142 3661 1402 3720 pugnas,
1422 3646 1675 3704 heroum
1693 3664 1833 3705 cum
1850 3650 2105 3706 homini-

439 3741 557 3799 bus
584 3737 967 3797 int‘erioribus
996 3750 1235 3810 pugnas
1255 3736 1335 3792 ob
1374 3737 1583 3793 oculos
1610 3754 1865 3811 ponens.
1896 3738 2102 3811 Fingat

438 3832 642 3888 autem
662 3828 879 3902 aliquis
905 3829 1255 3883 Troxartum
1311 3841 1440 3882 esse
1485 3831 2004 3898 Agamemnonem
2045 3835 2103 3887 et

434 3917 917 3994 Physignathum
938 3931 1068 3973 esse
1082 3915 1383 3973 Priamum
1407 3932 1420 3984 ;
1445 3917 1613 3988 quod
1638 3917 1886 3990 quidem
1906 3935 2103 3975 exem-

435 4008 607 4084 plum
636 4012 724 4065 est
752 4006 1212 4064 imbecilliorum
1263 4005 1603 4062 hominum.
1637 4010 1735 4062 Est
1777 4012 1979 4064 autem
2010 4024 2103 4066 sa-

432 4098 628 4173 pienti
657 4097 916 4153 Homero
942 4110 1165 4167 scopus
1191 4094 1536 4167 propositus
1567 4098 1631 4152 ut
1667 4096 1945 4153 virtutem
1977 4096 2103 4155 lau-

437 4186 561 4255 det,
629 4190 685 4243 et
729 4185 953 4241 idcirco
997 4198 1242 4239 omnem
1284 4184 1686 4257 cognitionem
1734 4186 1786 4241 ei
1836 4186 2100 4257 subjicit.

436 4277 642 4335 Nullus
663 4274 842 4345 igitur
870 4273 1195 4345 imperator
1223 4277 1310 4329 est
1340 4274 1643 4345 pecudum
1676 4281 1778 4332 aut
1819 4275 1995 4332 ullius
2020 4275 2101 4333 al-

432 4364 618 4423 terius
649 4361 845 4433 gregis
864 4367 1090 4435 pastor,
1119 4361 1355 4418 etiamsi
1406 4367 1555 4435 quot
1589 4363 1810 4421 herbas
1848 4369 1937 4422 tot
1973 4379 2101 4437 gre.

432 4460 541 4526 ges
564 4451 788 4509 habeat
818 4470 832 4521 ;
862 4450 971 4507 sed
990 4451 1314 4524 imperator
1339 4450 1434 4508 ille
1463 4453 1567 4526 qui
1592 4457 1683 4510 est
1702 4453 2100 4527 philosophus

439 4545 528 4600 est
546 4542 781 4610 beatus,
802 4540 1039 4597 etiamsi
1063 4539 1302 4597 familias
1320 4540 1497 4597 alicui
1517 4542 1812 4599 duntaxat
1827 4542 2097 4617 imperet.

437 4629 609 4705 Nulla
629 4629 791 4685 enim
824 4633 913 4685 est
932 4628 1192 4699 cognitio
1221 4644 1358 4702 quae
1404 4644 1615 4686 verum
1664 4629 2099 4704 philosophum

437 4720 648 4794 fugiat.
679 4721 799 4775 Hoc
830 4722 1031 4776 autem
1063 4720 1204 4775 satis
1241 4718 1558 4791 perspicue
1611 4718 1725 4775 illis
1751 4736 1888 4794 quas
1941 4721 2099 4779 dicta

439 4815 579 4868 sunt
606 4826 644 4868 a
687 4809 864 4866 nobis
908 4808 1267 4867 ostenditur.
1298 4810 1762 4882 Consequuntur
1778 4809 1996 4868 deinde
2013 4812 2098 4869 in-

430 4914 693 4958 ‘numera
721 4896 837 4956 alia
866 4914 1002 4972 quae
1022 4898 1244 4970 partim
1269 4896 1347 4953 ad
1364 4903 1641 4955 naturam
1662 4901 1909 4973 propius
1932 4916 2097 4958 acce-

438 4989 612 5056 dunt,
670 4988 891 5062 partim
953 4987 1193 5058 longius
1247 4992 1478 5044 remota
1534 4993 1696 5047 sunt.
1758 4990 2099 5063 Suscipiunt

439 5085 642 5138 autem
662 5077 965 5151 quasdam
994 5076 1438 5133 communionis
1466 5079 1744 5148 rationes,
1777 5095 1849 5135 ex
1873 5079 2095 5153 quibus

439 5168 569 5227 aliae
599 5182 693 5225 res
721 5172 900 5241 atque
929 5164 1251 5223 dissimiles
1294 5164 1653 5239 efﬁciuntur,
1685 5168 1786 5225 sed
1831 5170 1953 5227 sive
1979 5170 2096 5227 sint

440 5259 570 5317 aliae
629 5257 753 5315 sive
792 5255 1029 5313 dissiles
1088 5254 1150 5312 in
1198 5259 1400 5313 centro
1448 5273 1661 5316 omnes
1707 5258 2092 5330 conveniunt,

439 5347 608 5422 quod
626 5345 873 5422 quidem
904 5350 1175 5404 centrum
1206 5351 1295 5404 est
1323 5346 1674 5405 universalis
1696 5348 1970 5406 eruditio.

513 5442 567 5495 ϐ.
602 5441 684 5494 Ac
714 5436 973 5493 scientiae
1003 5437 1249 5511 quidem
1280 5441 1337 5494 et
1359 5441 1513 5495 artes
1556 5439 1639 5495 ita
1671 5453 1734 5494 se
1761 5437 1987 5496 habent
2008 5437 2096 5495 uti

440 5523 722 5611 diximus,
747 5529 803 5583 et
829 5525 891 5582 in
911 5540 1340 5601 quamcunque
1378 5532 1611 5603 partem
1664 5543 1729 5585 se
1783 5532 1975 5586 vertat
1998 5527 2095 5585 ille

442 5613 549 5689 Qui
565 5625 665 5676 res
691 5613 997 5677 naturales
1018 5616 1354 5690 investigat,
1389 5632 1627 5692 semper
1648 5617 1902 5692 reperiet
1929 5632 2096 5681 com-

2212 3385 2437 3453 ideam,
2462 3390 2527 3442 ut
2545 3385 2727 3442 etiam
2742 3390 2957 3442 natura
2978 3384 3394 3457 complectitur
3415 3386 3878 3457 temperationes

2212 3492 2286 3533 ex
2315 3474 2530 3533 eadem
2565 3475 2810 3532 ratione.
2860 3475 3083 3531 Omnes
3128 3473 3311 3541 enim,
3364 3478 3428 3529 ut
3478 3473 3735 3533 dictum
3786 3482 3877 3541 est,

2210 3566 2363 3623 inter
2379 3581 2442 3621 se
2457 3564 2885 3622 communione
2907 3564 3041 3636 conj
3052 3569 3359 3636 unguntur
3371 3568 3483 3620 aut
3494 3563 3875 3637 distinguun-

2211 3654 2472 3711 turinter
2491 3668 2556 3710 se
2584 3669 2598 3721 ;
2626 3654 2728 3711 sed
2754 3653 2834 3710 ad
2850 3656 3131 3709 naturam
3153 3653 3569 3708 communiter
3593 3655 3874 3712 universa

2209 3744 2671 3815 temperationes
2693 3745 3071 3809 revocantur,
3103 3757 3239 3814 quae
3290 3757 3357 3797 es
3394 3741 3693 3814 ipsarum
3742 3744 3872 3800 inter

2210 3847 2273 3887 se
2302 3831 2672 3888 communio.
2707 3830 2828 3887 Hoc
2857 3830 3035 3887 etiam
3066 3830 3128 3885 in
3168 3830 3424 3899 civitate,
3452 3831 3731 3903 mundo,
3764 3833 3874 3887 vico

2209 3920 2436 3977 familia
2456 3922 2517 3977 in
2543 3919 2853 3977 individuo
2895 3917 3169 3992 quolibet
3205 3916 3714 3976 animadvertere
3762 3937 3873 3993 pos-

2209 4024 2437 4065 sumus.
2470 4008 2704 4082 Triplex
2723 4008 2883 4065 enim
2900 4006 3248 4063 communio
3268 4006 3333 4063 in
3353 4006 3618 4065 animali
3639 4010 3875 4067 rationis

2207 4097 2494 4171 participe
2524 4097 2801 4163 cernitur,
2827 4100 2930 4152 aut
2956 4096 3119 4151 enim
3146 4096 3610 4168 temperationis
3644 4104 3757 4155 aut
3781 4115 3874 4156 na-

2193 4182 2355 4243 turas
2385 4191 2489 4244 aut
2511 4185 2878 4243 eruditionis.
2911 4189 2993 4241 Ac
3023 4184 3087 4240 in
3121 4183 3383 4241 naturali
3428 4185 3698 4257 quidem
3724 4204 3873 4245 com-

2206 4276 2492 4333 munione
2507 4276 2759 4333 eruditio
2774 4290 3019 4349 quoque
3034 4274 3207 4353 inest,
3226 4274 3332 4330 sed
3355 4275 3419 4330 in
3439 4278 3869 4348 temperatione

2203 4381 2330 4422 non
2341 4365 2741 4439 semperinest
2750 4363 3024 4435 eruditio,
3042 4362 3157 4419 nisi
3169 4363 3316 4419 forte
3327 4378 3398 4418 ex
3409 4362 3527 4419 illis
3538 4365 3870 4423 rationibus

2205 4470 2361 4529 quas
2385 4453 2712 4527 attulimus,
2734 4468 2953 4527 nempe
2981 4451 3151 4525 quod
3177 4451 3377 4509 omnis
3412 4452 3664 4522 entitas,
3710 4462 3776 4513 ut
3807 4456 3868 4511 ita

2206 4545 2425 4617 dicam,
2451 4545 2529 4601 sit
2546 4549 2796 4611 naturas,
2820 4543 2944 4599 sive
2966 4541 3133 4598 bona
3162 4541 3257 4609 sit,
3282 4541 3407 4597 sive
3436 4556 3566 4598 non
3601 4542 3808 4613 bona;
3826 4552 3867 4601 et

2205 4633 2373 4707 quod
2384 4633 2582 4690 omnis
2595 4649 2693 4690 ars
2705 4632 2785 4690 ad
2797 4631 3109 4688 scientiam
3124 4628 3412 4687 referatur
3422 4629 3653 4687 eodem
3671 4634 3862 4695 modo,

2205 4727 2264 4780 et
2281 4722 2447 4796 quod
2473 4738 2547 4779 ex
2574 4722 2685 4779 illis
2706 4719 3198 4779 communionem
3218 4719 3373 4776 inter
3391 4734 3457 4774 se
3477 4722 3861 4780 constituant

2205 4811 2471 4870 Naturali
2495 4827 2637 4883 ergo
2658 4809 3073 4868 communioni
3087 4824 3325 4881 semper
3353 4823 3605 4866 annexa
3630 4817 3729 4868 est
3751 4828 3862 4869 ern-

2205 4901 2370 4974 ditio,
2405 4902 2490 4957 uti
2504 4900 2731 4957 dictum
2761 4904 2851 4957 est
2880 4917 2894 4957 :
2924 4897 3032 4954 sed
3052 4897 3559 4971 temperationum
3603 4915 3863 4957 commn-

2202 4990 2501 5048 nioninon
2514 5004 2750 5063 semper
2762 5002 2999 5046 annexa
3011 4991 3100 5044 cst
3110 4986 3365 5044 eruditio
3376 5030 3391 5045 .
3406 4989 3558 5044 Nam
3573 4991 3745 5046 fures
3755 4989 3859 5045 duo

2201 5080 2355 5137 inter
2384 5094 2449 5136 se
2477 5078 2904 5137 communione
2932 5078 3373 5143 consociantur,
3417 5092 3718 5149 quasnam
3738 5095 3859 5136 vero

2201 5173 2402 5243 potest
2410 5169 2563 5226 inter
2572 5169 2736 5243 ipsos
2748 5166 3096 5224 eruditionis
3107 5164 3472 5223 intercedere
3482 5181 3627 5223 com
3636 5168 3861 5225 munia?

2202 5261 2511 5325 Praeterea,
2550 5258 2721 5316 faber
2766 5273 2908 5314 cum
2969 5254 3144 5313 fabro
3189 5255 3699 5314 communionem
3746 5259 3856 5323 init.

2202 5353 2383 5421 atque
2409 5348 2525 5404 hoc
2572 5352 2661 5405 est
2708 5344 3181 5420 temperationis,
3236 5343 3777 5417 Quemadmodum
3817 5354 3859 5404 et

2200 5436 2347 5494 illud
2368 5436 2665 5511 superius.
2694 5435 2982 5493 Diﬂ‘erunt
3009 5439 3211 5491 autem
3233 5449 3307 5492 eo
3324 5433 3492 5508 quod
3510 5434 3638 5493 hoc
3655 5442 3858 5495 natura

2200 5527 2485 5603 quaedam
2506 5532 2563 5586 et
2590 5526 2845 5585 eruditio
2888 5524 3174 5601 quadam
3228 5526 3687 5599 temperaverit,
3725 5526 3857 5586 illud

2194 5630 2346 5678 vero
2381 5632 2579 5691 neque
2626 5616 2700 5678 sit
2744 5620 2996 5688 naturas,
3030 5628 3240 5689 neque
3268 5614 3661 5675 eruditionis.
3701 5616 3857 5679 Nulla
