3932 6326
46 367 149 425 353

894 359 1270 432 THEODORI
1293 358 1349 429 Π
1378 371 1519 432 1MP.
1551 359 1641 429 DE
1671 359 2126 436 COMMUNIONE
2165 372 2538 441 NATURALI.

3295 371 3439 440 εδει

37 497 157 566 πρός
214 492 406 568 φθορὰν
495 496 832 566 συσκευάζει,
916 497 959 549 εἰ
1024 502 1095 570 μὴ
1145 499 1456 575 παραλόγως
1508 482 1630 551 ἀδι-
1689 501 1736 555 Α
1790 508 1862 559 πῆ
1902 498 1961 555 δε
1989 499 2161 558 δοῦσα
2209 502 2453 580 δυνάμει,
2483 513 2554 564 πῆ
2613 499 2673 558 δὲ
2723 506 2812 556 καὶ
2875 501 3148 576 ἐντελεχῶς
3203 503 3262 558 ού
3319 510 3422 558 πᾶ.

1282 593 1484 648 Φυσικὴ
1572 584 1607 641 δ
1609 591 1631 641 ι

789 677 889 728 εἴτε
940 685 1178 752 μερικῶς,
1239 680 1302 740 ὡς
1349 686 1460 740 τοῖς
1511 680 1631 730 τέκ-

37 779 198 830 τοσιν,
251 759 429 820 ἰπειδὴ
504 766 594 815 καὶ
670 770 991 842 μερικωτέρα
1068 767 1234 821 ἐκεῖσε
1324 770 1354 827 ἠ
1437 771 1629 840 φυσικὴ

41 856 248 921 σχέσις,
302 854 404 904 εῖτε
449 851 755 924 καθολικῶς,
804 855 869 916 ὠς
921 853 1114 930 ἀγαθὸς
1169 860 1470 934 προαιρέσει
1529 875 1636 910 κοι-

38 946 181 992 νωνεῖ
206 944 353 994 παντὶ
397 938 597 1014 ἀγαθῷ·
652 945 806 996 τόῦτο
860 947 959 1020 γὰρ
1017 943 1276 1009 παιδείας.
1347 946 1424 1000 Ού
1486 945 1636 1019 λέγο-

38 1047 126 1100 μεν
159 1023 216 1082 δε
244 1028 417 1102 ὅτιπερ
446 1033 502 1092 ὅς
553 1029 647 1084 ούκ
703 1027 816 1086 οἵδε
861 1030 1106 1088 παιδείαν
1164 1036 1223 1089 ού
1272 1043 1502 1088 κοινωνεῖ
1558 1032 1635 1100 οἷς

37 1126 261 1172 κοινωνεῖ
297 1118 608 1194 φιλοσόφως,
643 1113 776 1174 ἀλλ”
809 1126 888 1176 ὅτι
948 1125 973 1176 ό
1025 1125 1188 1186 καλῶς
1251 1126 1492 1199 πράττων
1551 1145 1635 1198 φι-

37 1205 253 1280 λοσοφεῖ.
306 1215 472 1263 Τοῦτο
556 1207 616 1264 δὲ
661 1216 720 1265 τὸ
791 1211 959 1277 καλῶς
1027 1217 1268 1291 πράττειν
1331 1221 1418 1268 τόν
1479 1235 1637 1292 στρα-

37 1301 211 1370 τηγὸν,
240 1299 269 1359 ἦ
312 1303 398 1353 τόν
430 1301 688 1374 ἄρχοντα,
737 1304 766 1362 ἣ
795 1309 882 1356 τὸν
934 1310 1199 1378 τεχνίτην,
1256 1307 1284 1366 ἦ
1339 1311 1426 1359 τὸν
1493 1307 1635 1379 φίλον

37 1380 331 1460 φιλοσοφίας
368 1393 459 1442 καὶ
505 1395 692 1464 σοφίας
723 1390 854 1445 ἐστί·
909 1401 1077 1448 ταῦτα
1128 1397 1230 1468 γὰρ
1300 1393 1638 1470 ἀπηχήματα

37 1477 134 1528 οἷον
186 1484 279 1540 τῆς
334 1485 545 1558 πρώτης
601 1474 766 1536 ἓστινζ
825 1479 1066 1556 Οὐδεμία
1115 1487 1217 1558 γὰρ
1274 1487 1524 1559 μάθησις,
1594 1485 1638 1539 εἰ

37 1570 100 1624 ui)
158 1564 212 1618 ἐκ
261 1574 712 1644 προϋπαρχούσης
766 1577 1024 1643 γνώσεως,
1072 1571 1292 1646 οὐδεμία
1333 1572 1391 1628 δί
1443 1584 1638 1648 γνῶσις

37 1651 200 1725 ἀγαθὴ
251 1658 378 1736 ἄτερ
415 1655 660 1722 παιδείας
728 1665 861 1722 τινὸς
927 1667 1130 1736 μέρους·
1189 1669 1493 1737 πανταχόσε
1533 1667 1636 1739 γάρ

37 1741 147 1796 ἐστι
181 1750 269 1798 καὶ
314 1755 508 1826 γνῶσις
549 1754 639 1802 καὶ
685 1747 920 1822 παιδεία,
988 1755 1176 1824 ἔχουσι
1239 1750 1296 1807 δὲ
1339 1751 1640 1814 ἀλληλένδε-

37 590 197 634 κεῖται
247 584 390 654 παρὰ
459 585 566 635 ’τῶν
649 581 850 637 ἀδικεῖν
913 584 1200 644 ἐθελόντων.

37 675 269 724 κοινωνία
313 667 531 726 παιδεία
609 669 709 744 ἀεὶ,

1795 609 1912 662 σαν,
1941 590 2071 647 ἀλλὰ
2106 599 2280 670 μέρος,
2313 595 2445 655 πλὴν
2491 592 2542 657 ἐξ
2593 593 2716 655 ὅλης
2764 592 2855 645 καὶ
2900 600 3071 650 τοῦτο.
3124 597 3230 647 Κᾶν
3277 600 3410 666 γοῦν

1792 682 1938 734 καὶὸ
1972 690 2269 758 στρατηγὸς
2309 685 2404 738 οὐκ
2459 681 2573 737 οἶδε
2599 687 2691 742 τὴν
2744 684 3060 756 ἐπιστήμην,
3119 681 3225 735 ἀλλ’
3270 687 3411 758 εῖπερ

1794 773 1931 824 κατὰ
1970 777 2087 835 τοὺς
2169 771 2374 837 ἀληθεῖς
2454 775 2671 849 πράττει
2717 775 2930 844 τύπους,
3002 770 3271 845 φιλοσοφεῖ
3318 772 3414 824 κᾶν

1797 857 2094 932 ἁγνώστωςο
2123 865 2236 916 ἔστι
2293 859 2353 917 δὲ
2404 871 2557 915 τοῦτο
2629 864 2927 934 θῦμοσόφου
2981 856 3196 936 ἀνδρὸς,
3258 860 3416 914 αύτὸο

1797 959 1938 1023 φυῶς
1992 956 2051 1004 τό
2101 953 2256 1006 καλὸν
2306 952 2534 1027 κὰγαθὸν
2595 953 2958 1025 γινώσκοντός,
3016 948 3150 1009 πλὴν
3215 945 3275 1002 δε
3319 953 3412 1003 καὶ

1798 1037 2106 1114 ἀκούσματα
2165 1061 2283 1096 τινα
2359 1045 2605 1115 σχόντος,
2661 1035 2865 1103 ἀδήλως
2914 1041 3005 1112 μὲν
3055 1038 3122 1100 εἰς
3168 1041 3254 1092 τόν
3297 1045 3416 1091 νοῦν

1798 1129 2108 1185 εἰσελθόντα.
2154 1133 2422 1204 Πεφύκασι
2469 1132 2571 1205 γάρ
2629 1147 2747 1182 τινα
2803 1128 3141 1201 εἰσέρχεσθαι
3198 1125 3416 1199 φιλοσο,

1799 1225 1919 1292 φίας
1967 1219 2038 1280 εἰς
2084 1223 2170 1272 τὸν
2216 1225 2332 1272 νοῦν
2383 1219 2558 1292 λόγια,
2612 1218 2862 1291 λεγόμενα
2913 1217 3004 1290 μὶν
3063 1219 3127 1278 ὡς
3177 1219 3412 1302 ’τύχοιεν³

1800 1303 2063 1381 δεχόμενα
2122 1306 2180 1363 δι
2234 1309 2330 1362 κᾶν
2379 1307 2628 1380 ἀτέχνως,
2684 1303 2814 1359 ἄλλά
2859 1307 3060 1378 φύσεως
3119 1303 3418 1382 εἰλικρινείᾳ

1799 1407 2046 1470 φυσικῶς.
2105 1402 2345 1461 Δεκτικός
2400 1399 2502 1472 γάρ
2538 1397 2563 1449 ὁ
2619 1403 2758 1464 νοῦς,
2819 1392 2915 1448 κᾶν
2972 1395 3031 1447 ού
3079 1398 3214 1468 πρός
3262 1394 3418 1447 αὐτὸν

1799 1487 1991 1559 ἔχοντά
2020 1507 2098 1551 τις
2124 1493 2306 1542 τοῦτόν
2349 1504 2400 1540 τι
2462 1488 2609 1561 λέγῃ.
2671 1491 2776 1545 Τὴν
2840 1487 3066 1558 φυσικὴν
3122 1487 3248 1557 γοῦν
3301 1503 3419 1538 κοι-

1798 1581 1981 1630 νωνίαν
2021 1583 2111 1631 καὶ
2188 1573 2407 1631 παιδεία
2486 1576 2544 1627 ού
2597 1573 2813 1628 λέλοιπε·
2898 1579 2991 1633 τὴν
3043 1574 3176 1626 κατά
3229 1577 3419 1648 κρᾶσιν

1803 1663 1880 1738 δὲ,
1939 1668 2022 1720 ὁτέ
2067 1669 2158 1740 μὶν
2214 1668 2297 1720 ὁτὲ
2353 1663 2403 1718 δ’
2463 1664 2544 1722 οὓ.
2589 1659 2834 1718 Κοινωνεῖ
2882 1666 2970 1736 μὲν
2998 1661 3085 1715 οὖν
3115 1669 3217 1723 πᾶς
3263 1661 3421 1716 παντὶ

1804 1765 2038 1828 φυσικῶς
2097 1775 2151 1809 τε
2224 1761 2313 1808 καὶ
2368 1757 2503 1808 κατά
2565 1759 2774 1829 κρᾶσιν.
2835 1749 2990 1805 ’Ἐστι
3040 1747 3099 1805 δε
3147 1756 3237 1804 καὶ
3293 1750 3422 1804 ὃπου

37 1849 118 1885 τον
149 1838 242 1892 τὴν
299 1835 370 1898 εἰς
425 1840 491 1890 τὰ
540 1840 827 1914 πράγματα
879 1841 1193 1914 κατάληψιν.
1254 1848 1354 1896 Καὶ
1400 1852 1500 1898 ποῦ
1552 1847 1642 1918 μεν
1707 1855 1747 1909 Β
1803 1848 1938 1898 κατά
2015 1851 2226 1919 κρᾶσιν,
2310 1849 2400 1897 καί
2462 1863 2516 1897 τι
2581 1843 2896 1914 καταφύσιν,
2963 1839 3054 1893 καὶ
3111 1840 3238 1894 ὃπου
3290 1836 3426 1895 κατά

37 1925 148 1974 ἔστι
200 1926 268 1976 τὰ
341 1933 431 1987 τῆς
518 1923 768 1991 παιδείας
848 1935 1078 2002 γνωστὰ,
1129 1939 1230 1984 ποῦ
1285 1929 1344 1987 δε
1400 1935 1646 2006 ἄγνωστα

37 2012 142 2064 οἷον
173 2011 255 2066 ὅτι
303 2020 623 2088 στρατηγίαν
678 2037 754 2078 τις
810 2016 1179 2094 παιδευόμενος
1243 2020 1503 2095 ἀναγκαῖα
1555 2031 1646 2080 καὶ

37 2097 358 2174 ἐνδεχόμενα
386 2102 676 2176 καὶψευδῆ
719 2103 1026 2161 παιδεύεται
1082 2118 1384 2181 γινώσκειν,
1443 2119 1532 2167 καὶ
1583 2118 1648 2169 τὰ

37 2193 125 2261 μὲν
192 2189 330 2254 ὃπως
382 2192 645 2266 ἐκφεύγειν
682 2198 748 2248 τὰ
801 2192 860 2250 δε
918 2218 1193 2269 γινωσκειν
1238 2205 1327 2253 καὶ
1378 2205 1624 2278 πράττειν

37 2278 172 2336 iam
235 2283 394 2342 οὕτως
454 2279 538 2336 δεῖ
583 2283 872 2361 πολιορκεῖν
909 2288 938 2345 ἡ
987 2298 1318 2365 κατοχυροῦν
1378 2265 1443 2344 rd:
1497 2265 1650 2369 φρούῖ

37 2387 123 2459 ρια
162 2375 250 2423 καὶ
308 2374 440 2424 κατὰ
478 2377 597 2434 τοὺς
657 2374 840 2439 among
895 2376 1103 2449 λόγους.
1151 2386 1315 2433 Τοῦτο
1372 2376 1431 2434 δὲ
1489 2403 1652 2459 μερος

37 2456 148 2510 ἐστὶ
198 2459 523 2534 φιλοσοφίας.
580 2461 639 2517 Ἦ
692 2467 793 2539 γὰρ
851 2469 1002 2540 φύσις
1050 2473 1144 2527 τὴν
1215 2455 1511 2544 ἐπιστήμην
1556 2455 1652 2527 *δι’

37 2547 154 2601 ὅλου
175 2557 266 2603 τοῦ
303 2551 513 2624 λογικοῦ
540 2553 676 2615 ζώου
706 2551 992 2632 διέσπειρε,
1035 2565 1106 2618 πῆ
1171 2563 1260 2634 μεν
1308 2567 1650 2636 τεχνὼσασα,

38 2749 170 2810 nim
201 2759 413 2814 natura
433 2763 536 2814 aut
561 2758 814 2816 eruditio
834 2759 1060 2834 aliquid
1093 2761 1172 2820 ad
1186 2763 1489 2823 interitum
1503 2782 1667 2825 com-

38 2847 208 2912 parat,
239 2845 360 2902 nisi
393 2847 546 2904 forte
584 2853 800 2921 praeter
835 2851 1127 2908 rationem
1157 2852 1376 2923 injuria
1416 2856 1672 2914 afﬁcitur

37 2932 92 2987 ὼ
122 2932 237 2989 illis
271 2935 372 3008 qui
400 2936 678 3008 injuriam
707 2938 922 2996 inferre
983 2941 1212 2998 volunt.
1246 2944 1390 3000 Atin
1414 2946 1672 3003 naturali

37 3025 441 3082 :ommunione
473 3043 710 3100 semper
757 3029 910 3086 inest
934 3031 1206 3105 eruditio,
1240 3033 1362 3090 sive
1384 3035 1444 3091 in
1479 3042 1668 3109 parte,

37 3121 77 3168 tt
105 3131 245 3170 cum
301 3116 452 3172 fabri
511 3119 662 3174 inter
698 3133 760 3174 se
799 3121 1290 3180 communionem
1327 3126 1674 3182 constiuunt

37 3204 533 3276 quandoquidem
548 3207 974 3279 haecnaturalis
989 3210 1218 3278 relatio,
1243 3229 1379 3285 quae
1409 3220 1498 3271 est
1523 3214 1674 3270 inter
1708 3202 1747 3255 (λ

37 3292 240 3361 abros,
272 3299 359 3351 est
387 3295 714 3369 aliquando
737 3299 930 3368 magis
955 3318 967 3369 ;
996 3301 1392 3373 particularis)
1424 3305 1548 3359 sive
1577 3321 1673 3376 ge-

37 3383 306 3451 xeraliter,
337 3392 400 3441 ut
424 3402 562 3441 cum
603 3386 819 3460 aliquis
849 3387 925 3444 de
979 3389 1245 3446 instituto
1273 3391 1474 3448 bonus
1507 3409 1671 3450 com-

38 3474 363 3529 uunionem
378 3477 680 3532 constituit
697 3495 829 3532 cum
844 3479 1010 3534 omni
1023 3480 1183 3536 bono
1199 3481 1512 3555 proboque
1525 3485 1669 3540 viro.

37 3566 126 3618 [oc
159 3564 323 3618 enim
342 3571 431 3620 est
446 3564 818 3621 eruditionis.
841 3570 1020 3624 Porro
1040 3583 1159 3624 non
1184 3585 1478 3641 negamus
1502 3572 1672 3629 illum

38 3654 108 3708 ‘ui
138 3669 263 3709 non
283 3657 371 3709 est
387 3653 674 3724 eruditus,
693 3655 1049 3729 participare
1068 3660 1461 3717 eruditionem
1483 3679 1670 3734 quam

37 3741 333 3814 tarticipat
369 3758 440 3798 ex
471 3741 875 3816 philosophia.
920 3750 1044 3802 lmo
1068 3749 1262 3822 virum
1301 3749 1468 3805 illum
1499 3752 1670 3822 cujus

38 3832 280 3889 .ctiones
317 3832 584 3888 honestae
615 3839 670 3889 et
721 3828 1028 3904 praeclarae
1057 3832 1217 3894 sunt
1256 3838 1671 3911 philosophari

37 3923 347 3979 .sserimus
383 3939 395 3989 ;
425 3938 569 3978 nam
595 3926 661 3978 ut
685 3924 1012 3997 imperator
1031 3932 1135 3982 aut
1159 3927 1283 3984 dux
1309 3933 1413 3984 aut
1440 3928 1671 3985 amicus

37 4011 226 4067 .mnia
248 4027 321 4067 ex
341 4012 550 4068 virtute
572 4017 628 4068 et
647 4012 956 4070 honestate
978 4019 1136 4086 agat,
1161 4017 1420 4090 itemque
1437 4018 1668 4087 artifex,

37 4107 168 4158 stuc
199 4100 599 4173 philosophiae
629 4106 685 4157 et
709 4101 1012 4174 sapientize
1035 4109 1126 4160 est
1157 4121 1168 4160 :
1197 4105 1324 4162 haec
1342 4106 1502 4162 enim
1534 4111 1673 4163 sunt

37 4180 199 4247 ἐιυιὶ
229 4189 440 4262 primae
470 4189 776 4262 sapientiae
811 4192 1093 4264 quaedam
1122 4194 1322 4251 relatae
1353 4196 1670 4266 imagines.

37 4279 192 4335 iulla
211 4281 372 4334 enim
396 4273 682 4351 diciplina
729 4285 839 4350 est,
897 4297 1033 4353 quae
1055 4298 1177 4339 non
1203 4301 1275 4340 ex
1299 4285 1673 4357 praecedente

43 4366 361 4439 ognitione
378 4367 646 4424 exsistat.
667 4369 868 4436 Porro,
885 4370 1050 4426 nulla
1070 4372 1330 4443 cognitio
1351 4373 1515 4430 bona
1535 4391 1672 4446 quas

38 4458 85 4514 it
107 4456 368 4528 alicujus
389 4453 739 4512 eruditionis
767 4474 979 4530 expers
1014 4477 1028 4526 ;
1061 4475 1203 4517 nam
1235 4462 1412 4532 longe
1436 4462 1674 4535 lateque

1807 1939 1962 2009 φύσιν
1995 1939 2086 1987 καί
2138 1955 2192 1987 τι
2237 1935 2371 1986 κατά
2414 1939 2622 2008 κρᾶσιν.
2701 1933 3014 2004 Εύρίσκεται
3072 1925 3131 1983 δε
3186 1937 3272 1982 ῦτι
3332 1935 3423 1982 τοῦ

1808 2023 1998 2098 μᾶλλον
2051 2027 2408 2099 φυσικωτέραν
2485 2025 2696 2094 ἔχοντος
2756 2025 2848 2079 τὴν
2921 2023 3189 2072 κοινωνίαν
3239 2023 3329 2071 καὶ
3389 2017 3419 2076 ἠ

1811 2113 1997 2168 ἐνοῦσα
2049 2120 2238 2187 κρᾶσις
2302 2112 2442 2183 αὐτῷ
2509 2109 2735 2181 ὓλογος,
2791 2115 2884 2160 τοῦ
2933 2103 2993 2161 δι
3053 2108 3188 2160 κατά
3234 2112 3424 2182 κρᾶσιν

1811 2205 2001 2278 μᾶλλον
2030 2208 2121 2256 καὶ
2153 2198 2354 2276 ἣξούσοι
2391 2201 2554 2254 ἐκεῖσέ
2583 2220 2664 2263 τις
2722 2201 2917 2272 φυσικὴ
2979 2194 3201 2270 δύναμις
3243 2193 3277 2249 δ
3283 2195 3423 2249 ιαλε-

1811 2293 2000 2367 λυμένη
2065 2292 2178 2346 ἐστὶ
2243 2297 2332 2344 καὶ
2402 2286 2738 2365 ἆλλορῤεπὴς·
2783 2292 2872 2341 καὶ
2935 2284 3087 2340 τοῦτο
3139 2289 3420 2360 γνώριμον.

1816 2382 2005 2438 Ταῦτα
2097 2379 2155 2436 δὲ
2254 2377 2460 2434 δέονται
2557 2378 2731 2453 ἑτέρας
2843 2372 3205 2449 διασφησιως,
3290 2376 3425 2428 ὥστε

1817 2470 1987 2536 δεῖξαι
2033 2469 2134 2525 κάκ
2182 2473 2394 2538 ταύτης,
2461 2477 2566 2531 πῶς
2614 2471 2728 2521 ἔστι
2782 2469 2840 2521 τὸ
2896 2458 3147 2541 κρεῖττον·
3205 2467 3317 2518 ἔστι
3365 2461 3426 2519 δι

1816 2564 1972 2622 αὕτη.

1778 2769 1888 2826 tim
1918 2765 2099 2825 etiam
2119 2765 2179 2822 vi
2199 2769 2256 2821 et
2282 2766 2577 2838 potestate
2626 2756 2882 2832 dederit,
2947 2759 2998 2818 si
3025 2775 3150 2818 non
3171 2756 3450 2818 absolute

1779 2859 2148 2922 universum,
2173 2860 2238 2912 at
2267 2859 2422 2910 certe
2456 2851 2991 2926 partemaliquam,
3032 2863 3170 2924 qua
3199 2850 3450 2923 quidem

1779 2965 1922 3023 pars
1947 2946 2022 3004 de
2045 2951 2168 3003 tota
2196 2946 2398 3001 excisa
2422 2948 2530 3000 est.
2593 2942 2882 3008 Quamvis
2933 2941 3113 3012 igitur
3135 2941 3262 2997 dux
3280 2955 3448 2996 exet»

1782 3038 1933 3095 citus
1966 3035 2279 3092 scientiam
2328 3033 2581 3104 ignoret,
2626 3035 3044 3087 verumtamen
3076 3041 3150 3086 ex
3179 3028 3334 3085 veris
3357 3029 3446 3084 in-

1781 3124 2242 3184 formationibus
2297 3137 2483 3193 agens
2533 3119 3013 3194 philosophatur,
3068 3117 3324 3180 etiamsi,
3380 3121 3448 3173 ut

1783 3215 1926 3286 dixi,
1953 3214 2210 3271 nescius.
2247 3215 2343 3267 Est
2394 3216 2597 3268 autem
2626 3209 2744 3265 hoc
2797 3208 2906 3264 viri
2951 3206 3299 3280 philosophi
3337 3205 3443 3278 qui

1785 3321 1894 3362 sua
1921 3308 2132 3377 sponte
2162 3301 2326 3375 quod
2349 3301 2670 3357 honestum
2689 3298 2986 3354 etbonum
3006 3302 3094 3352 est
3109 3294 3441 3365 cognoscit.

1782 3399 1898 3453 Nec
1936 3392 2064 3450 lteri
2093 3407 2277 3465 posse
2303 3406 2599 3461 negamus
2629 3395 2695 3444 ut
2718 3387 3002 3461 quaedam
3034 3386 3338 3442 auditione
3361 3385 3444 3440 ita

1780 3482 2112 3558 perceperit
2139 3482 2353 3554 aliquis
2380 3485 2444 3536 ut
2493 3480 2592 3535 vix
2645 3478 2708 3534 in
2774 3477 3048 3533 animum
3085 3491 3266 3531 suum
3297 3474 3441 3530 irres

1781 3574 1978 3646 psisse
1998 3573 2097 3629 illa
2119 3570 2508 3644 persenserit;
2531 3572 2788 3641 possunt
2813 3567 2973 3622 enim
2994 3564 3279 3638 quaedam
3310 3561 3440 3636 phis

1779 3661 2095 3734 losophica
2148 3663 2450 3732 praecepta
2513 3658 2575 3712 in
2661 3660 2926 3710 mentem
2991 3652 3256 3718 inﬂuere,
3295 3666 3436 3723 quas

1781 3756 2001 3808 temere
2021 3748 2265 3822 quidem
2298 3749 2375 3803 ab
2395 3746 2596 3819 aliquo
2625 3746 3015 3817 pronuntiata
3045 3746 3202 3808 sunt,
3238 3741 3344 3796 sed
3357 3740 3437 3796 ab

1781 3841 2057 3898 audiente
2097 3837 2332 3894 etiamsi
2354 3851 2478 3892 non
2507 3835 2583 3891 de
2613 3833 2911 3890 industria
2925 3836 2986 3888 at
3004 3836 3232 3887 naturae
3261 3829 3436 3886 boni-

1780 3934 1897 3986 tate
1926 3934 2204 3998 suscepta
2225 3929 2394 3992 sunt;
2422 3938 2566 3978 nam
2593 3937 2668 3977 ex
2698 3926 2919 3977 natura
2947 3933 3122 3974 mens
3143 3917 3437 3990 quidlibet

1781 4017 2080 4090 suscipere
2119 4019 2332 4087 potest,
2356 4011 2634 4085 quamvis
2661 4018 2797 4082 quae
2832 4007 3298 4080 pronuntiantur
3322 4009 3430 4064 au:-

1780 4107 1994 4164 dientis
2007 4110 2064 4162 et
2075 4104 2229 4160 sus‘ci
2239 4102 2452 4176 pientis
2463 4115 2643 4157 causa
2655 4114 2777 4156 non
2789 4099 3086 4154 dicantur.
3103 4096 3433 4154 Naturalem

1781 4212 1924 4267 ergo
1964 4193 2453 4252 communionem
2487 4189 2741 4246 eruditio
2778 4201 2904 4244 non
2942 4187 3224 4243 deseruit.
3260 4187 3435 4243 Com-

1781 4285 2134 4342 munionem
2153 4298 2295 4338 vero
2345 4280 2533 4345 illam,
2581 4293 2718 4352 quae
2767 4281 2856 4333 est
2884 4292 2955 4333 ex
3001 4275 3434 4348 temperatione

1781 4373 2082 4430 interdum
2139 4369 2404 4444 quidem,
2454 4367 2756 4424 interdum
2794 4380 2933 4422 vero
2970 4380 3094 4422 non
3123 4365 3384 4420 deseruit
3416 4361 3432 4433 ;

1782 4477 1928 4518 nam
1988 4475 2199 4516 omnes
2255 4455 2708 4513 communicant
2763 4454 2917 4510 inter
2965 4469 3029 4509 se
3085 4467 3158 4508 ex
3207 4457 3437 4509 natura

37 4563 120 4603 per
170 4546 380 4602 omnia
433 4547 691 4617 cognitio
731 4552 788 4603 et
837 4549 1090 4605 eruditio
1138 4551 1576 4607 diffunduntur.
1610 4555 1678 4609 Et
1710 4559 1753 4613 D
1784 4557 1841 4609 et
1865 4548 2314 4622 temperatione.
2361 4547 2543 4601 Porro
2570 4559 2685 4600 usu
2750 4543 2915 4600 venit
2937 4543 3261 4610 interdum,
3289 4541 3436 4598 utin

41 4651 308 4693 onnexaa
335 4639 475 4692 sunt
504 4635 656 4690 inter
677 4652 739 4692 se
785 4653 987 4693 rerum
1011 4640 1378 4710 cognitiones
1405 4657 1475 4696 ac
1513 4657 1674 4697 com-

37 4719 564 4783 trehensionesua'c
580 4725 642 4780 in
659 4724 1028 4797 quidusdam
1052 4727 1231 4784 rebus
1257 4727 1538 4799 cognosci
1565 4745 1674 4802 po-
1719 4774 1724 4779 .

38 4821 153 4872 unt
175 4813 350 4871 facile
365 4811 466 4870 illa
477 4830 611 4886 quae
631 4821 768 4870 sunt
784 4816 1151 4888 eruditionis,
1165 4826 1372 4875 contra
1394 4834 1677 4876 nonnun-

37 4921 210 4979 ;uam
231 4904 517 4973 cognosci
537 4897 872 4977 nequeunt:
891 4912 952 4961 ut
969 4907 1016 4962 si
1033 4907 1168 4978 quis
1185 4909 1452 4965 eruditur
1471 4909 1532 4964 in
1551 4915 1675 4966 arte

37 4993 282 5051 .ucendi
295 4995 641 5058 exercitum,
654 4993 738 5050 ita
749 4994 1014 5051 eruditur
1026 5003 1089 5052 ut
1104 4997 1298 5054 discat
1309 4999 1673 5069 necessaria,

42 5083 194 5139 tilla
224 5097 362 5153 qua:
383 5097 500 5137 usu
529 5082 731 5138 venire
751 5089 1022 5154 possunt,
1055 5085 1328 5158 adeoque
1364 5103 1499 5160 quas
1520 5087 1675 5144 falsa

39 5176 154 5230 unt
174 5171 243 5227 in
261 5170 376 5227 hac
396 5169 730 5243 disciplina,
750 5172 880 5228 haec
899 5172 1146 5245 quidem
1162 5179 1226 5230 ut
1241 5175 1403 5241 vitet,
1423 5175 1522 5232 illa
1533 5191 1675 5233 vero

37 5268 73 5320 .t
98 5263 440 5331 cognoscat
482 5264 537 5315 et
579 5264 938 5333 exsequatur
964 5280 982 5333 ;
1023 5266 1089 5318 ut
1108 5263 1272 5336 quod
1308 5269 1578 5336 oporteat
1593 5265 1678 5322 ita

38 5351 303 5409 tbsidere
317 5349 517 5417 urbes,
544 5356 646 5406 aut
664 5352 1122 5422 propugnacula
1139 5354 1372 5410 munire
1395 5359 1450 5410 et
1466 5359 1678 5412 caetera

39 5460 82 5499 Χ
114 5439 341 5496 iisdem
370 5439 726 5495 rationibus.
761 5442 880 5495 Hoc
917 5446 1115 5498 autem
1137 5444 1217 5498 ad
1234 5443 1679 5516 philosophiam

37 5539 246 5605 ttpars
313 5529 581 5588 refertur.
641 5532 792 5585 Nam
839 5535 1057 5588 natura
1118 5533 1430 5590 scientiam
1456 5535 1518 5590 in
1559 5541 1680 5592 toto

37 5619 276 5679 .nimali
300 5618 547 5677 rationis
579 5620 864 5692 participe
885 5621 1319 5693 disseminavit,
1351 5624 1433 5681 ita
1459 5629 1522 5682 ut
1549 5639 1684 5697 par-

37 5712 125 5770 im
186 5708 505 5768 scientiam
594 5708 658 5765 in
728 5708 974 5768 homine
1033 5710 1325 5774 fabricata
1375 5713 1466 5782 sit,
1538 5729 1684 5788 par-

443 5809 692 5870 Ρετιιοι..
731 5811 838 5871 Gn.
869 5811 1020 5872 CXL.

1783 4640 2006 4714 quibus
2052 4635 2403 4710 temperatio
2451 4633 2787 4706 superiores
2807 4637 3007 4706 partes
3029 4631 3348 4696 etobtinet,
3374 4631 3435 4686 in

1783 4732 1896 4788 illis
1935 4730 2104 4786 locus
2137 4726 2350 4799 aliquis
2383 4729 2616 4781 naturae
2644 4724 3016 4796 relinquatur
3045 4727 3102 4777 et
3126 4721 3185 4776 in
3211 4720 3435 4792 quibus

1786 4819 2120 4893 superiores
2166 4820 2366 4888 partes
2397 4815 2626 4870 obtinet
2653 4819 2889 4878 natura,
2931 4811 2991 4866 in
3041 4809 3153 4866 illis
3189 4823 3436 4879 quoque

1784 4904 2200 4980 temperationi
2229 4905 2396 4960 locus
2427 4902 2641 4974 aliquis
2671 4901 3059 4971 relinquatur.
3075 4900 3290 4953 Verum
3312 4911 3434 4967 quo

1785 4997 1920 5071 quis
1938 4995 2130 5065 magis
2150 4991 2483 5049 naturalem
2504 4987 3207 5050 habetcommunionem,
3223 5000 3295 5040 eo
3312 5000 3436 5040 me.

1783 5085 1898 5142 lius
1924 5084 2305 5142 constitutam
2328 5084 2386 5136 et
2418 5079 2822 5150 compositam
2850 5075 3034 5131 habet
3062 5073 3436 5146 temperatio-

1783 5165 2512 5243 nem.Coutra,quomagis
2545 5182 2617 5222 ex
2655 5163 3073 5236 temperatione
3101 5161 3436 5219 communio

1787 5266 2022 5322 constat
2049 5276 2119 5317 eo
2141 5258 2335 5330 magis
2356 5257 2447 5312 vis
2483 5254 2771 5312 naturalis
2797 5257 2976 5325 atque
3015 5251 3287 5323 facultas,
3315 5266 3440 5324 qua

1786 5354 2062 5429 praeditta
2100 5355 2208 5414 est,
2234 5346 2532 5405 imbecilla
2569 5349 2626 5400 et
2651 5345 2728 5401 ad
2764 5342 2950 5408 aliud,
2976 5358 3164 5416 quam
3188 5357 3298 5415 par
3329 5347 3438 5408 est,

1791 5441 2068 5519 proclivis
2099 5445 2204 5507 est,
2237 5435 2402 5510 quod
2432 5435 2613 5491 etiam
2653 5437 2865 5489 notum
2895 5436 3004 5489 est.
3040 5434 3154 5490 Sed
3173 5432 3302 5488 haec
3323 5432 3444 5488 alia

1789 5532 2188 5592 declaratione
2215 5543 2370 5599 opus
2383 5524 2608 5580 habent
2630 5528 2694 5580 ut
2712 5521 3104 5579 ostendamus
3117 5521 3297 5578 etiam
3319 5536 3443 5592 quo

1793 5627 1966 5698 pacto
2036 5635 2110 5676 ex
2135 5617 2282 5692 ;hac.
2322 5612 2748 5672 communione
2787 5611 3182 5670 constituatur
3217 5609 3445 5684 aliquid

1791 5707 2190 5788 praestantius.
2231 5703 2562 5767 Declaratio
2599 5707 2806 5766 autem
2841 5701 2973 5762 haec
3009 5706 3121 5761 est.

2911 5802 3010 5861 43.
