3932 6326
519 294 656 380 43.55

2056 303 2133 358 ΑΙ

2276 301 2413 356 lDA.
3833 303 3913 356 125

606 415 650 478 ζ’
706 415 1042 489 Ἀλέξανδρος
1090 423 1180 492 μεν
1254 421 1602 496 ’Δριστοτξλει
1655 438 1906 496 κοινωνεῖ,
1959 430 2140 500 Ἐρμο·
2199 425 2247 480 Α
2303 429 2556 479 καὶκατὰ
2586 429 2761 498 φύσιν,
2803 422 2983 483 ἐπειδὴ
3040 426 3119 478 ὃτι
3180 433 3269 480 καὶ
3324 430 3375 480 οἱ
3422 431 3624 489 πάντες
3693 426 3913 481 sntiat:

531 508 665 576 γένει
731 502 790 558 δε
864 509 1098 582 Μάρκος·
1177 508 1458 586 ἀμφότεροι
1529 524 1654 587 γοῦν
1733 517 1971 591 βασιλεῖς
2049 521 2139 568 καὶ

535 598 707 666 σοφοὶ,
756 600 844 646 καὶ
905 597 952 646 οἱ
1034 597 1190 667 φίλοι,
1244 597 1486 664 παιδείας
1547 613 1752 676 μεστοὶ,
1829 604 2139 680 διαφέρουσι

531 678 591 735 δέ
617 702 699 770 ’γεξ
732 680 928 744 Μηδεὶς
977 681 1036 738 δε
1067 684 1309 748 ἀπατηθῆ
1378 696 1451 764 μὴ
1498 692 1741 757 παιδείας
1780 678 1957 770 φίλους
1983 678 2136 747 -εἶναι

528 775 648 833 ¹τοὺς
672 769 932 845 βασιλεῖς,
963 774 1058 825 κᾶν
1123 777 1148 828 ὃ
1197 780 1287 849 μεν
1342 788 1437 842 τῆς
1504 769 1818 858 ἀκροτάτης,
1866 787 1891 838 ὁ
1941 782 1998 838 δε
2046 793 2136 845 τῆς

527 860 656 948 πολὺ
708 864 899 923 ταύτης
946 859 1326 940 ὑποδεεστέρας
1353 885 1366 896 ·
1424 870 1528 924 εἰσὶ
1595 876 1696 948 γάρ
1763 877 1916 947 ἄμφω
1997 873 2136 946 φιλο-

525 947 668 1020 λόγοι
720 950 1132 1025 καὶφιλολόγιοι.
1187 961 1524 1029 προσκείσθω
1585 947 1787 1015 δεκαὶ
1837 967 1894 1016 τὸ
1937 962 2132 1034 λόγιον·

527 1038 673 1111 εἶχον
725 1042 823 1114 γάρ
907 1046 997 1093 καὶ
1056 1049 1211 1095 τοῦτο
1263 1049 1398 1099 κατά
1449 1048 1580 1101 πολὺ
1625 1054 1756 1110 αὕτη
1814 1053 1844 1110 ἠ
1895 1056 2137 1104 κὸινωνία

525 1133 747 1200 φυσικὴ,
804 1131 921 1202 ἔχει
951 1126 1011 1184 δε
1058 1136 1117 1184 τό
1167 1142 1399 1206 κρεῖττον
1427 1139 1455 1196 ἡ
1517 1143 1715 1202 ταύτης
1755 1137 1982 1215 διαφορά
2036 1140 2136 1204 κάξ

526 1220 810 1284 επιτάσεως
848 1225 938 1273 καὶ
986 1229 1080 1274 τοῦ
1135 1221 1388 1298 έτεροίου,⁶
1449 1227 1510 1281 Ὀ
1707 1233 1807 1306 γάρ
1864 1231 2137 1303 φιλόσοφος

524 1312 614 1360 καὶ
636 1306 811 1383 ῥήτωρ
839 1311 930 1361 καὶ
947 1316 1049 1363 πᾶν
1072 1310 1214 1379 ἄλλο,
1249 1315 1276 1365 ό
1329 1310 1389 1368 δε
1433 1316 1610 1392 ῥήτωρ
1663 1323 1752 1372 καὶ
1817 1320 2132 1394 πολυῖστωρ.

526 1396 946 1470 Ἐπίτασιςγοῦν
997 1397 1046 1451 ἕν
1094 1408 1168 1471 τῷ
1227 1399 1322 1466 ἑνὶ,
1364 1405 1529 1457 πολλά
1580 1412 1710 1483 μέρη
1749 1409 1789 1460 ὦ
1836 1413 1925 1462 καὶ
1967 1411 2139 1462 πάντα

522 1485 723 1557 ἔχοντι,
751 1490 842 1539 καὶ
880 1494 986 1540 οῖον
1027 1493 1122 1547 τὴν
1170 1489 1292 1549 ὃλην
1342 1498 1602 1554 ποιότητα
1631 1540 1646 1566 ,
1707 1496 1994 1570 ἑτεροιότης
2055 1495 2134 1563 δε,

522 1571 605 1660 ότι
633 1578 723 1628 καὶ
750 1577 816 1628 τά
834 1579 964 1648 μέρη
990 1575 1170 1631 ἀλλοῖα
1199 1579 1323 1632 ὃντὰ
1370 1583 1482 1654 ἔχει
1524 1591 1852 1658 συναγαγὼν⁹
1905 1587 2139 1660 ὑπάρχει

524 1658 584 1715 δε
635 1668 727 1716 καὶ
794 1661 1135 1739 Ἀλεξάνδρου
1206 1669 1469 1742 ὑπηρεσία
1510 1677 1600 1725 καὶ
1657 1671 1905 1747 βασιλεία
1926 1658 2139 1750 ῥήτορες

518 1755 611 1843 καὶ⁵
637 1752 858 1826 Μάρκοῡ
887 1754 1179 1830 φιλόσοφοι.
1211 1758 1336 1833 Ἐρα
1389 1756 1449 1814 δε
1502 1763 1528 1814 ὁ
1717 1762 2133 1843 Ἀριστοτέλους,
2197 1777 2238 1832 Β

519 1842 547 1894 ό
578 1836 638 1894 δὲ
692 1843 1032 1916 Ἑρμογένους
1076 1844 1264 1917 ἀγαθοὶ
1328 1857 1454 1920 γοῦν
1502 1853 1713 1916 πάντες.
1771 1859 1925 1925 Ἔχει
1984 1851 2043 1907 δί

520 1931 771 2007 ἀναλογία
826 1935 897 1999 εἰς
969 1938 1153 2001 αὐτοὺς
1228 1940 1420 2001 πολλὴν
1500 1948 1594 2003 τὴν
1676 1945 1857 2017 ἰσχύν·
1910 1949 1979 2008 ὡς
2030 1949 2132 2019 γάρ

519 2022 796 2108 φιλοσοφία
846 2026 1124 2102 ῥητορικῆ,
1208 2028 1502 2103 Ἑρμογένει
1593 2033 1981 2108 Ἀριστοτέλης,
2069 2039 2133 2096 ὡς

520 2107 572 2164 δ’
625 2111 915 2187 Ἑρμογένει
1004 2115 1390 2191 Ἀριστοτέλης,
1490 2107 1827 2197 Ἀλέξανδρος
1911 2127 2128 2199 Μάρκῳσ

517 2203 589 2264 ὡς
641 2201 746 2276 ἄρα
803 2203 1083 2278 φιλόσοφία
1141 2207 1421 2282 ῥοτορικῆ,
1496 2208 1836 2284 Ἀλέξανδρος
1903 2216 2130 2284 Μάρκῳ,

515 2285 672 2345 Ἐστι
845 2293 934 2345 οὖν
991 2295 1021 2353 ἡ
1083 2290 1313 2368 διαφορά
1366 2297 1460 2350 οὐκ
1521 2299 1696 2362 ἄλλοις
1761 2300 1956 2371 λόγοις,
2017 2301 2129 2354 ἄλλ’

518 2379 761 2446 ἀλλοίοις,
821 2379 1001 2441 έπειδὴ
1055 2389 1270 2448 ποιότης
1349 2391 1428 2448 τίς
1472 2386 1613 2442 ἔστιν
1665 2390 1695 2446 ἠ
1755 2390 1976 2442 καθόλου
2021 2389 2129 2442 ἐπι-

521 2474 720 2542 στήμη.
759 2468 818 2522 Ἠ
859 2479 982 2542 γοῦν
1039 2470 1281 2535 ἓπίτασις
1335 2479 1422 2527 καὶ
1479 2477 1655 2538 ἄνεσις
1708 2481 1767 2528 τὸ
1823 2485 2125 2554 τιμιὼτερον

516 2555 678 2630 ἔφερε,
747 2559 929 2620 πάντες
995 2555 1055 2612 δὲ
1107 2566 1198 2614 και
1260 2567 1432 2614 πᾶσαι
1486 2563 1871 2636 καλοκαγαθίας
1912 2573 2122 2639 μςσταί.

514 2640 668 2698 Ἔστι
698 2643 759 2699 δὶ
799 2650 1006 2710 τούτοις
1059 2650 1090 2707 ἠ
1150 2655 1391 2704 κοινωνία
1452 2657 1543 2704 καὶ
1595 2657 1730 2706 κατὰ
1775 2662 1962 2729 κρᾶσιν
2019 2655 2123 2710 οἷον

558 2791 616 2845 7.
645 2787 979 2850 Alexander
1005 2791 1254 2864 quidem
1273 2809 1415 2850 cum
1439 2795 1750 2854 Aristotele
1770 2799 2146 2855 communio-

2302 516 2547 587 ὑπῆρχον
2567 524 2747 577 κοινῶς
2798 517 2879 567 ὅτι
2925 511 2984 568 δὲ
3028 520 3118 568 καὶ
3175 525 3269 577 τῆς
3311 522 3616 590 κρείττονος
3666 523 3770 568 καὶ
3823 521 3913 569 5m

2299 612 2394 663 τῆς
2453 609 2741 676 κρείττονος
2825 610 2912 656 καὶ
2980 624 3356 677 φυσικωτερας.
3414 606 3692 679 ’Υποὶρχει
3749 603 3810 658 δε
3855 629 3913 656 1:

2297 697 2434 763 Τίτῳ
2478 693 2815 752 Ἀπολλώνιος
2877 693 3038 765 φίλος,
3099 693 3398 766 Ἰάμϐλιχος
3458 701 3555 747 καὶ
3610 698 3913 766 Πορφὺρεπ

2298 786 2470 854 Νέρων
2524 778 2582 834 δὲ
2657 787 2744 833 καὶ
2797 782 3083 856 αὐλητῆρες
3161 788 3249 834 καὶ
3297 783 3608 856 αὐλητριαι.
3693 790 3800 836 Καὶ
3865 786 3910 836 Ξτ

2295 875 2385 942 μὲν
2411 873 2559 929 καὶὴ
2594 868 2692 922 τῶν
2749 867 2951 946 ἀνδρῶν
3005 871 3284 944 φιλοσοφία
3330 880 3427 934 τῆς
3484 876 3731 944 φύσεως,
3795 883 3913 930 κατι

2297 959 2589 1032 ἐμπνευστὴ
2650 965 2808 1032 τέχνη
2897 969 2991 1023 τῆς
3053 961 3248 1032 φύσεῶς
3295 960 3427 1016 ἐστι.
3491 962 3826 1034 Παρᾶλογον
3879 961 3913 1014 ὃ

2297 1049 2478 1112 ὀλικῶς
2531 1057 2785 1102 κοινωνεῖν
2865 1053 2951 1101 τόν
2999 1051 3258 1124 ἄρχονται
3311 1058 3426 1110 ταῖς
3473 1047 3670 1121 ᾠδαῖς·
3743 1051 3913 1103 illi);

2294 1144 2450 1211 μένης
2509 1141 2612 1214 γὰρ
2675 1146 2826 1191 τοῦτο
2904 1143 2994 1190 καὶ
3051 1138 3452 1210 ἐκτεθηλυμένης
3533 1139 3660 1193 ἐστὶ
3720 1141 3913 1212 ψυχῇ

2297 1227 2474 1299 φίλους
2505 1224 2556 1279 δ’
2587 1231 2727 1300 ἔχειν
2766 1235 2888 1289 τοῦς
2947 1225 3194 1299 βασιλέας
3253 1232 3463 1299 σοφοὺς,
3525 1231 3800 1302 ἄριστον.
3857 1231 3913 1281 ἰιι

2295 1325 2418 1388 γοῦν
2473 1319 2540 1368 τὰ
2623 1314 2824 1390 ἀνδρῶν
2906 1315 3024 1374 τέλη
3100 1321 3228 1392 πρὸς
3302 1320 3368 1369 τὰ
3443 1326 3547 1368 τῶν
3628 1318 3913 1392 αὑλητριᾱι.

2295 1410 2386 1457 καὶ
2435 1405 2760 1478 αὐλητήρων,
2819 1406 2984 1466 οὕτως
3034 1411 3124 1458 καὶ⁵
3185 1401 3334 1458 οὗτοι
3380 1409 3505 1481 πρὸς
3575 1411 3812 1470 ταύτας·
3875 1431 3913 1458 ωε

2300 1490 2358 1546 δὲ
2393 1490 2534 1546 οὖτοι
2564 1500 2694 1569 πρός
2735 1497 2949 1564 ταύτας,
2990 1500 3080 1547 καὶ
3127 1496 3327 1558 Τῖτοςὸ
3384 1505 3485 1547 τῶν
3547 1505 3740 1568 σοφῶν
3797 1499 3913 1569 quis;

2298 1586 2426 1656 πρὸς
2451 1587 2538 1636 τὸν
2561 1587 2989 1656 γυναικωνιτικόν
3046 1588 3272 1657 Νέρωνα.
3327 1584 3410 1646 Ὠς
3467 1586 3582 1657 ἄρα
3638 1586 3914 1657 gulae-osi:

2301 1692 2428 1747 προς
2479 1676 2544 1724 τὰ
2615 1681 2710 1734 τῆς
2765 1681 3027 1746 μουσικῆς
3100 1672 3482 1746 ἀποπτὼματα,
3566 1675 3721 1726 οὕτω
3781 1682 3864 1727 καὶ
3909 1696 3914 1724 ;

2301 1766 2453 1834 σοφός
2491 1769 2644 1823 Τῖτος
2707 1767 2838 1835 πρὸς
2886 1765 2972 1813 τόν
3032 1763 3252 1836 ἄσεμνον
3301 1769 3535 1836 Νέρωνα.
3602 1770 3757 1817 Φασὶ
3809 1785 3913 1816 τινε,

2298 1847 2358 1903 δέ
2409 1871 2535 1904 ποτε
2589 1859 2740 1904 Τῖτον
2814 1849 3060 1916 ἀκοῦσαι,
3145 1847 3303 1904 τούδε
3391 1856 3513 1912 τοὺς
3611 1853 3913 1924 φιλοσοφία...

2297 1941 2549 1992 ἵστασθαι
2599 1944 2718 2011 περὶ
2781 1941 2869 2000 τὰς
2921 1939 3087 2002 πύλας
3133 1938 3290 1991 αὑτοῦ
3345 1943 3506 2002 οὔσας
3568 1940 3914 2014 ἐσαλισμέιπέ

2296 2027 2601 2100 βασιλικῶς,
2654 2034 2742 2080 καὶ
2795 2030 2970 2100 φάναι·
3021 2031 3083 2082 Αἰ
3137 2028 3256 2100 ἐμαὶ
3319 2031 3474 2101 θύραι
3532 2036 3684 2081 πᾶσι
3753 2040 3914 2101 σοφοῖς

2294 2118 2606 2191 ἀνεῳγμέναι
2632 2120 2753 2186 εἰσὶ,
2806 2126 2896 2170 τοῦ
2945 2118 3052 2178 ἑνὸς
3104 2123 3222 2192 περὶ
3272 2127 3369 2169 τῶν
3416 2114 3514 2170 δύο
3580 2119 3769 2171 αὐτῶν
3829 2141 3912 2190 μη-

2290 2211 2540 2270 νύσαντος
2588 2213 2675 2260 καὶ
2761 2207 3000 2260 εἰσελθεῖν
3110 2207 3296 2270 αὐτοὺς
3378 2207 3423 2260 εἰ
3487 2206 3730 2281 ἀρεστὸν
3788 2210 3908 2275 αὐτῲ

2290 2295 2658 2369 ἐρωτήσαντος.
2721 2301 2890 2371 Νέρων
2949 2293 3008 2348 δὲ
3075 2301 3379 2368 στεφόμενος
3433 2293 3681 2358 ἀναιδῶς
3735 2296 3822 2348 ἐπὶ
3864 2317 3904 2347 τ;

2292 2386 2502 2456 θέατρον
2555 2384 2788 2457 ὰσέμνως
2852 2383 3042 2456 θήρη.
3117 2384 3177 2436 Αἰ
3246 2393 3345 2436 τῶν
3425 2384 3550 2435 κατ’
3609 2383 3904 2455 ἐπιστήμῃ

2287 2478 2548 2526 κοινωνίαι
2605 2479 2694 2525 καὶ
2767 2475 2872 2525 οἷον
2951 2479 3320 2545 φυσικώτεραιο
3434 2473 3520 2547 ἄρ’
3622 2469 3719 2526 οὖν
3795 2475 3902 2524 2:51.-

2285 2566 2598 2635 τιμιώτεραι
2617 2568 2707 2614 καὶ
2733 2567 2992 2637 κρείττους
3052 2570 3152 2614 τῶν
3199 2563 3333 2614 κατὰ
3379 2568 3579 2633 κρᾶσιν
3638 2569 3737 2614 καὶ
3797 2563 3897 2613 αλο-

2283 2656 2541 2726 γωτέρων,
2570 2654 2633 2712 ὡς
2653 2656 2742 2703 καὶ
2765 2654 2822 2702 τό
2844 2659 2943 2702 τῶν
2999 2649 3270 2723 ἀρχόντων
3331 2647 3495 2712 ἔδειξε
3524 2651 3704 2712 τέλος.

2258 2793 2597 2861 dissimiles,
2666 2792 3166 2867 quandoquidem
3206 2791 3503 2863 generalis
3545 2793 3817 2849 scientia
3849 2807 3912 2847 es:

488 2892 631 2935 nem
651 2879 980 2950 constituit,
1001 2885 1059 2938 et
1085 2897 1225 2939 cum
1247 2885 1618 2955 Hermogene
1653 2888 1881 2944 Marcus
1909 2905 1923 2955 ;
1957 2888 2144 2944 ambo
2256 2883 2520 2956 qnalitas
2548 2882 2852 2956 quaedam.
2895 2883 3156 2938 lntensio
3180 2897 3321 2952 ergo
3344 2887 3398 2936 et
3419 2882 3715 2938 remissio
3733 2883 3892 2938 effetae

489 2965 670 3036 igitur
693 2972 834 3026 sunt
869 2985 1042 3041 reges
1099 2974 1156 3027 et
1200 2971 1384 3028 ambo
1414 2973 1718 3045 sapientes
1749 2993 1763 3042 ;
1813 2976 1995 3034 ambo
2060 2977 2146 3034 illi
2178 2957 2218 3012 (ἶ
2255 2978 2471 3029 runtut
2498 2972 3117 3044 aliquidpraestantius
3137 2971 3910 3028 exsisteret.0mnesautem

487 3070 660 3128 reges
683 3058 1034 3116 eruditionis
1072 3066 1213 3117 sunt
1249 3061 1505 3118 studiosi
1529 3071 1586 3119 et
1605 3063 1791 3120 ambo
1819 3065 2142 3138 sapientes,

491 3159 564 3202 ac
621 3145 706 3202 illi
758 3147 1003 3219 quidem
1069 3164 1211 3206 cum
1247 3151 1471 3221 quibus
1531 3152 1857 3209 amicitiam
1923 3155 2144 3210 consti-

491 3238 687 3299 tuunt,
727 3236 1060 3293 eruditione
1114 3238 1450 3308 abundant,
1517 3239 1600 3297 ita
1637 3246 1839 3299 tamen
1871 3248 1938 3299 ut
1965 3244 2144 3300 unius

492 3323 747 3380 eruditio
811 3323 892 3380 ab
948 3324 1189 3383 alterius
1233 3327 1567 3385 eruditione
1631 3330 1892 3388 differat.
1959 3335 2146 3389 Nemo

491 3427 632 3468 vero
669 3427 867 3470 errore
904 3413 1190 3486 deceptus
1210 3420 1388 3486 neget
1419 3433 1591 3487 reges
1629 3434 1759 3476 esse
1796 3421 2146 3477 eruditionis

492 3499 814 3559 studiosos.
842 3502 1127 3568 Quamvis
1138 3503 1299 3560 enim
1318 3503 1653 3564 Alexander
1665 3525 1961 3580 supremae
1987 3509 2144 3566 illius

491 3589 911 3664 philosophis,
943 3593 1175 3648 Marcus
1202 3598 1404 3651 autem
1415 3595 1765 3654 eruditionis
1790 3598 1980 3656 multo
2000 3599 2143 3656 infe-

487 3678 664 3736 rioris
685 3680 758 3736 sit
781 3679 1106 3749 studiosus,
1136 3681 1321 3739 ambo
1343 3687 1545 3740 tamen
1569 3685 1886 3744 meliorum
1927 3688 2145 3745 littera-

487 3784 627 3827 rum
651 3772 708 3826 et
731 3769 1084 3843 eloquentiae
1113 3777 1256 3829 sunt
1280 3787 1576 3846 perquam
1595 3775 1866 3833 studiosi.
1900 3777 2144 3834 Addidi-

485 3873 628 3916 mus
652 3859 870 3917 ambos
904 3858 1258 3933 eloquentiae
1323 3877 1566 3936 quoque
1599 3863 1777 3920 fuisse
1816 3865 2136 3923 studiosos.

486 3951 733 4020 Magnos
757 3949 920 4008 enim
936 3956 1088 4008 inea
1113 3967 1467 4024 progressus
1489 3953 1770 4012 fecerant.
1801 3961 1993 4028 Atque
2009 3956 2140 4013 haec

486 4044 576 4097 est
609 4040 898 4097 naturalis
953 4041 1322 4112 communio,
1381 4043 1554 4114 cujus
1582 4043 1918 4102 differentia
1955 4046 2140 4104 habet

485 4130 898 4202 pmstantiam
924 4135 982 4187 et
1009 4129 1421 4187 excellentiam
1441 4147 1517 4188 ex
1542 4133 1876 4191 intensione
1897 4140 1951 4191 et
1969 4135 2141 4192 dissi-

484 4216 836 4275 militudinis
887 4219 1118 4275 ratione
1165 4236 1179 4287 ;
1209 4234 1352 4275 nam
1376 4236 1533 4276 unus
1560 4221 1955 4295 philosophus
1976 4231 2065 4281 est
2083 4230 2142 4282 et

2253 3060 2357 3132 illi,
2405 3067 2462 3118 et
2518 3077 2730 3118 omnes
2793 3061 2907 3116 illas
2966 3060 3224 3116 scientiae
3254 3059 3470 3115 virtute
3540 3069 3606 3116 et
3638 3063 3906 3132 probitate

2256 3150 2589 3208 abundant.
2625 3152 2803 3206 Porro
2824 3149 3155 3204 intercessit
3175 3148 3288 3202 illis
3309 3151 3682 3204 communio
3706 3170 3772 3204 et
3796 3157 3908 3204 tern-

2254 3239 2580 3310 peratione,
2614 3236 3139 3310 quemadmodum
3167 3237 3348 3292 etiam
3387 3253 3463 3293 ex
3502 3243 3763 3302 natura,
3795 3239 3902 3310 quis

2252 3343 2464 3384 omnes
2515 3327 2726 3382 eruditi
2758 3326 3036 3393 fuerunt;
3092 3325 3196 3381 sed
3226 3331 3533 3396 quatenus
3575 3329 3902 3399 temperabo

2249 3417 2491 3473 illorum
2531 3416 2610 3473 ad
2644 3415 3121 3488 prmstantiorem
3150 3415 3556 3471 eruditionem
3603 3416 3899 3473 ferebatur.

2252 3521 2324 3562 eo
2349 3505 2542 3576 magis
2585 3503 2872 3561 naturalis
2920 3503 3050 3559 fuit.
3076 3502 3474 3562 Consimiliter
3495 3505 3674 3561 Titus
3691 3505 3897 3578 Apolla-

2252 3596 2441 3660 nium,
2495 3594 2896 3650 Jamblichum
2956 3597 3015 3649 et
3035 3593 3436 3664 Porphyrium
3478 3596 3746 3665 amavit,
3783 3599 3894 3651 Nam

2251 3699 2394 3739 vero
2425 3682 2694 3738 tibicines
2732 3685 2789 3737 et
2819 3680 3112 3737 tibicinas.
3161 3683 3226 3736 Et
3261 3681 3403 3752 quia
3435 3681 3722 3739 virorum
3745 3684 3895 3755 phil}

2251 3772 2465 3844 sophia
2520 3772 2596 3827 ad
2656 3775 2934 3826 naturam
2988 3769 3256 3836 refertur,
3289 3770 3471 3826 etiam
3517 3786 3630 3827 ars
3673 3773 3890 3828 inﬂant

2252 3861 2428 3917 tibias
2446 3859 2526 3916 ad
2548 3865 2826 3915 naturam
2844 3857 3228 3926 refertur,sed
3247 3858 3361 3914 hoc
3376 3864 3605 3930 praeter
3627 3863 3892 3918 rationem

2249 3956 2315 4006 ut
2339 3950 2666 4021 imperator
2691 3965 2754 4004 se
2777 3953 2968 4003 totum
2998 3946 3308 4003 cantilenis
3331 3948 3554 4014 tradat,
3607 3949 3730 4006 hoc
3768 3951 3893 4006 enim

2247 4038 2516 4094 dissoluti
2539 4035 2940 4093 eteﬂ‘eminati
2972 4041 3060 4092 est
3107 4036 3292 4092 animi
3327 4035 3469 4102 ;sed
3493 4052 3680 4107 reges
3695 4041 3891 4109 sapien-

2248 4130 2374 4182 tum
2430 4127 2694 4182 virorum
2749 4129 3023 4180 amantes
3080 4140 3230 4192 esse,
3283 4139 3378 4179 res
3439 4127 3688 4196 Optima
3740 4124 3889 4182 maxi-

2247 4231 2464 4287 meque
2488 4213 2827 4270 laudabilis.
2857 4214 2925 4269 Ut
2945 4213 3122 4283 igitur
3151 4229 3213 4268 se
3225 4212 3752 4272 habentvirorum
3777 4216 3888 4269 tina

482 4305 686 4401 rhetor
707 4310 766 4401 et
787 4305 1138 4401 omniscius.
1173 4307 1322 4364 alter
1356 4325 1499 4366 vero
1522 4316 1610 4366 est
1635 4311 1836 4368 rhetor
1857 4317 1914 4368 et
1934 4312 2138 4370 multa;
2170 4311 2213 4365 D
2247 4304 2326 4401 ad
2340 4304 2505 4401 ‘ﬁnes
2535 4302 2937 4401 tibic‘inumnet
2955 4301 3378 4401 tibicinarum,
3395 4301 3481 4358 ita
3517 4318 3778 4401 quoque

480 4391 753 4450 lectionis
779 4393 889 4450 vir.
924 4396 1021 4450 Est
1043 4393 1222 4465 igitur
1239 4397 1300 4454 in
1332 4413 1454 4454 uno
1478 4399 1751 4471 intensio,
1784 4403 1928 4473 quia
1948 4401 2136 4474 philo-

483 4480 713 4554 sophia
737 4481 956 4539 multas
986 4488 1204 4555 partes,
1247 4490 1428 4558 atque
1451 4486 1603 4544 adeo
1633 4503 1846 4544 omnes
1878 4489 2060 4546 habet
2079 4496 2138 4547 et

482 4569 664 4643 quasi
689 4575 874 4628 totam
910 4571 1074 4628 illam
1105 4573 1455 4646 qualitatem
1487 4574 1702 4633 induit.
1748 4576 2042 4635 Praiterea
2061 4594 2134 4636 ex

479 4659 711 4716 ratione
725 4659 1224 4718 dissimilitudinis
1241 4661 1571 4720 discrimen
1587 4665 1948 4736 assignatur,
1967 4667 2132 4740 quod

479 4748 820 4806 Aristoteles
834 4765 1047 4806 omnes
1066 4749 1464 4822 philosophite
1486 4757 1683 4823 partes
1694 4769 1916 4826 easque
1936 4756 2130 4812 varias

481 4841 540 4894 et
561 4836 884 4896 dissimiles
906 4837 1086 4894 simul
1107 4836 1382 4894 collectas
1399 4842 1866 4912 comprehensas
1887 4843 2129 4902 habeat.

477 4925 912 4984 AcAlexander
929 4925 1180 4999 quidem
1202 4925 1463 4983 inﬁnitos
1485 4943 1660 4999 pane
1671 4929 1932 4988 famulos
1948 4931 2129 4990 habet

478 5020 642 5072 etest
664 5031 790 5083 rex,
828 5014 1013 5071 habet
1037 5029 1284 5087 quoque
1313 5015 1724 5090 philosophos.
1758 5021 1985 5076 Marcus
2026 5037 2129 5077 au-

476 5106 600 5160 tem
637 5108 726 5162 est
752 5103 1018 5161 similiter
1052 5103 1379 5176 imperator
1404 5111 1460 5162 et
1494 5107 1759 5164 rhetores
1784 5107 1982 5166 habet.
2028 5109 2128 5166 Ille

475 5191 726 5266 quidem
753 5191 1126 5250 Aristotelem
1157 5197 1340 5265 amat,
1389 5193 1485 5252 hic
1506 5211 1650 5254 vero
1666 5199 2125 5268 Hermogenem.

475 5282 628 5344 Sunt
671 5281 854 5351 igitur
896 5297 1108 5338 omnes
1143 5281 1206 5338 hi
1235 5281 1388 5339 inter
1425 5299 1492 5340 se
1536 5284 1730 5357 probi.
1765 5285 1926 5342 Valet
1945 5287 2125 5344 etiam

471 5371 806 5443 propositio
821 5371 883 5426 in
907 5370 1003 5427 his
1024 5369 1372 5443 plurimum.
1397 5373 1466 5428 Ut
1484 5373 1642 5429 enim
1658 5373 2040 5448 philosophia
2061 5392 2124 5433 se

471 5457 656 5516 habet
685 5458 765 5514 ad
793 5464 984 5515 artem
1023 5458 1284 5527 dicendi,
1340 5460 1423 5516 ita
1465 5477 1530 5518 se
1575 5463 1760 5520 habet
1785 5464 2122 5521 Aristoteles

472 5544 554 5602 ad
592 5547 1028 5614 Hermogenem
1064 5551 1121 5603 et
1182 5546 1517 5606 Alexander
1565 5550 1645 5607 ad
1683 5553 1965 5611 Marcum.
2025 5554 2123 5609 Est

468 5631 649 5704 igitur
684 5632 1024 5693 differentia
1057 5649 1184 5692 non
1199 5635 1366 5709 quod
1387 5635 1519 5700 alim
1539 5638 1657 5702 sint
1681 5640 1968 5714 rationes,
2009 5641 2119 5702 sed

2244 4395 2356 4451 viri
2383 4410 2445 4450 se
2461 4391 2786 4491 habentnad
2825 4391 3096 4489 tibicines
3127 4396 3184 4447 et
3223 4391 3505 4491 tibicinas
3539 4400 3663 4491 ;.et
3723 4401 3782 4448 ut
3804 4391 3883 4491 viii

2243 4501 2308 4540 se
2333 4483 2557 4540 habent
2580 4481 2659 4537 ad
2679 4480 2828 4579 ﬁnes
2855 4495 3018 4579 suos,
3053 4480 3145 4579 ita
3185 4480 3366 4579 etiam
3405 4497 3471 4536 se
3491 4481 3735 4579 habent
3759 4483 3881 4579 Τίτε

2243 4573 2582 4645 sapientum
2607 4570 2911 4626 studiosus
2928 4568 3007 4624 ad
3031 4568 3393 4624 dissolutum
3411 4575 3470 4625 et
3485 4569 3879 4669 eﬂeminatq

2242 4667 2533 4720 Neronem
2571 4680 2584 4730 ;
2615 4667 2673 4716 et
2699 4665 2761 4716 ut
2787 4659 3173 4733 philosophia
3209 4675 3272 4716 se
3301 4659 3486 4716 habet
3515 4661 3607 4716 ad
3652 4664 3868 4734 musica

2241 4751 2620 4825 quisquilias.
2672 4749 2754 4805 ita
2799 4748 2979 4804 etiam
3025 4747 3264 4820 sapiens
3307 4748 3468 4804 Titus
3494 4765 3562 4805 se
3605 4750 3790 4808 habet

2239 4837 2593 4895 illaudatum
2617 4840 2914 4893 Nerorem.
2938 4839 3115 4893 Porro
3137 4853 3277 4893 cum
3309 4838 3736 4896 renuntiatum
3761 4856 3834 4896 ess

2240 4927 2370 4983 Tito
2387 4925 2779 4999 philosophos
2796 4925 2926 4982 illos
2951 4943 3060 4999 pro
3080 4925 3308 4982 foribus
3331 4931 3487 4982 stare
3518 4929 3724 4996 (erant
3751 4929 3825 4984 eui

2236 5015 2394 5072 fores
2428 5015 2590 5086 regio
2613 5029 2777 5070 more
2799 5014 3055 5070 occlusae
3083 5020 3141 5070 et
3171 5013 3490 5085 obserata)
3510 5018 3628 5072 uni
3644 5013 3869 5088 philusei

2234 5105 2496 5177 phorum
2542 5103 2780 5160 illorum
2811 5103 3117 5173 indicanti,
3151 5109 3216 5158 ut
3237 5103 3288 5158 si
3315 5101 3588 5174 placeret
3624 5105 3842 5162 inti-orni

2236 5197 2514 5258 terentur,
2546 5192 2739 5248 Titum
2796 5191 3183 5264 respondisse
3235 5191 3562 5264 perhibent
3602 5195 3836 5267 quidam

2231 5281 2387 5349 volo,
2418 5281 2605 5354 inqui,
2628 5297 2796 5336 meas
2837 5279 2995 5336 fores
3042 5279 3329 5336 omnibus
3354 5279 3750 5355 philosophis

2231 5375 2456 5443 aperta.
2497 5375 2567 5425 At
2607 5371 2757 5425 Nero
2804 5367 3187 5441 impudenter
3235 5383 3460 5424 corona
3483 5363 3852 5443 redimitusij

2229 5463 2554 5532 conspectu
2571 5459 2777 5515 theatri
2793 5457 3037 5530 turpiter
3051 5456 3299 5514 saltavit.
3317 5464 3534 5514 Annon
3551 5459 3735 5530 igitur
3751 5456 3856 5532 mea

2227 5550 2548 5607 muniones
2563 5565 2700 5621 qua:
2731 5564 2803 5604 ex
2816 5547 3061 5604 scientia
3082 5547 3380 5604 exsistunt
3400 5549 3612 5618 magis
3629 5558 3768 5607 sunt
3791 5543 3857 5621 mi

2227 5603 2770 5712 ﬁrmes—multoque
2792 5637 3023 5709 majore
3033 5635 3098 5692 in
3107 5635 3299 5709 pretio
3309 5603 3610 5696 habendo

3773 5153 3867 5329 Ξ

3802 5329 3863 5563 ἓ
