3932 6326
35 348 154 403 135⁸7

882 342 1238 398 THEODORI
1278 343 1326 396 ll
1361 343 1496 398 1MP.
1540 337 1635 394 DE
1665 339 2126 398 .COMMUNIONE
2165 339 2533 397 NATURALI.

3285 343 3425 398 1358

117 468 176 526 η’.
203 473 269 522 Τό
434 465 521 520 οὖν
553 469 706 539 φύσει
757 466 836 520 ἀεὶ
895 475 988 520 τοῦ
1055 470 1194 520 Θίσει
1257 471 1350 519 καὶ
1403 473 1632 538 κρεῖττον
1687 468 1740 520 Α,
1795 465 2079 537 καταλήγει
2105 471 2164 518 τό
2209 469 2397 519 τούτου
2422 462 2712 538 σπούδσμα
2745 488 2756 499 ·
2780 472 2912 539 τιμᾷ
2969 463 3028 519 δὲ
3067 465 3092 518 ὁ
3139 470 3228 539 μὲν
3276 471 3396 530 τοὺς

47 562 133 610 καὶ
183 576 507 632 τιμιώτερον,
579 556 624 608 εἰ
673 561 744 629 μή
792 575 874 617 τις
933 555 1342 628 παραλογίζεται
1388 556 1454 606 τά
1503 555 1633 626 προξ-

49 667 237 718 γματα,
266 651 355 699 καὶ
399 650 574 718 γένους
627 647 656 704 ἡ
725 641 977 717 πατρίδος
1038 644 1070 702 ἣ
1136 649 1366 703 τεκόντος
1410 643 1636 713 εὐγενείᾳ

52 735 368 808 ἀπατώμενος
415 734 742 808 παραλόγους
795 741 934 787 ποιεῖ
1000 735 1091 794 τας
1134 737 1400 792 κοινωνίας
1453 731 1634 786 αὐτοῦ.

53 832 187 879 Πᾶσι
251 827 352 898 γάρ
415 832 522 884 τοῖς
579 831 758 896 σοφοῖς
807 829 896 875 καὶ
935 830 1042 883 τοῖς
1088 830 1252 894 σοφῶς
1315 823 1636 896 πράττουσιν

51 913 223 985 ἀρεταὶ
284 919 374 966 καὶ
439 912 551 985 βίος
633 911 972 978 ἕλετάξονται,
1031 913 1062 970 ἡ
1123 909 1321 971 ἀληθὴς
1382 914 1468 962 καὶ
1527 911 1640 961 θεία

50 999 454 1072 εὐγένεια.“ι’άδ³
477 1002 607 1053 ἄλλα
634 1003 770 1054 θέσει
817 1006 908 1053 καὶ
954 999 1129 1074 πόρῥω
1166 1008 1257 1051 τοὺ
1317 1002 1466 1072 φύσει
1515 1003 1640 1049 ὄντα

49 1096 516 1166 παραθεωροῦνται.
536 1088 864 1144 Διδάσκουσι
882 1093 986 1164 γάρ
1011 1095 1102 1142 καὶ
1123 1092 1172 1143 οἱ
1193 1093 1308 1149 τοὺς
1330 1088 1533 1160 ἀγῶκας
1548 1092 1639 1139 καὶ

49 1184 112 1234 τά
137 1181 358 1257 βραδεῖα
385 1188 654 1242 ποιοῦντες
681 1184 770 1231 καὶ
798 1175 1033 1239 διδόντες
1062 1183 1156 1236 τὴν
1185 1183 1355 1247 νικὴν,
1383 1182 1472 1230 καὶ
1497 1178 1544 1229 οἱ
1573 1178 1642 1228 τά

53 1276 322 1342 συμπόσια
339 1270 598 1330 τελοῦντες
617 1288 712 1326 την
740 1287 907 1324 νικην.
949 1265 1070 1319 Ὀτι
1097 1270 1186 1339 μὲν
1216 1262 1303 1318 οὖν
1329 1267 1425 1318 οὐκ,
1441 1266 1550 1318 ἴσοι
1567 1272 1640 1335 τῷ

51 1364 180 1430 γένει
208 1363 252 1411 εἰ
271 1379 325 1412 τε
347 1361 398 1411 οἱ
419 1357 692 1418 ἀθλοῦντές
715 1358 868 1427 εἰσιν,
893 1359 989 1408 εἴτε
1004 1355 1054 1407 οἰ
1073 1351 1602 1429 πίνοντες,πρόδηλον
1623 1374 1636 1386 ·

55 1447 160 1501 ἶσοι
186 1445 245 1501 δὴ
273 1455 334 1520 τῇ
362 1455 514 1519 τιμῇ,
537 1448 672 1499 ὥστε
695 1441 868 1505 οὐδεὶς
890 1443 950 1495 ἆν
969 1443 1206 1514 λήψηται
1223 1447 1282 1495 τό
1303 1447 1480 1515 γέρας,
1503 1442 1547 1495 εἰ
1567 1446 1638 1515 μὴ

51 1540 76 1590 ό
103 1542 328 1596 νικήσων
358 1541 444 1588 καὶ
481 1541 632 1608 μόνος
669 1535 804 1586 κατά
832 1551 884 1585 τε
930 1534 998 1585 τά
1045 1527 1178 1585 ἆθλα
1214 1537 1304 1584 καὶ
1342 1535 1430 1584 τόν
1463 1536 1639 1586 πότον.

55 1630 301 1687 Κοινωνός·
330 1622 390 1679 δί
416 1634 516 1678 τῶν
540 1623 829 1677 ἀθλούντων
856 1624 882 1675 ό
908 1630 1206 1696 κορυφαῖος,
1236 1626 1328 1674 καὶ
1353 1630 1452 1673 τῶν
1476 1625 1645 1674 πινόν-

48 1737 148 1768 των
177 1718 202 1768 ό
233 1715 400 1768 αὐτῶν
443 1717 642 1789 ἔφορος,
679 1715 745 1773 ὡς
777 1715 957 1787 ἔφορος
985 1716 1074 1764 καὶ
1107 1713 1210 1782 γάρ
1257 1713 1452 1763 τούτων
1481 1709 1642 1763 ἐστίν.

46 1805 166 1881 Ἆρ’
190 1802 276 1858 οὖν
297 1805 518 1857 ἐνταυθα
569 1807 656 1854 καὶ
711 1802 902 1876 κροὶσις
941 1819 998 1854 τε
1032 1819 1124 1852 και
1163 1796 1405 1869 παιδεία,
1455 1803 1546 1851 καὶ
1586 1797 1646 1850 οὗ
1701 1815 1744 1870 Β

42 1899 132 1968 μὲν
159 1894 541 1968 φυσικωτέραὴ
573 1896 714 1958 νίκη,
746 1890 806 1943 οὗ
862 1887 922 1942 δὲ
977 1891 1114 1943 θέσει
1160 1894 1251 1942 καὶ
1287 1893 1460 1962 μόνον.
1520 1895 1650 1949 Ταῖς

43 1984 353 2057 ἀμφοτέραις
392 1979 453 2036 δὲ
477 1985 670 2054 κρᾶσίς
729 1979 861 2047 ἔστι,
916 1983 1007 2032 καὶ
1045 1986 1108 2051 τῇ
1305 1980 1434 2051 μέθη
1491 1975 1644 2051 τριϐὴ

46 2073 455 2145 ἀλογωτάτη,τῇ
485 2067 545 2124 δί
575 2069 794 2128 ἀθλήσει
830 2065 1054 2122 παιδεία
1095 2087 1176 2130 τις
1199 2088 1213 2101 ο
1245 2070 1400 2140 φύσιν
1443 2069 1541 2140 γάρ
1589 2069 1649 2118 τὸ

48 2163 202 2216 αθλον
260 2168 519 2215 συνιστῶν
563 2159 1001 2232 φιλοτιμούρενος,
1059 2164 1211 2209 τοῦτο
1263 2161 1576 2213 συνίστησιν
1633 2172 1645 2182 ·

49 2252 156 2306 ἕκιῖ
178 2253 280 2326 γάρ
313 2253 498 2323 μάχης
534 2251 680 2322 ἔργα,
715 2245 926 2313 δίσκος,
967 2243 1200 2317 δίαυλος,
1262 2249 1470 2317 πυγμὴ,
1510 2244 1647 2302 πάλη

49 2347 143 2395 καὶ
181 2340 342 2407 ἅλμα,
380 2343 623 2413 γρήσιμα
668 2339 858 2403 πάντα,
905 2336 1140 2406 πολιτείᾳ
1184 2339 1274 2386 καὶ
1333 2339 1518 2406 κόσμῳ
1562 2339 1654 2386 καὶ

55 2429 168 2504 βίῳ
239 2427 489 2501 ὠφέλιμα,
544 2424 639 2478 κᾶν
696 2427 775 2483 εἴη
829 2423 887 2477 ἐκ
939 2432 1039 2476 τῶν
1086 2425 1334 2476 τοιούτων
1384 2442 1462 2483 τις
1511 2423 1654 2493 αὐτῷ

50 2517 326 2579 videtin
357 2514 416 2571 δὲ
462 2511 909 2588 Σαρδαναπάλειος
955 2517 1046 2566 καὶ
1096 2515 1434 2574 Διονυσιακὰς
1483 2512 1658 2586 ἔφορος

50 2615 208 2681 μόνον
257 2612 352 2666 τὴν
407 2605 595 2678 ἄλογον
652 2600 848 2662 ἡδονὴν
905 2601 1127 2675 βλέπων,
1192 2602 1262 2664 εἰς
1314 2597 1465 2655 οὐδὲν
1516 2601 1658 2664 τέλος

35 2819 167 2871 sunt
194 2809 639 2886 prastantiores
660 2805 1308 2864 communicationibus
1328 2805 1440 2860 illis
1457 2821 1591 2878 quae
1608 2822 1680 2862 ex

35 2901 476 2975 emperatione,
505 2914 628 2955 non
655 2913 728 2954 ex
751 2896 982 2953 ratione
1019 2897 1332 2960 exsistunt,
1380 2900 1445 2953 ut
1498 2897 1680 2952 etiam

35 2995 290 3050 lucrum
315 2989 552 3046 illorum
583 2987 1013 3058 imperatorum
1033 2984 1186 3040 ﬁnes
1203 2985 1528 3042 ostendunt
1548 2985 1576 3040 ‘2

92 3087 148 3138 8.
173 3077 350 3146 Quod
369 3077 549 3148 igitur
562 3080 780 3167 natura
795 3077 1027 3167 constat
1048 3089 1275 3145 semper
1289 3079 1378 3129 est
1404 3078 1682 3167 prastan-
1716 3113 1756 3167 Β

35 3173 138 3228 ius
149 3175 206 3225 et
217 3167 462 3237 dignius
476 3181 546 3220 eo
557 3165 722 3236 quod
736 3163 1026 3235 positione
1039 3162 1410 3222 constat.nisi
1432 3161 1578 3218 forte
1590 3162 1684 3218 ali-

35 3260 160 3333 luis
175 3258 382 3313 fucum
396 3255 577 3310 rebus
588 3252 784 3309 facere
795 3250 932 3308 velit
945 3257 1000 3306 et
1019 3251 1272 3321 generis,
1288 3251 1495 3324 patria
1509 3256 1566 3306 et
1578 3266 1684 3323 pa-

35 3353 268 3404 -entum
278 3342 582 3400 nobilitate
593 3341 1118 3412 deceptas,prater
1129 3340 1414 3395 rationem
1425 3355 1688 3396 commu-

35 3438 230 3494 iicare
253 3433 443 3490 soleat
465 3451 479 3500 ;
512 3445 657 3486 nam
670 3430 910 3485 virtutes
929 3433 986 3484 et
1009 3429 1130 3484 vita
1141 3427 1392 3484 honesta
1405 3429 1688 3484 omnibus

35 3523 408 3598 iapientibus
425 3527 484 3577 et
506 3519 803 3592 sapienter
820 3516 1139 3588 agentibus
1155 3517 1456 3573 habentur
1479 3522 1536 3573 et
1552 3521 1689 3572 sunt

35 3631 168 3672 tera
197 3629 274 3669 ac
295 3610 500 3668 divina
519 3607 820 3665 nobilitas.
837 3605 964 3663 Alia
984 3621 1126 3661 vero
1147 3605 1352 3662 omnia
1379 3605 1689 3676 negligun-

35 3721 119 3760 .ur
150 3699 549 3775 sapientibus,
575 3695 862 3768 nulloque
889 3695 951 3750 in
981 3694 1169 3767 pretio
1198 3694 1517 3762 habentur,
1551 3710 1688 3766 qua

35 3791 324 3849 nimirum
347 3787 639 3860 positione
665 3788 962 3849 constant,
986 3788 1043 3839 et
1069 3783 1148 3839 ab
1178 3798 1249 3839 eo
1277 3782 1444 3855 quod
1474 3789 1690 3838 natura

35 3883 273 3938 :onstat
290 3875 638 3946 longissime
653 3873 876 3930 distant
891 3889 906 3940 ;
923 3887 1068 3928 nam
1082 3871 1188 3943 qui
1208 3871 1535 3928 certamina
1551 3886 1686 3927 con-

35 3972 286 4028 itituunt
312 3970 368 4023 et
390 3963 642 4038 pramia
671 3966 1016 4033 proponunt
1051 3961 1271 4017 docent
1294 3960 1604 4017 victoriam
1633 3964 1692 4016 et

35 4060 120 4134 [ui
143 4059 214 4114 in
237 4053 530 4112 conviviis
554 4050 822 4124 potando
838 4054 1066 4106 certant
1088 4049 1402 4106 victoriam
1423 4049 1534 4105 sibi
1551 4064 1688 4120 pro-

35 4148 290 4205 mnunt.
312 4139 480 4208 Quod
501 4144 703 4196 autem
733 4153 856 4194 non
879 4137 997 4193 sint
1024 4151 1240 4208 genere
1266 4135 1532 4209 aquales
1563 4142 1689 4192 tum

35 4230 471 4293 ixercitationis
492 4243 678 4285 causa
706 4230 1018 4298 certantes,
1048 4232 1176 4282 tum
1207 4225 1384 4282 etiam
1417 4230 1690 4298 potantes

35 4331 174 4382 nter
193 4334 417 4378 omnes
434 4320 667 4374 constat
683 4333 696 4370 :
711 4315 819 4372 sed
835 4314 1098 4386 aquales
1117 4318 1256 4370 sunt
1267 4315 1517 4386 pramio
1528 4311 1690 4386 quod

35 4412 236 4472 tullus
258 4397 578 4481 praemium
607 4403 884 4476 accipiat,
915 4403 1030 4458 nisi
1059 4402 1224 4459 solus
1253 4402 1348 4458 ille
1377 4403 1482 4476 qui
1512 4403 1696 4458 victor

35 4503 203 4561 uerit
235 4498 360 4556 sive
376 4497 437 4552 in
454 4493 880 4552 certaminibus
911 4492 1036 4549 sive
1049 4492 1112 4547 in
1127 4489 1692 4563 compotationibus.

35 4593 178 4650 tein
196 4583 633 4645 certaminibus
652 4582 900 4655 quidem
919 4580 1306 4654 quiprinceps
1325 4586 1414 4636 est
1429 4595 1700 4641 commu.

35 4685 282 4742 tionem
293 4675 543 4733 instituti
564 4689 704 4729 cum
715 4671 1080 4728 certantibus
1109 4670 1214 4727 init
1226 4676 1431 4726 etcum
1443 4670 1698 4742 potanti-

35 4789 132 4829 ius
144 4770 434 4842 ipsorum
446 4777 671 4836 prascs
686 4780 701 4832 ;
717 4777 859 4817 nam
874 4759 1112 4816 illorum
1124 4760 1402 4832 princeps
1414 4763 1501 4814 est
1518 4760 1697 4816 utho-

37 4877 155 4919 um
173 4870 428 4931 prases.
451 4856 668 4908 Annon
687 4850 867 4920 igitur
890 4849 986 4906 hic
1008 4854 1093 4905 est
1113 4848 1463 4921 temperatio
1488 4854 1544 4903 et
1567 4863 1695 4904 eru-

35 4951 164 5008 litio
176 4949 210 5005 ?
223 4948 432 5015 thuo
445 4940 639 5013 magis
651 4939 730 4996 ad
743 4943 1020 4995 naturam
1033 4937 1262 4994 accedit
1288 4938 1349 4993 in
1363 4935 1688 4993 certamini-

35 5057 130 5098 .us
145 5033 413 5095 victoria
422 5047 494 5088 eo
504 5029 902 5103 praestantior.
912 5029 955 5094 Ο
965 5044 1040 5083 uo
1055 5033 1257 5084 autem
1269 5027 1461 5097 magis
1475 5025 1694 5082 consti-

35 5129 258 5190 utione
287 5126 523 5178 constat
549 5118 654 5175 illa
679 5118 740 5174 in
771 5116 1318 5190 compotationibus
1355 5114 1596 5172 victoria
1622 5129 1694 5170 eo

35 5212 375 5292 gnobilior.
393 5212 572 5264 Porro
582 5207 644 5263 in
655 5205 957 5264 ambabus
969 5204 1231 5261 victoriis
1241 5204 1394 5260 inest
1406 5208 1522 5259 tem
1530 5218 1695 5274 pera-

35 5310 90 5366 ἑο
125 5323 142 5373 ;
180 5319 264 5361 ac
295 5299 356 5355 in
383 5296 733 5355 temulentia
753 5299 989 5366 tempus
1011 5299 1222 5368 prater
1251 5309 1494 5350 omnem
1517 5292 1692 5348 ratio-

35 5412 157 5453 nem
180 5387 464 5465 ponitur,
483 5385 546 5441 in
565 5383 991 5441 certaminibus
1004 5398 1146 5439 vero
1162 5387 1251 5438 est
1264 5379 1549 5455 quadam
1565 5395 1692 5436 eru-

35 5484 363 5544 Litiomam
377 5474 482 5547 qui
497 5473 818 5547 praemium
832 5471 1174 5528 certaminis
1192 5469 1499 5526 constituit
1523 5474 1692 5526 natu-

36 5574 124 5632 ali
149 5575 215 5627 et
239 5562 543 5624 laudabili
572 5560 770 5618 studio
800 5560 1038 5627 ductus,
1069 5559 1216 5616 illud
1254 5558 1580 5616 constituit.
1609 5557 1694 5614 lbi

35 5663 192 5728 inim
218 5657 424 5722 disco,
454 5667 658 5720 cursu,
682 5665 893 5725 pugna
915 5654 974 5707 et
998 5650 1160 5708 lucta
1187 5665 1401 5707 omnes
1430 5662 1703 5706 exercen-

1796 552 2096 620 ἀθλοῦντας,
2121 553 2228 606 όδὲ
2266 559 2381 615 τοὺς
2428 559 2681 615 πίνοντας.
2737 559 2794 607 τό
2847 559 2936 628 μὲν
2975 564 3176 628 πρῶτον
3235 576 3396 628 φυσι-

1795 648 2038 715 κώτερον,
2105 648 2163 695 τό
2223 640 2272 695 δ’
2317 643 2540 695 ὕστατον
2589 642 2879 716 ἀτιμόττον.
2931 645 3041 695 Οὐκ
3104 647 3244 697 ἔστιν
3296 648 3399 719 ἄρα

1797 740 1888 782 τοῦ
1936 733 2072 784 θέσει
2117 736 2172 784 τό
2239 734 2392 804 φύσει
2448 739 2726 807 κρεῖττον;
2770 737 2872 785 Καὶ
2923 737 3046 802 μὴν,
3105 740 3202 794 πᾶς
3255 737 3397 807 εἴπῃ,

1799 823 1912 892 ἔχει
1953 824 2052 894 γάρ
2099 821 2290 878 πολλὴν
2359 826 2452 879 τὴν
2528 820 2792 878 ἀλήθειαν.
2851 822 2970 873 Εἰσὶ
3025 817 3084 873 δὲ
3137 827 3225 874 καὶ
3270 822 3400 874 ἄλλα

1795 912 1932 970 τινά,
1963 919 2070 971 πῶς
2105 914 2194 982 μὲν
2226 909 2505 981 ἐξεχόμενα
2535 913 2752 979 τούτων,
2789 918 2902 971 πῶς
2943 907 3002 963 δὲ
3064 908 3395 986 διαφέροντα,

1799 1003 2088 1071 πρατῦγία
2132 1020 2145 1032 θ
2178 1002 2308 1071 μετά
2353 996 2410 1051 δὲ
2477 999 2704 1072 ἰατρικὴ,
2753 1000 3111 1074 φιλάνθρωπος
3160 1004 3260 1073 γάρ
3309 1006 3398 1054 καὶ

1798 1089 1945 1153 αὐρό,
1996 1093 2149 1146 Κοινὴ
2208 1085 2266 1139 δὲ
2313 1093 2594 1160 γεωργικὴ.
2659 1094 2758 1142 Καὶ
2801 1095 2894 1147 τὴν
2946 1094 3036 1162 μεν
3083 1095 3397 1164 γεωργικὴν,

1798 1178 1844 1230 εἰ
1865 1179 2000 1229 κατά
2028 1181 2149 1238 τοὺς
2171 1176 2375 1238 ἀληθεῖς
2403 1197 2483 1238 τις
2524 1173 2614 1248 ἴδῃ
2666 1176 2873 1247 λόγους,
2941 1183 3136 1250 μεστὴν
3192 1181 3406 1254 εὑρήσει

1799 1263 2168 1327 παιδείας.Μή
2201 1270 2385 1318 σκόπει
2450 1262 2510 1318 δὲ
2563 1268 2642 1317 ὅτι
2687 1266 2783 1318 οὐκ
2831 1263 2943 1320 οἶδε
2985 1271 3103 1329 τοὺς
3155 1267 3342 1340 λόγους
3373 1271 3400 1320 ό

1799 1359 2046 1428 γεωργὸς,
2227 1359 2408 1406 σκόπει
2439 1359 2519 1406 ὅτι
2550 1357 2687 1406 κατά
2709 1354 2857 1426 λόγον
2906 1355 2936 1414 η
2990 1361 3150 1429 τέχνη
3182 1363 3400 1429 γίνεται.

1799 1444 2000 1518 Ὠσπερ
2066 1445 2167 1518 γάρ
2221 1463 2310 1495 και
2361 1443 2703 1518 κυϐερνητικὴ
2777 1444 2832 1496 ἐϐ
2882 1453 2974 1506 τῆς
3030 1452 3244 1519 πρώτης
3289 1450 3403 1519 ἔχει

1802 1537 1868 1587 τά
1947 1542 2160 1606 σημεῖα,

1803 1621 2149 1697 κυδερνὴτης,
2207 1624 2368 1684 οὕτως
2415 1629 2506 1676 καὶ
2558 1626 2582 1676 ό
2638 1628 2881 1697 γεωργὸς,
2949 1625 3004 1676 ἐκ
3054 1633 3150 1688 τῆς
3191 1632 3406 1700 πρὼτης

1806 1715 1943 1786 ἔχων
1995 1715 2089 1774 τὰς
2152 1715 2221 1774 ὡς
2278 1712 2415 1773 εἰκός
2461 1712 2677 1787 πράξεις
2727 1709 3132 1786 δεδιδαγμένος,
3193 1719 3408 1791 πράττει

1806 1807 1878 1876 μὴ
1950 1803 2202 1866 ἐξετάζων
2262 1823 2274 1835 ·
2333 1799 2825 1875 ἀποδεικτικοίςγὰρ
2898 1803 3074 1875 λόγοις
3137 1810 3228 1858 καὶ
3285 1805 3407 1858 ἀνα-

1805 1901 2008 1963 γκαίοις
2037 1893 2067 1949 ἡ
2101 1896 2279 1964 πρώτη
2324 1891 2512 1953 συνῆξε
2535 1894 2731 1950 ταύτην
2784 1897 2877 1952 τὴν
2921 1897 3134 1964 τέχνην.
3193 1891 3405 1954 Ἐπειδή

1807 1985 1867 2034 τό
1916 1980 2113 2040 πλῆθος
2193 1980 2354 2038 αὐτὴν
2411 1979 2726 2052 ἐργάζεσθαι
2771 1981 2969 2053 ἔμελλεν
3023 1983 3411 2056 ὁμολογούμενα

1811 2067 1870 2123 δε
1889 2090 2005 2122 τινα
2035 2066 2280 2142 δόγματα
2306 2065 2625 2142 παραδοῦσα
2670 2077 2774 2130 τοῖς
2815 2076 3063 2144 πρώτοις,
3121 2076 3246 2145 πρὸς
3294 2078 3411 2135 τοὺς

2238 1533 2332 1586 οὐκ
2407 1531 2520 1587 οἶδε
2577 1531 2636 1586 δὲ
2690 1534 2824 1595 ὃπως
2873 1540 3097 1606 γίνοιντο
3133 1545 3334 1590 ταῦῦτα
3375 1540 3402 1590 ὁ

1810 2158 1989 2232 ἐφεξῆς
2033 2166 2201 2210 ταῦτα
2271 2153 2648 2230 μεταδίδονται
2711 2159 2848 2233 ἄχρι
2902 2166 2991 2210 νῦν
3041 2158 3411 2223 ἀϐασανίστως

1808 2253 1899 2300 καὶ
1929 2246 2297 2310 ἀνοξετάστως.
2338 2253 2608 2320 Μαρτυρεῖ
2638 2242 2697 2299 δὲ
2726 2251 2816 2300 καὶ
2871 2248 2897 2299 ό
2951 2252 3169 2308 ποιητὴς
3235 2249 3410 2303 Ἠσίο-

1813 2333 1928 2405 δος,
1959 2338 2040 2388 ὅτι
2069 2355 2160 2409 περ
2216 2343 2310 2396 τῆς
2354 2339 2567 2407 πρώτης
2618 2335 2647 2392 ἠ
2707 2336 2961 2408 θεωργική
3016 2333 3156 2388 ἐστιν
3205 2339 3269 2398 ὡς
3319 2342 3410 2391 καὶ

1813 2431 1984 2478 πᾶσαι
2034 2445 2048 2458 ·
2090 2423 2317 2487 ἐξετάζει
2373 2425 2475 2497 γὰρ
2532 2428 2622 2476 καὶ
2673 2427 2888 2498 καιροὺς
2938 2429 3029 2476 καὶ
3075 2429 3268 2488 τόπους
3321 2431 3413 2480 καὶ

1812 2513 1995 2584 λόγους
2023 2518 2112 2566 καὶ
2163 2514 2466 2586 πράγματα,
2517 2517 2607 2564 καὶ
2649 2511 2894 2575 ἐξετάσας
2951 2513 3055 2566 οἷον
3112 2511 3414 2589 παράδοσίν

1817 2623 1934 2655 τινα
2005 2610 2233 2655 ποιεῖται
2301 2601 2682 2674 εὐγενεστέραν.
2761 2606 2863 2654 Καὶ
2937 2609 3092 2654 τοῦτο
3163 2599 3258 2656 διὰ
3319 2607 3414 2661 τὴν

1788 2812 1883 2864 tur
1899 2811 1952 2862 et
1975 2806 2032 2862 in
2061 2805 2193 2861 aliis
2222 2804 2402 2860 rebus
2438 2803 2782 2876 reipublica
2812 2805 3044 2862 mundo
3090 2812 3270 2879 atque
3306 2807 3442 2864 vita

1787 2895 2034 2952 utilibus
2052 2911 2124 2950 ex
2143 2893 2366 2966 quibus
2382 2892 2660 2964 voluptas
2679 2894 2932 2951 honesta
2945 2895 3231 2966 quadam
3260 2897 3445 2953 exsis-

1790 2985 1872 3040 tit.
1906 2989 1977 3039 At
2011 2998 2231 3054 prases
2255 2981 2350 3037 ille
2391 2981 2864 3052 Sardanapalius
2891 2988 2948 3037 et
2979 2983 3296 3039 Bacchicus
3339 3001 3446 3042 vo-

1788 3073 2066 3145 luptatem
2080 3069 2326 3127 rationis
2339 3074 2631 3140 expertem
2645 3069 2940 3126 duntaxat
2949 3070 3062 3126 sibi
3073 3086 3439 3144 proponens,

1790 3163 1867 3218 ad
1898 3160 2131 3216 nullum
2149 3159 2330 3214 ﬁnem
2349 3158 2675 3214 honestum
2694 3157 3133 3215 etlaudabilem
3151 3162 3443 3232 pervenit.

1791 3258 1872 3306 Ac
1893 3248 1988 3304 ille
2017 3247 2262 3320 quidem
2293 3252 2583 3302 certantes
2619 3246 2850 3302 honore
2905 3246 3106 3316 afﬁcit,
3165 3249 3264 3305 hic
3303 3265 3446 3306 vero

1793 3345 2090 3412 potantes.
2113 3341 2180 3394 Et
2212 3336 2356 3392 illud
2383 3336 2631 3408 quidem
2679 3337 2876 3406 magis
2917 3337 2997 3394 ad
3038 3345 3321 3396 naturam
3344 3355 3442 3396 ac-

1793 3428 1944 3495 cedi,
1976 3426 2136 3482 istud
2152 3442 2289 3482 vero
2315 3431 2683 3497 postremum
2710 3427 3248 3498 estturpissimum.
3281 3431 3445 3484 Nun-

1792 3517 1938 3590 quid
1985 3516 2163 3586 igitur
2239 3515 2406 3588 quod
2464 3520 2680 3572 natura
2735 3522 2966 3572 constat
3030 3522 3117 3574 est
3165 3525 3448 3590 praestan-

1795 3608 1910 3662 tius
1941 3622 2012 3661 eo
2041 3603 2203 3677 quod
2229 3605 2521 3676 positione
2541 3604 2568 3659 ?
2599 3608 2763 3662 Certe
2785 3605 3176 3678 compellente
3203 3608 3447 3664 veritate

1793 3695 2040 3768 quilibet
2092 3693 2391 3750 fatebitur.
2451 3696 2599 3750 Sunt
2645 3700 2848 3750 autem
2893 3697 3074 3752 etiam
3120 3696 3240 3752 alia
3285 3713 3447 3770 qua-

1795 3785 1938 3840 dam
1968 3783 2359 3855 qua‘partim
2387 3798 2526 3838 cum
2555 3782 2647 3838 his
2706 3783 3023 3850 coharent,
3092 3785 3310 3855 partim
3367 3786 3446 3842 ab

1792 3872 2005 3928 iisdem
2037 3870 2338 3926 differunt.
2384 3872 2450 3926 Ut
2474 3886 2572 3926 ars
2624 3870 2884 3926 ducendi
2945 3872 3269 3928 exercitum
3321 3874 3448 3946 pri-

1794 3977 1910 4017 ma
1939 3958 2413 4018 architectonica
2442 3963 2530 4013 est
2557 3958 2851 4030 proxima.
2885 3959 3106 4014 Deinde
3126 3961 3444 4018 medicina.

1795 4053 1944 4106 Nam
1975 4049 2098 4104 hac
2126 4062 2370 4120 quoque
2403 4047 2678 4102 homines
2708 4045 3036 4118 plurimum
3057 4047 3248 4119 juvat.
3280 4052 3446 4120 Agri-

1795 4139 2027 4196 cultura
2049 4153 2189 4192 vero
2210 4143 2302 4191 est
2317 4136 2679 4191 communis.
2698 4136 2782 4191 Ac
2803 4136 2852 4190 si
2868 4137 3004 4208 quis
3021 4139 3448 4209 agriculturam

1796 4244 1869 4283 ex
1897 4227 2052 4282 veris
2087 4224 2418 4282 rationibus
2447 4223 2805 4295 consideret,
2835 4224 3076 4296 plenam
3105 4228 3449 4286 eruditionis

1798 4331 1930 4373 esse
1969 4314 2311 4386 comperiet.
2358 4317 2540 4369 Nemo
2592 4328 2733 4370 vero
2762 4313 3104 4371 oﬂendatur
3157 4332 3229 4372 eo
3283 4318 3453 4388 quod

1802 4405 2066 4475 agricola
2093 4404 2352 4458 rationes
2374 4417 2496 4458 non
2522 4401 2721 4471 novit;
2748 4402 2794 4458 is
2819 4404 3017 4475 potius
3058 4410 3246 4462 artem
3301 4407 3454 4478 agri-

1803 4493 2051 4551 cultura
2071 4508 2143 4548 ex
2159 4491 2386 4547 ratione
2407 4490 2687 4547 exsistere
2706 4491 3019 4562 diligenter
3035 4500 3216 4550 notet.
3241 4497 3456 4562 Quem-

1803 4581 2137 4640 admodum
2162 4580 2323 4636 enim
2352 4596 2448 4635 ars
2477 4579 2886 4649 gubernanda
2937 4583 3110 4638 navis
3145 4584 3454 4656 signorum

1804 4671 2206 4742 cognitionem
2231 4685 2268 4724 a
2303 4667 2500 4741 prima
2529 4669 2778 4742 accepit,
2819 4687 3080 4743 quorum
3128 4678 3327 4730 tamen
3363 4691 3456 4732 ra-

1802 4762 2029 4818 tionem
2052 4758 2300 4814 reddere
2347 4757 2572 4829 nequit,
2603 4759 2685 4815 ita
2708 4759 2889 4815 etiam
2919 4761 3184 4830 agricola
3203 4778 3241 4818 a
3259 4764 3458 4834 prima

1802 4849 1905 4906 illa
1933 4848 2196 4914 scientia,
2224 4852 2288 4902 ut
2337 4853 2430 4902 est
2456 4862 2721 4916 necesse,
2763 4846 3096 4905 doctrinam
3153 4851 3457 4908 actionum

1802 4938 2031 5011 accepit
2057 4953 2070 4991 :
2103 4936 2226 5005 agit
2248 4940 2449 4992 autem
2466 4935 2724 4992 rationes
2748 4951 2871 4991 non
2899 4937 3284 5006 investigans.
3307 4939 3458 4996 Nam

1801 5027 2000 5101 prima
2028 5024 2275 5081 scientia
2303 5024 2652 5080 certissimis
2684 5028 2742 5080 et
2771 5024 3099 5080 verissimis
3127 5027 3461 5086 conclusio-

1799 5115 1980 5171 nibus
2040 5113 2199 5170 hanc
2247 5116 2438 5169 artem
2490 5111 2742 5167 confecit
2798 5110 2946 5167 Cum
2995 5119 3196 5170 autem
3245 5116 3461 5187 vulgus

1799 5202 1958 5259 hanc
1997 5206 2185 5257 artem
2241 5215 2514 5255 exercere
2575 5199 2760 5270 vellet,
2824 5201 3129 5258 sententia
3175 5203 3462 5275 quadam

1800 5292 1879 5350 ab
1900 5290 2186 5348 omnibus
2212 5293 2486 5361 recepta,
2511 5287 2590 5344 ab
2613 5287 2713 5344 illa
2743 5289 2936 5360 prima
2982 5291 3230 5348 scientia
3285 5304 3469 5365 quasi

1799 5397 1907 5454 per
1930 5395 2150 5435 manus
2184 5377 2415 5434 tradita
2442 5382 2497 5432 et
2531 5376 2612 5432 ad
2633 5383 2904 5449 posteros
2925 5386 3276 5452 propagata
3302 5388 3463 5456 sunt,

1802 5485 2054 5542 quarum
2068 5466 2306 5539 quidem
2327 5465 2745 5522 sententiarum
2771 5466 3032 5523 rationes
3056 5483 3226 5525 nemo
3249 5477 3471 5529 scruta-

1809 5561 2195 5616 tur.Testatur
2208 5555 2387 5611 etiam
2401 5553 2688 5610 Hesiodus
2703 5560 2882 5627 poeta
2891 5561 3082 5613 artem
3095 5559 3472 5630 agricultura

1811 5652 1878 5723 ut
1914 5652 1972 5705 et
1990 5661 2202 5704 omnes
2221 5647 2400 5714 artes,
2431 5659 2470 5701 a
2493 5643 2689 5716 prima
2715 5644 2820 5704 ilta
2849 5645 3104 5707 scientia
3143 5663 3472 5722 manasse;
