3932 6326
533 317 669 374 1359

531 442 798 512 ὑπόθεσιν,
835 459 924 492 και
954 456 1072 510 περι
1100 455 1190 509 μεν
1217 435 1411 494 ταύτης
1446 432 1499 495 ἐς
1551 435 1723 487 τόσόν.
1782 432 2016 502 Εἴπωμεν
2070 426 2130 481 δε
2187 432 2234 484 Α
2293 434 2647 503 φυσικωτίραν
2717 437 2905 506 κρᾶσιν
2979 432 3220 482 κοινωνία
3271 433 3364 482 καὶ
3452 427 3672 502 μᾶλλον

531 537 648 604 περὶ
682 531 750 581 ὧν
782 530 1168 600 ὑπεσχέθημεν.

603 617 670 677 η’.
698 622 995 691 Στρατηγία
1029 619 1116 688 μὲν
1156 610 1244 666 οὖν
1291 617 1452 686 τέχνη
1505 611 1636 670 καὶὴ
1684 615 1772 663 καὶ
1833 613 2128 685 πρωτίστη,

528 710 870 778 χρυσοχοῐκη
907 701 965 758 δε
993 709 1228 778 περιττή.
1257 709 1500 756 Κοινωνεί
1529 697 1588 753 δε
1639 705 1805 771 Κῦρος
1861 700 1950 770 μεν
2012 715 2132 747 παι-

531 793 648 868 δείᾳ
675 804 748 866 τῷ
773 795 944 865 οἰκείῳ
977 796 1330 868 στρατεύματι
1387 787 1662 843 διδάσκων
1712 787 1838 840 αύτό
1880 790 1938 838 τὸ
1991 784 2128 837 λιτὸν

526 891 616 940 καὶ
688 889 814 960 πρὸς
860 886 1102 958 περιττὰς
1147 881 1420 952 ἀπέριττον
1485 885 1734 952 χρήσεις.
1798 883 2020 951 Κροῖσος
2070 870 2128 926 δὲ

528 974 809 1028 Πακτωλοῦ
836 975 987 1049 ῥύσει
1023 971 1180 1025 πολὺν
1233 972 1588 1044 συναθροίσας
1641 969 1870 1042 χρυσὸν,
1903 971 2130 1017 ποιεῖται

525 1069 656 1138 πρὸς
684 1068 1028 1138 χρυσοχόους
1058 1064 1147 1122 τὰς
1188 1065 1473 1127 κοινωνίας,
1507 1055 1602 1111 διὰ
1635 1061 1720 1110 τὸν
1770 1057 2127 1129 μακαρισμὸν,

525 1149 682 1226 οὗπερ
705 1152 799 1204 ούκ
847 1152 1040 1214 ἠξιώθη
1076 1149 1172 1202 κᾶν
1203 1152 1345 1223 παρὰ
1403 1147 1640 1214 Σόλωνος,
1695 1152 1932 1220 χρυσοῦς
1987 1162 2130 1204 τινας

523 1238 777 1315 τρίποδας
817 1240 1222 1300 κατασκευάζων
1281 1243 1371 1292 καὶ
1436 1236 1701 1297 πλίνθους.
1763 1241 1962 1310 Κρᾱσις
2019 1227 2126 1315 ἤδη

527 1334 728 1392 τούτοις
766 1350 856 1382 και
897 1335 1159 1383 κονωνίὸι·
1191 1333 1283 1381 καὶ
1339 1329 1369 1386 ἡ
1430 1330 1520 1398 μὲν
1579 1328 1927 1398 φυσικωτέρα,
1987 1324 2016 1380 ἡ
2077 1313 2130 1375 δ’

525 1419 650 1478 άλλη
675 1419 724 1480 ἐς
760 1424 914 1472 τόσον
971 1418 1183 1491 βασιλεί
1238 1416 1488 1490 ἀπρεπής.
1543 1418 1613 1467 Τὸ
1667 1416 1758 1487 μὶν
1814 1416 1915 1485 γὰρ
1969 1408 2128 1464 διδά-

527 1530 666 1563 σκειν
696 1513 755 1562 τὸ
792 1511 1090 1584 στράτευμα
1117 1512 1204 1560 τὸν
1258 1506 1482 1579 βασιλέα
1528 1509 1804 1580 καρτερίας
1834 1499 2131 1574 ὑπόδειγμα

525 1599 702 1652 ἑαυτὸν
734 1595 1036 1651 δεικνύοντα
1084 1596 1384 1669 φιλόσοφον.
1442 1599 1667 1648 Βασιλέα
1721 1596 1822 1666 γὰρ
1873 1592 1931 1644 ού
1978 1591 2126 1658 λαοῦ,

524 1686 653 1740 ἀλλά
685 1691 780 1740 σὺν
803 1691 970 1758 τούτῳ
1013 1692 1104 1738 καὶ
1157 1694 1256 1737 τῶν
1307 1686 1486 1738 παθῶν
1539 1683 1694 1736 αὑτὸν
1747 1679 2012 1735 δείκνυσιν
2041 1679 2130 1744 οέξ

524 1776 584 1828 οὗ
644 1777 923 1846 συνάγεται
976 1776 1057 1827 ὅτι
1113 1773 1350 1847 βασιλεῖς
1404 1775 1582 1826 παθῶν
1638 1775 1756 1833 τούς
1817 1772 1918 1824 ὑπὸ
1970 1778 2128 1842 χεῖρα

523 1872 686 1916 ποιεῖν
739 1862 914 1918 ἐθέλει.
963 1863 1032 1914 Ὢ
1083 1870 1174 1916 τοῦ
1221 1868 1559 1936 μακαρισμοῦ
1593 1861 1698 1916 ΙΤὸ
1761 1858 1819 1914 δὲ
1871 1856 2128 1935 τρίποδας

523 1955 927 2015 κατασκευάζειν
987 1959 1227 2025 χρυσοῦς
1263 1957 1352 2004 καὶ
1395 1952 1635 2012 πλίνθους
1675 1955 1764 2003 καὶ
1794 1950 1909 2010 ὅλας
1938 1949 2128 2022 λαμίας

522 2050 752 2116 χρυσοῦ,
836 2043 1177 2114 ὑφασμάτων,
1256 2043 1539 2114 μαργάρων
1639 2039 1917 2113 ἐμπιπλᾷν,
2010 2042 2129 2090 οὔτε

522 2130 704 2183 ἑαυτὸν
735 2129 959 2203 βασιλέα
989 2127 1253 2184 δείκνυσιν
1285 2132 1311 2182 ὁ
1369 2139 1521 2183 τοῦτο
1572 2138 1753 2200 ποιῶν,
1801 2133 1917 2181 οὔτε
1970 2126 2128 2200 βασι-

519 2217 635 2280 ).εας
662 2227 778 2272 ποεῖ
800 2226 919 2281 τοὺς
979 2217 1435 2292 βασιλευομένους,
1489 2228 1673 2272 πασῶν
1719 2215 1922 2276 ἡδονῶν
1981 2213 2040 2270 δε
2068 2235 2128 2288 γε

518 2313 606 2360 καὶ
636 2308 865 2380 μάλιστα
896 2304 1135 2370 δούλους.
1169 2308 1312 2361 Ἴσοι
1344 2305 1404 2360 δε
1449 2312 1540 2360 καὶ
1592 2310 1650 2360 τὸ
1691 2306 1831 2368 τελος
1883 2315 1982 2358 τῶν
2029 2305 2126 2378 ειμ-

518 2401 757 2470 φοτίρων,
814 2400 1004 2449 πιστὸν
1067 2397 1133 2458 εἰς
1187 2393 1454 2459 ἀπόδειξιν
1521 2398 1547 2448 ὃ
1603 2401 1694 2448 καὶ
1739 2393 2026 2468 πρόδηλον.
2065 2395 2124 2447 Ὀ

515 2487 604 2554 μὲν
635 2488 733 2558 γὰρ
764 2485 819 2536 ἐκ
848 2492 1040 2559 μικροῦ
1065 2489 1224 2556 μέγας
1251 2482 1286 2537 δ
1291 2488 1345 2537 ιὰ
1365 2489 1423 2537 τὸ
1464 2485 1669 2556 ἔλλοσγον
1701 2483 1802 2537 ἀπὸ
1842 2486 2071 2558 περάτων
2105 2505 2118 2518 ο

513 2575 608 2634 ἕως
633 2575 867 2648 περάτων
929 2594 941 2608 ·
995 2575 1020 2626 ὁ
1079 2570 1138 2626 δι
1195 2571 1415 2636 ἰδιώτης
1454 2579 1544 2626 καὶ
1596 2576 1834 2646 ἄχρυσος
1879 2578 1970 2626 καὶ
2017 2572 2120 2627 ἀπὸ

511 2665 745 2737 περάτων
817 2665 907 2714 καὶ
962 2663 1196 2736 περάτων
1250 2664 1340 2726 ἕως
1404 2670 1652 2736 στιγμῆς,
1717 2665 1851 2723 ᾧστε
1904 2664 1934 2722 ἡ
1983 2666 2121 2717 κατὰ

836 2043 1177 2114 ὑφασμάτων,

2047 304 2127 360 AI

2290 304 2407 361 DA.
3823 307 3904 360 tm

3767 434 3886 500 αγέῆ

2293 527 2384 580 τῆς
2404 523 2557 591 μόνον
2587 523 2720 573 κατὰ
2743 527 2932 594 κρᾶσιν
2960 525 3050 572 καὶ
3083 521 3240 574 θέσιν.
3282 517 3424 572 Ἴσοι
3483 520 3599 591 γὰρ
3679 525 3743 589 τῇ
3805 527 3887 587 risi,

2291 606 2456 679 οὗτοι,
2527 610 2637 663 ἐπεὶ
2716 609 2977 682 βασιλεῖς,
3045 609 3148 662 ἀλλ’
3198 610 3224 660 ὁ
3291 612 3381 680 μὲν
3435 608 3790 681 μεγαλορυές
3837 629 3892 664 zz.

2290 698 2622 771 μεγαλοφυὼν
2642 703 2902 762 κοινωνὸς,
2943 701 2969 752 ὁ
3024 695 3083 751 δὲ
3129 703 3405 774 μικρόνους
3454 703 3560 750 καὶ
3610 697 3892 754 lancina;

2291 792 2532 850 κοινωνός
2563 809 2576 821 ·
2611 788 2913 861 ὠνόμασται
2941 789 3042 861 γὰρ
3097 806 3220 840 ποτε
3277 791 3366 838 καὶ
3417 790 3704 861 Τραῑανὸς
3762 790 3890 854 πατήρ

2292 872 2386 928 διὰ
2411 881 2468 929 τὸ
2500 876 2715 949 ἀγαθὸν,
2748 883 2920 950 Νέρων
2945 873 3005 930 δε
3054 878 3250 952 θηρίον,
3297 876 3502 949 Ξέρξης
3567 873 3636 929 δε
3680 875 3890 934 auia-:15;

2291 968 2371 1018 ὅτι
2445 968 2575 1039 οἰγαν
2623 970 2672 1019 ἐν
2722 977 2794 1038 τῷ
2877 970 2971 1028 τὰς
3046 969 3223 1038 φύσεις
3286 965 3618 1023 καπηλεύειν
3688 967 3895 1018 ἐθεοπεέεέ

2292 1057 2468 1123 αὑτὸν,
2537 1055 2824 1117 πλατάνους
2885 1057 3292 1118 κατασκευάζων
3357 1061 3586 1127 χρυσᾶς
3650 1053 3895 1126 ripaue?

2293 1164 2405 1212 σας,
2455 1148 2485 1205 ᾖ
2563 1145 2754 1219 μᾶλλον
2831 1149 2924 1198 σὺν
3001 1145 3140 1215 αὐτῷ
3205 1146 3398 1215 τάχιον
3465 1143 3894 1218 φυᾘοῤῥσοὺςαςε

2289 1235 2448 1288 Ὠστε
2530 1235 2655 1287 αύτό
2730 1237 2865 1288 θέσει
2939 1236 3052 1286 τινὰ
3109 1235 3302 1286 τούτων
3360 1233 3391 1292 ἣ
3443 1232 3644 1308 ἐτέρων
3707 1237 3798 1284 καί
3842 1252 3896 1283 τει

2291 1330 2490 1400 μυρίων
2531 1329 2686 1377 ὄντων
2761 1320 3000 1391 ἐδόξασε,
3068 1321 3162 1375 κᾶν
3215 1319 3499 1385 ἐδοξάζετο
3556 1323 3734 1390 θέσει,
3797 1321 3897 1372 alii

2291 1418 2349 1466 1'6
2377 1417 2549 1486 φύσει,
2581 1415 2702 1488 ὅπερ
2742 1417 2832 1465 καὶ
2869 1417 3045 1485 τίμιον
3096 1417 3185 1464 καὶ
3235 1416 3432 1485 κυρίως
3487 1415 3587 1463 καὶ
3649 1407 3897 1463 ἰδιαίτατα

2290 1509 2620 1576 τιμιώτατον.
2682 1503 2807 1578 Ἐρᾲ
2861 1498 2921 1554 δι
2967 1506 3057 1554 καὶ
3124 1499 3380 1574 βασιλεως
3459 1501 3721 1572 ὑφάντης
3771 1508 3894 1552 τοῦτε

2292 1597 2546 1665 φυσικόν·
2577 1591 2822 1664 ἀνάγεται
2877 1595 2979 1666 ’γὰρ
3035 1595 3094 1643 τὸ
3153 1590 3429 1662 ἐλάχιστον
3476 1593 3619 1665 πρὸς
3672 1594 3738 1642 1'6
3788 1591 3895 1648 ελον,

2291 1687 2380 1734 καὶ
2412 1680 2662 1755 βασιλεύς
2701 1677 3022 1753 ἀποδέχεται
3074 1679 3328 1742 λιθοξόον.
3383 1683 3560 1732 Τοῦτο
3623 1679 3899 1752 auleis-Epa-

2291 1791 2386 1825 πον
2424 1793 2436 1805 ·
2471 1776 2608 1844 φέρει
2637 1773 2738 1844 γὰρ
2776 1774 2835 1822 τὸ
2886 1769 3000 1822 ὅλον
3047 1771 3113 1822 τὰ
3146 1773 3297 1845 μέρη.
3365 1774 3658 1827 Σκὸπησον
3729 1765 3795 1822 δε
3841 1772 3899 1821 ὁτι

2292 1862 2474 1934 ὒλογα
2499 1870 2666 1915 ταῦτα
2690 1882 2702 1895 ’
2731 1861 2826 1914 οὐκ
2879 1858 3017 1914 εἶπον
3070 1863 3170 1935 γὰρ
3223 1862 3305 1912 ὃτι
3349 1867 3594 1912 κοινωνεῖ
3654 1857 3901 1932 βασιλέυς

2292 1955 2536 2026 ὑφάντης,
2564 1951 2666 2004 ἀλλ’
2705 1953 2786 2004 ὅτι
2829 1949 2939 2024 ἐρᾷ,
2995 1950 3100 2002 ἀλλ’
3150 1947 3273 2003 οὐδὲ
3323 1949 3586 2022 βασιλεὺς
3630 1939 3738 2003 τοῦ
3789 1951 3900 2002 λιθε-

2293 2043 2411 2106 ξόου
2470 2041 2576 2095 ἀλλ’
2624 2037 2946 2113 ἀποδέχεται
2992 2042 3124 2092 ὥστε
3177 2043 3237 2091 τὸ
3317 2035 3735 2111 ἀποδέχεσθαι,
3790 2047 3901 2097 τινες

2291 2131 2402 2185 ἐστι
2457 2135 2546 2184 καὶ
2617 2130 2721 2202 οὐχ
2778 2129 2896 2190 ὅλης
2969 2136 3060 2190 τῆς
3118 2134 3398 2189 κοινωνίας.
3456 2128 3642 2182 Ὀπου
3707 2132 3815 2201 γὰρ
3858 2132 3900 2178 τε

2289 2224 2585 2274 κοινωνικὸν
2665 2221 2826 2292 ὄνομα
2902 2225 3090 2284 κεῖται,
3170 2222 3263 2276 τὴν
3340 2225 3439 2271 τῶν
3521 2222 3898 2270 κοινωνοῦντες

2291 2306 2562 2370 δηλοποιεῖ
2625 2312 2945 2381 συμφωνίαν.
3025 2313 3265 2366 Τοιοῦτος
3332 2309 3434 2380 ’γάρ
3509 2305 3633 2358 ἐστι
3699 2308 3898 2364 ἔκαε-τες

2287 2396 2467 2472 οἷσπερ
2507 2395 2691 2459 ἣδεται
2719 2398 2901 2464 ξυνὼν,
2934 2400 3001 2458 ὡς
3028 2400 3118 2448 καὶ
3166 2399 3225 2447 1'6
3279 2394 3421 2467 φίλος
3457 2399 3513 2447 τί
3567 2394 3728 2448 ἐστιν
3769 2397 3896 2452 iiiis;

2287 2491 2443 2550 αὐτὸς
2497 2510 2510 2522 °
2551 2495 2779 2541 κοινωνεί
2825 2490 2915 2560 μὲν
2976 2487 3075 2558 γὰρ
3127 2491 3236 2546 τοῖς
3293 2485 3513 2556 ὁμοίως»
3571 2481 3895 2556 ἀποδέχετὲ

2287 2575 2346 2631 δὲ
2373 2583 2462 2630 καί
2489 2597 2611 2630 ποτε
2639 2579 2704 2629 τὰ
2758 2581 2829 2648 μὴ
2881 2576 3036 2648 ὅμοιά
3078 2593 3180 2643 τις,
3235 2574 3341 2626 οἷον
3401 2575 3563 2625 ἵππον
3615 2575 3650 2633 ἣ
3700 2573 3828 2647 βοῦν
3871 2576 3889 2630 ἐ

2284 2674 2436 2725 κῦνα.
2469 2662 2662 2728 Οὐδεὶς
2686 2667 2786 2740 γὰρ
2827 2669 3060 2717 κοινωνεῖ
3113 2664 3254 2732 ἰππῳ
3305 2666 3426 2733 τινὶ,
3480 2666 3580 2714 καὶ
3640 2659 3820 2723 οὐδεὶς
3849 2661 3890 2712 ci-

507 2882 653 2924 nam
683 2871 978 2939 tempora,
995 2867 1178 2938 locos,
1197 2868 1477 2939 rationes,
1497 2873 1553 2925 et
1576 2885 1670 2924 res
1700 2873 2013 2936 scrutatur,
2033 2871 2161 2944 qui-
2201 2870 2241 2924 C
2271 2871 2417 2927 alter
2441 2885 2583 2927 vero
2612 2885 2650 2926 a
2677 2867 2794 2925 ﬁne
2816 2871 2874 2924 et
2893 2867 3013 2923 ﬁne
3038 2881 3233 2940 usque
3254 2865 3334 2922 ad
3353 2870 3662 2938 punctum
3697 2885 3714 2922 :
3757 2865 3908 2921 idiota

505 2955 621 3013 bus
657 2957 1026 3027 investigatis
1061 2957 1398 3014 doctrinam
1435 2959 1768 3030 quamdam
1805 2960 2160 3017 nobiliorem
2269 2965 2326 3016 et
2353 2961 2485 3015 auri
2522 2973 2734 3032 expers
2759 2957 2963 3014 evasit.
2999 2959 3192 3022 Quare
3240 2955 3598 3011 communio
3648 2955 3761 3012 illa
3805 2971 3906 3026 qus

505 3047 704 3104 tradit.
725 3048 919 3103 Hocin
937 3048 1605 3122 praesentiaexemplum
1633 3049 2159 3122 proponerevolui-
2266 3053 2357 3104 est
2410 3063 2483 3104 ex
2552 3045 2980 3118 temperatione
3048 3042 3322 3110 naturali,
3378 3040 3576 3098 multo
3623 3043 3842 3099 melior
3870 3057 3906 3095 e;

501 3152 660 3194 mus.
681 3141 761 3192 Ac
781 3136 856 3193 de
876 3136 1237 3206 agricultura
1257 3138 1504 3210 quidem
1527 3138 1842 3194 hactenus.
1881 3139 2156 3194 Dicamus
2263 3136 2640 3210 praestantior
2687 3138 2777 3190 est
2822 3150 2914 3202 ea,
2946 3148 3083 3205 quae
3121 3137 3214 3187 est
3263 3147 3336 3187 ex
3393 3132 3840 3204 temperatione
3868 3136 3906 3184 ei

499 3240 644 3281 vero
659 3225 734 3282 de
757 3225 889 3295 illis,
911 3225 986 3281 de
1007 3225 1229 3297 quibus
1248 3241 1360 3282 nos
1378 3227 1639 3282 dicturos
1660 3227 1904 3300 polliciti
1922 3244 2150 3284 sumus.
2262 3226 2703 3282 constitutione.
2731 3227 2879 3280 Nam
2895 3237 3066 3293 reges
3090 3221 3182 3277 isti
3203 3221 3432 3276 honore
3462 3227 3610 3276 sunt
3640 3221 3902 3294 aequales.

572 3317 622 3368 8.
646 3319 754 3368 Ars
782 3314 960 3383 igitur
988 3313 1247 3370 ducendi
1300 3315 1620 3371 exercitum
1671 3316 1925 3372 honesta
1961 3322 2052 3373 est
2098 3321 2155 3374 et
2263 3315 2378 3372 Sed
2404 3330 2557 3371 unus
2574 3319 2665 3370 est
2691 3312 3117 3385 magnanimus
3133 3325 3204 3366 ac
3218 3311 3404 3376 fortis,
3425 3314 3481 3366 et
3496 3312 3902 3380 magnonimo-

498 3401 808 3472 praeclara,
861 3408 921 3458 at
970 3417 1066 3457 ars
1115 3403 1433 3459 auriﬁcum
1480 3409 1568 3459 est
1611 3404 1933 3476 superﬂua.
1967 3406 2151 3462 Porro

499 3493 688 3560 Cyrus
718 3505 856 3544 cum
888 3506 998 3545 suo
1027 3492 1288 3546 exercitu
1316 3491 1664 3548 eruditionis
1701 3499 1928 3549 ratione
1983 3510 2148 3550 com-

495 3577 784 3644 municat,
811 3577 1035 3633 docens
1054 3579 1249 3650 ipsam
1275 3578 1673 3650 frugalitatem
1699 3585 1755 3636 et
1781 3581 1841 3635 in
1890 3596 2006 3636 usu
2044 3595 2147 3634 su-

494 3667 727 3737 perﬂuo
748 3667 1245 3724 moderationem.
1271 3671 1506 3724 Crcesus
1545 3675 1766 3733 autem,
1809 3685 1882 3724 ex
1912 3667 2146 3726 Pactolo

496 3770 722 3824 magna
752 3755 806 3810 vi
844 3757 974 3811 auri
1005 3756 1269 3823 collecta,
1322 3757 1626 3813 constituit
1653 3759 2146 3815 communionem

495 3859 635 3900 cum
660 3843 1031 3913 auriﬁcibus,
1063 3846 1178 3902 hoc
1199 3845 1384 3902 modo
1425 3845 1671 3902 beatum
1714 3863 1776 3903 se
1807 3847 1932 3903 fore
1957 3847 2147 3904 existi-

494 3948 693 3989 mans.
724 3935 853 3999 Qua
899 3939 1101 3990 tamen
1160 3934 1460 4003 beatitate,
1509 3951 1698 4007 quam
1745 3936 2029 4009 sperabat
2081 3952 2146 3992 se

493 4028 978 4088 consecuturum,
1011 4039 1048 4080 a
1078 4023 1290 4080 Solone
1315 4024 1536 4094 dignus
1564 4040 1688 4080 non
1717 4031 1803 4081 est
1819 4026 2143 4096 judicatus,

494 4126 633 4166 cum
656 4111 918 4183 tripodes
958 4111 1258 4184 quosdam
1284 4128 1497 4168 aureos
1545 4117 1602 4170 et
1650 4113 1862 4169 lateres
1900 4130 2144 4187 quoque

2259 3421 2392 3460 rum
2414 3420 2484 3461 ac
2504 3404 2744 3460 fortium
2762 3403 2963 3458 socius
2989 3418 3002 3468 ;
3027 3401 3172 3457 alter
3190 3414 3332 3455 vero
3352 3405 3442 3454 est
3462 3401 3725 3470 angusti
3745 3397 3898 3456 animi

2257 3497 2315 3548 et
2343 3508 2689 3566 cauponam
2728 3491 2945 3547 socius.
2972 3492 3035 3545 Et
3061 3489 3352 3559 Trajanus
3379 3488 3531 3544 olim
3578 3489 3898 3562 appellatus

2255 3585 2343 3637 est
2387 3587 2554 3654 pater
2589 3583 2832 3654 propter
2895 3579 3244 3641 bonitatem,
3286 3580 3437 3633 Nero
3492 3577 3652 3646 fera,
3715 3581 3896 3634 Xerxes

2253 3685 2474 3741 caupo,
2519 3669 2809 3742 quoniam
2853 3671 3102 3724 naturas
3154 3681 3355 3721 rerum
3399 3667 3820 3737 cauponando
3853 3679 3894 3718 se

2256 3761 2374 3815 Deo
2395 3775 2603 3832 parem
2637 3757 2882 3814 reddere
2903 3755 3142 3812 volebat
3173 3773 3186 3810 :
3216 3769 3352 3810 cum
3384 3753 3682 3826 platanos
3712 3772 3894 3812 amas

2255 3846 2368 3902 sibi
2424 3846 2829 3903 conﬁciendas
2901 3848 3137 3900 curaret
3183 3842 3515 3898 virentibus
3579 3843 3766 3913 foliis,
3817 3861 3898 3900 sea

2254 3936 2450 4008 potius
2471 3953 2609 3992 cum
2639 3937 2771 4008 ipso
2801 3935 2998 3991 ﬂuxis.
3021 3935 3216 4000 Quare
3235 3931 3399 4002 illud,
3432 3933 3613 4004 quod
3631 3936 3897 3991 constitu-

2253 4025 2414 4083 tione
2444 4031 2678 4082 constat
2698 4031 2976 4082 neutrum
3006 4024 3243 4080 illorum
3272 4038 3508 4093 regum,
3557 4037 3768 4097 neque
3787 4025 3898 4082 alio

2250 4131 2386 4172 rum
2416 4115 2733 4172 hominum
2777 4113 3058 4188 quamvis
3102 4111 3490 4176 inﬁnitarum,
3540 4127 3900 4187 quemquam

492 4213 710 4254 aureos
742 4199 855 4254 sibi
877 4199 1280 4256 conﬁciendos
1301 4205 1554 4258 curaret.
1599 4203 1890 4274 Estigitur
1917 4203 1979 4258 in
2014 4221 2142 4260 am-
2177 4229 2221 4283 ο
2251 4204 2581 4275 gloriosum
2610 4203 2887 4261 reddidit.
2931 4203 3046 4260 Sed
3095 4201 3191 4257 fac
3235 4201 3570 4271 gloriosum
3613 4204 3793 4259 reddi

491 4285 689 4343 bobus
711 4289 1058 4360 temperatio
1071 4306 1140 4346 ac
1158 4291 1640 4362 communicatio,
1668 4307 1737 4346 ac
1760 4308 1880 4348 una
1903 4293 2140 4365 quidem

2249 4309 2432 4366 quem
2454 4310 2524 4350 eo
2549 4293 2717 4367 quod
2741 4291 3035 4365 positione
3060 4294 3292 4347 constat
3317 4289 3504 4346 multo
3548 4293 3760 4362 magis
3780 4307 3898 4348 sam.

2249 4398 2320 4438 eo
2345 4383 2512 4456 quod
2549 4387 2766 4439 natura
2802 4387 2889 4438 est
2917 4385 2974 4437 et
3015 4384 3269 4449 constat,
3320 4377 3489 4452 quod
3539 4395 3676 4436 non
3725 4382 3896 4439 solum

2246 4471 2475 4527 honore
2500 4471 2752 4542 dignum
2778 4475 2886 4536 est,
2915 4469 3024 4526 sed
3043 4469 3224 4526 etiam
3253 4469 3315 4524 in
3347 4468 3562 4540 primis
3611 4470 3890 4544 longeque

2247 4561 2689 4630 dignissimum.
2709 4563 2916 4617 Textor
2939 4566 3138 4616 autem
3161 4562 3328 4616 amat
3343 4573 3553 4628 regem
3580 4577 3596 4614 :
3620 4562 3890 4618 nimirum

2245 4647 2361 4704 hoc
2391 4655 2478 4706 est
2507 4649 2797 4715 naturale,
2829 4663 2968 4705 cum
2989 4646 3158 4713 illud,
3212 4647 3379 4720 quod
3427 4651 3518 4702 est
3559 4649 3889 4714 minimum.

2247 4737 2324 4793 ad
2346 4742 2537 4794 totum
2585 4739 2894 4795 referatur.
2924 4739 3039 4793 Rex
3087 4752 3329 4809 quoque
3357 4735 3703 4808 lapicidam
3735 4744 3891 4797 susse

2245 4827 2351 4902 pit,
2371 4828 2653 4884 nimirum
2672 4828 2786 4884 hoc
2807 4827 3145 4883 humanum
3167 4830 3275 4882 est.
3300 4829 3449 4882 Nam
3488 4830 3696 4886 totum
3719 4838 3892 4904 partes

2247 4933 2388 4973 suas
2416 4933 2539 4973 non
2569 4916 2790 4988 abjicit.
2819 4915 3141 4972 Considera
3179 4930 3320 4970 vero
3357 4929 3553 4986 quam
3585 4917 3752 4975 bene
3787 4921 3892 4975 δτξε

2244 5021 2383 5062 cum
2411 5007 2639 5062 ratione
2668 5005 2982 5078 quadrent.
3007 5007 3136 5060 Non
3163 5003 3286 5060 dixi
3313 5007 3614 5062 textorem
3636 5025 3892 5066 commu-

2241 5097 2488 5153 nionem
2513 5095 2866 5151 constituere
2890 5109 3030 5150 cum
3052 5107 3214 5164 rege,
3247 5093 3354 5149 sed
3389 5108 3603 5164 regem
3655 5102 3842 5156 amari
3869 5114 3892 5151 ε

2243 5190 2484 5242 textore.
2513 5187 2712 5257 Neque
2739 5191 2845 5240 rex
2864 5181 3190 5255 lapicidam
3237 5196 3442 5238 amore
3490 5190 3886 5262 prosequitur,

2241 5274 2346 5330 sed
2365 5273 2615 5346 suscipit
2633 5273 2944 5328 duntaxat.
2973 5272 3169 5337 Quare
3217 5270 3522 5342 suscipere
3575 5280 3674 5332 est
3711 5277 3888 5349 aliqua

2238 5363 2421 5420 modo
2434 5378 2554 5419 non
2570 5362 2803 5435 penitus
2816 5366 2875 5418 et
2885 5360 3133 5418 omnino
3145 5360 3623 5419 communicare.
3635 5365 3751 5423 Ubi
3765 5369 3883 5422 eius

2237 5453 2680 5510 communionis
2758 5466 2984 5509 nomen
3037 5449 3316 5522 Iauditur,
3375 5458 3722 5511 concentus
3760 5457 3882 5512 inte:

2237 5543 2663 5601 communione
2695 5542 2936 5613 junctos
2977 5539 3336 5597 declaratur.
3400 5540 3560 5597 Talis
3600 5547 3770 5604 enim

2235 5632 2673 5708 unusquisque,
2703 5631 2916 5705 quales
2943 5633 3083 5688 sunt
3117 5645 3262 5688 cum
3303 5628 3530 5703 quibus
3579 5639 3805 5700 versari
3821 5639 3876 5697 Β.

492 4377 688 4446 magis
713 4379 784 4432 ad
807 4383 1085 4434 naturam
1115 4380 1363 4443 accedit,
1412 4381 1595 4436 altera
1625 4398 1762 4437 vero
1795 4399 1998 4453 regem
2018 4400 2143 4442 non

491 4465 681 4521 decet.
710 4469 806 4521 Est
830 4468 991 4523 enim
1029 4469 1184 4538 regis
1217 4468 1429 4525 docere
1484 4471 1806 4528 exercitum
1837 4477 2142 4531 continen-

490 4553 636 4609 tiam
664 4560 719 4610 et
739 4553 1182 4624 abstinentiam,
1225 4558 1488 4629 seipsum
1545 4560 1832 4616 exhibens
1885 4563 2142 4634 philoso-

491 4643 702 4714 phum.
733 4647 881 4699 Nam
907 4660 1030 4700 non
1059 4645 1258 4702 solum
1286 4647 1494 4719 populi
1540 4663 1741 4716 regem
1803 4651 1908 4706 sed
1959 4653 2139 4709 etiam

490 4733 1008 4805 perturbationum
1039 4751 1100 4790 se
1121 4735 1380 4792 ostendit
1402 4754 1416 4805 ;
1435 4752 1507 4792 ex
1527 4753 1648 4809 quo
1672 4737 1739 4795 ﬁt
1767 4739 1970 4811 ipsum
1989 4742 2139 4799 velle

489 4837 730 4894 quoque
747 4838 891 4878 suos
909 4823 1123 4880 milites
1149 4824 1667 4896 perturbationum
1684 4842 1854 4897 reges
1872 4829 2101 4887 efﬁcere
2116 4875 2129 4887 .

489 4912 532 4965 Ο
565 4926 770 4967 veram
791 4911 1134 4969 bcatitatem
1165 4915 1177 4969 !
1218 4915 1398 4986 Atqui
1427 4915 1690 4988 tripodes
1709 4921 1765 4972 et
1783 4917 1997 4974 lateres
2029 4935 2136 4975 au-

487 5014 620 5056 reos
641 5000 798 5067 facit,
831 5006 884 5058 et
913 5003 1223 5060 conclavia
1249 5005 1381 5075 ipsa
1421 5005 1586 5060 omni
1625 5021 1698 5062 ex
1745 5012 1913 5078 parte
1965 5025 2133 5080 auro,

488 5090 728 5144 texturis
758 5094 814 5146 et
853 5091 1175 5148 unionibu’s
1205 5092 1464 5164 complet
1497 5111 1511 5149 :
1543 5109 1666 5149 non
1687 5094 1811 5166 ipse
1838 5113 1900 5153 se
1932 5113 2135 5170 regem

485 5179 766 5248 ostendit,
797 5195 992 5253 neque
1020 5182 1125 5254 qui
1153 5182 1269 5238 hoc
1287 5182 1430 5238 facit
1455 5182 1588 5238 illos
1638 5200 1793 5256 quos
1849 5187 2000 5257 regit
2038 5204 2137 5244 re-

486 5282 591 5338 ges
627 5268 824 5338 efﬁcit,
855 5287 993 5327 cum
1023 5271 1572 5343 perturbationibus
1615 5277 1672 5329 et
1724 5274 2133 5347 voluptatibus

484 5357 825 5428 turpissime
880 5361 1158 5417 serviant.
1227 5361 1412 5417 Porro
1481 5361 1802 5418 amborum
1850 5363 1984 5420 ﬁnis
2043 5366 2131 5423 fa-

485 5444 701 5501 cillime
743 5449 972 5504 ostendi
1019 5452 1231 5521 potest,
1279 5455 1336 5506 et
1390 5449 1615 5506 nemini
1667 5455 1756 5507 est
1811 5441 2126 5511 obscurus.

487 5533 650 5587 Unus
674 5535 834 5592 enim
863 5551 935 5592 ex
963 5553 1149 5610 parvo
1175 5553 1432 5608 magnus
1457 5539 1666 5606 evasit,
1705 5556 1743 5596 a
1787 5544 1904 5598 ﬁne
1935 5559 2130 5616 usque

482 5619 564 5680 ad
581 5619 788 5694 ﬁnem,
807 5623 990 5698 idque
1013 5641 1121 5698 per
1161 5626 1543 5700 prudentiam
1579 5632 1638 5687 et
1693 5631 2052 5704 sapientiam
2109 5651 2124 5690 :
