3932 6326
29 355 178 411 i361

52 479 311 533 κοὶνωνεῖ
348 478 600 556 ἀνθρώπῳ
639 483 741 534 τινί
777 501 790 515 ο

55 566 335 642 ἀνθρώπῳ
363 574 484 637 τινὶ,
529 568 634 622 ἀλλ’
668 567 1032 642 ἀποδέχεσθαι
1077 571 1182 624 οἷόν
1221 591 1297 632 τις
1356 573 1683 644 στρατιώτης

55 655 407 730 ἀποδέχεται
466 658 701 730 ύελοψον,
742 660 800 712 ού
840 667 1072 713 κοινωνεῖ
1122 656 1182 713 δέ
1218 679 1231 692 '
1277 663 1570 733 στρατιώτῃ
1623 653 1683 710 δέ

54 766 172 799 τινι
205 755 461 818 κοινωνεῖ,
503 751 643 820 ἱππῳ
684 745 763 818 δὲ,
815 749 844 808 ἦ
887 748 1035 822 λίθῳ,
1067 750 1096 808 ἦ
1128 753 1402 825 μαργαρῳ,
1453 749 1483 808 ἦ
1527 746 1681 820 ἑτέρῳ

53 841 170 890 τινὶ
235 837 296 890 ού
341 844 587 905 κοινωνεῖ,
653 845 883 892 κοινωνεῖ
914 835 972 891 δὲ
1016 843 1105 891 καὶ
1141 845 1260 902 ταῖς
1309 843 1524 912 τροφαῖς
1590 832 1682 888 διὰ

54 931 162 986 τὴν
193 929 480 983 σύστασιν.
510 935 674 981 Τοῦτο
702 925 761 981 δὲ
787 931 957 981 κοινὸν
1005 931 1115 1002 μὲν,
1178 932 1290 1002 ἔχει
1339 925 1398 981 δὲ
1447 947 1538 980 και
1567 945 1682 980 τινα

57 1013 337 1092 διαφοράν
366 1039 379 1052 ·
411 1018 556 1072 ἄλλοι
593 1021 695 1093 γὰρ
734 1018 911 1084 ἄλλας,
943 1023 1034 1072 καὶ
1085 1017 1238 1079 ἄλλας
1277 1019 1460 1091 ἕτεροι,
1513 1012 1684 1077 οὐδεὶς

57 1102 124 1160 δὲ
168 1106 235 1158 οὗ
294 1115 522 1160 κοινωνεῖ
573 1116 768 1181 τροφῆς
824 1108 853 1167 ἣ
907 1105 1248 1180 ἀποδέχεται.
1319 1108 1558 1182 Ἐναρνγὲς
1623 1103 1682 1158 δὲ

56 1199 158 1248 καὶ
192 1194 254 1248 ἐκ
290 1205 390 1250 τῶν
440 1205 661 1270 τροφῶν,
719 1199 800 1250 ὅτι
836 1201 927 1249 καὶ
985 1199 1136 1270 φύσις
1174 1200 1282 1249 ’καὶ
1339 1202 1548 1272 κρᾶσις,
1592 1199 1682 1246 καὶ

55 1289 362 1360 τιμιωτέρα
426 1288 457 1345 ἡ
511 1289 668 1359 φύσις
713 1294 807 1349 τῆς
857 1289 1086 1360 κράσεως
1142 1303 1154 1318 ⁸
1213 1286 1279 1347 εἷς
1330 1305 1382 1338 τι
1443 1287 1547 1360 γὰρ
1593 1288 1683 1336 καὶ

60 1381 295 1448 τροφαῖς
333 1377 363 1433 ἡ
429 1371 658 1452 διαφορὰ
711 1379 800 1428 καὶ
849 1378 897 1428 ἔν
945 1395 1076 1442 τισι,
1129 1378 1223 1436 τὰς
1275 1371 1335 1428 δὲ
1363 1377 1536 1435 κοινὰς
1594 1378 1681 1426 καὶ

61 1467 438 1538 φυσικωτέρας
493 1466 542 1517 οἱ
598 1464 787 1538 μᾶλλον
845 1467 1133 1537 αἱροῦνται.
1220 1463 1374 1535 Ἔχει
1449 1465 1538 1536 μεν
1595 1458 1683 1515 οὖν

59 1554 214 1605 κατὰ
267 1554 455 1622 πάντα,
518 1555 589 1615 ὡς
635 1551 881 1625 ἐδείχθη,
940 1557 999 1606 τὸ
1057 1557 1208 1627 φύσει
1257 1560 1350 1605 τοῦ
1405 1554 1541 1605 θέσει
1589 1556 1682 1611 τὴν

61 1643 352 1716 ὑπεροχήν
387 1663 400 1676 ο
438 1649 669 1696 κοινωνεῖ
707 1639 767 1696 δι
790 1647 880 1696 καὶ
921 1643 1079 1718 ἰατρῷ
1127 1644 1153 1695 ὀ
1211 1641 1476 1716 βασιλεὺς,
1529 1648 1683 1694 τοῦτο

58 1733 301 1802 φυσικὸν
346 1734 435 1783 καὶ
488 1730 844 1806 φιλάνθρωπον
887 1753 900 1766 '
953 1739 1086 1805 τρεῖς
1121 1733 1222 1808 γὰρ
1280 1734 1544 1784 κοινωνίαι
1609 1737 1682 1800 τῷ

54 1820 300 1892 ἄρχοντι
337 1816 743 1894 ἁρμοδιώτατοι,
778 1820 1072 1893 φιλοσοφία,
1147 1825 1414 1896 στρατεία,
1471 1820 1678 1894 ἰατρικὴ

55 1911 200 1982 μετά
232 1917 335 1962 τῶν
377 1906 676 1982 ἰδιωμάτων
707 1909 898 1979 αὐτῶν,
929 1915 1020 1963 καὶ
1058 1918 1151 1970 τῆς
1187 1913 1277 1982 μεν
1307 1915 1450 1982 μιᾶς,
1501 1916 1683 1972 κοινῆς

53 2001 236 2060 οὔσης
267 2003 357 2050 καὶ
397 1995 682 2061 διεπούσης
719 2001 889 2053 πάντα
945 1998 1248 2072 πολλαχῶς,
1306 2000 1375 2060 ὡς
1434 1994 1520 2051 δεῖ
1561 2017 1677 2051 κοι-

596 2086 832 2162 ὃιασαφή
843 2109 1023 2152 σαντες
1108 2090 1332 2162 εἶπομεν.
1419 2092 1680 2161 Σωτήριος

51 2177 161 2248 γάρ
221 2173 337 2228 ἐστι
391 2183 574 2230 πασῶν
637 2181 727 2228 καὶ
791 2178 993 2228 πάντων
1041 2176 1197 2244 αὕτη,
1244 2180 1333 2228 καὶ
1379 2171 1489 2228 διὰ·
1524 2182 1677 2229 τοῦτο

51 2095 243 2141 νωνεῖν
311 2091 470 2162 ταύτῃ
484 2134 496 2154 ,

57 2261 150 2316 δεῖ
178 2271 442 2317 κοινωνεῖν
471 2268 636 2338 ταύτῃ
679 2268 766 2318 τὸν
796 2266 1052 2340 ἄρχοντα,
1113 2261 1292 2323 ἐπειδὴ
1353 2268 1527 2339 σωτὴρ
1586 2270 1678 2318 καὶ

56 2351 391 2426 ἓπιμελητὴς
422 2352 613 2425 ψυχῶν
669 2359 759 2406 καὶ
801 2355 1053 2426 σωμάτων
1085 2352 1216 2420 ἐστὶ,
1282 2362 1379 2406 τῶν
1412 2350 1560 2406 δυοῖν
1593 2349 1672 2420 δὲ,

57 2444 131 2504 ὡς
199 2443 336 2515 μετὰ
392 2444 589 2500 ταύτην
667 2444 920 2515 σωμάτων
990 2442 1157 2494 ούσῶν
1226 2447 1513 2515 σωτηρίων,
1595 2443 1676 2494 ἰπὶ

60 2532 278 2605 μείζονι
325 2535 408 2584 καὶ
467 2531 699 2585 ἐλάττονι
761 2535 953 2608 τρόπῳ.
995 2538 1053 2584 'll
1116 2534 1205 2605 μὶν
1261 2533 1363 2605 γὰρ
1415 2538 1507 2584 τοῦ
1556 2530 1673 2584 ὅλου

951 356 1305 414 THEODOBI
1333 356 1382 413 ΙΙ
1409 353 1552 412 ΙΜΡ.
1587 352 1677 408 DE
1707 347 2166 410 COMMUNIONE
2196 353 2571 412 NATURALI.

853 482 962 534 ἔστι
1001 478 1060 534 δὲ
1124 501 1227 534 τινι
1291 485 1363 554 μὴ
1423 483 1678 532 κοινωνεῖν
1742 479 1788 532 Α
1847 476 1984 536 ζῶου
2038 476 2202 550 φύλαξ
2253 477 2549 554 ἀνθρώπου,
2604 478 2632 536 ἡ
2701 473 2762 529 δὲ
2806 477 2950 551 παρά
3009 479 3178 550 μέρος.
3244 465 3447 552 ’ἰητρὸς

33 2761 194 2817 bens
223 2761 406 2820 solet:
450 2762 599 2837 quid
627 2762 789 2819 enim
819 2766 912 2819 est
933 2761 1098 2819 aliud
1147 2761 1376 2818 amicus
1407 2778 1594 2835 quam
1627 2761 1709 2817 al-

32 2855 123 2906 ter
146 2852 332 2924 ipse?
361 2855 510 2908 Nam
551 2853 776 2908 similes
823 2868 962 2908 cum
1019 2851 1312 2908 similibus
1368 2851 1711 2907 societatem

29 2943 377 2999 eonsitnere
404 2943 621 3003 solent.
637 2946 707 2999 At
728 2943 974 3017 suscipit
993 2958 1115 2998 non
1149 2941 1363 2998 similia
1381 2941 1710 3015 aliquando

26 3029 282 3103 aliquis,
304 3036 368 3086 ut
392 3031 640 3104 equum,
655 3032 894 3100 bovem,
919 3048 1161 3088 canem:
1185 3047 1362 3087 nemo
1389 3032 1546 3087 enim
1569 3047 1708 3087 eum

27 3135 192 3192 equo
225 3119 715 3177 communionem
764 3120 1036 3177 instituit.
1085 3122 1149 3176 lit
1169 3119 1370 3175 nullus
1398 3135 1516 3175 non
1550 3135 1710 3175 com-

24 3209 390 3265 munionem
409 3210 516 3266 init
537 3226 675 3266 cum
710 3210 914 3284 aliquo
948 3210 1213 3266 homine.
1250 3211 1367 3265 Usu
1391 3213 1592 3265 autem
1615 3225 1708 3265 ve-

25 3298 114 3352 nit
139 3297 498 3370 aliquando,
533 3298 799 3355 uthomo
822 3315 961 3354 cum
1025 3297 1227 3371 aliquo
1265 3298 1508 3353 homine
1538 3314 1704 3353 com-

25 3385 388 3443 munionem
416 3402 539 3443 non
567 3387 745 3454 ineat,
779 3387 886 3443 sed
914 3404 1053 3443 eum
1106 3386 1414 3459 suscipiat,
1447 3391 1511 3442 ut
1538 3385 1706 3442 miles

26 3473 256 3547 aliquis
293 3474 694 3548 hyeldopsum
730 3476 994 3548 suscipit,
1030 3475 1134 3531 sed
1159 3491 1281 3531 non
1331 3475 1703 3531 communio-

25 3579 170 3619 nem
197 3563 309 3619 init
342 3581 355 3620 :
385 3569 597 3619 atcum
622 3563 803 3620 milite
828 3565 1030 3638 aliquo
1062 3565 1552 3620 communionem
1575 3564 1699 3634 init,

28 3670 172 3710 cum
196 3670 358 3726 equo
384 3669 525 3710 vero
557 3659 659 3710 aut
686 3654 910 3728 lapide,
956 3659 1057 3710 aut
1097 3654 1317 3710 unione
1369 3657 1472 3708 aut
1501 3653 1706 3726 aliqua

26 3745 76 3813 ej
89 3743 412 3799 usmodire
437 3759 559 3800 non
577 3742 681 3799 init
704 3744 1194 3800 communionem
1219 3743 1698 3799 autsocietatem-

27 3833 352 3900 Praeterea,
383 3848 522 3888 cum
552 3831 853 3888 alimentis
904 3832 1396 3888 communionem
1423 3830 1528 3886 init
1561 3846 1702 3903 pro-

26 3924 160 3991 pter
185 3920 458 3991 corporis
489 3919 999 3991 constitutionem,
1035 3919 1140 3975 sed
1171 3925 1262 3975 est
1311 3917 1559 3990 aliquod
1611 3917 1698 3972 di-

25 4008 314 4063 scrimen.
349 4008 455 4064 Alii
482 4009 641 4064 enim
673 4007 823 4064 alios
857 4008 968 4064 sibi
1005 4008 1171 4064 cibos
1219 4011 1448 4079 optant.
1510 4009 1696 4062 Nemo

24 4112 167 4153 vero
195 4111 320 4151 non
333 4097 655 4170 participat
673 4097 1046 4167 alimentum,
1068 4101 1172 4153 aut
1191 4097 1388 4168 ipsum
1411 4096 1690 4168 suscipit;

1732 3081 1773 3138 Ο

3335 355 3472 411 1362

1845 568 1946 640 γὰρ
1974 564 2100 638 ἀνὴρ
2128 565 2324 618 πολλῶν
2356 565 2594 630 ἀντάξιος
2623 563 2806 630 ἄλλων,
2843 568 2961 638 περὶ
3016 559 3075 616 δὲ
3121 576 3442 639 στρατηγοῦ,

1849 655 1918 715 εἷς
1947 659 2147 728 μυρίοι,
2182 652 2423 714 δηλονότι
2456 656 2524 716 εἷς
2554 657 2739 716 πάντες
2772 672 2783 685 '
2815 654 2872 706 ού
2924 656 3026 726 γὰρ
3083 653 3189 707 εἷπε
3243 661 3442 730 μύριοι,

1847 740 1975 795 ἀλλά
2002 748 2202 819 μυρίοι,
2251 750 2406 797 τοῦτο
2463 739 2523 796 δὲ
2552 746 2609 796 τὸ
2659 744 2847 804 πάντες
2893 738 3065 800 δηλοῖ.
3112 750 3298 818 Πρώτη
3353 747 3443 817 μὲν

1847 829 1931 885 οὖν
1990 835 2020 891 ἡ
2073 838 2425 906 στρατιωτικὴ
2503 833 2565 896 ἧς
2634 831 2746 885 ἐστι
2801 837 2890 884 καὶ
2929 830 2982 895 ἐξ
3031 831 3096 894 ἧς
3150 835 3294 905 παρὰ
3347 842 3446 896 τῆς

1845 927 2056 998 πρώτης
2084 924 2228 975 καὶὸ
2259 925 2408 996 φύσει
2450 921 2765 995 στρατηγὸς,
2824 918 3068 996 δευτέραν
3109 918 3168 974 δὲ
3211 926 3444 994 κρίνομεν

1842 1017 1936 1070 τὴν
1996 1013 2255 1086 ἰατρικὴν,
2311 1015 2443 1086 μετὰ
2518 1009 2576 1064 δὲ
2627 1015 2819 1073 ταύτας
2893 1011 2952 1064 ού
3013 1020 3268 1064 κοινωνεῖν
3336 1010 3444 1066 δεῖν

1847 1109 1963 1162 ταῖς
2007 1101 2188 1164 ἀλλαις
2257 1105 2343 1154 τὸν
2395 1103 2635 1177 ἄρχοντα
2708 1099 2917 1172 λέγομεν
2977 1098 3087 1152 ἀλλ’
3133 1100 3442 1174 οἰκονομεῖν,

1848 1189 2142 1243 ἐπιτάσσων
2197 1193 2369 1263 ὥσπερ
2445 1189 2497 1253 ἐξ
2597 1188 2878 1265 ἀκρωρείας
2955 1192 3096 1252 τινὸς
3157 1191 3445 1262 καθήμενος

1847 1280 1982 1340 ὅπως
2033 1279 2146 1333 κατ’
2200 1278 2494 1352 ἐπιστήμην
2547 1284 2636 1332 καὶ
2702 1298 2858 1351 φυσιν
2903 1281 2962 1330 τό
3013 1284 3114 1331 πᾶν
3173 1275 3441 1347 διέπηται,

1846 1375 1936 1422 καὶ
1974 1374 2087 1442 περὶ
2145 1371 2234 1442 μὲν
2291 1376 2382 1421 τοῦ
2420 1373 2624 1440 πρώτου
2681 1375 2866 1434 ταῦτα,
2918 1375 3018 1419 τῶν
3059 1365 3109 1420 δ’
3162 1366 3326 1420 ἄλλων
3381 1371 3446 1421 τὰ

1849 1458 2072 1532 ἑπόμενα
2145 1463 2234 1510 καὶ
2295 1459 2414 1510 ὅσον
2469 1461 2532 1510 τὰ
2597 1457 2800 1529 ἔλλοσγα.
2884 1461 3085 1530 Χρῄζει
3121 1459 3223 1532 γὰρ
3289 1461 3379 1510 καὶ
3418 1459 3443 1510 ὁ

1846 1547 2126 1620 ἐλάχιστος
2180 1545 2471 1619 βλάνανσός
2546 1565 2683 1608 τινος
2742 1545 3097 1618 λογικότητος.
3170 1546 3263 1608 Ὃς

1848 1638 2028 1707 οὕτως,
2071 1640 2138 1700 ὡς
2167 1639 2391 1709 εἴρηται,
2441 1634 2688 1710 βιοτεύει,
2751 1638 3008 1710 μακάριος
3058 1635 3112 1698 ὃς
3143 1632 3192 1689 δ’
3224 1640 3281 1688 ού
3312 1644 3446 1709 φαῦ-

1843 1725 1945 1787 λος,
1970 1727 2111 1779 Ἐπεὶ
2145 1723 2204 1778 δε
2232 1731 2538 1797 πανταχόσε
2591 1728 2650 1777 τὸ
2681 1727 2832 1798 φύσει
2870 1733 2962 1777 τοῦ
3027 1727 3163 1778 θέσει
3214 1733 3444 1799 κρεῖττον

3319 1554 3445 1618 γοῦν

1845 1816 2025 1888 εὑρέθη
2060 1814 2113 1867 ἐκ
2144 1816 2347 1868 πάντων
2397 1823 2495 1867 τῶν
2548 1812 2596 1866 ἐν
2652 1823 2724 1886 τῷ
2791 1817 2972 1886 κόσμω
3025 1818 3202 1882 ὄντων,
3260 1810 3446 1886 μηδεὶς

1844 1903 2136 1958 ἀπατάσθω
2195 1910 2354 1976 τιμᾷν
2396 1907 2455 1957 τὸ
2501 1908 2572 1976 μὴ
2633 1908 2806 1975 τίμιον
2861 1903 2890 1962 ἢ
2947 1909 3201 1955 κοινωνεῖν
3251 1903 3391 1974 αύτῷ
3428 1924 3441 1936 ·

1842 1998 1939 2066 μία
1966 1995 2068 2068 γάρ
2100 1991 2242 2046 ἐστιν
2281 1995 2311 2052 ἡ
2366 1991 2558 2054 ἀληθὴς
2608 1993 2836 2063 εὐγένεια
2871 1996 2962 2044 καὶ
2991 1997 3116 2064 τιμὴ
3171 1991 3219 2044 ἐν
3273 1991 3444 2064 ἐμψύ-

1840 2103 1960 2156 χοις
2005 2101 2060 2135 τε
2135 2087 2225 2136 καὶ
2277 2080 2510 2153 ἀψύχοις
2563 2084 2610 2133 ἓν
2657 2081 2882 2153 λογικοῖς
2941 2085 3031 2132 καὶ
3094 2079 3298 2152 ἀλόγοις
3353 2087 3444 2134 καὶ

1837 2179 2018 2243 πᾶσιν,
2058 2173 2088 2230 ἠ
2141 2173 2292 2244 φύσει
2331 2171 2574 2242 εὐγένεια,
2626 2175 2716 2223 καὶ
2777 2175 2873 2242 μία
2927 2175 3168 2222 κοινωνία
3224 2172 3254 2228 ἡ
3309 2173 3444 2222 κατά

1837 2263 1990 2334 φύσιν
2031 2265 2121 2314 καὶ
2189 2262 2309 2312 ὅσον
2361 2263 2491 2334 πρὸς
2545 2258 2862 2332 ἐπιστήμην,
2932 2261 2986 2311 αἱ
3031 2255 3082 2311 δ’
3134 2259 3286 2311 ἄλλαι
3348 2259 3442 2310 ούκ

1835 2352 2055 2421 ἀγαθαί.
2149 2357 2328 2403 Ταῦτα
2394 2356 2518 2420 γοῦν
2569 2347 2918 2418 ἐξετάσαντες,
2978 2355 3181 2423 πρῶτον
3236 2351 3441 2419 εἴπομεν

1835 2438 1871 2492 ἂ
1897 2444 1988 2492 καὶ
2018 2435 2387 2512 κεφαλαιωδῶς
2419 2437 2612 2512 ἀπάρτι
2671 2437 2718 2490 ἐν
2775 2439 2904 2509 ἕκτῳ
2958 2438 3092 2510 λόγῳ
3144 2434 3444 2499 δηλωποιή-

1839 2549 2019 2592 σαντες
2048 2533 2139 2589 τὴν
2163 2531 2522 2604 πραγματείαν
2552 2527 2828 2601 ἐντελεχῶς
2859 2526 3203 2602 ἀπολύσομεν.

1813 2765 1986 2827 artes,
2002 2777 2137 2836 quae
2155 2777 2293 2818 eum
2311 2760 2409 2818 illa
2427 2761 3036 2834 supremahominum
3055 2776 3311 2834 corpora
3324 2775 3466 2817 con-

1813 2857 2071 2922 servant,
2103 2851 2284 2924 idque
2312 2851 2540 2922 majore
2562 2855 2617 2906 et
2644 2851 2873 2906 minore
2931 2850 3114 2906 modo
3146 2869 3159 2907 :
3196 2867 3318 2905 una
3338 2850 3467 2922 qui-

1810 2939 1950 2996 dem
1993 2945 2083 2995 est
2153 2945 2353 2996 custos
2404 2940 2584 2995 totius
2637 2939 2897 2995 hominis
2932 2958 2944 2996 :
2979 2939 3164 2995 altera
3203 2955 3344 2994 vero
3393 2954 3466 2994 ex

1811 3034 1989 3102 parte.
2022 3033 2192 3096 Nam,
2226 3033 2291 3086 ut
2321 3029 2400 3085 ait
2436 3029 2748 3099 Homerus,
2783 3029 2867 3084 vir
2939 3029 3207 3084 medicus
3261 3027 3462 3083 multis

1811 3117 1942 3174 aliis
1972 3123 2232 3192 praestat.
2265 3119 2413 3173 Cum
2449 3122 2645 3174 autem
2674 3117 2748 3173 de
2775 3118 2927 3172 duce
2966 3117 3258 3173 exercitus
3317 3115 3461 3186 agit.

1809 3209 1995 3277 Unus,
2022 3208 2235 3281 inquit,
2262 3212 2350 3264 est
2373 3209 2560 3264 instar
2589 3206 3140 3272 innumerabilium,
3174 3206 3459 3260 nimirum

1807 3303 1895 3354 est
1945 3314 2102 3354 unus
2158 3313 2630 3370 omneszneque
2671 3297 2829 3352 enim
2887 3295 3034 3352 dixit
3089 3297 3291 3369 μύριοι,
3353 3295 3459 3350 sed

1806 3391 2004 3460 μυρίοι.
2031 3386 2199 3452 Quod
2233 3387 2375 3443 satis
2417 3386 2758 3457 intelligitur
2807 3402 2878 3440 ex
2939 3387 3014 3440 eo
3071 3383 3238 3458 quod
3295 3383 3456 3448 dicit,

1805 3492 2038 3532 omnes.
2073 3481 2178 3532 Ars
2200 3476 2379 3545 igitur
2402 3475 2667 3531 militaris
2685 3479 2774 3530 est
2798 3475 2991 3548 prima
3012 3489 3199 3548 quam
3241 3471 3458 3528 deinde

1805 3571 2256 3640 consequuntur
2301 3565 2579 3638 reliquae:
2640 3569 2696 3620 et
2754 3565 2858 3638 qui
2919 3569 3132 3620 natura
3193 3567 3320 3619 est:
3366 3578 3456 3618 se-

1806 3655 2072 3709 cundum
2104 3670 2242 3709 vero
2264 3653 2342 3710 ab
2372 3653 2471 3709 illa
2512 3653 2873 3708 medicinam
2932 3667 3062 3707 esse
3107 3651 3454 3723 judicamus

1803 3759 1941 3798 cum
1963 3743 2110 3810 aliis,
2139 3759 2274 3817 quae
2306 3747 2754 3816 consequuntur
2774 3741 3260 3797 communionem
3292 3740 3454 3795 inere

1799 3847 1922 3888 non
1949 3833 2125 3888 debet
2149 3833 2488 3906 imperator,
2520 3831 2622 3887 sed
2645 3830 2774 3886 illas
2800 3845 3002 3899 regere
3045 3835 3338 3902 tanquam
3379 3844 3452 3884 ex

1799 3924 1922 3976 arte
1953 3922 2222 3994 quadam
2249 3921 2578 3993 imperans,
2628 3925 2690 3975 ut
2735 3919 2940 3974 omnia
2969 3934 3042 3973 ex
3101 3919 3348 3972 scientia
3395 3922 3451 3973 et

1797 4013 2009 4066 natura
2039 4010 2388 4066 efﬁciantur.
2425 4013 2504 4064 Ac
2533 4009 2606 4064 de
2645 4008 2840 4080 prima
2902 4006 3146 4079 quidem
3203 4005 3452 4062 scientia

1794 4099 1923 4154 haec
1954 4099 2112 4155 dicta
2129 4100 2262 4154 sint.
2293 4097 2429 4154 Alite
2449 4114 2587 4154 vero
2610 4100 3062 4170 consequuntur
3099 4110 3220 4168 quo
3253 4095 3446 4164 magis

24 4189 213 4258 atque
243 4201 314 4241 ex
344 4185 639 4243 alimentis
662 4185 992 4257 intelligunt
1027 4203 1237 4242 omnes
1260 4202 1388 4241 esse
1413 4191 1692 4242 naturam
1723 4223 1760 4275 Β
1793 4205 1929 4244 cum
1951 4189 2178 4244 ratione
2204 4187 2586 4244 conveniunt.
2618 4189 2765 4243 Nam
2824 4201 2920 4240 ars
2950 4183 3044 4240 vel
3075 4184 3324 4239 minima
3354 4200 3445 4239 se-

23 4280 79 4330 et
105 4275 632 4346 temperationem:
661 4292 730 4331 ac
767 4281 1046 4332 naturam
1102 4275 1347 4348 quidem
1397 4279 1692 4347 tempera-

23 4363 185 4419 tione
221 4379 350 4419 esse
371 4365 864 4436 praestantiorem.
899 4367 1043 4420 Nam
1077 4365 1401 4419 discrimen
1451 4364 1691 4420 alimen-

24 4457 229 4508 torum
257 4451 330 4507 ad
351 4453 612 4526 aliquem
645 4452 828 4510 finem
856 4457 1080 4526 spectat
1116 4457 1173 4508 et
1209 4454 1268 4508 in
1323 4453 1690 4525 quibusdam

25 4541 324 4597 consistit.
360 4541 713 4598 Communia
743 4548 944 4599 autem
988 4547 1044 4598 et
1067 4542 1259 4616 magis
1286 4541 1364 4597 ad
1409 4548 1691 4598 naturam

24 4629 378 4687 accedentia
407 4630 702 4686 elementa
725 4632 1024 4702 sapientes
1052 4630 1164 4686 sibi
1196 4632 1390 4701 potius
1442 4631 1687 4700 eligunt.

24 4719 273 4777 Excellit
299 4719 476 4790 igitur
506 4720 566 4776 in
593 4720 880 4776 omnibus
919 4720 1066 4776 illud
1097 4720 1264 4794 quod
1291 4725 1502 4777 natura
1527 4725 1690 4778 estet

24 4808 512 4882 prrestateiquod
537 4815 622 4864 est
653 4809 966 4882 positione.
1001 4811 1180 4865 Porro
1202 4825 1272 4866 ex
1290 4826 1531 4882 quoque
1549 4826 1688 4866 eum

23 4897 268 4954 medico
283 4897 771 4953 communionem
793 4897 919 4954 init.
934 4900 1069 4954 Tres
1085 4899 1242 4953 enim
1259 4903 1396 4953 sunt
1413 4914 1681 4954 commu-

23 4987 353 5044 nicationes
372 4987 714 5060 imperatori
733 4987 1396 5053 accommodatissimas,
1421 4988 1679 5060 philoso-

23 5077 176 5149 phia,
209 5075 439 5142 militia,
483 5077 780 5133 medicina
804 5093 942 5133 cum
974 5078 1095 5132 suis
1138 5093 1393 5150 quaeque
1416 5077 1676 5150 proprie-

23 5166 264 5223 tatibus.
304 5169 386 5220 Ae
410 5166 788 5240 nosquidem
857 5167 998 5222 satis
1056 5165 1494 5222 declaravimus
1551 5183 1672 5240 quo

23 5260 186 5312 )acto
207 5254 401 5310 multis
423 5255 622 5311 modis
646 5256 1137 5312 communionem
1162 5255 1322 5311 illam
1346 5259 1399 5312 et
1421 5272 1526 5329 per
1546 5272 1672 5312 om-

23 5343 106 5399 iia
134 5349 551 5416 permeantem
579 5344 886 5400 scientiam
929 5345 1282 5417 participare
1317 5344 1664 5401 debeamus.

24 5435 140 5504 ‘psa
155 5430 321 5487 enim
342 5436 430 5488 est
453 5434 726 5489 omnium
751 5433 1134 5490 scientiarum
1167 5438 1223 5489 et
1263 5434 1537 5489 omnium
1566 5435 1669 5491 ho-

23 5522 248 5576 ninum
270 5523 694 5593 conservatrix,
723 5522 896 5594 cujus
923 5527 1262 5595 compotem
1281 5527 1513 5595 oportet
1541 5539 1670 5580 esse

23 5614 460 5684 imperatorem,
478 5612 975 5687 quandoquidem
1007 5612 1350 5669 animorum
1380 5617 1437 5670 et
1466 5629 1672 5687 corpo~

23 5690 149 5761 tum
172 5697 267 5759 est
293 5705 558 5760 servator
576 5705 633 5760 et
652 5705 908 5761 curator;
949 5700 1098 5761 Cum
1152 5706 1351 5761 autem
1400 5701 1536 5761 dum
1557 5698 1674 5763 sint

1792 4277 2060 4333 dentaria
2091 4277 2335 4334 rationis
2380 4293 2494 4350 ope
2525 4275 2769 4344 indiget.
2803 4275 2915 4341 Qui
2960 4275 3137 4343 igitur
3179 4274 3260 4328 ita
3307 4273 3445 4329 vivit

1793 4367 1880 4438 (ut
1908 4365 2134 4421 dictum
2166 4367 2276 4436 est)
2299 4365 2510 4421 beatus
2541 4369 2628 4420 est
2659 4364 2798 4436 :qui
2831 4363 3015 4433 aliter,
3045 4363 3240 4418 miser.
3283 4364 3442 4428 Quo-

1788 4457 1951 4511 niam
1985 4461 2184 4510 autem
2217 4471 2288 4511 ex
2319 4454 2600 4510 omnibus
2630 4470 2764 4527 qua;
2820 4453 2878 4509 in
2928 4451 3207 4509 universo
3261 4451 3442 4508 modo

1792 4547 1921 4601 sunl
1943 4545 2088 4602 illud
2113 4545 2277 4618 quod
2305 4547 2518 4601 natura
2531 4548 2763 4601 constat
2789 4543 3168 4616 praestantius
3191 4558 3345 4607 esse,
3371 4558 3442 4596 eo

1789 4635 1952 4708 quod
1976 4635 2270 4707 positione
2315 4637 2567 4704 constat,
2621 4637 2997 4706 compertum
3029 4636 3150 4688 est:
3179 4647 3357 4687 nemo
3380 4631 3440 4686 in

1789 4720 2050 4781 errorem
2080 4724 2398 4780 inducatur
2420 4729 2482 4779 ut
2507 4722 2661 4779 colat
2685 4722 2851 4789 illud,
2886 4721 3050 4796 quod
3091 4737 3213 4776 non
3233 4725 3318 4776 est
3345 4736 3438 4775 co-

1785 4812 2052 4880 lendum,
2085 4812 2352 4884 illudque
2381 4811 2712 4884 participet.
2751 4814 2877 4866 Una
2908 4810 3066 4866 enim
3096 4824 3235 4864 vera
3273 4808 3440 4865 nobi-

1785 4901 1918 4958 litas
1935 4906 2041 4971 est,
2065 4917 2356 4974 verusque
2381 4901 2575 4956 honor
2598 4901 2652 4955 in
2676 4899 2953 4956 animatis
2981 4904 3037 4952 et
3069 4897 3436 4968 inanimatis,

1784 4990 1843 5045 in
1872 4991 2098 5046 ratione
2125 4990 2392 5062 praeditis
2420 4994 2474 5044 et
2501 4989 2749 5044 rationis
2790 4987 3154 5058 expertibus,
3215 5001 3437 5059 nempe

1781 5079 1881 5136 illa
1907 5080 2186 5136 nobilitas
2218 5095 2352 5152 qua:
2371 5084 2586 5134 natura
2615 5079 2867 5143 constat,
2899 5080 2956 5131 et
3007 5091 3126 5131 una
3166 5091 3436 5132 commu—

1780 5169 1998 5226 nicatio
2028 5174 2134 5236 est,
2157 5183 2366 5240 nempe
2388 5167 2487 5223 illa
2515 5182 2651 5239 quae
2679 5180 2750 5221 ex
2829 5166 3043 5222 natura
3091 5169 3176 5221 est
3209 5185 3220 5225 :
3249 5165 3433 5240 idque

1778 5263 2076 5332 quatenus
2100 5257 2178 5314 ad
2210 5257 2516 5313 scientiam
2571 5254 2910 5327 requiritur,
2959 5255 3088 5311 alite
3144 5270 3287 5310 vero
3309 5271 3428 5311 non

1779 5354 1918 5406 sunt
1947 5348 2142 5403 honre.
2175 5351 2309 5404 Haec
2336 5345 2512 5417 igitur
2532 5344 2795 5418 primum
2827 5343 3434 5414 anobisinvestigata

1779 5437 2084 5496 attulimus
2113 5453 2246 5510 quae
2295 5435 2641 5491 summatim
2696 5435 2756 5490 in
2799 5441 2965 5490 sexto
3025 5449 3303 5491 sermone
3346 5451 3433 5491 se-

1779 5527 1981 5601 quenti
2015 5525 2330 5599 complexi,
2355 5525 2770 5582 tractationem
2805 5521 2962 5582 hanc
3006 5524 3290 5582 omnibus
3319 5541 3430 5583 ηαδ

1781 5617 1960 5674 meris
1983 5615 2329 5676 absolutam
2349 5614 2698 5673 reddemus;
