3932 6326
490 354 506 405 t
519 351 621 406 363

2010 349 2369 405 ADDENDA.

3782 353 3880 406 {Si

710 611 1947 795 ΘΕΟΔΩΡΟΥ
2056 617 2502 792 ΤΟΥ
2603 619 3672 791 ΛΑΣΚΑΡΙ

1171 889 1302 935 ΤΟΥ
1337 888 1493 936 ΥῙΟΥ
1529 888 1845 937 ΜΕΓΑΑΟΥ
1883 889 2203 936 ΒΑΣΙΛΕΩΣ
2243 889 2457 956 ΚΥΡΟΥ
2490 889 2792 938 ΙΩΑΝΝΟΥ
2825 891 2958 938 ΤΟΥ
2994 890 3209 940 ΔΟΥΚΑ

1187 1049 1497 1162 ΤΗΣ
1580 1048 2265 1163 ΦΥΣΙΚΗΣ
2345 1047 3206 1166 ΚΟΙΝΩΝΙΑΣ

1735 1291 2129 1381 ΛΟΓΟΣ

2241 1291 2652 1378 ΕΚΤΟΣ.

1208 1659 2178 1799 THEODORI
2238 1656 3189 1796 LASGARIS

1313 1898 1470 1953 FILII
1511 1899 1731 1954 SUMMI
1766 1898 2238 1956 IMPERATORIS
2275 1898 2524 1956 DOMINI
2557 1897 2850 1955 JOANNIS
2887 1897 3091 1953 DUCzE

993 2067 1191 2174 DE
1294 2066 2172 2176 NATUBALI
2282 2063 3413 2178 COMMUNIONE

1800 2263 2123 2354 SEBMO
2195 2261 2607 2354 SEXTUS.

597 2619 904 2689 Ἀναγκαῖαι
931 2621 1021 2669 καὶ
1049 2625 1253 2689 πρῶται
1306 2618 1510 2669 πάντων
1566 2620 1724 2689 φύσις
1775 2621 1859 2669 καὶ
1900 2616 2123 2676 ἐπιστὴ-
2179 2621 2224 2672 Α
2285 2638 2366 2679 τις
2395 2615 2448 2670 εὖ
2477 2638 2537 2690 ’γε
2567 2621 2764 2690 φύσεως
2811 2618 2900 2684 ὢν,
2934 2617 2977 2670 εἰ
3034 2622 3104 2690 μὴ
3133 2637 3215 2669 τοι
3251 2622 3342 2670 καὶ
3375 2617 3696 2691 ἐπιστήμην
3728 2619 3761 2676 ἣ
3815 2621 3886 2688 μὲ-

524 2726 596 2779 μη
637 2727 648 2738 ·
683 2713 745 2778 τῇ
779 2708 869 2778 μὲν
900 2707 998 2778 ’γὰρ
1035 2707 1316 2776 συνάγεται
1346 2711 1492 2758 πᾶσα
1516 2711 1725 2774 κρᾶσις,
1770 2713 1831 2779 τῇ
1888 2703 1947 2759 δὲ
1975 2711 2125 2758 πᾶσα

523 2791 742 2848 παιδεία
783 2816 796 2827 ·
830 2795 914 2856 αἷς
945 2792 1059 2846 ἐστι
1088 2797 1146 2845 τὸ
1178 2797 1329 2867 φύσει
1357 2814 1410 2846 τε
1450 2799 1538 2846 καὶ
1564 2793 1623 2845 τό
1675 2796 1830 2847 θέσει.
1864 2799 2014 2866 Λέγω
2065 2791 2124 2848 δὲ

525 2887 678 2956 φύσει
707 2890 808 2936 πᾶν
860 2883 886 2935 ὃ
933 2903 985 2935 τι
1037 2882 1209 2952 καλὸν,
1262 2885 1400 2935 θέσει
1459 2881 1517 2936 δὲ
1554 2887 1612 2934 τὸ
1661 2881 1920 2936 δεικτικὸν
1963 2884 2123 2936 καλοῦ

523 2977 708 3045 καὶμὴ
741 2971 900 3024 καλοῦ
927 2976 1015 3023 καὶ
1040 2979 1224 3026 κακοῦ.
1285 2977 1506 3046 Πότερον
1571 2968 1659 3024 οὖν
1696 2977 1754 3024 τὸ
1803 2976 1951 3046 φύσει
2001 2972 2122 3025 πολ-

521 3060 698 3133 λαχῶς
745 3068 835 3113 τοῦ
886 3063 1023 3113 θέσει
1072 3058 1388 3133 ἀποδειχθὲν
1439 3067 1738 3136 τιμιώτερον
1826 3059 2121 3120 δηλοποιεῐν

523 3152 603 3203 ὅτι
632 3154 799 3203 καὶτὸ
839 3151 951 3203 κατ’
982 3150 1276 3222 ἐπιστήμην
1324 3159 1414 3203 τοῦ
1465 3154 1601 3204 κατὰ
1651 3155 1844 3224 τέχνην
1893 3155 2003 3204 ἐστὶ
2037 3172 2121 3204 τι-

523 3245 817 3312 μιώτερον;
864 3238 948 3298 Ὠς
992 3242 1093 3313 ’γὰρ
1135 3239 1203 3301 εἰς
1249 3242 1402 3312 φύσιν
1460 3245 1668 3313 κρᾶσις,
1719 3240 1854 3292 οὕτω
1907 3237 1975 3298 δὴ
2030 3244 2120 3291 καὶ

525 3327 594 3388 εἰς
652 3327 946 3399 ἐπιστήμην
995 3332 1177 3399 τέχνη,

525 3419 699 3488 φύσις,
760 3416 893 3466 οὕτω
949 3421 1230 3488 τιμιωτέρα
1281 3420 1474 3488 τέχνης
1530 3419 1559 3474 ἡ
1613 3416 1877 3490 ἐπιστήμη
1955 3439 1967 3451 ο
2031 3415 2123 3469 διὰ

1253 3333 1342 3379 καὶ
1414 3331 1482 3389 ὡς
1557 3333 1839 3404 τιμιωτέρα
1889 3332 2122 3402 κράσεως

522 3511 673 3555 τοῦτο
720 3509 809 3554 καὶ
861 3507 919 3554 τὸ
973 3503 1087 3555 κοίν’
1128 3503 1421 3576 ἐπιστήμην
1463 3512 1761 3578 γιγνόμενον
1819 3512 2122 3582 τιμιώτερόν

525 3591 641 3643 ἐστι
671 3599 761 3644 τοῦ
799 3595 934 3642 κατὰ
989 3597 1179 3663 τέχνην
1230 3597 1555 3665 γιγνομένου,
1611 3598 1679 3655 ὡς
1734 3600 1823 3647 καὶ
1874 3599 1932 3647 τὸ
1988 3599 2123 3648 κατὰ

525 3684 679 3753 φύσιν
724 3687 814 3732 τοῦ
854 3683 988 3732 κατὰ
1025 3687 1233 3756 κρᾶσιν.
1269 3689 1351 3734 Δεῖ
1401 3691 1525 3754 γοῦν
1579 3680 1671 3738 διὰ
1724 3692 1888 3736 ταῦτα
1944 3684 2123 3759 ἀρετῆς

523 3777 777 3821 κοινωνεῖν
810 3790 822 3802 ·
854 3778 1005 3821 τοῦτο
1057 3773 1156 3844 γὰρ
1210 3775 1384 3844 μίγμα
1421 3777 1510 3824 καὶ
1559 3771 1852 3846 ἐπιστήμης
1902 3779 1991 3826 καὶ
2032 3777 2120 3846 φύς

526 3878 672 3921 σεως.
713 3865 884 3911 Δείται
927 3861 1028 3934 γὰρ
1084 3860 1214 3918 αὕτη
1283 3870 1382 3913 τῶν
1445 3860 1740 3935 ἀμφοτέρων
1789 3884 1801 3895 ·
1844 3865 1965 3914 ὅσον
2017 3865 2119 3938 γάρ

2283 2728 2370 2781 ρος
2416 2713 2504 2760 καὶ
2560 2708 2664 2760 οἷον
2746 2705 3016 2779 ἆπήχημα
3066 2708 3256 2767 ταύτης
3333 2709 3471 2778 ἔχει,
3513 2707 3618 2759 οὐκ
3675 2708 3740 2759 ἄν

2286 2794 2472 2870 ἀρετὴν
2503 2796 2785 2871 ἐργάσεται
2824 2795 2905 2862 ἂν,
2934 2797 3107 2869 ὧσπερ
3149 2790 3271 2847 οὐδὲ
3310 2796 3336 2846 ὁ
3378 2799 3540 2867 μόνον
3606 2796 3886 2868 ἐπιστήμης

2285 2884 2538 2960 ἀκούσας,
2604 2885 2694 2937 οὐκ
2770 2887 2883 2957 ἔχει
2954 2881 3011 2937 δέ
3090 2888 3245 2956 φύσιν
3306 2884 3595 2956 ἐργάσεται
3677 2883 3880 2956 ἀταλᾶς).

2285 2972 2568 3026 Ἀδύνατον
2623 2970 2682 3026 δὲ
2735 2972 3029 3045 ἐπιστήμην
3083 2969 3275 3024 εἰδέναι
3325 2975 3444 3024 τινὰ
3500 2973 3689 3033 καλῶς
3742 2973 3886 3045 κεί-μ-

2287 3065 2406 3130 θώς,
2437 3063 2478 3115 εἰ
2525 3067 2597 3135 μὴ
2629 3067 2718 3114 καὶ
2773 3066 2927 3134 φύσιν
2981 3064 3092 3134 ἔχει
3147 3064 3278 3114 πάνυ
3317 3068 3604 3135 χρηστήν.
3671 3062 3882 3115 Ὑποεᾶ-

2287 3154 2384 3225 θρα
2421 3155 2510 3225 μὲν
2569 3147 2654 3203 οὖν
2708 3151 2821 3204 ἐστι
2854 3153 3004 3222 φύσις
3050 3155 3139 3201 καὶ
3193 3151 3298 3202 οἷον
3342 3149 3461 3209 ὕλη,
3503 3149 3788 3223 ἐπιστήμη

2284 3237 2424 3301 εἶδος
2494 3241 2599 3292 οἷον
2682 3245 2770 3291 καὶ
2844 3241 3102 3312 ἔκφανσις.
3156 3238 3354 3312 Ὠσπερ
3420 3241 3527 3313 γὰρ
3587 3244 3690 3291 καὶ
3737 3240 3886 3296 λίθςυς

2285 3327 2602 3403 ἀδιαφόρους
2661 3337 2731 3399 τῷ
2787 3333 3033 3401 σχήματι
3107 3326 3360 3400 βλέπομεν
3409 3332 3503 3379 καὶ
3536 3324 3599 3380 εὖ
3657 3349 3720 3401 τε
3770 3329 3884 3400 μέῖε

2284 3417 2483 3491 ἐτέρους
2536 3414 2814 3490 μονοειδῶς
2888 3414 3394 3489 ἐσχηματισμένους,
3464 3422 3563 3468 καὶ
3641 3414 3886 3492 διακείμε-

2281 3527 2370 3578 μεν
2423 3508 2558 3569 ὅπως
2613 3507 2775 3558 ἐκεῖσε
2839 3509 2897 3557 τὸ
2966 3503 3102 3567 εἶδος
3181 3511 3272 3564 τὴν
3338 3505 3468 3562 ὕλην
3529 3507 3605 3578 ἐμ

2281 3596 2310 3654 ἦ
2346 3598 2481 3668 φυτὰ
2529 3596 2558 3654 ἦ
2611 3596 2758 3669 ἕτερά
2788 3614 2925 3659 τινα,
2967 3595 3102 3646 οὕτω
3138 3591 3204 3652 δὴ
3246 3599 3335 3646 καὶ
3382 3598 3508 3656 τοὺς
3576 3593 3744 3668 βίους
3792 3593 3883 3647 διει-

2280 3690 2468 3759 κρίνειν
2554 3679 2838 3756 δυνάμεθα.
2919 3684 3012 3735 εἴθ’
3079 3683 3240 3744 οὕτως
3319 3687 3405 3734 καὶ
3468 3693 3750 3736 κοινωνεῖν
3801 3691 3884 3740 mi;

2283 3771 2494 3847 βιοῦσιν
2529 3794 2540 3806 ι
2584 3773 2655 3834 εἰς
2684 3775 2783 3846 γὰρ
2838 3774 2904 3824 τὰ
2948 3767 3255 3846 σφαιροειδῆ
3311 3773 3340 3830 ἣ
3395 3777 3724 3846 τετράγωνα
3773 3794 3882 3844 67;:-

2279 3883 2422 3936 ματοι
2481 3864 2673 3934 ἔχοντα
2714 3869 2925 3934 νοοῦμεν
3002 3863 3080 3913 ὅτι
3142 3859 3349 3933 ἁγαθῶς
3403 3860 3585 3913 ἐκεῖσε
3643 3866 3706 3915 τὸ
3775 3859 3882 3918 εἴξεις

569 4037 852 4094 Omnium
887 4054 1086 4094 rerum
1128 4039 1387 4095 maxime
1430 4039 1781 4095 necessariae
1823 4045 1879 4096 et
1938 4041 2144 4113 primae
2174 4041 2217 4093 Β
2252 4040 2326 4096 tis
2349 4056 2482 4096 esse
2507 4038 2826 4113 participes
2859 4057 2871 4107 ;
2904 4038 3034 4094 haec
3063 4038 3222 4094 enim
3265 4044 3356 4093 est
3384 4042 3634 4094 natura:
3659 4045 3718 4096 et
3748 4041 3890 4095 scien-

495 4131 632 4182 sunt
653 4132 868 4182 natura
904 4133 961 4183 et
989 4128 1268 4194 scientia;
1301 4129 1377 4184 ad
1411 4129 1570 4184 illam
1595 4130 1751 4184 enim
1784 4130 1980 4184 omnis
2002 4135 2144 4184 tem-

495 4216 722 4285 peratio
752 4221 1084 4281 revocatur,
1111 4216 1184 4271 ad
1209 4217 1364 4271 hanc
1388 4218 1583 4272 omnis
1606 4217 1857 4272 eruditio
1883 4235 1895 4272 :
1921 4218 2142 4289 quibus

493 4301 707 4356 deinde
739 4304 891 4358 inest
917 4303 1060 4359 illud
1092 4305 1250 4376 quod
1300 4311 1514 4361 natura
1562 4312 1649 4361 est
1701 4311 1755 4360 et
1812 4313 2043 4362 constat
2087 4311 2144 4361 et

493 4389 658 4461 quod
678 4391 987 4461 positione.
1020 4393 1188 4457 Quod
1214 4399 1427 4449 natura
1452 4399 1683 4451 constat
1702 4394 1846 4450 illud
1881 4395 2138 4467 appello,

492 4477 899 4550 quodcunque
913 4480 1229 4536 honestum
1244 4488 1396 4537 estet
1409 4482 1528 4537 bon
1539 4484 1836 4549 um.0uod
1852 4484 2141 4556 positione

494 4572 732 4622 constat
762 4566 902 4622 illud
925 4568 1182 4640 appello,
1202 4571 1366 4642 quod
1392 4572 1706 4628 honestum
1731 4578 1787 4629 et
1814 4590 1932 4628 non
1961 4575 2142 4629 boue-

492 4661 649 4711 stum
673 4660 852 4728 atque
871 4657 1097 4712 malum
1131 4661 1459 4731 susscipere
1482 4667 1692 4733 potest.
1729 4665 1932 4718 Utrum
1964 4665 2143 4731 igitur

489 4745 654 4819 quod
679 4750 891 4802 natura
909 4752 1142 4802 constat
1166 4749 1544 4820 praestantius
1564 4767 1693 4806 esse
1714 4768 1804 4818 eo,
1848 4753 2013 4823 quod
2039 4770 2140 4825 po-

492 4833 704 4908 sitione
734 4835 934 4890 multis
970 4834 1166 4890 modis
1206 4835 1682 4893 demonstratum
1735 4843 1823 4895 est
1851 4842 2063 4907 ?Quod
2095 4842 2140 4896 si

490 4917 697 4994 v'erum
732 4931 816 4980 est
839 4926 1223 4982 manifestum
1258 4928 1383 4994 erit,
1428 4928 1574 4983 illud
1623 4931 1788 5002 quod
1833 4948 1903 4986 ex
1959 4932 2142 4986 scien-

491 5012 572 5068 tia
606 5030 676 5069 eo
697 5013 860 5086 quod
889 5021 976 5070 est
1002 5032 1073 5070 ex
1097 5021 1242 5083 arte,
1271 5031 1401 5071 esse
1438 5019 1832 5088 praestantius.
1871 5021 1936 5074 llt
1980 5020 2139 5074 enim

488 5103 841 5174 temperatio
873 5120 933 5158 sc
956 5103 1136 5160 habet
1164 5105 1238 5160 ad
1299 5110 1613 5162 naturam:
1648 5107 1728 5162 ita
1769 5124 2012 5179 quoque
2044 5125 2140 5163 ars

2253 4129 2658 4186 tiaeadmistio.
2679 4131 2896 4184 Natura
2914 4128 3073 4182 enim
3101 4133 3371 4200 utraque,
3390 4143 3626 4200 nemqe
3646 4129 3849 4185 virtute
3861 4135 3896 4182 et

2253 4218 2492 4273 scientia
2531 4222 2681 4285 eget.
2716 4219 2861 4272 Nam
2881 4233 3003 4289 quo
3039 4217 3254 4289 aliquis
3275 4220 3362 4270 est
3382 4221 3614 4272 natura
3646 4217 3894 4274 feliciora

2250 4309 2362 4363 nisi
2385 4307 2692 4363 scientiam
2715 4312 2818 4362 aut
2833 4306 3091 4362 scientiae
3113 4309 3361 4378 partem.
3392 4306 3722 4377 autipsius
3742 4308 3893 4362 scien-

2249 4396 2345 4450 tiae
2361 4395 2687 4465 imaginem
2701 4394 3034 4467 quamdam
3047 4393 3286 4461 habeat,
3301 4391 3448 4448 nihil
3463 4409 3752 4466 unquam
3767 4403 3876 4468 pote

2248 4487 2413 4541 ritex
2436 4486 2646 4540 virtute
2673 4500 2870 4554 agere,
2899 4489 2963 4539 ut
2987 4485 3167 4540 etiam
3227 4483 3330 4556 qui
3387 4482 3729 4541 scientiam
3779 4485 3889 4540 dun

2250 4580 2414 4632 taxat
2460 4574 2742 4649 percepit,
2814 4590 2924 4629 nec
2979 4573 3160 4630 habet
3211 4578 3516 4640 naturam,
3567 4572 3728 4630 boni
3784 4571 3891 4629 nini

2251 4669 2531 4736 praestare
2593 4667 2805 4736 potest.
2870 4663 3012 4718 Fieri
3059 4667 3255 4717 autem
3306 4661 3518 4733 nequit
3589 4670 3660 4719 ut
3715 4663 3889 4736 aliquis

2248 4753 2401 4808 bene
2431 4758 2483 4808 et
2514 4751 2890 4808 laudabiliter
2911 4751 3218 4806 scientiam
3251 4754 3466 4818 teneat,
3518 4750 3645 4804 nisi
3713 4760 3889 4807 natura

2249 4842 2497 4898 omnino
2527 4841 2688 4896 bona
2722 4841 2796 4895 sit
2821 4841 3132 4912 praeditus.
3169 4838 3596 4906 Naturaigitur
3614 4841 3888 4896 velutius-

2249 4931 2602 4986 damentum
2634 4936 2690 4985 et
2729 4929 3013 4991 materia;
3060 4928 3305 4984 scientia
3343 4943 3488 4982 vero
3513 4935 3610 4984 est
3641 4930 3828 4986 forma
3852 4937 3887 4983 ei

2247 5022 2423 5076 veluti
2455 5019 2788 5093 patefactio.
2833 5018 3074 5075 Utenim
3099 5016 3325 5088 lapides
3363 5017 3565 5088 ﬁgura
3599 5035 3733 5075 non
3759 5020 3886 5076 diﬁc-

2247 5114 2442 5164 rentes
2463 5109 2764 5162 cernimus
2804 5110 2860 5163 et
2889 5107 3036 5162 alios
3075 5104 3392 5161 artificiose
3432 5109 3492 5159 et
3535 5107 3888 5164 uniformiter

491 5206 552 5244 se
584 5190 764 5246 habet
795 5192 867 5245 ad
893 5191 1223 5250 scientiam.
1257 5195 1321 5248 Et
1351 5199 1413 5248 ut
1439 5201 1650 5250 natura
1707 5201 1793 5250 est
1845 5203 2138 5268 tempera-
2178 5180 2216 5233 C
2246 5197 2558 5266 ﬁguratos,
2584 5201 2763 5268 atque
2785 5193 3182 5250 discernimus
3210 5210 3332 5266 quo
3363 5200 3544 5266 pacto
3572 5193 3704 5252 illic
3729 5196 3886 5253 forma

490 5279 646 5335 tione
678 5282 1070 5352 praestantior,
1113 5283 1194 5337 ita
1220 5284 1398 5338 etiam
1432 5284 1679 5339 scientia
1705 5289 1793 5340 est
1821 5291 1941 5340 arte
1995 5302 2139 5357 prse-

487 5369 757 5424 stantior.
787 5369 1190 5434 Quamobrem
1219 5369 1358 5425 illud
1399 5373 1564 5444 quod
1597 5389 1665 5428 ex
1697 5373 1938 5429 scientia
1967 5375 2142 5430 efﬁci-

488 5464 583 5511 tur
604 5459 986 5528 praestantius
1030 5464 1117 5514 est
1159 5475 1230 5514 eo
1273 5461 1436 5532 quod
1494 5477 1563 5516 ex
1622 5468 1744 5518 arte
1785 5462 2055 5529 efﬁcitur,
2080 5469 2142 5518 ut

488 5546 666 5599 etiam
691 5545 833 5600 illud
874 5547 1035 5617 quod
1065 5552 1155 5602 est
1210 5565 1278 5603 ex
1309 5565 1524 5618 natura
1562 5552 1940 5624 priestautius
1962 5560 2047 5607 est
2069 5569 2139 5607 eo

487 5633 654 5714 quod
685 5639 861 5706 este;
881 5637 1328 5716 temperatione.
1356 5639 1550 5702 Quare
1583 5645 1942 5714 oportetnos
1962 5641 2136 5712 virtu-

2247 5286 2558 5341 materiam
2636 5283 2997 5352 informavit,
3070 5287 3194 5338 tum
3239 5281 3502 5356 plantas,
3542 5287 3681 5340 tum
3741 5287 3884 5342 etiam

2246 5374 2528 5446 quaelibet
2566 5373 2701 5430 alia.
2733 5373 2814 5428 ita
2841 5389 3085 5445 quoque
3125 5371 3356 5427 vivendi
3414 5386 3648 5441 ger-era
3695 5375 3884 5431 discer-

2248 5479 2386 5518 nere
2411 5479 2766 5535 possumus:
2797 5461 3014 5516 deinde
3047 5478 3183 5516 cum
3241 5461 3356 5516 hoc
3414 5468 3520 5515 aut
3580 5461 3694 5518 illo
3733 5465 3884 5519 modo

2247 5552 2585 5608 viventibus
2621 5550 3115 5606 communionem
3136 5549 3377 5605 habere.
3404 5552 3555 5606 Cum
3577 5553 3748 5608 enim
3790 5555 3884 5609 ani

2244 5641 2681 5719 madvertimus
2711 5641 2970 5713 formam
2989 5639 3150 5706 illam
3173 5637 3246 5707 de
3269 5637 3537 5705 bonitate
3563 5641 3882 5728 praedican—
