3932 6326
41 337 187 398 1365
925 339 1283 396 THEODORI
1317 340 1364 393 Il
1402 335 1548 392 IMP.
1589 327 1680 390 DE

1825 325 2187 397 HMUNIONE
2222 344 2606 405 NATURALI.
3342 333 3484 409 13156

20 467 377 538 ’ἑμόρφωσεν
433 465 464 525 ἦ
518 467 585 518 τὰ
631 468 884 539 τρίγωνα,
939 463 1194 538 ἐξαίρετον
1250 458 1310 514 δὲ
1353 463 1414 513 τὸ
1480 467 1688 551 πρῶτον
1751 463 1798 514 Α
1853 479 1950 551 τως
2007 465 2154 536 αὐτὸ,
2215 471 2349 521 ἔστω
2400 473 2459 522 1'6
2515 473 2618 524 ΑΒ
2650 475 2688 522 Γ
2726 473 3122 546 Δτετροίσγωνον,
3181 469 3458 551 διάμετροι

61 559 159 606 καὶ
192 550 307 606 οἷον
337 554 459 612 ὃλην
486 558 581 613 τήν
604 560 694 606 τοῦ
735 550 904 614 εἴδους
957 555 1079 626 ἔχον
1141 552 1326 623 ἰσχύνέ
1349 571 1362 584 -
1414 546 1594 608 ἐπειδὴ
1630 545 1690 600 δὲ
1855 547 1914 604 δε
1935 553 1964 610 ἡ
1998 561 2033 606 Β
2054 560 2092 606 Γ
2120 561 2166 609 Ν
2195 563 2241 610 Ω
2269 562 2515 631 τέμνουσι
2544 555 2602 612 δε
2645 545 3056 632 συζευγνύμεναι
3115 545 3287 614 αὗται
3323 545 3459 617 κατὰ

20 689 21 692 η
60 649 224 695 πᾶσα
295 645 326 702 ἡ
389 643 546 695 αὐτοῦ
591 643 861 715 ἐπιφάνεια
922 646 1051 717 πρὸς
1131 643 1189 693 1'6
1229 643 1432 713 κέντρον
1468 638 1498 696 ἣ
1554 641 1686 712 πρὸς
1851 643 1907 692 τὸ
1955 647 2162 718 κέντρον
2190 650 2322 700 Χτὸ
2367 647 2479 700 ὅλον
2530 651 2599 710 εἷς
2640 667 2696 700 τε
2747 645 2844 701 δύο
2893 649 3153 723 τραπέζια
3205 655 3296 704 καὶ
3347 657 3457 728 τρί-

63 736 230 804 ὅγκον
263 732 438 795 ἐξίσου
469 729 749 805 ἐκδέχεται
802 731 973 803 λεῖψιν
1002 732 1032 792 ᾖ
1069 731 1330 795 ἐπίτασιν,
1382 728 1475 780 οὐκ
1513 729 1687 779 ἄνισοι
1850 749 1992 800 γωνα
2067 733 2112 786 θ’
2185 737 2437 798 ὡσαύτως
2505 733 2623 803 δύο,
2661 736 2991 796 ἐκϐεϐλήσθω
3025 740 3055 797 ἠ
3086 744 3135 792 Ν
3166 743 3205 793 Α
3238 740 3333 803 ἕως
3359 749 3458 804 τῆς

65 821 359 894 συμϐῶσιν
385 823 578 876 εὐθεῖαι
605 824 659 874 αἱ
703 823 834 896 πρὸς
871 824 930 874 1'6
987 825 1196 895 κέντρον
1241 817 1544 893 ἐρχόμεναι,
1572 819 1689 870 οὔτε
1853 824 1884 869 Σ
1919 840 1931 852 ·
1964 822 2097 873 ἔστω
2128 819 2189 875 δε
2213 825 2333 886 ὡςή
2367 831 2413 877 Ν
2453 831 2492 880 Α
2524 827 2554 885 ἠ
2599 831 2628 880 Δ
2658 833 2690 879 Σ
2729 847 2743 861 '
2775 825 3107 886 ἐκϐεϐλήσθω
3135 823 3196 880 δί
3224 833 3314 882 καὶ
3344 830 3374 887 ἠ
3407 837 3455 883 Ω

63 915 174 984 μὴν
208 913 269 964 αἱ
297 916 425 987 πρὸς
453 916 541 965 τὸν
577 912 730 984 ὄγκον
783 915 1070 985 τεινὸμεναι
1123 906 1217 962 διὰ
1263 911 1356 967 τὴν
1405 908 1688 980 πρόσθεσιν
1852 912 1892 960 Γ
1914 914 2004 962 καὶ
2059 913 2090 970 1';
2119 917 2159 964 Γ
2186 919 2233 966 Ψ
2267 915 2387 977 ὡςή
2423 920 2464 968 Α
2491 920 2530 968 Γ
2557 935 2570 949 '
2599 913 2922 988 ἆχθὴτωσαν
2988 911 3049 969 δὲ
3091 921 3181 971 καὶ
3228 916 3329 972 ἀπὸ
3359 927 3452 974 τοῦ

62 1001 94 1058 ἢ
121 1006 226 1060 τὴν
256 1001 448 1073 λείψιν,
482 1001 591 1053 ἀλλ’
640 999 756 1054 ἶσαι
792 1000 1035 1061 ἁ)λὴλαις
1084 1003 1345 1072 μένουσιν.
1393 995 1549 1050 ’Λλλὰ
1599 1001 1689 1048 καὶ
1849 1003 2061 1074 κέντρου
2102 999 2295 1056 εὐθεῖαι
2345 1007 2477 1077 πρὸς
2524 1005 2591 1058 τὰ
2621 1012 2666 1058 Θ
2694 1009 2860 1059 Μκαὶ
2920 1002 3071 1070 αὖθις
3123 1006 3451 1068 ἑκϐεϐλήσθω

60 1096 221 1142 πᾶσα
265 1087 548 1163 διάμετρος
585 1095 930 1165 περαιουμένη
993 1086 1088 1142 διὰ
1151 1093 1242 1140 τοῦ
1280 1090 1492 1160 κέντρου
1524 1084 1688 1138 αὐτοῦ

58 1180 158 1236 ἴση
208 1187 307 1231 ταῖ
376 1183 572 1240 πάσαις
625 1179 756 1242 ἐστὶ,
819 1179 916 1230 κᾶν
960 1183 1053 1231 τοῦ
1113 1175 1397 1239 ἐλάττονος,
1449 1172 1544 1225 κᾶν
1594 1181 1688 1226 τοῦ

59 1272 328 1341 μείζονος.
365 1275 571 1344 Πρῶτος
600 1272 690 1342 μὲν
713 1264 799 1321 οὖν
864 1271 923 1320 1'6
953 1264 1096 1328 εἶδος
1139 1266 1274 1318 κατὰ
1317 1265 1468 1314 πόιὸν
1519 1281 1688 1336 κρειτ-

59 1364 235 1419 τόνως
311 1363 407 1417 τὴν
484 1366 708 1432 σφαῖραν
765 1357 1052 1431 ἐμόρφωσε,
1114 1353 1369 1426 δευτέρως
1413 1348 1474 1405 δέ
1523 1371 1584 1423 γε
1628 1354 1687 1404 τὸ

60 1450 421 1519 τετράγωνον,
451 1444 685 1521 διαφέρει
709 1445 768 1500 δὲ
824 1449 905 1499 ὃτι
955 1449 1015 1498 1'6
1083 1447 1174 1518 μὲν
1229 1443 1309 1495 ἀεὶ
1356 1446 1447 1493 καὶ
1497 1457 1688 1492 παντα-

61 1536 256 1605 χόθεν,
321 1536 411 1598 τάς
475 1556 532 1590 τε
589 1533 900 1610 διαμέτρους
944 1538 1039 1597 τάς
1094 1551 1150 1586 τε
1203 1534 1336 1605 πρὸς
1374 1533 1433 1582 1'6
1479 1533 1686 1603 κέντρον

66 1616 454 1697 εἰσερχομένας
504 1629 775 1700 γραμμὰς,
833 1623 1012 1679 διόλου
1081 1626 1221 1696 φέρει
1276 1618 1472 1684 ὶξίσου,
1523 1621 1581 1670 τὸ
1626 1614 1686 1670 δὲ

59 1713 128 1763 τὰ
159 1716 260 1784 μὲν
315 1718 445 1789 μέρη
505 1713 597 1769 ἶσα
633 1718 749 1788 ἔχει
793 1720 904 1782 καὶ,
957 1713 1000 1767 εἰ
1049 1716 1305 1784 τέμνοιτο,
1362 1707 1392 1766 ἣ
1447 1705 1680 1774 αὔξοιτο,
1745 1738 1783 1792 Β

1983 1173 3328 2224 ι

1829 2375 1860 2434 ἡ
1897 2383 1943 2430 Θ
1973 2377 2067 2440 ἓως
2083 2385 2181 2441 τῆς
2208 2385 2242 2431 Σ
2271 2381 2340 2442 ὡς
2377 2380 2436 2432 τὸ
2464 2385 2511 2433 Θ
2539 2382 2631 2432 καὶ
2675 2381 2738 2433 1'6
2792 2384 2996 2456 κέντρον
3015 2388 3066 2438 Χ
3094 2381 3320 2457 ἀχθήτω
3373 2381 3434 2440 δι

1826 2468 2342 2532 καὶἡΣΡέωςτῆς
2396 2474 2446 2523 Ψ
2499 2488 2592 2532 κας
2638 2470 2753 2523 ἔστι
2811 2473 2871 2524 τὸ
2919 2479 3019 2536 τῆς
3060 2479 3184 2527 ΝΩ
3239 2469 3433 2547 διαμέ-

1825 2575 1973 2631 τρου,
2025 2559 2145 2618 ἴσας
2199 2559 2323 2630 ἔχον
2372 2559 2690 2631 τετράγωνον
2734 2559 2828 2622 τὰς
2881 2559 3104 2637 πλευρὰς
3132 2559 3246 2616 ἶσον
3291 2570 3363 2634 τῷ
3388 2567 3429 2616 Δ

1827 2652 1922 2700 ΒΓ
1959 2651 2340 2721 Δτετραγώνῳ.
2407 2645 2496 2710 Ὠς
2579 2649 2680 2724 γὰρ
2753 2652 2914 2721 μέσον
2997 2657 3094 2716 τῆς
3146 2653 3350 2706 ΝΩτό
3381 2659 3433 2708 Χ

1823 2740 2052 2810 κέντρον,
2106 2735 2266 2796 οὕτως
2319 2730 2388 2794 δὴ
2445 2739 2534 2790 καὶ
2584 2743 2681 2798 τῆς
2735 2742 3025 2811 ΒΔμέσον
3080 2742 3140 2794 1'6
3168 2745 3217 2794 N
3245 2742 3429 2794 ὡσαύ-

1823 2845 1926 2885 τως
1945 2821 2006 2877 δε
2032 2829 2123 2876 καὶ
2145 2832 2243 2886 τῆς
2269 2831 2303 2876 Δ
2330 2831 2368 2876 Γ
2393 2828 2452 2877 1'6
2491 2831 2557 2892 Ω,
2606 2825 2734 2879 ἀ)λὰ
2769 2832 2860 2880 καὶ
2914 2835 3008 2891 τῆς
3036 2834 3075 2881 Γ
3097 2832 3147 2883 Α
3176 2832 3236 2883 1'6
3267 2837 3313 2884 Θ
3334 2835 3426 2884 καὶ

886 2638 1223 2849 θ

49 2918 143 2974 ἶσα
196 2927 290 2974 καὶ
325 2922 477 2974 πάλιν
529 2922 644 2991 ἔχει
681 2922 747 2971 τὰ
809 2923 966 2994 μέρη,
1024 2919 1158 2977 πλην
1205 2921 1296 2980 τὰς
1349 2916 1663 2994 διαμέτρους
1823 2921 1914 2974 τῆς
1942 2920 2040 2965 ΒΔ
2071 2917 2127 2965 τὸ
2157 2919 2232 2970 Μ.
2289 2912 2432 2966 Ἐπεὶ
2485 2909 2688 2968 δὲτὸΜ
2719 2922 2766 2969 Χ
2821 2911 3099 2990 διάστημα
3150 2915 3264 2971 ἶσόν
3311 2917 3425 2972 ἔστι

44 3007 268 3072 ἀνίσους
299 3013 428 3085 πρὸς
465 3011 522 3059 1'6
563 3012 768 3080 κέντρον
808 3009 922 3079 ἔχει
974 3003 1030 3059 τε
1088 3013 1177 3059 καὶ
1230 3008 1398 3068 ἴσους.
1445 3002 1657 3065 Ἐπειδὴ
1724 3032 1764 3087 C
1820 3009 1893 3072 τῷ
1923 3007 1971 3056 Χ
2000 3008 2046 3053 Θ
2073 3005 2163 3051 καὶ
2187 3003 2246 3052 τὸ
2279 3008 2325 3054 Θ
2350 3008 2387 3053 Ρ
2422 2997 2534 3053 ἶσόν
2566 3000 2678 3054 ἔστι
2704 3009 2776 3073 τῷ
2807 3011 2855 3058 Χ
2884 3011 2938 3058 Μ
2966 3006 3034 3058 τὰ
3063 2999 3122 3058 δέ
3165 3013 3236 3076 τῷ
3280 3004 3422 3078 αὐτῷ

41 3099 144 3172 γὰρ
232 3095 290 3150 αἱ
354 3100 444 3170 μὲν
495 3097 955 3168 σχηματισθεῖσαι
1012 3093 1124 3148 ἶσον
1180 3095 1304 3148 αὐτό
1360 3100 1451 3148 καὶ
1510 3095 1658 3147 πᾶλιν
1737 3085 1763 3087 ⁷
1823 3085 1914 3142 ἶσα
1950 3095 2040 3142 καὶ
2069 3087 2303 3150 ἀλλήλοις
2329 3086 2422 3142 ἶσά
2451 3087 2582 3162 ἔστι,
2617 3095 2707 3144 καὶ
2734 3093 2802 3144 τὰ
2827 3093 2932 3166 ἄρα
2966 3098 3020 3147 M
3048 3101 3116 3158 X,
3138 3097 3189 3148 Χ
3217 3101 3284 3163 Θ,
3317 3099 3357 3150 Θ
3383 3101 3421 3148 P

40 3194 309 3256 ποιοῦσιν,
342 3187 397 3239 αἱ
429 3181 488 3239 δὲ
520 3187 706 3238 τούτου
749 3179 1048 3251 διπλάσιον,
1106 3179 1274 3248 δεῖξαι
1325 3181 1385 3238 δὲ
1433 3181 1515 3237 δεῖ
1566 3185 1653 3236 οὗ·
1819 3175 2166 3254 διαστήματα
2193 3174 2289 3232 ἶσα
2318 3177 2559 3242 ἀλλήλοις
2612 3178 2724 3234 ἐστὶ
2749 3184 2861 3248 καὶ,
2900 3179 2985 3236 ἰπὶ
3019 3185 3078 3235 τὸ
3131 3189 3181 3238 Χ
3211 3186 3418 3260 κέντρον

19 3363 565 3433 dam,informasse
578 3361 1322 3434 globosas,triangulares,
1348 3363 1671 3435 etquadra-
1781 3371 1901 3432 que
1930 3355 2106 3414 modo
2135 3357 2196 3413 in
2227 3356 2349 3414 duo
2391 3357 2708 3430 triangula.
2734 3358 2913 3416 Linea
2943 3362 3146 3417 autem
3175 3359 3272 3418 NA
3297 3375 3439 3435 pro-

19 3455 99 3505 tas
139 3451 391 3522 ﬁguras,
425 3455 545 3508 tum
571 3450 716 3506 illud
748 3450 807 3505 in
825 3455 1084 3506 mentem
1117 3466 1470 3506 revocamus
1505 3448 1670 3522 quod
1781 3447 2035 3504 ducatur
2067 3462 2255 3520 usque
2282 3448 2348 3514 Ο.
2373 3449 2510 3505 Esto
2531 3452 2735 3505 autem
2765 3447 2924 3507 linea
2950 3449 3046 3518 ΑΟ
3060 3449 3294 3508 utlinea
3322 3453 3436 3508 NA.

19 3538 300 3595 jiximus.
336 3541 434 3595 Est
464 3547 664 3596 autem
715 3539 908 3611 prima
968 3539 1071 3596 illa
1139 3539 1337 3609 ﬁgura
1380 3539 1671 3610 sphterica

19 3629 530 3699 praestantissima,
557 3643 691 3701 quae
717 3627 895 3684 veluti
925 3633 1111 3684 totam
1142 3627 1352 3684 formae
1376 3628 1498 3683 vim
1517 3627 1668 3683 obti-

19 3725 126 3772 net.
166 3718 462 3784 Quoniam
488 3718 650 3773 enim
676 3722 798 3773 tota
825 3717 1016 3789 ipsius
1049 3715 1397 3789 superﬁcies
1427 3717 1504 3772 ad
1527 3732 1668 3773 cen-

19 3811 195 3870 trum,
223 3812 277 3862 et
313 3805 391 3862 ad
440 3805 660 3862 molem
722 3810 810 3861 est
864 3805 1170 3878 mqualiter
1226 3807 1559 3878 composita
1615 3811 1672 3862 et

20 3895 322 3967 aequaliter
352 3896 605 3967 suscipit
652 3895 1120 3950 subtractionem
1174 3901 1230 3950 et
1275 3893 1666 3950 additionem.

19 4001 160 4039 sane
189 3990 364 4040 rectae
390 3984 581 4052 lineae,
611 3999 747 4055 qute
778 3985 856 4040 ad
897 3989 1167 4040 centrum
1183 3983 1550 4051 deferuntur,
1584 3982 1669 4038 in-

19 4073 278 4145 aequales
298 4089 427 4129 esse
448 4089 569 4129 non
598 4078 898 4146 poterunt,
931 4089 1127 4145 neque
1159 4073 1337 4128 etiam
1373 4071 1486 4128 illas
1530 4087 1669 4144 quas

19 4162 85 4216 ad
121 4161 345 4217 molem
375 4162 646 4226 tendunt,
691 4161 812 4216 sive
843 4160 1035 4217 addas
1068 4161 1191 4216 sive
1247 4161 1502 4226 adimas,
1562 4160 1669 4217 sed

19 4249 276 4322 aequales
299 4252 455 4307 inter
479 4266 540 4306 se
567 4249 922 4306 manebunt.
951 4251 1103 4315 Quin
1132 4249 1310 4306 etiam
1333 4251 1531 4306 omnis
1544 4249 1669 4306 dia-

19 4335 386 4395 neterducta
406 4353 514 4410 per
540 4343 810 4392 centrum
823 4337 1035 4410 ipsius,
1075 4338 1432 4409 estaequalis
1471 4338 1664 4395 omni-

19 4442 116 4480 )us
144 4426 472 4495 diametris,
500 4427 704 4482 tumin
736 4426 988 4495 minore,
1017 4432 1145 4483 tum
1192 4428 1372 4484 etiam
1425 4429 1485 4483 in
1541 4444 1667 4484 ma-
1697 4425 1742 4478 D

26 4532 128 4571 ore
151 4515 352 4585 globo.
377 4516 640 4571 Primum
672 4516 850 4585 igitur
874 4513 1072 4571 forma
1097 4532 1168 4571 ex
1197 4513 1480 4588 qualitate
1505 4532 1662 4588 pras-

19 4604 261 4659 stantius
293 4603 542 4674 globum
560 4603 923 4660 informavit.
956 4604 1230 4661 Secundo
1249 4603 1385 4661 loco
1401 4606 1662 4676 quadra-

20 4710 154 4749 :um.
188 4693 478 4750 Diﬂ‘erunt
510 4701 711 4749 autem
737 4693 891 4749 inter
919 4709 1002 4762 se,
1034 4693 1198 4766 quod
1228 4695 1465 4767 sphaera
1494 4696 1658 4752 omni

19 4787 272 4872 :xparte
305 4783 634 4839 diametros
669 4791 725 4838 et
752 4782 828 4838 ad
882 4787 1154 4839 centrum
1209 4784 1423 4840 ductas
1472 4785 1657 4842 lineas
1767 4797 2132 4852 Producatur
2159 4812 2404 4870 quoque
2424 4797 2584 4855 linea
2609 4798 2698 4856 oc
2727 4815 2920 4872 usque
2965 4799 3045 4856 ad
3102 4799 3139 4856 s
3193 4801 3252 4855 et
3287 4799 3419 4855 esto

20 4871 226 4927 labent
254 4873 534 4944 aequales.
606 4873 975 4937 Quadratum
1042 4889 1183 4928 vero
1232 4880 1431 4946 partes
1476 4875 1658 4932 habet
1762 4883 1923 4941 linea,
1949 4885 2028 4942 CS
2064 4889 2126 4942 ut
2152 4885 2312 4942 linea
2355 4885 2464 4943 0C,
2510 4888 2799 4944 Prmterea
2826 4871 2837 4872 γ
2881 4887 3182 4945 ducantur
3239 4886 3418 4942 linea

19 4961 266 5048 equales
294 4971 350 5016 et
398 4961 524 5016 sive
559 4965 792 5016 secetur
805 4964 928 5016 sive
951 4963 1344 5017 accretionem
1365 4966 1652 5035 suscipiat
1759 4977 1935 5029 recta;
1958 4989 1994 5030 ει
2018 4977 2220 5031 centro
2243 4973 2320 5032 ad
2344 4977 2386 5030 Τ
2404 4977 2460 5031 et
2483 4977 2553 5044 Μ,
2581 4991 2652 5032 ac
2676 4991 2887 5032 rursus
2941 4977 2984 5033 Τ
3038 4973 3412 5048 producatur

19 5047 262 5120 equales
293 5066 502 5106 rursus
542 5049 723 5138 habet
784 5056 980 5120 partes
1036 5053 1297 5122 exceptis
1347 5051 1650 5108 diametris
1759 5076 1956 5134 usque
1982 5062 2061 5118 ad
2089 5065 2133 5118 Β
2163 5063 2392 5135 εείιεῃιθ
2413 5069 2683 5120 centrum
2709 5064 2752 5118 Ρ
2777 5067 2844 5120 ιιι
2862 5047 3134 5121 centrum
3163 5066 3242 5120 '1‘;
3266 5079 3418 5138 pro.

19 5153 152 5208 [uos
183 5154 287 5209 per
313 5146 583 5194 centrum
615 5137 828 5194 ductas
875 5139 1088 5209 partim
1140 5139 1402 5210 aequales
1448 5140 1648 5213 habet,
1757 5147 2015 5206 ducatur
2033 5150 2217 5207 etiam
2241 5150 2398 5207 linea
2427 5151 2521 5217 ΟΒ
2551 5167 2740 5224 usque
2777 5151 2859 5208 ad
2887 5151 2925 5204 S
2973 5170 2989 5208 :
3049 5137 3416 5226 quadratum

19 5226 212 5315 )artim
272 5227 622 5300 inaequales,
677 5227 1177 5315 quandoquidem
1231 5245 1303 5284 ex
1347 5229 1652 5287 diametris
1759 5237 2034 5295 diametri
2069 5239 2162 5296 ΝΟ
2191 5239 2381 5296 latera
2421 5237 2679 5312 aequalia
2727 5239 2962 5297 habens
3016 5241 3126 5298 erit
3181 5239 3416 5315 mquale

19 5312 426 5384 [uadratorum
452 5315 737 5388 quasdam
771 5315 826 5369 in
860 5314 1088 5383 ﬁguras
1129 5316 1385 5373 redactae
1419 5319 1650 5391 aequale
1759 5326 2057 5398 quadrato
2085 5326 2293 5384 ABCD.
2322 5328 2392 5383 Ut
2421 5327 2583 5384 enim
2608 5327 2886 5386 diametri
2910 5329 3004 5387 ΝΟ
3022 5312 3293 5386 centrum
3325 5331 3417 5386 est

19 5404 352 5476 [uadratum
371 5421 575 5459 rursus
587 5403 1018 5472 eﬂiciunt,aliae
1035 5406 1461 5478 veroduplum.
1479 5412 1648 5475 Quod
1761 5417 1822 5485 P,
1860 5415 1942 5472 ita
1965 5417 2146 5472 etiam
2175 5415 2346 5471 lineas
2368 5415 2795 5475 BAmediumN
2829 5435 2844 5474 :
2867 5417 3204 5491 eodemque
3227 5415 3414 5474 modo

19 5511 107 5549 ioc
136 5496 317 5551 modo
348 5494 889 5549 demonstrandum
907 5501 1012 5549 est.
1045 5497 1371 5552 EstoABCD
1395 5501 1651 5569 quadra-
1758 5502 1930 5560 lineae
1961 5505 2050 5560 DC
2078 5502 2346 5559 medium
2377 5508 2469 5561 est
2499 5505 2563 5562 Ο.
2595 5507 2886 5564 Praeterea
2907 5505 3081 5564 lineas
3144 5506 3238 5565 CA
3289 5521 3412 5563 me-

23 5598 142 5647 um,
175 5582 449 5639 diametri
480 5597 616 5638 vero
647 5583 769 5638 duo
804 5584 907 5648 BC,
935 5583 1027 5638 NO
1047 5599 1180 5654 quae
1208 5593 1407 5641 secent
1432 5587 1489 5642 in
1513 5605 1648 5644 cen-
1759 5591 1926 5647 dium
1957 5597 2045 5648 est
2068 5593 2127 5659 T,
2147 5596 2204 5648 et
2229 5590 2401 5648 lineas
2432 5595 2519 5649 BD
2549 5593 2822 5650 medium
2852 5599 2941 5653 est
2984 5597 3054 5654 Μ.
3112 5596 3413 5663 Quoniam

21 5687 86 5727 ro
119 5670 180 5726 P.
210 5669 424 5730 Totum
454 5668 822 5749 quadratum
852 5671 912 5730 in
951 5671 1074 5728 duo
1104 5673 1363 5749 trapesia
1399 5677 1648 5737 eodem-
1758 5684 1961 5738 autem
1989 5677 2366 5741 intervallum
2395 5667 2564 5760 quod
2599 5685 2688 5741 est
2722 5679 2876 5744 inter
2899 5683 2950 5745 Μ
2983 5690 3043 5744 et
3087 5687 3126 5739 P
3181 5683 3413 5762 aequale

1909 3591 3290 4645 Ξ,
