3932 6326
465 283 608 344 1367
1996 277 2108 336 AD]

2272 273 2354 331 lA.
3788 282 3890 337 ωε

487 410 602 466 ἐστὶ
639 413 732 464 τοῦ⁸
770 408 878 464 ΑΒ
907 408 1002 461 ΓΔ
1044 408 1386 481 τετραγώνου,
1437 405 1500 458 οὗ
1549 401 1824 480 διάμετροι
1881 406 1936 458 αἱ
1979 411 2024 457 Ν
2049 411 2096 457 Ω
2150 405 2198 458 Α
2259 399 2387 454 ἀλλά
2415 403 2505 454 καὶ
2536 399 2637 454 ὄιπὸ
2673 407 2773 465 τῆς
2810 407 2850 456 Γ
2877 401 2961 456 ἐπὶ
2993 405 3087 462 τὴν
3118 407 3239 457 Καί
3281 402 3544 476 τέμνουσι
3600 406 3828 458 acati
3851 421 3875 459 Α

488 508 542 557 M
572 506 611 554 Θ
667 503 779 552 ἔστι
836 495 895 551 δὲ
946 493 1288 568 διαστήματα
1347 495 1442 548 ἶσα
1497 503 1556 568 τῇ
1623 503 1671 549 Μ
1706 503 1772 558 Χ,
1809 501 1854 548 Χ
1885 502 1952 564 Θ,
1986 502 2030 548 Θ
2057 501 2093 548 Ρ

488 593 785 663 αναγκαίως
836 592 926 640 καὶ
970 589 1029 638 τὸ
1071 593 1116 637 Θ
1168 589 1372 658 κέντρον
1431 583 1544 637 ἐστὶ
1610 593 1701 637 τοῦ
1727 591 1772 638 Ν
1800 593 1848 636 Ω,
1877 591 1923 639 Ψ
1951 588 2094 636 Σκαὶ

488 678 597 731 ἐπεὶ
623 679 691 739 ὡς
747 679 877 746 πρὸς
924 677 982 728 τὸ
1005 683 1053 729 Χ
1073 677 1131 727 τὸ
1165 680 1204 727 Α
1233 681 1269 726 Β
1295 680 1332 725 Γ
1361 679 1396 726 Δ
1425 671 1588 742 ἐστὶν,
1643 673 1770 726 ἀλλὰ
1819 679 1908 726 καὶ
1964 676 2022 727 τὸ
2048 681 2095 727 Ν

489 775 700 833 Ω,Ω.Θ
754 769 1030 840 καὶπρὸς
1082 768 1139 816 τό
1189 771 1235 818 Θ
1293 767 1352 816 τό
1401 765 1666 832 ΝΩΨΣ,
1717 763 1844 816 ἀλλὰ
1897 767 2097 817 τόΑΓ

486 864 537 914 Χ
564 864 623 923 Ρ,
655 860 746 908 καὶ
773 859 830 908 τὸ
861 857 904 910 Ν
935 861 967 907 Σ
994 861 1039 908 Ψ
1058 861 1125 922 Ω,
1153 854 1258 928 ἄρα
1285 855 1602 924 τετράγωνον
1643 855 1701 905 τό
1758 855 1813 905 ἐκ
1865 860 1954 914 τῆς
1978 859 2022 906 Ν
2050 860 2098 905 Ω

492 941 778 1019 διαμέτρου
836 947 1164 1010 συνεστηκὸς,
1201 940 1313 995 ἶσόν
1368 942 1482 994 ἐστι
1533 949 1605 1014 τῷ
1662 943 1767 996 ΑΒ
1797 947 1890 994 ΓΔ
1921 961 2098 1015 τετρα-

483 1041 634 1106 γώνῳ
659 1055 673 1069 ο
699 1034 766 1086 ὧν
803 1036 905 1106 γὰρ
939 1031 1031 1085 ἶσα
1059 1035 1125 1084 τὰ
1169 1035 1320 1106 μέρη,
1378 1035 1467 1083 καὶ
1508 1027 1600 1082 ἶσά
1654 1032 1820 1083 ταύτά
1864 1030 1990 1085 ἐστι.
2027 1035 2096 1084 Τό

490 1126 594 1199 ἄρα
644 1131 741 1186 τῆς
799 1123 856 1175 ἐκ
908 1130 1004 1184 τῆς
1049 1130 1300 1194 γραμμῆς
1329 1118 1693 1192 ἀρχομένηςΝ
1729 1128 1776 1172 Ω.
1811 1117 2096 1195 διαμέτρου

488 1215 828 1288 τετράγωνον,
881 1214 1002 1273 ἴσας
1038 1213 1162 1282 ἕχον
1202 1209 1447 1284 πλευρὰς,
1487 1207 1597 1261 ἶσόν
1626 1208 1737 1262 ἐστι
1764 1217 1834 1280 τῷ
1859 1217 1897 1263 Α
1931 1217 1966 1262 Β
1997 1216 2033 1262 Γ
2063 1217 2097 1262 Δ

489 1307 795 1375 τετραγώνῳ
818 1300 973 1374 οὗπέρ
1015 1298 1128 1351 ἐστι
1190 1295 1523 1370 διάμετροςή
1561 1305 1605 1351 Ν
1627 1305 1694 1355 Ω..
1729 1303 1828 1351 Καὶ
1876 1295 2095 1371 ἐδείχθη

486 1393 616 1465 παρ’
637 1393 783 1464 ἡμῶν
812 1397 966 1443 τοῦτο
1005 1389 1177 1449 καθὼς
1207 1384 1334 1442 ἔδει.
1398 1389 1754 1459 Δειχθήσεται
1802 1385 1861 1442 δε
1903 1394 1994 1441 καὶ
2041 1391 2099 1442 τό

487 1476 790 1537 διπλάσιον.
822 1485 972 1532 Ἐστι
1013 1473 1071 1530 δε
1113 1477 1272 1534 οὕτως
1297 1497 1310 1510 ·

559 1567 629 1642 β’.
678 1569 740 1622 Ἠ
823 1573 915 1620 τοῦ
985 1571 1311 1641 τετραγώνου
1400 1563 1683 1640 διάμετρος
1734 1571 1909 1639 τρισὶν
1959 1569 2104 1630 ἴσαις

485 1661 646 1731 ταύτῃ
723 1657 1088 1728 συζευχθεῖσα
1145 1654 1366 1717 εὐθείαις
1445 1651 1725 1708 διπλάσιον
1772 1661 1985 1714 ποιήσει
2028 1675 2106 1708 τε·

487 1752 768 1824 τράγωνον,
855 1747 915 1799 οὗ
972 1745 1085 1799 ἐστι
1139 1742 1447 1818 διάμετμος.
1512 1751 1593 1799 Δεῐ
1667 1742 1735 1804 δὴ
1795 1742 1966 1809 δεῖξαι
2030 1736 2107 1800 ὅτῑ

489 1838 622 1898 αὐτή
676 1839 706 1896 ἡ
777 1833 1060 1910 διάμετρος
1131 1840 1303 1910 τρισὶν
1377 1838 1515 1896 ἵσαις
1581 1838 1746 1910 ταύτῃ
1808 1838 2112 1889 συντεθεῖσα

491 1927 756 2003 πλευραῖς,
792 1921 1073 1979 διπλάσιον
1124 1928 1338 1982 ποιήσει
1380 1925 1700 1997 τετράγωνον
1733 1932 1824 1976 τοῦ
1883 1925 1944 1977 οὗ
1991 1923 2110 1978 ἔστι

497 2015 792 2091 διάμετρος.
877 2016 1154 2089 Γεγράφθω
1236 2017 1292 2067 τό
1343 2019 1384 2068 Α
1413 2020 1450 2066 Β
1479 2020 1516 2066 Γ
1546 2021 1582 2067 Δ
1625 2015 1963 2088 τετράγωνον,
2025 2020 2115 2068 καὶ

502 2106 727 2180 ἀχθήτω
781 2101 1062 2178 διάμετρος
1098 2105 1196 2172 ἠΒ
1228 2107 1374 2156 Γκαὶ
1423 2107 1638 2162 ποιήσει
1693 2105 1848 2176 ὅμοια
1891 2106 1956 2157 τὰ
1985 2111 2021 2157 Β
2049 2111 2110 2160 Δ,

499 2203 538 2250 Γ
568 2201 630 2262 Α,
663 2202 702 2248 Β
731 2201 788 2250 Γ.
845 2193 1038 2266 Ἤχθω
1084 2191 1185 2248 ἀπό
1264 2201 1359 2255 τῆς
1409 2199 1505 2246 ΒΓ
1549 2189 1834 2268 διαμέτρου
1892 2198 2112 2268 γραμμὴ

501 2285 674 2339 εὐθεῖα
725 2284 810 2338 ἐπὶ
859 2288 952 2342 τὴν
985 2285 1140 2340 Κῖση
1190 2284 1378 2354 ταύτῃ,
1431 2285 1680 2343 ὡσαύτως
1725 2288 1814 2337 καὶ
1870 2281 1972 2335 ἀπὸ
2027 2292 2124 2348 τῆς

503 2374 588 2428 ἰπὶ
645 2379 738 2432 τὴν
790 2379 835 2426 Λ
896 2375 986 2431 ἴση
1020 2374 1211 2445 ταύτῃ,
1249 2371 1379 2424 ἄλλα
1436 2367 1501 2429 δὴ
1546 2377 1634 2423 καὶ
1689 2370 1790 2425 ἀπὸ
1840 2380 1935 2436 τῆς
1966 2379 2010 2426 Λ
2040 2371 2121 2425 ἐπὶ

502 2468 595 2522 τὴν
629 2469 668 2515 Γ
694 2465 831 2514 κατὰ
854 2466 943 2514 τόν
999 2460 1150 2514 αὐτόν
1202 2460 1375 2532 λόγον,
1430 2466 1520 2512 καὶ
1557 2459 1657 2514 ἀπό
1706 2470 1803 2523 τῆς
1836 2467 1874 2513 Γ
1919 2459 2001 2514 ἐπὶ
2028 2467 2122 2520 τήν

509 2559 565 2619 Β,
599 2553 873 2624 τετμήσθω
905 2546 964 2602 δὲ
989 2552 1122 2602 κατὰ
1161 2545 1445 2622 διαμέτρου
1493 2553 1550 2601 τό
1601 2548 1656 2601 ἐκ
1697 2553 1894 2602 τούτων
1941 2553 2124 2624 τετρά-

508 2660 670 2718 γωνον
703 2641 898 2713 ,ἤχθω
917 2645 1045 2712 γοῦν
1074 2637 1176 2692 ἀπὸ
1235 2646 1331 2703 τῆς
1388 2647 1424 2691 Β
1467 2637 1550 2692 ἐπὶ
1593 2642 1688 2698 τὴν
1736 2645 1775 2692 Α
1819 2636 2120 2716 διάμετρος,

489 2928 578 2984 est
600 2925 910 2982 intervallo
939 2924 1106 2999 quod
1127 2930 1215 2982 est
1245 2925 1400 2982 inter
1425 2925 1539 2996 PT,
1599 2926 1707 2983 erit
1767 2942 2012 3002 quoque
2057 2930 2147 2986 ΤΒ

491 3014 721 3088 aequale
747 3015 861 3089 ipsi
883 3014 1000 3073 PM.
1021 3015 1197 3088 Atqui
1220 3031 1359 3089 quae
1372 3015 1564 3073 eidem
1580 3019 1716 3071 sunt
1728 3016 2005 3091 aequalia,
2049 3017 2150 3075 illa

492 3109 632 3161 sunt
661 3105 811 3161 inter
843 3120 907 3177 se
938 3101 1214 3179 aequalia.
1261 3103 1453 3168 Quare
1515 3104 1827 3162 intervalla
1889 3108 1996 3177 MP,
2046 3109 2148 3174 ΡΤ,

492 3197 600 3262 ΤΒ,
629 3193 882 3268 aequalia
913 3195 1066 3250 inter
1086 3210 1149 3249 se
1172 3199 1362 3251 erunt.
1396 3197 1463 3251 Et
1491 3196 1783 3272 quoniam
1812 3198 1852 3251 P
1883 3200 1970 3253 est
2018 3213 2144 3253 cen-

495 3250 656 3344 iam
685 3250 962 3358 quadrati
1009 3284 1214 3351 meo,
1274 3285 1442 3356 cujus
1497 3250 1780 3342 ama
1815 3250 1971 3343 an;
2027 3250 2151 3352 a5.
2187 3250 2226 3305 C
2264 3250 2478 3342 aen";
2527 3250 2614 3342 at

499 3377 617 3442 MT,
651 3378 791 3428 sunt
820 3377 1020 3430 autem
1050 3373 1358 3430 intervalla
1396 3377 1506 3438 MP,
1567 3376 1670 3440 ΡΤ,
1726 3378 1833 3442 ΤΒ,
1897 3377 2154 3450 mqualia

499 3463 650 3519 inter
680 3477 761 3528 se,
790 3462 1128 3517 necessario
1167 3464 1487 3518 Tcentrum
1504 3463 1918 3536 critquadradi
1943 3467 2150 3532 NOSQ.

501 3555 568 3608 Et
599 3551 888 3624 quoniam
936 3557 1002 3607 ut
1062 3567 1122 3607 se
1180 3551 1362 3608 habet
1417 3555 1602 3616 ABCD
1655 3555 2020 3626 quadratum
2077 3556 2156 3612 ad

505 3657 682 3698 suum
723 3643 992 3696 centrum
1024 3643 1062 3696 P
1094 3659 1106 3696 :
1141 3644 1503 3713 etpraaterea
1556 3645 1669 3708 ΝΟ,
1723 3646 1812 3700 MT
1877 3644 1955 3700 ad
1995 3644 2155 3702 idem

507 3734 777 3788 centrum
811 3747 822 3785 :
855 3729 938 3785 ita
963 3745 1205 3803 quoque
1236 3732 1416 3797 NOSQ
1451 3747 1513 3786 se
1543 3731 1726 3787 habet
1771 3732 1848 3788 ad
1897 3736 1957 3804 T,
2014 3751 2156 3791 ccu-

505 3826 665 3877 trum
694 3837 706 3877 :
733 3825 789 3876 ct
813 3825 1099 3893 praeterea
1122 3822 1230 3886 AC,
1267 3823 1350 3876 ΡΒ
1382 3838 1394 3876 :
1433 3822 1801 3894 quadratum
1845 3839 1986 3894 ergo
2040 3827 2154 3892 NQ,

509 3913 615 3977 SO,
642 3904 808 3984 quod
839 3925 908 3965 ex
941 3909 1233 3966 diametro
1266 3911 1358 3967 ΝΟ
1387 3912 1775 3968 constitutum
1805 3920 1893 3968 est
1929 3914 2159 3988 aequale

507 4000 805 4074 quadrato
833 4000 1032 4055 ABCD.
1063 4000 1330 4066 Quorum
1355 4003 1516 4055 enim
1556 4007 1752 4072 partes
1784 4009 1928 4058 eunt
1954 4021 2158 4077 aequa-

505 4089 610 4157 les,
643 4093 698 4145 et
725 4104 796 4145 ea
817 4089 970 4145 inter
995 4104 1056 4144 se
1086 4089 1361 4162 mqualia.
1395 4090 1761 4154 Quadratum
1815 4107 1956 4162 ergo
1997 4093 2161 4165 quod

506 4195 578 4234 ex
608 4177 902 4234 diametro
932 4179 1048 4243 NO,
1074 4182 1366 4249 tanquam
1397 4177 1555 4234 linea
1594 4179 1821 4249 initiali,
1857 4182 2164 4237 constitui-

507 4271 620 4336 tur,
648 4267 833 4323 latera
863 4265 1123 4339 aequalia
1150 4266 1403 4333 habens,
1450 4273 1538 4323 est
1583 4270 1815 4340 tequale
1864 4271 2163 4342 quadrato

505 4357 710 4422 ABCD,
745 4356 916 4425 cujus
947 4354 1238 4410 diameter
1276 4361 1364 4410 est
1401 4357 1515 4412 NO.
1547 4361 1737 4429 Atque
1768 4361 1881 4414 hoc
1922 4377 1958 4416 a
1987 4361 2162 4418 nobis

505 4443 983 4500 demonstratum
1014 4447 1103 4498 est
1130 4449 1194 4498 ut
1217 4448 1393 4499 estut
1421 4447 1698 4516 oportuit.
1729 4449 2164 4506 Demonstrabi-

505 4536 602 4589 tur
635 4532 813 4589 etiam
827 4547 898 4587 ex
916 4530 1102 4587 altera
1115 4530 1407 4588 diametro
1421 4531 1674 4604 duplum
1689 4536 1967 4607 quadrati
2012 4538 2164 4596 effici

502 4621 666 4679 hunc
697 4621 756 4677 in
796 4620 1070 4676 modum.

573 4716 628 4770 2.
654 4711 939 4792 Quadrati
979 4710 1271 4768 diamctcr
1300 4710 1482 4768 tribus
1541 4712 1654 4769 sibi
1697 4715 2030 4788 aequalibus
2079 4733 2163 4774 re-

501 4803 608 4862 ctis
638 4801 936 4875 copulata,
968 4799 1181 4857 etﬂciet
1207 4801 1506 4874 quadrati,
1540 4803 1712 4874 cujus
1744 4809 1835 4861 est
1867 4806 2164 4865 diameter

501 4891 782 4966 duplum.
815 4889 1055 4964 Oportet
1075 4892 1276 4945 autem
1303 4888 1713 4947 demonstrare
1767 4893 1924 4950 hanc
1967 4895 2161 4968 ipsam

502 4981 866 5038 diametrum
895 4979 1009 5034 hac
1039 4976 1270 5051 ratione
1296 4994 1434 5034 cum
1467 4979 1802 5052 aequalibus
1833 4982 1948 5040 sibi
1973 4984 2162 5042 lateri-

499 5070 666 5127 ribus
695 5069 1094 5140 conjunctam,
1120 5066 1466 5124 effecturam
1491 5068 1743 5140 duplum
1770 5071 2050 5144 quadrati
2089 5073 2161 5131 il-

499 5159 613 5216 lius
636 5159 808 5231 cujus
839 5163 926 5214 est
952 5156 1262 5212 diameter.
1306 5156 1683 5213 Describatur
1711 5166 1750 5213 Α
1777 5161 1868 5217 BC
1923 5165 1962 5217 D
2007 5153 2158 5236 qua-

499 5248 764 5306 dratum.
795 5249 1055 5302 Ducatur
1085 5244 1373 5301 diametcr
1405 5248 1442 5301 Β
1475 5247 1513 5302 C
1585 5251 1639 5301 et
1679 5247 1895 5306 efficiat
1943 5251 2159 5310 similia

503 5338 701 5393 BDCA.
775 5337 1032 5391 Ducatur
1112 5333 1189 5390 ab
1272 5333 1486 5390 eadem
1538 5334 1623 5390 BC
1666 5335 1958 5396 diametro
2001 5340 2159 5400 linea

499 5430 662 5483 recta
690 5426 752 5482 in
782 5426 827 5480 K
854 5440 990 5498 quae
1019 5422 1092 5479 sit
1134 5421 1246 5496 ipsi
1304 5422 1595 5480 diametro
1615 5426 1890 5499 (aqualis.
1932 5430 2156 5487 Eodem

499 5511 840 5569 modoKin
899 5515 936 5568 Ι.
991 5527 1127 5584 quae
1197 5512 1272 5568 sit
1319 5511 1401 5568 illi
1450 5514 1722 5586 aequalis.
1772 5523 2060 5588 praeterea
2114 5519 2155 5574 L

500 5601 562 5659 in
589 5600 630 5656 C
654 5599 868 5660 eadem
896 5602 1143 5671 ratione,
1170 5604 1226 5658 et
1258 5615 1298 5684 a
1327 5601 1366 5659 C
1388 5599 1450 5659 in
1472 5602 1552 5659 B:
1583 5610 1815 5664 secetur
1843 5623 1987 5666 vero
2027 5608 2154 5668 dia-

2256 495 2462 564 κέντρον
2491 489 2732 553 ἀλλήλας.
2754 492 2814 546 Εἰ
2846 494 2950 565 ἄρα
2972 499 3009 545 Γ
3040 499 3075 545 Β
3100 501 3158 565 τῇ
3195 500 3230 546 Β
3262 500 3301 548 Κ
3325 497 3418 552 ἴση
3451 492 3559 552 Ean
3597 493 3780 555 iﬂi‘a,
3805 500 3876 546 ἐς.

2257 583 2417 654 άρχει
2449 577 2507 634 δὲ
2549 579 2708 653 βάσις
2744 590 2833 634 τοὺ
2860 589 2897 635 Β
2927 588 2966 636 Γ
2989 589 3026 636 Δ
3082 589 3357 656 τριγώνου,
3408 588 3511 638 καὶ
3572 585 3606 640 ἡ
3649 590 3692 636 Β
3728 591 3768 637 Κ

2261 690 2341 733 σις
2374 669 2490 723 ἐστὶ
2519 678 2610 723 τοῦ
2639 677 2675 725 Δ
2708 678 2748 724 K
2782 677 2820 725 B
2855 679 3131 747 τριγώνου,
3162 678 3252 725 καὶ
3302 675 3332 731 ἠ
3395 674 3512 745 ἄρα
3541 678 3581 725 Γ
3604 679 3648 726 Δ
3677 673 3877 747 πλευραί,

2257 762 2350 818 ἴση
2379 757 2490 813 ἐστὶ
2518 767 2581 834 τῇ
2616 766 2651 812 Β
2681 765 2717 814 Δ
2749 765 2837 813 καὶ
2865 767 2908 814 Κ
2938 769 2972 814 Δ
2999 765 3092 820 ἴση
3151 760 3263 815 ἐστὶ
3305 770 3369 833 τῇ
3396 769 3432 816 Δ
3456 769 3498 814 Β
3525 762 3769 837 πλευρῇ
3807 773 3877 815 xxi

2258 851 2288 908 ἠ
2319 855 2413 902 ΒΔ
2438 852 2529 908 ἴση
2563 847 2674 902 ἕστὶ
2703 857 2765 923 τῇ
2808 856 2846 904 Γ
2876 857 2930 919 Δ.
2964 850 3060 904 Ὠν
3114 847 3173 904 δὲ
3212 853 3266 905 αἱ
3311 851 3546 926 πλευραὶ
3613 851 3762 917 ἶσαι,
3808 861 3878 905 ni

2257 941 2313 992 αἱ
2340 937 2530 1012 βάσεις
2561 937 2692 1007 ἶσαι,
2730 937 2844 1004 ἶσαι
2889 946 2980 993 καὶ
3024 943 3079 993 αἱ
3132 946 3351 1014 γωνίαι·
3381 943 3451 994 ὧν
3516 944 3634 1016 γάρ
3695 940 3790 995 ἶσα
3829 947 3881 994 τὲ

2259 1033 2411 1103 μέρη,
2470 1034 2560 1082 καὶ
2611 1037 2778 1083 ταῦτα
2813 1031 2906 1083 ἷσά
2935 1033 3068 1087 εστι.
3127 1038 3210 1102 Τῷ
3261 1031 3426 1104 ἄραΓ
3457 1038 3500 1084 Β
3552 1039 3592 1086 Δ
3656 1039 3880 1107 τριγώνῳ

2261 1115 2373 1172 ἶσόν
2405 1117 2593 1170 ἐστιτό
2621 1125 2658 1170 Β
2691 1125 2733 1172 Κ
2763 1127 2798 1172 Δ
2851 1124 3118 1194 τρίγωνον.
3169 1119 3309 1174 Ἐπεὶ
3346 1128 3476 1189 γοῦν
3533 1125 3596 1173 τό
3634 1128 3679 1173 Β
3703 1131 3743 1174 Δ
3789 1119 3881 1174 ἔσει

2261 1206 2374 1260 ἐστι
2401 1215 2473 1278 τῷ
2499 1212 2537 1260 Γ
2571 1215 2606 1259 Β
2631 1216 2666 1260 Δ
2694 1215 2947 1280 τριγώνῳ,
2983 1211 3110 1278 -ἕστι
3158 1205 3217 1262 δὲ
3271 1212 3440 1280 ἣμισυ
3510 1217 3612 1262 τοῦ
3651 1215 3696 1262 Δ
3743 1217 3832 1262 ΒΓ
3857 1223 3884 1262 .t

2262 1302 2584 1371 τετραγώνου
2631 1304 2807 1363 τοῦτο,
2853 1302 2942 1352 καὶ
2979 1303 3037 1350 τό
3069 1304 3162 1350 ΔΒ
3193 1305 3228 1350 Γ
3254 1300 3293 1349 ὡ
3325 1304 3590 1373 τρίγωνον
3634 1308 3736 1352 τοῦ
3788 1307 3822 1353 Β
3860 1307 3885 1352 Γ

2264 1391 2730 1455 ΛΚτετραγώνου
2791 1386 2902 1438 ἶσόν
2961 1385 3074 1438 ἐστι
3128 1395 3201 1457 τῷ
3261 1395 3299 1442 Δ
3331 1393 3427 1440 ΓΒ
3455 1393 3746 1464 τριγώνῳ.
3800 1395 3886 1441 K11

2264 1472 2370 1528 ἐπεὶ
2443 1481 2535 1526 τοῦ
2600 1477 2690 1546 μεν
2737 1480 2774 1526 Β
2805 1481 2848 1530 Κ
2879 1480 2922 1527 Λ
2951 1481 2990 1527 Γ
3030 1481 3350 1551 τετραγώνου
3421 1481 3477 1528 τί
3545 1482 3592 1531 Κ
3621 1484 3664 1530 Δ
3701 1484 3741 1529 Β
3795 1483 3886 1550 τρία

2263 1581 2424 1634 γωνον
2505 1566 2764 1636 τέταρτόν.
2821 1561 2959 1615 ἐστιν
2994 1585 3008 1598 ·
3037 1565 3269 1637 ὑπάρχει
3307 1561 3366 1618 δὲ
3429 1562 3554 1618 ἶσον
3639 1576 3722 1637 τῷ
3746 1574 3784 1619 Β
3811 1573 3890 1619 ΓΔ

2265 1655 2566 1725 τετραγώνῳ
2618 1657 2708 1705 καὶ
2763 1655 2819 1721 τό
2852 1659 2894 1720 ’Δ
2927 1659 2962 1706 Β
2991 1659 3048 1708 Γ.
3081 1723 3084 1725 Δ
3111 1653 3248 1728 ’Δρα
3284 1656 3544 1728 τετάρτου
3579 1663 3684 1708 τοῦ
3717 1663 3755 1710 Β
3796 1663 3835 1710 Κ
3856 1667 3888 1708 ε’.

2167 1754 2212 1810 Β
2269 1747 2307 1795 Γ
2345 1747 2667 1814 τετραγώνου
2720 1743 2834 1796 ἶσόν
2881 1743 2998 1796 ἐστι
3034 1752 3106 1815 τῷ
3137 1751 3172 1797 Β
3198 1751 3234 1797 Β
3261 1751 3307 1798 Λ
3339 1751 3378 1798 Γ
3399 1752 3651 1830 τριγώνῳ
3711 1757 3788 1818 τῷ
3818 1768 3890 1800 τε.

2269 1833 2311 1888 Α
2341 1838 2379 1884 Β
2409 1838 2447 1885 Γ
2473 1837 2506 1884 Δ
2536 1834 2737 1905 ἡμίσει.
2781 1832 2921 1888 Ἐπεὶ
2949 1841 3074 1905 γοῦν
3103 1835 3168 1886 τὰ
3201 1841 3291 1886 τοῦ
3341 1841 3376 1887 Β
3410 1842 3450 1888 Κ
3478 1843 3528 1888 Λ
3554 1841 3594 1888 Γ
3623 1832 3738 1889 δύο
3764 1842 3894 1889 τέττα

2271 1941 2372 1997 ρτα
2401 1921 2495 1974 ἵσά
2534 1921 2635 1974 εἰσι
2683 1929 2792 1985 τοῖς
2839 1918 2996 1976 δυσὶν
3061 1925 3280 1994 ἡμίσεσι
3311 1931 3404 1976 τοῦ
3434 1929 3472 1976 Α
3505 1931 3544 1977 Β
3575 1931 3616 1978 Γ
3650 1935 3690 1978 Δ
3716 1927 3780 1978 οὗ
3803 1927 3894 1979 ἐστι

2279 2007 2606 2086 διάμετροςή
2643 2017 2680 2064 Γ
2709 2019 2765 2074 Β,
2807 2017 2895 2064 καὶ
2924 2017 3038 2066 τὸΒ
3069 2020 3111 2067 K
3141 2018 3187 2066 A
3219 2019 3256 2066 Γ
3289 2009 3584 2067 διπλάσιόν
3645 2015 3772 2069 ἔστι
3813 2026 3887 2068 τεῦ

2281 2107 2319 2155 Α
2349 2108 2385 2153 Β
2415 2107 2452 2153 Γ
2482 2106 2516 2153 Δ
2547 2122 2558 2134 ·
2594 2100 2742 2176 ὁγὰρ
2776 2102 2836 2154 οὗ
2873 2099 2985 2155 ἶσον
3022 2103 3210 2175 ἣμισυ,
3251 2107 3310 2156 τό
3340 2102 3455 2156 ὅλον
3489 2104 3671 2157 αὐτοῦ
3719 2103 3892 2159 διπλε-

2283 2211 2394 2245 σιον
2448 2213 2461 2225 -
2513 2194 2541 2250 ἡ
2599 2193 2702 2266 ἄρα
2750 2199 2840 2245 τοῦ
2897 2199 3219 2267 τετραγώνου
3267 2203 3365 2246 τῶν
3438 2205 3657 2266 γωνιῶν
3726 2193 3894 2268 διάμε-

2281 2300 2399 2355 τρος
2455 2287 2776 2356 τετραγώνου
2846 2283 3051 2334 τεθεῖσα
3122 2281 3318 2358 πλευρὰ
3401 2279 3708 2338 διπλάσιον
3787 2287 3891 2337 αὐτῇ

2284 2378 2441 2435 ποιεῖ,
2490 2377 2582 2423 τοῦ
2634 2371 2788 2444 οὗπερ
2841 2369 2956 2424 ἐστι
3027 2368 3329 2446 διάμετρος,
3379 2372 3506 2448 ὅπερ
3567 2370 3685 2427 ἔδει
3738 2372 3888 2438 o’ri'izx

2353 2459 2419 2531 γ’.
2473 2461 2595 2533 Οὐχ
2669 2462 2831 2522 οὕτως
2889 2457 2948 2513 δὲ
3020 2467 3110 2513 καὶ
3162 2471 3258 2523 τῆς
3309 2467 3562 2537 σφαίρας,
3643 2463 3762 2516 ἀλλ’
3826 2466 3893 2516 εἶι-

2283 2548 2400 2620 λως,
2444 2554 2533 2602 καὶ
2565 2547 2658 2602 διὰ
2693 2557 2844 2602 τοῦτο
2896 2549 2999 2623 ἄρα
3049 2547 3466 2627 μονοειὸἐστερον
3539 2556 3605 2604 τό
3664 2555 3891 2612 auxiliis;

2290 2648 2481 2713 σχῆμα
2533 2647 2620 2693 τοῦ
2667 2644 2988 2714 τετραγώνου
3047 2659 3100 2696 τε
3137 2644 3227 2694 καὶ
3285 2640 3545 2717 ἰσότερον.
3609 2644 3758 2698 Ἐκεῖ
3808 2649 3889 2717 γέρ

2258 2925 2463 2984 metris
2502 2926 2866 3000 quadratum
2891 2925 3068 2983 exhis
3086 2927 3504 2985 constitutum.
3524 2931 3800 2988 Ducatur
3817 2930 3902 3002 igi-

2259 3021 2355 3073 tur
2384 3033 2420 3073 a
2463 3019 2500 3072 Β
2534 3017 2595 3073 in
2628 3019 2665 3074 L
2689 3016 3018 3074 diameter:
3050 3021 3398 3090 prretereaA
3449 3020 3489 3075 Ο
3529 3019 3601 3076 in
3661 3022 3904 3095 Kquem

2259 3111 2464 3164 centro
2499 3109 2538 3163 D
2590 3123 2718 3163 sese
2797 3111 3006 3163 mutuo
3053 3104 3270 3164 Secent.
3327 3109 3382 3166 Si
3426 3109 3625 3179 igitur
3680 3114 3722 3168 C
3771 3115 3805 3167 Β
3840 3125 3901 3166 es:

2262 3195 2511 3268 aqualis
2541 3195 2711 3252 lineas
2739 3199 2776 3252 Β
2808 3196 2880 3263 Κ,
2905 3201 2994 3253 est
3021 3193 3225 3253 autem
3252 3197 3384 3269 ipsa
3424 3198 3603 3255 basis
3663 3200 3898 3270 trianch

2727 3301 2970 3359 quoque
3048 3289 3086 3341 Β
3136 3286 3362 3342 Kbasis
3421 3289 3724 3359 trianguli
3775 3291 3895 3346 DKB.

2266 3377 2416 3447 Ergo
2442 3375 2598 3430 latus
2634 3374 2721 3431 CD
2742 3379 2830 3431 est
2867 3367 3099 3448 aequale
3148 3374 3313 3432 lateri
3374 3379 3465 3432 BD
3515 3384 3584 3434 et
3637 3378 3792 3436 latus
3839 3379 3901 3432 liii

2264 3464 2604 3537 estaequale
2632 3463 2798 3521 lateri
2831 3467 3021 3536 BD,et
3064 3465 3220 3521 latus
3263 3462 3355 3520 BD
3417 3471 3511 3522 est
3564 3468 3799 3541 aequale
3851 3467 3899 3522 ls-

2267 3553 2372 3611 teri
2395 3556 2480 3609 CD
2504 3551 2770 3620 Quorum
2811 3570 2954 3609 vero
2991 3553 3178 3610 latera
3239 3560 3375 3611 sunt
3427 3557 3708 3628 aequalia
3743 3562 3795 3613 et
3829 3556 3898 3610 ba-

2267 3658 2360 3698 ses
2393 3633 2840 3716 sunt‘aaquales,
2892 3642 3099 3722 anguli
3127 3637 3130 3641 ’
3163 3642 3405 3716 quoque
3468 3652 3625 3702 sunt
3670 3645 3896 3719 sequi-ales.

2269 3733 2723 3809 Quorumcnim
2758 3739 2958 3806 partes
2989 3729 3130 3790 sunt
3159 3729 3422 3806 {aquales
3467 3741 3527 3790 et
3557 3735 3667 3792 illa
3707 3749 3897 3809 quoque

2268 3821 2419 3878 inter
2486 3807 2551 3877 se
2593 3827 2729 3878 sunt
2809 3821 3068 3894 aequalia
3155 3825 3302 3894 Ergo
3375 3807 3896 3894 'triangulo'CBD

2269 3910 2499 3985 aequale
2531 3919 2617 3967 est
2645 3905 3016 3982 triangulum
3078 3912 3119 3966 B
3175 3915 3220 3970 K
3267 3915 3334 3967 υ.
3395 3914 3714 3978 Quoniam
3771 3917 3899 3984 igita

2272 3995 2632 4069 triangulum
2669 4003 2705 4055 Β
2735 3993 2856 4072 ’ΚΒ
2889 4005 2975 4058 est
2998 4001 3228 4074 aequale
3260 4001 3572 4071 triangulo
3611 4004 3653 4059 C
3681 4006 3721 4056 Β
3750 4007 3807 4060 D.
3843 4009 3900 4054 £3:

2273 4095 2472 4146 autem
2500 4089 2817 4146 dimidium
2843 4091 3125 4162 quadrati
3153 4093 3199 4144 Α
3232 4093 3271 4147 Β
3330 4092 3371 4144 C
3422 4091 3487 4146 D.
3553 4092 3900 4163 Trianguliua

2271 4195 2513 4252 quoque
2538 4181 2580 4235 D
2605 4183 2641 4234 Β
2669 4182 2708 4236 C
2732 4173 3011 4251 quadrati
3033 4173 3137 4236 B‘C
3167 4182 3205 4236 L
3238 4183 3278 4236 K
3337 4184 3425 4236 est
3461 4182 3714 4254 aequale
3761 4183 3904 4237 triam-

2274 4269 2414 4340 gulo
2445 4274 2480 4326 Α
2509 4273 2549 4327 C
2575 4274 2630 4336 Β,
2661 4259 3050 4342 Ἐι’ὲιιιοηὶειω
3104 4269 3381 4348 quadrati
3426 4271 3697 4344 quidem
3730 4275 3769 4326 Β
3790 4271 3900 4328 CLE

2275 4358 2639 4427 triangulum
2663 4361 2706 4414 K
2751 4362 2791 4414 D
2816 4360 2856 4412 B
2887 4359 3056 4416 tertia
3080 4349 3218 4432 pars
3249 4364 3458 4428 est,est
3477 4368 3694 4417 autem
3722 4361 3898 4433 aequas

2275 4439 2703 4517 triangulo‘AB
2757 4439 2907 4504 C'D.
2970 4450 3192 4515 Quarta
3245 4439 3384 4521 pars
3453 4464 3607 4519 ergo
3670 4451 3896 4523 quadra:

2277 4538 2375 4591 ΒΚ
2410 4539 2446 4592 li
2479 4537 2698 4610 C,quae
2750 4543 2840 4593 est
2892 4527 2949 4593 ID
2987 4524 3133 4607 BHG,
3179 4542 3265 4593 est
3317 4537 3574 4609 aequalis
3650 4538 3892 4610 trianguia

2273 4629 2384 4681 ΑΒ
2417 4629 2476 4692 C,
2526 4627 2691 4699 quod
2746 4631 2833 4683 est
2887 4627 3207 4683 dimidium
3266 4626 3546 4699 quadrati
3615 4635 3660 4684 A
3714 4632 3750 4684 Β
3784 4632 3814 4684 C

2275 4715 2570 4780 Quoniam
2610 4715 2788 4786 igitur
2813 4715 2950 4773 dure
2973 4705 3203 4789 quartas
3250 4706 3447 4787 partes
3504 4717 3793 4788 quadrati
3838 4715 3892 4768 Et;

2274 4807 2314 4862 L
2340 4809 2399 4872 C,
2431 4811 2571 4862 sunt
2596 4805 2859 4879 aaquales
2883 4804 3126 4882 duabus
3154 4805 3418 4870 dimidiis
3440 4805 3732 4877 partibus
3788 4820 3890 4877 qua-

2270 4893 2425 4951 drati
2455 4897 2502 4949 A
2534 4895 2576 4948 Β
2600 4885 2648 4952 (Ι
2675 4897 2714 4950 D
2745 4894 2917 4965 cujus
2946 4899 3036 4952 est
3084 4886 3373 4951 diameter
3430 4896 3470 4949 C
3525 4895 3588 4959 Β,
3649 4895 3891 4964 colligitur

2275 4986 2311 5039 Β
2332 4985 2381 5038 Κ
2411 4985 2449 5039 L
2478 4986 2516 5039 C
2553 5000 2680 5040 esse
2703 4983 2956 5057 duplum
2982 4983 3262 5056 quadrati
3289 4989 3322 5038 Α
3367 4985 3403 5038 Β
3427 4983 3468 5037 C
3504 4985 3568 5038 D.
3589 4986 3746 5041 Nam
3767 4984 3890 5052 cujus

2269 5073 2578 5130 dimidium
2601 5064 2935 5146 estaaquale
2959 5072 3126 5151 alteri
3155 5073 3280 5140 toti,
3300 5076 3492 5128 totum
3521 5071 3694 5129 illius
3718 5073 3891 5130 dimid:

2268 5169 2359 5219 est
2389 5163 2627 5218 alterius
2658 5162 2931 5233 duplum.
2967 5163 3162 5228 Quare
3217 5161 3510 5240 diameter
3567 5163 3888 5234 angulorum

2267 5252 2547 5327 quadrati
2573 5251 2731 5309 facta
2757 5251 3035 5328 quadrati
3057 5252 3213 5328 latus
3239 5251 3497 5324 duplum
3546 5251 3740 5310 efﬁcit

2268 5343 2441 5416 cujus
2469 5347 2555 5398 est
2585 5328 3078 5415 diameter,quod
3108 5339 3827 5415 oportuitdemonstrare.

2339 5436 2390 5487 3.
2412 5421 2612 5488 Sed-in
2643 5418 2881 5503 sphaera
2895 5429 3252 5497 nonita,sed
3273 5429 3441 5486 aliter
3473 5444 3536 5484 se
3571 5445 3682 5486 res
3713 5431 3884 5486 habet:

2266 5524 2446 5593 atque
2475 5519 2611 5577 ideo
2633 5519 2830 5592 ﬁgura
2849 5506 3155 5576 circularis
3175 5522 3264 5575 est
3291 5517 3483 5589 magis
3534 5518 3840 5577 uniformis
3855 5520 3884 5568 et

2264 5609 2461 5682 magis
2483 5608 2753 5684 aequalis,
2785 5624 2974 5688 quam
3004 5608 3397 5680 triangulum;
3429 5609 3581 5666 Nam
3605 5607 3678 5666 in
3718 5603 3880 5666 circae
