3932 6326
32 366 138 422 69

915 375 1270 438 THEODORI
1305 379 1352 438 Π
1389 378 1528 440 IMP.
1568 380 1660 438 DE
1698 379 2157 442 COMMUNIONE
2192 385 2574 445 NATURALI.

3305 397 3443 452 1370

27 505 106 554 αὶ
146 502 224 554 αἱ
249 494 522 572 διάμετροι
551 498 641 550 καὶ
674 497 728 550 αἱ
783 500 915 572 πρὸς
963 505 1023 556 τὸ
1066 508 1272 580 κέντρον
1317 505 1508 567 εὐθεῖαι
1569 510 1658 561 καὶ
1716 508 1764 562 Α
1821 527 1911 562 και
1934 506 2170 564 ἁπάντων
2196 514 2390 568 τούτων
2435 517 2589 592 πέρας
2637 515 2697 567 τὸ
2744 521 2816 573 Χ.
2867 515 2946 570 Τὰ
2994 522 3120 590 γοῦν
3174 523 3264 572 τοῦ
3313 525 3351 572 Β
3405 525 3444 574 Γ

108 589 190 643 ἐκ
239 595 332 643 τού
389 592 600 661 κέντρου
659 585 754 640 κᾶν
817 587 1147 660 ἑλαττῶνται,
1201 595 1296 654 κᾶν
1357 596 1511 671 αύξῃ,
1581 595 1659 653 ἀεὶ

27 683 142 731 ταί
187 681 320 746 εἰσι,
352 681 411 730 τὸ
444 673 504 735 δὲ
523 677 843 750 τιτράγωνον
873 683 1008 734 κατὰ
1034 685 1124 745 τὰς
1180 681 1495 759 διαμέτρους
1549 686 1657 760 ούχ

28 770 208 831 ῦτως
241 771 372 842 ἔχει.
413 765 474 820 Ἡ
530 767 632 839 γὰρ
689 769 744 819 ἐκ
786 777 878 830 τῆς
927 780 1177 846 γραμμῆς
1230 774 1488 848 ληφθεῖσα
1540 771 1658 828 διοί-

28 876 232 931 .ετρος
279 859 488 914 τεθεῖσα
540 855 738 932 πλευρὰ
791 855 904 913 ἴσον
958 869 1031 933 τῷ
1086 859 1146 916 οὗ
1196 863 1308 918 ἔστι
1383 861 1660 940 διάμετρος

28 950 176 1003 ὀισῖ
211 947 604 1022 τιτράγωνον,ἡ
658 943 719 1000 δὲ
770 953 966 1024 κυρίως
1023 948 1300 1030 διάμετρος
1355 957 1386 1016 ἡ
1446 955 1502 1009 ἐκ
1557 963 1658 1010 τῶν

35 1045 250 1090 ωνιῶν
308 1043 448 1090 ποιεῖ
489 1033 792 1093 διπλάσιον.
842 1042 986 1094 Εἵπω
1035 1038 1095 1096 δὲ
1145 1048 1236 1097 καὶ
1303 1042 1448 1110 ἄλλο,
1525 1046 1658 1106 ὅπως

27 1127 211 1191 ἐἰξω
243 1129 324 1181 ὅτι
348 1131 408 1181 τό
439 1122 581 1194 εἶδος
610 1132 918 1200 κρειττόνως
952 1150 1011 1184 το
1055 1120 1298 1186 κυκλικὸν
1354 1131 1658 1194 εἰδοποὶησε

27 1225 247 1292 ’χῆμα
266 1224 358 1270 τοῦ
386 1222 710 1292 τετραγώνου
767 1223 858 1272 καὶ
914 1222 1118 1274 πάντων
1172 1225 1301 1298 πρὸς
1350 1227 1408 1276 τὸ
1463 1220 1653 1291 δεῖξαι,

28 1326 96 1357 τι
147 1309 228 1359 τὰ
248 1313 340 1359 τοῦ
368 1305 558 1358 κύκλου
603 1309 734 1382 μέρη
781 1306 987 1362 ἅπαντα
1027 1307 1120 1363 ἶσα
1170 1315 1296 1384 πρὸς
1341 1315 1402 1366 τὸ
1450 1317 1655 1389 κέντρον

27 1400 113 1448 ,αὶ
138 1395 322 1448 αὐτοῦ
351 1402 674 1468 τετραγώνου
703 1417 714 1430 ·
743 1393 827 1450 δεῖ
865 1395 924 1451 δὲ
991 1404 1186 1473 τέμνειν
1253 1399 1348 1454 διὰ
1397 1409 1496 1455 τῶν
1565 1399 1658 1456 δια

27 1489 250 1560 ιέτρων
271 1484 442 1537 αὐτῶν
472 1489 562 1538 καὶ
586 1481 756 1552 δεῖξαι
782 1487 859 1540 ὅτι
890 1488 985 1541 ἴσα
1025 1491 1092 1542 τὰ
1144 1495 1274 1564 μέρη
1324 1493 1495 1544 πάντα
1555 1492 1656 1545 αύ-

27 1582 143 1629 ὀῦ.
187 1573 414 1628 Ἐστωό
445 1579 543 1628 ΒΓ
600 1575 807 1643 κύκλος,
865 1581 1073 1652 κέντρον
1128 1575 1188 1633 δὲ
1237 1582 1424 1634 τούτου
1478 1583 1536 1633 τὸ
1587 1588 1654 1638 Χ.

27 1668 396 1740 ιιαστήματα
423 1659 482 1717 δὲ
510 1666 568 1719 τὸ
593 1669 631 1718 Α
660 1670 698 1716 Γ
736 1671 772 1717 Β
803 1672 837 1719 Δ
875 1671 965 1719 καὶ
992 1668 1148 1739 ἤχθω
1178 1667 1280 1722 ἀπὸ
1305 1677 1400 1733 τῆς
1465 1675 1506 1723 Α
1560 1688 1656 1724 πε-

27 1757 338 1827 δοιτουμένη
368 1753 539 1806 meum
595 1754 680 1807 ἐπὶ
740 1758 833 1813 τὴν
893 1761 931 1808 Γ
979 1753 1073 1809 διὰ
1137 1765 1228 1811 τοῦ
1285 1766 1354 1825 Χ,
1406 1760 1656 1822 ὡσαύτως

27 1861 116 1894 ται
142 1841 261 1895 ὄιπό
291 1850 383 1904 τῆς
428 1848 463 1896 Δ
520 1840 602 1895 ἐπὶ
655 1851 748 1904 τῆς
799 1850 836 1896 Β
876 1846 932 1897 αἰ
976 1845 1082 1898 iis:
1132 1853 1225 1900 τοῦ
1268 1853 1304 1899 Β
1353 1853 1392 1899 Γ
1464 1847 1655 1901 κύκλου

27 1928 345 2007 ΐιάμετροι.
388 1935 589 2007 Κέντρῳ
624 1928 684 1985 δὲ
712 1932 866 1985 πάλιν
905 1941 977 2005 τῷ
1033 1941 1090 2005 Β,
1139 1935 1326 2000 κύκλος
1377 1937 1654 2011 γεγράφθω

27 2023 34 2068 ι
73 2027 132 2073 Ν
163 2027 238 2090 Η,
272 2017 552 2097 διάμετρος
578 2017 637 2074 δὴ
662 2023 692 2082 ἠ
729 2029 774 2076 Χ
802 2029 870 2089 Ν,
898 2022 1045 2098 ἑτέρα
1072 2021 1132 2078 δὲ
1167 2027 1198 2084 ἡ
1257 2033 1296 2079 Φ
1340 2032 1405 2085 H.
1464 2026 1655 2079 Ὡσαύ-

27 2130 125 2172 ’ως
164 2107 235 2164 δὲ
263 2114 453 2184 κέντρῳ
482 2118 555 2182 τῷ
579 2117 613 2164 Δ
652 2111 840 2173 κύκλος
859 2115 1138 2188 γεγράφθω
1213 2116 1238 2166 ὁ
1295 2123 1342 2170 Χ
1399 2123 1466 2182 Θ,
1527 2111 1655 2168 διά-

27 2219 228 2274 ιετρος
267 2195 380 2258 δὲή
427 2205 566 2266 ΛΘ,
599 2199 746 2274 ἑτέρα
767 2197 827 2253 δὲ
884 2203 914 2260 ἡ
966 2209 1003 2254 Ρ
1056 2210 1124 2259 Χ.
1177 2209 1278 2257 Καὶ
1338 2205 1489 2266 αὖθις
1543 2209 1655 2258 κέν-

27 2308 134 2361 ·ρῳ
163 2296 244 2359 τῷ
275 2294 332 2358 Γ,
364 2288 552 2352 κύκλος
578 2292 887 2362 γεγράρφθω
927 2292 952 2343 ὁ
984 2298 1026 2344 Η
1058 2299 1132 2359 Μ,
1167 2289 1445 2369 διάμετρος
1500 2291 1559 2346 δί
1616 2296 1647 2353 ἡ

27 2386 61 2432 εἰ
100 2381 320 2448 Μ,.καὶ
349 2377 475 2437 ἄλλη
508 2379 538 2437 ἡ
577 2386 622 2432 Θ
654 2386 715 2433 Η.
753 2384 852 2433 Καὶ
891 2379 1045 2433 πάλιν
1083 2385 1276 2457 κέντρῳ
1314 2391 1387 2455 τῷ
1446 2389 1508 2450 Α,
1565 2385 1651 2434 κό-

27 2466 154 2528 ελος
187 2467 526 2540 γεγράφθωὸ
587 2471 625 2519 Φ
686 2475 753 2534 Χ,
820 2464 1103 2544 διάμετρος
1141 2467 1202 2524 δὲ
1253 2473 1284 2530 ἠ
1346 2478 1384 2526 Ε
1438 2480 1506 2543 Χ,
1560 2475 1652 2524 καὶ

27 2555 190 2630 Eripe:
235 2557 265 2613 ἠ
317 2563 363 2608 Λ
441 2561 502 2613 Φ,
587 2559 734 2628 Λέγω
813 2565 939 2630 γοῦν
1007 2560 1088 2611 ὅτι
1150 2555 1221 2613 τὰ
1279 2568 1378 2614 τῶν
1448 2567 1540 2615 τοῦ
1615 2567 1652 2612 Β

27 2652 54 2697 7
128 2643 334 2696 κύκλου
391 2647 592 2719 πέρατα
667 2641 961 2720 διαμέτρων
1037 2654 1074 2700 Β
1158 2654 1197 2702 Γ
1299 2655 1334 2703 Δ
1416 2656 1457 2704 Α
1541 2654 1651 2704 κέν-

27 2754 129 2808 τρα
165 2734 700 2788 ἑστίτῶνΦΝΗΗ
739 2741 938 2791 ΜΘΘ
977 2743 1092 2792 ΡΛ
1133 2743 1181 2793 Λ
1230 2745 1268 2792 Ε
1330 2744 1369 2793 Φ
1424 2739 1646 2810 κύκλων,

31 2857 294 2915 iametri
339 2861 397 2916 et
458 2857 629 2915 lineae
681 2853 856 2917 rectae
908 2861 987 2918 ad
1026 2867 1299 2920 centrum
1358 2863 1582 2931 ductae,
1629 2867 1688 2922 et

27 2964 145 3020 :uae
181 2965 222 3006 a
251 2953 454 3006 centro
499 2948 822 3018 ducuntur,
885 2951 1005 3008 sive
1060 2954 1259 3010 minor
1308 2955 1435 3011 sive
1487 2955 1689 3028 major

27 3041 106 3094 at
164 3037 452 3106 circulus,
504 3053 742 3112 semper
819 3044 958 3098 sunt
1022 3043 1314 3115 aequales.
1391 3048 1463 3102 At
1529 3059 1682 3118 qua-

28 3130 255 3184 ,ratum
289 3125 520 3183 ratione
569 3127 1002 3186 diametrorum
1048 3146 1171 3188 non
1227 3133 1310 3189 ita
1358 3149 1421 3189 se
1469 3133 1676 3190 habet.

27 3218 157 3272 iam
184 3221 432 3287 sumpta
452 3215 550 3273 illa
568 3232 706 3290 qum
730 3223 818 3275 est
841 3218 1137 3277 linearum
1154 3222 1380 3278 ratione
1393 3222 1686 3280 diameter

32 3309 50 3359 t
73 3304 246 3362 latus
266 3305 478 3362 eﬂ‘ecta
504 3305 738 3379 aequale
763 3308 1137 3380 quadratum
1159 3310 1337 3367 efﬁcit
1358 3312 1489 3383 ejus
1509 3313 1688 3383 cujus
1718 3295 1757 3348 (ἶ

30 3400 89 3450 st
129 3395 450 3452 diameter.
505 3398 577 3452 At
622 3411 758 3468 qum
807 3398 1047 3470 proprie
1105 3399 1326 3456 dicitur
1373 3401 1684 3469 diameter,

27 3498 235 3556 tempe
266 3482 625 3553 angulorum
668 3486 897 3542 ratione
951 3486 1110 3545 dicta
1165 3488 1456 3545 diameter
1507 3489 1688 3546 efﬁcit

27 3571 294 3643 [uadrati
325 3571 601 3643 duplum.
627 3573 908 3634 Dicamus
931 3575 1110 3632 etiam
1135 3577 1304 3634 aliud
1327 3582 1388 3633 ut
1409 3577 1686 3634 ostenda-

27 3676 144 3716 nus
181 3661 438 3718 formam
464 3660 827 3725 circularem
855 3665 1295 3739 prmtentiorem
1343 3683 1476 3721 esse
1528 3682 1684 3739 qua-

27 3749 187 3806 lrato
217 3755 275 3806 et
293 3750 425 3806 aliis
447 3749 820 3822 quibuslibet
846 3753 1073 3822 tiguris.
1116 3754 1205 3810 Ad
1240 3755 1684 3812 ostendendum

27 3854 230 3894 )mnes
259 3841 458 3899 circuli
489 3844 690 3914 partes
721 3842 984 3912 mquales
1008 3859 1141 3898 esse
1163 3843 1241 3919 ad
1266 3848 1536 3900 centrum
1559 3860 1684 3900 non

27 3931 218 3984 tutem
249 3929 526 4000 quadrati
553 3934 752 4002 partes
797 3947 811 3996 ;
872 3935 1107 4002 oportet
1152 3946 1354 3988 secare
1391 3932 1684 3988 circulum

27 4015 739 4091 liametrisipsis.EstoB
798 4020 837 4074 C
885 4021 1166 4087 circulus,
1216 4027 1488 4078 centrum
1540 4037 1684 4078 vero

27 4106 197 4176 iujus
224 4106 376 4163 sitX.
414 4108 728 4166 Intervalla
759 4124 896 4164 vero
925 4108 1042 4168 sint
1080 4118 1126 4165 Α
1154 4111 1194 4167 C
1228 4113 1266 4166 Β
1308 4113 1373 4169 D.
1424 4114 1684 4166 Ducatur

29 4194 174 4252 inea
204 4195 348 4254 abA
377 4213 485 4270 per
525 4201 568 4255 Χ
610 4214 744 4270 quae
792 4199 1144 4255 terminatur
1189 4200 1250 4256 in
1292 4203 1331 4257 C
1383 4216 1397 4256 :
1463 4199 1681 4257 eodem

27 4285 203 4342 nodo
225 4301 262 4343 a
291 4291 513 4358 puncto
547 4289 588 4342 D
610 4287 672 4342 in
696 4292 987 4358 punctum
1019 4288 1061 4341 Β
1090 4288 1346 4344 ducatur
1370 4288 1556 4346 altera
1610 4288 1681 4344 li-

27 4386 152 4443 iea,
199 4373 436 4448 sintque
468 4374 665 4431 ambae
711 4374 982 4431 diametri
1014 4375 1219 4434 circuli
1255 4376 1297 4429 Β
1345 4378 1407 4432 C.
1451 4380 1678 4432 Rursus

27 4461 244 4518 :ircum
273 4468 547 4520 centrum
583 4466 620 4519 Β
648 4462 903 4519 circulus
919 4463 1278 4520 describitur
1302 4468 1344 4522 N
1374 4467 1420 4521 K
1447 4484 1460 4534 ;
1485 4465 1677 4538 sitque

27 4566 138 4607 ina
160 4552 450 4609 diameter
476 4555 515 4610 X
541 4555 606 4620 N,
641 4551 826 4609 altera
847 4569 989 4608 vero
1013 4555 1056 4608 Η
1089 4553 1159 4607 Κ.
1214 4553 1438 4610 Eodem
1493 4555 1677 4611 modo

1846 741 3331 2127 πη

2184 1430 3259 2119 {alii}

1815 2290 2005 2344 κύκλου
2031 2293 2230 2363 πέρατα
2253 2298 2352 2346 τῶν
2388 2285 2680 2365 διαμέτρων
2723 2295 2760 2344 Β
2816 2295 2855 2341 Γ
2908 2294 2942 2346 Δ
2977 2293 3013 2342 Α
3066 2293 3249 2360 κέντρα
3301 2293 3414 2345 ἐστὶ

1813 2389 1912 2433 τῶν
1945 2379 2124 2455 ἑτέρων
2151 2379 2368 2449 κύκλων,
2403 2383 2461 2433 τὸ
2491 2376 2549 2433 δὲ
2587 2387 2635 2434 Χ
2696 2382 2854 2454 πέρας
2900 2380 3088 2434 αὐτῶν.
3152 2380 3300 2435 Ἐπεί
3359 2376 3419 2434 δὲ

1813 2475 1969 2546 πέρας
2007 2477 2222 2523 τῶνΒΡ
2263 2476 2300 2522 Γ
2344 2476 2380 2524 Δ
2437 2473 2476 2521 Α
2535 2467 2754 2545 κέντρων
2801 2467 2915 2523 ἐστί
2970 2472 3028 2522 τὸ
3081 2476 3130 2524 Χ
3184 2469 3417 2543 ὑπάρχει

1817 2557 1876 2613 δὲ
1912 2560 1970 2612 τό
2032 2565 2131 2611 τῶν
2197 2555 2425 2633 ἡμίσεων
2489 2557 2653 2611 αὐτῶν
2727 2554 3041 2634 διαμέτρων,
3118 2555 3416 2630 ἀναγκαίως

1814 2650 2047 2722 ὑπάρχει
2086 2668 2176 2701 και
2205 2650 2272 2701 τὰ
2326 2655 2372 2702 Ν
2440 2655 2492 2702 Μ
2539 2655 2575 2701 Ρ
2623 2655 2660 2702 Ε
2709 2650 2907 2720 πέρατα
2949 2656 3048 2699 τῶν
3103 2645 3248 2708 ἐκτὸς
3297 2647 3418 2719 ἡμι-

1814 2739 2036 2792 κυκλίων
2056 2741 2252 2811 ἡμίσεα
2289 2745 2390 2792 τῶν
2428 2745 2475 2792 Ν
2531 2745 2580 2793 Χ
2645 2744 2696 2792 Μ
2761 2743 2812 2791 Χ
2872 2743 2910 2790 Ρ
2974 2743 3024 2791 Χ
3078 2733 3417 2810 δταμέτρωνο

1795 2864 2091 2932 Quoniam
2118 2867 2318 2921 autem
2345 2863 2634 2920 terminus
2666 2862 3099 2920 diametrorum
3127 2864 3167 2918 Β
3197 2863 3258 2931 C,
3289 2863 3331 2917 D
3399 2863 3446 2918 A

1786 4550 2166 4604 estcentrum
2194 4551 2252 4605 Χ.
2287 4553 2382 4606 Est
2411 4553 2618 4607 aulam
2646 4549 2825 4607 etiam
2856 4553 3128 4606 centrum
3159 4546 3443 4604 dimidia-

27 4639 245 4696 :ircum
271 4647 543 4696 centrum
571 4643 611 4695 D
634 4639 1008 4695 describatur
1030 4640 1287 4696 circulus
1317 4643 1354 4696 X
1381 4643 1420 4697 Τ
1445 4658 1457 4696 :
1485 4642 1677 4714 sitque
1713 4650 1754 4704 ι)
1783 4653 1917 4693 rum
1939 4637 2393 4702 diametrorum,
2429 4639 2765 4695 necessario
2791 4654 3035 4712 quoque
3063 4641 3106 4694 N
3129 4640 3236 4695 ΜΒ
3263 4638 3302 4692 Ε
3325 4635 3430 4709 qui

27 4741 142 4784 una
171 4727 463 4784 diameter
495 4731 532 4784 L
562 4730 624 4795 Τ,
643 4727 829 4783 altara
865 4743 1002 4783 vero
1032 4731 1074 4784 R
1134 4731 1193 4783 Χ.
1248 4732 1502 4786 Rursum
1560 4731 1675 4786 cir-

27 4832 159 4873 cum
191 4824 462 4874 centrum
494 4821 534 4873 C
567 4817 823 4874 circulus
867 4817 1242 4875 describatur
1297 4821 1415 4887 KM,
1481 4821 1676 4893 sitque

27 4903 320 4963 diametur
348 4922 471 4963 una
493 4906 541 4961 X
563 4909 633 4972 Μ,
675 4905 861 4962 altera
891 4922 1032 4962 vero
1061 4908 1179 4964 TK.
1209 4910 1277 4965 Et
1298 4924 1506 4964 rursus
1562 4912 1674 4964 cir-

27 5008 157 5051 cum
185 4999 456 5052 centrum
495 4995 544 5048 A
575 4994 832 5050 circulus
853 4993 1230 5052 describatur
1262 4997 1305 5051 II
1356 4999 1419 5065 X,
1480 4997 1675 5070 sitque

27 5080 310 5141 diameter
349 5100 472 5140 una
499 5085 540 5138 E
564 5085 622 5154 X,
653 5083 840 5139 altera
864 5099 1002 5139 vero
1036 5086 1073 5140 L
1098 5083 1167 5142 H.
1203 5085 1341 5140 Dico
1381 5085 1562 5154 igitur
1614 5085 1674 5142 in

27 5171 242 5230 circulo
269 5176 306 5228 Β
331 5176 369 5230 C
390 5173 536 5228 ﬁnes
558 5188 666 5228 seu
685 5172 972 5228 terminos
992 5173 1424 5229 diametrorum
1456 5189 1676 5246 nempe

31 5260 66 5312 Β
96 5261 133 5316 C
175 5263 216 5315 D
248 5265 292 5317 A
323 5276 456 5317 esse
482 5264 684 5317 centra
704 5259 1063 5316 circulorum
1093 5263 1134 5316 Η
1169 5263 1211 5316 Ν
1244 5261 1366 5328 K,K
1415 5263 1464 5318 Μ
1509 5261 1576 5332 Τ,
1636 5264 1677 5318 Τ

28 5348 69 5402 R
101 5350 158 5421 L,
193 5351 232 5406 L
260 5352 299 5405 E
332 5351 397 5419 Η,
430 5352 488 5405 et
514 5349 734 5404 horum
785 5349 1060 5404 omnium
1121 5353 1395 5406 centrum
1435 5364 1567 5406 esse
1613 5352 1674 5419 Χ,

32 5437 437 5495 Extremitates
467 5453 610 5508 ergo
635 5436 1067 5494 diametrorum
1089 5454 1214 5510 qrte
1242 5442 1381 5495 sunt
1404 5441 1442 5496 Β
1475 5440 1514 5495 C
1556 5442 1598 5493 υ
1629 5443 1678 5495 Α

31 5523 87 5580 in
125 5527 345 5583 circulo
377 5529 416 5582 Β
443 5525 508 5584 C.
539 5529 678 5583 sunt
706 5524 963 5582 aliorum
1011 5525 1370 5583 circulorum
1417 5531 1551 5584 cent
1617 5545 1674 5596 a,

36 5614 398 5676 Circulorum
423 5631 567 5673 vero
596 5614 852 5676 istorum
881 5615 1156 5672 omnium
1183 5615 1474 5674 terminus
1505 5620 1596 5675 est
1613 5617 1674 5674 Xa

101 5737 180 5817 (1)
204 5743 390 5800 Locus
418 5739 482 5799 in
507 5739 711 5801 Greca
737 5737 1067 5801 mendoius
1105 5741 1213 5799 est:

1783 4731 1921 4782 sunt
1952 4725 2182 4782 termini
2213 4743 2317 4790 seu
2344 4727 2746 4787 extremitates
2781 4727 3140 4785 exteriorum
3174 4725 3440 4784 semicir-

1783 4814 2054 4872 culorum
2088 4820 2228 4872 sunt
2256 4816 2520 4875 dimidiae
2547 4821 2746 4890 partes
2776 4816 3208 4873 diametrorum
3232 4817 3276 4870 N
3303 4816 3364 4880 Χ,
3388 4816 3441 4870 Μ

1783 4904 1860 4973 Χ,
1880 4907 1995 4959 EX.
2026 4907 2320 4971 Quoniam
2342 4910 2542 4963 autem
2581 4909 2621 4961 X
2654 4907 2693 4960 Β
2719 4908 2810 4961 est
2836 4903 3088 4961 dimidia
3145 4901 3441 4964 diameter

1781 4991 2026 5063 integrae
2039 4983 2264 5056 dimetri
2287 4997 2325 5050 D
2337 4998 2376 5052 X
2393 4998 2448 5062 Β,
2464 4993 2952 5067 quandoquidem
2969 4993 3150 5063 hujus
3169 4996 3436 5049 centrum

1783 5085 1872 5138 est
1899 5085 1961 5150 X,
1997 5085 2035 5137 Β
2065 5086 2104 5138 Χ
2129 5097 2372 5156 quoque
2411 5083 2519 5139 erit
2546 5082 2799 5138 dimidia
2845 5080 3136 5138 diameter
3190 5081 3439 5152 integrae

1782 5168 2056 5227 diametri
2074 5173 2117 5228 N
2142 5173 2202 5236 Χ,
2236 5171 2294 5227 in
2313 5169 2532 5227 circulo
2547 5173 2590 5226 N
2607 5173 2672 5228 Η.
2687 5171 2978 5236 Quoniam
2995 5170 3155 5226 enim
3169 5169 3373 5228 circuli
3391 5174 3439 5227 Α

1785 5265 1829 5314 Κ
1845 5264 2114 5316 centrum
2136 5265 2224 5316 est
2250 5263 2557 5332 Bquorum
2571 5275 2712 5316 vero
2729 5259 2980 5315 dimidia
3001 5263 3139 5316 sunt
3156 5257 3436 5332 aequalia,

1787 5353 1906 5405 tota
1934 5348 2086 5406 inter
2098 5365 2159 5405 se
2170 5364 2414 5422 quoque
2433 5353 2574 5406 sunt
2585 5348 2870 5423 requalia:
2889 5363 3031 5405 sane
3047 5347 3322 5404 diametri
3343 5348 3438 5406 in-

1785 5443 1870 5495 ter
1899 5454 1961 5494 se
1989 5443 2160 5495 erunt
2184 5437 2478 5512 requales(
2490 5440 2560 5510 l).
2580 5438 2802 5496 Eadem
2821 5437 2970 5494 ratio
2983 5441 3072 5494 est
3091 5438 3270 5494 etiam
3289 5437 3438 5495 alia-

1783 5543 1918 5583 rum
1951 5525 2381 5584 diametrorum
2409 5528 2468 5585 in
2499 5526 2630 5584 aliis
2661 5524 2916 5582 circulis.
2969 5528 3119 5582 Nam
3159 5525 3439 5584 diametri

1783 5614 2029 5688 integra
2057 5617 2099 5672 Χ
2126 5617 2178 5672 Μ
2206 5614 2458 5673 dimidia
2493 5631 2636 5689 pars
2664 5618 2756 5673 est
2780 5617 2822 5672 Χ
2848 5613 2911 5670 Ε.
2940 5614 3238 5681 Quoniam
3265 5615 3427 5674 enim
