3932 6326
466 373 601 440 1371

1991 365 2344 431 ΑΒΒΕΝΒΑ.

3760 383 3862 434 ίόῗξ

494 512 674 574 ἔπειδή
718 509 779 567 δέ
810 522 899 575 τῆς
958 521 1051 566 τοῦ
1103 519 1141 565 Β
1197 519 1218 567 Ῑ
1286 514 1480 568 κύκλου
1533 512 1816 592 διαμέτρου
1875 520 1910 566 Δ
1956 520 2004 565 Χ
2053 514 2090 559 Β
2146 497 2197 552 Α
2256 501 2600 592 ῖτερέκιουξιένη
2631 519 2643 531 ⁰
2686 495 2843 592 nine:
2889 518 2980 550 καί
3023 499 3084 550 οἶν
3142 504 3434 592 συῆτῆσεις
3500 509 3732 577 σφαῖραν
3776 503 3849 559 ἷτῖ

494 607 662 678 ἥμισύ
694 604 834 656 ἐστιν
874 607 903 662 ἡ
954 610 1003 656 Χ
1045 611 1081 656 Β
1127 601 1308 662 ἐπειδὴ
1369 610 1570 681 κέντρον
1625 608 1737 659 έστί
1790 607 1976 657 τούτου
2030 603 2089 652 τὸ

492 703 559 764 Χ,
593 697 731 752 καιὴ
764 701 874 748 ΒΧ
937 694 1104 766 ἣμισύ
1153 693 1265 746 ἑστι
1323 704 1420 758 τῆς
1470 704 1516 750 Ν
1569 703 1617 748 Χ
1663 695 1948 766 διαμέτρου
2001 697 2089 742 τοῦ

491 791 537 837 Ν
576 791 617 836 Η
645 783 836 834 κύκλον
867 805 879 816 '
923 781 1104 842 ἐπειδὴ
1133 788 1232 858 γὰρ
1257 789 1488 859 ὑπάρχει
1540 788 1725 837 τούτου
1773 788 1978 856 κέντρον
2030 784 2088 831 τὸ

491 880 527 924 Β
555 873 622 923 ὧν
653 868 712 924 δὲ
736 870 824 923 ἶσα
851 875 916 924 τὰ
941 874 1136 940 ἡμίσεα
1160 894 1249 926 και
1281 878 1347 928 τὰ
1386 876 1478 927 ὅλα
1499 872 1592 927 ἶσά
1639 873 1772 938 ἐστι,
1821 873 1956 923 κατὰ
2004 873 2090 921 τὸν

492 962 646 1014 αὐτὸν
679 957 737 1012 δε
767 961 916 1031 λόγον
941 981 1029 1014 και
1051 963 1135 1014 ἐπί
1163 973 1260 1014 τῶν
1285 963 1446 1016 ἄλλων
1474 985 1486 998 ο
1522 971 1617 1023 τῆς
1636 966 1736 1036 γὰρ
1774 969 1811 1015 Α
1834 969 1881 1014 Χ
1909 967 1945 1012 Γ
1973 957 2090 1011 δια-

491 1055 677 1125 μέτρου
707 1058 798 1102 τοῡ
823 1057 860 1102 Β
887 1056 924 1102 Γ
952 1051 1142 1103 κύκλου
1165 1056 1330 1125 ἣμισύ
1358 1053 1500 1104 ἐστιν
1524 1054 1555 1110 ἡ
1585 1057 1632 1104 Χ
1660 1057 1698 1104 Γ
1749 1047 1926 1107 ἐπειδὴ
1974 1052 2091 1100 κεν-

491 1158 610 1212 τρον
632 1138 744 1190 ἐστέ
769 1141 955 1190 τούτου
985 1143 1042 1190 τὸ
1068 1145 1117 1192 Χ
1146 1161 1234 1192 και
1264 1143 1294 1199 ἠ
1331 1147 1368 1193 Γ
1387 1149 1432 1194 Χ
1455 1143 1622 1212 ἧμισύ
1646 1139 1758 1192 έστι
1783 1147 1877 1198 τῆς
1911 1145 1962 1190 Μ
1996 1143 2013 1189 Ι
2044 1144 2090 1190 Χ

493 1224 776 1300 διαμέτρου
806 1235 898 1280 τοῦ
930 1235 970 1280 Η
1004 1235 1054 1281 Μ
1107 1230 1298 1282 κύκλου
1333 1252 1345 1263 ·
1397 1226 1572 1288 ἐπειδὴ
1626 1231 1858 1302 ὑπάρχει
1904 1229 2090 1278 τούτου

491 1321 696 1390 κέντρον
723 1319 782 1368 τὸ
814 1322 853 1368 Γ
893 1337 906 1350 ο
938 1317 1005 1368 ὧν
1034 1313 1093 1370 δὲ
1113 1318 1208 1370 ἶσα
1249 1321 1315 1370 τὰ
1345 1321 1562 1391 ἡμίσεα,
1602 1337 1693 1368 και
1745 1320 1811 1368 τὰ
1862 1315 1953 1367 ὅλα
1998 1323 2093 1366 ῑσα

493 1406 651 1458 ἐστίν.
723 1404 993 1468 Ὡσαύτως
1052 1426 1142 1459 και
1197 1415 1292 1468 τῆς
1341 1413 1377 1459 Β
1426 1413 1473 1459 Χ
1534 1415 1569 1459 Δ
1647 1401 1930 1478 διαμέτρου
1999 1411 2091 1456 τοῦ

493 1493 850 1552 ΒΓκύκλουὴ
907 1501 956 1546 Χ
1016 1502 1050 1548 Δ
1094 1499 1264 1567 ἥμισύ
1314 1495 1426 1549 ἔστι
1477 1504 1573 1556 τῆς
1623 1499 1662 1547 Φ
1715 1500 1760 1546 Χ
1805 1491 2091 1565 διαμέτρου

491 1590 582 1635 τοῦ
613 1590 662 1636 Χ
693 1589 738 1636 Θ
777 1583 988 1648 κύκλου,
1028 1581 1208 1642 ἐπειδὴ
1242 1588 1449 1656 κέντρον
1477 1586 1591 1636 ἔστί
1629 1587 1816 1635 τούτου
1872 1585 1932 1634 τὸ
1984 1589 2020 1633 Δ
2076 1601 2089 1613 ·

493 1672 560 1722 ὧν
584 1669 642 1724 δε
674 1669 764 1724 ἶσα
795 1674 858 1723 τὰ
879 1674 1096 1743 ἡμίσεα,
1125 1679 1215 1725 καί
1262 1675 1330 1725 τὰ
1390 1673 1484 1726 ὅλα
1540 1673 1633 1725 ἷσοὲ
1683 1672 1844 1725 ἐστιν.
1897 1670 2092 1722 Ὠσαύ-

491 1779 592 1821 τως
615 1756 674 1812 δὲ
703 1779 793 1811 και
821 1765 980 1821 τῆςΓ
1018 1767 1066 1814 Χ
1126 1769 1159 1814 Α
1220 1758 1505 1835 διαμέτρου
1567 1769 1659 1813 τοῦ
1717 1767 1752 1812 Β
1818 1766 1855 1812 Γ
1902 1759 2093 1811 κύκλου

491 1851 522 1906 ἡ
553 1854 666 1902 ΧΑ
696 1847 862 1912 ἥμισύ
912 1849 1076 1918 ἐστιν,
1122 1847 1304 1908 ἐπειδὴ
1361 1855 1567 1926 κέντρον
1617 1849 1729 1903 έστέ
1784 1851 1969 1901 τούτου
2034 1850 2094 1899 τὸ

491 1945 542 1992 Χ
570 1956 660 1989 και
688 1939 718 1996 ἠ
763 1944 803 1991 Δ
833 1943 882 1990 Χ
949 1937 1117 2010 ἣμισύ
1167 1941 1280 1991 ἔστι
1337 1948 1434 2001 τῆς
1478 1946 1515 1991 Ε
1565 1945 1613 1992 Χ
1669 1936 1956 2010 διαμέτρου
2003 1944 2096 1988 τοῦ

493 2032 532 2080 Φ
559 2034 608 2080 Χ
635 2025 849 2096 κύκλου,
883 2023 1060 2086 ἐπειδὴ
1093 2030 1298 2100 κέντρον
1345 2029 1458 2082 ἐστί
1505 2031 1691 2081 τούτου
1730 2030 1788 2079 τὸ
1873 2033 1911 2079 Λ

494 2111 554 2168 δε
581 2117 648 2167 τὰ
685 2117 880 2186 ἡμίσεα
907 2116 1020 2182 ἴσα,
1081 2137 1171 2168 και
1203 2119 1272 2169 τὰ
1327 2116 1420 2168 ὁλα
1472 2113 1564 2169 ἶσοὲ
1611 2116 1724 2168 ἐστι
1777 2135 1867 2167 και
1909 2117 1939 2172 ἡ
1998 2113 2103 2189 ἄρα

491 2209 612 2257 NX
671 2200 950 2277 διάμετρος
991 2213 1052 2277 τῇ
1102 2212 1140 2258 Β
1188 2213 1223 2258 Δ
1277 2207 1366 2264 ἴση
1421 2205 1555 2266 ἐστί,
1622 2225 1711 2256 και
1754 2205 1783 2262 ἡ
1834 2207 1882 2261 Μ
1939 2209 1988 2255 Χ
2034 2210 2096 2275 τῇ

491 2291 1506 2367 ΛΓάλλακαιήΦΧτῇΒΔκαιή
1559 2299 1782 2366 ΕΧτῇ
1839 2297 1877 2346 Α
1927 2297 1966 2344 Γ
2010 2294 2102 2343 καί

491 2382 708 2457 ἑκατέρα
735 2390 798 2453 τῇ
832 2382 1049 2455 ἑκατέρα
1078 2384 1194 2436 ἵσαί
1226 2383 1330 2435 εἰσι
1359 2405 1371 2416 ·
1405 2384 1471 2434 τά
1494 2383 1596 2456 γάρ
1663 2390 1735 2453 τῷ
1786 2380 1925 2452 αύτῷ
1981 2379 2095 2445 ἶσα,

1969 2026 2101 2076 ’ὧν

490 2491 581 2522 και
619 2469 857 2532 ἀλλήλοις
882 2467 974 2524 ἶσοὶ
1021 2471 1152 2538 ἐστι,
1199 2493 1288 2524 και
1317 2472 1384 2522 ὧν
1422 2473 1488 2524 τά
1545 2476 1674 2546 μέρη
1721 2467 1834 2534 ἶσα,
1901 2491 1990 2522 και
2031 2471 2098 2522 τά

491 2559 586 2612 ὅλα
621 2555 713 2612 ἶσοὶ
739 2559 852 2612 ἔστι
879 2565 982 2613 Χαι
1004 2569 1103 2611 τῶν
1119 2558 1221 2634 ἆρα
1244 2562 1370 2614 ἰσων
1422 2558 1769 2633 διαμέτρωνοί
1813 2561 1861 2612 οἱ
1913 2558 2093 2610 κύκλοι

491 2644 601 2700 ἶσοί
650 2651 777 2712 εἰσι,
825 2668 916 2700 και
969 2650 1137 2701 πάντα
1193 2651 1257 2701 τά
1323 2656 1414 2702 τοῦ
1470 2648 1661 2700 κύκλου
1729 2651 1929 2722 πέρατα
2002 2642 2095 2700 ἶσά

492 2736 652 2790 ἐστιν.
679 2735 820 2788 Ἐπεί
846 2734 906 2790 δὲ
931 2757 1020 2790 και
1062 2737 1130 2790 τά
1173 2745 1266 2802 τῆς
1321 2745 1546 2814 σφαίρας
1598 2743 1796 2813 πέρατα
1841 2735 2094 2808 δέχονται

488 2828 608 2886 τοὺς
673 2825 864 2890 αὐτοὺς
912 2826 1130 2889 κύκλους
1185 2847 1274 2880 και
1328 2833 1546 2904 πέρατα,
1590 2828 1657 2879 ὧν
1716 2829 1907 2902 Θάτερα
1948 2828 2092 2879 θατέ-

488 2935 613 2992 ρους
673 2935 765 2968 και
815 2919 951 2969 κατά
997 2926 1086 2978 τῆς
1144 2923 1387 2993 σφαίρας·
1416 2923 1546 2993 μέρη
1596 2919 1766 2970 πάντα
1812 2913 1904 2969 ἷσοὶ
1954 2916 2086 2978 ἐστι,

489 3025 581 3058 και
638 3011 789 3059 πᾶσα
854 3010 1046 3068 ταύτης
1111 3004 1390 3082 διάμετρος
1440 3017 1512 3078 τῷ
1612 3010 1802 3066 ταύτης
1897 3010 2088 3077 κέντρῳ

2253 585 2442 659 ἐστίτῇ
2472 587 2535 647 ἧς
2575 587 2686 639 ἐστι
2721 584 3025 660 διάμετρος,
3064 609 3152 640 και
3218 588 3243 641 ὃ
3290 600 3501 663 σχῆμα
3562 598 3854 648 ποιήσαιτε)

2253 675 2306 727 αἱ
2336 683 2427 736 τῆς
2455 671 2736 750 διαμέτρου
2773 678 2964 730 εὐθεῖαι
3015 680 3179 751 ταύτῃ
3241 675 3354 732 ἶσόν
3402 681 3552 748 ἐστι,
3614 683 3747 733 καθέ
3801 680 3853 739 1‘:

2251 784 2341 816 και
2365 773 2457 816 τοῦ
2487 765 2677 818 κύκλου
2715 787 2726 798 ·
2753 771 3078 824 συνέστησαν
3108 771 3209 841 γάρ
3237 771 3289 820 αἱ
3320 777 3368 822 Θ
3432 776 3477 822 Γ
3554 777 3600 823 Η
3651 776 3689 824 Φ
3745 778 3772 823 Β
3823 781 3854 824 Η

2253 859 2298 908 Λ
2333 860 2368 906 Α
2411 860 2449 906 Φ
2490 861 2535 907 Θ
2567 862 2601 908 Δ
2635 849 2678 908 Λ
2718 864 2816 906 τῶν
2856 857 3056 907 κύκλων
3089 851 3362 930 διάμετροι
3411 863 3479 912 τὸ
3543 865 3586 914 Φ
3651 865 3693 912 Η
3741 869 3782 914 Θ
3831 873 3858 914 .\

2252 962 2589 1016 τετραγωνον,
2627 952 2775 996 τοῦτο
2807 939 2866 996 δε
2903 951 3191 1003 ποιήσουσι
3238 967 3329 1000 και
3379 950 3436 1001 αἱ
3498 959 3602 1011 τῆς
3662 955 3862 1022 σοαίςες

2255 1027 2529 1105 διάμετροι
2550 1034 2671 1106 ὅπερ
2704 1028 2812 1085 ἓδει
2839 1027 3028 1096 δεῖξαι.

2326 1116 2396 1174 δ’.
2427 1127 2593 1173 Τοῦτο
2612 1118 2673 1174 δέ
2697 1121 2801 1193 ούχ
2828 1130 2948 1196 εὑρη
2979 1143 3055 1184 τις
3086 1123 3160 1186 εἰς
3188 1131 3362 1178 πᾶσαν
3382 1131 3662 1199 γραμμὴν
3690 1149 3779 1179 και
3824 1131 3866 1179 τὲ

2251 1213 2355 1281 μὴν
2381 1217 2472 1261 τοῦ
2521 1215 2840 1282 τετραγώνου
2889 1210 2979 1272 τὰς
3035 1209 3129 1266 δια
3172 1221 3264 1266 τοῦ
3303 1217 3476 1286 μέσου
3523 1236 3624 1268 και
3677 1221 3870 1290 1611,11;

2252 1299 2496 1370 ἠγμένας,
2514 1318 2603 1350 και
2634 1299 2785 1362 αύθις
2813 1304 2939 1372 πρὸς
2968 1305 3026 1352 τό
3067 1297 3237 1365 δεῖξαι
3290 1304 3372 1355 ὅτι
3441 1303 3574 1357 οὔτε
3641 1306 3758 1358 ἴσον
3816 1317 3871 1376 τῇ.

2253 1393 2554 1461 τετραγώνῳ
2605 1394 2753 1440 πᾶσα
2812 1385 3094 1463 διὰμετρος
3156 1388 3251 1443 διὰ
3319 1400 3413 1444 τοῦ
3493 1398 3728 1467 κέντρου
3800 1417 3874 1447 1::

2253 1479 2415 1548 μέσου
2475 1477 2692 1547 ἠγμένη,
2752 1483 2809 1530 τό
2856 1478 2981 1530 αὐτὸ
3029 1486 3171 1532 ποιεῖ
3215 1473 3274 1532 οὗ
3357 1477 3685 1557 διάμετρος,
3775 1489 3879 1537 σῐτπ

2254 1565 2423 1638 ἕτερον
2455 1565 2566 1616 ἴσον
2597 1584 2685 1616 και
2706 1573 2775 1636 τῷ
2803 1566 2978 1637 αύτῷ·
3038 1565 3122 1620 δεῖ
3171 1576 3294 1639 γοῦν
3352 1569 3576 1631 ἀνίσους
3642 1571 3743 1634 τοὶς
3801 1595 3875 1625 τοι

2255 1657 2579 1725 τετραγώνου
2609 1651 2778 1716 δεῖξαι
2801 1651 3114 1730 διαμέτρους
3135 1677 3220 1709 και
3254 1655 3320 1709 τᾶι
3378 1657 3433 1711 ἐκ
3475 1662 3695 1711 τούτων
3753 1683 3876 1733 7m

2349 1747 3771 2816 Ξ,

2251 2939 2379 2991 μενοι
2475 2925 2734 2993 σχήματα
2826 2919 2928 2974 εἶτε
3026 2921 3250 2983 κύκλους
3341 2920 3441 2974 εἴτε
3547 2924 3868 2997 τετράγωνα.

2247 3010 2420 3063 Ἔστω
2446 3016 2503 3062 το
2534 3017 2572 3063 Α
2610 3017 2646 3062 Β
2670 3016 2707 3062 Γ
2735 3018 2789 3077 Δ,
2821 3008 3219 3085 προαπεδειχθη
3264 3012 3344 3063 ὅτι
3387 3012 3421 3068 ἦ
3493 3016 3537 3062 Β
3583 3017 3624 3063 Γ
3696 3009 3874 3082 $151511-

462 3193 666 3249 circuli
688 3194 734 3248 K
754 3194 803 3248 Μ
829 3197 1101 3248 centrum
1130 3195 1222 3246 est
1257 3193 1319 3260 C,
1350 3191 1597 3259 integrae
1649 3189 1924 3246 diametri
1978 3189 2027 3244 Μ
2080 3189 2119 3242 Χ
2155 3187 2196 3242 C
2227 3185 2328 3242 illa
2352 3186 2582 3241 ratione
2613 3186 2867 3259 aequalis
2884 3187 3192 3243 diametris
3209 3186 3468 3242 utetiam
3491 3186 3789 3244 diametri
3805 3189 3888 3242 cir-

462 3281 717 3337 dimidia
741 3297 886 3352 pars
917 3281 1025 3336 erit
1058 3282 1098 3336 C
1132 3281 1171 3334 X
1201 3280 1260 3335 in
1319 3279 1540 3335 circulo
1591 3282 1635 3335 Κ
1693 3281 1758 3342 Μ,
1819 3277 2115 3344 Quoniam

463 3369 623 3425 enim
653 3369 835 3439 hujus
866 3367 1068 3424 circuli
1102 3372 1373 3423 centrum
1415 3370 1564 3423 estC
1596 3383 1608 3422 :
1658 3382 1920 3439 quorum
1977 3379 2118 3420 vero

461 3457 713 3512 dimidia
742 3461 880 3512 sunt
901 3455 1178 3528 aequalia,
1205 3460 1331 3511 tota
1351 3457 1510 3511 enim
1529 3461 1666 3511 sunt
1682 3454 1960 3526 aequalia,
1981 3458 2088 3508 etc.
2102 3497 2114 3520 ,

461 3550 528 3600 ut
547 3545 774 3601 dictum
805 3549 911 3609 est,
936 3545 1010 3599 de
1041 3544 1397 3600 diametroB
1438 3548 1477 3600 X
1513 3547 1554 3600 ι)
1587 3545 1648 3599 in
1694 3542 1913 3598 circulo
1964 3546 2003 3596 Β
2054 3546 2114 3596 L‘.

462 3633 688 3689 Eodem
717 3632 902 3688 modo
934 3635 976 3688 Χ
999 3635 1041 3688 D
1073 3637 1160 3688 est
1187 3632 1438 3689 dimidia
1470 3649 1610 3705 pars
1633 3633 1877 3701 integrae
1893 3631 2118 3687 diame-

461 3722 532 3777 tri
555 3721 754 3777 circuli
782 3723 878 3776 ΧΤ
905 3724 968 3779 R.
1007 3722 1273 3787 Quorum
1299 3737 1438 3800 vero
1467 3721 1717 3776 dimidia
1739 3726 1878 3776 sunt
1925 3736 2118 3792 teque-

460 3809 562 3880 lia,
593 3813 684 3866 etc
710 3813 775 3866 Et
804 3812 928 3866 utC
969 3813 1010 3866 X
1059 3813 1104 3864 Α
1159 3811 1402 3880 integrae
1461 3810 1738 3866 diametri
1783 3810 1843 3864 in
1894 3808 2116 3864 circulo

463 3901 501 3954 B
532 3902 573 3956 C
604 3899 853 3956 dimidia
892 3913 1034 3972 pars
1078 3905 1165 3956 est
1206 3902 1244 3956 Χ
1303 3906 1369 3964 Α,
1425 3898 1923 3971 quandoquidem
1979 3913 2116 3953 cen-

459 3985 618 4044 trum
647 3989 830 4061 hujus
858 3988 1060 4045 circuli
1083 3995 1174 4044 est
1196 3992 1254 4057 X,
1278 3989 1358 4045 ita
1388 3989 1449 4044 in
1481 3988 1702 4045 circulo
1729 4003 1971 4060 quoque
1992 3989 2032 4042 H
2077 3989 2115 4042 Χ

459 4080 570 4134 erit
596 4083 641 4133 Α
670 4081 709 4133 Χ
748 4078 998 4134 dimidia
1028 4094 1168 4150 pars
1194 4080 1438 4147 integrae
1478 4078 1754 4133 diametri
1781 4080 1818 4132 E
1849 4079 1904 4130 X.
1949 4078 2113 4141 Quo-

460 4183 595 4224 rum
623 4172 825 4223 autem
851 4167 1100 4224 dimidia
1118 4172 1256 4222 sunt
1285 4167 1543 4239 mqualia
1563 4167 1714 4222 inter
1729 4171 1954 4226 se.tota
1967 4181 2113 4236 quo-

461 4271 579 4327 que
606 4255 1034 4328 sunteequalia.
1076 4257 1266 4320 Quare
1293 4255 1584 4310 diameter
1615 4259 1656 4310 N
1702 4257 1742 4309 Χ
1783 4254 1888 4308 erit
1915 4270 2111 4324 requa-

459 4343 532 4400 lis
552 4343 845 4399 diametro
861 4344 903 4398 Β
929 4346 970 4398 D
993 4348 1050 4398 et
1068 4343 1357 4398 diameter
1381 4345 1429 4397 M
1464 4345 1503 4398 Χ
1533 4343 1641 4398 erit
1689 4342 1936 4416 mqualis
1990 4343 2112 4396 dia-

461 4435 712 4487 metroA
741 4430 800 4485 Ο.
830 4433 1118 4488 Praeterea
1171 4431 1464 4486 diameter
1505 4434 1548 4487 R
1603 4434 1644 4487 Χ
1713 4431 1820 4487 erit
1863 4429 2112 4502 aequalis

461 4519 755 4576 diametro
784 4521 826 4572 D
853 4522 912 4587 Β,
945 4526 1003 4575 et
1024 4519 1317 4575 diameter
1362 4523 1401 4574 E
1460 4523 1498 4575 X
1551 4519 1818 4576 similiter
1862 4519 2110 4590 aequalis
2141 4534 2188 4588 ι)

461 4608 755 4665 diametro
780 4614 826 4664 Α
852 4611 910 4675 C,
943 4615 1001 4666 et
1022 4608 1236 4679 singuli
1261 4610 1507 4679 singulis
1522 4610 1783 4681 aequales
1795 4615 1950 4665 sunt.
1970 4612 2110 4675 Quae

462 4697 623 4753 enim
643 4697 838 4754 eidem
871 4705 1010 4754 sunt
1039 4697 1317 4770 aequalia,
1349 4699 1499 4753 inter
1539 4714 1601 4753 se
1655 4704 1796 4754 sunt
1833 4699 2108 4770 aequalia.

459 4787 526 4842 Et
552 4801 813 4858 quorum
858 4791 1056 4860 partes
1099 4792 1238 4842 sunt
1281 4787 1546 4859 aequales
1593 4788 1826 4857 integra
1868 4802 2112 4858 quoque

461 4875 616 4931 inter
653 4891 714 4931 se
737 4881 879 4932 sunt
900 4875 1174 4948 mqualia.
1203 4875 1412 4931 Circuli
1451 4892 1593 4945 ergo
1623 4876 1948 4948 aequalium
1989 4877 2113 4932 dia-

460 4968 786 5020 metrorum
816 4969 956 5020 sunt
975 4964 1260 5036 aequales,
1294 4971 1352 5020 et
1377 4979 1589 5019 omnes
1619 4964 1821 5020 circuli
1841 4966 2113 5021 extremi-

458 5057 612 5108 tates
639 5059 780 5110 sunt
799 5053 953 5109 inter
965 5070 1024 5109 se
1041 5053 1628 5124 aequales,0uoniam
1643 5059 1843 5109 autem
1860 5054 2112 5126 sphaerae

464 5147 867 5199 extremitates
925 5142 1171 5198 cosdem
1217 5141 1472 5197 circulos
1530 5143 1793 5213 capiunt,
1849 5159 2111 5215 quorum

461 5230 805 5301 singillatim
834 5235 1034 5304 partes
1053 5232 1205 5286 inter
1217 5246 1278 5286 se
1293 5229 1727 5302 suntaaquales,
1742 5246 1948 5286 eorum
1966 5248 2112 5304 quo-

459 5334 578 5391 que
604 5336 815 5377 omnes
846 5320 1020 5376 simul
1043 5325 1244 5392 partes
1276 5319 1727 5391 erunttequales
1755 5326 1809 5374 et
1831 5322 2113 5392 quaelibet

459 5409 641 5481 hujus
692 5410 980 5465 diameter
1035 5409 1148 5464 illis
1203 5413 1408 5463 ceutro
1462 5409 1895 5464 terminabitur.
1958 5412 2110 5475 Quin

463 5499 643 5554 etiam
676 5499 723 5552 si
750 5499 978 5570 sphaera
990 5514 1048 5552 m
1063 5499 1412 5562 constituas,
1427 5502 1552 5552 erat
1569 5498 1816 5568 aequalis
1835 5499 2108 5570 sphterae,

462 5586 633 5656 cujus
650 5585 938 5641 diameter
967 5591 1054 5640 est
1077 5586 1348 5657 aequalis,
1373 5591 1432 5640 et
1462 5599 1646 5657 quam
1682 5586 1935 5654 ﬁguram
1978 5589 2110 5643 efﬂ-

461 5673 620 5736 cient
646 5680 820 5728 recta:
847 5673 1100 5729 diametr
1128 5674 1340 5743 ilineae,
1377 5689 1447 5730 ea
1471 5674 1604 5748 ipsa
1631 5674 1825 5743 ﬁgura
1873 5675 1982 5731 erit
2037 5694 2109 5736 ex

2227 3275 2498 3330 culorum
2523 3281 2692 3331 erant
2722 3275 3008 3347 tequales.
3037 3279 3185 3332 Nam
3213 3274 3593 3331 circulorum
3625 3277 3883 3332 diametri

2226 3365 2468 3421 fuerunt
2495 3366 2595 3421 TC
2616 3366 2687 3433 K,
2722 3367 2763 3420 H
2798 3372 2834 3417 Β
2865 3367 2909 3421 Κ
2941 3407 2956 3434 ,
2982 3365 3024 3419 L
3046 3373 3092 3421 Α
3122 3369 3186 3432 ll,
3219 3368 3260 3421 T
3289 3367 3332 3420 Ι)
3359 3365 3422 3430 L,
3457 3381 3536 3421 ex
3571 3367 3807 3438 quibus
3835 3366 3885 3420 ﬁt

2226 3454 2593 3526 quadratum
2617 3456 2657 3508 H
2691 3456 2738 3510 Κ
2770 3457 2808 3509 L
2830 3457 2892 3511 Τ.
2925 3457 3044 3510 Hoc
3069 3461 3270 3511 autem
3311 3453 3598 3511 efﬁciunt
3651 3457 3882 3529 sphaere

2227 3542 2524 3609 diametri,
2549 3542 2716 3615 quod
2737 3543 3002 3613 oportuit
3018 3542 3457 3598 demonstrare.

2298 3633 2350 3686 4.
2380 3633 2498 3686 Hoc
2522 3637 2721 3687 autem
2753 3631 2917 3703 quod
2947 3630 3008 3686 in
3039 3631 3262 3687 circulo
3305 3631 3734 3703 ostendimus,
3777 3647 3876 3688 non

2227 3720 2385 3776 cadit
2409 3721 2469 3774 in
2501 3735 2745 3775 omnem
2765 3719 2982 3775 lineam
3006 3720 3308 3792 quadrati,
3334 3724 3603 3776 etomne
3615 3722 3880 3794 quadrati

2228 3815 2629 3880 segmentum,
2647 3825 2782 3882 quae
2797 3825 2902 3881 per
2914 3811 3182 3865 medium
3196 3815 3545 3865 etcentrum
3561 3810 3880 3867 ducuntur.

2225 3901 2418 3970 Atque
2443 3899 2558 3954 hoc
2587 3898 2746 3953 idem
2763 3898 2920 3953 valet
2949 3898 3027 3954 ad
3054 3898 3467 3970 probandum,
3492 3913 3629 3954 non
3653 3915 3880 3956 omnem

2223 3987 2500 4058 quadrati
2519 3986 2878 4042 diametrum
2891 4003 2999 4060 per
3009 3994 3278 4043 centrum
3291 3992 3347 4042 et
3360 3987 3640 4043 medium
3655 3989 3883 4045 ductam

2222 4076 2382 4131 idem
2411 4077 2778 4148 quadratum
2792 4076 3027 4132 efficere
3048 4093 3185 4132 cum
3198 4092 3268 4132 eo
3280 4077 3460 4146 cujus
3473 4083 3570 4132 est
3581 4077 3882 4134 diameter.

2220 4180 2417 4236 neque
2442 4180 2688 4220 omnem
2700 4165 3355 4236 quadratidlametrum
3369 4165 3641 4222 alterum
3665 4168 3885 4223 efﬁcere

2221 4254 2586 4326 quadratum
2617 4253 2846 4326 aequale
2868 4255 2920 4310 ei
2950 4255 3123 4324 cujus
3145 4258 3229 4310 est
3275 4254 3602 4311 diameter.
3657 4259 3886 4331 Oportet

2350 4407 3738 5451 ἒ

2214 5587 2392 5656 igitur
2411 5585 2725 5643 ostendere
2744 5585 3070 5657 inaequales
3081 5600 3212 5641 esse
3225 5585 3512 5658 quadrati
3532 5587 3874 5646 diametro-2

2212 5693 2340 5736 esse
2366 5691 2608 5758 quoque
2632 5675 2960 5758 inrequales
2992 5675 3238 5747 ﬁguras,
3259 5691 3400 5748 quae
3430 5693 3502 5732 ex
3535 5677 3640 5736 his
3702 5676 3871 5734 conti-
