3932 6326
35 416 170 473 I373

942 415 1293 472 THEODORI
1320 412 1368 468 lI
1397 411 1542 470 IMP.
1571 411 1661 467 DE
1687 409 2148 468 COMMUNIONE
2172 411 2548 468 NATURALI.

3311 393 3448 465 1374

48 557 176 613 τρος
214 543 506 598 συνέστησε
535 540 594 591 16
640 543 748 591 ΒΚ
779 543 826 592 Λ
872 543 912 590 Γ
960 540 1298 614 τετράγωνον,
1357 535 1417 588 οὗ
1468 535 1665 610 πλευρά
1718 548 1767 599 Α
1823 538 2028 608 κέντρον
2078 537 2136 587 16
2175 543 2223 590 X
2271 538 2432 597 οὕτως
2460 539 2550 588 καὶ
2609 541 2700 587 τοῦ
2746 536 2795 588 Ν
2829 539 2878 586 Ω
2923 535 2962 586 Γ
3006 534 3046 587 Ξ
3099 537 3422 608 τετραγώνου

49 633 281 699 γέγονεν.
313 627 470 700 Ἔχει
498 624 556 681 δε
586 632 644 682 16
677 631 788 700 μὲν,
822 633 862 681 Α
921 633 959 680 Β
1001 633 1040 680 Γ
1089 633 1123 679 Δ
1169 623 1266 679 δύο
1319 629 1548 700 τρίγωνα
1602 625 1665 676 τά

51 724 88 768 Δ
119 721 160 769 Β
186 723 225 770 Γ
271 722 332 770 τὸ
378 715 438 771 δε
490 722 529 770 Β
570 723 613 770 Κ
658 723 701 770 Λ
735 721 774 769 Γ
813 738 827 750 ο
863 721 1096 790 τέσσαρα
1150 713 1242 768 ἶσα
1282 722 1391 776 τοῖς
1432 710 1559 766 δυσὶ
1604 715 1663 764 τὸ

50 809 878 873 ΔΒΚΔΛΚΔΓΛΔΓΒ,
927 803 1076 859 οὔδε
1138 808 1203 857 τά
1252 800 1509 878 τεταρδύο
1556 809 1664 864 τοῖς

49 915 191 957 τινος
229 889 389 948 δυσὶν
445 897 694 969 ἡμίσεσιν
746 891 858 962 ἴσα,
911 898 970 948 τὸ
1029 893 1141 946 ὅλον
1200 890 1478 946 διπλάσιόν
1526 891 1664 944 ἐστιν

52 984 246 1054 αὐτοῦ,
291 992 383 1037 τοῦ
431 991 469 1036 Α
527 991 630 1037 ΒΓ
683 992 719 1038 Δ
775 1005 788 1018 ο
818 984 922 1057 ἄρα
949 988 1006 1036 τό
1067 990 1104 1036 Β
1160 990 1203 1037 Κ
1244 990 1287 1036 Λ
1328 988 1366 1034 Γ
1410 982 1665 1055 τετράγω-

49 1091 135 1124 νον
193 1069 478 1125 διπλάσιόν
515 1072 677 1126 ἑστιν.
735 1072 794 1125 Ἦ
860 1074 965 1145 ἄρα
1023 1079 1116 1124 τοῦ
1195 1076 1520 1144 τετραγώνου
1564 1077 1663 1120 τῶν

48 1169 257 1232 γωνιῶν
320 1159 596 1237 διάμετρος
669 1158 951 1215 διπλάσιον
1011 1161 1171 1214 αὐτοῦ
1217 1164 1528 1217 συνίστησιν
1587 1155 1664 1210 ἀεὶ

47 1253 397 1324 τετράγωνον,
488 1252 610 1326 ὅπερ
673 1247 784 1304 ἴδει
869 1247 1056 1314 δεῖξαι.
1152 1250 1404 1302 Δεικνύειν
1467 1243 1525 1299 δε
1583 1243 1666 1299 δεῖ

50 1337 476 1412 ὁμολογουμένως
549 1342 618 1392 τὰ
701 1335 1110 1411 ἀποδειχθέντα.
1197 1345 1282 1390 Δεῖ
1330 1345 1452 1409 γοῦν
1495 1332 1664 1398 δεῖξαι

50 1429 136 1479 ὅτι
166 1433 262 1481 καὶ
298 1430 330 1487 ἡ
389 1435 436 1482 Ν
479 1435 527 1481 Ω
577 1425 860 1504 διάμετρος
914 1435 1014 1480 τῶν
1071 1427 1278 1481 εὐθειῶν
1323 1433 1417 1478 τοῦ
1459 1431 1497 1478 Α
1547 1431 1583 1477 Β
1628 1431 1663 1475 Δ

50 1523 403 1592 τετραγώνου,
465 1522 789 1592 τετραγώνου
841 1537 896 1570 τε
953 1519 1104 1570 θεῖσα
1154 1516 1350 1590 πλευρὰ
1402 1513 1515 1567 ἴσον
1574 1517 1665 1565 καὶ

49 1607 212 1658 πάλιν
250 1606 376 1659 αὐτὸ
429 1613 566 1659 ποιεῖ
594 1605 750 1682 οὗπέρ
799 1605 912 1658 ἔστι
953 1602 1251 1678 διάμετρος.
1299 1606 1444 1658 Ἐπεὶ
1492 1607 1663 1655 τοίνυν

52 1700 218 1767 μέσον
249 1703 349 1747 τῶν
402 1695 478 1768 ἔφ’
513 1695 749 1770 ἑκάτερον
798 1694 1046 1767 ἀνάλογόν
1077 1694 1190 1747 ἔστι
1235 1697 1294 1746 1'6
1348 1699 1396 1746 Ν
1431 1699 1521 1752 τῆς
1555 1697 1594 1743 Β
1623 1697 1664 1744 Α

54 1784 307 1858 πλευρᾶς,
361 1791 455 1837 τοῦ
504 1790 541 1837 Δ
574 1792 611 1838 Β
641 1791 680 1837 Γ
708 1792 744 1838 Δ
796 1804 1140 1858 τετραγώνου,
1207 1786 1322 1836 ἔστι
1373 1779 1432 1834 δὲ
1483 1784 1573 1832 καὶ
1628 1781 1659 1837 ἡ

52 1878 103 1925 Ν
132 1879 167 1926 Σ
193 1876 290 1932 ἴση
343 1880 407 1946 τῇ
463 1879 502 1928 Α
542 1877 599 1944 Β,
631 1875 701 1936 ὡς
731 1870 1050 1945 ἀπεδείχθη,
1080 1877 1170 1925 καὶ
1211 1874 1241 1931 ἠ
1281 1877 1320 1926 Α
1370 1875 1504 1943 μέση
1541 1867 1663 1921 ἀνά·
1718 1905 1758 1960 Β

49 1961 208 2035 λογὸς
235 1961 464 2025 ἐστιτῆς
493 1965 528 2016 Σ
555 1969 620 2018 Ν.
674 1963 807 2016 Ἐπεὶ
843 1959 902 2015 δι
948 1970 1044 2024 τῆς
1073 1969 1121 2016 Ν
1161 1957 1447 2034 διαμέτρου
1503 1961 1664 2030 πέρας

49 2050 171 2104 ἐστὶ
211 2054 271 2104 τὸ
301 2058 349 2104 Ω
375 2058 468 2104 τοῦ
504 2059 544 2106 Δ
575 2053 613 2104 Β
640 2057 678 2105 Γ
705 2057 741 2103 Δ
779 2055 1124 2126 τετραγώνου,
1169 2053 1282 2103 ἔστι
1349 2046 1409 2102 δὲ
1461 2051 1663 2120 πέρατα

45 2147 147 2202 τῆς
183 2145 226 2194 Α
259 2146 297 2192 Β
340 2139 566 2215 πλευρᾶς
615 2141 646 2200 ἡ
703 2144 742 2194 Γ
807 2147 862 2211 Δ,
921 2143 1012 2192 καὶ
1067 2142 1098 2199 ἡ
1143 2147 1192 2192 Ω
1232 2142 1366 2211 μέση
1412 2135 1658 2206 ἀνάλογος

47 2227 163 2281 ἐστι
192 2236 258 2302 τῇ
299 2235 336 2282 Δ
376 2234 432 2284 Γ.
472 2233 574 2283 Καὶ
605 2228 711 2283 ἐπεὶ
777 2225 837 2282 δε
883 2230 914 2288 ἡ
959 2234 998 2282 Α
1026 2233 1187 2300 γωνία
1219 2231 1352 2302 μέση
1413 2225 1661 2297 ἀνάλογος

48 2317 166 2371 ἐστι
192 2327 257 2392 τῇ
307 2325 354 2372 Ν
383 2324 417 2372 Σ
445 2318 660 2392 πλευρᾷ,
719 2323 809 2372 καὶ
843 2321 874 2378 ἡ
931 2321 970 2371 Γ
996 2323 1159 2390 γωνία
1217 2321 1352 2390 μέση
1414 2315 1660 2387 ἀνάλογος

49 2407 169 2460 ἔστι
199 2416 264 2482 τῇ
296 2414 344 2461 Ω
371 2413 408 2461 Ρ
443 2412 642 2484 πλευρᾷ
686 2429 700 2443 ·
732 2415 844 2472 τοῖς
866 2409 966 2484 γὰρ
994 2411 1130 2469 ἴσοις
1167 2404 1261 2461 ἶσα
1287 2407 1654 2481 προστεθέντα,

49 2498 225 2550 πάντα
265 2494 356 2550 ἶσά
393 2495 532 2550 ἔστιν
572 2517 587 2533 ο
621 2497 729 2551 ἐπεὶ
787 2494 846 2551 δὲ
894 2505 956 2570 τῇ
1011 2505 1058 2551 Ν
1103 2504 1150 2550 Ω
1201 2493 1466 2568 διαμέτρῳ
1522 2498 1655 2566 μέση

54 2583 310 2658 ἀνάλογος
336 2585 476 2639 ἔστιν
513 2588 544 2646 ἡ
578 2594 628 2642 Χ
657 2587 726 2650 ὡς
749 2594 843 2640 τοῦ
893 2593 934 2642 Α
979 2593 1015 2641 Β
1039 2591 1078 2640 Γ
1124 2593 1160 2639 Δ
1206 2590 1440 2660 κέντρου,
1488 2585 1657 2657 ὑπάρ-

52 2695 148 2747 χει
180 2671 531 2749 δεὴΝΩτῇ
565 2679 821 2740 ΑΒῖση,
855 2676 984 2729 ἀλλὰ
1015 2672 1082 2736 δὴ
1139 2674 1318 2748 καὶτῇ
1353 2679 1456 2727 ΔΓ
1503 2671 1660 2745 ἀναγ-

53 2769 223 2818 καίως
265 2771 356 2817 καὶ
382 2769 440 2817 16
481 2773 527 2819 Θ
557 2769 747 2840 κέντρῳ
777 2767 890 2819 ἐστι
919 2773 1011 2818 τοῦ
1039 2773 1084 2818 Ν
1112 2772 1160 2817 Ω
1188 2770 1226 2817 Γ
1255 2772 1289 2817 Σ
1317 2768 1658 2836 τετραγώνου,

54 2850 243 2911 ἐπειδὴ
273 2857 331 2906 τὸ
362 2859 402 2906 Α
465 2859 599 2926 μέση
655 2853 903 2926 ἁνάλογός
931 2857 1044 2908 ἐστι
1077 2863 1138 2927 τῇ
1191 2861 1234 2906 Ν
1268 2861 1300 2905 Σ
1330 2853 1546 2922 πλευρᾷ.
1576 2850 1660 2910 Ὠς

50 2944 157 3015 γὰρ
189 2950 283 2995 τοῦ
335 2948 372 2995 Α
409 2950 446 2996 Β
473 2949 512 2996 Γ
540 2951 577 2997 Δ
605 2949 927 3017 τετραγώνου
959 2946 988 3002 ἡ
1031 2951 1077 2997 Ν
1122 2951 1196 3006 Ως
1262 2939 1563 3014 διάμετρος»
1595 2939 1660 3001 ἧς

1827 621 2102 699 διάμετρος
2131 625 2192 686 ἧς
2228 623 2343 677 ἐστι
2381 629 2585 698 κέντρον
2615 627 2672 676 τὸ
2705 629 2771 678 θ.
2802 623 2893 685 Ὠς
2934 623 3034 697 γὰρ
3061 623 3092 680 ἦ
3149 627 3201 675 M
3261 630 3308 676 Θ
3357 625 3420 696 τῇ

1824 714 2620 786 ΩΝἴση,οὖτωκαὶὴΧΨτῇ
2658 715 2910 766 ΑΓ·καὶ
2943 713 3065 772 ὡςὴ
3101 717 3422 784 ΑΓτῇΝΣ

1823 806 1940 872 ἴση,
1972 803 2136 865 οὕτως
2161 808 2250 856 καὶ
2273 805 2304 861 ἡ
2334 809 2381 855 Ω
2409 810 2449 857 Φ
2479 811 2540 876 τῇ
2570 810 2604 856 Σ
2634 809 2671 855 Ρ
2691 806 2780 854 καὶ
2807 804 2838 860 ἡ
2871 809 2920 856 Χ
2945 799 3114 875 Ψᾶρα
3140 801 3330 872 ὁμοίως
3354 809 3418 875 τῇ

1825 899 1872 945 Θ
1901 899 1972 946 M.
2007 893 2148 945 Ἐπεὶ
2181 893 2278 966 γὰρ
2311 895 2340 952 ἡ
2386 900 2425 946 Α
2476 899 2513 945 Β
2542 895 2632 950 ἴση
2665 889 2777 944 ἐστὶ
2813 897 2875 963 τῇ
2922 896 2970 944 Ν
2994 895 3026 942 Σ
3057 887 3184 942 ἀλλὰ
3211 895 3301 943 καὶ
3356 898 3418 963 τῇ

1826 989 1863 1035 Β
1889 989 1944 1049 Δ,
1973 987 2063 1034 καὶ
2094 984 2122 1040 ἠ
2150 989 2185 1034 Β
2212 991 2246 1036 Δ
2271 986 2362 1041 ἴση
2392 981 2506 1034 ἐστὶ
2536 991 2598 1055 τῇ
2627 988 2662 1034 Δ
2689 987 2746 1047 Γ,
2777 984 2866 1032 καὶ
2891 982 2922 1038 ἠ
2952 987 2988 1032 Δ
3026 985 3064 1031 Γ
3091 983 3182 1038 ἴση
3212 977 3322 1032 έστὶ
3354 988 3416 1052 τῇ

1826 1077 1864 1124 Γ
1890 1074 1955 1138 Α,
1982 1077 2070 1123 καὶ
2092 1075 2120 1130 ἠ
2147 1076 2358 1130 ΓΛῖση
2382 1070 2576 1143 ἐστὶ-τῇ
2607 1078 2646 1124 Α
2673 1077 2728 1136 Β,
2757 1089 2847 1121 και
2877 1068 3095 1129 εἰτῆςΑ
3124 1071 3423 1129 Βῖσηςπά-

1827 1181 1942 1222 σαις
1967 1160 2105 1214 ἐστίν
2131 1164 2161 1220 ἡ
2190 1168 2272 1216 ΝΣ
2296 1165 2388 1219 ἴση
2415 1163 2609 1221 πάσαις
2635 1160 2746 1212 ἐστί
2769 1163 2884 1220 ταῖς
2905 1159 3048 1220 ἴσαις
3077 1156 3231 1229 αὐτῇ.
3261 1157 3421 1210 Πάλιν

1825 1247 2006 1311 ἐπειδὴ
2042 1253 2072 1308 ἡ
2107 1259 2152 1304 Ν
2181 1259 2214 1305 2
2265 1255 2357 1308 ἴση
2391 1251 2504 1302 ἐστί
2540 1258 2602 1322 τῇ
2666 1254 2710 1304 Α
2760 1255 2796 1300 Β
2824 1246 2951 1299 ἀλλὰ
2979 1266 3070 1298 και
3097 1248 3129 1304 ἠ
3162 1253 3196 1299 2
3252 1253 3291 1301 Φ
3327 1249 3418 1305 ἴση

2208 1369 3078 2007 ξ

1823 2062 2037 2133 έστίτῇ
2101 2067 2232 2130 ΡΩ,
2283 2063 2502 2121 καιῆΡ
2564 2061 2732 2120 Ωἴση
2791 2062 3088 2133 έστίτῇΩ
3137 2059 3202 2127 Ν,
3243 2071 3335 2107 και
3384 2053 3417 2110 ἡ

1821 2151 2070 2209 ΝΩἴση
2103 2149 2382 2225 έστίτῇΝ
2423 2153 2531 2204 Σεῖ
2569 2158 2661 2212 τῆς
2705 2155 2751 2204 Ν
2807 2155 2840 2202 Σ
2893 2151 2988 2207 ἴση
3035 2147 3152 2201 ἐστι
3201 2146 3417 2212 πιέσαις,

1821 2239 1852 2296 ἠ
1908 2241 1947 2290 Α
1999 2242 2154 2298 Βῖση
2189 2238 2300 2294 ἇστί
2357 2248 2474 2303 ταῖς
2518 2241 2664 2302 ἴσαις
2717 2237 2870 2310 αὐτῇ.
2915 2240 3018 2292 Καί
3075 2235 3185 2288 ἕπει
3223 2235 3279 2285 αἱ
3323 2236 3418 2284 τοῦ

1822 2331 1858 2379 Α
1896 2333 1932 2380 Β
1974 2333 2012 2380 Γ
2042 2333 2076 2382 Δ
2140 2335 2463 2402 τετραγώνου
2518 2328 2735 2403 πλευραί
2788 2322 2902 2379 ἶσαι
2985 2325 3088 2378 εἰσι
3163 2328 3278 2385 ταῖς
3323 2327 3417 2374 τοῦ

1820 2423 1862 2471 Ν
1891 2425 1924 2470 Σ
1954 2425 2076 2490 ΡΩ,
2112 2438 2202 2470 και
2255 2425 2420 2471 ταῦτα
2473 2414 2564 2471 ἶσά
2629 2416 2760 2472 ἔστι.
2804 2418 2884 2469 Τὰ
2932 2416 3034 2487 γὰρ
3076 2409 3168 2465 ἶσα
3210 2411 3419 2464 τιθέντα

1817 2507 1973 2571 ἴσοις,
2009 2511 2175 2560 πάντα
2199 2503 2293 2560 ἶσᾶ
2328 2506 2461 2574 ἐστι,
2516 2526 2606 2558 και
2635 2505 2702 2557 ὧν
2741 2495 2836 2557 ἶσα
2861 2507 2928 2556 τὰ
2952 2507 3081 2578 μέρη
3133 2518 3223 2552 και
3250 2505 3419 2552 ταῦτα

1821 2595 1914 2650 ἶσοὶ
1942 2596 2076 2666 ἐστι,
2106 2616 2197 2649 και
2247 2599 2304 2649 αἱ
2355 2593 2632 2670 διάμετροι
2675 2595 2841 2648 αὐτῶν
2880 2590 2994 2646 ἰσαί
3049 2591 3154 2644 εἰσι
3207 2607 3299 2642 και
3351 2591 3419 2640 τὰ

1819 2690 2002 2760 κέντρα
2037 2686 2207 2739 αὐτῶν
2230 2689 2381 2748 ἴσους
2410 2688 2600 2758 ἔχουσι
2648 2688 2859 2746 τόπους,
2911 2702 3000 2734 και
3035 2683 3096 2734 16
3125 2687 3175 2734 X
3227 2680 3332 2751 ἄρα
3371 2684 3416 2730 Θ

1821 2775 1887 2836 εἰς
1961 2777 2014 2827 ὃν
2053 2775 2158 2828 εἰσι
2214 2780 2420 2848 κέντρα,
2470 2795 2562 2827 και
2614 2781 2782 2827 ταῦτα
2837 2772 2930 2826 ἶσά
2985 2771 3145 2826 ἐστιν.
3199 2776 3258 2822 Ἦ
3314 2770 3418 2840 ἄρα

1817 2871 1908 2917 τοῦ
1961 2869 2282 2940 τετραγώνου
2338 2861 2618 2937 διάμετρος
2671 2865 2701 2922 ἠ
2758 2862 2813 2914 ἐκ
2860 2869 2951 2922 τῆς
3001 2859 3240 2935 πλευρᾶς,
3303 2855 3417 2911 ἶσον

1817 2961 1890 3015 τῷ
1921 2953 1981 3005 οὗ
2008 2951 2103 3032 ,ἦν
2168 2959 2507 3027 τετραγώνου,
2565 2954 2688 3028 ὅπερ
2751 2949 2858 3005 ἔδει
2897 2948 3065 3014 δεῖξαι
3110 2970 3123 2984 ·
3176 2969 3267 3001 και
3303 2947 3413 3000 έπεί

23 3165 288 3230 ciuntur,
312 3165 435 3220 sive
453 3164 570 3221 sint
598 3163 823 3231 circuli,
853 3165 976 3221 sive
995 3164 1312 3236 quadrata.
1342 3166 1476 3219 Esto
1506 3167 1552 3216 A
1583 3163 1620 3214 Β
1642 3161 1682 3215 C
1718 3163 1758 3217 C
1791 3157 1894 3212 dia
1913 3153 2379 3228 proportionaIis
2407 3153 2682 3210 diametri
2709 3155 2753 3210 Ν
2785 3155 2850 3213 Ο.
2875 3158 2933 3209 et
2961 3155 3050 3208 est
3090 3150 3291 3207 media
3342 3149 3444 3206 illa

25 3256 68 3308 D
95 3253 486 3326 quadratum,
521 3270 707 3326 supra
726 3258 1033 3310 ostensum
1065 3260 1153 3310 est
1181 3257 1217 3308 Β
1244 3254 1284 3310 C
1321 3253 1682 3308 diametrum

22 3342 406 3398 constituisse
436 3344 474 3396 Β
503 3343 554 3397 Κ
579 3345 617 3398 ιδ
657 3343 696 3398 C
718 3341 1102 3415 quadratum,
1151 3344 1326 3412 cujus
1368 3341 1522 3396 latus
1551 3338 1684 3410 ipsa

19 3430 539 3487 diametereﬂecta
554 3436 663 3494 est,
681 3427 872 3486 Habet
885 3437 1085 3487 autem
1113 3429 1476 3504 quadratum
1495 3427 1680 3482 ABCD

19 3517 148 3573 duo
166 3518 485 3592 triangula,
506 3534 724 3593 nempe
750 3520 791 3574 D
819 3523 858 3575 Β
881 3522 918 3576 C
935 3525 990 3576 et
1007 3521 1054 3575 A
1077 3522 1114 3575 Β
1138 3521 1194 3576 C.
1221 3525 1290 3576 At
1317 3518 1679 3592 quadratum

19 3608 60 3660 Β
91 3608 140 3662 Κ
176 3608 216 3662 L
256 3609 294 3662 C
326 3607 507 3663 habet
535 3613 794 3681 quatuor
822 3608 1122 3680 triangula
1152 3608 1430 3682 mqualia.
1462 3619 1681 3676 nempe

19 3696 62 3750 D
91 3698 130 3749 Β
161 3694 236 3763 Κ,
269 3695 313 3748 D
338 3698 375 3750 L
405 3698 470 3767 K,
525 3699 566 3752 D
617 3699 656 3753 C
706 3699 765 3767 L,
791 3697 836 3750 Ι)
877 3699 916 3754 C
951 3700 1006 3753 Β.
1054 3698 1319 3764 Quorum
1376 3697 1497 3751 duo
1543 3699 1682 3748 sunt

16 3783 286 3855 mqualia
305 3782 545 3840 duobus
574 3784 687 3841 illis
707 3800 844 3857 qum
866 3785 1008 3841 illud
1027 3786 1299 3858 superius
1316 3784 1680 3856 quadratum

15 3873 411 3929 constituunt.
441 3872 620 3944 Cujus
647 3887 791 3930 vero
811 3879 1070 3947 quatuor
1096 3877 1295 3947 partes
1317 3878 1454 3928 sunt
1478 3877 1676 3937 tantm,

16 3962 314 4017 utharum
335 3962 471 4018 dum
484 3961 725 4019 duabus
737 3962 1000 4019 dimidiis
1011 3963 1284 4035 partibus
1298 3961 1550 4032 alicujus
1564 3960 1680 4016 sint

15 4051 312 4122 mquales,
329 4055 485 4106 certe
501 4055 689 4107 totum
707 4049 854 4107 illud
876 4057 967 4108 est
989 4052 1239 4124 duplum
1263 4051 1463 4122 hujus.
1487 4052 1679 4116 Quare

15 4137 388 4210 quadratum
413 4141 452 4194 Β
483 4141 528 4195 Κ
558 4139 594 4195 L
625 4139 666 4193 C
694 4139 1055 4214 estduplum
1097 4139 1376 4213 quadrati
1407 4145 1452 4196 Α
1473 4139 1516 4191 Β
1547 4139 1584 4194 C
1608 4138 1675 4194 D.

16 4229 323 4282 Diumeter
369 4242 511 4298 ergo
569 4227 926 4299 angulorum
965 4229 1241 4302 quadrati
1291 4229 1543 4301 duplum
1587 4227 1676 4300 ip-

15 4317 146 4371 sius
171 4315 449 4388 quadrati
480 4318 782 4373 constituit
809 4317 1189 4390 quadratum,
1218 4318 1382 4390 quod
1413 4316 1676 4389 oportuit

15 4403 456 4462 demonstrare.
474 4407 711 4478 Oportet
733 4411 932 4462 autem
948 4407 1060 4463 hoc
1074 4409 1270 4480 ipsum
1282 4423 1356 4462 ex
1383 4407 1671 4462 confessis

1791 3245 2131 3318 quadratiA
2162 3245 2640 3300 BCDcentrum.
2683 3243 2782 3298 Est
2837 3246 3035 3298 autem
3097 3243 3142 3297 N
3184 3242 3228 3297 0
3284 3238 3442 3295 linea

1790 3334 2040 3408 mqualis
2062 3332 2230 3388 linem
2252 3339 2295 3387 A
2326 3334 2383 3391 Β.
2407 3337 2461 3388 et
2492 3337 2782 3403 prmterea
2808 3331 2978 3387 linem
3014 3332 3056 3384 D
3088 3331 3146 3394 C,
3173 3344 3440 3384 necessa-

2188 3453 3037 4018 η

1784 4141 1872 4197 rio
1893 4143 1935 4198 T
1958 4146 2224 4197 centrum
2250 4141 2358 4198 erit
2385 4139 2662 4214 quadrati
2688 4141 2731 4194 N
2755 4139 2798 4195 0
2839 4138 2874 4194 S
2924 4136 2991 4202 Ο.
3035 4135 3104 4190 Ut
3135 4131 3294 4189 enim
3323 4133 3364 4187 Ν
3389 4129 3433 4186 0

1785 4235 1872 4286 est
1903 4229 2193 4286 diameter
2213 4229 2490 4303 quadrati
2521 4233 2566 4284 Α
2598 4227 2636 4283 Β
2668 4229 2787 4293 CD,
2826 4225 2998 4297 cujus
3043 4227 3312 4279 centrum
3347 4219 3436 4277 est

1783 4321 1823 4374 P
1851 4336 1863 4374 :
1889 4317 1968 4375 ita
1993 4321 2296 4393 quoqueA
2328 4320 2366 4374 C
2397 4326 2484 4376 est
2522 4317 2807 4374 diameter
2857 4313 3130 4387 quadretl
3152 4315 3196 4368 N
3220 4313 3263 4368 Ο
3294 4311 3328 4368 S
3364 4311 3431 4380 Ο,

1780 4408 1953 4481 cujus
1982 4415 2245 4464 centrum
2272 4413 2359 4464 est
2376 4409 2432 4463 T.
2465 4410 2532 4464 Ut
2561 4407 2719 4463 enim
2744 4408 2790 4463 M
2817 4405 2860 4462 Τ
2888 4399 3044 4460 linea
3075 4407 3162 4458 est
3186 4399 3434 4474 mqualis

15 4492 392 4565 apertissime
416 4494 742 4552 declarare.
797 4496 1338 4551 Demonstrandum
1371 4499 1459 4550 est
1495 4495 1674 4563 igitur
1704 4514 1746 4568 ι)
1779 4497 1949 4554 linem
1980 4497 2104 4565 ΝΟ,
2124 4500 2203 4554 ita
2224 4514 2467 4571 quoque
2492 4497 2532 4551 P
2556 4493 2972 4568 Restmqualis
3007 4491 3181 4549 linem
3210 4495 3256 4547 Α
3283 4493 3344 4548 C.
3369 4492 3434 4547 Et

15 4581 183 4655 quod
211 4583 502 4639 diameter
528 4589 827 4639 rectarum
857 4584 1150 4640 linearum
1181 4585 1224 4640 N
1279 4585 1344 4654 0,
1394 4584 1672 4656 quadrati

15 4676 56 4728 A
92 4674 132 4726 Β
157 4673 198 4728 C
226 4673 290 4738 D,
325 4672 371 4728 si
400 4671 507 4728 ﬁat
521 4669 676 4729 latus
706 4673 1070 4745 quadratum
1086 4673 1316 4744 mquale
1348 4674 1670 4729 constituat

15 4760 63 4817 ei
97 4759 425 4833 quadrato,
448 4762 622 4834 cujus
651 4766 739 4818 est
763 4760 1074 4818 diameter.
1126 4762 1422 4828 Quoniam
1468 4763 1667 4818 autem

15 4854 54 4908 Ν
87 4856 179 4906 est
196 4849 466 4906 medium
490 4850 767 4924 utrinque
796 4851 1239 4922 proportionale
1257 4851 1455 4906 lateris
1477 4861 1518 4906 A
1544 4851 1584 4905 Β
1609 4851 1667 4908 in

15 4939 313 5014 quadrato
344 4943 387 4994 A
413 4942 451 4995 Β
471 4942 510 4997 C
543 4941 606 4995 D.
633 4941 727 4996 Est
744 4945 942 4996 autem
967 4943 1008 4997 Ν
1035 4942 1078 5005 Q
1101 4939 1348 5013 mqualis
1363 4940 1534 4997 linem
1559 4944 1666 5008 ΑΒ,

15 5033 76 5085 ut
93 5028 262 5101 prius
281 5027 756 5086 demonstratum
779 5033 889 5098 est,
906 5045 1050 5085 sane
1069 5030 1114 5083 A
1132 5029 1396 5085 medium
1415 5029 1667 5086 alterum

15 5116 465 5189 proportionale
513 5119 624 5172 erit
701 5117 875 5173 linem
916 5119 960 5183 Ο
1007 5121 1074 5173 Ν.
1129 5119 1426 5184 Quoniam
1467 5126 1664 5175 autem

15 5206 364 5262 diametriN
392 5206 742 5278 quadratiA
784 5208 825 5260 Β
876 5207 915 5261 C
953 5209 1018 5272 Ι),
1074 5207 1362 5262 terminus
1412 5213 1498 5263 est
1551 5210 1594 5266 Ο
1651 5227 1664 5264 :

15 5300 157 5352 sunt
175 5300 374 5351 autem
399 5298 438 5350 C
469 5297 513 5348 D
534 5295 769 5351 termini
807 5294 1009 5351 lateris
1050 5303 1097 5351 A
1129 5297 1188 5364 Β,
1238 5297 1347 5352 erit
1393 5299 1436 5353 0
1470 5298 1664 5353 simili-

15 5388 96 5440 ter
119 5384 388 5440 medium
410 5384 859 5456 proportionale
879 5383 1077 5440 lateris
1110 5389 1149 5441 D
1174 5386 1236 5442 tl.
1272 5388 1337 5442 Et
1375 5386 1664 5458 quoniam

15 5471 273 5542 angulus
321 5472 560 5528 medius
641 5478 688 5528 Α
753 5478 843 5528 est
913 5475 1416 5545 proportionnalis
1465 5475 1666 5532 lateris

15 5566 46 5618 ἵ
83 5563 154 5630 Q,
193 5561 454 5631 angulus
509 5577 754 5634 quoque
807 5563 846 5616 C
898 5563 1006 5618 erit
1053 5563 1289 5618 medius
1333 5565 1666 5637 proportio-

15 5650 160 5707 nalis
179 5650 346 5706 lateri
368 5652 412 5707 0
431 5652 488 5707 S.
517 5650 865 5723 Equalibus
887 5651 1044 5706 enim
1069 5653 1327 5724 aequalia
1355 5653 1404 5708 si
1433 5654 1665 5711 addan-

15 5754 102 5796 ;ur
121 5740 327 5796 omnia
352 5743 493 5796 sunt
518 5738 793 5812 mqualia.
827 5740 1125 5817 Quoniam
1154 5747 1356 5806 autem
1379 5744 1418 5797 P
1433 5747 1523 5806 est
1542 5761 1666 5800 me-

1780 4593 1842 4643 ut
1861 4591 1906 4642 Α
1932 4587 1975 4640 Β
2006 4593 2096 4642 est
2125 4585 2372 4660 mqualis
2396 4586 2564 4642 linem
2589 4587 2629 4642 N
2656 4586 2699 4652 Ο
2727 4603 2738 4640 :
2773 4585 2855 4640 ita
2875 4597 3116 4656 quoque
3163 4575 3320 4637 linea
3349 4582 3432 4637 OS

1777 4681 1864 4733 est
1884 4674 2131 4749 mqualis
2152 4677 2320 4731 linem
2343 4677 2386 4742 Q
2428 4677 2484 4732 S.
2528 4673 2705 4731 Linea
2753 4689 2893 4744 ergo
2918 4676 2957 4728 P
2995 4675 3039 4729 Β
3061 4676 3150 4728 est
3184 4669 3434 4743 mqualis

1776 4765 1947 4822 linem
1977 4767 2019 4823 T
2049 4767 2121 4824 M.
2165 4767 2310 4822 Cum
2343 4765 2500 4821 enim
2535 4763 2695 4820 linea
2725 4765 2771 4818 A
2805 4763 2837 4818 l3
2883 4764 2954 4818 sit
2984 4759 3232 4834 mqualis
3259 4759 3431 4815 linem

1777 4859 1821 4912 Ν
1853 4857 1897 4921 Q
1946 4862 2125 4928 atque
2168 4857 2344 4911 etiam
2384 4855 2554 4910 linem
2601 4853 2641 4908 B
2693 4857 2757 4919 D,
2802 4852 2957 4908 linea
3001 4865 3244 4922 quoque
3286 4843 3324 4904 Β
3387 4850 3429 4904 D

1777 4944 1884 5001 erit
1908 4945 2156 5018 mqualis
2184 4944 2354 5000 linem
2379 4947 2419 4999 0
2445 4947 2506 5014 C,
2537 4947 2592 4999 et
2619 4942 2774 4998 linea
2806 4941 2848 4994 Ι)
2888 4941 2926 4996 C
2969 4938 3217 5012 mqualis
3260 4937 3429 4996 linem

1778 5035 1818 5090 C
1849 5039 1914 5103 Α,
1944 5037 2001 5089 et
2028 5033 2184 5089 linea
2206 5033 2244 5087 C
2284 5033 2327 5086 Α
2359 5031 2606 5104 mqualis
2623 5031 2792 5086 linem
2813 5035 2854 5084 A
2882 5027 2937 5083 Β.
2995 5025 3164 5093 Quod
3207 5025 3253 5082 si
3275 5027 3431 5083 linea

1777 5122 1822 5177 N
1883 5124 1927 5188 Q
1979 5121 2149 5177 linem
2212 5128 2260 5177 Α
2319 5121 2361 5172 Β
2415 5126 2501 5176 est
2549 5119 2820 5191 mqualis,
2875 5117 3124 5190 mqualis
3175 5121 3262 5172 est
3305 5132 3429 5173 om-

1776 5212 1956 5267 nibus
1976 5211 2113 5266 huic
2134 5209 2486 5282 mqualibus.
2515 5211 2740 5263 Rursus
2770 5207 3060 5280 quoniam
3113 5205 3272 5262 linea
3311 5209 3354 5262 N
3387 5208 3429 5262 G

1776 5307 1864 5356 est
1891 5299 2142 5372 mqualis
2172 5298 2339 5354 lineae
2389 5303 2433 5352 Α
2483 5300 2518 5352 Β
2569 5312 2583 5363 ;
2629 5303 2920 5368 prmterea
2967 5295 3126 5351 linea
3173 5297 3216 5360 Q
3267 5297 3302 5350 S
3342 5299 3431 5351 est

1776 5377 2223 5461 mqualis‘linem
2262 5388 2298 5441 S
2325 5388 2393 5457 0,
2415 5391 2472 5442 et
2503 5388 2537 5442 S
2571 5387 2614 5442 0
2661 5385 2910 5457 mqualis
2940 5390 3031 5441 est
3071 5385 3241 5441 linem
3293 5384 3337 5439 Ο
3382 5386 3426 5440 Ν

1775 5483 1833 5534 et
1856 5478 2006 5533 linea
2033 5478 2076 5534 0
2100 5480 2141 5531 Ν
2170 5475 2421 5547 mqualis
2459 5479 2548 5530 est
2583 5474 2755 5530 linem
2798 5478 2842 5530 Ν
2871 5476 2952 5540 Q:
2994 5475 3038 5530 si
3084 5474 3243 5531 linea
3293 5479 3340 5530 A
3392 5477 3429 5530 Β

1775 5570 2024 5640 mqualis
2054 5573 2143 5622 est
2165 5567 2333 5622 linem
2358 5567 2398 5619 N
2442 5566 2509 5633 Ο,
2537 5570 2600 5620 ut
2624 5569 2713 5620 est
2767 5564 3014 5636 mqualis
3069 5569 3156 5621 est
3184 5581 3431 5637 quoque

1774 5658 2058 5714 omnibus
2091 5661 2149 5712 et
2175 5653 2426 5727 mqualis
2447 5653 2732 5710 omnibus
2795 5654 2909 5727 ipsi
2964 5653 3319 5727 aequalibus.
3365 5656 3428 5709 Et

1771 5746 2063 5830 quoniam
2080 5743 2268 5801 latera
2285 5741 2564 5828 quadrati
2581 5747 2628 5810 Α
2651 5746 2688 5798 Β
2710 5733 2749 5800 C
2780 5741 2827 5808 D
2853 5747 2992 5800 sunt
3005 5741 3265 5828 mqualia
3286 5741 3426 5798 later
