3932 6326
31 337 154 396 377

31 468 129 517 τὸν
166 471 215 518 Π
241 470 288 517 Θ
316 455 663 538 προσελάϐετο
718 461 904 516 κύκλον
956 463 1005 517 ἓν
1057 463 1210 537 ἑαυτῇ
1270 461 1649 538 περιγράψασα

31 559 101 618 ὺς
124 557 323 608 τούτου
351 549 649 628 διάμέτρος,
677 551 794 613 ἡδὶ
842 562 888 609 Ν
934 563 982 609 Ω
1029 553 1090 618 ἧς
1141 559 1232 608 καὶ
1277 553 1440 616 αὐτῆς
1489 557 1647 626 μέσον

31 648 87 697 τὸ
136 648 304 700 Χτόν
332 651 373 697 Τ
403 651 454 698 Μ
486 660 499 673 ⁸
531 643 639 696 ἐπεὶ
666 662 838 696 τοινυν
885 646 916 704 ἠ
971 652 1009 698 Β
1048 651 1085 699 Γ
1137 641 1414 698 διπλάσιον
1462 644 1649 716 τετρά-

31 755 208 806 γωνον
234 741 392 803 ποιεῖ,
421 733 482 786 οὗ
512 731 622 785 ἐστι
645 729 942 808 διάμετρος,
991 738 1050 788 τὸ
1097 736 1198 808 γὰρ
1249 731 1351 787 ἀπὸ
1406 741 1502 795 τῆς
1556 738 1647 785 τοῦ

31 829 372 899 τετραγώνου
430 818 716 896 διαμέτρου
772 826 1100 900 καταγραφὲν
1166 825 1484 897 τετράγωνον
1568 818 1648 875 δι-

31 913 268 967 πλάσιον
280 912 415 981 ἐστὶ,
440 920 533 966 τοῦ
560 913 620 965 οὗ
642 913 754 966 ἐστι
771 909 1052 990 διάμετρος
1077 915 1106 974 ἡ
1130 922 1282 968 τοῦτο
1307 919 1473 973 συστὴ
1484 933 1646 985 σασα,

31 1005 55 1062 ἡ
126 1000 195 1057 δὲ
244 1002 368 1079 παρ’
417 1004 562 1076 ἡμῶν
608 1002 962 1078 ὀνομαζομένη
1014 1000 1288 1080 διάμετρος
1345 1003 1436 1064 iam
1513 1002 1650 1057 οὖσα

1173 1244 1225 1296 όδ

596 1434 636 1488 Π
1251 1453 1298 1505 θ

673 1675 783 1742 Ax

31 1991 156 2038 οὔτε
181 1990 356 2039 πᾶσαι
385 1983 601 2060 πλευραὶ
639 1984 869 2037 τιθεῖσαί
934 1989 1048 2036 ἴσον
1086 1984 1253 2055 τούτῳ
1305 1989 1519 2036 ποιοῦσι
1565 2000 1645 2035 τε-

31 2075 327 2149 τράγωνον,
385 2074 502 2127 οὒτε
547 2080 719 2128 πᾶσαι
778 2077 850 2146 μὴ
908 2070 1041 2145 ἶσον,
1101 2072 1218 2126 οὔτε
1289 2079 1458 2126 πᾶσαι
1519 2074 1644 2125 ῖσων

31 2163 241 2216 κύκλων
287 2166 519 2238 ὑπάρχει
568 2159 862 2238 διάμετροι·
922 2165 1058 2216 κατά
1095 2165 1182 2215 τὸν
1235 2162 1390 2215 αὐτόν
1449 2157 1508 2214 δὲ
1562 2160 1644 2214 λό-

31 2273 119 2325 γον
152 2249 285 2307 οὐδὲ
311 2261 535 2328 σφαῖραν
596 2259 767 2306 πᾶσαι
800 2252 918 2311 ἰσην
963 2256 1226 2324 ποίοῦσιν,
1281 2250 1412 2304 ἀλλά
1449 2253 1504 2304 αἱ
1551 2253 1643 2325 μὲν

31 2344 276 2411 αείζονα,
310 2341 450 2397 αἰδὲ
472 2342 735 2411 ἐλάττονα,
784 2339 963 2401 ἐπειδὴ
1032 2347 1124 2395 καὶ
1177 2344 1208 2401 ἡ
1265 2349 1362 2405 τῆς
1420 2346 1646 2416 σφαίρας

31 2435 171 2485 κατὰ
231 2432 454 2494 κύκλους
510 2436 650 2486 ἐστὶν
707 2433 995 2504 ἐπιφάνεια,
1029 2431 1060 2490 ἧ
1106 2449 1162 2484 τι
1203 2433 1374 2485 θεῖσαι
1417 2433 1472 2484 αἱ
1551 2437 1644 2484 τοῦ

31 2527 366 2597 τετραγώνου
423 2519 699 2598 διάμετροι
765 2521 1036 2582 ε’λαττονας
1103 2524 1190 2572 καὶ
1237 2521 1482 2594 μείζονας
1530 2540 1644 2574 ποι-

31 2616 238 2671 ήσουσι
269 2616 490 2688 σφαίρας
525 2613 594 2673 ὡς
623 2616 713 2665 καὶ
733 2609 971 2679 κύκλους,
1004 2609 1138 2662 ὥστε
1166 2609 1272 2682 ούχ
1319 2613 1389 2674 ὡς
1440 2610 1506 2672 εἰς
1558 2615 1643 2663 τόν

31 2699 230 2753 κύκλον
254 2705 343 2752 καὶ
370 2705 467 2760 τὴν
495 2708 719 2774 σφαῖραν
745 2703 804 2752 τό
834 2696 970 2761 εἶδος
1009 2695 1314 2758 εἰδοποίησε
1359 2705 1453 2759 τὴν
1495 2697 1642 2770 ύλην,

31 2789 203 2852 οὕτως
243 2792 334 2843 καὶ
360 2789 429 2852 εἰς
452 2789 596 2857 αὐτο,
637 2792 756 2843 οὔτε
793 2791 866 2852 εἶς
921 2791 971 2842 ἓν
1031 2787 1216 2864 ἕτερον·
1279 2791 1346 2842 τά
1389 2791 1492 2864 γάρ
1549 2797 1652 2844 τοῦ·

923 338 1277 427 ΤΗΕΟΒΟΒΙ
1305 338 1352 394 II
1381 337 1514 395 1MP.
1547 335 1638 393 DE
1663 331 2119 396 COMMUNIONE
2150 339 2521 398 NATURALI.

3303 337 3439 400 i378

1809 460 2024 536 πλευρά,
2055 465 2168 518 ἶσον
2187 470 2276 519 καὶ
2305 465 2629 540 καταγράφει
2653 466 2967 542 τετράγωνον
3006 461 3066 518 οὗ
3119 467 3234 519 ἐστι
3293 461 3411 519 διά-

1809 569 1994 628 μετρος
2021 559 2080 607 τό
2111 551 2170 609 δὲ
2201 552 2478 610 διπλάσιον
2498 563 2591 610 τοῦ
2618 557 2850 629 ἡμίσεως
2878 555 3072 628 μεῖξον,
3100 575 3190 608 και
3221 555 3276 618 ὃς
3302 556 3407 631 ἄρα

1808 642 1996 708 κύκλος
2023 645 2383 721 συμπιριλαϐῃ
2414 650 2509 706 τὴν
2530 646 2743 720 μείζονα
2769 642 3048 722 διάμετρον
3095 645 3164 709 εἰς
3217 645 3412 700 οἰκείαν

1810 729 2110 810 διάμετρον,
2142 734 2194 799 ἐξ
2220 733 2451 810 ἀνάγκης
2480 736 2665 810 μείζων
2715 739 2829 789 ἐστί
2876 742 2968 788 τοῦ
3024 739 3120 794 τήν
3168 734 3413 788 ἐλαττονα

1811 822 2284 897 συμπεριλαϐόντος
2325 825 2391 886 εἰς
2433 829 2625 878 οικείαν
2663 821 2943 899 διάμετρον
2975 841 2988 856 ·
3031 825 3057 876 ὁ
3117 821 3223 900 ἆρα
3269 831 3313 877 Π
3365 831 3410 878 Θ

1808 911 2012 985 κύκλος,
2040 913 2066 964 ὁ
2096 917 2250 972 τὴνΒ
2279 913 2530 983 Γλαϐὼν,
2575 914 2766 987 μείζων
2811 917 2925 968 ἐστί
2975 921 3067 967 τοῦ
3119 918 3214 973 τὴν
3263 920 3310 966 Ν
3365 919 3413 965 Ω.

1810 999 2056 1065 λαϐόντος
2107 1009 2148 1056 Τ
2199 1011 2271 1060 Μ.
2319 1006 2382 1058 Ai
2434 1004 2538 1080 ἄρα
2588 1011 2679 1058 τοῦ
2753 1009 3073 1080 τετραγώνου
3137 999 3411 1078 διαμετροι

2450 1172 2505 1226 N

2453 1834 2504 1890 Ω

1805 1982 1997 2037 κύκλου
2028 1986 2158 2058 μέρη
2193 1981 2286 2036 ἶσα
2304 2000 2496 2050 πάντα,
2518 2001 2609 2035 και
2657 1983 2759 2035 ὅσα
2812 1982 2873 2035 ἂν
2918 1990 3138 2037 ποιῶσιν
3188 1989 3244 2042 αἱ
3289 1990 3411 2042 τού.

1805 2077 1896 2126 τόῦ
1927 2070 2220 2148 διαμιτροι,
2258 2068 2348 2125 ἶσα
2386 2076 2546 2140 ἐστιν,
2584 2073 2653 2133 ὡς
2689 2069 2930 2145 ἐδείχθη,
2989 2077 3044 2128 αἱ
3093 2072 3152 2130 δὲ
3192 2086 3286 2131 τοῦ
3337 2098 3415 2132 τι-

1806 2168 2074 2236 τραγώνου
2098 2165 2215 2216 οὔτε
2237 2160 2376 2214 αὑτῶ
2431 2167 2542 2214 ἴσον
2595 2167 2765 2215 πᾶσαι
2807 2171 3048 2218 ποιοῦσιν
3091 2164 3117 2218 ὃ
3168 2175 3411 2220 ποιοῦσιν

1807 2254 1924 2305 οὔτε
1944 2256 2014 2326 μὴ
2040 2250 2174 2318 ἴσον,
2209 2248 2318 2304 ἀλλ’
2348 2251 2403 2303 αἰ
2431 2253 2522 2324 μιν
2549 2246 2682 2319 ἶσον,
2717 2252 2773 2304 αἱ
2808 2247 2868 2306 δὲ
2924 2252 3018 2305 οὐκ
3061 2262 3191 2312 ἴσον.
3248 2263 3412 2310 Τοῦτο

1808 2337 1868 2395 δὲ
1896 2361 1986 2395 και
2019 2341 2086 2404 εἰς
2111 2341 2273 2414 ἔτερα,
2308 2341 2475 2402 καθὼς
2507 2337 2554 2392 ἓν
2610 2339 2716 2402 τοῖς
2769 2339 2979 2406 κύκλοις
3045 2340 3289 2419 ἐδείχθη.
3341 2349 3412 2399 Τὸ

1807 2431 1912 2504 ἄρα
1941 2428 2082 2494 εἶδος
2119 2435 2419 2505 κρειττόνως
2474 2433 2568 2489 τὴν
2617 2427 2744 2489 ὓλὴν
2812 2438 3034 2506 σφαῖραν
3090 2439 3178 2486 καὶ
3225 2434 3412 2488 κύκλον

1807 2522 1838 2582 ἦ
1893 2523 2213 2596 τετράγωνον
2263 2517 2590 2592 eidemin“,
2639 2524 2730 2574 καὶ
2785 2517 3008 2594 ἐδείχθη
3076 2525 3246 2586 καθὼς
3303 2521 3414 2580 ἔδει

1807 2619 1960 2666 τοῦτο
2000 2606 2303 2685 δειχθῆναι.
2345 2617 2511 2665 Τοῦτο
2535 2605 2594 2664 δὲ
2623 2615 2713 2664 καὶ
2769 2608 2854 2664 ἐπὶ
2900 2619 2993 2664 τοῦ
3039 2622 3291 2690 τριγώνου
3324 2623 3416 2671 καὶ

1806 2702 2032 2758 πάντων.
2071 2706 2224 2755 Ἔστι
2251 2696 2311 2753 δὴ
2348 2699 2530 2762 οὕτως.
2569 2701 2625 2752 αἱ
2675 2706 2769 2753 τοῦ
2829 2706 3083 2774 τριγώνου
3139 2700 3416 2780 διάμετροι

1808 2790 1944 2844 αἰὲκ
1967 2797 2060 2844 τοῦ
2088 2794 2298 2865 κέντρου
2351 2795 2437 2844 καί
2487 2794 2651 2865 μέσου
2720 2787 3085 2866 διερχόμιναι,
3125 2793 3170 2847 εἰ
3213 2797 3413 2851 “eam

31 2969 354 3035 erminata,
376 2967 540 3041 ipsas
571 2967 816 3042 copulat
833 2970 900 3024 ut
937 2969 977 3022 Β
1004 2967 1064 3035 C,
1089 2967 1355 3025 maxime
1379 2983 1524 3025 vero
1539 2985 1676 3043 pro-
1706 2971 1746 3028 C
1783 2968 2100 3041 diametro,
2131 2967 2386 3043 duplum
2416 2973 2508 3027 est
2531 2967 2686 3026 illius
2704 2969 2984 3043 quadrati
3019 2971 3189 3044 cujus
3207 2978 3298 3030 est
3321 2975 3445 3032 dia-

31 3059 137 3117 .ria
167 3064 232 3116 et
255 3057 406 3114 inter
433 3073 646 3115 omnes
681 3055 896 3130 prima,
921 3059 1045 3112 utX
1073 3059 1134 3123 Τ,
1162 3072 1298 3130 quae
1343 3061 1432 3114 est
1476 3074 1676 3131 aequa-

31 3150 74 3204 is
105 3146 400 3205 omnibus
437 3147 747 3203 diametris
770 3144 974 3202 circuli
1023 3144 1201 3216 illius,
1237 3145 1409 3219 cujus
1437 3152 1525 3204 est
1553 3147 1680 3205 dia-

31 3243 220 3294 neter.
257 3236 397 3292 Dico
453 3235 632 3306 igitur
689 3234 1047 3291 diametrum
1077 3235 1120 3288 B
1173 3237 1234 3305 C,
1293 3235 1464 3307 cujus
1511 3239 1553 3292 X
1590 3239 1680 3292 est

31 3326 287 3384 nedium
316 3324 606 3382 circulum
638 3326 676 3380 P
715 3323 758 3378 T
819 3323 1343 3395 circumscriptum
1381 3325 1676 3396 majorem

31 3430 330 3474 assumere
361 3413 581 3471 circulo
609 3415 650 3469 T
673 3415 743 3483 Μ,
763 3428 946 3485 quem
986 3412 1238 3469 assumit
1258 3413 1538 3470 diameter
1564 3417 1606 3470 N
1633 3416 1675 3472 Ο

31 3506 103 3577 :uj
115 3522 189 3562 us
211 3503 483 3562 medium
503 3501 710 3559 itidem
735 3505 823 3558 est
849 3503 903 3556 li.
942 3500 1238 3566 Quoniam
1262 3501 1442 3572 igitur
1455 3502 1680 3561 diame-

32 3615 95 3655 er
119 3594 496 3670 quadratum
525 3591 830 3648 constituit
855 3590 1111 3664 duplum
1163 3590 1340 3664 illius,
1393 3593 1565 3664 cujus
1595 3599 1685 3652 est

31 3689 316 3749 eameter
346 3684 513 3758 (nam
537 3680 901 3755 quadratum
929 3679 1291 3753 descriptum
1319 3698 1356 3738 a
1404 3683 1685 3756 quadrati

1153 3912 1211 3970 κο

686 4393 738 4442 '1

1783 3063 1970 3116 meter
1993 3075 2065 3116 ex
2103 3075 2229 3132 qua
2251 3057 2528 3115 effectum
2553 3057 2684 3128 est).
2737 3059 2811 3115 At
2852 3058 2954 3116 illa
2994 3059 3290 3118 diamater
3306 3079 3444 3136 quas

1785 3149 1963 3206 nobis
1992 3147 2208 3204 dicitur
2233 3146 2476 3221 aequalis
2519 3146 2686 3204 lateri
2725 3146 3005 3220 quadrati
3061 3148 3174 3205 illis
3204 3152 3332 3223 ejus
3359 3157 3446 3211 est

1786 3238 2092 3310 diameter,
2147 3237 2515 3311 quadratum
2577 3237 2880 3293 constituit
2943 3237 3176 3310 aequale
3220 3239 3303 3297 illi
3340 3257 3444 3298 cu-

1783 3328 1885 3400 jus
1951 3333 2040 3384 est
2109 3327 2417 3385 diameter.
2477 3326 2654 3400 Atqui
2720 3325 2979 3399 duplum
3045 3333 3134 3386 est
3192 3329 3445 3390 dimidio

1788 3418 2017 3490 majus.
2051 3417 2317 3475 Circulus
2368 3431 2534 3487 ergo,
2583 3414 2688 3489 qui
2728 3415 3026 3488 majorem
3081 3418 3445 3488 diametrum

1791 3505 2249 3579 comprehendit
2268 3509 2326 3563 et
2346 3504 2464 3562 sibi
2481 3504 2922 3576 accommodat,
2952 3509 3290 3566 necessario
3318 3526 3446 3568 ma.

1786 3595 1886 3669 jor
1921 3600 2010 3654 est
2041 3595 2262 3654 circulo
2304 3595 2407 3653 illo
2460 3595 2564 3668 qui
2616 3595 2913 3651 minorem
2966 3598 3444 3671 comprehendit,

1793 3689 1851 3744 et
1880 3686 1992 3743 sibi
2013 3685 2434 3744 accommodat
2455 3685 2838 3742 diametrum.
2869 3685 3132 3744 Circulus
3187 3705 3329 3762 ergo
3349 3690 3446 3747 PT

2723 3942 2771 3988 0

2800 4158 2857 4216 Μ

2199 4351 2265 4410 ὁ

31 4605 123 4676 qui
144 4603 444 4676 majorem
465 4605 1298 4679 comprehenditdiametrum
1328 4611 1373 4663 A
1397 4609 1458 4676 Β,
1481 4605 1677 4678 major
1706 4610 1749 4664 D
1785 4607 1843 4661 et
1863 4618 2236 4678 quaecunque
2287 4606 2556 4665 efﬁciunt
2609 4607 2814 4666 circuli
2869 4607 3147 4666 diametri
3192 4608 3448 4682 aequalia

31 4700 111 4751 ast
149 4694 378 4752 circulo
402 4698 442 4750 P
468 4698 538 4766 Μ,
569 4697 673 4769 qui
703 4699 747 4753 N
780 4699 824 4754 Ο
881 4699 1178 4755 minorem
1226 4698 1500 4755 assumit.
1548 4699 1682 4753 Non

31 4801 235 4841 )mnes
265 4800 408 4854 ergo
452 4785 741 4842 diametri.
775 4787 1209 4860 quadratorum
1237 4787 1426 4844 latera
1457 4787 1680 4844 effectae

32 4872 587 4948 equaliaquadrata
606 4874 884 4948 eﬁiciunt,
900 4891 1095 4949 neque
1107 4893 1318 4934 omnes
1334 4877 1678 4948 inaequalia,

31 4981 218 5038 neque
249 4978 462 5020 omnes
487 4963 813 5036 aequalium
834 4965 1192 5022 circulorum
1210 4969 1348 5023 sunt
1364 4965 1636 5022 diametri
1659 4987 1676 5040 ς

31 5071 91 5112 ex
121 5053 343 5111 eadem
370 5052 600 5109 ratione
629 5068 751 5108 non
785 5068 997 5110 omnes
1031 5055 1335 5126 sphaeram
1383 5053 1681 5127 aequalem

31 5145 312 5207 efﬁciunt,
346 5140 454 5196 sed
479 5142 698 5213 partim
719 5142 1035 5213 majorem,
1091 5143 1312 5216 partim
1359 5143 1675 5199 minorem.

31 5231 325 5300 Quoniam
355 5234 557 5288 autem
615 5231 865 5303 sphaerae
907 5232 1254 5304 superficies
1313 5248 1387 5290 ex
1442 5230 1680 5288 circulis

31 5324 265 5381 constat
299 5317 578 5376 diametri
607 5319 1042 5391 quadratorum
1092 5319 1324 5377 circulis
1344 5337 1683 5378 accommo-

31 5413 199 5482 zlatae,
221 5408 488 5479 majores
512 5411 570 5464 et
599 5408 860 5465 minores
891 5409 1158 5482 sphaerae
1184 5409 1451 5466 efﬁciunt
1477 5414 1543 5466 ut
1571 5410 1681 5466 cir—

31 5501 214 5557 culos.
248 5499 442 5564 Quare
467 5511 590 5552 non
645 5495 730 5554 ita
775 5496 972 5556 forma
1024 5499 1340 5557 materiam
1397 5498 1600 5556 circuli
1625 5503 1685 5556 et

31 5590 278 5664 spherae
299 5585 665 5654 informavit,
679 5589 745 5643 ut
765 5586 878 5644 sibi
897 5592 956 5645 et
982 5587 1114 5646 aliis
1141 5588 1352 5660 ﬁguris
1366 5587 1678 5656 haberent,

31 5673 614 5753 quodhabenLNam
624 5674 823 5736 circuli
837 5682 1039 5750 partes
1051 5681 1403 5764 suntomnes
1418 5677 1684 5752 aequales

1788 4697 1949 4762 sunt,
1976 4698 2040 4750 ut
2055 4693 2539 4752 demonstratum
2559 4701 2664 4754 est.
2685 4703 2756 4755 At
2780 4714 2902 4756 non
2934 4714 3146 4773 omnes
3169 4697 3448 4771 quadrati

1790 4782 2068 4840 diametri
2082 4783 2317 4856 aequale
2333 4785 2498 4858 quod
2513 4785 2764 4856 faciunt,
2786 4788 3148 4860 quadratum
3162 4786 3446 4842 reddunt-

1789 4886 1987 4945 neque
2021 4871 2320 4945 inaequale
2351 4872 2457 4929 sed
2486 4873 2704 4945 partim
2740 4875 2990 4948 aequale,
3032 4873 3251 4947 partim
3307 4873 3448 4930 inae-

1791 4957 1992 5032 quale.
2021 4968 2212 5034 Atque
2225 4962 2384 5018 hanc
2405 4977 2580 5018 suam
2607 4962 3030 5035 proprietatem
3058 4962 3188 5018 aliis
3203 4975 3447 5035 quoque

1790 5051 2000 5121 ﬁguris
2016 5051 2486 5120 communicant,
2500 5056 2566 5107 ut
2581 5051 2640 5106 in
2659 5051 2895 5108 circulis
2913 5051 3247 5123 majoribus
3265 5056 3322 5107 et
3337 5051 3446 5107 mi-

1791 5140 2042 5197 noribus
2062 5139 2536 5196 demonstratum
2567 5144 2676 5196 est.
2713 5143 2924 5197 Forma
2951 5156 3092 5210 ergo
3132 5139 3446 5196 materiam

1793 5229 1952 5300 globi
1986 5235 2043 5286 et
2063 5229 2264 5286 circuli
2285 5228 2681 5302 prcestantiori
2698 5229 2903 5299 modo,
2927 5246 3113 5302 quam
3127 5229 3447 5286 materiam

1792 5319 2074 5392 quadrati
2096 5319 2456 5375 informavit.
2481 5321 2671 5390 Atque
2693 5318 2808 5374 hoc
2854 5322 3334 5375 demonstratum
3357 5321 3448 5375 est

1793 5425 1864 5466 eo
1890 5407 2095 5477 modo,
2120 5424 2242 5480 quo
2257 5405 2800 5464 demonstrandum
2822 5407 2950 5464 fuit.
2984 5409 3156 5474 Quod
3172 5407 3352 5465 etiam
3384 5407 3447 5463 in

1792 5498 2092 5570 triangula
2112 5494 2416 5554 observari
2438 5499 2632 5568 potest
2661 5499 2729 5565 et
2746 5496 2808 5552 in
2832 5496 3117 5553 omnibus
3135 5496 3267 5554 aliis
3289 5496 3447 5569 ﬁgu-

1793 5588 1897 5646 ris.
1927 5593 2009 5645 Ac
2032 5587 2194 5644 hunc
2220 5584 2284 5641 in
2311 5583 2564 5642 modum
2593 5583 3152 5662 demonstratratur,
3209 5603 3346 5661 quae
3374 5601 3450 5644 ex

1794 5681 1999 5740 centro
2016 5691 2124 5752 per
2135 5673 2410 5739 medium
2428 5672 2732 5752 ducuntur
2748 5674 3030 5772 trianguli
3049 5674 3346 5770 diametri,
3378 5675 3452 5734 si-
