3932 6326
521 301 661 359 13⁵79

551 423 846 499 διάμετροι,
903 424 1146 496 μείζονας
1199 429 1289 476 καὶ
1342 423 1614 486 ἐλάττονας
1679 430 1968 482 ποιήσουσι
2059 445 2148 476 κυ-

547 515 718 581 κλους,
755 512 882 566 ἀλλὰ
918 519 1009 565 καὶ
1060 518 1322 588 τριγώνων
1381 513 1426 565 εἰ
1478 515 1668 566 τεθῶσι
1725 513 1964 587 πλευραὶ,
2028 518 2146 586 μεί-

551 605 676 666 ζονα
739 606 826 654 καὶ
885 602 1132 654 ἐλάττονα
1168 607 1456 660 ποιήσουσι
1507 608 1750 674 τρίγωνα,
1797 607 1852 656 αἱ
1909 599 1969 656 δὲ
2053 611 2148 654 τοῦ

547 693 736 744 κύκλου
779 691 833 744 έκ
870 699 963 742 τού
1001 695 1187 764 κυρίως
1234 696 1444 764 κέντρου
1501 697 1591 744 καὶ
1647 697 1812 764 μέσου
1863 689 2143 764 διερχόμε-

546 801 630 834 ναι
667 787 757 832 και
796 779 1020 840 κύκλους
1068 783 1237 844 ἴσους,
1289 781 1334 832 εὶ
1391 783 1602 848 τεθῶσι,
1650 789 1960 851 ποιήσουσι,
2017 779 2146 834 ἀλλὰ

546 876 634 922 καὶ
665 877 764 922 πᾶν
787 869 908 921 ἄλλο
940 878 1151 941 σχῆμα.
1187 876 1270 924 Διί
1299 878 1420 940 γοῦν
1439 873 1590 933 ἴσους
1619 867 1788 934 δεῖξαι
1804 875 1924 932 τοὺς
1953 866 2121 922 τούσδ
2127 891 2143 922 ι

545 963 667 1020 τοὺς
694 959 930 1024 κύκλους,
960 964 1048 1011 καὶ
1069 963 1126 1010 τὸ
1156 958 1210 1011 ἐκ
1240 968 1339 1011 τῶν
1391 956 1680 1034 διαμέτρων
1735 960 1900 1012 αὐτῶν
1955 965 2140 1033 τρίγωο

544 1067 646 1100 νον·
676 1046 786 1100 εἶτα
815 1049 892 1100 ὅτι
921 1047 1027 1118 οὐχ
1048 1045 1212 1108 οὓτως
1237 1053 1328 1099 καὶ
1356 1045 1439 1099 ἐπὶ
1492 1057 1584 1100 τοῦ
1643 1055 1893 1122 τριγώνου
1967 1058 2040 1120 τῷ
2095 1054 2140 1102 Ν

2043 285 2405 357 meum.
3799 297 3881 353 l3)

2205 427 2251 476 Α
2307 428 2518 495 κέντρῳ,
2549 423 2736 485 κύκλος
2766 424 3040 497 γεγράφθω
3063 424 3092 474 ὁ
3128 429 3172 476 Π
3203 430 3250 476 Θ
3273 419 3636 494 διαστήματι
3677 430 3745 491 τῷ
3785 433 3813 475 Α
3851 431 3870 473 ι

2305 519 2494 584 καὶτῷ
2528 521 2566 566 Δ
2599 519 2808 587 κέντρῳ,
2849 512 3036 572 κύκλος
3073 514 3352 586 τηράφθῳ
3413 514 3444 564 ὁ
3512 517 3557 564 Γ
3614 518 3657 564 Η
3715 509 3869 569 διαστε-

2305 621 2428 673 ματι
2460 608 2599 671 τῷΕ
2639 609 2681 655 Ν
2736 606 2826 654 καὶ
2889 610 2960 672 τῷ
3017 609 3054 653 Β
3107 606 3316 675 κέντρῳ,
3391 600 3606 660 κύκλος
3663 605 3871 671 γηρπζςὸι

2305 695 2334 750 ή
2366 699 2398 743 Σ
2432 698 2477 744 Λ
2517 687 2848 763 διαστήματι
2905 700 2977 762 τῷ
3033 699 3082 744 X
3139 698 3183 743 N
3245 699 3316 760 τῷ
3386 696 3407 742 l
3464 694 3702 761 κέντρῳ,
3746 693 3875 746 τηις

2309 782 2579 852 γεγράφθω
2613 781 2638 832 ὁ
2669 787 2708 832 Ζ
2741 785 2759 832 1
2797 777 3129 851 διαστήματι
3157 787 3229 849 τῷ
3259 786 3304 832 ‘l’
3358 785 3408 832 N
3452 783 3560 831 καὶ
3603 787 3680 847 τῷ
3731 786 3765 831 Υ
3808 800 3877 830 κει-

2301 889 2428 942 τρῳ,
2466 869 2653 931 κύκλος
2689 871 2966 942 ’γεγράφθω
3005 871 3030 920 ὁ
3069 876 3108 922 Ζ
3158 875 3200 922 Κ
3240 864 3601 940 διαστήματι
3659 877 3731 936 τῷ
3762 875 3802 919 t1
3837 875 3875 918 S'

2302 961 2504 1028 αἰγούν
2543 965 2586 1011 Α
2630 965 2664 1010 Β
2701 965 2740 1011 Ε
2777 964 2822 1010 Ν
2861 965 2908 1012 Χ
2937 964 2980 1010 Ν
3021 965 3143 1011 ΩΝ
3183 964 3227 1011 Ψ
3265 964 3308 1010 Ν
3353 953 3661 1029 διάμετροι
3702 957 3879 1009 εἰσιτὲι

2304 1055 2344 1101 [Ι
2387 1056 2432 1101 Θ
2472 1055 2522 1100 M
2565 1054 2608 1100 Π
2650 1055 2682 1099 Σ
2722 1052 2766 1099 Λ
2806 1055 2844 1099 Ζ
2886 1053 2925 1099 Κ
2966 1053 3004 1098 Ζ
3044 1053 3084 1099 Τ
3118 1046 3340 1112 κύκλων,
3387 1046 3630 1119 ἑκατέρα
3669 1046 3878 1115 ἑκατέρω,

1230 1165 3134 1726 ῩῩΛ

534 2689 666 2739 κατὰ
688 2688 782 2742 τήν
807 2692 909 2736 τῶν
936 2685 1211 2752 στοιχείων
1253 2681 1414 2732 θέσιν.
1454 2684 1539 2737 Ὡς
1557 2678 1661 2752 ἄρα
1691 2685 1784 2730 τοῦ
1835 2685 1878 2731 Π
1927 2683 2134 2753 κέντρον
2187 2683 2232 2738 Β
2295 2679 2456 2732 αὐτοῦ
2496 2676 2801 2752 διαμέτρου,
2839 2685 2930 2732 καὶ
2985 2688 3078 2734 τοῦ
3129 2688 3164 2735 Σ
3221 2687 3264 2735 Λ
3324 2685 3547 2756 κέντρον
3759 2687 3809 2734 τό
3861 2687 3883 2732 l

533 2779 593 2828 τὸ
630 2781 676 2829 Ν
705 2779 793 2826 καὶ
825 2776 1026 2845 πέρατα
1051 2780 1146 2832 τῆς
1193 2769 1356 2821 αὐτοῦ
1415 2763 1700 2842 διαμέτρου
1742 2771 1802 2820 τὸ
1858 2774 1898 2821 Δ
1964 2774 2002 2820 Β
2048 2770 2131 2820 οὖ-

533 2885 634 2928 τως
661 2869 750 2917 καὶ
771 2871 862 2915 τοῦ
887 2867 922 2914 Α
948 2868 990 2914 Η
1012 2866 1218 2933 κέντρον
1245 2861 1302 2910 τὸ
1337 2863 1375 2909 Α
1407 2861 1607 2929 πέρατα
1646 2854 1705 2910 δὲ
1744 2861 1801 2908 τὸ
1857 2863 1894 2909 Ε
1941 2863 1985 2910 Ν
2040 2865 2131 2917 τῆς

504 2962 751 3036 quidem
768 2957 1002 3016 circulis
1017 2953 1883 3023 accommandantur,majores
1895 2959 1951 3009 et
1965 2954 2154 3009 mino—

503 3067 598 3108 res
611 3045 1158 3108 efﬁciuntcirculos.
1176 3046 1473 3112 Praeterea,
1503 3042 1551 3096 si
1575 3041 2004 3111 triangulorum
2020 3042 2154 3098 dia-

503 3140 676 3197 metri
706 3139 893 3195 latera
921 3136 1376 3192 constituantur.
1408 3132 1642 3201 majora
1697 3136 1878 3203 atque
1921 3132 2156 3188 minora

504 3230 765 3288 efﬁcient
810 3223 1126 3295 triangula.
1169 3223 1242 3276 At
1284 3219 1488 3276 circuli
1541 3219 1815 3275 diametri
1871 3237 2007 3292 quae
2051 3235 2157 3292 per

504 3319 772 3376 medium
788 3321 1057 3372 centrum
1074 3310 1311 3384 proprie
1323 3309 1547 3364 dictum
1565 3308 1886 3373 ducuntur,
1901 3311 2154 3366 circulos

505 3407 768 3480 aequales
797 3417 1032 3475 semper
1051 3397 1338 3464 efﬂ‘ciunt,
1357 3404 1536 3469 atque
1587 3398 1769 3453 etiam
1823 3399 2158 3470 quamlibet

505 3497 688 3554 aliam
715 3495 970 3563 ﬁguram
996 3487 1311 3560 aqualem.
1380 3487 1621 3558 Oportet
1667 3487 1848 3556 igitur
1892 3489 2155 3560 aequales

506 3584 759 3642 circulos
777 3583 890 3638 hos
903 3581 1316 3636 demonstrare
1336 3575 1550 3630 etillud
1569 3577 1735 3648 quod
1755 3593 1829 3633 ex
1847 3577 2156 3634 diametris

2293 2772 2492 2840 πέρατα
2530 2764 2589 2821 δί
2627 2776 2717 2828 τῆς
2752 2769 2917 2822 ἀὐτοῦ
2957 2766 3244 2844 διαμέτρου
3299 2774 3359 2822 τὸ
3423 2777 3468 2824 Χ
3531 2778 3609 2838 N,
3675 2775 3881 2826 ὧσαύτως

2294 2862 2384 2908 καὶ
2418 2864 2508 2908 τοῦ
2544 2863 2583 2908 Ζ
2618 2863 2658 2909 Τ
2696 2861 2901 2930 κέντρον
3059 2862 3118 2910 τὸ
3156 2864 3175 2912 Ι
3233 2863 3433 2932 πέρατα
3471 2856 3543 2913 δὲ
3607 2869 3706 2923 τῆς
3759 2861 3883 2912 r3155-

2263 2953 2534 3026 ipsorum
2566 2955 2940 3011 constituitur
2969 2956 3352 3027 triangulum,
3376 2956 3617 3015 deinde
3644 2958 3885 3015 nonidem

2261 3042 2486 3098 habere
2506 3042 2704 3098 locum
2731 3043 2793 3098 in
2809 3043 3129 3111 triangula.
3156 3046 3366 3102 Centro
3383 3048 3450 3114 Ν,
3478 3046 3887 3104 intervallo.”

2263 3131 2518 3187 circulus
2550 3133 2593 3197 Ο
2615 3133 2676 3198 ll,
2701 3131 3109 3200 describatur;
3132 3133 3270 3190 item
3308 3141 3522 3192 centro
3549 3139 3627 3206 Α,
3653 3135 3884 3193 interval-

2263 3221 2322 3277 lo
2344 3224 2383 3277 E
2410 3223 2476 3292 N,
2513 3221 2768 3277 circulus
2807 3220 3179 3279 describatur
3221 3225 3258 3279 C
3290 3226 3375 3287 G;
3438 3225 3600 3283 item
3648 3226 3876 3284 cene-OB

2263 3309 2574 3366 intervallo
2597 3313 2638 3365 Y
2660 3313 2726 3380 N,
2749 3311 3008 3366 circulus
3029 3312 3410 3370 describatur
3429 3316 3465 3370 S
3500 3313 3551 3368 L
3590 3335 3605 3384 ;
3650 3317 3780 3372 item
3800 3329 3888 3369 ρευ-

2266 3405 2355 3455 tro
2388 3403 2427 3460 Ι,
2462 3399 2812 3455 intervallol
2843 3403 2884 3455 Ν
2911 3401 3168 3456 circulus
3218 3401 3618 3461 describatur
3643 3407 3770 3466 PT:
3796 3406 3885 3458 item

2267 3494 2469 3544 centro
2492 3491 2554 3550 U,
2579 3488 2890 3544 intervallo
2918 3491 3048 3546 FFU
3079 3491 3336 3547 circulus
3369 3493 3762 3552 describatur
3787 3497 3820 3550 Ο
3843 3494 3880 3544 i-

2267 3578 2546 3634 Diametri
2567 3578 2745 3650 igitur
2769 3583 2813 3632 A
2847 3581 2885 3635 B
2907 3579 2950 3634 E
2973 3582 3015 3636 Ν
3047 3581 3088 3634 Y
3111 3583 3154 3636 N
3176 3582 3219 3636 F
3249 3582 3289 3636 F
3329 3585 3374 3639 Ν
3397 3585 3437 3639 Ζ
3466 3586 3510 3639 Ν
3577 3584 3881 3642 circulorum

1193 3698 3208 4265 ᾼῩΔ

501 5247 545 5314 Q
567 5245 608 5302 Η
631 5247 737 5303 MG
763 5247 796 5302 S
829 5247 867 5301 L
893 5244 936 5301 Ο
959 5245 1005 5299 Κ
1032 5244 1131 5299 FT
1176 5238 1425 5313 singulae
1476 5252 1720 5294 suorum
1788 5235 2147 5292 circulorum
2184 5231 2224 5287 C
2259 5233 2294 5288 S
2320 5233 2376 5299 L,
2405 5239 2463 5290 et
2517 5236 2750 5292 termini
2812 5235 3086 5293 diametri
3147 5251 3368 5308 nempe
3425 5236 3518 5290 YN
3547 5251 3562 5301 ;
3588 5232 3675 5291 ita
3751 5231 3875 5288 etiam

502 5341 658 5391 sunt.
688 5337 750 5390 Et
779 5350 850 5389 ex
887 5333 1096 5389 ordine
1142 5329 1571 5386 elementorum
1625 5325 2023 5382 collocanturr
2080 5325 2149 5380 Ut

500 5425 678 5495 igitur
710 5439 772 5480 se
799 5423 982 5479 habet
1009 5425 1278 5477 centrum
1310 5421 1352 5474 Ν
1375 5415 1575 5473 circuli
1599 5417 1642 5482 0
1667 5415 1735 5480 H,
1767 5415 1847 5471 ita
1887 5415 2062 5470 etiam
2087 5429 2148 5470 se

499 5513 728 5569 habent
742 5512 969 5569 termini
981 5510 1243 5584 ejusdem
1257 5508 1761 5577 diametri,nempe
1777 5503 2147 5560 intervallum

501 5604 551 5656 Α
577 5601 622 5653 Β
648 5616 662 5668 ;
689 5601 771 5658 ita
795 5603 974 5658 etiam
1004 5603 1050 5655 A
1077 5605 1345 5657 centrum
1370 5596 1572 5654 circuli
1611 5599 1659 5654 Μ
1689 5599 1754 5662 G,
1805 5600 1862 5652 et
1915 5594 2151 5651 termini

499 5691 777 5749 diametri
790 5689 984 5763 ipsius
1016 5691 1058 5746 E
1084 5691 1132 5748 Ν
1162 5706 1178 5760 ;
1213 5688 1300 5746 ita
1325 5687 1508 5744 etiam
1542 5687 1588 5742 Β
1635 5689 1908 5744 centrum
1948 5683 2151 5742 circuli

2259 5329 2566 5382 centrum!
2598 5325 2798 5382 circuli
2823 5325 2862 5382 F
2889 5329 2951 5394 Τ,
2984 5331 3040 5383 et
3097 5324 3334 5382 termini
3361 5323 3645 5379 diemetri
3711 5329 3875 5386 nemp!

2259 5415 2638 5471 intervallum
2662 5418 2697 5471 Ζ
2720 5417 2787 5485 Ν,
2813 5417 2895 5472 ita
2919 5431 3162 5488 quoque
3185 5416 3227 5470 Ν
3251 5417 3521 5470 centrum
3546 5411 3762 5468 circuli
3785 5411 3816 5464 0
3833 5402 3871 5457 Ε·

2259 5510 2316 5560 et
2335 5505 2563 5561 termini
2587 5505 2778 5578 ipsius
2799 5503 3095 5570 diametri,
3109 5519 3329 5576 nempe
3353 5500 3750 5558 intervallum
3768 5495 3866 5554 ΓΗ-

2259 5601 2409 5654 Nam
2432 5595 2634 5652 temini
2654 5594 2857 5651 circuli
2899 5596 2942 5661 Ο
3011 5597 3056 5650 Η
3096 5599 3234 5650 sunt
3280 5596 3486 5649 centra
3549 5590 3867 5647 circulorum

2258 5685 2652 5747 MGSLFT
2706 5686 2750 5742 Ο
2807 5683 2878 5741 Κ.
2921 5682 3218 5751 Quoniam
3277 5681 3458 5753 igitur
3494 5680 3744 5738 termini
3788 5673 3869 5731 di!-
