  <div class='ocr_page' id='page_1' title='image "/cluster/home/n/w/nwhite01/storage/ocr_20150623/140/pst.000005714568/750.png"; bbox 0 0 3932 6326; ppageno 0'>
   <div class='ocr_carea' id='block_1_1' title="bbox 19 315 134 372">
    <p class='ocr_par' dir='ltr' id='par_1_1' title="bbox 19 315 134 372">
     <span class='ocr_line' id='line_1_1' title="bbox 19 315 134 372; baseline -0.017 -1"><span class='ocrx_word' id='word_1_1' title='bbox 19 315 134 372; x_wconf 85' lang='grc'>381</span> 
     </span>
    </p>
   </div>
   <div class='ocr_carea' id='block_1_2' title="bbox 904 297 2533 378">
    <p class='ocr_par' dir='ltr' id='par_1_2' title="bbox 904 297 2533 378">
     <span class='ocr_line' id='line_1_2' title="bbox 904 297 2533 378; baseline 0.004 -7"><span class='ocrx_word' id='word_1_2' title='bbox 904 314 1265 375; x_wconf 84' lang='lat' dir='ltr'>THEODORI</span> <span class='ocrx_word' id='word_1_3' title='bbox 1295 313 1342 369; x_wconf 86' lang='lat' dir='ltr'><strong>II</strong></span> <span class='ocrx_word' id='word_1_4' title='bbox 1373 313 1513 372; x_wconf 83' lang='lat' dir='ltr'>IMP.</span> <span class='ocrx_word' id='word_1_5' title='bbox 1547 297 1640 370; x_wconf 85' lang='lat' dir='ltr'>DE</span> <span class='ocrx_word' id='word_1_6' title='bbox 1671 304 2127 376; x_wconf 79' lang='lat' dir='ltr'>COMMUNIONE</span> <span class='ocrx_word' id='word_1_7' title='bbox 2155 305 2533 378; x_wconf 80' lang='lat' dir='ltr'>NATURALI.</span> 
     </span>
    </p>
   </div>
   <div class='ocr_carea' id='block_1_3' title="bbox 3281 307 3420 380">
    <p class='ocr_par' dir='ltr' id='par_1_3' title="bbox 3281 307 3420 380">
     <span class='ocr_line' id='line_1_3' title="bbox 3281 307 3420 380; baseline 0.014 -2"><span class='ocrx_word' id='word_1_8' title='bbox 3281 307 3420 380; x_wconf 69' lang='lat' dir='ltr'>issi</span> 
     </span>
    </p>
   </div>
   <div class='ocr_carea' id='block_1_4' title="bbox 19 437 3396 513">
    <p class='ocr_par' dir='ltr' id='par_1_4' title="bbox 19 437 3396 513">
     <span class='ocr_line' id='line_1_4' title="bbox 19 437 3396 513; baseline 0.002 -21"><span class='ocrx_word' id='word_1_9' title='bbox 19 437 339 513; x_wconf 57' lang='grc' dir='ltr'>διαμέτρου,</span> <span class='ocrx_word' id='word_1_10' title='bbox 367 442 428 492; x_wconf 91' lang='lat'>1&#39;6</span> <span class='ocrx_word' id='word_1_11' title='bbox 474 445 520 492; x_wconf 84' lang='grc' dir='ltr'><em>Ψ</em></span> <span class='ocrx_word' id='word_1_12' title='bbox 570 445 616 491; x_wconf 90' lang='grc' dir='ltr'><strong>Ν</strong></span> <span class='ocrx_word' id='word_1_13' title='bbox 667 445 758 492; x_wconf 83' lang='grc' dir='ltr'>καὶ</span> <span class='ocrx_word' id='word_1_14' title='bbox 809 447 901 492; x_wconf 84' lang='grc' dir='ltr'>τοῦ</span> <span class='ocrx_word' id='word_1_15' title='bbox 955 448 993 493; x_wconf 93' lang='grc' dir='ltr'>Ζ</span> <span class='ocrx_word' id='word_1_16' title='bbox 1024 447 1066 493; x_wconf 79' lang='lat' dir='ltr'><strong>K</strong></span> <span class='ocrx_word' id='word_1_17' title='bbox 1099 445 1302 513; x_wconf 80' lang='grc' dir='ltr'>κέντρον</span> <span class='ocrx_word' id='word_1_18' title='bbox 1348 444 1437 512; x_wconf 76' lang='grc' dir='ltr'>μὲν</span> <span class='ocrx_word' id='word_1_19' title='bbox 1488 442 1548 490; x_wconf 89' lang='lat'>16</span> <span class='ocrx_word' id='word_1_20' title='bbox 1597 446 1637 491; x_wconf 91' lang='grc' dir='ltr'>Υ</span> <span class='ocrx_word' id='word_1_21' title='bbox 1690 442 1738 496; x_wconf 76' lang='grc' dir='ltr'>Α</span> <span class='ocrx_word' id='word_1_22' title='bbox 1797 443 2124 510; x_wconf 82' lang='grc' dir='ltr'>ΒΑκέντρον</span> <span class='ocrx_word' id='word_1_23' title='bbox 2149 450 2274 500; x_wconf 85' lang='grc' dir='ltr'>τὸΝ</span> <span class='ocrx_word' id='word_1_24' title='bbox 2317 447 2448 503; x_wconf 80' lang='grc' dir='ltr'>ἀλλά</span> <span class='ocrx_word' id='word_1_25' title='bbox 2495 449 2586 497; x_wconf 90' lang='lat' dir='ltr'>xui</span> <span class='ocrx_word' id='word_1_26' title='bbox 2641 447 2700 496; x_wconf 90' lang='lat'>16</span> <span class='ocrx_word' id='word_1_27' title='bbox 2751 451 2789 498; x_wconf 92' lang='grc' dir='ltr'><strong>Γ</strong></span> <span class='ocrx_word' id='word_1_28' title='bbox 2829 450 2868 498; x_wconf 77' lang='grc' dir='ltr'><strong>Α</strong></span> <span class='ocrx_word' id='word_1_29' title='bbox 2929 453 2970 498; x_wconf 95' lang='grc' dir='ltr'>Υ</span> <span class='ocrx_word' id='word_1_30' title='bbox 3024 451 3064 497; x_wconf 80' lang='grc' dir='ltr'><strong>Α</strong></span> <span class='ocrx_word' id='word_1_31' title='bbox 3126 443 3218 498; x_wconf 79' lang='grc' dir='ltr'>ἶσά</span> <span class='ocrx_word' id='word_1_32' title='bbox 3281 446 3396 500; x_wconf 80' lang='grc' dir='ltr'>ἐστι</span> 
     </span>
    </p>
   </div>
   <div class='ocr_carea' id='block_1_5' title="bbox 19 524 1634 605">
    <p class='ocr_par' dir='ltr' id='par_1_5' title="bbox 19 524 1634 605">
     <span class='ocr_line' id='line_1_5' title="bbox 19 524 1634 605; baseline 0.001 -26"><span class='ocrx_word' id='word_1_33' title='bbox 19 549 237 603; x_wconf 63' lang='grc' dir='ltr'>ιτερατα</span> <span class='ocrx_word' id='word_1_34' title='bbox 267 525 326 581; x_wconf 67' lang='grc' dir='ltr'>δὲ</span> <span class='ocrx_word' id='word_1_35' title='bbox 348 536 443 590; x_wconf 76' lang='grc' dir='ltr'>τῆς</span> <span class='ocrx_word' id='word_1_36' title='bbox 476 528 635 580; x_wconf 73' lang='grc' dir='ltr'>αὐτοῦ</span> <span class='ocrx_word' id='word_1_37' title='bbox 668 524 953 605; x_wconf 78' lang='grc' dir='ltr'>διαμέτρου</span> <span class='ocrx_word' id='word_1_38' title='bbox 984 533 1040 581; x_wconf 87' lang='lat'>16</span> <span class='ocrx_word' id='word_1_39' title='bbox 1076 537 1123 581; x_wconf 88' lang='grc' dir='ltr'>Ω</span> <span class='ocrx_word' id='word_1_40' title='bbox 1147 537 1210 584; x_wconf 89' lang='grc' dir='ltr'><strong>Ν.</strong></span> <span class='ocrx_word' id='word_1_41' title='bbox 1239 532 1316 582; x_wconf 85' lang='grc' dir='ltr'>Τὰ</span> <span class='ocrx_word' id='word_1_42' title='bbox 1347 532 1448 601; x_wconf 74' lang='grc' dir='ltr'>γὰρ</span> <span class='ocrx_word' id='word_1_43' title='bbox 1486 535 1528 580; x_wconf 87' lang='grc' dir='ltr'>Π</span> <span class='ocrx_word' id='word_1_44' title='bbox 1589 535 1634 580; x_wconf 87' lang='grc' dir='ltr'><strong>Θ</strong></span> 
     </span>
    </p>
   </div>
   <div class='ocr_carea' id='block_1_6' title="bbox 19 615 1629 692">
    <p class='ocr_par' dir='ltr' id='par_1_6' title="bbox 19 615 1629 692">
     <span class='ocr_line' id='line_1_6' title="bbox 19 615 1629 692; baseline 0.001 -24"><span class='ocrx_word' id='word_1_45' title='bbox 19 624 237 692; x_wconf 67' lang='grc' dir='ltr'>πέρατα</span> <span class='ocrx_word' id='word_1_46' title='bbox 260 622 444 692; x_wconf 80' lang='grc' dir='ltr'>κέντρα</span> <span class='ocrx_word' id='word_1_47' title='bbox 475 615 588 668; x_wconf 81' lang='grc' dir='ltr'>ἐστὶ</span> <span class='ocrx_word' id='word_1_48' title='bbox 618 626 716 669; x_wconf 82' lang='grc' dir='ltr'>τῶν</span> <span class='ocrx_word' id='word_1_49' title='bbox 747 620 795 674; x_wconf 87' lang='grc' dir='ltr'>Μ</span> <span class='ocrx_word' id='word_1_50' title='bbox 828 625 866 670; x_wconf 83' lang='grc' dir='ltr'><em>Η</em></span> <span class='ocrx_word' id='word_1_51' title='bbox 893 627 923 670; x_wconf 92' lang='grc' dir='ltr'>Σ</span> <span class='ocrx_word' id='word_1_52' title='bbox 979 624 1022 671; x_wconf 89' lang='grc' dir='ltr'><strong>Λ</strong></span> <span class='ocrx_word' id='word_1_53' title='bbox 1053 625 1091 670; x_wconf 90' lang='grc' dir='ltr'><strong>Ζ</strong></span> <span class='ocrx_word' id='word_1_54' title='bbox 1147 625 1187 670; x_wconf 90' lang='grc' dir='ltr'><strong>Τ</strong></span> <span class='ocrx_word' id='word_1_55' title='bbox 1247 621 1286 672; x_wconf 90' lang='grc' dir='ltr'><strong>Ξ</strong></span> <span class='ocrx_word' id='word_1_56' title='bbox 1327 625 1369 671; x_wconf 82' lang='grc' dir='ltr'>Κ</span> <span class='ocrx_word' id='word_1_57' title='bbox 1407 617 1629 670; x_wconf 73' lang='grc' dir='ltr'>κύκλων.</span> 
     </span>
    </p>
   </div>
   <div class='ocr_carea' id='block_1_7' title="bbox 19 703 1636 780">
    <p class='ocr_par' dir='ltr' id='par_1_7' title="bbox 19 703 1636 780">
     <span class='ocr_line' id='line_1_7' title="bbox 19 703 1636 780; baseline -0.001 -22"><span class='ocrx_word' id='word_1_58' title='bbox 19 707 179 759; x_wconf 80' lang='grc' dir='ltr'>Ἐπεὶ</span> <span class='ocrx_word' id='word_1_59' title='bbox 232 714 358 778; x_wconf 67' lang='grc' dir='ltr'>γοῦν</span> <span class='ocrx_word' id='word_1_60' title='bbox 414 707 479 757; x_wconf 75' lang='grc' dir='ltr'>τὰ</span> <span class='ocrx_word' id='word_1_61' title='bbox 536 713 627 758; x_wconf 79' lang='grc' dir='ltr'>τοῦ</span> <span class='ocrx_word' id='word_1_62' title='bbox 687 713 730 758; x_wconf 88' lang='grc' dir='ltr'>Π</span> <span class='ocrx_word' id='word_1_63' title='bbox 809 714 854 759; x_wconf 91' lang='grc' dir='ltr'>Θ</span> <span class='ocrx_word' id='word_1_64' title='bbox 935 715 1031 758; x_wconf 85' lang='grc' dir='ltr'>τῶν</span> <span class='ocrx_word' id='word_1_65' title='bbox 1088 703 1381 780; x_wconf 82' lang='grc' dir='ltr'>διαμέτρων</span> <span class='ocrx_word' id='word_1_66' title='bbox 1440 711 1636 780; x_wconf 85' lang='grc' dir='ltr'>πέρατα</span> 
     </span>
    </p>
   </div>
   <div class='ocr_carea' id='block_1_8' title="bbox 19 793 1636 869">
    <p class='ocr_par' dir='ltr' id='par_1_8' title="bbox 19 793 1636 869">
     <span class='ocr_line' id='line_1_8' title="bbox 19 793 1636 869; baseline -0.001 -21"><span class='ocrx_word' id='word_1_67' title='bbox 19 793 996 869; x_wconf 80' lang='grc' dir='ltr'>ΑΒΥΟΙΔκέντραέστὶτώνΜ</span> <span class='ocrx_word' id='word_1_68' title='bbox 1046 804 1084 848; x_wconf 82' lang='grc' dir='ltr'><em>Η</em></span> <span class='ocrx_word' id='word_1_69' title='bbox 1148 804 1180 848; x_wconf 87' lang='grc' dir='ltr'>Σ</span> <span class='ocrx_word' id='word_1_70' title='bbox 1229 803 1270 849; x_wconf 91' lang='grc' dir='ltr'><strong>Λ</strong></span> <span class='ocrx_word' id='word_1_71' title='bbox 1321 799 1360 849; x_wconf 87' lang='grc' dir='ltr'>Ξ</span> <span class='ocrx_word' id='word_1_72' title='bbox 1416 803 1454 848; x_wconf 82' lang='grc' dir='ltr'><strong>Κ</strong></span> <span class='ocrx_word' id='word_1_73' title='bbox 1510 803 1636 848; x_wconf 90' lang='grc' dir='ltr'>ΖΤ</span> 
     </span>
    </p>
   </div>
   <div class='ocr_carea' id='block_1_9' title="bbox 19 882 1638 959">
    <p class='ocr_par' dir='ltr' id='par_1_9' title="bbox 19 882 1638 959">
     <span class='ocr_line' id='line_1_9' title="bbox 19 882 1638 959; baseline 0.001 -24"><span class='ocrx_word' id='word_1_74' title='bbox 19 885 257 953; x_wconf 80' lang='grc' dir='ltr'>κύκλων,</span> <span class='ocrx_word' id='word_1_75' title='bbox 298 889 355 936; x_wconf 88' lang='grc' dir='ltr'>τὸ</span> <span class='ocrx_word' id='word_1_76' title='bbox 389 882 448 936; x_wconf 78' lang='grc' dir='ltr'>δε</span> <span class='ocrx_word' id='word_1_77' title='bbox 485 889 690 958; x_wconf 79' lang='grc' dir='ltr'>κέντρον</span> <span class='ocrx_word' id='word_1_78' title='bbox 749 890 906 957; x_wconf 82' lang='grc' dir='ltr'>μέσον</span> <span class='ocrx_word' id='word_1_79' title='bbox 963 885 1078 937; x_wconf 81' lang='grc' dir='ltr'>ἐστὶ</span> <span class='ocrx_word' id='word_1_80' title='bbox 1135 893 1228 937; x_wconf 82' lang='grc' dir='ltr'>τού</span> <span class='ocrx_word' id='word_1_81' title='bbox 1271 884 1460 936; x_wconf 88' lang='grc' dir='ltr'>κύκλου</span> <span class='ocrx_word' id='word_1_82' title='bbox 1509 887 1638 959; x_wconf 82' lang='grc' dir='ltr'>πρὸς</span> 
     </span>
    </p>
   </div>
   <div class='ocr_carea' id='block_1_10' title="bbox 19 973 1637 1044">
    <p class='ocr_par' dir='ltr' id='par_1_10' title="bbox 19 973 1637 1044">
     <span class='ocr_line' id='line_1_10' title="bbox 19 973 1637 1044; baseline 0.001 -20"><span class='ocrx_word' id='word_1_83' title='bbox 19 973 43 1024; x_wconf 85' lang='grc' dir='ltr'><em>ὃ</em></span> <span class='ocrx_word' id='word_1_84' title='bbox 73 993 261 1025; x_wconf 83' lang='grc' dir='ltr'>πασαι</span> <span class='ocrx_word' id='word_1_85' title='bbox 288 976 342 1024; x_wconf 77' lang='grc' dir='ltr'>αἱ</span> <span class='ocrx_word' id='word_1_86' title='bbox 389 979 822 1044; x_wconf 79' lang='grc' dir='ltr'>προσπίπτουσαι</span> <span class='ocrx_word' id='word_1_87' title='bbox 852 974 1046 1026; x_wconf 73' lang='grc' dir='ltr'>εὐθεῖαι</span> <span class='ocrx_word' id='word_1_88' title='bbox 1070 973 1124 1025; x_wconf 87' lang='grc' dir='ltr'>ἐκ</span> <span class='ocrx_word' id='word_1_89' title='bbox 1180 982 1274 1035; x_wconf 83' lang='grc' dir='ltr'>τῆς</span> <span class='ocrx_word' id='word_1_90' title='bbox 1327 976 1512 1025; x_wconf 83' lang='grc' dir='ltr'>τούτου</span> <span class='ocrx_word' id='word_1_91' title='bbox 1552 993 1637 1025; x_wconf 88' lang='grc' dir='ltr'>πε-</span> 
     </span>
    </p>
   </div>
   <div class='ocr_carea' id='block_1_11' title="bbox 19 1059 1636 1137">
    <p class='ocr_par' dir='ltr' id='par_1_11' title="bbox 19 1059 1636 1137">
     <span class='ocr_line' id='line_1_11' title="bbox 19 1059 1636 1137; baseline 0 -23"><span class='ocrx_word' id='word_1_92' title='bbox 19 1068 297 1137; x_wconf 76' lang='grc' dir='ltr'>ριφερείας</span> <span class='ocrx_word' id='word_1_93' title='bbox 328 1059 442 1114; x_wconf 82' lang='grc' dir='ltr'>ἶσαι</span> <span class='ocrx_word' id='word_1_94' title='bbox 475 1061 721 1124; x_wconf 78' lang='grc' dir='ltr'>ἀλλήλαις</span> <span class='ocrx_word' id='word_1_95' title='bbox 755 1063 909 1131; x_wconf 78' lang='grc' dir='ltr'>εἰσὶν,</span> <span class='ocrx_word' id='word_1_96' title='bbox 940 1067 1004 1124; x_wconf 82' lang='grc' dir='ltr'>ὡς</span> <span class='ocrx_word' id='word_1_97' title='bbox 1049 1066 1106 1114; x_wconf 90' lang='grc' dir='ltr'>τό</span> <span class='ocrx_word' id='word_1_98' title='bbox 1159 1069 1205 1115; x_wconf 93' lang='grc' dir='ltr'>Ν</span> <span class='ocrx_word' id='word_1_99' title='bbox 1257 1064 1360 1136; x_wconf 77' lang='grc' dir='ltr'>ἄρα</span> <span class='ocrx_word' id='word_1_100' title='bbox 1401 1067 1530 1136; x_wconf 83' lang='grc' dir='ltr'>πρὸς</span> <span class='ocrx_word' id='word_1_101' title='bbox 1577 1065 1636 1114; x_wconf 88' lang='grc' dir='ltr'>τὸ</span> 
     </span>
    </p>
   </div>
   <div class='ocr_carea' id='block_1_12' title="bbox 20 1152 1637 1226">
    <p class='ocr_par' dir='ltr' id='par_1_12' title="bbox 20 1152 1637 1226">
     <span class='ocr_line' id='line_1_12' title="bbox 20 1152 1637 1226; baseline 0 -24"><span class='ocrx_word' id='word_1_102' title='bbox 20 1159 58 1203; x_wconf 89' lang='grc' dir='ltr'>Β</span> <span class='ocrx_word' id='word_1_103' title='bbox 89 1158 192 1204; x_wconf 85' lang='grc' dir='ltr'>καὶ</span> <span class='ocrx_word' id='word_1_104' title='bbox 249 1172 305 1204; x_wconf 91' lang='grc' dir='ltr'>το</span> <span class='ocrx_word' id='word_1_105' title='bbox 339 1156 530 1226; x_wconf 84' lang='grc' dir='ltr'>Χπρὸς</span> <span class='ocrx_word' id='word_1_106' title='bbox 584 1156 642 1204; x_wconf 90' lang='grc' dir='ltr'>τὸ</span> <span class='ocrx_word' id='word_1_107' title='bbox 697 1159 734 1204; x_wconf 90' lang='grc' dir='ltr'><strong>Β</strong></span> <span class='ocrx_word' id='word_1_108' title='bbox 785 1161 884 1204; x_wconf 81' lang='grc' dir='ltr'>τῶν</span> <span class='ocrx_word' id='word_1_109' title='bbox 950 1155 1050 1224; x_wconf 74' lang='grc' dir='ltr'>γὰρ</span> <span class='ocrx_word' id='word_1_110' title='bbox 1119 1152 1368 1224; x_wconf 79' lang='grc' dir='ltr'>ἑκατέρων</span> <span class='ocrx_word' id='word_1_111' title='bbox 1433 1156 1637 1223; x_wconf 80' lang='grc' dir='ltr'>κέντρον</span> 
     </span>
    </p>
   </div>
   <div class='ocr_carea' id='block_1_13' title="bbox 20 1241 1636 1316">
    <p class='ocr_par' dir='ltr' id='par_1_13' title="bbox 20 1241 1636 1316">
     <span class='ocr_line' id='line_1_13' title="bbox 20 1241 1636 1316; baseline 0 -24"><span class='ocrx_word' id='word_1_112' title='bbox 20 1246 152 1292; x_wconf 87' lang='lat' dir='ltr'><strong>16B</strong></span> <span class='ocrx_word' id='word_1_113' title='bbox 198 1244 268 1304; x_wconf 83' lang='grc' dir='ltr'>ὡς</span> <span class='ocrx_word' id='word_1_114' title='bbox 307 1247 396 1293; x_wconf 83' lang='grc' dir='ltr'>καὶ</span> <span class='ocrx_word' id='word_1_115' title='bbox 453 1249 550 1292; x_wconf 85' lang='grc' dir='ltr'>τῶν</span> <span class='ocrx_word' id='word_1_116' title='bbox 606 1248 645 1294; x_wconf 70' lang='grc' dir='ltr'>Α</span> <span class='ocrx_word' id='word_1_117' title='bbox 705 1249 741 1294; x_wconf 93' lang='grc' dir='ltr'><strong>Β</strong></span> <span class='ocrx_word' id='word_1_118' title='bbox 795 1247 1000 1316; x_wconf 78' lang='grc' dir='ltr'>κέντρον</span> <span class='ocrx_word' id='word_1_119' title='bbox 1056 1246 1115 1296; x_wconf 89' lang='lat'>16</span> <span class='ocrx_word' id='word_1_120' title='bbox 1166 1249 1212 1294; x_wconf 87' lang='grc' dir='ltr'><strong>Ν</strong></span> <span class='ocrx_word' id='word_1_121' title='bbox 1261 1241 1387 1293; x_wconf 81' lang='grc' dir='ltr'>ἀλλὰ</span> <span class='ocrx_word' id='word_1_122' title='bbox 1443 1247 1530 1292; x_wconf 83' lang='grc' dir='ltr'>καὶ</span> <span class='ocrx_word' id='word_1_123' title='bbox 1579 1245 1636 1293; x_wconf 89' lang='lat'>1&#39;6</span> 
     </span>
    </p>
   </div>
   <div class='ocr_carea' id='block_1_14' title="bbox 20 1330 1640 1404">
    <p class='ocr_par' dir='ltr' id='par_1_14' title="bbox 20 1330 1640 1404">
     <span class='ocr_line' id='line_1_14' title="bbox 20 1330 1640 1404; baseline -0.001 -21"><span class='ocrx_word' id='word_1_124' title='bbox 20 1339 60 1383; x_wconf 88' lang='lat' dir='ltr'><strong>P</strong></span> <span class='ocrx_word' id='word_1_125' title='bbox 101 1338 140 1382; x_wconf 89' lang='grc' dir='ltr'>Β</span> <span class='ocrx_word' id='word_1_126' title='bbox 173 1337 194 1383; x_wconf 83' lang='grc' dir='ltr'>Ι</span> <span class='ocrx_word' id='word_1_127' title='bbox 230 1338 287 1391; x_wconf 83' lang='grc' dir='ltr'>Β,</span> <span class='ocrx_word' id='word_1_128' title='bbox 337 1330 426 1382; x_wconf 84' lang='grc' dir='ltr'>ἷσά</span> <span class='ocrx_word' id='word_1_129' title='bbox 465 1330 576 1382; x_wconf 76' lang='grc' dir='ltr'>ἐστι</span> <span class='ocrx_word' id='word_1_130' title='bbox 621 1338 731 1392; x_wconf 89' lang='grc' dir='ltr'>τοίς</span> <span class='ocrx_word' id='word_1_131' title='bbox 781 1338 825 1383; x_wconf 87' lang='grc' dir='ltr'><strong>Ν</strong></span> <span class='ocrx_word' id='word_1_132' title='bbox 878 1338 912 1383; x_wconf 89' lang='grc' dir='ltr'><strong>Β</strong></span> <span class='ocrx_word' id='word_1_133' title='bbox 965 1339 1006 1384; x_wconf 90' lang='grc' dir='ltr'>Χ</span> <span class='ocrx_word' id='word_1_134' title='bbox 1072 1338 1109 1383; x_wconf 92' lang='grc' dir='ltr'><strong>Β</strong></span> <span class='ocrx_word' id='word_1_135' title='bbox 1142 1352 1153 1364; x_wconf 68' lang='grc' dir='ltr'><strong>θ</strong></span> <span class='ocrx_word' id='word_1_136' title='bbox 1207 1336 1410 1404; x_wconf 80' lang='grc' dir='ltr'>κέντρον</span> <span class='ocrx_word' id='word_1_137' title='bbox 1474 1335 1640 1382; x_wconf 87' lang='grc' dir='ltr'>κοινὸι</span> 
     </span>
    </p>
   </div>
   <div class='ocr_carea' id='block_1_15' title="bbox 20 1417 1635 1494">
    <p class='ocr_par' dir='ltr' id='par_1_15' title="bbox 20 1417 1635 1494">
     <span class='ocr_line' id='line_1_15' title="bbox 20 1417 1635 1494; baseline 0.001 -24"><span class='ocrx_word' id='word_1_138' title='bbox 20 1423 134 1493; x_wconf 79' lang='grc' dir='ltr'>γάρ</span> <span class='ocrx_word' id='word_1_139' title='bbox 169 1424 232 1472; x_wconf 86' lang='lat'>16</span> <span class='ocrx_word' id='word_1_140' title='bbox 261 1427 314 1474; x_wconf 89' lang='grc' dir='ltr'><strong>Β.</strong></span> <span class='ocrx_word' id='word_1_141' title='bbox 346 1420 403 1472; x_wconf 78' lang='grc' dir='ltr'><strong><em>Ἠ</em></strong></span> <span class='ocrx_word' id='word_1_142' title='bbox 432 1419 536 1494; x_wconf 84' lang='grc' dir='ltr'>ἆρα</span> <span class='ocrx_word' id='word_1_143' title='bbox 564 1427 600 1472; x_wconf 85' lang='grc' dir='ltr'>Ρ</span> <span class='ocrx_word' id='word_1_144' title='bbox 629 1417 906 1494; x_wconf 79' lang='grc' dir='ltr'>διάμετρος</span> <span class='ocrx_word' id='word_1_145' title='bbox 959 1429 1051 1472; x_wconf 81' lang='grc' dir='ltr'>τού</span> <span class='ocrx_word' id='word_1_146' title='bbox 1105 1429 1136 1472; x_wconf 89' lang='grc' dir='ltr'>Σ</span> <span class='ocrx_word' id='word_1_147' title='bbox 1200 1427 1243 1474; x_wconf 89' lang='grc' dir='ltr'><strong>Λ</strong></span> <span class='ocrx_word' id='word_1_148' title='bbox 1301 1420 1491 1471; x_wconf 90' lang='grc' dir='ltr'>κύκλου</span> <span class='ocrx_word' id='word_1_149' title='bbox 1547 1421 1635 1477; x_wconf 88' lang='grc' dir='ltr'>ἱση</span> 
     </span>
    </p>
   </div>
   <div class='ocr_carea' id='block_1_16' title="bbox 19 1505 1638 1584">
    <p class='ocr_par' dir='ltr' id='par_1_16' title="bbox 19 1505 1638 1584">
     <span class='ocr_line' id='line_1_16' title="bbox 19 1505 1638 1584; baseline 0.001 -25"><span class='ocrx_word' id='word_1_150' title='bbox 19 1507 146 1560; x_wconf 81' lang='grc' dir='ltr'>ἐστὶ</span> <span class='ocrx_word' id='word_1_151' title='bbox 188 1517 252 1581; x_wconf 75' lang='grc' dir='ltr'>τῇ</span> <span class='ocrx_word' id='word_1_152' title='bbox 286 1517 335 1563; x_wconf 83' lang='lat' dir='ltr'><strong>X</strong></span> <span class='ocrx_word' id='word_1_153' title='bbox 364 1515 409 1562; x_wconf 88' lang='lat' dir='ltr'><strong>N</strong></span> <span class='ocrx_word' id='word_1_154' title='bbox 439 1509 600 1561; x_wconf 82' lang='grc' dir='ltr'>αύτού</span> <span class='ocrx_word' id='word_1_155' title='bbox 632 1505 915 1584; x_wconf 78' lang='grc' dir='ltr'>διαμέτρῳ·</span> <span class='ocrx_word' id='word_1_156' title='bbox 969 1507 1035 1561; x_wconf 83' lang='grc' dir='ltr'>ὧν</span> <span class='ocrx_word' id='word_1_157' title='bbox 1089 1511 1188 1584; x_wconf 72' lang='grc' dir='ltr'>γάρ</span> <span class='ocrx_word' id='word_1_158' title='bbox 1236 1506 1349 1561; x_wconf 86' lang='grc' dir='ltr'>ἶσαι</span> <span class='ocrx_word' id='word_1_159' title='bbox 1398 1511 1463 1560; x_wconf 86' lang='grc' dir='ltr'>τά</span> <span class='ocrx_word' id='word_1_160' title='bbox 1515 1510 1638 1581; x_wconf 83' lang='grc' dir='ltr'>ἠμί-</span> 
     </span>
    </p>
   </div>
   <div class='ocr_carea' id='block_1_17' title="bbox 20 1594 1637 1668">
    <p class='ocr_par' dir='ltr' id='par_1_17' title="bbox 20 1594 1637 1668">
     <span class='ocr_line' id='line_1_17' title="bbox 20 1594 1637 1668; baseline 0 -19"><span class='ocrx_word' id='word_1_161' title='bbox 20 1617 144 1664; x_wconf 84' lang='grc' dir='ltr'>σεα,</span> <span class='ocrx_word' id='word_1_162' title='bbox 207 1604 298 1650; x_wconf 87' lang='grc' dir='ltr'>καὶ</span> <span class='ocrx_word' id='word_1_163' title='bbox 327 1600 390 1650; x_wconf 91' lang='grc' dir='ltr'>τά</span> <span class='ocrx_word' id='word_1_164' title='bbox 436 1596 528 1650; x_wconf 83' lang='grc' dir='ltr'>ὅλα</span> <span class='ocrx_word' id='word_1_165' title='bbox 554 1594 646 1650; x_wconf 82' lang='grc' dir='ltr'>ἷσά</span> <span class='ocrx_word' id='word_1_166' title='bbox 695 1597 823 1659; x_wconf 82' lang='grc' dir='ltr'>ἐστι,</span> <span class='ocrx_word' id='word_1_167' title='bbox 853 1601 985 1649; x_wconf 88' lang='grc' dir='ltr'>κατά</span> <span class='ocrx_word' id='word_1_168' title='bbox 1014 1603 1101 1649; x_wconf 81' lang='grc' dir='ltr'>τὸν</span> <span class='ocrx_word' id='word_1_169' title='bbox 1155 1598 1312 1650; x_wconf 70' lang='grc' dir='ltr'>αὐτὸν</span> <span class='ocrx_word' id='word_1_170' title='bbox 1359 1597 1525 1668; x_wconf 77' lang='grc' dir='ltr'>λόγον·</span> <span class='ocrx_word' id='word_1_171' title='bbox 1569 1600 1637 1658; x_wconf 85' lang='grc' dir='ltr'>ὡς</span> 
     </span>
    </p>
   </div>
   <div class='ocr_carea' id='block_1_18' title="bbox 19 1685 1632 1760">
    <p class='ocr_par' dir='ltr' id='par_1_18' title="bbox 19 1685 1632 1760">
     <span class='ocr_line' id='line_1_18' title="bbox 19 1685 1632 1760; baseline 0.001 -25"><span class='ocrx_word' id='word_1_172' title='bbox 19 1685 126 1757; x_wconf 72' lang='grc' dir='ltr'>ἆρα</span> <span class='ocrx_word' id='word_1_173' title='bbox 159 1691 222 1738; x_wconf 89' lang='lat'>16</span> <span class='ocrx_word' id='word_1_174' title='bbox 250 1694 295 1739; x_wconf 88' lang='lat' dir='ltr'><strong>N</strong></span> <span class='ocrx_word' id='word_1_175' title='bbox 333 1690 461 1759; x_wconf 89' lang='grc' dir='ltr'>πρὸς</span> <span class='ocrx_word' id='word_1_176' title='bbox 489 1691 545 1739; x_wconf 85' lang='grc' dir='ltr'>τὸ</span> <span class='ocrx_word' id='word_1_177' title='bbox 600 1692 619 1739; x_wconf 89' lang='grc' dir='ltr'><strong>Ι</strong></span> <span class='ocrx_word' id='word_1_178' title='bbox 664 1691 753 1739; x_wconf 87' lang='lat' dir='ltr'>xui</span> <span class='ocrx_word' id='word_1_179' title='bbox 807 1689 866 1738; x_wconf 82' lang='lat'>16</span> <span class='ocrx_word' id='word_1_180' title='bbox 911 1693 957 1740; x_wconf 82' lang='grc' dir='ltr'><strong><em>Ψ</em></strong></span> <span class='ocrx_word' id='word_1_181' title='bbox 1002 1690 1130 1758; x_wconf 82' lang='grc' dir='ltr'>πρὸς</span> <span class='ocrx_word' id='word_1_182' title='bbox 1177 1690 1233 1739; x_wconf 85' lang='grc' dir='ltr'>τὸ</span> <span class='ocrx_word' id='word_1_183' title='bbox 1285 1693 1323 1740; x_wconf 87' lang='grc'>1·</span> <span class='ocrx_word' id='word_1_184' title='bbox 1380 1697 1479 1738; x_wconf 81' lang='grc' dir='ltr'>τών</span> <span class='ocrx_word' id='word_1_185' title='bbox 1533 1689 1632 1760; x_wconf 75' lang='grc' dir='ltr'>γάρ</span> 
     </span>
    </p>
   </div>
   <div class='ocr_carea' id='block_1_19' title="bbox 19 1776 1632 1850">
    <p class='ocr_par' dir='ltr' id='par_1_19' title="bbox 19 1776 1632 1850">
     <span class='ocr_line' id='line_1_19' title="bbox 19 1776 1632 1850; baseline 0.001 -24"><span class='ocrx_word' id='word_1_186' title='bbox 19 1778 280 1847; x_wconf 75' lang='grc' dir='ltr'>ἵκατέρων</span> <span class='ocrx_word' id='word_1_187' title='bbox 331 1781 537 1850; x_wconf 78' lang='grc' dir='ltr'>κέντρον</span> <span class='ocrx_word' id='word_1_188' title='bbox 567 1779 626 1826; x_wconf 83' lang='grc' dir='ltr'>τὸ</span> <span class='ocrx_word' id='word_1_189' title='bbox 670 1781 690 1827; x_wconf 88' lang='grc' dir='ltr'>Ι</span> <span class='ocrx_word' id='word_1_190' title='bbox 745 1776 811 1835; x_wconf 84' lang='grc' dir='ltr'>ὡς</span> <span class='ocrx_word' id='word_1_191' title='bbox 863 1779 952 1827; x_wconf 81' lang='grc' dir='ltr'>καὶ</span> <span class='ocrx_word' id='word_1_192' title='bbox 1011 1783 1108 1826; x_wconf 82' lang='grc' dir='ltr'>τῶν</span> <span class='ocrx_word' id='word_1_193' title='bbox 1141 1781 1226 1828; x_wconf 83' lang='grc' dir='ltr'>ΔΙ</span> <span class='ocrx_word' id='word_1_194' title='bbox 1269 1779 1473 1848; x_wconf 80' lang='grc' dir='ltr'>κέντρον</span> <span class='ocrx_word' id='word_1_195' title='bbox 1499 1777 1558 1826; x_wconf 87' lang='grc' dir='ltr'>τὸ</span> <span class='ocrx_word' id='word_1_196' title='bbox 1587 1781 1632 1828; x_wconf 88' lang='grc' dir='ltr'><strong>Ν</strong></span> 
     </span>
    </p>
   </div>
   <div class='ocr_carea' id='block_1_20' title="bbox 19 1862 1631 1938">
    <p class='ocr_par' dir='ltr' id='par_1_20' title="bbox 19 1862 1631 1938">
     <span class='ocr_line' id='line_1_20' title="bbox 19 1862 1631 1938; baseline 0 -24"><span class='ocrx_word' id='word_1_197' title='bbox 19 1862 150 1915; x_wconf 56' lang='lat' dir='ltr'><strong><em>illi</em></strong></span> <span class='ocrx_word' id='word_1_198' title='bbox 183 1870 276 1916; x_wconf 86' lang='lat' dir='ltr'>xui</span> <span class='ocrx_word' id='word_1_199' title='bbox 305 1863 362 1916; x_wconf 88' lang='lat'>16</span> <span class='ocrx_word' id='word_1_200' title='bbox 389 1869 472 1916; x_wconf 86' lang='lat' dir='ltr'>BI</span> <span class='ocrx_word' id='word_1_201' title='bbox 509 1869 597 1917; x_wconf 69' lang='grc' dir='ltr'>ΦΙ</span> <span class='ocrx_word' id='word_1_202' title='bbox 637 1862 728 1915; x_wconf 82' lang='grc' dir='ltr'>ἶσά</span> <span class='ocrx_word' id='word_1_203' title='bbox 789 1863 904 1916; x_wconf 84' lang='grc' dir='ltr'>ἐστι</span> <span class='ocrx_word' id='word_1_204' title='bbox 948 1871 1051 1923; x_wconf 82' lang='grc' dir='ltr'>τοῖς</span> <span class='ocrx_word' id='word_1_205' title='bbox 1095 1870 1141 1915; x_wconf 88' lang='grc' dir='ltr'>Ν</span> <span class='ocrx_word' id='word_1_206' title='bbox 1191 1870 1209 1917; x_wconf 92' lang='lat' dir='ltr'>l</span> <span class='ocrx_word' id='word_1_207' title='bbox 1268 1870 1312 1918; x_wconf 82' lang='grc' dir='ltr'><strong>Ψ</strong></span> <span class='ocrx_word' id='word_1_208' title='bbox 1352 1869 1370 1916; x_wconf 91' lang='grc' dir='ltr'><strong>Ι</strong></span> <span class='ocrx_word' id='word_1_209' title='bbox 1429 1867 1631 1938; x_wconf 78' lang='grc' dir='ltr'>κέντρον</span> 
     </span>
    </p>
   </div>
   <div class='ocr_carea' id='block_1_21' title="bbox 19 1949 1631 2027">
    <p class='ocr_par' dir='ltr' id='par_1_21' title="bbox 19 1949 1631 2027">
     <span class='ocr_line' id='line_1_21' title="bbox 19 1949 1631 2027; baseline -0.001 -23"><span class='ocrx_word' id='word_1_210' title='bbox 19 1957 192 2005; x_wconf 76' lang='grc' dir='ltr'>ιοινόν</span> <span class='ocrx_word' id='word_1_211' title='bbox 223 1955 324 2027; x_wconf 73' lang='grc' dir='ltr'>γάρ</span> <span class='ocrx_word' id='word_1_212' title='bbox 356 1955 415 2004; x_wconf 88' lang='lat'>16</span> <span class='ocrx_word' id='word_1_213' title='bbox 444 1958 464 2006; x_wconf 91' lang='grc' dir='ltr'>Ι</span> <span class='ocrx_word' id='word_1_214' title='bbox 498 1955 525 2011; x_wconf 78' lang='grc' dir='ltr'>ἡ</span> <span class='ocrx_word' id='word_1_215' title='bbox 562 1953 665 2026; x_wconf 81' lang='grc' dir='ltr'>ἄρα</span> <span class='ocrx_word' id='word_1_216' title='bbox 696 1959 732 2004; x_wconf 88' lang='grc' dir='ltr'><strong>Β</strong></span> <span class='ocrx_word' id='word_1_217' title='bbox 800 1959 838 2005; x_wconf 77' lang='grc' dir='ltr'>Φ</span> <span class='ocrx_word' id='word_1_218' title='bbox 892 1949 1174 2024; x_wconf 82' lang='grc' dir='ltr'>διάμετρος</span> <span class='ocrx_word' id='word_1_219' title='bbox 1224 1960 1314 2004; x_wconf 81' lang='grc' dir='ltr'>τοῦ</span> <span class='ocrx_word' id='word_1_220' title='bbox 1360 1959 1398 2004; x_wconf 93' lang='grc' dir='ltr'>Ζ</span> <span class='ocrx_word' id='word_1_221' title='bbox 1448 1959 1488 2004; x_wconf 88' lang='grc' dir='ltr'><strong>Τ</strong></span> <span class='ocrx_word' id='word_1_222' title='bbox 1541 1955 1631 2003; x_wconf 78' lang='grc' dir='ltr'>κύ-</span> 
     </span>
    </p>
   </div>
   <div class='ocr_carea' id='block_1_22' title="bbox 19 2038 1634 2115">
    <p class='ocr_par' dir='ltr' id='par_1_22' title="bbox 19 2038 1634 2115">
     <span class='ocr_line' id='line_1_22' title="bbox 19 2038 1634 2115; baseline 0.001 -22"><span class='ocrx_word' id='word_1_223' title='bbox 19 2043 165 2113; x_wconf 78' lang='grc' dir='ltr'>ιλου,</span> <span class='ocrx_word' id='word_1_224' title='bbox 206 2045 298 2100; x_wconf 69' lang='lat' dir='ltr'>itm</span> <span class='ocrx_word' id='word_1_225' title='bbox 330 2041 444 2094; x_wconf 78' lang='grc' dir='ltr'>ἐστὶ</span> <span class='ocrx_word' id='word_1_226' title='bbox 474 2049 536 2114; x_wconf 77' lang='grc' dir='ltr'>τῇ</span> <span class='ocrx_word' id='word_1_227' title='bbox 569 2049 615 2096; x_wconf 82' lang='grc' dir='ltr'><strong><em>Ψ</em></strong></span> <span class='ocrx_word' id='word_1_228' title='bbox 648 2049 692 2094; x_wconf 88' lang='grc' dir='ltr'><strong>Ν</strong></span> <span class='ocrx_word' id='word_1_229' title='bbox 723 2042 880 2094; x_wconf 75' lang='grc' dir='ltr'>αὐτοῦ</span> <span class='ocrx_word' id='word_1_230' title='bbox 923 2038 1209 2115; x_wconf 78' lang='grc' dir='ltr'>διαμέτρῳο</span> <span class='ocrx_word' id='word_1_231' title='bbox 1261 2039 1328 2093; x_wconf 84' lang='grc' dir='ltr'>ὧν</span> <span class='ocrx_word' id='word_1_232' title='bbox 1387 2044 1488 2115; x_wconf 77' lang='grc' dir='ltr'>γάρ</span> <span class='ocrx_word' id='word_1_233' title='bbox 1541 2040 1634 2094; x_wconf 84' lang='grc' dir='ltr'>ἶσα</span> 
     </span>
    </p>
   </div>
   <div class='ocr_carea' id='block_1_23' title="bbox 19 2126 1634 2204">
    <p class='ocr_par' dir='ltr' id='par_1_23' title="bbox 19 2126 1634 2204">
     <span class='ocr_line' id='line_1_23' title="bbox 19 2126 1634 2204; baseline 0.001 -22"><span class='ocrx_word' id='word_1_234' title='bbox 19 2134 78 2182; x_wconf 73' lang='grc' dir='ltr'>τά</span> <span class='ocrx_word' id='word_1_235' title='bbox 102 2133 329 2204; x_wconf 80' lang='grc' dir='ltr'>ἡμίσεα,</span> <span class='ocrx_word' id='word_1_236' title='bbox 362 2136 452 2184; x_wconf 85' lang='grc' dir='ltr'>καὶ</span> <span class='ocrx_word' id='word_1_237' title='bbox 517 2133 582 2183; x_wconf 90' lang='grc' dir='ltr'>τά</span> <span class='ocrx_word' id='word_1_238' title='bbox 649 2131 742 2182; x_wconf 83' lang='grc' dir='ltr'>ὅλα</span> <span class='ocrx_word' id='word_1_239' title='bbox 794 2129 886 2182; x_wconf 85' lang='grc' dir='ltr'>ἶσά</span> <span class='ocrx_word' id='word_1_240' title='bbox 943 2130 1100 2185; x_wconf 77' lang='grc' dir='ltr'>ἐστιν.</span> <span class='ocrx_word' id='word_1_241' title='bbox 1155 2130 1418 2191; x_wconf 82' lang='grc' dir='ltr'>Ὡσαύτως</span> <span class='ocrx_word' id='word_1_242' title='bbox 1463 2126 1522 2183; x_wconf 74' lang='grc' dir='ltr'>δὲ</span> <span class='ocrx_word' id='word_1_243' title='bbox 1565 2133 1634 2192; x_wconf 82' lang='grc' dir='ltr'>ὡς</span> 
     </span>
    </p>
   </div>
   <div class='ocr_carea' id='block_1_24' title="bbox 19 2219 1630 2295">
    <p class='ocr_par' dir='ltr' id='par_1_24' title="bbox 19 2219 1630 2295">
     <span class='ocr_line' id='line_1_24' title="bbox 19 2219 1630 2295; baseline 0 -23"><span class='ocrx_word' id='word_1_244' title='bbox 19 2227 71 2272; x_wconf 74' lang='grc' dir='ltr'>το</span> <span class='ocrx_word' id='word_1_245' title='bbox 95 2228 142 2272; x_wconf 89' lang='grc' dir='ltr'><strong>Ν</strong></span> <span class='ocrx_word' id='word_1_246' title='bbox 176 2223 310 2295; x_wconf 86' lang='grc' dir='ltr'>πρὸς</span> <span class='ocrx_word' id='word_1_247' title='bbox 338 2224 394 2272; x_wconf 89' lang='grc' dir='ltr'>τὸ</span> <span class='ocrx_word' id='word_1_248' title='bbox 426 2228 466 2273; x_wconf 98' lang='grc' dir='ltr'>Υ</span> <span class='ocrx_word' id='word_1_249' title='bbox 496 2225 586 2272; x_wconf 87' lang='grc' dir='ltr'>καὶ</span> <span class='ocrx_word' id='word_1_250' title='bbox 616 2223 675 2272; x_wconf 87' lang='grc' dir='ltr'>τὸ</span> <span class='ocrx_word' id='word_1_251' title='bbox 702 2227 750 2271; x_wconf 86' lang='grc' dir='ltr'>Ω.</span> <span class='ocrx_word' id='word_1_252' title='bbox 778 2223 908 2294; x_wconf 85' lang='grc' dir='ltr'>πρὸς</span> <span class='ocrx_word' id='word_1_253' title='bbox 961 2223 1020 2272; x_wconf 88' lang='grc' dir='ltr'>τὸ</span> <span class='ocrx_word' id='word_1_254' title='bbox 1067 2227 1106 2272; x_wconf 90' lang='grc' dir='ltr'>Υ</span> <span class='ocrx_word' id='word_1_255' title='bbox 1159 2228 1260 2271; x_wconf 88' lang='grc' dir='ltr'>τῶν</span> <span class='ocrx_word' id='word_1_256' title='bbox 1301 2222 1403 2293; x_wconf 71' lang='grc' dir='ltr'>γάρ</span> <span class='ocrx_word' id='word_1_257' title='bbox 1456 2219 1630 2272; x_wconf 76' lang='grc' dir='ltr'>ἑκατέ-</span> 
     </span>
    </p>
   </div>
   <div class='ocr_carea' id='block_1_25' title="bbox 19 2311 1630 2382">
    <p class='ocr_par' dir='ltr' id='par_1_25' title="bbox 19 2311 1630 2382">
     <span class='ocr_line' id='line_1_25' title="bbox 19 2311 1630 2382; baseline 0.002 -22"><span class='ocrx_word' id='word_1_258' title='bbox 19 2329 120 2382; x_wconf 88' lang='grc' dir='ltr'>ρων</span> <span class='ocrx_word' id='word_1_259' title='bbox 150 2313 362 2381; x_wconf 78' lang='grc' dir='ltr'>κέντρον</span> <span class='ocrx_word' id='word_1_260' title='bbox 387 2311 445 2360; x_wconf 89' lang='grc' dir='ltr'><strong>τό</strong></span> <span class='ocrx_word' id='word_1_261' title='bbox 500 2315 540 2361; x_wconf 91' lang='grc' dir='ltr'>Υ</span> <span class='ocrx_word' id='word_1_262' title='bbox 593 2311 657 2370; x_wconf 84' lang='grc' dir='ltr'>ὡς</span> <span class='ocrx_word' id='word_1_263' title='bbox 699 2312 789 2360; x_wconf 79' lang='grc' dir='ltr'>καὶ</span> <span class='ocrx_word' id='word_1_264' title='bbox 839 2315 931 2360; x_wconf 78' lang='grc' dir='ltr'>τοῦ</span> <span class='ocrx_word' id='word_1_265' title='bbox 991 2317 1030 2360; x_wconf 86' lang='grc' dir='ltr'>Υ</span> <span class='ocrx_word' id='word_1_266' title='bbox 1097 2315 1142 2362; x_wconf 84' lang='grc' dir='ltr'>Ψ</span> <span class='ocrx_word' id='word_1_267' title='bbox 1197 2311 1401 2380; x_wconf 86' lang='grc' dir='ltr'>κέντρον</span> <span class='ocrx_word' id='word_1_268' title='bbox 1455 2312 1513 2360; x_wconf 87' lang='grc' dir='ltr'>τὸ</span> <span class='ocrx_word' id='word_1_269' title='bbox 1561 2315 1630 2363; x_wconf 89' lang='grc' dir='ltr'><strong>Ν.</strong></span> 
     </span>
    </p>
   </div>
   <div class='ocr_carea' id='block_1_26' title="bbox 20 2394 1628 2458">
    <p class='ocr_par' dir='ltr' id='par_1_26' title="bbox 20 2394 1628 2458">
     <span class='ocr_line' id='line_1_26' title="bbox 20 2394 1628 2458; baseline -0.002 -8"><span class='ocrx_word' id='word_1_270' title='bbox 20 2396 184 2450; x_wconf 84' lang='grc' dir='ltr'>Ἀλλά</span> <span class='ocrx_word' id='word_1_271' title='bbox 215 2401 306 2449; x_wconf 82' lang='grc' dir='ltr'>καὶ</span> <span class='ocrx_word' id='word_1_272' title='bbox 338 2399 396 2448; x_wconf 90' lang='grc' dir='ltr'>τὸ</span> <span class='ocrx_word' id='word_1_273' title='bbox 421 2403 459 2448; x_wconf 87' lang='grc' dir='ltr'><strong>Α</strong></span> <span class='ocrx_word' id='word_1_274' title='bbox 495 2404 533 2450; x_wconf 89' lang='grc' dir='ltr'>Υ</span> <span class='ocrx_word' id='word_1_275' title='bbox 563 2402 645 2449; x_wconf 83' lang='grc' dir='ltr'>ΦΥ</span> <span class='ocrx_word' id='word_1_276' title='bbox 673 2397 767 2448; x_wconf 85' lang='grc' dir='ltr'>ἴσά</span> <span class='ocrx_word' id='word_1_277' title='bbox 789 2394 903 2448; x_wconf 73' lang='grc' dir='ltr'>ἐστι</span> <span class='ocrx_word' id='word_1_278' title='bbox 932 2403 1042 2458; x_wconf 87' lang='grc' dir='ltr'>τοῖς</span> <span class='ocrx_word' id='word_1_279' title='bbox 1098 2402 1142 2449; x_wconf 93' lang='grc' dir='ltr'>Ν</span> <span class='ocrx_word' id='word_1_280' title='bbox 1205 2404 1244 2448; x_wconf 94' lang='grc' dir='ltr'>Υ</span> <span class='ocrx_word' id='word_1_281' title='bbox 1308 2403 1355 2448; x_wconf 91' lang='grc' dir='ltr'>Ω</span> <span class='ocrx_word' id='word_1_282' title='bbox 1408 2404 1465 2448; x_wconf 93' lang='grc' dir='ltr'>Υ·</span> <span class='ocrx_word' id='word_1_283' title='bbox 1523 2401 1628 2448; x_wconf 74' lang='grc' dir='ltr'>γέν-</span> 
     </span>
    </p>
   </div>
   <div class='ocr_carea' id='block_1_27' title="bbox 19 2481 1632 2560">
    <p class='ocr_par' dir='ltr' id='par_1_27' title="bbox 19 2481 1632 2560">
     <span class='ocr_line' id='line_1_27' title="bbox 19 2481 1632 2560; baseline 0.001 -24"><span class='ocrx_word' id='word_1_284' title='bbox 19 2504 144 2560; x_wconf 91' lang='grc' dir='ltr'>τρον</span> <span class='ocrx_word' id='word_1_285' title='bbox 180 2488 350 2537; x_wconf 86' lang='grc' dir='ltr'>κοινὸν</span> <span class='ocrx_word' id='word_1_286' title='bbox 394 2488 496 2559; x_wconf 79' lang='grc' dir='ltr'>’γὰρ</span> <span class='ocrx_word' id='word_1_287' title='bbox 548 2489 606 2536; x_wconf 86' lang='grc' dir='ltr'>τὸ</span> <span class='ocrx_word' id='word_1_288' title='bbox 656 2493 716 2541; x_wconf 92' lang='grc' dir='ltr'>Υ,</span> <span class='ocrx_word' id='word_1_289' title='bbox 776 2483 834 2536; x_wconf 75' lang='grc' dir='ltr'><strong><em>Ἠ</em></strong></span> <span class='ocrx_word' id='word_1_290' title='bbox 884 2483 988 2557; x_wconf 83' lang='grc' dir='ltr'>ἆρα</span> <span class='ocrx_word' id='word_1_291' title='bbox 1044 2488 1091 2537; x_wconf 85' lang='grc' dir='ltr'>Α</span> <span class='ocrx_word' id='word_1_292' title='bbox 1133 2491 1171 2537; x_wconf 78' lang='grc' dir='ltr'>Φ</span> <span class='ocrx_word' id='word_1_293' title='bbox 1224 2481 1504 2558; x_wconf 76' lang='grc' dir='ltr'>διάμετρος</span> <span class='ocrx_word' id='word_1_294' title='bbox 1541 2493 1632 2537; x_wconf 84' lang='grc' dir='ltr'>τοῦ</span> 
     </span>
    </p>
   </div>
   <div class='ocr_carea' id='block_1_28' title="bbox 19 2570 1632 2648">
    <p class='ocr_par' dir='ltr' id='par_1_28' title="bbox 19 2570 1632 2648">
     <span class='ocr_line' id='line_1_28' title="bbox 19 2570 1632 2648; baseline -0.002 -21"><span class='ocrx_word' id='word_1_295' title='bbox 19 2578 58 2627; x_wconf 89' lang='grc' dir='ltr'><strong>Ξ</strong></span> <span class='ocrx_word' id='word_1_296' title='bbox 92 2581 132 2627; x_wconf 80' lang='grc' dir='ltr'>Κ</span> <span class='ocrx_word' id='word_1_297' title='bbox 167 2573 384 2636; x_wconf 86' lang='grc' dir='ltr'>κύκλου,</span> <span class='ocrx_word' id='word_1_298' title='bbox 416 2576 502 2631; x_wconf 87' lang='grc' dir='ltr'>ἱση</span> <span class='ocrx_word' id='word_1_299' title='bbox 546 2572 657 2626; x_wconf 74' lang='grc' dir='ltr'>ἐστὶ</span> <span class='ocrx_word' id='word_1_300' title='bbox 705 2581 768 2645; x_wconf 74' lang='grc' dir='ltr'>τῇ</span> <span class='ocrx_word' id='word_1_301' title='bbox 827 2581 874 2624; x_wconf 83' lang='grc' dir='ltr'>Ω.</span> <span class='ocrx_word' id='word_1_302' title='bbox 921 2580 967 2626; x_wconf 92' lang='grc' dir='ltr'>Ν</span> <span class='ocrx_word' id='word_1_303' title='bbox 1017 2573 1173 2625; x_wconf 83' lang='grc' dir='ltr'>αύτοῡ</span> <span class='ocrx_word' id='word_1_304' title='bbox 1229 2570 1513 2648; x_wconf 79' lang='grc' dir='ltr'>διαμέτρῳο</span> <span class='ocrx_word' id='word_1_305' title='bbox 1565 2575 1632 2624; x_wconf 86' lang='grc' dir='ltr'>ὧν</span> 
     </span>
    </p>
   </div>
   <div class='ocr_carea' id='block_1_29' title="bbox 19 2659 1631 2735">
    <p class='ocr_par' dir='ltr' id='par_1_29' title="bbox 19 2659 1631 2735">
     <span class='ocr_line' id='line_1_29' title="bbox 19 2659 1631 2735; baseline -0.001 -20"><span class='ocrx_word' id='word_1_306' title='bbox 19 2665 124 2735; x_wconf 79' lang='grc' dir='ltr'>γάρ</span> <span class='ocrx_word' id='word_1_307' title='bbox 147 2665 221 2715; x_wconf 84' lang='grc' dir='ltr'>τά</span> <span class='ocrx_word' id='word_1_308' title='bbox 250 2664 444 2735; x_wconf 73' lang='grc' dir='ltr'>ἡμίσεα</span> <span class='ocrx_word' id='word_1_309' title='bbox 474 2659 586 2729; x_wconf 83' lang='grc' dir='ltr'>ἶσα,</span> <span class='ocrx_word' id='word_1_310' title='bbox 607 2667 698 2715; x_wconf 85' lang='grc' dir='ltr'>καὶ</span> <span class='ocrx_word' id='word_1_311' title='bbox 762 2664 824 2714; x_wconf 88' lang='grc' dir='ltr'>τά</span> <span class='ocrx_word' id='word_1_312' title='bbox 875 2661 968 2713; x_wconf 82' lang='grc' dir='ltr'>ὅλα</span> <span class='ocrx_word' id='word_1_313' title='bbox 1017 2659 1110 2714; x_wconf 86' lang='grc' dir='ltr'>ἶσά</span> <span class='ocrx_word' id='word_1_314' title='bbox 1162 2660 1296 2728; x_wconf 80' lang='grc' dir='ltr'>ἐστι,</span> <span class='ocrx_word' id='word_1_315' title='bbox 1352 2664 1485 2713; x_wconf 82' lang='grc' dir='ltr'>κατά</span> <span class='ocrx_word' id='word_1_316' title='bbox 1543 2665 1631 2714; x_wconf 90' lang='grc' dir='ltr'>τὸν</span> 
     </span>
    </p>
   </div>
   <div class='ocr_carea' id='block_1_30' title="bbox 19 2750 1633 2824">
    <p class='ocr_par' dir='ltr' id='par_1_30' title="bbox 19 2750 1633 2824">
     <span class='ocr_line' id='line_1_30' title="bbox 19 2750 1633 2824; baseline 0 -20"><span class='ocrx_word' id='word_1_317' title='bbox 19 2752 184 2804; x_wconf 81' lang='grc' dir='ltr'>αὐτὸν</span> <span class='ocrx_word' id='word_1_318' title='bbox 209 2750 382 2823; x_wconf 69' lang='grc' dir='ltr'>λόγον’</span> <span class='ocrx_word' id='word_1_319' title='bbox 415 2751 502 2814; x_wconf 79' lang='grc' dir='ltr'>Ὠς</span> <span class='ocrx_word' id='word_1_320' title='bbox 530 2750 710 2824; x_wconf 77' lang='grc' dir='ltr'>ἄρατὸ</span> <span class='ocrx_word' id='word_1_321' title='bbox 735 2758 777 2804; x_wconf 91' lang='grc' dir='ltr'>Υ</span> <span class='ocrx_word' id='word_1_322' title='bbox 803 2754 933 2823; x_wconf 85' lang='grc' dir='ltr'>πρὸς</span> <span class='ocrx_word' id='word_1_323' title='bbox 961 2754 1018 2803; x_wconf 88' lang='grc' dir='ltr'>τὸ</span> <span class='ocrx_word' id='word_1_324' title='bbox 1077 2755 1122 2806; x_wconf 82' lang='grc' dir='ltr'><strong>Α</strong></span> <span class='ocrx_word' id='word_1_325' title='bbox 1175 2755 1263 2803; x_wconf 79' lang='grc' dir='ltr'>καὶ</span> <span class='ocrx_word' id='word_1_326' title='bbox 1319 2754 1378 2802; x_wconf 84' lang='grc' dir='ltr'>τό</span> <span class='ocrx_word' id='word_1_327' title='bbox 1433 2757 1470 2804; x_wconf 81' lang='grc' dir='ltr'>Ε</span> <span class='ocrx_word' id='word_1_328' title='bbox 1506 2755 1633 2820; x_wconf 83' lang='grc' dir='ltr'>πρὸς</span> 
     </span>
    </p>
   </div>
   <div class='ocr_carea' id='block_1_31' title="bbox 19 2840 1631 2915">
    <p class='ocr_par' dir='ltr' id='par_1_31' title="bbox 19 2840 1631 2915">
     <span class='ocr_line' id='line_1_31' title="bbox 19 2840 1631 2915; baseline 0 -23"><span class='ocrx_word' id='word_1_329' title='bbox 19 2845 80 2892; x_wconf 88' lang='grc' dir='ltr'>τὸ</span> <span class='ocrx_word' id='word_1_330' title='bbox 112 2848 155 2894; x_wconf 81' lang='grc' dir='ltr'><strong>Α</strong></span> <span class='ocrx_word' id='word_1_331' title='bbox 186 2848 292 2893; x_wconf 84' lang='grc' dir='ltr'>τῶν</span> <span class='ocrx_word' id='word_1_332' title='bbox 333 2843 437 2915; x_wconf 76' lang='grc' dir='ltr'>γὰρ</span> <span class='ocrx_word' id='word_1_333' title='bbox 485 2840 734 2914; x_wconf 73' lang='grc' dir='ltr'>ἑκατέρων</span> <span class='ocrx_word' id='word_1_334' title='bbox 785 2844 991 2914; x_wconf 84' lang='grc' dir='ltr'>κέντρον</span> <span class='ocrx_word' id='word_1_335' title='bbox 1037 2843 1097 2892; x_wconf 88' lang='grc' dir='ltr'>τὸ</span> <span class='ocrx_word' id='word_1_336' title='bbox 1152 2845 1191 2891; x_wconf 85' lang='grc' dir='ltr'>Α</span> <span class='ocrx_word' id='word_1_337' title='bbox 1261 2842 1330 2900; x_wconf 87' lang='grc' dir='ltr'>ὡς</span> <span class='ocrx_word' id='word_1_338' title='bbox 1385 2846 1475 2892; x_wconf 86' lang='grc' dir='ltr'>καὶ</span> <span class='ocrx_word' id='word_1_339' title='bbox 1533 2849 1631 2892; x_wconf 86' lang='grc' dir='ltr'>τῶν</span> 
     </span>
    </p>
   </div>
   <div class='ocr_carea' id='block_1_32' title="bbox 19 3033 1656 3105">
    <p class='ocr_par' dir='ltr' id='par_1_32' title="bbox 19 3033 1656 3105">
     <span class='ocr_line' id='line_1_32' title="bbox 19 3033 1656 3105; baseline -0.001 -15"><span class='ocrx_word' id='word_1_340' title='bbox 19 3042 328 3092; x_wconf 87' lang='lat' dir='ltr'>uetrorum</span> <span class='ocrx_word' id='word_1_341' title='bbox 358 3034 559 3091; x_wconf 85' lang='lat' dir='ltr'>circuli</span> <span class='ocrx_word' id='word_1_342' title='bbox 591 3036 636 3101; x_wconf 88' lang='lat' dir='ltr'>Q</span> <span class='ocrx_word' id='word_1_343' title='bbox 665 3037 730 3105; x_wconf 84' lang='grc' dir='ltr'>Η,</span> <span class='ocrx_word' id='word_1_344' title='bbox 755 3039 894 3090; x_wconf 87' lang='lat' dir='ltr'>sunt</span> <span class='ocrx_word' id='word_1_345' title='bbox 927 3038 968 3089; x_wconf 84' lang='grc' dir='ltr'>Ι)</span> <span class='ocrx_word' id='word_1_346' title='bbox 1001 3036 1040 3089; x_wconf 88' lang='grc' dir='ltr'>Β</span> <span class='ocrx_word' id='word_1_347' title='bbox 1068 3035 1109 3089; x_wconf 90' lang='lat' dir='ltr'>U</span> <span class='ocrx_word' id='word_1_348' title='bbox 1137 3034 1180 3099; x_wconf 83' lang='grc' dir='ltr'>Ο</span> <span class='ocrx_word' id='word_1_349' title='bbox 1215 3033 1235 3087; x_wconf 95' lang='grc' dir='ltr'><strong>Ι</strong></span> <span class='ocrx_word' id='word_1_350' title='bbox 1266 3038 1311 3089; x_wconf 86' lang='grc' dir='ltr'><strong>Α</strong></span> <span class='ocrx_word' id='word_1_351' title='bbox 1345 3052 1358 3100; x_wconf 87' lang='lat'><strong>;</strong></span> <span class='ocrx_word' id='word_1_352' title='bbox 1393 3037 1449 3089; x_wconf 91' lang='lat' dir='ltr'>et</span> <span class='ocrx_word' id='word_1_353' title='bbox 1477 3034 1536 3089; x_wconf 89' lang='lat' dir='ltr'>in</span> <span class='ocrx_word' id='word_1_354' title='bbox 1566 3034 1656 3089; x_wconf 93' lang='lat' dir='ltr'>his</span> 
     </span>
    </p>
   </div>
   <div class='ocr_carea' id='block_1_33' title="bbox 1792 535 3396 610">
    <p class='ocr_par' dir='ltr' id='par_1_33' title="bbox 1792 535 3396 610">
     <span class='ocr_line' id='line_1_33' title="bbox 1792 535 3396 610; baseline 0.004 -28"><span class='ocrx_word' id='word_1_355' title='bbox 1792 540 2102 594; x_wconf 82' lang='grc' dir='ltr'>τοίςΝΑΕ</span> <span class='ocrx_word' id='word_1_356' title='bbox 2155 543 2215 590; x_wconf 77' lang='grc' dir='ltr'><strong>Α·</strong></span> <span class='ocrx_word' id='word_1_357' title='bbox 2274 539 2478 610; x_wconf 83' lang='grc' dir='ltr'>κέντρον</span> <span class='ocrx_word' id='word_1_358' title='bbox 2526 538 2697 586; x_wconf 87' lang='grc' dir='ltr'>κοινὸν</span> <span class='ocrx_word' id='word_1_359' title='bbox 2755 537 2853 609; x_wconf 62' lang='grc' dir='ltr'>γάρ</span> <span class='ocrx_word' id='word_1_360' title='bbox 2900 538 2959 586; x_wconf 87' lang='grc' dir='ltr'>τὸ</span> <span class='ocrx_word' id='word_1_361' title='bbox 3027 541 3088 590; x_wconf 82' lang='grc' dir='ltr'>Α.</span> <span class='ocrx_word' id='word_1_362' title='bbox 3137 535 3148 550; x_wconf 78' lang='grc'><strong><em>“</em></strong></span> <span class='ocrx_word' id='word_1_363' title='bbox 3202 543 3244 588; x_wconf 88' lang='grc' dir='ltr'><strong>Η</strong></span> <span class='ocrx_word' id='word_1_364' title='bbox 3293 535 3396 610; x_wconf 84' lang='grc' dir='ltr'>ἆρα</span> 
     </span>
    </p>
   </div>
   <div class='ocr_carea' id='block_1_34' title="bbox 1794 619 3394 698">
    <p class='ocr_par' dir='ltr' id='par_1_34' title="bbox 1794 619 3394 698">
     <span class='ocr_line' id='line_1_34' title="bbox 1794 619 3394 698; baseline 0.004 -26"><span class='ocrx_word' id='word_1_365' title='bbox 1794 626 1831 672; x_wconf 91' lang='grc' dir='ltr'>Γ</span> <span class='ocrx_word' id='word_1_366' title='bbox 1854 629 1891 674; x_wconf 83' lang='grc' dir='ltr'>Υ</span> <span class='ocrx_word' id='word_1_367' title='bbox 1921 619 2200 698; x_wconf 77' lang='grc' dir='ltr'>διάμετρος</span> <span class='ocrx_word' id='word_1_368' title='bbox 2221 634 2310 678; x_wconf 83' lang='grc' dir='ltr'>τοῦ</span> <span class='ocrx_word' id='word_1_369' title='bbox 2340 631 2390 677; x_wconf 88' lang='grc' dir='ltr'><strong>Μ</strong></span> <span class='ocrx_word' id='word_1_370' title='bbox 2422 632 2464 677; x_wconf 88' lang='grc' dir='ltr'><strong>Η</strong></span> <span class='ocrx_word' id='word_1_371' title='bbox 2503 623 2692 675; x_wconf 77' lang='grc' dir='ltr'>κύκλου</span> <span class='ocrx_word' id='word_1_372' title='bbox 2715 627 2804 681; x_wconf 83' lang='grc' dir='ltr'>ἴση</span> <span class='ocrx_word' id='word_1_373' title='bbox 2848 622 2960 676; x_wconf 81' lang='grc' dir='ltr'>ἐστὶ</span> <span class='ocrx_word' id='word_1_374' title='bbox 3011 633 3073 696; x_wconf 69' lang='grc' dir='ltr'>τῇ</span> <span class='ocrx_word' id='word_1_375' title='bbox 3121 631 3161 679; x_wconf 85' lang='grc' dir='ltr'><strong>Ε</strong></span> <span class='ocrx_word' id='word_1_376' title='bbox 3209 633 3254 678; x_wconf 94' lang='grc' dir='ltr'>Ν</span> <span class='ocrx_word' id='word_1_377' title='bbox 3295 626 3394 679; x_wconf 83' lang='grc' dir='ltr'>αύ-</span> 
     </span>
    </p>
   </div>
   <div class='ocr_carea' id='block_1_35' title="bbox 1793 708 3395 787">
    <p class='ocr_par' dir='ltr' id='par_1_35' title="bbox 1793 708 3395 787">
     <span class='ocr_line' id='line_1_35' title="bbox 1793 708 3395 787; baseline 0.004 -26"><span class='ocrx_word' id='word_1_378' title='bbox 1793 718 1885 761; x_wconf 80' lang='grc' dir='ltr'>τού</span> <span class='ocrx_word' id='word_1_379' title='bbox 1925 708 2207 787; x_wconf 77' lang='grc' dir='ltr'>διαμέτρῳ.</span> <span class='ocrx_word' id='word_1_380' title='bbox 2270 713 2335 766; x_wconf 81' lang='grc' dir='ltr'>ὧν</span> <span class='ocrx_word' id='word_1_381' title='bbox 2386 715 2487 786; x_wconf 71' lang='grc' dir='ltr'>γάρ</span> <span class='ocrx_word' id='word_1_382' title='bbox 2544 715 2609 765; x_wconf 85' lang='grc' dir='ltr'>τά</span> <span class='ocrx_word' id='word_1_383' title='bbox 2647 717 2844 784; x_wconf 78' lang='grc' dir='ltr'>ἡμίσεα</span> <span class='ocrx_word' id='word_1_384' title='bbox 2897 711 3007 782; x_wconf 78' lang='grc' dir='ltr'>ἶσα,</span> <span class='ocrx_word' id='word_1_385' title='bbox 3057 719 3148 766; x_wconf 87' lang='lat' dir='ltr'>xui</span> <span class='ocrx_word' id='word_1_386' title='bbox 3194 717 3260 765; x_wconf 86' lang='grc' dir='ltr'>τά</span> <span class='ocrx_word' id='word_1_387' title='bbox 3301 715 3395 768; x_wconf 88' lang='grc' dir='ltr'>ὃλα</span> 
     </span>
    </p>
   </div>
   <div class='ocr_carea' id='block_1_36' title="bbox 1796 799 3391 875">
    <p class='ocr_par' dir='ltr' id='par_1_36' title="bbox 1796 799 3391 875">
     <span class='ocr_line' id='line_1_36' title="bbox 1796 799 3391 875; baseline 0.004 -26"><span class='ocrx_word' id='word_1_388' title='bbox 1796 801 1887 850; x_wconf 84' lang='grc' dir='ltr'>ἰσά</span> <span class='ocrx_word' id='word_1_389' title='bbox 1914 799 2068 852; x_wconf 85' lang='grc' dir='ltr'>ἐστιν⁶</span> <span class='ocrx_word' id='word_1_390' title='bbox 2103 805 2243 856; x_wconf 80' lang='grc' dir='ltr'>Ἐπεὶ</span> <span class='ocrx_word' id='word_1_391' title='bbox 2268 811 2392 875; x_wconf 71' lang='grc' dir='ltr'>γοῦν</span> <span class='ocrx_word' id='word_1_392' title='bbox 2422 804 2451 860; x_wconf 78' lang='grc' dir='ltr'>ἡ</span> <span class='ocrx_word' id='word_1_393' title='bbox 2515 807 2551 854; x_wconf 91' lang='grc' dir='ltr'><strong>Γ</strong></span> <span class='ocrx_word' id='word_1_394' title='bbox 2593 810 2632 855; x_wconf 91' lang='grc' dir='ltr'>Υ</span> <span class='ocrx_word' id='word_1_395' title='bbox 2690 805 2782 858; x_wconf 80' lang='grc' dir='ltr'>ἴση</span> <span class='ocrx_word' id='word_1_396' title='bbox 2839 801 2952 854; x_wconf 84' lang='grc' dir='ltr'>ἐστὶ</span> <span class='ocrx_word' id='word_1_397' title='bbox 2997 811 3060 874; x_wconf 74' lang='grc' dir='ltr'>κῇ</span> <span class='ocrx_word' id='word_1_398' title='bbox 3115 810 3154 856; x_wconf 90' lang='grc' dir='ltr'>Ε</span> <span class='ocrx_word' id='word_1_399' title='bbox 3197 811 3242 856; x_wconf 91' lang='grc' dir='ltr'>Ν</span> <span class='ocrx_word' id='word_1_400' title='bbox 3301 809 3391 857; x_wconf 82' lang='grc' dir='ltr'>καὶ</span> 
     </span>
    </p>
   </div>
   <div class='ocr_carea' id='block_1_37' title="bbox 1795 891 3392 964">
    <p class='ocr_par' dir='ltr' id='par_1_37' title="bbox 1795 891 3392 964">
     <span class='ocr_line' id='line_1_37' title="bbox 1795 891 3392 964; baseline 0.004 -25"><span class='ocrx_word' id='word_1_401' title='bbox 1795 891 2894 962; x_wconf 73' lang='grc' dir='ltr'>ἠΑΒτῇΝΧκαὶὴΡΙτῇΒΦκαὶὸ</span> <span class='ocrx_word' id='word_1_402' title='bbox 2958 898 3004 945; x_wconf 84' lang='grc' dir='ltr'><strong><em>Ψ</em></strong></span> <span class='ocrx_word' id='word_1_403' title='bbox 3059 899 3104 943; x_wconf 92' lang='grc' dir='ltr'>Ν</span> <span class='ocrx_word' id='word_1_404' title='bbox 3157 901 3221 964; x_wconf 70' lang='grc' dir='ltr'>τῇ</span> <span class='ocrx_word' id='word_1_405' title='bbox 3276 899 3296 947; x_wconf 89' lang='grc' dir='ltr'><strong>Ι</strong></span> <span class='ocrx_word' id='word_1_406' title='bbox 3357 899 3392 945; x_wconf 90' lang='grc' dir='ltr'><strong>Δ</strong></span> 
     </span>
    </p>
   </div>
   <div class='ocr_carea' id='block_1_38' title="bbox 1796 979 3387 1052">
    <p class='ocr_par' dir='ltr' id='par_1_38' title="bbox 1796 979 3387 1052">
     <span class='ocr_line' id='line_1_38' title="bbox 1796 979 3387 1052; baseline 0.001 -24"><span class='ocrx_word' id='word_1_407' title='bbox 1796 979 1946 1036; x_wconf 78' lang='grc' dir='ltr'>καὶὴ</span> <span class='ocrx_word' id='word_1_408' title='bbox 1987 982 2505 1052; x_wconf 75' lang='grc' dir='ltr'>ΩΝτῇΥΟκαὶὴ</span> <span class='ocrx_word' id='word_1_409' title='bbox 2546 987 2582 1032; x_wconf 80' lang='grc' dir='ltr'>Φ</span> <span class='ocrx_word' id='word_1_410' title='bbox 2647 985 2686 1030; x_wconf 84' lang='grc' dir='ltr'>Α</span> <span class='ocrx_word' id='word_1_411' title='bbox 2747 987 2810 1051; x_wconf 79' lang='grc' dir='ltr'>τῇ</span> <span class='ocrx_word' id='word_1_412' title='bbox 2871 987 2911 1032; x_wconf 92' lang='grc' dir='ltr'>Υ</span> <span class='ocrx_word' id='word_1_413' title='bbox 2961 985 2998 1032; x_wconf 89' lang='grc' dir='ltr'>Γ</span> <span class='ocrx_word' id='word_1_414' title='bbox 3050 985 3139 1031; x_wconf 86' lang='grc' dir='ltr'>καὶ</span> <span class='ocrx_word' id='word_1_415' title='bbox 3193 981 3387 1040; x_wconf 76' lang='grc' dir='ltr'>ἑκάστη</span> 
     </span>
    </p>
   </div>
   <div class='ocr_carea' id='block_1_39' title="bbox 1797 1063 3392 1140">
    <p class='ocr_par' dir='ltr' id='par_1_39' title="bbox 1797 1063 3392 1140">
     <span class='ocr_line' id='line_1_39' title="bbox 1797 1063 3392 1140; baseline 0.004 -24"><span class='ocrx_word' id='word_1_416' title='bbox 1797 1063 1988 1124; x_wconf 84' lang='grc' dir='ltr'>ἑκάστη</span> <span class='ocrx_word' id='word_1_417' title='bbox 2018 1070 2109 1125; x_wconf 74' lang='grc' dir='ltr'>ἴση</span> <span class='ocrx_word' id='word_1_418' title='bbox 2137 1068 2267 1126; x_wconf 81' lang='grc' dir='ltr'>ἐστὶ,</span> <span class='ocrx_word' id='word_1_419' title='bbox 2296 1069 2362 1119; x_wconf 90' lang='grc' dir='ltr'>τά</span> <span class='ocrx_word' id='word_1_420' title='bbox 2410 1071 2511 1140; x_wconf 76' lang='grc' dir='ltr'>’γάρ</span> <span class='ocrx_word' id='word_1_421' title='bbox 2541 1075 2613 1138; x_wconf 82' lang='grc' dir='ltr'>τῲ</span> <span class='ocrx_word' id='word_1_422' title='bbox 2660 1067 2799 1139; x_wconf 85' lang='grc' dir='ltr'>αύτῴ</span> <span class='ocrx_word' id='word_1_423' title='bbox 2855 1065 2965 1132; x_wconf 81' lang='grc' dir='ltr'>ἶσα,</span> <span class='ocrx_word' id='word_1_424' title='bbox 3016 1074 3106 1120; x_wconf 85' lang='grc' dir='ltr'>καὶ</span> <span class='ocrx_word' id='word_1_425' title='bbox 3154 1068 3392 1132; x_wconf 78' lang='grc' dir='ltr'>ἀλλήλοις</span> 
     </span>
    </p>
   </div>
   <div class='ocr_carea' id='block_1_40' title="bbox 1799 1150 3388 1228">
    <p class='ocr_par' dir='ltr' id='par_1_40' title="bbox 1799 1150 3388 1228">
     <span class='ocr_line' id='line_1_40' title="bbox 1799 1150 3388 1228; baseline 0.004 -24"><span class='ocrx_word' id='word_1_426' title='bbox 1799 1150 2146 1208; x_wconf 81' lang='grc' dir='ltr'>ἶσάέστικαὶ</span> <span class='ocrx_word' id='word_1_427' title='bbox 2190 1159 2238 1208; x_wconf 79' lang='grc' dir='ltr'>οἱ</span> <span class='ocrx_word' id='word_1_428' title='bbox 2284 1164 2399 1210; x_wconf 86' lang='grc' dir='ltr'>ΠΘ</span> <span class='ocrx_word' id='word_1_429' title='bbox 2444 1165 2475 1208; x_wconf 87' lang='grc' dir='ltr'>Σ</span> <span class='ocrx_word' id='word_1_430' title='bbox 2534 1163 2577 1208; x_wconf 91' lang='grc' dir='ltr'><strong>Λ</strong></span> <span class='ocrx_word' id='word_1_431' title='bbox 2632 1163 2670 1208; x_wconf 90' lang='grc' dir='ltr'><strong>Ζ</strong></span> <span class='ocrx_word' id='word_1_432' title='bbox 2719 1164 2759 1208; x_wconf 91' lang='grc' dir='ltr'>Τ</span> <span class='ocrx_word' id='word_1_433' title='bbox 2810 1159 2849 1210; x_wconf 90' lang='grc' dir='ltr'><strong>Ξ</strong></span> <span class='ocrx_word' id='word_1_434' title='bbox 2901 1163 2940 1210; x_wconf 80' lang='grc' dir='ltr'>Κ</span> <span class='ocrx_word' id='word_1_435' title='bbox 2997 1165 3047 1210; x_wconf 89' lang='grc' dir='ltr'><strong>Μ</strong></span> <span class='ocrx_word' id='word_1_436' title='bbox 3098 1164 3140 1209; x_wconf 87' lang='grc' dir='ltr'>Η</span> <span class='ocrx_word' id='word_1_437' title='bbox 3187 1159 3388 1228; x_wconf 85' lang='grc' dir='ltr'>κύκλοι,</span> 
     </span>
    </p>
   </div>
   <div class='ocr_carea' id='block_1_41' title="bbox 1799 1240 3391 1320">
    <p class='ocr_par' dir='ltr' id='par_1_41' title="bbox 1799 1240 3391 1320">
     <span class='ocr_line' id='line_1_41' title="bbox 1799 1240 3391 1320; baseline 0.004 -26"><span class='ocrx_word' id='word_1_438' title='bbox 1799 1240 1906 1295; x_wconf 84' lang='grc' dir='ltr'>ἶσοί</span> <span class='ocrx_word' id='word_1_439' title='bbox 1925 1245 2076 1297; x_wconf 81' lang='grc' dir='ltr'>εἰσιν·</span> <span class='ocrx_word' id='word_1_440' title='bbox 2107 1246 2173 1297; x_wconf 85' lang='grc' dir='ltr'>ὧν</span> <span class='ocrx_word' id='word_1_441' title='bbox 2197 1248 2298 1318; x_wconf 72' lang='grc' dir='ltr'>γάρ</span> <span class='ocrx_word' id='word_1_442' title='bbox 2321 1247 2378 1296; x_wconf 82' lang='grc' dir='ltr'>αἰ</span> <span class='ocrx_word' id='word_1_443' title='bbox 2421 1241 2696 1320; x_wconf 73' lang='grc' dir='ltr'>διάμετροι</span> <span class='ocrx_word' id='word_1_444' title='bbox 2745 1243 2880 1313; x_wconf 81' lang='grc' dir='ltr'>ἶσαι,</span> <span class='ocrx_word' id='word_1_445' title='bbox 2935 1251 3024 1298; x_wconf 84' lang='grc' dir='ltr'>καὶ</span> <span class='ocrx_word' id='word_1_446' title='bbox 3086 1255 3252 1299; x_wconf 71' lang='grc' dir='ltr'>ταῦτα</span> <span class='ocrx_word' id='word_1_447' title='bbox 3301 1246 3391 1301; x_wconf 83' lang='grc' dir='ltr'>ἷσά</span> 
     </span>
    </p>
   </div>
   <div class='ocr_carea' id='block_1_42' title="bbox 1799 1329 3389 1406">
    <p class='ocr_par' dir='ltr' id='par_1_42' title="bbox 1799 1329 3389 1406">
     <span class='ocr_line' id='line_1_42' title="bbox 1799 1329 3389 1406; baseline 0.004 -24"><span class='ocrx_word' id='word_1_448' title='bbox 1799 1329 1957 1383; x_wconf 88' lang='grc' dir='ltr'>ἐστιν·</span> <span class='ocrx_word' id='word_1_449' title='bbox 1992 1336 2041 1386; x_wconf 85' lang='grc' dir='ltr'>οἱ</span> <span class='ocrx_word' id='word_1_450' title='bbox 2069 1333 2170 1406; x_wconf 83' lang='grc' dir='ltr'>ἆρα</span> <span class='ocrx_word' id='word_1_451' title='bbox 2199 1333 2379 1385; x_wconf 89' lang='grc' dir='ltr'>κύκλοι</span> <span class='ocrx_word' id='word_1_452' title='bbox 2411 1337 2592 1393; x_wconf 81' lang='grc' dir='ltr'>πάντες</span> <span class='ocrx_word' id='word_1_453' title='bbox 2616 1331 2721 1386; x_wconf 85' lang='grc' dir='ltr'>ἷσοί</span> <span class='ocrx_word' id='word_1_454' title='bbox 2759 1334 2880 1398; x_wconf 81' lang='grc' dir='ltr'>εἰσι,</span> <span class='ocrx_word' id='word_1_455' title='bbox 2941 1340 3030 1386; x_wconf 85' lang='grc' dir='ltr'>καὶ</span> <span class='ocrx_word' id='word_1_456' title='bbox 3078 1339 3136 1387; x_wconf 90' lang='lat'>16</span> <span class='ocrx_word' id='word_1_457' title='bbox 3188 1334 3244 1388; x_wconf 81' lang='grc' dir='ltr'>ἐκ</span> <span class='ocrx_word' id='word_1_458' title='bbox 3290 1345 3389 1389; x_wconf 85' lang='grc' dir='ltr'>τῶν</span> 
     </span>
    </p>
   </div>
   <div class='ocr_carea' id='block_1_43' title="bbox 1799 1416 3390 1497">
    <p class='ocr_par' dir='ltr' id='par_1_43' title="bbox 1799 1416 3390 1497">
     <span class='ocr_line' id='line_1_43' title="bbox 1799 1416 3390 1497; baseline 0.004 -25"><span class='ocrx_word' id='word_1_459' title='bbox 1799 1416 2088 1495; x_wconf 75' lang='grc' dir='ltr'>διαμέτρων</span> <span class='ocrx_word' id='word_1_460' title='bbox 2142 1431 2308 1474; x_wconf 84' lang='grc' dir='ltr'>αυτών</span> <span class='ocrx_word' id='word_1_461' title='bbox 2371 1427 2686 1483; x_wconf 70' lang='grc' dir='ltr'>πνεστακός</span> <span class='ocrx_word' id='word_1_462' title='bbox 2739 1428 2988 1497; x_wconf 71' lang='grc' dir='ltr'>τρίγωνον</span> <span class='ocrx_word' id='word_1_463' title='bbox 3037 1421 3150 1476; x_wconf 81' lang='grc' dir='ltr'>ἶσόν</span> <span class='ocrx_word' id='word_1_464' title='bbox 3228 1425 3390 1485; x_wconf 77' lang='grc' dir='ltr'>ἔστιν.</span> 
     </span>
    </p>
   </div>
   <div class='ocr_carea' id='block_1_44' title="bbox 1795 1507 3387 1586">
    <p class='ocr_par' dir='ltr' id='par_1_44' title="bbox 1795 1507 3387 1586">
     <span class='ocr_line' id='line_1_44' title="bbox 1795 1507 3387 1586; baseline 0.003 -24"><span class='ocrx_word' id='word_1_465' title='bbox 1795 1508 1852 1562; x_wconf 79' lang='grc' dir='ltr'><strong>Ἠ</strong></span> <span class='ocrx_word' id='word_1_466' title='bbox 1904 1518 2027 1581; x_wconf 77' lang='grc' dir='ltr'>γοῦν</span> <span class='ocrx_word' id='word_1_467' title='bbox 2069 1518 2109 1563; x_wconf 80' lang='grc' dir='ltr'><strong>Α</strong></span> <span class='ocrx_word' id='word_1_468' title='bbox 2164 1517 2200 1562; x_wconf 90' lang='grc' dir='ltr'>Β</span> <span class='ocrx_word' id='word_1_469' title='bbox 2249 1507 2530 1586; x_wconf 74' lang='grc' dir='ltr'>διάμετρος</span> <span class='ocrx_word' id='word_1_470' title='bbox 2568 1519 2660 1563; x_wconf 82' lang='grc' dir='ltr'>τοῦ</span> <span class='ocrx_word' id='word_1_471' title='bbox 2718 1519 2758 1563; x_wconf 90' lang='grc' dir='ltr'>[Ι</span> <span class='ocrx_word' id='word_1_472' title='bbox 2811 1519 2856 1565; x_wconf 86' lang='grc' dir='ltr'>Θ</span> <span class='ocrx_word' id='word_1_473' title='bbox 2904 1511 3095 1564; x_wconf 87' lang='grc' dir='ltr'>κύκλου</span> <span class='ocrx_word' id='word_1_474' title='bbox 3152 1518 3246 1571; x_wconf 86' lang='grc' dir='ltr'>τὴν</span> <span class='ocrx_word' id='word_1_475' title='bbox 3294 1518 3387 1574; x_wconf 81' lang='grc' dir='ltr'>ἴση</span> 
     </span>
    </p>
   </div>
   <div class='ocr_carea' id='block_1_45' title="bbox 1794 1597 3390 1676">
    <p class='ocr_par' dir='ltr' id='par_1_45' title="bbox 1794 1597 3390 1676">
     <span class='ocr_line' id='line_1_45' title="bbox 1794 1597 3390 1676; baseline 0.004 -27"><span class='ocrx_word' id='word_1_476' title='bbox 1794 1601 1959 1671; x_wconf 79' lang='grc' dir='ltr'>ταύτῃ</span> <span class='ocrx_word' id='word_1_477' title='bbox 2003 1597 2280 1674; x_wconf 81' lang='grc' dir='ltr'>διάμέτρον</span> <span class='ocrx_word' id='word_1_478' title='bbox 2335 1607 2375 1653; x_wconf 86' lang='grc' dir='ltr'><strong>Α</strong></span> <span class='ocrx_word' id='word_1_479' title='bbox 2431 1607 2470 1653; x_wconf 79' lang='grc' dir='ltr'><strong>Φ</strong></span> <span class='ocrx_word' id='word_1_480' title='bbox 2527 1608 2620 1652; x_wconf 83' lang='grc' dir='ltr'>τού</span> <span class='ocrx_word' id='word_1_481' title='bbox 2665 1607 2703 1652; x_wconf 96' lang='grc' dir='ltr'><strong>Ζ</strong></span> <span class='ocrx_word' id='word_1_482' title='bbox 2747 1607 2789 1652; x_wconf 80' lang='grc' dir='ltr'><strong>Κ</strong></span> <span class='ocrx_word' id='word_1_483' title='bbox 2835 1600 3026 1652; x_wconf 82' lang='grc' dir='ltr'>κύκλου</span> <span class='ocrx_word' id='word_1_484' title='bbox 3073 1603 3390 1676; x_wconf 81' lang='grc' dir='ltr'>προσλαϐἐτε</span> 
     </span>
    </p>
   </div>
   <div class='ocr_carea' id='block_1_46' title="bbox 1794 1686 3392 1763">
    <p class='ocr_par' dir='ltr' id='par_1_46' title="bbox 1794 1686 3392 1763">
     <span class='ocr_line' id='line_1_46' title="bbox 1794 1686 3392 1763; baseline 0.003 -24"><span class='ocrx_word' id='word_1_485' title='bbox 1794 1686 2037 1761; x_wconf 80' lang='grc' dir='ltr'>πλευράν,</span> <span class='ocrx_word' id='word_1_486' title='bbox 2070 1694 2158 1740; x_wconf 84' lang='grc' dir='ltr'>καὶ</span> <span class='ocrx_word' id='word_1_487' title='bbox 2185 1693 2316 1746; x_wconf 78' lang='grc' dir='ltr'>αὕτη</span> <span class='ocrx_word' id='word_1_488' title='bbox 2338 1692 2426 1749; x_wconf 83' lang='grc' dir='ltr'>τὴς</span> <span class='ocrx_word' id='word_1_489' title='bbox 2471 1695 2510 1742; x_wconf 75' lang='grc' dir='ltr'><strong>Φ</strong></span> <span class='ocrx_word' id='word_1_490' title='bbox 2570 1695 2606 1740; x_wconf 88' lang='grc' dir='ltr'>Β</span> <span class='ocrx_word' id='word_1_491' title='bbox 2658 1686 2936 1763; x_wconf 80' lang='grc' dir='ltr'>διάμετρον</span> <span class='ocrx_word' id='word_1_492' title='bbox 2987 1697 3078 1741; x_wconf 81' lang='grc' dir='ltr'>τοῦ</span> <span class='ocrx_word' id='word_1_493' title='bbox 3129 1698 3168 1742; x_wconf 91' lang='grc' dir='ltr'><strong>Ζ</strong></span> <span class='ocrx_word' id='word_1_494' title='bbox 3222 1694 3258 1747; x_wconf 84' lang='grc' dir='ltr'><strong>Γ</strong></span> <span class='ocrx_word' id='word_1_495' title='bbox 3299 1695 3392 1744; x_wconf 88' lang='grc' dir='ltr'>κύ-</span> 
     </span>
    </p>
   </div>
   <div class='ocr_carea' id='block_1_47' title="bbox 1793 1775 3392 1851">
    <p class='ocr_par' dir='ltr' id='par_1_47' title="bbox 1793 1775 3392 1851">
     <span class='ocr_line' id='line_1_47' title="bbox 1793 1775 3392 1851; baseline 0.004 -25"><span class='ocrx_word' id='word_1_496' title='bbox 1793 1775 1916 1827; x_wconf 75' lang='grc' dir='ltr'>κλου</span> <span class='ocrx_word' id='word_1_497' title='bbox 1943 1776 2186 1849; x_wconf 83' lang='grc' dir='ltr'>πλευράν,</span> <span class='ocrx_word' id='word_1_498' title='bbox 2214 1783 2305 1830; x_wconf 82' lang='grc' dir='ltr'>καὶ</span> <span class='ocrx_word' id='word_1_499' title='bbox 2335 1783 2583 1835; x_wconf 84' lang='grc' dir='ltr'>συστὴτω</span> <span class='ocrx_word' id='word_1_500' title='bbox 2607 1781 2665 1829; x_wconf 90' lang='grc' dir='ltr'>τὸ</span> <span class='ocrx_word' id='word_1_501' title='bbox 2698 1783 2737 1830; x_wconf 83' lang='grc' dir='ltr'><strong>Δ</strong></span> <span class='ocrx_word' id='word_1_502' title='bbox 2770 1785 2804 1829; x_wconf 88' lang='grc' dir='ltr'>Β</span> <span class='ocrx_word' id='word_1_503' title='bbox 2859 1785 2897 1830; x_wconf 77' lang='grc' dir='ltr'><strong>Φ</strong></span> <span class='ocrx_word' id='word_1_504' title='bbox 2950 1783 3215 1851; x_wconf 78' lang='grc' dir='ltr'>τρίγωνον,</span> <span class='ocrx_word' id='word_1_505' title='bbox 3273 1781 3392 1833; x_wconf 85' lang='grc' dir='ltr'>Ἐπι</span> 
     </span>
    </p>
   </div>
   <div class='ocr_carea' id='block_1_48' title="bbox 1792 1863 3390 1939">
    <p class='ocr_par' dir='ltr' id='par_1_48' title="bbox 1792 1863 3390 1939">
     <span class='ocr_line' id='line_1_48' title="bbox 1792 1863 3390 1939; baseline 0.003 -23"><span class='ocrx_word' id='word_1_506' title='bbox 1792 1870 1962 1918; x_wconf 83' lang='grc' dir='ltr'>τοίνυν</span> <span class='ocrx_word' id='word_1_507' title='bbox 1995 1863 2107 1918; x_wconf 80' lang='grc' dir='ltr'>ἶσαί</span> <span class='ocrx_word' id='word_1_508' title='bbox 2170 1866 2300 1918; x_wconf 85' lang='grc' dir='ltr'>εἰσιν</span> <span class='ocrx_word' id='word_1_509' title='bbox 2345 1869 2399 1918; x_wconf 84' lang='grc' dir='ltr'>αἱ</span> <span class='ocrx_word' id='word_1_510' title='bbox 2458 1863 2750 1939; x_wconf 75' lang='grc' dir='ltr'>διάμετροι,</span> <span class='ocrx_word' id='word_1_511' title='bbox 2817 1870 2885 1929; x_wconf 86' lang='grc' dir='ltr'><strong>ὡς</strong></span> <span class='ocrx_word' id='word_1_512' title='bbox 2943 1863 3187 1939; x_wconf 78' lang='grc' dir='ltr'>ἐδείχθη,</span> <span class='ocrx_word' id='word_1_513' title='bbox 3247 1867 3390 1921; x_wconf 76' lang='grc' dir='ltr'>ἀνοι-</span> 
     </span>
    </p>
   </div>
   <div class='ocr_carea' id='block_1_49' title="bbox 1791 1948 3391 2030">
    <p class='ocr_par' dir='ltr' id='par_1_49' title="bbox 1791 1948 3391 2030">
     <span class='ocr_line' id='line_1_49' title="bbox 1791 1948 3391 2030; baseline 0.004 -28"><span class='ocrx_word' id='word_1_514' title='bbox 1791 1957 1988 2022; x_wconf 70' lang='grc' dir='ltr'>γκαίως</span> <span class='ocrx_word' id='word_1_515' title='bbox 2016 1959 2105 2006; x_wconf 85' lang='grc' dir='ltr'>καὶ</span> <span class='ocrx_word' id='word_1_516' title='bbox 2157 1957 2215 2005; x_wconf 86' lang='grc' dir='ltr'>τὸ</span> <span class='ocrx_word' id='word_1_517' title='bbox 2256 1953 2311 2006; x_wconf 78' lang='grc' dir='ltr'>ἐκ</span> <span class='ocrx_word' id='word_1_518' title='bbox 2370 1958 2564 2006; x_wconf 90' lang='grc' dir='ltr'>τούτων</span> <span class='ocrx_word' id='word_1_519' title='bbox 2622 1959 2936 2016; x_wconf 84' lang='grc' dir='ltr'>συνεστακός</span> <span class='ocrx_word' id='word_1_520' title='bbox 2991 1961 3264 2030; x_wconf 76' lang='grc' dir='ltr'>τρίγωνον,</span> <span class='ocrx_word' id='word_1_521' title='bbox 3307 1948 3391 2009; x_wconf 82' lang='grc' dir='ltr'>ἱσὸ</span> 
     </span>
    </p>
   </div>
   <div class='ocr_carea' id='block_1_50' title="bbox 1791 2040 3391 2119">
    <p class='ocr_par' dir='ltr' id='par_1_50' title="bbox 1791 2040 3391 2119">
     <span class='ocr_line' id='line_1_50' title="bbox 1791 2040 3391 2119; baseline 0.003 -27"><span class='ocrx_word' id='word_1_522' title='bbox 1791 2040 2006 2113; x_wconf 83' lang='grc' dir='ltr'>πλευρὸν</span> <span class='ocrx_word' id='word_1_523' title='bbox 2035 2046 2150 2094; x_wconf 79' lang='grc' dir='ltr'>ἐστι</span> <span class='ocrx_word' id='word_1_524' title='bbox 2179 2063 2270 2094; x_wconf 88' lang='grc' dir='ltr'>και</span> <span class='ocrx_word' id='word_1_525' title='bbox 2303 2043 2592 2114; x_wconf 73' lang='grc' dir='ltr'>ἰσογώνιον,</span> <span class='ocrx_word' id='word_1_526' title='bbox 2620 2047 2677 2094; x_wconf 88' lang='grc' dir='ltr'>τὸ</span> <span class='ocrx_word' id='word_1_527' title='bbox 2728 2042 2830 2118; x_wconf 80' lang='grc' dir='ltr'>ἄρα</span> <span class='ocrx_word' id='word_1_528' title='bbox 2882 2046 2928 2097; x_wconf 88' lang='grc' dir='ltr'><strong>Α</strong></span> <span class='ocrx_word' id='word_1_529' title='bbox 2977 2050 3014 2096; x_wconf 91' lang='grc' dir='ltr'>Β</span> <span class='ocrx_word' id='word_1_530' title='bbox 3062 2051 3100 2097; x_wconf 80' lang='grc' dir='ltr'>Φ</span> <span class='ocrx_word' id='word_1_531' title='bbox 3143 2049 3391 2119; x_wconf 75' lang='grc' dir='ltr'>τρίγωνον</span> 
     </span>
    </p>
   </div>
   <div class='ocr_carea' id='block_1_51' title="bbox 1793 2127 3386 2204">
    <p class='ocr_par' dir='ltr' id='par_1_51' title="bbox 1793 2127 3386 2204">
     <span class='ocr_line' id='line_1_51' title="bbox 1793 2127 3386 2204; baseline 0.002 -23"><span class='ocrx_word' id='word_1_532' title='bbox 1793 2127 1905 2182; x_wconf 84' lang='grc' dir='ltr'>ἶσόν</span> <span class='ocrx_word' id='word_1_533' title='bbox 1961 2135 2120 2202; x_wconf 85' lang='grc' dir='ltr'>ἐστιν,</span> <span class='ocrx_word' id='word_1_534' title='bbox 2181 2127 2361 2189; x_wconf 72' lang='grc' dir='ltr'>ἐπειδὴ</span> <span class='ocrx_word' id='word_1_535' title='bbox 2416 2131 2718 2204; x_wconf 83' lang='grc' dir='ltr'>ἰσόπλευρόν</span> <span class='ocrx_word' id='word_1_536' title='bbox 2771 2134 2881 2184; x_wconf 85' lang='grc' dir='ltr'>ἐστι</span> <span class='ocrx_word' id='word_1_537' title='bbox 2933 2153 3023 2184; x_wconf 89' lang='grc' dir='ltr'>και</span> <span class='ocrx_word' id='word_1_538' title='bbox 3098 2133 3386 2203; x_wconf 80' lang='grc' dir='ltr'>ἰσογώνιον.</span> 
     </span>
    </p>
   </div>
   <div class='ocr_carea' id='block_1_52' title="bbox 1793 2217 3390 2296">
    <p class='ocr_par' dir='ltr' id='par_1_52' title="bbox 1793 2217 3390 2296">
     <span class='ocr_line' id='line_1_52' title="bbox 1793 2217 3390 2296; baseline 0.001 -24"><span class='ocrx_word' id='word_1_539' title='bbox 1793 2221 1857 2272; x_wconf 83' lang='grc' dir='ltr'><strong>Αἰ</strong></span> <span class='ocrx_word' id='word_1_540' title='bbox 1913 2219 2015 2292; x_wconf 77' lang='grc' dir='ltr'>ἄρα</span> <span class='ocrx_word' id='word_1_541' title='bbox 2064 2227 2156 2271; x_wconf 82' lang='grc' dir='ltr'>τοῦ</span> <span class='ocrx_word' id='word_1_542' title='bbox 2206 2219 2397 2272; x_wconf 84' lang='grc' dir='ltr'>κύκλου</span> <span class='ocrx_word' id='word_1_543' title='bbox 2452 2217 2728 2293; x_wconf 78' lang='grc' dir='ltr'>διάμετροι</span> <span class='ocrx_word' id='word_1_544' title='bbox 2777 2223 2832 2271; x_wconf 88' lang='grc' dir='ltr'>ἐκ</span> <span class='ocrx_word' id='word_1_545' title='bbox 2874 2228 2964 2272; x_wconf 84' lang='grc' dir='ltr'>τοῦ</span> <span class='ocrx_word' id='word_1_546' title='bbox 3017 2225 3228 2296; x_wconf 86' lang='grc' dir='ltr'>κέντρου</span> <span class='ocrx_word' id='word_1_547' title='bbox 3299 2241 3390 2273; x_wconf 88' lang='grc' dir='ltr'>και</span> 
     </span>
    </p>
   </div>
   <div class='ocr_carea' id='block_1_53' title="bbox 1792 2306 3390 2382">
    <p class='ocr_par' dir='ltr' id='par_1_53' title="bbox 1792 2306 3390 2382">
     <span class='ocr_line' id='line_1_53' title="bbox 1792 2306 3390 2382; baseline 0.001 -22"><span class='ocrx_word' id='word_1_548' title='bbox 1792 2312 1952 2371; x_wconf 81' lang='grc' dir='ltr'>μέσου</span> <span class='ocrx_word' id='word_1_549' title='bbox 1975 2311 2196 2382; x_wconf 76' lang='grc' dir='ltr'>ἠγμέναι</span> <span class='ocrx_word' id='word_1_550' title='bbox 2242 2307 2332 2361; x_wconf 85' lang='grc' dir='ltr'>ἶσα</span> <span class='ocrx_word' id='word_1_551' title='bbox 2396 2316 2611 2361; x_wconf 81' lang='grc' dir='ltr'>ποιοῦσι</span> <span class='ocrx_word' id='word_1_552' title='bbox 2665 2314 2943 2381; x_wconf 81' lang='grc' dir='ltr'>σχήματα,</span> <span class='ocrx_word' id='word_1_553' title='bbox 3005 2306 3186 2368; x_wconf 72' lang='grc' dir='ltr'>ἐπειδὴ</span> <span class='ocrx_word' id='word_1_554' title='bbox 3244 2316 3390 2363; x_wconf 85' lang='grc' dir='ltr'>πᾶσα</span> 
     </span>
    </p>
   </div>
   <div class='ocr_carea' id='block_1_54' title="bbox 1792 2395 3391 2472">
    <p class='ocr_par' dir='ltr' id='par_1_54' title="bbox 1792 2395 3391 2472">
     <span class='ocr_line' id='line_1_54' title="bbox 1792 2395 3391 2472; baseline 0.001 -23"><span class='ocrx_word' id='word_1_555' title='bbox 1792 2398 1953 2449; x_wconf 78' lang='grc' dir='ltr'>αὐτοῦ</span> <span class='ocrx_word' id='word_1_556' title='bbox 1981 2395 2256 2472; x_wconf 77' lang='grc' dir='ltr'>διάμετρος</span> <span class='ocrx_word' id='word_1_557' title='bbox 2297 2397 2385 2456; x_wconf 78' lang='grc' dir='ltr'>ἴση</span> <span class='ocrx_word' id='word_1_558' title='bbox 2427 2397 2559 2464; x_wconf 79' lang='grc' dir='ltr'>ἐστὶ,</span> <span class='ocrx_word' id='word_1_559' title='bbox 2591 2395 2684 2449; x_wconf 83' lang='grc' dir='ltr'>διὰ</span> <span class='ocrx_word' id='word_1_560' title='bbox 2729 2405 2880 2449; x_wconf 82' lang='grc' dir='ltr'>τοῦτο</span> <span class='ocrx_word' id='word_1_561' title='bbox 2931 2403 3022 2452; x_wconf 80' lang='grc' dir='ltr'>καὶ</span> <span class='ocrx_word' id='word_1_562' title='bbox 3071 2405 3175 2451; x_wconf 85' lang='grc' dir='ltr'>πᾶν</span> <span class='ocrx_word' id='word_1_563' title='bbox 3228 2399 3391 2451; x_wconf 76' lang='grc' dir='ltr'>αὐτοῦ</span> 
     </span>
    </p>
   </div>
   <div class='ocr_carea' id='block_1_55' title="bbox 1790 2483 3392 2561">
    <p class='ocr_par' dir='ltr' id='par_1_55' title="bbox 1790 2483 3392 2561">
     <span class='ocr_line' id='line_1_55' title="bbox 1790 2483 3392 2561; baseline 0.001 -23"><span class='ocrx_word' id='word_1_564' title='bbox 1790 2491 1946 2561; x_wconf 84' lang='grc' dir='ltr'>μέρος</span> <span class='ocrx_word' id='word_1_565' title='bbox 1973 2491 2098 2560; x_wconf 86' lang='grc' dir='ltr'>πρὸς</span> <span class='ocrx_word' id='word_1_566' title='bbox 2135 2490 2195 2539; x_wconf 86' lang='grc' dir='ltr'>τὸ</span> <span class='ocrx_word' id='word_1_567' title='bbox 2251 2491 2454 2559; x_wconf 87' lang='grc' dir='ltr'>κέντρον</span> <span class='ocrx_word' id='word_1_568' title='bbox 2507 2483 2618 2538; x_wconf 75' lang='grc' dir='ltr'>ἴσον</span> <span class='ocrx_word' id='word_1_569' title='bbox 2663 2493 2769 2546; x_wconf 85' lang='grc' dir='ltr'>τοῖς</span> <span class='ocrx_word' id='word_1_570' title='bbox 2821 2486 2996 2547; x_wconf 79' lang='grc' dir='ltr'>ἄλλοις</span> <span class='ocrx_word' id='word_1_571' title='bbox 3060 2487 3222 2540; x_wconf 82' lang='grc' dir='ltr'>αύτοῡ</span> <span class='ocrx_word' id='word_1_572' title='bbox 3279 2487 3392 2540; x_wconf 77' lang='grc' dir='ltr'>ἔστι</span> 
     </span>
    </p>
   </div>
   <div class='ocr_carea' id='block_1_56' title="bbox 1789 2571 3392 2651">
    <p class='ocr_par' dir='ltr' id='par_1_56' title="bbox 1789 2571 3392 2651">
     <span class='ocr_line' id='line_1_56' title="bbox 1789 2571 3392 2651; baseline 0.001 -25"><span class='ocrx_word' id='word_1_573' title='bbox 1789 2580 1991 2648; x_wconf 85' lang='grc' dir='ltr'>μέρεσι,</span> <span class='ocrx_word' id='word_1_574' title='bbox 2023 2578 2192 2637; x_wconf 84' lang='grc' dir='ltr'>καθώς</span> <span class='ocrx_word' id='word_1_575' title='bbox 2220 2573 2540 2646; x_wconf 75' lang='grc' dir='ltr'>ἀπεδείχθη.</span> <span class='ocrx_word' id='word_1_576' title='bbox 2566 2575 2728 2628; x_wconf 78' lang='grc' dir='ltr'>Τοῦτο</span> <span class='ocrx_word' id='word_1_577' title='bbox 2775 2571 2834 2627; x_wconf 75' lang='grc' dir='ltr'>δὲ</span> <span class='ocrx_word' id='word_1_578' title='bbox 2887 2575 2980 2628; x_wconf 87' lang='grc' dir='ltr'>ούκ</span> <span class='ocrx_word' id='word_1_579' title='bbox 3030 2575 3118 2628; x_wconf 72' lang='grc' dir='ltr'>ἐπὶ</span> <span class='ocrx_word' id='word_1_580' title='bbox 3162 2579 3252 2628; x_wconf 79' lang='grc' dir='ltr'>τοῦ</span> <span class='ocrx_word' id='word_1_581' title='bbox 3278 2596 3392 2651; x_wconf 84' lang='grc' dir='ltr'>τρι-</span> 
     </span>
    </p>
   </div>
   <div class='ocr_carea' id='block_1_57' title="bbox 1789 2659 3394 2736">
    <p class='ocr_par' dir='ltr' id='par_1_57' title="bbox 1789 2659 3394 2736">
     <span class='ocr_line' id='line_1_57' title="bbox 1789 2659 3394 2736; baseline 0.001 -22"><span class='ocrx_word' id='word_1_582' title='bbox 1789 2666 2054 2734; x_wconf 75' lang='grc' dir='ltr'>γωνου,αἱ</span> <span class='ocrx_word' id='word_1_583' title='bbox 2086 2667 2185 2736; x_wconf 77' lang='grc' dir='ltr'>γὰρ</span> <span class='ocrx_word' id='word_1_584' title='bbox 2214 2666 2398 2716; x_wconf 88' lang='grc' dir='ltr'>τούτου</span> <span class='ocrx_word' id='word_1_585' title='bbox 2445 2662 2664 2736; x_wconf 84' lang='grc' dir='ltr'>πλευραὶ</span> <span class='ocrx_word' id='word_1_586' title='bbox 2715 2663 2810 2715; x_wconf 80' lang='grc' dir='ltr'>οὐκ</span> <span class='ocrx_word' id='word_1_587' title='bbox 2862 2659 2975 2715; x_wconf 84' lang='grc' dir='ltr'>ἶσον</span> <span class='ocrx_word' id='word_1_588' title='bbox 3030 2671 3246 2717; x_wconf 83' lang='grc' dir='ltr'>ποιοῦσι</span> <span class='ocrx_word' id='word_1_589' title='bbox 3302 2672 3394 2726; x_wconf 81' lang='grc' dir='ltr'>τῆς</span> 
     </span>
    </p>
   </div>
   <div class='ocr_carea' id='block_1_58' title="bbox 1793 2749 3388 2826">
    <p class='ocr_par' dir='ltr' id='par_1_58' title="bbox 1793 2749 3388 2826">
     <span class='ocr_line' id='line_1_58' title="bbox 1793 2749 3388 2826; baseline 0.001 -23"><span class='ocrx_word' id='word_1_590' title='bbox 1793 2752 1953 2804; x_wconf 76' lang='grc' dir='ltr'>αὐτοῦ</span> <span class='ocrx_word' id='word_1_591' title='bbox 1995 2749 2280 2825; x_wconf 85' lang='grc' dir='ltr'>διαμέτρου</span> <span class='ocrx_word' id='word_1_592' title='bbox 2339 2757 2430 2804; x_wconf 88' lang='lat' dir='ltr'>xui</span> <span class='ocrx_word' id='word_1_593' title='bbox 2481 2753 2700 2804; x_wconf 85' lang='grc' dir='ltr'>καθέτου</span> <span class='ocrx_word' id='word_1_594' title='bbox 2758 2751 2942 2804; x_wconf 89' lang='grc' dir='ltr'>κύκλον</span> <span class='ocrx_word' id='word_1_595' title='bbox 3018 2753 3048 2812; x_wconf 73' lang='grc' dir='ltr'><strong><em>ἦ</em></strong></span> <span class='ocrx_word' id='word_1_596' title='bbox 3116 2757 3388 2826; x_wconf 80' lang='grc' dir='ltr'>τρίγωνον·</span> 
     </span>
    </p>
   </div>
   <div class='ocr_carea' id='block_1_59' title="bbox 1790 2838 3392 2916">
    <p class='ocr_par' dir='ltr' id='par_1_59' title="bbox 1790 2838 3392 2916">
     <span class='ocr_line' id='line_1_59' title="bbox 1790 2838 3392 2916; baseline 0.002 -25"><span class='ocrx_word' id='word_1_597' title='bbox 1790 2848 1882 2892; x_wconf 80' lang='grc' dir='ltr'>τοῦ</span> <span class='ocrx_word' id='word_1_598' title='bbox 1912 2844 2009 2914; x_wconf 76' lang='grc' dir='ltr'>γὰρ</span> <span class='ocrx_word' id='word_1_599' title='bbox 2033 2841 2227 2893; x_wconf 79' lang='grc' dir='ltr'>κύκλου</span> <span class='ocrx_word' id='word_1_600' title='bbox 2253 2844 2282 2900; x_wconf 83' lang='grc' dir='ltr'>ἡ</span> <span class='ocrx_word' id='word_1_601' title='bbox 2319 2838 2593 2915; x_wconf 82' lang='grc' dir='ltr'>διάμετρος</span> <span class='ocrx_word' id='word_1_602' title='bbox 2651 2846 2826 2916; x_wconf 86' lang='grc' dir='ltr'>τρίτον</span> <span class='ocrx_word' id='word_1_603' title='bbox 2889 2839 3001 2893; x_wconf 79' lang='grc' dir='ltr'>ἐστὶ</span> <span class='ocrx_word' id='word_1_604' title='bbox 3056 2849 3153 2903; x_wconf 79' lang='grc' dir='ltr'>τῆς</span> <span class='ocrx_word' id='word_1_605' title='bbox 3206 2845 3392 2894; x_wconf 89' lang='grc' dir='ltr'>τούτου</span> 
     </span>
    </p>
   </div>
   <div class='ocr_carea' id='block_1_60' title="bbox 1763 3034 3420 3107">
    <p class='ocr_par' dir='ltr' id='par_1_60' title="bbox 1763 3034 3420 3107">
     <span class='ocr_line' id='line_1_60' title="bbox 1763 3034 3420 3107; baseline 0.001 -17"><span class='ocrx_word' id='word_1_606' title='bbox 1763 3035 2039 3107; x_wconf 87' lang='lat' dir='ltr'>aqualia,</span> <span class='ocrx_word' id='word_1_607' title='bbox 2083 3039 2138 3089; x_wconf 90' lang='lat' dir='ltr'>et</span> <span class='ocrx_word' id='word_1_608' title='bbox 2173 3037 2295 3089; x_wconf 91' lang='lat' dir='ltr'>tota</span> <span class='ocrx_word' id='word_1_609' title='bbox 2314 3034 2447 3105; x_wconf 89' lang='lat' dir='ltr'>ipsa</span> <span class='ocrx_word' id='word_1_610' title='bbox 2473 3034 3212 3107; x_wconf 84' lang='lat' dir='ltr'>suntaqualia.Quoniam</span> <span class='ocrx_word' id='word_1_611' title='bbox 3239 3036 3420 3106; x_wconf 80' lang='lat' dir='ltr'>igitur</span> 
     </span>
    </p>
   </div>
   <div class='ocr_carea' id='block_1_61' title="bbox 23 3122 3419 3195">
    <p class='ocr_par' dir='ltr' id='par_1_61' title="bbox 23 3122 3419 3195">
     <span class='ocr_line' id='line_1_61' title="bbox 23 3122 3419 3195; baseline 0 -16"><span class='ocrx_word' id='word_1_612' title='bbox 23 3130 134 3179; x_wconf 88' lang='lat' dir='ltr'>unt</span> <span class='ocrx_word' id='word_1_613' title='bbox 157 3129 371 3180; x_wconf 91' lang='lat' dir='ltr'>contra</span> <span class='ocrx_word' id='word_1_614' title='bbox 400 3123 761 3180; x_wconf 85' lang='lat' dir='ltr'>circulorum</span> <span class='ocrx_word' id='word_1_615' title='bbox 789 3126 836 3179; x_wconf 79' lang='grc' dir='ltr'>Μ</span> <span class='ocrx_word' id='word_1_616' title='bbox 868 3125 910 3179; x_wconf 89' lang='lat' dir='ltr'>G</span> <span class='ocrx_word' id='word_1_617' title='bbox 940 3126 974 3178; x_wconf 92' lang='lat' dir='ltr'><strong>S</strong></span> <span class='ocrx_word' id='word_1_618' title='bbox 1009 3125 1045 3178; x_wconf 86' lang='lat' dir='ltr'><strong>L</strong></span> <span class='ocrx_word' id='word_1_619' title='bbox 1068 3124 1111 3178; x_wconf 94' lang='grc' dir='ltr'>Ο</span> <span class='ocrx_word' id='word_1_620' title='bbox 1140 3123 1191 3175; x_wconf 95' lang='grc' dir='ltr'>Κ</span> <span class='ocrx_word' id='word_1_621' title='bbox 1223 3124 1264 3176; x_wconf 92' lang='lat' dir='ltr'>F</span> <span class='ocrx_word' id='word_1_622' title='bbox 1289 3125 1354 3193; x_wconf 83' lang='lat' dir='ltr'>T;</span> <span class='ocrx_word' id='word_1_623' title='bbox 1387 3127 1656 3178; x_wconf 85' lang='lat' dir='ltr'>centrum</span> <span class='ocrx_word' id='word_1_624' title='bbox 1695 3141 1734 3195; x_wconf 73' lang='grc' dir='ltr'>ρ</span> <span class='ocrx_word' id='word_1_625' title='bbox 1765 3125 2062 3180; x_wconf 88' lang='lat' dir='ltr'>diametur</span> <span class='ocrx_word' id='word_1_626' title='bbox 2088 3125 2128 3179; x_wconf 90' lang='lat' dir='ltr'>C</span> <span class='ocrx_word' id='word_1_627' title='bbox 2160 3125 2202 3178; x_wconf 89' lang='lat' dir='ltr'>U</span> <span class='ocrx_word' id='word_1_628' title='bbox 2237 3126 2325 3178; x_wconf 89' lang='lat' dir='ltr'>est</span> <span class='ocrx_word' id='word_1_629' title='bbox 2363 3122 2610 3194; x_wconf 63' lang='lat' dir='ltr'>aequalis</span> <span class='ocrx_word' id='word_1_630' title='bbox 2637 3123 2930 3180; x_wconf 86' lang='lat' dir='ltr'>diametro</span> <span class='ocrx_word' id='word_1_631' title='bbox 2962 3126 3001 3178; x_wconf 94' lang='lat' dir='ltr'>E</span> <span class='ocrx_word' id='word_1_632' title='bbox 3032 3126 3096 3194; x_wconf 86' lang='lat' dir='ltr'>N,</span> <span class='ocrx_word' id='word_1_633' title='bbox 3128 3124 3419 3180; x_wconf 88' lang='lat' dir='ltr'>diameter</span> 
     </span>
    </p>
   </div>
   <div class='ocr_carea' id='block_1_62' title="bbox 21 3211 1660 3284">
    <p class='ocr_par' dir='ltr' id='par_1_62' title="bbox 21 3211 1660 3284">
     <span class='ocr_line' id='line_1_62' title="bbox 21 3211 1660 3284; baseline 0 -16"><span class='ocrx_word' id='word_1_634' title='bbox 21 3220 200 3268; x_wconf 89' lang='lat' dir='ltr'>.utem</span> <span class='ocrx_word' id='word_1_635' title='bbox 226 3219 314 3268; x_wconf 91' lang='lat' dir='ltr'>est</span> <span class='ocrx_word' id='word_1_636' title='bbox 346 3213 612 3269; x_wconf 89' lang='lat' dir='ltr'>medium</span> <span class='ocrx_word' id='word_1_637' title='bbox 645 3213 847 3268; x_wconf 79' lang='lat' dir='ltr'>circuli</span> <span class='ocrx_word' id='word_1_638' title='bbox 879 3211 956 3267; x_wconf 89' lang='lat' dir='ltr'>ad</span> <span class='ocrx_word' id='word_1_639' title='bbox 978 3212 1145 3284; x_wconf 92' lang='lat' dir='ltr'>quod</span> <span class='ocrx_word' id='word_1_640' title='bbox 1175 3211 1369 3267; x_wconf 89' lang='lat' dir='ltr'>ducta</span> <span class='ocrx_word' id='word_1_641' title='bbox 1393 3227 1603 3267; x_wconf 91' lang='lat' dir='ltr'>omnes</span> <span class='ocrx_word' id='word_1_642' title='bbox 1624 3227 1660 3268; x_wconf 89' lang='lat' dir='ltr'>a</span> 
     </span>
    </p>
   </div>
   <div class='ocr_carea' id='block_1_63' title="bbox 22 3300 1662 3372">
    <p class='ocr_par' dir='ltr' id='par_1_63' title="bbox 22 3300 1662 3372">
     <span class='ocr_line' id='line_1_63' title="bbox 22 3300 1662 3372; baseline 0.001 -17"><span class='ocrx_word' id='word_1_643' title='bbox 22 3302 483 3358; x_wconf 71' lang='lat' dir='ltr'>:ircumferentia</span> <span class='ocrx_word' id='word_1_644' title='bbox 511 3302 683 3356; x_wconf 86' lang='lat' dir='ltr'>linea</span> <span class='ocrx_word' id='word_1_645' title='bbox 709 3305 848 3357; x_wconf 87' lang='lat' dir='ltr'>sunt</span> <span class='ocrx_word' id='word_1_646' title='bbox 877 3301 1028 3355; x_wconf 90' lang='lat' dir='ltr'>inter</span> <span class='ocrx_word' id='word_1_647' title='bbox 1090 3316 1152 3354; x_wconf 90' lang='lat' dir='ltr'>se</span> <span class='ocrx_word' id='word_1_648' title='bbox 1196 3300 1460 3372; x_wconf 87' lang='lat' dir='ltr'>aquales</span> <span class='ocrx_word' id='word_1_649' title='bbox 1511 3319 1522 3356; x_wconf 93' lang='lat'><strong>:</strong></span> <span class='ocrx_word' id='word_1_650' title='bbox 1596 3304 1662 3356; x_wconf 92' lang='lat' dir='ltr'>ut</span> 
     </span>
    </p>
   </div>
   <div class='ocr_carea' id='block_1_64' title="bbox 22 3389 1658 3460">
    <p class='ocr_par' dir='ltr' id='par_1_64' title="bbox 22 3389 1658 3460">
     <span class='ocr_line' id='line_1_64' title="bbox 22 3389 1658 3460; baseline -0.001 -15"><span class='ocrx_word' id='word_1_651' title='bbox 22 3393 179 3460; x_wconf 87' lang='lat' dir='ltr'>gitur</span> <span class='ocrx_word' id='word_1_652' title='bbox 202 3394 247 3446; x_wconf 98' lang='grc' dir='ltr'>Ν</span> <span class='ocrx_word' id='word_1_653' title='bbox 271 3407 333 3446; x_wconf 87' lang='lat' dir='ltr'>se</span> <span class='ocrx_word' id='word_1_654' title='bbox 363 3391 546 3448; x_wconf 83' lang='lat' dir='ltr'>habet</span> <span class='ocrx_word' id='word_1_655' title='bbox 573 3391 651 3446; x_wconf 88' lang='lat' dir='ltr'>ad</span> <span class='ocrx_word' id='word_1_656' title='bbox 677 3392 732 3460; x_wconf 76' lang='grc' dir='ltr'>Β,</span> <span class='ocrx_word' id='word_1_657' title='bbox 765 3391 850 3446; x_wconf 90' lang='lat' dir='ltr'>ita</span> <span class='ocrx_word' id='word_1_658' title='bbox 879 3389 1060 3444; x_wconf 89' lang='lat' dir='ltr'>etiam</span> <span class='ocrx_word' id='word_1_659' title='bbox 1091 3391 1132 3443; x_wconf 86' lang='lat' dir='ltr'><strong>Y</strong></span> <span class='ocrx_word' id='word_1_660' title='bbox 1159 3406 1219 3443; x_wconf 92' lang='lat' dir='ltr'>se</span> <span class='ocrx_word' id='word_1_661' title='bbox 1252 3389 1432 3445; x_wconf 82' lang='lat' dir='ltr'>habet</span> <span class='ocrx_word' id='word_1_662' title='bbox 1463 3390 1539 3445; x_wconf 88' lang='lat' dir='ltr'>ad</span> <span class='ocrx_word' id='word_1_663' title='bbox 1573 3392 1612 3444; x_wconf 89' lang='grc' dir='ltr'>Β</span> <span class='ocrx_word' id='word_1_664' title='bbox 1645 3406 1658 3443; x_wconf 91' lang='lat'><strong>:</strong></span> 
     </span>
    </p>
   </div>
   <div class='ocr_carea' id='block_1_65' title="bbox 21 3479 1661 3553">
    <p class='ocr_par' dir='ltr' id='par_1_65' title="bbox 21 3479 1661 3553">
     <span class='ocr_line' id='line_1_65' title="bbox 21 3479 1661 3553; baseline -0.001 -17"><span class='ocrx_word' id='word_1_665' title='bbox 21 3482 318 3553; x_wconf 68' lang='lat' dir='ltr'>nti-iusque</span> <span class='ocrx_word' id='word_1_666' title='bbox 347 3483 506 3537; x_wconf 87' lang='lat' dir='ltr'>enim</span> <span class='ocrx_word' id='word_1_667' title='bbox 533 3493 801 3536; x_wconf 80' lang='lat' dir='ltr'>centrum</span> <span class='ocrx_word' id='word_1_668' title='bbox 842 3484 933 3535; x_wconf 83' lang='lat' dir='ltr'>est</span> <span class='ocrx_word' id='word_1_669' title='bbox 961 3480 1022 3544; x_wconf 86' lang='grc' dir='ltr'>Β,</span> <span class='ocrx_word' id='word_1_670' title='bbox 1060 3484 1122 3534; x_wconf 92' lang='lat' dir='ltr'>ut</span> <span class='ocrx_word' id='word_1_671' title='bbox 1150 3479 1328 3534; x_wconf 88' lang='lat' dir='ltr'>etiam</span> <span class='ocrx_word' id='word_1_672' title='bbox 1382 3481 1661 3535; x_wconf 89' lang='lat' dir='ltr'>termino-</span> 
     </span>
    </p>
   </div>
   <div class='ocr_carea' id='block_1_66' title="bbox 21 3569 1665 3640">
    <p class='ocr_par' dir='ltr' id='par_1_66' title="bbox 21 3569 1665 3640">
     <span class='ocr_line' id='line_1_66' title="bbox 21 3569 1665 3640; baseline 0 -16"><span class='ocrx_word' id='word_1_673' title='bbox 21 3585 137 3624; x_wconf 77' lang='lat' dir='ltr'>&#39;um</span> <span class='ocrx_word' id='word_1_674' title='bbox 163 3575 214 3625; x_wconf 84' lang='grc' dir='ltr'>Α</span> <span class='ocrx_word' id='word_1_675' title='bbox 247 3573 307 3639; x_wconf 90' lang='grc' dir='ltr'>Β,</span> <span class='ocrx_word' id='word_1_676' title='bbox 334 3577 605 3625; x_wconf 79' lang='lat' dir='ltr'>centrum</span> <span class='ocrx_word' id='word_1_677' title='bbox 627 3575 714 3625; x_wconf 91' lang='lat' dir='ltr'>est</span> <span class='ocrx_word' id='word_1_678' title='bbox 737 3572 800 3624; x_wconf 88' lang='lat' dir='ltr'>N.</span> <span class='ocrx_word' id='word_1_679' title='bbox 825 3569 1000 3639; x_wconf 86' lang='lat' dir='ltr'>Atqui</span> <span class='ocrx_word' id='word_1_680' title='bbox 1023 3571 1066 3622; x_wconf 80' lang='grc' dir='ltr'><strong>Β</strong></span> <span class='ocrx_word' id='word_1_681' title='bbox 1085 3571 1141 3634; x_wconf 92' lang='grc' dir='ltr'>Β,</span> <span class='ocrx_word' id='word_1_682' title='bbox 1177 3569 1266 3636; x_wconf 91' lang='lat' dir='ltr'>lB,</span> <span class='ocrx_word' id='word_1_683' title='bbox 1291 3575 1426 3623; x_wconf 90' lang='lat' dir='ltr'>sunt</span> <span class='ocrx_word' id='word_1_684' title='bbox 1463 3585 1665 3640; x_wconf 88' lang='lat' dir='ltr'>aqua-</span> 
     </span>
    </p>
   </div>
   <div class='ocr_carea' id='block_1_67' title="bbox 24 3657 1658 3730">
    <p class='ocr_par' dir='ltr' id='par_1_67' title="bbox 24 3657 1658 3730">
     <span class='ocr_line' id='line_1_67' title="bbox 24 3657 1658 3730; baseline -0.001 -18"><span class='ocrx_word' id='word_1_685' title='bbox 24 3659 80 3713; x_wconf 91' lang='lat' dir='ltr'>ia</span> <span class='ocrx_word' id='word_1_686' title='bbox 101 3659 256 3730; x_wconf 90' lang='lat' dir='ltr'>ipsis</span> <span class='ocrx_word' id='word_1_687' title='bbox 283 3662 325 3714; x_wconf 88' lang='lat' dir='ltr'><strong>N</strong></span> <span class='ocrx_word' id='word_1_688' title='bbox 357 3661 415 3725; x_wconf 92' lang='grc' dir='ltr'>Β,</span> <span class='ocrx_word' id='word_1_689' title='bbox 448 3660 490 3714; x_wconf 83' lang='lat' dir='ltr'><strong>Y</strong></span> <span class='ocrx_word' id='word_1_690' title='bbox 525 3660 584 3714; x_wconf 87' lang='grc' dir='ltr'><strong>Β.</strong></span> <span class='ocrx_word' id='word_1_691' title='bbox 619 3660 770 3713; x_wconf 89' lang='lat' dir='ltr'>Nam</span> <span class='ocrx_word' id='word_1_692' title='bbox 795 3657 837 3708; x_wconf 91' lang='grc' dir='ltr'>Β</span> <span class='ocrx_word' id='word_1_693' title='bbox 865 3663 1136 3712; x_wconf 83' lang='lat' dir='ltr'>centrum</span> <span class='ocrx_word' id='word_1_694' title='bbox 1180 3663 1266 3712; x_wconf 89' lang='lat' dir='ltr'>est</span> <span class='ocrx_word' id='word_1_695' title='bbox 1316 3673 1658 3725; x_wconf 89' lang='lat' dir='ltr'>commune,</span> 
     </span>
    </p>
   </div>
   <div class='ocr_carea' id='block_1_68' title="bbox 24 3746 1662 3818">
    <p class='ocr_par' dir='ltr' id='par_1_68' title="bbox 24 3746 1662 3818">
     <span class='ocr_line' id='line_1_68' title="bbox 24 3746 1662 3818; baseline 0.001 -18"><span class='ocrx_word' id='word_1_696' title='bbox 24 3748 304 3803; x_wconf 89' lang='lat' dir='ltr'>)iameter</span> <span class='ocrx_word' id='word_1_697' title='bbox 331 3763 475 3818; x_wconf 92' lang='lat' dir='ltr'>ergo</span> <span class='ocrx_word' id='word_1_698' title='bbox 502 3749 546 3802; x_wconf 77' lang='grc' dir='ltr'>Β</span> <span class='ocrx_word' id='word_1_699' title='bbox 573 3747 614 3813; x_wconf 93' lang='lat' dir='ltr'>I,</span> <span class='ocrx_word' id='word_1_700' title='bbox 649 3746 854 3801; x_wconf 85' lang='lat' dir='ltr'>circuli</span> <span class='ocrx_word' id='word_1_701' title='bbox 886 3747 922 3802; x_wconf 90' lang='lat' dir='ltr'>S</span> <span class='ocrx_word' id='word_1_702' title='bbox 947 3747 1004 3808; x_wconf 86' lang='lat' dir='ltr'>L.</span> <span class='ocrx_word' id='word_1_703' title='bbox 1039 3751 1131 3801; x_wconf 89' lang='lat' dir='ltr'>est</span> <span class='ocrx_word' id='word_1_704' title='bbox 1154 3747 1405 3818; x_wconf 88' lang='lat' dir='ltr'>aqualis</span> <span class='ocrx_word' id='word_1_705' title='bbox 1437 3746 1662 3802; x_wconf 89' lang='lat' dir='ltr'>diame-</span> 
     </span>
    </p>
   </div>
   <div class='ocr_carea' id='block_1_69' title="bbox 25 3834 1662 3906">
    <p class='ocr_par' dir='ltr' id='par_1_69' title="bbox 25 3834 1662 3906">
     <span class='ocr_line' id='line_1_69' title="bbox 25 3834 1662 3906; baseline 0.001 -18"><span class='ocrx_word' id='word_1_706' title='bbox 25 3851 86 3891; x_wconf 92' lang='lat' dir='ltr'>ro</span> <span class='ocrx_word' id='word_1_707' title='bbox 142 3838 186 3892; x_wconf 82' lang='lat' dir='ltr'><strong>Y</strong></span> <span class='ocrx_word' id='word_1_708' title='bbox 238 3839 303 3906; x_wconf 87' lang='lat' dir='ltr'>N,</span> <span class='ocrx_word' id='word_1_709' title='bbox 364 3837 632 3901; x_wconf 87' lang='lat' dir='ltr'>Quorum</span> <span class='ocrx_word' id='word_1_710' title='bbox 690 3835 851 3890; x_wconf 89' lang='lat' dir='ltr'>enim</span> <span class='ocrx_word' id='word_1_711' title='bbox 905 3834 1171 3890; x_wconf 90' lang='lat' dir='ltr'>dimidia</span> <span class='ocrx_word' id='word_1_712' title='bbox 1251 3841 1450 3905; x_wconf 89' lang='lat' dir='ltr'>partes</span> <span class='ocrx_word' id='word_1_713' title='bbox 1521 3841 1662 3890; x_wconf 88' lang='lat' dir='ltr'>sunt</span> 
     </span>
    </p>
   </div>
   <div class='ocr_carea' id='block_1_70' title="bbox 23 3923 1661 3997">
    <p class='ocr_par' dir='ltr' id='par_1_70' title="bbox 23 3923 1661 3997">
     <span class='ocr_line' id='line_1_70' title="bbox 23 3923 1661 3997; baseline 0.001 -19"><span class='ocrx_word' id='word_1_714' title='bbox 23 3924 288 3996; x_wconf 73' lang='lat' dir='ltr'>aquales,</span> <span class='ocrx_word' id='word_1_715' title='bbox 319 3925 453 3997; x_wconf 87' lang='lat' dir='ltr'>ipsa</span> <span class='ocrx_word' id='word_1_716' title='bbox 483 3929 607 3980; x_wconf 91' lang='lat' dir='ltr'>tota</span> <span class='ocrx_word' id='word_1_717' title='bbox 637 3928 776 3979; x_wconf 91' lang='lat' dir='ltr'>sunt</span> <span class='ocrx_word' id='word_1_718' title='bbox 798 3923 1076 3996; x_wconf 90' lang='lat' dir='ltr'>aqualia.</span> <span class='ocrx_word' id='word_1_719' title='bbox 1107 3925 1186 3978; x_wconf 82' lang='lat' dir='ltr'>Ex</span> <span class='ocrx_word' id='word_1_720' title='bbox 1199 3924 1410 3979; x_wconf 86' lang='lat' dir='ltr'>eadem</span> <span class='ocrx_word' id='word_1_721' title='bbox 1432 3924 1661 3980; x_wconf 85' lang='lat' dir='ltr'>ratione</span> 
     </span>
    </p>
   </div>
   <div class='ocr_carea' id='block_1_71' title="bbox 25 4011 1660 4083">
    <p class='ocr_par' dir='ltr' id='par_1_71' title="bbox 25 4011 1660 4083">
     <span class='ocr_line' id='line_1_71' title="bbox 25 4011 1660 4083; baseline 0.002 -19"><span class='ocrx_word' id='word_1_722' title='bbox 25 4018 61 4066; x_wconf 69' lang='lat' dir='ltr'>ut</span> <span class='ocrx_word' id='word_1_723' title='bbox 87 4029 149 4068; x_wconf 91' lang='lat' dir='ltr'>se</span> <span class='ocrx_word' id='word_1_724' title='bbox 176 4012 423 4068; x_wconf 87' lang='lat' dir='ltr'>habetN</span> <span class='ocrx_word' id='word_1_725' title='bbox 471 4012 549 4067; x_wconf 85' lang='lat' dir='ltr'>ad</span> <span class='ocrx_word' id='word_1_726' title='bbox 604 4015 647 4081; x_wconf 86' lang='lat' dir='ltr'>l,</span> <span class='ocrx_word' id='word_1_727' title='bbox 694 4012 776 4067; x_wconf 90' lang='lat' dir='ltr'>ita</span> <span class='ocrx_word' id='word_1_728' title='bbox 818 4012 998 4066; x_wconf 88' lang='lat' dir='ltr'>etiam</span> <span class='ocrx_word' id='word_1_729' title='bbox 1052 4014 1089 4066; x_wconf 92' lang='lat' dir='ltr'><strong><em>Z</em></strong></span> <span class='ocrx_word' id='word_1_730' title='bbox 1150 4011 1229 4066; x_wconf 90' lang='lat' dir='ltr'>ad</span> <span class='ocrx_word' id='word_1_731' title='bbox 1286 4013 1306 4064; x_wconf 92' lang='lat' dir='ltr'>l</span> <span class='ocrx_word' id='word_1_732' title='bbox 1354 4012 1660 4083; x_wconf 90' lang='lat' dir='ltr'>utriusque</span> 
     </span>
    </p>
   </div>
   <div class='ocr_carea' id='block_1_72' title="bbox 25 4101 1654 4172">
    <p class='ocr_par' dir='ltr' id='par_1_72' title="bbox 25 4101 1654 4172">
     <span class='ocr_line' id='line_1_72' title="bbox 25 4101 1654 4172; baseline 0.002 -21"><span class='ocrx_word' id='word_1_733' title='bbox 25 4101 163 4156; x_wconf 79' lang='lat' dir='ltr'>:nim</span> <span class='ocrx_word' id='word_1_734' title='bbox 194 4106 464 4157; x_wconf 88' lang='lat' dir='ltr'>centrum</span> <span class='ocrx_word' id='word_1_735' title='bbox 504 4105 596 4156; x_wconf 90' lang='lat' dir='ltr'>est</span> <span class='ocrx_word' id='word_1_736' title='bbox 626 4103 664 4154; x_wconf 92' lang='lat' dir='ltr'>l.</span> <span class='ocrx_word' id='word_1_737' title='bbox 691 4103 817 4156; x_wconf 87' lang='lat' dir='ltr'>Non</span> <span class='ocrx_word' id='word_1_738' title='bbox 851 4116 1024 4155; x_wconf 92' lang='lat' dir='ltr'>secus</span> <span class='ocrx_word' id='word_1_739' title='bbox 1047 4106 1226 4172; x_wconf 91' lang='lat' dir='ltr'>atque</span> <span class='ocrx_word' id='word_1_740' title='bbox 1263 4101 1654 4155; x_wconf 90' lang='lat' dir='ltr'>terminorum</span> 
     </span>
    </p>
   </div>
   <div class='ocr_carea' id='block_1_73' title="bbox 25 4188 1662 4260">
    <p class='ocr_par' dir='ltr' id='par_1_73' title="bbox 25 4188 1662 4260">
     <span class='ocr_line' id='line_1_73' title="bbox 25 4188 1662 4260; baseline 0 -16"><span class='ocrx_word' id='word_1_741' title='bbox 25 4191 399 4255; x_wconf 76' lang='lat' dir='ltr'>)lcentrum</span> <span class='ocrx_word' id='word_1_742' title='bbox 429 4196 520 4246; x_wconf 90' lang='lat' dir='ltr'>est</span> <span class='ocrx_word' id='word_1_743' title='bbox 544 4193 608 4245; x_wconf 88' lang='lat' dir='ltr'>N.</span> <span class='ocrx_word' id='word_1_744' title='bbox 639 4188 818 4260; x_wconf 79' lang='lat' dir='ltr'>Atqui</span> <span class='ocrx_word' id='word_1_745' title='bbox 861 4189 904 4242; x_wconf 91' lang='grc' dir='ltr'>Β</span> <span class='ocrx_word' id='word_1_746' title='bbox 962 4189 982 4242; x_wconf 95' lang='grc' dir='ltr'><strong>Ι</strong></span> <span class='ocrx_word' id='word_1_747' title='bbox 1028 4193 1066 4243; x_wconf 90' lang='grc' dir='ltr'><strong>Χ</strong></span> <span class='ocrx_word' id='word_1_748' title='bbox 1121 4189 1142 4242; x_wconf 97' lang='lat' dir='ltr'>I</span> <span class='ocrx_word' id='word_1_749' title='bbox 1199 4188 1458 4260; x_wconf 84' lang='lat' dir='ltr'>aqualia</span> <span class='ocrx_word' id='word_1_750' title='bbox 1524 4195 1662 4244; x_wconf 90' lang='lat' dir='ltr'>sunt</span> 
     </span>
    </p>
   </div>
   <div class='ocr_carea' id='block_1_74' title="bbox 26 4277 1662 4344">
    <p class='ocr_par' dir='ltr' id='par_1_74' title="bbox 26 4277 1662 4344">
     <span class='ocr_line' id='line_1_74' title="bbox 26 4277 1662 4344; baseline 0.001 -12"><span class='ocrx_word' id='word_1_751' title='bbox 26 4277 116 4332; x_wconf 90' lang='lat' dir='ltr'>llis</span> <span class='ocrx_word' id='word_1_752' title='bbox 142 4281 185 4333; x_wconf 88' lang='lat' dir='ltr'><strong>N</strong></span> <span class='ocrx_word' id='word_1_753' title='bbox 220 4279 241 4332; x_wconf 92' lang='lat' dir='ltr'>l</span> <span class='ocrx_word' id='word_1_754' title='bbox 272 4281 308 4334; x_wconf 91' lang='grc' dir='ltr'><strong>Ζ</strong></span> <span class='ocrx_word' id='word_1_755' title='bbox 339 4281 359 4332; x_wconf 91' lang='lat' dir='ltr'>l</span> <span class='ocrx_word' id='word_1_756' title='bbox 393 4294 407 4344; x_wconf 92' lang='lat'>;</span> <span class='ocrx_word' id='word_1_757' title='bbox 435 4293 571 4333; x_wconf 89' lang='lat' dir='ltr'>nam</span> <span class='ocrx_word' id='word_1_758' title='bbox 602 4279 954 4332; x_wconf 90' lang='lat' dir='ltr'>[commune</span> <span class='ocrx_word' id='word_1_759' title='bbox 976 4283 1239 4332; x_wconf 86' lang='lat' dir='ltr'>centrum</span> <span class='ocrx_word' id='word_1_760' title='bbox 1253 4281 1358 4333; x_wconf 90' lang='lat' dir='ltr'>est.</span> <span class='ocrx_word' id='word_1_761' title='bbox 1381 4277 1662 4334; x_wconf 88' lang='lat' dir='ltr'>Diameter</span> 
     </span>
    </p>
   </div>
   <div class='ocr_carea' id='block_1_75' title="bbox 25 4365 1661 4437">
    <p class='ocr_par' dir='ltr' id='par_1_75' title="bbox 25 4365 1661 4437">
     <span class='ocr_line' id='line_1_75' title="bbox 25 4365 1661 4437; baseline 0.002 -17"><span class='ocrx_word' id='word_1_762' title='bbox 25 4382 148 4436; x_wconf 65' lang='lat' dir='ltr'>ergo</span> <span class='ocrx_word' id='word_1_763' title='bbox 180 4370 222 4423; x_wconf 95' lang='grc' dir='ltr'><strong>Β</strong></span> <span class='ocrx_word' id='word_1_764' title='bbox 263 4369 322 4437; x_wconf 87' lang='grc' dir='ltr'>Χ,</span> <span class='ocrx_word' id='word_1_765' title='bbox 353 4365 556 4422; x_wconf 86' lang='lat' dir='ltr'>circuli</span> <span class='ocrx_word' id='word_1_766' title='bbox 586 4368 625 4422; x_wconf 90' lang='lat' dir='ltr'>F</span> <span class='ocrx_word' id='word_1_767' title='bbox 653 4368 714 4436; x_wconf 90' lang='grc' dir='ltr'>Τ,</span> <span class='ocrx_word' id='word_1_768' title='bbox 746 4365 995 4437; x_wconf 83' lang='lat' dir='ltr'>aqualis</span> <span class='ocrx_word' id='word_1_769' title='bbox 1035 4371 1122 4420; x_wconf 87' lang='lat' dir='ltr'>est</span> <span class='ocrx_word' id='word_1_770' title='bbox 1167 4365 1460 4422; x_wconf 85' lang='lat' dir='ltr'>diametro</span> <span class='ocrx_word' id='word_1_771' title='bbox 1497 4373 1536 4418; x_wconf 87' lang='lat' dir='ltr'><strong>Z</strong></span> <span class='ocrx_word' id='word_1_772' title='bbox 1594 4369 1661 4424; x_wconf 93' lang='grc' dir='ltr'>Ν.</span> 
     </span>
    </p>
   </div>
   <div class='ocr_carea' id='block_1_76' title="bbox 1766 3210 3416 3284">
    <p class='ocr_par' dir='ltr' id='par_1_76' title="bbox 1766 3210 3416 3284">
     <span class='ocr_line' id='line_1_76' title="bbox 1766 3210 3416 3284; baseline 0 -16"><span class='ocrx_word' id='word_1_773' title='bbox 1766 3213 1946 3268; x_wconf 86' lang='lat' dir='ltr'>etiam</span> <span class='ocrx_word' id='word_1_774' title='bbox 1972 3215 2019 3265; x_wconf 85' lang='lat' dir='ltr'><strong>A</strong></span> <span class='ocrx_word' id='word_1_775' title='bbox 2052 3215 2088 3266; x_wconf 91' lang='grc' dir='ltr'>Β</span> <span class='ocrx_word' id='word_1_776' title='bbox 2109 3211 2217 3266; x_wconf 91' lang='lat' dir='ltr'>erit</span> <span class='ocrx_word' id='word_1_777' title='bbox 2245 3211 2492 3284; x_wconf 85' lang='lat' dir='ltr'>aequalis</span> <span class='ocrx_word' id='word_1_778' title='bbox 2522 3210 2814 3266; x_wconf 88' lang='lat' dir='ltr'>diametro</span> <span class='ocrx_word' id='word_1_779' title='bbox 2842 3214 2885 3266; x_wconf 86' lang='lat' dir='ltr'><strong>N</strong></span> <span class='ocrx_word' id='word_1_780' title='bbox 2913 3214 2976 3282; x_wconf 89' lang='lat' dir='ltr'>Y,</span> <span class='ocrx_word' id='word_1_781' title='bbox 3003 3217 3058 3267; x_wconf 93' lang='lat' dir='ltr'>et</span> <span class='ocrx_word' id='word_1_782' title='bbox 3102 3215 3145 3268; x_wconf 78' lang='grc' dir='ltr'><strong>Β</strong></span> <span class='ocrx_word' id='word_1_783' title='bbox 3218 3215 3236 3267; x_wconf 86' lang='grc' dir='ltr'>Ι</span> <span class='ocrx_word' id='word_1_784' title='bbox 3284 3212 3416 3268; x_wconf 90' lang='lat' dir='ltr'>dia-</span> 
     </span>
    </p>
   </div>
   <div class='ocr_carea' id='block_1_77' title="bbox 1767 3299 3417 3373">
    <p class='ocr_par' dir='ltr' id='par_1_77' title="bbox 1767 3299 3417 3373">
     <span class='ocr_line' id='line_1_77' title="bbox 1767 3299 3417 3373; baseline 0.001 -17"><span class='ocrx_word' id='word_1_785' title='bbox 1767 3306 1954 3356; x_wconf 88' lang='lat' dir='ltr'>meter</span> <span class='ocrx_word' id='word_1_786' title='bbox 1982 3299 2230 3373; x_wconf 87' lang='lat' dir='ltr'>aqualis</span> <span class='ocrx_word' id='word_1_787' title='bbox 2285 3299 2580 3355; x_wconf 89' lang='lat' dir='ltr'>diametro</span> <span class='ocrx_word' id='word_1_788' title='bbox 2639 3301 2675 3354; x_wconf 87' lang='grc' dir='ltr'><strong>Β</strong></span> <span class='ocrx_word' id='word_1_789' title='bbox 2724 3301 2785 3367; x_wconf 86' lang='grc' dir='ltr'>Χ,</span> <span class='ocrx_word' id='word_1_790' title='bbox 2833 3303 2889 3355; x_wconf 92' lang='lat' dir='ltr'>et</span> <span class='ocrx_word' id='word_1_791' title='bbox 2939 3299 3230 3356; x_wconf 88' lang='lat' dir='ltr'>diameter</span> <span class='ocrx_word' id='word_1_792' title='bbox 3283 3302 3325 3354; x_wconf 91' lang='lat' dir='ltr'><strong><em>Z</em></strong></span> <span class='ocrx_word' id='word_1_793' title='bbox 3372 3303 3417 3357; x_wconf 85' lang='lat' dir='ltr'><strong>N</strong></span> 
     </span>
    </p>
   </div>
   <div class='ocr_carea' id='block_1_78' title="bbox 1767 3387 3418 3462">
    <p class='ocr_par' dir='ltr' id='par_1_78' title="bbox 1767 3387 3418 3462">
     <span class='ocr_line' id='line_1_78' title="bbox 1767 3387 3418 3462; baseline 0 -18"><span class='ocrx_word' id='word_1_794' title='bbox 1767 3389 2015 3461; x_wconf 89' lang='lat' dir='ltr'>aqualis</span> <span class='ocrx_word' id='word_1_795' title='bbox 2037 3389 2378 3445; x_wconf 78' lang='lat' dir='ltr'>diametro!</span> <span class='ocrx_word' id='word_1_796' title='bbox 2420 3389 2486 3458; x_wconf 78' lang='grc' dir='ltr'>Ο,</span> <span class='ocrx_word' id='word_1_797' title='bbox 2529 3391 2584 3443; x_wconf 90' lang='lat' dir='ltr'>et</span> <span class='ocrx_word' id='word_1_798' title='bbox 2611 3387 2900 3444; x_wconf 87' lang='lat' dir='ltr'>diameter</span> <span class='ocrx_word' id='word_1_799' title='bbox 2934 3391 3016 3444; x_wconf 91' lang='lat' dir='ltr'>FF</span> <span class='ocrx_word' id='word_1_800' title='bbox 3066 3393 3108 3445; x_wconf 88' lang='grc' dir='ltr'>Ν</span> <span class='ocrx_word' id='word_1_801' title='bbox 3168 3389 3418 3462; x_wconf 86' lang='lat' dir='ltr'>aqualis</span> 
     </span>
    </p>
   </div>
   <div class='ocr_carea' id='block_1_79' title="bbox 1768 3477 3418 3550">
    <p class='ocr_par' dir='ltr' id='par_1_79' title="bbox 1768 3477 3418 3550">
     <span class='ocr_line' id='line_1_79' title="bbox 1768 3477 3418 3550; baseline 0 -16"><span class='ocrx_word' id='word_1_802' title='bbox 1768 3479 2060 3534; x_wconf 88' lang='lat' dir='ltr'>diametro</span> <span class='ocrx_word' id='word_1_803' title='bbox 2091 3479 2134 3534; x_wconf 95' lang='lat' dir='ltr'><strong>U</strong></span> <span class='ocrx_word' id='word_1_804' title='bbox 2158 3478 2201 3530; x_wconf 92' lang='lat' dir='ltr'><strong>D</strong></span> <span class='ocrx_word' id='word_1_805' title='bbox 2234 3496 2248 3544; x_wconf 88' lang='lat'><strong>;</strong></span> <span class='ocrx_word' id='word_1_806' title='bbox 2276 3483 2332 3532; x_wconf 88' lang='lat' dir='ltr'>et</span> <span class='ocrx_word' id='word_1_807' title='bbox 2352 3477 2700 3533; x_wconf 81' lang='lat' dir='ltr'>diameterx</span> <span class='ocrx_word' id='word_1_808' title='bbox 2736 3482 2776 3532; x_wconf 75' lang='grc' dir='ltr'><strong>Α</strong></span> <span class='ocrx_word' id='word_1_809' title='bbox 2816 3477 3065 3550; x_wconf 85' lang='lat' dir='ltr'>aqualis</span> <span class='ocrx_word' id='word_1_810' title='bbox 3124 3477 3418 3534; x_wconf 88' lang='lat' dir='ltr'>diametro</span> 
     </span>
    </p>
   </div>
   <div class='ocr_carea' id='block_1_80' title="bbox 1771 3565 3417 3640">
    <p class='ocr_par' dir='ltr' id='par_1_80' title="bbox 1771 3565 3417 3640">
     <span class='ocr_line' id='line_1_80' title="bbox 1771 3565 3417 3640; baseline 0 -16"><span class='ocrx_word' id='word_1_811' title='bbox 1771 3571 1812 3624; x_wconf 89' lang='lat' dir='ltr'>U</span> <span class='ocrx_word' id='word_1_812' title='bbox 1845 3568 1884 3624; x_wconf 93' lang='lat' dir='ltr'><strong>C</strong></span> <span class='ocrx_word' id='word_1_813' title='bbox 1907 3585 1919 3636; x_wconf 95' lang='lat'><strong>;</strong></span> <span class='ocrx_word' id='word_1_814' title='bbox 1943 3567 2204 3639; x_wconf 90' lang='lat' dir='ltr'>denique</span> <span class='ocrx_word' id='word_1_815' title='bbox 2228 3566 2475 3636; x_wconf 88' lang='lat' dir='ltr'>singula</span> <span class='ocrx_word' id='word_1_816' title='bbox 2497 3565 2746 3636; x_wconf 83' lang='lat' dir='ltr'>singulis</span> <span class='ocrx_word' id='word_1_817' title='bbox 2780 3572 2920 3622; x_wconf 88' lang='lat' dir='ltr'>sunt</span> <span class='ocrx_word' id='word_1_818' title='bbox 2946 3567 3210 3640; x_wconf 87' lang='lat' dir='ltr'>aquales</span> <span class='ocrx_word' id='word_1_819' title='bbox 3236 3587 3248 3638; x_wconf 90' lang='lat'><strong>;</strong></span> <span class='ocrx_word' id='word_1_820' title='bbox 3274 3584 3417 3625; x_wconf 89' lang='lat' dir='ltr'>nam</span> 
     </span>
    </p>
   </div>
   <div class='ocr_carea' id='block_1_81' title="bbox 1769 3654 3419 3729">
    <p class='ocr_par' dir='ltr' id='par_1_81' title="bbox 1769 3654 3419 3729">
     <span class='ocr_line' id='line_1_81' title="bbox 1769 3654 3419 3729; baseline 0.002 -18"><span class='ocrx_word' id='word_1_821' title='bbox 1769 3673 1906 3729; x_wconf 88' lang='lat' dir='ltr'>qua</span> <span class='ocrx_word' id='word_1_822' title='bbox 1944 3655 2139 3711; x_wconf 84' lang='lat' dir='ltr'>eidem</span> <span class='ocrx_word' id='word_1_823' title='bbox 2175 3660 2312 3710; x_wconf 87' lang='lat' dir='ltr'>sunt</span> <span class='ocrx_word' id='word_1_824' title='bbox 2337 3654 2706 3727; x_wconf 87' lang='lat' dir='ltr'>aqualiailla</span> <span class='ocrx_word' id='word_1_825' title='bbox 2724 3655 2877 3711; x_wconf 89' lang='lat' dir='ltr'>inter</span> <span class='ocrx_word' id='word_1_826' title='bbox 2893 3673 2955 3712; x_wconf 91' lang='lat' dir='ltr'>se</span> <span class='ocrx_word' id='word_1_827' title='bbox 2987 3657 3419 3729; x_wconf 88' lang='lat' dir='ltr'>suntaqualia.</span> 
     </span>
    </p>
   </div>
   <div class='ocr_carea' id='block_1_82' title="bbox 1768 3743 3418 3816">
    <p class='ocr_par' dir='ltr' id='par_1_82' title="bbox 1768 3743 3418 3816">
     <span class='ocr_line' id='line_1_82' title="bbox 1768 3743 3418 3816; baseline 0.001 -16"><span class='ocrx_word' id='word_1_828' title='bbox 1768 3747 1832 3800; x_wconf 91' lang='lat' dir='ltr'>Et</span> <span class='ocrx_word' id='word_1_829' title='bbox 1864 3746 1906 3810; x_wconf 81' lang='grc' dir='ltr'><strong>Ο</strong></span> <span class='ocrx_word' id='word_1_830' title='bbox 1949 3745 1998 3798; x_wconf 88' lang='grc' dir='ltr'>Η</span> <span class='ocrx_word' id='word_1_831' title='bbox 2022 3747 2056 3800; x_wconf 94' lang='lat' dir='ltr'><strong>S</strong></span> <span class='ocrx_word' id='word_1_832' title='bbox 2087 3745 2128 3798; x_wconf 90' lang='lat' dir='ltr'><strong>L</strong></span> <span class='ocrx_word' id='word_1_833' title='bbox 2158 3743 2259 3799; x_wconf 90' lang='lat' dir='ltr'>FT</span> <span class='ocrx_word' id='word_1_834' title='bbox 2290 3745 2332 3799; x_wconf 93' lang='grc' dir='ltr'>Ο</span> <span class='ocrx_word' id='word_1_835' title='bbox 2362 3745 2477 3800; x_wconf 82' lang='grc' dir='ltr'><strong>ΚΜ</strong></span> <span class='ocrx_word' id='word_1_836' title='bbox 2535 3745 2576 3799; x_wconf 91' lang='lat' dir='ltr'><strong>G</strong></span> <span class='ocrx_word' id='word_1_837' title='bbox 2634 3749 2776 3799; x_wconf 90' lang='lat' dir='ltr'>sunt</span> <span class='ocrx_word' id='word_1_838' title='bbox 2813 3745 3092 3816; x_wconf 78' lang='lat' dir='ltr'>aquales,</span> <span class='ocrx_word' id='word_1_839' title='bbox 3153 3744 3354 3801; x_wconf 86' lang='lat' dir='ltr'>circuli</span> <span class='ocrx_word' id='word_1_840' title='bbox 3403 3765 3418 3816; x_wconf 85' lang='lat'><strong>;</strong></span> 
     </span>
    </p>
   </div>
   <div class='ocr_carea' id='block_1_83' title="bbox 1767 3831 3420 3908">
    <p class='ocr_par' dir='ltr' id='par_1_83' title="bbox 1767 3831 3420 3908">
     <span class='ocr_line' id='line_1_83' title="bbox 1767 3831 3420 3908; baseline 0 -19"><span class='ocrx_word' id='word_1_841' title='bbox 1767 3850 1911 3890; x_wconf 87' lang='lat' dir='ltr'>nam</span> <span class='ocrx_word' id='word_1_842' title='bbox 1933 3833 2162 3903; x_wconf 87' lang='lat' dir='ltr'>ﬁgura,</span> <span class='ocrx_word' id='word_1_843' title='bbox 2193 3848 2452 3904; x_wconf 87' lang='lat' dir='ltr'>quarum</span> <span class='ocrx_word' id='word_1_844' title='bbox 2483 3831 2758 3888; x_wconf 88' lang='lat' dir='ltr'>diametri</span> <span class='ocrx_word' id='word_1_845' title='bbox 2787 3837 2925 3890; x_wconf 90' lang='lat' dir='ltr'>sunt</span> <span class='ocrx_word' id='word_1_846' title='bbox 2953 3833 3239 3908; x_wconf 84' lang='lat' dir='ltr'>aquales,</span> <span class='ocrx_word' id='word_1_847' title='bbox 3270 3834 3420 3908; x_wconf 87' lang='lat' dir='ltr'>ipsa</span> 
     </span>
    </p>
   </div>
   <div class='ocr_carea' id='block_1_84' title="bbox 1765 3920 3421 3994">
    <p class='ocr_par' dir='ltr' id='par_1_84' title="bbox 1765 3920 3421 3994">
     <span class='ocr_line' id='line_1_84' title="bbox 1765 3920 3421 3994; baseline 0 -16"><span class='ocrx_word' id='word_1_848' title='bbox 1765 3923 1919 3978; x_wconf 88' lang='lat' dir='ltr'>inter</span> <span class='ocrx_word' id='word_1_849' title='bbox 1935 3939 1996 3978; x_wconf 92' lang='lat' dir='ltr'>se</span> <span class='ocrx_word' id='word_1_850' title='bbox 2031 3926 2170 3977; x_wconf 91' lang='lat' dir='ltr'>sunt</span> <span class='ocrx_word' id='word_1_851' title='bbox 2202 3920 2465 3993; x_wconf 88' lang='lat' dir='ltr'>aquales</span> <span class='ocrx_word' id='word_1_852' title='bbox 2509 3938 2522 3988; x_wconf 91' lang='lat'><strong>;</strong></span> <span class='ocrx_word' id='word_1_853' title='bbox 2556 3925 2612 3976; x_wconf 91' lang='lat' dir='ltr'>et</span> <span class='ocrx_word' id='word_1_854' title='bbox 2640 3920 2804 3992; x_wconf 90' lang='lat' dir='ltr'>quod</span> <span class='ocrx_word' id='word_1_855' title='bbox 2825 3937 2897 3976; x_wconf 84' lang='lat' dir='ltr'>ex</span> <span class='ocrx_word' id='word_1_856' title='bbox 2927 3921 3071 3994; x_wconf 90' lang='lat' dir='ltr'>ipsis</span> <span class='ocrx_word' id='word_1_857' title='bbox 3117 3922 3421 3978; x_wconf 86' lang='lat' dir='ltr'>diametris</span> 
     </span>
    </p>
   </div>
   <div class='ocr_carea' id='block_1_85' title="bbox 1767 4008 3419 4084">
    <p class='ocr_par' dir='ltr' id='par_1_85' title="bbox 1767 4008 3419 4084">
     <span class='ocr_line' id='line_1_85' title="bbox 1767 4008 3419 4084; baseline 0.001 -18"><span class='ocrx_word' id='word_1_858' title='bbox 1767 4011 2145 4066; x_wconf 87' lang='lat' dir='ltr'>constituitur</span> <span class='ocrx_word' id='word_1_859' title='bbox 2175 4008 2541 4079; x_wconf 88' lang='lat' dir='ltr'>triangulum</span> <span class='ocrx_word' id='word_1_860' title='bbox 2565 4009 2794 4082; x_wconf 88' lang='lat' dir='ltr'>aquale</span> <span class='ocrx_word' id='word_1_861' title='bbox 2826 4015 2932 4066; x_wconf 89' lang='lat' dir='ltr'>est.</span> <span class='ocrx_word' id='word_1_862' title='bbox 2958 4010 3253 4066; x_wconf 88' lang='lat' dir='ltr'>Diameter</span> <span class='ocrx_word' id='word_1_863' title='bbox 3276 4027 3419 4084; x_wconf 88' lang='lat' dir='ltr'>ergo</span> 
     </span>
    </p>
   </div>
   <div class='ocr_carea' id='block_1_86' title="bbox 1767 4097 3420 4170">
    <p class='ocr_par' dir='ltr' id='par_1_86' title="bbox 1767 4097 3420 4170">
     <span class='ocr_line' id='line_1_86' title="bbox 1767 4097 3420 4170; baseline 0.001 -16"><span class='ocrx_word' id='word_1_864' title='bbox 1767 4103 1814 4154; x_wconf 80' lang='grc' dir='ltr'><strong>Α</strong></span> <span class='ocrx_word' id='word_1_865' title='bbox 1853 4101 1915 4167; x_wconf 90' lang='grc' dir='ltr'>Β,</span> <span class='ocrx_word' id='word_1_866' title='bbox 1950 4098 2154 4155; x_wconf 89' lang='lat' dir='ltr'>circuli</span> <span class='ocrx_word' id='word_1_867' title='bbox 2185 4100 2226 4155; x_wconf 91' lang='lat' dir='ltr'>G</span> <span class='ocrx_word' id='word_1_868' title='bbox 2250 4099 2298 4152; x_wconf 93' lang='lat' dir='ltr'><strong>H</strong></span> <span class='ocrx_word' id='word_1_869' title='bbox 2318 4102 2582 4154; x_wconf 85' lang='lat' dir='ltr'>assumat</span> <span class='ocrx_word' id='word_1_870' title='bbox 2602 4097 2891 4170; x_wconf 89' lang='lat' dir='ltr'>aqualem</span> <span class='ocrx_word' id='word_1_871' title='bbox 2913 4099 3026 4154; x_wconf 87' lang='lat' dir='ltr'>sibi</span> <span class='ocrx_word' id='word_1_872' title='bbox 3065 4099 3420 4156; x_wconf 87' lang='lat' dir='ltr'>diametrum</span> 
     </span>
    </p>
   </div>
   <div class='ocr_carea' id='block_1_87' title="bbox 1768 4186 3422 4258">
    <p class='ocr_par' dir='ltr' id='par_1_87' title="bbox 1768 4186 3422 4258">
     <span class='ocr_line' id='line_1_87' title="bbox 1768 4186 3422 4258; baseline -0.002 -15"><span class='ocrx_word' id='word_1_873' title='bbox 1768 4193 1817 4243; x_wconf 85' lang='lat' dir='ltr'><strong>A</strong></span> <span class='ocrx_word' id='word_1_874' title='bbox 1853 4191 1891 4243; x_wconf 87' lang='grc' dir='ltr'><strong>Χ</strong></span> <span class='ocrx_word' id='word_1_875' title='bbox 1924 4187 2125 4243; x_wconf 87' lang='lat' dir='ltr'>circuli</span> <span class='ocrx_word' id='word_1_876' title='bbox 2161 4188 2202 4243; x_wconf 96' lang='grc' dir='ltr'><strong>Ο</strong></span> <span class='ocrx_word' id='word_1_877' title='bbox 2225 4187 2278 4240; x_wconf 92' lang='grc' dir='ltr'><strong><em>Κ</em></strong></span> <span class='ocrx_word' id='word_1_878' title='bbox 2304 4206 2316 4255; x_wconf 88' lang='grc'><strong>;</strong></span> <span class='ocrx_word' id='word_1_879' title='bbox 2346 4191 2402 4241; x_wconf 89' lang='lat' dir='ltr'>et</span> <span class='ocrx_word' id='word_1_880' title='bbox 2420 4186 2554 4258; x_wconf 88' lang='lat' dir='ltr'>ipsa</span> <span class='ocrx_word' id='word_1_881' title='bbox 2585 4193 2855 4243; x_wconf 85' lang='lat' dir='ltr'>assumat</span> <span class='ocrx_word' id='word_1_882' title='bbox 2878 4186 3240 4243; x_wconf 88' lang='lat' dir='ltr'>diametrum</span> <span class='ocrx_word' id='word_1_883' title='bbox 3274 4188 3331 4242; x_wconf 79' lang='grc' dir='ltr'>Χ</span> <span class='ocrx_word' id='word_1_884' title='bbox 3379 4187 3422 4240; x_wconf 93' lang='grc' dir='ltr'>Β</span> 
     </span>
    </p>
   </div>
   <div class='ocr_carea' id='block_1_88' title="bbox 1770 4274 3422 4348">
    <p class='ocr_par' dir='ltr' id='par_1_88' title="bbox 1770 4274 3422 4348">
     <span class='ocr_line' id='line_1_88' title="bbox 1770 4274 3422 4348; baseline -0.001 -15"><span class='ocrx_word' id='word_1_885' title='bbox 1770 4277 2032 4333; x_wconf 87' lang='lat' dir='ltr'>circuliF</span> <span class='ocrx_word' id='word_1_886' title='bbox 2056 4279 2113 4332; x_wconf 93' lang='lat' dir='ltr'>T.</span> <span class='ocrx_word' id='word_1_887' title='bbox 2157 4277 2440 4348; x_wconf 87' lang='lat' dir='ltr'>Fiantque</span> <span class='ocrx_word' id='word_1_888' title='bbox 2486 4274 2675 4330; x_wconf 88' lang='lat' dir='ltr'>latera</span> <span class='ocrx_word' id='word_1_889' title='bbox 2720 4281 2777 4332; x_wconf 91' lang='lat' dir='ltr'>et</span> <span class='ocrx_word' id='word_1_890' title='bbox 2819 4276 3213 4333; x_wconf 88' lang='lat' dir='ltr'>constituatur</span> <span class='ocrx_word' id='word_1_891' title='bbox 3244 4277 3422 4334; x_wconf 89' lang='lat' dir='ltr'>trian-</span> 
     </span>
    </p>
   </div>
   <div class='ocr_carea' id='block_1_89' title="bbox 1770 4364 3423 4438">
    <p class='ocr_par' dir='ltr' id='par_1_89' title="bbox 1770 4364 3423 4438">
     <span class='ocr_line' id='line_1_89' title="bbox 1770 4364 3423 4438; baseline 0.001 -17"><span class='ocrx_word' id='word_1_892' title='bbox 1770 4365 1978 4437; x_wconf 90' lang='lat' dir='ltr'>gulum</span> <span class='ocrx_word' id='word_1_893' title='bbox 2007 4370 2050 4421; x_wconf 83' lang='lat' dir='ltr'><strong>A</strong></span> <span class='ocrx_word' id='word_1_894' title='bbox 2088 4371 2126 4423; x_wconf 90' lang='lat' dir='ltr'>C</span> <span class='ocrx_word' id='word_1_895' title='bbox 2148 4368 2209 4423; x_wconf 80' lang='lat' dir='ltr'>X‘.</span> <span class='ocrx_word' id='word_1_896' title='bbox 2235 4365 2532 4431; x_wconf 88' lang='lat' dir='ltr'>Quoniam</span> <span class='ocrx_word' id='word_1_897' title='bbox 2547 4364 2730 4434; x_wconf 89' lang='lat' dir='ltr'>igitur</span> <span class='ocrx_word' id='word_1_898' title='bbox 2744 4364 3010 4438; x_wconf 89' lang='lat' dir='ltr'>aquales</span> <span class='ocrx_word' id='word_1_899' title='bbox 3035 4372 3172 4422; x_wconf 91' lang='lat' dir='ltr'>sunt</span> <span class='ocrx_word' id='word_1_900' title='bbox 3197 4366 3423 4423; x_wconf 88' lang='lat' dir='ltr'>diame-</span> 
     </span>
    </p>
   </div>
   <div class='ocr_carea' id='block_1_90' title="bbox 27 4453 3424 4534">
    <p class='ocr_par' dir='ltr' id='par_1_90' title="bbox 27 4453 3424 4534">
     <span class='ocr_line' id='line_1_90' title="bbox 27 4453 3424 4534; baseline 0 -22"><span class='ocrx_word' id='word_1_901' title='bbox 27 4457 279 4520; x_wconf 69' lang='lat' dir='ltr'>luorum</span> <span class='ocrx_word' id='word_1_902' title='bbox 302 4456 462 4512; x_wconf 89' lang='lat' dir='ltr'>enim</span> <span class='ocrx_word' id='word_1_903' title='bbox 483 4455 750 4511; x_wconf 89' lang='lat' dir='ltr'>dimidia</span> <span class='ocrx_word' id='word_1_904' title='bbox 773 4459 972 4526; x_wconf 90' lang='lat' dir='ltr'>partes</span> <span class='ocrx_word' id='word_1_905' title='bbox 1003 4453 1438 4527; x_wconf 87' lang='lat' dir='ltr'>suntaquales,</span> <span class='ocrx_word' id='word_1_906' title='bbox 1465 4461 1520 4512; x_wconf 87' lang='lat' dir='ltr'>et</span> <span class='ocrx_word' id='word_1_907' title='bbox 1539 4460 1664 4512; x_wconf 88' lang='lat' dir='ltr'>tota</span> <span class='ocrx_word' id='word_1_908' title='bbox 1696 4481 1740 4534; x_wconf 74' lang='grc' dir='ltr'>ι)</span> <span class='ocrx_word' id='word_1_909' title='bbox 1770 4455 1860 4526; x_wconf 89' lang='lat' dir='ltr'>tri,</span> <span class='ocrx_word' id='word_1_910' title='bbox 1877 4459 1940 4510; x_wconf 92' lang='lat' dir='ltr'>ut</span> <span class='ocrx_word' id='word_1_911' title='bbox 1956 4455 2430 4510; x_wconf 87' lang='lat' dir='ltr'>demonstratum</span> <span class='ocrx_word' id='word_1_912' title='bbox 2463 4457 2572 4523; x_wconf 88' lang='lat' dir='ltr'>est,</span> <span class='ocrx_word' id='word_1_913' title='bbox 2603 4454 2945 4510; x_wconf 87' lang='lat' dir='ltr'>necessario</span> <span class='ocrx_word' id='word_1_914' title='bbox 2964 4455 3327 4526; x_wconf 87' lang='lat' dir='ltr'>triangulum</span> <span class='ocrx_word' id='word_1_915' title='bbox 3351 4471 3424 4512; x_wconf 83' lang='lat' dir='ltr'>ex</span> 
     </span>
    </p>
   </div>
   <div class='ocr_carea' id='block_1_91' title="bbox 32 4535 1659 4617">
    <p class='ocr_par' dir='ltr' id='par_1_91' title="bbox 32 4535 1659 4617">
     <span class='ocr_line' id='line_1_91' title="bbox 32 4535 1659 4617; baseline 0 -17"><span class='ocrx_word' id='word_1_916' title='bbox 32 4560 138 4615; x_wconf 90' lang='lat' dir='ltr'>psa</span> <span class='ocrx_word' id='word_1_917' title='bbox 158 4549 299 4600; x_wconf 88' lang='lat' dir='ltr'>sunt</span> <span class='ocrx_word' id='word_1_918' title='bbox 311 4542 588 4617; x_wconf 88' lang='lat' dir='ltr'>aqualia.</span> <span class='ocrx_word' id='word_1_919' title='bbox 615 4542 828 4598; x_wconf 87' lang='lat' dir='ltr'>Eodem</span> <span class='ocrx_word' id='word_1_920' title='bbox 860 4541 1036 4598; x_wconf 87' lang='lat' dir='ltr'>modo</span> <span class='ocrx_word' id='word_1_921' title='bbox 1061 4545 1177 4598; x_wconf 86' lang='lat' dir='ltr'>utN</span> <span class='ocrx_word' id='word_1_922' title='bbox 1202 4559 1264 4598; x_wconf 92' lang='lat' dir='ltr'>se</span> <span class='ocrx_word' id='word_1_923' title='bbox 1287 4535 1470 4600; x_wconf 82' lang='lat' dir='ltr'>habet</span> <span class='ocrx_word' id='word_1_924' title='bbox 1491 4545 1568 4600; x_wconf 88' lang='lat' dir='ltr'>ad</span> <span class='ocrx_word' id='word_1_925' title='bbox 1595 4545 1659 4611; x_wconf 90' lang='lat' dir='ltr'>U,</span> 
     </span>
    </p>
   </div>
   <div class='ocr_carea' id='block_1_92' title="bbox 34 4631 1662 4704">
    <p class='ocr_par' dir='ltr' id='par_1_92' title="bbox 34 4631 1662 4704">
     <span class='ocr_line' id='line_1_92' title="bbox 34 4631 1662 4704; baseline 0.001 -16"><span class='ocrx_word' id='word_1_926' title='bbox 34 4639 90 4689; x_wconf 87' lang='lat' dir='ltr'>ta</span> <span class='ocrx_word' id='word_1_927' title='bbox 110 4635 292 4691; x_wconf 89' lang='lat' dir='ltr'>etiam</span> <span class='ocrx_word' id='word_1_928' title='bbox 314 4635 395 4690; x_wconf 89' lang='lat' dir='ltr'>FF</span> <span class='ocrx_word' id='word_1_929' title='bbox 422 4632 501 4689; x_wconf 90' lang='lat' dir='ltr'>ad</span> <span class='ocrx_word' id='word_1_930' title='bbox 526 4635 596 4700; x_wconf 91' lang='lat' dir='ltr'>U;</span> <span class='ocrx_word' id='word_1_931' title='bbox 621 4631 928 4704; x_wconf 88' lang='lat' dir='ltr'>utriusque</span> <span class='ocrx_word' id='word_1_932' title='bbox 944 4631 1105 4686; x_wconf 92' lang='lat' dir='ltr'>enim</span> <span class='ocrx_word' id='word_1_933' title='bbox 1135 4633 1368 4688; x_wconf 89' lang='lat' dir='ltr'>termini</span> <span class='ocrx_word' id='word_1_934' title='bbox 1390 4637 1662 4689; x_wconf 88' lang='lat' dir='ltr'>centrum</span> 
     </span>
    </p>
   </div>
   <div class='ocr_carea' id='block_1_93' title="bbox 27 4721 1662 4796">
    <p class='ocr_par' dir='ltr' id='par_1_93' title="bbox 27 4721 1662 4796">
     <span class='ocr_line' id='line_1_93' title="bbox 27 4721 1662 4796; baseline 0.001 -20"><span class='ocrx_word' id='word_1_935' title='bbox 27 4727 95 4778; x_wconf 65' lang='lat' dir='ltr'>est</span> <span class='ocrx_word' id='word_1_936' title='bbox 125 4726 192 4793; x_wconf 92' lang='lat' dir='ltr'>U,</span> <span class='ocrx_word' id='word_1_937' title='bbox 221 4729 288 4778; x_wconf 92' lang='lat' dir='ltr'>ut</span> <span class='ocrx_word' id='word_1_938' title='bbox 315 4726 358 4778; x_wconf 85' lang='lat' dir='ltr'><strong>N</strong></span> <span class='ocrx_word' id='word_1_939' title='bbox 393 4742 405 4780; x_wconf 90' lang='lat'>:</span> <span class='ocrx_word' id='word_1_940' title='bbox 441 4727 710 4778; x_wconf 89' lang='lat' dir='ltr'>centrum</span> <span class='ocrx_word' id='word_1_941' title='bbox 740 4725 828 4776; x_wconf 90' lang='lat' dir='ltr'>est</span> <span class='ocrx_word' id='word_1_942' title='bbox 852 4721 1243 4779; x_wconf 87' lang='lat' dir='ltr'>terminorum</span> <span class='ocrx_word' id='word_1_943' title='bbox 1277 4724 1320 4777; x_wconf 92' lang='lat' dir='ltr'>U</span> <span class='ocrx_word' id='word_1_944' title='bbox 1371 4724 1431 4777; x_wconf 94' lang='lat' dir='ltr'>D.</span> <span class='ocrx_word' id='word_1_945' title='bbox 1484 4721 1662 4796; x_wconf 78' lang='lat' dir='ltr'>Atqui</span> 
     </span>
    </p>
   </div>
   <div class='ocr_carea' id='block_1_94' title="bbox 27 4809 1662 4882">
    <p class='ocr_par' dir='ltr' id='par_1_94' title="bbox 27 4809 1662 4882">
     <span class='ocr_line' id='line_1_94' title="bbox 27 4809 1662 4882; baseline 0.001 -18"><span class='ocrx_word' id='word_1_946' title='bbox 27 4816 51 4864; x_wconf 62' lang='grc' dir='ltr'>ι</span> <span class='ocrx_word' id='word_1_947' title='bbox 85 4813 126 4866; x_wconf 91' lang='lat' dir='ltr'>U</span> <span class='ocrx_word' id='word_1_948' title='bbox 159 4813 202 4866; x_wconf 88' lang='grc' dir='ltr'><strong>Χ</strong></span> <span class='ocrx_word' id='word_1_949' title='bbox 237 4813 279 4866; x_wconf 93' lang='lat' dir='ltr'>U</span> <span class='ocrx_word' id='word_1_950' title='bbox 301 4815 438 4866; x_wconf 88' lang='lat' dir='ltr'>sunt</span> <span class='ocrx_word' id='word_1_951' title='bbox 464 4809 722 4882; x_wconf 86' lang='lat' dir='ltr'>aqualia</span> <span class='ocrx_word' id='word_1_952' title='bbox 741 4809 866 4864; x_wconf 86' lang='lat' dir='ltr'>istis</span> <span class='ocrx_word' id='word_1_953' title='bbox 899 4811 941 4864; x_wconf 84' lang='lat' dir='ltr'><strong>N</strong></span> <span class='ocrx_word' id='word_1_954' title='bbox 978 4811 1019 4865; x_wconf 91' lang='lat' dir='ltr'>U</span> <span class='ocrx_word' id='word_1_955' title='bbox 1074 4811 1118 4865; x_wconf 94' lang='lat' dir='ltr'><strong>U</strong></span> <span class='ocrx_word' id='word_1_956' title='bbox 1165 4811 1264 4865; x_wconf 88' lang='lat' dir='ltr'>FF.</span> <span class='ocrx_word' id='word_1_957' title='bbox 1314 4812 1464 4866; x_wconf 88' lang='lat' dir='ltr'>Nam</span> <span class='ocrx_word' id='word_1_958' title='bbox 1522 4826 1662 4866; x_wconf 87' lang='lat' dir='ltr'>cen-</span> 
     </span>
    </p>
   </div>
   <div class='ocr_carea' id='block_1_95' title="bbox 30 4899 1663 4968">
    <p class='ocr_par' dir='ltr' id='par_1_95' title="bbox 30 4899 1663 4968">
     <span class='ocr_line' id='line_1_95' title="bbox 30 4899 1663 4968; baseline 0.001 -14"><span class='ocrx_word' id='word_1_959' title='bbox 30 4915 162 4956; x_wconf 90' lang='lat' dir='ltr'>rum</span> <span class='ocrx_word' id='word_1_960' title='bbox 203 4914 528 4956; x_wconf 89' lang='lat' dir='ltr'>commune</span> <span class='ocrx_word' id='word_1_961' title='bbox 560 4903 646 4954; x_wconf 89' lang='lat' dir='ltr'>est</span> <span class='ocrx_word' id='word_1_962' title='bbox 675 4900 739 4954; x_wconf 92' lang='lat' dir='ltr'>U.</span> <span class='ocrx_word' id='word_1_963' title='bbox 777 4899 1072 4954; x_wconf 88' lang='lat' dir='ltr'>Diameter</span> <span class='ocrx_word' id='word_1_964' title='bbox 1103 4913 1244 4968; x_wconf 89' lang='lat' dir='ltr'>ergo</span> <span class='ocrx_word' id='word_1_965' title='bbox 1283 4900 1331 4952; x_wconf 83' lang='lat' dir='ltr'><strong>A</strong></span> <span class='ocrx_word' id='word_1_966' title='bbox 1369 4902 1411 4955; x_wconf 89' lang='grc' dir='ltr'>Χ</span> <span class='ocrx_word' id='word_1_967' title='bbox 1460 4899 1663 4956; x_wconf 89' lang='lat' dir='ltr'>circuli</span> 
     </span>
    </p>
   </div>
   <div class='ocr_carea' id='block_1_96' title="bbox 29 4987 1662 5061">
    <p class='ocr_par' dir='ltr' id='par_1_96' title="bbox 29 4987 1662 5061">
     <span class='ocr_line' id='line_1_96' title="bbox 29 4987 1662 5061; baseline 0.001 -18"><span class='ocrx_word' id='word_1_968' title='bbox 29 4989 48 5043; x_wconf 93' lang='lat'><strong>)</strong></span> <span class='ocrx_word' id='word_1_969' title='bbox 73 4990 115 5043; x_wconf 84' lang='lat' dir='ltr'><strong>K</strong></span> <span class='ocrx_word' id='word_1_970' title='bbox 142 4987 400 5061; x_wconf 88' lang='lat' dir='ltr'>aqualis</span> <span class='ocrx_word' id='word_1_971' title='bbox 431 4993 520 5045; x_wconf 90' lang='lat' dir='ltr'>est</span> <span class='ocrx_word' id='word_1_972' title='bbox 544 4987 838 5043; x_wconf 88' lang='lat' dir='ltr'>diametro</span> <span class='ocrx_word' id='word_1_973' title='bbox 868 4987 1061 5059; x_wconf 90' lang='lat' dir='ltr'>ipsius</span> <span class='ocrx_word' id='word_1_974' title='bbox 1121 4989 1200 5042; x_wconf 88' lang='lat' dir='ltr'>FF</span> <span class='ocrx_word' id='word_1_975' title='bbox 1259 4990 1323 5042; x_wconf 88' lang='lat' dir='ltr'>N.</span> <span class='ocrx_word' id='word_1_976' title='bbox 1394 4990 1662 5052; x_wconf 86' lang='lat' dir='ltr'>Quorum</span> 
     </span>
    </p>
   </div>
   <div class='ocr_carea' id='block_1_97' title="bbox 29 5075 1659 5148">
    <p class='ocr_par' dir='ltr' id='par_1_97' title="bbox 29 5075 1659 5148">
     <span class='ocr_line' id='line_1_97' title="bbox 29 5075 1659 5148; baseline 0.002 -19"><span class='ocrx_word' id='word_1_977' title='bbox 29 5079 159 5133; x_wconf 76' lang='lat' dir='ltr'>:nim</span> <span class='ocrx_word' id='word_1_978' title='bbox 183 5077 440 5134; x_wconf 89' lang='lat' dir='ltr'>dimidia</span> <span class='ocrx_word' id='word_1_979' title='bbox 473 5081 612 5132; x_wconf 90' lang='lat' dir='ltr'>sunt</span> <span class='ocrx_word' id='word_1_980' title='bbox 624 5075 904 5148; x_wconf 87' lang='lat' dir='ltr'>aqualia,</span> <span class='ocrx_word' id='word_1_981' title='bbox 922 5081 1046 5132; x_wconf 88' lang='lat' dir='ltr'>tota</span> <span class='ocrx_word' id='word_1_982' title='bbox 1065 5075 1198 5147; x_wconf 89' lang='lat' dir='ltr'>ipsa</span> <span class='ocrx_word' id='word_1_983' title='bbox 1223 5081 1360 5131; x_wconf 91' lang='lat' dir='ltr'>sunt</span> <span class='ocrx_word' id='word_1_984' title='bbox 1383 5076 1659 5148; x_wconf 76' lang='lat' dir='ltr'>aequalia,</span> 
     </span>
    </p>
   </div>
   <div class='ocr_carea' id='block_1_98' title="bbox 29 5164 1662 5234">
    <p class='ocr_par' dir='ltr' id='par_1_98' title="bbox 29 5164 1662 5234">
     <span class='ocr_line' id='line_1_98' title="bbox 29 5164 1662 5234; baseline 0.001 -15"><span class='ocrx_word' id='word_1_985' title='bbox 29 5167 84 5221; x_wconf 73' lang='lat' dir='ltr'><strong><em>lx</em></strong></span> <span class='ocrx_word' id='word_1_986' title='bbox 104 5166 322 5223; x_wconf 87' lang='lat' dir='ltr'>eadem</span> <span class='ocrx_word' id='word_1_987' title='bbox 344 5167 576 5222; x_wconf 85' lang='lat' dir='ltr'>ratione</span> <span class='ocrx_word' id='word_1_988' title='bbox 611 5171 676 5220; x_wconf 88' lang='lat' dir='ltr'>ut</span> <span class='ocrx_word' id='word_1_989' title='bbox 708 5180 772 5220; x_wconf 87' lang='lat' dir='ltr'>se</span> <span class='ocrx_word' id='word_1_990' title='bbox 800 5164 986 5220; x_wconf 86' lang='lat' dir='ltr'>habet</span> <span class='ocrx_word' id='word_1_991' title='bbox 1014 5167 1056 5220; x_wconf 92' lang='lat' dir='ltr'><strong>N</strong></span> <span class='ocrx_word' id='word_1_992' title='bbox 1097 5164 1175 5219; x_wconf 90' lang='lat' dir='ltr'>ad</span> <span class='ocrx_word' id='word_1_993' title='bbox 1215 5167 1285 5234; x_wconf 85' lang='lat' dir='ltr'>A,</span> <span class='ocrx_word' id='word_1_994' title='bbox 1313 5165 1396 5220; x_wconf 91' lang='lat' dir='ltr'>ita</span> <span class='ocrx_word' id='word_1_995' title='bbox 1416 5165 1594 5220; x_wconf 89' lang='lat' dir='ltr'>etiam</span> <span class='ocrx_word' id='word_1_996' title='bbox 1622 5168 1662 5220; x_wconf 88' lang='lat' dir='ltr'>E</span> 
     </span>
    </p>
   </div>
   <div class='ocr_carea' id='block_1_99' title="bbox 31 5255 1660 5329">
    <p class='ocr_par' dir='ltr' id='par_1_99' title="bbox 31 5255 1660 5329">
     <span class='ocr_line' id='line_1_99' title="bbox 31 5255 1660 5329; baseline 0.001 -19"><span class='ocrx_word' id='word_1_997' title='bbox 31 5255 80 5310; x_wconf 71' lang='lat' dir='ltr'>td</span> <span class='ocrx_word' id='word_1_998' title='bbox 111 5261 156 5311; x_wconf 84' lang='lat' dir='ltr'><strong>A</strong></span> <span class='ocrx_word' id='word_1_999' title='bbox 177 5276 196 5329; x_wconf 76' lang='lat'><em>;</em></span> <span class='ocrx_word' id='word_1_1000' title='bbox 224 5256 533 5328; x_wconf 89' lang='lat' dir='ltr'>utriusque</span> <span class='ocrx_word' id='word_1_1001' title='bbox 554 5255 710 5310; x_wconf 89' lang='lat' dir='ltr'>enim</span> <span class='ocrx_word' id='word_1_1002' title='bbox 736 5261 1002 5310; x_wconf 90' lang='lat' dir='ltr'>centrum</span> <span class='ocrx_word' id='word_1_1003' title='bbox 1024 5259 1111 5309; x_wconf 91' lang='lat' dir='ltr'>est</span> <span class='ocrx_word' id='word_1_1004' title='bbox 1138 5260 1206 5310; x_wconf 87' lang='lat' dir='ltr'>A.</span> <span class='ocrx_word' id='word_1_1005' title='bbox 1231 5257 1359 5310; x_wconf 78' lang='lat' dir='ltr'>Non</span> <span class='ocrx_word' id='word_1_1006' title='bbox 1377 5271 1547 5311; x_wconf 91' lang='lat' dir='ltr'>secus</span> <span class='ocrx_word' id='word_1_1007' title='bbox 1579 5261 1660 5312; x_wconf 90' lang='lat' dir='ltr'>at-</span> 
     </span>
    </p>
   </div>
   <div class='ocr_carea' id='block_1_100' title="bbox 31 5343 1659 5416">
    <p class='ocr_par' dir='ltr' id='par_1_100' title="bbox 31 5343 1659 5416">
     <span class='ocr_line' id='line_1_100' title="bbox 31 5343 1659 5416; baseline 0.001 -16"><span class='ocrx_word' id='word_1_1008' title='bbox 31 5359 118 5414; x_wconf 83' lang='lat' dir='ltr'>[ue</span> <span class='ocrx_word' id='word_1_1009' title='bbox 135 5345 586 5402; x_wconf 84' lang='lat' dir='ltr'>terminorumB</span> <span class='ocrx_word' id='word_1_1010' title='bbox 616 5347 682 5414; x_wconf 81' lang='grc' dir='ltr'>Α,</span> <span class='ocrx_word' id='word_1_1011' title='bbox 710 5348 978 5399; x_wconf 87' lang='lat' dir='ltr'>centrum</span> <span class='ocrx_word' id='word_1_1012' title='bbox 1003 5347 1092 5399; x_wconf 87' lang='lat' dir='ltr'>est</span> <span class='ocrx_word' id='word_1_1013' title='bbox 1119 5343 1378 5414; x_wconf 82' lang='lat' dir='ltr'>N.Atqui</span> <span class='ocrx_word' id='word_1_1014' title='bbox 1396 5347 1435 5402; x_wconf 90' lang='lat' dir='ltr'>C</span> <span class='ocrx_word' id='word_1_1015' title='bbox 1459 5348 1507 5398; x_wconf 83' lang='lat' dir='ltr'><strong>A</strong></span> <span class='ocrx_word' id='word_1_1016' title='bbox 1536 5347 1659 5416; x_wconf 87' lang='lat' dir='ltr'>UA,</span> 
     </span>
    </p>
   </div>
   <div class='ocr_carea' id='block_1_101' title="bbox 31 5433 1663 5506">
    <p class='ocr_par' dir='ltr' id='par_1_101' title="bbox 31 5433 1663 5506">
     <span class='ocr_line' id='line_1_101' title="bbox 31 5433 1663 5506; baseline 0 -16"><span class='ocrx_word' id='word_1_1017' title='bbox 31 5435 266 5506; x_wconf 80' lang='lat' dir='ltr'>equalia</span> <span class='ocrx_word' id='word_1_1018' title='bbox 290 5439 431 5490; x_wconf 85' lang='lat' dir='ltr'>sunt</span> <span class='ocrx_word' id='word_1_1019' title='bbox 447 5433 573 5489; x_wconf 86' lang='lat' dir='ltr'>istis</span> <span class='ocrx_word' id='word_1_1020' title='bbox 601 5437 644 5488; x_wconf 84' lang='grc' dir='ltr'>Ν</span> <span class='ocrx_word' id='word_1_1021' title='bbox 671 5439 714 5487; x_wconf 88' lang='lat' dir='ltr'><strong>A</strong></span> <span class='ocrx_word' id='word_1_1022' title='bbox 746 5433 788 5488; x_wconf 94' lang='lat' dir='ltr'>U</span> <span class='ocrx_word' id='word_1_1023' title='bbox 818 5438 894 5501; x_wconf 85' lang='lat' dir='ltr'><strong>A;</strong></span> <span class='ocrx_word' id='word_1_1024' title='bbox 915 5447 1048 5488; x_wconf 89' lang='lat' dir='ltr'>nam</span> <span class='ocrx_word' id='word_1_1025' title='bbox 1063 5435 1330 5488; x_wconf 88' lang='lat' dir='ltr'>centrum</span> <span class='ocrx_word' id='word_1_1026' title='bbox 1354 5449 1663 5490; x_wconf 88' lang='lat' dir='ltr'>commune</span> 
     </span>
    </p>
   </div>
   <div class='ocr_carea' id='block_1_102' title="bbox 31 5521 1664 5595">
    <p class='ocr_par' dir='ltr' id='par_1_102' title="bbox 31 5521 1664 5595">
     <span class='ocr_line' id='line_1_102' title="bbox 31 5521 1664 5595; baseline 0.002 -19"><span class='ocrx_word' id='word_1_1027' title='bbox 31 5529 104 5578; x_wconf 68' lang='lat' dir='ltr'>ast</span> <span class='ocrx_word' id='word_1_1028' title='bbox 128 5527 200 5579; x_wconf 78' lang='grc' dir='ltr'>Α.</span> <span class='ocrx_word' id='word_1_1029' title='bbox 243 5523 538 5580; x_wconf 82' lang='lat' dir='ltr'>Diameter</span> <span class='ocrx_word' id='word_1_1030' title='bbox 562 5536 705 5591; x_wconf 86' lang='lat' dir='ltr'>ergo</span> <span class='ocrx_word' id='word_1_1031' title='bbox 739 5522 778 5576; x_wconf 90' lang='lat' dir='ltr'>C</span> <span class='ocrx_word' id='word_1_1032' title='bbox 808 5523 872 5587; x_wconf 88' lang='lat' dir='ltr'>U,</span> <span class='ocrx_word' id='word_1_1033' title='bbox 905 5521 1107 5578; x_wconf 89' lang='lat' dir='ltr'>circuli</span> <span class='ocrx_word' id='word_1_1034' title='bbox 1128 5525 1178 5579; x_wconf 78' lang='grc' dir='ltr'>Μ</span> <span class='ocrx_word' id='word_1_1035' title='bbox 1208 5523 1268 5592; x_wconf 88' lang='lat' dir='ltr'>C,</span> <span class='ocrx_word' id='word_1_1036' title='bbox 1294 5523 1546 5595; x_wconf 86' lang='lat' dir='ltr'>aqualis</span> <span class='ocrx_word' id='word_1_1037' title='bbox 1577 5529 1664 5580; x_wconf 87' lang='lat' dir='ltr'>est</span> 
     </span>
    </p>
   </div>
   <div class='ocr_carea' id='block_1_103' title="bbox 33 5610 1664 5683">
    <p class='ocr_par' dir='ltr' id='par_1_103' title="bbox 33 5610 1664 5683">
     <span class='ocr_line' id='line_1_103' title="bbox 33 5610 1664 5683; baseline 0.004 -20"><span class='ocrx_word' id='word_1_1038' title='bbox 33 5613 212 5683; x_wconf 75' lang='lat' dir='ltr'>.psius</span> <span class='ocrx_word' id='word_1_1039' title='bbox 261 5611 554 5670; x_wconf 76' lang='lat' dir='ltr'>diametro</span> <span class='ocrx_word' id='word_1_1040' title='bbox 583 5614 624 5666; x_wconf 76' lang='grc' dir='ltr'>Ε</span> <span class='ocrx_word' id='word_1_1041' title='bbox 650 5612 695 5666; x_wconf 91' lang='grc' dir='ltr'>Ν</span> <span class='ocrx_word' id='word_1_1042' title='bbox 729 5625 747 5676; x_wconf 82' lang='lat'><strong>;</strong></span> <span class='ocrx_word' id='word_1_1043' title='bbox 775 5625 1035 5682; x_wconf 83' lang='lat' dir='ltr'>quorum</span> <span class='ocrx_word' id='word_1_1044' title='bbox 1074 5610 1236 5669; x_wconf 83' lang='lat' dir='ltr'>enim</span> <span class='ocrx_word' id='word_1_1045' title='bbox 1258 5611 1511 5668; x_wconf 86' lang='lat' dir='ltr'>dimidia</span> <span class='ocrx_word' id='word_1_1046' title='bbox 1523 5616 1664 5669; x_wconf 83' lang='lat' dir='ltr'>sunt</span> 
     </span>
    </p>
   </div>
   <div class='ocr_carea' id='block_1_104' title="bbox 1770 4541 3424 4621">
    <p class='ocr_par' dir='ltr' id='par_1_104' title="bbox 1770 4541 3424 4621">
     <span class='ocr_line' id='line_1_104' title="bbox 1770 4541 3424 4621; baseline 0.002 -23"><span class='ocrx_word' id='word_1_1047' title='bbox 1770 4544 1860 4598; x_wconf 90' lang='lat' dir='ltr'>his</span> <span class='ocrx_word' id='word_1_1048' title='bbox 1891 4543 2280 4599; x_wconf 90' lang='lat' dir='ltr'>constitutum</span> <span class='ocrx_word' id='word_1_1049' title='bbox 2318 4547 2406 4600; x_wconf 90' lang='lat' dir='ltr'>est</span> <span class='ocrx_word' id='word_1_1050' title='bbox 2428 4541 2841 4615; x_wconf 83' lang='lat' dir='ltr'>aquilaterum</span> <span class='ocrx_word' id='word_1_1051' title='bbox 2868 4547 2926 4599; x_wconf 90' lang='lat' dir='ltr'>et</span> <span class='ocrx_word' id='word_1_1052' title='bbox 2943 4545 3424 4621; x_wconf 85' lang='lat' dir='ltr'>aquiangulum.</span> 
     </span>
    </p>
   </div>
   <div class='ocr_carea' id='block_1_105' title="bbox 1772 4631 3426 4707">
    <p class='ocr_par' dir='ltr' id='par_1_105' title="bbox 1772 4631 3426 4707">
     <span class='ocr_line' id='line_1_105' title="bbox 1772 4631 3426 4707; baseline 0.003 -22"><span class='ocrx_word' id='word_1_1053' title='bbox 1772 4631 2053 4688; x_wconf 89' lang='lat' dir='ltr'>Diametri</span> <span class='ocrx_word' id='word_1_1054' title='bbox 2087 4647 2229 4702; x_wconf 90' lang='lat' dir='ltr'>ergo</span> <span class='ocrx_word' id='word_1_1055' title='bbox 2259 4647 2332 4688; x_wconf 82' lang='lat' dir='ltr'>ex</span> <span class='ocrx_word' id='word_1_1056' title='bbox 2351 4636 2553 4687; x_wconf 88' lang='lat' dir='ltr'>centro</span> <span class='ocrx_word' id='word_1_1057' title='bbox 2591 4648 2662 4687; x_wconf 86' lang='lat' dir='ltr'>ex</span> <span class='ocrx_word' id='word_1_1058' title='bbox 2717 4632 2917 4688; x_wconf 90' lang='lat' dir='ltr'>medio</span> <span class='ocrx_word' id='word_1_1059' title='bbox 2944 4633 3137 4689; x_wconf 90' lang='lat' dir='ltr'>ducta</span> <span class='ocrx_word' id='word_1_1060' title='bbox 3162 4634 3426 4707; x_wconf 84' lang='lat' dir='ltr'>aquales</span> 
     </span>
    </p>
   </div>
   <div class='ocr_carea' id='block_1_106' title="bbox 1770 4721 3427 4794">
    <p class='ocr_par' dir='ltr' id='par_1_106' title="bbox 1770 4721 3427 4794">
     <span class='ocr_line' id='line_1_106' title="bbox 1770 4721 3427 4794; baseline 0.001 -18"><span class='ocrx_word' id='word_1_1061' title='bbox 1770 4722 2138 4777; x_wconf 90' lang='lat' dir='ltr'>constituunt</span> <span class='ocrx_word' id='word_1_1062' title='bbox 2165 4721 2414 4793; x_wconf 90' lang='lat' dir='ltr'>ﬁguras,</span> <span class='ocrx_word' id='word_1_1063' title='bbox 2451 4721 2950 4794; x_wconf 86' lang='lat' dir='ltr'>quandoquidem</span> <span class='ocrx_word' id='word_1_1064' title='bbox 2989 4723 3186 4780; x_wconf 87' lang='lat' dir='ltr'>omnis</span> <span class='ocrx_word' id='word_1_1065' title='bbox 3224 4721 3427 4778; x_wconf 91' lang='lat' dir='ltr'>circuli</span> 
     </span>
    </p>
   </div>
   <div class='ocr_carea' id='block_1_107' title="bbox 1770 4809 3425 4884">
    <p class='ocr_par' dir='ltr' id='par_1_107' title="bbox 1770 4809 3425 4884">
     <span class='ocr_line' id='line_1_107' title="bbox 1770 4809 3425 4884; baseline -0.001 -18"><span class='ocrx_word' id='word_1_1066' title='bbox 1770 4809 2054 4866; x_wconf 89' lang='lat' dir='ltr'>diameter</span> <span class='ocrx_word' id='word_1_1067' title='bbox 2073 4815 2160 4866; x_wconf 92' lang='lat' dir='ltr'>est</span> <span class='ocrx_word' id='word_1_1068' title='bbox 2190 4810 2438 4883; x_wconf 86' lang='lat' dir='ltr'>aqualis</span> <span class='ocrx_word' id='word_1_1069' title='bbox 2453 4828 2466 4877; x_wconf 88' lang='lat'><strong>;</strong></span> <span class='ocrx_word' id='word_1_1070' title='bbox 2482 4810 2702 4866; x_wconf 91' lang='lat' dir='ltr'>idcirco</span> <span class='ocrx_word' id='word_1_1071' title='bbox 2715 4811 2964 4883; x_wconf 88' lang='lat' dir='ltr'>quilibet</span> <span class='ocrx_word' id='word_1_1072' title='bbox 2981 4811 3172 4884; x_wconf 90' lang='lat' dir='ltr'>ipsius</span> <span class='ocrx_word' id='word_1_1073' title='bbox 3197 4827 3338 4882; x_wconf 89' lang='lat' dir='ltr'>pars</span> <span class='ocrx_word' id='word_1_1074' title='bbox 3365 4810 3425 4866; x_wconf 90' lang='lat' dir='ltr'>in</span> 
     </span>
    </p>
   </div>
   <div class='ocr_carea' id='block_1_108' title="bbox 1770 4897 3422 4972">
    <p class='ocr_par' dir='ltr' id='par_1_108' title="bbox 1770 4897 3422 4972">
     <span class='ocr_line' id='line_1_108' title="bbox 1770 4897 3422 4972; baseline -0.001 -18"><span class='ocrx_word' id='word_1_1075' title='bbox 1770 4905 2039 4955; x_wconf 89' lang='lat' dir='ltr'>centrum</span> <span class='ocrx_word' id='word_1_1076' title='bbox 2071 4915 2434 4955; x_wconf 87' lang='lat' dir='ltr'>concurrens</span> <span class='ocrx_word' id='word_1_1077' title='bbox 2457 4899 2703 4972; x_wconf 90' lang='lat' dir='ltr'>reliquis</span> <span class='ocrx_word' id='word_1_1078' title='bbox 2730 4899 3004 4970; x_wconf 88' lang='lat' dir='ltr'>partibus</span> <span class='ocrx_word' id='word_1_1079' title='bbox 3027 4903 3116 4954; x_wconf 91' lang='lat' dir='ltr'>est</span> <span class='ocrx_word' id='word_1_1080' title='bbox 3151 4897 3422 4972; x_wconf 87' lang='lat' dir='ltr'>aqualis,</span> 
     </span>
    </p>
   </div>
   <div class='ocr_carea' id='block_1_109' title="bbox 1772 4986 3425 5060">
    <p class='ocr_par' dir='ltr' id='par_1_109' title="bbox 1772 4986 3425 5060">
     <span class='ocr_line' id='line_1_109' title="bbox 1772 4986 3425 5060; baseline 0 -16"><span class='ocrx_word' id='word_1_1081' title='bbox 1772 4993 1836 5044; x_wconf 89' lang='lat' dir='ltr'>ut</span> <span class='ocrx_word' id='word_1_1082' title='bbox 1866 5004 2052 5060; x_wconf 88' lang='lat' dir='ltr'>supra</span> <span class='ocrx_word' id='word_1_1083' title='bbox 2073 4988 2551 5044; x_wconf 89' lang='lat' dir='ltr'>demonstratum</span> <span class='ocrx_word' id='word_1_1084' title='bbox 2581 4991 2690 5042; x_wconf 86' lang='lat' dir='ltr'>est.</span> <span class='ocrx_word' id='word_1_1085' title='bbox 2725 4992 2797 5043; x_wconf 84' lang='lat' dir='ltr'>At</span> <span class='ocrx_word' id='word_1_1086' title='bbox 2856 4987 2972 5043; x_wconf 92' lang='lat' dir='ltr'>hoc</span> <span class='ocrx_word' id='word_1_1087' title='bbox 3026 4989 3088 5042; x_wconf 91' lang='lat' dir='ltr'>in</span> <span class='ocrx_word' id='word_1_1088' title='bbox 3129 4986 3425 5058; x_wconf 80' lang='lat' dir='ltr'>triangula</span> 
     </span>
    </p>
   </div>
   <div class='ocr_carea' id='block_1_110' title="bbox 1768 5075 3429 5147">
    <p class='ocr_par' dir='ltr' id='par_1_110' title="bbox 1768 5075 3429 5147">
     <span class='ocr_line' id='line_1_110' title="bbox 1768 5075 3429 5147; baseline -0.001 -14"><span class='ocrx_word' id='word_1_1089' title='bbox 1768 5076 1972 5133; x_wconf 93' lang='lat' dir='ltr'>locum</span> <span class='ocrx_word' id='word_1_1090' title='bbox 2002 5093 2126 5133; x_wconf 91' lang='lat' dir='ltr'>non</span> <span class='ocrx_word' id='word_1_1091' title='bbox 2146 5077 2332 5132; x_wconf 86' lang='lat' dir='ltr'>habet</span> <span class='ocrx_word' id='word_1_1092' title='bbox 2364 5092 2378 5144; x_wconf 89' lang='lat'><strong>;</strong></span> <span class='ocrx_word' id='word_1_1093' title='bbox 2408 5091 2552 5132; x_wconf 90' lang='lat' dir='ltr'>nam</span> <span class='ocrx_word' id='word_1_1094' title='bbox 2573 5075 2763 5147; x_wconf 90' lang='lat' dir='ltr'>ipsius</span> <span class='ocrx_word' id='word_1_1095' title='bbox 2783 5075 2969 5132; x_wconf 87' lang='lat' dir='ltr'>latera</span> <span class='ocrx_word' id='word_1_1096' title='bbox 2999 5091 3122 5132; x_wconf 89' lang='lat' dir='ltr'>non</span> <span class='ocrx_word' id='word_1_1097' title='bbox 3163 5075 3429 5132; x_wconf 79' lang='lat' dir='ltr'>efﬁciunt</span> 
     </span>
    </p>
   </div>
   <div class='ocr_carea' id='block_1_111' title="bbox 1770 5163 3430 5237">
    <p class='ocr_par' dir='ltr' id='par_1_111' title="bbox 1770 5163 3430 5237">
     <span class='ocr_line' id='line_1_111' title="bbox 1770 5163 3430 5237; baseline 0.001 -16"><span class='ocrx_word' id='word_1_1098' title='bbox 1770 5166 2080 5233; x_wconf 90' lang='lat' dir='ltr'>circulum,</span> <span class='ocrx_word' id='word_1_1099' title='bbox 2133 5170 2236 5222; x_wconf 88' lang='lat' dir='ltr'>aut</span> <span class='ocrx_word' id='word_1_1100' title='bbox 2287 5163 2654 5235; x_wconf 88' lang='lat' dir='ltr'>triangulum</span> <span class='ocrx_word' id='word_1_1101' title='bbox 2701 5164 2934 5237; x_wconf 84' lang='lat' dir='ltr'>aquale</span> <span class='ocrx_word' id='word_1_1102' title='bbox 2979 5165 3278 5236; x_wconf 79' lang='lat' dir='ltr'>triangula</span> <span class='ocrx_word' id='word_1_1103' title='bbox 3324 5169 3430 5222; x_wconf 89' lang='lat' dir='ltr'>aut</span> 
     </span>
    </p>
   </div>
   <div class='ocr_carea' id='block_1_112' title="bbox 1769 5253 3427 5327">
    <p class='ocr_par' dir='ltr' id='par_1_112' title="bbox 1769 5253 3427 5327">
     <span class='ocr_line' id='line_1_112' title="bbox 1769 5253 3427 5327; baseline 0 -17"><span class='ocrx_word' id='word_1_1104' title='bbox 1769 5254 1990 5311; x_wconf 89' lang='lat' dir='ltr'>circulo</span> <span class='ocrx_word' id='word_1_1105' title='bbox 2020 5255 2123 5327; x_wconf 90' lang='lat' dir='ltr'>qui</span> <span class='ocrx_word' id='word_1_1106' title='bbox 2177 5269 2248 5308; x_wconf 85' lang='lat' dir='ltr'>ex</span> <span class='ocrx_word' id='word_1_1107' title='bbox 2299 5253 2486 5324; x_wconf 90' lang='lat' dir='ltr'>ipsius</span> <span class='ocrx_word' id='word_1_1108' title='bbox 2543 5253 2836 5309; x_wconf 89' lang='lat' dir='ltr'>diametro</span> <span class='ocrx_word' id='word_1_1109' title='bbox 2889 5253 3218 5325; x_wconf 87' lang='lat' dir='ltr'>conﬁcitur,</span> <span class='ocrx_word' id='word_1_1110' title='bbox 3281 5270 3427 5310; x_wconf 91' lang='lat' dir='ltr'>nam</span> 
     </span>
    </p>
   </div>
   <div class='ocr_carea' id='block_1_113' title="bbox 1768 5340 3428 5411">
    <p class='ocr_par' dir='ltr' id='par_1_113' title="bbox 1768 5340 3428 5411">
     <span class='ocr_line' id='line_1_113' title="bbox 1768 5340 3428 5411; baseline 0 -14"><span class='ocrx_word' id='word_1_1111' title='bbox 1768 5342 2062 5397; x_wconf 89' lang='lat' dir='ltr'>diameter</span> <span class='ocrx_word' id='word_1_1112' title='bbox 2098 5340 2304 5397; x_wconf 89' lang='lat' dir='ltr'>circuli</span> <span class='ocrx_word' id='word_1_1113' title='bbox 2325 5345 2380 5395; x_wconf 89' lang='lat' dir='ltr'>et</span> <span class='ocrx_word' id='word_1_1114' title='bbox 2403 5340 2572 5395; x_wconf 87' lang='lat' dir='ltr'>tertia</span> <span class='ocrx_word' id='word_1_1115' title='bbox 2598 5355 2738 5411; x_wconf 89' lang='lat' dir='ltr'>pars</span> <span class='ocrx_word' id='word_1_1116' title='bbox 2796 5340 3218 5396; x_wconf 90' lang='lat' dir='ltr'>circumducta</span> <span class='ocrx_word' id='word_1_1117' title='bbox 3257 5341 3428 5398; x_wconf 86' lang='lat' dir='ltr'>linea</span> 
     </span>
    </p>
   </div>
   <div class='ocr_carea' id='block_1_114' title="bbox 1768 5429 3431 5504">
    <p class='ocr_par' dir='ltr' id='par_1_114' title="bbox 1768 5429 3431 5504">
     <span class='ocr_line' id='line_1_114' title="bbox 1768 5429 3431 5504; baseline 0 -16"><span class='ocrx_word' id='word_1_1118' title='bbox 1768 5447 1956 5504; x_wconf 86' lang='lat' dir='ltr'>quam</span> <span class='ocrx_word' id='word_1_1119' title='bbox 1997 5432 2043 5486; x_wconf 91' lang='lat' dir='ltr'>si</span> <span class='ocrx_word' id='word_1_1120' title='bbox 2071 5431 2203 5503; x_wconf 89' lang='lat' dir='ltr'>quis</span> <span class='ocrx_word' id='word_1_1121' title='bbox 2227 5434 2495 5485; x_wconf 88' lang='lat' dir='ltr'>assumat</span> <span class='ocrx_word' id='word_1_1122' title='bbox 2516 5435 2573 5485; x_wconf 91' lang='lat' dir='ltr'>et</span> <span class='ocrx_word' id='word_1_1123' title='bbox 2597 5429 2902 5502; x_wconf 88' lang='lat' dir='ltr'>adhibeat,</span> <span class='ocrx_word' id='word_1_1124' title='bbox 2928 5432 3431 5488; x_wconf 82' lang='lat' dir='ltr'>utsecetcircum-</span> 
     </span>
    </p>
   </div>
   <div class='ocr_carea' id='block_1_115' title="bbox 1771 5517 3431 5591">
    <p class='ocr_par' dir='ltr' id='par_1_115' title="bbox 1771 5517 3431 5591">
     <span class='ocr_line' id='line_1_115' title="bbox 1771 5517 3431 5591; baseline 0 -15"><span class='ocrx_word' id='word_1_1125' title='bbox 1771 5521 2078 5577; x_wconf 85' lang='lat' dir='ltr'>ferentiam</span> <span class='ocrx_word' id='word_1_1126' title='bbox 2104 5518 2326 5589; x_wconf 88' lang='lat' dir='ltr'>circuli,</span> <span class='ocrx_word' id='word_1_1127' title='bbox 2353 5523 2468 5574; x_wconf 92' lang='lat' dir='ltr'>tres</span> <span class='ocrx_word' id='word_1_1128' title='bbox 2503 5517 2764 5591; x_wconf 81' lang='lat' dir='ltr'>aquales</span> <span class='ocrx_word' id='word_1_1129' title='bbox 2779 5519 3276 5578; x_wconf 88' lang='lat' dir='ltr'>diametrolineas</span> <span class='ocrx_word' id='word_1_1130' title='bbox 3307 5519 3431 5584; x_wconf 75' lang='lat' dir='ltr'>eﬂi,</span> 
     </span>
    </p>
   </div>
   <div class='ocr_carea' id='block_1_116' title="bbox 1773 5607 3428 5685">
    <p class='ocr_par' dir='ltr' id='par_1_116' title="bbox 1773 5607 3428 5685">
     <span class='ocr_line' id='line_1_116' title="bbox 1773 5607 3428 5685; baseline 0.001 -17"><span class='ocrx_word' id='word_1_1131' title='bbox 1773 5612 1908 5684; x_wconf 80' lang='lat' dir='ltr'>ciet;</span> <span class='ocrx_word' id='word_1_1132' title='bbox 1939 5626 2123 5683; x_wconf 88' lang='lat' dir='ltr'>quam</span> <span class='ocrx_word' id='word_1_1133' title='bbox 2155 5609 2403 5684; x_wconf 87' lang='lat' dir='ltr'>quidem</span> <span class='ocrx_word' id='word_1_1134' title='bbox 2425 5607 2614 5665; x_wconf 86' lang='lat' dir='ltr'>lineas</span> <span class='ocrx_word' id='word_1_1135' title='bbox 2634 5607 2838 5682; x_wconf 90' lang='lat' dir='ltr'>siquis</span> <span class='ocrx_word' id='word_1_1136' title='bbox 2868 5614 2933 5667; x_wconf 93' lang='lat' dir='ltr'>ut</span> <span class='ocrx_word' id='word_1_1137' title='bbox 2984 5609 3172 5681; x_wconf 86' lang='lat' dir='ltr'>latera</span> <span class='ocrx_word' id='word_1_1138' title='bbox 3217 5616 3428 5685; x_wconf 87' lang='lat' dir='ltr'>ponat,</span> 
     </span>
    </p>
   </div>
  </div>
