3932 6326
33 319 153 377 1385

892 313 1249 375 THEODORI
1285 311 1333 374 Il
1369 312 1506 376 IMP.
1548 313 1639 375 DE
1679 311 2139 376 COMMUNIONE
2177 309 2554 376 THEODORI.

3291 317 3429 375 1386

45 443 181 505 ἶσαις
257 443 420 515 ταύτῃ
469 447 511 496 Α
543 448 581 494 Β
610 445 648 495 Γ
694 441 972 516 ἀπαρτίζει
1023 446 1082 496 τὸ
1138 447 1390 517 τρίγωνον
1439 453 1484 500 Α
1513 449 1635 514 ΒΓ,
1693 441 1739 496 Α
1802 443 2057 511 λαϐοῦσα,
2115 443 2168 508 ἐξ
2220 443 2450 517 ἀνάγκης
2507 449 2580 515 τῷ
2636 440 2698 496 οὗ
2738 441 2965 518 πλευρὰ,
3025 440 3138 496 ἶσον
3190 441 3404 503 ἐποίησε

50 529 327 603 ἀναγκαίως
356 532 386 589 ἡ
428 537 519 583 τοῦ
559 536 659 585 ΑΒ
694 537 732 584 Γ
763 536 801 583 Α
841 537 876 584 Β
924 528 1206 609 διάμετρος
1262 535 1470 586 τεθεῖσα
1519 537 1637 606 μεί-

48 623 164 683 ζονα
230 619 417 672 κύκλον
481 625 772 680 συνέστησε
814 628 923 683 τοῖς
967 630 1059 675 τοῦ
1107 627 1361 697 τριγώνου
1416 625 1636 676 καθέτου

44 714 128 762 καὶ
184 705 466 784 διαμέτρου
535 712 1022 784 συσταθησομένοις
1093 711 1300 773 κύκλοις
1361 716 1448 764 τὸν
1475 719 1525 766 Μ
1557 719 1634 767 Φ·

41 796 144 851 ἐπεὶ
210 795 267 852 δε
295 800 326 858 ἡ
359 804 397 852 Γ
427 805 469 852 Η
498 801 715 863 κάθετος
767 800 860 853 οὐκ
915 803 1008 860 ἴση
1061 808 1123 874 τῇ
1154 808 1194 855 Α
1226 808 1263 854 Β
1287 800 1486 877 πλευρᾷ
1521 799 1636 854 κατ’

41 887 259 953 ἔλαττον,
311 891 424 942 ἔστι
505 885 565 942 δὲ
627 895 718 942 καὶ
771 890 904 948 αὕτη
963 886 1236 966 διάμετρος
1281 899 1373 944 τοῦ
1410 897 1452 945 Π
1484 898 1517 944 Σ
1550 893 1639 944 κύ-

40 976 178 1047 κλου,
215 976 503 1050 ἀναγκαίως
554 976 666 1031 εστὶ
715 983 804 1032 καὶ
851 979 1085 1041 ὁκύκλος
1144 981 1204 1033 οὗ
1277 981 1408 1040 αύτη
1456 977 1639 1054 διαμε-

39 1084 155 1140 τρος
210 1072 251 1119 Π
280 1073 332 1132 Σ,
382 1066 497 1120 κατ’
553 1067 762 1120 ἔλαττον
818 1070 999 1129 ἄνισος
1047 1077 1118 1141 τῷ
1167 1076 1282 1123 ΜΦ
1341 1069 1531 1143 κύκλῳ,
1577 1069 1636 1122 οὗ

43 1153 310 1232 διάμετρος
367 1157 400 1216 ὴ
451 1161 575 1224 ΑΒ,
650 1162 740 1210 καὶ
813 1161 872 1211 τὸ
933 1160 1094 1234 ἄραΓ
1122 1166 1247 1214 ΜΘ
1291 1165 1536 1234 τρίγωνον
1610 1159 1636 1212 ὃ

38 1246 68 1304 ἡ
101 1251 139 1298 Α
171 1247 442 1307 Γκιὲθετος
525 1251 614 1299 καὶ
695 1244 994 1323 διάμετρος,
1054 1256 1146 1300 τοῦ
1179 1255 1218 1303 Α
1251 1255 1288 1301 Β
1319 1254 1358 1302 Γ
1381 1255 1634 1323 τριγώνου

40 1338 249 1387 καὶτοῦ
300 1342 344 1388 Π
372 1343 405 1388 Σ
435 1335 650 1406 κύκλου,
707 1335 904 1409 πλευρά
953 1341 1226 1411 γεναμένη,
1297 1342 1634 1408 συνέστησεν,

37 1428 214 1478 ἄνισόν
255 1424 384 1496 ἐστι,
434 1426 550 1478 κατ’
597 1426 803 1479 ἔλαττον
855 1424 916 1480 δε
971 1435 1063 1481 τοῦ
1096 1435 1135 1483 Λ
1168 1435 1203 1482 Β
1241 1435 1279 1482 Γ
1329 1435 1584 1505 τριγώνου
1619 1451 1632 1465 ο

36 1517 89 1566 αἱ
142 1517 242 1589 γὰρ
291 1513 508 1588 πλευραὶ
555 1515 920 1569 ὑποτείνουσαι
977 1514 1221 1584 ἀλλήλας,
1272 1519 1481 1590 μεὶζους
1521 1518 1638 1572 ἰαυ-

33 1603 115 1661 τάς
144 1608 239 1663 τῆς
288 1598 572 1676 διαμέτρου
620 1609 711 1657 καὶ
766 1607 985 1658 καθέτου
1037 1613 1252 1659 ποιοῦσι
1307 1607 1482 1677 πάλιν,
1528 1606 1638 1669 im},

33 1691 61 1748 ἡ
92 1696 248 1744 Βτοῦ
298 1700 344 1747 Α
382 1697 421 1745 Γ
471 1699 728 1768 τριγώνου
781 1695 874 1747 ούκ
930 1697 1022 1753 ἴση
1073 1703 1137 1768 τῇ
1199 1695 1390 1748 ἑαυτοῦ
1441 1695 1639 1770 πλευρᾷ

33 1781 64 1830 Β
94 1784 134 1831 Γ
188 1782 332 1834 ἔστιν
423 1783 552 1835 ὅπου
611 1782 670 1834 ἆν
715 1786 942 1858 περάσῃ,
1007 1783 1052 1837 εἰ
1097 1788 1226 1857 μήτι
1268 1787 1403 1838 κατὰ
1458 1789 1517 1838 τὸ
1545 1792 1582 1838 Γ
1611 1788 1638 1840 ὃ

33 1864 141 1920 ἐστι
213 1872 373 1943 πέρας
446 1879 544 1933 τῆς
605 1877 642 1924 Β
681 1876 720 1926 Γ
781 1873 1027 1950 πλευρᾶς,
1086 1878 1172 1926 καὶ
1224 1880 1497 1947 γενήσεται
1545 1881 1636 1930 καὶ

33 1956 160 2016 αὕτη
210 1959 427 2034 πλευρὰ,
488 1962 514 2013 ὅ
576 1980 631 2014 τε
689 1966 779 2014 καὶ
831 1970 920 2015 τού
977 1971 1074 2024 τῆς
1118 1960 1403 2040 διαμέτρου
1427 1963 1630 2038 ἀποστῇ

33 2045 302 2118 ὀνόματος,
334 2049 533 2115 ἄνισος,
581 2052 696 2102 κατ’
735 2050 942 2104 ἔλαττόν
999 2051 1110 2105 ἐστι
1134 2061 1230 2115 τῆς
1258 2059 1294 2105 Β
1334 2061 1366 2106 Σ
1391 2054 1634 2128 πλευρᾶς,

33 2135 268 2209 ὑπάρχει
295 2133 354 2190 δὲ
383 2139 413 2196 ἡ
460 2138 588 2198 αύτὴ
631 2144 722 2193 καὶ
773 2149 865 2193 τοῦ
904 2149 948 2195 Χ
983 2147 1029 2196 Λ
1081 2141 1272 2194 κύκλου
1333 2139 1635 2217 διάμετρος,

33 2223 336 2297 ἀναγκαίως
385 2232 476 2280 καὶ
525 2231 550 2280 ὁ
615 2235 662 2283 Χ
695 2235 739 2283 Λ
797 2230 980 2292 κύκλος
1038 2232 1215 2294 ἄνισος
1261 2233 1376 2285 κατ’
1430 2234 1636 2286 ἔλαττόν

33 2314 144 2368 ἔστι
202 2325 278 2387 τῷ
305 2323 355 2370 Μ
387 2324 424 2372 Φ
447 2318 619 2391 κύκλῳ
676 2319 737 2372 οὗ
785 2316 1067 2395 διάμετρος
1091 2323 1120 2380 ἡ
1156 2329 1194 2375 Α
1227 2329 1264 2374 Β
1288 2343 1300 2356 ο
1330 2324 1359 2381 ἡ
1411 2327 1512 2395 γὰρ
1543 2329 1578 2375 Β
1601 2327 1641 2375 Γ

33 2408 122 2464 ἴση
198 2409 362 2481 ταύτῃ
426 2407 561 2480 ἐστὶ,
637 2413 727 2462 καὶ
810 2413 868 2463 τὸ
932 2413 1036 2484 ἄρα
1067 2418 1225 2465 ΕΒΖ
1269 2416 1515 2487 τρίγωνον
1547 2412 1572 2464 ὁ
1605 2413 1634 2470 ἡ

33 2500 179 2554 κοινή
245 2491 540 2570 διάμετρος,
589 2504 680 2549 τοῦ
722 2504 760 2552 Α
793 2497 837 2552 Β
869 2505 907 2551 Γ
932 2506 1186 2575 τριγώνου
1243 2506 1332 2554 καὶ
1383 2509 1475 2555 τοῦ
1515 2508 1563 2556 Χ
1594 2507 1641 2554 Λ

33 2585 230 2638 κύκλου
301 2585 494 2660 πλευρὰ
550 2591 821 2660 γεναμένη,
902 2592 1217 2649 συνέστησεν
1274 2591 1454 2644 ἄνισόν
1506 2590 1640 2661 ἐστι,

33 2673 150 2726 κατ’
194 2673 406 2727 ἔλαττον
434 2671 514 2744 δὲ,
544 2684 618 2747 τῷ
649 2683 694 2732 Α
724 2684 761 2729 Β
787 2683 824 2730 Γ
854 2683 1088 2754 τριγώνῳ
1146 2679 1318 2733 ’πάλιν
1364 2677 1480 2739 δὲἠ
1526 2677 1642 2734 δια-

33 2782 224 2838 μετρος
274 2772 364 2816 τοῦ
401 2763 695 2835 Μκύκλου,
754 2763 934 2826 ἐπειδὴ
989 2773 1076 2821 καὶ
1130 2768 1324 2841 πλευρά
1381 2769 1494 2823 ἐστι
1552 2779 1642 2824 τοῦ

33 2858 132 2909 ΑΒ
166 2859 208 2907 Γ
263 2859 535 2930 τριγώνου,
589 2859 681 2919 τὰς
741 2863 777 2909 Β
807 2863 914 2911 ΩΑ
944 2865 992 2910 Ω
1033 2857 1256 2936 πλευρὰς
1298 2863 1422 2923 ἴσας
1475 2863 1638 2934 ταύτῃ

1797 536 2044 606 τρίγωνον
2087 541 2160 604 τῷ
2229 540 2268 587 Α
2294 540 2416 590 ΒΩ.
2447 537 2547 586 Καὶ
2591 529 2698 585 ἐπεὶ
2751 535 2923 584 τοίνυν
2976 533 3006 591 ἡ
3054 537 3156 586 ΑΒ
3207 530 3405 606 πλευρά

1798 623 1989 693 μείζων
2019 621 2133 675 ἐστὶ
2176 627 2400 684 τῆςΒΓ
2452 620 2585 693 (sic)
2641 616 2924 696 διαμέτρου
2985 624 3076 673 καὶ
3127 620 3260 679 αὕτη
3312 629 3403 682 τῆς

1801 717 1844 763 Η
1876 716 1914 764 Γ
1967 713 2204 779 καθέτου,
2274 710 2522 771 ἐπίστησι
2597 707 2678 780 δε,
2762 711 2792 769 ἡ
2846 712 2936 782 μὲν
2983 715 3022 763 Α
3055 714 3092 763 Γ
3143 712 3230 762 τὸν
3261 716 3313 764 Μ
3339 716 3400 780 Φ,

1800 795 2400 869 ἠδὲΒΕτὸνΧΛ,ἡ
2445 795 2758 852 δεΗΓτὸν
2788 804 2917 869 ΙΙΣ,
2951 795 3323 871 ἁναγκαίωςΜ
3361 803 3401 852 Φ

1799 891 1990 962 μείζων
2016 889 2126 944 ἐστὶ
2166 897 2257 944 τοῦ
2292 898 2340 946 Χ
2370 895 2441 961 Λ,
2469 894 2560 942 καὶ
2587 891 2611 942 ὁ
2646 895 2689 943 Κ
2727 895 2762 942 Δ
2783 896 2876 942 τοῦ
2907 896 2950 943 Π
2981 896 3036 955 Σ,
3094 890 3261 950 καθὼς
3311 891 3402 942 καὶ

1799 979 1862 1043 ἃς
1916 980 2295 1056 προσελάϐοντο
2360 983 2551 1052 ἔχουσι
2591 976 2921 1053 διαμετρους,
2960 982 3050 1032 καὶ
3103 979 3171 1030 τὰ
3226 977 3330 1054 ἄρα
3358 983 3400 1031 Α

1799 1075 1837 1122 Β
1875 1074 1913 1122 Γ
1942 1077 1980 1124 Ε
2009 1077 2046 1123 Β
2069 1077 2107 1122 Ζ
2138 1077 2176 1123 Γ
2202 1077 2244 1123 Η
2276 1078 2321 1124 Θ
2348 1075 2569 1144 τρίγωνα
2619 1068 2780 1130 οὕτως
2827 1071 3043 1142 ἔχουσιν
3072 1087 3086 1102 ο
3115 1069 3185 1130 ὡς
3231 1071 3333 1143 γὰρ
3374 1069 3402 1121 ὁ

1799 1163 2062 1236 ΜΦπρός
2089 1164 2243 1216 τόνΧ
2274 1165 2431 1214 Λκαὶ
2461 1162 2709 1214 τάΑΒΓ
2765 1163 2892 1235 πρὸς
2923 1162 2981 1213 τὸ
3020 1164 3213 1228 ΒΕΖ,
3246 1161 3311 1220 ὡς
3342 1154 3404 1211 δε

1799 1249 1971 1304 ὀΧΛ
2014 1253 2143 1326 πρὸς
2199 1253 2730 1315 τὸνΠΣ,τὸΒΕΖ
2774 1251 2903 1324 πρὸς
2949 1251 3008 1301 τὸ
3066 1254 3172 1303 ΓΗ
3214 1250 3400 1311 Θσὼς

1799 1340 1903 1412 ἄρα
1927 1339 2118 1412 μείζων
2145 1341 2171 1392 ὁ
2202 1346 2254 1393 Μ
2285 1346 2324 1394 Φ
2352 1347 2450 1392 τῶν
2476 1346 2525 1394 Χ
2552 1344 2599 1394 Λ
2623 1345 2667 1392 Π
2707 1346 2761 1403 Σ,
2794 1338 2929 1392 οὕτω
2985 1343 3075 1391 καὶ
3126 1341 3185 1390 τὸ
3218 1344 3257 1392 Α
3297 1345 3335 1392 Β
3363 1338 3402 1391 Γ

1799 1435 2332 1501 τῶνΒΕΖΓΗΘ,
2367 1433 2520 1502 μόνον
2552 1424 2611 1481 δε
2659 1426 2772 1481 ἴσον
2815 1431 3397 1500 τῷΑΒΓτὸΑΒΩ.

1797 1516 1866 1572 Αἱ
1948 1526 2039 1571 τοῦ
2117 1523 2368 1594 τριγώνου
2441 1519 2544 1593 ἄρα
2595 1517 2812 1594 πλευραὶ
2855 1522 2945 1570 καὶ
2999 1513 3277 1594 διάμετρος
3310 1521 3402 1570 καὶ

1799 1607 2029 1675 κάθετος,
2106 1608 2200 1660 ούκ
2281 1611 2423 1669 ἱσους
2469 1606 2686 1667 κύκλους
2747 1607 2776 1665 ἣ
2836 1608 2904 1658 τὰ
2956 1609 3185 1681 τρίγωνα
3232 1608 3403 1660 πάντα

1797 1704 2031 1760 ποιοῦσι,
2090 1700 2224 1750 κατὰ
2282 1700 2339 1751 τὸ
2401 1701 2607 1773 κέντρον
2653 1700 2744 1750 καὶ
2801 1699 2958 1769 μέσον
3003 1698 3401 1771 περατούμεναὶ,

1798 1787 1918 1861 όπερ
1943 1783 2050 1839 ἔδει
2081 1783 2270 1850 δεῖξαι.

1872 1876 1938 1942 ς·’.
1990 1879 2123 1952 Πρὸς
2193 1879 2396 1938 τούτοις
2441 1871 2499 1930 δὲ
2563 1877 2800 1948 συγγενὲς
2850 1881 2948 1928 τῶν
3009 1872 3292 1950 λεγομένων
3335 1868 3405 1939 ὣς

1799 1965 2078 2038 ἀναγκαῖον
2122 1970 2357 2039 κρίνομεν
2398 1962 2569 2028 δεῖξαι
2610 1966 2781 2038 ὅτιπερ
2812 1970 2914 2018 πᾶν
2967 1969 3215 2039 τρίγωνον
3253 1967 3309 2018 τὸ
3349 1963 3404 2017 ἐκ

1803 2064 1897 2118 τῆς
1958 2063 2050 2108 τοῦ
2130 2055 2321 2107 κύκλου
2390 2050 2674 2129 διαμέτρου
2729 2056 3082 2128 καταγραφὶν,
3135 2057 3194 2106 τὸ
3235 2054 3402 2127 ἣμισυ

1800 2141 2028 2219 ἕμϐαδὸν
2056 2144 2279 2218 περιέξει
2311 2143 2468 2218 οὗπερ
2514 2143 2627 2215 ἔχει
2682 2139 2963 2216 διάμετρον
3016 2141 3207 2195 κύκλου
3252 2142 3404 2196 πλευ·

1799 2233 1963 2310 ρὰν,ὃ
1995 2231 2061 2292 δὴ
2098 2233 2287 2306 εὐγενὲς
2321 2233 2552 2306 ὑπάρχει
2609 2233 2853 2308 θεώρημα
2911 2234 3044 2307 πρὸς
3104 2234 3162 2284 τό
3230 2220 3404 2294 δεῖξαι

1801 2325 1878 2376 ὅτι
1937 2324 1962 2375 ὁ
2014 2322 2199 2384 κύκλος
2259 2318 2552 2374 διπλασίων
2625 2322 2738 2373 ἐστὶ
2785 2329 2876 2373 τοῦ
2932 2319 3037 2374 ἀπὸ
3094 2328 3190 2382 τῆς
3239 2321 3402 2373 αὐτοῦ

1803 2410 2088 2487 διαμέτρου
2136 2415 2551 2487 καταγραφέντος
2599 2415 2849 2486 τριγώνου
2931 2408 3256 2485 ἰσοπλεύρουο
3321 2415 3407 2463 Δεῖ
3506 2478 3508 2480 ν

1805 2500 1864 2556 δὲ
1919 2501 2106 2555 κύκλον
2145 2501 2370 2578 γράψαι,
2425 2504 2516 2552 καὶ
2566 2499 2738 2552 λαϐεῖν
2776 2503 2872 2559 τὴν
2915 2499 3077 2552 αὐτοῦ
3125 2496 3404 2574 διάμετρον

1803 2597 1894 2645 καὶ
1921 2598 2176 2666 τριγώνου
2202 2593 2362 2644 Θεῖναι
2398 2589 2642 2664 πλευρὰν,
2685 2593 2773 2642 καὶ
2831 2596 3101 2647 συστῆσαι
3143 2588 3407 2652 αὐτοίκαὶ

1807 2678 1977 2745 δεῖξαι
2002 2683 2082 2734 ὅτι
2104 2676 2384 2740 διπλάσιος
2438 2677 2578 2732 ἔστιν
2633 2677 2796 2731 αὐτοῦ
2842 2678 2869 2730 ὁ
2916 2677 3122 2746 κύκλος,
3179 2676 3239 2730 οὗ
3295 2680 3408 2750 ἔχει

1809 2769 2087 2847 διάμετρον
2134 2770 2356 2845 πλευρὰν
2413 2775 2453 2840 ῷ
2513 2773 2534 2822 Ι
2585 2771 2778 2843 κέντρῳ
2831 2786 2846 2801 ο
2891 2767 3079 2830 κύκλος
3129 2768 3408 2842 γεγράφθω

1807 2862 1833 2913 ὁ
1866 2867 1909 2914 Π
1937 2868 1982 2914 Θ
2015 2856 2351 2932 διαστήμασι
2393 2876 2505 2920 τοις
2553 2863 2595 2911 Α
2615 2863 2653 2909 Β
2682 2863 2722 2910 Τ
2742 2865 2790 2910 Ω
2810 2863 2854 2909 Η
2884 2863 2933 2911 Χ
2959 2877 2971 2891 ·
3007 2855 3407 2930 ἕπιζεύχθωσαν

33 3031 375 3092 iametrum
394 3034 743 3094 ductalinea
771 3036 1445 3106 emciuntur.0uoniam
1467 3044 1669 3099 autem
1708 3037 1748 3094 ϐ
1778 3043 1824 3098 Α
1849 3042 1888 3096 Β
1919 3037 2206 3096 circulum
2247 3038 2298 3092 M
2351 3038 2418 3102 U,
2461 3034 2754 3092 diameter
2794 3049 2936 3091 vero
2983 3036 3022 3090 Β
3052 3037 3094 3092 Ε
3145 3033 3436 3094 circulum

41 3137 172 3180 nea
192 3125 709 3197 perpendicularis
731 3130 774 3184 (ὲ
801 3130 841 3185 C
863 3143 988 3185 non
1008 3134 1094 3185 est
1123 3129 1372 3204 aequalis
1410 3130 1526 3204 ipsi
1552 3133 1667 3202 AB,

33 3215 89 3268 st
118 3217 335 3270 autem
362 3213 653 3272 diameter
674 3217 875 3274 circuli
898 3219 942 3284 Q
983 3219 1038 3287 S,
1089 3219 1431 3277 necessario
1488 3221 1672 3278 circu-

34 3319 93 3358 13
117 3305 167 3369 Ο
191 3305 253 3372 S,
323 3303 493 3376 cujus
542 3310 631 3362 est
701 3307 834 3379 ipsa
891 3306 1204 3375 diameter,
1235 3309 1343 3366 erit
1381 3310 1578 3367 minor
1614 3314 1672 3366 et

33 3392 330 3466 tasqualis
357 3393 644 3452 circuloM
666 3397 730 3463 U,
759 3396 933 3468 cujus
973 3396 1263 3455 diameter
1287 3403 1376 3456 est
1402 3399 1516 3454 AB.
1550 3398 1669 3456 Tri-

34 3482 306 3553 ngulum
331 3497 475 3553 ergo
503 3483 549 3538 G
579 3487 622 3540 Β
647 3486 708 3553 C,
759 3486 932 3558 cujus
963 3486 1122 3544 linea
1160 3488 1670 3561 perpendicularis

33 3577 158 3629 stA
195 3571 258 3639 C,
278 3577 335 3629 et
361 3572 946 3646 diametertrianguli
968 3581 1012 3632 Α
1044 3579 1084 3632 Β
1119 3579 1156 3633 C
1182 3583 1240 3634 et
1289 3578 1492 3635 circuli
1533 3580 1577 3646 Ο
1612 3579 1668 3646 S,

33 3661 226 3718 ffecta
245 3661 426 3731 latus,
441 3663 741 3721 constituit
755 3665 1119 3736 triangulum
1133 3667 1448 3741 inaequale,
1481 3672 1538 3724 et
1560 3668 1672 3724 mi-

35 3769 115 3807 us
147 3751 456 3821 triangulo
475 3755 525 3807 A
556 3755 595 3808 Β
613 3756 671 3811 C.
689 3757 834 3811 Nam
861 3771 998 3826 qua:
1010 3755 1198 3813 latera
1214 3757 1676 3814 substernuntur

33 3841 118 3896 ibi
148 3839 414 3896 invicem
440 3841 572 3913 ipsa
601 3842 836 3914 majora
882 3859 944 3899 se
1001 3843 1266 3901 efﬁciunt
1296 3845 1590 3902 diametro
1620 3850 1677 3902 et

34 3947 164 3986 nea
187 3931 685 4003 perpendiculari.
719 3935 942 3989 Rursus
980 3934 1270 4006 quoniam
1321 3937 1358 3990 Β
1397 3934 1677 4004 trianguli

33 4065 41 4074 .
71 4023 115 4074 Β
149 4022 196 4076 C
220 4035 344 4074 non
372 4035 443 4076 eo
461 4037 653 4093 usque
673 4021 1046 4094 protenditur
1075 4028 1140 4078 ut
1159 4024 1232 4079 sit
1255 4023 1485 4096 {equale
1508 4024 1676 4080 lateri

59 4113 128 4180 C,
159 4109 400 4165 eritubi
446 4109 810 4183 terminetur,
860 4112 908 4167 si
964 4112 1172 4168 nonin
1210 4114 1250 4169 C
1303 4113 1672 4181 terminatur,

34 4199 243 4254 ui"est
270 4198 564 4253 terminus
602 4197 799 4255 lateris
830 4199 871 4251 Β
923 4202 983 4256 C.
1038 4200 1478 4258 Terminabitur
1533 4217 1677 4274 ergo

33 4305 46 4345 I
101 4291 174 4354 Ε,
214 4289 274 4342 et
308 4287 410 4344 ﬁet
436 4286 614 4354 latus,
656 4287 958 4360 siquidem
999 4304 1224 4347 nomen
1261 4290 1534 4347 diametri
1555 4307 1674 4348 non

1781 3131 1903 3196 XL,
1957 3126 2568 3199 rursusjdiameterG
2600 3127 2640 3182 C
2673 3123 2967 3196 circulum
3017 3125 3061 3190 Q
3117 3125 3156 3180 S
3213 3139 3229 3180 :
3279 3127 3437 3182 certe

1776 3235 1886 3292 pro
1903 3218 2133 3276 ratione
2146 3215 2577 3272 diametrorum
2591 3213 2945 3284 triangulaA
2959 3215 2998 3269 Β
3013 3214 3104 3270 CE
3135 3214 3174 3269 Β
3192 3215 3232 3270 F
3255 3215 3294 3270 C
3314 3213 3358 3271 G
3389 3203 3437 3268 H

1780 3325 1844 3364 se
1868 3306 2204 3364 habebunt.
2251 3307 2319 3362 Ut
2345 3307 2503 3360 enim
2532 3320 2596 3361 se
2648 3303 2833 3360 habet
2887 3305 2938 3361 Μ
2983 3302 3130 3360 Uad
3178 3303 3221 3360 Χ
3250 3305 3310 3370 L,
3355 3301 3440 3360 ita

1779 3397 1956 3455 etiam
1983 3395 2344 3467 triangulum
2377 3400 2416 3450 A
2446 3396 2484 3450 Β
2502 3397 2541 3452 C
2563 3393 2642 3450 ad
2669 3391 3031 3464 triangulum
3058 3394 3095 3448 Β
3120 3393 3163 3448 Ε
3185 3393 3262 3449 F:
3297 3395 3354 3449 et
3373 3394 3442 3449 ut

1780 3503 1842 3544 se
1862 3483 2314 3543 habetcirculus
2345 3485 2386 3539 Χ
2414 3485 2452 3539 L
2483 3483 2562 3540 ad
2591 3482 2879 3540 circulum
2923 3483 2969 3549 Ο
3016 3483 3073 3550 S,
3127 3481 3211 3539 ita
3257 3480 3440 3539 etiam

1780 3576 2145 3649 triangulum
2177 3577 2215 3630 Β
2248 3577 2287 3630 E
2316 3577 2354 3631 F
2393 3573 2473 3631 ad
2493 3572 2856 3646 triangulum
2901 3575 2941 3630 C
2973 3574 3014 3630 (Ξ
3064 3574 3130 3629 Η.
3175 3574 3247 3629 Ut
3298 3585 3440 3644 ergo

1780 3667 1977 3738 major
1997 3669 2089 3721 est
2139 3653 2397 3720 circulus
2431 3665 2481 3719 M
2512 3665 2556 3720 U
2583 3662 2816 3720 circulis
2839 3665 2880 3719 X
2903 3665 2942 3719 L
2965 3663 3008 3728 Ο
3031 3663 3089 3730 S,
3117 3661 3202 3718 ita
3256 3661 3440 3719 etiam

1783 3755 2147 3826 triangulum
2175 3759 2219 3810 A
2247 3757 2283 3808 Β
2312 3757 2351 3811 C
2380 3753 2578 3824 majus
2601 3751 3017 3822 esttriangulis
3044 3753 3082 3806 Β
3100 3753 3141 3807 Ε
3164 3754 3224 3821 F,
3243 3753 3282 3808 C
3304 3753 3349 3807 G
3366 3750 3436 3807 H.

1783 3845 1988 3900 Solum
2018 3858 2160 3899 vero
2191 3841 2554 3912 triangulum
2586 3847 2629 3896 A
2654 3844 2692 3896 Β
2713 3842 2754 3895 C
2781 3845 2870 3896 est
2897 3839 3126 3912 aequale
3139 3839 3438 3910 triangula

1783 3935 1975 3990 ΑΒΟ.
2025 3931 2324 4002 Trianguli
2349 3945 2492 4000 ergo
2518 3929 2704 3986 latera
2733 3934 2792 3985 et
2836 3929 3128 3986 diameter
3182 3933 3239 3984 et
3280 3929 3442 3986 linea

1783 4021 2294 4096 perpendicularis
2314 4036 2434 4075 non
2453 4035 2592 4075 omn
2603 4036 2662 4073 cs
2677 4017 2930 4074 circulos
2957 4017 3221 4090 requales
3242 4033 3441 4091 neque

1784 4110 1991 4168 omnia
2021 4109 2319 4178 triangula
2346 4111 2385 4163 Ε
2416 4107 2672 4181 aequalia
2694 4106 2976 4170 efﬁciunt,
2997 4121 3136 4162 cum
3173 4121 3280 4178 per
3309 4121 3442 4163 cen-

1784 4204 1943 4256 trum
1972 4205 2028 4256 et
2048 4199 2314 4255 medium
2336 4197 2637 4253 ducuntur
2693 4212 2765 4252 ac
2809 4195 3226 4264 terminantur,
3275 4192 3443 4268 quod

1787 4290 2050 4361 oportuit
2071 4286 2406 4344 ostendere.

33 4377 289 4441 atineat,
331 4375 558 4447 eritque
597 4375 910 4449 inaequalis
957 4382 1014 4433 et
1061 4378 1260 4434 minor
1293 4378 1476 4436 latere
1529 4381 1569 4434 Β
1617 4379 1675 4435 C.
1711 4399 1753 4452 ι)
1858 4382 1909 4434 6.
1939 4376 2329 4446 PraetereaU)
2358 4390 2552 4447 operae
2591 4373 2847 4447 pretium
2887 4372 3300 4431 existimamus
3351 4390 3445 4432 osa

33 4469 94 4520 st
127 4468 346 4519 autem
380 4466 418 4519 Β
454 4466 495 4519 E
525 4464 814 4521 diameter
843 4466 1048 4522 circuli
1107 4469 1146 4521 X
1197 4469 1235 4523 L
1274 4483 1288 4532 ;
1337 4468 1677 4524 necessario

33 4554 196 4623 gitur
228 4551 486 4609 circulus
515 4557 554 4610 Χ
591 4556 633 4608 L
653 4555 761 4610 erit
795 4555 1112 4628 inaequalis
1143 4562 1200 4613 et
1229 4557 1425 4614 minor
1453 4556 1676 4613 circulo

34 4695 36 4700 .
73 4646 126 4700 U
164 4642 351 4713 cujus
377 4643 772 4701 diameterest
799 4647 846 4699 A
901 4647 982 4713 B;
1023 4661 1167 4702 nam
1195 4646 1354 4702 linea
1395 4649 1431 4701 Β
1473 4649 1513 4704 C
1539 4647 1678 4703 huic

34 4732 276 4808 aqualis
297 4737 402 4801 est,
431 4738 489 4789 et
512 4733 877 4804 triangulum
906 4734 1085 4804 igitur
1114 4738 1154 4790 E
1182 4738 1219 4790 Β
1260 4738 1298 4791 F
1336 4736 1503 4807 quod
1552 4735 1678 4793 dia-

33 4829 209 4880 ieter
233 4820 496 4878 circulix
526 4824 563 4878 L
591 4822 748 4879 latus
804 4822 1018 4880 effecta
1059 4825 1364 4880 constituit
1406 4829 1497 4881 est
1547 4825 1680 4881 inae-

33 4912 199 4970 uale
224 4914 286 4967 et
311 4910 511 4967 minus
548 4911 840 4982 triangulo
871 4916 919 4968 A
942 4916 980 4968 Β
1007 4915 1068 4971 C.
1123 4915 1346 4970 Rursus
1393 4914 1681 4970 diameter

41 5000 302 5059 rculiM
361 5003 426 5068 U,
475 5002 766 5074 quoniam
816 5002 995 5058 etiam
1050 5003 1210 5059 latus
1255 5007 1346 5060 est
1400 5003 1681 5075 trianguli

67 5097 117 5150 Β
139 5093 216 5158 C,
239 5091 569 5163 assumptis
589 5091 881 5148 lateribus
906 5095 943 5147 Β
966 5094 1032 5160 0,
1054 5096 1100 5148 Α
1118 5093 1183 5159 Ο,
1202 5091 1560 5165 aequalibus,
1578 5108 1681 5150 ne-

33 5179 284 5240 assario
313 5178 616 5236 constituit
640 5179 1008 5251 triangulum
1067 5182 1115 5235 A
1146 5183 1186 5236 Β
1240 5183 1306 5249 Ο,
1367 5181 1598 5255 aequale
1628 5181 1683 5238 ei

33 5271 192 5344 Jjus
222 5271 316 5324 est
339 5267 496 5325 latus
519 5273 565 5325 Α
595 5271 656 5327 Β.
687 5271 754 5326 Et
798 5270 1088 5343 quoniam
1109 5269 1264 5327 latus
1307 5273 1355 5326 A
1407 5272 1450 5324 Β
1483 5271 1683 5342 majus

33 5366 84 5418 st
107 5358 431 5415 diametro
453 5360 491 5414 Β
517 5361 578 5425 E,
611 5363 669 5416 et
699 5359 900 5432 ipsum
929 5364 1020 5415 est
1075 5373 1320 5433 quoque
1375 5359 1576 5432 majus
1620 5359 1684 5416 li-

33 5465 114 5510 ea
141 5446 643 5522 perpendiculari
672 5449 714 5505 G
747 5451 806 5521 C,
835 5449 1139 5507 constituit
1167 5453 1369 5506 autem
1397 5449 1687 5506 diameter

1786 4465 2027 4522 tendere
2039 4465 2184 4520 illud
2206 4463 2372 4537 quod
2403 4469 2725 4532 cognatum
2741 4467 2830 4518 est
2851 4462 2922 4518 iis
2935 4479 3071 4536 quse
3101 4468 3242 4520 sunt
3259 4463 3440 4536 dicta,

1787 4569 2006 4626 nempe
2031 4567 2210 4608 omne
2243 4551 2606 4622 triangulum
2659 4567 2732 4608 ex
2785 4550 3076 4608 diametro
3117 4551 3322 4608 circuli
3347 4551 3448 4609 de-

1787 4643 2075 4715 scriptum
2096 4639 2416 4696 dimidium
2454 4641 2717 4713 spatium
2755 4641 3260 4713 comprehendere
3315 4641 3447 4711 ejus

1787 4731 2068 4804 trianguli
2097 4729 2264 4803 quod
2285 4729 2466 4785 habet
2486 4744 2594 4801 pro
2615 4729 2819 4798 latere,
2839 4729 3040 4784 circuli
3057 4729 3443 4797 diametrum,

1788 4821 1955 4896 quod
1977 4835 2121 4877 sane
2149 4819 2458 4889 theorema
2483 4818 2682 4875 nobile
2704 4822 2813 4886 est,
2835 4823 2892 4874 et
2917 4816 3446 4874 accommodatum

1789 4911 1868 4970 ad
1907 4908 2350 4967 ostendendum
2389 4905 2678 4963 circulum
2717 4905 2941 4978 duplex
2998 4921 3128 4961 esse
3165 4903 3448 4975 trianguli

1790 5000 2113 5074 aequalium
2167 4998 2422 5055 laterum
2479 5012 2516 5052 θ.
2568 4995 2854 5052 subtensa
2891 4993 3094 5050 circuli
3153 4994 3448 5052 diametro

1790 5091 2088 5164 descripti.
2151 5089 2390 5161 Oportet
2431 5084 2612 5158 igitur
2658 5084 2948 5141 circulum
3008 5083 3345 5142 describere
3391 5087 3450 5141 et

1791 5195 2099 5238 assumere
2123 5177 2313 5256 ipsius
2335 5175 2716 5242 diametrum,
2746 5187 2817 5230 ac
2833 5189 3056 5247 ponere
3069 5173 3267 5245 ipsam
3285 5176 3354 5229 ut
3374 5172 3452 5230 sit

1791 5268 2075 5340 trianguli
2111 5267 2289 5335 latus,
2313 5270 2369 5322 et
2411 5263 2738 5321 constructi
2794 5262 3076 5334 trianguli
3132 5262 3450 5319 ostendere

1794 5357 2084 5417 circulum
2106 5372 2238 5413 esse
2265 5353 2542 5427 duplum,
2569 5353 2742 5424 cujus
2801 5351 3171 5424 triangulum
3214 5365 3324 5424 pro
3354 5345 3451 5408 la-

1795 5452 1916 5507 tere
1945 5447 2126 5505 habet
2149 5445 2531 5502 diametrum.
2559 5443 2628 5500 In
2650 5445 2898 5500 centrol
2937 5439 3195 5500 circulus
3229 5439 3452 5500 scriba-

58 5628 166 5705 (t)
221 5626 358 5686 Haec
385 5641 584 5702 usque
625 5628 702 5687 ad
732 5643 903 5687 num.
929 5631 962 5687 7
992 5644 1116 5690 non
1137 5633 1286 5705 puto
1315 5641 1450 5690 esse
1473 5629 1667 5707 ipsius
1698 5628 1980 5692 auctoris.
2011 5625 2156 5687 Vide
2180 5621 2613 5687 Praefationem.

284 5750 532 5812 Panos.
572 5754 675 5815 Gn.
713 5753 860 5816 CXL.

2881 5747 2954 5808 44
