3932 6326
31 303 180 384 38.9

932 309 1288 367 THEODORI
1320 308 1370 365 Π
1407 311 1544 367 IMP.
1584 309 1675 365 DE
1713 309 2173 369 COMMUNIONE
2208 315 2582 374 NATURALI.

3323 327 3458 380 1390

35 447 92 478 χ
148 437 251 493 τῆς
295 436 385 482 τοῦ
434 428 624 482 κύκλου
670 436 988 504 περιφερείας
1037 438 1126 485 xui
1206 442 1306 485 τῶν
1348 442 1446 486 τῶν
1485 439 1670 508 τριγώ-
1728 437 1775 488 Α
1834 439 1966 507 τομὴ
2000 439 2132 488 ἔστω
2187 435 2279 490 διὰ
2335 446 2427 491 τοῦ
2471 444 2633 512 μέσον
2685 446 2774 494 καὶ
2814 445 3028 516 κέντρου
3089 447 3210 498 κατ’
3266 447 3461 500 εύθεῑα

41 538 156 567 ων
188 517 422 594 πλευρῶν
449 525 692 592 γινόμενα
723 522 956 573 ἔστωσαν
1003 526 1098 574 ἴσα
1135 529 1241 584 τοῖς
1299 519 1427 575 δυσὶ
1481 527 1670 597 τριγώ-

32 613 221 666 οιςΤ
254 614 295 659 Η
327 613 362 659 Δ
388 615 436 660 Χ
459 597 512 660 Ὠ
541 614 600 663 Γ.
628 609 786 663 Δηλοῖ
828 613 930 684 γὰρ
989 611 1116 663 αὐτὸ
1163 616 1250 663 καὶ
1306 614 1335 670 ἡ
1397 613 1667 673 αἴσθησις.

29 697 114 744 Γὸ
161 695 263 769 γὰρ
288 703 329 749 Τ
360 703 401 750 Η
432 704 614 769 τμῆμα
643 706 733 750 τοῦ
765 705 807 750 Π
837 705 883 751 Θ
931 699 1120 752 κύκλου
1177 704 1235 752 τό
1268 705 1305 751 Α
1337 707 1427 752 ΤΒ
1467 706 1508 752 Η
1538 703 1672 752 κατά

29 803 90 834 με
135 790 417 843 ποσότητα
465 785 762 858 προσλαϐόν
829 787 1190 863 ἀναπληρώσει
1241 791 1300 840 1'6
1346 796 1438 840 τοῦ
1479 796 1521 841 Τ
1554 796 1592 841 Η
1626 793 1671 842 Λ

29 893 95 946 ’ρ
113 880 322 945 ιγώνου
354 872 600 947 ἐμϐαὸον.
624 874 894 938 Ὡσαύτως
923 881 1014 928 καὶ
1071 881 1128 929 τὸ
1154 885 1203 931 Χ
1255 885 1302 930 Ω
1343 885 1526 950 τμῆμα
1580 885 1672 930 τού

29 962 225 1014 ιύτοῡ
261 969 297 1015 [Ι
323 967 361 1016 Θ
390 963 580 1016 κύκλου
611 966 676 1016 τὰ
701 971 739 1017 Α
788 972 835 1018 Χ
896 972 933 1017 Β
984 972 1031 1017 Ω
1084 971 1336 1038 τμήματα
1377 965 1672 1039 προσλαϐόν

27 1051 426 1126 ςναπληρώσει
457 1072 517 1105 το
545 1061 638 1104 τοῦ
669 1061 715 1106 X
761 1060 809 1105 Ω
864 1056 902 1105 Γ
942 1060 1196 1125 τριγώνου
1251 1051 1500 1127 ἐμϐαδὸν·
1574 1052 1672 1114 δη·

28 1144 380 1214 ,οποιεῖγὰρ
410 1150 562 1194 τοῦτο
593 1146 680 1194 καὶ
710 1143 739 1200 ἡ
790 1141 908 1212 ὃψις
959 1144 1112 1201 αὐτή.
1167 1148 1268 1196 Καὶ
1327 1146 1456 1216 ὁμοῦ
1511 1147 1575 1197 τὰ
1623 1144 1671 1196 ἐν

27 1237 115 1297 ’ᾧ
160 1225 375 1301 ἓμϐαδῷ
453 1238 546 1282 τοῦ
605 1237 646 1282 Π
715 1237 762 1283 Θ
802 1231 994 1282 κύκλου
1055 1238 1400 1306 περιεχόμενα
1450 1237 1673 1305 τρίγωνα

27 1319 219 1390 ἷκτώ,
279 1315 600 1394 τετραδικῶς
663 1327 767 1380 τοῖς
819 1317 948 1373 δυσὶ
1013 1326 1197 1392 γὼνοις
1248 1326 1286 1372 Α
1335 1327 1428 1373 ΒΔ
1463 1328 1500 1375 Α
1557 1329 1592 1374 Β
1637 1328 1674 1374 Γ

27 1410 392 1484 ὶπάρχοντω
423 1405 703 1461 διπλάσιον
734 1409 915 1481 ἄρατὸ
953 1417 1044 1462 τοῦ
1077 1415 1119 1462 η
1185 1418 1230 1463 Θ
1278 1409 1470 1462 κύκλου
1513 1409 1671 1482 ἐμϐα-

25 1491 178 1556 ΐὸν,
212 1504 304 1547 τοῦ
336 1502 376 1550 Α
443 1501 480 1549 Β
539 1501 574 1548 Δ
630 1502 904 1570 τριγώνου,
961 1497 1029 1547 ὧν
1088 1499 1142 1549 αἱ
1190 1502 1491 1570 περίμετροι
1533 1499 1670 1564 ἶσαι,

769 1584 840 1638 ἐνὶ
897 1585 1099 1656 ἑκάστῳ
1182 1590 1383 1658 μείζονι
1438 1593 1672 1660 τριγώνῳ

25 1674 219 1726 ὄντων
268 1679 550 1748 τριγώνων·
609 1677 724 1746 ἔχει
774 1682 900 1744 γοῦν
953 1676 979 1726 ό
1025 1674 1215 1735 κύκλός
1265 1679 1354 1727 καὶ
1392 1677 1458 1727 τὰ
1515 1681 1670 1728 οκτὼ.

25 1581 244 1642 ἐπειδὴ
294 1587 549 1658 τεττάρων
639 1583 687 1636 ἰν

25 1761 154 1823 Ὀς
215 1763 319 1837 ἄρα
361 1760 550 1825 κύκλος
614 1759 778 1816 δώσει
837 1759 1116 1837 διάμετρον
1163 1768 1254 1816 καὶ
1312 1768 1561 1822 συντήσει
1617 1763 1673 1816 ἐκ
1734 1789 1771 1841 Β

23 1842 255 1913 ταύτης
310 1851 616 1924 ἰσόπλευρον
700 1850 972 1924 ἰσόγώνιον
1047 1856 1314 1926 τρίγωνον,
1388 1849 1672 1916 διπλάσιος

23 1942 247 1992 τούτου
278 1939 412 2006 ἐστὶ,
443 1941 632 2002 καθωςο
665 1937 773 1993 ἔδει
818 1937 1008 2003 δεῖξαι.
1059 1947 1160 1994 Καὶ
1213 1948 1381 1994 ταῦτα
1437 1944 1529 2014 μὶν
1583 1946 1670 2014 μὲ-

23 2049 149 2103 ζρι
175 2025 332 2081 τοῦδε
364 2071 379 2095 ,
411 2030 438 2081 6
470 2027 531 2082 δῖ
591 2029 743 2106 λόγος
795 2026 1139 2102 ἆναδραμέτω
1187 2029 1343 2083 πάλιν
1397 2031 1560 2102 λέγειν
1604 2034 1670 2084 τὰ

23 2130 175 2201 rapi
239 2135 338 2178 τῶν
410 2129 540 2179 ἰσων
608 2132 700 2180 καὶ
785 2125 974 2179 ἆνίσῶν
1033 2135 1134 2179 τῶν
1195 2124 1323 2180 εῖδει
1374 2131 1668 2201 σχημάτων

23 2216 550 2288 τχηματισθέντῳν,
668 2219 754 2268 ἶνα
840 2220 897 2268 1'6
975 2215 1306 2291 παρεμπεσόν
1420 2217 1668 2289 θεώρημα

21 2302 398 2374 εαταλείψας,
430 2308 558 2375 πρός
612 2309 701 2357 τόν
746 2308 940 2358 σκοπόν
997 2301 1281 2378 βάδιῆται,
1314 2306 1342 2358 ὅ
1377 2309 1467 2358 καὶ
1508 2311 1665 2378 γενή-

21 2413 220 2446 τεται.

108 2479 170 2543 ζ’
178 2522 191 2534 .
211 2485 393 2534 Τοίνυν
437 2482 496 2534 ού
539 2487 693 2556 μόνον
748 2491 822 2554 τῷ
875 2483 1046 2556 κύκλῳ
1099 2487 1191 2536 καὶ
1235 2490 1298 2542 τῆ
1362 2487 1559 2556 σφαίρᾳ
1574 2490 1664 2536 καὶ

21 2575 289 2647 τριγώνῳ
308 2574 398 2623 καὶ
425 2577 727 2646 τετραγώνῳ
771 2576 1003 2644 γίγνεται
1043 2574 1074 2630 ἡ
1131 2571 1292 2645 ἔξοχὴ
1349 2579 1440 2624 τού
1470 2572 1663 2625 κύκλού

19 2664 178 2730 πρὸς
208 2663 271 2711 τό
299 2661 463 2718 πάντη
497 2657 629 2730 ἴσον,
658 2655 786 2713 ἀλλὰ
835 2666 992 2714 παντὶ
1044 2665 1290 2733 σχήματι
1334 2665 1659 2735 γραφομένῳ.

19 2744 258 2807 Μηδεὶς
283 2743 532 2822 δ’ἇιλόγως
561 2753 716 2821 τέμνη
748 2753 835 2801 τὸν
885 2749 1071 2802 κύκλον
1133 2751 1162 2808 ἣ
1196 2749 1394 2816 τὀῖλλα,
1464 2749 1573 2802 αλλ’
1625 2751 1656 2808 ἡ

1834 524 2060 597 οἰμῶσα,
2119 526 2181 577 ἵν’
2265 527 2426 589 οὕτως
2480 536 2580 590 πᾶς
2641 535 2871 603 περάτων
2937 532 3154 603 εύθεῖαν,
3210 555 3430 608 σχημα-

1832 623 2066 688 τογραφῆ
2128 618 2261 668 κατὰ
2330 616 2496 688 λόγον,
2576 624 2701 693 Περὶ
2755 617 2813 672 δὲ
2862 629 2962 673 τῶν
3008 625 3202 695 τόμέων
3257 621 3432 688 οὐδεὶς

1832 702 1976 774 λόγος
2014 709 2146 765 νυνὶ,
2205 709 2379 776 ὅτιπερ
2438 703 2562 759 ούδέ
2620 713 2808 769 σκοπός
2862 711 2931 772 εὶς
2979 712 3128 778 αὐτὸ,
3180 711 3289 765 ἀλλ’
3350 715 3432 766 ὁτι

1834 797 1938 851 πῶς
1993 796 2051 844 τό
2103 789 2242 854 εἶδος
2305 793 2353 844 ἐν
2397 796 2610 847 ἕκαστον
2695 795 3054 869 ἐγνωμάτευσε
3135 804 3430 872 σχημάτων

1834 876 2013 950 ἐτέρων
2035 877 2372 955 διαχωρίσαν
2413 886 2704 954 σχημάτων
2742 885 2887 940 αύτό.
2917 893 3071 939 Ἔστι
3129 886 3189 941 δὲ
3235 897 3429 964 πρώτι-

1837 985 1954 1018 στον
1983 973 2072 1019 καὶ
2098 969 2558 1043 οἷκλινέστατονῌ)
2599 982 2790 1044 σχῆμα
2826 976 2850 1025 ό
2908 976 3114 1043 κύκλος,
3142 973 3177 1029 δ
3182 978 3216 1028 ι’
3249 979 3310 1029 ού
3339 983 3430 1031 καί

1834 1058 1864 1113 ἧ
1902 1063 2096 1129 σφαῖρα
2150 1063 2478 1126 συνίσταται,
2523 1064 2652 1132 μετὰ
2681 1058 2738 1114 δὲ
2766 1066 2824 1114 τό
2865 1067 3198 1136 τετράγωνον,
3223 1073 3334 1119 εἶτα
3368 1071 3429 1119 τὸ

1837 1145 2136 1218 ἰσόπλευρον
2161 1153 2430 1220 τρίγωνον,
2473 1155 2563 1201 καί
2592 1150 2708 1203 οὔτε
2756 1150 3048 1225 κύλινδρος,
3077 1157 3194 1207 οὔτε
3247 1164 3428 1225 κῶνος,

1833 1233 1948 1287 οὔτε
1998 1234 2259 1300 πλαίσιον,
2323 1241 2440 1289 οὔτε
2498 1245 2722 1311 πυραμίς
2787 1243 2851 1301 ὡς
2903 1242 3056 1307 αύτά,
3102 1245 3260 1295 οἶνισα
3303 1246 3428 1318 γάρ,

1833 1323 2022 1394 μᾶλλον
2052 1332 2144 1374 τού
2190 1333 2509 1399 τετραγώνου
2562 1333 2651 1379 καί
2697 1337 2790 1381 τοῦ
2846 1337 3099 1404 τριγώνου
3148 1339 3273 1384 οῖον·
3318 1334 3432 1405 ἔχει

1835 1410 1895 1465 δέ
1951 1418 2040 1464 καί
2113 1416 2163 1465 ἓν
2232 1416 2448 1468 ἕκαστον
2515 1426 2707 1489 σχῆμα
2817 1425 2972 1472 παντί
3064 1419 3318 1496 διαφοράν
3365 1433 3427 1483 τῆ

1835 1503 2042 1558 ἰσότητι
2080 1507 2168 1554 καὶ
2196 1502 2487 1561 ἁνισότητι.
2546 1504 2691 1558 ’Ὁσα
2749 1515 2873 1578 γοῦν
2925 1512 3142 1580 ἔχουσιν
3200 1511 3433 1587 ἰσοτέραν

1832 1595 1926 1648 τὴν
1955 1593 2117 1658 θέσιν,
2176 1591 2344 1644 ἐκεῖνα
2401 1597 2487 1645 xui
2561 1602 2869 1667 κρειττόνως
2923 1601 3068 1672 παρὰ
3115 1607 3208 1652 τοῦ
3263 1598 3436 1662 εἴδους

1833 1676 2264 1738 εἰδοποιὴθησαν.
2323 1689 2408 1752 Τῷ
2606 1681 2694 1736 οὖν
2754 1686 2926 1757 κύκλῳ
2969 1692 3059 1739 καὶ
3127 1697 3188 1747 τῆ
3239 1695 3436 1764 σφαίρᾳ

1831 1774 1935 1829 πᾶς
1993 1768 2054 1819 ἆν
2113 1769 2429 1842 ὁμολογήση,
2497 1773 2674 1845 ὅτιπερ
2728 1771 2878 1826 οὐδὲν
2934 1779 3163 1850 ἱσότερον
3219 1777 3360 1844 ἄλλο,
3401 1779 3431 1836 ἣ

1832 1858 2064 1925 ὡσαυτά,
2114 1867 2214 1910 τῶν
2287 1856 2347 1910 δε
2412 1859 2575 1912 ἄλλων
2630 1866 2834 1914 πάντων
2887 1868 2914 1924 ό
2971 1868 3059 1936 μὲν
3113 1865 3230 1937 ἰμός
3283 1866 3436 1938 λόγος

1833 1943 2090 2020 διακρίνει
2151 1951 2210 1999 τὸ
2290 1950 2609 2019 τετράγωνον
2659 1955 2748 2002 καὶ
2793 1955 2851 2002 τό
2903 1951 3206 2026 ἰσόπλευρον
3245 1959 3435 2027 τρίγω-

1830 2055 1934 2102 νον,
1975 2035 2069 2086 ούκ
2098 2037 2216 2087 ἄνευ
2246 2045 2396 2088 τινῶν
2463 2033 2523 2089 δὲ
2575 2039 2715 2089 τοῦτ’
2787 2040 2914 2091 αὐτὸ
2967 2041 3148 2093 αἰτιῶν
3200 2042 3430 2115 λέγομεν,

1831 2122 1936 2175 ἀλλ’
1987 2126 2067 2176 ὅτι
2119 2129 2209 2176 καὶ
2271 2123 2571 2194 ἀναγκαῖον·
2631 2127 2676 2178 εἰ
2749 2124 2810 2180 δέ
2848 2127 2994 2204 παρὰ
3041 2133 3129 2182 τὸν
3186 2133 3432 2207 ἡμέτερον

1830 2216 2024 2266 σκοπόν
2047 2212 2212 2274 ἄλλως
2241 2233 2351 2274 πως
2371 2212 2500 2288 ἀνήρ
2524 2233 2604 2276 τις
2655 2216 2777 2290 ιύρη
2823 2216 2946 2270 ἄλλο
3005 2218 3253 2294 ἰσότερον,
3318 2223 3430 2292 χά-

1825 2323 1911 2379 ρις
1931 2308 2021 2355 καὶ
2046 2306 2213 2374 τούτῳ
2239 2302 2421 2371 πολλὴ,
2487 2309 2801 2377 συγγνώμην
2850 2303 2911 2359 δὲ
2964 2312 3053 2361 καὶ
3104 2310 3252 2381 ἡμεῖς
3298 2308 3433 2372 ἆξαι-

1824 2393 2054 2462 τούμεθα
2094 2393 2175 2443 ότι
2225 2393 2354 2444 uin-6
2436 2393 2617 2444 ἄνισον
2662 2393 2871 2466 λέγομεν
2933 2403 3007 2465 τῷ
3047 2395 3244 2450 ἀκλινεί
3294 2398 3424 2468 ἴσον,

1827 2479 1953 2532 ἀλλὰ
1985 2485 2079 2539 τήν
2102 2485 2257 2553 τιμὴν
2277 2487 2348 2550 τῷ
2373 2483 2475 2552 ἴσῳ
2503 2480 2878 2554 ἀφοσιούμεθα.
2927 2482 3102 2538 Ἐστω
3130 2481 3190 2539 δὲ
3242 2487 3286 2540 εἰ
3334 2493 3426 2558 μὴ,

1825 2569 1893 2630 ὠς
1921 2571 1948 2622 ό
1975 2571 2221 2643 ἡμέτερος
2241 2568 2387 2640 λόγος
2404 2572 2624 2642 εἴρηκεν,
2681 2568 2787 2622 ἀλλ’
2838 2573 2908 2634 ὡς
2953 2574 2979 2625 ό
3037 2579 3252 2637 εκεινου,
3299 2581 3424 2648 τιμὴ

1823 2667 1895 2729 τῷ
1919 2659 1946 2710 ὃ
1985 2661 2182 2733 εἰρηκεν
2241 2677 2407 2727 ουτος,
2458 2657 2807 2729 συμϐάλλεται
2863 2657 2925 2714 δὲ
2973 2665 3064 2714 καὶ
3112 2663 3139 2714 6
3186 2666 3426 2738 ἡμέτερος

1823 2748 1890 2808 εἰς
1927 2751 2014 2799 τόν
2059 2747 2241 2816 αὐτοῦ,
2313 2751 2394 2800 ὅτι
2441 2751 2499 2800 τό
2523 2744 2635 2800 ἶσον
2685 2755 2988 2822 κρειττόνως
3034 2753 3094 2803 τό
3151 2749 3291 2815 εἶδος
3334 2760 3425 2805 τοῦ

19 2944 295 3006 [uorum
317 2942 423 2982 sex
453 2927 666 2982 ATl'l'
691 2927 734 2982 G
771 2923 789 2979 Ι
823 2927 866 2982 G
899 2927 937 2980 Β
968 2927 988 2979 l
1019 2927 1058 2981 Β
1094 2926 1139 2982 0
1177 2929 1195 2982 l
1223 2926 1268 2981 Ο
1317 2927 1358 2982 Χ
1409 2929 1424 2981 l
1480 2928 1520 2981 Χ
1563 2930 1610 2980 Α
1655 2926 1679 2984 1
1709 2923 1751 2980 C
1787 2925 2010 2978 temere
2034 2928 2190 2977 secet
2220 2922 2512 2979 circulum
2542 2931 2647 2982 aut
2665 2925 2812 2982 alias
2835 2927 3082 2999 ﬁguras,
3125 2927 3231 2983 sed
3264 2927 3449 2984 sectio

21 3017 290 3095 patium
322 3013 523 3071 circuli
558 3017 603 3078 Q
638 3013 1324 3088 ilcomprehendunt(2).
1351 3016 1681 3086 Supersunt

17 3115 228 3165 tutem
263 3106 303 3161 Χ
334 3105 463 3165 OC,
514 3104 558 3159 T
595 3104 638 3159 G
691 3104 756 3158 D.
802 3106 1122 3174 Segmenta
1163 3103 1341 3171 igitur
1386 3104 1501 3158 ΛΤ
1550 3105 1590 3158 Τ
1637 3103 1679 3158 G

18 3203 36 3254 ;
81 3196 138 3249 Β
174 3197 215 3250 Β
247 3195 292 3250 0
324 3194 429 3248 0x
463 3193 501 3246 Χ
550 3193 619 3254 Α,
670 3206 807 3263 qua;
846 3207 918 3246 ex
977 3192 1477 3246 circumcurrente
1522 3190 1682 3245 linea

17 3281 230 3340 :irculi
271 3285 329 3336 et
377 3279 666 3335 lateribus
723 3278 1158 3350 triangulorum
1202 3279 1512 3348 exsistunt,
1564 3280 1682 3334 sint

17 3370 291 3446 equalia
319 3367 563 3424 duobus
593 3367 902 3438 triangulis
921 3370 963 3423 T
990 3369 1032 3424 G
1074 3369 1137 3435 D,
1167 3370 1208 3424 X
1234 3369 1279 3424 Ο
1297 3371 1356 3424 C.
1384 3371 1503 3424 Hoc
1519 3370 1677 3423 enim

17 3479 148 3538 pse
177 3475 394 3515 sensus
422 3458 805 3514 demonstrat.
865 3459 1015 3514 Nam
1073 3459 1116 3512 Τ
1166 3459 1230 3525 G,
1299 3464 1678 3528 segmentum

17 3549 229 3608 :irculi
267 3549 309 3614 Ο
331 3548 396 3622 Η,
415 3553 726 3619 assumpta
747 3547 1079 3618 quantitate
1094 3551 1139 3600 A
1158 3547 1203 3600 T
1229 3549 1341 3611 BG,
1358 3546 1680 3614 complebit

17 3640 295 3715 gpatium
315 3634 653 3706 trianguliT
678 3637 720 3691 G
742 3637 804 3690 Ι).
821 3634 1040 3690 Eodem
1084 3636 1261 3691 modo
1299 3641 1675 3702 segmentum

17 3734 39 3786 ἰ
77 3732 131 3784 Ο
161 3725 439 3798 ejusdem
457 3723 656 3779 circuli
689 3724 734 3796 Ο
769 3727 832 3788 H,
858 3724 1186 3794 assumptis
1213 3724 1538 3793 segmentis
1559 3728 1605 3778 A
1639 3724 1680 3778 Χ

18 3820 114 3875 30
127 3813 479 3886 ,complebit
491 3813 750 3884 spatium
768 3813 1044 3882 trianguli
1061 3814 1100 3866 X
1112 3814 1156 3869 Ο
1172 3816 1382 3869 C.Nam
1399 3817 1676 3884 aspectus

25 3923 150 3980 pse
181 3903 305 3958 hoc
341 3901 736 3956 demonstrat.
758 3899 1469 3971 Ettriangulaigiturocto
1496 3901 1677 3954 simul

17 3989 539 4064 :omprehensain
565 3989 760 4062 spatio
773 3988 1032 4054 circuliQ
1049 3991 1110 4056 Η,
1135 4005 1395 4061 quorum
1418 3993 1680 4059 quatuor

17 4078 400 4152 riangulum
423 4081 765 4148 utrumque,
789 4077 988 4147 majus
1009 4092 1227 4149 nempe
1256 4083 1302 4132 Α
1331 4079 1368 4131 Β
1411 4079 1454 4134 Ι)
1485 4081 1530 4131 Α
1571 4078 1610 4130 Β
1641 4075 1680 4130 C

17 4167 418 4237 :onstituunt,
447 4165 708 4237 spatium
756 4165 960 4220 circuli
1015 4165 1425 4236 complebunt.
1485 4166 1678 4229 Quare

1787 3011 1894 3066 ﬁat
1923 3026 2029 3081 per
2057 3011 2327 3066 medium
2350 3016 2408 3067 et
2435 3018 2728 3083 centrum,
2759 3015 2842 3071 ita
2863 3022 2924 3072 ut
2951 3016 3016 3072 in
3044 3022 3270 3072 rectum
3302 3033 3441 3088 pro-

1790 3100 1963 3156 cedat
1992 3105 2054 3155 ut
2079 3100 2191 3155 hoc
2220 3100 2406 3155 modo
2427 3102 2627 3158 omnis
2649 3103 2906 3160 circulus
2935 3120 3008 3160 ex
3049 3105 3281 3160 ratione
3337 3106 3440 3161 de-

1789 3189 2088 3245 scribatur
2116 3187 2311 3245 ductis
2343 3194 2504 3245 recta
2527 3189 2698 3247 lineis
2722 3191 2800 3246 ad
2851 3193 3159 3248 terminos.
3193 3193 3308 3249 Sed
3369 3194 3445 3250 de

1788 3279 2117 3334 sectoribus
2141 3293 2304 3334 nunc
2331 3293 2454 3334 non
2501 3284 2590 3335 est
2645 3279 2816 3336 nobis
2865 3295 3065 3338 sermo
3115 3281 3443 3347 institutus,

1787 3368 2035 3440 quando
2055 3382 2252 3439 neque
2307 3383 2528 3439 scopus
2571 3368 2666 3426 hic
2703 3369 2881 3426 nobis
2941 3375 3031 3426 est
3072 3371 3437 3443 propositus,

1787 3471 1922 3511 cum
1937 3455 2247 3511 ostendere
2257 3457 2660 3513 constituerim
2670 3475 2737 3513 us
2747 3459 3050 3530 quomodo
3065 3473 3442 3531 unaquaeque

1788 3545 1980 3601 forma
1999 3561 2487 3617 unamquamque
2503 3547 2758 3618 ﬁguram
2775 3548 3206 3618 informavit,ut
3216 3549 3294 3605 ab
3309 3548 3438 3604 aliis

1786 3634 1996 3703 ﬁguris
2013 3639 2412 3705 seper-aretur.
2445 3638 2540 3691 Est
2571 3641 2772 3693 autem
2823 3637 3019 3709 prima
3066 3644 3123 3694 et
3166 3636 3438 3694 omnium

1787 3724 2050 3778 maxime
2070 3723 2347 3780 ordinata
2375 3723 2569 3793 ﬁgura
2599 3724 2878 3784 circulus.
2893 3742 2964 3782 ex
2977 3741 3100 3796 quo
3118 3726 3297 3782 etiam
3312 3725 3439 3793 glo-

1787 3810 1900 3865 bus
1930 3816 2181 3881 constat,
2210 3811 2426 3868 deinde
2448 3813 2832 3884 quadratum,
2857 3813 3076 3868 deinde
3102 3813 3436 3882 triangulus

1787 3899 2109 3971 aequalium
2136 3899 2386 3956 laterum
2420 3919 2438 3971 ;
2468 3915 2663 3971 nequc
2682 3899 2988 3972 cylindrus
3017 3916 3211 3972 neque
3227 3915 3434 3968 conus,

1788 4003 1983 4060 neque
2016 3987 2246 4058 prisma
2277 4003 2471 4059 neque
2495 3989 2757 4059 pyramis
2779 3993 2919 4042 sunt
2943 3988 3263 4058 ejusmodi,
3294 4003 3437 4045 nam

1787 4077 1983 4146 magis
2015 4075 2343 4147 inaequales
2367 4083 2507 4131 sunt
2527 4092 2714 4148 quam
2746 4076 3111 4149 quadratum
3156 4082 3215 4133 et
3264 4077 3440 4134 trian-

1788 4166 2018 4232 gulum,
2045 4170 2103 4220 ut
2138 4179 2516 4236 unaquaeque
2545 4165 2745 4235 ﬁgura
2765 4165 3117 4222 discernitur
3141 4167 3221 4222 ab
3252 4165 3440 4222 altera

17 4259 301 4334 spatium
325 4255 523 4311 circuli
553 4255 595 4320 Ο
617 4257 659 4310 Η
693 4254 948 4326 duplum
972 4261 1060 4310 est
1083 4255 1361 4324 trianguli
1392 4261 1435 4309 A
1485 4257 1521 4309 Β
1572 4256 1612 4309 C
1663 4268 1678 4321 ;
1713 4281 1753 4332 ι)
1787 4253 2124 4326 aequalitate
2153 4259 2208 4308 et
2221 4253 2646 4326 inaequalitate.
2669 4254 3438 4326 Quaecunqueigitursitum

17 4365 169 4405 nam
215 4343 416 4400 circuli
437 4347 494 4399 et
541 4342 860 4399 amborum
910 4342 1342 4412 triangulorum
1385 4340 1682 4414 perimetri

17 4441 169 4493 sunt
191 4432 479 4504 mquales,
500 4447 638 4488 cum
659 4437 921 4503 quatuor
944 4432 1062 4486 sint
1082 4431 1378 4501 triangula
1421 4432 1482 4486 in
1523 4435 1680 4486 utro-

17 4542 144 4600 :{ue
179 4520 502 4592 triangulo.
532 4519 718 4576 Habet
733 4521 912 4590 igitur
926 4519 1641 4589 circulusoctotriangula
1665 4536 1678 4583 ;

17 4615 126 4689 qui
172 4612 352 4681 igitur
370 4609 626 4666 circulus
646 4607 1052 4681 suppeditabit
1071 4609 1430 4664 diametrum
1458 4625 1532 4664 ex
1559 4623 1684 4680 qua

17 4703 414 4760 construatur
431 4697 798 4768 triangulum
821 4697 1144 4769 aequalium
1156 4697 1410 4753 laterum
1428 4703 1683 4766 elangu-

17 4797 157 4850 loru
169 4807 254 4858 m,
265 4788 488 4860 duplus
501 4792 587 4843 est
605 4788 793 4859 ipsius
805 4786 1112 4856 trianguli;
1125 4786 1292 4859 quod
1311 4788 1574 4858 oportuit
1588 4785 1688 4842 de-

17 4886 388 4939 monstrare.
404 4878 594 4948 Atque
605 4877 734 4931 haec
746 4875 994 4947 quidem
1005 4876 1528 4932 hactenus.0ratio
1547 4891 1686 4931 vero

17 4970 364 5027 revertatur
401 4963 478 5020 ad
493 4964 869 5036 propositum
881 4963 1027 5019 illud
1040 4964 1116 5020 de
1126 4963 1334 5034 ﬁguris
1347 4963 1428 5020 im
1435 4963 1688 5036 paribus

17 5059 229 5115 forma
249 5052 584 5126 aequalibus
603 5057 661 5108 et
680 5053 1084 5123 inmqualibus
1099 5058 1164 5108 ut
1174 5051 1380 5109 relicto
1391 5059 1506 5108 hoc
1527 5053 1688 5109 theo-

17 5164 157 5204 rem
166 5148 263 5200 ate
283 5141 450 5215 quod
473 5140 665 5198 obiter
694 5140 902 5197 incidit
921 5141 1001 5196 ad
1017 5157 1271 5214 scopum
1287 5141 1544 5198 festinet.

87 5241 153 5291 7.
191 5235 318 5289 Non
332 5229 879 5300 estigiturcirculus
892 5229 1190 5286 duntaxat
1201 5229 1540 5303 aequalitate
1571 5229 1690 5286 exi-

17 5327 194 5384 mius
208 5335 392 5393 supra
402 5335 648 5380 omnem
683 5321 946 5390 ﬁguram
960 5319 1278 5393 aqualem,
1296 5336 1496 5375 verum
1512 5319 1688 5376 etiam

17 5427 222 5487 supra
239 5423 484 5466 omnem
514 5408 773 5480 ﬁguram
800 5424 937 5481 quae
949 5408 1526 5468 describitur.Nemo
1551 5423 1691 5466 vero

1789 4343 2014 4399 habent
2037 4341 2511 4414 aequabiliorem,
2552 4342 2654 4399 illa
2699 4349 2836 4398 sunt
2884 4343 3317 4415 praestantiora,
3377 4349 3442 4399 ut

1789 4433 1970 4489 etiam
1992 4431 2131 4487 talia
2168 4430 2247 4488 ab
2292 4431 2425 4503 ipsa
2471 4430 2667 4488 forma
2721 4430 2932 4488 effecta
2978 4437 3137 4488 sunt.
3187 4432 3441 4498 Quilibet

1788 4521 1968 4592 igitur
1992 4519 2270 4576 fatebitur
2297 4519 2446 4576 nihil
2473 4521 2667 4592 magis
2690 4521 2922 4593 aequale
2953 4537 3082 4577 esse
3119 4538 3305 4594 quam
3334 4525 3446 4578 cir-

1791 4613 1996 4665 culum
2015 4613 2073 4664 et
2102 4609 2426 4680 spheram,
2451 4609 2531 4666 ab
2550 4609 2681 4665 aliis
2720 4615 2922 4666 autem
2967 4611 3252 4666 omnibus
3309 4625 3444 4666 meo

1787 4697 2016 4769 judicio
2068 4697 2488 4754 discernuntur
2533 4698 2903 4770 quadratum
2956 4705 3014 4754 et
3078 4699 3445 4768 triangulum

1794 4786 2114 4858 aequalium
2143 4785 2418 4842 laterum.
2445 4786 2610 4858 quod
2642 4802 2764 4842 non
2787 4787 3019 4858 absque
3050 4788 3277 4843 ratione
3305 4786 3448 4840 dici-

1796 4891 1955 4940 mus;
1984 4875 2105 4934 imo
2126 4879 2218 4932 cst
2241 4875 2356 4930 hoc
2381 4875 2991 4940 necessarium.Quod
3010 4875 3056 4929 si
3078 4874 3212 4946 quis
3233 4878 3449 4945 praeter

1795 4963 1943 5020 illud
1967 4969 2242 5020 ucstrum
2265 4963 2648 5034 propositum
2669 4963 2926 5034 reperiat
2957 4962 3138 5018 aliam
3187 4961 3448 5032 ﬁguram

1798 5052 2018 5108 circulo
2044 5050 2240 5120 magis
2269 5050 2586 5122 aequalem,
2612 5049 2694 5105 illi
2713 5065 3002 5120 magnam
3043 5049 3301 5118 gratiam
3348 5049 3451 5116 ha-

1797 5139 1980 5198 bituri
2008 5155 2238 5196 sumus.
2263 5139 2508 5195 Veniam
2522 5145 2722 5196 autem
2736 5155 2848 5195 nos
2860 5138 3257 5211 deprecamur
3282 5137 3449 5212 quod

1801 5244 2093 5300 negemus
2118 5213 2476 5300 inaequalem
2508 5227 2765 5296 ﬁguram
2780 5243 2908 5282 esse
2941 5227 3228 5283 ordinatae
3244 5226 3452 5296 ﬁgures

1803 5318 2084 5390 aequalem
2123 5333 2263 5371 cum
2290 5320 2617 5387 praesertim
2635 5317 2749 5371 hoc
2770 5317 2952 5374 modo
2970 5315 3113 5371 illud
3148 5314 3312 5386 quod
3367 5319 3453 5369 est

1805 5407 2036 5478 requale
2057 5404 2342 5476 intequali
2364 5403 2776 5475 praeferamus.
2808 5405 2920 5460 Sed
2947 5409 3072 5461 esto
3102 5403 3307 5476 aliqua
3335 5401 3455 5464 alia

90 5563 187 5648 (ι)
225 5558 923 5648 Termessus???
942 5565 1184 5648 rvet?”
1214 5559 1626 5648 raperem“

1831 5575 1976 5610 τατα.
2012 5553 2156 5632 Vide
2185 5551 2557 5620 Aristotelem
2589 5553 2784 5635 primo
2811 5555 2894 5630 De
2924 5554 3091 5611 caelo.

88 5629 186 5725 (2)
223 5629 440 5705 Arrigis
465 5629 786 5694 Maiasng
816 5631 882 5686 nl.
907 5629 1170 5703 loquitur
1199 5629 1564 5688 A‘t‘i'sloteles.
