3932 6326
567 342 698 399 1591

2097 329 2455 398 ADDENDA.
3838 345 3910 397 liti

575 474 758 528 ἀνίσου
807 467 1143 527 εἰδοποιῆσαι
1211 467 1417 540 φοξσκει⁸
1474 463 1646 529 οὐδεὶς
1694 467 1796 542 γὰρ
1850 484 1944 526 επη
1997 467 2180 542 ὄπιπερ
2238 469 2286 522 Α
2341 464 2551 538 ἀγαθῶν
2579 471 2671 541 μέν
2699 467 2904 544 πλήρης
2939 463 3087 540 γαῖα,
3147 467 3206 521 τὸ
3247 461 3295 521 τ’
3348 463 3410 520 ἂν
3464 461 3697 542 πλήρης
3763 463 3899 539 ὀνίνίά

574 568 634 618 τὸ
669 562 847 616 ἀνισον
912 576 1214 633 κρειττόνως
1268 552 1573 616 εἰδοποίησε
1596 560 1655 611 τὸ
1686 553 1848 626 εἶδος,
1907 555 1952 608 εἰ
1991 559 2063 630 μή
2127 574 2180 607 τι

575 650 1019 727 παραλογίζηται.

646 740 711 800 η’.
745 743 964 812 Δίγομεν
983 735 1074 790 οὖν
1103 735 1186 789 ὅτε
1210 736 1383 809 ὥσπερ
1405 737 1454 789 ἓν
1501 735 1596 796 ὕλη
1655 737 1714 788 τό
1772 731 1931 801 εἶδος,
1986 731 2034 787 ἐν
2080 734 2179 806 φύ-

577 850 658 884 σει
682 825 920 895 παιδεία,
942 831 1033 879 καὶ
1063 828 1238 899 ὧσπερ
1266 825 1293 878 ὃ
1327 835 1518 898 σχῆμα
1586 825 1817 900 ὶσότερον
1881 827 2182 899 κρειττόνως

573 923 718 997 παρά
741 926 834 972 τοῦ
865 913 1043 978 εἱδους
1064 913 1372 975 εἰδοποιήθη
1434 923 1528 969 τοῦ
1583 920 1653 989 μὴ
1711 915 1919 974 ἰσότητι
1938 918 2038 986 ἶσῳ
2089 912 2180 966 αὖ·

573 1019 690 1080 τοῦ,
720 1011 880 1070 οὗτῶς
941 1007 1082 1065 καὶὴ
1144 1008 1345 1078 φύσιςή
1399 1004 1756 1081 ῥυθμισθεῖσα
1809 1001 2027 1059 παιδεία
2089 1007 2179 1056 καὶ

574 1101 679 1155 οἷον
727 1095 1120 1156 εἰδοποιηθεῖσα
1182 1100 1423 1170 κρείττων
1494 1094 1605 1148 ἔστί
1664 1103 1755 1157 τῆς
1805 1097 1876 1168 μὴ
1931 1087 2176 1146 παιδείαν

577 1193 836 1264 σχούσης.
870 1185 1025 1260 Ἔχει
1050 1182 1109 1238 δὲ
1137 1183 1328 1247 πλάτος
1349 1184 1478 1237 πολὺ
1503 1193 1600 1248 τῆς
1617 1187 1862 1257 σχούσης
1891 1185 1921 1243 ἡ
1949 1179 2178 1257 διαφορά

574 1283 656 1334 ὅτι
676 1284 755 1342 τὶς
785 1281 874 1352 μεν
903 1280 1058 1350 φύσις
1083 1277 1239 1348 ἔσχεν
1256 1273 1377 1333 ὃλην
1402 1271 1668 1342 παιδείαν,
1723 1279 1804 1337 τὶς
1869 1270 1928 1326 δὲ
1984 1277 2174 1346 ἣμισυ,

573 1375 646 1432 τὶς
669 1366 727 1423 δι
756 1368 878 1426 ὃλην
916 1367 1061 1441 παρά
1111 1383 1165 1418 τε
1225 1364 1372 1436 ἕτερα
1436 1361 1497 1417 δέ
1551 1362 1688 1416 κατά
1735 1359 2008 1438 βαθμίδας
2048 1359 2175 1432 οἷον,

574 1461 665 1521 ἕως
692 1467 787 1521 τῆς
812 1461 990 1530 μέσον,
1020 1458 1111 1507 καὶ
1171 1451 1226 1506 ἐκ
1287 1455 1470 1506 τούτου
1497 1453 1592 1514 ἕως
1645 1459 1737 1506 τοῦ
1811 1461 1907 1513 τῆς
1936 1449 2178 1510 παιδείας

575 1551 711 1602 κατά
741 1551 829 1600 τὸν
845 1545 999 1598 αὐτόν
1023 1543 1194 1614 λόγον,
1227 1541 1484 1615 ἐσχάτου,
1517 1543 1547 1601 ἠ
1591 1538 1652 1596 δε
1695 1545 1768 1615 μὴ
1827 1546 2045 1613 σχοῦσα
2095 1542 2177 1592 τέ-

574 1636 706 1708 λεον,
758 1635 1044 1708 ἀτιμοτάτη
1108 1632 1292 1688 τέλεον.
1359 1638 1508 1704 Τρεῖς
1566 1639 1692 1704 γοῦν
1741 1630 2016 1703 εἰρήκαμεν
2069 1647 2179 1682 κοι-

573 1730 758 1788 νωνίας
791 1727 1111 1798 πρωτίστας,
1161 1729 1233 1793 τῷ
1289 1722 1511 1794 ἄρχοντι
1562 1727 1818 1774 κοινωνεῖν
1867 1718 1932 1781 ἃς
1974 1721 2178 1792 εἰπομεν

575 1824 674 1867 τῶν
703 1811 754 1866 δ’
795 1812 960 1866 ἄλλων
999 1809 1355 1884 ἐπιμελεῖσθαι
1397 1812 1520 1871 ὅσας
1567 1806 1636 1870 δὴ
1696 1818 1769 1881 τῷ
1826 1813 1983 1880 κοὶνῳ
2042 1827 2180 1881 συμ-

576 1902 888 1976 ϐαλλομένας
953 1903 1069 1976 ὁρᾷ,
1135 1903 1202 1961 εῖς
1260 1917 1316 1952 τε
1369 1902 1630 1953 σύστασιν
1709 1903 1800 1952 καὶ
1883 1898 2178 1972 εὐμάρειαν,

574 1997 697 2056 τοὺς
723 1990 781 2046 δι
810 1993 941 2065 μετά
966 1994 1051 2043 τὸν
1072 1998 1274 2065 πρῶτον
1330 1996 1403 2061 τῷ
1455 1994 1643 2063 πρώτῳ
1696 1989 2008 2062 ὁμοιοῦσθαι
2064 1989 2182 2062 ὁρί-

577 2082 750 2155 ζομεν·
801 2081 844 2133 εἰ
893 2081 996 2153 γὰρ
1053 2078 1238 2139 ἓκεῖνος
1279 2086 1512 2132 κοινωνεῖ
1557 2085 1663 2140 τοῖς
1725 2084 1964 2152 φυσικοῖς
2020 2080 2181 2130 τεκαὶ

576 2166 1010 2244 πεπαῖδευμένοις
1038 2165 1233 2241 λόγοις,
1283 2168 1429 2222 οὗτοι
1477 2164 1537 2221 δὲ
1583 2172 1704 2230 τοὺς
1767 2163 1928 2221 αὗτοῦ
1979 2166 2180 2240 λόγους,

575 2261 748 2336 ὥσπερ
798 2260 940 2320 τινάς
1011 2261 1212 2332 μορφὰς
1259 2259 1484 2331 αἴροντες
1544 2255 1616 2320 εἷς
1665 2255 1914 2319 ἀλλήλους
1968 2265 2184 2310 ποιοῦσι

573 2351 668 2412 τὰς
695 2352 980 2417 κοινωνίας,
1022 2343 1175 2400 οὐδέν
1227 2344 1368 2398 ἔστιν
1433 2345 1577 2416 ἄλλο,
1619 2347 1648 2406 ἣ
1706 2347 1786 2399 ὅτι
1823 2346 1970 2401 κόιτά
2024 2349 2181 2420 φύσιν

574 2457 666 2492 και
700 2434 948 2493 παιδείαν
1004 2443 1235 2490 κοινωνεῖ
1284 2444 1358 2508 τῷ
1413 2443 1588 2507 κοινῷ.
1640 2441 1788 2496 nam
1848 2434 1898 2492 δ’
1955 2437 2082 2491 αὐτό
2128 2457 2183 2492 τε

575 2527 792 2602 ὠφέλεια
837 2530 1040 2600 κόσμου
1093 2525 1286 2578 όποταν
1340 2524 1494 2597 λόγος
1542 2528 1632 2599 μὶν
1690 2525 1864 2601 ὁρίζῃ,
1915 2530 2072 2600 φύσις
2123 2523 2182 2580 δε

575 2618 804 2693 πράττη,
832 2619 1004 2669 καὶτὸ
1043 2619 1114 2688 μή
1146 2613 1302 2688 λόγου
1345 2619 1436 2667 καὶ
1484 2617 1704 2688 φύσεως,
1753 2615 1928 2693 πόρρω
1975 2615 2171 2690 βαίνει,

551 2791 749 2863 ﬁgura
771 2795 988 2866 praeter
1005 2791 1302 2850 circulum
1323 2793 1587 2851 maxime
1615 2792 1888 2852 omnium
1909 2795 2208 2854 ordinata.

2341 553 2555 616 Ἐπειδή
2607 554 2667 611 δὲ
2714 557 2807 612 οὐκ
2860 559 2974 611 ἔστι
3016 576 3168 611 τουτο
3221 557 3404 634 εὑρεῖν,
3464 562 3713 630 χείρους
3769 559 3841 628 γὰρ
3878 577 3901 607 ε.

2337 643 2568 714 πλείους,
2629 648 2748 710 τούς
2837 646 3085 722 ὁρισμοὺς
3125 649 3216 720 μεν
3292 648 3439 720 ἡμεῖς
3536 646 3904 722 bar/sypist

2337 739 2428 787 καὶ
2482 738 2577 795 τήν
2628 735 2869 796 ἀλήθειαν
2919 738 3147 810 εἴπομεν,
3215 734 3378 809 ipsimi
3436 732 3502 789 δὲ
3553 738 3582 788 ὁ
3640 734 3902 809 ﬁctilem-25;.

2337 825 2388 876 οἰ
2413 819 2465 876 δ’
2497 825 2640 879 ἀλλοι
2669 830 2734 888 ὡς
2761 832 2850 879 καί
2878 824 3149 900 βούλοιντό
3195 822 3676 901 διατρεχέτωσαν.
3721 821 3842 877 Οἶδα
3878 821 3907 876 ἐέ

2337 913 2525 984 καλῶς,
2551 913 2632 968 ὃτι
2656 923 2758 978 πᾶς
2789 918 2924 989 ἔχων
2975 922 3092 968 νοῦν
3145 915 3238 968 οὗκ
3290 917 3350 967 ἀν
3393 935 3528 968 ποτε
3600 913 3808 972 ἀποστῇ
3852 922 3908 964 τὼ

2336 1009 2538 1078 τρόπων
2585 1015 2685 1059 τῶν
2755 1009 3054 1080 εἰρημὲνων,
3107 1007 3197 1059 ᾶτε
3245 1006 3559 1079 φιλοσοφίας
3625 1013 3727 1058 καὶ
3790 1012 3911 1076 casn;

2336 1091 2763 1171 ὶγχαραττόντων
2793 1099 2884 1158 τὰς
2914 1092 3091 1163 ὁδοὺς,
3150 1094 3250 1168 ἐγὼ
3303 1092 3383 1164 δε,
3434 1091 3538 1148 κᾶν
3599 1098 3630 1148 ὁ
3684 1095 3830 1152 πολὺς
3868 1098 3914 1143 ἐν·

2339 1185 2540 1259 θρωπος
2599 1183 2962 1260 ἀπαρίσκηται
3024 1188 3084 1236 τὸ
3149 1184 3322 1254 καλὸν,

2337 1271 2444 1326 ἀλλ’
2470 1272 2824 1336 ἀνυποστόλως
2853 1274 2979 1349 ἐρῶν
3006 1279 3096 1327 καὶ
3119 1270 3270 1336 αὖθις
3297 1273 3617 1348 εἰρήσομαι.

2410 1362 2472 1420 θ’.
2502 1367 2612 1418 Λύο
2639 1372 2764 1437 γοῦν
2795 1360 2919 1417 οἶδα
2948 1361 3082 1417 εἶναῖ
3130 1366 3284 1436 φύσιν
3339 1368 3429 1416 καὶ
3487 1367 3555 1416 τό
3609 1357 3912 1436 συμϐεϐηὸς

2337 1456 2507 1506 καὶτὸ
2547 1457 2637 1526 μὶν
2667 1456 2870 1527 φύσεως
2904 1455 3110 1526 ποίημά
3141 1452 3254 1506 ἐστι
3283 1457 3368 1506 καὶ
3431 1451 3555 1506 λίαν
3618 1451 3762 1518 ἐστὶ,
3804 1457 3851 1504 τό
3888 1450 3917 1503 δέ

2336 1550 2428 1596 τοῦ
2462 1541 2846 1616 συμϐεϐῆκὸτος
2889 1545 3027 1596 κατὰ
3076 1550 3264 1616 κρᾶσιν
3323 1546 3477 1616 μόνον
3539 1547 3806 1615 γίγνεται·
3849 1543 3914 1593 ἕετ-

2325 1628 2399 1694 ¹δὲ
2431 1629 2669 1686 δεκτικόν
2690 1639 2880 1708 κρᾶσις
2911 1631 3071 1686 καλοῦ
3129 1638 3218 1686 καὶ
3281 1637 3351 1706 μή
3405 1631 3576 1685 καλοῦ
3643 1639 3746 1686 καὶ
3790 1652 3918 1695 κηῖϋ,

2338 1724 2404 1784 ὡς
2430 1726 2609 1775 καὶτὸ
2647 1721 2998 1796 συμϐεϐηκὸς,
3045 1742 3173 1788 οιον,
3227 1721 3306 1774 ὃτι
3347 1741 3425 1783 τις
3471 1728 3822 1798 στρατιώτης
3861 1741 3922 1773 1s

2337 1816 2484 1864 νωνεῖ
2507 1829 2629 1881 τινε,
2681 1816 2836 1865 τοῦτό
2857 1817 3066 1884 κρᾶσις·
3123 1811 3167 1864 εἰ
3215 1814 3306 1884 μὲν
3356 1811 3446 1864 οὖν
3503 1809 3707 1883 ἀγαθῷ
3757 1817 3924 1863 xeo-ast?

2340 1919 2502 1973 τεχνη
2533 1904 2624 1953 καὶ
2653 1903 2826 1973 φύσει,
2854 1902 2884 1959 ἡ
2917 1905 3105 1972 κρᾶσις
3132 1896 3239 1959 ἤδη
3289 1899 3449 1952 καλοῦ
3511 1896 3774 1971 δεκτικὴ,
3825 1901 3861 1952 εἰ
3897 1897 3924 1949 :‘s

2340 1994 2413 2062 μὴ
2441 1989 2580 2060 καλῷ
2627 1998 2688 2049 τῆ
2723 2008 2885 2062 τεχνη
2940 1995 3029 2043 καὶ
3080 1997 3144 2063 τῇ
3214 1992 3389 2062 φύσει,
3441 1994 3514 2052 ὡς
3568 1994 3782 2062 πέφυκε
3825 1997 3924 2042 ττὲιη

2341 2080 2603 2151 γενέσθαι,
2623 2075 2922 2139 ἀλλ’ἁπλῶς
2961 2081 3088 2150 ὄντι,
3146 2079 3175 2138 ἡ
3235 2085 3426 2154 κρᾶσις
3475 2075 3710 2138 δεκτικὴ
3771 2084 3836 2151 μὴ
3874 2099 3924 2126 ιιι

2342 2167 2454 2220 λοῦ·
2529 2166 2572 2220 εἰ
2620 2164 2680 2220 δε
2731 2171 2965 2239 κακίστῳ
3011 2168 3144 2220 κατά
3197 2186 3248 2220 τε
3315 2169 3472 2240 φύσιν
3529 2173 3626 2220 καὶ
3693 2172 3923 2240 rixas-1,:

3405 1185 3607 1237 οὔκουν
3670 1183 3911 1236 ὑποστηᾲὲ

2343 2264 2533 2334 κρᾶσις
2584 2255 2798 2316 δεκτική
2854 2265 2946 2327 τοῦ
3010 2265 3198 2325 κακοῦ,
3250 2259 3280 2315 ἡ
3329 2259 3436 2334 ἄρα
3487 2264 3702 2333 κρᾶσις
3759 2256 3923 2310 δεκτῐῑίπ

2343 2348 2524 2417 καλοῦ,
2555 2352 2646 2400 καὶ
2671 2352 2743 2420 μὴ
2766 2345 2926 2400 καλοῦ
2973 2352 3062 2400 καὶ
3118 2353 3306 2404 κακοῦ.
3336 2353 3428 2409 Τις
3469 2350 3567 2420 μὲν
3633 2343 3736 2400 οὖν
3783 2353 3924 2420 13in;

2342 2435 2392 2490 ἐν
2423 2439 2594 2511 φύσει,
2649 2441 2740 2490 καὶ
2789 2441 2872 2498 τίς
2929 2439 3080 2510 φὺσίς
3141 2435 3190 2490 ἐν
3244 2438 3450 2512 κράσει,
3509 2436 3571 2488 αἱ
3626 2435 3923 2500 έξισζξοπτι

2343 2527 2412 2590 εἰς
2462 2527 2589 2581 αὐτὸ
2630 2529 2699 2595 ςή
2767 2528 2869 2601 γὰρ
2935 2525 3135 2599 ἀγαθοῦ
3202 2525 3381 2598 ἀγαθῷ
3420 2530 3700 2593 κοινωνία,
3755 2533 3924 2600 κρᾶσις,

2343 2616 2470 2671 ἀλλὰ
2497 2617 2634 2670 κατὰ
2670 2617 2843 2690 φύσιν·
2891 2616 2942 2671 ἓν
2993 2619 3157 2676 ταῦτη
3188 2623 3314 2689 γοῦν
3367 2620 3430 2675 τὴ
3498 2613 3702 2690 κράσει
3756 2637 3842 2668 και
3881 2633 3924 2673 τυ

2318 2795 2482 2854 tione
2520 2811 2648 2852 esse
2677 2793 2956 2868 positam,
2999 2793 3099 2850 vix
3138 2797 3340 2851 autem
3369 2792 3490 2850 dici
3530 2795 3759 2867 possit,
3801 2810 3924 2868 quas

554 2877 775 2940 Verum
810 2897 885 2940 ne
914 2879 998 2941 sic
1035 2883 1284 2958 quidem
1316 2889 1519 2941 noster
1547 2901 1745 2942 sermo
1767 2885 1989 2942 inutilis
2014 2886 2206 2944 fuerit.
2247 2906 2288 2963 ο
2318 2889 2446 2942 tum
2487 2884 2910 2957 adjumentum
2939 2882 3201 2940 societati
3217 2882 3506 2939 humanas
3567 2883 3924 2942 affert-etum

550 2987 674 3046 quo
687 2987 1104 3030 asseveramus
1121 2973 1481 3047 aequalitatis
1503 2974 1760 3032 formam
1776 2976 2208 3049 inaequalitatis

552 3063 749 3119 forma
763 3076 898 3119 esse
912 3064 1389 3136 prasstantiorem
1422 3079 1436 3131 ;
1459 3080 1641 3122 nemo
1653 3065 1814 3122 enim
1831 3065 2042 3121 dixerit
2063 3066 2200 3123 inta-

553 3149 860 3224 qualitatis
891 3151 1152 3210 formam
1177 3153 1536 3227 aequalitatis
1561 3155 1756 3212 forma
1776 3170 1908 3212 esse
1922 3161 2209 3228 praestan-

551 3241 782 3313 tiorem,
815 3241 929 3297 nisi
959 3241 1138 3298 rebus
1177 3242 1396 3298 fucum
1426 3243 1688 3315 aliquem
1718 3244 1914 3302 faciat.

625 3332 678 3385 8.
714 3329 1164 3402 Dicimusigitur
1184 3331 1450 3388 formam
1466 3332 1525 3388 in
1538 3333 1787 3390 materia
1811 3333 1873 3389 id
1899 3334 2208 3408 essequod

554 3417 724 3473 estin
748 3422 967 3475 natura
991 3419 1246 3476 eruditio
1281 3425 1376 3489 ;et
1413 3425 1479 3477 ut
1523 3422 1720 3492 ﬁgura
1770 3424 2035 3480 maxime
2083 3440 2210 3481 om-

554 3506 723 3564 nium
737 3508 984 3580 aqualis
997 3509 1254 3566 formam
1268 3513 1446 3567 nacta
1455 3511 1822 3568 estomnium
1836 3515 2207 3585 praestantis-

557 3595 796 3663 simam,
822 3597 902 3655 ita
927 3598 1106 3654 etiam
1134 3603 1351 3656 natura
1380 3600 1710 3658 eruditione
1731 3607 1946 3659 ornata
1969 3607 2027 3660 et
2054 3619 2205 3676 qua-

557 3683 608 3740 si
633 3683 956 3743 informata
985 3688 1367 3760 praestantior
1393 3693 1483 3746 est
1509 3705 1581 3746 ea
1605 3706 1740 3763 quae
1767 3691 2100 3748 eruditione
2113 3708 2207 3749 ca-

555 3777 665 3830 ret.
695 3773 810 3830 Sed
837 3790 1130 3847 magnum
1163 3791 1408 3851 quoque
1474 3777 1666 3836 latum
1748 3779 2069 3837 discrimen
2118 3797 2204 3838 re-

553 3861 780 3935 peritur
815 3863 878 3920 in
903 3866 1529 3938 naturaheruditionem
1542 3868 1820 3939 habente,
1852 3871 2019 3942 quod
2043 3887 2206 3944 quae-

553 3949 700 4008 dam
729 3957 944 4010 natura
975 3955 1321 4012 universam
1349 3957 1744 4013 eruditionem
1775 3958 2016 4029 habeat,
2046 3976 2204 4033 quae-

554 4039 698 4096 dam
736 4056 880 4098 vero
896 4042 1196 4116 simplam,
1213 4044 1493 4118 quaedam
1508 4061 1716 4102 rursus
1727 4047 2071 4105 universam
2097 4048 2208 4106 ali-

555 4128 728 4201 cujus
738 4131 947 4202 partis,
962 4131 1146 4189 altera
1157 4148 1297 4190 vero
1311 4135 1389 4190 ab
1403 4134 1458 4190 in
1467 4135 1627 4191 ﬂmis
1640 4135 1716 4192 ad
1732 4137 1999 4192 medium
2014 4153 2206 4211 usque

2319 2975 2472 3031 ratio
2501 2973 2914 3047 praescriberet
2937 2977 2995 3029 et
3023 2977 3241 3029 natura
3278 2976 3504 3042 ageret,
3542 2976 3601 3029 et
3627 2975 3684 3030 si
3715 2990 3749 3028 a
3767 2974 3923 3030 ratis:

2319 3078 2392 3120 ac
2421 3068 2636 3120 natura
2664 3078 2981 3136 nunquam
2996 3061 3460 3118 declinaremus.
3486 3063 3656 3118 Tunc
3687 3065 3847 3120 enim
3873 3065 3924 3116 hc»

2316 3167 2538 3209 norum
2566 3151 2739 3208 tellus
2751 3156 2909 3208 esset
2923 3150 3104 3224 plena
3119 3155 3173 3208 et
3187 3166 3351 3207 mare
3364 3149 3623 3223 plenum
3657 3170 3672 3220 ;
3700 3152 3924 3226 quouis:

2318 3245 2519 3300 autem
2541 3241 2657 3299 hoc
2687 3257 2811 3298 non
2840 3240 3304 3315 potestinveniri
3327 3245 3492 3309 (nam
3518 3241 3923 3314 etimperfcctr

2316 3347 2411 3388 res
2450 3335 2506 3388 et
2535 3331 2735 3405 plures
2773 3330 3239 3402 temperationes
3291 3329 3764 3402 descripsimus,
3795 3333 3869 3388 ita

2314 3421 2376 3478 id
2414 3421 2579 3494 quod
2610 3436 2822 3478 verum
2841 3425 2926 3476 est
2945 3419 3314 3489 dixerimus),
3336 3424 3548 3476 nostra
3585 3422 3923 3495 amplectar:

2314 3511 2421 3584 qui
2445 3510 2625 3578 volet;
2656 3510 2754 3567 alii
2783 3524 2927 3566 vero
2991 3524 3064 3566 ea
3135 3509 3413 3566 insistant
3450 3510 3554 3566 via
3605 3525 3756 3583 quae
3797 3525 3924 3580 magi

2313 3599 2459 3672 ipsis
2497 3599 2806 3672 placuerit,
2839 3613 3196 3672 quanquam
3227 3599 3352 3656 scio
3382 3599 3734 3672 quemlibet
3787 3611 3924 3657 mem

2313 3688 2630 3761 praeditum
2668 3702 2987 3761 nunquam
3020 3687 3428 3744 discessurum
3451 3703 3488 3744 a
3509 3689 3725 3745 modis
3777 3705 3924 3761 supra

2312 3776 2592 3846 dictis,eo
2620 3775 2786 3851 quod
2807 3777 2869 3833 in
2891 3792 3088 3834 veram
3128 3775 3528 3850 philosophia:
3563 3782 3624 3833 et
3669 3779 3924 3852 sapientia

2311 3869 2467 3927 viam
2497 3867 2898 3926 introducant.
2924 3870 3045 3939 Ego
3070 3883 3208 3924 vero
3239 3867 3473 3923 etiamsi
3494 3867 3679 3925 multi
3707 3870 3923 3926 homine

2313 3957 2696 4016 offendantur
2715 3970 3034 4030 nunquam
3062 3955 3354 4012 dubitabo
3370 3954 3436 4011 id
3457 3956 3633 4028 quod
3655 3974 3869 4016 verum
3894 3973 3924 4011 Et

2316 4047 2537 4116 dicere,
2555 4046 2738 4120 idque
2762 4061 2969 4102 rursus
2988 4050 3278 4118 repetam.

2387 4139 2438 4191 9.
2473 4137 2601 4191 Duo
2631 4149 2760 4191 esse
2785 4140 2946 4191 certo
2985 4135 3109 4190 scio
3149 4138 3429 4190 naturam
3455 4137 3514 4190 et
3540 4135 3877 4194 accidens:
3908 4151 3924 4188 a

557 4218 826 4276 ascendit
848 4225 908 4276 et
936 4222 1188 4279 amedio
1207 4237 1398 4296 usque
1429 4223 1507 4280 ad
1537 4225 2206 4285 eruditionem.Eadem-
2244 4260 2286 4314 ο
2318 4229 2549 4282 natura:
2578 4223 2826 4314 quidem
2853 4239 3008 4314 opus
3035 4223 3393 4297 praeclarum
3419 4228 3531 4314 est,
3565 4231 3631 4281 at
3659 4226 3924 4283 accideri

556 4320 677 4379 que
689 4308 1294 4384 rationenaturaquas
1317 4312 1397 4369 ad
1424 4312 1702 4370 ultimum
1731 4331 1918 4388 usque
1949 4317 2208 4386 gradum

557 4394 886 4452 descendit.
931 4399 1074 4463 Quae
1099 4415 1237 4457 vero
1279 4401 1516 4459 tandem
1566 4403 1814 4460 omnino
1879 4404 2208 4462 eruditione

558 4489 741 4553 caret,
767 4491 858 4543 est
878 4489 1139 4545 maxime
1179 4491 1454 4547 omnium
1493 4492 1795 4563 ignobilis.
1817 4487 2210 4566 Diximusigi-

559 4577 782 4630 turtres
813 4591 945 4632 esse
958 4578 1554 4651 communicationes,
1585 4581 2208 4656 primasscilicetquas

557 4661 782 4720 habere
796 4665 1140 4723 societatem
1152 4669 1708 4725 etcommunionem
1723 4687 1862 4728 cum
1891 4672 2019 4729 viro
2045 4674 2206 4745 prin-

561 4752 692 4825 cipe
732 4752 1013 4813 diximus.
1043 4755 1195 4812 Aliae
1231 4773 1376 4814 vero
1401 4757 1482 4814 ita
1509 4763 1646 4816 sunt
1674 4759 1736 4816 in
1765 4762 1956 4834 pretio
1985 4762 2210 4820 haben-

559 4841 676 4912 dae,
708 4847 888 4915 prout
915 4845 1229 4902 conferunt
1247 4845 1324 4902 ad
1352 4861 1741 4904 communem
1770 4849 1935 4907 illam
1963 4851 2209 4909 societa-

556 4932 698 5003 tem,
729 4931 852 4988 sive
882 4933 961 4989 ad
991 4934 1499 5005 constitutionem,
1549 4937 1668 4993 sive
1745 4938 1825 4995 ad
1879 4939 2205 4997 faciliorem

555 5019 853 5077 rationem
873 5022 1226 5094 pertineant.
1287 5021 1422 5080 Illos
1471 5025 1723 5096 proinde
1779 5028 1884 5101 qui
1943 5031 2208 5103 primum

555 5107 725 5166 illum
747 5109 1004 5180 gradum
1016 5117 1438 5185 assequuntur,
1456 5114 1654 5186 primo
1667 5115 1889 5173 similes
1915 5133 2046 5175 esse
2067 5118 2206 5175 dici-

555 5213 694 5255 mus
713 5199 820 5272 (t).
841 5201 990 5257 Nam
1012 5201 1060 5257 si
1077 5201 1414 5274 primusille
1428 5205 1726 5279 particeps
1743 5207 2205 5266 estnaturalium

554 5292 614 5345 et
643 5287 1036 5347 eruditiorum
1067 5305 1437 5360 sermonum,
1467 5292 1530 5349 hi
1557 5295 1816 5352 rationes
1869 5296 2024 5353 illius
2079 5302 2207 5355 tan-

552 5387 742 5451 quam
767 5376 988 5435 formas
1022 5379 1321 5452 quasdam
1354 5382 2207 5455 suscipientescommunicant

551 5465 707 5523 inter
730 5481 815 5524 se.
845 5469 1016 5534 Quod
1046 5470 1195 5526 nihil
1219 5470 1382 5527 aliud
1429 5477 1516 5528 est
1578 5489 1765 5546 quam
1819 5491 2205 5534 communem

549 5551 716 5614 illam
755 5555 1362 5618 communicationem
1395 5554 1458 5617 in
1507 5567 1724 5622 natura
1781 5568 1838 5622 et
1892 5564 1954 5623 in
2011 5566 2204 5625 erudi-

2319 4329 2392 4370 ex
2419 4313 2850 4386 temperatione
2878 4313 3127 4370 exsistit.
3149 4313 3525 4385 Temperatio
3556 4329 3710 4372 vero
3737 4321 3866 4372 tum
3885 4315 3924 4369 te

2316 4417 2465 4458 num
2495 4407 2623 4458 tum
2654 4403 2837 4458 etiam
2880 4400 3111 4458 malum
3159 4402 3461 4473 suscipere
3507 4407 3744 4474 potest,
3797 4417 3924 4477 ρονέ

2317 4508 2561 4565 quoque
2587 4491 2886 4548 accidens.
2918 4493 2988 4547 Ut
3018 4490 3067 4546 si
3087 4490 3260 4547 miles
3290 4507 3430 4546 cum
3461 4491 3679 4564 aliquo
3707 4507 3924 4550 comm:

2316 4582 2563 4637 nionem
2582 4581 2761 4646 ineat,
2774 4579 3101 4652 hocipsum
3113 4583 3201 4636 est
3217 4580 3573 4652 temperatio
3602 4597 3618 4647 ;
3648 4583 3704 4639 si
3735 4583 3924 4656 quidsi

2315 4669 2497 4742 igitur
2523 4668 2686 4726 bono
2713 4685 2776 4726 se
2787 4668 3101 4740 adiungat,
3130 4677 3375 4741 propter
3387 4673 3584 4726 artem
3610 4675 3673 4728 et
3697 4679 3924 4730 natura:

2317 4759 2660 4832 temperatio
2671 4758 2894 4816 bonum
2910 4757 3275 4831 suscipitgsin
3287 4757 3430 4814 boni
3443 4759 3766 4834 particeps
3780 4771 3924 4820 era-'1

2316 4863 2440 4904 non
2453 4852 2562 4918 est,
2574 4863 2649 4904 ex
2659 4853 2876 4906 natura
2885 4863 3027 4906 vero
3037 4851 3233 4920 potest
3247 4847 3519 4916 esse,hoc
3531 4853 3628 4906 est
3637 4851 3691 4906 si
3703 4851 3924 4910 abscisi

2317 4940 2409 4994 est
2429 4935 2493 4993 id
2519 4936 2686 5010 quod
2713 4940 2824 5006 est,
2851 4935 3155 5009 ejusmodi
3180 4936 3532 5009 temperatio
3562 4937 3822 4998 bonum

2317 5026 2514 5099 cipere
2543 5028 2759 5098 potest.
2787 5026 2888 5083 Sin
2917 5042 2992 5083 ex
3015 5030 3234 5082 natura
3262 5030 3320 5082 et
3344 5041 3414 5082 ex
3430 5031 3561 5084 arte
3596 5027 3924 5103 improbissl

2315 5132 2454 5173 mus
2480 5121 2568 5173 est
2585 5117 2820 5191 aliquis,
2850 5115 2982 5188 cjus
3007 5115 3357 5188 temperatio
3408 5115 3651 5174 malum
3699 5120 3924 5192 suscepi

2316 5207 2509 5272 Quare
2537 5206 2889 5280 temperatio
2918 5220 3056 5278 quae
3087 5204 3320 5262 bonum
3349 5209 3407 5262 et
3431 5219 3560 5263 non
3585 5207 3840 5268 bonum

2316 5295 2513 5369 cipere
2542 5301 2756 5369 potest.
2773 5294 3003 5353 malum
3014 5309 3260 5368 quoque
3285 5299 3481 5368 potest
3494 5298 3846 5373 suscipere.
3865 5303 3924 5364 {sa

2316 5391 2495 5461 pacto
2521 5387 2702 5460 igitur
2729 5385 3083 5460 temperatio
3112 5391 3200 5443 est
3228 5385 3291 5443 in
3321 5391 3544 5445 natura
3592 5395 3653 5446 et
3701 5407 3838 5465 quo
3885 5403 3924 5461 ra

2317 5481 2413 5534 cto
2443 5482 2659 5535 natura
2673 5478 2831 5536 estin
2853 5475 3282 5549 temperatione
3311 5476 3581 5550 ?Nempe
3608 5495 3764 5538 cum

2320 5565 2502 5625 simul
2512 5567 2574 5626 in
2588 5566 2802 5628 eodem
2815 5569 3130 5642 sequantur
3145 5575 3312 5637 ;nam
3335 5565 3485 5626 boni
3495 5583 3644 5628 cum
3656 5569 3838 5632 bono
3855 5581 3924 5628 et:

621 5676 706 5754 (1)
740 5679 884 5740 Vide
919 5683 1210 5743 Thomam
1236 5686 1322 5745 De
1347 5691 1482 5744 ante
1509 5690 1567 5747 et
1591 5688 1956 5751 Averrhoem
1985 5690 2049 5751 in
2078 5691 2526 5766 Metaphysicis.
