3932 6326
15 337 160 392 393

910 336 1266 396 THEODORI
1306 341 1352 396 ll
1388 342 1527 397 IMP.
1570 341 1660 398 DE
1700 340 2158 401 COMMUNIONE
2196 346 2565 404 NATURALI.

3313 357 3452 414 1394

7 462 225 531 φύσις,
273 459 424 514 καὶέν
473 462 636 536 τάύτῃ
689 468 750 537 τῇ
813 481 966 536 φύσει
1015 467 1105 516 καὶ
1157 469 1342 540 κρᾶσις
1401 464 1656 525 κατάλλη-
1714 469 1760 523 Α
1816 485 1904 538 τη,
1950 469 2034 520 ῖνα
2061 467 2118 531 ὃς
2165 468 2259 522 οὐκ
2298 472 2410 544 ἔχει
2456 471 2571 524 κατ’
2622 468 2822 527 εὖθεῖαν
2877 477 2970 533 τὴν
3026 475 3291 549 σύμπηξιν
3333 497 3424 531 και

7 548 128 613 λος
160 549 494 608 καταλλήλων
524 555 614 604 καὶ
657 553 716 604 τὸ
776 551 904 625 ὁμοῦ
962 555 1205 624 φυσικὸν,
1257 557 1338 617 τίς
1389 551 1448 608 δὲ
1499 558 1656 615 κακὸς

7 647 193 712 κακῷ
213 648 462 706 κοινωνεῖ,
490 646 681 713 κρᾶσις
739 648 887 713 γοῦν,
925 639 1031 693 ἀλλ’
1068 642 1126 694 ού
1175 645 1326 716 φύσις
1376 642 1536 714 ἐστὶν,
1594 643 1652 696 ού

7 727 178 800 λέγω
211 726 271 784 δε
299 728 510 784 ὅτιὶστὶ
538 733 627 782 καὶ
656 735 780 803 τιμή
841 740 938 794 τῆς
997 734 1220 804 φύσεως,
1277 731 1405 785 ἀλλὰ
1453 737 1653 806 φύσεως

7 819 134 891 μὲν
168 823 260 872 καὶ
288 821 355 873 τὰ
381 820 630 892 κάκιστα,
664 819 1066 892 πλημμελούσης
1124 818 1184 875 δὲ
1220 841 1280 893 γε
1326 826 1356 882 ἣ
1428 821 1654 898 ἀπορού-

7 910 313 973 σης,ἔνθα
366 914 456 962 καὶ
506 911 564 962 τὸ
615 907 941 982 συμϐεϐηκὸς
995 918 1283 986 προχωρεῖ’
1343 914 1498 985 φύσις
1549 914 1652 988 γὰρ

7 1002 137 1050 καὶ
194 997 471 1070 φιλόσοφος
523 997 937 1071 ἐπιτυγχάνουσι
987 1008 1086 1052 τῶν
1156 1001 1355 1054 οἱκειων
1447 1007 1653 1055 σκοπῶν

7 1094 152 1138 τῶν
197 1086 350 1141 τελῶν
397 1090 532 1140 κατὰ
574 1087 632 1140 τό
684 1087 897 1161 μᾶλλον,
958 1088 1233 1162 συμϐαίνει
1311 1085 1370 1143 δὲ
1453 1089 1652 1164 συμϐε-

7 1174 239 1234 δηκότι
285 1179 342 1229 τὸ
367 1182 663 1252 χρήσιμον,
695 1177 753 1230 ού
800 1181 904 1250 μὴν
958 1174 1027 1238 δὴ
1073 1182 1133 1232 1'6
1195 1178 1496 1250 ἀναγκαῖον,
1547 1177 1652 1233 οἷον

7 1263 224 1338 ὥσπερ
277 1265 422 1320 λίθου
479 1268 755 1339 τμηθέντος
814 1271 904 1320 καὶ
956 1269 1025 1330 ὡς
1118 1271 1276 1339 ἔτυχε
1351 1273 1649 1342 φερομένου,

7 1350 160 1407 εἶτα
189 1356 403 1417 στάντος
444 1354 500 1419 ἒξ
542 1354 838 1428 ἀνωμαλίας
881 1361 1064 1424 τόπου,
1119 1357 1148 1416 ἣ
1203 1359 1285 1410 ὅτι
1339 1366 1435 1420 τῆς
1491 1365 1651 1432 φορᾶς

7 1445 326 1504 στάθείσης
352 1450 448 1504 τῆς
482 1446 733 1507 κινούσης
783 1444 963 1510 αὐτὸν,
1023 1445 1093 1510 εἰς
1153 1441 1415 1519 καθέδραν
1463 1445 1650 1506 ἕπιτη-

7 1529 192 1586 δείου
236 1551 288 1586 τε
321 1552 612 1605 γεγονοτος,
651 1534 745 1588 ούκ
783 1535 888 1608 ἄρα
923 1536 1126 1607 φύσεως
1191 1543 1346 1588 τοῦτο
1414 1534 1553 1590 ἐστιν
1615 1537 1645 1597 ἦ

7 1621 346 1694 ὲ-ναγκαῖον,
375 1622 505 1676 ἀλλὰ
566 1621 950 1696 συμϐεϐηκότος
1009 1629 1100 1677 καὶ
1151 1630 1448 1697 χρήσιμον,
1514 1627 1652 1680 ὥστε

7 1711 286 1786 ὁρίζομεν
339 1719 592 1785 φυσικῶς,
646 1714 713 1766 τὰ
754 1720 852 1776 τῆς
889 1715 1093 1786 φύσεως
1149 1719 1419 1780 ποιήματα
1485 1713 1650 1768 οἰκεῖα

7 1805 128 1853 καὶ
156 1798 442 1873 ἀγαθὰ,τὰ
465 1797 526 1856 δε
571 1803 809 1876 κράσεως
859 1821 914 1856 τε
966 1807 1056 1856 καὶ
1111 1801 1518 1876 συμϐεϐηκότος,
1585 1806 1649 1866 ὡς

7 1891 134 1962 μὲν
165 1891 232 1950 ὡς
258 1885 309 1942 δ’
333 1888 414 1956 ού,
460 1890 706 1962 τιθεμεθα
747 1895 837 1944 καὶ
881 1893 1077 1950 ταύτην
1138 1888 1296 1954 δοξαν
1351 1892 1432 1945 ὅτι
1477 1893 1650 1946 πάντα

7 1987 139 2041 τῆς
171 1979 374 2051 φύσεως
409 1977 504 2031 κᾶν
529 1983 749 2053 κρείττω
772 1978 868 2032 κᾶν
898 1984 1085 2056 χείρω.
1121 1981 1342 2055 Εἴρηται
1365 1977 1398 2034 δ
1404 1983 1426 2035 's
1453 1981 1536 2034 ὅτι
1582 1982 1650 2034 τὰ

7 2070 134 2141 μὲν
167 2068 388 2135 ἄτακτα,
418 2066 739 2130 ἀσθενούσης
765 2070 796 2129 ἦ
837 2069 1268 2142 πλημμελούσης,
1327 2072 1395 2124 τὰ
1452 2066 1488 2124 δ
1509 2068 1647 2142 ἁγα-

11 2159 106 2210 Θὰ
166 2158 504 2229 ὑγιαινούσης
541 2177 596 2212 τε
646 2163 738 2211 καὶ
787 2157 1056 2221 ἀληθινῆςο
1107 2167 1290 2214 τοῦτον
1364 2165 1490 2230 γοῦν
1560 2162 1647 2212 τὸν

7 2249 238 2322 τρόπον
266 2248 418 2319 φύσις
449 2243 644 2300 ἰδοῦσα
665 2251 752 2300 καὶ
778 2249 857 2301 ὅτι
886 2253 1102 2324 τρεπτὸν
1160 2247 1272 2302 ἐστι
1328 2252 1388 2302 τὸ
1449 2249 1648 2313 ταύτης

8 2335 148 2388 ἀπὸ
181 2343 314 2389 Θεοῦ
344 2331 742 2412 δημιούργημα,
775 2341 832 2390 τὸ
868 2340 1023 2411 σοφὸν
1073 2334 1140 2398 δή
1190 2338 1322 2410 λέγω
1378 2338 1509 2400 ζῶον
1557 2340 1646 2392 τὸν

8 2427 333 2500 ἄνθρωπον,
388 2430 480 2478 καὶ
537 2427 614 2479 ὃτι
665 2431 754 2480 καὶ
825 2426 956 2486 αύτή
1040 2425 1402 2500 ἀποτυγχάνει
1472 2435 1644 2495 τινῶν,

8 2512 329 2586 ἐπεμελήθη
369 2514 511 2568 τοῦτ’
559 2514 723 2578 αὐτῆς
775 2523 998 2592 καρποῦ,
1052 2515 1337 2575 καλλίστην
1385 2521 1476 2569 καὶ
1531 2514 1646 2588 ἀρί-

11 2622 176 2662 στην
216 2600 338 2656 ὀδόν
393 2603 679 2680 ἐξευρούσα
714 2609 807 2664 τὴν
846 2609 1163 2680 ἐπιστήμην·
1206 2609 1314 2660 ἐπεὶ
1355 2601 1414 2658 δὲ
1476 2607 1640 2679 ταύτῃ

7 2700 90 2766 τῇ
149 2694 300 2764 φύσει
339 2697 428 2746 καὶ
465 2699 671 2768 κρᾶσις,
733 2691 890 2748 διεῖλε
935 2697 1130 2754 ταύτην
1182 2694 1249 2757 εἰς
1295 2697 1500 2767 τέχνας,
1555 2713 1645 2746 και

8 2784 242 2845 ταύτας
271 2781 498 2855 συνῆψεν
554 2783 685 2858 αύτῇ
745 2788 918 2861 ὥσπερ
970 2804 1060 2838 και
1109 2787 1200 2848 τὰς
1255 2785 1466 2861 κράσεις
1521 2782 1640 2838 ἰαυ-

7 2959 373 3031 nunicatio,
407 2959 758 3034 temperatio
781 2965 889 3032 est,
925 2961 1031 3018 sed
1061 2976 1134 3018 ex
1154 2964 1390 3020 natura.
1439 2963 1507 3017 In
1559 2959 1674 3017 hac

11 3051 203 3122 gitur
228 3051 660 3123 temperatione
692 3055 780 3107 est
807 3049 1091 3123 quaedam
1114 3055 1350 3121 natura,
1379 3054 1435 3106 et
1453 3049 1515 3106 in
1559 3049 1676 3106 hac

7 3144 244 3197 latura
270 3144 362 3196 est
393 3140 676 3213 quaedam
697 3141 1070 3213 temperatio.
1101 3140 1504 3212 Ambeeigitur
1523 3139 1676 3196 inter

7 3244 149 3285 sese
179 3229 602 3287 consociantur
630 3234 689 3287 et
718 3230 900 3286 simul
927 3229 1158 3302 aliquid
1191 3229 1462 3287 naturale
1497 3228 1678 3286 conﬁ-

7 3319 192 3375 :itur.
233 3319 456 3374 Rursus
505 3319 702 3376 malus
746 3335 887 3375 cum
939 3319 1101 3375 malo
1133 3319 1528 3376 consociatur.
1580 3321 1679 3375 Est

12 3409 200 3479 gitur
223 3407 598 3479 temperatio,
627 3406 735 3464 sed
761 3423 886 3464 non
908 3413 1142 3464 natura.
1159 3407 1286 3464 Non
1299 3407 1436 3464 dico
1448 3406 1679 3480 aliquid

7 3512 151 3554 isse
182 3497 352 3570 quod
373 3513 498 3553 non
521 3497 596 3554 sit
619 3502 847 3554 naturae
877 3515 890 3553 :
919 3514 1060 3554 nam
1074 3501 1131 3553 et
1145 3497 1677 3570 pessimaquaeque

7 3591 156 3644 sunt
182 3591 410 3643 natura;
438 3587 707 3660 quidem,
741 3586 847 3643 sed
867 3587 1240 3644 abundantia
1287 3591 1390 3644 aut
1441 3585 1677 3644 defectu

7 3675 361 3735 aborantis.
389 3680 581 3750 Atque
607 3681 750 3733 tunc
772 3677 1048 3734 accidens
1069 3676 1260 3735 locum
1279 3675 1462 3734 habet
1493 3695 1506 3746 ;
1530 3691 1676 3732 nam

7 3770 237 3823 latura
263 3768 318 3821 et
336 3765 730 3839 philosophus
764 3781 1019 3838 scopum
1045 3765 1160 3822 sibi
1191 3765 1560 3838 propositum
1588 3769 1675 3822 at-

8 3853 446 3928 ,inguntidque
461 3853 809 3926 plurimum.
828 3854 1127 3924 Contingit
1139 3858 1330 3911 autem
1347 3853 1675 3928 aliquando

7 3949 68 4002 1t
102 3943 316 4015 ipsum
341 3943 620 4001 accidens
648 3943 899 4015 situtile,
931 3951 997 4001 ut
1040 3944 1091 4000 si
1125 3960 1342 4000 saxum
1381 3944 1455 4001 sit
1525 3943 1677 4001 exci-

7 4048 161 4090 sum
193 4036 248 4088 et
272 4036 491 4090 temere
517 4033 760 4097 feratur,
799 4034 995 4107 sitque
1019 4033 1188 4090 locus
1229 4033 1564 4107 inmqualis,
1622 4036 1681 4091 et

7 4123 58 4180 si
109 4120 324 4194 aliquo
351 4121 537 4179 modo
564 4121 994 4179 labefactatum
1023 4122 1100 4179 sit
1128 4139 1200 4178 ex
1229 4121 1522 4180 concitato
1548 4138 1679 4180 mo-

7 4217 98 4276 tu,
153 4209 379 4283 ﬁatque
417 4215 561 4284 apta
600 4211 908 4279 cathedra,
966 4213 1082 4270 hoc
1127 4227 1251 4269 non
1303 4215 1392 4268 est
1432 4217 1676 4283 naturae,

7 4305 127 4360 aut
151 4300 579 4358 necessarium.
604 4300 728 4369 sed,
753 4300 1282 4373 accidentis,quod
1309 4305 1511 4358 tamen
1545 4301 1684 4359 utile

1819 556 1876 609 ού
1929 556 2098 618 καλῶς
2151 562 2434 624 πέπηκται,
2499 568 2604 622 τοῖς
2668 569 2764 623 τῆς
2843 559 3083 624 παιδείας
3161 563 3423 640 ἀρήγηται

1820 646 2055 718 θεσμοῖς,
2117 667 2203 700 και
2245 651 2314 712 εἱς
2364 651 2422 702 τὸ
2492 647 2679 712 ἐντελὲς
2743 649 2980 725 βιοτεύη.
3045 653 3180 707 Ἀλλ’
3233 657 3419 728 οῖμοιὲ

1817 735 1866 786 οἱ
1898 733 2102 798 πλείους
2138 739 2197 788 τὸ
2221 733 2389 812 δῶρον
2442 741 2821 811 μυσάττονται,
2867 743 2916 794 οὶ
2969 737 3021 794 δ’
3066 741 3422 815 ἀγχινούστα-

1817 842 1896 876 τοι
1962 843 2053 877 και
2118 831 2309 900 κυρίως
2367 827 2423 880 ἐκ
2475 831 2674 900 γύσεως
2719 828 3044 891 ἀσπάζονται
3113 832 3276 894 καλῶς
3332 853 3421 887 και

1817 910 2045 984 ἆγαθῶς,
2107 934 2198 967 και
2261 919 2356 974 τήν
2440 915 2495 969 ἐκ
2564 920 2745 971 τούτου
2799 917 3039 992 ὠφέλειαν
3097 916 3419 977 διαδιδόασι

1818 997 2220 1078 διασπείρουσιν
2253 1005 2324 1068 εἰς
2349 1008 2464 1067 τοὺς
2496 1004 2871 1080 ἀτημελήτους.

1887 1089 1937 1145 ι’.
1977 1096 2204 1164 Λέγομεν
2225 1100 2351 1164 γοῦν
2379 1090 2474 1148 διὰ
2517 1103 2686 1149 ταῦτα
2727 1097 2893 1150 πάντα
2944 1097 3025 1150 ὅτι
3091 1097 3243 1151 καλὸν
3305 1098 3419 1153 ἔστι

1813 1199 1905 1232 και
1955 1180 2345 1253 ὠφελιμώτατον
2401 1191 2657 1239 κοινωνεῖν
2716 1186 2935 1240 ἕκαστον
2974 1195 3072 1240 τῶν
3133 1186 3416 1262 ἀνθρώπων

1814 1268 2114 1342 φιλοσοφίαι
2148 1272 2174 1323 ὁ
2201 1274 2292 1343 μὶν
2320 1274 2422 1346 γὰρ
2473 1269 2776 1337 παιδευθείς
2835 1276 2974 1348 ἔχων
3030 1296 3120 1330 και
3184 1286 3413 1333 κοινωνεὶ

1814 1359 1841 1411 ὁ
1881 1354 1932 1411 δ’
1958 1358 2039 1426 ού,
2077 1358 2171 1412 κᾶν
2203 1367 2509 1416 κοινωνείτω
2549 1371 2748 1436 σοφοῖς,
2785 1365 2848 1416 ἶν’
2881 1363 3067 1419 ἐκεῖθεν
3125 1368 3223 1441 ἔχη
3281 1367 3416 1440 ὠφίσο

1811 1445 1972 1500 λειανο
2005 1451 2330 1523 εῖρηταιγὰρ
2383 1452 2464 1502 ὅτι
2530 1458 2698 1524 Σοφῶν
2768 1455 2925 1527 θύρας
2981 1453 3202 1528 ἔκτριϐε,
3255 1455 3416 1510 πλον-

1815 1541 1940 1589 σίων
1969 1532 2027 1591 δε
2055 1537 2134 1604 ού,
2157 1541 2261 1592 νόει
2305 1535 2365 1592 δὲ
2415 1541 2570 1614 θύρας
2627 1543 2693 1595 τὰ
2745 1541 2928 1615 χείλη,
2983 1563 3074 1597 και
3119 1545 3199 1598 ὅτι
3247 1552 3416 1618 σοφῶν

1814 1621 1897 1680 ἵνα
1921 1627 1985 1678 τὰ
2010 1623 2199 1698 ἀρετῆς
2229 1625 2425 1700 ἀκούῃς
2471 1631 2641 1701 λόγια,
2681 1631 2836 1684 οἶτινα
2894 1629 3164 1704 βελτιούσι
3205 1632 3414 1706 ψυχήν,

1810 1716 1869 1768 16
1915 1713 2177 1770 πλουσίων
2222 1713 2282 1772 δὲ
2335 1717 2414 1784 ού,
2466 1717 2551 1772 ἶνα
2613 1724 2684 1792 μή
2750 1717 2929 1781 διόλου
2971 1727 3091 1797 περί
3137 1730 3227 1786 τῆς
3289 1722 3416 1788 ύλης

1810 1801 2002 1857 ἐκείνου
2047 1804 2296 1876 λέγοντος,
2355 1809 2636 1880 καταχθῆς
2666 1810 2765 1863 ύπό
2803 1818 2902 1882 γῆν
2963 1829 3055 1865 και
3128 1809 3417 1886 βελτιώσῃς

1807 1895 1898 1966 μὲν
1924 1891 2069 1960 ὓλην,
2102 1891 2450 1967 ἀτιμάσηςδέ
2509 1916 2568 1968 γε
2624 1900 2683 1950 τὸ
2739 1897 2952 1975 νοερὸν.’
2988 1906 3094 1966 Δεῖ,
3151 1897 3235 1955 δεῖ
3289 1908 3416 1974 γοῦν

1809 2002 1900 2037 και
1922 1983 2216 2057 φιλοσοφεῖν
2272 2005 2362 2039 και
2408 1995 2665 2041 κοινωνεῖν
2723 1988 3049 2062 φιλοσόφοις,
3094 1995 3178 2044 ἵνα
3221 2011 3312 2044 και
3354 1995 3414 2046 τό

1809 2073 1974 2126 Γνῶθι
2020 2077 2208 2127 σαυτὸν
2268 2073 2490 2148 ἓχωμεν,
2577 2096 2666 2129 και
2750 2076 2936 2152 ἀρετήν
2998 2081 3262 2152 κτώμεθα,
3323 2101 3415 2134 και

1807 2162 2012 2214 πάντων
2062 2164 2309 2237 ἡγώμεθα
2349 2183 2439 2217 και
2475 2167 2544 2228 ὡς
2584 2165 2807 2239 ἑπόμενα
2832 2169 3054 2240 ἔχωμεν·
3112 2173 3272 2242 σοφίᾳ
3308 2172 3410 2243 γὰρ

1808 2269 1900 2302 και
1944 2253 2077 2314 Θεὸς
2126 2250 2178 2315 ἐξ
2225 2251 2320 2306 ούκ
2371 2257 2515 2315 ὄντος
2552 2257 2610 2309 τὸ
2640 2261 2742 2308 πᾶν
2780 2256 3032 2328 συμπήξα
3269 2257 3412 2324 ἔταξε

1808 2359 1900 2392 και
1932 2347 2090 2414 σοφίᾳ
2115 2349 2265 2408 κινεῖ,
2291 2362 2381 2396 και
2409 2343 2556 2398 λύσει
2583 2365 2670 2398 και
2704 2344 2976 2400 ἀλλοιώσει
3037 2354 3184 2400 τοῦτο
3238 2366 3412 2420 κρειτο

1806 2448 1962 2491 τονως
2019 2435 2179 2504 σοφίᾳ
2237 2432 2319 2485 ὅτι
2374 2452 2466 2485 και
2510 2431 2774 2508 βούλεται,
2821 2442 2998 2490 Ταῦτα
3041 2439 3131 2509 μεν
3183 2432 3272 2490 οὖν
3323 2457 3412 2491 και

1807 2519 1958 2591 ἡμεῖς
2001 2539 2092 2573 και
2135 2521 2202 2574 τὰ
2243 2520 2402 2575 πλείω
2461 2525 2657 2576 τούτων
2708 2543 2798 2578 και
2843 2525 3016 2578 πάντα
3061 2522 3158 2579 διὰ
3230 2530 3413 2600 σοφίας

1805 2609 2115 2681 πεπράχθαι
2172 2613 2231 2664 τὸ
2288 2617 2438 2666 Θιῖον
2486 2617 2783 2684 νοήσαντες,
2832 2634 2922 2667 και
2967 2615 3062 2668 ούκ
3122 2613 3287 2680 ἄλλως
3352 2618 3412 2670 τό

1805 2693 2000 2768 ἀγαθόν
2033 2700 2081 2750 ἐν
2107 2705 2215 2760 τοῖς
2238 2705 2360 2753 οὖσι
2397 2696 2754 2775 διακρίναντες
2797 2709 2949 2772 εῖναι,
2989 2703 3018 2764 ἣ
3078 2698 3172 2756 διὰ
3229 2707 3412 2777 σοφίας

1804 2803 1895 2839 και
1947 2791 2261 2862 ἐπιστήμης,
2346 2788 2503 2852 αύτὰς
2586 2792 2964 2866 ἠγαπήσαμεν,
3045 2790 3412 2865 ἀγαπήσαντες

1785 2963 2270 3035 temperationes,
2296 2980 2368 3022 ex
2391 2965 2605 3024 eadem
2625 2968 2854 3024 ratione
2873 2969 3186 3026 scientiam
3201 2969 3263 3025 in
3280 2972 3439 3026 artes

1785 3048 2108 3122 distribuit,
2156 3057 2434 3127 artesque
2471 3071 2612 3112 cum
2655 3056 2902 3114 scientia
2948 3057 3216 3130 perinde,
3256 3062 3439 3131 atque

1785 3141 2244 3213 temperationes
2265 3158 2469 3200 secum
2493 3146 2882 3204 consociavit.
2901 3148 2970 3202 Ut
2997 3146 3160 3220 quod
3184 3162 3306 3202 non
3326 3146 3437 3202 ha-

1784 3227 1970 3297 beret,
2001 3231 2284 3302 quamvis
2314 3231 2373 3289 ia
2392 3237 2553 3290 recta
2573 3234 3090 3304 coagmentatione
3115 3234 3434 3302 habentur,

1787 3333 1893 3374 seu
1914 3319 2112 3390 potius
2133 3320 2300 3393 quod
2315 3337 2438 3378 non
2452 3327 2609 3380 recte
2631 3329 3120 3394 coagmentatum
3150 3327 3326 3392 esset,
3352 3323 3442 3381 in-

1787 3406 1999 3464 stitutis
2025 3408 2376 3466 eruditionis
2406 3417 2900 3485 compensaretur
2917 3412 2994 3470 ad
3015 3412 3271 3487 perfecte
3299 3412 3441 3470 bea-

1787 3499 1962 3569 teque
1986 3497 2334 3555 vivendum.
2365 3500 2478 3558 Sed
2509 3501 2663 3574 proh
2687 3501 2894 3558 dolor!
2928 3501 3196 3576 plerique
3216 3502 3439 3559 donum

1785 3586 1900 3642 hoc
1927 3585 2439 3660 abominantur,et
2462 3589 2566 3663 qui
2597 3590 2838 3661 ingenio
2866 3590 3109 3666 reliquis
3121 3589 3436 3663 excellunt,

1783 3673 2017 3732 bonum
2063 3675 2179 3733 hoc
2225 3677 2668 3751 amplectuntur
2709 3679 2955 3754 quidem
2999 3683 3064 3738 ut
3102 3680 3293 3749 decet,
3333 3679 3441 3737 sed

1784 3763 1930 3822 tanti
1959 3764 2104 3821 boni
2133 3764 2393 3824 fructum
2428 3769 2880 3828 communicant
2903 3785 3044 3827 cum
3078 3769 3308 3841 ignavis
3336 3768 3441 3827 ho-

1784 3853 2072 3910 minibus.

1857 3942 2117 3999 Dicimus
2136 3943 2314 4017 igitur
2341 3948 2398 4002 et
2418 3961 2488 4002 ex
2519 3945 2631 4002 illis
2651 3945 2938 4003 omnibus
2978 3962 3114 4020 quas
3156 3945 3440 4015 diximus,

1786 4029 2122 4104 colligimus
2142 4032 2499 4106 praeclarum
2520 4050 2652 4091 esse
2681 4039 2740 4092 et
2757 4033 2916 4105 utile,
2939 4037 2991 4092 si
3021 4036 3440 4110 unusquisque

1786 4119 2102 4177 hominum
2135 4121 2530 4196 philosophiae
2556 4123 2629 4181 sit
2651 4124 2972 4197 particeps;
3004 4139 3149 4182 nam
3173 4125 3278 4199 qui
3307 4141 3442 4181 eru-

1790 4208 1948 4266 ditus
1962 4215 2066 4275 est,
2091 4214 2148 4267 et
2168 4211 2414 4268 scientia
2429 4211 2736 4284 praeditus,
2751 4229 2890 4269 cum
2919 4213 3051 4270 aliis
3079 4215 3310 4271 bonum
3327 4213 3444 4271 boc

1793 4299 2205 4357 communicat
2235 4319 2249 4369 ;
2277 4301 2382 4374 qui
2404 4317 2540 4358 vero
2567 4301 2824 4359 scientiae
2854 4307 2944 4360 est
2969 4319 3203 4376 expers,
3227 4303 3445 4376 abjun-

7 4395 142 4450 est.
172 4391 364 4456 Quare
379 4395 606 4448 naturae
621 4365 808 4463 opera
822 4365 1684 4460 naturaliterdeﬁnimus,nem-
1714 4365 1760 4422 D
1795 4395 1896 4461 gat
1919 4404 1979 4444 se
2009 4365 2380 4462 sapientibus
2408 4409 2426 4463 ;
2461 4406 2605 4448 nam
2631 4391 2771 4448 inde
2801 4365 3168 4466 magnopere
3188 4365 3448 4466 quilibet

7 4497 88 4555 pe
129 4493 271 4554 quae
301 4494 336 4535 a
361 4484 578 4536 natura
605 4479 871 4553 profecta
899 4484 1040 4536 sunt
1067 4479 1255 4536 bona.
1287 4483 1358 4537 At
1387 4483 1684 4555 tempera-

7 4568 209 4628 tionis
231 4572 288 4623 et
306 4567 628 4625 accidentis
650 4584 834 4642 opera
855 4569 1075 4641 partim
1093 4572 1232 4624 sunt
1255 4568 1441 4637 bona,
1465 4569 1684 4642 partim

7 4659 154 4717 non
184 4660 339 4714 sunt.
366 4657 691 4714 Statuimus
713 4673 959 4733 quoque
989 4658 1190 4714 omnia
1218 4673 1347 4714 esse
1364 4663 1594 4715 naturas
1614 4658 1686 4715 si-

7 4764 82 4805 ve
117 4747 542 4820 praastantiora
571 4747 692 4803 sive
737 4747 854 4804 sint
885 4746 1122 4804 viliora.
1171 4745 1439 4804 Diximus
1482 4752 1684 4806 autem

7 4838 126 4896 illa
150 4851 286 4910 quas
309 4829 520 4909 printer
555 4835 832 4894 ordinem
849 4836 1160 4904 exsistunt,
1183 4841 1414 4893 natura;
1438 4837 1684 4912 quidem

8 4941 180 4993 esse,
203 4924 309 4982 sed
327 4925 655 4982 deﬁcientis
671 4929 777 4984 aut
795 4925 1185 4992 abundantis,
1209 4925 1374 4983 bona
1392 4943 1533 4985 vero
1557 4942 1686 4982 esse

8 5019 261 5075 naturas
275 5014 526 5072 valentis
545 5019 603 5073 et
624 5015 892 5075 sincerae.
925 5015 1075 5071 Cum
1096 5014 1273 5087 igitur
1291 5020 1510 5074 natura
1530 5016 1688 5073 hanc

9 5105 328 5165 rationem
360 5105 535 5178 quasi
576 5105 906 5178 perciperet
951 5103 1298 5177 videretque
1340 5120 1494 5177 opus
1539 5104 1688 5161 illud

13 5211 215 5254 suum
252 5196 839 5267 praestantissimum,
872 5194 1038 5267 quod
1065 5211 1100 5251 a
1135 5193 1256 5251 Deo
1303 5194 1503 5258 habet,
1558 5211 1688 5252 esse

13 5283 292 5345 ﬂexibile
340 5288 398 5340 et
437 5283 734 5354 versatile,
785 5283 1050 5354 intelligo
1095 5283 1335 5356 sapiens
1370 5284 1519 5340 illud
1565 5284 1690 5340 ani-

13 5373 173 5445 mal,
198 5387 418 5446 nempe
446 5373 776 5439 hominem,
814 5373 1171 5446 sentiretque
1201 5388 1263 5428 se
1296 5389 1474 5429 suum
1505 5373 1690 5431 tinem

17 5479 280 5537 semper
299 5479 422 5520 non
444 5463 748 5535 consequi,
771 5462 1054 5518 nimirum
1074 5462 1165 5517 sui
1186 5460 1338 5518 fetus
1360 5478 1567 5518 curam
1588 5479 1690 5534 ge-

15 5551 668 5626 rens,pulcherrimam
683 5557 740 5609 et
755 5551 1049 5625 optimam
1069 5550 1252 5618 viam,
1268 5551 1578 5609 scientiam
1595 5568 1692 5608 ex-

20 5641 338 5713 cogitavit.
406 5639 707 5710 Quoniam
743 5643 947 5700 autem
985 5639 1048 5697 in
1085 5643 1302 5697 natura
1337 5643 1476 5697 sunt
1511 5640 1693 5698 etiam

1789 4479 1987 4553 juvari
2009 4483 2223 4552 potest.
2256 4481 2320 4536 Et
2339 4480 2581 4552 sapiens
2607 4481 2938 4554 quemlibet
2977 4481 3248 4540 hortatur
3286 4483 3448 4540 hunc

1793 4571 1856 4626 in
1887 4572 2161 4626 modum:
2178 4571 2317 4625 Tere
2335 4569 2546 4626 limina
2567 4570 2930 4642 sapientum,
2949 4587 3070 4628 non
3087 4571 3451 4640 divitum,in-

1793 4659 1990 4730 telligo
2010 4658 2240 4729 limina,
2274 4657 2438 4716 labia
2459 4660 2816 4734 sapientum,
2852 4665 2918 4718 ut
2945 4661 3225 4718 institutis
3266 4661 3450 4718 virtu-

1794 4751 1870 4808 tis
1895 4749 2189 4819 abundes,
2229 4765 2368 4822 quee
2399 4750 2673 4808 animum
2701 4751 3012 4808 meliorem
3041 4751 3303 4808 reddunt
3334 4768 3353 4820 ς
3392 4754 3454 4807 at

1795 4839 2051 4897 divitum
2078 4837 2288 4896 limina
2333 4844 2518 4896 terere
2562 4840 2703 4908 noli,
2752 4855 2829 4896 ne
2871 4840 3020 4897 forte
3064 4839 3308 4896 divitem
3338 4855 3452 4896 au-

1795 4929 1930 4986 dias
1972 4929 2048 4986 de
2101 4927 2285 4984 rebus
2324 4928 2652 4985 materiatis
2707 4933 3004 5000 agentem,
3083 4933 3262 5002 atque
3335 4928 3452 4986 hoc

1796 5017 1986 5076 modo
2016 5016 2130 5073 sub
2162 5022 2379 5074 terram
2405 5016 2763 5087 detrudaris,
2783 5033 2852 5074 ac
2873 5017 3188 5074 materiam
3203 5016 3453 5090 quidem

1797 5105 2104 5163 meliorem
2135 5103 2355 5161 reddas
2403 5107 2460 5160 et
2507 5104 2856 5176 auctiorem,
2913 5103 3267 5178 particulam
3317 5119 3456 5160 vero

1797 5193 2198 5264 intelligentiae
2242 5209 2524 5266 capacem
2587 5193 2881 5250 dedecore
2941 5192 3190 5250 afﬁcias.
3215 5195 3460 5266 Oportet

1796 5283 1978 5354 igitur
2001 5281 2435 5355 philosophari,
2467 5286 2524 5337 et
2553 5298 2693 5338 cum
2713 5282 3090 5356 philosophis
3121 5281 3366 5352 versari,
3393 5285 3461 5337 ut

1798 5371 1946 5430 illud
1960 5373 2147 5430 Nosce
2168 5371 2419 5440 teipsum
2445 5375 2779 5441 teneamus,
2803 5375 2862 5430 et
2899 5371 3114 5429 virtute
3131 5369 3364 5444 praediti
3387 5369 3462 5426 si-

1800 5479 1959 5531 mus,
1987 5465 2050 5518 ut
2073 5462 2251 5518 etiam
2267 5460 2542 5517 omnium
2554 5460 2739 5518 duces
2755 5461 2966 5532 simus,
3004 5476 3234 5535 nosque
3255 5459 3462 5517 omnia

1801 5554 2028 5621 atergo
2058 5554 2363 5623 sequatur.
2387 5548 2538 5606 Nam
2580 5549 2873 5623 sapientia
2921 5553 3075 5607 Deus
3114 5554 3304 5607 totum
3344 5549 3462 5606 hoc

1802 5639 2152 5698 universum
2173 5638 2476 5698 constituit
2503 5643 2561 5698 et
2589 5639 2904 5710 ordinavit,
2938 5639 3236 5713 sapientia
3261 5642 3460 5698 movet
