3932 6326
77 339 220 394 1401
1058 337 1221 395 Αῡν.
1251 337 1602 396 PLOTINUM
1632 338 1694 394 Dl

1882 339 1997 402 MA.
2034 370 2108 390 υ·-
2131 345 2468 404 MONITUM.
3309 343 3447 402 1402

71 461 366 520 eumdem
391 463 624 516 exstare
648 458 709 514 in
745 459 950 517 codice
981 461 1264 520 Vaticano
1294 479 1355 519 n.
1390 463 1548 531 1374,
1581 461 1885 538 hujusque
1911 465 2048 524 libri
2074 467 2302 527 lemma
2325 470 2572 528 meliora
2596 484 2694 526 me
2716 465 2941 534 docuit,
2961 465 3055 523 vel
3083 465 3292 541 potius
3317 467 3447 538 ejus

69 549 382 606 lemmatis
407 549 673 606 eruditus
698 548 986 623 interpres
1018 551 1414 626 Hieronymus
1458 553 1675 608 Amati.

1934 556 2018 614 ita
2065 557 2248 615 habet
2293 577 2308 616 :
2363 568 2465 616 Τοῦ
2517 562 2814 632 σοφωτάτου
2858 555 3102 612 ἐπισκοπ.
3151 564 3241 609 τοῦ
3298 576 3448 632 καρι-

69 638 256 694 κλείου
286 637 602 702 amoma;
629 643 758 712 πρὸς
789 639 1046 694 Πλωτῖνον
1071 661 1124 698 κ.
1154 661 1204 697 τ.
1232 642 1278 698 λ.
1306 645 1438 698 1am
1465 642 1694 698 Amatiu

1882 662 1921 700 n
1959 646 2021 704 in
2076 648 2280 706 codice
2333 654 2618 720 agnosset
2657 663 2908 705 manum
2967 645 3257 720 Scipionis
3312 648 3448 703 Car-

71 728 433 790 teromachi,
457 729 717 784 hominis
743 731 1103 804 caeteroquin
1129 731 1344 788 eruditi
1371 731 1570 807 (cujus
1596 733 1788 790 Vitam
1829 734 2096 794 editurus
2121 746 2213 795 est
2237 740 2541 814 Ciampius
2590 738 2892 812 professor
2926 737 3178 793 Pisanus
3226 733 3446 791 additis

69 819 301 875 Amatii
328 818 896 888 observationibus),
912 820 1220 891 ingeniose
1240 822 1580 894 suspicatus
1601 827 1688 879 est
1704 823 1862 880 male
1888 828 2213 886 correxisse
2231 845 2392 895 eum,
2413 846 2524 886 nec
2544 829 2757 887 melius
2783 827 3166 900 descripsisse
3182 823 3280 882 illa
3302 825 3446 879 έπισ.

71 927 137 962 κ.
162 927 211 964 τ.
240 907 288 964 λ.
320 908 405 964 sic
431 909 631 980 potius
655 907 938 978 legenda,
969 909 1054 964 ἐπί
1085 917 1176 964 τοῦ
1205 910 1522 968 κανικλιίου.
1546 912 1694 968 Iden

1882 915 1960 970 vir
1985 915 2218 985 doctus,
2263 936 2402 976 cum
2426 919 2602 978 sciret
2629 935 2701 976 ea
2742 917 3029 988 dignitate
3053 915 3288 972 functos
3337 913 3448 970 hos

71 997 432 1054 triumviros
457 1014 470 1052 :
501 998 798 1056 Joannem
823 998 1132 1072 Scylitzen,
1163 1001 1420 1058 Leonem
1442 1001 1788 1073 Magistrum
1815 1008 1873 1060 et
1895 1007 2188 1066 Joannem
2221 1012 2622 1079 Camaterum,
2653 1008 2830 1066 unius
2855 1005 2949 1062 vel
2979 1003 3217 1062 alterius
3247 1018 3447 1059 eorum

67 1086 199 1144 hoc
227 1085 288 1142 in
318 1086 610 1144 Plotinum
634 1088 998 1160 opusculum
1025 1105 1154 1145 esse
1176 1096 1560 1162 persuaserat
1589 1091 1722 1158 sibi,
1748 1109 1818 1152 ac
1840 1097 2281 1168 propemodum
2313 1097 2493 1156 etiam
2515 1096 2680 1154 mihi.
2710 1095 2862 1154 Illud
2884 1093 3202 1154 molestum
3231 1091 3340 1150 fuit
3369 1089 3448 1147 ad

70 1175 383 1246 ejusmodi
397 1177 761 1249 paucitatem
772 1177 1090 1236 hominum
1104 1179 1290 1250 redigi
1305 1179 1468 1237 illam
1479 1181 1834 1250 dignitatem
1847 1185 2099 1242 caniclei
2114 1187 2524 1256 prast'ectorum
2535 1189 2600 1254 ,Ο
2611 1186 2846 1244 uocirca
2858 1182 3270 1257 ampliandum
3281 1179 3444 1248 duxi,

70 1281 157 1323 ac
178 1266 368 1322 sicubi
398 1266 741 1324 evocandus
779 1272 904 1326 erat
927 1268 1072 1325 mihi
1087 1269 1182 1327 ille
1203 1270 1414 1327 Plotini
1445 1270 1855 1341 adversarius,
1874 1274 2246 1346 Anonymum
2281 1275 2547 1342 evocavi,
2581 1273 3067 1347 circumspiciens
3091 1271 3336 1338 interea,
3367 1283 3448 1325 an

70 1355 236 1412 forte
265 1355 508 1412 aliunde
538 1372 600 1412 se
635 1356 918 1414 offerrent
941 1357 1090 1414 mihi
1118 1359 1319 1431 plures
1341 1375 1414 1416 ex
1437 1359 1648 1418 ordine
1676 1370 1773 1414 τῶν
1794 1362 2109 1418 κανιχλείων.
2142 1367 2302 1421 Unus
2344 1380 2407 1422 se
2457 1364 2669 1422 obtulit
2696 1363 2756 1422 in
2784 1361 3081 1421 Villoisoni
3106 1359 3444 1426 Anecdott.,

69 1446 232 1500 tom.
248 1443 316 1508 Il,
332 1447 497 1516 p.72,
513 1448 691 1517 atque
706 1445 904 1519 isipse
925 1462 1108 1522 quem
1126 1462 1286 1504 nunc
1304 1449 1548 1520 quidem
1563 1450 2164 1522 quserebam.Nempe
2184 1453 2542 1510 Villoisonus
2565 1453 2790 1510 ibidem
2808 1455 3074 1509 recenset
3088 1447 3448 1523 opusculum

73 1532 310 1590 codicis
349 1533 627 1593 Marciani
655 1534 770 1591 hoc
799 1535 967 1592 titulo
999 1536 1235 1606 insigne
1271 1554 1284 1593 :
1312 1538 1399 1591 Ἐκ
1429 1547 1527 1590 τῶν
1550 1539 1694 1592 ima":

1882 1549 1950 1595 ὀῦ
1975 1541 2058 1595 ἐπὶ
2086 1551 2180 1596 κοῦ
2211 1542 2501 1597 κανιχλείου
2521 1550 2612 1596 τοῦ
2631 1545 2894 1615 Χούμνου,
2924 1555 3120 1613 neque
3150 1537 3302 1596 alius
3341 1536 3449 1593 im-

69 1622 379 1696 pugnavit
406 1622 698 1681 Plotinum
725 1641 741 1693 ;
764 1630 820 1682 et
837 1627 1024 1696 plane
1043 1627 1197 1684 idem
1210 1642 1424 1686 nomen
1452 1629 1666 1686 exrod.
1693 1631 1898 1686 Vaut.
1924 1633 2022 1686 11-2
2037 1637 2241 1701 postea
2267 1633 2607 1702 expiscatus
2637 1637 2720 1690 est
2749 1631 3046 1688 Amatius.
3072 1631 3267 1685 Exstat
3287 1625 3446 1686 enim

68 1711 168 1769 ibi
261 1714 621 1786 opusculum
701 1714 855 1772 alius
931 1716 1048 1772 hoc
1108 1716 1277 1774 titulo
1313 1735 1324 1774 :
1354 1725 1457 1771 Τοῦ
1514 1737 1694 1792 σοφωτι

1882 1719 1948 1775 ἕπί
1993 1720 2284 1775 τανικ).είου
2340 1721 2644 1792 (ascripsit
2704 1735 2925 1778 manus
2971 1716 3240 1778 secunda
3286 1721 3448 1789 κυροῠ

69 1805 387 1876 Νικηφόρον
411 1809 504 1857 τοῦ
528 1805 797 1876 Χούμνου)
828 1807 948 1877 περί
974 1804 1128 1884 λόγον
1161 1810 1378 1881 κρίσεως
1416 1826 1506 1860 και
1537 1807 1694 1883 ἐργασ

1882 1810 1992 1866 uid
2020 1810 2241 1882 quaeris
2271 1811 2298 1868 ?
2330 1813 2432 1867 Est
2462 1809 2832 1881 Nicephorus
2875 1807 3206 1870 Pitumnus,
3264 1804 3447 1872 idem,

72 1913 108 1942 «
157 1891 267 1965 qui
300 1896 356 1948 et
383 1893 730 1951 Nat/tamet
759 1893 951 1950 dictus
979 1895 1318 1952 monachus
1342 1895 1558 1964 factus,
1590 1897 1906 1970 praefectus
1927 1899 2172 1956 caniclei
2199 1899 2358 1973 (1-2),
2403 1902 2460 1955 et
2487 1915 2686 1957 rerum
2727 1904 2943 1971 potens
2973 1896 3087 1952 sub
3110 1893 3452 1952 Andronico

72 1981 340 2048 seniore,
382 1981 557 2054 cujus
598 1981 722 2039 ﬁlia
748 1984 913 2040 Irene
947 1984 1156 2056 nupsit
1182 1986 1396 2042 Joanni
1425 1985 1777 2058 Palaeologo,
1809 1987 1915 2061 qui
1935 1987 2153 2044 deinde
2175 1988 2501 2061 imperator
2531 1987 2610 2044 ab
2647 2004 2702 2043 a.
2733 1987 2797 2042 Ο.
2827 1988 2988 2043 1295.
3032 2008 3060 2037 ››
3093 1985 3157 2040 In
3179 1983 3311 2040 cod.
3348 1985 3454 2039 Re-

74 2070 188 2140 gio
226 2071 405 2128 Paris.
437 2077 495 2128 et
523 2071 831 2129 Colherteo
869 2073 999 2146 ejus
1026 2073 1192 2131 varia
1218 2073 1511 2148 opuscula
1557 2080 1614 2131 et
1655 2075 1884 2150 aliquot
1933 2077 2199 2150 epistolae
2238 2077 2322 2133 sic
2359 2076 2770 2134 inscribuntur
2802 2093 2815 2132 :
2857 2083 2960 2130 Τοῦ
2990 2075 3451 2146 παρακοιμωμένου

74 2167 181 2214 τοῦ
203 2163 464 2233 Χοὺμνου,
491 2165 549 2217 et
569 2160 789 2218 deinde
815 2170 908 2216 τοῦ
929 2162 1384 2226 Φιλιππουπὸλιως
1403 2164 1504 2237 (3),
1523 2163 1683 2221 unde

1882 2181 1900 2222 ι
1935 2165 2196 2222 hominis
2226 2171 2628 2236 cognoscitur.
2656 2170 2846 2238 Atque
2867 2181 2940 2220 ex
2969 2163 3114 2236 ipsis
3137 2160 3453 2234 Nicephori

75 2248 324 2321 epistoli
353 2254 428 2306 Is.
463 2249 866 2307 CAsanbonus
887 2255 966 2324 (4)
1000 2252 1198 2322 refert,
1229 2269 1520 2326 apparere
1549 2276 1571 2304 ι
1594 2253 1762 2310 illum
1792 2253 2046 2310 alterum
2077 2253 2261 2311 fuisse
2283 2254 2523 2323 Jobum,
2554 2253 2650 2310 cui
2677 2259 2762 2310 tot
2791 2253 3047 2310 adversa
3076 2248 3448 2320 contigerint,

77 2343 160 2394 ut
178 2337 296 2394 dici
332 2339 433 2395 vix
457 2343 656 2412 queat.
683 2362 712 2390 »
751 2339 908 2396 Idem
935 2341 1024 2397 vir
1051 2342 1491 2400 summusibid.
1514 2342 1802 2415 praedicat
1850 2345 2130 2415 pietatem
2182 2343 2312 2415 ejus
2352 2350 2407 2400 et
2440 2364 2468 2395 α
2512 2342 2765 2412 dignum
2812 2341 2954 2399 dicit
3007 2339 3110 2413 qui
3137 2339 3388 2409 legatur.
3421 2358 3449 2389 »

81 2428 390 2485 Disertum
429 2429 607 2486 etiam
634 2428 898 2502 appellat
926 2431 1184 2502 Cangius
1202 2431 1263 2487 in
1284 2431 1412 2502 ejus
1439 2431 1721 2504 operibus
1747 2432 2060 2503 diligenter
2085 2437 2378 2490 versatus.
2422 2434 2571 2490 Sunt
2597 2436 2799 2490 autem
2848 2430 2990 2488 satis
3037 2428 3246 2498 multa,
3275 2427 3336 2483 in
3357 2425 3450 2482 his

82 2517 425 2574 consolatio
455 2519 534 2575 ad
559 2517 908 2591 βασίλισσαν,
929 2518 992 2575 id
1018 2524 1105 2577 est
1124 2519 1313 2576 ﬁliam
1344 2521 1807 2594 imperatricem,
1838 2521 1913 2578 de
1937 2522 2121 2592 hujus
2173 2521 2458 2578 viduitate
2499 2538 2514 2590 ;
2548 2520 2665 2578 alia
2714 2520 2855 2577 item
2892 2519 3044 2576 varii
3093 2515 3450 2587 argumenti,

83 2623 236 2664 cum
265 2607 449 2664 civilis
476 2612 600 2664 tum
632 2609 710 2664 ad
738 2625 975 2666 sacram
999 2609 1470 2667 Christianorum
1513 2610 1896 2686 disciplinam
1926 2611 2294 2684 pertinentis,
2330 2610 2509 2669 etiam
2567 2609 2932 2684 philosopha
2966 2625 2979 2677 ;
3014 2623 3046 2664 e
3071 2622 3194 2680 quo
3238 2619 3454 2676 genere

80 2697 211 2754 hoc
249 2701 336 2753 est
356 2696 648 2754 adversus
677 2697 994 2755 Plotinum.
1028 2700 1258 2756 Etenim
1297 2715 1420 2757 non
1440 2701 1625 2758 modo
1645 2701 1706 2757 in
1737 2699 2012 2769 catalogo
2043 2700 2316 2759 biblioth.
2343 2703 2486 2771 Reg,
2518 2699 2789 2764 Parisin.,
2819 2697 2926 2755 sed
2947 2697 3125 2754 etiam
3150 2711 3188 2753 a
3218 2693 3455 2752 Labbeo

80 2787 281 2855 Bibl.,
302 2801 462 2860 nov.,
485 2803 646 2854 mss.,
679 2802 740 2860 p.
764 2792 892 2858 295,
921 2787 1020 2844 illa
1046 2788 1285 2862 scriptio
1310 2789 1528 2846 diserte
1558 2789 1837 2846 tribuitur
1863 2789 2002 2847 huic
2041 2789 2374 2862 Nicephoro
2418 2789 2714 2847 Chumno.
2759 2787 2858 2844 Ille
2887 2786 3131 2860 quidem
3161 2783 3222 2841 in
3247 2781 3457 2840 notitia

83 2875 320 2935 codicis
350 2892 411 2934 n.
444 2880 585 2936 2104
616 2878 698 2934 sic
724 2877 906 2935 habet
937 2896 951 2935 :
977 2901 1003 2931 «
1040 2881 1257 2936 Contra
1282 2879 1576 2936 Plotinum
1599 2879 1674 2936 de
1695 2879 1900 2936 anima
1935 2877 2210 2936 rationali
2240 2879 2601 2952 quaestiones
2625 2878 2828 2948 variae,
2863 2875 2967 2934 ubi
2995 2875 3070 2931 de
3091 2877 3456 2946 metempsy-

83 2966 284 3036 chosi,
310 2966 384 3022 de
414 2965 646 3038 belluis,
668 2971 869 3024 utrum
892 2967 1190 3025 intellectu
1217 2968 1482 3040 praeditas
1511 2968 1650 3035 sint,
1678 2983 1885 3040 necne,
1909 2967 1983 3024 de
2011 2983 2334 3041 corporum
2359 2966 2794 3026 resurrectione
2825 2970 2884 3022 et
2916 2965 3045 3024 aliis
3070 2962 3397 3019 disseritur.
3424 2980 3454 3011 »

82 3055 374 3112 Labbeus
396 3061 600 3112 autem
625 3057 735 3113 ita:
757 3079 785 3106 «
821 3057 1250 3114 Antirrheticus
1269 3058 1562 3114 adversus
1573 3057 1872 3114 Plotinum
1906 3074 1919 3124 ;
1948 3056 2316 3114 animasnon
2346 3056 2512 3128 prius
2526 3055 2810 3112 exsistere
2825 3070 3014 3128 quam
3040 3051 3403 3124 corpora(5).
3425 3070 3454 3098 ››

84 3144 271 3212 Quod
291 3145 340 3201 si
356 3144 536 3215 igitur
555 3144 909 3202 Fabriciana
926 3145 1290 3203 Bibliotheca
1312 3162 1452 3203 eum
1474 3163 1652 3204 usum
1667 3150 1997 3220 praestaret,
2014 3161 2196 3220 quem
2217 3144 2477 3202 debebat
2503 3147 2806 3218 praestare;
2815 3147 3161 3216 poteramus
3179 3152 3456 3210 compen~

77 3232 289 3289 'diaria
310 3233 406 3290 via
427 3249 498 3290 eo
517 3233 855 3306 pervenire,
870 3249 993 3306 quo
1020 3234 1289 3291 eundum
1302 3238 1428 3292 erat
1452 3251 1559 3308 per
1579 3234 2150 3309 ambages,quoque
2166 3250 2280 3305 ego
2295 3234 2422 3291 sine
2441 3233 2544 3307 huj
2554 3232 2793 3290 usmodi
2822 3232 2995 3288 duce.
3020 3228 3264 3304 qualem
3282 3229 3460 3282 Ama-

83 3321 218 3378 tius
250 3337 312 3378 sc
332 3322 623 3394 praestitit,
655 3320 906 3378 fortasse
937 3337 1253 3396 nunquam
1274 3323 1699 3398 pervenissem.
1735 3324 1849 3380 Sed
1875 3325 1937 3381 in
1967 3323 2067 3380 illa
2095 3323 2480 3392 Bibliotheca,
2518 3327 2852 3395 cmteroque
2877 3320 3057 3378 laude
3073 3316 3452 3388 dignissima,

88 3409 250 3466 alias
271 3426 514 3484 quoque
525 3410 808 3468 idoneam
821 3412 964 3467 satis
981 3427 1230 3483 operam
1243 3428 1398 3482 aegre
1415 3412 1749 3470 desideravi
1769 3431 1784 3481 ;
1805 3429 1942 3486 qua).
1955 3429 2198 3471 narrare
2209 3413 2460 3483 longum
2472 3416 2578 3468 est.
2596 3414 2763 3468 Nunc
2775 3411 2890 3468 hoc
2903 3425 3094 3466 unum
3115 3406 3303 3465 voluit
3329 3419 3460 3461 mo-

87 3498 315 3567 nitum,
345 3499 649 3557 volumine
686 3499 896 3572 quinto
919 3515 980 3572 p.
1013 3504 1116 3557 688
1136 3501 1288 3557 Harl.
1313 3507 1438 3559 not.
1473 3519 1548 3569 w,
1574 3517 1680 3574 pro
1705 3507 2024 3576 Anonymo
2052 3502 2403 3578 ponendum
2422 3517 2554 3559 esse
2570 3517 2793 3560 nomen
2812 3499 3233 3558 Nathanaelis.
3254 3492 3461 3553 Libelli

88 3587 346 3645 virtutes
380 3589 639 3662 vitiaque
660 3604 786 3645 non
818 3593 907 3644 est
925 3588 1091 3662 quod
1108 3605 1363 3660 operose
1389 3606 1738 3663 persequar.
1774 3595 1933 3649 Patet
1951 3593 2084 3664 jam
2111 3591 2453 3664 unicuique,
2488 3595 2545 3648 et
2573 3590 2869 3648 doctiores
2897 3605 3009 3648 nec
3051 3586 3263 3645 moniti
3291 3582 3458 3642 intel-

88 3678 306 3748 ligent.
335 3681 454 3734 Hoc
481 3683 730 3742 certum,
751 3677 1098 3750 philosophi
1117 3682 1316 3752 partes
1341 3679 1426 3734 sic
1455 3679 1598 3737 satis
1623 3680 1898 3736 sustineri
1919 3696 1955 3737 a
1975 3680 2304 3738 Christiano
2327 3679 2591 3747 homine,
2615 3679 2866 3752 quirem
2891 3693 3065 3734 suam
3087 3690 3290 3747 gerere
3312 3672 3459 3729 sciat

93 3765 232 3823 sola
245 3767 492 3839 ratione,
513 3767 595 3823 nil
613 3784 760 3822 usus
777 3767 1126 3824 auctoritate
1150 3767 1440 3824 librorum
1464 3784 1793 3825 sacrorum.
1819 3773 1946 3825 Non
1973 3771 2172 3825 minus
2197 3773 2396 3828 autem
2419 3768 2722 3827 Platonem
2748 3768 2933 3839 tangit
2952 3782 3140 3840 quam
3158 3763 3458 3821 Plotinum

90 3855 488 3928 Nicephorus.
516 3855 688 3922 Quod
726 3861 782 3912 et
814 3855 943 3928 ipse
968 3855 1232 3912 sensisse
1288 3855 1539 3913 videtur.
1573 3860 1722 3914 Nam
1749 3874 1887 3915 cum
1906 3858 1969 3914 in
1991 3857 2235 3914 exordio
2252 3857 2556 3930 professus
2577 3861 2736 3914 esset
2757 3856 3056 3912 Plotinum
3090 3869 3127 3910 a
3149 3869 3211 3908 se
3239 3850 3377 3924 peti,
3395 3848 3458 3904 in

91 3943 370 4001 clausula
396 3948 597 4001 tamen
618 3944 817 4016 posuit
836 3943 937 4000 illa
965 3943 1162 4018 εἨμεῖς
1184 3943 1238 4008 ἐξ
1259 3945 1560 4007 ἀντιθέσεως
1579 3953 1694 4000 ταῦῖ

1882 3965 1888 4006 '.
1912 3945 2162 3999 Πλάτωνα
2185 3951 2274 4000 καὶ
2305 3944 2582 3999 Πλωτίνον.
2601 3943 2945 4000 Inscribilur
2976 3945 3176 3999 autem
3200 3940 3456 4010 idopus-

89 4033 303 4090 culum
330 4049 469 4089 cum
498 4033 559 4089 in
588 4033 1039 4090 Vindobonensi
1076 4033 1228 4090 libro
1271 4037 1398 4091 tum
1427 4033 1488 4090 in
1528 4035 1808 4092 Vaticano
1865 4035 2227 4105 Ἀντιθετικός,
2260 4040 2316 4092 et
2339 4038 2533 4108 potest
2586 4034 2725 4091 huic
2765 4032 2932 4090 titulo
2963 4027 3323 4104 patrocinari
3342 4027 3458 4083 hoc

87 4125 303 4195 ipsum
324 4123 491 4196 quod
532 4122 717 4179 modo
745 4138 777 4179 e
803 4121 983 4178 libelli
1012 4123 1132 4179 fine
1173 4123 1560 4179 excitavimus
1591 4124 1646 4189 ἐξ
1705 4124 2024 4192 ἀντιθέσεως,
2082 4140 2194 4181 nec
2219 4123 2420 4180 minus
2479 4121 2644 4190 illud,
2682 4121 2849 4196 quod
2879 4121 3184 4178 rhetorum
3211 4116 3458 4190 quidem

89 4213 342 4267 ἀντίθετα
363 4217 418 4269 et
441 4211 728 4265 ἁντθετικοὶ
758 4211 904 4283 λόγοι
934 4211 1153 4284 saepius
1174 4213 1694 4276 memoranturJic.

1882 4213 2208 4286 tleodem,ut
2221 4213 2913 4287 plurimum,signiﬁcatu
2927 4212 3235 4286 (6)2tamen
3253 4223 3328 4264 cx
3341 4207 3458 4262 hoc

88 4319 316 4381 genere
346 4303 718 4376 scriptorum,
751 4301 974 4376 quibus
1003 4303 1318 4372 aggregari
1351 4302 1528 4358 debet
1555 4302 1651 4358 hic
1691 4302 2037 4370 Nathanael,
2092 4303 2307 4374 magis,
2339 4303 2506 4376 quod
2550 4302 2756 4370 sciam,
2797 4302 3207 4375 frequentatur
3235 4311 3458 4353 nomen

90 4393 496 4470 ἀντιῤῥητικῶν.
530 4393 642 4460 Sic,
671 4395 734 4447 ut
756 4391 872 4446 hoc
903 4395 1055 4458 utar,
1092 4391 1337 4464 Josephi
1364 4397 1575 4448 contra
1607 4391 1694 4462 A71

1882 4409 1894 4448 l
1923 4391 2057 4448 libri
2083 4391 2390 4448 codicibus
2416 4391 2642 4466 aliquot
2671 4390 3079 4447 inscribuntur
3100 4386 3455 4465 ἀντιρῥητικὰ,

93 4489 162 4541 et
184 4481 420 4541 Eusebii
467 4480 845 4539 Caesariensis
882 4479 1030 4536 illud
1073 4495 1227 4553 opus
1288 4480 1576 4538 adversus
1623 4480 1950 4537 Hieroclem
2003 4481 2063 4537 in
2124 4481 2619 4538 membranarum
2667 4484 2835 4554 parte
2887 4477 3199 4536 exhibetur
3249 4477 3363 4536 hoc
3392 4476 3462 4532 ti-

179 4628 314 4699 (Ιο2)
346 4627 498 4699 Inter
517 4621 798 4699 epistolas
815 4621 1041 4692 Georgii
1058 4621 1230 4695 Cypri
1265 4621 1695 4699 suntquagdam

97 4694 197 4757 ad'
215 4694 619 4766 Nicephorum
662 4694 1020 4759 Chumnum,
1048 4699 1429 4766 quaestorem,
1452 4697 1701 4750 et'l‘heo-

96 4770 240 4828 dori
264 4764 605 4830 Muialonis,
643 4767 850 4836 magni
873 4764 1181 4836 logothetw
1208 4781 1620 4832 successorem,
1640 4765 1700 4820 in

97 4841 243 4899 cod.
261 4843 474 4898 Caesar.
490 4837 660 4909 Vind.
677 4835 762 4892 67.
780 4836 904 4892 Vid.
929 4835 1202 4892 Lambec.
1219 4836 1364 4906 Vlll,
1379 4853 1516 4909 pag.
1537 4841 1702 4909 1069-

95 4916 266 4983 4072,
295 4911 427 4983 coll.
459 4907 687 4983 Fabric.
720 4909 792 4983 Bf.
823 4909 923 4983 G_r_.
964 4909 1075 4976 νη,
1103 4912 1295 4983 p._675
1333 4907 1428 4963 ed.
1468 4907 1627 4962 Harl.

179 4978 426 5055 (3iVid-_
449 4979 742 5055 causisin
761 4978 821 5055 in
843 4978 1204 5055 θιρεραζ-ᾏΠο
1237 4994 1297 5055 11-
1318 4983 1404 5055 30..
1424 4985 1479 5055 et
1495 4978 1700 5055 ρξίῑνίεθ

93 5049 380 5114 notitiam
414 5053 553 5109 hinc
573 5049 735 5106 adde
768 5049 1031 5105 Fabricio
1055 5049 1204 5106 Bibl.
1241 5049 1346 5107 Gr.
1372 5051 1410 5105 l.
1444 5049 1700 5107 lJEtiam

97 5126 256 5183 illud
284 5124 440 5181 adde
469 5122 656 5195 ipsius
684 5120 873 5176 tilium
898 5121 1191 5195 Joannem
1227 5122 1566 5195 Chumnum
1593 5137 1701 5176 nec

93 5197 305 5255 minus
343 5192 796 5266 claruissecum
815 5192 1178 5266 scriptorum
1236 5193 1461 5266 majore
1513 5208 1696 5266 quam

91 5285 215 5345 pro
235 5267 348 5345 illis
377 5263 756 5345 temporibus
780 5261 1094 5345 elegantia,
1125 5267 1249 5318 tum
1284 5261 1699 5345 virtutem-ili-

92 5333 235 5405 tari,
259 5343 325 5394 ut
350 5355 444 5394 me
469 5333 671 5392 docuit
699 5336 859 5390 idem
889 5335 1178 5405 Amatius,
1198 5333 1300 5405 qui
1327 5334 1386 5389 in
1411 5334 1539 5390 cod.
1571 5336 1696 5390 Vat.

91 5429 164 5470 τι.
203 5404 498 5479 1⁷12ὴυ]υε
528 5405 844 5478 epistolam
905 5404 1154 5479 offendit
1213 5404 1325 5460 hoc
1360 5405 1522 5479 titulo
1553 5422 1566 5459 :
1597 5412 1700 5458 Τοῦ

92 5475 684 5556 παρακοιμῶμένοιῖτοῦ
710 5479 952 5550 Χούμνου
996 5475 1187 5528 ἐκείνου
1225 5485 1387 5550 κυροῠ
1441 5477 1701 5545 Ἰωάννου,

91 5547 230 5629 πρός
259 5547 344 5605 res;
380 5547 565 5604 ἑοὶυτοῡ
593 5552 792 5622 πατέρα
824 5547 923 5600 ’ἐπὶ
961 5554 1052 5599 τοῦ
1097 5547 1386 5600 κανικλέίου
1429 5547 1700 5615 ἐπιστολὴ,

94 5617 190 5680 ὅτε
217 5625 323 5698 μετ’
353 5623 540 5694 ὀλίγων
565 5623 700 5673 πάνυ
725 5617 978 5694 ’τρόπαιον
1030 5621 1123 5672 ο·ὺύ
1187 5627 1300 5690 Θεῷ
1349 5621 1540 5677 ἔστησε
1567 5621 1694 5672 κατὰ

1882 5617 2390 5698 ξοξζοὶἱίαξίόῃιςη.
2419 5620 2498 5676 Cf.
2523 5617 2667 5676 ibid.
2692 5633 2751 5690 p.
2771 5617 2803 5672 2

95 5705 205 5751 τῶν
218 5693 227 5698 ⁷
238 5693 538 5769 βαρϐάρνωνδ

1885 4621 2566 4704 (4)-ῐηιςᾳξαᾳῤοίῃηὶε.
2595 4638 2658 4704 p.
2684 4626 2818 4704 ,21η
2849 4620 2945 4704 ed.
2991 4623 3041 4678 Ι.
3086 4621 3218 4704 Chr.
3247 4693 3258 4702 ι
3289 4619 3456 4701 Wolf.

1812 4691 2024 4750 llamb.
2056 4697 2217 4751 17t0.
2248 4695 2439 4751 Mirari
2478 4691 2638 4750 subit
2664 4693 3080 4749 doctissimum
3128 4693 3368 4749 Saxium
3398 4691 3460 4746 in

1811 4767 2192 4822 Onomastico
2210 4765 2295 4821 nil
2314 4781 2650 4822 memorare
2665 4765 2847 4834 hujus
2865 4764 3128 4820 hominis
3147 4769 3203 4820 et
3219 4762 3459 4834 scripto-

1808 4852 1943 4893 rum
1977 4837 2256 4894 varietate
2285 4842 2342 4892 et
2361 4837 2660 4892 honorum
2692 4831 3086 4907 amplitudine
3119 4834 3262 4888 satis
3295 4831 3456 4888 clari.

1877 4911 1956 4978 (5)
2001 4907 2126 4964 Vid.
2181 4907 2408 4964 Fabric.
2458 4907 2733 4978 Bibt.igr.
2758 4905 2900 4978 vol.
2929 4905 3076 4978 AVII,
3109 4922 3168 4976 p.
3203 4908 3305 4978 675
3333 4919 3457 4974 seq.

1810 4976 2130 5060 Harl._ibiq.
2152 4986 2431 5060 escerpta
2472 4976 3007 5060 CatalOgiParisini
3027 4976 3092 5056 II,
3121 4991 3180 5060 p‘.
3205 4977 3310 5056 luit
3331 4989 3458 5046 seq.

1809 5055 1866 5106 et
1894 5046 2112 5106 Labbei
2149 5051 2309 5106 Bibl.
2330 5046 2481 5107 ἠου.
2515 5064 2652 5104 mss.
2681 5046 2720 5105 Ι.
2750 5047 2792 5106 l.
2816 5048 2918 5104 His
2954 5047 3103 5119 ipsis
3122 5046 3306 5119 'locis
3333 5060 3460 5101 rem

1809 5120 2042 5194 conﬁci,
2071 5127 2128 5177 et
2165 5122 2563 5194 Nicephorum
2601 5119 2804 5191 hujus.
2841 5117 3040 5194 quem
3083 5117 3459 5194 exhibemus,

1807 5191 1940 5248 libri
1967 5197 2268 5248 auctorem
2287 5188 2418 5264 esse
2441 5193 2566 5264 ipse
2587 5188 2832 5264 quoque
2857 5188 3119 5248 Rmatius
3152 5188 3320 5258 vidit,
3344 5202 3461 5244 me-

1807 5278 1925 5336 que
1951 5268 2159 5336 postea
2187 5279 2293 5336 per
2316 5263 2539 5320 litteras
2570 5263 2818 5336 monuit.

1879 5330 1970 5403 (6)'
2008 5330 2415 5406 RutilfLupus
2467 5350 2526 5405 p.
2568 5337 2662 5388 I25
2719 5331 3030 5406 Ruhnken.
3073 5330 3459 5406 ;Quintilian.

1808 5402 2007 5461 Instit.
2047 5412 2202 5462 orat.
2245 5402 2322 5468 1x:
2364 5402 2520 5471 2'10,
2565 5420 2627 5475 p.
2669 5406 2770 5459 443
2824 5403 3128 5476 Spalding.
3167 5421 3182 5469 ;
3240 5402 3466 5476 Ernesti

1808 5478 1953 5533 Lex.
1985 5478 2242 5534 teclmol.
2274 5478 2374 5532 Gr.
2411 5473 2636 5532 rhetor.
2664 5479 2814 5546 p.21
2841 5473 3238 5546 {quanquam
3264 5473 3467 5546 sophi-

1812 5552 2312 5630 starumquoque
2347 5548 2617 5629 feruntur
2667 5544 3048 5674 ἆντιρίἒητωςοί,
3075 5544 3160 5602 'ut
3210 5544 3464 5627 Libanii,

1813 5619 2083 5674 Cboncu.
2113 5619 2390 5674 aliorum.
2419 5620 2498 5674 Cf.
2523 5617 2667 5674 Ibid.
2694 5633 2751 5674 ι).
2771 5622 2803 5672 2
2846 5659 2860 5674 .
2891 5616 3095 5674 ibique
3126 5616 3326 5674 Photri
3355 5617 3464 5672 Βι-

1889 5616 2390 5700 τοζζοὶἱξαξίόῃιξη.
2419 5620 2498 5676 Cf.
2523 5617 2667 5676 ibid.
2692 5633 2751 5690 p.
2771 5616 2860 5686 2'9,
2891 5616 3095 5690 ibique
3126 5616 3326 5676 Photri
3355 5617 3467 5672 Bi-

1815 5682 2024 5748 blioth.
2056 5682 2189 5750 cod.
2231 5694 2347 5748 t60.
