3932 6326
39 385 208 439 1405

39 509 154 567 τὰς
260 507 461 580 ψυχὰς
524 507 945 561 ἀναϐιὼσκεσθαι
1012 528 1028 543 ο
1089 512 1294 578 θέσεων,

39 598 264 648 λαυσιν
365 593 631 649 δείκνυσιν
729 596 807 650 ἀεὶ
911 603 1161 669 μενόντων
1279 598 1487 669 ἀγαθῶν
1605 595 1695 642 καὶ

39 685 299 737 κόλασιν
367 684 562 757 ψυχῶν
626 688 758 759 ὁμοῦ
822 688 842 721 ⁷
921 692 1011 740 καὶ
1093 690 1345 761 σωμάτων
1429 679 1694 758 μηδέποτε

39 774 381 845 λήγουσαν.

134 862 217 916 α’.
256 862 413 934 Ἐμοὶ
458 866 516 915 τὸ
567 867 731 937 παρὸν
788 861 1135 938 σπούδασμα,
1168 870 1293 939 πρὸς
1320 864 1572 917 Πλωτῖνον
1602 864 1692 913 καὶ

39 952 188 1012 τοὺς
225 950 432 1004 ἐκείνου
463 957 581 1025 περὶ
612 951 873 1025 ἀφθάρτου
926 954 1110 1026 ψυχῆς
1167 955 1374 1026 λόγους.
1438 956 1539 1004 Καὶ
1588 952 1689 1024 γὰρ

40 1041 149 1091 ὅτι
178 1044 281 1112 μὲν
324 1043 352 1092 ὀ
394 1040 441 1093 ἐν
490 1044 617 1114 ἡμῖν
659 1050 779 1103 νοῦς
826 1044 1042 1109 ἁπλοῦς,
1099 1049 1190 1096 καὶ
1260 1043 1554 1108 ἀσύνθετος,
1604 1044 1693 1092 καὶ

40 1129 192 1181 καθ’
229 1128 423 1181 ἑαυτὸν
452 1130 701 1202 ὑφεστὼς,
738 1135 829 1183 καί
884 1132 1024 1193 ζωὴν
1076 1131 1124 1185 ἄν
1176 1131 1341 1203 ἑαυτῷ
1391 1134 1548 1201 ἔχων,
1604 1134 1694 1181 καί

40 1236 127 1287 γε
186 1224 446 1293 κρειττων
492 1221 671 1281 πάσης
750 1222 946 1295 φθορᾶς
1020 1226 1109 1274 καὶ
1180 1224 1371 1283 παντὸς
1459 1220 1691 1292 ὀλέθρου,

45 1313 233 1359 τοῦτο
276 1306 502 1379 κάκείνῳ
553 1313 641 1362 καὶ
697 1318 763 1382 τῇ
821 1309 1039 1384 ἀληθείᾳ
1086 1310 1245 1384 κάμοὶ
1298 1309 1461 1376 δοκεῖ,
1521 1314 1611 1361 καὶ
1650 1308 1695 1361 εἳ

46 1416 156 1458 τις
213 1397 390 1469 ἔτερος
450 1397 614 1472 ὀρθῶς
666 1396 905 1470 βούλοιτο
962 1408 1195 1466 σκοπεῖν,
1267 1401 1357 1452 καί
1433 1410 1492 1470 γε
1564 1402 1695 1473 πρὸς

48 1492 180 1538 πᾶν
209 1483 483 1544 δήπουθεν
536 1487 687 1548 εὐθὺς
741 1490 875 1541 θεῖτο
932 1493 1069 1559 (10),
1124 1495 1183 1543 τό
1248 1510 1305 1561 γε
1357 1492 1485 1564 πρὸς
1538 1495 1692 1540 τοῦτο

54 1578 255 1649 φέρον,
315 1580 409 1627 καὶ
456 1582 561 1636 τοῖς
626 1576 887 1630 Πλωτίνου
934 1578 1105 1649 λόγοις
1161 1580 1328 1640 καλῶς
1420 1574 1692 1630 ἀποδεδει-

51 1667 289 1734 γμένον.
326 1669 445 1726 Πῶς
470 1667 571 1738 γὰρ
613 1665 635 1700 ⁸
687 1671 778 1719 καὶ
840 1667 919 1724 εἴη
977 1665 1032 1719 ἔκ
1092 1670 1374 1727 συνθέσεως
1412 1674 1550 1733 νοῦς,
1601 1671 1691 1719 καὶ

56 1751 131 1803 ἐκ
157 1772 320 1804 τινων
348 1759 515 1827 μερῶν
545 1758 821 1806 συνιόντων
855 1770 869 1820 ;
902 1756 945 1808 εἰ
982 1759 1071 1828 μὶν
1117 1776 1216 1828 γαρ
1270 1755 1323 1819 ἐξ
1359 1756 1426 1807 ὧν
1478 1756 1686 1808 πάντα⁹

1291 383 1459 440 ADV.
1495 370 1851 434 PLOTINUM
1886 374 1979 429 DE
2015 375 2254 435 ANIMA.

3262 371 3267 375 ’
3312 380 3450 433 1406

1387 510 1479 559 καὶ
1565 502 1698 554 ἀπό-
1734 505 1774 551 Δ
1805 502 2058 558 ostendit
2074 509 2130 559 et
2143 506 2485 561 animarum
2507 506 2757 563 simulet
2785 518 3103 575 corporum
3137 516 3449 575 nunquam

1801 590 2118 658 ﬁniturum
2149 595 2534 663 supplicium.

1876 865 1922 915 1.
1960 865 2021 917 In
2058 862 2173 918 hac
2196 878 2332 919 mea
2354 861 2767 918 lucubratione
2796 860 3089 917 Plotinum
3132 862 3189 915 et
3217 859 3346 928 ejus
3376 858 3453 915 de

1800 950 2234 1023 incorruptibili
2261 952 2465 1008 anima
2498 952 2802 1008 doctrinas
2820 949 3083 1006 refellere
3110 948 3447 1020 aggredior.

1803 1042 2029 1097 Etenim
2068 1042 2235 1113 quod
2263 1043 2323 1098 in
2352 1042 2529 1098 nobis
2556 1042 2627 1097 sit
2645 1056 2817 1097 mens
2846 1039 3101 1112 simplex
3132 1044 3189 1094 et
3227 1038 3450 1093 incom-

1803 1132 2022 1201 posita,
2056 1132 2177 1187 etin
2202 1148 2265 1187 se
2297 1132 2647 1197 subsistens,
2680 1132 2982 1202 vitamque
3012 1130 3073 1185 in
3105 1145 3167 1184 se
3192 1126 3448 1194 habens,

1802 1225 1860 1274 et
1878 1222 2077 1275 omnis
2107 1221 2505 1292 corruptionis
2527 1225 2585 1275 et
2615 1220 2881 1276 interitus
2907 1217 3109 1274 nescia
3142 1234 3154 1283 ;
3187 1214 3248 1271 id
3269 1219 3326 1270 et
3366 1212 3451 1270 illi

1802 1315 1859 1363 et
1883 1324 2027 1364 sane
2053 1308 2198 1364 mihi
2223 1325 2467 1381 quoque
2499 1309 2754 1378 videtur,
2782 1313 2839 1364 et
2861 1308 2909 1362 si
2934 1306 3067 1373 quis
3098 1305 3250 1360 alius
3292 1306 3449 1360 recte

1801 1397 2101 1469 inquirere
2147 1397 2305 1459 velit,
2358 1402 2415 1453 et
2458 1403 2723 1453 mentem
2785 1396 3081 1452 sinceram
3162 1391 3450 1449 adhibere

1800 1486 1893 1541 his
1941 1486 2224 1541 omnibus
2288 1502 2425 1559 quae
2488 1486 2697 1541 Plotini
2752 1484 3036 1556 operibus
3114 1481 3268 1536 bene
3350 1479 3450 1535 de-

1800 1581 2232 1631 monstrantur.
2275 1575 2591 1641 Quomodo
2612 1575 2773 1631 enim
2791 1572 3129 1646 composita
3151 1585 3323 1625 mens
3362 1584 3449 1624 es-

1798 1669 1887 1719 set
1913 1664 1941 1718 ?
1959 1664 2184 1736 quibus
2197 1663 2472 1736 partibus
2493 1662 3016 1733 congredientibus
3046 1661 3074 1715 εἰ
3107 1660 3166 1716 Si
3189 1658 3351 1714 enim
3374 1674 3448 1713 ex

1799 1754 1869 1810 iis
1898 1753 2120 1825 quibus
2144 1753 2353 1809 omnia
2372 1756 2671 1822 constant,
2688 1750 3045 1823 corporibus
3070 1746 3448 1819 simplicibus

58 1838 124 1891 ἐν
190 1841 458 1909 συνθέσει,
517 1840 691 1892 ἁπλῶν
756 1845 909 1893 ὄντων
976 1846 1229 1915 σωμάτων
1290 1847 1379 1896 καὶ
1448 1848 1684 1916 πρώτων,

1884 1842 2096 1914 primis
2126 1861 2140 1898 :
2163 1841 2270 1898 sed
2295 1858 2369 1898 ex
2384 1842 2477 1898 his
2506 1841 2742 1898 nullum
2764 1839 3004 1912 cogitat.
3030 1840 3212 1893 Porro
3240 1851 3313 1891 ex
3326 1849 3448 1890 non

62 1926 193 1979 ἀλλ’
238 1928 391 1981 οὖθεν
443 1932 638 1981 τούτῶν
692 1936 816 1985 νοεῖ.
873 1932 957 1984 Ἐκ
1008 1940 1134 2003 γοῦν
1188 1931 1417 1991 ἀνοήτων
1462 1940 1574 1993 πῶς
1629 1930 1689 1983 ἂν

61 2022 171 2069 καὶ
206 2018 254 2053 ¹⁰
280 2022 479 2089 γένοιτο
499 2038 637 2085 νους,
672 2020 701 2078 ἦ
733 2029 843 2083 πῶς
882 2020 942 2073 ἂν
992 2022 1059 2073 ὧν
1106 2029 1274 2074 ταῦτα
1332 2018 1541 2093 οὐδαμῆ
1601 2020 1689 2074 οῦ-

62 2104 271 2178 δαμῶς
329 2106 523 2178 ἐφίεται
579 2107 720 2180 (li),
790 2118 889 2161 τῶν
945 2119 1142 2168 νοητῶν
1200 2110 1328 2182 λέγω
1403 2114 1493 2162 καὶ
1563 2112 1690 2184 ὑπερ

62 2202 271 2262 ταῦτα,
322 2196 473 2258 οὗτος
525 2196 577 2259 ἕξ
632 2197 801 2249 αὐτῶν
848 2204 1204 2271 γεγενημένος,
1281 2198 1550 2272 ἐφικέσθαι
1630 2198 1690 2250 διν

66 2280 338 2342 δυνηθείη
383 2301 397 2351 ;
437 2282 483 2338 εἰ
512 2282 563 2338 δ’
625 2286 787 2338 ἄλλων
845 2296 995 2340 τινῶν
1032 2291 1175 2363 παρὰ
1212 2296 1380 2341 ταῦτα
1436 2290 1690 2360 σωμάτων

70 2373 493 2444 συμπλακέντων
536 2374 686 2434 ζῶσα
721 2381 811 2428 καὶ
865 2384 1059 2429 νοοῦσα
1116 2377 1271 2448 ψυχὴ
1337 2382 1584 2441 συνέστη,
1648 2377 1692 2429 εἰ

72 2464 178 2533 μὲν
236 2466 554 2536 παχυτέρων
606 2468 696 2515 καὶ
749 2461 1133 2540 ὑλωδεστέρων,
1195 2464 1306 2518 ἀλλ’
1360 2469 1551 2519 ἄτοπον
1636 2465 1691 2518 ix

70 2557 187 2603 τῶν
247 2552 288 2586 ¹¹
350 2570 596 2604 τοιουτων
646 2559 764 2603 νοῦν
822 2556 1151 2606 συνεστάναι·
1210 2559 1301 2607 καὶ
1373 2554 1447 2608 ἔτι
1503 2555 1690 2627 μᾶλλον

74 2640 150 2693 ἂν
216 2639 516 2699 ἀνοηταίνοι
574 2643 688 2712 (12)
733 2641 889 2713 ψυχὴ
941 2647 1113 2719 νοερὰ,
1168 2643 1387 2718 ἀμοίρου
1468 2664 1691 2707 νοησεως

76 2732 271 2791 πάσης
300 2731 347 2765 ¹²
377 2729 537 2790 οὓσης
571 2736 667 2790 τῆς
701 2722 824 2791 ὗλης
874 2736 963 2783 καὶ
1024 2740 1117 2792 τῆς
1181 2729 1401 2786 τοιᾶσδε
1464 2733 1691 2805 μάλιστα

77 2822 325 2889 παχείας
352 2817 499 2880 ὕλης·
535 2818 578 2871 εἰ
604 2814 656 2871 δ’
696 2818 748 2882 ἐξ
774 2818 1133 2894 ἁπλουστέρων
1170 2841 1252 2893 γε,
1292 2826 1382 2873 καὶ
1431 2821 1466 2874 ἁ
1518 2826 1583 2874 τὰ
1643 2824 1689 2859 ¹³

76 2914 274 2979 πρῶτα
300 2911 518 2979 πέφυκεν
545 2910 615 2968 ὡς
644 2904 713 2966 δὴ
747 2909 791 2943 ¹⁴
819 2908 990 2982 ἀρχαὶ
1042 2918 1141 2961 τῶν
1194 2910 1379 2979 ἄλλων,
1430 2910 1536 2963 ἀλλ’
1595 2913 1690 2964 οῦκ

81 2999 236 3048 ἔστιν
274 2991 390 3048 οὐδ’
452 2997 615 3071 εὑρεῖν
673 2998 813 3049 ἔστιν
871 2996 1198 3073 ἁπλούστερα
1246 2997 1507 3072 οὐδαμῶς,
1573 2999 1688 3054 οὐδ’

81 3084 145 3137 ἓν
170 3085 354 3145 αὐταῖς
408 3084 651 3146 ἕπινοὶαις
697 3093 796 3137 τῶν
851 3088 1118 3160 τεσσάρων
1172 3086 1226 3151 ἐξ
1278 3090 1345 3140 ὧν
1404 3086 1473 3148 δὴ
1530 3091 1691 3143 τᾶλλα

1799 1930 2201 2001 cogitantibus
2228 1930 2540 2003 quomodo
2570 1942 2743 1985 mens
2772 1928 2956 1993 ﬁeret,
2989 1931 3093 1983 aut
3144 1922 3450 1997 quomodo

1801 2021 1876 2076 ad
1891 2035 1959 2077 ea
1973 2036 2109 2092 qua:
2126 2035 2441 2092 nunquam
2454 2019 2550 2076 illa
2563 2023 2872 2090 appetunt,
2884 2014 3278 2086 intelligibilia
3288 2013 3446 2083 dico,

1799 2124 1872 2166 ac
1909 2110 2087 2165 etiam
2115 2124 2298 2180 supra
2317 2108 2436 2175 illa,
2466 2124 2604 2163 cum
2627 2108 2762 2180 ipsa
2785 2121 2857 2163 ex
2877 2106 2945 2161 iis
2975 2105 3069 2173 sit,
3100 2106 3305 2175 posset
3353 2116 3450 2158 as-

1802 2213 2046 2267 surgere
2062 2198 2089 2254 ?
2104 2198 2160 2254 Si
2171 2212 2314 2253 vero
2332 2213 2404 2254 ex
2424 2196 2554 2253 aliis
2569 2194 2923 2269 corporibus
2947 2192 3226 2250 connexit
3238 2190 3447 2246 vivens

1801 2292 1858 2344 et
1887 2288 2160 2358 cogitans
2196 2288 2402 2343 anima
2430 2286 2737 2353 consistat,
2769 2282 3067 2357 siquidem
3098 2296 3171 2337 ea
3194 2279 3450 2337 crassio-

1798 2377 1889 2433 ria
1913 2382 1970 2432 et
1999 2375 2424 2443 fasculentiora,
2472 2374 2805 2435 absurdum
2859 2378 2949 2430 est
3002 2371 3224 2428 talibus
3279 2382 3450 2425 men-

1800 2470 1919 2522 tem
1941 2472 2233 2522 constare.
2264 2470 2347 2520 Ac
2364 2465 2559 2534 magis
2579 2464 2759 2521 etiam
2808 2463 3105 2534 desiperet
3136 2474 3309 2516 mens
3358 2457 3449 2512 in-

1797 2554 2034 2611 tellectu
2059 2553 2483 2626 prtedita,cum
2514 2553 2588 2609 sit
2615 2552 2813 2609 omnis
2838 2548 3214 2621 cogitationis
3234 2562 3448 2619 expers

1800 2645 2052 2699 materia
2077 2648 2135 2700 et
2156 2643 2454 2715 imprimis
2467 2642 2621 2699 adeo
2642 2656 2863 2698 crassa.
2888 2641 2947 2696 Si
2972 2644 3176 2695 autem
3207 2653 3279 2693 ex
3309 2635 3449 2693 sim-

1798 2733 2144 2805 plicioribus
2171 2738 2230 2787 et
2257 2733 2328 2787 iis
2353 2748 2490 2804 quas
2534 2732 2729 2804 prima
2774 2734 2916 2786 nata
2966 2731 3105 2783 sunt
3158 2731 3452 2797 tanquam

1800 2822 2055 2880 aliorum
2081 2821 2377 2894 principia
2404 2840 2418 2889 ;
2453 2820 2556 2876 sed
2579 2835 2702 2876 non
2721 2824 2859 2876 sunt
2886 2833 2998 2873 nec
3026 2814 3274 2872 inveniri
3306 2808 3450 2885 pos-
3482 2840 3499 2848 -

1802 2918 1941 2968 sunt
1966 2911 2330 2982 simpliciora
2358 2925 2555 2982 neque
2582 2908 2719 2980 ipsa
2744 2906 3201 2977 imaginatione,
3261 2916 3450 2975 quam

1798 3007 2059 3073 quatuor
2086 2999 2306 3072 quibus
2334 3000 2538 3055 omnia
2566 3002 2799 3053 caetera.
2844 2998 2911 3051 Et
2968 3009 3113 3050 sane
3152 3006 3348 3064 neque
3378 3004 3453 3045 ex

1800 3089 2052 3147 materia
2080 3095 2135 3144 et
2159 3088 2355 3145 forma
2384 3085 2787 3159 compositum
2815 3084 3047 3156 aliquid
3082 3087 3170 3140 est
3193 3096 3365 3137 mens
3396 3083 3454 3135 et

86 3175 265 3227 πάντα
295 3174 362 3209 ¹⁵υ
395 3179 481 3226 καὶ
514 3178 618 3246 μὴν
649 3171 765 3226 ουδ’
795 3174 849 3237 ἐξ
892 3175 1017 3238 ὕλης
1067 3173 1327 3234 δήπουθεν
1380 3183 1469 3231 καὶ
1516 3176 1689 3242 εἱδους

1876 3196 1935 3236 ιω
1965 3178 2299 3235 secundum
2328 3177 2527 3249 ipsam
2563 3178 2655 3232 est
2683 3174 2907 3241 anima,
2934 3173 3016 3229 ita
3036 3176 3101 3228 ut
3145 3170 3279 3242 ipsa
3327 3182 3451 3224 non

50 3264 341 3315 ·συνθετον
365 3267 485 3325 νοῦς
536 3267 625 3315 καὶ
670 3263 825 3335 ψυχὴ
881 3266 912 3323 ἡ
961 3267 1097 3317 κατὰ
1155 3274 1355 3329 τοῦτον,
1403 3270 1474 3329 ὡς
1528 3268 1564 3320 οἱ
1619 3266 1687 3328 δὴ

84 3371 187 3403 και
236 3355 366 3410 αὑτή
435 3356 507 3424 μὴ
562 3351 617 3415 ἐξ
661 3351 834 3404 ἀπλῶν
883 3355 1146 3417 σύνθετον,
1219 3353 1412 3407 ἁπλοῦν
1478 3354 1529 3410 δ’
1611 3361 1688 3416 εἴη

92 3449 272 3513 σῶμα,
305 3442 591 3503 συνθέσεως
636 3440 795 3503 ἄλλης
844 3441 1253 3514 ἀπηλλαγμένον.
1312 3443 1445 3498 Ἀλλ’
1504 3446 1548 3498 εἰ
1600 3466 1692 3501 και

86 3538 270 3598 τοῦτο,
303 3530 421 3583 οὔτε
444 3534 540 3588 τὴν
564 3529 689 3588 ὓλην
717 3533 831 3583 ἴστε
860 3529 1150 3604 δυναμένην
1179 3540 1309 3585 νοεῖν
1336 3536 1533 3587 τιθέναι
1554 3537 1689 3610 (13),

91 3616 366 3691 μέχριςᾶν
387 3618 513 3671 αὐτὸ
543 3615 611 3677 δὴ
639 3618 793 3671 τοῦτο
814 3622 890 3678 εἴη
949 3640 1039 3673 και
1090 3624 1243 3693 μόνον
1295 3621 1416 3691 ὓλη,
1477 3626 1595 3677 οὔτε
1631 3630 1690 3679 τὸ

94 3703 241 3769 εἶδος
284 3707 409 3759 αὐτὸ
467 3702 536 3767 δή
580 3715 734 3761 τοῦτο
789 3728 879 3761 και
933 3714 1086 3782 μόνον
1130 3713 1473 3785 θεωρούμενον
1528 3711 1689 3781 εἶδος,

94 3796 233 3849 ὥστε
256 3793 516 3859 καιαῦθις
540 3795 593 3859 ἕξ
629 3795 858 3855 ἀνοήτων
924 3797 984 3851 ἆν
1042 3806 1163 3862 νοῦς
1218 3802 1319 3858 εἴη’
1374 3799 1402 3853 ὃ
1446 3798 1515 3861 δὴ
1555 3813 1693 3877 πρῶ-

93 3904 187 3938 τον
220 3887 282 3946 ὡς
317 3887 509 3939 ἄτοπον
568 3888 599 3945 ἢ
662 3905 752 3938 και
816 3887 968 3939 ἄνουν
1031 3888 1189 3940 εἰπεῖν
1249 3891 1519 3963 ἐφύγομεν.
1592 3900 1691 3947 Και

91 3979 265 4027 τοίνυν
314 3975 468 4047 ψυχή
519 3975 670 4035 ζῶσα
712 3993 801 4027 και
857 3979 1028 4050 νοερὰ,
1086 3976 1228 4028 οὓσω
1275 3974 1343 4036 δὴ
1388 3997 1477 4031 και
1540 3990 1693 4041 σῶμα

92 4069 200 4116 πᾶν
220 4067 383 4135 φεύγει
415 4068 547 4116 ὥστε
574 4064 716 4115 τοῦτ’
781 4064 929 4134 εἶναι,
990 4084 1081 4117 και
1125 4071 1301 4118 πᾶσαν
1342 4070 1518 4138 φεύγει
1573 4074 1689 4122 σύν·

100 4154 241 4205 θεσιν
276 4152 398 4204 ὥστ’
437 4151 491 4215 ἐξ
543 4152 709 4214 αὐτῆς
762 4150 916 4209 εἶναι.
952 4158 1051 4206 Καί
1116 4158 1225 4226 μὴν
1287 4173 1379 4207 και
1447 4158 1712 4225 Πλωτῖνος

1802 3268 2173 3341 simplicibus
2201 3270 2620 3338 componatur,
2649 3264 2757 3319 sed
2788 3277 3008 3333 corpus
3055 3258 3310 3332 simplex
3356 3258 3448 3325 sit,

1801 3356 1953 3414 alius
1994 3354 2442 3427 compositionis
2479 3368 2716 3425 expers.
2777 3350 2893 3407 Sed
2938 3350 3002 3406 in
3069 3349 3185 3405 hac
3256 3346 3451 3419 hypo-

1800 3446 1975 3517 tbesi,
2000 3461 2195 3517 neque
2220 3444 2534 3501 materiam
2565 3448 2631 3499 ut
2659 3440 2961 3512 cogitandi
2985 3452 3273 3511 capacem
3314 3449 3452 3507 sup-

1800 3552 2024 3610 ponere
2053 3535 2206 3601 licet,
2246 3533 2521 3606 quandiu
2566 3531 2714 3588 nihil
2752 3530 2866 3588 nisi
2899 3530 3038 3602 ipsa
3095 3525 3343 3584 materia
3396 3528 3454 3580 et

1803 3626 2185 3683 solummodo
2198 3623 2449 3680 materia
2469 3622 2574 3689 sit;
2606 3636 2803 3693 neque
2814 3620 3007 3676 forma
3026 3622 3132 3686 est,
3160 3630 3297 3689 quae
3327 3626 3453 3669 non

1801 3715 1915 3771 nisi
1945 3713 2141 3770 forma
2164 3716 2220 3767 et
2250 3709 2632 3768 solummodo
2652 3708 2945 3766 formaad
2990 3701 3451 3776 contemplatio-

1800 3819 1941 3860 nem
1972 3801 2293 3874 pertinens.
2330 3800 2407 3856 ita
2436 3804 2499 3855 ut
2524 3813 2591 3855 ex
2624 3813 2747 3855 non
2775 3794 3243 3865 intelligentibus
3272 3805 3448 3848 mens

1800 3894 1924 3948 ﬁat.
1952 3890 2125 3957 Quod
2155 3904 2299 3945 sane
2320 3889 2583 3959 primum
2616 3891 2679 3942 ut
2717 3884 3051 3942 absurdum
3082 3887 3140 3938 et
3195 3881 3447 3936 demens

1800 3982 1996 4037 dicere
2022 3978 2371 4050 refugimus.
2393 3978 2459 4032 Et
2478 3976 2657 4046 igitur
2680 3974 2886 4031 anima
2901 3972 3108 4027 vivens
3161 3985 3231 4035 ac
3284 3968 3446 4039 cogi-

1801 4075 1935 4126 tans
1954 4066 2345 4141 proculabest
2360 4065 2507 4121 utsit
2534 4079 2755 4136 corpus
2792 4061 3129 4134 quoddam,
3159 4063 3216 4115 et
3240 4056 3448 4131 procul

1801 4160 1975 4215 abest
2000 4161 2066 4212 ut
2089 4154 2357 4229 quadam
2394 4152 2827 4226 compositione
2839 4149 3279 4208 eﬂormetur.Et
3299 4161 3445 4203 sane

1467 4278 1692 4352 Variae
1739 4274 2092 4351 lectiones.

174 4417 197 4452 ⁸
219 4416 659 4471 ἀναϐιώσεσεσθαι
679 4416 848 4474 Vind.
873 4420 892 4454 ⁷
915 4437 969 4470 τε
997 4418 1140 4474 add.
1172 4422 1297 4477 Vat.
1326 4422 1347 4457 ⁸
1363 4428 1424 4473 ἄν
1444 4422 1583 4481 add.
1609 4427 1689 4481 Va.

1884 4428 1953 4476 τὰ
1977 4426 2131 4475 λοιπὰ
2154 4423 2326 4474 πάντα
2342 4422 2409 4473 τὰ
2433 4419 2483 4471 ἐν
2517 4438 2572 4476 σ.
2602 4420 2728 4475 Vat.
2760 4420 2806 4452 ¹⁰
2827 4437 2917 4469 και
2936 4415 3106 4473 abest
3127 4431 3165 4472 a
3210 4415 3344 4472 Vat.
3400 4415 3441 4448 ¹¹

96 4496 199 4541 τῶν
214 4504 327 4545 non
358 4496 445 4546 est
465 4490 527 4545 in
554 4489 681 4554 Vat,
718 4492 762 4525 ¹²
786 4491 967 4553 πάσης
988 4496 1138 4549 νοήσ.
1174 4493 1299 4549 Vat.
1335 4494 1379 4528 ¹⁴
1405 4493 1440 4544 ἀ
1469 4491 1537 4553 δὴ
1568 4498 1689 4553 Vat.

1876 4518 1907 4547 ιν
1935 4526 2008 4538 --
2039 4494 2209 4547 πάντα
2239 4491 2483 4549 omnisit
2512 4493 2638 4545 Vat.

1662 4598 1877 4671 Notae.

172 4711 274 4782 (10)
294 4712 381 4787 Sic
398 4711 579 4787 etiam
606 4711 898 4787 inAVatic”
918 4710 1197 4787 nisiforte
1232 4713 1438 4769 vitium
1466 4715 1687 4780 subest,
1722 4727 1766 4779 D
1798 4718 1929 4787 ipsa
1959 4716 2176 4786 species
2203 4714 2276 4770 sit
2305 4714 2666 4770 solummodo
2689 4714 2919 4787 species
2949 4713 3028 4768 ad
3060 4710 3447 4787 contempla-

99 4786 172 4839 ut
216 4784 491 4856 scriptum
530 4781 704 4839 fuerit
731 4786 883 4856 napa‘t
916 4790 1018 4835 πᾶν
1059 4814 1132 4824 -
1179 4786 1314 4836 θεῖτο
1365 4803 1378 4853 ;

100 4854 463 4910 locutio’est.
519 4856 599 4910 Ex
632 4854 1025 4910 Demosthene
1085 4856 1329 4912 advers.
1386 4858 1684 4917 Artstocr.

104 4928 209 5008 66ft
231 4924 473 5008 laudant
502 4926 924 5008 grammatici:
956 4930 1087 5008 πρὸς
1115 4930 1173 4978 τὸ
1215 4927 1385 4989 καλῶς
1432 4928 1554 5001 ἓχον
1611 4935 1687 4983 τί-

107 4998 301 5053 εσθαίθ.
333 4995 621 5061 Quocirca
667 4995 748 5053 nil
784 4995 1030 5053 mutavi.

176 5070 217 5138 (1
232 5068 278 5126 1)
297 5068 606 5139 fugantur
632 5068 693 5122 in
716 5068 992 5139 margine
1012 5073 1069 5122 et
1084 5067 1167 5123 sic
1189 5070 1313 5123 Vat.
1333 5075 1509 5139 recte.

180 5136 281 5211 (12)
305 5136 847 5213 ΒΙοῐοιιροᾳωηνιά.
872 5139 1097 5213 Ρωοὺ.
1137 5155 1177 5209 p
1220 5212 1229 5213 ί
1265 5144 1341 5213 [2,
1371 5136 1433 5205 (1,
1472 5141 1684 5213 Steph.

160 5209 306 5282 (211-
329 5209 451 5281 Bip.
494 5209 738 5282 Epistol.
770 5213 833 5265 X1
864 5210 971 5266 ﬁn.
1016 5226 1078 5282 p.
1145 5212 1243 5265 169
1280 5210 1408 5282 Bip.
1452 5209 1680 5268 Julian.

162 5285 259 5335 rat.
289 5280 333 5335 Il
356 5280 529 5352 p.57.
564 5283 631 5336 lll
664 5281 790 5352 _lH
834 5280 1201 5352 ,Spanbem.‘
1232 5291 1288 5337 et
1332 5280 1516 5352 hujus
1561 5292 1683 5339 not.

108 5351 189 5426 ad
206 5350 913 5426 Aristoph.Scbo_l.Nubbl
938 5354 1064 5419 £86,
1092 5350 1232 5408 coll.
1255 5350 1583 5426 interprett.
1609 5354 1689 5411 ad

110 5421 346 5494 Mesyeh.
382 5421 420 5485 Ῑ,
455 5425 559 5477 386
582 5422 803 5494 Albert.

182 5492 279 5566 (l3)
306 5496 503 5566 Neque
535 5493 785 5549 materia
835 5492 980 5566 poni
1031 5496 1229 5566 potest
1285 5499 1576 5566 tanquam
1615 5511 1687 5552 ea

112 5564 239 5644 qua:
250 5564 710 5644 cogitarequeat,
738 5564 1009 5644 quandiu
1035 5564 1439 5644 (_s.quou_sque
1463 5568 1552 5622 m'l
1571 5568 1689 5623 nisi

112 5634 234 5710 ipsa
246 5634 486 5710 materia
498 5634 551 5691 e2
573 5634 941 5710 solummodo
956 5634 1293 5710 materiasit
1318 5634 1542 5709 :heque
1554 5652 1657 5710 spe
1671 5670 1681 5677 -

116 5704 225 5767 citas
254 5704 560 5787 (tanquam
572 5705 845 5780 cogitans
874 5710 1068 5785 potest
1076 5704 1242 5782 poni)
1254 5720 1392 5783 quae
1418 5704 1540 5769 rion
1571 5704 1688 5766 nisi

1434 4789 1693 4845 tenenda
1801 4781 2023 4843 tionem
2054 4787 2378 4859 pertinens.
2417 4807 2544 4859 s—
2572 4781 2915 4841 Tenendum
2956 4782 3149 4859 rarius
3201 4781 3444 4859 miad-

1793 4860 2018 4939 jectum
2056 4854 2341 4939 'l‘ormulaa
2399 4857 2524 4908 αὐτὸ
2581 4864 2732 4939 τοῦτο
2788 4874 2965 4939 μονον.
3022 4854 3181 4939 Plato
3233 4854 3443 4939 'Qorg.

1798 4919 1856 5003 ᾗ
1894 4932 1994 4986 182
2024 4947 2036 4983 :
2066 4929 2187 4981 Ὀτι
2214 4936 2306 4981 εῖεν
2338 4919 2803 5003 παρασκευαὶῃαῖ
2854 4929 2942 4997 μὲν
2982 4928 3169 5003 μέχρις
3224 4919 3443 5003 ἧτίξονῆἐε,

1797 4994 1924 5054 αὐτό
1973 5009 2126 5072 τοῦτο
2184 5004 2335 5072 μόνον
2388 4994 2913 5070 τὲαρασκευάζουσαι.
2968 4994 3178 5072 ﬁliam.
3362 4994 3442 5048 Η.

1797 5074 1887 5140 ΙΙΙ,
1934 5077 1995 5127 l7
2054 5088 2066 5126 :
2105 5062 2194 5123 'H'
2224 5070 2349 5141 αὐτὸ
2389 5062 2541 5141 τοῦτο
2602 5072 2754 5141 μόνον
2794 5072 2888 5126 τὴν
2955 5062 3189 5118 διάνοιαν
3216 5135 3231 5141 _
3256 5067 3444 5137 ἁγαθοὶ

1795 5135 2076 5215 γενόμενοι.
2118 5140 2477 5215 Deisolemni
2504 5135 2762 5215 formula
2792 5135 3238 5215 vid._T9up._ad
3290 5135 3445 5191 Lon-

1796 5208 1923 5284 gini
1951 5217 2165 5281 Fragg.
2194 5214 2260 5284 V7,
2291 5212 2487 5284 p.396
2517 5208 2930 5284 ;_Eischer._ad
2957 5208 3230 5284 .E_schin._
3270 5224 3343 5284 s._
3387 5223 3444 5268 ν.

1797 5278 1975 5353 αὐτὸς,
2005 5278 2442 5357 ibiquelaudd.
2477 5281 2626 5357 add.
2655 5279 2933 5357 Schaefer:
2959 5278 3038 5357 ad
3073 5278 3278 5357 Lamb.
3301 5279 3442 5357 _Bos.

1794 5350 2015 5424 Eltip's.
2047 5350 2266 5427 pf368,
2301 5352 2432 5427 coll.
2488 5350 2789 5427 Heindorf.
2832 5350 2947 5427 _ad_
2976 5352 3164 5427 Gorg._
3217 5354 3255 5427 ζ,
3300 5351 3338 5404 ι.
3369 5354 3447 5427 _et

1794 5417 2028 5482 Astfad
2050 5417 2287 5482 'Platon.
2311 5426 2489 5495 Legg.
2525 5441 2584 5496 p.
2612 5425 2707 5496 27.
2732 5417 3331 5496 lnsignioreni‘igitur
3362 5417 3447 5496 fe-

1796 5500 1875 5553 cit
1900 5497 2226 5553 Nathanael
2257 5497 2316 5551 h.
2350 5490 2874 5552 lfabtindantiam'
2899 5508 3023 5564 qua
3042 5490 3321 5564 adjicitur
3385 5491 3449 5564 in

1796 5569 2195 5640 eailocutione
2220 5572 2373 5640 μόνον
2404 5584 2418 5622 :
2454 5582 2531 5623 an
2577 5561 3022 5640 elegantiorem,
3050 5561 3177 5640 ipSe
3212 5561 3446 5640 viderit,

1795 5639 1957 5768 Lnga
1985 5645 2189 5696 tamen
2215 5632 2600 5695 communem
2620 5632 2939 5701 locutionis
2972 5632 3225 5695 modum
3255 5634 3449 5709 sequi-
