3932 6326
65 325 231 394 ΗΟΟ

158 459 240 534 β’·
273 461 419 518 Τίνος
459 455 651 516 ταύτης
681 473 740 516 ης
779 463 877 528 φῃς
911 453 1052 517 ζωῆς
1099 453 1129 512 ἦ
1179 450 1336 524 ψυχὴ
1397 442 1693 524 μεταδίδω-
1728 451 1774 504 Α

70 569 174 604 σιν
206 567 222 619 ;
255 549 420 610 αὐτῆς
450 545 665 614 ἐκείνης,
697 546 727 606 ἦ
763 541 830 604 δὴ
855 549 944 597 καὶ
983 551 1046 617 τῇ
1087 543 1136 579 ³⁸
1166 541 1322 615 ψυχῇ
1367 536 1459 594 διὰ
1504 539 1694 597 παντὸς

67 644 182 694 καὶ
223 639 418 700 ἄλυπος
459 638 506 673 ﬂ
562 638 822 705 σύνεστιν,
861 633 891 694 ἢ
940 633 1112 709 ἔτέραν
1163 635 1309 703 παρὰ
1364 631 1558 687 ταύτην
1606 626 1692 680 λί-

69 749 198 803 ysi;
230 725 360 782 εἶναι
389 731 484 786 τὴν
521 723 575 778 ἑκ
603 724 791 797 ψυχῆς
849 719 1268 796 μεταδιδομένην
1315 728 1389 792 τῷ
1439 723 1645 790 σώματι
1678 730 1692 784 ;

74 819 154 872 Εἰ
193 821 286 892 μὶν
309 819 411 890 γὰρ
443 823 534 876 τῆς
581 814 770 874 οἰκείας
806 813 942 874 ζωῆς
1001 813 1031 870 ἡ
1091 809 1246 883 ψυχὴ
1310 803 1692 881 μεταδίδωσιν,

79 907 356 962 ἀθανάτου
411 908 609 968 ταύτης
676 909 858 974 οὔσης,
919 900 1004 957 δεῖ
1054 907 1144 956 καὶ
1204 903 1270 954 τὰ
1329 900 1698 974 μετεσχηκότα

82 1004 318 1074 σώματα
348 1002 434 1052 τόν
478 999 593 1049 ἴσον
623 999 814 1070 χρόνον
845 995 942 1068 ζῇν
979 1013 1070 1046 και
1100 988 1272 1046 ἀίδιον
1321 1007 1336 1022 ’
1389 989 1433 1042 εἰ
1464 984 1513 1040 δ’
1567 983 1694 1042 ἄλλη

79 1092 187 1162 μιν
211 1089 396 1161 ψυχῆς
452 1088 580 1156 ζωὴ,
615 1084 741 1143 ἄλλη
798 1079 849 1137 δ’
917 1082 1086 1144 ἁπλῶς
1117 1083 1262 1143 ζώων
1308 1080 1378 1149 ³ο,
1405 1077 1550 1134 καιή
1608 1077 1698 1148 μεν

81 1178 265 1232 αὐτῶν
334 1178 526 1230 τούτων
574 1175 741 1249 φθορᾷ
806 1173 1164 1238 συνέζευκται,
1223 1169 1408 1242 ψυχῆς
1474 1162 1533 1219 δε
1593 1164 1698 1226 ζωὴ

86 1268 269 1326 πάντη
338 1265 636 1340 ἀνώλεθρος,
684 1271 795 1326 πῶς
843 1261 869 1315 ὃ
913 1266 984 1332 μὴ
1041 1263 1181 1314 ἔστιν
1235 1259 1364 1331 αὐτῇ
1415 1264 1479 1330 τῇ
1541 1253 1695 1326 ψυχῇ

86 1357 247 1420 ζωῆς
301 1351 461 1423 εἶδος,
505 1353 730 1428 φθαρτόν
786 1359 1014 1426 χορηγεῖ
1081 1357 1192 1411 τοῖς
1245 1361 1542 1420 σωμασιν;
1598 1347 1700 1397 Καί

86 1451 207 1520 μὴν
251 1445 295 1498 εἰ
342 1463 432 1497 και
477 1449 629 1496 τοῦτο
713 1437 957 1506 δύναται,
1017 1439 1173 1512 ψυχὴ
1230 1437 1498 1498 ἀθανατως
1551 1434 1702 1495 ζῶσα

90 1536 336 1610 φθαρτῆς
381 1528 511 1585 εἶναι
561 1527 804 1589 δηλονότι
845 1533 1093 1588 ποιητικὴ
1156 1525 1389 1595 ζωῆς-⁸⁸,
1419 1529 1560 1584 τίνος
1587 1522 1701 1595 χά-

81 1641 182 1698 ριν
211 1621 290 1676 ἐπί
322 1625 389 1674 τὰ
415 1627 636 1695 σώματα
689 1627 968 1686 κατιοῦσα,
1028 1619 1122 1677 ἧκε
1175 1613 1225 1670 δ’
1280 1617 1412 1668 ὥστε
1456 1632 1546 1666 και
1607 1615 1700 1684 ζῇν

84 1710 236 1765 αὐτὰ
263 1718 486 1770 ποιῆσαι
514 1729 604 1762 και
658 1717 950 1782 κοσμῆσαι,
985 1707 1043 1760 οὗ
1082 1714 1173 1759 τοῦ
1199 1710 1487 1782 κρείττονος
1530 1697 1700 1762 εἴδους

1299 323 1464 382 Αῡν.
1489 306 1838 379 PLOTINUM
1865 313 1957 376 DE
1984 317 2243 383 ΑΝΙΜΑε

3317 321 3454 377 {HO

1879 432 1929 499 5‘.
1955 444 2242 512 Quaenam
2270 449 2358 503 est
2386 441 2511 502 haec
2556 441 2682 501 vita
2727 442 2920 515 cujus,
2965 445 3031 500 ut
3053 440 3224 515 dicis,
3250 443 3455 502 anima

1804 550 2023 609 corpus
2052 536 2231 594 efﬁcit
2257 535 2556 610 particeps
2581 536 2609 591 ?
2625 532 2807 590 lllane
2828 536 2917 590 est
2940 548 3073 606 quae
3096 533 3310 590 animae
3339 535 3455 608 ipsi

1805 641 2043 699 semper
2063 632 2118 684 et
2147 627 2370 684 doloris
2403 640 2615 698 expers
2665 624 2839 692 inest,
2873 639 2952 679 an
2983 623 3164 680 aliam
3191 639 3325 681 esse
3367 625 3456 682 di-

1806 716 1891 772 cis
1919 732 2054 773 eam
2088 733 2274 791 quam
2319 716 2524 774 anima
2555 713 2792 788 corpori
2846 713 3080 770 tradit?
3114 716 3170 771 Si
3201 714 3454 788 propriae

1807 804 1920 860 sibi
1950 805 2084 861 vitae
2110 805 2316 862 anima
2345 821 2564 878 corpus
2592 803 2774 860 efﬁcit
2819 803 3139 875 particeps,
3158 819 3298 860 cum
3319 804 3456 876 ipsa

1808 895 1883 949 sit
1919 894 2293 966 immortalis,
2337 897 2573 967 oportet
2626 896 2684 949 et
2737 891 3154 965 participantia
3201 908 3457 966 corpora

1805 981 1968 1038 idem
1999 987 2235 1056 tempus
2255 989 2312 1038 et
2337 984 2398 1038 in
2432 986 2722 1039 aeternum
2760 981 2981 1037 vivere.
3021 980 3078 1035 Si
3109 986 3306 1037 autem
3339 981 3457 1039 alia

1809 1076 1896 1129 est
1924 1073 2142 1128 animae
2163 1073 2304 1144 vita,
2345 1077 2400 1128 et
2459 1071 2574 1127 alia
2629 1069 2976 1143 simpliciter
3032 1069 3452 1140 animantium,

1809 1177 1879 1218 ac
1915 1177 1984 1218 ea
2019 1161 2266 1234 quidem
2305 1159 2705 1217 animantium
2763 1159 3127 1231 corruptioni
3165 1159 3454 1232 subjacet,

1809 1251 2027 1307 animae
2063 1265 2205 1306 vero
2236 1250 2354 1306 vita
2383 1249 2632 1306 omnino
2679 1253 2772 1304 est
2794 1247 3276 1321 incorruptibilis,
3304 1265 3456 1322 quo-

1809 1339 1995 1396 modo
2014 1355 2146 1412 quae
2178 1355 2300 1395 non
2347 1343 2437 1394 est
2480 1337 2698 1395 animae
2754 1337 2883 1394 vitae
2931 1337 3147 1406 forma,
3171 1353 3306 1394 eam
3331 1352 3458 1394 cor-

1808 1427 2153 1501 ruptibilem
2181 1428 2536 1501 corporibus
2553 1426 2777 1500 praebet
2797 1426 2824 1482 ?
2863 1426 2932 1482 Et
2949 1426 2996 1481 si
3013 1425 3073 1481 id
3085 1441 3327 1500 quoque
3347 1441 3457 1500 po-

1811 1523 1942 1589 test,
1962 1519 2012 1574 si
2033 1519 2194 1576 valet
2215 1519 2417 1575 anima
2438 1516 3156 1589 immortalivitapraedita
3173 1517 3460 1590 corrupti-

1811 1608 1992 1664 bilem
2013 1608 2196 1664 vitam
2215 1607 2682 1671 communicare,
2712 1621 2898 1679 quare
2918 1605 2996 1662 ad
3019 1621 3270 1679 corpora
3286 1606 3463 1662 deve-

1809 1697 2004 1754 niens.
2027 1697 2267 1754 devenit
2295 1701 2496 1753 autem
2526 1701 2684 1751 utea
2735 1694 2931 1751 vivere
2972 1694 3152 1752 faciat
3183 1699 3238 1752 et
3266 1699 3459 1764 ornet,

79 1801 306 1875 ψυχῆς,
328 1809 422 1855 τοῦ
472 1797 531 1854 δι
573 1815 808 1875 χειρονος
857 1793 1190 1872 μετέδωκεν;
1245 1795 1328 1854 ἤτ’
1370 1795 1476 1870 ἄρα
1531 1793 1696 1865 φθόνῳ

1879 1802 1933 1841 ιη
1958 1786 2220 1842 melioris
2249 1785 2464 1842 animae
2480 1783 2814 1852 formae,sed
2830 1783 3124 1840 inferioris
3138 1799 3210 1840 ea
3229 1784 3458 1857 partici.

79 1894 302 1954 πάντως
358 1893 507 1966 ἂρεῖς,
567 1889 596 1949 ἣ
649 1890 730 1942 ὅτι
783 1887 840 1941 ού
903 1891 962 1940 τό
1018 1894 1251 1962 κρεῖττον
1319 1903 1408 1936 και
1469 1883 1696 1956 ἄμεινον,

79 1979 258 2034 ἐκεῖνο
285 1975 345 2033 δι
374 1977 565 2052 μᾶλλον
590 1981 651 2030 τὸ
712 1977 761 2013 ⁸³
817 1997 907 2030 και
941 1975 1154 2052 ἀχρεῖον
1211 1969 1498 2032 δεδύνηται
1527 1992 1540 2006 ο
1589 1969 1699 2023 ἀλλ’

82 2072 142 2123 εἰ
187 2073 247 2123 τὸ
299 2067 526 2143 πρῶτον,
577 2075 683 2129 πῶς
749 2065 810 2119 ἂν
859 2067 960 2132 εἴη,
1009 2064 1216 2138 ἀγαθῆς
1283 2065 1478 2124 ταύτης
1533 2063 1701 2122 οὔσης

82 2178 189 2212 και
242 2157 414 2231 ἀγαθά
479 2176 597 2210 τινα
647 2153 845 2230 πρᾶξαι
913 2154 1318 2229 βεϐουλημένης,
1358 2155 1477 2228 περί
1531 2149 1566 2203 ἃ
1611 2169 1701 2203 και

89 2249 466 2325 προεθυμήθη,
520 2246 615 2300 οὐκ
676 2245 728 2310 ἐξ
789 2245 1017 2318 ἀνάγκης
1085 2241 1151 2304 δή
1208 2262 1346 2305 τινος
1397 2247 1488 2295 καὶ
1555 2239 1698 2314 βίας,

89 2335 214 2392 ἀλλ’
244 2339 378 2392 ὥστε
419 2336 566 2390 ταῦτ’
598 2331 652 2388 εὖ
691 2335 739 2371 ³³
777 2343 999 2395 ποιῆσαι
1068 2338 1157 2387 καὶ
1224 2333 1458 2400 ζωῶσαι,
1523 2333 1702 2405 φθονε-

43 2420 46 2422 ’
99 2435 209 2504 pa;
275 2434 426 2500 σχεῖν
487 2429 578 2478 καὶ
637 2428 731 2484 τὴν
795 2426 990 2477 τούτων
1053 2430 1222 2497 τεμεῖν
1293 2426 1384 2474 καὶ
1450 2429 1706 2474 στενῶσαι

97 2515 248 2577 ζωήν
281 2528 295 2583 ;
337 2515 381 2567 εἱ
413 2511 465 2568 δ’
504 2515 584 2567 ὅτι
623 2513 717 2567 ούκ
769 2509 830 2572 ἣν
867 2513 1026 2574 αὐτῆς
1064 2521 1155 2574 τῆς
1208 2511 1391 2584 ψυχῆς
1445 2512 1704 2564 ἀθανάτου

96 2609 199 2659 καὶ
237 2603 316 2658 ἀεὶ
373 2604 547 2665 ζώσης
606 2607 700 2662 τὴν
752 2605 873 2661 ῖσην
939 2607 1028 2656 καὶ
1086 2610 1191 2664 τοῖς
1247 2600 1420 2664 ἄλλοις
1479 2600 1709 2675 ἁρμόσαι

102 2693 275 2759 ζωὴν,
322 2696 506 2746 σκόπει
535 2690 731 2766 μήποτ’
761 2692 865 2765 οὐχ
931 2692 1160 2768 ἁρμόζον
1207 2696 1296 2744 καὶ
1340 2690 1484 2744 τοῦθ’
1525 2692 1710 2764 ὁμοίως

95 2786 184 2842 εῖη
249 2785 366 2859 περὶ
445 2785 643 2844 ταύτης
718 2781 895 2836 εἰπεῖν.
948 2781 1008 2835 Εἰ
1061 2785 1163 2855 γὰρ
1239 2785 1311 2854 μή
1372 2787 1463 2834 τοῦ
1520 2780 1710 2833 οἰκείου

95 2877 298 2944 πέφυκε
352 2866 698 2946 μεταδιδόναι
746 2871 815 2939 ³⁸,
874 2878 983 2933 πῶς
1034 2875 1227 2944 πέφυκε
1272 2877 1365 2923 τοῦ
1419 2869 1710 2959 ἀλλοτρίου,

97 2963 191 3014 ἶνα
229 2965 298 3034 μή
358 2968 450 3014 τοῦ
500 2959 730 3014 ἔναντίου
790 2959 940 3032 λέγω,
982 2961 1120 3036 εἴπερ
1172 2957 1241 3019 δὴ
1303 2958 1505 3012 ἐναντία
1545 2957 1712 3036 φθαριὲ

103 3053 199 3103 τόν
229 3055 318 3103 καὶ
367 3051 649 3127 ἄφθαρτον,
717 3051 972 3103 ἀθάνατον
1002 3055 1091 3102 καὶ
1141 3051 1360 3117 θνητόν;
1406 3052 1470 3102 Τί
1511 3047 1569 3102 δὲ
1623 3070 1712 3102 και

94 3146 309 3213 γνοῦσα
340 3145 448 3201 τοῖς
483 3142 572 3212 μεν
623 3137 794 3212 ὀλίγον
825 3139 872 3174 ³⁸
903 3143 1095 3214 χρόνον
1135 3137 1414 3214 ἀπεμέρισε
1445 3146 1535 3192 τοῦ
1593 3139 1710 3212 ζῇν,
1744 3180 1783 3236 C

98 3236 221 3292 τοῖς
250 3225 308 3282 δε
358 3228 560 3298 πλείω;
605 3228 666 3283 Εἰ
721 3231 811 3302 μεν
863 3231 963 3304 γὰρ
1023 3230 1146 3304 πρὸς
1203 3227 1384 3304 ἀρετὴν
1444 3227 1714 3302 βλέπουσα

97 3337 198 3370 και
249 3320 434 3370 κακίαν
473 3313 608 3370 ούτω
674 3313 740 3376 δὴ
793 3321 884 3370 καὶ
941 3320 999 3370 τό
1047 3317 1142 3390 ζῇν
1197 3323 1376 3391 μετρεῖ
1428 3319 1558 3390 (16),
1604 3324 1714 3382 τοῖς

99 3409 201 3482 μεν
230 3406 310 3459 ἵνα
342 3406 500 3460 πλείω
555 3408 937 3482 κατορθώσωσι
997 3405 1064 3459 τὰ
1128 3404 1316 3480 βελτίω
1365 3410 1719 3482 προαιρουμίε

96 3515 220 3558 νοις
243 3500 331 3548 καὶ
385 3493 542 3548 πλείω
597 3500 828 3570 νέμουσα
880 3498 970 3554 τὴν
1021 3497 1180 3559 ζωὴν,
1230 3505 1330 3548 τῶν
1371 3492 1421 3550 δ’
1477 3495 1560 3550 ἵνα
1606 3516 1712 3572 τρε·

100 3589 313 3660 χόντων
357 3583 439 3637 ἐπὶ
493 3585 559 3637 τὰ
623 3589 789 3658 χείρω
839 3581 978 3658 κόψῃ
1033 3588 1120 3637 τόν
1179 3581 1392 3660 δρόμον,
1445 3591 1717 3640 κόπτουσα

104 3679 204 3728 καὶ
231 3678 342 3743 (17)
389 3677 478 3727 τόν
517 3680 609 3726 τοῦ
641 3677 834 3750 χρόνου
861 3681 952 3735 τῆς
984 3675 1123 3736 ζωῆς
1176 3671 1371 3751 δρόμον
1418 3676 1486 3743 ³⁸,
1519 3678 1715 3728 τούτων

104 3782 169 3817 τε
224 3761 468 3816 κάκείνων
519 3757 659 3815 ἰδίαν
699 3758 872 3837 ὥσπερ
953 3767 1042 3815 καὶ
1098 3769 1266 3836 χωρὶς
1333 3759 1571 3818 διάθεσιν
1626 3768 1716 3817 καὶ

105 3854 322 3910 κίνησιν
359 3852 504 3925 παρὰ
541 3858 632 3912 τῆς
659 3851 704 3886 ³⁷
732 3850 921 3924 ψυχῆς
972 3849 1196 3922 ἐχόντων
1227 3871 1240 3885 ο
1270 3851 1376 3904 ἀλλ’
1432 3850 1539 3912 ἤδη
1592 3854 1716 3930 ὁρῶ-

109 3959 208 4014 μεν
247 3938 465 4001 πολλοὺς
503 3939 593 4013 μεν
650 3947 750 3991 τῶν
802 3948 974 3992 κακῶν
1022 3946 1111 3992 καὶ
1155 3943 1290 3992 πάνυ
1330 3960 1380 3992 τι
1441 3942 1488 3976 ³⁸
1523 3951 1712 4010 κακῶν,

108 4031 252 4084 πάνυ
277 4048 328 4081 τι
357 4029 482 4070 ³⁹-⁸⁶
508 4033 598 4081 καὶ
630 4029 846 4097 ζῶντας,
910 4028 1127 4092 πολλούς
1183 4026 1233 4081 δ’
1265 4027 1418 4104 ἀρετῇ
1474 4049 1717 4105 προσκει-

107 4120 320 4193 μένους,
375 4117 422 4170 ἰν
479 4115 682 4192 βραχεῖ
711 4137 814 4170 τινι
869 4123 1044 4192 χρόνῳ
1082 4119 1192 4192 ἅμα
1239 4137 1294 4172 τε
1340 4127 1432 4172 τοῦ
1486 4121 1582 4193 ζῇν
1629 4125 1723 4173 καὶ

107 4216 209 4268 τῆς
250 4209 368 4282 περὶ
421 4209 489 4259 τὰ
555 4207 689 4259 καλὰ
756 4204 996 4269 σπουδῆς
1062 4211 1438 4281 πεπαυμένους.
1491 4207 1719 4282 Ὀρῶμεν

112 4293 180 4349 δὲ
215 4295 258 4330 ⁸⁷
287 4298 520 4356 καὶτοὺς
547 4301 706 4368 μήπω
743 4295 951 4358 ἡλικίας
1006 4295 1322 4369 ἁψαμένους,
1366 4301 1482 4371 περὶ
1535 4295 1720 4372 ἀρετῆς

113 4381 272 4439 οὐδὲν
297 4389 428 4458 μήτε
452 4389 636 4446 κακίας
693 4381 898 4447 εἰδότας
937 4385 1006 4452 ³⁸,
1077 4384 1255 4459 ἀώρως
1303 4386 1436 4439 οὕτω
1493 4396 1584 4440 τοῦ
1625 4388 1720 4461 ζῇν

113 4473 420 4541 ἑκστοὶντας,
467 4475 604 4527 καὶὸ
652 4473 800 4543 λόγος
856 4473 1120 4526 κάνταῦθα
1165 4477 1298 4536 τίνος
1355 4476 1518 4542 ἕνεκα,
1574 4475 1716 4530 εἰκό-

1809 1875 2016 1948 pantia
2039 1874 2230 1930 effecit
2251 1874 2278 1930 7
2309 1875 2425 1929 Aut
2445 1872 2675 1929 invidia
2700 1873 2950 1929 omnino
2978 1872 3160 1939 dices,
3189 1877 3292 1930 aut
3319 1873 3465 1946 quia

1807 1978 1931 2019 non
1962 1962 2161 2034 majus
2189 1968 2242 2018 tc
2264 1961 2498 2031 melius,
2537 1962 2641 2016 sed
2671 1960 2818 2016 illud
2858 1961 3060 2017 minus
3082 1965 3139 2017 et
3163 1961 3334 2034 pejus
3361 1976 3466 2034 po-

1808 2050 1937 2106 tuit.
1981 2050 2095 2107 Sed
2128 2049 2387 2122 siprius,
2434 2047 2745 2121 quomodo
2802 2046 2869 2104 fit
2929 2052 2994 2104 ut
3049 2048 3272 2120 anima,
3324 2065 3465 2105 cum

1808 2139 1970 2197 bona
1992 2139 2066 2196 sit
2096 2142 2154 2196 et
2185 2137 2411 2211 aliquid
2439 2137 2585 2194 boni
2629 2139 2912 2209 praestare
2969 2137 3108 2194 velit
3138 2137 3207 2192 iis
3235 2137 3298 2194 in
3326 2153 3461 2210 quae

1811 2227 2077 2284 studium
2103 2227 2304 2294 habet,
2335 2241 2457 2283 non
2480 2242 2552 2283 ex
2589 2225 2941 2282 necessitate
2968 2230 3023 2282 et
3050 2226 3130 2295 vi,
3155 2225 3361 2282 invida
3391 2226 3466 2283 sit

1812 2317 2163 2389 earuimque
2185 2315 2368 2373 vitam
2401 2318 2559 2371 secet
2579 2329 2648 2372 ac
2665 2314 2901 2371 minuat
2927 2314 2954 2370 ?
2976 2314 3034 2371 Si
3065 2319 3286 2383 autem,
3319 2314 3465 2388 quia

1812 2421 1936 2462 non
1965 2410 2161 2478 potest
2208 2405 2414 2461 anima
2480 2408 2536 2460 et
2599 2403 2953 2460 immortalis
3019 2407 3073 2460 et
3112 2417 3350 2478 semper
3377 2405 3464 2460 vi-

1813 2510 1983 2567 vens,
2022 2494 2317 2568 aequalem
2362 2498 2420 2551 et
2475 2493 2605 2551 aliis
2662 2494 2847 2550 vitam
2904 2492 3274 2566 dispensare,
3326 2493 3465 2551 vide

1818 2600 1892 2641 ne
1919 2599 2040 2641 non
2066 2599 2402 2655 congruum
2432 2583 2507 2640 sit
2556 2583 2672 2640 hoc
2697 2581 2772 2639 de
2808 2581 2911 2639 illa
2961 2582 3176 2638 dicere.
3209 2583 3266 2640 Si
3304 2583 3465 2640 enim

1816 2674 2130 2749 proprium
2145 2672 2566 2731 transfundere
2578 2677 2857 2746 nequeat,
2875 2672 3186 2745 quomodo
3198 2673 3390 2746 possit
3403 2672 3467 2729 id

1819 2764 2050 2821 tradere
2074 2763 2240 2836 quod
2261 2762 2374 2836 ipsi
2397 2767 2749 2818 extraneum
2775 2765 2880 2834 est,
2908 2777 2984 2818 ne
3012 2761 3211 2818 dicam
3237 2765 3468 2821 contra-

1817 2854 1996 2921 rium,
2061 2853 2360 2926 siquidem
2413 2852 2714 2908 contraria
2781 2855 2922 2907 sunt
2981 2851 3362 2925 corruptibile
3412 2857 3470 2911 et

1821 2942 2292 3015 incorruptidile,
2317 2941 2651 2998 immortale
2675 2946 2730 2997 et
2759 2941 3008 2998 mortale
3032 2942 3062 2998 ‘1
3082 2942 3235 3008 Quid
3266 2947 3470 3000 autem

1821 3032 2090 3105 cogitans
2117 3031 2246 3087 aliis
2267 3031 2513 3104 quidem
2529 3034 3036 3102 parvumtempus
3056 3031 3312 3098 vivendi,
3337 3031 3467 3088 aliis

1821 3121 2058 3192 longius
2080 3119 2450 3193 impertivit?
2479 3121 2532 3177 Si
2556 3119 2714 3175 enim
2745 3119 2825 3175 ad
2851 3119 3131 3176 virtutem
3161 3119 3473 3177 attendens

1823 3216 1881 3267 et
1901 3209 2191 3266 malitiam
2221 3209 2302 3266 ita
2326 3209 2506 3265 vitam
2539 3209 2778 3264 metitur
2797 3207 2924 3264 aliis
2945 3208 3190 3281 quidem
3221 3208 3473 3266 meliora

1825 3299 2204 3372 eligentibus,
2226 3313 2348 3372 quo
2379 3296 2554 3371 plura
2580 3302 2737 3354 recte
2758 3297 3001 3364 faciant,
3023 3297 3353 3368 longiorem
3373 3299 3474 3354 tri-

1823 3391 2016 3447 buens
2047 3389 2252 3458 vitam,
2273 3388 2527 3444 aliorum
2551 3392 2750 3444 autem
2778 3387 2853 3444 ad
2884 3387 3093 3460 pejora
3108 3389 3472 3445 currentium

1823 3486 1890 3538 ut
1919 3495 2162 3537 cursum
2185 3484 2359 3544 secet,
2389 3493 2599 3535 secans
2629 3483 2686 3533 et
2721 3476 2856 3533 vitre
2891 3478 3174 3550 temporis
3203 3494 3468 3546 cursum,

1823 3571 1916 3626 his
1939 3575 1994 3627 et
2030 3570 2142 3626 illis
2171 3569 2479 3643 propriam
2505 3568 2679 3642 quasi
2731 3583 2801 3624 ac
2845 3573 3182 3640 separatam
3215 3568 3473 3641 disposi-

1826 3660 2044 3716 tionem
2062 3664 2118 3715 et
2137 3664 2367 3715 motum
2385 3657 2540 3715 ultra
2569 3658 2786 3714 animae
2813 3663 3047 3714 motum
3067 3657 3429 3714 habentibus
3456 3673 3470 3726 ;

1821 3749 1950 3821 jam
1986 3750 2256 3804 videmus
2285 3747 2507 3804 multos
2557 3747 2802 3819 quidem
2851 3745 3146 3802 malorum
3192 3751 3249 3804 et
3294 3748 3474 3804 etiam

1826 3837 2248 3910 pessimorum,
2297 3836 2398 3892 diu
2483 3835 2765 3891 viventes.
2827 3835 3047 3890 multos
3089 3850 3231 3892 vero
3275 3835 3474 3893 virtuti

1828 3925 2220 3992 adhaerentes,
2262 3929 2399 3996 post
2441 3922 2618 3979 breve
2662 3928 2902 3994 tempus
2949 3928 3004 3978 et
3049 3924 3168 3979 vita
3225 3923 3476 3982 simulet

1825 4013 1971 4071 boni
2019 4014 2216 4071 studio
2273 4017 2596 4070 cessantes.
2675 4011 2958 4067 Videmus
3005 4016 3206 4068 autem
3260 4016 3316 4068 et
3372 4029 3476 4069 eos

1827 4104 1932 4178 qui
1962 4103 2236 4160 nondum
2259 4101 2727 4158 adolescentiam
2759 4100 3025 4170 attigere,
3068 4100 3142 4157 de
3167 4101 3379 4158 virtute
3405 4117 3478 4158 ac

1828 4192 2057 4249 malitia
2084 4190 2232 4247 nihil
2254 4191 2527 4256 scientes,
2559 4193 2915 4262 praemature
2954 4189 3037 4246 ita
3058 4205 3089 4245 e
3111 4189 3230 4247 vita
3259 4205 3478 4247 exeun-

1829 4285 1918 4338 tes
1954 4297 1968 4348 ;
2003 4285 2182 4353 atque
2202 4279 2284 4335 ibi
2311 4279 2463 4335 ratio
2487 4294 2609 4351 qua
2655 4277 2730 4333 de
2773 4293 2952 4334 causa
2994 4277 3240 4334 minime
3268 4279 3479 4336 infaili-

1828 4369 1964 4426 bilis
1981 4374 2086 4426 est.
2121 4370 2407 4425 Virtutem
2433 4373 2634 4424 autem
2677 4367 2770 4423 vel
2814 4367 3100 4424 malitiam
3128 4369 3317 4425 utrius
3346 4385 3479 4426 esse

1832 4458 2126 4527 dicemus,
2159 4459 2370 4515 animae
2401 4473 2479 4514 an
2506 4457 2772 4530 corporis
2806 4473 2819 4524 ;
2843 4459 2990 4513 Sunt
3009 4457 3350 4530 amborum,
3378 4463 3484 4517 aut

115 4582 224 4625 τως
253 4560 322 4632 39’
355 4562 530 4622 ἥκιστ’
557 4561 812 4636 ἀσφαλής,
843 4559 1010 4625 Ὀλως
1039 4558 1089 4616 δ’
1139 4562 1318 4637 ἀρετὴν
1346 4565 1376 4624 ἣ
1435 4565 1482 4600 ⁸⁸
1534 4570 1709 4620 κακίω

1879 4547 2012 4604 nius
2025 4552 2278 4604 tantum.
2302 4547 2412 4604 Sed
2435 4547 2482 4602 si
2495 4547 2691 4612 unius,
2707 4551 2846 4602 sunt
2859 4547 3074 4603 animae
3091 4553 3280 4618 erunt,
3300 4549 3483 4622 siqui-

117 4657 261 4713 τίνος
290 4650 349 4703 ἂν
407 4649 537 4704 εἶναι
576 4657 796 4725 φαίημεν
847 4653 914 4719 υ,
945 4651 1130 4724 ψυχῆς
1159 4652 1189 4711 ἦ
1225 4658 1470 4727 σώματος
1497 4669 1511 4723 ;
1543 4655 1574 4715 ἦ
1621 4658 1720 4730 γὰρ

120 4738 335 4814 ἀμφοῖν,
363 4740 393 4801 ἣ
436 4739 547 4804 ἑνός
597 4737 771 4800 δήπου
824 4743 1037 4796 τούτων.
1091 4740 1225 4794 Ἀλλ’
1269 4742 1378 4806 ἑνός
1417 4746 1554 4820 εἴπερ
1606 4742 1719 4819 εἶεν,

1834 4637 1974 4695 dem
2004 4637 2220 4694 etinde
2241 4651 2454 4694 omnes
2487 4636 2564 4693 ad
2590 4635 2823 4693 bonum
2853 4641 2910 4692 et
2927 4635 3154 4694 malum
3178 4643 3398 4705 motus,
3425 4639 3484 4698 Si

1835 4743 1976 4786 vero
2003 4727 2346 4796 amborum,
2375 4731 2432 4785 et
2457 4727 2540 4785 ita
2559 4727 2773 4784 animae
2801 4727 3000 4800 potius
3016 4731 3190 4785 erunt
3209 4744 3340 4802 quae
3361 4743 3486 4786 cor-

1479 4859 1703 4928 Variae
1749 4860 2100 4931 lectiones.

1041 4975 1090 5009 ’9
1113 4973 1330 5037 ἄλλυτος
1362 4975 1487 5031 Vat.

1017 5045 1065 5118 Ψ
1086 5042 1407 5118 μεταδοῦναι
1430 5049 1556 5103 Vat.

883 5117 931 5151 ⁸⁸
966 5116 1135 5173 Vind.
1193 5119 1330 5171 πάνυ
1373 5137 1473 5173 τοι.

844 5188 891 5224 ⁸ο
921 5193 1012 5241 καὶ
1040 5190 1168 5246 Vat.
1247 5191 1292 5226 ’⁸³
1327 5196 1510 5264 φαῖμεν
1544 5192 1670 5250 Vat.

197 4971 246 5008 ³⁸
300 4979 361 5046 τῇ
410 4988 552 5046 _non
590 4971 810 5046 estin
839 4973 964 5046 Vat.

119 5039 300 5102 ἧττον,
335 5039 345 5046 ’
378 5043 426 5080 ³⁸
457 5045 628 5101 Vind.
671 5045 729 5098 ού
760 5044 940 5102 male.

117 5119 342 5188 nine;
367 5115 429 5188 ψ.
475 5119 596 5173 Vat.
628 5121 807 5173 recte.

117 5187 172 5223 ³³
201 5187 367 5243 εἰνεκα
382 5187 605 5256 εἰκότος,
639 5190 766 5245 Vat.

1566 4977 1614 5012 ³ο
1644 4977 1820 5050 Vind.
1857 4983 2005 5050 ζῶον,
2036 4977 2214 5035 male.

1636 5049 1684 5084 ³⁸
1716 5050 1886 5106 Vind.
1923 5049 2100 5116 πλείω,
2141 5049 2322 5107 male.

1553 5120 1684 5161 39-“
1745 5121 1917 5178 Vind.
1953 5125 2089 5176 πάνυ
2144 5141 2247 5180 τοι.

2293 4978 2336 5015 δι
2368 4975 3017 5066 {ﬁagnnonhab’et‘Vat
3093 4975 3141 5066 εξ
3171 4975 3306 5038 fort.
3333 4977 3481 5066 add.

2324 5051 2449 5174 8736:
2509 5051 2992 5176 Suprascriptum
3038 5053 3256 5139 πρόμον,
3331 5051 3377 5086 ⁸⁷
3422 5071 3482 5110 π.

2441 5139 2462 5172 ε
2515 5120 2686 5178 abest
2730 5136 2768 5178 ο,
2865 5125 2942 5178 at.
3021 5120 3068 5157 ³⁸
3109 5118 3312 5185 ειδυιας
3357 5124 3484 5180 Vat.

1705 5308 1765 5379 Ν
1771 5317 1922 5379 otae.

199 5421 307 5492 (16)
337 5420 637 5498 ᾼροάρείε
667 5419 876 5498 incipit
903 5435 946 5498 ε
957 5419 1157 5498 verbis
1189 5420 1297 5498 ᾁλλξ
1334 5417 1448 5498 ἤδη
1508 5423 1726 5498 ὁρῶμεν,

121 5496 194 5550 ut
197 5490 433 5621 ἐὲςῗὶιὶε
448 5495 506 5550 in
523 5494 638 5550 hoc
656 5490 876 5566 scripto
900 5490 1026 5546 ἀλλὰ
1048 5493 1301 5566 apodosi
1322 5490 1628 5554 ordienda?
1645 5490 1731 5553 in"-

127 5581 194 5622 se
268 5581 282 5622 ι
317 5607 329 5622 .
870 5590 879 5598 ·

200 5636 314 5709 (17)
338 5634 504 5694 Idem
532 5635 949 5697 Nathanaelin
977 5633 1210 5711 epistol.
1240 5652 1360 5696 ms.
1400 5652 1502 5714 ap;
1533 5638 1730 5700 Villoi-

1839 5440 1971 5494 son,
1998 5425 2310 5517 Αηελεᾴοτε.
2366 5425 2510 5514 βνν.
2542 5439 2605 5499 p.
2635 5426 2721 5516 ,72
2757 5440 2772 5482 :
2831 5423 2902 5512 Ἐἰ
2944 5427 3176 5514 Χριστόν
3197 5427 3486 5517 “opaci-pi:

1838 5516 1978 5585 χεις,
2030 5498 2218 5586 ,καλῶς
2286 5495 2653 5587 τρίχειςίκαὶ
2710 5495 3005 5553 κατατεινε’
3058 5502 3146 5551 τὸν
3187 5495 3416 5587 δρόμονί
3443 5500 3489 5554 εἰ

1839 5569 1895 5622 ϐε
1945 5587 2073 5646 προς
2121 5569 2242 5625 ἄλλο
2307 5589 2358 5624 τι
2414 5566 2656 5627 σπεύδων
2709 5567 2939 5643 βλέπεις,
2998 5569 3109 5631 dxi;
3167 5576 3259 5627 καὶ
3318 5591 3488 5646 ματην

1843 5639 2109 5722 σπεύδεις.
