3932 6326
87 299 242 398 me

1310 324 1473 387 ADV.
1505 318 1861 396 me‘lel
1896 323 1987 388 DE
2015 329 2259 388 mm.

3320 327 3461 402 1414

89 466 246 538 εἶχεν
316 462 675 538 ἐνηρμοσμένα
749 465 861 519 τοίς
919 459 1220 531 νεκρωθεῖσι
1299 462 1394 509 τοῦ
1469 459 1706 525 σώματος

1896 466 1978 506 ms
2007 453 2210 511 vivens
2223 471 2464 532 corpus,
2477 456 2560 514 ibi
2586 457 2792 516 ﬁnitur
2804 459 2909 516 ubi
2939 463 2993 515 et
3004 458 3153 518 illud
3169 463 3386 526 cessat.
3403 456 3463 516 Si

87 559 312 628 μέρεσιν
363 568 379 619 ;
439 549 572 602 Ἀλλ’
635 547 826 601 ἄτοπον
883 555 1052 599 ταῦτα
1133 551 1250 620 περί
1335 550 1430 596 τοῦ
1486 540 1706 616 ἀμεροῦς

88 650 196 694 νοῦ
261 641 310 676 ⁵⁸
357 659 448 692 και
507 638 840 691 παντάπασιν
883 634 1112 696 ἀπαθοῦς
1169 653 1260 686 και
1329 629 1708 702 ὑπολαμϐάνειν

91 751 199 784 και
234 729 392 801 λέγειν
422 745 435 757 ·
479 730 602 800 περί
658 722 707 778 δ’
761 725 825 786 ἧς
870 726 1057 796 ἔφημεν
1103 724 1329 796 ῥευστῆς
1384 719 1572 792 ψυχῆς
1619 738 1709 770 και

95 822 358 893 φθαρτῆς,
400 812 551 869 οὐδεν
603 814 838 881 ἀπεικός,
887 811 995 866 ἐπεί
1053 831 1142 866 και
1184 814 1496 885 μεμέρισται
1551 807 1708 873 αὕτη,

92 913 200 961 καὶ
263 915 443 960 τοῦτον
497 901 564 963 δὴ
617 906 703 956 τόν
756 907 946 976 τρόπον
991 904 1161 957 πάντα
1229 902 1407 972 φθάνει
1480 901 1545 948 τὰ
1618 902 1711 948 τοῦ

97 1003 357 1069 σώματος
403 998 584 1067 μόρια,
628 995 883 1064 πνεύματι
955 987 1023 1048 δή
1079 1009 1180 1042 τινι
1239 989 1445 1056 ζωτικῷ
1505 1004 1562 1057 γε
1607 988 1712 1036 ὄντι

95 1086 462 1158 ἐποχουμένη,
503 1102 594 1134 και
644 1085 774 1153 μετά
811 1082 996 1146 τούτου
1047 1075 1398 1136 διαϐαίνουσα
1446 1081 1538 1126 τοῦ
1588 1073 1714 1133 ζῶν-

95 1194 197 1236 τος
277 1178 518 1245 σώματος
565 1178 837 1240 πανταχῆ,
894 1169 998 1222 ἐκεῖ
1035 1165 1102 1226 δὴ
1138 1168 1186 1202 ⁵⁵
1216 1170 1470 1241 περαίνει,
1503 1164 1621 1214 ὅποι
1665 1162 1714 1197 ⁵³

101 1261 184 1322 δὴ
223 1282 313 1316 και
342 1269 494 1316 τοῦτο
526 1262 884 1332 συμπεραίνει.
917 1258 978 1312 Εἰ
1003 1254 1063 1310 δὲ
1099 1277 1151 1310 τι
1184 1257 1344 1308 πάθοι
1391 1260 1490 1306 τῶν
1525 1259 1713 1324 μερῶν,

97 1373 203 1405 και
234 1356 291 1405 τό
335 1370 396 1422 γε
439 1351 608 1412 πάθος
653 1352 747 1405 τήν
777 1365 828 1406 τε
880 1353 973 1398 τοῦ
1028 1348 1315 1416 πνεύματος
1359 1362 1564 1399 κινησιν
1628 1359 1717 1392 και

95 1446 208 1500 τὴν
239 1439 428 1492 αὐτόσε
472 1440 518 1473 ⁸⁷
549 1445 642 1498 τῆς
681 1435 867 1508 ψυχῆς
897 1439 1084 1494 στ’ἠσοι
1134 1430 1402 1502 διάϐασιν,
1461 1433 1612 1482 τοῦτό
1661 1445 1718 1500 γε

99 1550 206 1586 και
259 1533 582 1602 νενέκρωται,
642 1533 734 1578 τοῦ
792 1530 881 1582 τήν
937 1523 1076 1583 ζωὴν
1129 1521 1340 1582 ἐνιέντος
1395 1519 1716 1590 ἀπολειφθὲν,

98 1639 207 1672 και
253 1621 324 1690 μὴ
386 1613 668 1688 δυνάμενον
719 1615 796 1665 ἔτι
862 1616 1100 1684 μετέχειν
1155 1610 1315 1663 αὐτοῦ
1362 1630 1376 1642 ·
1425 1607 1520 1660 κᾶν
1579 1603 1636 1659 δέ
1666 1605 1719 1680 γ’

101 1705 195 1760 ἐπ’
246 1706 371 1759 αὑτό
423 1708 576 1778 μέρος
622 1710 716 1756 τοῦ
780 1706 1018 1773 σώματος
1081 1700 1154 1752 ἰόν
1208 1697 1363 1771 βάλοι
1389 1701 1446 1750 τό
1502 1697 1665 1756 πάθος
1694 1693 1720 1744 ὃ

1813 555 1938 612 qua
1955 558 2092 598 vero
2105 560 2244 616 pars
2263 547 2541 618 patiatur,
2554 548 2883 628 passioque
2897 548 3136 621 spiritus
3147 553 3381 606 motum
3406 551 3464 604 et

1815 630 2036 686 animae
2051 634 2518 704 permeationem
2535 636 2721 707 sistat,
2741 651 2810 692 ea
2823 653 2963 710 pars
2995 639 3299 704 emoritur.
3324 651 3463 693 cum

1817 733 1952 775 eam
1974 721 2106 776 vitae
2123 722 2483 796 principium
2501 724 2898 798 derelinquat,
2922 740 3117 798 neque
3140 725 3332 800 possit
3349 724 3462 781 hu-
3490 722 3501 733 ⁸

1812 809 1910 880 jus
1935 811 2234 884 particeps
2264 827 2419 868 esse.
2454 814 2720 870 Siautem
2734 815 2928 886 ipsam
2942 816 3209 888 corporis
3232 821 3465 888 partem

1821 897 2086 954 vulneret
2115 899 2317 971 passio
2343 916 2481 974 quae
2511 902 2915 975 principatum
2941 908 3102 960 tenet
3149 920 3318 971 ;cum
3369 905 3466 960 hic

1822 987 2065 1058 spiritus
2095 989 2169 1044 sit
2191 989 2411 1046 animae
2448 991 2646 1048 vitalis
2663 992 3025 1058 vehiculum,
3050 994 3251 1052 statim
3269 995 3467 1050 omnis

1821 1075 1942 1132 vita
1980 1083 2261 1150 corrupta
2288 1078 2490 1136 ﬁnitur
2518 1098 2531 1148 ;
2554 1083 2847 1154 quoniam
2871 1083 3002 1139 haec
3030 1085 3152 1141 vita
3171 1085 3467 1158 corrupti-

1822 1164 1957 1220 bilis
1985 1171 2093 1237 est,
2124 1173 2186 1222 ut
2203 1169 2632 1240 supposuimus
2649 1176 2706 1228 et
2717 1171 2844 1242 jam
2859 1173 3337 1232 demonstratum
3355 1179 3464 1232 est.

1826 1255 1892 1308 Et
1905 1253 2082 1322 igitur
2092 1270 2213 1311 non
2229 1255 2572 1328 simpliciter
2584 1259 2918 1318 secundum
2931 1267 3184 1324 mentem
3195 1263 3468 1330 vivimus,

1826 1341 1928 1397 sed
1948 1344 2272 1414 cogitantes
2291 1344 2445 1402 bene
2456 1347 2736 1403 vivimus.
2755 1351 2938 1420 Hujus
2955 1357 3157 1407 autem
3175 1358 3470 1428 corrupta;

1825 1433 2045 1486 animas
2064 1432 2282 1488 melius
2301 1439 2390 1490 est
2412 1435 2606 1491 dicere
2627 1441 2684 1492 et
2704 1443 3046 1512 corruptam
3067 1456 3197 1502 esse
3216 1441 3376 1506 hanc
3390 1443 3474 1514 vi-

1829 1523 1984 1587 tam;
2017 1536 2189 1576 mens
2215 1537 2357 1578 vero
2385 1528 2440 1578 et
2469 1539 2602 1596 quae
2633 1528 2966 1594 secundum
2991 1544 3127 1586 eam
3156 1536 3245 1587 est
3267 1530 3475 1588 anima

1827 1623 1898 1664 ac
1920 1608 2058 1676 vita,
2099 1625 2237 1664 cum
2264 1610 2521 1668 debeant
2543 1628 2681 1670 cum
2698 1631 2945 1687 corpore
2967 1617 3301 1674 secundum
3317 1619 3474 1675 hanc

1828 1695 2213 1752 harmoniam
2235 1700 2593 1756 concinnato
2617 1704 2984 1773 conversari,
3007 1711 3382 1777 permanent,
3405 1722 3478 1764 ea

104 1793 187 1854 δη
216 1814 305 1847 και
324 1798 418 1852 τὴν
447 1792 623 1867 ἀρχὴν
656 1794 805 1863 ἴσχει
837 1811 850 1822 ·
873 1796 1024 1842 τοῦτο
1079 1785 1128 1842 δ’
1160 1785 1291 1840 εἶναι
1321 1787 1370 1821 ⁵⁸
1413 1789 1471 1838 τὸ
1519 1791 1721 1856 πνεῦμα

1896 1791 2104 1853 trante,
2136 1786 2329 1844 soluta
2355 1793 2555 1846 autem
2595 1795 2652 1847 et
2676 1791 2809 1870 ipsa
2845 1809 3018 1850 mens
3048 1795 3314 1866 solvitur,
3330 1795 3478 1862 nihil

103 1891 214 1950 τῆς
266 1885 489 1944 ζωτικῆς
541 1881 594 1932 ὃν
649 1879 833 1951 ψυχῆς
908 1881 1112 1950 ὄχημα,
1173 1876 1326 1938 εὐθὺς
1368 1893 1459 1926 και
1512 1877 1572 1926 τό
1624 1873 1720 1943 ζῇν

106 1973 233 2026 ὅλον
290 1973 477 2045 φθαρεν
529 1972 810 2034 πέπαυται,
869 1969 1067 2026 ταύτης
1103 1961 1170 2024 δὴ
1226 1973 1324 2026 τῆς
1371 1964 1510 2024 ζωῆς
1562 1963 1723 2034 φθαρ-

103 2071 217 2122 τῆς
260 2063 444 2126 οὔσης,
504 2061 573 2121 ὡς
621 2057 910 2129 ὑπεθέμεθα
964 2075 1055 2108 και
1099 2052 1204 2112 ἤδη
1260 2049 1528 2106 δέδεικται
1579 2072 1591 2082 ·
1633 2069 1724 2102 και

102 2154 292 2202 τοίνυν
327 2148 385 2200 οὐ
442 2149 576 2206 κατὰ
624 2154 740 2198 νοῦν
808 2143 980 2206 ἁπλῶς
1051 2147 1234 2214 ζῶμεν,
1307 2140 1433 2193 ἀλλά
1496 2146 1725 2198 νοοῦντες

102 2238 173 2298 εὖ
242 2239 428 2310 ζῶμεν.
469 2243 574 2297 Τῆς
616 2231 676 2287 δε
733 2235 1063 2307 φθειρομένης
1127 2231 1314 2303 ψυχῆς
1348 2231 1395 2265 ⁸9
1423 2231 1537 2282 ἔστι
1601 2226 1727 2300 μᾶλ-

101 2329 203 2380 λον
291 2327 448 2379 εἰπεῖν
503 2328 594 2376 καὶ
660 2326 754 2382 τὴν
834 2324 1170 2394 φθειρομένην
1226 2317 1356 2371 εἶναι
1406 2319 1454 2353 ⁸ο
1530 2320 1726 2374 ταύτην

107 2418 262 2478 ζωήν
295 2433 305 2444 ·
337 2422 456 2476 νοῦς
497 2411 557 2466 δὲ
584 2417 674 2465 καὶ
721 2414 751 2468 ἡ
807 2414 944 2464 κατά
996 2418 1174 2462 τοῦτον
1240 2408 1395 2480 ψυχὴ
1451 2411 1541 2458 καὶ
1592 2406 1724 2472 ζωή,

103 2509 386 2577 πεφυκότα
456 2505 767 2578 παραμένειν
832 2495 992 2557 τήνδε
1078 2502 1172 2557 τὴν
1229 2498 1477 2570 ἁρμονίαν
1569 2496 1731 2570 ἡρμο-

109 2597 295 2664 σμένῳ
351 2600 425 2663 τῷ
468 2598 696 2664 σώματι,
757 2592 1116 2664 παραμένουσι
1173 2604 1508 2645 συνεστωσης
1544 2583 1725 2650 αὐτῆς,

107 2683 376 2742 λυθείσης
434 2677 494 2733 δε
541 2685 629 2734 καὶ
689 2679 846 2739 αὐτὸς
895 2676 1174 2729 ἀπολυεται
1229 2678 1298 2744 ⁶¹,
1351 2676 1512 2747 μηθὲν
1551 2674 1726 2724 παθὼν

110 2769 394 2842 ἀκήρατός
425 2788 508 2830 τις
535 2772 626 2820 καὶ
658 2765 864 2828 ἀπαθὴς
903 2765 992 2836 ὢν,
1041 2769 1132 2816 καὶ
1164 2764 1336 2816 οὐκέτι
1394 2765 1520 2835 πρὸς
1583 2761 1730 2835 ἔτερα

112 2857 424 2931 μεταϐαίνει
479 2865 580 2908 τῶν
649 2857 903 2928 σωμάτων
961 2855 1070 2906 οὔθ’
1125 2855 1342 2925 ὁμογενῆ
1407 2860 1480 2922 τῷ
1540 2855 1728 2922 πρώτῳ

111 2951 218 3000 καὶ
266 2943 324 2998 οὖ
368 2945 713 3018 ἐξεφοίτησεν,
781 2946 898 2996 οὔτε
957 2946 1088 3015 πρὸς
1140 2944 1287 3016 ἕτερα
1337 2942 1528 3013 θηρίων
1579 2945 1728 2991 τινῶν

111 3038 219 3086 καὶ
272 3032 489 3104 ἀλόγων,
544 3038 635 3084 καὶ
687 3028 911 3104 μηδαμῆ
987 3033 1152 3102 τούτῳ
1205 3033 1593 3103 προσηκόντων,
1653 3026 1729 3079 Οὐ

1831 1874 2084 1946 patiens,
2116 1875 2416 1948 siquidem
2449 1879 2705 1951 simplex
2725 1887 2780 1936 et
2802 1883 3198 1955 impassibilis
3223 1891 3329 1954 est,
3367 1901 3478 1944 nec

1825 1964 1954 2034 jam
1971 1963 2051 2019 ad
2067 1963 2184 2020 alia
2208 1967 2588 2038 transmigrat
2607 1976 2885 2042 corporat
2908 1989 3103 2047 neque
3121 1976 3320 2048 primo
3342 1991 3481 2034 con-

1832 2067 2052 2122 genera
2063 2068 2136 2108 ex
2148 2069 2269 2125 quo
2281 2069 2521 2124 egressa
2533 2062 2636 2128 est,
2656 2072 2852 2132 neque
2865 2061 2946 2116 ad
2957 2063 3073 2120 alia
3085 2065 3479 2136 quorumdam

1833 2140 2184 2196 animalium
2208 2147 2264 2197 et
2283 2143 2781 2202 irrationabilium
2797 2153 2854 2202 et
2874 2150 3038 2207 nullo
3059 2151 3245 2208 modo
3265 2153 3318 2208 ci
3333 2168 3477 2209 con-

1832 2230 2220 2284 venientium.
2261 2234 2387 2287 Non
2409 2233 2569 2288 enim
2609 2233 2794 2292 ullum
2826 2253 2898 2292 ex
2936 2238 3030 2314 his
3068 2247 3233 2296 amat
3259 2258 3272 2308 ;
3297 2246 3355 2297 et
3371 2257 3479 2298 cur

1835 2323 2080 2387 amaret,
2117 2336 2256 2376 cum
2277 2320 2509 2378 nullum
2529 2337 2601 2376 ex
2622 2323 2718 2378 his
2744 2341 2940 2398 neque
2963 2327 3039 2384 ad
3062 2329 3348 2387 virtutum
3378 2346 3480 2387 ne-

1835 2423 1952 2478 que
1992 2407 2072 2462 ad
2109 2407 2402 2465 malitiam
2440 2410 2926 2472 deceatmentem
2947 2431 3082 2487 quae
3103 2418 3196 2473 his
3231 2419 3481 2491 disposi-

1835 2494 2096 2551 tionibus
2127 2496 2403 2570 adaptari
2430 2501 2570 2558 velit
2599 2501 2626 2555 ?
2655 2503 2807 2567 Quid
2837 2504 2996 2562 enim
3029 2509 3255 2580 proprii
3279 2513 3482 2578 ageret

1836 2601 2028 2656 meus,
2068 2586 2146 2642 ad
2162 2586 2649 2650 irrationabilium
2673 2597 2948 2654 naturam
2982 2594 3286 2668 depressa,
3317 2615 3388 2655 ac
3419 2600 3482 2656 in

1835 2672 1937 2728 illa
1959 2673 2184 2743 degens
2223 2676 2641 2750 ;impossibile
2683 2685 2771 2739 est
2833 2697 3130 2752 organum
3167 2687 3483 2759 quoddam

1837 2763 2000 2833 aqud
2041 2763 2140 2820 illa
2176 2764 2448 2832 inveniri,
2482 2767 2561 2822 ab
2591 2767 2796 2825 anima
2812 2776 3074 2827 mentem
3105 2778 3162 2830 et
3190 2775 3484 2832 rationem

1835 2850 2116 2921 habente,
2139 2854 2303 2924 quod
2329 2853 2691 2912 voluntatem
2709 2857 2976 2929 adjuvet.
2999 2860 3088 2916 Ad
3109 2863 3348 2935 plantas
3379 2881 3486 2921 au-

1838 2945 1958 2998 tem
1997 2941 2308 3010 quomodo
2347 2941 2590 3002 abiret?
2627 2948 2780 3002 Num
2815 2952 2876 3003 ut
2906 2962 3007 3004 eas
3033 2952 3255 3008 nutriat
3304 2958 3460 3010 etau

1839 3033 1974 3098 geat
2001 3029 2030 3083 ?
2042 3029 2146 3084 sed
2159 3029 2374 3086 barum
2391 3031 2606 3086 nullius
2623 3039 2711 3088 est
2722 3035 3021 3108 particeps
3050 3053 3247 3110 neque
3264 3056 3482 3098 amans

111 3125 229 3196 ’γὰρ
262 3121 353 3196 ἐρᾷ
386 3124 582 3174 τούτων
627 3118 832 3180 οὐδενός
890 3134 904 3148 ⁶
943 3119 973 3180 ἣ
1026 3124 1165 3180 τίνος
1209 3119 1369 3170 ἕνεκεν
1425 3121 1558 3190 μήτε
1606 3117 1730 3190 πρὸς

1896 3117 2044 3172 lima
2073 3117 2502 3187 magnitudinis
2545 3135 2757 3192 expers
2816 3129 2873 3179 et
2923 3124 3274 3198 intelligens.
3321 3129 3487 3186 Unde

114 3211 338 3285 ἀρετὴν,
389 3216 521 3283 μήτε
570 3212 698 3283 πρὸς
741 3212 927 3261 κακίαν
979 3207 1310 3280 ἁρμοζόντων
1375 3206 1542 3258 αὐτῶν
1598 3203 1733 3278 βου-

114 3300 325 3372 λομένῳ
384 3303 506 3370 περὶ
556 3299 647 3358 τὰς
705 3294 966 3357 διαθέσεις
1013 3299 1208 3357 ταύτας
1258 3295 1630 3369 ἁρμόζεσθαις
1669 3295 1733 3344 Τί

117 3391 234 3463 ’γὰρ
298 3387 358 3440 ἂν
418 3387 604 3439 οἰκεῖον
669 3391 760 3438 καὶ
810 3385 1002 3459 πράξοι
1053 3393 1191 3451 νοῦς,
1247 3383 1443 3455 ἀλόγων
1499 3385 1733 3456 εμπεσών

122 3479 308 3549 φύσει,
371 3480 461 3527 καὶ
524 3477 688 3548 ταύτῃ
756 3470 1202 3546 ἐνδιαιτώμενος;
1255 3472 1366 3525 Οὐκ
1430 3474 1571 3524 ἔστιν
1624 3466 1735 3522 οὐδ’

123 3566 357 3638 ὀργάνου
384 3566 521 3624 τινὸς
558 3569 740 3635 τυχεῖν
795 3562 848 3625 ἐξ
887 3561 1075 3628 αὐτῶν,
1125 3561 1314 3633 ψυχῆς
1355 3568 1473 3612 νοῦν
1507 3560 1736 3631 ἐχούσης

46 3657 48 3659 ’
121 3659 225 3706 καὶ
255 3652 424 3725 λόγον,
468 3651 936 3724 ἐξυπηρετουμένου
971 3649 1321 3723 βουλημασιν.
1352 3650 1473 3701 Ἐπὶ
1505 3644 1562 3701 δὲ
1602 3649 1739 3721 φυτὰ

125 3750 248 3802 πῶς
276 3741 336 3793 ἂν
364 3746 454 3793 καὶ
477 3738 711 3812 ἀφίκοιτο
742 3756 756 3808 ;
795 3739 824 3797 ἦ
869 3740 951 3790 ἵνα
991 3737 1154 3813 θρέψῃ
1202 3737 1318 3810 (21)
1368 3743 1458 3789 καὶ
1489 3736 1694 3809 αὐξήσῃ
1721 3752 1735 3803 ;

125 3829 276 3884 ’Δλλ’
323 3826 534 3892 οὐδενός
571 3831 764 3881 τούτων
804 3829 920 3880 οὔτε
949 3831 1180 3900 μετέχει,
1208 3827 1317 3879 οὔτ’
1368 3828 1507 3878 ἔστιν
1549 3824 1736 3898 ἐρῶσα,

121 3919 293 3992 ⁴ψυχὴ
328 3918 579 3992 ἀμεγέθης
607 3923 697 3970 καὶ
727 3918 898 3991 νοερά,
954 3919 1114 3969 Πόθεν
1152 3911 1211 3968 δὲ
1272 3923 1450 3989 φυτοῖς
1502 3915 1738 3989 ἑτέρωθεν

124 4012 194 4061 τό
226 4008 321 4080 ζῇν
354 4025 368 4075 ;
395 4007 551 4061 ’Δλλο
598 4005 782 4078 ψυχῆς
810 4004 962 4058 πάλιν
984 4001 1120 4066 εἶδος
1173 4012 1346 4071 τοῦτο,
1400 3999 1567 4076 μηδὲν
1607 4022 1740 4074 συμ-

128 4095 334 4163 ϐαίνον,
371 4093 512 4170 μηδὲ
539 4098 745 4166 ταυτὸν,
791 4094 915 4172 μήτ’
948 4096 1339 4166 αἰσθανομένοις
1377 4093 1504 4155 ὅλως
1563 4094 1736 4158 ζώοις,

125 4192 270 4260 μήτε
305 4190 670 4258 μετεσχηκόσι
696 4193 848 4244 νοος.’
893 4188 992 4236 Καὶ
1025 4191 1150 4255 γοῦν
1202 4183 1245 4235 εἰ
1284 4180 1462 4256 βούλει
1512 4182 1583 4244 εἰς
1621 4185 1744 4255 τρία

125 4283 308 4327 ταῦτα
346 4271 610 4326 διελέσθαι
650 4273 855 4345 ψυχὴν,
891 4279 1063 4325 πᾶσαν
1117 4275 1207 4324 καὶ
1257 4272 1417 4341 ζωὴν,
1476 4279 1593 4323 νοῦν
1643 4267 1740 4328 δη-

126 4363 312 4416 λονότι
341 4367 431 4415 καὶ
470 4364 720 4420 αἴσθησιν
760 4366 850 4414 καὶ
879 4366 972 4420 τὴν
1004 4363 1263 4436 ὁρωμένην
1307 4360 1356 4412 ἐν
1394 4367 1504 4421 τοῖς
1542 4367 1740 4433 φυτοῖς,

128 4453 310 4527 ὀρθῶς
361 4449 421 4504 ἂν
492 4447 703 4512 διέλοις.
775 4454 873 4504 Καὶ
923 4441 1102 4502 τοῦτον
1165 4451 1280 4521 ἔχει
1329 4453 1416 4501 τόν
1468 4468 1657 4522 τρόπον
1719 4449 1745 4500 ὁ

126 4543 260 4615 περὶ
287 4538 474 4612 ψυχῆς
510 4537 663 4612 λόγος
690 4545 811 4600 πᾶς.
852 4537 1007 4592 ’Ἐστι
1047 4535 1097 4591 δ’
1137 4535 1286 4592 οὐδὲν
1350 4534 1538 4604 δεινόν,
1571 4539 1743 4613 ὥσπερ

129 4634 235 4683 καὶ
266 4629 312 4663 ⁶²
349 4636 681 4681 κοινωνοῦσιν
739 4626 982 4689 ἀλλήλαις
1029 4631 1116 4680 καὶ
1156 4634 1246 4678 τοῦ
1304 4626 1464 4679 αὐτοῦ
1516 4645 1746 4700 συμμετ-

131 4722 338 4790 έχουσι
386 4717 570 4791 ψυχῆς
631 4716 900 4790 ὀνόματος,
941 4715 1076 4769 οὕτω
1132 4712 1199 4774 δὴ
1255 4721 1345 4768 καὶ
1399 4721 1606 4788 πρώτην
1657 4719 1747 4768 καὶ

134 4803 390 4878 δευτέραν
450 4810 540 4859 καὶ
594 4811 776 4880 τρίτην
831 4807 1024 4866 ταύτας
1113 4811 1242 4858 νοεῖν
1279 4825 1293 4838 ο
1326 4809 1416 4857 καὶ
1501 4809 1591 4866 τὰς
1655 4807 1746 4878 μεν

1840 3210 2041 3260 autem
2061 3204 2281 3277 plantis
2316 3206 2430 3262 vita
2457 3207 2484 3262 εἰ
2510 3207 2640 3263 Alia
2676 3207 2778 3264 illa
2814 3211 3032 3272 animas
3081 3215 3330 3288 species,
3361 3234 3484 3284 non

1841 3293 2073 3360 eadem,
2107 3309 2301 3366 neque
2332 3297 2690 3352 conveniens
2728 3303 2832 3355 aut
2869 3301 3258 3360 sentientibus
3285 3307 3490 3368 anima

1839 3382 1998 3438 libus
2031 3389 2133 3440 aut
2160 3384 2796 3460 mentisparticipibus.
2827 3393 3015 3462 Atque
3044 3391 3224 3462 igitur
3243 3395 3294 3450 si
3315 3396 3405 3454 vis
3428 3398 3490 3454 in

1841 3476 1950 3528 tria
1974 3472 2076 3527 illa
2112 3472 2378 3529 dividere
2399 3489 2640 3531 omnem
2669 3476 2936 3534 animam
2953 3495 3024 3536 ac
3044 3481 3251 3554 vitam,
3271 3499 3492 3560 nempe

1843 3567 2124 3632 mentem,
2157 3564 2721 3638 sensumvitamque
2733 3582 2868 3640 eam
2884 3583 3019 3640 quae
3039 3571 3100 3626 in
3116 3573 3336 3646 plantis
3371 3577 3494 3634 ani-

1843 3649 2252 3723 madvertitur,
2290 3657 2445 3708 recte
2462 3652 2711 3709 divides.
2731 3657 2798 3710 Et
2821 3657 2983 3713 hunc
3035 3661 3288 3719 modum
3308 3663 3496 3721 habet

1846 3739 2043 3794 omnis
2082 3739 2156 3795 de
2224 3739 2428 3796 anima
2491 3743 2700 3797 oratio.
2756 3746 2958 3817 Neque
3012 3747 3231 3806 mirum
3291 3757 3381 3808 est
3422 3753 3491 3816 si,

1847 3827 2368 3900 quemadmodum
2399 3829 2551 3885 inter
2590 3845 2654 3886 se
2693 3835 3162 3908 communicant,
3195 3842 3252 3894 et
3275 3839 3493 3898 animae

1847 3931 2072 3972 nomen
2102 3917 2508 3984 unaretinent,
2531 3917 2614 3973 ita
2641 3920 2971 3991 etprimam
2993 3926 3396 3984 etsecundam
3422 3944 3496 3986 ac

1848 4005 2080 4060 tertiam
2108 4020 2209 4060 eas
2229 4006 2560 4075 cogitemus
2592 4023 2607 4075 ;
2636 4012 2693 4063 et
2728 4007 2876 4071 alias
2909 4011 3157 4083 quidem
3226 4015 3379 4073 inter
3434 4035 3498 4075 se
3553 4022 3555 4024 ’

1848 4093 2194 4148 immediate
2225 4095 2694 4164 communicare,
2726 4097 2875 4152 alias
2913 4101 3056 4158 vero
3098 4102 3359 4161 mediate
3392 4122 3498 4179 per

1850 4198 1952 4238 eas
1987 4199 2124 4256 quae
2161 4182 2339 4252 longe
2367 4187 2504 4238 sunt
2541 4199 2739 4258 neque
2764 4186 2905 4257 ipsis
2923 4190 3232 4260 proximas.
3281 4194 3500 4259 Anima

1851 4270 2012 4326 enim
2050 4270 2401 4341 intelligens,
2427 4272 2624 4343 prima
2648 4291 2662 4341 ;
2695 4289 2814 4330 non
2846 4281 3050 4333 autem
3079 4293 3149 4335 eo
3168 4281 3304 4353 ipso
3331 4284 3502 4355 quod

1852 4360 2055 4415 anima
2092 4363 2220 4426 est;
2245 4359 2544 4432 siquidem
2577 4362 2914 4419 secundum
2942 4365 3058 4421 hoc
3083 4382 3206 4424 non
3249 4369 3504 4440 aliama-

1855 4449 1968 4518 gis,
1997 4447 2114 4504 alia
2143 4448 2344 4504 minus
2360 4467 2373 4517 ;
2389 4465 2600 4505 omnes
2625 4452 2786 4507 enim
2807 4453 3112 4527 aequaliter
3131 4459 3345 4514 animae
3363 4466 3505 4520 sunt

1856 4537 1964 4592 sed
2001 4536 2145 4611 quia
2174 4537 2424 4610 simplex
2455 4543 2547 4594 est
2575 4543 2629 4596 et
2658 4556 2897 4615 semper
2924 4545 3068 4600 vivit
3089 4550 3146 4602 et
3189 4548 3410 4620 cogitat
3431 4567 3505 4608 ac

1854 4630 2109 4698 pertinet
2136 4626 2214 4681 ad
2251 4626 2519 4700 primum
2537 4629 2895 4702 principium
2935 4637 2992 4690 et
3036 4624 3285 4692 naturas
3327 4655 3398 4695 ac
3417 4640 3506 4696 in-

1855 4714 2120 4771 tellectus
2149 4715 2254 4788 qui
2279 4715 2434 4772 circa
2464 4716 2609 4774 illud
2632 4725 2790 4776 sunt.
2835 4722 3145 4780 Secundus
3199 4731 3400 4784 autem
3417 4735 3507 4787 est

1859 4821 2074 4861 sensus
2105 4809 2161 4860 et
2189 4820 2322 4878 quae
2348 4807 2683 4864 secundum
2711 4826 2849 4866 cum
2871 4815 2959 4868 est
3011 4813 3236 4885 anima,
3283 4823 3431 4888 quia
3450 4827 3507 4880 et

1521 4930 1746 5000 Variae
1792 4930 2141 4999 lectiones.

571 5049 619 5083 ⁵⁵
661 5043 721 5101 δὲ
756 5049 882 5103 Vat.
958 5047 1006 5082 ⁸⁸
1063 5048 1164 5104 ὅπη
1206 5046 1336 5104 Vat.

784 5120 829 5154 σι
864 5117 1170 5171 ἀπολέλυται
1201 5118 1332 5175 Vat.

134 5051 196 5086 ⁵⁸
216 5052 330 5112 νοός
366 5050 492 5105 Vat.

134 5123 196 5158 ⁶⁰
235 5120 421 5178 omiss
444 5121 508 5176 in
535 5118 708 5175 Vind.

1411 5047 1459 5082 ⁵⁷
1490 5045 1650 5109 αὐτῆς
1679 5049 1813 5105 Vat.

1411 5119 1460 5154 ⁸³
1488 5122 1579 5170 καὶ
1609 5118 1782 5175 abest
1800 5133 1838 5175 a
1873 5121 2002 5175 Vat.

1896 5049 1944 5122 εξθ
1974 5049 2113 5120 ’ἔχει
2157 5055 2268 5117 τοῦ,
2297 5049 2357 5100 τὸ
2412 5043 2462 5100 δ’
2502 5043 2633 5102 εἶναι
2681 5052 2806 5106 Vat.
2838 5051 2887 5087 ⁸⁸
2920 5053 3092 5112 Vind.
3133 5054 3293 5114 male
3345 5057 3505 5122 ζωῆς-

1733 5242 1792 5309 Ν
1797 5250 1952 5309 οῐω.

227 5367 341 5440 (20)
368 5369 448 5423 De
477 5367 718 5440 ὀχήματι
744 5366 931 5440 ψυχῆς
974 5366 1094 5440 vid,
1122 5366 1644 5440 Wyttenbachaadq
1658 5366 1800 5424 Plat.

783 5437 1033 5494 mterum
1078 5438 1174 5493 hic
1196 5437 1589 5495 ’Nathanaelis
1630 5437 1802 5496 locus

144 5439 446 5497 Phaedon.
473 5454 532 5510 p.
570 5439 694 5510 317.

148 5509 520 5583 depravatus
551 5509 804 5565 videtur.

227 5578 342 5652 ('21)
371 5582 770 5660 Conjunctum
799 5595 938 5662 cum
971 5579 1155 5651 hujus
1183 5578 1300 5634 loci
1329 5583 1682 5706 argumento
1713 5583 1804 5637 est

227 5652 428 5723 pidum
445 5650 673 5707 dictum
689 5650 903 5707 Plotim
919 5651 1086 5723 apud
1099 5652 1393 5707 Joannem
1445 5651 1804 5724 hiloponum

147 5650 428 5724 lepidum
445 5650 673 5707 dictum
689 5650 903 5707 Plotini
919 5650 1086 5723 apud
1099 5652 1393 5707 Joannem

1912 5367 1974 5455 in
1996 5367 2286 5455 Aristotel.
2306 5369 2387 5425 De
2403 5368 2645 5455 Αηὶῃια,
2667 5369 2712 5455 I‘,
2735 5386 2790 5426 a.
2808 5375 2949 5455 _2,Aa‘,
2967 5373 3029 5442 b,
3053 5375 3314 5455 indeque
3339 5382 3506 5455 apud

1915 5439 2163 5517 Suidam
2193 5440 2269 5517 ll‘,
2325 5457 2384 5517 ρ.
2445 5443 2712 5517 3541:0326
2736 5447 2826 5517 καῇ
2867 5439 3023 5507 θείως
3053 5439 3294 5517 (ἀστείως
3344 5439 3508 5511 Shid.

1909 5509 2204 5598 probante
2228 5509 2500 5597 Ku‘stero)
2546 5510 2658 5610 λέαν
2690 5513 2716 5562 ὁ
2756 5512 3037 5610 Πιλωτξνος,
3057 5509 3240 5610 ἐἶπενῆ
3272 5509 3367 5587 ὧςί
3396 5509 3514 5578 ὅσοι

1911 5583 2150 5654 ἐμμανῶς
2200 5584 2336 5633 κατὰ
2406 5584 2501 5645 τὰς
2566 5584 2844 5656 θρεπτικὰς
2905 5583 3154 5664 δυνάμεις
3197 5583 3513 5668 ⁷ἐνεργοῦσιν

1909 5659 2054 5704 οῦτοι
2077 5649 2470 5706 κινδυνεύουσα
2501 5650 2989 5728 ἀποδενδρωθῆναι.
