3932 6326
21 373 78 429 ει
1339 341 1564 423 Αῡν.ι

1771 374 1912 433 iUM.

3184 389 3327 445 1422

22 515 82 563 ις,
144 492 409 569 ἕπιστήμη
468 493 529 548 ἂν
584 500 675 549 καὶ
722 494 770 549 ἓν
830 496 1029 557 τούτοις
1075 498 1175 560 εἴη,
1231 496 1322 545 καὶ
1370 507 1559 562 γεωμε-

1775 503 1896 556 tum
1935 512 1991 562 et
2020 506 2337 581 injustum,
2367 510 2598 566 bonum
2639 514 2695 566 et
2744 509 2970 569 malum
3014 517 3331 566 noscerent

26 592 86 636 ἰν
139 583 201 637 ἂν
281 588 358 643 εἴη
412 592 581 637 ταῦτα
634 589 723 638 καὶ
778 584 1014 661 ἀριθμεῖν
1062 590 1152 637 καὶ
1210 579 1416 636 δίκαιον
1470 586 1561 632 καὶ

21 693 139 724 ικον
171 679 259 725 καὶ
290 671 445 725 καλὸν
496 678 587 725 καὶ
641 672 829 745 φαῦλον
878 670 1071 726 εἰδέναι
1121 676 1279 733 κύνας
1335 675 1423 722 καὶ
1474 687 1555 739 γε·

21 782 139 822 ὀυς
191 767 280 814 καὶ
353 763 652 834 μύρμηκας,
720 767 811 814 καὶ
865 765 931 815 τὰ
1006 762 1162 815 λοιπά
1217 768 1314 813 τῶν
1371 759 1556 819 ζώων·

21 878 27 903 ;
89 856 146 903 τί
195 854 283 923 μὶν
334 856 575 924 γραμμὴ,
623 856 675 902 τί
728 848 787 904 δὲ
842 859 1054 921 σημεῖον
1104 847 1296 904 εἰδέναι
1329 870 1341 882 ·
1371 852 1459 900 καί
1502 866 1563 918 γε

21 961 68 1003 ις
174 946 291 1015 περὶ
364 942 624 1011 τριγώνων
696 959 787 993 και
853 946 1181 1016 τετραγώνων
1268 938 1561 1011 φιλοσοφεῖν

21 1050 164 1093 ιους,
234 1026 397 1081 ἄλλων
446 1023 515 1087 δὴ
568 1048 719 1081 τινων
772 1029 940 1081 αὐτῶν
998 1027 1045 1081 ἰν
1102 1030 1423 1100 ἐπιστήμαις
1486 1026 1560 1078 ὃν·

21 1141 64 1189 ν,
107 1123 203 1170 καὶ
223 1116 385 1170 ἄλλων
422 1125 518 1169 τῶν
574 1118 688 1169 κατ’
742 1119 993 1176 αἴσθησιν
1045 1119 1220 1173 ὀντων.
1257 1120 1358 1169 Καὶ
1400 1114 1563 1167 πολλὰ

28 1216 41 1227 ¹
107 1228 229 1261 τινα
307 1204 756 1281 πολυπραγμονεῖν
837 1209 1011 1268 αὐτοῖς
1067 1211 1268 1279 γένοιτο
1313 1210 1434 1280 περὶ
1485 1224 1561 1257 τε-

21 1300 346 1373 ιρωνισμοῦς
403 1297 517 1367 (30)
576 1295 777 1349 κύκλων
828 1302 918 1349 καὶ
971 1301 1091 1369 περὶ
1144 1293 1365 1368 ἀστέρας
1394 1290 1448 1347 δ’
1500 1292 1560 1346 ἃν

21 1392 138 1439 iam
191 1386 239 1422 ⁸⁸
307 1389 503 1458 γένοιτο
560 1390 862 1457 κεχηνέναι,
933 1393 1124 1457 τροφῆς
1173 1383 1557 1458 ὡλιγὼρηκόσι,

21 1518 26 1527 .
63 1481 168 1527 τοῦ
189 1470 395 1546 βλέπειν
441 1475 583 1525 κάτω
636 1473 773 1543 (31),
821 1479 912 1527 καὶ
963 1469 1220 1534 συνόδους
1273 1470 1443 1524 αὐτῶν
1471 1475 1561 1523 καὶ

21 1565 298 1629 νστοξσεις,
324 1564 506 1615 καὶτὰ
534 1562 761 1616 ἓντεῦθεν
832 1561 1186 1636 συμϐαίνοντα
1236 1566 1308 1634 μὴ
1361 1557 1561 1631 ἀγνοεῖν

21 1652 163 1721 λειν,
199 1648 329 1710 μηδ’
368 1645 433 1704 αὖ
510 1653 554 1705 εἶ
604 1670 656 1703 τι
714 1652 881 1724 ἕτερον
940 1652 989 1687 9’
1054 1654 1172 1725 περὶ
1219 1653 1416 1722 φύσεως
1471 1666 1561 1699 και

21 1762 42 1792 ν
108 1737 223 1812 μετ’
276 1738 439 1799 αὐτὴν
482 1737 800 1812 ¹ἰξεύρηται
846 1748 920 1811 τῷ
946 1745 967 1778 τ
994 1746 1084 1791 καὶ
1136 1736 1298 1810 λόγῳ.
1355 1742 1457 1791 Καὶ
1489 1733 1557 1795 δὴ

21 1825 108 1881 οδε
161 1832 253 1881 τόν
297 1827 448 1898 λόγον
499 1827 523 1862 ³
568 1828 780 1880 Πλάτων
843 1828 869 1879 ό
917 1832 1082 1900 μέγας
1155 1831 1245 1878 καὶ
1304 1825 1559 1887 Πλωτῖνος

21 1916 108 1973 ῗὲν
182 1918 243 1971 ἂν
333 1914 427 1972 εἶεν
492 1927 657 1971 κυνῶν
702 1923 794 1971 καὶ
864 1919 1089 1992 γεράνων
1137 1923 1227 1970 καὶ
1280 1921 1562 1990 μυρμήκων
1634 1928 1647 1936 ⁵

21 2013 346 2080 ῖνηνοχότες.
410 2012 527 2069 Πῶς
602 2002 663 2059 δι
740 2010 829 2059 καὶ
891 2011 1111 2078 φαίημεν
1172 2004 1220 2058 ἐν
1272 2005 1423 2065 αὐτος
1471 2005 1566 2065 τὰς

21 2102 258 2170 ιστήμας
324 2094 639 2170 ἀναμνήσεις
708 2091 838 2148 εἶναι
890 2100 1068 2168 μνήμῃ
1134 2100 1265 2168 μόνῃ
1300 2092 1565 2168 κεχρημέ-

22 2214 81 2264 ης,
132 2192 425 2265 ἀνάμνησιν
465 2188 515 2244 δ’
573 2190 648 2244 ἔπ’
695 2187 946 2263 οὐδεμίαν
1005 2189 1284 2263 ἀφικέσθαι
1343 2185 1564 2262 δυναμέ·

25 2302 49 2343 ς
87 2298 103 2349 ;
139 2286 245 2334 τίνι
312 2277 362 2333 δ’
418 2279 588 2332 αὐτῶν
646 2284 736 2331 καὶ
792 2278 1058 2352 ἄνθρωπος
1099 2276 1160 2330 ἂν
1225 2277 1486 2335 ἀποσταίη
1521 2277 1562 2343 ⁸,

21 2378 35 2423 ι
69 2374 151 2442 μὴ
192 2370 321 2443 οὐχὶ
348 2373 535 2422 ταυτὸν
563 2367 587 2403 ⁸
632 2369 712 2427 εἰη
763 2364 908 2428 οὗτός
961 2386 1016 2420 τε
1067 2368 1297 2437 κάκεῖνα,
1360 2366 1564 2419 πάντων

21 2481 46 2511 ν
88 2460 253 2512 αὐτὸν
304 2458 580 2533 ὁριζόντων
627 2475 682 2509 τε
733 2458 756 2492 ⁸
807 2461 899 2508 καὶ
954 2454 1331 2530 γνωριζόντων,
1390 2452 1564 2507 κάκεί-

23 2569 46 2609 ς
105 2550 187 2619 μὴ
243 2550 539 2620 προσόντων
572 2564 584 2615 ;
617 2550 727 2599 Nati
752 2547 842 2619 μὶν
880 2547 981 2619 γὰρ
1023 2541 1262 2597 δεκτικόν
1308 2549 1395 2597 καὶ
1448 2542 1562 2595 ἐπι-

21 2640 172 2710 ήμης
213 2636 364 2688 αὐτόν
427 2631 495 2693 δὴ
556 2641 711 2707 μόνον
756 2637 843 2687 τόν
900 2635 1168 2706 ἄνθρωπον
1221 2635 1513 2709 ὁριζόμενοι
1545 2633 1563 2666 ⁷

21 2742 117 2797 μεν
196 2719 344 2790 εἶναι,
429 2723 639 2794 λογικόν
705 2724 848 2791 ὄντα,
898 2726 987 2774 καὶ
1035 2723 1201 2794 τούτῳ
1261 2718 1564 2796 διαιροῦμεν

21 2834 47 2865 ν
82 2810 257 2866 ἄλλων
290 2830 302 2845 ο
336 2812 378 2865 εἰ
412 2808 472 2864 δι
516 2814 587 2883 μὴ
628 2811 822 2863 τούτων
879 2810 1147 2884 ἄνθρωπος
1211 2815 1381 2883 μόνος,
1437 2807 1562 2861 ἀλλά

22 2900 147 2955 ἱτά
167 2895 552 2973 ὧογαιούδεν
597 2899 750 2958 ἧττον
800 2902 918 2960 νοός
964 2899 1196 2972 μετεχει,
1255 2903 1344 2951 καὶ
1406 2897 1565 2969 λόγον

77 2991 357 3063 μετέχοιεν
416 2988 641 3053 εἰκότως,
712 2987 755 3041 εἰ
804 2992 895 3040 καὶ
937 2991 1008 3061 μὴ
1058 2986 1203 3050 ἐκτός
1240 3005 1300 3060 γε
1350 3005 1565 3061 προχω-

21 3088 194 3147 ῦντος,
251 3076 358 3131 ἀλλ’
411 3077 586 3141 αὐτοῖς
643 3075 856 3148 ἐνόντος,
904 3081 994 3129 καὶ
1044 3077 1119 3135 εἴη
1179 3075 1239 3129 ἀν
1290 3076 1449 3137 οὕτως
1479 3074 1564 3128 οὐ·

1670 605 1872 659 caues,
1907 595 2170 667 ciconiae,
2197 598 2457 655 formicae
2488 605 2543 654 et
2568 605 2779 654 caetera
2802 599 3111 654 animalia.
3136 602 3199 654 Et
3221 601 3327 654 sci-

1672 687 1799 735 runt
1831 683 1973 754 quid
2000 685 2070 741 sit
2102 685 2492 762 lineaetquid
2518 689 2777 757 signum;
2800 692 2856 741 et
2877 687 3328 745 dissererentde

1672 769 1984 837 triangulis
2007 782 2062 829 et
2083 776 2155 831 de
2178 778 2510 849 quadratis,
2537 776 2833 849 inquibus
2860 776 2976 832 alia
2998 776 3055 831 in
3081 777 3328 832 scientia

1672 860 2069 931 continentur,
2115 865 2235 922 alia
2280 864 2558 921 sensibus
2591 865 2923 937 subjacent.
2977 868 3036 920 Et
3070 866 3323 920 multum

1673 947 2038 1020 inquirerent
2058 952 2132 1009 de
2153 953 2819 1026 quadraturacirc:uli,et
2838 953 2913 1009 de
2936 953 3114 1009 stellis
3140 954 3328 1011 multa

1672 1039 1904 1095 curiose
1949 1040 2393 1114 investigarent,
2434 1041 2635 1099 cibum
2688 1042 3083 1115 dedignantes
3145 1042 3325 1099 infra-

1672 1140 1790 1197 que
1836 1138 2100 1201 spectare
2164 1131 2455 1201 nolentes,
2496 1148 2825 1204 earumque
2874 1148 3231 1201 congressus
3274 1137 3331 1188 et

1672 1214 2059 1289 defectiones,
2092 1225 2149 1276 et
2177 1239 2247 1276 ea
2276 1237 2413 1294 quae
2454 1221 2590 1276 inde
2621 1219 2901 1277 accidunt
2924 1220 3198 1291 ignorare
3226 1236 3328 1276 no-

1671 1304 1878 1376 lentes,
1913 1324 2103 1381 neque
2130 1309 2177 1363 si
2202 1309 2347 1382 quid
2376 1308 2533 1366 aliud
2564 1309 2637 1365 de
2663 1316 2874 1366 natura
2901 1316 2957 1365 et
2986 1309 3054 1365 iis
3074 1326 3209 1382 quae
3228 1326 3326 1365 su-

1675 1410 1782 1464 pra
1801 1402 2077 1453 naturam
2104 1405 2259 1467 sunt,
2285 1398 2532 1454 inveniri
2558 1400 2745 1471 possit
2764 1405 2963 1454 mente
2984 1405 3041 1454 et
3077 1398 3327 1454 ratione.

1673 1486 1863 1556 Atque
1896 1487 2229 1543 secundum
2258 1487 2316 1542 id
2347 1504 2604 1558 magnus
2636 1487 2730 1543 ille
2761 1488 2924 1544 Plato
2964 1492 3021 1544 et
3070 1487 3330 1543 Plotinus

1671 1571 1817 1629 nihil
1846 1589 1882 1633 a
1908 1575 2158 1632 canibus
2198 1582 2256 1632 et
2286 1577 2536 1648 gruibus
2578 1584 2634 1632 et
2686 1575 2949 1633 formicis
3001 1576 3325 1633 differrent.

1672 1663 1988 1728 Quomodo
2018 1671 2215 1722 autem
2238 1666 2572 1723 diceremus
2611 1666 2671 1722 in
2710 1664 2779 1722 iis
2823 1666 3099 1723 scientias
3142 1683 3332 1723 recor-

1670 1751 1940 1808 dationes
1970 1768 2117 1826 esse,
2161 1771 2298 1810 cum
2339 1755 2468 1811 sola
2507 1755 2799 1811 memoria
2839 1761 3101 1825 utantur,
3135 1771 3330 1828 neque

1672 1839 1748 1896 ad
1782 1840 1966 1897 ullam
1995 1842 2472 1899 recordationem
2505 1842 2839 1915 pertingere
2863 1844 3148 1915 possint?
3182 1845 3307 1909 Quo

1675 1929 1858 1985 modo
1889 1931 1964 1987 ad
1984 1930 2096 1986 illis
2127 1931 2311 1987 homo
2339 1930 2802 2001 distingueretur
2828 1947 3022 2002 neque
3066 1948 3253 1987 unum
3278 1937 3335 1988 et

1672 2018 1834 2077 idem
1911 2035 2044 2075 cum
2101 2019 2173 2075 iis
2256 2025 2431 2091 esset,
2487 2021 2533 2076 si
2590 2019 2884 2093 quidquid
2929 2036 3067 2076 eum
3125 2020 3335 2077 deﬁnit

1675 2123 1745 2163 ac
1771 2109 2090 2175 constituit,
2114 2107 2192 2165 ab
2223 2108 2354 2165 tllos
2399 2124 2642 2182 quoque
2684 2108 3003 2181 pertineret
3056 2108 3085 2165 ?
3131 2109 3332 2165 Mentis

1676 2211 1962 2268 capacem
1992 2203 2049 2253 et
2077 2197 2335 2253 scientia:
2377 2196 2570 2252 solum
2617 2195 2924 2252 hominem
2979 2196 3329 2255 deﬁnientes

1677 2302 1808 2341 esse
1864 2285 2120 2342 dicimus
2178 2284 2618 2353 rationabilem,
2672 2292 2729 2342 et
2784 2301 2854 2342 eo
2912 2285 2991 2343 ab
3067 2286 3196 2342 aliis
3261 2287 3329 2344 il-

1673 2372 1801 2429 lum
1833 2374 2208 2445 sejungimus
2244 2393 2258 2443 ;
2288 2375 2553 2429 siautem
2577 2388 2696 2428 non
2724 2375 2903 2429 modo
2922 2374 3128 2436 homo.
3149 2375 3253 2431 sed
3273 2382 3333 2432 et

1676 2461 2108 2518 irrationabilia
2136 2461 2347 2517 mentis
2380 2462 2692 2535 participia
2713 2467 2930 2534 essent,
2954 2468 3011 2518 et
3036 2462 3327 2519 rationem

1679 2549 1891 2605 merito
1917 2549 2357 2623 participarent:
2389 2566 2509 2606 non
2527 2549 2775 2623 quidem
2812 2557 2976 2606 extra
3004 2551 3329 2623 proceden-

1676 2643 1816 2707 tem,
1857 2639 1960 2694 sed
1992 2638 2050 2695 in
2081 2638 2150 2695 iis
2181 2640 2585 2707 exsistentem;
2607 2644 2785 2712 atque
2811 2637 2892 2694 ita
2907 2654 3029 2696 non
3063 2639 3332 2696 differret

1672 2727 2025 2783 rationabile
2056 2728 2133 2784 ab
2163 2727 2572 2795 irrationabiti,
2616 2725 2723 2782 etsi
2765 2731 3027 2783 mentem
3079 2727 3327 2785 alteram

1674 2832 1804 2871 esse
1834 2816 2169 2872 diceremus
2193 2833 2329 2872 cum
2358 2812 2600 2871 scientia
2639 2831 2893 2887 eamque
2925 2816 3233 2873 scientiam
3259 2833 3330 2873 ex

1675 2912 1892 2969 mente,
1925 2910 1982 2959 et
2013 2920 2176 2959 mens
2206 2904 2379 2960 nobis
2409 2904 2605 2973 inest;
2648 2896 2896 2959 alteram
2930 2910 3131 2960 autem
3166 2922 3328 2961 men-

1674 2997 1791 3048 tem
1807 2993 2139 3048 diceremus
2156 2993 2215 3048 in
2230 2991 2457 3048 caeteris
2471 2990 2834 3047 animalibus
2846 3008 2978 3046 esse
3006 3008 3200 3065 neque
3220 3010 3326 3066 per

1675 3098 1735 3135 se
1750 3080 2010 3150 cogitare
2028 3081 2321 3136 valentem
2339 3096 2530 3153 neque
2546 3079 2808 3135 scientiae
2823 3082 3328 3152 capacem,etdivi

24 3180 147 3243 μώς
177 3170 378 3227 ἣκιστα
400 3163 642 3241 διαφέρον
688 3166 896 3239 λογικόν
919 3165 1130 3237 ἀλόγου,
1197 3170 1289 3218 καὶ
1340 3184 1399 3236 γε
1445 3172 1564 3217 νοῦν

1771 3186 1951 3225 'cmus
1963 3170 2064 3225 ita.
2092 3168 2539 3242 diceremusque
2558 3173 2809 3223 mentem
2823 3185 2951 3223 esse
2968 3167 3255 3225 scientem
3270 3176 3330 3225 et

24 3280 39 3308 ι
122 3260 314 3331 μεν,εἶ
368 3274 529 3328 φαμεν
581 3255 692 3329 μετ’
750 3251 1043 3327 ἔπιστήμης
1108 3249 1255 3324 εἶναι,
1307 3259 1397 3307 καὶ
1441 3255 1562 3305 ταύ-

25 3368 45 3398 ν
70 3345 128 3409 ἐξ
148 3346 314 3399 αὐτοῦ
352 3341 501 3411 εἶναι,
540 3344 687 3396 καὶὸ
744 3341 793 3395 ἕν
839 3342 965 3415 ἡμῖν
1018 3350 1134 3404 νοῦς
1191 3344 1330 3396 ἔστιν
1391 3342 1561 3409 οὗτος,

27 3458 33 3479 ι
82 3431 138 3488 δ’
202 3432 384 3494 ἐντοῖς
420 3432 621 3493 λοιποῖς
670 3436 824 3496 ζώοις
878 3431 1002 3503 μήτ’
1052 3429 1136 3503 ἀφ’
1191 3431 1375 3485 ἑαυτοῦ
1434 3439 1563 3484 νοείν

29 3521 87 3577 δ’
131 3524 432 3595 ἐπιστήμης
484 3518 719 3574 δεκτικόν
766 3517 1028 3593 μηδεμιᾶς
1091 3519 1325 3593 λέγοιμεν
1410 3517 1558 3580 εἶναι,

29 3620 267 3687 ιιροῦμεν
293 3610 352 3662 ἀν
404 3609 586 3676 οὕτως,
642 3614 728 3661 καὶ
768 3617 886 3661 νοῦν
931 3610 953 3644 ³
1004 3612 1092 3661 τὸν
1124 3611 1212 3671 μὲν
1252 3606 1430 3662 εἰδότα
1472 3612 1559 3660 καὶ

31 3704 285 3777 αιουργὸν
337 3698 628 3772 ἐπιστήμης
668 3697 901 3770 λέγοιμεν
934 3696 1014 3760 ἂν,
1068 3700 1155 3750 τὸν
1205 3693 1265 3751 δε
1310 3695 1442 3771 μηδ’
1475 3696 1565 3754 ὑπ’

31 3798 113 3842 τοῦ
158 3785 510 3861 δεδυνημένον
561 3788 608 3823 ¹⁰
654 3794 748 3839 τοῦ
794 3787 845 3858 γ’
899 3784 1243 3860 ἒπιστάμένου
1286 3783 1565 3840 πεπαιδεῦ-

33 3898 102 3948 zz,
140 3876 280 3951 μήτε
330 3873 683 3948 δεδιδάχθαι,
743 3880 833 3928 καὶ
879 3877 955 3933 εἴη
989 3874 1050 3926 οἶν
1103 3876 1131 3927 ό
1179 3883 1408 3937 τοιοῦτος
1449 3886 1568 3939 νοῦς

36 3974 114 4020 ἐἶν
178 3966 356 4031 ἄνους,
421 3970 513 4017 καὶ
569 3964 716 4018 πάντ’
803 3963 864 4017 ἂν
932 3964 1037 4016 ἄνω
1111 3970 1202 4017 καὶ
1262 3966 1401 4018 κάτω
1480 3971 1565 4039 γέ-

37 4076 91 4109 το
124 4056 271 4129 (32),
309 4058 398 4106 καὶ
456 4052 656 4115 ἀτόπως
713 4050 833 4116 ἔξει,
892 4055 997 4123 εἶγε
1050 4051 1201 4125 λόγον
1239 4058 1329 4127 μὲν
1385 4055 1569 4127 ἄλογον

38 4163 195 4217 ημεν,
237 4151 357 4195 νοῦν
395 4139 449 4195 δ’
487 4144 663 4197 ἄνουν.
717 4141 865 4196 Ἀλλ’
928 4140 1056 4193 ἰτέον
1107 4142 1193 4194 ἐπὶ
1234 4146 1293 4194 τό
1346 4154 1570 4217 πρῶτον,

43 4239 75 4293 ὴ
109 4238 206 4286 καὶ
250 4233 499 4293 ζητητέον
547 4233 671 4305 ἡμῖν
732 4231 915 4303 ἔφαμεν
967 4231 1009 4266 ¹¹
1062 4228 1210 4297 εἶναι,
1270 4234 1403 4294 ὅπως
1458 4234 1573 4287 ποτ’

49 4328 233 4396 στήμη
278 4317 519 4379 δηλονότι
575 4327 684 4382 τοῖς
728 4316 895 4392 μηδεν
945 4316 1209 4392 μηδαμῶς
1251 4327 1367 4397 περὶ
1414 4322 1574 4386 αὐτῆς

42 4418 164 4463 όσιν
188 4411 333 4462 ἔστιν
358 4409 675 4482 ἐγγινομένη.
732 4410 892 4479 Τάχα
939 4411 1063 4482 γὰρ,
1124 4409 1169 4462 εἰ
1211 4415 1283 4481 μὴ
1344 4410 1398 4474 ἐξ
1456 4412 1571 4465 ἀνα.

1673 3259 1930 3315 scientiae
1957 3258 2331 3325 ef‘tectricem,
2368 3259 2613 3313 alteram
2647 3262 2868 3324 autem,
2896 3273 3033 3330 quae
3065 3274 3184 3314 non
3216 3275 3323 3331 po-

1674 3353 1783 3404 test
1811 3350 1889 3403 ab
1918 3349 2048 3420 ipsa
2078 3348 2297 3403 sciente
2318 3345 2518 3403 doceri
2562 3361 2757 3419 neque
2797 3346 3029 3413 instrui,
3079 3354 3136 3403 et
3181 3347 3331 3404 foret

1673 3437 1803 3493 talis
1834 3453 2005 3493 mens
2029 3436 2203 3510 quasi
2230 3452 2460 3506 amens,
2499 3441 2554 3491 et
2601 3434 2808 3492 omnia
2863 3434 3087 3509 susque
3133 3435 3331 3509 deque

1671 3532 1907 3581 ruerent
1924 3532 1980 3582 et
1997 3525 2244 3582 ridicula
2266 3540 2698 3599 promeremus,
2725 3524 3021 3598 siquidem
3046 3528 3330 3583 rationem

1671 3615 2071 3671 irrationalem
2087 3631 2367 3688 ponerem
2379 3619 2724 3680 us,mentem
2740 3629 2876 3669 vero
2890 3620 3185 3671 amentem
3198 3618 3331 3673 .Sed

1674 3704 1750 3759 aut
1776 3706 2037 3776 primum
2065 3705 2331 3760 eundum
2362 3703 2528 3777 quod
2550 3702 2726 3758 nobis
2749 3702 3173 3775 inquirendum
3198 3722 3329 3779 esse

1673 3794 1959 3862 diximus,
1983 3795 2293 3866 quomodo
2324 3794 2568 3849 scientia
2602 3792 2658 3847 in
2686 3790 2756 3846 iis
2800 3792 2902 3862 qui
2940 3793 3013 3848 de
3061 3811 3134 3850 ea
3184 3792 3332 3850 nihil

1674 3886 1988 3949 noverunt,
2018 3880 2381 3939 eﬂ'ormetur.
2420 3884 2586 3937 Forte
2616 3881 2799 3952 enim,
2832 3882 2945 3937 nisi
2969 3899 3035 3937 ex
3060 3883 3330 3939 recorda-

1679 3972 1853 4035 tione,
1890 3984 2010 4024 non
2041 3970 2282 4027 aliunde
2302 3987 2429 4027 esse
2452 3972 2771 4031 videretur.
2796 3972 3046 4041 Siigitur
3084 3970 3333 4026 scientia

1678 4059 1823 4115 nihil
1844 4058 2004 4115 aliud
2036 4065 2123 4115 est
2146 4076 2330 4133 quam
2363 4078 2571 4117 eorum
2597 4079 2732 4135 quae
2758 4062 2924 4138 prius
2948 4059 3165 4118 animae
3191 4066 3332 4117 nota

1679 4153 1836 4215 sunt,
1868 4149 2217 4218 recordatio,
2246 4154 2301 4205 et
2327 4150 2681 4223 priusquam
2715 4152 2919 4208 anima
2974 4150 3331 4223 corporibus

1679 4237 1847 4293 unita
1876 4239 1992 4303 sit;
2033 4240 2097 4305 si,
2152 4246 2474 4312 postquam
2526 4242 2695 4297 unita
2747 4246 2833 4297 est
2887 4247 2941 4296 et
2982 4240 3331 4311 corporibus

1680 4327 2014 4387 commista.
2049 4329 2829 4402 memoriaquodammodo,
2864 4327 3164 4402 simulque
3193 4345 3330 4383 cum

1681 4432 1752 4471 ea
1827 4415 2084 4471 scientiae
2162 4418 2420 4487 cognitio
2472 4418 2770 4488 abigatur,
2819 4416 3036 4474 deinde
3088 4434 3330 4473 rursum

43 4504 222 4567 ἓσεως,
291 4494 580 4571 οὐδαμόθεν
660 4493 720 4549 ἂν
799 4495 1009 4549 ἄλλοθεν
1076 4494 1269 4561 δόξειεν
1323 4497 1452 4553 εἶναι
1483 4518 1497 4534 δ
1531 4502 1564 4555 εὶ

1826 4520 1961 4561 eam
2009 4506 2214 4563 anima
2272 4507 2478 4564 redeat
2530 4507 2891 4564 memoriam
2948 4514 3005 4565 et
3075 4508 3333 4564 scientiae

1327 4642 1554 4713 Varia:
1601 4645 1951 4714 lectiones.

47 4758 83 4794 ιε
113 4756 484 4831 “grex-addi;
502 4758 629 4831 νέξ,
704 4756 763 4831 ⁸9,
785 4751 916 4831 μηδ’
1030 4759 1076 4809 εἴ
1103 4774 1180 4831 τις
1202 4758 1370 4831 ἕτερον
1403 4761 1528 4816 Vat.

47 4838 84 4881 ἣν
114 4825 359 4887 τόνδεδὴ
384 4849 429 4883 τ.
463 4828 511 4883 λ.
540 4828 673 4883 Vat.
751 4825 898 4884 ³⁷8ἱο
940 4828 1068 4884 Vat.
1099 4825 1368 4889 ἀποσταλη
1404 4832 1576 4887 Vind.

1609 4764 1622 4796 '
1654 4766 1745 4838 καὶ
1765 4763 1892 4838 ὑπὲρ
1918 4763 2079 4838 agnito
2111 4762 2279 4838 addit
2324 4767 2477 4838 V_at.,
2532 4765 2703 4821 bene.

1652 4834 1674 4868 ⁸
1724 4833 1885 4887 ταύτό
1942 4837 2068 4890 Vat.

2782 4767 2804 4801 ⁸
2861 4768 2938 4817 νοί
2998 4764 3124 4819 Vat.
3202 4765 3335 4814 ³και

2146 4837 2169 4872 ⁵
2218 4854 2272 4888 τε
2329 4830 2499 4892 abest
2558 4852 2594 4891 a
2644 4839 2770 4891 Vat.
2846 4838 2865 4870 ⁷
2921 4837 3079 4887 αὑτὸν
3128 4830 3196 4892 δὴ
3244 4839 3334 4886 καὶ

49 4901 551 5006 ῗνὲόριζόμενοιῦόν
580 4900 848 5006 rixantium
867 4899 989 5006 Vr
1024 4900 1090 5006 ,⁸
1121 4897 1245 4953 εἰδε
1286 4906 1358 4974 μὴ
1426 4912 1595 4957 ταῦτα
1646 4905 1762 4961 ἄνθ.
1806 4927 1864 4979 μ,
1922 4904 2050 4959 ἀλλά
2103 4910 2155 4958 τί
2226 4925 2286 4979 γε
2345 4912 2436 4960 καὶ
2495 4906 2661 4979 ἄλογα
2712 4909 2835 4961 Vat.
2916 4909 2937 4941 θ
2978 4925 3093 4966 νους
3160 4905 3329 4961 Vind.

82 4991 102 5006 ο
145 4974 407 5006 ..υνιηέυιηι
491 4987 540 5006 ιιι
742 4988 905 5006 armum
984 4985 1012 5006 ο

49 4967 407 5044 δεδυνημὲνου
443 4972 567 5027 Vai.
647 4967 687 5006 ”
717 4971 905 5042 ἔφημεν
939 4970 1060 5025 Vat.

1528 5088 1748 5156 Notae.

54 5214 145 5285 30)
168 5211 574 5285 Neque‘enim
597 5224 682 5285 ea
704 5214 899 5285 aetate
937 5208 1039 5266 illa
1079 5209 1155 5266 de
1191 5210 1564 5285 quadratura

55 5278 166 5363 buli
189 5278 444 5363 quaestio
462 5282 752 5363 exstincta
800 5278 927 5363 fuit,
957 5296 1094 5363 qua:
1126 5278 1456 5363 antiquitus
1482 5288 1567 5340 tot

55 5353 259 5410 Eclara
286 5353 527 5423 ingenia
575 5356 940 5408 exercuerat.
985 5353 1565 5416 Quorum'virorum

57 5438 264 5495 Lgnum
286 5437 616 5495 sanequam
640 5438 961 5479 numerum
984 5431 1249 5480 recenset
1265 5425 1565 5483 Gerardus

57 5496 206 5551 ιδίας
247 5495 334 5553 De
363 5495 622 5552 scientiis
658 5495 1095 5551 mathematicis
1125 5511 1259 5567 cap.
1296 5500 1379 5553 16.
1413 5496 1442 5569 ς
1476 5500 1563 5565 36,

60 5632 150 5706 31)
179 5635 576 5706 Platonicum.
604 5632 1053 5706 Caeterumhuic
1081 5634 1468 5706 disputationi
1494 5654 1569 5694 ne

61 5650 150 5706 31)
179 5650 576 5693 Platonicum.
604 5650 892 5692 caeterum
913 5650 1053 5692 nunc
1081 5650 1174 5693 ais
1221 5650 1468 5696 utauom
1494 5654 1566 5694 ne

61 5714 235 5785 στήμῃ
268 5714 379 5766 oet.
402 5704 623 5767 adhibe
647 5704 1015 5764 Aristotelem
1036 5700 1099 5764 in
1126 5650 1274 5774 εῗι,
1328 5705 1566 5768 Nic-om.

1675 5227 1810 5282 cap.
1841 5213 1892 5275 ϐ,
1928 5225 1988 5282 ρ.
2016 5211 2121 5268 105
2155 5223 2288 5282 sqq.
2318 5206 2480 5282 Sylb.

1771 5282 1858 5351 5'2)
1929 5277 1974 5338 ἰ.
2009 5296 2060 5335 e.
2121 5277 2608 5351 cori/:zderentur,
2675 5278 3199 5351 perturbarentur,
3273 5285 3339 5351 ut

1674 5347 1904 5426 passim
1921 5347 2432 5426 usurpantOptimi
2458 5347 2700 5426 quique.
2731 5348 2843 5426 sed
2867 5347 3120 5426 formula
3165 5347 3332 5426 varie

1676 5419 1928 5481 tractata
1948 5427 2005 5478 et
2020 5419 2291 5495 pluribus
2317 5419 2673 5495 γοερῇ-Μόὶ
2705 5420 2901 5495 solita,
2931 5420 3049 5495 vid.
3070 5421 3332 5492 Zenoph.

1678 5495 1897 5565 Cyrop.
1929 5495 1974 5555 Ι,
2008 5490 2061 5565 3,
2091 5493 2122 5546 4
2152 5512 2166 5561 ;
2203 5490 2437 5565 Luctani
2458 5491 2663 5565 Timon
2691 5533 2702 5546 .
2728 5490 2789 5547 d.
2819 5495 2889 5547 94
2917 5510 2929 5555 ;
2968 5490 3333 5547 νίιαν.αιιει.

1678 5561 1745 5623 96
1798 5561 1935 5637 Bip.
1966 5564 2222 5637 Platon.
2270 5563 2441 5637 (ξονσ-
2505 5561 2673 5637 δέοι
2707 5566 3020 5637 ‘(p.__482_,
3101 5578 3161 5633 p.
3232 5566 3336 5620 115

1678 5631 1890 5694 Ηοίηόῖ
1930 5635 1972 5705 ),
1998 5631 2422 5706 ίρἰμῖίῐιάοὶέ.
2456 5631 2727 5690 ριἨθίῐιά
2769 5631 2787 5704 ξ
2819 5631 3113 5695 Ρὴιεάοη
3138 5648 3195 5706 p.
3248 5637 3336 5702 96,

1691 5693 1793 5764 {72
1822 5693 1970 5781 seqi'
1990 5693 2203 5763 Heind.
2251 5693 2354 5778 huj
2366 5720 2558 5778 usque
2579 5709 2704 5783 not.
