3932 6326
41 404 158 459 425

1249 400 1411 458 ADV.
1451 399 1804 460 PLOTINUM
1841 401 1933 462 DE
1985 405 2212 465 ANIMA

3249 411 3386 465 1426

32 528 420 602 νποτιθεμίνους
470 525 500 587 ἣ
547 524 862 597 ἐννοοῦντας,
919 525 1012 579 οὐκ
1076 527 1188 580 ἔστι
1255 533 1436 580 τοῦτον
1511 527 1599 578 τὸν
1682 529 1871 602 τρόπον
1939 551 1954 566 ο
2008 536 2139 606 μήτε
2203 551 2262 605 γε
2320 535 2409 586 καὶ
2465 535 2550 586 τὸν
2605 538 2724 585 νοῦν
2784 533 3085 606 φθείρεσθαι
3146 534 3385 588 τίθεσθαι

29 622 104 671 .ui
134 621 290 684 νοεῖν,
315 615 492 670 Ἔστιν
527 610 615 668 οὖν
654 611 732 669 ἀεὶ
760 619 850 668 καὶ
889 613 1154 688 ἐπιστήμη
1195 621 1342 668 πᾶσα
1362 621 1452 668 xui.
1481 617 1510 676 ἡ
1540 615 1656 668 κατ’
1685 615 1847 677 αὐτὴν
1867 626 2046 695 μνήμη
2079 627 2166 675 xui
2195 626 2377 687 νόησις
2407 621 2455 674 ἐν
2483 621 2660 694 ψυχή’.

88 705 161 772 ς’.
213 707 414 759 Τούτου
475 701 530 759 δ’
579 708 723 767 ὄντος
769 710 860 758 καὶ
905 701 1370 778 ἀποδεδειγμένου,
1412 704 1531 758 οὔτε
1570 707 1625 758 τὸ
1656 709 1703 761 Α

29 797 489 870 ιναμιμήσκεσθαι
563 806 658 853 την
733 794 921 868 ψυχὴν
1001 798 1142 851 ἔστιν
1198 792 1463 869 οὐδαμῶς,
1511 802 1628 848 οῦτε

33 891 64 939 ὁ
100 887 491 961 προϋφεστάναι
520 886 716 943 ταύτην
764 893 856 938 τοῦ
910 885 1044 948 ζὼου
1097 893 1190 940 τοῦ
1238 889 1627 960 μετεσχηκότος

27 977 184 1039 ιύτῆς
235 996 250 1011 ο
303 976 456 1030 πόθεν
511 969 562 1028 δ’
611 976 849 1051 ἐτέρωθεν
927 976 1050 1048 ἡμῖν
1119 977 1168 1012 ³⁸
1228 974 1525 1029 ἀπαντῶσιν
1571 979 1626 1031 αἱ

29 1066 55 1101 9
147 1063 438 1137 ἐπιστῆμαι
516 1059 684 1138 μηδὲν
767 1069 1012 1141 πρότερον
1079 1070 1193 1140 περὶ
1277 1052 1444 1118 αὐτῶν
1492 1060 1628 1118 εἰδό-

25 1173 101 1206 πιν
145 1172 160 1222 ;
213 1153 360 1227 Ἐμοὶ
435 1149 625 1224 δοκεῖν,
699 1155 778 1206 ὅτι
835 1157 1010 1228 ὡσπερ
1063 1158 1128 1208 σὺ
1181 1151 1628 1230 προδημιουργῶν

25 1246 109 1305 ὰς
169 1241 355 1314 ψυχὰς
433 1251 533 1296 τῶν
565 1245 840 1316 ¹σωμείτοιὶν
896 1241 1058 1316 λέγεις
1087 1249 1158 1317 μὴ
1221 1244 1441 1316 ἀμαθεῖς
1495 1239 1630 1318 μηδ’

25 1332 189 1386 ιύτῶν
267 1339 368 1385 τῶν
449 1330 748 1406 ἐπιστημῶν
833 1329 982 1402 εἶναι,
1064 1332 1167 1385 ἀλλ’
1257 1333 1306 1386 ἐν
1387 1333 1494 1406 ζωῇ
1553 1349 1632 1389 τε·

23 1427 127 1494 .είᾳ
213 1421 262 1458 ⁸ο
325 1420 494 1494 τελείῳ
577 1418 636 1475 δε
721 1427 809 1476 καὶ
868 1429 938 1492 νῷ
1005 1423 1049 1458 ³¹
1102 1422 1371 1493 τελούσας,
1437 1421 1628 1486 τελείας

27 1507 168 1579 ἶναι,
251 1517 342 1566 xui
415 1512 463 1548 ³³
542 1517 724 1571 νόησιν
832 1518 1008 1566 πᾶσαν
1108 1519 1198 1566 καὶ
1303 1512 1622 1586 ἐπιστήμην,

24 1602 153 1654 ιῦτω
187 1598 253 1661 δὴ
304 1600 464 1674 κάμοὶ
515 1598 956 1676 ἀποδεδειγμένου
1017 1600 1434 1674 συγγεγένῆσθαι
1493 1610 1621 1655 ταύ-

21 1711 112 1753 ἀς
156 1695 247 1745 καὶ
303 1693 662 1767 συνυπάρχειν
716 1699 826 1756 τοῖς
892 1695 1180 1766 μετεχουσι
1230 1693 1402 1763 ζώοις,
1470 1688 1620 1747 οὐδὲν

22 1779 229 1834 ’λαττον
269 1781 469 1842 ταλείας
529 1783 685 1842 οὔσας
741 1781 880 1842 ζωὴν
928 1786 1016 1834 καὶ
1068 1789 1206 1850 νοῦν,
1253 1781 1448 1845 τελείας
1490 1779 1620 1836 εἶναι

21 1875 108 1923 iui
171 1876 264 1930 τὴν
345 1871 636 1943 ἐπιστήμην
680 1872 728 1907 ⁸³
777 1877 867 1924 καὶ
908 1877 1002 1932 τὴν
1071 1881 1264 1946 γνῶσιν
1319 1873 1480 1938 αὐτῆς
1547 1874 1616 1930 ³⁵.

25 1968 76 2014 Η
141 1965 281 2024 τίνος
336 1961 494 2034 ἕνεκεν
542 1961 648 2035 ούχ
707 1963 866 2024 οὕτως
911 1979 924 2030 ;
983 1962 1118 2017 Ἀλλ’
1186 1959 1396 2027 οὐδενὸς
1451 1961 1618 2038 οἶμαι,

1808 711 1862 766 6.
1903 711 2047 776 Quae
2079 728 2205 768 cum
2236 712 2466 778 itasint,
2497 711 3047 768 utdemonstratum
3063 715 3386 786 est,neque

1735 799 2035 856 recordari
2061 802 2329 858 animam
2386 800 2828 857 admittendum
2877 805 2964 857 est
3009 817 3206 874 neque
3249 818 3385 858 eam

1737 887 1984 945 animali
2009 906 2142 948 eam
2184 890 2505 948 continenti
2532 890 2955 962 prasexsistere.
2982 890 3150 945 Unde
3182 895 3386 948 autem

1735 985 2057 1036 occurrunt
2097 979 2354 1036 scientiae
2374 979 2552 1036 nobis
2579 979 2744 1052 prius
2807 978 2954 1036 nihil
3010 977 3333 1036 scientibus
3357 981 3387 1040 ?

1739 1068 1808 1122 Ut
1837 1068 1982 1126 mihi
2040 1070 2296 1137 videtur,
2347 1068 2867 1142 quemadmodum
2916 1073 2998 1138 tu,
3055 1070 3386 1127 animarum

1736 1158 2276 1231 prteexsistentiam
2308 1159 2554 1226 docens,
2576 1174 2677 1214 eas
2691 1173 2812 1214 non
2827 1157 3388 1228 scientiarumigna-

1738 1263 1836 1304 ras
1866 1249 2034 1317 dicis,
2087 1251 2195 1306 sed
2252 1251 2542 1323 quoniam
2603 1250 2718 1306 vita
2779 1248 3038 1323 perfecta
3084 1254 3139 1305 et
3193 1253 3389 1308 mente

1738 1337 1999 1411 perfecta
2038 1339 2302 1412 praeditas
2335 1340 2468 1406 sint,
2511 1339 2804 1413 perfectas
2847 1354 3090 1412 quoque
3142 1355 3270 1395 esse
3297 1355 3393 1396 co-

1736 1426 2020 1495 gitatione
2047 1444 2116 1483 ac
2145 1427 2410 1492 scientia,
2437 1428 2518 1484 ita
2575 1428 2721 1484 mihi
2771 1427 3254 1483 demonstratum
3304 1433 3392 1484 est

1733 1530 1836 1572 eas
1865 1517 2148 1574 connasci
2217 1523 2273 1574 et
2327 1517 2589 1589 incipere
2662 1533 2785 1573 una
2837 1533 2974 1574 cum
3023 1517 3388 1574 animalibus

1730 1619 1864 1675 quae
1891 1621 1994 1662 eas
2024 1606 2348 1680 accipiunt,
2397 1611 2615 1662 etcum
2666 1605 3056 1663 nihilominus
3117 1605 3392 1678 perfectas

1729 1695 1847 1750 sint
1879 1695 2000 1752 vita
2030 1711 2100 1752 ac
2129 1702 2346 1766 mente,
2395 1695 2476 1752 ita
2534 1694 2826 1766 perfectas
2871 1710 2998 1750 esse
3051 1693 3295 1752 scientia
3337 1701 3396 1754 et

1729 1783 2088 1853 cognitione.
2120 1788 2448 1858 Autquarc
2475 1798 2599 1840 non
2641 1782 2803 1840 idita
2855 1784 3056 1840 esset?
3102 1781 3388 1841 Profectov

1727 1877 1792 1927 ut
1829 1873 2063 1945 opinor,
2099 1889 2294 1948 neque
2321 1878 2385 1930 tu
2411 1872 2778 1930 contrarium
2805 1871 3055 1942 diceres,
3077 1871 3392 1944 nequede-

1728 1966 2122 2026 monstrares.
2139 1965 2336 2020 Restat
2358 1962 2539 2032 igitur
2552 1973 2637 2028 ut,
2655 1960 3180 2034 quemadmodum
3199 1961 3394 2034 ipsum

34 2046 135 2103 ,Ὧδ’
194 2050 212 2066 Ο
347 2054 357 2068 1
501 2055 513 2070 ρ
653 2047 740 2105 .’δσ
796 2051 815 2070 Ο
973 2052 1012 2088 tr
1249 2059 1258 2069 ι
1522 2060 1532 2071 ο

19 2074 68 2104 u
189 2071 248 2104 αν
301 2070 368 2103 συ
421 2071 576 2125 φαίης
625 2071 682 2104 ον
792 2072 852 2104 αν
902 2050 1116 2118 δειταις.
1167 2059 1412 2108 Λειπεται
1452 2075 1620 2107 τοίνυν

1769 2050 1955 2108 nimal
1983 2050 2140 2108 hanc
2186 2050 2611 2122 intelligentem
2660 2050 2928 2106 animam
2991 2049 3303 2106 continens
3334 2055 3394 2107 at

19 2143 196 2215 ὅσπερ
262 2139 388 2193 αύτό
468 2143 528 2193 τὸ
620 2141 750 2202 ζῶον
837 2143 902 2193 τὰ
961 2149 1140 2218 νοερᾶς
1195 2147 1392 2206 ταύτης
1436 2143 1622 2216 ψυχῆς

17 2233 264 2302 ιετίχον,
360 2229 656 2293 αἰσθήσεως
730 2229 783 2282 ὃν
867 2234 1016 2302 ζῶον,
1088 2228 1238 2285 οὐδὲν
1294 2235 1384 2307 μὶν
1439 2231 1622 2287 τέλειον

17 2320 157 2370 εοετά
234 2321 427 2377 ταύτην
506 2322 600 2378 τὴν
693 2321 946 2377 αἴσθησιν
1025 2318 1233 2396 ἐνεργεῖ,

17 2408 344 2464 κίσθητικῶν
458 2406 688 2482 ὁργάνων
765 2407 1149 2482 τετελεσμένων,
1257 2412 1624 2484 προαχθέντων

17 2491 66 2548 5"
108 2495 176 2556 εἰς
207 2503 358 2548 τοῦτο
395 2495 590 2562 τιλους,
653 2495 756 2549 τότ’
803 2495 915 2550 ἐστὶ
981 2502 1070 2550 καὶ
1122 2483 1308 2560 παντὸς
1368 2506 1459 2550 τοῦ
1511 2483 1624 2552 κατ’

15 2586 278 2642 αἴσθησιν
310 2583 694 2652 ἀντιληπτικὸν,
725 2586 858 2638 οὕτω
899 2582 967 2644 δὴ
1029 2591 1119 2640 xui
1175 2595 1310 2658 νοῦν,
1365 2587 1416 2650 ἐξ
1468 2587 1627 2649 αὐτῆς

1315 2325 1472 2392 μήπω
1525 2330 1623 2374 τῶν

15 2673 204 2749 ἀρχῆς
251 2672 656 2748 ἀναμεμιγμένον
733 2680 824 2728 xui
884 2681 1388 2753 συνανακεκραμένον
1441 2677 1626 2736 αἰσθή-

15 2783 94 2817 τει
145 2768 236 2816 καὶ
308 2770 529 2836 σώματι,
611 2767 701 2817 καὶ
766 2763 953 2818 τέλειον
1003 2765 1127 2818 ὁντα
1189 2767 1305 2818 κατ’
1366 2765 1496 2819 ἄλλα
1540 2760 1628 2819 καὶ

13 2854 178 2910 κὺτὴν
249 2856 342 2911 τὴν
431 2851 747 2925 ἐπιστήμην,
819 2851 1018 2919 τελείων
1091 2850 1300 2909 δεῖσθαι
1375 2860 1465 2908 καὶ
1530 2864 1630 2912 τῶν

13 2943 270 3016 Ξργάνων,
322 2938 395 2995 δι’
447 2963 516 2994 ων
569 2941 630 2996 ἂν
683 2947 772 2996 xui
827 2945 959 3015 μετά
1015 2948 1255 3017 σώματος
1322 2941 1486 3008 δείξοι
1537 2948 1632 3037 τὴν

14 3055 49 3084 ν
143 3031 324 3095 αύταίς
380 3031 693 3107 ἐπιστήμαις
746 3029 969 3106 δύναμιν
1039 3033 1198 3086 αὐτοῦ
1257 3035 1303 3070 ³⁸
1349 3040 1438 3088 xui
1493 3029 1633 3110 ivép:

11 3140 190 3193 γειαν.
277 3118 517 3197 ’Ὄργανα
597 3117 648 3174 δ’
725 3120 808 3176 ἐπὶ
883 3125 1095 3185 ταύταις
1162 3121 1256 3176 εἶεν
1311 3123 1372 3176 ἄν
1418 3123 1628 3206 ψυχῆς,

11 3209 312 3285 τορρώτερα
371 3213 487 3284 μεν,
557 3212 812 3274 αἴσθησις
869 3216 962 3264 xui
1028 3213 1055 3270 ἰ)
1116 3211 1169 3276 ἐξ
1219 3212 1383 3274 αὐτῆς
1439 3233 1630 3287 φαντα-

11 3319 127 3368 για,

209 3301 366 3362 αὐτῆς
439 3301 487 3336 ³⁸
573 3296 622 3353 δ’
698 3301 844 3364 εὐθὺς
916 3300 1174 3374 ἐξημμίνα
1267 3304 1530 3364 κάκείναις
1575 3305 1618 3338 ³⁷

1732 2139 2035 2206 sensibile,
2063 2140 2212 2198 nihil
2243 2145 2441 2197 tamen
2509 2138 2836 2211 perfectum
2894 2153 2999 2210 per
3055 2137 3169 2194 hos
3227 2139 3393 2210 ipsos

1732 2245 1947 2286 sensus
2002 2234 2305 2302 operatur,
2401 2227 2676 2286 nondum
2743 2225 3018 2300 perfectis
3101 2241 3393 2285 sensuum

1733 2320 2007 2390 organis;
2027 2323 2352 2392 postquam
2374 2324 2575 2374 autem
2591 2316 2667 2372 ad
2684 2316 3111 2389 perfectionem
3130 2313 3249 2371 add
3259 2320 3394 2371 ueta

1735 2413 1892 2480 sunt,
1926 2412 2066 2465 tunc
2087 2407 2358 2465 omnium
2381 2422 2516 2478 quae
2561 2405 2896 2462 secundum
2947 2419 3191 2462 sensum
3253 2409 3394 2463 sunt

1735 2514 1928 2570 caan
1967 2502 2074 2564 est,
2106 2498 2188 2553 ita
2229 2501 2285 2553 et
2317 2511 2485 2552 mens
2526 2495 2603 2552 ab
2650 2494 2817 2550 initio
2847 2493 3114 2552 immista
3143 2497 3200 2550 et
3244 2509 3391 2550 con-

1735 2587 1869 2644 fusa
1895 2604 2034 2644 cum
2066 2587 2341 2644 sensibus
2408 2590 2465 2642 et
2517 2600 2788 2658 corpore,
2841 2583 2946 2640 etsi
3006 2582 3266 2656 perfecta
3321 2583 3395 2641 sit

1735 2676 1981 2750 reliquis
2003 2682 2062 2733 et
2097 2678 2230 2750 ipsa
2255 2675 2522 2743 scientia,
2573 2673 2848 2748 perfectis
2905 2680 3108 2730 tamen
3146 2671 3390 2743 organis

1738 2771 1909 2837 egeat
1934 2783 2040 2839 per
2069 2782 2206 2840 quae
2227 2763 2406 2822 simul
2445 2781 2585 2820 cum
2618 2779 2874 2836 corpore
2912 2761 3187 2819 ostendat
3215 2777 3392 2818 suam

1739 2856 1798 2912 in
1826 2857 1959 2929 ipsa
1990 2855 2237 2912 scientia
2291 2855 2568 2911 virtutem
2627 2857 2684 2909 et
2744 2851 3097 2908 efﬁcaciam.
3154 2851 3392 2921 Organa

1740 2949 1943 3002 autem
1970 2944 2042 3000 iis
2072 2943 2452 3000 inservientia
2472 2958 2608 3014 quae
2623 2940 2861 3011 longius
2885 2939 2963 2997 ab
2983 2940 3186 2997 anima
3209 2943 3388 3010 stant,

1740 3039 1879 3091 sunt
1908 3049 2116 3089 sensus
2151 3037 2206 3089 et
2235 3031 2593 3105 phantasia;
2621 3046 2757 3103 quae
2792 3035 2990 3086 autem
3019 3029 3134 3100 ipsi
3170 3027 3388 3084 anima:

1739 3110 2054 3180 adhmrent
2096 3129 2153 3178 et
2187 3119 2663 3194 praecedentibus
2695 3119 2874 3175 mista
2894 3123 3050 3183 sunt,
3111 3116 3387 3187 cogitatio

1737 3217 1793 3269 et
1837 3212 2064 3284 opinio.
2123 3209 2362 3268 Talibus
2447 3207 2690 3279 organis
2729 3223 2901 3264 mens
2967 3205 3278 3262 scientiam
3323 3205 3386 3260 in

1733 3301 2092 3374 corporibus
2119 3305 2420 3374 operatur,
2466 3304 2522 3354 et
2575 3302 2730 3354 recte
2783 3295 3027 3369 quidem
3082 3299 3381 3368 operatur,

11 3391 195 3454 ιικτὰ,
252 3385 460 3443 διάνοια
507 3394 599 3442 xui
652 3385 804 3453 δόξα.
867 3392 1014 3444 Μετὰ
1069 3398 1168 3442 τῶν
1218 3393 1462 3444 τοιούτων
1509 3400 1620 3454 νοῦς

1769 3390 1981 3461 nando
2026 3394 2182 3446 recte
2208 3405 2271 3444 se
2299 3387 2524 3445 habent
2547 3387 2646 3442 illa
2671 3401 2902 3455 organa
2951 3403 2966 3454 ;
3006 3384 3154 3440 nihil
3185 3389 3385 3440 autem

11 3482 307 3550 τπιστὴμας
360 3476 407 3530 ἐν
473 3485 604 3541 τοῖς.
643 3483 881 3551 σώμασιν
973 3476 1162 3553 ἐνεργεῖ
1217 3499 1231 3514 ι

11 3571 97 3621 [sv
155 3564 230 3634 εὖ,
287 3567 454 3630 καλῶς
527 3565 593 3626 δὴ
646 3572 736 3620 xui
790 3575 890 3620 τῶν
955 3569 1187 3644 ὀργάνων
1243 3569 1438 3621 τούτων
1497 3571 1620 3641 ἓχόν

11 3677 107 3709 ’ων
139 3656 187 3691 ³⁸
217 3677 230 3690 ·
261 3652 411 3710 οὐδὲν
454 3653 508 3710 ὃ*
561 3657 797 3731 ἄριστον,
847 3663 939 3709 τοῦ
993 3655 1209 3730 ἀρίστου
1247 3677 1304 3730 γε
1345 3662 1436 3710 xui
1502 3661 1618 3710 τού-

11 3766 106 3798 ’ων
133 3743 564 3818 ἀπολειπομένων.
603 3748 777 3819 Ταύτῃ
829 3765 912 3799 τοι
966 3750 1056 3798 xui
1094 3748 1240 3798 ἔστιν
1295 3745 1344 3798 ἐν
1401 3747 1478 3808 οἷς
1528 3749 1618 3819 μεν

11 3832 218 3896 ιύὸενός
295 3842 394 3887 τῶν
474 3833 804 3908 βοηθούντων
873 3833 1022 3896 ἐκτὸς
1071 3831 1264 3903 δεῖται,
1310 3834 1418 3888 ἀλλ’
1463 3836 1619 3899 αὐτὸς

11 3931 258 3999 ιποχρῶν
319 3922 458 3976 ἐστιν
515 3923 706 3995 ἐαυτῷ,
763 3932 856 3977 τοῦ
934 3923 1373 3998 ἐπιπροσθοῦντος
1427 3929 1618 3986 παντὸς

11 4020 183 4088 ὖσπερ
234 4011 506 4084 ἀνακύψας
564 4034 578 4048 ν
650 4011 700 4066 ἐν
757 4013 832 4077 οἷς
890 4009 950 4067 δε
997 4019 1086 4068 xui
1146 4021 1238 4068 τοῦ
1294 4013 1616 4087 βοηθοῦντος

11 4104 192 4168 ’ἔωθεν
237 4099 427 4166 δεῖται,
491 4104 597 4174 ούχ
642 4105 708 4164 ὡς
769 4101 1167 4175 ἐπιλελησμένος
1213 4111 1312 4157 τῶν
1359 4123 1615 4178 προεγνω-

11 4195 215 4247 ηιένων
244 4191 384 4262 αὐτῷ
427 4187 618 4257 δεῖται,
661 4191 772 4244 αλλ’
829 4191 964 4246 ὥστε
1014 4196 1071 4245 τὸ
1129 4192 1460 4268 προπλασθὲν
1511 4197 1612 4245 πᾶν

1288 3483 1378 3531 xui
1432 3478 1624 3554 ἐνεργεῖ

11 4287 99 4337 iui.
154 4284 379 4357 κρύπτον
435 4281 592 4344 αὐτὸς
655 4287 850 4355 σαρκὸς
895 4284 1064 4355 πάχει
1112 4283 1160 4318 ⁸³
1213 4287 1302 4336 xui.
1357 4282 1482 4344 ὕλης
1523 4303 1611 4356 μι-

11 4377 162 4426 θέντα
219 4367 510 4430 δυνηθῆναι
561 4372 736 4446 ῥᾷστα
784 4370 942 4446 ῥῆξαι
1009 4376 1099 4424 xui
1163 4370 1472 4438 ἀποθέσθαι,
1521 4377 1611 4425 xui

11 4461 237 4534 ;αοςίπερ
286 4467 387 4534 πῦρ
463 4465 675 4532 σώμασι
742 4457 809 4518 δὴ
869 4479 1007 4514 τισιν
1052 4458 1330 4534 ἐμφαλεῦον
1377 4463 1611 4533 παχυτέο

12 4569 116 4612 ηοις
176 4556 237 4621 τῇ
298 4551 444 4611 ἐκτὸς
491 4548 663 4622 πληγῇ
726 4547 1026 4621 ἐκραγῆναι,
1098 4554 1188 4602 καὶ
1246 4554 1302 4603 τὸ
1361 4550 1410 4604 ἐν
1467 4550 1606 4620 αύτῷ

11 4641 290 4692 γνωστικόν
369 4646 476 4710 φῶς
557 4640 678 4691 ὅσον
749 4641 836 4692 xui
887 4636 1012 4706 οἷον,
1074 4637 1369 4712 ἐπιστήμην
1429 4645 1606 4694 πᾶσαν

1731 3478 1988 3550 excellit,
2015 3478 2123 3534 ubi
2155 3494 2227 3536 ea
2246 3494 2365 3533 non
2425 3476 2731 3533 excellunt.
2778 3475 2942 3531 Unde
2992 3475 3060 3530 ﬁt
3113 3478 3179 3529 ut
3217 3473 3382 3529 nullo

1729 3572 1974 3624 externo
2007 3566 2228 3623 auxilio
2254 3566 2538 3636 indigeat,
2569 3566 2675 3621 sed
2701 3563 2812 3620 sibi
2838 3564 2970 3636 ipsa
3003 3561 3280 3627 sufficiat,
3303 3561 3382 3617 ab

1729 3657 2012 3714 omnibus
2041 3655 2368 3712 obstaculis
2391 3672 2566 3728 quasx
2623 3670 2934 3724 emergens
2985 3670 2997 3708 :
3055 3651 3382 3725 aliquando

1728 3750 1927 3802 autem
1959 3751 2202 3802 externo
2228 3745 2451 3801 auxilio
2489 3743 2734 3814 indiget,
2789 3759 2906 3798 non
2968 3741 3134 3814 quod
3194 3741 3380 3796 oblita

1727 3836 1802 3892 sit
1830 3851 2039 3890 eorum
2069 3851 2205 3906 quae
2226 3835 2390 3906 prius
2424 3837 2690 3900 noverat,
2715 3832 2819 3888 sed
2859 3838 2922 3888 ut
2951 3835 3083 3887 ante
3105 3845 3167 3885 se
3224 3830 3380 3902 plas-

1727 3929 1960 3980 malum
1991 3923 2139 3980 illud
2163 3922 2330 3996 quod
2360 3938 2496 3978 eam
2531 3921 2726 3977 carnis
2750 3919 3016 3976 crassitie
3046 3917 3378 3974 circumdat

1725 4017 1782 4070 et
1805 4012 2116 4068 materiam
2145 4011 2524 4068 commistam
2550 4009 2722 4066 facile
2746 4008 2944 4064 valeat
2990 4007 3264 4076 frangere
3303 4022 3374 4061 ac

1722 4103 2044 4178 deponere,
2062 4101 2649 4175 etquemadmodum
2668 4099 2823 4169 ignis
2837 4097 3203 4172 quibusdam
3216 4113 3376 4153 cras-

1723 4193 1980 4250 sioribus
2027 4193 2351 4262 involutus,
2403 4197 2647 4248 externo
2695 4190 2834 4257 ictu,
2893 4187 3260 4259 eii‘ringatur,
3318 4191 3375 4244 et

1719 4283 1864 4340 illud
1887 4282 2176 4339 noscendi
2201 4282 2406 4338 lumen
2439 4280 2687 4354 quodin
2717 4296 2789 4336 ea
2823 4283 2932 4347 est,
2973 4282 3271 4350 quantam
3317 4283 3374 4334 et

1718 4372 1962 4446 qualem
1983 4371 2292 4428 scientiam
2311 4368 2642 4443 adimplere
2662 4369 2874 4442 possit,
2889 4367 3182 4423 ostendat.
3208 4366 3366 4433 ldeo,

1719 4467 1780 4518 ut
1806 4461 2088 4530 diximus,
2117 4459 2746 4532 sensusetphantasiaa
2763 4474 2836 4514 ex
2866 4473 2936 4513 eo
2967 4455 3366 4530 procedentis,

1717 4550 1894 4607 simul
1914 4555 1970 4607 et
1995 4548 2368 4620 cogitationis
2386 4563 2457 4604 ac
2471 4546 2791 4620 opinionis,
2821 4547 2899 4602 ad
2927 4546 3154 4602 entium
3183 4544 3368 4600 scien-

1715 4639 1859 4698 tiam
1889 4639 2452 4710 cogitationemque,
2483 4652 2599 4709 opc
2625 4636 2892 4706 indigere
2913 4635 3168 4704 videtur,
3207 4651 3364 4708 quae,

11 4729 230 4801 πληροῦν
262 4722 450 4791 δεῖξαι.
482 4729 579 4781 Διά
614 4734 767 4780 τοῦτο
820 4732 909 4780 xui
950 4727 1016 4779 ὧν
1073 4730 1261 4802 ἔφημεν
1310 4729 1604 4792 αἰσθήσεώς

1769 4730 1895 4786 tita
1915 4728 2135 4799 dicam,
2189 4743 2324 4784 eam
2374 4725 2588 4782 feriunt
2643 4725 2893 4781 materia
2939 4722 3271 4780 involutam
3311 4726 3368 4777 et

19 4839 43 4873 ε
72 4822 169 4870 xui
188 4825 279 4878 τῆς
305 4815 356 4880 ἐξ
387 4816 549 4880 αὐτῆς
607 4821 896 4891 φαντασίας
945 4817 1055 4890 ἅμα
1104 4815 1163 4872 δὲ
1228 4823 1317 4871 xui
1372 4815 1604 4881 διανοίας

12 4911 84 4961 ,αἱ
119 4902 300 4976 δόξης,
327 4909 458 4981 πρὸς
485 4910 580 4966 τὴν
618 4915 718 4960 τῶν
771 4907 928 4959 ὀντων
981 4907 1276 4983 ἐπιστήμην
1328 4912 1418 4961 xui
1467 4916 1603 4981 γνῶ-

11 5017 106 5063 ἰν,
138 4993 187 5047 ἐν
215 4999 375 5069 χρείᾳ
417 4993 590 5055 δήπου
644 4998 908 5058 καθεστώς
948 5001 1199 5074 φαίνεται,
1258 4997 1599 5057 πλησσὸντων

11 5089 174 5160 ἱσπερ
244 5084 401 5138 αύτὸν
481 5083 890 5160 ἐγκεκρυμμένον
950 5094 1010 5158 τῇ
1077 5087 1171 5160 ύλῃ
1225 5090 1315 5140 καὶ
1371 5085 1598 5162 ἀπορρη-

1711 4818 2056 4888 eﬁ‘ringunt,
2089 4814 2294 4887 etejus
2323 4814 2518 4870 lucem
2567 4813 2647 4869 ad
2686 4812 2945 4868 scientias
2999 4808 3365 4881 contempla-

1709 4908 1934 4965 tionem
1954 4905 2524 4974 meditationemque
2570 4905 2844 4958 evocant.
2877 4899 3040 4965 Inde,
3068 4913 3206 4954 mea
3229 4896 3362 4969 qui-

1707 4998 1845 5054 dem
1887 4995 2198 5056 sententia,
2231 4992 2493 5049 scientiae
2532 4989 2790 5060 cognitio
2851 4988 3030 5044 nobis
3094 4985 3358 5042 advenit.

1704 5132 1725 5186 Ι

1730 5086 1847 5143 nde
1873 5101 2044 5141 mens
2068 5099 2201 5142 eam
2226 5098 2363 5139 cum
2387 5093 2637 5152 corpore
2665 5078 2884 5149 cogitat
2909 5080 2966 5134 et
2988 5074 3201 5133 rationi
3224 5089 3358 5131 eam

1393 5316 1612 5384 Variae
1660 5314 1969 5384 lections.

57 5593 109 5630 ³⁸
135 5594 366 5664 ὑστέρως
393 5591 562 5649 addit
579 5594 702 5648 Vat.
781 5593 828 5628 ²⁹
857 5594 911 5644 αἰ
935 5591 1103 5664 abest
1129 5608 1165 5648 a
1196 5594 1320 5664 Vat.

11 5664 117 5718 ἷναι
197 5662 288 5721 την
345 5662 518 5719 ἐπιστ.
571 5665 697 5721 Vat.
769 5664 820 5718 3".
883 5663 1017 5718 αὐτὰ
1064 5663 1233 5720 Vind.

11 5740 30 5772 ³
63 5744 170 5788 τῶν
204 5731 262 5788 δε
290 5744 388 5788 τῶν
410 5734 638 5810 ὁργάνων
667 5729 892 5806 ἐχόντων
921 5738 1048 5793 Vat.
1124 5737 1170 5770 39
1203 5736 1356 5806 πάχη
1387 5736 1555 5793 Vind.

1397 5594 1445 5629 ³ο
1483 5593 1688 5655 τελείως
1713 5592 1867 5648 Vind
1878 5633 1892 5648 .

1310 5665 1357 5699 ³⁵
1397 5665 1578 5720 ,αὐτοῦ
1636 5680 1760 5722 non
1816 5668 1908 5721 est
1963 5663 2026 5719 in
2077 5663 2200 5720 Vat.-

1967 5593 2010 5629 ³¹
2050 5593 2128 5643 νοὶ
2159 5592 2301 5647 γει..
2362 5590 2409 5624 ³³
2463 5590 2600 5641 κατά
2646 5586 2831 5644 Vind.
2915 5586 2964 5620 ³³
3012 5589 3104 5638 xui
3156 5583 3352 5644 τελείας

2278 5662 2324 5697 ³⁸⁵
2385 5659 2546 5713 αὐτοῦ
2603 5661 2728 5718 Vat.
2806 5659 2848 5694 ³⁷
2904 5655 3164 5718 κάκείνοις
3219 5657 3348 5725 Vat,
