3932 6326
21 383 115 441 .39
1191 387 1352 442 ADV.
1383 385 1732 444 PLOTiNUM
1770 389 1858 446 DE
1888 391 2129 450 ANlMA.

3212 388 3353 444 1430

21 529 202 578 ακται,
249 514 342 562 καὶ
393 511 484 572 rei;
531 527 591 580 γε
641 509 807 571 λύπας
863 513 953 564 καὶ
1013 507 1208 572 ἡδονὰς
1262 530 1354 562 και
1418 513 1464 562 εἰ
1541 529 1572 562 τ

1809 515 1952 572 nino
1980 517 2060 574 ab
2083 517 2184 578 illo
2211 517 2360 574 velle
2387 515 2674 588 separari.
2706 517 2770 572 Et
2795 513 2954 582 ideo,
3011 514 3079 570 ut
3119 509 3357 588 opinor.

23 606 222 652 ιοῡτον
247 594 596 669 οὐψυχῆςδὴ
654 600 818 670 μόνης
880 595 992 651 ονδ’
1041 595 1104 652 αὖ
1167 606 1432 672 σώματος,
1483 597 1592 651 ἀλλ’

21 695 174 758 ιφοῖν
223 683 351 742 εἶναι
399 687 610 758 λέγομεν
658 686 798 759 (39).
846 687 1002 740 Ἀλλὰ
1056 693 1216 760 μήπω
1256 697 1433 752 τουτο,
1484 687 1590 740 ἀλλ’

21 795 91 850 ἐρ
129 772 403 830 ἐδέδεικτο
444 778 580 828 κατὰ
631 778 786 848 φύσιν
833 775 964 830 εἶναι
1009 775 1188 848 ψυχῆ,
1243 777 1591 848 συνεζεῦχθαι

21 871 215 937 ιματε,
247 885 340 916 και
390 868 462 936 μὴ
505 866 836 918 παντάπασιν
891 865 1074 918 ἐθέλειν
1142 865 1302 918 αὑτοῦ
1356 869 1589 937 κεχωρί-

21 961 120 1008 tau.
168 959 271 1008 Καὶ
295 950 386 1006 διά
412 953 553 1005 τοῦτ’
580 949 727 1024 οἶμαι
779 974 870 1008 και
927 956 1074 1026 ὑμεῖς
1118 953 1200 1007 ἀεὶ
1259 957 1454 1011 ταύτην
1509 937 1588 1006 ἐπ⁹

21 1044 106 1094 στὰ
188 1039 257 1100 δὴ
295 1044 363 1096 τὰ
420 1043 464 1076 ⁵³
530 1048 750 1114 σώματα
807 1047 1066 1116 στρέφετε,
1107 1063 1216 1096 ,και
1262 1043 1356 1095 οὐκ
1417 1041 1590 1115 ἀφίετε

21 1134 178 1189 ;ύτην
199 1131 390 1199 αὐτῶν,
452 1133 514 1191 ὡς
578 1129 726 1194 ἐκτὸς
785 1126 852 1189 δὴ
911 1134 1104 1184 τούτων
1157 1130 1335 1184 ἄλλοθί
1375 1149 1474 1192 που
1512 1135 1584 1203 μὴ

21 1223 281 1292 ιναμένην
349 1216 490 1292 μηδὲ
584 1227 870 1292 πεφυκυῖαν
958 1216 1220 1294 μηδαμῶς
1311 1216 1584 1291 ἱδρυσθαι.

21 1309 124 1360 κᾶτ’
162 1305 276 1368 ἤδη
338 1327 429 1360 και
477 1306 590 1380 ἐμοὶ
640 1313 910 1380 πειρατέον
964 1310 1024 1360 οἷν
1077 1311 1176 1378 εἴη,
1221 1307 1271 1370 ἐς
1311 1309 1432 1362 ὅσον
1481 1305 1584 1360 οἷον

67 1405 266 1469 σαφῶς
323 1393 492 1459 δεῖξαι
539 1397 620 1448 ὃτι
661 1415 718 1468 γε
763 1395 918 1468 ψυχὴ
996 1397 1214 1448 λυθεῖσα
1284 1404 1376 1449 τοῦ
1453 1415 1582 1468 συγ-

21 1490 249 1557 γονότες
275 1485 405 1557 αὐτῇ
437 1490 694 1556 σώματος,
727 1483 803 1536 ἐπ’
855 1485 981 1538 αὖτὸ
1043 1483 1112 1545 δὴ
1171 1493 1343 1550 τοῦτο,
1413 1484 1439 1536 ὃ
1495 1504 1584 1537 και

21 1575 218 1640 τέθετο,
251 1593 342 1625 και
386 1573 481 1626 οὐκ
529 1571 604 1624 ἐπ’
651 1573 775 1626 ἄλλο
831 1573 1084 1640 ἐπάνεισι,
1141 1593 1232 1625 και
1289 1593 1346 1646 γε
1401 1593 1580 1646 πειρα-

21 1683 72 1714 νν
108 1663 234 1715 κατ’
267 1663 427 1723 αὐτὰς
487 1658 556 1721 δὴ
616 1665 812 1724 ταύτας
855 1665 946 1724 τὰς
1003 1670 1094 1715 τοῦ
1139 1662 1406 1722 Πλάτωνος
1459 1663 1581 1714 ὑπο-

21 1771 165 1818 σεις,
227 1772 320 1804 και
367 1754 432 1814 ὡς
488 1750 675 1813 ἐκεῖνος
737 1751 790 1814 ἐξ
841 1750 976 1822 ᾅδου
1017 1753 1202 1824 χυχὰς
1267 1748 1420 1814 αὖθις
1470 1749 1580 1814 ἐξά-

1701 618 1809 659 vos
1838 621 1974 660 eam
1995 623 2238 680 semper
2269 606 2347 663 ad
2373 619 2627 677 corpora
2655 604 2790 676 ipsa
2850 601 3103 672 volvitis,
3155 618 3356 676 neque

1700 707 1832 748 eam
1861 695 1939 750 ab
1963 695 2054 752 his
2073 695 2390 765 dimittitis,
2430 698 2634 768 utpote
2675 707 2813 764 quae
2861 695 3030 748 extra
3081 707 3156 748 ea
3214 691 3356 749 alibi

1697 796 1820 838 non
1845 784 2244 856 possitneque
2269 783 2494 840 valeret
2525 781 2751 838 sedere.
2797 779 2864 836 Id
2907 781 3038 851 jam
3095 784 3155 838 et
3209 779 3357 840 mihi

1699 872 2042 930 conandum
2073 879 2160 928 est
2187 887 2372 946 quam
2395 869 2833 927 evidentissime
2859 884 3134 941 possum,
3160 873 3354 926 osten-

1697 958 1837 1016 dere
1885 966 1941 1016 et
1987 961 2258 1016 animam
2310 975 2558 1032 corpore
2631 958 2744 1014 sibi
2812 957 3130 1027 congenito
3209 957 3354 1016 libe-

1695 1055 1887 1106 ratam
1903 1050 1980 1106 ad
1993 1050 2152 1106 idem
2165 1066 2384 1122 corpus
2399 1048 2566 1122 quod
2580 1047 2857 1120 deposuit
2877 1062 3072 1119 neque
3087 1046 3167 1104 ad
3185 1047 3352 1106 aliud

1694 1153 1823 1194 esse
1852 1137 2219 1194 redituram:
2263 1145 2321 1194 et
2376 1137 2724 1194 conandum
2789 1136 3036 1208 quidem
3087 1152 3158 1192 ex
3201 1136 3350 1206 ipsis

1694 1227 1951 1282 Platonis
1964 1227 2268 1300 principiis
2281 1230 2337 1285 et
2347 1225 2676 1284 ostendend
2686 1241 2810 1291 um,
2849 1225 3158 1297 quomodo
3169 1225 3264 1284 ille
3275 1241 3350 1284 ex

1691 1315 1924 1372 inferno
1941 1317 2174 1375 animas
2199 1317 2493 1374 reducens
2520 1315 2582 1371 in
2604 1329 2858 1387 corpora
2869 1313 3172 1381 immittat,
3201 1329 3350 1372 non-

1693 1405 1803 1460 nisi
1825 1421 1898 1460 ex
1950 1404 2202 1461 mortuis
2251 1405 2516 1460 viventes
2579 1402 2932 1460 reviviscere
3001 1402 3209 1458 dicens
3275 1418 3348 1460 ac

1693 1493 1910 1550 talibus
1942 1491 2556 1549 demonstrationibus
2587 1491 2869 1563 deinceps
2887 1494 3078 1548 utens.
3105 1493 3188 1547 Ex
3203 1506 3347 1548 con-

1691 1582 1901 1646 trariis.
1933 1581 2145 1654 inquit,
2177 1597 2419 1638 necesse
2445 1585 2532 1635 est
2555 1581 2851 1637 contraria
2871 1578 3018 1649 ﬁeri,
3049 1583 3108 1636 et
3149 1579 3212 1636 id
3269 1580 3345 1637 de

1687 1671 1972 1727 omnibus
2000 1676 2202 1726 censet
2228 1687 2300 1725 ac
2338 1669 2413 1726 de
2463 1668 2630 1724 omni
2659 1667 3065 1738 generatione,
3125 1683 3196 1724 ac
3239 1668 3347 1724 mi-

1686 1759 1846 1814 nime
1879 1757 2004 1814 vult
2026 1759 2364 1831 quidquam
2391 1757 2506 1813 tale
2535 1757 2704 1812 aliter
2726 1755 2954 1812 factum
2981 1771 3129 1812 esse.
3149 1756 3344 1828 Atque

21 1863 62 1892 »ν
99 1842 157 1877 ⁵³
177 1841 353 1899 ἐνίησι
395 1842 443 1876 5‘
513 1847 774 1910 σώμασιν,
824 1837 1114 1913 οὐδαμόθεν
1169 1840 1398 1904 ἄλλοθεν,
1450 1841 1480 1900 ἣ
1523 1846 1574 1894 ἐκ

1796 1863 1864 1902 ur
1881 1847 2080 1918 majus
2101 1863 2170 1901 ex
2200 1862 2272 1901 eo
2311 1845 2479 1918 quod
2531 1849 2668 1901 ante
2707 1843 2907 1900 minus
2963 1842 3156 1900 fuerat
3203 1843 3346 1904 dicit

22 1951 54 1980 ιν
134 1933 425 1983 τεθνεώτων
481 1929 641 2000 λέγων
692 1933 809 1992 τοὺς
863 1930 1054 1990 ζῶντας
1131 1927 1573 1997 ἀναϐιώσκεσθαι,

21 2025 41 2070 ἱ
104 2022 380 2080 τοιαύταις
427 2017 512 2070 ἐπὶ
568 2022 733 2090 τιύτῳ
783 2025 900 2080 ταῖς
978 2015 1310 2082 ἀποδείξεσιν
1398 2016 1577 2090 ἐφεξῆς

21 2127 67 2158 τι
89 2111 444 2182 κεχρημένος.
509 2105 597 2159 Ἐκ
651 2115 752 2158 τῶν
807 2105 1064 2172 ἐναντίων,
1127 2112 1306 2180 φησὶν,
1371 2107 1571 2177 ἀνάγκη

21 2199 210 2249 οεσθαι
267 2193 530 2264 τάναντία,
582 2200 673 2247 καὶ
727 2192 868 2248 τοῦτ’
919 2195 1004 2248 ἐπὶ
1056 2200 1244 2258 παντὸς
1301 2195 1439 2259 ἀξιοῖ
1486 2199 1576 2248 καὶ

21 2287 267 2347 ὶποίσης
286 2288 547 2356 γενέσεως,
603 2289 694 2337 καὶ
738 2280 946 2357 οὐδαμῆ
997 2283 1240 2357 βούλεται
1303 2294 1398 2336 τῶν
1468 2289 1574 2336 τοι·

21 2392 124 2426 των
156 2369 310 2425 οὐδὲν
341 2373 625 2444 τυγχάνειν
651 2372 812 2432 ἄλλως
871 2375 1200 2444 γεγενημένον
1263 2393 1274 2406 ·
1326 2392 1417 2424 και
1471 2377 1574 2424 τοί-

21 2483 43 2512 ν
70 2465 131 2514 τὸ
167 2462 348 2534 μεῖζον
375 2460 428 2524 ἐξ
496 2459 762 2523 ἐλάττονός
809 2480 940 2532 φησι
996 2465 1243 2534 πρότερον
1300 2465 1446 2522 ὄντος
1494 2465 1575 2534 γί-

21 2553 146 2604 τθαι
170 2551 220 2586 ⁵⁵
248 2551 448 2623 μεῖζον,
477 2553 568 2603 καὶ
609 2545 674 2601 αὖ
725 2549 1003 2601 τοῦλαττον
1050 2548 1120 2616 ἐκ¹
1159 2557 1254 2601 τοῦ
1314 2553 1570 2622 μείζονος,

21 2645 47 2691 ,ἱ
81 2643 145 2691 τὸ
201 2635 525 2712 δικαιότερον
569 2637 623 2700 ἐξ
678 2634 1019 2712 ἀδικωτέρου,
1067 2641 1155 2690 καὶ
1209 2641 1269 2690 τὸ
1333 2641 1476 2710 ταχύ
1516 2637 1571 2690 ἐκ

21 2735 48 2778 ῡ
89 2723 345 2799 βραδέος,
371 2731 460 2779 καὶ
487 2725 540 2790 ἐξ
591 2724 856 2798 ἀμείνονος
912 2730 970 2779 τὸ
1017 2734 1196 2801 χεῖρον
1235 2747 1249 2760 ο
1295 2731 1384 2778 καὶ
1429 2733 1571 2800 περὶ·

21 2835 89 2866 τιν
133 2818 165 2873 ἡ
208 2817 350 2878 θέσις
399 2814 482 2868 ἐπὶ
529 2824 628 2867 τῶν
692 2817 936 2868 τοιούτων
985 2813 1266 2885 ἀπανταχῆ
1319 2817 1572 2878 ὡσαύτως

21 2922 169 2956 ουσα
223 2909 314 2956 καὶ
374 2907 441 2956 τὰ
494 2903 697 2956 ἐναντία
743 2902 798 2954 ἐκ
851 2911 949 2954 τῶν
1002 2902 1241 2956 ἐναντίων
1293 2907 1571 2976 πεφυκέναιι

21 3001 218 3046 ικνῡσα
252 3014 264 3025 '
338 2997 428 3045 καὶ
480 2989 628 3045 δυοῖν
699 2993 864 3044 ὄντοιν
922 2994 1128 3044 πάντων
1176 3000 1277 3043 τῶν
1334 2991 1570 3044 ἐταντίων

21 3083 144 3144 ςαξύ
170 3084 366 3134 τούτων
399 3077 497 3134 δύο
521 3083 706 3138 τίθησι
752 3086 841 3132 καὶ
895 3083 984 3140 τὰς
1032 3085 1283 3152 γενέσεις,
1333 3084 1434 3132 ἀπὸ
1477 3084 1566 3153 μὲν

21 3178 37 3221 3
80 3173 266 3244 ἕτερον
297 3169 380 3222 ἐπὶ
419 3172 478 3222 τὸ
515 3171 702 3244 ἕτερον,
780 3168 882 3221 ἀπὸ
935 3165 986 3221 δ’
1035 3169 1102 3220 αὖ
1151 3171 1364 3243 θατέρου
1418 3169 1570 3222 πάλιν

21 3261 287 3332 ιθάτερον
339 3279 352 3292 ·
420 3261 656 3330 μείζονος
717 3261 818 3330 γὰρ
880 3263 971 3310 καὶ
1029 3256 1292 3320 ἐλάττονος
1347 3257 1569 3320 αὔξησις

21 3348 148 3410 ταξύ
195 3352 286 3400 καὶ
316 3349 534 3419 φθίσις·
590 3351 681 3398 καὶ
739 3349 798 3398 τὸ
852 3348 942 3418 μὶν
1018 3345 1334 3408 αὐξάνεσθαι
1399 3347 1564 3412 καλεῖ,

70 3433 132 3490 δὲ
207 3439 422 3509 φθίνειν,
467 3439 559 3488 καὶ
611 3436 984 3510 συγκρίνεσθαι
1041 3440 1129 3487 καὶ
1197 3432 1563 3510 διακρίεσθαι,

22 3530 41 3578 ὶ
105 3526 392 3596 ψύχεσθαι
437 3529 526 3576 καὶ
597 3525 984 3596 θερμαίνεσθαι,
1031 3529 1120 3576 καὶ
1165 3528 1334 3576 πάντα
1407 3533 1562 3595 οὕτω,

21 3635 46 3665 ν
85 3620 159 3686 μὴ
191 3614 305 3667 ἔστι
329 3615 572 3688 χρῆσθαι
614 3621 722 3675 τοῖς
785 3613 1034 3685 ὀνόμασιν
1094 3613 1334 3684 ἐνιαχοῦ.
1391 3612 1562 3689 Ἐργῳ

21 3723 51 3776 ρ
112 3703 430 3774 ἁπανταχοῦ
498 3701 658 3762 οὓτως
715 3703 856 3772 ἔχειν
934 3700 1234 3772 ἀναγκαῖον,
1291 3705 1562 3774 γίγνεσθαι

21 3795 88 3843 τὰ
117 3791 174 3855 ἐξ
204 3791 454 3856 ἀλλήλων,
485 3795 684 3860 γένεσίν
750 3809 805 3842 τε
853 3797 983 3842 εἰναι
1038 3789 1280 3864 ἐκατέρου
1333 3791 1406 3852 εἰς
1473 3791 1562 3843 δίλ-

21 3884 76 3932 to:
141 3903 154 3916 ο
215 3885 304 3932 καὶ
355 3884 527 3932 τοίνυν
584 3888 656 3950 τῷ
746 3878 1082 3952 ἐγρηγορέναι
1151 3884 1209 3931 τὸ
1281 3877 1554 3933 καθεύδειν

23 3975 104 4022 σίν
139 3969 384 4038 ἐναντίον,
450 3973 540 4021 καὶ
602 3977 672 4038 τῷ
740 3969 834 4040 ζῇν
912 3963 1171 4026 δήπουθεν
1246 3973 1302 4021 τὸ
1359 3971 1616 4039 τεθνάναι,

1685 1935 1809 1990 ﬁeri
1842 1935 2060 2006 majus,
2098 1951 2166 1990 ex
2191 1950 2436 1990 rursum
2453 1933 2652 1989 minus
2672 1949 2744 1987 ex
2763 1931 3011 2004 majore,
3043 1936 3100 1988 et
3118 1931 3342 2003 justiul

1683 2041 1755 2080 ex
1787 2023 2116 2094 injustiore,
2148 2038 2218 2078 ac
2247 2021 2528 2094 rapidum
2548 2037 2622 2076 ex
2660 2019 2854 2088 tardo,
2887 2025 2943 2076 et
2975 2035 3044 2076 ex
3096 2019 3343 2077 meliore

1684 2113 1876 2185 pejus.
1907 2114 1970 2167 Et
2000 2115 2210 2167 tractat
2239 2110 2368 2181 ejus
2397 2109 2728 2182 propositio
2765 2107 2841 2164 de
2870 2107 3187 2179 quibusvis
3260 2113 3345 2165 ta-

1683 2199 1838 2256 libus
1867 2201 1946 2255 ita
1972 2215 2034 2255 se
2072 2199 2306 2256 habens
2331 2203 2388 2254 et
2416 2195 2720 2254 contraria
2739 2211 2812 2252 ex
2833 2195 3146 2252 contrariis
3171 2196 3344 2252 nasci

1683 2287 2024 2344 ostendens.
2071 2290 2294 2343 Etcum
2319 2286 2524 2343 omnia
2547 2285 2844 2342 contraria
2874 2283 2998 2340 duo
3025 2283 3160 2356 sint,
3189 2283 3343 2342 inter

1681 2375 1781 2432 illa
1819 2375 1970 2431 duas
1997 2391 2240 2448 quoque
2271 2373 2684 2444 generationes
2731 2370 2920 2444 ponit,
2975 2387 3048 2428 ex
3099 2386 3224 2428 uno
3260 2369 3341 2428 ad

1681 2464 1956 2534 alterum,
1991 2469 2046 2519 et
2077 2479 2149 2518 ex
2177 2463 2291 2519 hoc
2322 2463 2398 2518 ad
2429 2460 2597 2518 illud.
2633 2460 2789 2516 Inter
2824 2459 3023 2532 majus
3072 2459 3236 2517 enim
3283 2461 3342 2517 et

1683 2555 1883 2609 minus
1913 2557 2000 2608 est
2030 2553 2465 2608 incrementum
2497 2555 2554 2607 et
2582 2549 2980 2622 corruptio.Et
2996 2564 3188 2607 unum
3207 2549 3336 2622 qui-

1681 2642 1818 2698 dem
1851 2656 2112 2697 crescere
2129 2639 2418 2707 nominat,
2452 2638 2706 2694 alterum
2737 2653 2878 2693 vero
2917 2637 3242 2709 corrumpi,
3283 2638 3342 2694 et

1681 2731 2086 2807 coagmentari
2117 2734 2174 2786 et
2192 2727 2490 2800 dissipari,
2518 2731 2576 2782 et
2627 2727 3007 2797 refrigescere
3059 2733 3118 2783 et
3171 2726 3338 2807 inca:

1679 2803 2009 2880 lescere.et
2031 2819 2235 2874 omnia
2266 2817 2369 2876 ita.
2417 2817 2526 2872 etsi
2571 2815 2793 2872 alicubi
2849 2815 3199 2875 nominibus
3251 2803 3338 2870 uti

1682 2925 1801 2964 non
1832 2907 2006 2963 liceat
2063 2910 2137 2962 Re
2167 2906 2413 2978 quidem
2445 2905 2578 2978 ipsa
2617 2904 2841 2976 ubique
2872 2903 2954 2960 sic
2975 2919 3107 2960 esse
3133 2919 3339 2960 neces-

1683 2996 1907 3051 sarium
1937 2999 2041 3065 est,
2076 2994 2193 3050 alia
2221 3010 2293 3048 ex
2315 2994 2450 3048 aliis
2484 2991 2679 3060 nasci,
2719 2995 2778 3046 et
2829 2991 3142 3064 utriusque
3206 2989 3338 3048 ﬁeri

1680 3090 1952 3139 mutuam
1979 3081 2444 3152 generationem.
2478 3085 2668 3152 Atque
2690 3079 2872 3150 igitur
2908 3079 3123 3148 vigilias
3171 3095 3334 3134 som-

1601 3203 1642 3258 ρ
1680 3187 1824 3228 num
1861 3171 2383 3228 dicitcontrarium
2415 3159 2564 3236 esse,
2597 3172 2654 3224 et
2683 3168 2815 3224 vitae
2838 3172 3114 3236 mortem,
3153 3171 3210 3223 et
3260 3183 3334 3224 ex

1677 3263 1790 3318 hac
1847 3260 2267 3332 conjunctione
2307 3258 2434 3314 ﬁeri
2483 3256 2916 3328 generationes,
2987 3273 3058 3312 ex
3133 3255 3333 3328 vigilia

1679 3365 1982 3418 somnum,
2009 3365 2038 3404 e
2061 3363 2277 3403 somno
2305 3345 2820 3402 resurrectionem.
2854 3347 2934 3400 De
2963 3345 3082 3400 vita
3128 3351 3332 3400 autem

1677 3455 1746 3494 ac
1780 3444 1987 3502 morte,
2017 3436 2379 3510 quomodoe
2421 3439 2538 3491 Vita
2608 3433 2909 3504 generatio
2965 3432 3044 3490 ad
3099 3436 3335 3490 contra-

1675 3528 1850 3594 rium,
1885 3535 2135 3583 mortem
2167 3525 2403 3588 scilicet,
2429 3523 2550 3596 ﬁat,
2577 3527 2634 3578 et
2661 3538 2731 3578 ex
2762 3525 2950 3578 morte
2998 3521 3079 3578 ad
3117 3521 3332 3578 revivi-

1676 3618 1988 3683 scentiam,
2019 3621 2196 3688 atque
2229 3615 2308 3670 ita
2335 3613 2554 3668 mortui
2569 3628 2643 3668 ex
2672 3600 3012 3667 viventibus
3033 3611 3148 3666 sint
3168 3610 3332 3678 dicit,

1675 3704 1939 3760 viventes
1965 3721 2106 3760 vero
2137 3720 2168 3759 e
2194 3701 2493 3759 contrario
2527 3717 2597 3756 ex
2629 3699 2877 3756 mortuis
2909 3719 2924 3768 ;
2953 3704 3012 3754 et
3031 3699 3162 3754 haec
3189 3699 3332 3756 dicit

1676 3794 1858 3862 Plato,
1889 3800 1942 3848 et
1969 3795 2098 3849 haec
2161 3809 2272 3847 nos
2341 3791 2632 3847 sentimus
2691 3802 2951 3864 eumque
2999 3787 3330 3861 sequimur,

1672 3889 1850 3954 atque
1879 3883 2000 3936 haec
2030 3888 2183 3937 recte
2215 3897 2276 3936 se
2308 3881 2550 3936 habent.

1680 3976 1770 4022 καὶ
1835 3969 1912 4022 ἐπ’
1965 3970 2158 4032 ἐκείνης
2207 3973 2296 4042 μὲν
2346 3977 2437 4030 τῆς
2513 3971 2768 4040 συζυγίας
2821 3970 2917 4029 τὰς
2969 3971 3194 4039 γενέσεις
3250 3962 3330 4020 εἶ-

3121 4054 3204 4108 ἒπὶ
3263 4051 3298 4109 δ
3299 4057 3324 4109 '3

21 4080 50 4128 ι,
98 4058 205 4111 ἀπὸ
264 4061 352 4130 μὲν
417 4066 508 4109 τοῦ
573 4055 910 4131 ἐφρηγορέναι
975 4061 1032 4108 τὸ
1090 4053 1501 4129 καταδαρθάνειν
1547 4060 1614 4126 ⁵⁸,
1674 4059 1774 4112 ἀπὸ
1832 4057 1891 4112 δὲ
1951 4061 1994 4094 ⁵⁷
2044 4067 2134 4112 τοῦ
2183 4053 2456 4111 καθεύδειν
2512 4061 2571 4110 τὸ
2625 4055 2986 4131 ἀνεγείρεσθαι
3037 4077 3052 4090 ο

23 4157 82 4208 ἧς
119 4152 217 4200 καὶ
249 4147 490 4208 θανάτου,
525 4154 632 4204 πῶς
655 4144 755 4197 ἀπὸ
785 4149 874 4216 μὲν
904 4154 992 4197 του
1016 4145 1110 4217 ζῇν
1141 4149 1337 4216 γένεσις
1376 4150 1506 4218 πρὸς
1533 4151 1825 4200 τούναντιον
1863 4151 1922 4200 τὸ
1974 4149 2235 4215 θνήσκειν,
2283 4144 2383 4198 ἀπὸ
2447 4142 2507 4197 δε
2565 4151 2658 4196 τοῦ
2729 4146 2968 4202 τεθνάναι
3015 4145 3122 4215 (37)
3173 4139 3326 4222 αὖθις

21 4080 50 4128 ι,
98 4058 205 4111 ἀπὸ
264 4061 352 4130 μὲν
417 4066 508 4109 τοῦ
573 4055 910 4132 ἐφρηγορέναι
975 4061 1032 4108 τὸ
1090 4053 1501 4129 καταδαρθάνειν
1547 4060 1614 4126 ⁵⁸,

32 4236 480 4304 ὄωαϐιὼσκεσθαι,
512 4255 602 4286 και
627 4235 761 4286 οὕτω
794 4231 860 4291 δὴ
891 4233 1006 4294 τοῦς
1045 4235 1316 4295 τεθνεῶτας
1348 4237 1402 4287 ἔκ
1433 4256 1532 4288 των
1561 4237 1768 4296 ζῶννωτ
1808 4242 1964 4310 φησίν
2019 4245 2166 4301 εἶναι,
2199 4239 2317 4296 τοὺς
2344 4231 2396 4287 δ’
2451 4234 2518 4286 αὖ
2569 4235 2767 4296 ζῶντας
2803 4233 2858 4286 ἐκ
2895 4241 2996 4286 τῶν
3043 4233 3326 4286 τεθνεώτων

21 4331 202 4378 ναντία
221 4328 369 4384 ὄντας
399 4341 410 4352 ·
453 4329 542 4375 καὶ
579 4330 744 4376 ταῦτα
772 4323 818 4358 ⁵⁸
853 4318 920 4380 δὴ
957 4322 1190 4391 Πλάτων,
1223 4329 1312 4376 καὶ
1337 4329 1468 4398 πρὸς
1493 4328 1640 4398 ἡμῶν
1669 4345 1728 4398 γε
1758 4334 1940 4396 ταῦτα,
1976 4330 2233 4396 καὶὴμεῖς
2281 4322 2526 4395 ἑπόμεθα,
2580 4343 2671 4374 και
2717 4321 2880 4398 ὀρθῶς
2900 4321 3036 4395 ἔχει.

21 4413 82 4472 η’.
116 4414 198 4468 Οὐ
234 4414 336 4486 μὴν
365 4411 470 4464 ἀλλ’
493 4409 683 4464 εἰδεναι
707 4408 1021 4484 βουλομεθα,
1056 4419 1188 4472 τινος
1221 4416 1362 4474 ὄντος
1401 4412 1546 4464 ἐλάτ-

1774 4419 2087 4470 .Αῐῐδ,ωθη
2117 4414 2264 4468 scire
2298 4413 2580 4468 volumus
2645 4427 2720 4467 ex
2787 4427 2910 4484 quo
2966 4409 3198 4466 minore
3256 4427 3327 4468 ac

1659 4507 1959 4558 crescente
1986 4501 2092 4557 fiat
2112 4501 2331 4573 majus,
2365 4505 2562 4554 utrum
2596 4516 2668 4555 ex
2691 4499 2808 4556 alio
2839 4499 3107 4572 quodam
3140 4515 3330 4572 quam

1658 4590 1822 4664 quod
1851 4606 2009 4646 nunc
2045 4591 2242 4662 majus
2268 4595 2372 4660 est,
2409 4604 2488 4646 an
2545 4588 2606 4644 id
2663 4589 2864 4662 ipsum
2917 4587 3084 4662 quod
3125 4587 3328 4644 minus

1659 4685 1784 4736 erat
1815 4682 2169 4752 priusquam
2199 4678 2399 4750 majus
2423 4677 2612 4748 ﬁeret,
2645 4677 2864 4734 deinde
2895 4676 3118 4750 majus,
3157 4675 3326 4750 quod

21 4523 94 4565 ρος
137 4523 234 4554 και
274 4520 333 4572 γε
381 4501 746 4573 αὐξανομένου,
802 4504 858 4551 τὸ
906 4501 1082 4572 μεῖζον
1121 4505 1326 4570 γεγονὸς
1376 4504 1544 4556 ἔσται.

21 4595 100 4643 λον
128 4589 202 4649 δή
232 4609 390 4658 τινος,
431 4595 459 4648 ἡ
485 4609 570 4660 ογε
594 4590 642 4624 ³⁸
677 4596 764 4640 νῦν
804 4587 916 4640 ἐστι
954 4589 1151 4660 μεῖζον,
1215 4592 1244 4646 ἦ
1300 4589 1426 4642 αὐτό
1477 4588 1544 4649 δὴ

21 4687 119 4752 ira,
155 4680 362 4732 ἔλαττον
392 4681 446 4729 ὅν
475 4681 742 4752 πρότερον,
769 4695 888 4750 πριν
933 4671 967 4728 δ
972 4675 1175 4734 ηλονοτι
1212 4677 1384 4748 μεῖξον
1415 4683 1550 4750 γενέ-

1293 4799 1518 4874 Variae
1563 4801 1911 4871 lectiones.

755 4940 804 4974 ⁵⁸
827 4942 1184 5018 αναγωνῃνειι.
1262 4941 1310 4976 ⁵⁸
1340 4939 1506 4995 ἐνίοισι
1540 4944 1716 5000 Vind.
1797 4945 1844 4980 ⁸³
1870 4946 2142 5017 γίγνεσθαι
2170 4947 2295 5002 Vat.

1797 4945 1844 4980 ⁵³
1870 4946 2142 5017 γίγνεσθαι
2170 4947 2295 5002 Vat.
2373 4945 2422 4980 ⁵⁵
2452 4939 2802 5018 καταδαρθεῖν
2833 4942 2978 5000 Vat.
3072 4941 3117 4977 ⁵⁷
3149 4939 3252 4993 ἀπὸ
3305 4935 3342 4995 δ

827 5012 874 5046 ⁸9
897 5013 980 5063 ὅτε
1007 5011 1172 5067 Vind.

21 4943 62 4978 ⁵³
93 4946 160 4996 τὰ
192 4957 315 4997 non
345 4944 432 4996 est
460 4939 522 4995 in
548 4939 676 4994 Vat.

39 5015 162 5072 Vat.
243 5013 290 5048 ⁵⁸
317 5015 406 5084 μὲν
427 5011 594 5068 addit
619 5013 750 5067 Vat.

1509 5113 1725 5182 Nota.

22 5254 134 5322 (36)
159 5249 719 5331 lflotilnusipslibro,
751 5249 902 5331 Quid
916 5253 1163 5331 animnal,
1190 5253 1336 5324 quid
1359 5253 1552 5331 homo,
1665 5271 1887 5331 mwum
1905 5254 2128 5311 adhibe
2150 5253 2491 5331 Proclumin
2506 5256 2905 5331 Commentar.
2933 5259 3116 5328 p.326
3135 5269 3336 5331 seqq.,

54 5331 69 5377 1
183 5323 358 5403 Basil.
395 5317 672 5403 :v'quvaL‘
699 5317 979 5403 acti-113m:
996 5317 1226 5403 φοϐοίτε
1293 5344 1380 5375 και
1435 5317 1554 5403 θαρξ

1781 5327 1950 5403 outer
1974 5343 2077 5403 eos
2099 5327 2226 5403 qui
2253 5341 2326 5380 ex
2348 5326 2567 5403 eodem
2601 5328 2761 5403 fonte
2785 5343 2897 5384 sua
2929 5317 3104 5403 prata
3131 5317 3331 5403 irri'g'a:

42 5426 106 5433 _
132 5400 276 5454 τίνος
308 5394 367 5472 i2
399 5392 586 5458 εῐεν;ἤ
615 5395 716 5466 γάρ
784 5392 1008 5472 texis!
1042 5395 1071 5452 ἡ
1123 5399 1396 5468 χρωμένης
1452 5392 1554 5466 φίν

1787 5404 1804 5453 t
1831 5392 2158 5472 gPorphyr‘.
2190 5399 2269 5451 Dr
2296 5397 2681 5472 qul_in.i,33,
2713 5415 2771 5472 ρ.
2802 5402 2906 5467 ὄὶρ;
2933 5392 3332 5472 Damasciﬁm

21 5472 314 5537 Ξςσρέιματι,
347 5464 375 5522 ἢ
409 5467 590 5539 τρίτου
614 5463 753 5523 τινος
801 5463 850 5525 ἐξ
910 5464 1094 5535 ἀμφοῖν
1124 5463 1176 5516 κζ
1217 5463 1266 5520 τ’.
1320 5467 1366 5521 λ.
1427 5463 1566 5546 quae

1839 5463 2194 5546 épz.'p._"_2l9
2238 5485 2278 5546 ;_
2304 5463 2565 5546 Michael
2604 5463 2864 5526 Ρέθῑιυω
2894 5463 2902 5467 ⁷
2929 5473 3054 5542 Περί
3101 5465 3329 5526 παντοδ.

21 5544 252 5610 λοετειειι
297 5537 682 5610 $i_1itlasil._ll,
717 5551 776 5604 p.
807 5539 871 5592 46
897 5537 1062 5590 Kust.
1101 5538 1410 5592 Plotmiani
1439 5537 1572 5610 loci

828 5543 871 5592 ιϐ
897 5537 1062 5590 Kust.
1101 5538 1410 5592 Plotmiani
1439 5537 1572 5610 loci
1682 5537 1836 5594 παιδ’.
1873 5537 2018 5597 ὲὲίοιζ
2049 5543 2138 5600 «iri,
2175 5555 2230 5610 ρ.
2263 5543 2381 5594 103.

21 5623 75 5686 is
125 5605 566 5686 estinAPllatonis
587 5607 825 5686 Timaeo,
849 5624 904 5686 ἓ.
929 5611 996 5662 42
1022 5608 1462 5686 ᾼιᾷεξιιὶῳηίξίζ
1488 5627 1574 5686 _p_.
1755 5613 2074 5686 (37)}M01ji,
2105 5605 2406 5686 inermum
2436 5625 2574 5668 esse.
2605 5610 2688 5668 Cf.
2725 5612 3028 5686 Wyttenb.
3081 5611 3163 5670 ad
3217 5611 3340 5669 Pla-

21 5681 90 5734 33.
122 5676 600 5747 Adde’Sympos.
634 5693 693 5748 p.
727 5680 826 5732 207
853 5676 918 5744 Ε,
948 5694 1007 5750 p.
1041 5676 1313 5752 240_Bip.'
1334 5677 1426 5736 Ad
1481 5676 1578 5735 Ti-
1687 5676 1809 5738 ton.
1843 5676 2358 5754 Phden.,p.142
2387 5697 2555 5754 seqq.
