3932 6326
30 414 192 475 i433

1244 406 1416 470 ADV.
1454 402 1810 466 PLOTINUM
1845 405 1937 466 DE
1973 407 2218 470 ΑΝΙΜΑ.

3288 415 3424 474 1434

29 544 134 594 καὶ
160 540 566 608 ζωὼσετοιι,ὁ⁴τι
595 542 666 615 μη
689 540 738 577 ⁸³
795 535 847 594 δ’
895 539 954 595 lx
1004 545 1096 594 τοῦ
1154 534 1502 600 καθεύδοντος
1557 534 1580 590 ί

1868 548 1897 590 n
1944 533 2128 593 alium
2175 536 2448 597 suscitari
2493 536 2785 607 dicimus,
2823 552 3021 616 neque
3066 537 3232 597 aliud
3291 555 3421 598 ma-

29 651 136 705 ρον
215 630 435 704 λέγομεν
510 631 872 706 ἐγρηγορέναι,
946 625 1077 704 μηδ’
1129 628 1252 682 ἄλλο
1297 627 1474 702 μεῖζον
1531 629 1660 699 γίνε-

35 723 184 775 σθαι
224 719 302 786 ⁸³,
335 721 364 779 ἦ
396 720 501 791 ὅγε
538 724 784 794 πρότερον
836 722 1103 792 τυγχάνον
1151 728 1214 780 ἣν
1278 717 1505 774 ὓαττον,
1569 717 1667 768 Καὶ

30 817 178 882 γοῦν
213 807 456 872 ἆξαῦτῶν
487 805 556 868 δη
589 809 637 845 ⁸⁸
690 817 790 862 τῶν
843 816 936 864 τοῦ
993 809 1263 871 Πλάτωνος
1318 809 1503 861 θέσεων
1533 805 1668 858 οὕτω

35 895 119 957 δή
150 903 250 951 καὶ
305 894 590 966 δέδεικται,
638 899 703 952 τά
753 917 807 951 τε
859 897 988 951 ἄλλα
1039 897 1243 952 ἐναντία
1299 901 1420 950 ὄντα
1459 894 1512 948 ἔκ
1569 901 1668 948 τῶν

37 987 306 1042 ἐναντίων
354 989 610 1060 γίνεσθαι,
671 992 761 1040 καὶ
851 991 974 1050 τοὺς
1064 989 1340 1049 τεθνεῶτας
1405 981 1557 1048 αὖθίς
1616 1003 1670 1038 τε

35 1075 487 1131 ἁναϐιώο-κεσθαι
530 1081 619 1130 καὶ
668 1072 815 1138 αὖθις
871 1080 965 1150 ζῇν
1027 1073 1243 1139 οὐδένας
1290 1076 1476 1137 ἄλλους
1506 1059 1671 1136 ’ὄντας

36 1170 76 1226 ἡ
117 1167 319 1230 αὐτοὺς
350 1163 419 1224 δὴ
449 1168 683 1235 τούτους,
741 1169 866 1228 τοὺς
920 1171 1010 1220 καὶ
1043 1171 1288 1242 πρότερον
1321 1167 1535 1232 ζῶντας,
1570 1165 1670 1216 αὑ-

34 1263 171 1319 ταῖς
204 1253 276 1314 δὴ
311 1259 528 1318 ταύταις
568 1255 700 1328 λέγω
753 1257 800 1292 ⁸⁵
839 1264 952 1317 ταῖς
1015 1256 1239 1328 ψυχαῖς,
1289 1259 1379 1308 καὶ
1409 1254 1587 1316 αὐτοῖς
1614 1273 1671 1326 γε

37 1343 165 1409 τοῖς
192 1347 242 1382 ³⁸
293 1351 503 1418 σώμασι
565 1367 577 1379 ·
627 1350 718 1398 καὶ
782 1353 963 1400 τοῦτον
1021 1343 1087 1404 δή
1143 1349 1229 1398 τόν
1280 1349 1465 1418 τρόπον
1497 1345 1522 1397 ὁ
1569 1349 1668 1406 πᾶς

41 1437 334 1510 ἄνθρωπος
361 1445 435 1506 τῷ
473 1439 690 1508 τεχνίτῃ
748 1435 886 1508 λόγῳ
932 1440 1022 1488 καὶ
1090 1431 1398 1509 δημιουργῷ
1441 1441 1582 1507 σοφῷ
1611 1453 1670 1505 γε

40 1525 167 1578 ὃντι
215 1525 628 1591 πεισωθήσεται,
691 1529 782 1576 καὶ
850 1523 908 1578 οὗ
968 1521 1300 1577 διαπεσεῖται
1353 1523 1470 1576 κατ’
1518 1518 1668 1575 οὐδὲν

45 1617 266 1668 τούτων
298 1614 341 1649 ⁸⁷
371 1622 472 1666 τῶν
496 1622 686 1689 μερῶν,
718 1618 808 1666 καὶ
863 1613 1012 1666 πλέον
1054 1612 1271 1688 ὑπάρξει
1321 1616 1350 1673 ἦ
1409 1611 1540 1665 αὐτὰ

41 1711 232 1757 ταῦτα
259 1705 328 1756 τὰ
363 1703 479 1756 κατ’
507 1702 720 1778 οὐρανὸν
773 1708 1011 1775 σώματα,
1078 1709 1168 1755 καὶ
1221 1703 1342 1776 ὑμῖν
1384 1721 1442 1775 γε
1495 1697 1666 1769 ἀίδια,

46 1795 150 1848 οἶτε
185 1791 258 1853 δὴ
282 1798 373 1846 καὶ
397 1792 628 1856 πλείονος
663 1791 711 1845 ἐν
747 1793 794 1829 ⁸⁸
821 1801 882 1866 τῇ
952 1792 1070 1847 κατ’
1137 1792 1290 1845 αὑτὸν
1350 1787 1674 1863 δημιουργίᾳ

1770 621 1869 692 jus
1915 623 2042 681 ﬁeri
2081 642 2266 699 quam
2313 627 2370 684 id
2427 629 2592 700 quod
2656 628 2822 702 prius
2869 628 3069 685 minus
3125 632 3270 686 erat.
3329 633 3422 694 At-

1775 727 1893 784 que
1934 714 2112 785 igitur
2155 733 2226 773 ex
2280 716 2426 792 ipsis
2478 717 2738 778 Platonis
2798 717 3105 799 principiis
3169 717 3252 775 ita
3313 718 3422 786 des

1777 809 2177 862 monstratum
2237 810 2343 876 est,
2410 807 2526 864 alia
2603 823 2739 887 quae
2800 807 3098 864 contraria
3157 811 3298 865 sunt
3355 823 3424 869 ex

1779 894 2086 951 contrariis
2127 897 2275 963 ﬁeri,
2326 904 2382 957 et
2420 901 2688 970 mortuos
2753 913 3062 967 resurgere
3085 913 3154 953 ac
3179 913 3423 968 rursum

1777 981 1978 1038 vivere
2048 987 2243 1044 nullos
2301 988 2450 1046 alios
2502 988 2619 1046 nisi
2657 1003 2760 1045 eos
2817 979 2922 1060 qui
2947 987 3112 1060 prius
3141 986 3425 1044 vivebant

1779 1085 1917 1127 cum
1966 1073 2178 1132 iisdem
2232 1077 2448 1135 animis
2505 1082 2560 1134 et
2607 1075 2982 1149 corporibus.
3040 1080 3230 1150 Atque
3309 1077 3423 1134 hoc

1779 1160 1962 1216 modo
2001 1165 2198 1220 omnis
2241 1167 2424 1224 homo
2472 1166 2551 1224 ab
2578 1165 2788 1226 artiﬁci
2824 1166 3050 1223 ratione
3078 1181 3147 1222 ac
3169 1165 3424 1239 sapienti

1781 1251 2053 1307 Creatore
2079 1255 2411 1311 servabitur
2445 1275 2456 1324 ;
2482 1271 2673 1330 neque
2696 1255 2923 1312 excidet
2953 1253 3073 1310 ulla
3095 1270 3205 1313 sua
3234 1258 3422 1327 parte,

1779 1341 1837 1393 et
1861 1340 2054 1410 magis
2080 1343 2526 1416 exsistetquam
2577 1359 2648 1399 ea
2694 1343 2825 1415 ipsa
2855 1357 2990 1414 quae
3011 1341 3071 1409 in
3105 1341 3254 1398 c0310
3286 1345 3425 1398 sunt

1780 1440 2033 1505 corpora
2049 1434 2105 1486 et
2126 1432 2335 1488 avobis
2355 1433 2718 1505 sempiterna
2734 1431 3050 1504 habentur,
3075 1431 3296 1517 quippe
3318 1429 3425 1508 qui

1781 1532 1904 1575 suae
1950 1522 2264 1598 creationis
2289 1522 2478 1593 gratia
2526 1521 2934 1578 admirabilior
2990 1521 3084 1589 sit,
3129 1519 3425 1579 visibilem

1781 1617 2117 1669 creaturam
2159 1614 2215 1667 et
2252 1611 2612 1668 invisibilem
2666 1611 2724 1668 in
2753 1626 2940 1666 unum
2990 1609 3340 1666 coadunans
3371 1611 3429 1666 et

1779 1703 1930 1760 inter
1952 1701 2133 1758 ambo
2157 1701 2384 1757 medius
2405 1706 2587 1773 stans,
2611 1700 3138 1772 tertius,tanquam
3159 1699 3425 1757 mundus

1785 1792 2081 1861 sensibilis
2107 1797 2162 1848 et
2215 1790 2617 1860 intelligibilis,
2638 1789 2792 1847 infra
2829 1805 3083 1848 manens
3107 1793 3162 1846 et
3185 1804 3427 1846 rursum

46 1887 234 1958 γέμων
272 1891 367 1936 τοῦ
420 1885 704 1956 θαύματος,
766 1884 956 1956 όρατὴν
991 1886 1160 1935 κτίσιν
1186 1901 1239 1935 τε
1295 1881 1342 1917 ⁸³
1387 1884 1476 1934 καὶ
1521 1877 1599 1953 ἆόε

1873 1882 2034 1938 ιόεῐιε
2059 1886 2112 1938 et
2133 1879 2474 1942 coelestibus
2505 1895 2887 1946 conversans,
2917 1883 2973 1936 et
2997 1879 3216 1952 majus,
3240 1892 3426 1950 quam

48 1990 148 2024 τον
178 1970 254 2032 εἰς
298 1969 346 2024 ἃν
401 1974 657 2042 συνάγων,
707 1974 795 2022 καὶ
845 1974 1005 2043 μέσος
1072 1972 1266 2022 τούτων
1326 1967 1501 2034 ἑστὼς,
1559 1971 1672 2041 τρίσ

48 2080 166 2133 τος,
249 2064 470 2133 ὡσπερεὶ
542 2080 736 2134 κόσμος
811 2059 1063 2122 αἰσθητός
1142 2079 1194 2114 τε
1260 2063 1350 2111 καὶ
1407 2059 1674 2131 νοούμενος

51 2152 210 2204 κάτω
236 2153 396 2222 μένων
423 2155 512 2202 καὶ
542 2151 646 2202 οἶνω
675 2151 896 2223 φθάνων,
949 2153 1038 2202 καὶ
1093 2156 1200 2210 τοῖς
1249 2151 1503 2222 οὐρανίοις
1558 2167 1676 2201 συν-

55 2244 156 2309 ὼν,
223 2246 313 2292 καὶ
359 2240 536 2311 μεῖξον
603 2241 632 2299 ἣ
682 2238 848 2293 ἐκεῖνα
907 2241 1080 2311 θαῦμα
1128 2238 1277 2300 οὗτος
1334 2239 1382 2273 ⁹⁰
1426 2240 1674 2310 γνωριζό-

57 2347 234 2401 μενος.
321 2336 475 2401 Σῶμα
528 2331 617 2401 μὲν
671 2331 773 2403 γὰρ
842 2334 942 2381 πᾶν
995 2330 1221 2403 ῥευστῆς
1278 2322 1405 2380 εἶναι
1453 2330 1670 2403 φύσεως,

53 2417 120 2471 οὐ
191 2425 305 2480 τοῖς
377 2417 553 2478 ἄλλοις
613 2422 764 2489 μόνον
821 2425 925 2479 τοῖς
973 2422 1094 2492 περὶ
1145 2419 1344 2490 φύσεως
1388 2416 1671 2490 εἰρηκόσιν,

50 2506 193 2559 ἀλλὰ
228 2512 316 2559 καὶ
379 2507 517 2580 αὐτῴ
574 2504 720 2560 δοκεῖ
775 2506 1030 2569 Πλάτωνι,
1087 2511 1176 2560 καὶ
1226 2512 1344 2580 περὶ
1395 2516 1492 2559 τῶν
1518 2505 1673 2582 οὐρα-

53 2601 184 2649 νίων
217 2596 380 2658 οὕτως
407 2599 452 2632 ⁹¹
523 2595 735 2668 ἕπέγνω,
779 2603 870 2650 καὶ
925 2597 1066 2656 ἣλιον
1111 2597 1211 2649 αἰεὶ
1260 2597 1533 2669 γίγνεσθαι
1589 2601 1677 2651 καὶ

61 2684 298 2760 ἀστέρας
317 2691 446 2758 φησὶ
476 2690 566 2739 καὶ
598 2689 762 2759 μένειν
795 2686 895 2760 αἰεί
923 2686 1058 2759 (39).
1101 2685 1162 2739 Εἰ
1190 2693 1315 2759 γοῦν
1369 2691 1457 2739 καὶ
1511 2704 1679 2738 ταυτα

57 2782 168 2826 τῶν
203 2776 458 2846 σωμάτων
476 2775 557 2848 ῥεῖ
593 2779 682 2826 καὶ
727 2773 906 2849 ῥέοντα
961 2773 1004 2826 εἰ
1058 2779 1148 2828 καὶ
1207 2779 1278 2848 μὴ
1333 2772 1382 2828 ἐν
1433 2781 1542 2836 τοῖς
1587 2772 1677 2825 αὑ-

59 2852 200 2929 τοῖς,
232 2862 324 2915 ἀλλ
367 2865 499 2939 ὅμως
557 2860 650 2916 διὰ
706 2867 896 2926 παντός
954 2864 1186 2932 ἔστηκεν,
1238 2861 1476 2935 ἀθανάτῳ
1519 2861 1673 2936 ψυχῇ

68 2952 195 3006 καθ’
224 2954 359 3025 ὑμᾶς
389 2949 727 3026 διοικούμενα
781 2955 850 3022 9’,
901 2957 953 3007 τί
993 2952 1179 3007 κωλύει
1252 2973 1340 3010 και
1411 2955 1679 3026 ἄνθρωπον

65 3041 296 3095 λυθέντα
346 3061 400 3095 τε
469 3043 518 3078 ³³
579 3061 669 3096 και
709 3041 916 3117 ῥυέντα,
985 3039 1073 3095 εἶτ’
1129 3038 1280 3106 αὖθις
1333 3041 1408 3115 ἔφ’
1454 3043 1574 3118 ὅπερ
1615 3043 1676 3102 ἧν

62 3137 172 3184 πᾶν
215 3136 476 3206 συνιόντα,
519 3133 653 3186 ὥστε
682 3137 771 3185 καὶ
798 3132 1090 3204 αἱεὶ,μένειν
1118 3132 1247 3206 αὐτῇ
1283 3128 1351 3191 δὴ
1404 3139 1465 3204 τῇ
1521 3131 1674 3205 ψυχῇ

1783 1970 1900 2042 illa,
1923 1969 2276 2026 miraculum
2303 1968 2608 2026 exsistens.
2637 1970 2824 2024 Omne
2837 1968 2997 2024 enim
3011 1983 3228 2040 corpus
3250 1966 3428 2025 ﬂuxas

1784 2065 2011 2118 naturae
2027 2075 2158 2115 esse
2182 2074 2299 2114 non
2318 2057 2498 2114 modo
2521 2057 2651 2113 aliis
2671 2058 2772 2130 qui
2813 2057 2887 2113 de
2904 2062 3122 2114 natura
3134 2056 3426 2122 disserue-

1782 2154 1940 2216 runt,
1973 2148 2076 2206 sed
2113 2152 2166 2206 et
2226 2147 2453 2204 Platoni
2497 2146 2749 2216 videtur,
2800 2150 2854 2204 et
2877 2146 2950 2202 de
2977 2144 3310 2204 caelestibus
3347 2146 3431 2203 ita

1785 2238 2100 2296 aestimavit
2141 2241 2197 2294 et
2245 2236 2430 2298 solem
2481 2252 2551 2294 ac
2577 2235 2776 2294 stellas
2809 2251 3045 2308 semper
3074 2235 3356 2293 exsistere
3373 2237 3430 2293 et

1785 2343 2028 2385 manere
2075 2326 2236 2383 dicit.
2299 2325 2353 2382 Si
2402 2325 2580 2396 igitur
2609 2341 2680 2382 ea
2709 2340 2964 2397 corpora
3001 2324 3230 2387 caduca
3270 2328 3427 2392 sunt,

1787 2423 1844 2475 et
1897 2417 2032 2473 licet
2068 2415 2300 2472 caduca
2339 2415 2455 2478 sint
2491 2419 2692 2471 tamen
2732 2418 3019 2487 perpetuo
3054 2417 3429 2486 permanent,

1787 2509 1892 2564 etsi
1921 2522 2043 2566 non
2065 2507 2126 2563 in
2169 2505 2381 2564 iisdem
2436 2505 2806 2572 substantiis,
2855 2503 3176 2560 immortali
3230 2502 3433 2560 anima

1788 2595 2120 2654 secundum
2142 2611 2248 2650 vos
2275 2593 2629 2664 gubernata,
2650 2592 2794 2667 quid
2813 2590 3063 2664 impedit
3082 2590 3228 2663 quin
3247 2590 3432 2648 homo

1787 2684 2118 2743 dissolutus
2141 2689 2193 2740 et
2224 2683 2513 2755 dilapsus,
2538 2681 2753 2738 deinde
2783 2679 2916 2738 inid
2940 2678 3104 2754 quod
3124 2679 3289 2755 prius
3311 2682 3436 2736 erat

1789 2779 1976 2844 coeat,
2008 2776 2090 2830 ita
2114 2777 2181 2830 ut
2209 2770 2730 2846 quemadmodum
2752 2771 2886 2844 ipsa
2914 2771 3119 2827 anima
3146 2773 3434 2843 perpetuo

1788 2869 1992 2922 manet
2018 2865 2101 2920 ita
2128 2867 2183 2920 et
2211 2877 2458 2935 corpore
2488 2865 2855 2931 permaneat,
2903 2875 3040 2917 cum
3081 2859 3214 2932 ipsa
3233 2857 3437 2914 anima

1790 2955 1862 3012 sit
1901 2952 2388 3024 incorruptibilis,
2442 2966 2639 3023 neque
2695 2950 2885 3023 possit
2925 2948 2988 3006 in
3021 2947 3139 3005 alio
3188 2961 3436 3020 corpore
3481 2967 3487 2973 ~

1788 3045 1987 3102 vivere
2008 3057 2205 3116 neque
2232 3040 2465 3113 operari
2499 3057 2568 3096 ea
2595 3055 2726 3113 quae
2764 3054 2902 3096 cum
2928 3052 3176 3110 corpore
3202 3035 3436 3108 operari

1789 3133 2013 3189 debet?
2040 3131 2156 3189 Nisi
2182 3130 2340 3187 enim
2363 3129 2444 3186 ita
2470 3127 2883 3202 sit,non,quod
2901 3124 3436 3194 diximus,omnino

59 3225 158 3273 καὶ
213 3220 352 3292 αὐτῷ
417 3229 487 3291 τῷ
536 3227 738 3293 σώματι
793 3219 1044 3285 ἀθάνατος
1113 3218 1399 3294 διαμεῖναι,
1450 3219 1612 3292 τῆςψ

1881 3238 2022 3295 sque
2076 3219 2454 3292 corruptione
2510 3218 2635 3286 erit,
2665 3218 2792 3290 ejus
2831 3231 2955 3272 una
2992 3231 3129 3272 cum
3187 3228 3434 3286 corpore

55 3317 175 3382 χῆς
212 3309 376 3372 αὐτῆς
415 3308 681 3382 ἀφθάρτου
728 3329 786 3382 γε
843 3313 1027 3374 οὔσης,
1095 3315 1182 3364 καὶ
1239 3316 1309 3383 μὴ
1369 3315 1674 3384 πεφυκυίας,

60 3400 189 3471 μήτ’
229 3396 276 3449 ἐν
315 3398 449 3470 ἄλλῳ
505 3400 781 3471 γίγνεσθαι
837 3405 1064 3472 σώματι,
1123 3399 1246 3472 μήτ’
1295 3399 1513 3473 ἐνεργεῖν
1580 3401 1680 3453 ὅσα

61 3484 138 3544 δὴ
168 3506 256 3538 και
286 3492 476 3560 πέφυκε
507 3491 636 3560 μετά
677 3494 911 3560 σώματος
973 3485 1104 3562 δρᾷν
1133 3507 1145 3544 ;
1179 3489 1239 3542 Εἰ
1280 3491 1389 3561 χὰρ
1437 3494 1508 3563 μὴ
1557 3498 1677 3542 τοῦ·

56 3595 146 3640 το,
179 3576 271 3628 οὐκ
304 3575 363 3627 ἃν
416 3579 536 3650 ὅπερ
593 3580 780 3650 ἔφημεν
840 3574 939 3630 οὐδ
986 3577 1116 3650 αὐτῇ
1177 3580 1236 3629 τὸ
1303 3584 1404 3630 πᾶν
1463 3578 1679 3654 ὑπάρξει

59 3661 208 3734 δίχα
269 3666 475 3738 φθορᾶς,
531 3675 621 3726 τῆς
669 3672 800 3738 μετά
873 3671 1112 3738 σώματος
1162 3665 1410 3738 ἐνεργείας
1469 3669 1679 3742 φθαρεί-

62 3773 173 3815 σης
204 3753 356 3826 αὐτῇ,
401 3754 430 3812 ἢ
489 3751 556 3812 δὴ
613 3759 776 3827 ταύτῃ
831 3776 921 3808 και
979 3758 1108 3808 κατὰ
1159 3759 1314 3829 φύσιν
1373 3762 1674 3830 πρόσεστιν.

59 3842 143 3895 Οὐ
164 3847 264 3914 μὴν
295 3841 423 3895 ἀλλὰ
464 3847 553 3896 καὶ
581 3840 719 3915 δίχα
748 3846 1001 3917 σωμάτων
1051 3843 1260 3906 κολάζει
1301 3845 1511 3897 Πλάτων
1564 3845 1674 3916 ψυ-

57 3934 193 4004 χὰς,
225 3931 416 4004 φαῦλας
462 3929 529 3990 δή
564 3952 704 3993 τινας
753 3931 800 3984 ἓν
853 3929 989 4003 τῷδε
1037 3941 1106 4003 τῷ
1163 3931 1264 4007 βίῳ
1302 3936 1350 3968 οι
1407 3939 1677 4008 γεγενημέ,

61 4040 181 4087 νας,
213 4025 302 4072 καὶ
331 4023 558 4093 πονηράς
614 4041 626 4058 ν
675 4026 762 4073 καὶ
823 4023 853 4080 ἠ
909 4021 1145 4091 κόλασις,
1213 4028 1441 4095 ποταμοὶ
1503 4029 1677 4077 Κωκυ-

57 4113 148 4161 τοὶ
185 4111 316 4179 (40),
405 4113 494 4160 καὶ
554 4107 1034 4183 Πυριφλεγέθοντες,
1091 4115 1180 4163 καὶ
1228 4110 1420 4186 φοϐερὰ
1474 4112 1676 4187 ῥεύμα-

60 4215 133 4250 τα
182 4199 235 4248 ἐκ
308 4198 570 4270 ταρτάρου
619 4199 724 4250 ἄνω
786 4201 1063 4250 και’κάτω
1106 4204 1322 4272 φέροντα
1369 4205 1459 4252 καὶ
1511 4219 1675 4253 κατα-

67 4286 292 4358 σύροντα
341 4291 456 4346 ταῖς
535 4289 702 4354 όκαῖς,
750 4291 838 4339 καὶ
886 4283 1014 4359 μηδ’
1068 4285 1308 4346 ἐπιϐῆναι
1349 4287 1533 4361 λίμνης
1585 4295 1678 4348 τῆς

61 4373 412 4446 Ἀχερουσίας
479 4372 660 4441 ἐῶντα,
741 4373 892 4428 κάκεῖ
953 4375 1150 4449 πρᾶξαι
1203 4384 1312 4437 τοῖς
1365 4377 1450 4429 ὑπ’
1507 4377 1675 4430 αὐτῶν

62 4458 401 4533 ἠδικημένοις
458 4464 689 4535 εὐμενέσι
762 4466 1098 4536 χρήσασθαι,
1178 4469 1268 4517 καὶ
1306 4463 1440 4517 οὕτω
1499 4474 1675 4538 φυγεῖν

62 4553 128 4602 τό
162 4546 501 4612 κοδάζεσθαι.
531 4551 662 4624 Ἐγώ
691 4549 749 4605 δὲ
813 4561 1014 4627 πρῶτον
1068 4557 1159 4626 μεν
1201 4554 1296 4606 οὐκ
1336 4551 1478 4621 οῖδα,
1534 4560 1585 4608 τί
1615 4554 1676 4608 ἂν

63 4639 264 4703 ἀπαθὴς
292 4645 384 4701 τὴν
441 4642 623 4695 οὐσίαν
680 4645 840 4696 πάθοι
885 4645 932 4679 9³
983 4642 1164 4716 ψυχὴ,
1211 4652 1465 4716 ποταμοῖς
1520 4643 1675 4718 ἐμπε-

65 4737 237 4784 σοῦσα
260 4733 325 4803 9⁸,
374 4732 465 4785 εἴτ’
516 4731 570 4786 ἐκ
614 4733 778 4807 πυρός
817 4732 1048 4808 ῥέουσιν,
1101 4734 1194 4787 εἰτ’
1225 4733 1278 4798 ἐξ
1317 4734 1471 4788 ἄλλου
1521 4735 1675 4789 κολά-

63 4820 244 4884 ζοντος
264 4822 330 4876 ⁹⁷.
375 4827 490 4884 Πῶς
536 4818 595 4876 δὲ
623 4827 711 4875 καὶ
761 4818 926 4885 διναις
984 4821 1255 4900 ῥευμάτων
1305 4826 1416 4879 ὅθεν
1475 4821 1674 4886 δήποθ’

1789 3311 2134 3384 operatione
2171 3313 2450 3380 corrupta
2480 3323 2616 3380 quae
2655 3305 2734 3362 ad
2762 3305 2958 3380 ipsam
2979 3307 3203 3372 natura.
3260 3301 3436 3374 perti-

1788 3405 1906 3458 net.
1931 3404 2204 3456 Attamen
2256 3401 2313 3453 et
2365 3397 2528 3454 Plato
2559 3396 2794 3453 animas
2829 3393 3058 3467 absque
3086 3391 3437 3466 corporibus

1789 3491 1981 3563 punit,
2014 3506 2114 3544 eas
2134 3502 2349 3560 nempe
2379 3502 2516 3560 quas
2545 3485 2606 3541 in
2645 3485 2760 3542 hac
2784 3484 2910 3542 vita
2938 3482 3106 3540 malae
3135 3486 3191 3537 et
3218 3481 3437 3554 impro-

1790 3579 1882 3635 bae
1901 3579 2158 3634 fuerunt.
2191 3579 2254 3632 Et
2286 3591 2368 3631 eae
2399 3590 2590 3648 poenae
2619 3578 2757 3629 sunt
2778 3572 2943 3630 ﬂuvii
2972 3573 3226 3643 Cocytus
3253 3573 3309 3625 et
3330 3571 3437 3642 Py-

1789 3669 1834 3723 ri
1842 3666 2198 3740 phlegethon
2211 3708 2224 3732 ,
2234 3670 2412 3736 atque
2425 3663 2726 3722 horrenda
2739 3662 2962 3718 ﬂuenta
2975 3677 3045 3716 ex
3059 3663 3300 3716 Tartaro
3314 3672 3440 3712 sur-

1789 3774 1922 3814 sum
1945 3761 1998 3812 et
2021 3755 2304 3812 deorsum
2318 3753 2599 3823 labentia,
2625 3757 2680 3809 et
2701 3757 2924 3821 magno
2941 3749 3168 3822 impetu
3179 3745 3434 3814 ruentia,

1787 3862 1982 3918 neque
2023 3844 2374 3900 Acherontis
2419 3842 2620 3898 lacum
2655 3841 2903 3897 transire
2950 3838 3226 3906 sinentia,
3259 3851 3334 3890 ne
3359 3834 3433 3890 iis

1787 3951 1940 4008 quos
1961 3934 2177 4005 injuria
2207 3932 2506 4004 prosecuti
2528 3933 2685 3996 sunt,
2715 3927 3023 3989 benevolis
3046 3926 3129 3982 uti
3157 3930 3333 3997 atque
3353 3923 3435 3979 ita

1786 4040 2031 4097 pmuam
2063 4023 2267 4091 fugere
2312 4020 2560 4093 possint.
2624 4021 2744 4090 Ego
2790 4022 2988 4073 autem
3014 4013 3210 4088 primo
3232 4012 3434 4070 nescio

1785 4113 1933 4187 quid
1956 4112 2214 4168 essentia
2243 4107 2630 4182 impassibilis
2674 4106 2878 4163 anima
2903 4107 3220 4178 pateretur,
3243 4102 3306 4157 in
3326 4101 3440 4161 ﬂu-

1787 4203 1913 4259 vios
1931 4201 2224 4268 incidens,
2259 4198 2382 4254 sive
2408 4198 2616 4268 ignem‘
2647 4193 2974 4262 volventes,
2999 4192 3122 4248 sive
3145 4191 3308 4247 aliud
3329 4204 3434 4261 pu-

1785 4291 1957 4348 niens
2005 4287 2390 4346 elementum.
2415 4283 2729 4352 Quomodo
2787 4286 2984 4338 autem
3019 4285 3076 4335 et
3112 4277 3431 4336 verticibus

1786 4379 2148 4435 ﬂuentorum
2171 4375 2310 4432 inde
2332 4373 2661 4430 salientium
2687 4369 2968 4436 cohibita,
2995 4367 3134 4424 etiis
3152 4372 3430 4439 tanquam

1784 4465 2219 4524 inevitabilibus
2240 4461 2489 4520 vinculis
2532 4460 2773 4530 illigata,
2804 4474 2940 4514 cum
2980 4457 3050 4513 iis
3082 4454 3356 4514 volvatur
3379 4458 3436 4512 et

1785 4559 2181 4620 convertatur,
2215 4567 2408 4623 neque
2427 4550 2634 4623 possit,
2672 4552 2734 4604 ut
2754 4545 3072 4628 piscis,alio
3099 4541 3437 4620 transire'et

1785 4645 2059 4702 enatare?
2086 4639 2659 4698 Deindeliomicidas
2681 4636 3012 4694 etmoschos
3037 4632 3432 4706 etparricidas

1783 4733 2244 4805 etsacrilegosin
2258 4730 2468 4787 eadem
2481 4727 2706 4786 ﬂuenta
2723 4726 2978 4799 projicit.
3005 4723 3290 4796 thuidni
3306 4721 3436 4794 qui-

1781 4826 2038 4882 buscum
2070 4816 2837 4897 peccaveruntcorporibus
2867 4829 3006 4872 cum
3031 4813 3102 4871 iis
3124 4815 3181 4870 et
3198 4827 3299 4868 eas
3325 4825 3433 4882 pu-

1444 4951 1668 5020 Variae
1715 4951 2070 5019 lectiones.

143 5052 188 5086 ⁸³
210 5054 293 5123 μὲν
324 5054 515 5130 _Vind.
574 5055 640 5130 f3
677 5057 951 5130 γίγνεσθαι
1003 5058 1128 5130 vat.
1155 5060 1243 5130 _ut
1298 5073 1436 5130 δᾶερ.

65 5122 236 5178 abest
262 5141 295 5179 ο.
324 5125 492 5182 Vind.
572 5127 615 5162 ³⁷
645 5122 830 5179 τούτου
863 5129 983 5183 Vat.
1060 5129 1107 5162 ⁸⁸
1147 5127 1230 5180 ἐπὶ
1264 5123 1385 5184 Vat.

67 5192 381 5267 διηκούμενα
410 5197 576 5253 Vind.
654 5199 702 5232 9³
731 5217 782 5251 τε
828 5215 948 5254 non
993 5204 1080 5254 est
1115 5200 1178 5256 in
1212 5202 1332 5255 Vat.

70 5265 265 5322 malta
319 5267 363 5304 ³⁷
399 5268 565 5332 ἄλλως
584 5268 900 5332 κολάζοντας
926 5270 1096 5327 Vind.

1516 5060 1563 5093 ⁸⁸
1616 5061 1809 5111 τούτων
1868 5058 2035 5114 addit
2089 5057 2217 5111 Vat.
2294 5053 2343 5088 ⁸³
2403 5050 2534 5121 λέγω
2588 5063 2710 5105 non
2767 5050 2858 5103 est
2902 5044 3064 5121 ian

1880 5058 2035 5114 addit
2089 5057 2217 5111 Vat.
2294 5053 2343 5088 ⁸³
2403 5050 2534 5121 λέγω
2588 5063 2710 5105 non
2767 5050 2858 5103 est
2902 5044 3150 5121 indVat.
3210 5043 3433 5121 _°A°_1'oi‘¢

1464 5130 1512 5164 '9
1539 5149 1593 5182 τε
1623 5145 1744 5185 non
1777 5133 1865 5185 est
1887 5129 1945 5183 in
1977 5131 2102 5183 Vat.

1412 5201 1460 5234 9⁸
1513 5199 1562 5252 ἐν
1608 5209 1679 5271 τῷ
1719 5197 1849 5274 τῇδε
1908 5197 2008 5272 βίῳ
2071 5201 2192 5253 Vat.

2707 5122 2748 5155 9‘
2782 5123 2930 5178 ὅντως
2961 5115 3128 5171 Vind.
3208 5116 3261 5150 ⁸⁸
3292 5116 3436 5186 ἡμᾷς

2181 5126 2230 5160 ⁰⁰
2259 5123 2392 5176 οὕτω
2417 5141 2477 5193 γε
2505 5123 2628 5176 Vat.
2707 5123 2748 5155 ⁹⁴
2782 5123 2930 5178 ὅντως
2962 5123 3128 5171 Vind.
3208 5123 3261 5150 "
3292 5123 3429 5195 ἡμᾶς

2181 5239 2192 5252 .
2272 5197 2319 5231 9³
2375 5194 2516 5257 πάθη
2575 5193 2697 5248 Vat.
2777 5191 2826 5226 9°
2897 5188 3196 5261 ἐμπεζοῡσα
3259 5185 3429 5244 Vind-

2272 5197 2319 5231 9³
2375 5194 2516 5257 πάθη
2575 5193 2697 5248 Vat.

149 5463 249 5540 (39)
282 5466 359 5540 De
384 5464 498 5522 hac
549 5466 873 5540 aeternitate
910 5466 989 5540 cf.
1053 5466 1350 5538 Wyttenb.
1403 5361 1883 5540 Βίερλῗῖοιῖιι.
1917 5482 1976 5540 p.
2033 5462 2278 5540 HeiQd-3
2332 5463 2418 5519 De
2452 5458 2706 5540 ﬁepubl.
2759 5473 2801 5514 x
2830 5472 2920 5540 _p.
2947 5417 3093 5540 ‘61:};
3127 5469 3294 5540 seqq.
3332 5454 3420 5540 [(‘p.

70 5534 745 5618 placit.'jnipi01j_tal.uact
772 5539 1052 5618 lflmdon.
1085 5534 1142 5610 ρ’.
1178 5554 1296 5618 xim
1329 5554 1456 5613 seq.

151 5603 360 5685 (40)D_e_
383 5609 475 5662 his
497 5609 694 5685 fluviis
725 5603 1394 5685 inferorumpoenisque
1414 5603 1540 5685 vid.
1575 5611 1668 5666 in~

113 5679 274 5753 [rimis
307 5679 530 5734 Platon.
584 5680 911 5753 thdon,
950 5695 1007 5752 p.
1050 5679 1175 5744 .1712,
1219 5679 1424 5752 Steph.
1464 5684 1553 5753 (p.
1595 5685 1665 5744 89

153 5752 272 5818 ytt.,
303 5765 360 5821 p.
389 5754 492 5806 242
527 5751 774 5822 [leiud.),
807 5751 1153 5823 coll.’Gorg.
1187 5751 1337 5808 sect.
1370 5757 1431 5808 81
1468 5751 1667 5822 {Cra-

1775 5536 1874 5597 321
1919 5536 2106 5608 'seqq.
2157 5536 2300 5608 ΒΨ,
2355 5536 2561 5608 p.303_
2591 5545 2764 5608 seqq.
2812 5536 2964 5608 Ast.)
2996 5536 3063 5608 ut

1777 5596 1930 5666 erat.
1958 5596 2297 5676 ΑᾶῖῖοοΙιῖς
2328 5596 2499 5676 21,71).
2546 5604 2644 5658 166
2671 5596 2842 5672 ἐρ’(ιιι,
2874 5599 2970 5654 ed.
3002 5597 3266 5676 ⁸[ς’ἱερὶιςειῃ
3303 5596 3432 5651 Plu-

1777 5680 1966 5740 tarch.
2024 5681 2128 5736 De;
2179 5668 2356 5747 S.'N,
2382 5668 2457 5732 VI
2499 5691 2570 5747 ρ..
2601 5668 2962 5744 l62..séqq.,
2997 5668 3145 5726 ibid.
3177 5669 3434 5739 interprr

2355 5549 2421 5605 p.
2446 5525 2549 5588 303
2595 5545 2764 5602 seqq.
2812 5525 2964 5605 Ast.)
2996 5525 3426 5605 ;_z£scbiri.§o-
