3932 6326
537 389 675 448 1439

1865 377 2240 444 NICEPHORI
2276 376 2564 438 CHUMNI.
3783 393 3874 445 illi?

537 512 821 587 precibus
847 526 983 569 cum
1011 508 1201 568 multo
1218 509 1428 568 timore
1450 509 1824 582 ﬂagitabam,
1857 511 1922 566 ut
1950 505 2162 566 nullun

2302 504 2375 566 9ος
2420 507 2568 579 ἡμῶν
2629 527 2720 562 και
2770 512 2829 565 τὸ
2877 520 2972 576 της
3027 509 3310 583 έπιθυμίας
3370 509 3626 586 σφοδρὸν
3674 509 3874 576 ﬁdite.

537 603 719 675 hujus
745 602 874 658 vitae
905 601 1205 658 malorum
1238 617 1511 674 unquam
1542 601 1648 658 tibi
1678 601 2033 665 occurreret,
2087 610 2186 653 ne-

538 707 656 765 que
670 705 939 763 unquam
952 694 1126 748 tuum
1140 689 1411 748 animum
1423 689 1629 748 dolore
1650 704 1915 746 mersum
1928 686 2184 744 viderem

538 796 731 853 neque
761 780 1015 851 gemitus
1029 795 1100 836 ex
1117 779 1792 853 adversisinfaustisque
1804 777 1984 835 rebus
2021 780 2185 832 ortos

535 869 826 935 audirem,
851 869 898 925 si
928 885 1051 943 qua
1092 870 1547 944 supervenirent
1571 870 1826 927 adversa
1847 884 1918 928 ac
1977 865 2182 933 tristia,

538 974 734 1032 neque
763 959 1064 1032 lacrymas
1094 975 1167 1019 ex
1197 959 1313 1016 tuis
1339 959 1524 1016 oculis
1555 959 1806 1016 ﬂuentes
1858 971 2184 1024 cernerem,

538 1064 733 1121 neque
761 1064 1078 1105 maerorem
1111 1052 1215 1106 aut
1248 1049 1542 1108 tristitiam
1601 1050 1928 1121 aspicerem
1977 1047 2037 1104 in
2085 1048 2188 1102 tuo

539 1137 724 1204 vultu,
758 1141 880 1194 tam
911 1137 1182 1210 pulchro,
1205 1141 1329 1195 tam
1376 1136 1605 1204 festivo,
1641 1153 1787 1211 pace
1817 1141 1875 1193 et
1901 1133 2185 1197 omnibus

539 1226 742 1297 gratiis
771 1226 1002 1283 referto.
1048 1227 1336 1300 Etoptavi
1361 1228 1557 1300 potius
1581 1231 1638 1282 et
1679 1225 1927 1283 omnino
1983 1223 2188 1296 optavi

539 1321 596 1372 et
634 1315 908 1372 ardenter
930 1315 1226 1393 postulavi
1258 1320 1321 1371 ut
1350 1316 1514 1389 prius
1545 1315 1813 1372 animam
1865 1318 2053 1372 morte
2109 1311 2190 1370 ef-

538 1406 744 1462 ﬂarem
770 1408 849 1479 (et
869 1405 1060 1462 dulcis
1081 1406 1226 1463 mihi
1256 1421 1328 1463 ea
1356 1422 1518 1463 mors
1542 1405 1789 1478 fuisset),
1820 1421 2006 1478 quam
2028 1402 2187 1460 cala-

538 1496 806 1553 mitatem
839 1494 1105 1568 aliquam
1129 1495 1667 1554 animadverteram
1690 1499 1791 1553 tuo
1821 1493 1988 1552 cordi
2026 1491 2190 1551 dolo-

538 1601 632 1642 res
659 1583 1029 1654 aﬂ‘erentem,

2296 593 2520 650 Κάκεῖνα
2541 593 2890 668 δ’ἒνπάσαις
2931 603 3068 676 ἡμην
3121 610 3234 665 ταῖς
3289 603 3530 666 ἱκεσίαις
3587 607 3689 656 σύν
3755 607 3877 673 reb;

2292 692 2366 756 τῷ
2398 683 2502 740 δέει
2539 697 2896 766 πεποιημένος,
2960 689 3127 766 μηδέν
3179 712 3263 746 σοι
3310 689 3604 766 μηδέποτε
3664 689 3881 766 gratissi;

2297 786 2622 833 συναντῶσαι
2665 789 2764 834 τῶν
2794 781 2841 836 έν
2895 790 2968 856 τῷ
3019 782 3122 857 βίῳ
3173 785 3336 855 τούτῳ
3401 779 3737 856 δυσχερῶν,
3785 783 3881 854 μιεῖί

2293 870 2535 939 γενέσθαι
2582 889 2672 943 μοι
2718 867 2984 945 μηδέποτε
3055 869 3383 946 ὀδυνωμένης
3471 873 3778 926 αἰσθέσθαι
3823 885 3884 933 ri;

2297 955 2397 1010 σῆς
2435 945 2843 1024 καρδίας.μηδε
2893 957 3180 1026 στεναγμὸν
3230 945 3464 1006 ἀκοῦσαι
3517 952 3584 1005 ἐκ
3655 955 3888 1026 συντριεῂ

2293 1041 2486 1102 ταύτης
2577 1039 2995 1116 ἀναπεμπόμενον
3051 1063 3141 1096 και
3219 1049 3619 1116 στενοχωρίας,
3701 1049 3888 1096 imis-:2-

2298 1133 2475 1191 σόντος
2523 1133 2659 1192 τινός
2703 1139 2804 1184 τῶν
2857 1131 3194 1186 ἐκθλιϐόντων
3268 1153 3360 1185 και
3430 1132 3622 1194 λύπης
3675 1134 3892 1207 προξένει

2296 1219 2446 1292 αύτῇ,
2498 1216 2638 1294 μηδέ
2699 1240 2761 1293 γε
2808 1218 3038 1297 δάκρυον
3099 1221 3292 1297 βλέψαι
3356 1231 3465 1276 τῶν
3543 1231 3665 1276 σῶν
3716 1224 3892 1295 apes

2296 1309 2590 1383 ὀφθαλμῶν,
2650 1308 2790 1384 μηδὲ
2842 1314 3261 1389 σκυθρωπότητά
3309 1333 3432 1365 τινα
3486 1309 3753 1366 κατιδεῖν
3802 1334 3896 1385 μετ

2295 1404 2577 1472 κατήφειαν
2630 1398 2713 1453 ἐπὶ
2761 1409 2854 1456 τοῦ
2929 1409 3024 1456 σοῦ
3070 1401 3230 1455 καλοῦ
3290 1407 3380 1455 καὶ
3467 1405 3690 1477 ὡραίου
3775 1422 3898 1475 προτ-

2296 1494 2458 1555 ὡπου,
2514 1493 2604 1542 καὶ
2657 1490 2884 1563 γαλήνης
2929 1497 3018 1546 καὶ
3069 1500 3250 1545 πασῶν
3309 1496 3581 1564 γέμωτος
3673 1497 3895 1567 χαρίτπε).

2299 1584 2400 1632 Καὶ
2439 1579 2698 1651 ἠγάπησα
2752 1579 2963 1652 μᾶλλον,
3025 1586 3116 1635 καὶ
3170 1583 3304 1635 πάνυ
3360 1601 3417 1634 τι
3477 1582 3788 1652 ἠγάπησα,
3841 1602 3898 1630 τι

543 1677 738 1749 θερμῶς
801 1672 1104 1746 ἐπηυξάμην
1165 1674 1364 1746 θανάτῳ
1413 1677 1656 1749 πρότερον
1723 1677 1818 1732 τὴν
1870 1671 2056 1745 ψυχὴν
2115 1669 2488 1738 ἀποϐαλέσθαι,
2554 1674 2640 1722 καὶ
2715 1667 2776 1730 ἦν
2863 1673 2924 1724 ἄν
3016 1691 3106 1746 μοι
3197 1675 3287 1726 καὶ
3369 1673 3581 1746 γλυκύς
3672 1671 3899 1733 ﬁxing:-

543 1765 776 1833 θάνατος,
818 1764 848 1823 ἡ
885 1759 1199 1836 δυσχερείας
1216 1766 1354 1827 τινὸς
1379 1763 1452 1826 εἰς
1481 1765 1733 1822 αἱσθησιν
1761 1761 1918 1816 ἐλθεῖν
1948 1762 2098 1835 ἄλγος
2123 1759 2470 1836 προξενούσης
2497 1767 2560 1833 τῇ
2596 1767 2661 1832 σῇ
2718 1758 2937 1836 καρδίᾳ.

611 1855 743 1909 Ilaec
773 1852 980 1908 omnia
1010 1857 1067 1909 et
1101 1857 1289 1909 mater
1335 1857 1438 1910 tua
1488 1851 1808 1909 inetfabilis
1854 1849 2190 1912 dilectionis

540 1956 787 2002 excessu
823 1945 1112 2014 perpetuo
1165 1941 1268 1998 tibi
1318 1941 1658 2016 peroptavit
1705 1939 2192 2013 eﬂlagitavitque,

539 2035 724 2088 totam
765 2031 1033 2089 animam
1060 2030 1398 2103 effundens,
1453 2036 1644 2090 totum
1701 2029 2094 2100 desiderium,
2138 2033 2194 2089 te

539 2121 687 2178 lacte
718 2121 1004 2189 nutriens,
1037 2121 1369 2196 fovensque
1431 2121 1822 2195 amplexibus,
1857 2132 1914 2178 et
1943 2121 2004 2177 in
2036 2119 2194 2177 ulnis

539 2210 753 2281 ferens,
768 2226 961 2284 neque
977 2212 1275 2269 sustinens
1288 2211 1377 2269 vel
1391 2210 1700 2286 paululum
1724 2226 1761 2268 a
1785 2214 1840 2268 te
1876 2209 2152 2268 recedere
2179 2209 2192 2266 !

540 2301 778 2368 Quoties
807 2306 1008 2357 autem
1049 2299 1144 2357 die
1182 2305 1488 2373 noctuque
1516 2299 1754 2357 divinas
1793 2299 1954 2356 aedes
2005 2297 2195 2370 petiit,

542 2389 722 2445 nudis
753 2388 1010 2460 pedibus
1043 2389 1327 2446 incedens
1355 2392 1888 2462 paupertatemque
1915 2386 2196 2459 induens,

540 2481 596 2534 et
624 2477 702 2535 ad
731 2494 914 2550 puras
946 2478 1438 2550 venerandasque
1478 2479 1773 2549 imagines
1805 2478 2110 2543 festinans,
2139 2481 2198 2536 et

541 2571 679 2624 ante
707 2583 810 2623 eas
840 2583 1046 2640 preces
1070 2567 1467 2639 ardentesque
1491 2567 1960 2642 supplicationes
1973 2582 2043 2623 ex
2063 2582 2196 2639 pro~

539 2654 727 2713 fundo
757 2661 814 2712 et
837 2656 1068 2713 ardenti
1099 2655 1276 2715 corde
1307 2656 1553 2724 faciens,
1615 2656 1950 2733 eademque
2010 2672 2047 2716 a
2075 2658 2194 2717 Deo

539 2743 851 2820 postulans
897 2745 911 2801 ι

611 3013 764 3079 Quot
789 3015 846 3069 et
882 3015 1109 3086 quanta
1137 3012 1296 3070 Deus
1337 3012 1464 3086 ipse
1488 3011 1672 3085 bona,
1701 3015 1940 3072 nostras
1983 3027 2191 3087 preces

543 3103 910 3175 superantia,
933 3102 1038 3159 tibi
1068 3100 1246 3160 nullis
1267 3101 1703 3176 comparabilis
1728 3101 2106 3160 abundanter
2135 3105 2192 3161 et

2373 1854 2509 1902 Ὀσα
2540 1845 2598 1902 δὲ
2627 1854 2716 1902 καὶ
2746 1848 2831 1904 οἷα
2879 1856 3127 1927 μήτηρων
3179 1851 3402 1925 φίλτρων
3463 1850 3736 1926 inlapsa-3.”

2299 1938 2476 2002 ϐολαῖς
2515 1937 2594 1993 ἀεὶ
2653 1935 2906 1994 διετέλεσε
2961 1945 3079 2014 περὶ
3123 1943 3180 1994 σε
3231 1939 3651 2006 σπουδάζουσα
3719 1946 3810 1994 καί

2300 2023 2628 2100 δεικνυμένη,
2690 2033 2786 2088 τὴν
2840 2029 2960 2089 ὅλην
3025 2029 3260 2103 ἐκχέασα
3341 2031 3572 2103 ψυχὴν,

2299 2119 2476 2180 πόθον,
2508 2123 2600 2170 καὶ
2627 2118 2973 2192 γαλουχοῦσά
3021 2139 3079 2173 σε
3133 2125 3224 2173 καὶ
3267 2127 3790 2196 περιπτυσσομένη,
3843 2141 3907 2170 ιι

2301 2209 2530 2280 φέρουσα
2586 2204 2680 2262 διὰ
2727 2213 2920 2272 παντὸς
2985 2207 3033 2262 έν
3099 2207 3372 2282 ἀγκάλαις,
3428 2216 3528 2264 καὶ
3606 2207 3762 2284 μηδε
3807 2228 3907 2260 κατε

2299 2299 2486 2371 μικρόν
2527 2295 2819 2358 ἀποστῆναι
2865 2305 2962 2362 τῆς
3023 2306 3118 2360 σῆς
3162 2301 3274 2360 θέας
3332 2296 3623 2372 μηδαμῶς
3689 2299 3907 2369 ἀνεχομ-

2299 2405 2361 2444 νη
2400 2386 2412 2442 l
2445 2387 2598 2448 ὅσους
2674 2383 2734 2440 δὲ
2792 2390 3036 2449 καὶτοὺς
3093 2383 3318 2462 δρόμους
3367 2391 3680 2462 ἡμερινόύς
3731 2408 3787 2442 τε
3844 2408 3903 2437 xz;

2298 2479 2625 2550 νυκτερινοὺς
2687 2479 2830 2552 παρά
2899 2479 3021 2540 τοὺς
3109 2479 3277 2539 θείους
3348 2483 3661 2531 κατέτείνεν
3747 2477 3898 2535 οἴκους.

2298 2573 2510 2638 γυμνοῖς
2536 2573 2645 2628 τοῖς
2695 2571 2823 2619 ποσὶ
2863 2567 2994 2640 πεζῇ
3060 2563 3372 2640 βαδίζουσα
3430 2573 3529 2620 καὶ
3597 2567 3900 2642 προσταλαι-

2297 2662 2571 2728 πωροῦσα,
2613 2660 2699 2708 καί
2739 2674 2798 2726 γε
2843 2657 3113 2728 φθάνουσα
3157 2659 3284 2732 πρός
3326 2660 3416 2718 τὰς
3470 2656 3790 2732 ἀκράντονς
3838 2665 3894 2706 12:?

3661 2035 3756 2084 τόν
3825 2031 3904 2081 εις

2299 2747 2490 2807 σεπτὰς
2532 2745 2746 2814 εἰκόνας,
2797 2750 2886 2800 καὶ
2935 2748 3126 2800 τούτων
3176 2747 3491 2820 ἐπίπροσθεν
3578 2750 3690 2808 τὰς
3766 2747 3896 2816 εύχὲς

2295 2838 2386 2887 καὶ
2436 2837 2622 2908 θερμὰς
2671 2840 2951 2908 ποιουμένη
3007 2839 3103 2900 τὰς
3150 2838 3351 2900 ἱκεσίας
3405 2835 3465 2888 ἐκ
3511 2834 3732 2910 βάθους
3803 2855 3895 2906 zz;-

2297 2919 2415 2986 δίας
2443 2927 2678 2990 ζεούσης,
2710 2924 2923 2978 κάκεῖνα
2946 2929 3073 3000 πρὸς
3105 2926 3239 2982 Θεού
3265 2925 3576 2986 έκζητοῦσα
3604 2927 3619 2982 Ξ

2367 3019 2485 3067 Οσα
2533 3010 2602 3073 δὴ
2646 3019 2737 3068 καὶ
2801 3018 2934 3077 Θεὸς
2998 3014 3152 3078 αύτός
3243 3013 3416 3086 ἀγαθὰ
3507 3015 3752 3087 μεγάλα,
3835 3034 3892 3063 κε’

2293 3102 2675 3178 ὑπερϐάλλοντα
2751 3109 2925 3157 πᾶσαν
2978 3105 3229 3180 ἡμετέραν
3314 3104 3503 3176 εύχὴν,
3581 3101 3892 3176 ἀπαράμιὶὶλ

539 3191 1070 3249 amantercontulit
1094 3191 1106 3250 l
1129 3191 1421 3249 Eximiam
1442 3207 1659 3264 nempe
1683 3191 1899 3248 animus
1923 3191 2105 3248 simul
2135 3207 2162 3247 e

2302 3211 2380 3248 ro:
2416 3192 2678 3256 πλουσίως
2707 3199 2797 3247 καὶ
2845 3193 3122 3268 φιλοτίμως
3174 3199 3474 3269 παρέσχετο
3554 3197 3890 3266 χορηγήσαςῗ

538 3281 804 3352 corporis
854 3279 1382 3354 pulchritudinem,
1425 3280 1608 3336 divini
1644 3281 1870 3336 timoris
1917 3295 2186 3348 sensum,

538 3369 964 3425 mandatorum
1005 3369 1215 3426 Christi
1239 3368 1743 3436 observationem,
1769 3385 1999 3427 morum
2021 3369 2189 3442 puri-

539 3461 740 3524 tatem,
765 3462 822 3513 et
846 3457 1143 3530 quidquid
1155 3461 1245 3514 est
1260 3458 1732 3530 pulcherrimum
1747 3457 1986 3532 aliaque
2009 3458 2193 3516 vincit

537 3546 720 3613 bona,
750 3547 799 3601 si
829 3563 968 3603 cum
997 3548 1182 3606 hocce
1221 3547 1622 3605 conferantur.

624 3637 766 3701 Qum
781 3636 1216 3710 conspicientes
1246 3636 1600 3694 laetabamur
1635 3638 1866 3712 nosfqui
1894 3643 1950 3696 te
1978 3654 2197 3712 genue-

537 3740 765 3793 ramus,
793 3731 850 3782 et
877 3725 1332 3783 exsultabamus
1354 3726 1558 3783 laetitia
1589 3727 1837 3799 perfusi,
1863 3744 1935 3784 ac
1959 3735 2010 3785 te
2068 3745 2191 3786 non

537 3814 721 3872 modo
751 3815 1098 3888 putavimus
1130 3816 1362 3886 generis
1391 3816 1580 3874 nostri
1624 3815 1808 3874 decus
1856 3821 1914 3874 et
1943 3817 2189 3887 gloriam

533 3903 679 3974 fore,
710 3903 817 3960 sed
845 3909 901 3960 et
930 3903 1179 3960 ﬁrmiter
1199 3905 1950 3978 exspectavimus,rursum
1981 3922 2192 3962 omnes

535 4008 673 4064 spes
700 3997 937 4049 nostras
968 3993 1030 4050 in
1081 3996 1198 4051 Deo
1264 3999 1581 4066 ponentes,
1626 3998 1683 4051 et
1737 3995 1800 4052 in
1860 3995 2190 4067 purissima

534 4082 1031 4157 sanctissimaque
1061 4087 1119 4142 et
1149 4083 1537 4141 immaculata
1566 4083 1697 4155 ejus
1729 4083 2040 4142 Genitrice.

605 4263 805 4334 Neque
833 4277 944 4320 nos
970 4276 1042 4318 ea
1066 4277 1202 4335 spes
1231 4266 1289 4320 et
1313 4262 1478 4320 bona
1517 4261 1620 4320 illa
1662 4278 1732 4320 ac
1797 4261 2052 4338 pulchra
2092 4277 2193 4319 ex-

534 4350 788 4421 pectatio
814 4350 1160 4408 fefellerunt.
1199 4355 1529 4426 Postquam
1553 4352 1712 4410 enim
1747 4353 1827 4410 ad
1875 4353 1989 4409 hoc
2041 4357 2189 4408 tem-

535 4453 648 4509 pus
668 4443 723 4493 et
754 4438 831 4494 ad
885 4439 1042 4496 hanc
1083 4444 1343 4507 aetatem,
1404 4456 1540 4513 quas
1596 4441 1820 4513 nuptiis
1888 4439 2187 4510 convenit,

536 4528 880 4598 pervenisti,
911 4529 1125 4586 excitat
1165 4532 1316 4585 Deus
1347 4545 1483 4587 eum
1509 4531 1614 4602 qui
1645 4546 1752 4605 per
1776 4531 1982 4604 ipsum
2013 4531 2187 4587 mise-

534 4615 842 4673 ricorditer
879 4617 1054 4673 nobis
1087 4617 1363 4690 imperat,
1392 4623 1449 4676 et
1486 4619 1722 4692 accipit,
1757 4626 1812 4676 et
1836 4619 2007 4690 erigit
2035 4625 2085 4676 te
2110 4635 2162 4675 τι(

2302 4622 2327 4680 ἠ
2334 4629 2442 4693 μῶν
2516 4618 2866 4694 βασιλεύοντα
2948 4620 3043 4693 (1),

536 4699 989 4775 magnitudinis,
1017 4706 1263 4764 honoris
1304 4712 1359 4764 et
1403 4707 1605 4778 gloriae
1663 4707 1968 4779 fastigium
2018 4707 2185 4764 illud.

535 4792 701 4867 quod
741 4808 934 4868 neque
964 4794 1025 4851 in
1047 4796 1196 4852 votis
1217 4795 1440 4854 habere
1457 4811 1653 4870 neque
1697 4801 1896 4853 mente
1927 4796 2185 4868 cogitare

535 4883 666 4938 ausi
694 4898 933 4940 eramus
962 4884 1324 4952 Quaadeinde
1337 4890 1540 4944 secuta
1569 4887 1752 4943 sunt?
1777 4888 1892 4943 Nos
1913 4885 2182 4959 quidem,

535 4973 864 5032 nescientes
891 4979 1189 5048 quantum
1231 4975 1336 5032 tibi
1393 4975 1628 5034 bonum
1681 4980 2183 5049 superventurum

535 5067 708 5132 esset,
740 5062 888 5122 alias
926 5064 1029 5122 tibi
1057 5065 1299 5138 nuptias
1325 5064 1719 5140 parabamus,
1751 5081 1887 5138 quae
1933 5066 2184 5125 minime

534 5159 669 5211 tuos
698 5154 828 5227 pios
869 5165 1070 5210 mores
1115 5158 1402 5228 tuamque
1469 5155 1857 5227 purissimam
1915 5156 2184 5212 animam

533 5242 827 5300 decebant
859 5261 873 5312 ;
899 5244 1282 5301 utmanifeste
1311 5243 1448 5300 ﬁnis
1461 5245 1754 5312 ostendit;
1780 5246 2184 5318 apparuitque

534 5349 606 5389 ex
635 5347 755 5405 quo
786 5331 1111 5405 praecipitio
1151 5347 1221 5389 ac
1258 5332 1542 5390 barathro
1574 5332 1900 5405 providens
1946 5336 2100 5390 Deus
2130 5338 2184 5390 te

531 5423 887 5488 liberaverit,
932 5437 1005 5478 ex
1042 5439 1163 5495 qua
1213 5423 1417 5486 domo,
1473 5423 1638 5480 omni
1690 5423 2057 5497 turpitudine
2115 5439 2185 5480 ac

532 5512 832 5584 impietate
853 5511 1050 5584 plena.
1085 5514 1147 5569 Et
1168 5512 1400 5570 subruit
1428 5516 1569 5569 tunc
1599 5518 1655 5572 et
1679 5513 1847 5573 irrita
1870 5513 2188 5572 facitvana

604 5688 676 5757 (1';
719 5690 1147 5758 Imperatorem
1172 5689 1603 5748 Andronicum.

2291 3282 2471 3343 κάλλος
2501 3284 2752 3358 ὑπερφυὲς
2778 3283 2960 3356 ψυχῆς
3010 3285 3139 3356 ὁμοῦ
3183 3303 3237 3338 τε
3296 3288 3386 3335 καὶ
3466 3289 3746 3356 σώματος,
3807 3300 3892 3331 τοι·

2295 3372 2520 3429 αίσθησι
2587 3373 2724 3425 θείου
2795 3371 2974 3446 φόϐου,
3047 3370 3256 3424 ἐντολῶν
3335 3369 3584 3444 Χριστοῦ
3675 3389 3874 3444 τηρῑπι

2295 3464 2620 3533 κοσμιότητα
2657 3461 2836 3528 ἡθους,
2893 3465 2980 3515 καὶ
3052 3467 3154 3514 πᾶν
3205 3463 3287 3514 ὅτι
3341 3461 3653 3529 κάλλιστον,
3709 3467 3798 3512 καὶ
3843 3479 3891 3508 νι-

2295 3557 2399 3602 κῶν
2425 3551 2590 3626 ἔτερον
2617 3548 2752 3602 ἅπαν
2781 3553 2840 3602 τό
2869 3553 3000 3624 πρὸς
3024 3557 3175 3603 τοῦτο
3216 3549 3709 3626 παραϐαλλόμενον.

2371 3644 2470 3692 Καὶ
2515 3647 2683 3692 ταῦτα
2748 3641 2964 3714 ὁρῶντες
3039 3639 3316 3716 έχαίρομεν
3409 3643 3460 3695 οἰ
3541 3645 3604 3694 σὶ
3694 3645 3891 3696 rixari;

2299 3729 2466 3802 ἡμεῖς,
2511 3733 2601 3781 καὶ
2647 3730 2818 3782 πάντα
2860 3737 3169 3804 σκιρτῶντες
3221 3726 3345 3802 ἦμεν
3419 3734 3514 3782 καὶ
3595 3729 3890 3801 ἀγώλιῗὲε·

2298 3838 2398 3889 νοι,
2428 3822 2518 3872 καὶ
2547 3823 2704 3892 τιμὴν
2725 3825 2814 3872 καὶ
2851 3822 2987 3892 μέγα
3041 3819 3187 3882 κλέος
3227 3826 3316 3873 καὶ
3367 3816 3529 3883 δόξαν
3577 3829 3682 3873 τοῦ
3739 3839 3890 3891 γενε-ές

2299 3908 2444 3980 ἡμῶν
2491 3907 2585 3961 ούκ
2668 3906 2975 3981 ένομίσαμεν
3035 3912 3235 3980 μόνον,
3317 3907 3444 3960 ἀλλὰ
3511 3913 3608 3961 καὶ
3693 3908 3889 3981 βεβιαιειις

2298 3994 2787 4071 προσεδοκήσαμεν,
2814 3996 2899 4050 ἐπὶ
2955 4001 3085 4051 Θεὸν
3153 3997 3306 4059 αὖθις
3370 3999 3570 4070 θέμενοι
3644 4002 3744 4060 τὰς
3797 3999 3892 4049 61::

2299 4082 2514 4150 ἐλπίδας
2568 4092 2657 4140 καὶ
2705 4091 2798 4146 τὴν
2851 4086 3006 4139 αὐτόν
3058 4089 3439 4162 παναχράντως
3497 4092 3590 4140 καὶ
3667 4093 3891 4160 παναμε-

2298 4195 2407 4248 μως
2434 4181 2522 4229 καὶ
2546 4177 2948 4252 πανυπεράγνως
2971 4183 3243 4232 τεκοῦσαν.

2372 4270 2472 4318 Καὶ
2528 4273 2628 4317 τῶν
2691 4261 2912 4318 έλπίδων
2964 4268 3160 4318 τούτων
3204 4270 3294 4319 καὶ
3339 4275 3428 4326 τῆς
3474 4275 3744 4338 χμοστξς
3791 4271 3889 4320 2er-

2299 4371 2395 4416 της
2433 4359 2523 4406 καὶ
2578 4352 2741 4415 καλῆς
2806 4351 3134 4429 προσδοκίας
3159 4355 3218 4407 ού
3273 4350 3696 4426 διεψεύσθημεν.
3755 4357 3893 4408 Tm:-

2300 4438 2367 4501 δὴ
2399 4445 2500 4517 γὰρ
2530 4448 2622 4496 καὶ
2674 4445 2800 4519 πρὸς
2840 4447 3028 4517 χρόνον
3084 4448 3174 4496 καὶ
3238 4443 3445 4502 ἡλικίαν
3495 4445 3618 4504 ἧκες
3688 4444 3892 4517 ἁμόζοοπ

2298 4550 2393 4585 σαν
2452 4533 2626 4604 γάμῳ,
2672 4539 2803 4584 κινεῖ
2857 4535 2984 4593 Θεὸς
3033 4536 3120 4585 τὸν
3179 4528 3254 4585 δι’
3293 4531 3454 4584 αὐτοῦ
3535 4531 3890 4607 φιλανθρῴτνς

3131 4626 3220 4673 καὶ
3289 4619 3764 4696 προσλαμϐάνει-αι
3828 4641 3889 4670 1Ξῖ

2299 4707 2476 4782 ἀνάγει
2522 4728 2579 4764 σε
2629 4711 2878 4782 μεγέθους
2936 4714 3067 4784 πρός
3120 4709 3270 4784 ὕψος,
3324 4717 3479 4783 τιμῆς
3563 4731 3662 4763 και
3737 4709 3888 4776 δοξτς.

2297 4795 2358 4862 ἧς
2385 4801 2530 4872 ἡμεῖς
2560 4796 2674 4854 οὐδ’
2707 4799 2755 4853 ἐν
2803 4799 2990 4873 εὐχαῖς
3048 4801 3209 4854 θεῖναι
3251 4799 3345 4854 ούκ
3398 4799 3457 4853 ἂν
3519 4798 3888 4876 ἐθαρῥςσαμιτ

2293 4885 2410 4942 οὐδ’
2463 4888 2522 4942 ἂν
2576 4889 2643 4951 εἰς
2698 4896 2816 4942 νοῦν
2866 4888 3174 4962 έϐαλόμεθα.
3229 4890 3307 4943 Τά
3344 4885 3397 4942 δ’
3472 4888 3670 4962 ἐφεξῆς
3755 4907 3888 4944 τινες

2289 4983 2461 5052 Ἡμεῖς
2508 4981 2621 5052 μεν,
2667 4975 2832 5054 μηδεν
2891 4975 3087 5041 εἰδότες
3143 4985 3236 5032 τοῦ
3299 4978 3381 5031 έπί
3450 4987 3547 5032 τοῦ
3603 4984 3760 5042 όντος
3825 4986 3884 5051 if},-

2292 5069 2452 5124 καλοῦ
2501 5089 2590 5121 και
2639 5073 3006 5146 συμφέροντος,
3062 5071 3192 5144 πρός
3263 5069 3468 5143 ἑτέρους
3549 5071 3886 5145 ἡτοιμάζομε.

2291 5161 2510 5231 γάμους,
2561 5153 2728 5231 μηδὲν
2781 5167 2885 5220 τοῖς
2941 5165 3055 5221 σοῖς
3101 5157 3357 5232 θεοφιλέσι
3403 5161 3634 5232 τρόποις
3702 5182 3793 5213 και

2291 5248 2632 5320 καθαρωτάτη
2692 5246 3060 5310 συντελοῦντας
3117 5246 3297 5320 ψυχῇ,
3383 5248 3451 5308 ὡς
3531 5258 3771 5324 φανερῶς

2291 5337 2383 5390 τού
2421 5335 2595 5398 τέλους
2651 5343 2738 5388 νῦν
2803 5335 3014 5410 ἐξεφάνη
3071 5335 3157 5408 ἀφ’
3217 5333 3325 5389 οἴου
3373 5345 3616 5410 κρημνοῦ
3675 5359 3769 5392 και

2293 5427 2491 5500 ράθρου
2533 5428 2663 5486 Θεὸς
2703 5422 2959 5502 προειδὼς
3014 5424 3228 5488 έξείλετό
3279 5445 3356 5495 σε,
3424 5428 3538 5477 οἰου
3598 5447 3697 5480 και
3745 5434 3878 5482 οἶκον.

2294 5516 2474 5576 πάσης
2503 5511 2716 5587 ἀνομίας
2743 5517 2990 5587 γέμοντος
3043 5534 3132 5566 και
3181 5510 3523 5575 δυσσεϐείας.
3585 5522 3696 5570 Καί
3754 5516 3880 5587 σφέλ-

2367 5691 2448 5764 (2)
2477 5685 2716 5760 Forsan,
2748 5676 2840 5745 τοῦ
2871 5689 3114 5752 ἐπιόντοςέ
3181 5701 3184 5704 ’
