3934 6322
509 365 644 423 1443

1711 350 2097 414 NICEPBORI
2123 348 2384 412 CHUHNI
3771 352 3865 406 till

575 491 661 545 Tu
720 490 945 554 autem,
1018 481 1368 555 imperatrix
1417 494 1573 547 mea,
1638 474 1991 534 dulcissima
2049 476 2152 533 lux

2342 482 2409 529 Σὺ
2473 474 2553 547 δὲ,
2600 476 2899 552 βασίλισσά
2947 499 3068 552 μου,
3111 477 3455 550 γλυκύτατον
3538 472 3676 546 ἐμόν
3717 477 3865 545 φῶς.ὶ

506 594 662 642 mea,
682 591 817 648 qua:
844 589 1154 645 nunquam
1182 572 1307 627 sine
1324 568 1764 637 magmdoloris
1777 568 1993 623 affectu
2046 582 2159 623 nos

505 662 693 721 tristes
716 681 786 720 ac
816 662 1110 718 demissos
1140 659 1337 715 videre
1383 664 1484 714 aut
1529 658 1830 729 lacrymas
1896 673 1968 711 ex
2020 671 2157 711 ocuo

501 755 573 812 lis
602 753 819 809 nostris
851 751 1103 807 ﬂuentes
1148 749 1414 820 aspicere
1446 746 1795 817 sustinuisti,
1830 746 1963 801 vide
1996 760 2157 801 nunc

505 847 734 916 quanta
775 842 1077 913 patiamur
1126 859 1139 905 ;
1180 837 1317 893 vide
1349 836 1544 893 cordis
1574 836 1758 891 nostri
1785 833 2155 891 insolabilem

504 933 793 997 dolorem,
818 936 873 986 et
888 931 1013 1001 jam
1034 929 1209 983 nobis
1233 928 1311 981 sis
1331 927 1460 998 ipsa
1479 925 1841 981 consolatrix
1857 922 2154 989 miranda,

505 1018 1025 1093 quemadmodum
1056 1024 1113 1071 et
1142 1016 1258 1071 alia
1287 1016 1492 1070 omnia
1539 1029 1672 1085 quae
1719 1015 1875 1069 circa
1919 1017 1971 1068 te
2021 1014 2158 1066 sunt

504 1124 715 1164 omnes
747 1108 1014 1162 miratur.
1073 1104 1225 1160 Nihil
1271 1104 1430 1159 enim
1479 1118 1551 1158 ex
1601 1102 1731 1158 aliis
1783 1101 2153 1169 hominibus,

505 1203 569 1253 ut
598 1197 681 1252 ita
705 1196 922 1251 dicam.
948 1209 1060 1249 nos
1088 1198 1282 1264 potest
1313 1191 1604 1247 consolari
1631 1195 1689 1245 et
1726 1190 2007 1257 mulcere,
2043 1190 2154 1245 nisi

505 1291 566 1343 tu
585 1285 736 1357 ipsis
774 1282 1058 1355 operibus
1095 1282 1393 1353 rebusque
1436 1279 1717 1335 ostendas
1766 1283 1820 1334 te
1868 1293 2154 1357 generose

504 1355 638 1430 eam
670 1373 819 1428 ferre
850 1388 920 1428 ac
951 1372 1240 1426 sustinere
1270 1370 1670 1425 calamitatem
1726 1383 1863 1440 quin
1912 1355 2155 1439 propter

504 1467 562 1520 te
587 1462 765 1518 nobis
796 1467 884 1517 est
907 1458 1316 1517 intolerabilis.

578 1731 798 1798 Magna
823 1727 983 1783 enim
1014 1726 1113 1782 illa
1142 1730 1233 1781 est
1261 1730 1317 1780 et
1347 1723 1500 1780 ultra
1541 1722 1821 1795 quamvis
1849 1723 2152 1795 cogitatio-

2265 563 2532 639 μηδέποτε
2593 567 2802 629 ἀπαθῶς
2850 566 3186 640 ἀνασχομένη
3249 586 3338 618 και
3411 560 3684 639 μεγάλης
3746 583 3870 635 χεξξς

2267 653 2459 719 ὀδύνης
2520 664 2774 731 στυγνοὺς
2828 662 2964 732 ἡμᾶς
3013 679 3103 711 και
3145 665 3401 730 κατηφεῖς
3465 651 3643 725 ἰδεῖν,
3714 657 3744 709 1':
3808 650 3873 704 ἐξ.

2265 765 2420 818 κρυον
2492 757 2590 799 τῶν
2655 749 2910 820 ἡμετέρων
2986 746 3200 800 ἐκπεσόν
3251 744 3591 818 ὀφθαλμῶν,
3662 737 3745 794 ἰδε
3814 764 3872 790 m

2265 834 2422 887 ὁποῖα
2454 838 2754 908 πάσχομεν,
2786 857 2875 889 και
2904 841 2998 895 τὴν
3055 834 3491 909 ἀπαραμύθητον
3571 826 3773 887 ὀδύνην
3823 826 3876 881 ἱέε

2264 931 2359 985 τῆς
2386 921 2609 998 καρδίας
2641 928 2806 998 ἡμῶν,
2857 946 2947 978 και
3002 933 3151 996 γενοῦ
3200 922 3295 976 κᾶν
3348 927 3545 993 τούτῳ
3628 923 3875 991 Gaugam-

2262 1031 2341 1072 τις
2399 1018 2720 1087 παρήγορος,
2780 1016 2845 1074 ὡς
2898 1032 2990 1066 και
3040 1011 3200 1066 τᾶλλα
3249 1013 3433 1064 πάντα
3499 1012 3714 1068 πάντες
3788 1008 3877 1059 θττ

2263 1104 2499 1174 μάςουσι
2536 1106 2603 1155 τὰ
2636 1107 2771 1155 κατά
2812 1108 2868 1156 σε
2901 1124 2915 1137 ι
2946 1101 3055 1155 ἑπεί
3083 1097 3212 1175 μηδ’
3238 1102 3385 1154 ἔστιν
3418 1099 3629 1167 ἄλλος,
3672 1099 3747 1159 ὡς
3792 1098 3881 1148 5H,";

2264 1190 2441 1256 εἰπεῖν,
2490 1189 2539 1242 ἒν
2597 1189 2882 1265 ἀνθρώποις
2946 1196 3133 1266 τρόπος
3191 1196 3326 1263 ημᾶς
3395 1185 3729 1261 δυνάμενος
3814 1205 3872 1237 τι

2261 1280 2679 1351 ραμυθησασθαι
2734 1299 2824 1331 και
2877 1279 3259 1351 παρακαλέσαι,
3315 1278 3359 1330 εἰ
3410 1284 3494 1349 μὴ
3555 1280 3636 1329 σύ
3728 1272 3885 1335 δείξεις

2262 1368 2441 1429 αὐτοῖς
2467 1371 2636 1443 ἔργοις
2674 1389 2765 1421 και
2810 1372 3108 1443 πράγμασι,
3166 1388 3255 1420 και
3312 1370 3389 1440 μή
3439 1368 3687 1442 ῥήμασι
3742 1369 3886 1437 ξιάσιεις

2260 1475 2349 1508 και
2410 1457 2605 1528 λόγοις,
2659 1459 2740 1510 ὅτι
2797 1463 3039 1530 γενναίως
3085 1477 3175 1509 και
3228 1463 3514 1531 καρτερείς
3558 1476 3666 1506 και
3741 1455 3889 1523 ὄπαζε

2260 1565 2369 1620 ρεις
2427 1548 2589 1605 αὐτὴν
2648 1543 2717 1605 δὴ
2775 1550 2992 1615 ταύτην,
3039 1550 3133 1605 τήν
3194 1542 3289 1599 διὰ
3366 1549 3457 1615 σὲ,
3536 1542 3885 1597 ἀνυπόστατα)

2260 1637 2403 1707 ἡμῖν,
2441 1637 2728 1708 συμφοράν.

2333 1723 2504 1783 ΠολΠ)
2536 1728 2627 1797 μὲν
2658 1725 2790 1783 αὕτη
2832 1745 2921 1777 και
2973 1724 3172 1798 μεγάλη
3232 1743 3325 1775 και
3382 1721 3719 1796 ὑπερϐολῆς

509 1834 648 1874 nem
675 1818 797 1885 ;sed
820 1826 873 1871 et
898 1814 1088 1871 multa
1112 1818 1227 1869 tute.
1249 1814 1465 1869 animai
1485 1812 1577 1867 vis
1599 1812 1941 1868 christiana.
1966 1811 2152 1868 multa

2269 1831 2363 1874 σης
2396 1814 2668 1865 ἔπίκεινα·
2708 1812 2836 1867 ἀλλὰ
2864 1834 2955 1866 και
3010 1814 3169 1875 πολὺς
3231 1814 3257 1865 ὁ
3310 1820 3411 1874 τῆς
3467 1821 3586 1872 σῆς
3646 1830 3882 1886 Lautu-

510 1914 567 1961 et
596 1906 783 1977 pietas
814 1910 916 1960 tua
946 1918 1140 1976 neque
1170 1902 1290 1957 ulla
1318 1903 1546 1957 ratione
1594 1901 1809 1965 minor,
1866 1900 2051 1957 multa
2100 1907 2157 1957 et

508 2009 734 2063 magna
763 2000 864 2050 tua
913 1994 973 2049 in
1014 1992 1201 2049 Deum
1253 1991 1496 2046 ﬁducia.
1555 1992 1787 2057 Quanta
1824 1996 1881 2046 et
1942 1989 2155 2062 qualis,

508 2099 692 2157 quam
713 2082 892 2138 ﬁrma
916 2087 972 2137 et
996 2097 1203 2138 secura
1230 2087 1332 2137 tua
1354 2082 1413 2136 in
1439 2079 1880 2135 sanctissimam
1901 2080 2030 2150 ejus
2049 2082 2154 2136 Ma-

503 2177 653 2227 trem
678 2187 814 2243 spes
840 2171 852 2225 !
881 2174 1072 2239 Potes,
1110 2171 1159 2225 si
1178 2170 1348 2236 velis,
1376 2168 1594 2224 multas
1612 2169 1759 2224 alias
1780 2183 2157 2239 magnasque

501 2262 763 2329 cogitare
792 2266 850 2315 et
872 2263 1147 2331 reputare
1175 2274 1395 2314 causas
1447 2257 1807 2313 Benefactori
1858 2262 1915 2312 et
1962 2255 2159 2311 Salva-

500 2349 885 2405 tori'Cbristo
939 2348 1163 2417 gratias
1221 2346 1439 2417 agendi
1501 2361 1761 2417 eumque
1817 2344 2153 2425 conﬁtendi...

503 2437 680 2493 simul
701 2444 757 2493 et
789 2437 1002 2491 solatia
1045 2442 1100 2490 et
1161 2434 1601 2506 perfectissima
1657 2434 1962 2497 refrigeria
2002 2434 2157 2488 acci-

501 2525 723 2597 piendi.
761 2523 1004 2578 Multum
1031 2528 1198 2593 potes
1228 2528 1285 2576 et
1314 2521 1375 2576 in
1405 2522 1536 2592 ejus
1572 2520 1981 2575 misericordia
2017 2520 2160 2575 inef-

500 2611 665 2668 fabili
689 2618 746 2666 et
776 2608 1159 2665 inenarrabili
1190 2608 1510 2664 conﬁdere.
1558 2611 1703 2664 Ecce
1744 2608 1850 2663 tibi
1888 2609 2156 2680 optimus

503 2714 573 2754 ac
606 2699 907 2770 piissimus
935 2696 1283 2767 imperator,
1308 2711 1445 2751 ecce
1477 2696 1742 2767 piissime
1782 2703 1838 2752 et
1875 2697 2161 2751 amantis-

503 2788 656 2842 sima
689 2789 940 2841 Domina
967 2790 1024 2840 et
1051 2785 1425 2857 imperatrix,
1448 2786 1847 2856 nostra,vices
1878 2786 2062 2857 patris
2089 2801 2159 2841 ac

500 2876 709 2931 matris
733 2890 878 2945 erga
908 2879 962 2931 te
1000 2881 1233 2946 gerunt,
1286 2882 1346 2930 et
1400 2874 1508 2930 tibi
1559 2891 1621 2930 se
1673 2880 1977 2947 praestant,
2029 2879 2158 2930 tan-

501 2980 688 3037 quam
719 2964 830 3036 ipsi
855 2969 910 3019 te
947 2963 1320 3032 genuissent.
1355 2963 1440 3019 Ita
1479 2978 1725 3019 omnem
1774 2963 1834 3019 in
1871 2969 1924 3019 te
1977 2978 2156 3020 suam

502 3068 710 3109 curam
732 3052 1110 3124 impendunt.

2263 1904 2445 1973 νισμός
2498 1900 2702 1973 ψυχῆς,
2770 1900 2929 1961 πολλὴ
2988 1922 3077 1956 και
3138 1904 3168 1960 ἠ
3228 1899 3481 1954 εὐλάϐεια
3565 1920 3672 1953 και
3730 1896 3881 1972 μηδε-

2265 1996 2390 2061 μίαν
2436 1989 2723 2063 ὑπερϐολὴν
2803 1988 3176 2058 ἀπολείπουσα,
3234 1988 3397 2048 πολλή
3505 2008 3614 2040 κοιι
3704 1986 3878 2061 μεγέὶε

2267 2096 2355 2130 και
2386 2080 2415 2135 ἡ
2457 2082 2587 2153 πρὸς
2631 2083 2760 2133 Θεὸν
2815 2082 3146 2140 πεποίθησις.
3208 2077 3348 2137 Ὀση
3414 2073 3484 2130 δὲ
3529 2098 3639 2130 και
3692 2077 3781 2129 οἱα
3824 2078 3878 2139 tl

2270 2164 2462 2239 βεϐαία
2490 2185 2580 2218 και
2648 2166 2883 2240 ἀσφαλὴς
2931 2187 3020 2220 και
3063 2170 3092 2227 ἡ
3153 2170 3284 2243 πρὸς
3343 2170 3437 2225 τὴν
3491 2170 3879 2239 πανυπέοαγνθθ

2268 2256 2428 2308 αὑτοῦ
2449 2260 2652 2330 μητέρα
2707 2255 2851 2318 ἐλπίς
2882 2256 2894 2312 l
2926 2261 3128 2328 Ἔχεις,
3173 2256 3216 2309 εἰ
3269 2254 3483 2328 βούλει,
3542 2275 3649 2307 κοιι
3714 2253 3880 2313 πολλός

2269 2343 2447 2418 ἑτέρας
2510 2364 2600 2396 και
2648 2345 2875 2417 μεγάλας
2925 2346 2997 2407 εἰς
3043 2352 3160 2397 νοῡν
3214 2342 3486 2418 βαλέσθαι
3556 2365 3663 2396 και
3718 2342 3878 2395 ἀνεῦρε

2269 2434 2525 2504 φίσασθαι
2564 2435 2658 2495 τὰς
2710 2432 2947 2507 ἀφορμὰς
3010 2437 3132 2509 πρός
3173 2433 3543 2507 εὐχαριστίαν
3594 2452 3698 2484 και
3754 2430 3875 2482 ἀνθε-

2269 2520 2560 2593 μολόγησιν
2612 2522 2770 2574 αὐτου
2816 2528 2908 2575 τοῦ
2958 2521 3227 2597 εὐεργέτου
3281 2540 3373 2573 και
3434 2530 3697 2597 σωτῆρος
3772 2527 3874 2593 Χρε-

2271 2618 2418 2675 στου,
2451 2610 2563 2683 ἃμα
2585 2608 2644 2664 δι
2686 2631 2778 2663 και
2839 2615 2970 2686 πρὸς
3019 2611 3355 2684 παραμυθίαν
3407 2614 3521 2668 σὴν
3570 2630 3675 2662 και
3719 2609 3871 2661 τελευ-

2269 2702 2432 2756 τάτην
2496 2700 2851 2775 παράκλησιν,
2917 2699 3093 2773 Ἔχεις
3180 2719 3269 2752 και
3364 2697 3657 2774 θοιρῥῆσαι
3740 2696 3871 2749 πολὶέ

2266 2808 2357 2840 και
2386 2788 2584 2860 μεγάλα
2646 2792 2857 2861 ἕπίλτῶ
2913 2789 3036 2842 ἐλέει
3109 2808 3197 2841 και
3260 2793 3368 2850 τοῖς
3438 2790 3752 2861 ἀφράστοις
3804 2808 3868 2838 ul

2270 2858 2668 2948 huv&th7£TOt;
2721 2858 3012 2953 οἶκτιρμοῖς
3062 2878 3243 2931 αὐτοῦ.
3296 2871 3447 2929 Ἰδού
3490 2858 3598 2929 σοι
3656 2897 3749 2928 και
3791 2873 3867 2946 βα-

2271 2963 2444 3027 σιλεὺς
2497 2967 2524 3017 ὁ
2580 2967 3067 3040 φιλανθρωπότατος
3118 2970 3319 3021 πάντων
3375 2985 3476 3018 και
3544 2963 3864 3041 φάογθισήο

2266 3070 2438 3118 τατος,
2488 3051 2605 3107 ἰδοὺ
2636 3076 2727 3108 και
2762 3058 2793 3115 ἢ
2843 3060 2929 3110 τόν
2981 3055 3097 3109 ἶσον
3148 3060 3335 3130 τρόπον
3413 3055 3859 3128 φιλοχριστοτεὲτῖ

501 3162 594 3195 και
633 3143 1045 3213 συμπαθεστάτη
1066 3136 1317 3192 δεσποινα
1334 3159 1425 3193 και
1447 3138 1661 3213 βασιλίς
1689 3141 1855 3213 ἡμῶν,
1910 3138 2023 3192 ἀντι
2047 3143 2244 3213 πατρὸς
2264 3142 2330 3192 τα
2359 3145 2529 3196 πάντα
2558 3163 2646 3196 και
2669 3150 2890 3221 μητρὸς,
2916 3164 3007 3198 και
3024 3149 3255 3218 γίνονταί
3283 3161 3367 3196 σοι
3389 3162 3490 3195 κοιι
3546 3145 3621 3204 ὡς
3661 3147 3861 3214 γνησίως

500 3244 755 3299 τεκόντες.
794 3240 945 3289 Οὕτω
971 3232 1039 3294 δη
1068 3254 1157 3288 και
1186 3242 1353 3288 πᾶσαν
1383 3234 1638 3309 φροντίδα
1674 3245 1773 3288 τῶν
1805 3241 1937 3289 κατὰ
1969 3239 2026 3289 σε
2045 3242 2334 3292 ποιοῦνται.

574 3329 696 3395 Ego
726 3341 888 3391 vero,
920 3334 978 3380 et
1000 3340 1135 3397 quas
1162 3329 1216 3379 te
1247 3326 1454 3394 genuit
1501 3333 1710 3393 mater,
1737 3331 1793 3381 et
1821 3325 2026 3381 fratres
2055 3325 2152 3388 tui,

2344 3332 2462 3399 Εγώ
2492 3326 2571 3393 δε,
2616 3350 2706 3382 και
2760 3333 2787 3389 ἱ)
2839 3334 3140 3403 γεννήσασα
3203 3349 3260 3384 σε
3310 3335 3515 3404 μήτηρ,
3576 3350 3680 3382 και
3739 3323 3857 3379 ἀδελ-

501 3413 651 3469 illud
677 3419 732 3468 et
761 3412 1040 3468 volumus
1070 3419 1126 3467 et
1146 3428 1383 3484 semper
1411 3428 1557 3483 erga
1584 3420 1639 3469 te
1670 3416 1893 3470 erimus
1915 3413 2081 3486 quod
2105 3416 2162 3468 et

503 3503 638 3573 ipsa
663 3501 821 3556 voles
843 3508 898 3555 et
919 3501 1141 3571 cupies,
1170 3510 1273 3556 aut
1291 3502 1461 3573 quod
1491 3507 1573 3568 tu,
1598 3507 1890 3575 tanquam
1914 3504 2163 3561 domina

500 3588 769 3662 jusseris,
801 3595 853 3643 et
889 3594 941 3643 te
962 3590 1428 3655 circumdantes,
1454 3597 1514 3646 ut
1571 3592 1824 3663 quidam
1875 3593 2048 3659 servi,
2079 3594 2140 3649 in

505 3677 791 3735 omnibus
838 3676 942 3733 tibi
1017 3678 1372 3734 omnimodo
1423 3681 1641 3736 servire
1694 3682 2160 3764 festinabimus;

505 3766 772 3838 nihilque
789 3782 988 3823 eorum
1010 3767 1289 3841 quasipsa
1315 3767 1587 3836 volueris,
1607 3769 1873 3836 nonﬁet,
1888 3770 2162 3827 dummo-

504 3855 585 3912 do
609 3872 719 3912 nos
744 3855 976 3927 efﬁcere
1016 3855 1403 3926 potuerimus.
1431 3857 1701 3912 Concede
1728 3864 1955 3914 tantum
1987 3860 2162 3916 nobis

506 3948 573 4000 ut
599 3944 767 4000 omni
798 3943 1029 3999 tristitia
1056 3959 1127 3999 ac
1168 3942 1531 4001 demissiene
1570 3953 1875 4018 expertem
1931 3947 2159 4003 vultum

508 4036 676 4088 tuum
697 4034 1056 4102 intueamur,
1091 4037 1256 4088 tuam
1288 4032 1730 4090 festivissimam
1762 4033 2039 4104 formam,
2071 4050 2161 4092 se-

504 4121 849 4175 renissimos
896 4125 953 4175 et
982 4120 1393 4175 ornatissimas
1425 4126 1559 4176 tuos
1595 4138 1809 4187 mores,
1858 4128 1994 4179 tuos
2033 4124 2158 4179 dul-

506 4209 781 4265 cissimos
806 4215 865 4263 et
890 4196 1097 4263 amore
1121 4209 1219 4263 Dei
1250 4209 1459 4280 plenos
1488 4212 1696 4268 oculos
1722 4229 1735 4271 ς
1768 4212 1861 4269 fac
1885 4219 1947 4268 ut
1963 4216 2158 4270 videa-

506 4313 645 4353 mus
704 4296 1074 4352 subrideutia
1124 4302 1224 4352 tua
1276 4296 1438 4353 labia
1479 4316 1494 4366 ;
1559 4307 1614 4355 et
1663 4302 1829 4372 quod
1892 4311 2160 4377 superest

506 4387 744 4454 tempus
769 4398 949 4439 omne
979 4384 1155 4439 nOblS
1186 4399 1310 4440 non
1335 4400 1613 4442 amarum
1653 4389 1779 4443 erit.
1818 4392 1937 4446 Hoc
1976 4393 2157 4450 modo

504 4472 682 4528 nobis
702 4486 947 4526 omnem
967 4477 1129 4527 tuam
1150 4487 1293 4543 erga
1308 4489 1419 4530 nos
1437 4476 2159 4548 caritatem;dilectionem-

506 4575 624 4632 que
654 4559 903 4615 ostende
933 4577 947 4627 ;
976 4561 1092 4617 hoc
1121 4561 1304 4618 modo
1334 4571 1613 4634 parentes
1644 4571 1781 4622 tuos
1806 4568 1986 4624 solari
2017 4572 2156 4628 velis

2273 3423 2360 3487 φοί
2381 3419 2482 3485 (2;,
2506 3422 2666 3471 έκεῖνο
2693 3439 2782 3472 και
2810 3419 3108 3493 βουλόμεθα
3152 3439 3240 3471 και
3296 3415 3391 3471 διὰ
3446 3422 3665 3481 παντὸς

2275 3512 2422 3586 ξομεν
2471 3521 2597 3591 πρὸς
2674 3521 2732 3571 σε
2775 3519 2897 3570 ὅσον
2954 3516 3014 3570 ἂν
3072 3522 3161 3570 καὶ
3215 3514 3343 3574 αὐτὴ
3409 3512 3748 3588 βουληθείης
3796 3517 3858 3563 ui

2274 3601 2596 3676 ἀγαπήσαις,
2641 3608 2672 3664 ἡ
2704 3611 2815 3672 καὶ,
2858 3608 2923 3667 ὡς
2965 3611 3141 3681 κυρία,
3196 3603 3558 3681 προστάξαις,
3630 3608 3726 3657 καὶ
3797 3623 3861 3652 tr

2271 3691 2376 3763 κλῳ
2407 3699 2523 3764 περὶ
2582 3697 2639 3747 σε
2700 3700 3033 3769 στρεφόμενοι
3089 3698 3188 3764 αεὶ,
3234 3696 3306 3755 ὡς
3345 3689 3534 3746 δοῦλοι
3596 3689 3679 3752 δὴ
3745 3708 3861 3755 τηεν

2270 3784 2556 3835 πάντακαὶ
2622 3780 2992 3857 σπουδάσομὴ
3066 3782 3122 3837 ἔκ
3177 3786 3373 3844 παντὸς
3427 3785 3645 3855 τρόπου
3704 3782 3860 3854 προέξο-

2271 3891 2384 3943 μως
2448 3873 2765 3945 θεραπεῦσαι
2827 3895 2841 3907 ο
2891 3877 2983 3925 καὶ
3035 3868 3185 3925 οὐδὲν
3236 3867 3489 3944 οὐδαμῶς
3545 3872 3715 3924 ἔσται
3786 3876 3857 3919 τὼ

2272 3968 2375 4012 σῶν
2432 3960 2728 4033 θελημάτων
2786 3960 3073 4029 ἀτέλεστον,
3130 3961 3275 4034 ἡμῶν
3358 3958 3637 4032 ἐκπυροῦν
3733 3956 3858 4013 ὄντα·

2269 4052 2455 4119 μένων.
2492 4054 2657 4103 Μόνον
2686 4046 2843 4103 δίδου
2910 4053 3035 4123 ἡμῖν
3105 4047 3252 4110 ἐκτός
3322 4050 3506 4109 πάσης
3555 4050 3856 4124 “nepasn-

2267 4155 2420 4198 τητος
2466 4144 2555 4191 καὶ
2611 4144 2894 4211 κατηφείας
2940 4142 2999 4192 τὸ
3042 4141 3133 4191 σὸν
3161 4136 3335 4212 ἐνορᾷν
3381 4144 3710 4211 πρόσωπον,
3786 4138 3853 4189 τὸ

2271 4228 2369 4282 σὴν
2429 4228 2753 4299 ὡραιοτάτην
2807 4230 3031 4302 μορφὴν,
3080 4229 3139 4279 τὸ
3186 4225 3535 4297 γαληνότατον
3610 4244 3717 4278 και
3790 4242 3855 4274 κθ-

2270 4321 2562 4386 σμιώτατον
2603 4311 2744 4384 ἦθος,
2784 4319 2902 4376 τοὺς
2948 4314 3308 4386 γλυκυτάτους
3361 4317 3451 4365 καὶ
3510 4311 3689 4386 φόϐου
3750 4316 3853 4366 Θεοῦ

2265 4407 2520 4476 γέμοντας
2548 4404 2842 4478 ὀφθαλμούς
2871 4426 2883 4437 ·
2937 4400 3033 4466 δὸς
3082 4408 3175 4469 καί
3227 4398 3627 4476 ὑπομειδιῶντα
3687 4408 3755 4456 τὰ
3806 4404 3855 4451 τὰ

2266 4493 2419 4563 χείλη
2450 4491 2726 4547 κατιδείνο
2780 4498 2870 4546 καὶ
2930 4500 3023 4546 τοῦ
3072 4492 3257 4545 λοιποῦ
3310 4493 3336 4544 ὁ
3394 4496 3500 4552 πᾶς
3543 4492 3685 4564 ἡμῖν
3737 4495 3851 4544 ἔσται

2264 4586 2460 4654 χρόνος
2500 4579 2650 4635 οὐδὲν
2694 4578 2965 4659 ὀδυνηρὸς.
3016 4585 3101 4635 Ἐν
3156 4584 3321 4653 τούτῳ
3383 4587 3458 4652 τῷ
3511 4584 3707 4653 τρόπῳ
3786 4584 3851 4635 τεν

503 4664 757 4721 reapse;
788 4649 902 4704 hoc
930 4649 1110 4705 modo
1139 4656 1353 4707 nostrae
1409 4654 1669 4725 propriae
1720 4656 1845 4710 vitae
1885 4660 2152 4716 auxiliari

2269 4670 2389 4729 ὅλην
2424 4676 2543 4747 περὶ
2573 4672 2713 4745 ὑμᾶς
2746 4649 2912 4734 δεῖξον
2944 4669 3151 4743 ἀγάπην
3190 4649 3706 4742 σὴν-καὶήστόργήν
3765 4693 3777 4703 ·
3820 4666 3853 4719 ἐν

506 4754 695 4796 cures.
728 4738 901 4794 Vides
941 4738 1101 4794 enim
1132 4745 1197 4795 ut
1229 4756 1351 4811 prae
1381 4740 1587 4797 dolore
1618 4742 1981 4802 dissolvatur
2026 4749 2154 4820 jam

508 4843 580 4885 ac
606 4828 851 4893 deﬂuat,
878 4834 936 4885 et
962 4829 1040 4885 ad
1072 4829 1371 4886 interitum
1404 4829 1703 4887 decurrat.

3756 4757 3780 4789 Ω

2265 4763 2434 4833 τούτῳ
2483 4764 2597 4822 τοὺς
2639 4779 2696 4814 σε
2746 4764 2988 4822 τεκόντας
3040 4759 3539 4835 παραμυθήσασθαι
3594 4778 3700 4811 και
3750 4759 3852 4833 βεν-

2266 4847 2453 4907 ληθητι
2484 4870 2573 4902 και
2620 4849 2814 4923 πρᾶξον
2856 4868 2869 4882 ο
2930 4846 2978 4900 ἓν
3030 4849 3193 4921 τοὺτῳ
3244 4843 3550 4900 σπούδασοι
3606 4853 3708 4901 καὶ
3753 4846 3850 4921 ﬁo:-

509 4919 671 5014 θῇσαῆ
701 4925 760 4990 τῇ
794 4918 1020 4991 ἡμετέρᾳ
1051 4918 1183 4990 ζωῇ.
1210 4918 1369 4990 Ὀράς
1398 4922 1608 4995 καὶγὰρ
1638 4921 1779 4983 ὅπως
1805 4924 1907 4976 ὑπὸ
1933 4934 2025 4978 τοῦ
2048 4932 2243 4996 πάθους
2278 4935 2512 4991 ἐκλύεται
2579 4918 2688 4998 ἤδη
2737 4941 2823 4990 καὶ
2867 4937 3125 5014 ὑπορρἐει,
3166 4918 3266 4989 *καὶ
3321 4938 3702 5009 καθυπάγεται
3748 4918 3849 5009 προς

546 5008 700 5064 θοράν
713 5049 725 5064 ,

546 5026 603 5059 σο
641 5026 725 5064 αν,

506 5026 540 5078 φ
579 5026 695 5149 [fex
722 5098 866 5151 este
892 5095 1056 5151 castis
1080 5111 1117 5151 a
1153 5098 1269 5152 Deo
1318 5096 1460 5153 data
1503 5113 1573 5154 ac
1624 5099 1803 5156 simul
1859 5103 2147 5176 humana,

508 5183 684 5239 utﬁlii
703 5184 1382 5257 adimpleantquidquid
1398 5186 1687 5245 voluerint
1705 5199 2004 5263 parentes,
2035 5195 2154 5252 sive

504 5287 823 5343 maguum,
856 5273 981 5329 sive
1003 5288 1279 5345 parvum.
1316 5276 1380 5331 Et
1405 5275 1586 5348 hujus
1628 5277 1776 5349 legis
1815 5280 2155 5341 observatio

580 5468 661 5540 (1)
691 5466 886 5527 Malim
914 5465 1020 5539 οἶα,
1051 5469 1446 5527 adverbialier
1474 5486 1586 5545 pro
1613 5476 1684 5536 ὡς
1730 5473 1940 5549 βεϐαία,
1972 5492 2153 5549 quam

503 5537 902 5680 ﬁrgilllorum
940 5624 1098 5665 unus
1143 5609 1531 5670 fuitJoannes
1572 5615 1901 5677 Chumnus.

2336 5122 2508 5190 Νόμός
2546 5116 2734 5170 ἄνωθεν
2791 5120 2883 5169 καὶ
2932 5111 3205 5189 δεδομένος
3258 5117 3405 5188 παρὰ
3461 5111 3600 5168 Θεοῦ
3657 5121 3747 5168 καὶ
3790 5114 3847 5165 ἐν·

2266 5208 2541 5279 θρὼπινος,
2572 5208 2742 5259 πάντα
2772 5208 2860 5258 καὶ
2912 5207 3078 5279 μικρὰ
3132 5208 3221 5257 καὶ
3261 5204 3451 5277 μείζω,
3504 5204 3612 5257 ὅσα
3660 5201 3730 5263 δὲ
3782 5207 3847 5256 καὶ

2266 5295 2544 5369 βούλονται
2572 5298 2808 5370 πατέρες,
2857 5292 3070 5368 ὀφείλειν
3247 5290 3446 5355 παῖδας
3482 5298 3607 5354 τοὺς
3672 5294 3729 5357 ἐξ
3782 5292 3846 5345 α)-

2262 5476 2427 5605 al
2465 5477 2638 5533 Deest
2690 5474 2896 5531 forsan
2945 5471 3200 5530 verbum
3259 5473 3532 5546 πράττειν,
3600 5476 3710 5530 aut
3756 5469 3842 5528 tale

2346 5564 2385 5603 u
2434 5588 2449 5603 .

2346 5564 2449 5603 na.
