3934 6322
27 374 169 432 1445

1101 384 1329 440 SERMO
1366 383 1940 445 CONSOLATORIUS
1971 389 2066 444 AD
2099 388 2350 446 FILIAM.

3244 392 3379 450 1446

27 509 147 557 τῶν.
192 506 292 554 Καὶ
347 503 378 560 ἡ
437 509 530 555 τοῦ
580 508 741 575 νόμου
795 502 953 557 τοῦδε
999 511 1221 578 τήρησις
1263 506 1449 568 πολλὰς
1515 510 1606 579 ἔχε

1777 510 1953 567 lultas
1991 518 2046 568 et
2070 516 2234 586 apud
2264 518 2447 570 Deum
2477 512 2658 569 habet
2689 515 3200 572 remunerationes
3228 535 3247 588 ;
3276 517 3380 572 sed

25 596 114 642 mi
148 591 272 665 παρ’
302 591 442 661 αύτῷ
500 601 614 662 Θεῷ
667 599 904 666 κειμένας
966 599 1054 656 τὰς
1108 596 1326 668 ἀμοιϐάς
1360 614 1374 627 ⁸
1415 598 1472 649 ού
1524 605 1627 671 μήν

25 678 155 731 ἀλλὰ
211 685 301 732 καὶ
348 682 611 755 ἄνθρωποι
668 682 819 736 οὐδὲν
898 682 1057 736 raucis
1120 694 1443 759 τιμιώτερον,
1504 683 1628 739 οὐδέ

25 788 78 839 γε
163 777 393 842 κρεῖττον
465 771 531 831 εἰς
582 770 769 845 ἀρετῆς
823 772 994 843 λόγον,
1056 776 1354 845 νομίζουσι.
1419 778 1625 833 Ταύτην

25 862 119 914 τὴν
187 858 390 930 ὀφειλὴν
460 856 655 922 ἀπόδος
714 862 859 931 ἡμῖν,
929 864 959 920 ἡ
1010 867 1103 919 τὴν
1156 869 1329 915 πᾶσαν
1385 860 1624 922 σπουδὴν

25 950 157 1015 πρὸς
211 946 522 1019 ὶκπλέρωσιν
602 958 701 1000 τῶν
755 958 847 1001 τοῦ
900 958 1035 1003 Θεοῦ
1116 956 1282 1023 νόμων
1353 957 1442 1003 καὶ
1528 960 1624 1004 τῶν

25 1033 345 1108 ἱντα).μάτων
454 1039 615 1090 αὐτοῦ
698 1039 1141 1112 καταϐαλλομένη,
1223 1046 1314 1094 καὶ
1401 1044 1470 1103 ὡς
1562 1039 1622 1092 ἃν

25 1123 67 1175 ἓν
130 1132 264 1177 πᾶσι
322 1128 608 1200 θεραπεύης
657 1128 830 1182 αὐτόν.
891 1129 970 1182 Ἐν
1026 1136 1109 1182 σοὶ
1169 1137 1258 1182 καὶ
1315 1130 1480 1202 ζωμεν
1531 1135 1622 1182 καὶ

25 1219 233 1285 τνέομεν
279 1221 368 1267 καὶ
434 1219 510 1267 ἔτι
558 1220 617 1268 τὸ
675 1226 780 1289 φῶς
842 1220 1057 1293 ὁρῶμεν,
1141 1224 1230 1270 καὶ
1313 1220 1439 1290 ούχὶ
1523 1221 1617 1271 πά-

25 1322 122 1364 τας
211 1305 357 1366 εὐθύς
468 1307 581 1378 ἅμα
683 1317 756 1377 τῷ
837 1310 991 1361 πάθει
1069 1306 1433 1379 ἀποϐαλόμεθα
1531 1310 1622 1368 τὰς

25 1393 314 1458 αἰσθήσεις,
396 1393 511 1447 οὐδ’
591 1395 865 1469 ἐξέστημιν
969 1397 1181 1458 ἀπάσης
1270 1402 1465 1468 φρενός.
1564 1397 1620 1449 Εἰ

25 1490 146 1545 raw
179 1500 267 1534 και
317 1486 393 1535 ἔτι
452 1483 628 1556 βούλει
681 1485 874 1545 ζῶντας
906 1483 1034 1538 εἶναι
1083 1490 1172 1537 καὶ
1213 1485 1618 1555 αἰσθανομένους

25 1572 175 1641 ἓμᾶς,
242 1573 401 1625 αύτού
442 1571 509 1631 δὴ
555 1577 742 1626 τούτου
807 1580 1014 1647 πρώτου
1067 1579 1157 1626 καὶ
1209 1573 1618 1626 ἐπαισθάνεσθαι

1732 613 1933 653 revera
1997 601 2273 659 homines
2312 602 2455 657 nihil
2512 601 2952 669 honorabilius,
3007 603 3241 660 nihilin
3272 606 3385 660 vir-

1734 687 1871 741 tutis
1894 703 2144 746 numero
2193 691 2510 762 pretiosius
2559 705 2693 744 esse
2736 688 3007 748 credunt.
3058 698 3175 746 Hoc
3203 693 3377 749 vobis

1731 775 1992 831 debitum
2024 779 2207 837 solve.
2250 796 2387 852 quae
2430 778 2671 834 sollicite
2724 794 2934 834 omnes
2982 780 3083 835 Dei
3111 780 3272 851 leges
3308 799 3378 839 ac

1731 860 2029 937 praecepta
2052 866 2368 938 adimples,
2402 866 2543 921 utin
2575 865 2856 921 omnibus
2880 867 2930 922 ei
2954 869 3194 923 servias.
3232 873 3293 925 ln
3325 877 3377 927 te

1729 951 1887 1006 enim
1911 959 1967 1008 et
1993 955 2268 1022 vivimus,
2287 961 2343 1010 et
2358 955 2747 1025 respiramus,
2772 958 2827 1010 et
2847 953 3049 1011 lumen
3079 956 3375 1028 videmus,

1727 1044 1783 1094 et
1824 1042 2093 1097 nondum
2128 1060 2337 1098 omnes
2360 1060 2498 1098 cum
2550 1041 2755 1097 dolore
2792 1059 3000 1098 sensus
3038 1045 3377 1118 rejecimus,

1726 1145 1835 1184 nec
1867 1132 2031 1186 omni
2060 1139 2256 1188 mente
2312 1132 2662 1188 defecimus.
2718 1133 2772 1187 Si
2823 1132 3001 1202 igitur
3053 1134 3222 1205 cupis
3262 1152 3375 1191 nos

1726 1215 1925 1272 adhuc
1973 1219 2169 1273 vivere
2222 1234 2292 1274 ac
2368 1235 2580 1274 sensus
2620 1219 2892 1291 experiri,
2926 1226 3027 1275 tuo
3081 1236 3378 1291 generoso

1726 1305 1930 1361 animo
1960 1306 2055 1361 fac
2082 1324 2191 1363 nos
2234 1309 2757 1377 generOsissimam
2811 1314 2975 1363 tuam
3026 1310 3374 1380 patientiam

1726 1394 1963 1448 sentire.
2001 1395 2188 1459 Quam
2211 1403 2408 1451 autem
2435 1412 2566 1451 eam
2599 1394 2732 1451 dico
2775 1394 3077 1453 ?Ostende
3107 1394 3405 1453 animam‘

1726 1488 1893 1538 tuam
1920 1485 2086 1539 omni
2114 1486 2525 1557 desperatione
2574 1503 2642 1541 ac
2683 1485 3081 1541 amaritudine
3122 1486 3374 1544 liberam

1724 1585 1895 1637 esse;
1931 1579 1987 1627 et
2036 1573 2085 1628 si
2130 1590 2265 1628 eam
2289 1573 2464 1629 nobis
2517 1573 2771 1644 gratiam
2828 1573 3120 1647 largiaris,
3178 1580 3232 1632 te
3266 1593 3375 1633 nos

25 1663 147 1711 ιετὰ
209 1669 443 1733 γενναίου
517 1663 711 1736 πρᾶξον
771 1672 865 1716 τοῦ
913 1670 1257 1736 φρονήματος,
1323 1665 1611 1734 γενναιοτά-

1777 1676 1848 1714 .m
1868 1668 2133 1717 mortuos
2150 1662 2199 1717 vi
2211 1661 2572 1717 viﬂcaturam
2588 1679 2718 1717 esse
2738 1662 2903 1731 scito,
2920 1664 3217 1737 nobisque
3230 1666 3375 1720 nihil

25 1770 107 1810 ἠς
158 1757 247 1803 καὶ
299 1760 396 1812 τῆς
444 1758 721 1827 καρτερίας
784 1775 798 1786 ·
853 1758 990 1813 ⁴τίνος
1039 1749 1106 1811 δὴ
1161 1752 1336 1823 lis/cu;
1387 1750 1613 1823 ἀθυμίας

23 1843 192 1901 εάσης
230 1846 320 1893 καὶ
348 1846 563 1915 πικρίας
603 1840 945 1913 ἀπηλλάχθαι
982 1847 1076 1899 τὴν
1130 1846 1225 1899 σήν
1255 1841 1443 1912 ψυχήν
1477 1861 1489 1874 ·
1522 1845 1609 1891 καὶ

28 1928 46 1978 ἱ
96 1937 252 1980 τούτο
298 1934 423 2001 πρὸς
473 1931 768 2003 εὐεργεσίαν
820 1928 963 2001 δῴης
1010 1932 1136 2002 ἡμῖν
1189 1934 1278 1981 καὶ
1328 1934 1608 2000 χαρίσαιο,

348 2014 372 2068 ὗ
452 2020 583 2087 ἴσθι,
643 2021 986 2093 νεκρωθέντας
1036 2015 1167 2075 ἤδη.
1226 2023 1316 2069 καὶ
1359 2014 1510 2069 ούὸεν
1537 2019 1609 2068 ἔτι

27 2104 256 2156 οιπόνὶν
293 2116 366 2177 τῷ
402 2104 505 2179 βίῳ
561 2112 729 2179 τούτῳ
767 2111 950 2182 πικρὸν
1002 2109 1127 2179 ἡμῖν
1182 2112 1271 2158 καὶ
1328 2102 1605 2177 δακνηρόν.

23 2022 264 2084 ῖωώσεις,
320 2022 372 2069 εὖ

23 2200 179 2244 Ιοσον
220 2190 277 2247 δε
337 2200 427 2247 καὶ
491 2199 637 2267 παρὰ
708 2206 781 2267 τῷ
840 2205 953 2267 Θεῷ
1009 2196 1237 2267 νομίζεις
1299 2193 1610 2265 λογισθῆναι

28 2288 398 2348 οῦτο;πόσον
462 2290 553 2336 καὶ
609 2289 751 2357 παρά
801 2294 862 2357 τῇ
913 2285 1253 2356 φιλανθρώπῳ
1307 2279 1464 2334 τοῦδε
1510 2299 1608 2353 μη-

24 2376 92 2443 ηρί
125 2389 139 2437 ;
168 2373 246 2423 ὅτι
293 2368 386 2424 διὰ
412 2377 610 2446 πατέρα
654 2393 743 2425 και
786 2379 1004 2447 μητέρα,
1072 2374 1451 2445 οἰκτειρήσασα
1489 2373 1609 2421 τού-

23 2481 154 2526 ους,
225 2457 618 2524 κινδυνεύοντας
668 2461 724 2513 ἐκ
769 2469 959 2536 πικρᾶς
1038 2459 1232 2523 ὀδύνης
1310 2459 1670 2533 ἀπορραγῆναι

1722 1747 1784 1803 in
1806 1750 1925 1803 vita
1954 1749 2071 1804 ista
2102 1765 2376 1805 amarum
2435 1767 2502 1806 ac
2528 1752 2689 1806 triste
2738 1750 3023 1806 futurum.
3074 1753 3375 1817 Quantum

1721 1836 1778 1891 id
1848 1853 1885 1892 a
1930 1840 2048 1892 Deo
2096 1842 2439 1909 reputatum
2483 1838 2551 1893 iri
2617 1838 2809 1894 credis
2870 1838 2882 1893 ι
2968 1841 3271 1906 Quantum
3319 1847 3378 1897 et

1721 1924 2293 1981 misericordissimae
2313 1927 2439 1997 ejus
2463 1928 2625 1981 Matri
2648 1927 2659 1981 !
2679 1925 2850 1992 Quod
2884 1933 3126 2000 propter
3145 1934 3375 2001 patrem

1721 2020 1777 2068 et
1798 2018 2287 2079 matrem,eorum
2314 2015 2726 2086 miserata,qui
2755 2015 2814 2070 in
2842 2030 2912 2071 eo
2953 2020 3141 2078 erant,
3162 2023 3223 2072 ut
3253 2033 3375 2089 prae

1719 2102 1925 2157 dolore
1953 2104 2221 2158 animam
2271 2101 2556 2169 efﬂarent,
2621 2103 2747 2159 visa
2794 2104 2972 2159 fueris
3021 2104 3374 2160 calamitatis

1719 2191 2053 2262 patientior,
2112 2207 2358 2263 easque,
2413 2207 2608 2264 neque
2654 2192 2731 2247 ab
2773 2192 2920 2264 ipsis
2962 2192 3174 2248 solatia
3205 2209 3373 2248 acce-

1720 2280 1899 2351 peris,
1928 2280 2075 2334 miro
2110 2280 2403 2336 solamine
2454 2296 2527 2335 ex
2553 2280 2684 2353 ipsa
2719 2290 2907 2337 morte
2933 2281 3179 2353 erueris,
3215 2288 3271 2337 et
3292 2282 3372 2339 ad

1718 2368 1909 2423 vitam
1950 2369 2345 2424 revocaveris.

1748 2475 1849 2507 των
1905 2456 2118 2528 ψυχῶν,
2171 2456 2356 2530 ἐφάνης
2416 2462 2481 2510 σύ
2542 2461 2869 2532 ⁴γενναιοτέρα
2919 2463 3011 2517 τὴν
3065 2463 3367 2533 καρτερίαν,

23 2555 120 2613 λαὶ,
181 2547 297 2602 ἀντὶ
364 2560 457 2601 τοὺ
508 2552 596 2602 ὑπ’
649 2551 816 2603 αὐτῶν
887 2550 1307 2623 παρακαλεῖσθαι
1386 2548 1575 2621 μᾶλλον
1629 2547 1706 2607 σε,
1768 2548 1832 2596 σύ
1884 2548 2098 2606 τούτους
2153 2546 2338 2618 ἐφάνης
2397 2548 2711 2619 θαυμασίοις
2766 2552 2978 2619 τρόποις
3038 2549 3373 2622 παραμυθίας

26 2638 58 2700 ξ
89 2639 250 2690 αὐτοῦ
273 2641 490 2691 θανάτου
520 2642 785 2714 ῥυσαμένη
816 2646 905 2692 καὶ
934 2636 1087 2702 αὖθις
1113 2638 1602 2694 ἀποκαταστήσασα
1641 2637 1771 2707 πρὸς
1809 2634 1968 2693 ζωήν.

77 2724 335 2789 Ἐδόξασέ
376 2747 434 2781 σε
481 2733 628 2795 θεὸς,
681 2735 793 2796 καὶ,
838 2732 963 2801 πρός
1030 2734 1165 2800 μέγα
1215 2733 1300 2780 καὶ
1362 2732 1609 2799 μέγιστον

24 2817 142 2887 »ψος
220 2817 434 2891 ἐπάρας,
491 2818 719 2889 μεγάλως
805 2815 1040 2880 ἐδόξασα.
1112 2823 1212 2870 Καὶ
1272 2820 1339 2868 τὰ
1400 2818 1489 2887 μὶν
1538 2810 1604 2871 δὴ

23 2916 194 2979 πρῶτα
231 2903 387 2969 δῆλα,
438 2912 531 2959 καὶ
579 2904 753 2970 οὐδεὶς
809 2906 1135 2979 ἀμφιϐάλλει,
1192 2905 1298 2959 ἐπεὶ
1354 2912 1443 2957 καὶ
1495 2902 1606 2975 μεθ’

22 2994 435 3069 ιπερϐαλλούσης
496 2995 747 3068 ἐξέλαμψε
790 3004 887 3055 τῆς
945 3005 1102 3067 τιμῆς
1163 3017 1174 3028 ·
1217 2995 1252 3047 ἃ
1296 2991 1354 3046 δὲ
1404 3002 1491 3044 νῦν
1522 2989 1603 3044 δε-

21 3087 408 3156 ὐστυχηκότες
465 3084 655 3147 ἀθλίως
723 3087 1077 3157 κατεφάνημεν
1158 3083 1465 3157 πράξαντες,
1523 3083 1608 3134 οἷα

21 3175 73 3232 ⁸ὴ
132 3193 226 3226 και
269 3183 437 3227 ταυτα
471 3174 481 3227 l
515 3174 760 3246 Ῥωμαῖοι
841 3176 1018 3233 πάντες
1082 3176 1147 3234 ὡς
1196 3172 1362 3224 ταύτά
1418 3173 1607 3223 παθόν-

27 3283 87 3323 ες
120 3265 244 3334 ἡμῖν
276 3262 325 3314 ἓν
365 3263 506 3335 ζόφῳ
570 3260 637 3320 δὴ
673 3282 774 3314 τινι
816 3268 1093 3333 κατηφείας
1149 3263 1387 3335 ὁρῶνται,
1446 3259 1610 3311 πολλά

22 3373 95 3404 και
144 3358 557 3423 συγκοπτόμενοι
606 3372 697 3403 και
756 3353 1183 3423 σνμπενθοῡντες,
1244 3354 1343 3402 Καὶ
1386 3352 1608 3419 γέμουσι

21 3446 79 3494 ’ἀ
118 3443 289 3493 πάντα
338 3443 536 3514 θρήνων
596 3440 680 3494 ἐπί
722 3449 783 3513 τῇ
842 3439 958 3492 καθ’
1006 3442 1144 3511 ἡμᾶς
1199 3443 1459 3510 συμφορᾷ,
1519 3455 1607 3488 και

21 3530 271 3582 Ξασιλέων
323 3529 458 3583 οἶκοι
504 3549 595 3582 και
635 3532 750 3581 ὅσοι
794 3533 1035 3601 μέγιστοι
1109 3527 1217 3599 μετ’
1289 3526 1496 3585 αύτούς,
1519 3543 1609 3575 και

21 3624 198 3691 ι’γυιαί
241 3618 455 3685 πόλεων,
511 3636 602 3670 και
663 3615 833 3677 οὐδείς
894 3616 1034 3669 ἐστιν
1083 3616 1139 3677 ὃς
1196 3615 1325 3685 ούχί
1369 3616 1610 3674 κοινωνός

21 3715 214 3761 νίνεται
255 3715 345 3759 τοῦ
414 3710 614 3769 πάθους
662 3709 829 3779 ἡμῶν.
897 3711 1123 3776 Γέμουσι
1182 3723 1271 3755 και
1340 3707 1453 3753 ναοὶ
1515 3701 1609 3752 οὐκ

1641 3144 1682 3199 C

21 3793 225 3859 ξοὸίων
252 3801 416 3868 μόνων
446 3815 536 3847 και
584 3799 862 3866 ἐπιταφίων
913 3791 1181 3865 ᾀσμάτων,
1220 3790 1349 3842 ἀλλὰ
1407 3809 1487 3841 τοι
1534 3790 1608 3860 (1)

21 3906 96 3937 αι
155 3894 255 3937 τῶν
334 3886 534 3958 θερμῶς
590 3883 930 3943 ὀλολυζόντων
974 3902 1064 3933 και
1118 3884 1304 3953 γοεράς
1362 3878 1608 3948 ἀφιέντων

21 3977 200 4040 οωνάς,
266 3978 354 4026 καί
418 3992 476 4045 γε
547 3974 842 4047 περιπαθῶς
909 3975 1029 4032 τούς
1115 3972 1325 4045 θρήνους
1397 3967 1609 4041 μεριζο-

21 4069 188 4117 .ἐνων.

71 4160 256 4210 Πόσην
284 4159 407 4224 γοῦν
453 4153 483 4210 ἡ
542 4153 772 4209 τοσαύτη
819 4159 918 4201 τῶν
975 4152 1138 4210 οὕτως
1194 4167 1282 4199 και
1338 4149 1471 4198 κατὰ
1522 4163 1607 4196 το-

21 4252 193 4297 σοῦτον
257 4240 646 4311 συναλγούντων
702 4242 943 4291 κοινωνία
983 4236 1315 4310 βουλομένοις
1365 4237 1485 4306 ἡμῖν
1540 4235 1610 4284 τὰ

21 4334 181 4385 ἰκοτα
250 4328 555 4402 λογίζεσθαι
628 4332 766 4401 φέρει
811 4332 905 4385 τὴν
953 4327 1287 4399 παραμυθίαν
1321 4325 1333 4380 !
1368 4328 1452 4381 Μὴ
1499 4328 1605 4374 τοί-

21 4443 84 4474 υν
147 4419 278 4492 οἱπερ
348 4418 612 4491 ὀφείλομεν
672 4419 740 4476 εἰς
805 4415 1035 4488 ἀφορμὰς
1081 4415 1275 4465 τιθέναι
1338 4432 1429 4463 και
1478 4430 1608 4483 προ-

29 4513 188 4567 άσεις
248 4487 560 4578 ἀναψυχῆς,
640 4506 813 4564 αὐτοῖς
886 4487 1084 4562 τούτοις
1161 4503 1413 4576 χρώμεθα
1479 4503 1611 4571 πρός
1642 4487 1684 4539 Ῑ)

22 4602 330 4666 πούναντίον,
412 4599 493 4649 ὃτι
555 4591 693 4667 μηδὲ
775 4590 980 4645 δίκαιον
1041 4598 1139 4642 τῶν
1227 4592 1316 4662 μὲν
1365 4589 1608 4661 λυπηρῶν

21 4688 357 4742 εἰσθάνεσθαι
385 4705 477 4737 και
512 4692 605 4736 τού
649 4683 839 4742 εἰκότος
893 4681 1063 4745 πλέον,
1109 4688 1209 4732 τῶν
1268 4674 1328 4730 δέ
1364 4697 1424 4748 γε
1475 4680 1609 4751 πρός

21 4775 347 4853 παράκλησιν
397 4778 628 4834 ἡκόντων
700 4772 1023 4830 ἀναισθήτως
1076 4771 1215 4841 ἔχειν
1270 4764 1461 4835 δοκεῖν,
1518 4784 1608 4817 και

21 4864 278 4938 ιηδεμίαν
352 4875 451 4918 τῶν
503 4866 745 4916 τοιούτων
817 4862 1085 4914 ποιεῖσθαι
1156 4854 1412 4931 μηδαμῶς
1490 4854 1607 4908 ἐπι-

21 4959 261 5030 τροφήν.

71 5049 150 5099 Τό
182 5047 271 5117 μὶν
318 5046 482 5106 πάθος
522 5046 691 5094 κοινόν
725 5045 809 5093 σοί
837 5059 928 5091 και
973 5042 1102 5113 πρός
1147 5037 1300 5098 ἄλλας

31 5142 105 5211 ἀρ
178 5134 237 5185 ἂν
281 5153 370 5186 και
418 5137 609 5206 μυρίας
675 5132 912 5204 εύρήσεις
962 5128 1278 5190 ἕξετάζουσα
1333 5128 1382 5178 ἓν
1438 5143 1493 5177 τε
1535 5132 1608 5194 τῷ

21 5230 244 5301 ταρόντι,
280 5227 327 5276 ἓν
358 5243 411 5276 τε
444 5231 517 5293 τῷ
581 5221 889 5294 παρελθόντι
944 5217 1065 5291 βίῳ,
1108 5220 1446 5292 χρησαμένοις
1496 5221 1609 5275 ταῖς

21 5317 189 5374 εὖτ-αῖς
246 5319 539 5386 συμφοραῖς
583 5331 595 5343 ·
645 5314 704 5363 τό
751 5306 811 5362 δὲ
856 5316 951 5369 τῆς
1002 5315 1158 5379 τιμῆς
1216 5309 1287 5377 μὴ
1348 5308 1499 5376 μόνον
1549 5302 1610 5355 ού

22 5403 121 5457 κατ’
163 5405 304 5469 ἴσον,
335 5400 440 5452 ἀλλ’
472 5396 590 5452 οὐδ’
645 5398 797 5470 ἐγγὺς
859 5392 1019 5459 δόξης
1062 5405 1156 5456 τῆς
1211 5403 1329 5463 σῆς,
1387 5387 1613 5464 οὐδεμία

1350 5057 1364 5069 ·
1423 5034 1609 5094 πολλὰς

77 5634 164 5709 (At)
184 5633 353 5709 ACod.
386 5631 535 5709 me
570 5649 623 5683 τι
661 5632 729 5709 Et
756 5627 902 5709 and
939 5647 992 5681 τι
1038 5624 1302 5709 exhibet“
1325 5622 1609 5709 Cangius,

21 5690 469 5782 [u\i,'Glossario
500 5701 822 5760 Graecitatis
860 5701 921 5757 in
964 5713 1110 5757 voce
1150 5690 1402 5763 Ἐξόδιον,
1452 5694 1615 5751 Nice-

1792 2722 2151 2779 Gloriﬁcavit
2176 2729 2226 2779 te
2258 2726 2428 2790 Deus,
2460 2727 2518 2779 et
2545 2728 2596 2779 te
2624 2722 2702 2779 ad
2735 2724 3063 2779 maximam
3111 2724 3371 2782 altitudi-

1720 2826 1859 2866 nem
1885 2812 2188 2881 erigendo,
2226 2813 2484 2869 maxime
2517 2812 2887 2883 gloriﬁcavit.
2924 2816 2989 2869 Et
3018 2814 3216 2885 prima
3245 2814 3374 2886 qui-

1719 2902 1857 2956 dem
1890 2902 1993 2956 illa
2032 2902 2348 2958 manifesta
2391 2910 2548 2969 sunt,
2598 2909 2653 2957 et
2681 2903 2755 2958 de
2781 2903 2850 2958 iis
2902 2918 3081 2959 nemo
3119 2902 3371 2970 dubitat,

1720 2990 2018 3062 siquidem
2106 2997 2162 3046 et
2218 2990 2436 3045 eximio
2525 2988 2872 3049 eﬁ‘ulserint.
2948 2993 3109 3057 Quas
3167 2998 3370 3048 autem

1719 3079 1880 3149 passi
1899 3094 2107 3133 sumus
2132 3078 2378 3133 miseras
2396 3077 2784 3143 calamitates,
2804 3078 3016 3149 quales
3039 3085 3095 3134 et
3111 3079 3237 3134 istae
3254 3079 3375 3136 fue-

1717 3174 1857 3221 runt
1890 3167 1901 3221 !
1930 3168 2176 3222 Romani
2193 3182 2423 3237 omnes,
2449 3171 2740 3237 tanquam
2774 3166 3373 3241 eademacnospassi

1719 3255 1854 3317 sint.
1903 3257 1965 3310 in
2021 3255 2269 3310 tristitiae
2311 3254 2566 3310 tenebris
2630 3242 2812 3309 m‘ersi
2857 3253 3150 3323 videntur,
3196 3255 3373 3312 valde

1719 3343 1921 3400 afflicti
1962 3343 2483 3407 etcompatientes.
2516 3345 2645 3399 Jam
2663 3342 2870 3400 omnia
2895 3343 3178 3416 lacrymis
3195 3344 3373 3416 plena

1720 3439 1863 3489 sunt
1917 3438 2160 3504 propter
2206 3438 2476 3488 nostrum
2510 3432 2900 3505 infortpnium
2926 3451 2939 3499 ;
2968 3437 3023 3487 et
3052 3433 3370 3506 imperato-

1719 3537 1854 3576 rum
1894 3522 2133 3589 domus,
2179 3528 2234 3577 et
2282 3522 2562 3576 maximae
2616 3536 2826 3577 omnes
2879 3526 3014 3593 post
3047 3536 3173 3588 eas,
3203 3528 3259 3577 et
3282 3536 3375 3577 ur-

1720 3610 1889 3666 bium
1922 3610 2027 3665 viae
2053 3628 2069 3680 ;
2105 3615 2161 3665 et
2186 3626 2364 3665 nemo
2400 3616 2485 3665 est
2514 3610 2617 3682 qui
2648 3617 2919 3665 nostrum
2950 3609 3220 3666 dolorem
3250 3625 3373 3666 non

1722 3700 2050 3772 participet.
2102 3703 2383 3754 lnsonant
2414 3704 2469 3753 et
2522 3699 2745 3770 templa
2768 3714 2885 3754 non
2916 3699 3099 3754 modo
3131 3700 3371 3768 tragicis

1723 3789 1998 3844 cantibus
2027 3794 2080 3844 et
2108 3789 2353 3860 hymnis
2402 3782 2753 3843 funebribus
2804 3788 2910 3843 sed
2938 3794 2992 3843 et
3044 3788 3265 3842 civium
3290 3787 3371 3843 la-

1721 3879 1937 3934 mentis
1958 3878 2062 3950 qui
2089 3883 2396 3947 gementes
2443 3893 2622 3931 voces
2672 3876 2966 3946 emittunt,
2997 3884 3373 3932 nostrarum-

1722 3983 1840 4039 que
1874 3966 2284 4039 lacrymarum
2306 3964 2626 4037 participes
2661 3969 2817 4019 sunt.

1794 4146 2095 4210 Quantum
2143 4159 2323 4216 porro
2380 4142 2675 4212 solamen,
2735 4143 2902 4198 tanta
2948 4144 3073 4197 tam
3098 4140 3375 4198 ardenter

1723 4232 2215 4304 compatientinm
2273 4231 2638 4303 communio,
2674 4232 2739 4295 si,
2775 4237 2840 4286 ut
2868 4231 3054 4297 decet,
3098 4229 3370 4287 animad-

1720 4327 1945 4375 vertere
1984 4320 2237 4376 velimus
2301 4318 2313 4375 t
2348 4320 2427 4374 Ne
2450 4318 2628 4388 igitur
2681 4318 2772 4384 iis,
2806 4334 2942 4391 quas
2975 4323 3037 4373 ut
3062 4317 3370 4374 solationis

1721 4424 1936 4464 causas
1966 4415 2024 4464 et
2049 4413 2371 4481 praeteritus
2399 4407 2619 4463 habere
2675 4407 2987 4474 debemus,
3019 4407 3079 4462 in
3137 4411 3370 4462 contra-

1717 4498 1877 4552 rium
1901 4504 2141 4554 utamur
2171 4516 2182 4564 ;
2216 4498 2505 4569 quoniam
2555 4512 2675 4553 non
2700 4497 2931 4567 justum
2970 4501 3059 4552 est
3083 4500 3146 4552 ut
3184 4495 3374 4552 tristia

1717 4587 1964 4659 qundem
1992 4591 2049 4642 et
2079 4586 2398 4659 plusquam
2423 4590 2678 4657 oportet.
2699 4585 3049 4649 sentiamus,
3070 4601 3143 4641 ea
3167 4590 3371 4641 autem

1718 4690 1855 4747 quae
1888 4676 2147 4730 mulcere
2161 4674 2378 4738 valent,
2402 4690 2523 4730 non
2555 4673 2923 4747 accipiamus
2939 4689 3135 4746 neque
3160 4687 3368 4729 eorum

1718 4779 1924 4821 curam
1948 4764 2265 4820 faciamus.

1791 5031 1968 5088 Dolor
1994 5030 2089 5086 ille
2120 5031 2225 5087 tibi
2253 5044 2391 5086 cum
2424 5029 2555 5085 aliis
2604 5028 2942 5085 communis
2972 5032 3060 5084 est
3091 5045 3105 5095 ;
3146 5028 3367 5086 multas

1720 5123 1878 5179 enim
1911 5126 1968 5177 et
1992 5125 2295 5177 sexcentas
2324 5120 2598 5191 reperies,
2628 5119 2677 5175 si
2701 5118 3190 5189 consideraveris,
3217 5134 3365 5191 prm-

1720 5212 1869 5267 senti
1907 5227 1977 5266 ac
1999 5209 2292 5281 praeterito
2316 5214 2601 5279 tempore,
2630 5223 2761 5279 quae
2791 5207 3006 5263 iisdem
3037 5206 3210 5263 malis
3241 5224 3362 5264 usas

1721 5306 1860 5356 sunt
1891 5316 1903 5366 ;
1935 5299 2100 5371 quod
2128 5303 2328 5353 autem
2355 5296 2433 5351 ad
2476 5296 2766 5355 honorem
2797 5302 3044 5369 spectat,
3079 5296 3244 5352 nulla
3272 5302 3364 5354 est

1720 5406 1857 5463 quae
1879 5405 1998 5445 non
2023 5386 2197 5443 modo
2217 5401 2340 5441 non
2370 5400 2599 5457 parem,
2625 5384 2730 5442 sed
2758 5400 2833 5442 ne
2864 5388 3204 5459 proximum
3234 5386 3363 5460 qui-

1761 5619 1894 5675 hori
1951 5616 2158 5684 verba,
2198 5614 2277 5689 ab
2328 5617 2449 5689 σχίμιἶ
2508 5618 2599 5667 καὶ
2622 5620 2735 5667 ναοί
2796 5615 2876 5674 ad
2936 5617 3123 5689 φωνὰς,
3152 5615 3362 5675 attulit.

1770 5706 1837 5748 ro
1866 5693 2033 5762 μόνων
2058 5685 2536 5758 Οαῐιεξιιεᾙαὺθῐ
2569 5690 2742 5760 μόνον.
