3934 6322
21 307 112 362 .49
1038 290 1264 357 SERMO
1306 290 1880 356 CONSOLATORIUS
1916 297 2011 353 AD
2049 296 2305 354 FlLlAM.
3217 291 3355 355 1430

29 451 44 480 ι
75 430 368 500 ὑπόμεινον
398 426 484 478 τὸν
516 427 728 500 Κύριον,
755 428 845 478 καὶ
873 421 1146 500 ἀνδρίζου,
1177 423 1266 478 xui
1299 419 1569 496 ἀνδρίζου,
1601 423 1691 472 καὶ
1720 423 2086 496 κραταιοῦσθω
2116 424 2146 481 ἡ
2177 418 2377 496 καρδία
2403 440 2519 490 σου,
2583 421 2655 482 ὡς
2701 426 2798 482 τῆς
2857 424 3122 497 μακαρίας
3166 421 3357 486 ἐκείνης

22 525 98 580 ας
129 513 432 590 οὐδαμόθεν
460 515 696 588 ἑτέρωθεν
729 515 758 574 ἦ
790 515 844 566 ἐκ
874 523 964 576 τῆς
985 517 1245 587 ὑπομονῆς
1273 518 1364 566 καὶ
1404 510 1719 571 ἀπαντώσης
1746 515 1835 564 καὶ
1856 517 2215 584 γεγενημένης.

47 605 372 668 Ἒκλαυσας
402 612 526 676 γοῦν
565 608 655 656 καὶ
714 607 780 656 σὺ
839 603 1040 677 μεγάλα
1084 609 1175 656 καὶ
1241 603 1463 676 περιττὰ
1517 602 1600 652 xui

1806 600 2020 658 s‘levisti
2049 601 2243 672 igitur,
2278 603 2335 657 et
2373 603 2435 657 tu
2473 598 2693 658 multas
2734 603 2791 656 et
2811 599 3027 658 nimias
3057 601 3359 676 lacrymas

21 698 268 769 οταμοὺς
355 691 596 768 δακρύων
651 699 982 766 κατήνεγκες,
1060 693 1274 754 πολλοῦς
1344 693 1433 764 μὲν
1519 708 1574 740 κο

1810 689 2208 762 lacrymarum
2246 689 2442 746 fontes
2469 689 2733 757 emisisti,
2790 690 3006 747 multas
3027 691 3274 764 quidem
3306 695 3363 748 et

22 789 97 857 pb
143 791 250 846 τῆς
313 785 599 857 συμφορᾶς,
649 782 864 844 πολλοὺς
914 787 1002 836 καὶ
1050 781 1098 834 ἐν
1143 782 1281 852 αύτῷ
1339 789 1412 853 τῷ
1456 781 1575 832 πάθε

1812 793 1853 834 :e
1882 778 2303 836 calamitatem.
2353 779 2572 835 multas
2596 794 2737 835 vero
2777 782 2832 837 et
2875 779 2936 835 in
2978 780 3110 852 ipso
3156 779 3365 837 dolore

21 880 82 927 ui
134 881 204 946 τῇ
271 878 536 945 συμφορᾷ,
587 871 802 933 πολλοῦς
843 877 934 925 καὶ
987 875 1118 946 μετὰ
1168 876 1263 932 τὴν
1317 871 1574 945 συμφοραὶ

1809 867 2160 938 calamitate,
2187 868 2404 924 multas
2429 873 2487 924 et
2515 871 2655 942 post
2705 868 3127 936 calamitatem,
3178 874 3362 926 totum

21 964 125 1023 λην
158 966 260 1020 τὴν
291 958 517 1036 καρδίαν
557 958 784 1015 ἒνδοῦσα
829 969 890 1034 τῇ
949 961 1101 1034 φλογὶ
1137 965 1228 1014 καὶ
1256 969 1328 1032 τῷ
1379 961 1574 1012 καύσωτ

1812 973 1890 1014 1m
1920 973 2023 1014 cor
2047 958 2310 1015 ﬂammae
2337 962 2395 1014 et
2444 957 2568 1027 igni
2627 961 2684 1015 et
2734 957 3174 1031 consumptioni
3226 959 3365 1015 inde

24 1058 87 1106 ui
119 1059 201 1122 τῷ
235 1049 288 1113 ἐξ
317 1050 479 1104 αὐτοῦ
520 1059 783 1126 μαρασμῷ
819 1073 831 1085 ο
889 1047 1056 1114 δεῖξον
1120 1050 1297 1104 λοιπόν
1352 1050 1465 1102 κατ’
1498 1051 1577 1100 ἵσο

1814 1064 1863 1103 te
1883 1045 2124 1104 tradens
2155 1046 2437 1116 ;ostende
2462 1063 2622 1104 nunc
2653 1062 2776 1103 non
2814 1047 3107 1104 minorem
3135 1048 3367 1120 patien-

21 1148 191 1217 ,ἐτρον
279 1145 367 1192 καὶ
444 1144 502 1194 τὸ
575 1149 665 1202 τῆς
727 1142 1006 1212 ὑπομονῆς,
1065 1144 1155 1193 καὶ
1207 1148 1423 1213 Χριστῷ
1463 1145 1574 1191 τοῦτ

1817 1152 1888 1203 ω,
1929 1152 2185 1209 eamque
2215 1137 2441 1193 Christo
2457 1135 2690 1208 jubenti
2721 1153 2791 1194 ac
2820 1137 3089 1210 poscenti
3117 1137 3370 1194 immota

21 1235 404 1307 ’ροστοίσσοντι
459 1234 549 1283 καὶ
621 1231 866 1291 ζητοῦντι
934 1233 1091 1283 θῦσον
1143 1235 1232 1283 καὶ
1289 1233 1574 1304 καρποφόρι

1818 1224 1977 1291 offer,
2003 1230 2062 1281 et
2101 1225 2215 1282 hac
2255 1225 2384 1296 lege
2421 1225 2663 1298 posside
2717 1225 2983 1282 animam
3037 1231 3204 1282 tuam
3238 1225 3371 1295 ;fac

21 1342 116 1388 'ov,
161 1327 258 1375 xui
303 1329 363 1395 τῇ
425 1319 594 1393 ἐντολῇ
648 1323 811 1394 ταύτῃ
862 1327 1054 1378 κτῆσαι
1111 1324 1204 1378 τὴν
1263 1324 1359 1378 σὴν
1410 1317 1574 1390 ψυχὴ

1820 1331 1912 1372 10$
1925 1332 2166 1388 quoque
2183 1315 2418 1372 animas
2431 1321 2664 1372 nostras
2681 1315 3107 1389 possideamus
3125 1333 3138 1383 ;
3156 1333 3292 1390 quae
3309 1317 3373 1373 in

22 1412 320 1468 ,ﬂia'ucaut
379 1405 439 1462 δε
489 1413 580 1461 καὶ
638 1411 777 1481 ἡμᾶς
819 1411 914 1470 τὰς
970 1409 1115 1481 ἡμῶν
1167 1407 1382 1481 πρᾶξον,
1436 1403 1575 1459 κινδι

1829 1408 1969 1461 sunt
1998 1409 2062 1462 ut
2091 1421 2213 1476 prie
2241 1405 2473 1461 tristitia
2493 1405 2850 1475 dejiciantur
2882 1421 2952 1462 ac
2981 1405 3284 1476 deﬁciant,
3303 1422 3373 1462 eo

26 1503 268 1560 ευούσας
316 1495 423 1558 ἤδη
516 1502 605 1550 xui
674 1499 1034 1556 καταποθῆναι
1120 1504 1209 1550 xui
1283 1496 1579 1550 ἐκλελοιπένι

1825 1494 1897 1550 od
1921 1511 2044 1550 non
2067 1493 2306 1551 aliunde
2326 1493 2695 1564 refrigerium
2725 1498 2782 1550 et
2829 1493 3097 1551 solamen
3146 1495 3378 1567 possint

21 1597 131 1651 ἀῖς
168 1587 423 1661 ἀθυμίαις
459 1595 529 1658 τῷ
592 1584 898 1660 μηδαμόθεν
946 1586 1154 1640 ἄλλοθεν
1198 1584 1480 1659 ἀναψυχὴν
1538 1607 1574 1638 κε

1827 1585 2026 1656 :ipere,
2055 1584 2168 1639 nisi
2201 1587 2282 1647 tu,
2325 1588 2428 1640 tua
2453 1583 2672 1639 eximia
2718 1583 2935 1656 pietate
2962 1589 3019 1640 et
3078 1585 3139 1640 in
3191 1583 3380 1640 Deum

21 1677 362 1753 ταράκλησιν
403 1673 666 1730 δύνασθαι
723 1673 998 1742 δέξασθαι,
1071 1675 1114 1728 εἰ
1167 1681 1237 1748 μὴ
1289 1679 1374 1741 σὺ,
1431 1675 1574 1728 ἐκνικε

1830 1674 1980 1745 ucia,
2012 1673 2307 1746 simulque
2329 1680 2431 1729 tuo
2480 1689 2772 1745 generoso
2825 1689 2896 1730 ac
2950 1674 3126 1730 ﬁrmo
3178 1675 3383 1730 animo

21 1787 176 1820 σασα
201 1774 320 1828 ταῖς
344 1775 440 1826 τῆς
486 1764 752 1828 εὐλαϐείας
815 1764 1118 1839 ὑπερϐολαῖς
1177 1771 1267 1818 καὶ
1315 1770 1444 1840 πρὸς
1504 1774 1574 1819 Θε

1831 1779 2004 1828 mens,
2039 1762 2286 1836 teipsam
2312 1763 2600 1834 majorem
2630 1779 2700 1818 ac
2723 1762 3025 1818 fortiorem
3041 1779 3265 1833 magno
3285 1763 3384 1819 illo

21 1858 430 1922 πεποιθήσεσιν,
486 1854 597 1928 ἅμα
657 1851 716 1908 δὲ
757 1859 848 1908 καὶ
900 1863 970 1926 τῷ
1025 1859 1235 1927 γενναίῳ
1273 1859 1364 1908 καὶ
1403 1857 1574 1931 σταθεε

1837 1852 1949 1908 lore
1964 1856 2226 1924 praestes,
2242 1867 2311 1907 ac
2323 1850 2682 1918 calamitate,
2696 1867 2833 1924 quae
2850 1868 2962 1907 nos
2983 1855 3137 1907 totos
3169 1851 3390 1924 premit

21 1953 122 1997 τοῦ
159 1950 509 2019 φρονήματος,
557 1949 774 2017 κρείττω
844 1948 1064 2003 σεαυτὴν
1106 1941 1294 2007 δείξεις
1349 1950 1438 1997 xui
1485 1946 1574 1998 ὑπε

1843 1941 2059 2013 dejicit.
2082 1940 2270 1996 Ethoc
2284 1941 2489 2008 modo,
2510 1945 2592 2012 tu,
2612 1957 2748 2014 quae
2761 1941 2819 1996 in
2835 1941 3116 1997 omnibus
3134 1940 3392 1998 admira-

21 2037 138 2086 άνω
229 2038 500 2106 γενομένην
574 2040 666 2086 τοῦ
744 2033 969 2105 μεγάλου
1040 2030 1196 2088 τοῦδε
1269 2034 1468 2096 πάθους
1550 2054 1574 2086 κ

1839 2047 1969 2086 nem
1985 2030 2298 2100 moves,sis
2311 2029 2488 2085 nobis
2501 2029 2851 2086 admiranda
2863 2028 3246 2099 consolatrix,
3272 2045 3392 2084 non

21 2133 125 2184 τῆς
160 2122 310 2185 ὅλους
384 2123 519 2195 ἡμᾶς
595 2127 987 2198 χειρωσαμένης
1063 2127 1148 2175 καὶ
1236 2126 1574 2196 κατενεγκούσ

1845 2119 1949 2176 'bis
1963 2119 2146 2176 modo
2162 2135 2231 2176 ac
2244 2119 2627 2191 argumentis,
2643 2118 2745 2174 sed
2760 2117 3106 2191 etoperibus
3119 2117 3262 2191 ipsis
3275 2133 3398 2174 ma-

24 2218 329 2287 συμφορᾶς.
366 2217 465 2264 Καὶ
505 2217 685 2264 τοῦτον
742 2209 810 2270 δὴ
861 2215 948 2263 τόν
1003 2216 1210 2286 τρόπον,
1267 2215 1296 2270 ἡ
1357 2215 1422 2264 τὰ
1475 2214 1576 2265 πάν

1844 2213 2032 2266 estum
2065 2209 2289 2265 faciens
2316 2213 2371 2265 te
2389 2225 2425 2264 a
2449 2208 2900 2282 Deoperfectam
2923 2208 3397 2264 consolationem

26 2304 320 2374 θαυμασία
360 2304 447 2370 σὺ,
502 2305 592 2352 καὶ
646 2301 922 2373 θαυμαστὴ
978 2305 1269 2376 παρήγορος
1319 2302 1444 2373 ἡμῖν
1492 2320 1579 2353 xu“.

1849 2299 2082 2372 :episse,
2096 2299 2252 2355 hanc
2267 2314 2554 2368 magnam
2568 2298 2914 2371 patientiam
2927 2302 2984 2354 et
3000 2298 3156 2354 hanc
3183 2297 3402 2353 miram

27 2393 348 2461 σταίης,μὴ
368 2389 574 2462 ῥήμασι
612 2392 783 2460 μόνοις
841 2393 931 2440 καὶ
978 2388 1170 2460 λόγοις,
1245 2388 1372 2441 ἀλλὰ
1428 2393 1517 2442 καὶ
1571 2391 1580 2440 i

1845 2388 2167 2446 Eferentiam
2190 2387 2478 2446 induisse.
2518 2391 2634 2444 Has
2668 2386 2748 2444 ad
2773 2391 2848 2454 te,
2876 2387 3223 2460 imperatrix
3240 2401 3398 2455 mea,

29 2499 160 2552 γοις
221 2479 401 2540 αὐτοῖς
466 2481 678 2552 φανερόν
740 2479 946 2530 τιθεῖσα
1001 2480 1078 2530 ὅτι
1135 2483 1224 2531 καὶ
1266 2478 1582 2554 παρεκαλέσο

1852 2477 2119 2547 :ces,haec
2132 2481 2269 2534 vota
2282 2476 2463 2544 mitto;
2477 2477 2607 2532 hinc
2621 2476 2822 2549 accipe
2834 2475 3188 2548 libens,quaa
3205 2474 3405 2532 omnia

22 2574 132 2621 καὶ
185 2568 368 2630 τελέως
449 2567 839 2642 παρεκαλέσατό
925 2586 984 2620 σε
1055 2572 1205 2636 Θεὸς,
1290 2577 1385 2630 τῆς
1425 2569 1575 2641 μέγα]

1876 2573 1932 2623 et
1968 2581 2256 2639 properas
2292 2565 2643 2638 parentibus
2673 2565 2787 2621 tuis
2817 2569 2988 2635 grata
3017 2564 3230 2620 facere.
3300 2566 3407 2620 Ne-

25 2662 237 2720 ταύτης
283 2660 548 2731 ὑπομονῆς
627 2657 978 2731 ἀμειψάμενος
1040 2663 1130 2710 καὶ
1198 2667 1289 2720 τῆς
1350 2661 1578 2732 θαυμαστ

1858 2674 1881 2714 e
1901 2656 2198 2729 despicias
2220 2672 2380 2712 nunc
2411 2657 2609 2729 (quam
2637 2655 2914 2711 ardenter
2941 2653 3152 2723 vides),
3186 2652 3411 2726 suppli-

32 2753 347 2822 καρτερίας.
414 2749 620 2806 Ταύτην
856 2766 960 2810 σοι,
1036 2745 1333 2820 βασίλισσα
1391 2767 1510 2821 μου,
1565 2767 1585 2800 τ

1854 2751 2001 2804 λίθω
2029 2751 2260 2819 patrem
2284 2750 2472 2814 tuum,
2505 2746 2608 2818 qui
2646 2761 2768 2802 non
2787 2745 3161 2802 alitervivere
3194 2747 3407 2816 potest,

39 2835 262 2905 δέησιν,
331 2838 524 2895 ταύτην
602 2837 854 2911 προσάγω
921 2841 1016 2894 τὴν
1100 2840 1322 2904 ἷκεσίαν,
1373 2841 1465 2890 xui
1511 2833 1592 2900 δέξ

1860 2852 1956 2893 am
1988 2835 2037 2891 si
2066 2835 2140 2891 de
2172 2840 2228 2891 te
2251 2834 2496 2891 letifera
2516 2835 2725 2890 nuntia
2756 2833 3027 2906 accipiat,
3053 2849 3187 2906 quis
3209 2845 3413 2889 amare

42 2928 354 2995 πεισθεῖσα,
392 2928 422 2985 ἡ
456 2930 545 2978 καὶ
577 2928 641 2978 τὰ
668 2927 839 2978 πάντα
876 2929 966 2978 καὶ
1025 2924 1312 2998 βουλομένη
1357 2932 1447 2979 καὶ
1497 2946 1595 2979 σπο

1859 2940 1959 2980 um
1987 2939 2088 2980 cor
2112 2923 2528 2996 perturbantes
2551 2927 2605 2978 et
2620 2922 3029 2996 discerpantes
3055 2926 3112 2978 et
3141 2921 3412 2977 occiden-

45 3015 88 3070 δ
94 3018 305 3077 σίζουσα
373 3023 483 3078 τοῖς
552 3018 608 3068 σε
655 3022 891 3068 τεκοῦσιν
943 3017 1068 3088 ἡμῖν
1118 3018 1361 3089 πράττειν
1409 3036 1598 3092 κεχαρι

1885 3014 2275 3084 cogitationes
2311 3012 2634 3068 mulceant.
2664 3014 2797 3068 Haec
2826 3011 3036 3079 facias,
3065 3014 3121 3066 et
3142 3011 3342 3066 adhuc
3368 2999 3419 3064 si

44 3110 208 3180 μένα.
251 3109 351 3159 Καὶ
398 3109 469 3178 μὴ
528 3101 762 3178 παρίδης
809 3100 941 3177 μηδ’
996 3103 1045 3156 ἐν
1106 3112 1214 3167 τοῖς
1267 3114 1499 3180 παροῦσι
1549 3108 1597 3159 θε

1866 3119 1996 3170 .eas,
2027 3101 2118 3158 his
2148 3101 2418 3174 plura,in
2431 3105 2702 3156 nostrum
2729 3099 2999 3156 solamen
3030 3119 3045 3167 ;
3071 3098 3242 3156 ettibi
3267 3101 3419 3154 Deus

47 3204 192 3269 μῶς,
275 3195 394 3267 ὁρᾷς
489 3191 538 3246 δ’
599 3195 808 3258 ὁπόσον,
869 3195 1265 3247 καθικετεύοντα
1317 3198 1402 3247 τόν
1441 3199 1600 3271 πατέρ

1868 3193 1972 3248 hoc
2001 3190 2232 3248 mundo
2275 3206 2484 3246 curam
2541 3195 2600 3246 et
2645 3205 2888 3246 omnem
2942 3187 3421 3244 misericordiam

43 3289 150 3335 καὶ
191 3279 450 3356 μηδαμῶς
498 3282 671 3356 ἑτέρως
727 3284 923 3340 ἣκιστα
972 3278 1253 3354 δυνάμενον
1307 3283 1480 3357 ζῆν,ἢ
1512 3260 1596 3336 εύθ

1867 3280 2079 3337 estabit
2107 3281 2365 3352 :quippe
2395 3279 2499 3352 qui
2522 3278 3066 3335 misericordiarum
3113 3281 3284 3350 pater
3327 3275 3420 3334 sit.

43 3375 284 3446 ματέρας
311 3371 558 3444 ἀγγελίας
597 3368 880 3444 δεχόμενον
931 3376 1048 3446 περὶ
1104 3379 1218 3441 σοῦ,
1249 3433 1252 3437 _
1287 3378 1376 3424 xui
1424 3381 1523 3425 τῶν
1576 3394 1596 3424 ν

1884 3369 2098 3426 deinde
2119 3369 2180 3425 in
2209 3369 2373 3426 ccelis
2405 3369 2510 3424 tibi
2531 3369 2970 3424 indesinentem
3007 3366 3172 3423 illam
3198 3370 3255 3422 et
3279 3364 3424 3422 inef-

44 3467 260 3535 πικρῶς
285 3461 640 3536 θορυϐούντων
670 3465 760 3513 καὶ
815 3465 909 3518 τὴν
959 3460 1080 3519 όλην
1137 3458 1361 3534 καρδίαν
1422 3483 1597 3539 σπαρα

1882 3459 2018 3516 ilem
2048 3460 2308 3516 laetitiam
2337 3458 2644 3530 largietur,
2683 3457 3111 3515 interveniente
3170 3461 3226 3512 et
3254 3456 3430 3512 inter-

45 3556 252 3606 τὸντων
297 3556 386 3603 xui
442 3553 754 3624 νεκρούντων
819 3550 1176 3622 κουφιξούσας
1233 3550 1520 3623 λογισπῶν.
1562 3560 1598 3605 1V

1877 3553 2023 3606 lente
2054 3551 2377 3623 purissima
2397 3554 2455 3606 et
2506 3549 2886 3607 sanctissima
2935 3554 2992 3605 et
3039 3546 3430 3604 immaculata

43 3647 244 3708 ταῦτα,
275 3643 362 3692 καὶ
382 3643 474 3692 ε”ίτι
507 3639 652 3692 πλέον
685 3635 840 3711 δύνῃ,
889 3638 1084 3710 πρᾶξον
1113 3639 1182 3700 εἰς
1242 3638 1369 3712 ἐμὴν
1417 3661 1662 3717 παραμν·
1777 3656 1886 3696 sua
1925 3641 2126 3696 Matre.

51 3734 200 3795 θίαν,
242 3734 329 3782 καὶ
393 3733 521 3791 Θεὸς
571 3731 717 3781 ἔσται
757 3748 842 3780 σοι
896 3727 1162 3781 κάνταῦθα
1220 3725 1461 3802 κηδεμὼν
1509 3736 1598 3782 καὶ
1647 3732 1880 3804 χορηγὸς
1912 3727 2079 3789 ἐλέους
2107 3733 2314 3794 παντὸς,
2344 3731 2369 3782 ό
2400 3734 2490 3782 καὶ
2517 3737 2616 3782 τῶν
2646 3727 2881 3803 ἀρρήτων
2909 3730 3080 3799 πατὴρ
3115 3725 3423 3798 οἰκτιρμῶν

62 3819 146 3873 Ού
179 3821 282 3890 μὴν
312 3817 438 3870 ἀλλὰ
465 3823 556 3870 καὶ
585 3816 633 3869 ἐν
664 3825 774 3878 τοίς
813 3816 1066 3890 οὐρανίοις
1124 3819 1272 3870 ἔσται
1340 3838 1424 3872 σοι
1478 3821 1807 3895 πρυτανεύων
1864 3822 1954 3870 καὶ
1993 3822 2338 3892 χαριζόμενος
2387 3823 2476 3877 τὴν
2545 3817 2895 3890 ἁνέκφραστον
2953 3816 3145 3872 ἐκείνην
3195 3820 3284 3866 καὶ
3331 3833 3437 3886 μη-

65 3906 261 3962 δέποτε
323 3903 487 3980 μηδεν
557 3911 713 3981 πέρας
792 3908 1020 3978 ἔχουσαν
1092 3906 1430 3981 εὐφροσύνην,
1501 3907 1889 3983 πρεσϐευούσης
1952 3914 2042 3961 καὶ
2116 3911 2495 3982 μεσιτευούσης
2572 3912 2702 3981 πρὸς
2780 3912 2933 3959 τοῦτο
2993 3913 3084 3966 τῆς
3131 3905 3438 3977 παναχράνι

67 4017 168 4051 του
193 4001 282 4050 καὶ
308 4001 628 4071 παναμώμου
658 4000 748 4049 καὶ
774 3997 1171 4072 πανυπεράγνόυ
1193 4001 1406 4071 Μητρὸς
1426 3997 1606 4054 αὐτοῦ.

584 5639 836 5700 ΡΑι-ιοι..
877 5640 980 5698 Gn.
1017 5639 1171 5698 CXL.

3056 5629 3124 5696 48
