  <div class='ocr_page' id='page_1' title='image "/cluster/home/n/w/nwhite01/storage/ocr_20150623/140/pst.000005714568/786.png"; bbox 0 0 3934 6322; ppageno 0'>
   <div class='ocr_carea' id='block_1_1' title="bbox 39 293 176 355">
    <p class='ocr_par' dir='ltr' id='par_1_1' title="bbox 39 293 176 355">
     <span class='ocr_line' id='line_1_1' title="bbox 39 293 176 355; baseline 0.015 -2"><span class='ocrx_word' id='word_1_1' title='bbox 39 293 176 355; x_wconf 78' lang='grc'><strong>1453</strong></span> 
     </span>
    </p>
   </div>
   <div class='ocr_carea' id='block_1_2' title="bbox 1034 287 2100 357">
    <p class='ocr_par' dir='ltr' id='par_1_2' title="bbox 1034 287 2100 357">
     <span class='ocr_line' id='line_1_2' title="bbox 1034 287 2100 357; baseline 0.012 -16"><span class='ocrx_word' id='word_1_2' title='bbox 1034 287 1126 345; x_wconf 89' lang='lat' dir='ltr'>DE</span> <span class='ocrx_word' id='word_1_3' title='bbox 1152 288 1508 349; x_wconf 78' lang='lat' dir='ltr'>MIRACULO</span> <span class='ocrx_word' id='word_1_4' title='bbox 1531 289 1604 349; x_wconf 83' lang='lat' dir='ltr'><strong>IN</strong></span> <span class='ocrx_word' id='word_1_5' title='bbox 1630 289 1817 357; x_wconf 72' lang='grc' dir='ltr'>ΕΑΝᾼ</span> <span class='ocrx_word' id='word_1_6' title='bbox 1847 293 2100 354; x_wconf 78' lang='lat' dir='ltr'>FACTO.</span> 
     </span>
    </p>
   </div>
   <div class='ocr_carea' id='block_1_3' title="bbox 3254 310 3394 369">
    <p class='ocr_par' dir='ltr' id='par_1_3' title="bbox 3254 310 3394 369">
     <span class='ocr_line' id='line_1_3' title="bbox 3254 310 3394 369; baseline 0.007 -3"><span class='ocrx_word' id='word_1_7' title='bbox 3254 310 3394 369; x_wconf 70' lang='grc'><strong>1454</strong></span> 
     </span>
    </p>
   </div>
   <div class='ocr_carea' id='block_1_4' title="bbox 102 409 1636 499">
    <p class='ocr_par' dir='ltr' id='par_1_4' title="bbox 102 409 1629 488">
     <span class='ocr_line' id='line_1_4' title="bbox 102 409 1629 488; baseline -0.002 -21"><span class='ocrx_word' id='word_1_8' title='bbox 102 413 259 473; x_wconf 75' lang='grc' dir='ltr'>Μέλει</span> <span class='ocrx_word' id='word_1_9' title='bbox 285 410 337 466; x_wconf 80' lang='grc' dir='ltr'>δ’</span> <span class='ocrx_word' id='word_1_10' title='bbox 394 410 544 466; x_wconf 66' lang='grc' dir='ltr'>οὐδὲν</span> <span class='ocrx_word' id='word_1_11' title='bbox 595 418 696 464; x_wconf 87' lang='grc' dir='ltr'>τῶν</span> <span class='ocrx_word' id='word_1_12' title='bbox 752 414 1017 475; x_wconf 80' lang='grc' dir='ltr'>τοιούτων,</span> <span class='ocrx_word' id='word_1_13' title='bbox 1084 409 1200 469; x_wconf 66' lang='grc' dir='ltr'>οὐδ’</span> <span class='ocrx_word' id='word_1_14' title='bbox 1256 411 1527 488; x_wconf 83' lang='grc' dir='ltr'>ἀνθρώπου</span> <span class='ocrx_word' id='word_1_15' title='bbox 1582 412 1629 488; x_wconf 84' lang='grc' dir='ltr'>γ’</span> 
     </span>
    </p>
   </div>
   <div class='ocr_carea' id='block_1_5' title="bbox 1818 409 3389 499">
    <p class='ocr_par' dir='ltr' id='par_1_5' title="bbox 1818 416 3389 499">
     <span class='ocr_line' id='line_1_5' title="bbox 1818 416 3389 499; baseline 0.012 -26"><span class='ocrx_word' id='word_1_16' title='bbox 1818 416 1969 474; x_wconf 86' lang='lat' dir='ltr'><strong>Nihil</strong></span> <span class='ocrx_word' id='word_1_17' title='bbox 1996 437 2139 479; x_wconf 82' lang='lat' dir='ltr'>vero</span> <span class='ocrx_word' id='word_1_18' title='bbox 2183 424 2296 481; x_wconf 87' lang='lat' dir='ltr'>tale</span> <span class='ocrx_word' id='word_1_19' title='bbox 2346 440 2508 482; x_wconf 67' lang='lat' dir='ltr'>cura:</span> <span class='ocrx_word' id='word_1_20' title='bbox 2533 429 2624 483; x_wconf 89' lang='lat' dir='ltr'>est</span> <span class='ocrx_word' id='word_1_21' title='bbox 2650 427 2793 496; x_wconf 88' lang='lat' dir='ltr'>Deo,</span> <span class='ocrx_word' id='word_1_22' title='bbox 2845 426 3112 487; x_wconf 80' lang='lat' dir='ltr'>hominis</span> <span class='ocrx_word' id='word_1_23' title='bbox 3157 445 3389 499; x_wconf 84' lang='lat' dir='ltr'>causa;</span> 
     </span>
    </p>
   </div>
   <div class='ocr_carea' id='block_1_6' title="bbox 39 496 1629 575">
    <p class='ocr_par' dir='ltr' id='par_1_6' title="bbox 39 496 1629 575">
     <span class='ocr_line' id='line_1_6' title="bbox 39 496 1629 575; baseline 0.001 -23"><span class='ocrx_word' id='word_1_24' title='bbox 39 500 221 569; x_wconf 72' lang='grc' dir='ltr'>εἳνεκα,</span> <span class='ocrx_word' id='word_1_25' title='bbox 254 510 328 575; x_wconf 83' lang='grc' dir='ltr'>τῷ</span> <span class='ocrx_word' id='word_1_26' title='bbox 358 509 472 572; x_wconf 85' lang='grc' dir='ltr'>Θεῷ</span> <span class='ocrx_word' id='word_1_27' title='bbox 504 523 516 535; x_wconf 88' lang='grc'>·</span> <span class='ocrx_word' id='word_1_28' title='bbox 550 509 649 553; x_wconf 81' lang='grc' dir='ltr'>τῶν</span> <span class='ocrx_word' id='word_1_29' title='bbox 682 496 732 553; x_wconf 75' lang='grc' dir='ltr'>δ’</span> <span class='ocrx_word' id='word_1_30' title='bbox 783 499 1077 572; x_wconf 77' lang='grc' dir='ltr'>ἀναγκαίων</span> <span class='ocrx_word' id='word_1_31' title='bbox 1124 509 1232 563; x_wconf 84' lang='grc' dir='ltr'>τοῖς</span> <span class='ocrx_word' id='word_1_32' title='bbox 1287 505 1418 567; x_wconf 84' lang='grc' dir='ltr'>ζῶσι</span> <span class='ocrx_word' id='word_1_33' title='bbox 1470 502 1629 575; x_wconf 80' lang='grc' dir='ltr'>μέλει,</span> 
     </span>
    </p>
   </div>
   <div class='ocr_carea' id='block_1_7' title="bbox 40 586 1635 669">
    <p class='ocr_par' dir='ltr' id='par_1_7' title="bbox 40 586 1635 669">
     <span class='ocr_line' id='line_1_7' title="bbox 40 586 1635 669; baseline 0.001 -27"><span class='ocrx_word' id='word_1_34' title='bbox 40 589 228 669; x_wconf 72' lang='grc' dir='ltr'>ἄρτου,</span> <span class='ocrx_word' id='word_1_35' title='bbox 266 595 422 667; x_wconf 75' lang='grc' dir='ltr'>φημὶ³</span> <span class='ocrx_word' id='word_1_36' title='bbox 451 594 543 647; x_wconf 83' lang='grc' dir='ltr'>καὶ</span> <span class='ocrx_word' id='word_1_37' title='bbox 573 586 768 651; x_wconf 78' lang='grc' dir='ltr'>ὕδατος</span> <span class='ocrx_word' id='word_1_38' title='bbox 793 611 806 623; x_wconf 81' lang='lat'><strong>-</strong></span> <span class='ocrx_word' id='word_1_39' title='bbox 836 595 926 643; x_wconf 80' lang='grc' dir='ltr'>καὶ</span> <span class='ocrx_word' id='word_1_40' title='bbox 983 586 1077 644; x_wconf 81' lang='grc' dir='ltr'>διὰ</span> <span class='ocrx_word' id='word_1_41' title='bbox 1125 598 1275 644; x_wconf 75' lang='grc' dir='ltr'>τοῦτο</span> <span class='ocrx_word' id='word_1_42' title='bbox 1322 595 1412 643; x_wconf 86' lang='grc' dir='ltr'>καὶ</span> <span class='ocrx_word' id='word_1_43' title='bbox 1440 593 1498 642; x_wconf 90' lang='grc' dir='ltr'><strong>τό</strong></span> <span class='ocrx_word' id='word_1_44' title='bbox 1545 592 1635 663; x_wconf 66' lang='grc' dir='ltr'>μὲν</span> 
     </span>
    </p>
   </div>
   <div class='ocr_carea' id='block_1_8' title="bbox 39 674 1636 755">
    <p class='ocr_par' dir='ltr' id='par_1_8' title="bbox 39 674 1636 755">
     <span class='ocr_line' id='line_1_8' title="bbox 39 674 1636 755; baseline -0.003 -24"><span class='ocrx_word' id='word_1_45' title='bbox 39 682 159 752; x_wconf 66' lang='grc' dir='ltr'>ἡμῖν</span> <span class='ocrx_word' id='word_1_46' title='bbox 189 679 379 733; x_wconf 72' lang='grc' dir='ltr'>ἄπονον</span> <span class='ocrx_word' id='word_1_47' title='bbox 417 678 528 755; x_wconf 83' lang='grc' dir='ltr'>ἃμα</span> <span class='ocrx_word' id='word_1_48' title='bbox 572 684 662 731; x_wconf 84' lang='grc' dir='ltr'>καὶ</span> <span class='ocrx_word' id='word_1_49' title='bbox 719 678 936 752; x_wconf 72' lang='grc' dir='ltr'>ἄφθονον</span> <span class='ocrx_word' id='word_1_50' title='bbox 994 699 1008 713; x_wconf 92' lang='grc'><strong>·</strong></span> <span class='ocrx_word' id='word_1_51' title='bbox 1060 677 1214 752; x_wconf 83' lang='grc' dir='ltr'>ἆρτον</span> <span class='ocrx_word' id='word_1_52' title='bbox 1263 674 1314 730; x_wconf 79' lang='grc' dir='ltr'>δ’</span> <span class='ocrx_word' id='word_1_53' title='bbox 1349 677 1538 731; x_wconf 80' lang='grc' dir='ltr'>ἐσθίειν</span> <span class='ocrx_word' id='word_1_54' title='bbox 1588 674 1636 727; x_wconf 81' lang='grc' dir='ltr'>ἐν</span> 
     </span>
    </p>
   </div>
   <div class='ocr_carea' id='block_1_9' title="bbox 39 764 1636 843">
    <p class='ocr_par' dir='ltr' id='par_1_9' title="bbox 39 764 1636 843">
     <span class='ocr_line' id='line_1_9' title="bbox 39 764 1636 843; baseline -0.002 -24"><span class='ocrx_word' id='word_1_55' title='bbox 39 765 247 842; x_wconf 74' lang='grc' dir='ltr'>ἱδρῶτι,</span> <span class='ocrx_word' id='word_1_56' title='bbox 313 767 506 821; x_wconf 82' lang='grc' dir='ltr'>ἐκείνου</span> <span class='ocrx_word' id='word_1_57' title='bbox 573 772 891 843; x_wconf 71' lang='grc' dir='ltr'>πρόσταγμα</span> <span class='ocrx_word' id='word_1_58' title='bbox 940 768 1038 840; x_wconf 74' lang='grc'>(1),</span> <span class='ocrx_word' id='word_1_59' title='bbox 1115 764 1209 820; x_wconf 74' lang='grc' dir='ltr'>διὰ</span> <span class='ocrx_word' id='word_1_60' title='bbox 1284 770 1372 819; x_wconf 85' lang='grc' dir='ltr'>τόν</span> <span class='ocrx_word' id='word_1_61' title='bbox 1438 769 1636 840; x_wconf 83' lang='grc' dir='ltr'>καρπὸν</span> 
     </span>
    </p>
   </div>
   <div class='ocr_carea' id='block_1_10' title="bbox 39 854 1635 943">
    <p class='ocr_par' dir='ltr' id='par_1_10' title="bbox 39 854 1635 943">
     <span class='ocr_line' id='line_1_10' title="bbox 39 854 1635 943; baseline -0.003 -32"><span class='ocrx_word' id='word_1_62' title='bbox 39 860 260 924; x_wconf 80' lang='grc' dir='ltr'>πάντως,</span> <span class='ocrx_word' id='word_1_63' title='bbox 295 854 352 909; x_wconf 77' lang='grc' dir='ltr'>οὗ</span> <span class='ocrx_word' id='word_1_64' title='bbox 390 866 480 909; x_wconf 68' lang='grc' dir='ltr'>τοῦ</span> <span class='ocrx_word' id='word_1_65' title='bbox 502 857 661 910; x_wconf 72' lang='grc' dir='ltr'>καλοῦ</span> <span class='ocrx_word' id='word_1_66' title='bbox 718 859 815 928; x_wconf 78' lang='lat'>(2),</span> <span class='ocrx_word' id='word_1_67' title='bbox 864 865 960 918; x_wconf 78' lang='grc' dir='ltr'>τῆς</span> <span class='ocrx_word' id='word_1_68' title='bbox 1010 859 1149 943; x_wconf 56' lang='grc' dir='ltr'>ὧρας</span> <span class='ocrx_word' id='word_1_69' title='bbox 1202 861 1292 909; x_wconf 80' lang='grc' dir='ltr'>καὶ</span> <span class='ocrx_word' id='word_1_70' title='bbox 1341 865 1432 916; x_wconf 82' lang='grc' dir='ltr'>τῆς</span> <span class='ocrx_word' id='word_1_71' title='bbox 1489 854 1635 929; x_wconf 81' lang='grc' dir='ltr'>βρώ-</span> 
     </span>
    </p>
   </div>
   <div class='ocr_carea' id='block_1_11' title="bbox 39 943 1637 1018">
    <p class='ocr_par' dir='ltr' id='par_1_11' title="bbox 39 943 1637 1018">
     <span class='ocr_line' id='line_1_11' title="bbox 39 943 1637 1018; baseline -0.003 -19"><span class='ocrx_word' id='word_1_72' title='bbox 39 967 171 1009; x_wconf 85' lang='grc' dir='ltr'>σεως</span> <span class='ocrx_word' id='word_1_73' title='bbox 224 948 523 1007; x_wconf 76' lang='grc' dir='ltr'>ἡττηθέντες</span> <span class='ocrx_word' id='word_1_74' title='bbox 595 951 685 999; x_wconf 84' lang='grc' dir='ltr'>καὶ</span> <span class='ocrx_word' id='word_1_75' title='bbox 764 954 863 998; x_wconf 85' lang='grc' dir='ltr'>τῶν</span> <span class='ocrx_word' id='word_1_76' title='bbox 939 945 1303 1018; x_wconf 76' lang='grc' dir='ltr'>ἐντεταλμένων</span> <span class='ocrx_word' id='word_1_77' title='bbox 1368 943 1637 1018; x_wconf 70' lang='grc' dir='ltr'>ὠλιγωρηα-</span> 
     </span>
    </p>
   </div>
   <div class='ocr_carea' id='block_1_12' title="bbox 39 1040 568 1113">
    <p class='ocr_par' dir='ltr' id='par_1_12' title="bbox 39 1040 568 1113">
     <span class='ocr_line' id='line_1_12' title="bbox 39 1040 568 1113; baseline 0 -24"><span class='ocrx_word' id='word_1_78' title='bbox 39 1042 200 1103; x_wconf 82' lang='grc' dir='ltr'>ιιότες,</span> <span class='ocrx_word' id='word_1_79' title='bbox 227 1040 568 1113; x_wconf 77' lang='grc' dir='ltr'>μετέσχομεν.</span> 
     </span>
    </p>
   </div>
   <div class='ocr_carea' id='block_1_13' title="bbox 107 1121 1637 1198">
    <p class='ocr_par' dir='ltr' id='par_1_13' title="bbox 107 1121 1637 1198">
     <span class='ocr_line' id='line_1_13' title="bbox 107 1121 1637 1198; baseline -0.003 -21"><span class='ocrx_word' id='word_1_80' title='bbox 107 1126 190 1177; x_wconf 68' lang='grc' dir='ltr'>Οὐ</span> <span class='ocrx_word' id='word_1_81' title='bbox 239 1130 343 1198; x_wconf 75' lang='grc' dir='ltr'>μὴν</span> <span class='ocrx_word' id='word_1_82' title='bbox 400 1124 530 1177; x_wconf 77' lang='grc' dir='ltr'>ἀλλὰ</span> <span class='ocrx_word' id='word_1_83' title='bbox 574 1132 754 1179; x_wconf 83' lang='grc' dir='ltr'>τοῦτον</span> <span class='ocrx_word' id='word_1_84' title='bbox 803 1121 869 1182; x_wconf 77' lang='grc' dir='ltr'>δή</span> <span class='ocrx_word' id='word_1_85' title='bbox 924 1127 1009 1177; x_wconf 87' lang='grc' dir='ltr'>τὸν</span> <span class='ocrx_word' id='word_1_86' title='bbox 1054 1128 1241 1196; x_wconf 80' lang='grc' dir='ltr'>τρόπον</span> <span class='ocrx_word' id='word_1_87' title='bbox 1297 1126 1483 1177; x_wconf 79' lang='grc' dir='ltr'>τούτου</span> <span class='ocrx_word' id='word_1_88' title='bbox 1547 1127 1637 1174; x_wconf 82' lang='grc' dir='ltr'>καὶ</span> 
     </span>
    </p>
   </div>
   <div class='ocr_carea' id='block_1_14' title="bbox 39 1210 1636 1287">
    <p class='ocr_par' dir='ltr' id='par_1_14' title="bbox 39 1210 1636 1287">
     <span class='ocr_line' id='line_1_14' title="bbox 39 1210 1636 1287; baseline -0.003 -21"><span class='ocrx_word' id='word_1_89' title='bbox 39 1211 319 1276; x_wconf 66' lang='grc' dir='ltr'>δοκοῦντος</span> <span class='ocrx_word' id='word_1_90' title='bbox 369 1210 524 1266; x_wconf 83' lang='grc' dir='ltr'>πλείω</span> <span class='ocrx_word' id='word_1_91' title='bbox 578 1217 668 1265; x_wconf 85' lang='grc' dir='ltr'>καὶ</span> <span class='ocrx_word' id='word_1_92' title='bbox 718 1212 907 1287; x_wconf 78' lang='grc' dir='ltr'>ἀμείνω</span> <span class='ocrx_word' id='word_1_93' title='bbox 981 1211 1132 1284; x_wconf 81' lang='grc' dir='ltr'>λόγον</span> <span class='ocrx_word' id='word_1_94' title='bbox 1216 1214 1379 1283; x_wconf 75' lang='grc' dir='ltr'>ἔχειν,</span> <span class='ocrx_word' id='word_1_95' title='bbox 1464 1210 1636 1269; x_wconf 77' lang='grc' dir='ltr'>πλεῖον</span> 
     </span>
    </p>
   </div>
   <div class='ocr_carea' id='block_1_15' title="bbox 39 1298 1632 1379">
    <p class='ocr_par' dir='ltr' id='par_1_15' title="bbox 39 1298 1632 1379">
     <span class='ocr_line' id='line_1_15' title="bbox 39 1298 1632 1379; baseline -0.003 -24"><span class='ocrx_word' id='word_1_96' title='bbox 39 1306 177 1379; x_wconf 76' lang='grc' dir='ltr'>ἔχειν</span> <span class='ocrx_word' id='word_1_97' title='bbox 202 1308 292 1356; x_wconf 77' lang='grc' dir='ltr'>καὶ</span> <span class='ocrx_word' id='word_1_98' title='bbox 312 1298 599 1377; x_wconf 75' lang='grc' dir='ltr'>παίδευμα,</span> <span class='ocrx_word' id='word_1_99' title='bbox 660 1305 996 1376; x_wconf 75' lang='grc' dir='ltr'>σωφροσύνης</span> <span class='ocrx_word' id='word_1_100' title='bbox 1042 1302 1213 1354; x_wconf 82' lang='grc' dir='ltr'>εῖνεκα</span> <span class='ocrx_word' id='word_1_101' title='bbox 1272 1305 1362 1352; x_wconf 85' lang='grc' dir='ltr'>καὶ</span> <span class='ocrx_word' id='word_1_102' title='bbox 1417 1307 1509 1352; x_wconf 81' lang='grc' dir='ltr'>τοῦ</span> <span class='ocrx_word' id='word_1_103' title='bbox 1560 1302 1632 1372; x_wconf 84' lang='grc' dir='ltr'>μὴ</span> 
     </span>
    </p>
   </div>
   <div class='ocr_carea' id='block_1_16' title="bbox 39 1386 1635 1467">
    <p class='ocr_par' dir='ltr' id='par_1_16' title="bbox 39 1386 1635 1467">
     <span class='ocr_line' id='line_1_16' title="bbox 39 1386 1635 1467; baseline -0.003 -23"><span class='ocrx_word' id='word_1_104' title='bbox 39 1393 271 1467; x_wconf 66' lang='grc' dir='ltr'>ἂσέμνως</span> <span class='ocrx_word' id='word_1_105' title='bbox 324 1398 413 1445; x_wconf 77' lang='grc' dir='ltr'>καὶ</span> <span class='ocrx_word' id='word_1_106' title='bbox 470 1392 683 1455; x_wconf 81' lang='grc' dir='ltr'>ἀσῶτως</span> <span class='ocrx_word' id='word_1_107' title='bbox 742 1390 915 1459; x_wconf 81' lang='grc' dir='ltr'>βιοῦν,</span> <span class='ocrx_word' id='word_1_108' title='bbox 973 1398 1066 1443; x_wconf 80' lang='grc' dir='ltr'>τοῦ</span> <span class='ocrx_word' id='word_1_109' title='bbox 1117 1410 1173 1462; x_wconf 88' lang='grc' dir='ltr'>γε</span> <span class='ocrx_word' id='word_1_110' title='bbox 1227 1386 1470 1448; x_wconf 76' lang='grc' dir='ltr'>δηλονότι</span> <span class='ocrx_word' id='word_1_111' title='bbox 1548 1391 1635 1440; x_wconf 87' lang='grc' dir='ltr'>τόν</span> 
     </span>
    </p>
   </div>
   <div class='ocr_carea' id='block_1_17' title="bbox 39 1474 1637 1556">
    <p class='ocr_par' dir='ltr' id='par_1_17' title="bbox 39 1474 1637 1556">
     <span class='ocr_line' id='line_1_17' title="bbox 39 1474 1637 1556; baseline -0.003 -22"><span class='ocrx_word' id='word_1_112' title='bbox 39 1482 170 1535; x_wconf 76' lang='grc' dir='ltr'>οἶνον</span> <span class='ocrx_word' id='word_1_113' title='bbox 201 1480 345 1556; x_wconf 68' lang='grc' dir='ltr'>ὕδωρ</span> <span class='ocrx_word' id='word_1_114' title='bbox 376 1483 687 1553; x_wconf 84' lang='grc' dir='ltr'>γεγενῆσθαι</span> <span class='ocrx_word' id='word_1_115' title='bbox 725 1480 755 1539; x_wconf 77' lang='grc' dir='ltr'><strong>ἣ</strong></span> <span class='ocrx_word' id='word_1_116' title='bbox 802 1486 859 1533; x_wconf 90' lang='grc' dir='ltr'>τό</span> <span class='ocrx_word' id='word_1_117' title='bbox 911 1476 1056 1555; x_wconf 76' lang='grc' dir='ltr'>ὕδωρ</span> <span class='ocrx_word' id='word_1_118' title='bbox 1112 1478 1182 1539; x_wconf 82' lang='grc' dir='ltr'>εἰς</span> <span class='ocrx_word' id='word_1_119' title='bbox 1226 1474 1360 1531; x_wconf 84' lang='grc' dir='ltr'>οἶνον</span> <span class='ocrx_word' id='word_1_120' title='bbox 1412 1476 1637 1551; x_wconf 78' lang='grc' dir='ltr'>μεταϐα-</span> 
     </span>
    </p>
   </div>
   <div class='ocr_carea' id='block_1_18' title="bbox 39 1562 1635 1645">
    <p class='ocr_par' dir='ltr' id='par_1_18' title="bbox 39 1562 1635 1645">
     <span class='ocr_line' id='line_1_18' title="bbox 39 1562 1635 1645; baseline -0.001 -24"><span class='ocrx_word' id='word_1_121' title='bbox 39 1575 156 1638; x_wconf 78' lang='grc' dir='ltr'>λεῖν,</span> <span class='ocrx_word' id='word_1_122' title='bbox 205 1576 258 1623; x_wconf 86' lang='grc' dir='ltr'>τί</span> <span class='ocrx_word' id='word_1_123' title='bbox 309 1573 388 1624; x_wconf 83' lang='grc' dir='ltr'>ὅτι</span> <span class='ocrx_word' id='word_1_124' title='bbox 429 1572 511 1643; x_wconf 84' lang='grc'>(3)</span> <span class='ocrx_word' id='word_1_125' title='bbox 570 1575 643 1645; x_wconf 81' lang='grc' dir='ltr'>μὴ</span> <span class='ocrx_word' id='word_1_126' title='bbox 693 1574 753 1623; x_wconf 88' lang='grc' dir='ltr'>τὸ</span> <span class='ocrx_word' id='word_1_127' title='bbox 813 1578 1018 1644; x_wconf 82' lang='grc' dir='ltr'>πρῶτον</span> <span class='ocrx_word' id='word_1_128' title='bbox 1070 1574 1160 1621; x_wconf 80' lang='grc' dir='ltr'>καὶ</span> <span class='ocrx_word' id='word_1_129' title='bbox 1217 1567 1443 1642; x_wconf 75' lang='grc' dir='ltr'>ἄμεινον,</span> <span class='ocrx_word' id='word_1_130' title='bbox 1503 1562 1635 1640; x_wconf 76' lang='grc' dir='ltr'>μηδ’</span> 
     </span>
    </p>
   </div>
   <div class='ocr_carea' id='block_1_19' title="bbox 39 1651 1634 1733">
    <p class='ocr_par' dir='ltr' id='par_1_19' title="bbox 39 1651 1634 1733">
     <span class='ocr_line' id='line_1_19' title="bbox 39 1651 1634 1733; baseline -0.004 -20"><span class='ocrx_word' id='word_1_131' title='bbox 39 1661 205 1733; x_wconf 74' lang='grc' dir='ltr'>ἕτερον</span> <span class='ocrx_word' id='word_1_132' title='bbox 229 1656 552 1724; x_wconf 55' lang='grc' dir='ltr'>ῖσως,ἐπὶὸ”ε</span> <span class='ocrx_word' id='word_1_133' title='bbox 608 1667 699 1712; x_wconf 81' lang='grc' dir='ltr'>τοῦ</span> <span class='ocrx_word' id='word_1_134' title='bbox 754 1656 996 1732; x_wconf 75' lang='grc' dir='ltr'>δευτέρου</span> <span class='ocrx_word' id='word_1_135' title='bbox 1043 1660 1100 1709; x_wconf 89' lang='lat'>1&#39;6</span> <span class='ocrx_word' id='word_1_136' title='bbox 1153 1659 1329 1729; x_wconf 81' lang='grc' dir='ltr'>θαῦμα</span> <span class='ocrx_word' id='word_1_137' title='bbox 1387 1659 1444 1708; x_wconf 90' lang='grc' dir='ltr'>τό</span> <span class='ocrx_word' id='word_1_138' title='bbox 1490 1651 1634 1732; x_wconf 77' lang='grc' dir='ltr'>ὓδωρ</span> 
     </span>
    </p>
   </div>
   <div class='ocr_carea' id='block_1_20' title="bbox 1741 509 3389 590">
    <p class='ocr_par' dir='ltr' id='par_1_20' title="bbox 1741 509 3389 590">
     <span class='ocr_line' id='line_1_20' title="bbox 1741 509 3389 590; baseline 0.012 -32"><span class='ocrx_word' id='word_1_139' title='bbox 1741 509 2217 573; x_wconf 87' lang='lat' dir='ltr'>necessariorum</span> <span class='ocrx_word' id='word_1_140' title='bbox 2242 518 2444 575; x_wconf 73' lang='lat' dir='ltr'>autem</span> <span class='ocrx_word' id='word_1_141' title='bbox 2476 513 2592 588; x_wconf 82' lang='lat' dir='ltr'>ipsi</span> <span class='ocrx_word' id='word_1_142' title='bbox 2618 531 2766 575; x_wconf 85' lang='lat' dir='ltr'>cura</span> <span class='ocrx_word' id='word_1_143' title='bbox 2786 521 2879 577; x_wconf 86' lang='lat' dir='ltr'>est</span> <span class='ocrx_word' id='word_1_144' title='bbox 2897 532 3009 590; x_wconf 89' lang='lat' dir='ltr'>pro</span> <span class='ocrx_word' id='word_1_145' title='bbox 3033 517 3389 587; x_wconf 82' lang='lat' dir='ltr'>viventibus,</span> 
     </span>
    </p>
   </div>
   <div class='ocr_carea' id='block_1_21' title="bbox 1742 592 3393 679">
    <p class='ocr_par' dir='ltr' id='par_1_21' title="bbox 1742 592 3393 679">
     <span class='ocr_line' id='line_1_21' title="bbox 1742 592 3393 679; baseline 0.01 -33"><span class='ocrx_word' id='word_1_146' title='bbox 1742 592 1935 667; x_wconf 86' lang='lat' dir='ltr'>panis,</span> <span class='ocrx_word' id='word_1_147' title='bbox 1962 595 2236 669; x_wconf 78' lang='lat' dir='ltr'>inquam,</span> <span class='ocrx_word' id='word_1_148' title='bbox 2287 607 2345 657; x_wconf 89' lang='lat' dir='ltr'>et</span> <span class='ocrx_word' id='word_1_149' title='bbox 2369 617 2564 673; x_wconf 61' lang='lat' dir='ltr'>aquas.</span> <span class='ocrx_word' id='word_1_150' title='bbox 2599 605 2667 665; x_wconf 87' lang='lat' dir='ltr'>Et</span> <span class='ocrx_word' id='word_1_151' title='bbox 2726 602 2863 663; x_wconf 86' lang='lat' dir='ltr'>ideo</span> <span class='ocrx_word' id='word_1_152' title='bbox 2908 620 3099 665; x_wconf 84' lang='lat' dir='ltr'>unum</span> <span class='ocrx_word' id='word_1_153' title='bbox 3144 606 3393 679; x_wconf 83' lang='lat' dir='ltr'>quidem</span> 
     </span>
    </p>
   </div>
   <div class='ocr_carea' id='block_1_22' title="bbox 1742 681 3392 769">
    <p class='ocr_par' dir='ltr' id='par_1_22' title="bbox 1742 681 3392 769">
     <span class='ocr_line' id='line_1_22' title="bbox 1742 681 3392 769; baseline 0.009 -32"><span class='ocrx_word' id='word_1_154' title='bbox 1742 681 1918 739; x_wconf 90' lang='lat' dir='ltr'>nobis</span> <span class='ocrx_word' id='word_1_155' title='bbox 1968 687 2157 749; x_wconf 82' lang='lat' dir='ltr'>otium</span> <span class='ocrx_word' id='word_1_156' title='bbox 2212 690 2485 751; x_wconf 80' lang='lat' dir='ltr'>abundat</span> <span class='ocrx_word' id='word_1_157' title='bbox 2532 710 2547 761; x_wconf 91' lang='lat'><strong>;</strong></span> <span class='ocrx_word' id='word_1_158' title='bbox 2610 708 2829 769; x_wconf 87' lang='lat' dir='ltr'>panem</span> <span class='ocrx_word' id='word_1_159' title='bbox 2883 709 3028 751; x_wconf 91' lang='lat' dir='ltr'>vero</span> <span class='ocrx_word' id='word_1_160' title='bbox 3084 694 3142 750; x_wconf 87' lang='lat' dir='ltr'>in</span> <span class='ocrx_word' id='word_1_161' title='bbox 3173 696 3392 752; x_wconf 91' lang='lat' dir='ltr'>sudore</span> 
     </span>
    </p>
   </div>
   <div class='ocr_carea' id='block_1_23' title="bbox 1746 773 3393 855">
    <p class='ocr_par' dir='ltr' id='par_1_23' title="bbox 1746 773 3393 855">
     <span class='ocr_line' id='line_1_23' title="bbox 1746 773 3393 855; baseline 0.013 -29"><span class='ocrx_word' id='word_1_162' title='bbox 1746 773 2134 846; x_wconf 84' lang='lat' dir='ltr'>manducare,</span> <span class='ocrx_word' id='word_1_163' title='bbox 2184 779 2284 835; x_wconf 87' lang='lat' dir='ltr'>Dei</span> <span class='ocrx_word' id='word_1_164' title='bbox 2337 780 2689 837; x_wconf 87' lang='lat' dir='ltr'>mandatum</span> <span class='ocrx_word' id='word_1_165' title='bbox 2718 786 2826 845; x_wconf 88' lang='lat' dir='ltr'>est,</span> <span class='ocrx_word' id='word_1_166' title='bbox 2859 788 3103 855; x_wconf 86' lang='lat' dir='ltr'>propter</span> <span class='ocrx_word' id='word_1_167' title='bbox 3130 783 3393 847; x_wconf 83' lang='lat' dir='ltr'>fructum</span> 
     </span>
    </p>
   </div>
   <div class='ocr_carea' id='block_1_24' title="bbox 1745 861 3397 948">
    <p class='ocr_par' dir='ltr' id='par_1_24' title="bbox 1745 861 3397 948">
     <span class='ocr_line' id='line_1_24' title="bbox 1745 861 3397 948; baseline 0.008 -31"><span class='ocrx_word' id='word_1_168' title='bbox 1745 861 1912 919; x_wconf 88' lang='lat' dir='ltr'>illum</span> <span class='ocrx_word' id='word_1_169' title='bbox 1930 873 2270 941; x_wconf 88' lang='lat' dir='ltr'>venustum,</span> <span class='ocrx_word' id='word_1_170' title='bbox 2284 886 2467 942; x_wconf 87' lang='lat' dir='ltr'>quem</span> <span class='ocrx_word' id='word_1_171' title='bbox 2484 877 2798 927; x_wconf 76' lang='lat' dir='ltr'>venustate</span> <span class='ocrx_word' id='word_1_172' title='bbox 2829 888 2901 927; x_wconf 89' lang='lat' dir='ltr'>ac</span> <span class='ocrx_word' id='word_1_173' title='bbox 2925 872 3066 943; x_wconf 88' lang='lat' dir='ltr'>gula</span> <span class='ocrx_word' id='word_1_174' title='bbox 3083 873 3217 930; x_wconf 83' lang='lat' dir='ltr'>victi</span> <span class='ocrx_word' id='word_1_175' title='bbox 3242 878 3397 948; x_wconf 53' lang='lat' dir='ltr'>praei,</span> 
     </span>
    </p>
   </div>
   <div class='ocr_carea' id='block_1_25' title="bbox 1746 958 3005 1030">
    <p class='ocr_par' dir='ltr' id='par_1_25' title="bbox 1746 958 3005 1030">
     <span class='ocr_line' id='line_1_25' title="bbox 1746 958 3005 1030; baseline 0.009 -24"><span class='ocrx_word' id='word_1_176' title='bbox 1746 958 2173 1028; x_wconf 88' lang='lat' dir='ltr'>ceptorumque</span> <span class='ocrx_word' id='word_1_177' title='bbox 2216 958 2582 1030; x_wconf 81' lang='lat' dir='ltr'>negligentes</span> <span class='ocrx_word' id='word_1_178' title='bbox 2611 961 3005 1017; x_wconf 87' lang='lat' dir='ltr'>comedimus.</span> 
     </span>
    </p>
   </div>
   <div class='ocr_carea' id='block_1_26' title="bbox 1816 1134 3396 1201">
    <p class='ocr_par' dir='ltr' id='par_1_26' title="bbox 1816 1134 3396 1201">
     <span class='ocr_line' id='line_1_26' title="bbox 1816 1134 3396 1201; baseline 0.009 -16"><span class='ocrx_word' id='word_1_179' title='bbox 1816 1134 2090 1190; x_wconf 88' lang='lat' dir='ltr'>Attamen</span> <span class='ocrx_word' id='word_1_180' title='bbox 2131 1134 2247 1193; x_wconf 90' lang='lat' dir='ltr'>hoc</span> <span class='ocrx_word' id='word_1_181' title='bbox 2296 1137 2483 1195; x_wconf 89' lang='lat' dir='ltr'>modo</span> <span class='ocrx_word' id='word_1_182' title='bbox 2513 1154 2652 1197; x_wconf 87' lang='lat' dir='ltr'>cum</span> <span class='ocrx_word' id='word_1_183' title='bbox 2671 1138 2736 1194; x_wconf 86' lang='lat' dir='ltr'>id</span> <span class='ocrx_word' id='word_1_184' title='bbox 2763 1138 3073 1201; x_wconf 84' lang='lat' dir='ltr'>meliorem</span> <span class='ocrx_word' id='word_1_185' title='bbox 3123 1141 3396 1199; x_wconf 86' lang='lat' dir='ltr'>videatur</span> 
     </span>
    </p>
   </div>
   <div class='ocr_carea' id='block_1_27' title="bbox 1744 1219 3395 1301">
    <p class='ocr_par' dir='ltr' id='par_1_27' title="bbox 1744 1219 3395 1301">
     <span class='ocr_line' id='line_1_27' title="bbox 1744 1219 3395 1301; baseline 0.009 -27"><span class='ocrx_word' id='word_1_186' title='bbox 1744 1219 2159 1295; x_wconf 87' lang='lat' dir='ltr'>majoremque</span> <span class='ocrx_word' id='word_1_187' title='bbox 2183 1225 2478 1285; x_wconf 85' lang='lat' dir='ltr'>rationem</span> <span class='ocrx_word' id='word_1_188' title='bbox 2528 1226 2769 1297; x_wconf 86' lang='lat' dir='ltr'>habere,</span> <span class='ocrx_word' id='word_1_189' title='bbox 2810 1227 3065 1301; x_wconf 88' lang='lat' dir='ltr'>plusque</span> <span class='ocrx_word' id='word_1_190' title='bbox 3091 1232 3395 1297; x_wconf 81' lang='lat' dir='ltr'>continere</span> 
     </span>
    </p>
   </div>
   <div class='ocr_carea' id='block_1_28' title="bbox 1744 1305 3393 1389">
    <p class='ocr_par' dir='ltr' id='par_1_28' title="bbox 1744 1305 3393 1389">
     <span class='ocr_line' id='line_1_28' title="bbox 1744 1305 3393 1389; baseline 0.013 -28"><span class='ocrx_word' id='word_1_191' title='bbox 1744 1305 2026 1365; x_wconf 76' lang='lat' dir='ltr'>doctrinae</span> <span class='ocrx_word' id='word_1_192' title='bbox 2055 1318 2297 1384; x_wconf 79' lang='lat' dir='ltr'>propter</span> <span class='ocrx_word' id='word_1_193' title='bbox 2348 1315 2704 1388; x_wconf 80' lang='lat' dir='ltr'>sapientiam</span> <span class='ocrx_word' id='word_1_194' title='bbox 2755 1331 2826 1377; x_wconf 86' lang='lat' dir='ltr'>ac</span> <span class='ocrx_word' id='word_1_195' title='bbox 2881 1318 3065 1379; x_wconf 83' lang='lat' dir='ltr'>vitam</span> <span class='ocrx_word' id='word_1_196' title='bbox 3095 1317 3393 1389; x_wconf 79' lang='lat' dir='ltr'>frugaleln</span> 
     </span>
    </p>
   </div>
   <div class='ocr_carea' id='block_1_29' title="bbox 1744 1397 3395 1474">
    <p class='ocr_par' dir='ltr' id='par_1_29' title="bbox 1744 1397 3395 1474">
     <span class='ocr_line' id='line_1_29' title="bbox 1744 1397 3395 1474; baseline 0.008 -25"><span class='ocrx_word' id='word_1_197' title='bbox 1744 1397 2430 1473; x_wconf 86' lang='lat' dir='ltr'>continentemque,nem</span> <span class='ocrx_word' id='word_1_198' title='bbox 2440 1419 2512 1474; x_wconf 91' lang='lat' dir='ltr'>pe</span> <span class='ocrx_word' id='word_1_199' title='bbox 2525 1420 2595 1458; x_wconf 91' lang='lat' dir='ltr'>cu</span> <span class='ocrx_word' id='word_1_200' title='bbox 2606 1419 2659 1458; x_wconf 92' lang='lat' dir='ltr'>m</span> <span class='ocrx_word' id='word_1_201' title='bbox 2682 1404 2891 1460; x_wconf 90' lang='lat' dir='ltr'>melius</span> <span class='ocrx_word' id='word_1_202' title='bbox 2905 1405 3174 1461; x_wconf 88' lang='lat' dir='ltr'>videatur</span> <span class='ocrx_word' id='word_1_203' title='bbox 3187 1407 3395 1463; x_wconf 91' lang='lat' dir='ltr'>vinum</span> 
     </span>
    </p>
   </div>
   <div class='ocr_carea' id='block_1_30' title="bbox 1743 1483 3396 1567">
    <p class='ocr_par' dir='ltr' id='par_1_30' title="bbox 1743 1483 3396 1567">
     <span class='ocr_line' id='line_1_30' title="bbox 1743 1483 3396 1567; baseline 0.009 -28"><span class='ocrx_word' id='word_1_204' title='bbox 1743 1483 1805 1539; x_wconf 90' lang='lat' dir='ltr'>in</span> <span class='ocrx_word' id='word_1_205' title='bbox 1826 1500 2049 1557; x_wconf 87' lang='lat' dir='ltr'>aquam</span> <span class='ocrx_word' id='word_1_206' title='bbox 2081 1491 2230 1545; x_wconf 85' lang='lat' dir='ltr'>verti</span> <span class='ocrx_word' id='word_1_207' title='bbox 2259 1507 2445 1563; x_wconf 91' lang='lat' dir='ltr'>quam</span> <span class='ocrx_word' id='word_1_208' title='bbox 2494 1508 2720 1564; x_wconf 90' lang='lat' dir='ltr'>aquam</span> <span class='ocrx_word' id='word_1_209' title='bbox 2758 1492 2819 1548; x_wconf 91' lang='lat' dir='ltr'>in</span> <span class='ocrx_word' id='word_1_210' title='bbox 2851 1494 3058 1550; x_wconf 83' lang='lat' dir='ltr'>vinum</span> <span class='ocrx_word' id='word_1_211' title='bbox 3093 1510 3106 1560; x_wconf 92' lang='lat'><strong>;</strong></span> <span class='ocrx_word' id='word_1_212' title='bbox 3134 1495 3281 1567; x_wconf 90' lang='lat' dir='ltr'>quid</span> <span class='ocrx_word' id='word_1_213' title='bbox 3306 1503 3396 1554; x_wconf 90' lang='lat' dir='ltr'>est</span> 
     </span>
    </p>
   </div>
   <div class='ocr_carea' id='block_1_31' title="bbox 1744 1575 3393 1653">
    <p class='ocr_par' dir='ltr' id='par_1_31' title="bbox 1744 1575 3393 1653">
     <span class='ocr_line' id='line_1_31' title="bbox 1744 1575 3393 1653; baseline 0.007 -25"><span class='ocrx_word' id='word_1_214' title='bbox 1744 1575 1910 1636; x_wconf 83' lang='lat' dir='ltr'>quod</span> <span class='ocrx_word' id='word_1_215' title='bbox 1935 1592 2055 1637; x_wconf 85' lang='lat' dir='ltr'>non</span> <span class='ocrx_word' id='word_1_216' title='bbox 2078 1578 2244 1653; x_wconf 88' lang='lat' dir='ltr'>prius</span> <span class='ocrx_word' id='word_1_217' title='bbox 2269 1596 2338 1639; x_wconf 89' lang='lat' dir='ltr'>ac</span> <span class='ocrx_word' id='word_1_218' title='bbox 2358 1580 2570 1637; x_wconf 91' lang='lat' dir='ltr'>melius</span> <span class='ocrx_word' id='word_1_219' title='bbox 2599 1586 2702 1641; x_wconf 85' lang='lat' dir='ltr'>aut</span> <span class='ocrx_word' id='word_1_220' title='bbox 2720 1587 3020 1647; x_wconf 83' lang='lat' dir='ltr'>neutrum,</span> <span class='ocrx_word' id='word_1_221' title='bbox 3054 1584 3159 1641; x_wconf 88' lang='lat' dir='ltr'>sed</span> <span class='ocrx_word' id='word_1_222' title='bbox 3185 1599 3393 1643; x_wconf 86' lang='lat' dir='ltr'>secun-</span> 
     </span>
    </p>
   </div>
   <div class='ocr_carea' id='block_1_32' title="bbox 1745 1662 3384 1744">
    <p class='ocr_par' dir='ltr' id='par_1_32' title="bbox 1745 1662 3384 1744">
     <span class='ocr_line' id='line_1_32' title="bbox 1745 1662 3384 1744; baseline 0.004 -21"><span class='ocrx_word' id='word_1_223' title='bbox 1745 1662 2137 1738; x_wconf 85' lang='lat' dir='ltr'>dum.nempe</span> <span class='ocrx_word' id='word_1_224' title='bbox 2161 1683 2387 1740; x_wconf 86' lang='lat' dir='ltr'>aquam</span> <span class='ocrx_word' id='word_1_225' title='bbox 2414 1669 2779 1731; x_wconf 84' lang='lat' dir='ltr'>miraculum</span> <span class='ocrx_word' id='word_1_226' title='bbox 2807 1672 3178 1744; x_wconf 80' lang='lat' dir='ltr'>converterit,</span> <span class='ocrx_word' id='word_1_227' title='bbox 3207 1672 3384 1738; x_wconf 88' lang='lat' dir='ltr'>bene,</span> 
     </span>
    </p>
   </div>
   <div class='ocr_carea' id='block_1_33' title="bbox 39 1741 1636 1833">
    <p class='ocr_par' dir='ltr' id='par_1_33' title="bbox 39 1741 1631 1827">
     <span class='ocr_line' id='line_1_33' title="bbox 39 1741 1631 1827; baseline -0.001 -27"><span class='ocrx_word' id='word_1_228' title='bbox 39 1751 150 1801; x_wconf 78' lang='grc' dir='ltr'>ἔστι</span> <span class='ocrx_word' id='word_1_229' title='bbox 186 1755 521 1827; x_wconf 84' lang='grc' dir='ltr'>μεταποιοῦν,</span> <span class='ocrx_word' id='word_1_230' title='bbox 548 1753 638 1801; x_wconf 72' lang='grc' dir='ltr'>καὶ</span> <span class='ocrx_word' id='word_1_231' title='bbox 668 1755 721 1801; x_wconf 77' lang='grc' dir='ltr'>εὐ</span> <span class='ocrx_word' id='word_1_232' title='bbox 752 1751 841 1800; x_wconf 83' lang='grc' dir='ltr'>καὶ</span> <span class='ocrx_word' id='word_1_233' title='bbox 879 1746 1064 1808; x_wconf 87' lang='grc' dir='ltr'>καλῶς,</span> <span class='ocrx_word' id='word_1_234' title='bbox 1116 1747 1255 1798; x_wconf 84' lang='grc' dir='ltr'>καθὰ</span> <span class='ocrx_word' id='word_1_235' title='bbox 1315 1741 1382 1804; x_wconf 80' lang='grc' dir='ltr'>δη</span> <span class='ocrx_word' id='word_1_236' title='bbox 1428 1749 1518 1798; x_wconf 82' lang='grc' dir='ltr'>καὶ</span> <span class='ocrx_word' id='word_1_237' title='bbox 1583 1742 1631 1799; x_wconf 86' lang='grc' dir='ltr'>ἐν</span> 
     </span>
    </p>
   </div>
   <div class='ocr_carea' id='block_1_34' title="bbox 1818 1741 3394 1833">
    <p class='ocr_par' dir='ltr' id='par_1_34' title="bbox 1839 1741 3394 1833">
     <span class='ocr_line' id='line_1_34' title="bbox 1839 1741 3394 1833; baseline 0.006 -22"><span class='ocrx_word' id='word_1_238' title='bbox 1839 1753 1898 1813; x_wconf 82' lang='lat' dir='ltr'>in</span> <span class='ocrx_word' id='word_1_239' title='bbox 1939 1755 2181 1813; x_wconf 84' lang='lat' dir='ltr'>exordio</span> <span class='ocrx_word' id='word_1_240' title='bbox 2213 1757 2494 1823; x_wconf 78' lang='lat' dir='ltr'>diximus,</span> <span class='ocrx_word' id='word_1_241' title='bbox 2551 1758 2827 1833; x_wconf 82' lang='lat' dir='ltr'>inquiris.</span> <span class='ocrx_word' id='word_1_242' title='bbox 2862 1759 2981 1825; x_wconf 83' lang='lat' dir='ltr'>Sed</span> <span class='ocrx_word' id='word_1_243' title='bbox 3016 1741 3394 1831; x_wconf 19' lang='lat' dir='ltr'>quisrmelius</span> 
     </span>
    </p>
   </div>
   <div class='ocr_carea' id='block_1_35' title="bbox 39 1833 1634 1913">
    <p class='ocr_par' dir='ltr' id='par_1_35' title="bbox 39 1833 1634 1913">
     <span class='ocr_line' id='line_1_35' title="bbox 39 1833 1634 1913; baseline -0.004 -21"><span class='ocrx_word' id='word_1_244' title='bbox 39 1843 336 1913; x_wconf 77' lang='grc' dir='ltr'>προοιμίοις</span> <span class='ocrx_word' id='word_1_245' title='bbox 384 1837 643 1913; x_wconf 70' lang='grc' dir='ltr'>εἰρηκότες</span> <span class='ocrx_word' id='word_1_246' title='bbox 690 1836 863 1911; x_wconf 73' lang='grc' dir='ltr'>ἐσμὲν,</span> <span class='ocrx_word' id='word_1_247' title='bbox 932 1836 1087 1898; x_wconf 72' lang='grc' dir='ltr'>αὐτὸς</span> <span class='ocrx_word' id='word_1_248' title='bbox 1155 1833 1463 1901; x_wconf 77' lang='grc' dir='ltr'>ἐπιστήσας,</span> <span class='ocrx_word' id='word_1_249' title='bbox 1548 1836 1634 1887; x_wconf 87' lang='grc' dir='ltr'>τόν</span> 
     </span>
    </p>
   </div>
   <div class='ocr_carea' id='block_1_36' title="bbox 39 1922 1637 2000">
    <p class='ocr_par' dir='ltr' id='par_1_36' title="bbox 39 1922 1637 2000">
     <span class='ocr_line' id='line_1_36' title="bbox 39 1922 1637 2000; baseline -0.003 -21"><span class='ocrx_word' id='word_1_250' title='bbox 39 1927 189 2000; x_wconf 84' lang='grc' dir='ltr'>λόγον</span> <span class='ocrx_word' id='word_1_251' title='bbox 234 1926 537 1988; x_wconf 50' lang='grc' dir='ltr'>ἐζήτησας(</span> <span class='ocrx_word' id='word_1_252' title='bbox 584 1923 741 1980; x_wconf 82' lang='grc' dir='ltr'>Ἀ)λά</span> <span class='ocrx_word' id='word_1_253' title='bbox 802 1933 897 1979; x_wconf 78' lang='grc' dir='ltr'>σοῦ</span> <span class='ocrx_word' id='word_1_254' title='bbox 962 1923 1151 1998; x_wconf 83' lang='grc' dir='ltr'>μᾶλλον</span> <span class='ocrx_word' id='word_1_255' title='bbox 1223 1927 1305 1986; x_wconf 88' lang='grc' dir='ltr'>τίς</span> <span class='ocrx_word' id='word_1_256' title='bbox 1376 1922 1436 1975; x_wconf 86' lang='grc' dir='ltr'>ἆν</span> <span class='ocrx_word' id='word_1_257' title='bbox 1547 1926 1637 1979; x_wconf 78' lang='grc' dir='ltr'>καὶ</span> 
     </span>
    </p>
   </div>
   <div class='ocr_carea' id='block_1_37' title="bbox 39 2010 1635 2091">
    <p class='ocr_par' dir='ltr' id='par_1_37' title="bbox 39 2010 1635 2091">
     <span class='ocr_line' id='line_1_37' title="bbox 39 2010 1635 2091; baseline -0.005 -21"><span class='ocrx_word' id='word_1_258' title='bbox 39 2015 451 2089; x_wconf 64' lang='grc' dir='ltr'>ἐπισκεψάμενος</span> <span class='ocrx_word' id='word_1_259' title='bbox 530 2019 621 2068; x_wconf 80' lang='grc' dir='ltr'>καὶ</span> <span class='ocrx_word' id='word_1_260' title='bbox 683 2013 1219 2091; x_wconf 60' lang='grc' dir='ltr'>πολυπρημονήσας,</span> <span class='ocrx_word' id='word_1_261' title='bbox 1298 2011 1502 2088; x_wconf 67' lang='grc' dir='ltr'>ἐφεύροι</span> <span class='ocrx_word' id='word_1_262' title='bbox 1575 2010 1635 2065; x_wconf 83' lang='grc' dir='ltr'>ἂν</span> 
     </span>
    </p>
   </div>
   <div class='ocr_carea' id='block_1_38' title="bbox 39 2096 1636 2182">
    <p class='ocr_par' dir='ltr' id='par_1_38' title="bbox 39 2096 1636 2182">
     <span class='ocr_line' id='line_1_38' title="bbox 39 2096 1636 2182; baseline -0.003 -24"><span class='ocrx_word' id='word_1_263' title='bbox 39 2101 304 2182; x_wconf 76' lang='grc' dir='ltr'>ὁρθῶς,οὖ</span> <span class='ocrx_word' id='word_1_264' title='bbox 334 2101 530 2180; x_wconf 78' lang='grc' dir='ltr'>καρδία</span> <span class='ocrx_word' id='word_1_265' title='bbox 570 2107 661 2179; x_wconf 69' lang='grc' dir='ltr'>μὲν</span> <span class='ocrx_word' id='word_1_266' title='bbox 704 2105 914 2178; x_wconf 73' lang='grc' dir='ltr'>καθαρὰ</span> <span class='ocrx_word' id='word_1_267' title='bbox 951 2102 1042 2155; x_wconf 84' lang='grc' dir='ltr'>καὶ</span> <span class='ocrx_word' id='word_1_268' title='bbox 1094 2103 1270 2178; x_wconf 84' lang='grc' dir='ltr'>ὁρῶσα</span> <span class='ocrx_word' id='word_1_269' title='bbox 1321 2104 1470 2168; x_wconf 83' lang='grc' dir='ltr'>Θεὸν,</span> <span class='ocrx_word' id='word_1_270' title='bbox 1517 2096 1636 2155; x_wconf 82' lang='grc' dir='ltr'>δια-</span> 
     </span>
    </p>
   </div>
   <div class='ocr_carea' id='block_1_39' title="bbox 39 2187 1637 2273">
    <p class='ocr_par' dir='ltr' id='par_1_39' title="bbox 39 2187 1637 2273">
     <span class='ocr_line' id='line_1_39' title="bbox 39 2187 1637 2273; baseline -0.003 -26"><span class='ocrx_word' id='word_1_271' title='bbox 39 2196 286 2267; x_wconf 84' lang='grc' dir='ltr'>λογισμοὶ</span> <span class='ocrx_word' id='word_1_272' title='bbox 326 2191 376 2247; x_wconf 83' lang='grc' dir='ltr'>δ’</span> <span class='ocrx_word' id='word_1_273' title='bbox 398 2192 446 2246; x_wconf 78' lang='grc' dir='ltr'>ἐν</span> <span class='ocrx_word' id='word_1_274' title='bbox 482 2194 613 2267; x_wconf 73' lang='grc' dir='ltr'>αὐτῇ</span> <span class='ocrx_word' id='word_1_275' title='bbox 681 2190 1042 2253; x_wconf 72' lang='grc' dir='ltr'>ἀναϐαίνοντες</span> <span class='ocrx_word' id='word_1_276' title='bbox 1084 2189 1163 2244; x_wconf 78' lang='grc' dir='ltr'>ἐπ’</span> <span class='ocrx_word' id='word_1_277' title='bbox 1210 2190 1397 2244; x_wconf 78' lang='grc' dir='ltr'>ἐκεῖνον</span> <span class='ocrx_word' id='word_1_278' title='bbox 1456 2187 1637 2273; x_wconf 80' lang='grc' dir='ltr'>ἀκραι-</span> 
     </span>
    </p>
   </div>
   <div class='ocr_carea' id='block_1_40' title="bbox 39 2278 1637 2357">
    <p class='ocr_par' dir='ltr' id='par_1_40' title="bbox 39 2278 1637 2357">
     <span class='ocr_line' id='line_1_40' title="bbox 39 2278 1637 2357; baseline -0.002 -22"><span class='ocrx_word' id='word_1_279' title='bbox 39 2292 171 2357; x_wconf 63' lang='grc' dir='ltr'>φνώς</span> <span class='ocrx_word' id='word_1_280' title='bbox 205 2281 541 2339; x_wconf 70' lang='grc' dir='ltr'>διαϐαίνουσι</span> <span class='ocrx_word' id='word_1_281' title='bbox 570 2286 660 2335; x_wconf 82' lang='grc' dir='ltr'>καὶ</span> <span class='ocrx_word' id='word_1_282' title='bbox 694 2284 760 2334; x_wconf 78' lang='grc' dir='ltr'>τὰ</span> <span class='ocrx_word' id='word_1_283' title='bbox 816 2280 1007 2337; x_wconf 79' lang='grc' dir='ltr'>ἐκείνου</span> <span class='ocrx_word' id='word_1_284' title='bbox 1068 2282 1361 2353; x_wconf 81' lang='grc' dir='ltr'>θαυμάσια,</span> <span class='ocrx_word' id='word_1_285' title='bbox 1407 2278 1538 2335; x_wconf 82' lang='grc' dir='ltr'>ὥστε</span> <span class='ocrx_word' id='word_1_286' title='bbox 1579 2298 1637 2332; x_wconf 86' lang='grc' dir='ltr'>σε</span> 
     </span>
    </p>
   </div>
   <div class='ocr_carea' id='block_1_41' title="bbox 39 2366 1637 2445">
    <p class='ocr_par' dir='ltr' id='par_1_41' title="bbox 39 2366 1637 2445">
     <span class='ocr_line' id='line_1_41' title="bbox 39 2366 1637 2445; baseline -0.003 -22"><span class='ocrx_word' id='word_1_287' title='bbox 39 2378 126 2425; x_wconf 58' lang='grc' dir='ltr'>διαὶ</span> <span class='ocrx_word' id='word_1_288' title='bbox 165 2375 297 2445; x_wconf 84' lang='grc' dir='ltr'>μετὰ</span> <span class='ocrx_word' id='word_1_289' title='bbox 333 2380 426 2425; x_wconf 79' lang='grc' dir='ltr'>τοῦ</span> <span class='ocrx_word' id='word_1_290' title='bbox 472 2373 770 2445; x_wconf 80' lang='grc' dir='ltr'>Πνεύματος</span> <span class='ocrx_word' id='word_1_291' title='bbox 820 2372 960 2444; x_wconf 76' lang='grc' dir='ltr'>ἔχειν</span> <span class='ocrx_word' id='word_1_292' title='bbox 1003 2368 1250 2445; x_wconf 74' lang='grc' dir='ltr'>ἀσφαλῶς</span> <span class='ocrx_word' id='word_1_293' title='bbox 1297 2368 1505 2444; x_wconf 73' lang='grc' dir='ltr'>ἐρωνᾷν</span> <span class='ocrx_word' id='word_1_294' title='bbox 1569 2366 1637 2420; x_wconf 83' lang='grc' dir='ltr'><strong>τᾶ</strong></span> 
     </span>
    </p>
   </div>
   <div class='ocr_carea' id='block_1_42' title="bbox 39 2452 1635 2541">
    <p class='ocr_par' dir='ltr' id='par_1_42' title="bbox 39 2452 1635 2541">
     <span class='ocr_line' id='line_1_42' title="bbox 39 2452 1635 2541; baseline -0.004 -27"><span class='ocrx_word' id='word_1_295' title='bbox 39 2470 127 2514; x_wconf 76' lang='grc' dir='ltr'>τοῦ</span> <span class='ocrx_word' id='word_1_296' title='bbox 154 2463 456 2541; x_wconf 74' lang='grc' dir='ltr'>Πνευματος</span> <span class='ocrx_word' id='word_1_297' title='bbox 484 2479 498 2529; x_wconf 89' lang='grc'>;</span> <span class='ocrx_word' id='word_1_298' title='bbox 530 2460 663 2513; x_wconf 73' lang='grc' dir='ltr'>Ἐπεὶ</span> <span class='ocrx_word' id='word_1_299' title='bbox 707 2454 766 2512; x_wconf 65' lang='grc' dir='ltr'>δὲ</span> <span class='ocrx_word' id='word_1_300' title='bbox 807 2477 898 2511; x_wconf 85' lang='grc' dir='ltr'>και</span> <span class='ocrx_word' id='word_1_301' title='bbox 941 2459 1091 2530; x_wconf 78' lang='grc' dir='ltr'>ἠμεῑν</span> <span class='ocrx_word' id='word_1_302' title='bbox 1157 2455 1286 2530; x_wconf 73' lang='grc' dir='ltr'>ἐρεῖν</span> <span class='ocrx_word' id='word_1_303' title='bbox 1341 2459 1400 2509; x_wconf 88' lang='grc' dir='ltr'>τὸ</span> <span class='ocrx_word' id='word_1_304' title='bbox 1446 2452 1635 2509; x_wconf 78' lang='grc' dir='ltr'>δοκοῦν</span> 
     </span>
    </p>
   </div>
   <div class='ocr_carea' id='block_1_43' title="bbox 39 2544 1638 2627">
    <p class='ocr_par' dir='ltr' id='par_1_43' title="bbox 39 2544 1638 2627">
     <span class='ocr_line' id='line_1_43' title="bbox 39 2544 1638 2627; baseline -0.003 -24"><span class='ocrx_word' id='word_1_305' title='bbox 39 2549 340 2627; x_wconf 66' lang='grc' dir='ltr'>ἐπέτριψας,</span> <span class='ocrx_word' id='word_1_306' title='bbox 400 2547 634 2625; x_wconf 48' lang='grc' dir='ltr'>ἐροῦμεν)</span> <span class='ocrx_word' id='word_1_307' title='bbox 685 2554 758 2618; x_wconf 84' lang='grc' dir='ltr'>τῷ</span> <span class='ocrx_word' id='word_1_308' title='bbox 810 2553 885 2617; x_wconf 88' lang='grc' dir='ltr'>σῷ</span> <span class='ocrx_word' id='word_1_309' title='bbox 957 2549 1214 2619; x_wconf 82' lang='grc' dir='ltr'>πνεύματι</span> <span class='ocrx_word' id='word_1_310' title='bbox 1274 2550 1364 2598; x_wconf 86' lang='grc' dir='ltr'>καὶ</span> <span class='ocrx_word' id='word_1_311' title='bbox 1438 2553 1500 2620; x_wconf 79' lang='grc' dir='ltr'>τῇ</span> <span class='ocrx_word' id='word_1_312' title='bbox 1581 2544 1638 2609; x_wconf 80' lang='grc' dir='ltr'>ἐξ</span> 
     </span>
    </p>
   </div>
   <div class='ocr_carea' id='block_1_44' title="bbox 39 2638 814 2716">
    <p class='ocr_par' dir='ltr' id='par_1_44' title="bbox 39 2638 814 2716">
     <span class='ocr_line' id='line_1_44' title="bbox 39 2638 814 2716; baseline -0.005 -24"><span class='ocrx_word' id='word_1_313' title='bbox 39 2639 198 2693; x_wconf 63' lang='grc' dir='ltr'>αὐτοῦ</span> <span class='ocrx_word' id='word_1_314' title='bbox 222 2638 576 2716; x_wconf 74' lang='grc' dir='ltr'>θαρρήσαντες</span> <span class='ocrx_word' id='word_1_315' title='bbox 602 2638 814 2711; x_wconf 85' lang='grc' dir='ltr'>χάριτι,</span> 
     </span>
    </p>
   </div>
   <div class='ocr_carea' id='block_1_45' title="bbox 105 2721 1629 2800">
    <p class='ocr_par' dir='ltr' id='par_1_45' title="bbox 105 2721 1629 2800">
     <span class='ocr_line' id='line_1_45' title="bbox 105 2721 1629 2800; baseline -0.005 -18"><span class='ocrx_word' id='word_1_316' title='bbox 105 2731 209 2782; x_wconf 81' lang='grc' dir='ltr'>Δύο</span> <span class='ocrx_word' id='word_1_317' title='bbox 232 2727 400 2781; x_wconf 71' lang='grc' dir='ltr'>ταῦτα</span> <span class='ocrx_word' id='word_1_318' title='bbox 417 2726 491 2800; x_wconf 73' lang='grc' dir='ltr'>ἐφ’</span> <span class='ocrx_word' id='word_1_319' title='bbox 521 2722 737 2791; x_wconf 71' lang='grc' dir='ltr'>ὕδατος,</span> <span class='ocrx_word' id='word_1_320' title='bbox 793 2728 852 2777; x_wconf 89' lang='lat'>1&#39;6</span> <span class='ocrx_word' id='word_1_321' title='bbox 902 2725 993 2798; x_wconf 70' lang='grc' dir='ltr'>μὲν</span> <span class='ocrx_word' id='word_1_322' title='bbox 1040 2730 1242 2797; x_wconf 86' lang='grc' dir='ltr'>πρῶτον</span> <span class='ocrx_word' id='word_1_323' title='bbox 1294 2731 1394 2775; x_wconf 84' lang='grc' dir='ltr'>τῶν</span> <span class='ocrx_word' id='word_1_324' title='bbox 1447 2721 1629 2788; x_wconf 73' lang='grc' dir='ltr'>ἄλλων,</span> 
     </span>
    </p>
   </div>
   <div class='ocr_carea' id='block_1_46' title="bbox 39 2811 1634 2893">
    <p class='ocr_par' dir='ltr' id='par_1_46' title="bbox 39 2811 1634 2893">
     <span class='ocr_line' id='line_1_46' title="bbox 39 2811 1634 2893; baseline -0.005 -21"><span class='ocrx_word' id='word_1_325' title='bbox 39 2822 92 2872; x_wconf 76' lang='grc' dir='ltr'>τὸ</span> <span class='ocrx_word' id='word_1_326' title='bbox 127 2815 181 2872; x_wconf 83' lang='grc' dir='ltr'>δ’</span> <span class='ocrx_word' id='word_1_327' title='bbox 208 2820 434 2893; x_wconf 83' lang='grc' dir='ltr'>ἔσχατον</span> <span class='ocrx_word' id='word_1_328' title='bbox 481 2824 582 2868; x_wconf 85' lang='grc' dir='ltr'>τῶν</span> <span class='ocrx_word' id='word_1_329' title='bbox 632 2812 795 2866; x_wconf 80' lang='grc' dir='ltr'>ἄλλων</span> <span class='ocrx_word' id='word_1_330' title='bbox 849 2832 938 2864; x_wconf 86' lang='grc' dir='ltr'>και</span> <span class='ocrx_word' id='word_1_331' title='bbox 991 2811 1075 2867; x_wconf 81' lang='grc' dir='ltr'>ἐπί</span> <span class='ocrx_word' id='word_1_332' title='bbox 1124 2818 1375 2886; x_wconf 84' lang='grc' dir='ltr'>σταυροῦ,</span> <span class='ocrx_word' id='word_1_333' title='bbox 1439 2812 1634 2886; x_wconf 83' lang='grc' dir='ltr'>ὁρῶμεν</span> 
     </span>
    </p>
   </div>
   <div class='ocr_carea' id='block_1_47' title="bbox 39 2898 1630 2984">
    <p class='ocr_par' dir='ltr' id='par_1_47' title="bbox 39 2898 1630 2984">
     <span class='ocr_line' id='line_1_47' title="bbox 39 2898 1630 2984; baseline -0.005 -22"><span class='ocrx_word' id='word_1_334' title='bbox 39 2911 283 2980; x_wconf 70' lang='grc' dir='ltr'>Θαύματα</span> <span class='ocrx_word' id='word_1_335' title='bbox 301 2908 616 2984; x_wconf 73' lang='grc' dir='ltr'>γεγενημένα</span> <span class='ocrx_word' id='word_1_336' title='bbox 655 2925 667 2937; x_wconf 83' lang='grc'><em>’</em></span> <span class='ocrx_word' id='word_1_337' title='bbox 713 2923 804 2956; x_wconf 81' lang='grc' dir='ltr'>και</span> <span class='ocrx_word' id='word_1_338' title='bbox 850 2905 909 2955; x_wconf 88' lang='grc' dir='ltr'>τὸ</span> <span class='ocrx_word' id='word_1_339' title='bbox 958 2905 1052 2981; x_wconf 65' lang='grc' dir='ltr'>μὲν</span> <span class='ocrx_word' id='word_1_340' title='bbox 1116 2909 1336 2976; x_wconf 81' lang='grc' dir='ltr'>πρῶτον,</span> <span class='ocrx_word' id='word_1_341' title='bbox 1382 2901 1509 2955; x_wconf 74' lang='grc' dir='ltr'>αὐτό</span> <span class='ocrx_word' id='word_1_342' title='bbox 1562 2898 1630 2961; x_wconf 78' lang='grc' dir='ltr'>δὴ</span> 
     </span>
    </p>
   </div>
   <div class='ocr_carea' id='block_1_48' title="bbox 39 2987 1634 3066">
    <p class='ocr_par' dir='ltr' id='par_1_48' title="bbox 39 2987 1634 3066">
     <span class='ocr_line' id='line_1_48' title="bbox 39 2987 1634 3066; baseline -0.004 -16"><span class='ocrx_word' id='word_1_343' title='bbox 39 3006 192 3050; x_wconf 76' lang='grc' dir='ltr'>τοῦτο</span> <span class='ocrx_word' id='word_1_344' title='bbox 214 3000 270 3049; x_wconf 86' lang='grc' dir='ltr'>τὸ</span> <span class='ocrx_word' id='word_1_345' title='bbox 297 2995 344 3049; x_wconf 73' lang='grc' dir='ltr'>ἓν</span> <span class='ocrx_word' id='word_1_346' title='bbox 370 3000 512 3050; x_wconf 72' lang='grc' dir='ltr'>Κανᾶ</span> <span class='ocrx_word' id='word_1_347' title='bbox 536 3014 626 3053; x_wconf 70' lang='grc' dir='ltr'>και</span> <span class='ocrx_word' id='word_1_348' title='bbox 683 2992 732 3045; x_wconf 73' lang='grc' dir='ltr'>ἐν</span> <span class='ocrx_word' id='word_1_349' title='bbox 782 2994 956 3066; x_wconf 73' lang='grc' dir='ltr'>γάμῳ,</span> <span class='ocrx_word' id='word_1_350' title='bbox 1003 2992 1056 3043; x_wconf 86' lang='grc' dir='ltr'>ὃν</span> <span class='ocrx_word' id='word_1_351' title='bbox 1093 2987 1162 3050; x_wconf 72' lang='grc' dir='ltr'>δὴ</span> <span class='ocrx_word' id='word_1_352' title='bbox 1216 3011 1307 3043; x_wconf 86' lang='grc' dir='ltr'>και</span> <span class='ocrx_word' id='word_1_353' title='bbox 1362 2987 1634 3054; x_wconf 81' lang='grc' dir='ltr'>διεξιόντες</span> 
     </span>
    </p>
   </div>
   <div class='ocr_carea' id='block_1_49' title="bbox 39 3066 1630 3160">
    <p class='ocr_par' dir='ltr' id='par_1_49' title="bbox 39 3066 1630 3160">
     <span class='ocr_line' id='line_1_49' title="bbox 39 3066 1630 3160; baseline -0.006 -21"><span class='ocrx_word' id='word_1_354' title='bbox 39 3085 194 3160; x_wconf 71' lang='grc' dir='ltr'>ἐσμὲν</span> <span class='ocrx_word' id='word_1_355' title='bbox 221 3106 233 3119; x_wconf 78' lang='grc' dir='ltr'><strong>ο</strong></span> <span class='ocrx_word' id='word_1_356' title='bbox 267 3082 350 3137; x_wconf 78' lang='grc' dir='ltr'>ἐπί</span> <span class='ocrx_word' id='word_1_357' title='bbox 403 3080 465 3137; x_wconf 60' lang='grc' dir='ltr'>δε</span> <span class='ocrx_word' id='word_1_358' title='bbox 508 3088 600 3134; x_wconf 76' lang='grc' dir='ltr'>τοῦ</span> <span class='ocrx_word' id='word_1_359' title='bbox 658 3066 890 3155; x_wconf 72' lang='grc' dir='ltr'>σταυροῦ</span> <span class='ocrx_word' id='word_1_360' title='bbox 945 3075 1089 3155; x_wconf 74' lang='grc' dir='ltr'>ὕδωρ</span> <span class='ocrx_word' id='word_1_361' title='bbox 1128 3080 1245 3154; x_wconf 66' lang='grc' dir='ltr'>ῥυὲν</span> <span class='ocrx_word' id='word_1_362' title='bbox 1298 3075 1353 3130; x_wconf 79' lang='grc' dir='ltr'>ἐκ</span> <span class='ocrx_word' id='word_1_363' title='bbox 1396 3087 1492 3141; x_wconf 77' lang='grc' dir='ltr'>τῆς</span> <span class='ocrx_word' id='word_1_364' title='bbox 1538 3086 1630 3131; x_wconf 84' lang='grc' dir='ltr'>τοῦ</span> 
     </span>
    </p>
   </div>
   <div class='ocr_carea' id='block_1_50' title="bbox 39 3167 1632 3252">
    <p class='ocr_par' dir='ltr' id='par_1_50' title="bbox 39 3167 1632 3252">
     <span class='ocr_line' id='line_1_50' title="bbox 39 3167 1632 3252; baseline -0.007 -21"><span class='ocrx_word' id='word_1_365' title='bbox 39 3184 274 3252; x_wconf 79' lang='grc' dir='ltr'>Σωτῆρος</span> <span class='ocrx_word' id='word_1_366' title='bbox 317 3173 542 3246; x_wconf 87' lang='grc' dir='ltr'>πλευρᾶς</span> <span class='ocrx_word' id='word_1_367' title='bbox 593 3172 690 3240; x_wconf 71' lang='grc'>(4),</span> <span class='ocrx_word' id='word_1_368' title='bbox 744 3168 1117 3242; x_wconf 78' lang='grc' dir='ltr'>μεταϐαλόντος</span> <span class='ocrx_word' id='word_1_369' title='bbox 1179 3167 1245 3228; x_wconf 85' lang='grc' dir='ltr'>εἰς</span> <span class='ocrx_word' id='word_1_370' title='bbox 1314 3174 1466 3220; x_wconf 81' lang='grc' dir='ltr'>τοῦτο</span> <span class='ocrx_word' id='word_1_371' title='bbox 1540 3175 1632 3220; x_wconf 84' lang='grc' dir='ltr'>τοῦ</span> 
     </span>
    </p>
   </div>
   <div class='ocr_carea' id='block_1_51' title="bbox 39 3256 1631 3336">
    <p class='ocr_par' dir='ltr' id='par_1_51' title="bbox 39 3256 1631 3336">
     <span class='ocr_line' id='line_1_51' title="bbox 39 3256 1631 3336; baseline -0.008 -15"><span class='ocrx_word' id='word_1_372' title='bbox 39 3271 211 3321; x_wconf 81' lang='grc' dir='ltr'>9ειχοῦ</span> <span class='ocrx_word' id='word_1_373' title='bbox 270 3267 489 3336; x_wconf 83' lang='grc' dir='ltr'>αἰματος</span> <span class='ocrx_word' id='word_1_374' title='bbox 540 3259 616 3313; x_wconf 79' lang='grc' dir='ltr'>ἐπ’</span> <span class='ocrx_word' id='word_1_375' title='bbox 674 3257 905 3331; x_wconf 73' lang='grc' dir='ltr'>ἐσχάτου</span> <span class='ocrx_word' id='word_1_376' title='bbox 985 3265 1083 3309; x_wconf 85' lang='grc' dir='ltr'>τὼν</span> <span class='ocrx_word' id='word_1_377' title='bbox 1181 3256 1477 3329; x_wconf 77' lang='grc' dir='ltr'>θαυμάτων,</span> <span class='ocrx_word' id='word_1_378' title='bbox 1564 3259 1631 3319; x_wconf 87' lang='grc' dir='ltr'>ὡς</span> 
     </span>
    </p>
   </div>
   <div class='ocr_carea' id='block_1_52' title="bbox 39 3348 1632 3428">
    <p class='ocr_par' dir='ltr' id='par_1_52' title="bbox 39 3348 1632 3428">
     <span class='ocr_line' id='line_1_52' title="bbox 39 3348 1632 3428; baseline -0.005 -20"><span class='ocrx_word' id='word_1_379' title='bbox 39 3358 115 3410; x_wconf 70' lang='grc' dir='ltr'>ἐπὶ</span> <span class='ocrx_word' id='word_1_380' title='bbox 141 3363 235 3408; x_wconf 80' lang='grc' dir='ltr'>τοῦ</span> <span class='ocrx_word' id='word_1_381' title='bbox 262 3359 472 3428; x_wconf 86' lang='grc' dir='ltr'>πρώτου</span> <span class='ocrx_word' id='word_1_382' title='bbox 522 3353 758 3423; x_wconf 86' lang='grc' dir='ltr'>Χριστός</span> <span class='ocrx_word' id='word_1_383' title='bbox 808 3348 961 3411; x_wconf 73' lang='grc' dir='ltr'>αὐτὸς</span> <span class='ocrx_word' id='word_1_384' title='bbox 1013 3348 1085 3409; x_wconf 84' lang='grc' dir='ltr'>εἰς</span> <span class='ocrx_word' id='word_1_385' title='bbox 1138 3351 1272 3400; x_wconf 86' lang='grc' dir='ltr'>οἶνόν</span> <span class='ocrx_word' id='word_1_386' title='bbox 1315 3354 1469 3400; x_wconf 75' lang='grc' dir='ltr'>τοῦτο</span> <span class='ocrx_word' id='word_1_387' title='bbox 1513 3367 1632 3421; x_wconf 90' lang='grc' dir='ltr'>μετ-</span> 
     </span>
    </p>
   </div>
   <div class='ocr_carea' id='block_1_53' title="bbox 39 3445 200 3498">
    <p class='ocr_par' dir='ltr' id='par_1_53' title="bbox 39 3445 200 3498">
     <span class='ocr_line' id='line_1_53' title="bbox 39 3445 200 3498; baseline 0 0"><span class='ocrx_word' id='word_1_388' title='bbox 39 3445 200 3498; x_wconf 50' lang='grc' dir='ltr'>ϐαλε.</span> 
     </span>
    </p>
   </div>
   <div class='ocr_carea' id='block_1_54' title="bbox 99 3525 1626 3605">
    <p class='ocr_par' dir='ltr' id='par_1_54' title="bbox 99 3525 1626 3605">
     <span class='ocr_line' id='line_1_54' title="bbox 99 3525 1626 3605; baseline -0.007 -17"><span class='ocrx_word' id='word_1_389' title='bbox 99 3540 208 3588; x_wconf 76' lang='grc' dir='ltr'>Καί</span> <span class='ocrx_word' id='word_1_390' title='bbox 256 3529 403 3605; x_wconf 83' lang='grc' dir='ltr'>οἶμαι</span> <span class='ocrx_word' id='word_1_391' title='bbox 452 3530 522 3591; x_wconf 85' lang='grc' dir='ltr'>εἰς</span> <span class='ocrx_word' id='word_1_392' title='bbox 557 3548 745 3587; x_wconf 79' lang='grc' dir='ltr'>ταυτον</span> <span class='ocrx_word' id='word_1_393' title='bbox 796 3526 925 3585; x_wconf 80' lang='grc' dir='ltr'>ἰέναι</span> <span class='ocrx_word' id='word_1_394' title='bbox 1002 3527 1157 3603; x_wconf 70' lang='grc' dir='ltr'>ἄμφω</span> <span class='ocrx_word' id='word_1_395' title='bbox 1234 3530 1307 3580; x_wconf 86' lang='grc' dir='ltr'>τὼ</span> <span class='ocrx_word' id='word_1_396' title='bbox 1375 3525 1626 3598; x_wconf 76' lang='grc' dir='ltr'>θαύματι,</span> 
     </span>
    </p>
   </div>
   <div class='ocr_carea' id='block_1_55' title="bbox 39 3612 1627 3697">
    <p class='ocr_par' dir='ltr' id='par_1_55' title="bbox 39 3612 1627 3697">
     <span class='ocr_line' id='line_1_55' title="bbox 39 3612 1627 3697; baseline -0.007 -20"><span class='ocrx_word' id='word_1_397' title='bbox 39 3631 78 3677; x_wconf 78' lang='grc' dir='ltr'>’ό</span> <span class='ocrx_word' id='word_1_398' title='bbox 102 3644 161 3677; x_wconf 87' lang='grc' dir='ltr'>τε</span> <span class='ocrx_word' id='word_1_399' title='bbox 198 3630 399 3697; x_wconf 87' lang='grc' dir='ltr'>πρῶτον</span> <span class='ocrx_word' id='word_1_400' title='bbox 448 3623 507 3671; x_wconf 85' lang='grc' dir='ltr'>τό</span> <span class='ocrx_word' id='word_1_401' title='bbox 566 3618 611 3669; x_wconf 91' lang='grc' dir='ltr'>τ’</span> <span class='ocrx_word' id='word_1_402' title='bbox 665 3620 911 3689; x_wconf 77' lang='grc' dir='ltr'>ἔσχατον.</span> <span class='ocrx_word' id='word_1_403' title='bbox 971 3612 1108 3668; x_wconf 81' lang='grc' dir='ltr'>Ἐκεῖ</span> <span class='ocrx_word' id='word_1_404' title='bbox 1286 3616 1389 3688; x_wconf 86' lang='grc' dir='ltr'>γὰρ</span> <span class='ocrx_word' id='word_1_405' title='bbox 1436 3617 1627 3687; x_wconf 86' lang='grc' dir='ltr'>γάμος,</span> 
     </span>
    </p>
   </div>
   <div class='ocr_carea' id='block_1_56' title="bbox 39 3703 1631 3783">
    <p class='ocr_par' dir='ltr' id='par_1_56' title="bbox 39 3703 1631 3783">
     <span class='ocr_line' id='line_1_56' title="bbox 39 3703 1631 3783; baseline -0.006 -18"><span class='ocrx_word' id='word_1_406' title='bbox 39 3734 113 3767; x_wconf 77' lang='grc' dir='ltr'>ιαι</span> <span class='ocrx_word' id='word_1_407' title='bbox 142 3716 466 3783; x_wconf 81' lang='grc' dir='ltr'>τιμᾲτοῡτον</span> <span class='ocrx_word' id='word_1_408' title='bbox 489 3710 620 3767; x_wconf 83' lang='grc' dir='ltr'>Θεὸς</span> <span class='ocrx_word' id='word_1_409' title='bbox 651 3706 749 3778; x_wconf 80' lang='grc'>(5).</span> <span class='ocrx_word' id='word_1_410' title='bbox 793 3706 875 3759; x_wconf 84' lang='grc' dir='ltr'>ὅτι</span> <span class='ocrx_word' id='word_1_411' title='bbox 910 3724 1001 3763; x_wconf 72' lang='grc' dir='ltr'>και</span> <span class='ocrx_word' id='word_1_412' title='bbox 1051 3708 1218 3777; x_wconf 86' lang='grc' dir='ltr'>τίμιος</span> <span class='ocrx_word' id='word_1_413' title='bbox 1257 3703 1331 3775; x_wconf 82' lang='grc'>(6)</span> <span class='ocrx_word' id='word_1_414' title='bbox 1391 3725 1403 3737; x_wconf 90' lang='grc'><strong>·</strong></span> <span class='ocrx_word' id='word_1_415' title='bbox 1456 3708 1631 3776; x_wconf 86' lang='grc' dir='ltr'>τίμιος</span> 
     </span>
    </p>
   </div>
   <div class='ocr_carea' id='block_1_57' title="bbox 39 3790 1630 3864">
    <p class='ocr_par' dir='ltr' id='par_1_57' title="bbox 39 3790 1630 3864">
     <span class='ocr_line' id='line_1_57' title="bbox 39 3790 1630 3864; baseline -0.007 -10"><span class='ocrx_word' id='word_1_416' title='bbox 39 3800 83 3855; x_wconf 66' lang='grc' dir='ltr'>ῗὲ</span> <span class='ocrx_word' id='word_1_417' title='bbox 116 3810 222 3852; x_wconf 86' lang='grc' dir='ltr'>τῶν</span> <span class='ocrx_word' id='word_1_418' title='bbox 268 3797 320 3861; x_wconf 80' lang='grc' dir='ltr'><strong>ἐξ</strong></span> <span class='ocrx_word' id='word_1_419' title='bbox 372 3798 529 3850; x_wconf 76' lang='grc' dir='ltr'>αὐτοῦ</span> <span class='ocrx_word' id='word_1_420' title='bbox 590 3790 796 3848; x_wconf 80' lang='grc' dir='ltr'>παίδων</span> <span class='ocrx_word' id='word_1_421' title='bbox 856 3794 1043 3862; x_wconf 81' lang='grc' dir='ltr'>εἰνεκα,</span> <span class='ocrx_word' id='word_1_422' title='bbox 1103 3792 1193 3855; x_wconf 76' lang='grc' dir='ltr'>οὓς</span> <span class='ocrx_word' id='word_1_423' title='bbox 1247 3812 1338 3844; x_wconf 86' lang='grc' dir='ltr'>και</span> <span class='ocrx_word' id='word_1_424' title='bbox 1387 3793 1630 3864; x_wconf 66' lang='grc' dir='ltr'>εξσποιεῖ-</span> 
     </span>
    </p>
   </div>
   <div class='ocr_carea' id='block_1_58' title="bbox 39 3881 1629 3963">
    <p class='ocr_par' dir='ltr' id='par_1_58' title="bbox 39 3881 1629 3963">
     <span class='ocr_line' id='line_1_58' title="bbox 39 3881 1629 3963; baseline -0.008 -19"><span class='ocrx_word' id='word_1_425' title='bbox 39 3912 113 3945; x_wconf 79' lang='grc' dir='ltr'>ἀι</span> <span class='ocrx_word' id='word_1_426' title='bbox 162 3891 393 3963; x_wconf 76' lang='grc' dir='ltr'>Χριστὸς</span> <span class='ocrx_word' id='word_1_427' title='bbox 442 3905 533 3937; x_wconf 86' lang='grc' dir='ltr'>και</span> <span class='ocrx_word' id='word_1_428' title='bbox 581 3887 788 3958; x_wconf 87' lang='grc' dir='ltr'>Πατέρα</span> <span class='ocrx_word' id='word_1_429' title='bbox 862 3882 1031 3934; x_wconf 73' lang='grc' dir='ltr'>αὐτῶν</span> <span class='ocrx_word' id='word_1_430' title='bbox 1101 3882 1230 3934; x_wconf 86' lang='grc' dir='ltr'>εἶναι</span> <span class='ocrx_word' id='word_1_431' title='bbox 1284 3881 1419 3954; x_wconf 83' lang='grc' dir='ltr'>λέγει</span> <span class='ocrx_word' id='word_1_432' title='bbox 1502 3889 1629 3934; x_wconf 83' lang='grc' dir='ltr'>Θεον</span> 
     </span>
    </p>
   </div>
   <div class='ocr_carea' id='block_1_59' title="bbox 39 3970 1630 4051">
    <p class='ocr_par' dir='ltr' id='par_1_59' title="bbox 39 3970 1630 4051">
     <span class='ocr_line' id='line_1_59' title="bbox 39 3970 1630 4051; baseline -0.006 -20"><span class='ocrx_word' id='word_1_433' title='bbox 39 3982 235 4051; x_wconf 70' lang='grc' dir='ltr'>πατέρα</span> <span class='ocrx_word' id='word_1_434' title='bbox 276 3981 364 4029; x_wconf 87' lang='grc' dir='ltr'>τὸν</span> <span class='ocrx_word' id='word_1_435' title='bbox 423 3970 581 4040; x_wconf 76' lang='grc' dir='ltr'>ἰδιον,</span> <span class='ocrx_word' id='word_1_436' title='bbox 640 3991 731 4023; x_wconf 87' lang='grc' dir='ltr'>και</span> <span class='ocrx_word' id='word_1_437' title='bbox 766 3974 1045 4044; x_wconf 77' lang='grc' dir='ltr'>προτρέπει</span> <span class='ocrx_word' id='word_1_438' title='bbox 1089 3989 1149 4041; x_wconf 84' lang='grc' dir='ltr'>γε</span> <span class='ocrx_word' id='word_1_439' title='bbox 1226 3971 1360 4021; x_wconf 84' lang='grc' dir='ltr'>κατά</span> <span class='ocrx_word' id='word_1_440' title='bbox 1435 3973 1630 4027; x_wconf 72' lang='grc' dir='ltr'>ταύτην</span> 
     </span>
    </p>
   </div>
   <div class='ocr_carea' id='block_1_60' title="bbox 39 4059 1634 4139">
    <p class='ocr_par' dir='ltr' id='par_1_60' title="bbox 39 4059 1634 4139">
     <span class='ocr_line' id='line_1_60' title="bbox 39 4059 1634 4139; baseline -0.008 -17"><span class='ocrx_word' id='word_1_441' title='bbox 39 4075 127 4129; x_wconf 73' lang='grc' dir='ltr'>τὴν</span> <span class='ocrx_word' id='word_1_442' title='bbox 191 4071 379 4139; x_wconf 82' lang='grc' dir='ltr'>σχέσιν</span> <span class='ocrx_word' id='word_1_443' title='bbox 449 4063 750 4136; x_wconf 79' lang='grc' dir='ltr'>ἀνθρώπους</span> <span class='ocrx_word' id='word_1_444' title='bbox 809 4064 957 4120; x_wconf 85' lang='grc' dir='ltr'>ὄντας</span> <span class='ocrx_word' id='word_1_445' title='bbox 1025 4059 1217 4132; x_wconf 73' lang='grc' dir='ltr'>τολμᾴδ</span> <span class='ocrx_word' id='word_1_446' title='bbox 1293 4059 1634 4112; x_wconf 82' lang='grc' dir='ltr'>ἐπιχαλεσθαι</span> 
     </span>
    </p>
   </div>
   <div class='ocr_carea' id='block_1_61' title="bbox 39 4147 1635 4215">
    <p class='ocr_par' dir='ltr' id='par_1_61' title="bbox 39 4147 1635 4215">
     <span class='ocr_line' id='line_1_61' title="bbox 39 4147 1635 4215; baseline -0.008 -4"><span class='ocrx_word' id='word_1_447' title='bbox 39 4159 213 4211; x_wconf 68' lang='grc' dir='ltr'>κύτόν.</span> <span class='ocrx_word' id='word_1_448' title='bbox 246 4160 377 4209; x_wconf 88' lang='grc' dir='ltr'>Πότε</span> <span class='ocrx_word' id='word_1_449' title='bbox 409 4149 460 4206; x_wconf 77' lang='grc' dir='ltr'>δ’</span> <span class='ocrx_word' id='word_1_450' title='bbox 485 4151 635 4205; x_wconf 75' lang='grc' dir='ltr'>αὐτοί</span> <span class='ocrx_word' id='word_1_451' title='bbox 690 4154 844 4202; x_wconf 82' lang='grc' dir='ltr'>τοῦτό</span> <span class='ocrx_word' id='word_1_452' title='bbox 892 4152 1014 4215; x_wconf 81' lang='grc' dir='ltr'>εἰσι,</span> <span class='ocrx_word' id='word_1_453' title='bbox 1072 4169 1162 4201; x_wconf 86' lang='grc' dir='ltr'>και</span> <span class='ocrx_word' id='word_1_454' title='bbox 1202 4148 1319 4202; x_wconf 86' lang='grc' dir='ltr'>πότ’</span> <span class='ocrx_word' id='word_1_455' title='bbox 1361 4147 1635 4201; x_wconf 60' lang='lat' dir='ltr'>imitabe-</span> 
     </span>
    </p>
   </div>
   <div class='ocr_carea' id='block_1_62' title="bbox 39 4234 1634 4316">
    <p class='ocr_par' dir='ltr' id='par_1_62' title="bbox 39 4234 1634 4316">
     <span class='ocr_line' id='line_1_62' title="bbox 39 4234 1634 4316; baseline -0.006 -16"><span class='ocrx_word' id='word_1_456' title='bbox 39 4265 182 4301; x_wconf 66' lang='grc' dir='ltr'>αενοι</span> <span class='ocrx_word' id='word_1_457' title='bbox 244 4247 476 4316; x_wconf 82' lang='grc' dir='ltr'>γνησίως</span> <span class='ocrx_word' id='word_1_458' title='bbox 541 4241 711 4308; x_wconf 86' lang='grc' dir='ltr'>εἰσίν;</span> <span class='ocrx_word' id='word_1_459' title='bbox 771 4238 1029 4296; x_wconf 80' lang='grc' dir='ltr'>Ὀπηνίκα</span> <span class='ocrx_word' id='word_1_460' title='bbox 1059 4235 1301 4296; x_wconf 79' lang='grc' dir='ltr'>δηλονότι</span> <span class='ocrx_word' id='word_1_461' title='bbox 1373 4258 1465 4290; x_wconf 80' lang='grc' dir='ltr'>και</span> <span class='ocrx_word' id='word_1_462' title='bbox 1561 4234 1634 4290; x_wconf 77' lang='grc' dir='ltr'>δι’</span> 
     </span>
    </p>
   </div>
   <div class='ocr_carea' id='block_1_63' title="bbox 39 4324 1636 4402">
    <p class='ocr_par' dir='ltr' id='par_1_63' title="bbox 39 4324 1636 4402">
     <span class='ocr_line' id='line_1_63' title="bbox 39 4324 1636 4402; baseline -0.004 -13"><span class='ocrx_word' id='word_1_463' title='bbox 39 4333 238 4396; x_wconf 67' lang='grc' dir='ltr'>Ξδατος</span> <span class='ocrx_word' id='word_1_464' title='bbox 294 4352 384 4385; x_wconf 84' lang='grc' dir='ltr'>και</span> <span class='ocrx_word' id='word_1_465' title='bbox 444 4333 741 4402; x_wconf 68' lang='grc' dir='ltr'>Πνσύματος</span> <span class='ocrx_word' id='word_1_466' title='bbox 805 4324 951 4388; x_wconf 78' lang='grc' dir='ltr'>αὖθις</span> <span class='ocrx_word' id='word_1_467' title='bbox 1052 4326 1466 4399; x_wconf 71' lang='grc' dir='ltr'>ἀνα-γεννηθέντες</span> <span class='ocrx_word' id='word_1_468' title='bbox 1556 4328 1636 4400; x_wconf 86' lang='grc'>(7)</span> 
     </span>
    </p>
   </div>
   <div class='ocr_carea' id='block_1_64' title="bbox 39 4413 1634 4495">
    <p class='ocr_par' dir='ltr' id='par_1_64' title="bbox 39 4413 1634 4495">
     <span class='ocr_line' id='line_1_64' title="bbox 39 4413 1634 4495; baseline -0.007 -17"><span class='ocrx_word' id='word_1_469' title='bbox 39 4426 196 4479; x_wconf 67' lang='grc' dir='ltr'>αὐτὸν</span> <span class='ocrx_word' id='word_1_470' title='bbox 246 4424 476 4495; x_wconf 85' lang='grc' dir='ltr'>Χριστὸν</span> <span class='ocrx_word' id='word_1_471' title='bbox 524 4419 637 4472; x_wconf 83' lang='grc' dir='ltr'>ὅλον</span> <span class='ocrx_word' id='word_1_472' title='bbox 685 4421 947 4492; x_wconf 66' lang='grc' dir='ltr'>φορέσωσι</span> <span class='ocrx_word' id='word_1_473' title='bbox 1010 4413 1312 4478; x_wconf 79' lang='grc' dir='ltr'>διαιωνίζον</span> <span class='ocrx_word' id='word_1_474' title='bbox 1388 4436 1479 4469; x_wconf 78' lang='grc' dir='ltr'>και</span> <span class='ocrx_word' id='word_1_475' title='bbox 1541 4416 1634 4489; x_wconf 72' lang='grc' dir='ltr'>ἀφ-</span> 
     </span>
    </p>
   </div>
   <div class='ocr_carea' id='block_1_65' title="bbox 39 4503 1639 4586">
    <p class='ocr_par' dir='ltr' id='par_1_65' title="bbox 39 4503 1639 4586">
     <span class='ocr_line' id='line_1_65' title="bbox 39 4503 1639 4586; baseline -0.006 -19"><span class='ocrx_word' id='word_1_476' title='bbox 39 4517 231 4586; x_wconf 73' lang='grc' dir='ltr'>θαρτον</span> <span class='ocrx_word' id='word_1_477' title='bbox 262 4506 482 4581; x_wconf 80' lang='grc' dir='ltr'>ἔνδυμα.</span> <span class='ocrx_word' id='word_1_478' title='bbox 539 4510 602 4559; x_wconf 89' lang='grc' dir='ltr'>Τί</span> <span class='ocrx_word' id='word_1_479' title='bbox 660 4505 876 4571; x_wconf 82' lang='grc' dir='ltr'>λοιπόν;</span> <span class='ocrx_word' id='word_1_480' title='bbox 933 4506 963 4562; x_wconf 78' lang='grc' dir='ltr'>ἡ</span> <span class='ocrx_word' id='word_1_481' title='bbox 1022 4507 1112 4576; x_wconf 73' lang='grc' dir='ltr'>μὲν</span> <span class='ocrx_word' id='word_1_482' title='bbox 1138 4512 1231 4556; x_wconf 84' lang='grc' dir='ltr'>τοῦ</span> <span class='ocrx_word' id='word_1_483' title='bbox 1276 4503 1639 4577; x_wconf 83' lang='grc' dir='ltr'>βαπτίσματος</span> 
     </span>
    </p>
   </div>
   <div class='ocr_carea' id='block_1_66' title="bbox 39 4589 1640 4672">
    <p class='ocr_par' dir='ltr' id='par_1_66' title="bbox 39 4589 1640 4672">
     <span class='ocr_line' id='line_1_66' title="bbox 39 4589 1640 4672; baseline -0.004 -20"><span class='ocrx_word' id='word_1_484' title='bbox 39 4604 186 4672; x_wconf 73' lang='grc' dir='ltr'>πηγή</span> <span class='ocrx_word' id='word_1_485' title='bbox 222 4596 354 4656; x_wconf 78' lang='grc' dir='ltr'>δήλη</span> <span class='ocrx_word' id='word_1_486' title='bbox 383 4596 436 4660; x_wconf 80' lang='grc' dir='ltr'><strong>ἐξ</strong></span> <span class='ocrx_word' id='word_1_487' title='bbox 464 4597 640 4657; x_wconf 79' lang='grc' dir='ltr'>ἧςκαι</span> <span class='ocrx_word' id='word_1_488' title='bbox 664 4597 723 4646; x_wconf 92' lang='lat'>1&#39;6</span> <span class='ocrx_word' id='word_1_489' title='bbox 769 4592 1146 4665; x_wconf 79' lang='grc' dir='ltr'>ἀναγεννᾶσθαι</span> <span class='ocrx_word' id='word_1_490' title='bbox 1198 4594 1324 4666; x_wconf 78' lang='grc' dir='ltr'>ἡμῖν</span> <span class='ocrx_word' id='word_1_491' title='bbox 1384 4614 1396 4626; x_wconf 91' lang='grc'><strong>·</strong></span> <span class='ocrx_word' id='word_1_492' title='bbox 1458 4597 1518 4645; x_wconf 91' lang='lat'>1&#39;6</span> <span class='ocrx_word' id='word_1_493' title='bbox 1580 4589 1640 4645; x_wconf 72' lang='grc' dir='ltr'>δὲ</span> 
     </span>
    </p>
   </div>
   <div class='ocr_carea' id='block_1_67' title="bbox 39 4680 1638 4759">
    <p class='ocr_par' dir='ltr' id='par_1_67' title="bbox 39 4680 1638 4759">
     <span class='ocr_line' id='line_1_67' title="bbox 39 4680 1638 4759; baseline -0.007 -15"><span class='ocrx_word' id='word_1_494' title='bbox 39 4697 132 4744; x_wconf 78' lang='grc' dir='ltr'>τοῦ</span> <span class='ocrx_word' id='word_1_495' title='bbox 188 4689 484 4759; x_wconf 81' lang='grc' dir='ltr'>Πνεύματος</span> <span class='ocrx_word' id='word_1_496' title='bbox 537 4682 736 4756; x_wconf 72' lang='grc' dir='ltr'>ἀφανὲς,</span> <span class='ocrx_word' id='word_1_497' title='bbox 796 4701 884 4737; x_wconf 83' lang='grc' dir='ltr'>και</span> <span class='ocrx_word' id='word_1_498' title='bbox 941 4688 1046 4743; x_wconf 85' lang='grc' dir='ltr'>τοῖς</span> <span class='ocrx_word' id='word_1_499' title='bbox 1096 4680 1339 4743; x_wconf 82' lang='grc' dir='ltr'>ἀπίστοις</span> <span class='ocrx_word' id='word_1_500' title='bbox 1392 4682 1450 4735; x_wconf 78' lang='grc' dir='ltr'>οὐ</span> <span class='ocrx_word' id='word_1_501' title='bbox 1502 4683 1638 4734; x_wconf 83' lang='grc' dir='ltr'>πάνυ</span> 
     </span>
    </p>
   </div>
   <div class='ocr_carea' id='block_1_68' title="bbox 39 4770 1640 4845">
    <p class='ocr_par' dir='ltr' id='par_1_68' title="bbox 39 4770 1640 4845">
     <span class='ocr_line' id='line_1_68' title="bbox 39 4770 1640 4845; baseline -0.006 -12"><span class='ocrx_word' id='word_1_502' title='bbox 39 4800 87 4833; x_wconf 82' lang='grc' dir='ltr'>τι</span> <span class='ocrx_word' id='word_1_503' title='bbox 134 4795 321 4831; x_wconf 80' lang='grc' dir='ltr'>πιστον</span> <span class='ocrx_word' id='word_1_504' title='bbox 367 4771 450 4827; x_wconf 79' lang='grc' dir='ltr'>ὅτι</span> <span class='ocrx_word' id='word_1_505' title='bbox 508 4779 745 4825; x_wconf 80' lang='grc' dir='ltr'>τοσαῦτα</span> <span class='ocrx_word' id='word_1_506' title='bbox 796 4772 1030 4845; x_wconf 57' lang='grc' dir='ltr'>ὑπερφυῆ</span> <span class='ocrx_word' id='word_1_507' title='bbox 1085 4790 1176 4822; x_wconf 81' lang='grc' dir='ltr'>και</span> <span class='ocrx_word' id='word_1_508' title='bbox 1221 4771 1425 4844; x_wconf 69' lang='grc' dir='ltr'>μεγῄλα</span> <span class='ocrx_word' id='word_1_509' title='bbox 1500 4770 1640 4824; x_wconf 73' lang='grc' dir='ltr'>ἔστιν</span> 
     </span>
    </p>
   </div>
   <div class='ocr_carea' id='block_1_69' title="bbox 39 4860 1641 4943">
    <p class='ocr_par' dir='ltr' id='par_1_69' title="bbox 39 4860 1641 4943">
     <span class='ocr_line' id='line_1_69' title="bbox 39 4860 1641 4943; baseline -0.006 -22"><span class='ocrx_word' id='word_1_510' title='bbox 39 4865 188 4943; x_wconf 68' lang='grc' dir='ltr'>ὕδωρ</span> <span class='ocrx_word' id='word_1_511' title='bbox 230 4861 595 4937; x_wconf 72' lang='grc' dir='ltr'>δεδυνημένον·</span> <span class='ocrx_word' id='word_1_512' title='bbox 648 4860 725 4914; x_wconf 79' lang='grc' dir='ltr'>Οὐ</span> <span class='ocrx_word' id='word_1_513' title='bbox 788 4863 887 4933; x_wconf 81' lang='grc' dir='ltr'>γὰρ</span> <span class='ocrx_word' id='word_1_514' title='bbox 931 4861 1121 4933; x_wconf 78' lang='grc' dir='ltr'>όρωσι¹</span> <span class='ocrx_word' id='word_1_515' title='bbox 1150 4863 1208 4913; x_wconf 88' lang='grc' dir='ltr'>τὸ</span> <span class='ocrx_word' id='word_1_516' title='bbox 1247 4867 1474 4934; x_wconf 80' lang='grc' dir='ltr'>Πνεῦμα,</span> <span class='ocrx_word' id='word_1_517' title='bbox 1529 4880 1641 4927; x_wconf 76' lang='grc' dir='ltr'>και,</span> 
     </span>
    </p>
   </div>
   <div class='ocr_carea' id='block_1_70' title="bbox 114 5087 1691 5169">
    <p class='ocr_par' dir='ltr' id='par_1_70' title="bbox 114 5087 1691 5169">
     <span class='ocr_line' id='line_1_70' title="bbox 114 5087 1691 5169; baseline -0.007 -17"><span class='ocrx_word' id='word_1_518' title='bbox 114 5096 426 5169; x_wconf 74' lang='lat' dir='ltr'>(l)Genes.</span> <span class='ocrx_word' id='word_1_519' title='bbox 466 5109 545 5149; x_wconf 85' lang='lat' dir='ltr'>Ill.</span> <span class='ocrx_word' id='word_1_520' title='bbox 569 5092 654 5159; x_wconf 83' lang='grc'>19,</span> <span class='ocrx_word' id='word_1_521' title='bbox 696 5091 780 5145; x_wconf 83' lang='grc' dir='ltr'>Ἐν</span> <span class='ocrx_word' id='word_1_522' title='bbox 841 5087 1026 5164; x_wconf 78' lang='grc' dir='ltr'>ἱδρῶτι</span> <span class='ocrx_word' id='word_1_523' title='bbox 1071 5096 1168 5143; x_wconf 82' lang='grc' dir='ltr'>τοῦ</span> <span class='ocrx_word' id='word_1_524' title='bbox 1223 5094 1507 5165; x_wconf 85' lang='grc' dir='ltr'>προσώπου</span> <span class='ocrx_word' id='word_1_525' title='bbox 1547 5108 1641 5143; x_wconf 93' lang='grc' dir='ltr'>σου</span> <span class='ocrx_word' id='word_1_526' title='bbox 1682 5130 1691 5141; x_wconf 79' lang='grc'><strong><em>,</em></strong></span> 
     </span>
    </p>
   </div>
   <div class='ocr_carea' id='block_1_71' title="bbox 39 5166 684 5243">
    <p class='ocr_par' dir='ltr' id='par_1_71' title="bbox 39 5166 684 5243">
     <span class='ocr_line' id='line_1_71' title="bbox 39 5166 684 5243; baseline -0.012 -21"><span class='ocrx_word' id='word_1_527' title='bbox 230 5169 317 5243; x_wconf 79' lang='grc' dir='ltr'>τὸν</span> <span class='ocrx_word' id='word_1_528' title='bbox 359 5166 512 5237; x_wconf 84' lang='grc' dir='ltr'>ἄρτον</span> <span class='ocrx_word' id='word_1_529' title='bbox 567 5182 684 5216; x_wconf 89' lang='grc' dir='ltr'>σου.</span> 
     </span>
    </p>
   </div>
   <div class='ocr_carea' id='block_1_72' title="bbox 113 5234 732 5309">
    <p class='ocr_par' dir='ltr' id='par_1_72' title="bbox 113 5234 732 5309">
     <span class='ocr_line' id='line_1_72' title="bbox 113 5234 732 5309; baseline -0.008 -14"><span class='ocrx_word' id='word_1_530' title='bbox 113 5234 195 5309; x_wconf 61' lang='grc'>(2)</span> <span class='ocrx_word' id='word_1_531' title='bbox 226 5240 315 5293; x_wconf 88' lang='lat' dir='ltr'>An</span> <span class='ocrx_word' id='word_1_532' title='bbox 342 5234 437 5289; x_wconf 81' lang='grc' dir='ltr'>τοῦ</span> <span class='ocrx_word' id='word_1_533' title='bbox 483 5243 649 5309; x_wconf 79' lang='grc' dir='ltr'>κακοῦ</span> <span class='ocrx_word' id='word_1_534' title='bbox 704 5234 732 5290; x_wconf 84' lang='lat'><strong>?</strong></span> 
     </span>
    </p>
   </div>
   <div class='ocr_carea' id='block_1_73' title="bbox 114 5301 1646 5382">
    <p class='ocr_par' dir='ltr' id='par_1_73' title="bbox 114 5301 1646 5382">
     <span class='ocr_line' id='line_1_73' title="bbox 114 5301 1646 5382; baseline -0.008 -14"><span class='ocrx_word' id='word_1_535' title='bbox 114 5301 615 5382; x_wconf 13' lang='lat' dir='ltr'>(4).,AVernaculc,</span> <span class='ocrx_word' id='word_1_536' title='bbox 652 5305 761 5361; x_wconf 86' lang='lat' dir='ltr'>sed</span> <span class='ocrx_word' id='word_1_537' title='bbox 787 5301 1316 5382; x_wconf 65' lang='lat' dir='ltr'>negligentissime,</span> <span class='ocrx_word' id='word_1_538' title='bbox 1343 5305 1646 5376; x_wconf 76' lang='lat' dir='ltr'>pourquoi</span> 
     </span>
    </p>
   </div>
   <div class='ocr_carea' id='block_1_74' title="bbox 39 5375 1224 5456">
    <p class='ocr_par' dir='ltr' id='par_1_74' title="bbox 39 5375 1224 5456">
     <span class='ocr_line' id='line_1_74' title="bbox 39 5375 1224 5456; baseline -0.008 -19"><span class='ocrx_word' id='word_1_539' title='bbox 215 5380 447 5456; x_wconf 73' lang='lat' dir='ltr'>Yeteres</span> <span class='ocrx_word' id='word_1_540' title='bbox 465 5376 749 5456; x_wconf 74' lang='lat' dir='ltr'>dicebant</span> <span class='ocrx_word' id='word_1_541' title='bbox 780 5375 995 5456; x_wconf 60' lang='lat' dir='ltr'>potius</span> <span class='ocrx_word' id='word_1_542' title='bbox 1042 5378 1122 5427; x_wconf 83' lang='grc' dir='ltr'>ὅτι</span> <span class='ocrx_word' id='word_1_543' title='bbox 1150 5392 1224 5428; x_wconf 78' lang='grc' dir='ltr'>τι.</span> 
     </span>
    </p>
   </div>
   <div class='ocr_carea' id='block_1_75' title="bbox 119 5443 1646 5529">
    <p class='ocr_par' dir='ltr' id='par_1_75' title="bbox 119 5443 1646 5529">
     <span class='ocr_line' id='line_1_75' title="bbox 119 5443 1646 5529; baseline -0.008 -22"><span class='ocrx_word' id='word_1_544' title='bbox 119 5452 200 5524; x_wconf 79' lang='grc'>(4)</span> <span class='ocrx_word' id='word_1_545' title='bbox 215 5452 612 5529; x_wconf 56' lang='lat' dir='ltr'>Joanne._n1§,</span> <span class='ocrx_word' id='word_1_546' title='bbox 638 5450 708 5529; x_wconf 46' lang='lat'>114</span> <span class='ocrx_word' id='word_1_547' title='bbox 734 5463 747 5501; x_wconf 91' lang='lat'><strong>:</strong></span> <span class='ocrx_word' id='word_1_548' title='bbox 778 5443 863 5507; x_wconf 74' lang='grc' dir='ltr'>Εἷς</span> <span class='ocrx_word' id='word_1_549' title='bbox 886 5451 1333 5529; x_wconf 58' lang='grc' dir='ltr'>τῶνστραῖιωτῶι</span> <span class='ocrx_word' id='word_1_550' title='bbox 1351 5443 1526 5529; x_wconf 77' lang='grc' dir='ltr'>λόγχη</span> <span class='ocrx_word' id='word_1_551' title='bbox 1555 5446 1646 5497; x_wconf 85' lang='grc' dir='ltr'>αύ-</span> 
     </span>
    </p>
   </div>
   <div class='ocr_carea' id='block_1_76' title="bbox 39 5513 1646 5595">
    <p class='ocr_par' dir='ltr' id='par_1_76' title="bbox 39 5513 1646 5595">
     <span class='ocr_line' id='line_1_76' title="bbox 39 5513 1646 5595; baseline -0.005 -19"><span class='ocrx_word' id='word_1_552' title='bbox 39 5513 142 5595; x_wconf 70' lang='grc' dir='ltr'>τσῦ</span> <span class='ocrx_word' id='word_1_553' title='bbox 169 5525 266 5580; x_wconf 73' lang='grc' dir='ltr'>τήν</span> <span class='ocrx_word' id='word_1_554' title='bbox 293 5520 517 5595; x_wconf 84' lang='grc' dir='ltr'>πλευρὰν</span> <span class='ocrx_word' id='word_1_555' title='bbox 564 5513 725 5584; x_wconf 68' lang='grc' dir='ltr'>ἔνυξε,</span> <span class='ocrx_word' id='word_1_556' title='bbox 764 5537 855 5570; x_wconf 81' lang='grc' dir='ltr'>και</span> <span class='ocrx_word' id='word_1_557' title='bbox 927 5513 1079 5579; x_wconf 71' lang='grc' dir='ltr'>εὐθὺς</span> <span class='ocrx_word' id='word_1_558' title='bbox 1119 5513 1323 5578; x_wconf 79' lang='grc' dir='ltr'>ἐξῆλθεν</span> <span class='ocrx_word' id='word_1_559' title='bbox 1374 5513 1513 5588; x_wconf 75' lang='grc' dir='ltr'>αἷμα</span> <span class='ocrx_word' id='word_1_560' title='bbox 1554 5535 1646 5569; x_wconf 85' lang='grc' dir='ltr'>και</span> 
     </span>
    </p>
   </div>
   <div class='ocr_carea' id='block_1_77' title="bbox 39 5592 221 5668">
    <p class='ocr_par' dir='ltr' id='par_1_77' title="bbox 39 5592 221 5668">
     <span class='ocr_line' id='line_1_77' title="bbox 39 5592 221 5668; baseline -0.011 -19"><span class='ocrx_word' id='word_1_561' title='bbox 39 5592 221 5668; x_wconf 74' lang='grc' dir='ltr'>ὕδωρ,</span> 
     </span>
    </p>
   </div>
   <div class='ocr_carea' id='block_1_78' title="bbox 1744 1847 3397 1919">
    <p class='ocr_par' dir='ltr' id='par_1_78' title="bbox 1744 1847 3397 1919">
     <span class='ocr_line' id='line_1_78' title="bbox 1744 1847 3397 1919; baseline 0.01 -22"><span class='ocrx_word' id='word_1_562' title='bbox 1744 1856 1932 1914; x_wconf 84' lang='lat' dir='ltr'>quam</span> <span class='ocrx_word' id='word_1_563' title='bbox 1965 1847 2026 1901; x_wconf 91' lang='lat' dir='ltr'>tu</span> <span class='ocrx_word' id='word_1_564' title='bbox 2052 1849 2109 1899; x_wconf 83' lang='lat' dir='ltr'>et</span> <span class='ocrx_word' id='word_1_565' title='bbox 2164 1848 2483 1919; x_wconf 82' lang='lat' dir='ltr'>exquirens</span> <span class='ocrx_word' id='word_1_566' title='bbox 2511 1863 2580 1905; x_wconf 90' lang='lat' dir='ltr'>ac</span> <span class='ocrx_word' id='word_1_567' title='bbox 2632 1847 2888 1909; x_wconf 87' lang='lat' dir='ltr'>multum</span> <span class='ocrx_word' id='word_1_568' title='bbox 2917 1847 3202 1909; x_wconf 77' lang='lat' dir='ltr'>laborans</span> <span class='ocrx_word' id='word_1_569' title='bbox 3240 1855 3397 1913; x_wconf 70' lang='lat' dir='ltr'>recte</span> 
     </span>
    </p>
   </div>
   <div class='ocr_carea' id='block_1_79' title="bbox 1744 1930 3391 2019">
    <p class='ocr_par' dir='ltr' id='par_1_79' title="bbox 1744 1930 3391 2019">
     <span class='ocr_line' id='line_1_79' title="bbox 1744 1930 3391 2019; baseline 0.005 -35"><span class='ocrx_word' id='word_1_570' title='bbox 1744 1930 2054 1998; x_wconf 83' lang='lat' dir='ltr'>inveniret,</span> <span class='ocrx_word' id='word_1_571' title='bbox 2091 1932 2262 2003; x_wconf 85' lang='lat' dir='ltr'>cujus</span> <span class='ocrx_word' id='word_1_572' title='bbox 2294 1950 2396 1990; x_wconf 88' lang='lat' dir='ltr'>cor</span> <span class='ocrx_word' id='word_1_573' title='bbox 2452 1951 2673 2019; x_wconf 76' lang='lat' dir='ltr'>purum</span> <span class='ocrx_word' id='word_1_574' title='bbox 2700 1941 2792 1995; x_wconf 78' lang='lat' dir='ltr'>est</span> <span class='ocrx_word' id='word_1_575' title='bbox 2817 1952 2888 1992; x_wconf 88' lang='lat' dir='ltr'>ac</span> <span class='ocrx_word' id='word_1_576' title='bbox 2936 1938 3124 1995; x_wconf 89' lang='lat' dir='ltr'>Deum</span> <span class='ocrx_word' id='word_1_577' title='bbox 3155 1936 3391 2008; x_wconf 86' lang='lat' dir='ltr'>videns,</span> 
     </span>
    </p>
   </div>
   <div class='ocr_carea' id='block_1_80' title="bbox 1745 2016 3395 2097">
    <p class='ocr_par' dir='ltr' id='par_1_80' title="bbox 1745 2016 3395 2097">
     <span class='ocr_line' id='line_1_80' title="bbox 1745 2016 3395 2097; baseline 0.006 -23"><span class='ocrx_word' id='word_1_578' title='bbox 1745 2016 2040 2091; x_wconf 75' lang='lat' dir='ltr'>cujusque</span> <span class='ocrx_word' id='word_1_579' title='bbox 2070 2021 2462 2091; x_wconf 78' lang='lat' dir='ltr'>cogitationes</span> <span class='ocrx_word' id='word_1_580' title='bbox 2484 2022 2565 2081; x_wconf 86' lang='lat' dir='ltr'>ad</span> <span class='ocrx_word' id='word_1_581' title='bbox 2594 2016 2757 2085; x_wconf 79' lang='lat' dir='ltr'>eum</span> <span class='ocrx_word' id='word_1_582' title='bbox 2806 2023 3197 2083; x_wconf 81' lang='lat' dir='ltr'>ascendentes</span> <span class='ocrx_word' id='word_1_583' title='bbox 3219 2024 3395 2097; x_wconf 86' lang='lat' dir='ltr'>plene</span> 
     </span>
    </p>
   </div>
   <div class='ocr_carea' id='block_1_81' title="bbox 1744 2107 3396 2186">
    <p class='ocr_par' dir='ltr' id='par_1_81' title="bbox 1744 2107 3396 2186">
     <span class='ocr_line' id='line_1_81' title="bbox 1744 2107 3396 2186; baseline 0.004 -22"><span class='ocrx_word' id='word_1_584' title='bbox 1744 2107 1900 2169; x_wconf 84' lang='lat' dir='ltr'>illius</span> <span class='ocrx_word' id='word_1_585' title='bbox 1931 2108 2208 2173; x_wconf 84' lang='lat' dir='ltr'>miranda</span> <span class='ocrx_word' id='word_1_586' title='bbox 2266 2116 2594 2183; x_wconf 86' lang='lat' dir='ltr'>penetrant,</span> <span class='ocrx_word' id='word_1_587' title='bbox 2623 2112 2704 2169; x_wconf 83' lang='lat' dir='ltr'>ita</span> <span class='ocrx_word' id='word_1_588' title='bbox 2744 2116 2889 2171; x_wconf 87' lang='lat' dir='ltr'>utet</span> <span class='ocrx_word' id='word_1_589' title='bbox 2924 2129 3065 2171; x_wconf 84' lang='lat' dir='ltr'>cum</span> <span class='ocrx_word' id='word_1_590' title='bbox 3092 2113 3303 2186; x_wconf 82' lang='lat' dir='ltr'>spiritu</span> <span class='ocrx_word' id='word_1_591' title='bbox 3322 2130 3396 2177; x_wconf 88' lang='lat' dir='ltr'>ea</span> 
     </span>
    </p>
   </div>
   <div class='ocr_carea' id='block_1_82' title="bbox 1745 2198 3394 2273">
    <p class='ocr_par' dir='ltr' id='par_1_82' title="bbox 1745 2198 3394 2273">
     <span class='ocr_line' id='line_1_82' title="bbox 1745 2198 3394 2273; baseline 0.007 -22"><span class='ocrx_word' id='word_1_592' title='bbox 1745 2213 1882 2270; x_wconf 80' lang='lat' dir='ltr'>quae</span> <span class='ocrx_word' id='word_1_593' title='bbox 1911 2203 2049 2253; x_wconf 88' lang='lat' dir='ltr'>sunt</span> <span class='ocrx_word' id='word_1_594' title='bbox 2079 2198 2328 2271; x_wconf 88' lang='lat' dir='ltr'>Spiritus</span> <span class='ocrx_word' id='word_1_595' title='bbox 2345 2199 2547 2257; x_wconf 90' lang='lat' dir='ltr'>valeas</span> <span class='ocrx_word' id='word_1_596' title='bbox 2572 2205 2906 2273; x_wconf 85' lang='lat' dir='ltr'>penetrare.</span> <span class='ocrx_word' id='word_1_597' title='bbox 2934 2202 3231 2269; x_wconf 81' lang='lat' dir='ltr'>Quoniam</span> <span class='ocrx_word' id='word_1_598' title='bbox 3251 2218 3394 2261; x_wconf 88' lang='lat' dir='ltr'>vero</span> 
     </span>
    </p>
   </div>
   <div class='ocr_carea' id='block_1_83' title="bbox 1746 2286 3389 2362">
    <p class='ocr_par' dir='ltr' id='par_1_83' title="bbox 1746 2286 3389 2362">
     <span class='ocr_line' id='line_1_83' title="bbox 1746 2286 3389 2362; baseline 0.002 -21"><span class='ocrx_word' id='word_1_599' title='bbox 1746 2299 1857 2349; x_wconf 88' lang='lat' dir='ltr'>nos</span> <span class='ocrx_word' id='word_1_600' title='bbox 1880 2289 1943 2339; x_wconf 90' lang='lat' dir='ltr'>ut</span> <span class='ocrx_word' id='word_1_601' title='bbox 1967 2290 2234 2349; x_wconf 76' lang='lat' dir='ltr'>nostram</span> <span class='ocrx_word' id='word_1_602' title='bbox 2252 2286 2603 2357; x_wconf 83' lang='lat' dir='ltr'>sententiam</span> <span class='ocrx_word' id='word_1_603' title='bbox 2639 2286 2972 2351; x_wconf 85' lang='lat' dir='ltr'>diceremus</span> <span class='ocrx_word' id='word_1_604' title='bbox 3013 2288 3280 2353; x_wconf 76' lang='lat' dir='ltr'>hortatus</span> <span class='ocrx_word' id='word_1_605' title='bbox 3307 2304 3389 2362; x_wconf 88' lang='lat' dir='ltr'>es,</span> 
     </span>
    </p>
   </div>
   <div class='ocr_carea' id='block_1_84' title="bbox 1745 2370 3389 2459">
    <p class='ocr_par' dir='ltr' id='par_1_84' title="bbox 1745 2370 3389 2459">
     <span class='ocr_line' id='line_1_84' title="bbox 1745 2370 3389 2459; baseline 0.005 -32"><span class='ocrx_word' id='word_1_606' title='bbox 1745 2370 2014 2429; x_wconf 87' lang='lat' dir='ltr'>dicemus</span> <span class='ocrx_word' id='word_1_607' title='bbox 2044 2378 2144 2433; x_wconf 88' lang='lat' dir='ltr'>tuo</span> <span class='ocrx_word' id='word_1_608' title='bbox 2175 2374 2404 2451; x_wconf 82' lang='lat' dir='ltr'>spiritui</span> <span class='ocrx_word' id='word_1_609' title='bbox 2434 2382 2491 2436; x_wconf 86' lang='lat' dir='ltr'>et</span> <span class='ocrx_word' id='word_1_610' title='bbox 2519 2376 2593 2451; x_wconf 84' lang='lat' dir='ltr'>ei,</span> <span class='ocrx_word' id='word_1_611' title='bbox 2619 2392 2756 2455; x_wconf 59' lang='lat' dir='ltr'>quas</span> <span class='ocrx_word' id='word_1_612' title='bbox 2781 2392 2855 2435; x_wconf 80' lang='lat' dir='ltr'>ex</span> <span class='ocrx_word' id='word_1_613' title='bbox 2887 2377 3019 2452; x_wconf 90' lang='lat' dir='ltr'>ipso</span> <span class='ocrx_word' id='word_1_614' title='bbox 3049 2382 3141 2437; x_wconf 90' lang='lat' dir='ltr'>est</span> <span class='ocrx_word' id='word_1_615' title='bbox 3166 2376 3389 2459; x_wconf 67' lang='lat' dir='ltr'>gratia,</span> 
     </span>
    </p>
   </div>
   <div class='ocr_carea' id='block_1_85' title="bbox 1745 2461 2133 2521">
    <p class='ocr_par' dir='ltr' id='par_1_85' title="bbox 1745 2461 2133 2521">
     <span class='ocr_line' id='line_1_85' title="bbox 1745 2461 2133 2521; baseline 0.01 -5"><span class='ocrx_word' id='word_1_616' title='bbox 1745 2461 2133 2521; x_wconf 83' lang='lat' dir='ltr'>conﬁdentes.</span> 
     </span>
    </p>
   </div>
   <div class='ocr_carea' id='block_1_86' title="bbox 1816 2727 3391 2802">
    <p class='ocr_par' dir='ltr' id='par_1_86' title="bbox 1816 2727 3391 2802">
     <span class='ocr_line' id='line_1_86' title="bbox 1816 2727 3391 2802; baseline 0.004 -20"><span class='ocrx_word' id='word_1_617' title='bbox 1816 2729 1948 2783; x_wconf 67' lang='lat' dir='ltr'>Haec</span> <span class='ocrx_word' id='word_1_618' title='bbox 1964 2727 2087 2784; x_wconf 92' lang='lat' dir='ltr'>duo</span> <span class='ocrx_word' id='word_1_619' title='bbox 2104 2732 2399 2785; x_wconf 73' lang='lat' dir='ltr'>miracula</span> <span class='ocrx_word' id='word_1_620' title='bbox 2414 2729 2476 2785; x_wconf 92' lang='lat' dir='ltr'>in</span> <span class='ocrx_word' id='word_1_621' title='bbox 2493 2745 2654 2802; x_wconf 87' lang='lat' dir='ltr'>aqua</span> <span class='ocrx_word' id='word_1_622' title='bbox 2688 2729 2848 2787; x_wconf 88' lang='lat' dir='ltr'>facta</span> <span class='ocrx_word' id='word_1_623' title='bbox 2885 2728 3180 2802; x_wconf 85' lang='lat' dir='ltr'>videmus,</span> <span class='ocrx_word' id='word_1_624' title='bbox 3200 2747 3391 2789; x_wconf 91' lang='lat' dir='ltr'>unum</span> 
     </span>
    </p>
   </div>
   <div class='ocr_carea' id='block_1_87' title="bbox 1742 2816 3391 2890">
    <p class='ocr_par' dir='ltr' id='par_1_87' title="bbox 1742 2816 3391 2890">
     <span class='ocr_line' id='line_1_87' title="bbox 1742 2816 3391 2890; baseline 0.005 -20"><span class='ocrx_word' id='word_1_625' title='bbox 1742 2816 1988 2888; x_wconf 89' lang='lat' dir='ltr'>quidem</span> <span class='ocrx_word' id='word_1_626' title='bbox 2015 2818 2278 2890; x_wconf 84' lang='lat' dir='ltr'>primum</span> <span class='ocrx_word' id='word_1_627' title='bbox 2296 2819 2570 2885; x_wconf 81' lang='lat' dir='ltr'>omnium</span> <span class='ocrx_word' id='word_1_628' title='bbox 2596 2824 2967 2890; x_wconf 81' lang='lat' dir='ltr'>caeterorum,</span> <span class='ocrx_word' id='word_1_629' title='bbox 2998 2819 3252 2881; x_wconf 85' lang='lat' dir='ltr'>alterum</span> <span class='ocrx_word' id='word_1_630' title='bbox 3281 2837 3391 2881; x_wconf 80' lang='lat' dir='ltr'>au-</span> 
     </span>
    </p>
   </div>
   <div class='ocr_carea' id='block_1_88' title="bbox 1743 2905 3392 2987">
    <p class='ocr_par' dir='ltr' id='par_1_88' title="bbox 1743 2905 3392 2987">
     <span class='ocr_line' id='line_1_88' title="bbox 1743 2905 3392 2987; baseline 0.005 -28"><span class='ocrx_word' id='word_1_631' title='bbox 1743 2908 1862 2960; x_wconf 87' lang='lat' dir='ltr'>tem</span> <span class='ocrx_word' id='word_1_632' title='bbox 1897 2905 2177 2963; x_wconf 87' lang='lat' dir='ltr'>uItimum</span> <span class='ocrx_word' id='word_1_633' title='bbox 2214 2906 2493 2977; x_wconf 80' lang='lat' dir='ltr'>aliorum,</span> <span class='ocrx_word' id='word_1_634' title='bbox 2542 2913 2599 2965; x_wconf 88' lang='lat' dir='ltr'>et</span> <span class='ocrx_word' id='word_1_635' title='bbox 2644 2910 2704 2971; x_wconf 81' lang='lat' dir='ltr'>in</span> <span class='ocrx_word' id='word_1_636' title='bbox 2754 2925 2949 2971; x_wconf 81' lang='lat' dir='ltr'>cruce,</span> <span class='ocrx_word' id='word_1_637' title='bbox 3005 2912 3071 2967; x_wconf 88' lang='lat' dir='ltr'>Et</span> <span class='ocrx_word' id='word_1_638' title='bbox 3124 2910 3392 2987; x_wconf 82' lang='lat' dir='ltr'>primum</span> 
     </span>
    </p>
   </div>
   <div class='ocr_carea' id='block_1_89' title="bbox 1742 2993 3389 3075">
    <p class='ocr_par' dir='ltr' id='par_1_89' title="bbox 1742 2993 3389 3075">
     <span class='ocr_line' id='line_1_89' title="bbox 1742 2993 3389 3075; baseline 0.007 -27"><span class='ocrx_word' id='word_1_639' title='bbox 1742 2993 1988 3069; x_wconf 89' lang='lat' dir='ltr'>quidem</span> <span class='ocrx_word' id='word_1_640' title='bbox 2036 2993 2182 3051; x_wconf 90' lang='lat' dir='ltr'>illud</span> <span class='ocrx_word' id='word_1_641' title='bbox 2233 3000 2322 3050; x_wconf 84' lang='lat' dir='ltr'>est</span> <span class='ocrx_word' id='word_1_642' title='bbox 2371 2995 2538 3069; x_wconf 86' lang='lat' dir='ltr'>quod</span> <span class='ocrx_word' id='word_1_643' title='bbox 2583 2995 2645 3052; x_wconf 87' lang='lat' dir='ltr'>in</span> <span class='ocrx_word' id='word_1_644' title='bbox 2696 2998 2860 3057; x_wconf 83' lang='lat' dir='ltr'>Cana</span> <span class='ocrx_word' id='word_1_645' title='bbox 2915 2998 3077 3065; x_wconf 79' lang='lat' dir='ltr'>etin</span> <span class='ocrx_word' id='word_1_646' title='bbox 3140 2998 3389 3075; x_wconf 80' lang='lat' dir='ltr'>nuptiis,</span> 
     </span>
    </p>
   </div>
   <div class='ocr_carea' id='block_1_90' title="bbox 1676 3081 3388 3169">
    <p class='ocr_par' dir='ltr' id='par_1_90' title="bbox 1676 3081 3388 3169">
     <span class='ocr_line' id='line_1_90' title="bbox 1676 3081 3388 3169; baseline 0.005 -33"><span class='ocrx_word' id='word_1_647' title='bbox 1676 3081 1908 3169; x_wconf 75' lang='lat' dir='ltr'>Cquod</span> <span class='ocrx_word' id='word_1_648' title='bbox 1967 3098 2128 3138; x_wconf 88' lang='lat' dir='ltr'>nunc</span> <span class='ocrx_word' id='word_1_649' title='bbox 2189 3082 2628 3155; x_wconf 74' lang='lat' dir='ltr'>explanamus;</span> <span class='ocrx_word' id='word_1_650' title='bbox 2658 3100 2821 3158; x_wconf 81' lang='lat' dir='ltr'>aqua</span> <span class='ocrx_word' id='word_1_651' title='bbox 2884 3102 3027 3151; x_wconf 77' lang='lat' dir='ltr'>vero</span> <span class='ocrx_word' id='word_1_652' title='bbox 3091 3086 3153 3143; x_wconf 91' lang='lat' dir='ltr'>in</span> <span class='ocrx_word' id='word_1_653' title='bbox 3210 3102 3388 3151; x_wconf 82' lang='lat' dir='ltr'>cruce</span> 
     </span>
    </p>
   </div>
   <div class='ocr_carea' id='block_1_91' title="bbox 1741 3170 3386 3238">
    <p class='ocr_par' dir='ltr' id='par_1_91' title="bbox 1741 3170 3386 3238">
     <span class='ocr_line' id='line_1_91' title="bbox 1741 3170 3386 3238; baseline 0.004 -13"><span class='ocrx_word' id='word_1_654' title='bbox 1741 3170 1933 3227; x_wconf 72' lang='lat' dir='ltr'>effusa</span> <span class='ocrx_word' id='word_1_655' title='bbox 1971 3186 2044 3227; x_wconf 84' lang='lat' dir='ltr'>ex</span> <span class='ocrx_word' id='word_1_656' title='bbox 2086 3170 2407 3227; x_wconf 89' lang='lat' dir='ltr'>Salvatoris</span> <span class='ocrx_word' id='word_1_657' title='bbox 2463 3170 2663 3238; x_wconf 89' lang='lat' dir='ltr'>latere,</span> <span class='ocrx_word' id='word_1_658' title='bbox 2711 3172 2923 3230; x_wconf 91' lang='lat' dir='ltr'>ultimo</span> <span class='ocrx_word' id='word_1_659' title='bbox 2977 3174 3269 3231; x_wconf 91' lang='lat' dir='ltr'>miraculo</span> <span class='ocrx_word' id='word_1_660' title='bbox 3322 3175 3386 3231; x_wconf 89' lang='lat' dir='ltr'>in</span> 
     </span>
    </p>
   </div>
   <div class='ocr_carea' id='block_1_92' title="bbox 1741 3259 3386 3336">
    <p class='ocr_par' dir='ltr' id='par_1_92' title="bbox 1741 3259 3386 3336">
     <span class='ocr_line' id='line_1_92' title="bbox 1741 3259 3386 3336; baseline 0.003 -22"><span class='ocrx_word' id='word_1_661' title='bbox 1741 3275 1965 3330; x_wconf 89' lang='lat' dir='ltr'>aquam</span> <span class='ocrx_word' id='word_1_662' title='bbox 2016 3274 2303 3316; x_wconf 89' lang='lat' dir='ltr'>converso</span> <span class='ocrx_word' id='word_1_663' title='bbox 2350 3259 2555 3316; x_wconf 86' lang='lat' dir='ltr'>divino</span> <span class='ocrx_word' id='word_1_664' title='bbox 2603 3260 2916 3331; x_wconf 81' lang='lat' dir='ltr'>sanguine,</span> <span class='ocrx_word' id='word_1_665' title='bbox 2965 3267 3030 3318; x_wconf 91' lang='lat' dir='ltr'>ut</span> <span class='ocrx_word' id='word_1_666' title='bbox 3075 3262 3136 3318; x_wconf 86' lang='lat' dir='ltr'>in</span> <span class='ocrx_word' id='word_1_667' title='bbox 3187 3262 3386 3336; x_wconf 84' lang='lat' dir='ltr'>primo</span> 
     </span>
    </p>
   </div>
   <div class='ocr_carea' id='block_1_93' title="bbox 1740 3348 2800 3423">
    <p class='ocr_par' dir='ltr' id='par_1_93' title="bbox 1740 3348 2800 3423">
     <span class='ocr_line' id='line_1_93' title="bbox 1740 3348 2800 3423; baseline 0.002 -20"><span class='ocrx_word' id='word_1_668' title='bbox 1740 3348 2002 3403; x_wconf 89' lang='lat' dir='ltr'>Christus</span> <span class='ocrx_word' id='word_1_669' title='bbox 2023 3348 2154 3423; x_wconf 89' lang='lat' dir='ltr'>ipse</span> <span class='ocrx_word' id='word_1_670' title='bbox 2182 3349 2243 3404; x_wconf 88' lang='lat' dir='ltr'>in</span> <span class='ocrx_word' id='word_1_671' title='bbox 2260 3348 2466 3404; x_wconf 88' lang='lat' dir='ltr'>vinum</span> <span class='ocrx_word' id='word_1_672' title='bbox 2495 3349 2800 3406; x_wconf 90' lang='lat' dir='ltr'>convertit.</span> 
     </span>
    </p>
   </div>
   <div class='ocr_carea' id='block_1_94' title="bbox 1807 3523 3382 3599">
    <p class='ocr_par' dir='ltr' id='par_1_94' title="bbox 1807 3523 3382 3599">
     <span class='ocr_line' id='line_1_94' title="bbox 1807 3523 3382 3599; baseline 0.003 -18"><span class='ocrx_word' id='word_1_673' title='bbox 1807 3528 1997 3598; x_wconf 84' lang='lat' dir='ltr'>Atque</span> <span class='ocrx_word' id='word_1_674' title='bbox 2034 3524 2250 3599; x_wconf 86' lang='lat' dir='ltr'>opinor</span> <span class='ocrx_word' id='word_1_675' title='bbox 2284 3524 2364 3583; x_wconf 91' lang='lat' dir='ltr'>ad</span> <span class='ocrx_word' id='word_1_676' title='bbox 2389 3523 2550 3591; x_wconf 81' lang='lat' dir='ltr'>idem</span> <span class='ocrx_word' id='word_1_677' title='bbox 2575 3525 2759 3587; x_wconf 88' lang='lat' dir='ltr'>ambo</span> <span class='ocrx_word' id='word_1_678' title='bbox 2786 3525 3082 3585; x_wconf 85' lang='lat' dir='ltr'>miracula</span> <span class='ocrx_word' id='word_1_679' title='bbox 3118 3528 3382 3597; x_wconf 85' lang='lat' dir='ltr'>tendere,</span> 
     </span>
    </p>
   </div>
   <div class='ocr_carea' id='block_1_95' title="bbox 1736 3614 3385 3688">
    <p class='ocr_par' dir='ltr' id='par_1_95' title="bbox 1736 3614 3385 3688">
     <span class='ocr_line' id='line_1_95' title="bbox 1736 3614 3385 3688; baseline 0.004 -19"><span class='ocrx_word' id='word_1_680' title='bbox 1736 3614 2002 3685; x_wconf 89' lang='lat' dir='ltr'>primum</span> <span class='ocrx_word' id='word_1_681' title='bbox 2032 3631 2103 3671; x_wconf 92' lang='lat' dir='ltr'>ac</span> <span class='ocrx_word' id='word_1_682' title='bbox 2139 3615 2438 3672; x_wconf 91' lang='lat' dir='ltr'>ultimum.</span> <span class='ocrx_word' id='word_1_683' title='bbox 2481 3616 2567 3672; x_wconf 89' lang='lat' dir='ltr'>Ibi</span> <span class='ocrx_word' id='word_1_684' title='bbox 2596 3615 2757 3672; x_wconf 89' lang='lat' dir='ltr'>enim</span> <span class='ocrx_word' id='word_1_685' title='bbox 2786 3616 3032 3688; x_wconf 75' lang='lat' dir='ltr'>nuptias,</span> <span class='ocrx_word' id='word_1_686' title='bbox 3065 3622 3124 3673; x_wconf 76' lang='lat' dir='ltr'>et</span> <span class='ocrx_word' id='word_1_687' title='bbox 3149 3633 3255 3675; x_wconf 85' lang='lat' dir='ltr'>eas</span> <span class='ocrx_word' id='word_1_688' title='bbox 3280 3618 3385 3675; x_wconf 89' lang='lat' dir='ltr'>ho-</span> 
     </span>
    </p>
   </div>
   <div class='ocr_carea' id='block_1_96' title="bbox 1737 3704 3385 3775">
    <p class='ocr_par' dir='ltr' id='par_1_96' title="bbox 1737 3704 3385 3775">
     <span class='ocr_line' id='line_1_96' title="bbox 1737 3704 3385 3775; baseline 0.003 -17"><span class='ocrx_word' id='word_1_689' title='bbox 1737 3708 1914 3759; x_wconf 91' lang='lat' dir='ltr'>norat</span> <span class='ocrx_word' id='word_1_690' title='bbox 1926 3706 2098 3771; x_wconf 90' lang='lat' dir='ltr'>Deus,</span> <span class='ocrx_word' id='word_1_691' title='bbox 2110 3704 2255 3775; x_wconf 87' lang='lat' dir='ltr'>quia</span> <span class='ocrx_word' id='word_1_692' title='bbox 2267 3719 2415 3760; x_wconf 88' lang='lat' dir='ltr'>sane</span> <span class='ocrx_word' id='word_1_693' title='bbox 2425 3704 2793 3763; x_wconf 76' lang='lat' dir='ltr'>honorandae</span> <span class='ocrx_word' id='word_1_694' title='bbox 2807 3710 2948 3767; x_wconf 77' lang='lat' dir='ltr'>sunt</span> <span class='ocrx_word' id='word_1_695' title='bbox 2971 3721 2985 3771; x_wconf 88' lang='lat'><strong>;</strong></span> <span class='ocrx_word' id='word_1_696' title='bbox 3012 3705 3385 3765; x_wconf 67' lang='lat' dir='ltr'>honoranda</span> 
     </span>
    </p>
   </div>
   <div class='ocr_carea' id='block_1_97' title="bbox 1738 3792 3390 3869">
    <p class='ocr_par' dir='ltr' id='par_1_97' title="bbox 1738 3792 3390 3869">
     <span class='ocr_line' id='line_1_97' title="bbox 1738 3792 3390 3869; baseline 0.004 -22"><span class='ocrx_word' id='word_1_697' title='bbox 1738 3798 1939 3848; x_wconf 87' lang='lat' dir='ltr'>autem</span> <span class='ocrx_word' id='word_1_698' title='bbox 1957 3798 2112 3863; x_wconf 88' lang='lat' dir='ltr'>sunt,</span> <span class='ocrx_word' id='word_1_699' title='bbox 2127 3792 2462 3850; x_wconf 86' lang='lat' dir='ltr'>futurorum</span> <span class='ocrx_word' id='word_1_700' title='bbox 2476 3793 2737 3850; x_wconf 85' lang='lat' dir='ltr'>filiorum</span> <span class='ocrx_word' id='word_1_701' title='bbox 2753 3810 2958 3866; x_wconf 88' lang='lat' dir='ltr'>causa,</span> <span class='ocrx_word' id='word_1_702' title='bbox 2971 3811 3126 3867; x_wconf 90' lang='lat' dir='ltr'>quos</span> <span class='ocrx_word' id='word_1_703' title='bbox 3138 3796 3390 3869; x_wconf 83' lang='lat' dir='ltr'>adoptat</span> 
     </span>
    </p>
   </div>
   <div class='ocr_carea' id='block_1_98' title="bbox 1740 3881 3388 3957">
    <p class='ocr_par' dir='ltr' id='par_1_98' title="bbox 1740 3881 3388 3957">
     <span class='ocr_line' id='line_1_98' title="bbox 1740 3881 3388 3957; baseline 0.001 -19"><span class='ocrx_word' id='word_1_704' title='bbox 1740 3881 2020 3953; x_wconf 87' lang='lat' dir='ltr'>Christus,</span> <span class='ocrx_word' id='word_1_705' title='bbox 2055 3897 2125 3937; x_wconf 86' lang='lat' dir='ltr'>ac</span> <span class='ocrx_word' id='word_1_706' title='bbox 2168 3884 2397 3937; x_wconf 84' lang='lat' dir='ltr'>Patrem</span> <span class='ocrx_word' id='word_1_707' title='bbox 2437 3897 2648 3938; x_wconf 88' lang='lat' dir='ltr'>eorum</span> <span class='ocrx_word' id='word_1_708' title='bbox 2687 3897 2819 3937; x_wconf 90' lang='lat' dir='ltr'>esse</span> <span class='ocrx_word' id='word_1_709' title='bbox 2866 3882 3009 3938; x_wconf 88' lang='lat' dir='ltr'>dicit</span> <span class='ocrx_word' id='word_1_710' title='bbox 3056 3887 3242 3939; x_wconf 90' lang='lat' dir='ltr'>Deum</span> <span class='ocrx_word' id='word_1_711' title='bbox 3284 3900 3388 3957; x_wconf 89' lang='lat' dir='ltr'>pa-</span> 
     </span>
    </p>
   </div>
   <div class='ocr_carea' id='block_1_99' title="bbox 1740 3970 3389 4036">
    <p class='ocr_par' dir='ltr' id='par_1_99' title="bbox 1740 3970 3389 4036">
     <span class='ocr_line' id='line_1_99' title="bbox 1740 3970 3389 4036; baseline 0.001 -10"><span class='ocrx_word' id='word_1_712' title='bbox 1740 3975 1887 4026; x_wconf 86' lang='lat' dir='ltr'>trem</span> <span class='ocrx_word' id='word_1_713' title='bbox 1919 3986 2117 4036; x_wconf 86' lang='lat' dir='ltr'>suum,</span> <span class='ocrx_word' id='word_1_714' title='bbox 2176 3975 2233 4026; x_wconf 88' lang='lat' dir='ltr'>et</span> <span class='ocrx_word' id='word_1_715' title='bbox 2276 3970 2553 4026; x_wconf 91' lang='lat' dir='ltr'>homines</span> <span class='ocrx_word' id='word_1_716' title='bbox 2590 3970 2794 4025; x_wconf 88' lang='lat' dir='ltr'>incitat</span> <span class='ocrx_word' id='word_1_717' title='bbox 2834 3976 2902 4026; x_wconf 90' lang='lat' dir='ltr'>ut</span> <span class='ocrx_word' id='word_1_718' title='bbox 2941 3986 3081 4026; x_wconf 89' lang='lat' dir='ltr'>eum</span> <span class='ocrx_word' id='word_1_719' title='bbox 3111 3972 3389 4027; x_wconf 88' lang='lat' dir='ltr'>invocare</span> 
     </span>
    </p>
   </div>
   <div class='ocr_carea' id='block_1_100' title="bbox 1742 4057 3388 4124">
    <p class='ocr_par' dir='ltr' id='par_1_100' title="bbox 1742 4057 3388 4124">
     <span class='ocr_line' id='line_1_100' title="bbox 1742 4057 3388 4124; baseline 0.003 -12"><span class='ocrx_word' id='word_1_720' title='bbox 1742 4058 2075 4114; x_wconf 87' lang='lat' dir='ltr'>secundum</span> <span class='ocrx_word' id='word_1_721' title='bbox 2090 4059 2247 4114; x_wconf 90' lang='lat' dir='ltr'>hanc</span> <span class='ocrx_word' id='word_1_722' title='bbox 2257 4057 2610 4115; x_wconf 90' lang='lat' dir='ltr'>relationem</span> <span class='ocrx_word' id='word_1_723' title='bbox 2622 4058 2901 4114; x_wconf 88' lang='lat' dir='ltr'>audeant.</span> <span class='ocrx_word' id='word_1_724' title='bbox 2919 4059 3172 4124; x_wconf 87' lang='lat' dir='ltr'>Quando</span> <span class='ocrx_word' id='word_1_725' title='bbox 3187 4064 3388 4117; x_wconf 88' lang='lat' dir='ltr'>autem</span> 
     </span>
    </p>
   </div>
   <div class='ocr_carea' id='block_1_101' title="bbox 1740 4145 3390 4219">
    <p class='ocr_par' dir='ltr' id='par_1_101' title="bbox 1740 4145 3390 4219">
     <span class='ocr_line' id='line_1_101' title="bbox 1740 4145 3390 4219; baseline 0.002 -18"><span class='ocrx_word' id='word_1_726' title='bbox 1740 4146 1801 4201; x_wconf 86' lang='lat' dir='ltr'>id</span> <span class='ocrx_word' id='word_1_727' title='bbox 1825 4150 1985 4216; x_wconf 87' lang='lat' dir='ltr'>sunt,</span> <span class='ocrx_word' id='word_1_728' title='bbox 2004 4153 2059 4203; x_wconf 89' lang='lat' dir='ltr'>et</span> <span class='ocrx_word' id='word_1_729' title='bbox 2079 4145 2326 4219; x_wconf 90' lang='lat' dir='ltr'>quando</span> <span class='ocrx_word' id='word_1_730' title='bbox 2343 4162 2482 4202; x_wconf 91' lang='lat' dir='ltr'>eum</span> <span class='ocrx_word' id='word_1_731' title='bbox 2510 4146 2769 4217; x_wconf 89' lang='lat' dir='ltr'>legitime</span> <span class='ocrx_word' id='word_1_732' title='bbox 2792 4147 3121 4204; x_wconf 87' lang='lat' dir='ltr'>invocant?</span> <span class='ocrx_word' id='word_1_733' title='bbox 3138 4149 3390 4213; x_wconf 88' lang='lat' dir='ltr'>Quando</span> 
     </span>
    </p>
   </div>
   <div class='ocr_carea' id='block_1_102' title="bbox 1746 4235 3391 4309">
    <p class='ocr_par' dir='ltr' id='par_1_102' title="bbox 1746 4235 3391 4309">
     <span class='ocr_line' id='line_1_102' title="bbox 1746 4235 3391 4309; baseline 0.001 -18"><span class='ocrx_word' id='word_1_734' title='bbox 1746 4252 1892 4292; x_wconf 88' lang='lat' dir='ltr'>saue</span> <span class='ocrx_word' id='word_1_735' title='bbox 1933 4252 2038 4308; x_wconf 80' lang='lat' dir='ltr'>per</span> <span class='ocrx_word' id='word_1_736' title='bbox 2085 4252 2309 4309; x_wconf 90' lang='lat' dir='ltr'>aquam</span> <span class='ocrx_word' id='word_1_737' title='bbox 2358 4252 2429 4292; x_wconf 89' lang='lat' dir='ltr'>ac</span> <span class='ocrx_word' id='word_1_738' title='bbox 2469 4235 2750 4307; x_wconf 89' lang='lat' dir='ltr'>Spiritum</span> <span class='ocrx_word' id='word_1_739' title='bbox 2808 4236 3139 4305; x_wconf 86' lang='lat' dir='ltr'>regenerati</span> <span class='ocrx_word' id='word_1_740' title='bbox 3188 4239 3391 4293; x_wconf 90' lang='lat' dir='ltr'>Jesum</span> 
     </span>
    </p>
   </div>
   <div class='ocr_carea' id='block_1_103' title="bbox 1744 4323 3396 4398">
    <p class='ocr_par' dir='ltr' id='par_1_103' title="bbox 1744 4323 3396 4398">
     <span class='ocr_line' id='line_1_103' title="bbox 1744 4323 3396 4398; baseline 0.001 -17"><span class='ocrx_word' id='word_1_741' title='bbox 1744 4325 2045 4381; x_wconf 79' lang='lat' dir='ltr'>Christum</span> <span class='ocrx_word' id='word_1_742' title='bbox 2074 4329 2265 4380; x_wconf 88' lang='lat' dir='ltr'>totum</span> <span class='ocrx_word' id='word_1_743' title='bbox 2287 4323 2484 4380; x_wconf 85' lang='lat' dir='ltr'>ferunt</span> <span class='ocrx_word' id='word_1_744' title='bbox 2499 4324 2930 4396; x_wconf 88' lang='lat' dir='ltr'>sempiternum</span> <span class='ocrx_word' id='word_1_745' title='bbox 2946 4330 3007 4380; x_wconf 86' lang='lat' dir='ltr'>et</span> <span class='ocrx_word' id='word_1_746' title='bbox 3034 4325 3396 4398; x_wconf 89' lang='lat' dir='ltr'>incorrupti-</span> 
     </span>
    </p>
   </div>
   <div class='ocr_carea' id='block_1_104' title="bbox 1742 4411 3395 4488">
    <p class='ocr_par' dir='ltr' id='par_1_104' title="bbox 1742 4411 3395 4488">
     <span class='ocr_line' id='line_1_104' title="bbox 1742 4411 3395 4488; baseline 0.002 -18"><span class='ocrx_word' id='word_1_747' title='bbox 1742 4414 1863 4470; x_wconf 89' lang='lat' dir='ltr'>bile</span> <span class='ocrx_word' id='word_1_748' title='bbox 1882 4413 2328 4470; x_wconf 87' lang='lat' dir='ltr'>vestimentum.</span> <span class='ocrx_word' id='word_1_749' title='bbox 2360 4413 2515 4479; x_wconf 85' lang='lat' dir='ltr'>Quid</span> <span class='ocrx_word' id='word_1_750' title='bbox 2543 4412 2806 4485; x_wconf 89' lang='lat' dir='ltr'>denique</span> <span class='ocrx_word' id='word_1_751' title='bbox 2827 4411 2855 4465; x_wconf 72' lang='lat'><strong><em>7</em></strong></span> <span class='ocrx_word' id='word_1_752' title='bbox 2887 4416 3038 4470; x_wconf 84' lang='lat' dir='ltr'>Fons</span> <span class='ocrx_word' id='word_1_753' title='bbox 3067 4414 3395 4488; x_wconf 88' lang='lat' dir='ltr'>baptisma-</span> 
     </span>
    </p>
   </div>
   <div class='ocr_carea' id='block_1_105' title="bbox 1750 4502 3395 4574">
    <p class='ocr_par' dir='ltr' id='par_1_105' title="bbox 1750 4502 3395 4574">
     <span class='ocr_line' id='line_1_105' title="bbox 1750 4502 3395 4574; baseline 0.001 -16"><span class='ocrx_word' id='word_1_754' title='bbox 1750 4503 1821 4558; x_wconf 89' lang='lat' dir='ltr'>tis</span> <span class='ocrx_word' id='word_1_755' title='bbox 1843 4502 2191 4558; x_wconf 89' lang='lat' dir='ltr'>manifestus</span> <span class='ocrx_word' id='word_1_756' title='bbox 2223 4506 2409 4558; x_wconf 81' lang='lat' dir='ltr'>estex</span> <span class='ocrx_word' id='word_1_757' title='bbox 2439 4518 2564 4574; x_wconf 90' lang='lat' dir='ltr'>quo</span> <span class='ocrx_word' id='word_1_758' title='bbox 2610 4516 3060 4572; x_wconf 87' lang='lat' dir='ltr'>regeneramur.</span> <span class='ocrx_word' id='word_1_759' title='bbox 3091 4504 3265 4570; x_wconf 87' lang='lat' dir='ltr'>Quod</span> <span class='ocrx_word' id='word_1_760' title='bbox 3292 4521 3395 4561; x_wconf 90' lang='lat' dir='ltr'>au-</span> 
     </span>
    </p>
   </div>
   <div class='ocr_carea' id='block_1_106' title="bbox 1749 4590 3400 4663">
    <p class='ocr_par' dir='ltr' id='par_1_106' title="bbox 1749 4590 3400 4663">
     <span class='ocr_line' id='line_1_106' title="bbox 1749 4590 3400 4663; baseline 0.002 -17"><span class='ocrx_word' id='word_1_761' title='bbox 1749 4595 1868 4646; x_wconf 90' lang='lat' dir='ltr'>tem</span> <span class='ocrx_word' id='word_1_762' title='bbox 1896 4596 1989 4647; x_wconf 91' lang='lat' dir='ltr'>est</span> <span class='ocrx_word' id='word_1_763' title='bbox 2026 4590 2292 4663; x_wconf 87' lang='lat' dir='ltr'>spiritus,</span> <span class='ocrx_word' id='word_1_764' title='bbox 2337 4590 2632 4646; x_wconf 88' lang='lat' dir='ltr'>invisibile</span> <span class='ocrx_word' id='word_1_765' title='bbox 2676 4595 2785 4658; x_wconf 90' lang='lat' dir='ltr'>est,</span> <span class='ocrx_word' id='word_1_766' title='bbox 2816 4595 2874 4646; x_wconf 87' lang='lat' dir='ltr'>et</span> <span class='ocrx_word' id='word_1_767' title='bbox 2920 4590 3271 4649; x_wconf 88' lang='lat' dir='ltr'>inﬁdelibus</span> <span class='ocrx_word' id='word_1_768' title='bbox 3292 4593 3400 4649; x_wconf 90' lang='lat' dir='ltr'>mi-</span> 
     </span>
    </p>
   </div>
   <div class='ocr_carea' id='block_1_107' title="bbox 1750 4678 3399 4752">
    <p class='ocr_par' dir='ltr' id='par_1_107' title="bbox 1750 4678 3399 4752">
     <span class='ocr_line' id='line_1_107' title="bbox 1750 4678 3399 4752; baseline 0.003 -18"><span class='ocrx_word' id='word_1_769' title='bbox 1750 4681 1911 4736; x_wconf 89' lang='lat' dir='ltr'>nime</span> <span class='ocrx_word' id='word_1_770' title='bbox 1933 4678 2213 4741; x_wconf 85' lang='lat' dir='ltr'>credibile</span> <span class='ocrx_word' id='word_1_771' title='bbox 2238 4683 2430 4743; x_wconf 77' lang='lat' dir='ltr'>est-tot</span> <span class='ocrx_word' id='word_1_772' title='bbox 2449 4684 2506 4735; x_wconf 83' lang='lat' dir='ltr'>at</span> <span class='ocrx_word' id='word_1_773' title='bbox 2528 4683 2698 4739; x_wconf 82' lang='lat' dir='ltr'>tanta</span> <span class='ocrx_word' id='word_1_774' title='bbox 2718 4693 2905 4751; x_wconf 86' lang='lat' dir='ltr'>supra</span> <span class='ocrx_word' id='word_1_775' title='bbox 2922 4686 3194 4736; x_wconf 86' lang='lat' dir='ltr'>naturam</span> <span class='ocrx_word' id='word_1_776' title='bbox 3218 4696 3399 4752; x_wconf 86' lang='lat' dir='ltr'>posse</span> 
     </span>
    </p>
   </div>
   <div class='ocr_carea' id='block_1_108' title="bbox 1751 4754 3400 4842">
    <p class='ocr_par' dir='ltr' id='par_1_108' title="bbox 1751 4754 3400 4842">
     <span class='ocr_line' id='line_1_108' title="bbox 1751 4754 3400 4842; baseline 0 -15"><span class='ocrx_word' id='word_1_777' title='bbox 1751 4783 1976 4841; x_wconf 92' lang='lat' dir='ltr'>aquam</span> <span class='ocrx_word' id='word_1_778' title='bbox 1992 4766 2244 4831; x_wconf 74' lang='lat' dir='ltr'>efﬁcere.</span> <span class='ocrx_word' id='word_1_779' title='bbox 2267 4769 2396 4825; x_wconf 85' lang='lat' dir='ltr'>Non</span> <span class='ocrx_word' id='word_1_780' title='bbox 2409 4754 2573 4825; x_wconf 78' lang='lat' dir='ltr'>enim</span> <span class='ocrx_word' id='word_1_781' title='bbox 2594 4767 2799 4827; x_wconf 78' lang='lat' dir='ltr'>vident</span> <span class='ocrx_word' id='word_1_782' title='bbox 2830 4768 3137 4839; x_wconf 90' lang='lat' dir='ltr'>Spiritum,</span> <span class='ocrx_word' id='word_1_783' title='bbox 3167 4775 3224 4825; x_wconf 92' lang='lat' dir='ltr'>et</span> <span class='ocrx_word' id='word_1_784' title='bbox 3253 4770 3400 4842; x_wconf 90' lang='lat' dir='ltr'>quia</span> 
     </span>
    </p>
   </div>
   <div class='ocr_carea' id='block_1_109' title="bbox 1751 4855 3398 4928">
    <p class='ocr_par' dir='ltr' id='par_1_109' title="bbox 1751 4855 3398 4928">
     <span class='ocr_line' id='line_1_109' title="bbox 1751 4855 3398 4928; baseline 0.001 -15"><span class='ocrx_word' id='word_1_785' title='bbox 1751 4874 1891 4913; x_wconf 91' lang='lat' dir='ltr'>eum</span> <span class='ocrx_word' id='word_1_786' title='bbox 1910 4873 2035 4914; x_wconf 92' lang='lat' dir='ltr'>non</span> <span class='ocrx_word' id='word_1_787' title='bbox 2050 4856 2275 4924; x_wconf 91' lang='lat' dir='ltr'>vident,</span> <span class='ocrx_word' id='word_1_788' title='bbox 2302 4872 2500 4928; x_wconf 91' lang='lat' dir='ltr'>neque</span> <span class='ocrx_word' id='word_1_789' title='bbox 2513 4855 2850 4926; x_wconf 90' lang='lat' dir='ltr'>intelligunt</span> <span class='ocrx_word' id='word_1_790' title='bbox 2865 4857 3398 4914; x_wconf 84' lang='lat' dir='ltr'>commutationem</span> 
     </span>
    </p>
   </div>
   <div class='ocr_carea' id='block_1_110' title="bbox 1823 5086 3402 5161">
    <p class='ocr_par' dir='ltr' id='par_1_110' title="bbox 1823 5086 3402 5161">
     <span class='ocr_line' id='line_1_110' title="bbox 1823 5086 3402 5161; baseline -0.003 -15"><span class='ocrx_word' id='word_1_791' title='bbox 1823 5090 1900 5161; x_wconf 80' lang='lat'>(5)</span> <span class='ocrx_word' id='word_1_792' title='bbox 1958 5088 2273 5159; x_wconf 88' lang='lat' dir='ltr'>Gregorius</span> <span class='ocrx_word' id='word_1_793' title='bbox 2338 5090 2475 5144; x_wconf 89' lang='lat' dir='ltr'>Naz.</span> <span class='ocrx_word' id='word_1_794' title='bbox 2532 5086 2667 5161; x_wconf 60' lang='lat' dir='ltr'>Ora,</span> <span class='ocrx_word' id='word_1_795' title='bbox 2721 5101 2810 5152; x_wconf 73' lang='grc' dir='ltr'>χι,</span> <span class='ocrx_word' id='word_1_796' title='bbox 2860 5101 2924 5157; x_wconf 90' lang='lat' dir='ltr'>p.</span> <span class='ocrx_word' id='word_1_797' title='bbox 2983 5089 3402 5160; x_wconf 75' lang='grc' dir='ltr'>648εΜιμήσοο</span> 
     </span>
    </p>
   </div>
   <div class='ocr_carea' id='block_1_111' title="bbox 1751 5158 3403 5235">
    <p class='ocr_par' dir='ltr' id='par_1_111' title="bbox 1751 5158 3403 5235">
     <span class='ocr_line' id='line_1_111' title="bbox 1751 5158 3403 5235; baseline -0.001 -22"><span class='ocrx_word' id='word_1_798' title='bbox 1751 5158 1849 5234; x_wconf 83' lang='grc' dir='ltr'>μαι</span> <span class='ocrx_word' id='word_1_799' title='bbox 1882 5158 2135 5235; x_wconf 50' lang='grc' dir='ltr'>’Χριστόν</span> <span class='ocrx_word' id='word_1_800' title='bbox 2174 5204 2187 5216; x_wconf 90' lang='grc'><strong>.</strong></span> <span class='ocrx_word' id='word_1_801' title='bbox 2244 5203 2259 5217; x_wconf 85' lang='grc'><strong>.</strong></span> <span class='ocrx_word' id='word_1_802' title='bbox 2312 5200 2328 5215; x_wconf 88' lang='grc'><strong>.</strong></span> <span class='ocrx_word' id='word_1_803' title='bbox 2374 5162 2445 5235; x_wconf 18' lang='grc' dir='ltr'>ὅςέ</span> <span class='ocrx_word' id='word_1_804' title='bbox 2488 5162 2578 5209; x_wconf 86' lang='grc' dir='ltr'>καὶ</span> <span class='ocrx_word' id='word_1_805' title='bbox 2641 5158 3028 5232; x_wconf 87' lang='grc' dir='ltr'>θαυματουργεί</span> <span class='ocrx_word' id='word_1_806' title='bbox 3094 5158 3245 5235; x_wconf 62' lang='grc' dir='ltr'>γάμῳ</span> <span class='ocrx_word' id='word_1_807' title='bbox 3311 5164 3403 5212; x_wconf 84' lang='grc' dir='ltr'>καὶ</span> 
     </span>
    </p>
   </div>
   <div class='ocr_carea' id='block_1_112' title="bbox 1752 5233 3177 5306">
    <p class='ocr_par' dir='ltr' id='par_1_112' title="bbox 1752 5233 3177 5306">
     <span class='ocr_line' id='line_1_112' title="bbox 1752 5233 3177 5306; baseline -0.004 0"><span class='ocrx_word' id='word_1_808' title='bbox 1752 5233 1892 5306; x_wconf 14' lang='grc' dir='ltr'>τιμᾶ)</span> <span class='ocrx_word' id='word_1_809' title='bbox 1921 5233 2179 5306; x_wconf 54' lang='grc' dir='ltr'>σξιξγγίαν</span> <span class='ocrx_word' id='word_1_810' title='bbox 2213 5233 2501 5306; x_wconf 50' lang='lat' dir='ltr'>caesuris</span> <span class='ocrx_word' id='word_1_811' title='bbox 2736 5299 2749 5306; x_wconf 87' lang='lat'><strong>_</strong></span> <span class='ocrx_word' id='word_1_812' title='bbox 3079 5301 3091 5306; x_wconf 96' lang='lat'>_</span> <span class='ocrx_word' id='word_1_813' title='bbox 3169 5234 3177 5241; x_wconf 86' lang='lat'><strong>&#39;</strong></span> 
     </span>
    </p>
   </div>
   <div class='ocr_carea' id='block_1_113' title="bbox 1825 5299 3403 5376">
    <p class='ocr_par' dir='ltr' id='par_1_113' title="bbox 1825 5299 3403 5376">
     <span class='ocr_line' id='line_1_113' title="bbox 1825 5299 3403 5376; baseline -0.003 -19"><span class='ocrx_word' id='word_1_814' title='bbox 1825 5304 1903 5372; x_wconf 73' lang='grc' dir='ltr'>(ὃ)</span> <span class='ocrx_word' id='word_1_815' title='bbox 1939 5299 2127 5376; x_wconf 59' lang='lat' dir='ltr'>Epist.</span> <span class='ocrx_word' id='word_1_816' title='bbox 2182 5300 2262 5358; x_wconf 90' lang='lat' dir='ltr'>ad</span> <span class='ocrx_word' id='word_1_817' title='bbox 2288 5299 2487 5357; x_wconf 60' lang='grc' dir='ltr'>Ἠθιπή</span> <span class='ocrx_word' id='word_1_818' title='bbox 2548 5314 2664 5364; x_wconf 77' lang='lat' dir='ltr'>XIII,</span> <span class='ocrx_word' id='word_1_819' title='bbox 2724 5299 2759 5355; x_wconf 67' lang='grc'>6</span> <span class='ocrx_word' id='word_1_820' title='bbox 2787 5314 2802 5353; x_wconf 76' lang='grc' dir='ltr'>ε</span> <span class='ocrx_word' id='word_1_821' title='bbox 2834 5300 3020 5372; x_wconf 86' lang='grc' dir='ltr'>Τίμιος</span> <span class='ocrx_word' id='word_1_822' title='bbox 3070 5301 3096 5352; x_wconf 85' lang='grc' dir='ltr'>ὁ</span> <span class='ocrx_word' id='word_1_823' title='bbox 3146 5303 3316 5374; x_wconf 87' lang='grc' dir='ltr'>γάμος</span> <span class='ocrx_word' id='word_1_824' title='bbox 3354 5300 3403 5353; x_wconf 78' lang='grc' dir='ltr'>ἐν</span> 
     </span>
    </p>
   </div>
   <div class='ocr_carea' id='block_1_114' title="bbox 1751 5392 1904 5430">
    <p class='ocr_par' dir='ltr' id='par_1_114' title="bbox 1751 5392 1904 5430">
     <span class='ocr_line' id='line_1_114' title="bbox 1751 5392 1904 5430; baseline 0.02 -3"><span class='ocrx_word' id='word_1_825' title='bbox 1751 5392 1904 5430; x_wconf 86' lang='grc' dir='ltr'>πασι.</span> 
     </span>
    </p>
   </div>
   <div class='ocr_carea' id='block_1_115' title="bbox 1826 5439 3407 5526">
    <p class='ocr_par' dir='ltr' id='par_1_115' title="bbox 1826 5439 3407 5526">
     <span class='ocr_line' id='line_1_115' title="bbox 1826 5439 3407 5526; baseline -0.004 -25"><span class='ocrx_word' id='word_1_826' title='bbox 1826 5446 1905 5513; x_wconf 84' lang='grc'>(7)</span> <span class='ocrx_word' id='word_1_827' title='bbox 1962 5445 2177 5526; x_wconf 64' lang='grc' dir='ltr'>ἶΙοιιιιιι.</span> <span class='ocrx_word' id='word_1_828' title='bbox 2231 5459 2311 5510; x_wconf 83' lang='grc' dir='ltr'>ω,</span> <span class='ocrx_word' id='word_1_829' title='bbox 2364 5447 2395 5498; x_wconf 82' lang='grc'><strong>5</strong></span> <span class='ocrx_word' id='word_1_830' title='bbox 2426 5440 2586 5526; x_wconf 34' lang='lat' dir='ltr'>{Fide</span> <span class='ocrx_word' id='word_1_831' title='bbox 2637 5443 2707 5498; x_wconf 73' lang='grc' dir='ltr'>μή</span> <span class='ocrx_word' id='word_1_832' title='bbox 2768 5444 3115 5526; x_wconf 26' lang='grc' dir='ltr'>τςιςκῖεννηθῇ</span> <span class='ocrx_word' id='word_1_833' title='bbox 3171 5441 3232 5526; x_wconf 33' lang='grc' dir='ltr'>ἐξ.</span> <span class='ocrx_word' id='word_1_834' title='bbox 3275 5439 3407 5526; x_wconf 57' lang='lat'>66:61-</span> 
     </span>
    </p>
   </div>
   <div class='ocr_carea' id='block_1_116' title="bbox 1753 5509 3410 5588">
    <p class='ocr_par' dir='ltr' id='par_1_116' title="bbox 1753 5509 3410 5588">
     <span class='ocr_line' id='line_1_116' title="bbox 1753 5509 3410 5588; baseline -0.001 -19"><span class='ocrx_word' id='word_1_835' title='bbox 1753 5509 1841 5588; x_wconf 72' lang='grc' dir='ltr'>τος</span> <span class='ocrx_word' id='word_1_836' title='bbox 1886 5509 1981 5569; x_wconf 66' lang='grc' dir='ltr'>’καὶ</span> <span class='ocrx_word' id='word_1_837' title='bbox 2029 5518 2339 5587; x_wconf 75' lang='grc' dir='ltr'>πνεύματος,</span> <span class='ocrx_word' id='word_1_838' title='bbox 2394 5512 2454 5569; x_wconf 68' lang='grc' dir='ltr'>οὗ</span> <span class='ocrx_word' id='word_1_839' title='bbox 2498 5509 2724 5575; x_wconf 68' lang='grc' dir='ltr'>δύναται</span> <span class='ocrx_word' id='word_1_840' title='bbox 2763 5509 3008 5575; x_wconf 69' lang='grc' dir='ltr'>εἰσελθεῖν</span> <span class='ocrx_word' id='word_1_841' title='bbox 3055 5509 3125 5579; x_wconf 81' lang='grc' dir='ltr'>εἰς</span> <span class='ocrx_word' id='word_1_842' title='bbox 3176 5519 3272 5577; x_wconf 64' lang='grc' dir='ltr'>τὴν</span> <span class='ocrx_word' id='word_1_843' title='bbox 3312 5513 3410 5588; x_wconf 86' lang='grc' dir='ltr'>βα-</span> 
     </span>
    </p>
   </div>
   <div class='ocr_carea' id='block_1_117' title="bbox 1756 5587 2276 5651">
    <p class='ocr_par' dir='ltr' id='par_1_117' title="bbox 1756 5587 2276 5651">
     <span class='ocr_line' id='line_1_117' title="bbox 1756 5587 2276 5651; baseline 0 -10"><span class='ocrx_word' id='word_1_844' title='bbox 1756 5587 1954 5651; x_wconf 70' lang='grc' dir='ltr'>σιλείαν</span> <span class='ocrx_word' id='word_1_845' title='bbox 1978 5593 2071 5643; x_wconf 79' lang='grc' dir='ltr'>τοῦ</span> <span class='ocrx_word' id='word_1_846' title='bbox 2110 5591 2276 5651; x_wconf 62' lang='grc' dir='ltr'>Θεοῦ.</span> 
     </span>
    </p>
   </div>
  </div>
