3934 6322
27 383 152 439 ὶρΞῑἹ

1134 393 1226 449 DE
1263 389 1623 448 PFTITIONE
1664 387 1910 446 ΕιιετΕι
1947 391 2042 447 ΑΙ)
2081 392 2312 452 ELIAM.

3268 405 3399 460 1458

27 508 158 568 οὰς
198 507 366 576 ἰόντα,
393 507 467 572 εἰς
499 508 666 584 βάθος
695 513 726 572 ἦ
799 513 866 576 εἰς
917 514 1052 588 ὑψος
1099 520 1295 571 τούτων
1350 516 1628 588 πειρᾶσθαι

1807 528 1964 586 gens,
1989 530 2200 574 earum
2216 517 2690 592 profunditatem
2712 518 2806 576 vel
2821 518 3199 580 altitudinem
3217 540 3398 598 pene-

27 617 170 664 ναι,
210 595 346 670 μηδ’
368 597 643 668 έξετάςειν,
677 603 807 674 μηθ’
853 605 956 658 ὅσα
1011 610 1082 678 μὴ
1145 604 1248 677 δεῖ,
1299 607 1426 680 μήθ’
1474 604 1510 657 ἃ
1557 609 1629 678 μὴ

27 688 143 739 iw)
214 707 272 741 τι
322 685 562 762 ἀσφαλὲς,
615 688 755 763 μηδὶ
829 713 888 765 γε
955 695 1424 769 πολυπραγμονεῖν,
1501 690 1633 767 μηδ’

27 772 108 826 ὀν
175 777 471 851 γυμνάζειν
536 799 625 833 και
699 777 1006 855 δοκιμάζειν
1081 784 1264 838 ἓθελεεν
1349 788 1435 838 τόν
1515 789 1633 836 νοῦν

28 889 30 900 ν
89 873 235 928 τοῖς
299 866 618 943 ἀποκρύφοις
681 871 868 939 αὐτῶν,
936 872 1045 927 έπεί
1098 871 1238 948 μηδὶ
1285 893 1447 928 πασεν
1496 873 1633 946 ἀφεῖο

27 974 88 1008 κε
177 964 356 1012 ταῦτα
400 978 491 1012 και
537 960 638 1014 ὅσα
694 967 787 1015 τοῦ
841 965 1157 1036 Πνεύματος,
1219 964 1324 1018 ἀλλ’
1408 960 1480 1025 οἷς
1543 982 1633 1016 καε

27 1045 162 1098 ›ῦτ’
195 1051 316 1100 εστί
354 1044 650 1121 δεδομένον,
697 1046 1028 1111 δεδυνῆσθαν
1081 1050 1325 1112 δηλονότι
1378 1061 1478 1106 τῶν
1537 1049 1630 1106 δε-

27 1138 303 1206 οσγμένων
415 1135 731 1209 ἕφεκνεῖσθαι
832 1159 922 1194 και
1019 1142 1445 1215 ὑπηγορευμένων

28 1225 318 1294 ῖυεύματευ
367 1244 457 1278 και
521 1229 580 1278 τὸ
655 1234 750 1288 τῆς
828 1229 966 1292 θείας
1042 1237 1214 1303 φωνῆς
1279 1233 1406 1306 πρὸς
1487 1228 1627 1282 τοῦτ’

27 1311 174 1383 ἴμαε
234 1312 426 1385 μᾶλλον
488 1315 674 1388 φέρειν,
705 1337 733 1366 (ι
761 1316 1026 1392 Ἐρευνᾶτε
1058 1319 1133 1390 (Ι)
1181 1321 1271 1380 τὰς
1321 1320 1545 1394 Γραφάς.
1601 1340 1628 1369 ››

27 1405 274 1458 ουτ-ἐστι
333 1407 404 1475 μὴ
476 1407 607 1478 πρὸς
660 1409 858 1468 πάντας
930 1404 1059 1462 εἶναι
1145 1412 1240 1468 τὴν
1315 1411 1626 1484 προτροπὴν,

27 1490 144 1544 Alei
203 1510 261 1544 τε
304 1496 428 1568 πρὸς
466 1491 707 1565 ἐκείνους,
747 1497 824 1558 οἷς
873 1515 962 1551 και
1024 1500 1082 1551 τὸ
1160 1499 1417 1573 εὑρίσκειν
1487 1495 1628 1551 ἐστίν

1556 1148 1630 1211 τῷ

35 1600 60 1613 ρ

33 1600 60 1641 ς
129 1582 313 1655 ὀρθῶς
393 1583 531 1639 ἔστιν
596 1583 645 1638 έν
725 1585 927 1654 αὑταῖς,
1006 1588 1417 1662 κεκαθαρμένους
1481 1586 1630 1648 ὅλους

27 1688 93 1721 αι
125 1678 296 1743 σῶμα
319 1690 409 1724 και
435 1671 667 1744 γλῶτταν
713 1683 813 1728 και
860 1674 1046 1746 ψυχὴν
1093 1695 1183 1728 και
1226 1672 1485 1743 διάνοιαν,
1537 1695 1628 1728 και

28 1766 142 1812 οῦν
193 1763 284 1813 τὸν
334 1765 522 1836 τρόπον
568 1769 750 1817 τοῦτον
803 1759 1206 1837 δεδυνημένους,
1278 1770 1445 1840 χωρίς
1535 1784 1629 1823 κη-

27 1844 388 1922 ῖδος,φωτὸς
443 1847 574 1904 εἶναι
617 1859 709 1907 τοῦ
767 1854 903 1907 θείου
965 1849 1257 1921 δεκτικοὺς,
1306 1873 1396 1908 και
1435 1852 1629 1908 ἀποκα-
1664 1882 1705 1937 Β

28 1937 231 2008 ὑψεων
280 1958 370 1991 και
423 1945 667 2012 μυήσεων
726 1941 1054 2015 ὑψηλοτέρων
1139 1950 1231 1996 τοῦ
1307 1942 1424 1997 καθ’
1494 1944 1628 2015 ἡμᾶς

27 2034 100 2078 οῦ
133 2047 234 2080 και
264 2035 360 2090 τῆς
401 2029 516 2084 κατ’
560 2029 715 2084 αὑτὸν
777 2031 969 2104 ἰσχύος
1009 2052 1099 2085 και
1147 2035 1363 2106 φύσεως.
1423 2033 1485 2087 Εἰ
1525 2033 1627 2106 γὰρ

27 2117 271 2188 emi-por;
323 2122 511 2194 χερσίν
583 2119 644 2172 ού
724 2121 869 2193 θέμις
940 2129 1041 2174 τῶν
1125 2121 1294 2194 ἁγνῶν
1373 2122 1630 2177 ἅπτεσθαι

33 2225 104 2259 αι
160 2208 427 2278 καθαρῶν,
483 2209 514 2268 ἧ
566 2228 668 2262 που
733 2210 862 2263 πολύ
911 2230 999 2264 και
1078 2211 1318 2265 πλεῖστον
1377 2213 1498 2265 ὅσον
1572 2215 1629 2265 τὸ

27 2296 140 2358 ⁵έος
195 2303 316 2348 νοῦν
363 2301 432 2370 μὴ
478 2300 856 2374 κεκαθαρμένον
909 2295 1050 2372 μηδέ
1104 2297 1340 2354 διάνοιαν
1419 2299 1632 2372 ἐμϐιϐά-

27 2390 125 2437 ῗειν
181 2384 470 2459 βιάζεσθαί
525 2407 616 2441 και
664 2389 996 2464 προσχωρεῖν
1047 2409 1137 2442 και
1191 2388 1296 2442 οἶον
1367 2409 1632 2462 συμπαρε-

28 2477 323 2528 ιτείνεσθαι
368 2482 477 2538 τοῖς
541 2477 946 2552 ὑπερκειμένοις,
1006 2497 1096 2534 και
1152 2475 1320 2551 μηδὲν
1379 2477 1630 2551 έφικτοῖς,

27 2569 94 2616 ’τε
151 2569 228 2636 μὴ
278 2563 388 2637 μετ’
441 2563 755 2640 ἀκραιφνοῦς
822 2567 1056 2641 ἁγισμοῦ
1114 2572 1204 2621 καὶ
1287 2569 1351 2630 ἧς
1425 2567 1629 2642 εἴπομεν

28 2652 222 2716 ἐλείας
261 2654 428 2727 καθάρ
438 2672 582 2716 σεως.

87 2742 178 2794 Ού
230 2747 334 2814 μὴν
375 2741 508 2813 ἀλλ’,
576 2740 758 2803 ἐπειδὴ
820 2749 947 2798 Θεοῦ
1032 2749 1122 2798 καὶ
1201 2752 1369 2798 ταῦτα
1446 2749 1629 2818 φωναὶ,

27 2831 301 2888 ιΖητεῖτε
328 2831 429 2902 (2),
474 2836 566 2885 καὶ
628 2834 892 2906 εὑρήσετε,
946 2836 1154 2906 κρούετε
1209 2838 1299 2887 καὶ
1359 2832 1632 2906 ἀνοιγήσε-

27 2939 128 2983 ·αι,
187 2941 216 2970 »
269 2923 523 2993 πρόσιμεν
583 2925 675 2974 καὶ
730 2921 902 2990 αὐτοὶ,
964 2923 1238 2986 ζητοῦντες
1295 2924 1479 2998 εὑρεῖν.
1531 2927 1634 2976 Καὶ

27 3012 283 3084 ιρούομεν
348 3005 416 3068 δὴ
475 3017 678 3084 πρῶτον
731 3013 818 3063 τὸν
874 3018 1012 3076 νοῦν,
1071 3010 1196 3064 ὣστ’
1263 3010 1311 3065 ἐν
1385 3019 1629 3086 προσοχῇ

27 3104 366 3173 γρηγορῆσαι
415 3103 505 3151 καὶ
559 3104 870 3154 ταπεινώσει
919 3104 1010 3153 καὶ
1066 3099 1313 3174 συντριϐῇ
1383 3097 1628 3176 καρδίας·

27 3185 116 3238 ιῖτ⁹
178 3186 334 3238 αὑτὸν
373 3187 565 3259 ἄγομεν
622 3186 709 3240 ἐπὶ
768 3189 860 3249 τὰς
922 3187 1255 3260 ἕγκλειούσας
1297 3189 1466 3250 πύλας
1541 3193 1632 3242 καὶ

1741 606 1896 658 trare
1926 607 2300 673 tentarem,et
2325 607 2373 662 si
2404 607 2772 681 inquirerem
2803 625 2876 665 ea
2901 626 3039 682 quas
3070 628 3194 670 non
3221 631 3397 687 opor-

1742 694 1840 760 tet,
1857 696 2111 766 autquas
2133 711 2256 752 non
2279 711 2557 753 securum
2580 701 2669 752 est
2691 697 3012 771 inquirere,
3049 705 3107 758 et
3128 702 3176 758 si
3207 703 3396 761 nimio

1741 781 1954 838 ardore
1975 784 2173 841 studio
2196 785 2632 853 incumberem,
2665 790 2724 841 et
2763 787 2811 843 si
2860 794 3141 861 exerceri,
3198 798 3255 850 et
3297 809 3398 850 ex-

1739 869 1977 942 plorare
2001 873 2215 931 vellem
2244 891 2455 932 eorum
2504 880 2768 933 mentem
2817 892 2952 949 qua:
3007 879 3067 934 in
3120 879 3191 936 iis
3251 882 3396 938 abs-

1739 958 2099 1028 conduntur,
2123 978 2264 1020 cum
2284 980 2406 1021 non
2423 964 2710 1022 omnibus
2733 965 2907 1022 detur
2927 982 2999 1023 ea
3023 973 3080 1023 et
3098 971 3398 1043 quidquid

1737 1049 2129 1122 estaSpiritu
2155 1058 2385 1120 sancto,
2438 1053 2545 1109 sed
2594 1054 2666 1109 iis
2718 1059 2950 1112 tantum
3001 1056 3224 1129 quibus
3280 1060 3394 1118 da-

1737 1140 1865 1194 tum
1895 1142 2001 1206 est,
2034 1146 2343 1212 penetrare
2371 1157 2550 1214 posse
2579 1147 2636 1200 et
2661 1143 2986 1214 intelligere
3024 1145 3317 1216 dogmata
3356 1164 3395 1204 a

1741 1226 1961 1298 Spiritu
1993 1234 2198 1286 sancto
2229 1231 2572 1303 prmdicata.
2601 1236 2681 1288 Ac
2711 1233 2764 1288 is
2795 1237 2886 1290 est
2917 1249 3134 1291 sensus
3173 1236 3392 1294 divinae

1736 1315 1919 1386 hujus
1948 1318 2113 1373 vocis
2139 1336 2152 1374 :
2185 1341 2212 1369 ‹‹
2245 1321 2600 1376 Scrutamini
2631 1322 2984 1393 Scripturas;
3014 1347 3043 1374 ››
3075 1340 3149 1381 ea
3177 1326 3394 1383 exhor-

1737 1405 1881 1460 tatio
1901 1421 2024 1462 non
2055 1407 2134 1463 ad
2159 1424 2369 1466 omnes
2414 1410 2684 1482 pertinet,
2736 1411 2844 1468 sed
2885 1413 2965 1468 ad
3012 1429 3114 1470 eos
3159 1419 3394 1473 tantum

1736 1493 1960 1567 quibus
1984 1495 2122 1553 licet
2145 1501 2299 1554 recte
2328 1498 2589 1555 invenire
2617 1516 2752 1572 quae
2777 1502 2840 1557 in
2871 1502 2954 1557 eis
2991 1503 3389 1572 continentur,

1738 1582 2029 1639 mundum
2053 1584 2418 1642 habentibus
2442 1603 2659 1660 corpus
2680 1593 2735 1644 et
2758 1588 3030 1658 linguam
3051 1596 3108 1646 et
3131 1593 3391 1650 animam

1737 1674 1794 1727 et
1813 1671 2258 1742 cogitationem,
2293 1679 2472 1747 atque
2512 1675 2613 1742 ita,
2648 1691 2789 1732 cum
2830 1678 2958 1733 sine
2985 1679 3227 1737 macula
3256 1681 3390 1748 sint,

1736 1760 1953 1817 divinae
1990 1762 2142 1819 lucis
2167 1765 2517 1836 capacibus,
2554 1781 2625 1822 ac
2653 1765 3087 1824 revelationum
3117 1769 3395 1827 initiatio-

1736 1864 2008 1923 numque
2029 1857 2236 1909 nostra
2254 1859 2454 1910 mente
2478 1869 2550 1910 ac
2575 1855 2630 1910 vi
2651 1859 2709 1911 et
2731 1859 2949 1912 natura
2976 1856 3394 1915 excelsiorum.

1740 1938 1798 1995 Si
1821 1938 1982 1995 enim
2009 1940 2340 1998 immundis
2385 1942 2670 1999 manibus
2717 1959 2842 2000 non
2880 1943 3017 2001 licet
3065 1951 3276 2003 sancta
3324 1963 3397 2004 ac

1737 2042 1895 2100 pura
1915 2032 2179 2099 tangere,
2211 2045 2355 2086 sane
2384 2031 2902 2104 quamplurimum
2937 2033 3279 2091 timendum
3307 2040 3399 2092 est

1737 2132 1813 2172 ne
1844 2132 2016 2173 mens
2045 2122 2150 2175 aut
2173 2118 2454 2189 cogitatio
2482 2134 2606 2176 non
2628 2119 2923 2176 mundata
2948 2127 3212 2194 nequeat
3230 2124 3395 2181 adire

1738 2209 1797 2261 et
1825 2206 2112 2263 accedere
2141 2223 2214 2263 ac
2240 2207 2550 2279 pervenire
2580 2209 2660 2264 ad
2691 2223 2762 2265 ea
2799 2224 2937 2280 quin
2975 2225 3162 2281 supra
3197 2210 3394 2282 ipsam

1738 2300 2069 2364 versentur,
2110 2312 2307 2370 neque
2346 2298 2645 2368 penetrari
2681 2297 2942 2364 valeant,
2975 2299 3102 2355 sine
3129 2300 3394 2372 perfecto

1737 2384 1838 2442 illo
1881 2387 2141 2444 candore
2168 2387 2572 2462 perfectaque,
2595 2403 2781 2461 quam
2800 2387 3083 2459 diximus,
3115 2389 3394 2463 puriﬁca-

1738 2473 1920 2534 tione.

1811 2737 2089 2790 Attamen
2120 2733 2412 2807 quoniam
2444 2733 2543 2791 Dei
2580 2734 2675 2791 has
2713 2749 2955 2808 quoque
2999 2750 3180 2793 voces
3209 2742 3351 2794 sunt
3379 2755 3394 2794 :

1743 2843 1772 2874 (ι
1796 2823 2068 2891 Quaerite,
2099 2828 2155 2880 et
2186 2823 2522 2895 invenietis,
2549 2823 2804 2896 pulsate,
2820 2830 2878 2881 et
2899 2825 3218 2898 aperietur,
3249 2847 3278 2876 »
3299 2843 3398 2884 ac-

1742 2913 2014 2971 cedimus
2047 2917 2104 2970 et
2132 2927 2263 2981 nos,
2292 2917 2628 2984 quaerentes
2659 2918 2724 2970 ut
2749 2913 3156 2972 inveniamus.
3183 2916 3398 2988 Etpul-

1744 3018 1952 3060 samus
1976 3001 2240 3074 primum
2259 3005 2545 3072 mentem,
2585 3001 2668 3058 ita
2705 3005 2770 3059 ut
2796 3002 2858 3058 in
2889 3003 3213 3060 attentione
3248 3005 3396 3074 \igi-

1739 3090 1933 3149 lemus
1955 3090 2364 3148 ethumilitate
2394 3107 2465 3148 ac
2485 3091 2837 3148 contritione
2868 3091 3064 3148 cordis
3116 3109 3132 3159 ;
3176 3092 3397 3152 deinde

1739 3181 1935 3254 ipsam
1964 3179 2242 3236 ducimus
2264 3179 2344 3236 ad
2396 3184 2599 3253 portas
2638 3179 2981 3237 claudentes
3029 3185 3088 3237 et
3135 3181 3399 3238 celantes

27 3278 117 3336 τόις
161 3273 461 3348 ἐπικρύψας
517 3274 685 3328 αὐτῶν
730 3284 830 3328 τῶν
871 3277 1016 3329 θείων
1078 3282 1312 3350 Γραφῶν,
1376 3276 1628 3350 βάλλοντα

1807 3236 1977 3326 vinas
2009 3267 2363 3340 Scripturas,
2397 3236 2499 3326 eas
2546 3268 2795 3341 quidem
2848 3236 3394 3340 pulsantem,

27 3366 115 3416 ιεὲν
146 3361 200 3426 ἐς
219 3362 396 3434 αὑτὰς,
456 3363 550 3416 οῦκ
614 3362 822 3436 ἀφόϐως
878 3360 957 3436 δε,
1011 3369 1101 3418 καὶ
1146 3373 1273 3436 ⁹γοῦν
1331 3368 1464 3439 μετὰ
1504 3365 1632 3420 πολ-

27 3460 112 3504 ιοῦ
156 3471 293 3514 τινος
338 3459 430 3504 τοῦ
483 3448 631 3514 δέους
689 3453 949 3514 ζητοῦντα
993 3453 1221 3528 ῥαγῆναι
1283 3457 1473 3516 ταύτας
1554 3453 1632 3527 ἔφ’

27 3542 204 3592 ἱκανόν
249 3544 340 3593 καὶ
395 3541 786 3612 ὑπωοιχθῆναι
846 3541 1010 3612 αύτῷ,
1067 3546 1157 3594 καὶ
1213 3538 1282 3601 δὴ
1363 3547 1630 3615 ⁸γενόμενον

27 3628 169 3690 Ξντὸς
221 3624 386 3701 μηδὲν
442 3625 581 3681 ἴδιον
629 3634 766 3701 μὼτε
820 3637 1009 3688 νοῆσαι
1053 3630 1180 3703 μήτ”
1250 3630 1427 3702 εἰπεῖν,
1522 3629 1628 3684 ἀλλ’

27 3717 146 3770 ὅσον
178 3716 239 3768 ἄν
299 3722 388 3769 καὶ
437 3712 750 3790 διδαχθείη,
793 3720 862 3779 ὡς
914 3719 1016 3771 ὑπό
1066 3722 1510 3792 παραπετάσματι
1557 3728 1630 3791 τῷ

27 3809 308 3878 μαινομένῳ
356 3809 706 3882 κρυπτόμενον
761 3810 852 3859 καὶ
912 3811 983 3880 μή
1036 3809 1170 3860 πάνυ
1228 3827 1279 3860 τι
1336 3804 1496 3868 δῆλον
1575 3807 1630 3860 ὃν

27 3902 135 3957 τοῖς
164 3891 370 3956 πολλοῖς
382 3938 392 3949 .

94 3984 176 4037 Oi}
204 3988 306 4057 μὴν
336 3982 466 4050 ἀλλ’,
508 3983 616 4037 ἐπεὶ
663 3985 809 4038 ταῦτ’
856 3983 1032 4060 ἀρχὴν
1092 3993 1193 4038 τῶν
1260 3984 1438 4058 ἑφεξῆς
1503 3985 1627 4039 ὑπο-

27 4074 258 4147 θεμένοις
317 4072 403 4127 έπὶ
473 4075 679 4136 τούτοις
748 4073 910 4137 οὑτως
991 4077 1183 4146 ἔχουσι
1257 4079 1347 4128 καὶ
1423 4073 1627 4150 θαῤῥεῖν

27 4164 154 4236 ἡμῖν
218 4165 431 4230 ἔπεισιν,
490 4161 571 4216 ἐπ’
636 4162 764 4216 αὐτὸ
818 4167 908 4216 καὶ
966 4159 1034 4222 δὴ
1091 4163 1269 4216 λοιπὸν
1329 4164 1539 4237 ἠκομεν,
1601 4166 1628 4218 ὃ

27 4249 96 4311 δὴ
152 4259 240 4304 νῦν
303 4257 392 4305 καὶ
448 4252 724 4316 ζητοῦντές
777 4251 950 4325 ἐσμεν.
999 4251 1153 4305 Ἐστι
1202 4249 1261 4305 δέ
1315 4260 1467 4305 τοῦτο
1524 4257 1626 4320 τί;

27 4344 96 4395 Τὸ
143 4343 281 4394 κατὰ
335 4344 422 4392 τόν
471 4340 648 4394 Ἠλίαν
707 4346 796 4394 καὶ
861 4339 1178 4409 Ἐλισσαῖον,
1366 4337 1627 4400 δήπουθεν

27 4431 101 4484 ἐνί
148 4449 209 4502 ’γε
259 4434 366 4482 ὄντι
415 4435 505 4483 καὶ
550 4428 726 4504 ἀπόρῳ
774 4430 930 4484 πλείω
975 4435 1065 4483 καὶ
1113 4431 1277 4503 μείζω
1366 4434 1626 4506 συνεισέρ-

27 4529 329 4593 χεται,τῆς
357 4518 518 4582 αὑτῆς
574 4519 696 4572 ὂντα
742 4524 831 4572 καὶ
882 4527 1050 4572 ταῦτα
1102 4517 1310 4593 ἐρεύνης
1364 4524 1455 4573 καὶ
1503 4518 1627 4573 ἀπο-

28 4616 168 4686 ρίας.

98 4701 302 4753 Ἀκούει
352 4702 442 4772 μὲν
493 4699 595 4772 γὰρ
655 4695 830 4759 Ἠλίας
909 4702 1043 4751 Θεοῦ
1112 4697 1377 4773 εἰρηκότος
1457 4697 1625 4752 Ἐλισ-

32 4797 181 4844 σαῖον
234 4793 422 4862 χρίσαι
487 4785 594 4839 ἀντ’
654 4786 814 4840 αὑτοῦ
868 4786 937 4849 εἰς
1001 4791 1273 4862 προφήτην
1358 4786 1458 4859 (3),
1535 4792 1625 4839 καὶ

31 4883 197 4951 χρίει.
248 4874 352 4931 Εἶτ’
405 4877 559 4949 ἄμφω
610 4877 695 4929 ἐπὶ
748 4878 834 4928 τὸν
884 4871 1154 4948 Ἰορδάνην
1217 4875 1398 4944 ἰόντες,
1449 4874 1623 4937 Ἠλίας

33 4968 188 5020 αὑτὸν
209 4965 440 5029 πατάξας
471 4971 533 5038 τῇ
567 4963 778 5038 μηλωτῇ
829 4967 996 5036 τέμνει
1051 4962 1155 5038 (4),
1223 4968 1315 5016 καὶ
1376 4960 1623 5036 βαίνουσι

36 5052 127 5109 διὰ
184 5056 357 5128 ξηρᾶς,
416 5063 514 5107 τῶν
570 5055 837 5129 ῥευμάτων
895 5053 1072 5114 αὐτοῖς
1117 5055 1618 5128 ὑποκέχωρηκότων.

33 5148 152 5200 Ἐπὶ
188 5144 244 5200 δὲ
295 5149 463 5218 τούτῳ
513 5144 691 5206 ἰἰλίας
753 5143 1008 5218 ἐπιτρέπει
1069 5143 1365 5197 Ἐλισσαῖον
1417 5146 1475 5196 τὸ
1530 5141 1621 5196 δο-

35 5244 154 5288 κοῦν
218 5235 354 5307 αὐτῷ
416 5233 654 5300 αἰτῆσαι,
705 5235 773 5295 ὡς
833 5237 923 5286 καὶ
983 5231 1221 5307 ἐσόμενον
1294 5231 1454 5304 αὑτῷ,
1531 5251 1621 5285 του

35 5324 206 5378 Ἠλιοῦ
234 5324 311 5399 (5)
342 5327 704 5386 πεποιηκότος.
735 5321 793 5374 Ὀ
852 5318 911 5375 δε
975 5325 1032 5374 τὸ
1088 5319 1167 5374 ἐπ’
1230 5323 1404 5393 ἐκείνῳ
1469 5329 1620 5374 πνεῦ-

106 5573 187 5644 (t)
210 5575 376 5644 Joan.
405 5587 458 5639 v,
492 5558 578 5627 39.

105 5643 182 5720 (2)
207 5643 400 5720 Matth.
432 5657 530 5710 vn,
569 5647 674 5720 7.;

106 5716 180 5792 (3)
209 5717 272 5770 Ill
302 5717 442 5786 Reg.
475 5728 592 5779 χιιι,
622 5716 676 5770 7ε

1660 4588 1708 4643 D

1740 3358 1972 3431 absque
1992 3357 2220 3425 timore,
2253 3363 2479 3414 etcum
2521 3357 2788 3414 maximo
2842 3367 3008 3414 metu
3054 3358 3396 3431 cupientem

1739 3462 1842 3504 eas
1865 3447 2060 3516 frangi
2091 3445 2451 3503 sufﬁcienter
2477 3461 2548 3504 ac
2569 3447 2805 3518 aperiri,
2839 3451 2916 3517 et,
2942 3447 3192 3520 quando
3235 3452 3398 3506 intus

1737 3535 1934 3604 fuerit,
1965 3534 2113 3592 nihil
2141 3535 2352 3606 privati
2394 3540 2497 3592 aut
2547 3535 2812 3606 cogitare
2863 3541 2969 3592 aut
3017 3536 3235 3607 dicere,
3289 3537 3398 3593 sed
3444 3585 3446 3587 .

1738 3630 2035 3698 quantum
2067 3625 2208 3682 satis
2240 3625 2352 3680 erit
2396 3632 2461 3680 ut
2503 3625 2809 3692 doceatur,
2854 3629 3152 3699 tanquam
3199 3630 3394 3698 tapete

1738 3713 2054 3787 perspicuo
2087 3713 2350 3772 velatum
2371 3729 2566 3786 neque
2589 3712 2953 3772 multitudini
2984 3715 3389 3773 manifestum.

1807 3983 2102 4049 Attamen,
2137 3979 2431 4055 quoniam
2459 3979 2588 4036 haec
2617 3977 2980 4052 principium
3005 3994 3215 4036 eorum
3252 3995 3390 4053 quas

1737 4073 2014 4126 secutura
2049 4075 2205 4142 sunt,
2235 4067 2689 4141 supposuimus,
2723 4067 2938 4140 hisque
2963 4083 3025 4124 se
3055 4069 3138 4126 ita
3163 4068 3390 4126 haben-

1737 4158 1912 4230 tibus,
1945 4157 2232 4214 ﬁduciam
2262 4157 2486 4213 habere
2524 4156 2702 4213 nobis
2747 4155 2900 4223 licet,
2934 4155 3014 4213 ad
3050 4154 3116 4213 id
3149 4156 3392 4214 tandem

1734 4249 2029 4319 venimus,
2063 4246 2228 4320 quod
2259 4262 2421 4302 nune
2449 4261 2711 4318 quaerere
2736 4245 3051 4302 debemus.
3095 4245 3249 4311 Quid
3278 4261 3385 4303 au-

1735 4339 1854 4393 tem
1875 4336 2020 4392 illud
2047 4341 2135 4392 est
2162 4336 2189 4391 ?
2218 4335 2386 4400 Quod
2413 4335 2486 4390 ad
2518 4333 2706 4390 Etiam
2738 4340 2793 4391 et
2831 4334 3108 4392 Eliseeum
3141 4338 3391 4409 spectat,

1733 4441 1925 4482 unum
1955 4425 2198 4498 quidem
2216 4439 2287 4480 ac
2307 4422 2563 4495 difﬁcile,
2592 4423 2688 4479 cui
2709 4423 2882 4496 plura
2901 4428 2956 4480 et
2991 4424 3230 4496 majora
3249 4441 3391 4484 con-

1727 4513 2089 4585 junguntur,
2119 4529 2256 4587 quae
2276 4511 2489 4569 eodem
2513 4515 2693 4584 egent
2720 4512 3021 4584 examine,
3051 4528 3162 4571 nec
3185 4514 3388 4573 minus

1736 4603 2003 4661 difﬁcilia
2041 4604 2336 4661 videntur.

1805 4693 1986 4750 Audit
2011 4691 2184 4749 enim
2225 4692 2377 4748 Elias
2420 4693 2608 4748 Deum
2659 4691 2957 4750 dicentem
3008 4697 3076 4750 ut
3111 4694 3386 4750 Eliseeum

1731 4783 1865 4840 loco
1896 4781 2083 4856 ipsius
2111 4781 2174 4837 in
2201 4780 2560 4854 prophetam
2586 4784 2776 4851 ungat
2813 4797 2826 4848 ;
2861 4785 2920 4838 et
2940 4781 3128 4852 ungit.
3158 4781 3381 4838 Deinde

1733 4872 1916 4931 ambo
1942 4870 2022 4928 ad
2041 4868 2363 4928 Jordanem
2385 4869 2801 4942 procedentes,
2834 4868 2988 4927 Elias
3011 4867 3239 4926 ﬂumen
3261 4869 3387 4942 pal-

1729 4961 1810 5018 lio
1838 4960 2081 5034 pelliceo
2109 4957 2447 5031 percutiens
2467 4956 2697 5021 dividit,
2722 4961 2779 5013 et
2815 4973 2922 5030 per
2955 4957 3185 5014 siccum
3221 4957 3380 5014 ince-

1731 5050 1904 5120 dunt,
1934 5047 2215 5106 ﬂuctibus
2244 5047 2314 5103 iis
2342 5045 2790 5102 obedientibus.
2830 5045 3052 5102 Deinde
3093 5045 3248 5103 Elias
3277 5046 3390 5103 Eli-

1732 5157 1856 5197 seeo
1884 5137 2168 5212 permittit
2186 5141 2252 5193 ut
2276 5152 2311 5191 a
2340 5151 2406 5192 se
2431 5133 2728 5208 quidquid
2758 5134 3066 5208 placuerit,
3098 5135 3382 5209 postulet,

1730 5235 2026 5303 tanquam
2052 5227 2170 5299 ipsi
2197 5225 2565 5295 adfuturum,
2603 5223 2893 5282 efﬁciente
2937 5224 3080 5282 Elia.
3119 5224 3216 5282 llle
3246 5241 3388 5283 vero

1731 5317 2052 5394 postulavit
2079 5320 2144 5374 ut
2172 5313 2414 5388 spiritus
2445 5312 2582 5369 Eliee
2602 5312 2825 5387 duplex
2847 5328 3028 5388 super
3053 5313 3260 5388 ipsum
3281 5313 3382 5370 ﬁe-

1825 5571 1879 5640 4)
1917 5569 1985 5640 lV_
2009 5569 2148 5640 Reg.
2176 5580 2240 5632 n,
2275 5565 2334 5640 8’.
2353 5633 2389 5640 η
2512 5633 2515 5636 _
2545 5631 2547 5639 ἱ

1825 5571 1879 5636 4)
1917 5569 1985 5624 IV
2009 5569 2148 5691 Rqu
2176 5580 2240 5632 ιι,
2275 5569 2334 5640 8,.
2377 5633 2389 5646 .
2512 5633 2515 5636 _
2545 5631 2547 5639 ἱ

1797 5569 1883 5712 (ὃ)
1923 5638 2012 5696 0b
2047 5637 2108 5692 Ἠ
2143 5641 2218 5699 ίαξ
2254 5633 2471 5693 melius
2495 5641 2590 5688 τοῦ
2614 5634 2815 5693 Ἠλίου.
