3934 6322
15 385 164 442 1461

1137 393 1230 448 DE
1269 390 1627 448 PETITIONIS
1667 387 1919 446 ELISEI
1957 391 2051 446 AD
2092 392 2326 446 ELIAM.

3275 391 3412 445 1462

15 517 83 581 τῇ
157 509 363 584 γλωττη
424 513 577 574 αὖθις
625 515 821 588 πρᾶξαι
886 522 974 569 καὶ
1034 518 1173 568 κατὰ
1224 526 1322 588 γῆς
1370 515 1633 586 ἐκχύσαιε

1809 513 2130 584 ιιίη1ιὼοειι
2161 521 2216 571 et
2275 517 2334 572 in
2381 520 2602 574 terrain
2651 512 2920 570 effundat
2972 531 2986 580 ;
3044 514 3244 582 ignem
3271 531 3410 571 vero

15 606 126 671 πῦρ
193 595 242 651 δ’
332 602 523 658 ἄνωθεν
571 602 786 658 Quidam
860 607 1024 671 κάτω,
1079 611 1236 658 τόπον
1294 605 1399 675 οὐχ
1452 604 1642 675 ἕτερον,

15 689 186 742 αὐτὸν
247 686 446 762 δ’ἕχον
474 695 562 746 τὸν
600 694 726 761 ἄνω,
776 695 864 747 ἐπὶ
922 692 981 748 δε
1032 698 1234 754 ὤθησεν
1292 698 1375 747 ἐπὶ
1435 695 1645 760 θυσίαν¹

15 779 83 830 οὗ
125 784 284 852 μόνον
333 781 517 847 αὐτὴν,
585 781 715 836 ἀλλά
777 790 868 838 καὶ
949 781 1094 859 ὕδωρ
1173 787 1295 859 ὅπερ
1347 783 1423 835 ἐπ’
1481 782 1645 844 αὐτὴν

15 865 202 934 ἔϐαλε,
251 873 342 926 καὶ
396 873 566 924 πάντα
628 874 696 924 τὰ
746 878 865 945 περὶ
913 873 1093 944 αὐτὴν,
1150 873 1380 926 ἀνάλωσε
1425 870 1646 944 συμφλε-

15 955 125 1017 ξας
154 959 290 1027 (1);
340 960 549 1019 Πάντως
599 957 658 1012 δὲ
719 957 844 1013 οὐδὲ
899 970 1055 1013 τοῦτο
1099 965 1306 1034 μικρὸν,
1365 962 1446 1012 ὅτι
1501 962 1646 1032 οῐρτῳ

15 1042 238 1120 βραχεῖ
256 1051 346 1098 καὶ
393 1044 552 1101 ὕδατι
598 1046 799 1122 βραχεῖ
854 1053 942 1102 καὶ
980 1058 1040 1121 τῇ
1095 1047 1315 1122 δυνάμει
1364 1058 1458 1110 τῆς
1507 1047 1644 1120 βρώ-

15 1151 166 1193 σεως
265 1137 457 1196 ταύτης
515 1139 906 1210 τισσαράκοντα
981 1141 1179 1212 ἡμερας
1249 1139 1499 1212 ἐπορεύθη
1554 1142 1643 1190 καὶ

15 1224 456 1297 τεσσαράκοντας
516 1228 704 1286 νύκτας
759 1227 858 1298 (2).
922 1227 1076 1281 ’Δλλά
1123 1248 1178 1280 τι
1223 1232 1313 1279 καὶ
1368 1226 1439 1286 εἰς
1482 1228 1644 1296 Σάρα-

15 1311 135 1380 ςοθα
181 1311 262 1382 (3)
310 1313 422 1379 ἧκε,
487 1319 577 1366 καὶ
634 1315 694 1371 ἣν
733 1319 930 1373 ἤκουσε
993 1321 1190 1390 χήραν,
1249 1311 1455 1382 ἐπειδὴ,
1519 1314 1640 1386 παρ’

15 1399 158 1472 κύτῇ
220 1406 510 1474 γενόμενος,
585 1404 712 1475 παρ’
777 1405 906 1477 αὐτῇ
960 1401 1134 1464 δήπου
1187 1410 1276 1458 καὶ
1305 1405 1368 1463 ἦν
1439 1409 1640 1460 σκηνω-

15 1507 140 1554 σας,
174 1490 386 1564 ὃραμοι
449 1491 601 1544 κάκεῖ
649 1496 768 1546 τίνα
819 1499 904 1545 καὶ
967 1495 1068 1546 ὅσα
1118 1498 1206 1546 καὶ
1263 1493 1349 1546 οἶα
1391 1494 1458 1545 τά
1519 1493 1639 1544 θαύ-

15 1598 168 1631 νιατα
202 1599 215 1611 ο
250 1582 309 1630 τὸ
357 1586 475 1656 περὶ
527 1585 620 1640 τὴν
678 1579 866 1656 ύδρίαν
919 1589 1007 1636 τοῦ
1061 1583 1280 1655 ἀλεύρου
1333 1586 1638 1654 κενουμένην

15 1671 112 1720 cui
161 1672 368 1738 μήποτε
417 1669 715 1735 λείπουσαν,
785 1670 895 1722 ἀλλ’
948 1671 1048 1724 αἰεὶ
1100 1672 1456 1744 πληρουμένην
1506 1691 1518 1704 ·
1579 1674 1638 1722 τὸ

15 1761 142 1829 περὶ
200 1759 287 1807 τὸν
369 1757 615 1828 καψάκην
663 1767 754 1812 τοῦ
817 1759 988 1812 ἐλαίου
1052 1762 1302 1820 ὡσαύτως
1365 1762 1487 1830 ἔχον

1754 601 1832 656 ab
1855 601 1974 658 alto
2023 605 2341 669 attrahere,
2394 600 2516 664 no'n
2575 601 2759 660 alium
2793 601 3116 659 habentem
3181 603 3405 671 locum,

1751 691 1869 746 nisi
1885 693 2052 748 illum
2073 697 2444 766 superiorem
2478 711 2491 760 ;
2524 697 2848 763 postquam
2864 697 3065 747 autem
3079 708 3217 748 eum
3234 693 3295 748 in
3316 694 3404 749 vi-

1753 781 1997 836 ctimam
2044 781 2263 853 injecit,
2317 799 2438 840 non
2487 780 2670 838 modo
2717 796 2876 848 eam,
2927 779 3032 835 sed
3070 785 3130 836 et
3153 797 3403 853 aquam,

1750 884 1936 939 quam
1957 870 2016 924 in
2048 870 2246 941 ipsam
2278 870 2493 926 infudit
2523 874 2578 924 et
2607 868 2814 924 omnia
2843 883 2979 939 quae
3018 868 3177 924 circa
3201 869 3402 941 ipsam

1750 963 1936 1025 erant,
1960 959 2310 1030 complexus
2331 965 2418 1016 est
2447 976 2517 1015 ac
2554 957 2840 1013 incendit.
2868 959 3068 1028 Neque
3087 957 3235 1013 illud
3269 973 3401 1028 par-

1749 1061 1891 1102 vum
1920 1051 2008 1100 est
2034 1047 2200 1118 quod
2225 1047 2442 1116 exiguo
2463 1061 2641 1118 pane,
2673 1060 2742 1101 ac
2770 1045 2988 1114 exigua
3016 1060 3177 1118 aqua
3200 1050 3259 1104 et
3283 1046 3401 1102 cibi

1748 1133 1928 1202 hujus
1969 1135 2180 1192 virtute
2206 1135 2609 1208 quadraginta
2636 1134 2765 1188 dies
2795 1133 3037 1190 incessit
3057 1139 3113 1190 et
3139 1134 3403 1206 quadra-

1749 1221 1913 1290 ginta
1942 1228 2167 1280 noctes.
2224 1224 2366 1280 Dein
2392 1223 2548 1280 venit
2578 1223 2640 1278 in
2665 1221 3014 1294 Sarephtha,
3045 1226 3104 1280 et
3120 1223 3286 1294 apud
3311 1225 3397 1280 vi-

1747 1309 1932 1366 duam
1955 1311 2289 1367 diversatus
2321 1320 2407 1366 est
2435 1309 2789 1384 aliquandiu
2828 1309 2969 1365 Vide
2997 1315 3138 1370 tunc
3166 1327 3302 1382 quae
3342 1316 3400 1372 et

1745 1404 1974 1470 quanta
2022 1405 2078 1454 et
2122 1405 2269 1472 quot
2313 1399 2622 1458 miracula.
2661 1397 2805 1456 Vide
2858 1397 3142 1469 hydriam
3189 1398 3397 1463 farina:

1744 1487 2534 1562 vacuefactametnunquam
2547 1486 3051 1553 deﬁcientem,sed
3063 1503 3290 1558 semper
3307 1505 3396 1548 re-

1743 1575 1957 1646 pletam
1988 1595 2002 1644 ;
2034 1577 2146 1634 olei
2163 1577 2294 1634 vide
2306 1578 2577 1647 lagenam
2591 1576 2783 1632 eodem
2799 1575 2973 1632 modo
2985 1591 3048 1630 se
3059 1575 3394 1641 habentem.

1747 1664 1919 1729 Quod
1949 1665 2220 1735 ejusdem
2252 1665 2448 1722 vidure
2478 1669 2787 1720 mortuum
2813 1663 3006 1722 ﬁlium
3033 1663 3186 1722 Elias
3211 1664 3397 1722 susci~

1745 1751 1975 1819 taverit,
2005 1752 2154 1824 quid
2196 1753 2312 1808 hoc
2337 1752 2539 1823 majus
2568 1751 2863 1808 diceretur
2913 1749 2940 1803 ?
2973 1752 3190 1812 Eorum
3217 1751 3397 1821 igitur

16 1851 145 1896 Ὀτι
196 1841 257 1897 δὲ
328 1849 416 1898 καὶ
486 1849 662 1920 νεκρὸν
736 1851 822 1900 τὸν
879 1856 975 1910 τῆς
1029 1848 1187 1909 αὐτῆς
1237 1853 1410 1920 χήρας
1468 1845 1633 1900 παῖδα

1809 1840 1950 1896 lium
1993 1842 2424 1915 operantisque
2467 1841 2607 1898 talia
2639 1840 2910 1913 Spiritus,
2933 1838 3192 1910 duplum
3218 1841 3397 1912 quale

15 1932 206 1995 Ἠλίας
266 1937 443 2009 ἤγειρε
487 1936 588 2005 (ἓν),
649 1940 698 1987 τί
745 1956 821 1997 τις
885 1935 945 1990 ἂν
995 1942 1120 2009 φαίη
1180 1940 1366 1988 τούτου
1410 1937 1635 2008 μεῖζον;

15 2029 140 2074 Γών
210 2027 379 2074 τοίνυν
440 2026 686 2076 τοιούτων
761 2029 844 2078 καὶ
921 2034 1014 2080 τοῦ
1092 2026 1414 2097 ἐνεργοῦντος
1477 2032 1640 2077 ταῦτα

15 2113 320 2182 πνεύματος
348 2115 407 2163 τὸ
462 2109 680 2165 διπλοῦν
726 2118 778 2166 τί
825 2113 938 2166 ποτ’
970 2113 1030 2165 ἂν
1082 2118 1282 2184 γένοιτο
1333 2119 1422 2166 καὶ
1476 2116 1636 2181 ὅσον;

16 2198 193 2269 Ἀλλ’,
225 2220 252 2248 (ι
320 2200 440 2252 Ἐἀν
476 2198 604 2274 ῖὸης
657 2221 740 2274 με,
790 2224 817 2251 ››
857 2207 1016 2274 φησιν
1080 2207 1184 2274 (6),
1214 2224 1242 2251 ι(
1283 2201 1637 2273 ἀναλαμϐανό-

15 2307 199 2358 μενον,
231 2309 259 2337 ››
286 2286 485 2360 σχεδὸν
517 2297 670 2342 τοῦτο
707 2290 863 2362 λέγων
893 2312 905 2324 ο
945 2314 966 2340 ι
1021 2291 1164 2344 Ἐπεὶ
1218 2296 1287 2362 μὴ
1343 2293 1508 2343 ταῦτά
1553 2310 1638 2343 σοι

15 2375 386 2448 ἀποχρώντως
431 2375 562 2454 μηδ’
616 2379 798 2441 ἱκανῶς
855 2382 967 2452 ἔχει
1014 2383 1140 2453 πρὸς
1225 2376 1491 2442 ἀπόδειξιν
1547 2387 1637 2434 τοῦ

15 2465 64 2516 2v
122 2464 240 2538 ἐμοὶ
310 2469 617 2544 πνεύματος,
706 2467 816 2520 ἀλλ’
890 2468 983 2520 ούκ
1036 2470 1108 2520 ἔτι
1158 2474 1247 2520 καὶ
1309 2471 1408 2520 ὑπὸ
1474 2472 1638 2540 πυρὸς

15 2555 257 2626 ἕρματος
307 2554 607 2630 ἁρπαγὲντα
669 2575 733 2630 με
797 2561 887 2610 καὶ
949 2556 1330 2630 λαμϐανόμενον
1380 2557 1458 2628 (7)
1513 2552 1639 2608 ἰδὼν

15 2646 148 2708 ἰνω,
202 2643 297 2696 οὐκ
347 2643 408 2695 ἂν
459 2644 609 2696 πλέον
658 2652 747 2698 τοῦ
805 2645 854 2696 ἐν
923 2645 1040 2720 ἐμοὶ
1107 2647 1252 2706 ὀντος
1305 2651 1394 2697 καὶ
1459 2645 1638 2718 μεῖζον

15 2736 144 2783 οὔτε
192 2737 424 2794 νομίσοις
470 2733 579 2785 οὔτ’
625 2730 753 2785 εἶναι
850 2737 993 2806 παρά
1048 2739 1132 2786 σοὶ
1214 2735 1487 2800 ζητήσοις,

1744 1933 1800 1984 et
1836 1937 2133 2001 quantum
2190 1931 2384 1986 esset!
2420 1929 2554 1996 Sed,
2597 1952 2625 1981 ς
2674 1930 2732 1986 Si
2773 1927 2996 1990 videris
3037 1944 3154 1995 me,
3180 1929 3396 2001 inquit,

1744 2033 1982 2072 sursum
2011 2018 2282 2074 ablatum
2309 2036 2321 2074 :
2358 2042 2386 2070 ››
2415 2019 2588 2092 quasi
2617 2017 2858 2074 diceret:
2893 2038 2922 2065 »
2949 2017 3248 2082 Quoniam
3267 2018 3398 2076 hinc

1743 2123 1866 2162 non
1899 2107 2002 2162 tibi
2030 2107 2334 2164 sufﬁciunt
2364 2114 2428 2164 ut
2481 2109 2924 2164 demonstretur
2968 2105 3168 2178 qualis
3188 2107 3263 2162 sit
3289 2107 3397 2179 qui

1743 2196 1801 2251 in
1834 2212 1928 2257 me
1953 2201 2045 2252 est
2082 2197 2343 2268 spiritus,
2388 2196 2493 2252 sed
2535 2195 2742 2252 videns
2781 2210 2877 2249 me
2904 2199 3146 2266 raptum
3183 2199 3241 2252 et
3269 2210 3397 2252 sur-

1743 2302 1876 2340 sum
1910 2285 2180 2341 ablatum
2225 2301 2422 2356 neque
2462 2284 2598 2358 plus
2637 2299 2823 2356 quam
2857 2283 2916 2339 in
2958 2298 3055 2340 me
3085 2286 3172 2340 est
3201 2299 3396 2355 neque

1743 2374 1941 2444 majus
1962 2389 2089 2428 esse
2119 2373 2343 2437 credes,
2367 2389 2561 2446 neque
2583 2372 2748 2446 apud
2779 2377 2832 2434 te
2861 2372 3062 2442 majus
3084 2387 3214 2432 esse
3252 2387 3394 2430 conn

1744 2462 2035 2532 cupisces,
2072 2461 2268 2532 majus
2307 2477 2381 2516 ex
2409 2462 2540 2532 ipso
2570 2461 2707 2515 visu
2734 2459 2882 2522 illud
2909 2460 3104 2516 sciens
3133 2463 3189 2515 et
3217 2459 3398 2529 igitur

1743 2551 1990 2608 edoctus
2014 2566 2200 2622 quam
2235 2551 2399 2628 prius
2425 2548 2765 2606 credideras
2795 2553 2852 2604 et
2900 2547 3073 2619 cujus
3104 2547 3400 2612 desiderio

1744 2640 2066 2698 tenebaris.
2107 2661 2130 2695 ιν

1561 2733 1704 2785 πλέον
1753 2732 1957 2791 πάντως
2009 2733 2099 2780 καὶ
2155 2733 2308 2798 γνοὺς
2375 2728 2427 2791 ἐξ
2477 2728 2638 2798 ὅψεως
2691 2727 2852 2792 αὐτῆς
2911 2733 3067 2780 τοῦτο
3125 2731 3215 2788 καὶ
3274 2735 3400 2800 γοῦν

15 2816 308 2896 Ῠιδαχθεις
336 2829 426 2873 τοῦ
447 2829 534 2873 νῦν
565 2828 649 2874 σοὶ
669 2828 758 2875 καὶ
777 2823 1118 2895 νομιζομένου
1156 2843 1246 2875 και
1283 2832 1374 2876 τοῦ
1412 2843 1472 2895 γε
1496 2827 1624 2896 πρὸς
1653 2826 1746 2878 τὴν
1775 2823 1985 2876 αἴτησιν
2012 2819 2130 2870 κατ’
2149 2819 2311 2876 αὐτὴν
2351 2817 2660 2891 ἐρχομένου.

97 2942 256 2998 Ἀλλὰ
275 2963 442 2996 ταυτα
470 2948 560 3016 μὲν
613 2945 689 3016 ἐφ’
736 2945 814 3007 οἷς
863 2951 953 2999 καὶ
1008 2951 1126 3018 περὶ
1194 2966 1296 2998 των
1352 2949 1488 2998 κατά
1543 2949 1630 2996 τὸν

15 3031 204 3085 Ἠλίαν
259 3037 349 3085 καὶ
399 3032 697 3086 Ἐλισσαῖον
763 3031 1148 3108 διηπορηιιοτες
1208 3034 1358 3105 ἐσμέν
1393 3035 1633 3104 ’ὁλογος

1819 2943 1929 2999 Sed
1969 2959 2040 2999 ea
2082 2941 2328 3014 quidem
2370 2944 2509 2996 sunt
2545 2941 2608 2996 in
2641 2940 2864 3010 quibus
2899 2939 3270 3011 ambigimus
3323 2941 3399 2997 de

1746 3031 1867 3087 Elia
1895 3037 1951 3087 et
1973 3031 2199 3087 Elisaao.
2236 3033 2442 3085 Sermo
2469 3034 2671 3085 autem
2699 3028 2779 3084 ad
2809 3029 2930 3084 alia
2950 3029 3186 3099 majora
3214 3034 3270 3085 et
3301 3045 3400 3086 ex-

15 3119 83 3174 τῖε
139 3123 430 3192 προαχθεὶς
483 3123 560 3193 ἐφ’
607 3124 756 3197 ἕτερα
801 3124 965 3195 μείζω
1004 3130 1094 3176 καὶ
1152 3123 1468 3197 ὑψηλότερα,
1510 3123 1630 3194 ἐχό-

1813 3121 1991 3176 lsiora
2011 3119 2325 3189 adductus,
2342 3117 2820 3190 pmcedentibus
2835 3122 3038 3174 tamen
3049 3118 3183 3188 conj
3194 3123 3395 3190 uncta,

17 3229 156 3282 μενα
185 3218 284 3262 τῶν
315 3210 646 3283 λελεγμένων,
677 3213 812 3283 ἄγει.

103 3303 204 3351 Καὶ
269 3301 371 3371 γὰρ
451 3301 500 3351 ἐν
577 3308 683 3360 τοῖς
739 3301 1073 3371 Εύαγγελίοις
1129 3301 1347 3372 ἄγγελος
1404 3308 1634 3374 φαίνεται

17 3398 92 3458 τῷ
124 3393 377 3460 Ζαχαρία
413 3409 424 3420 ·
457 3394 546 3440 καὶ
604 3386 673 3446 δὴ
733 3395 906 3461 φανεὶς
959 3410 1048 3442 και
1098 3394 1217 3462 περί
1258 3387 1446 3450 παιδὸς
1493 3391 1634 3460 αύτῲ

17 3484 113 3529 τοῦ
177 3477 412 3529 Ἰωάννου
489 3477 962 3550 εὐαγγελιζόμενος,
1016 3502 1045 3529 ιι
1095 3479 1280 3530 Ἐσται
1367 3483 1549 3551 μέγας,
1607 3501 1634 3527 »ι

17 3569 147 3636 μησὶ
239 3569 339 3634 (8),
409 3588 428 3614 ε
489 3570 576 3617 καὶ
636 3566 787 3626 αὐτὸς
852 3565 900 3617 ἐν
953 3569 1207 3638 πνεύματι
1271 3572 1361 3620 καὶ
1413 3564 1632 3637 δυνάμει

17 3653 390 3726 προελεύσεται
467 3653 666 3719 Ἠλιού,
731 3678 751 3703 ι
811 3661 909 3708 Καὶ
974 3660 1158 3707 σκόπει
1210 3675 1300 3727 μοι
1366 3655 1633 3707 κάνταῦθα

17 3748 69 3795 τὸ
97 3746 232 3796 κατά
254 3747 338 3795 τὸν
377 3743 552 3795 Ἠλίαν
582 3746 703 3796 ὅσον
735 3750 824 3796 καὶ
863 3747 966 3796 οἷον
1031 3749 1163 3816 μέγα
1214 3750 1304 3797 καὶ
1364 3750 1628 3816 μέγιστον,

17 3827 248 3892 αηδενὸς
283 3831 422 3892 ὄντος
479 3832 656 3898 ἄλλον,
709 3839 840 3905 μήτε
897 3833 1126 3893 πλείονος
1183 3838 1315 3904 μήτε
1372 3835 1625 3905 μείζονος.

19 3923 158 3972 ὖστε
204 3928 358 3972 τοῦτο
429 3927 547 3994 περὶ
611 3930 706 3974 τοῦ
790 3919 985 3983 παιδὸς
1059 3922 1498 3992 εὐαγγελίσασθαι
1559 3931 1631 3992 τῷ

19 4013 294 4081 Ζαχαρία.

98 4105 282 4150 Σχοπει
309 4095 368 4151 δε
394 4119 483 4150 και
537 4096 719 4169 αὗχις,
767 4105 1002 4173 Χριστοῦ
1057 4106 1173 4159 ταῖς
1225 4107 1415 4171 φωναῖς
1473 4119 1628 4171 προσ-

19 4192 177 4259 σχὼν
203 4187 299 4258 (9),
331 4193 568 4262 Χριστοῦ
601 4196 693 4240 τοῦ
721 4196 874 4253 Θεοῦ,
907 4198 999 4240 τοῦ
1030 4209 1118 4240 και
1176 4186 1248 4240 δι’
1307 4187 1526 4258 ἀγγέλου
1565 4190 1630 4239 τὰ

19 4280 272 4350 εἰρημένα
341 4277 678 4336 λελαληκότος
756 4299 768 4312 ο
849 4300 876 4328 ιι
962 4279 1073 4330 Οὐχ
1125 4277 1419 4350 ἐγήγερται9
1472 4300 1500 4327 ››
1548 4279 1626 4329 λε-

19 4385 118 4441 γει.
168 4364 295 4434 (10),
348 4386 376 4415 ‹ι
436 4366 626 4437 μείζων
681 4365 730 4418 ἐν
791 4369 1048 4436 γεννητοῖς
1086 4375 1344 4437 γυναικῶν
1391 4368 1627 4419 Ἰωάννου

19 4460 118 4505 τοῦ
158 4459 452 4505 Βαπτιστοί
506 4475 519 4486 ·
556 4476 583 4502 ››
642 4462 733 4506 τοῦ
780 4460 931 4506 ποίου
981 4458 1163 4506 τούτου
1196 4471 1208 4517 ;
1241 4463 1330 4506 τοῦ
1379 4455 1426 4506 ἐν
1479 4460 1627 4508 πνεύ-

21 4561 153 4594 utam
205 4546 292 4592 καὶ
353 4538 572 4613 δυνάμει
621 4542 800 4595 Ἠλιού
853 4542 1102 4604 ἐλθόντος.
1154 4543 1307 4594 Ἀλλά
1359 4543 1625 4598 κάνταῦθα

21 4635 78 4683 τὸ
144 4628 427 4700 συμϐαῖνον
474 4632 687 4704 ἄπορον,
739 4632 866 4702 ούχί
907 4635 1092 4705 μικρὸν
1144 4633 1364 4691 πάντως,
1407 4633 1466 4683 Εἰ
1521 4638 1621 4706 γὰρ

21 4722 38 4770 5
110 4721 406 4777 Βαπτιστὴς
481 4727 580 4770 τῶν
653 4718 843 4771 λοιπῶν
923 4721 1126 4770 πάντων
1209 4739 1299 4770 και
1345 4733 1622 4792 προφητῶν

21 4805 236 4871 ιείζων,
293 4810 345 4857 τί
398 4807 525 4878 οὐχί
585 4827 673 4859 και
726 4806 774 4858 ἐν
833 4810 1032 4878 μείζονι
1089 4810 1364 4880 πνεύματι,
1413 4807 1528 4862 οὐδ’
1573 4811 1621 4864 ἐν

87 4984 169 5058 _(t)
221 4984 288 5058 Ill
347 4985 486 5052 Reg.
546 4999 701 5058 qui,
761 4988 850 5058 38_.
905 5014 976 5058 _—-
1029 4986 1250 5058 Forsan
1302 4986 1619 5058 συμφλέξαν,

21 5055 178 5177 alii?
202 5055 372 5110 ὦθησε
421 5074 510 5106 και
549 5053 693 5106 ἔϐαλε
745 5075 756 5087 ·
816 5055 988 5123 ignis,
1045 5062 1147 5128 πῦρ
1201 5053 1432 5109 ἀνάλωσε
1490 5053 1617 5131 συμὲ

21 5144 225 5177 ν.ε..αν.

29 5144 225 5186 angam.

21 5150 225 5197 ρηςαν.

91 5197 174 5265 (2)
219 5197 283 5249 IlI
330 5197 470 5260 Reg.
512 5211 633 5257 nx,
674 5199 725 5260 6,
767 5200 821 5251 8.

88 5269 167 5332 (3)
317 5268 455 5340 Reg.
497 5281 629 5329 xvn,
771 5268 991 5340 πορεύου
1024 5267 1096 5327 εἰς
1126 5270 1378 5340 Σαρεπτά,

88 5339 171 5406 (4)
211 5339 276 5390 lll
319 5339 459 5404 Reg.
501 5353 635 5402 xvu,
676 5339 762 5391 16.

93 5407 265 5478 (5)111
309 5410 454 5476 Reg.
503 5423 639 5471 xvu,
684 5409 772 5463 17.

89 5479 174 5547 (6)
217 5481 278 5532 IV
318 5478 462 5546 Reg.
506 5494 566 5539 ιι,
613 5482 698 5534 10.

89 5547 626 5625 (7.).[688Ρ1φίθΐβ
668 5547 1164 5622 ἀναλαμϐανόμενον.
1219 5552 1444 5608 Excidit
1471 5568 1619 5625 prae-

23 5619 258 5694 positio,
287 5621 455 5693 quod
483 5620 610 5675 ﬁeri
640 5626 825 5677 amat.

1743 3225 1856 3266 nos
1881 3209 2066 3265 ducit.

1807 3298 2037 3354 Etenim
2057 3299 2118 3353 in
2147 3296 2482 3368 Evangeliis
2512 3295 2765 3366 angelus
2795 3298 3048 3366 apparet
3071 3295 3391 3364 Zacharias;

1742 3393 1799 3442 et
1826 3395 2149 3458 postquam
2191 3385 2471 3458 apparuit
2507 3390 2565 3440 et
2593 3384 2668 3440 de
2703 3383 2827 3439 tilio
2845 3386 3073 3439 Joanne
3100 3385 3396 3457 propheti-

1742 3493 1882 3533 zans
1917 3496 1928 3531 :
1964 3478 2099 3544 Erit,
2124 3477 2338 3547 inquit,
2390 3489 2668 3543 magnus,
2721 3479 2778 3530 et
2829 3473 2956 3544 ipse
3006 3473 3289 3545 procedet
3332 3475 3395 3530 in

1743 3567 1954 3637 spiritu
2003 3571 2061 3621 et
2124 3565 2337 3620 virtute
2396 3563 2550 3618 Eliae.
2604 3564 2670 3619 Et
2710 3562 2805 3618 hic
2856 3562 3036 3618 etiam
3081 3563 3395 3620 considera

1742 3663 2035 3727 quantum
2067 3661 2124 3710 et
2148 3671 2336 3727 quam
2390 3653 2693 3710 excelsum
2738 3658 2797 3708 et
2834 3653 3092 3709 sublime
3123 3653 3197 3708 sit
3223 3652 3392 3725 quod

1742 3746 1819 3800 ad
1854 3745 2035 3800 Eliam
2068 3750 2314 3815 spectat,
2346 3759 2481 3798 cum
2503 3741 2649 3798 nihil
2672 3741 2743 3798 sit
2773 3741 2936 3797 aliud
2953 3757 3150 3813 neque
3175 3741 3392 3797 celsius

1742 3849 1932 3904 neque
1963 3833 2161 3902 majus
2207 3831 2374 3903 quod
2413 3832 2488 3886 de
2513 3831 2636 3886 tilio
2659 3830 2958 3886 Zacharias
3001 3830 3390 3900 evangelizarl

1741 3921 1952 3993 possit.

1812 4099 2138 4155 Considera
2168 4103 2225 4154 et
2249 4112 2508 4162 rursum,
2542 4095 2752 4153 Christi
2781 4094 3035 4150 vocibus
3074 4094 3389 4150 attendens

1739 4188 1953 4243 Christi
2017 4187 2136 4250 Dei,
2174 4202 2280 4257 per
2317 4186 2598 4255 angelum
2643 4189 2787 4240 nota
2823 4183 2923 4239 illa
2961 4183 3150 4238 verba
3177 4183 3388 4238 dicen-

1739 4279 1851 4332 tis:
1891 4300 1911 4325 ι
1945 4280 2067 4331 Non
2127 4276 2396 4344 surrexit,
2467 4274 2682 4346 inquit,
2729 4273 2927 4342 major
3000 4273 3150 4328 inter
3209 4277 3386 4328 natos

1739 4365 2054 4420 mulierum
2116 4367 2342 4419 Joanne
2397 4363 2683 4434 Baptista.
2712 4383 2739 4412 »
2767 4361 2972 4427 Qualis
3025 4365 3153 4417 erat
3211 4363 3389 4417 Joan-

1738 4455 1890 4509 nes?
1920 4449 1982 4507 ln‘
2035 4453 2243 4525 spiritu
2319 4458 2374 4507 et
2417 4453 2630 4506 virtute
2705 4451 2840 4505 Elia;
2878 4454 3135 4506 venerat.
3195 4454 3386 4522 Atque

1666 4510 1707 4563 θ
1735 4543 1899 4614 quod
1917 4543 2012 4597 hic
2037 4510 2313 4608 o‘ccurrit,
2335 4557 2457 4596 non
2480 4545 2639 4594 caret
2659 4539 3024 4605 difﬁcultate,
3048 4553 3244 4612 neque
3259 4510 3388 4594 om-

1735 4631 1878 4686 nino
1909 4646 2161 4702 parvum
2179 4635 2290 4686 est.
2317 4630 2374 4684 Si
2391 4629 2550 4684 enim
2567 4628 2830 4701 Baptista
2850 4628 3078 4683 caeteris
3101 4627 3384 4682 omnibus

1733 4719 1820 4773 vel
1862 4719 2166 4791 prophetis
2189 4718 2383 4790 major
2403 4724 2513 4786 est,
2535 4717 2684 4790 quid
2717 4721 2806 4772 est
2825 4716 2991 4789 quod
3018 4730 3141 4771 non
3163 4715 3222 4770 in
3249 4731 3384 4772 ma-

1727 4810 1855 4878 jore
1884 4809 2114 4880 spiritu,
2140 4823 2414 4880 nequem
2443 4807 2671 4876 majore
2698 4806 2932 4870 virtute,
2957 4804 3061 4860 sed
3084 4804 3145 4860 in
3166 4802 3381 4860 iisdem

1801 4988 1878 5051 (8)
1911 4989 2047 5040 Luc.
2091 5003 2130 5053 ι,
2168 4991 2251 5046 15,
2306 4991 2391 5040 ιτ.

1800 5048 1816 5123 <
1825 5059 1878 5124 9)
1903 5057 1994 5112 Sic
2022 5048 2382 5127 προσσχόντες
2413 5069 2614 5127 ειιρῐἯΣ
2659 5052 2744 5108 Nil
2779 5051 3145 5127 mutandum
3174 5048 3232 5104 in
3253 5049 3376 5127 p90

1730 5113 1987 5208 auctore.
2023 5113 2461 5208 Grammaticus
2483 5113 2725 5179 Bachm.
2755 5122 2982 5208 Anecd.
3009 5123 3142 5208 ιλιι,
3167 5136 3227 5208 p.
3250 5121 3378 5208 3§9,

1730 5201 1810 5273 ait
1861 5204 2098 5273 πρόσχες
2155 5198 2700 5273 esse__Atticorum,
2750 5193 2934 5273 idque
2999 5190 3379 5273 ὀξυ-εὐφωνίαν

1731 5262 1908 5324 Idem'
1940 5262 2116 5325 tradit
2155 5269 2503 5324 scholiastes
2547 5266 2606 5320 in
2646 5263 2807 5320 Pauli
2835 5262 3056 5320 _Silent.
3087 5262 3374 5318 Thermas

1729 5357 1781 5413 γ’.
1853 5345 2052 5413 12)Τό
2095 5347 2326 5413 προσ-χες
2385 5336 2478 5413 διὰ
2537 5335 2633 5389 δύο
2701 5355 2772 5413 σσ
2835 5333 3013 5413 ὤφειλε
3082 5335 3378 5413 γράφεσθαι

1729 5411 1838 5463 ἐπεὶ
1901 5408 1960 5463 δὲ
2038 5403 2337 5483 κακάφωνον
2421 5410 2614 5481 ἐγένετο
2703 5403 2896 5473 οὕτως,⁷
2981 5403 3258 5459 ἀποϐάλλει
3316 5407 3376 5456 τὸ

1727 5501 1777 5533 εν
1840 5503 1890 5536 σ.

1799 5555 1910 5623 (10)
1943 5553 2142 5610 Matth.
2173 5570 2245 5624 ιιι,
2282 5554 2368 5607 11.
