3934 6322
483 335 634 400 1411

1829 330 2204 390 NICEPHORI
2239 332 2504 392 CHUINI

3723 335 3851 388 14$

481 471 722 513 morum
741 454 996 521 videtur,
1030 455 1080 512 si
1103 454 1312 522 homo,
1330 458 1393 511 in
1408 455 1544 527 ipsa
1555 454 1765 514 ultima
1791 455 1887 512 die
1912 455 2128 512 consti-

2250 455 2563 530 ἐπιστρέφων
2619 454 2771 520 αὖθις
2824 457 2893 519 εἰς
2942 461 3195 529 μερίμνας
3246 462 3340 508 καὶ
3386 458 3644 518 τοιαύτας
3701 455 3860 526 ἄσκει-

481 549 664 612 tutus,
677 560 800 602 non
807 545 937 614 jam
949 561 1152 601 omnes
1169 545 1352 601 rebus
1371 545 1744 602 terrestribus
1756 545 2131 604 adhaerentes

482 634 874 706 cogitationes
905 633 1192 704 rejecerit,
1217 634 1344 701 sed,
1367 633 1586 700 adhuc,
1627 635 1704 692 de
1751 635 2134 706 propriorum

480 724 782 782 bonorum
809 721 1296 794 cogitationibus,
1329 723 1450 780 imo
1489 738 1632 782 vero
1659 723 1735 778 de
1757 723 1932 780 bonis
1988 724 2135 795 ipsis

483 811 766 870 sollicitus
806 811 899 879 sit,
930 816 1353 884 convertatque
1379 827 1442 869 se
1467 811 1549 868 ad
1573 827 1642 868 ea
1662 827 1799 884 quas
1821 812 2136 870 mundana

484 905 646 970 sunt,
672 900 821 958 dum
846 899 926 956 ad
955 899 1072 955 alia
1095 901 1225 971 jam
1255 906 1525 966 vocatur,
1584 901 1859 958 nesciens
1878 901 1941 956 in
1971 917 2134 974 quaa-

481 1005 646 1056 nam,
688 994 890 1045 utrum
922 988 986 1044 in
1010 988 1306 1058 jucunda,
1336 1005 1415 1046 an
1442 989 1501 1045 in
1536 989 1744 1056 tristia,
1789 995 1848 1046 et
1892 1006 2028 1062 quae
2070 990 2134 1046 in

483 1083 774 1136 mternum
807 1077 1246 1150 protenduntur
1273 1097 1287 1144 ;
1315 1094 1513 1151 neque
1543 1077 1621 1135 ad
1652 1077 1795 1134 illud
1814 1084 2048 1136 tantum
2077 1084 2135 1136 et

483 1172 827 1230 constanter
853 1167 1126 1240 aspiciat,
1149 1183 1292 1240 quo,
1325 1168 1531 1223 anima
1569 1167 1762 1224 soluta
1787 1183 1824 1224 a
1861 1183 2130 1239 corpore,

483 1256 562 1314 ab
591 1255 949 1312 ducentibus
963 1256 1420 1313 transmittenda
1434 1257 1830 1322 est,nesciens
1851 1257 2133 1328 quisnam

480 1345 677 1417 ipsam
703 1350 1056 1416 accepturus
1096 1345 1171 1399 sit
1227 1344 1420 1412 locus,
1474 1350 1675 1402 utrum
1728 1345 2002 1417 supplicii
2055 1360 2134 1401 an

481 1433 753 1505 quietis?
792 1436 954 1492 Hanc
1020 1449 1200 1506 porro
1247 1433 1585 1490 doctrinam
1643 1439 1700 1492 et
1753 1433 2134 1506 disciplinam

480 1522 804 1591 habemus,
829 1528 892 1578 ut
917 1527 1275 1594 praesentem
1305 1521 1512 1587 vitam,
1545 1522 1753 1578 mortis
1802 1523 2134 1578 meditatio-

481 1625 621 1666 nem
654 1610 979 1678 faciamus,
999 1626 1135 1681 qum
1164 1609 1317 1665 bene
1342 1609 1608 1665 futurum
1639 1610 1930 1666 saeculum
1955 1611 2132 1667 nobis

481 1698 842 1770 praeparabit
878 1704 933 1754 et
965 1697 1283 1754 commode
1340 1713 1450 1753 nos
1498 1699 1636 1754 huic
1688 1699 2021 1770 adaptabit.
2070 1702 2136 1754 Et

480 1786 638 1841 beati
667 1786 770 1857 qui
799 1786 892 1840 his
921 1785 1362 1841 hortationibus
1404 1791 1590 1841 totam
1638 1792 1900 1842 mentem
1957 1787 2133 1842 adhi-

480 1876 714 1940 bentes,
743 1879 930 1930 totam
969 1874 1150 1929 vitam
1178 1873 1248 1928 iis
1270 1873 1638 1940 submittere,
1661 1891 1798 1930 cum
1830 1875 2024 1948 iisque
2047 1875 2131 1929 vi-

479 1980 613 2020 vere
643 1968 956 2020 conantur.

481 2055 750 2106 ποιεῖσθαι

2241 546 2359 607 λὶας
2404 543 2570 618 μηδεν
2637 547 2768 619 αὐτῇ
2817 550 3194 620 προσηκούσας
3237 567 3250 579 ·
3294 546 3322 598 ὂ
3350 543 3419 603 δή
3464 565 3566 617 μοι
3615 549 3710 598 καὶ
3732 549 3859 596 πάνυ

2241 654 2294 686 τι
2344 637 2628 706 θαυμάζειν
2710 640 2927 700 ἔπεισιν,
2979 636 3024 688 εἰ
3071 636 3360 707 ἅνθρωπος,
3421 634 3476 688 έν
3531 635 3674 706 αὐτῇ
3727 653 3859 704 7m

2241 742 2388 796 μενος
2441 731 2504 794 τῇ
2566 726 2836 798 ὑστεραίᾳ,
2927 725 3056 796 οὐχὶ
3102 729 3193 780 καὶ
3255 725 3454 784 πάντας
3517 723 3678 783 εὐθὺς
3753 730 3868 784 τοὺς

2242 820 2354 874 τοῖς
2442 821 2697 888 παροῦσιν
2781 813 3112 885 ἐνεχομένους
3195 811 3456 869 ἀπόλλυσι
3552 811 3867 883 λογισμούς,

2244 899 2373 968 ἀλλ’,
2432 905 2509 955 ἔτι
2561 910 2679 964 ταῖς
2747 907 2863 975 περὶ
2917 911 3020 955 τῶν
3110 906 3411 975 προσόντων
3480 920 3791 973 φροντιεῖν,
3845 907 3866 958 ε

2242 990 2431 1062 μᾶλλον
2515 992 2582 1044 ὧν
2661 989 2798 1063 εἶχε,
2882 995 3296 1062 συνισχημένος,
3376 997 3724 1062 επιστρθῗήν
3765 1010 3872 1042 τινα

2242 1087 2341 1132 τῶν
2380 1079 2429 1132 έν
2472 1088 2544 1149 τῷ
2595 1079 2698 1152 βίῳ
2729 1088 2972 1146 ποιεῖται,
3020 1080 3072 1136 ἐν
3113 1079 3286 1140 ἀλλοις
3333 1075 3405 1138 δή
3447 1098 3571 1132 τισι
3634 1097 3872 1150 μεται-

2241 1167 2504 1240 λούμενος,
2563 1169 2658 1222 οὐκ
2714 1166 2868 1230 εἰδὼς
2903 1165 2959 1222 δ’
3013 1168 3062 1220 ἐν
3119 1170 3265 1233 olom,
3321 1164 3483 1225 ἡδέσι
3553 1164 3870 1226 animans

2245 1259 2594 1329 σκυθρωποῖς,
2669 1258 2721 1320 ἐς
2794 1256 3076 1331 ἀπέραντον
3132 1255 3184 1310 δ’
3261 1260 3400 1328 ὅμως
3461 1275 3872 1329 παρατεινομέ-

2241 1365 2366 1411 νοις,
2433 1343 2556 1400 οὐδὲ
2623 1350 2750 1420 πρὸς
2814 1345 2974 1399 ἐκεῖνο
3027 1349 3180 1419 μόνον
3227 1343 3486 1404 παντελῶς
3550 1343 3872 1415 ἀνεπιστρε-

2245 1453 2346 1504 φως
2369 1433 2568 1506 βλέπει,
2603 1436 2722 1488 ὅποι
2772 1431 3036 1503 δηλονότι,
3095 1434 3313 1486 λυθεῖσα
3369 1442 3462 1486 τοῦ
3525 1436 3872 1504 σώματος,ε

2242 1523 2398 1593 ψυχὴ
2431 1528 2722 1594 μετασταίη
2774 1525 2876 1576 ὑπὸ
2929 1533 3028 1575 τῶν
3079 1522 3303 1594 ἀγόντων
3371 1522 3737 1587 ﬂama-ﬁdas,
3794 1531 3874 1572 χιι

2243 1619 2386 1672 ποῖος
2449 1612 2612 1669 αὐτὴν
2689 1609 3027 1683 μεταδέξεται
3096 1620 3295 1683 χῶρος,
3339 1611 3587 1672 κολάζων
3651 1613 3690 1670 ἦ
3767 1611 3874 1661 ἐκ·

2244 1703 2444 1754 παύων.
2512 1699 2741 1772 Ἒχομεν
2799 1697 2859 1752 δὲ
2921 1706 3010 1753 καὶ
3088 1704 3278 1757 ταύτην
3343 1702 3556 1760 πάντως
3622 1697 3872 1752 παιδείαν

2244 1793 2333 1840 καὶ
2385 1792 2678 1850 νουθεσίαν,
2726 1791 2862 1841 πάνυ
2908 1810 2957 1841 τι
3032 1792 3092 1841 τὸ
3159 1789 3338 1861 μέλλον
3421 1791 3560 1860 ἡμῖν
3661 1785 3726 1841 εὖ
3795 1810 3870 1839 καί

2243 1877 2412 1938 καλῶς
2450 1878 2823 1950 οἰκονομοῦσαν
2889 1883 2977 1930 καὶ
3041 1879 3467 1951 καταρτίξουσαν
3521 1880 3674 1952 πρὸς
3731 1886 3869 1930 το-ἆτε

2246 1972 2627 2039 συμφερόντως,
2677 1967 2889 2040 μελέτην
2939 1967 3041 2020 αἰεὶ
3100 1968 3318 2020 θανάτου
3405 1970 3497 2017 τόν
3559 1963 3707 2038 τῇδε
3769 1966 3870 2039 ῥιςρν

949 2059 1050 2105 Καὶ
1124 2055 1375 2126 μακάριοι
1441 2071 1498 2122 γε
1547 2055 1595 2104 οἱ
1662 2056 1826 2125 ταύτῃ
1880 2061 2140 2123 νουνεχῶς
2195 2060 2520 2126 προσχόντες
2560 2057 2639 2126 (2)
2697 2063 2758 2126 τῇ
2817 2057 3081 2126 νουθεσίᾳ,
3136 2060 3225 2106 καὶ
3270 2059 3364 2112 τὴν
3426 2053 3673 2106 ἐνταῦθα
3733 2057 3871 2106 πολε-

477 2147 618 2196 τείαν
649 2142 770 2200 ὅλην
796 2138 1186 2202 σπουδάσαντες
1225 2143 1517 2194 ὑποθέσθαι
1546 2150 1608 2213 τῇ
1634 2147 1955 2214 παραινέσει,
1987 2144 2263 2214 καὶταύτῃ
2299 2147 2554 2205 συζῆσαι.

550 2231 803 2296 Quando
835 2236 1033 2286 autem
1066 2231 1197 2300 quis
1227 2247 1330 2285 eas
1385 2231 1446 2284 in
1501 2229 1799 2285 oblivione
1845 2229 2127 2302 posuerit,

478 2325 854 2396 mortemque
905 2319 1102 2392 ipsam
1151 2326 1444 2391 tanquam
1493 2319 1628 2374 vita:
1686 2319 1868 2389 hujus
1931 2334 2134 2376 rerum

477 2409 933 2466 meditationem
964 2408 1186 2478 fecerit,
1219 2407 1311 2464 his
1345 2407 1866 2463 adhortationibus
1898 2413 2133 2464 contra-

478 2495 704 2563 dicens,
731 2511 849 2557 me,
885 2500 945 2550 ut
971 2495 1271 2558 dicebam,
1296 2493 1390 2548 ille
1417 2493 1476 2547 in
1521 2494 2017 2564 stupefactionem
2048 2494 2132 2548 in-

472 2583 616 2654 jicit,
659 2598 797 2637 cum
827 2583 942 2637 hoc
970 2581 1154 2636 modo
1182 2581 1405 2636 ultimis
1419 2581 1632 2636 diebus
1663 2587 1716 2636 et
1745 2583 1806 2636 in
1837 2583 1971 2653 ipso
2013 2581 2133 2638 ﬁne

477 2675 696 2726 utatur.
734 2671 958 2725 Etenim
991 2670 1040 2724 si
1070 2670 1240 2736 velis,
1271 2670 1418 2724 dum
1439 2673 1569 2738 jam
1602 2676 1657 2725 te
1683 2670 1896 2742 pungit
1945 2686 2128 2736 mors,

475 2763 833 2815 testamenta
862 2758 1174 2823 conﬁcere,
1202 2757 1444 2813 aliunde
1478 2774 1621 2813 vero
1654 2775 1775 2814 non
1799 2759 2062 2814 sustines
2095 2775 2132 2815 a

474 2848 652 2903 bonis
683 2847 974 2917 decidere,
1018 2847 1230 2918 quidni
1261 2863 1438 2902 omne
1466 2847 1600 2902 vitae
1632 2852 1873 2920 tempus
1922 2848 2132 2903 mortis

481 2941 718 3008 tempus
750 2941 1011 3008 reputes,
1042 2941 1099 2991 et
1128 2936 1486 3008 priusquam
1499 2951 1637 2992 vere
1667 2936 1806 2991 ﬁnis
1827 2936 2130 3004 adveniat,

476 3024 556 3080 ad
585 3025 783 3098 ipsum
809 3025 1154 3097 respiciens,
1185 3024 1412 3081 scribas
1443 3024 1470 3078 ?

550 3291 781 3348 Etenim
812 3307 906 3347 res
932 3290 1013 3346 ita
1044 3306 1104 3345 se
1140 3290 1320 3346 habet
1355 3309 1366 3346 :
1405 3307 1546 3347 cum
1577 3291 1702 3347 nati
1751 3291 1938 3346 simus
1979 3307 2136 3346 mor-

477 3380 647 3444 tales,
681 3396 804 3435 una
828 3380 1148 3435 nobiscum
1180 3380 1440 3450 gignitur
1471 3398 1605 3453 quae
1634 3381 1819 3437 vitam
1861 3380 2137 3436 dissolvit

479 3469 781 3539 corruptio
808 3473 865 3523 et
893 3467 1110 3522 ﬂuxus.
1142 3471 1206 3523 Et
1237 3484 1379 3524 sane
1412 3469 1586 3524 nobis
1607 3470 1667 3524 in
1700 3471 1860 3525 viam
1889 3476 1946 3524 et
2000 3469 2134 3524 vitae

479 3572 727 3612 cursum
757 3555 1154 3611 incidentibus
1183 3573 1304 3611 non
1336 3557 1518 3612 modo
1548 3557 1682 3613 licet
1712 3558 1790 3613 ab
1815 3558 1981 3613 initio
1999 3574 2138 3613 con-

482 3649 707 3700 stanter
735 3645 1210 3700 animadvertere
1237 3661 1419 3716 quem
1450 3647 1526 3701 ad
1553 3646 1735 3701 ﬁnem
1766 3647 2136 3718 requiescere

479 3731 831 3802 debeamus,
865 3733 968 3788 sed
973 3734 1180 3803 jamin
1206 3735 1298 3789 his
1319 3750 1453 3807 quae
1468 3740 1848 3806 praetereunt,
1864 3734 2134 3806 aspicere

483 3838 810 3894 possumus
857 3822 1200 3893 adjunctam
1261 3823 1725 3896 corruptionem.
1787 3824 1916 3880 Vita
1975 3824 2133 3878 enim

479 3917 687 3968 nostra
713 3917 1005 3984 tanquam
1038 3913 1099 3967 in
1127 3913 1386 3983 vestigiis
1414 3920 1540 3968 tota
1587 3913 1823 3982 incedit,
1856 3917 1913 3968 et
1974 3929 2136 3968 mors

481 4016 801 4056 accurrens
831 4017 900 4056 ac
928 4002 1220 4056 comitans
1250 4003 1310 4056 id
1342 4002 1506 4072 quod
1546 4001 1666 4056 vita
1689 4007 1988 4062 transacta
2008 4001 2135 4060 reli-

481 4091 630 4162 quit,
662 4089 720 4144 id
744 4091 942 4145 statim
969 4090 1183 4161 accipit
1209 4091 1800 4162 comprehenditque,
1845 4097 1899 4146 et
1942 4091 2134 4146 omni-

481 4179 595 4234 bus
652 4180 784 4234 vita:
839 4179 1109 4250 partibus
1157 4178 1482 4234 ﬂuentibus
1566 4180 2133 4251 transeuntibusque

482 4268 836 4332 occidimur,
859 4283 1115 4339 quaeque
1153 4267 1280 4337 jam
1311 4269 1490 4323 morti
1519 4269 1899 4339 adjiciuntur.
1933 4271 2016 4322 lta
2045 4274 2129 4336 ut,

483 4357 531 4411 si
563 4373 725 4411 mors
756 4361 808 4411 te
866 4357 926 4410 in
982 4357 1255 4411 timorem
1310 4357 1606 4426 injiciens,
1665 4358 1877 4414 ultima
1930 4358 2027 4413 die
2079 4365 2130 4412 te

483 4449 907 4500 testamentum
947 4444 1241 4500 conﬁcere
1272 4446 1447 4513 cogit,
1474 4447 1683 4518 quidni
1724 4454 1779 4502 et
1805 4447 2002 4501 hodie.
2029 4447 2128 4502 illa

2250 4469 2312 4519 τῳ
2354 4468 2454 4520 προ
2463 4454 2837 4520 σγισγνομενοις,

482 4538 769 4601 regnante
819 4537 897 4599 (et
955 4539 1182 4603 quanta
1231 4534 1555 4605 possideat,
1616 4535 1865 4590 omnino
1919 4535 2129 4605 vides),

482 4625 838 4677 testamenta
852 4621 1081 4682 scribis,
1103 4637 1322 4694 corpus
1335 4623 1577 4694 quidem
1596 4623 1863 4678 validum
1876 4623 2128 4687 habens,

483 4713 680 4765 mente
693 4725 834 4764 vero
846 4709 1117 4765 nondum
1134 4710 1393 4766 violento
1413 4711 1626 4766 morbo
1650 4712 1908 4778 turbata,
1938 4728 2132 4784 neque

482 4815 554 4855 ca
569 4798 924 4867 cogitatione
938 4815 1077 4853 cum
1092 4798 1410 4854 formidine
1424 4799 1698 4870 agitatus,
1716 4800 1882 4872 quod
1913 4816 2132 4872 nempe

475 4888 604 4958 jam
635 4887 904 4944 moreris.

481 4981 730 5050 κραταιᾶς
821 4978 1212 5036 κατασεισάσης

480 5085 570 5122 νην
601 5082 615 5131 ;

548 5207 626 5277 (t)
679 5205 905 5261 Gobilis
966 5211 1054 5261 est
1108 5206 1401 5262 Ciceronis
1443 5206 1612 5262 locus
1661 5210 1830 5262 Tusc.
1906 5224 1947 5277 ι,
2019 5213 2122 5264 30:

481 5297 510 5326 ‹‹
542 5279 685 5332 Tota
713 5278 1211 5348 philosophorum
1243 5279 1372 5344 vita,
1423 5284 1488 5333 ut
1535 5280 1615 5333 ait
1672 5279 1832 5334 idem
1889 5279 2124 5348 (Plato),

479 5349 905 5420 commentatio
937 5351 1141 5420 mortis
1155 5357 1258 5420 est.
1295 5371 1322 5399 ››
1337 5349 1481 5404 Vide
1511 5350 1828 5420 \Vyltenb.
1861 5350 1937 5406 ad
1971 5352 2132 5406 Phas-

478 5418 624 5491 don.
654 5435 711 5490 p.
742 5423 868 5488 207,
901 5426 957 5473 et
987 5419 1045 5473 in
1078 5419 1324 5475 Philom.
1361 5426 1399 5476 t.
1457 5421 1548 5486 Ill,
1600 5418 1676 5491 'p.
1728 5423 1813 5475 96.
1874 5424 2131 5477 Joannes

480 5489 721 5564 Climdc.
782 5506 839 5561 p.
916 5494 1183 5564 145:_Kai
1224 5493 1420 5564 ,θανμα
1465 5489 1651 5564 -ὄντως,
1725 5499 1830 5552 πῶς
1861 5512 1966 5564 Ῠκαι
2026 5492 2132 5545 "El-

477 5559 623 5618 ληνές
671 5578 730 5635 τι
778 5559 1007 5635 τοιοῦτον
1064 5559 1564 5635 ἐφθέγξαντολέπεί
1640 5582 1729 5635 και
1803 5563 2132 5635 φιλοσοφίαν,

477 5636 630 5680 τούτο
683 5629 812 5682 εἶναι
907 5629 1200 5701 οριζονται,
1302 5629 1532 5705 μεχέτην
1564 5633 1785 5685 θανάτου
1811 5629 1847 5706 ’ᾗ
1907 5629 2136 5691 Seneca

2313 2231 2473 2283 ’Ὀταν
2534 2230 2592 2284 δέ
2656 2253 2737 2294 τις
2788 2237 2860 2304 μὴ
2911 2237 3064 2304 μόνον
3125 2234 3321 2290 ταύτης
3400 2230 3870 2304 κατωλιγωρηκὼς

2243 2325 2444 2392 φανείη,
2490 2319 2617 2374 ἀλλὰ
2664 2326 2751 2374 καὶ
2804 2325 2890 2373 τόν
2951 2323 3166 2376 θάνατον
3207 2319 3419 2392 μελέτην
3469 2321 3682 2372 ὡσανεὶ
3723 2323 3869 2376 τιθε-

2242 2428 2330 2460 ται
2381 2413 2458 2478 «3)
2507 2417 2605 2460 τῶν
2664 2408 2712 2460 έν
2767 2408 2869 2482 βίῳ
2926 2411 3264 2481 πραγμάτων,
3333 2411 3471 2482 πρὸς

2243 2496 2498 2555 παντελῶς
2555 2505 2646 2548 τού
2729 2496 3159 2569 παραγγελματος
3247 2498 3406 2562 ᾖκων,

3571 2408 3869 2460 τούναντίον

3481 2499 3696 2566 ἔμοιγε,
3759 2499 3866 2564 6:5;

2243 2587 2386 2656 ἔφην,
2421 2585 2479 2637 ού
2532 2584 2706 2659 πόρρω
2750 2586 3064 2656 θαύματοςό
3104 2592 3358 2648 τοιοῦτος,
3413 2592 3616 2636 τοῦτον
3679 2582 3752 2641 δὴ
3795 2605 3866 2635 τω

2243 2680 2429 2747 τρόπον
2484 2682 2587 2734 τοῖς
2636 2676 2880 2734 ὑστάτοις
2953 2681 3147 2745 xuii-f1
3231 2673 3438 2744 τελευτῇ
3516 2681 3860 2746 κεχρημένοι

2246 2769 2344 2815 Καὶ
2417 2765 2542 2837 γὰρ,
2613 2763 2656 2814 εἰ
2716 2761 2914 2836 βούλει,
2962 2765 3232 2823 νύττοντος
3304 2781 3362 2813 σε
3442 2771 3541 2813 τού
3626 2765 3862 2826 Gavisa,

2240 2854 2453 2926 γράφειν
2538 2847 2813 2917 διαθήκας,
2900 2851 3065 2911 ἄλλως
3147 2847 3199 2902 δ’
3264 2849 3357 2902 οὐκ
3435 2849 3613 2923 ἀνέχῃ
3709 2849 3862 2904 δοκεῖ)

2244 2940 2508 2992 ἐκπίπτειν
2567 2947 2667 2990 τῶν
2719 2945 3038 3012 προσόντων,
3097 2944 3148 2991 τί
3214 2942 3286 3010 μὴ
3353 2945 3449 2990 καὶ
3527 2942 3718 2992 πάντα
3793 2961 3860 2991 τε)

2246 3030 2383 3089 ζωῆς
2407 3035 2597 3102 χρόνον
2657 3031 2878 3081 θανάτου
2909 3033 3100 3104 χρόνον
3126 3047 3186 3100 γε
3215 3028 3430 3099 λογίζῃ,
3493 3034 3615 3098 καὶ,
3691 3035 3809 3103 πρὶν
3837 3033 3856 3084 J:

2245 3120 2488 3188 καθαρῶς
2544 3120 2602 3168 τό
2655 3117 2798 3178 τέλος
2876 3116 3175 3190 ἀφικέσθαι,
3235 3119 3362 3192 πρὸς
3443 3116 3583 3169 αὐτὸ
3665 3121 3861 3193 γράφεις

2248 3205 2450 3279 βλέπων
2483 3223 2495 3272 ;

2319 3301 2419 3348 Καὶ
2473 3298 2574 3369 γὰρ
2632 3295 2793 3356 οὕτως
2854 3297 2965 3366 ἔχει
3001 3315 3013 3326 ·
3066 3296 3267 3354 θνητοῖς
3325 3295 3456 3365 ἡμῖν
3520 3315 3587 3366 γε
3628 3315 3857 3367 giras-ups-

2244 3405 2350 3444 νοις
2409 3389 2840 3437 συναποτίκτεταέ
2896 3404 3006 3445 πως
3069 3390 3159 3436 καὶ
3220 3386 3250 3440 ἠ
3311 3388 3407 3440 τὴν
3499 3385 3656 3444 ζωὴν
3717 3387 3857 3440 αὐτῇ

2244 3474 2443 3525 λύουσα
2499 3476 2665 3547 φθορὰ
2715 3478 2804 3524 καὶ
2863 3473 3065 3545 ῥεῦσις.
3120 3477 3217 3524 Καί
3273 3491 3333 3542 γε
3390 3475 3546 3547 παρὰ
3601 3480 3705 3532 τὴν
3756 3473 3855 3525 οδω

2246 3562 2532 3635 ἐμπεσοῦσι
2562 3565 2767 3614 καὶτὸν
2823 3559 3018 3633 δρόμον
3061 3570 3153 3613 τοῦ
3220 3560 3342 3633 βίου
3377 3566 3448 3628 μὴ
3508 3567 3678 3633 μόνον
3738 3566 3855 3615 ἔστιν

2245 3654 2369 3724 ἡμῖν
2430 3652 2482 3714 ἐξ
2539 3650 2714 3728 ἀρχῆς
2771 3650 3067 3710 ἀπταίστως
3125 3650 3297 3720 ἐνορᾲν
3364 3654 3498 3724 πρὸς
3553 3653 3580 3702 ὃ
3639 3649 3712 3709 δή
3781 3673 3851 3701 και

2246 3742 2650 3814 καταπαύσομεν
2692 3740 2852 3807 τέλος,
2888 3738 2994 3791 ἀλλ’
3027 3737 3133 3798 ἤδη
3167 3744 3255 3790 καὶ
3312 3738 3361 3790 ἐν
3417 3749 3536 3800 τοῖς
3562 3743 3694 3794 καθ’
3736 3745 3851 3815 ὡρκν

2247 3830 2435 3900 ζὼμιν,
2486 3830 2533 3880 ἐν
2609 3831 2816 3890 τούτοις
2871 3831 2983 3879 ἔστι
3040 3834 3258 3902 συνορᾴν
3315 3833 3405 3879 καὶ
3472 3833 3573 3886 τὴν
3678 3833 3851 3903 φθορὰν

2245 3917 2396 3978 εὐθὺς
2437 3917 2854 3990 παρεζευγμένην
2917 3936 2930 3949 ·
2982 3918 3050 3977 ὡς
3093 3919 3192 3989 ’γὰρ
3249 3915 3296 3968 ἐν
3333 3920 3518 3987 ῖχνεσί
3565 3938 3694 3970 τισι
3743 3919 3851 3988 βαι-

2243 4009 2438 4068 νούσης
2521 4013 2616 4070 τῆς
2683 4006 2823 4067 ζωῆς
2869 4007 3014 4077 ημῶν
3068 4005 3280 4064 ἁπάσης
3323 4011 3414 4057 καὶ
3469 4015 3565 4058 τοῦ
3645 4011 3851 4060 θανατον

2241 4097 2586 4169 παραθέοντος
2644 4099 2732 4146 καὶ
2815 4101 3400 4168 συμπαρομαρτοῡντος,
3470 4097 3604 4168 ὅπερ
3701 4098 3849 4150 ἐκείνη

2241 4193 2441 4257 παρῆκε
2490 4179 2748 4248 διαϐᾶσα,
2795 4185 2936 4235 τοῦτ’
2994 4183 3144 4243 εὐθὺς
3219 4183 3371 4243 αύτός
3434 4182 3852 4258 μεταδεξαμῠος

2241 4273 2428 4344 ύφείλε,
2461 4276 2550 4323 καὶ
2589 4274 2938 4344 νενεκρώμεθα
2975 4271 3158 4322 λοιπὸν
3213 4278 3347 4322 πᾶσι
3401 4279 3513 4332 τοῖς
3575 4282 3682 4336 τῆς
3735 4280 3850 4337 Emi;

2243 4365 2422 4434 μέρεσι
2459 4362 2640 4434 ῥέουσι
2668 4365 2758 4412 καὶ
2807 4364 3238 4432 παρερχομένοις,
3290 4365 3380 4410 καί
3445 4380 3511 4430 γε
3569 4372 3649 4432 τῷ
3722 4366 3850 4415 θανε-

2915 4447 3067 4500 Ὠστ’
3078 4488 3091 4508 ,

2243 4533 2608 4610 δεδιττόμενος
2649 4537 2732 4589 ἐπὶ
2771 4545 2866 4598 τῆς
2919 4537 3213 4596 τελευταίας
3277 4535 3527 4609 βιάζεται
3590 4537 3848 4597 διαθηκῶν

3169 4452 3308 4520 εἴπερ
3377 4450 3402 4499 ό
3479 4451 3721 4513 θάνατός
3807 4470 3848 4500 σε

2241 4628 2560 4697 μεμνῆσθαι,
2618 4630 2668 4677 τί
2722 4630 2792 4697 μὴ
2827 4630 2916 4677 καὶ
2948 4631 3040 4682 τὴν
3083 4630 3324 4700 σήμερον,
3388 4622 3849 4685 ἐνδυναστεύοντας

2239 4717 2427 4766 τούτου
2489 4717 2598 4785 (και
2657 4713 2860 4788 βλέπεις
2918 4715 3124 4777 παντως
3177 4715 3368 4766 ὁπόσον
3448 4713 3848 4787 ἐγκαταλαμϐα-

2240 4802 2352 4874 τη),
2401 4805 2616 4876 ’γράφεις
2695 4805 2788 4863 τὰς
2847 4799 3123 4866 διαθηκας,
3196 4801 3491 4876 ἐρρωμένως
3546 4810 3647 4875 μὲν
3732 4810 3846 4876 ἔχων

2239 4898 2332 4942 τοῦ
2373 4895 2632 4962 σώματος,
2675 4897 2746 4962 μη
2816 4911 2898 4942 πω
2940 4887 2998 4944 δὲ
3054 4895 3138 4943 τόν
3199 4898 3314 4942 νοῦν
3379 4887 3772 4965 διεφθαρμένος
3806 4893 3846 4942 ἐι

1299 4979 1478 5045 νόσου,
1557 4973 1695 5048 μηδὲ
1756 4983 1848 5035 τήν
1934 4975 2170 5030 διάνοιαν
2221 4980 2467 5052 οὐμενοῦν
2522 4982 2621 5032 ὑπὸ
2673 4977 2824 5042 δέους
2880 4983 3016 5052 ἔχων
3073 4982 3153 5032 ὅτι
3205 4983 3442 5039 θνήσκεις
3489 4983 3846 5054 τεθορυϐημέ-

2312 5209 2488 5282 Epist.
2508 5213 2576 5264 ‘26
2603 5229 2614 5265 :
2637 5232 2664 5259 ‹‹
2694 5209 2973 5265 Meditare
2989 5214 3260 5264 mortem.
3283 5231 3308 5258 υ
3329 5209 3493 5264 Adde
3522 5209 3844 5282 Diogenem

2243 5281 2419 5352 Epist.
2465 5285 2524 5335 t0
2555 5283 2661 5336 init
2708 5283 2766 5335 in
2801 5282 3142 5352 Notit.Mss.
3177 5287 3217 5337 t.
3246 5283 3304 5335 Χ.

2315 5353 2605 5421 (2)Codex
2630 5355 2712 5407 sic
2742 5370 2754 5416 ;
2791 5352 2896 5407 sed
2935 5351 3080 5408 olim
3110 5352 3219 5408 fuit
3247 5357 3638 5424 προσσχόντες.
3685 5352 3840 5412 Conf.

2240 5428 2363 5477 not.
2398 5427 2450 5487 9,
2476 5424 2586 5478 col.
2626 5426 2780 5479 1386.

2314 5493 2390 5563 (3)
2422 5494 2711 5567 Relinquo
2774 5496 2894 5546 ὅταν
2953 5499 3129 5566 φανείη
3182 5499 3271 5545 καὶ
3300 5495 3535 5567 τιθῆται,
3582 5511 3732 5551 cum
3767 5494 3839 5548 vi-

2241 5563 2501 5692 iiietagitur
2528 5563 2718 5622 sic—ab
2749 5563 2990 5622 auctore
3020 5567 3172 5638 ipso,
3238 5580 3360 5622 non
3391 5581 3422 5621 ο
3464 5565 3741 5634 librario,
3770 5582 3839 5620 re-

2286 5651 2317 5690 c
2388 5678 2400 5692 .

2286 5651 2400 5693 cta.
