3934 6322
39 400 200 455 ili-69

1481 395 2008 454 TESTAMENTUM.

3283 395 3422 450 14⁸70

121 525 257 578 Οἶον
294 524 394 596 γὰρ
427 517 495 580 δή
542 526 633 574 καὶ
677 529 851 584 τοῦτο,
908 524 1030 575 ὅταν
1070 542 1294 598 πυρετος
1346 521 1528 596 λάϐρος
1586 523 1645 592 (ις

1845 522 2148 588 Quidnam
2200 525 2446 596 patieris
2492 522 2743 596 quando
2811 525 2868 578 te
2922 521 3185 578 adurens
3237 518 3422 575 febris

43 612 408 685 ἀναφλεχθεὶς
494 609 708 683 ἐκτήκη,
780 617 994 686 κρείττω
1076 618 1165 665 καὶ
1221 613 1406 687 ἰατρῶν
1469 615 1662 682 τέχνης

41 707 140 754 καὶ
176 704 355 763 πάσης
387 699 542 762 ἀλλης
584 709 834 772 μηχανῆς
857 706 952 760 τὴν
1003 701 1175 774 ἀκμὴν
1215 705 1372 773 ἔχων,
1428 707 1517 752 καὶ
1568 705 1662 758 τὴν

43 794 254 866 φθορὰν
308 795 398 844 καὶ
439 789 590 842 λύσιν
645 792 1089 864 κατεργαζόμενος
1154 791 1390 862 εὐτόνως,
1462 795 1552 843 καί
1604 809 1664 860 γε

39 884 136 932 τόν
181 877 382 952 δεσμόν
411 877 688 954 παραλύων
714 883 800 932 τὸν
839 889 932 942 τῆς
960 879 1148 952 ψυχῆς
1203 885 1293 933 καὶ
1336 887 1426 933 τοῦ
1476 885 1661 951 σώμα-

40 989 154 1036 τος,
189 970 222 1027 ἢ
254 971 376 1021 ὅταν
451 969 601 1043 ῥῖγος
643 967 1000 1042 ἐπεισφρῆσαν
1055 973 1142 1021 τὸν
1212 969 1326 1021 ὅλον
1404 967 1658 1040 συγκλονῇ

45 1061 360 1130 σωματικὸν
417 1061 592 1129 ὄγκον,
653 1061 744 1109 καὶ
810 1060 875 1110 τά
919 1060 1106 1112 τούτου
1146 1059 1348 1130 πέρατά
1399 1056 1660 1129 καταλαμ-

41 1146 183 1220 ϐάνῃ
264 1149 565 1220 νεκροποιὸν
636 1145 836 1218 ψῦχος,
911 1154 1004 1199 τοῦ
1093 1147 1318 1208 ζωτικοῦ
1372 1149 1662 1218 πνεύματος

45 1234 466 1307 συστελλομένου
547 1238 634 1288 καὶ
712 1234 810 1307 βίᾳ
856 1241 974 1308 περὶ
1030 1240 1124 1294 τὴν
1175 1231 1400 1308 καρδίαν
1451 1233 1660 1306 ἀναχω-

42 1331 292 1397 ροῦντος,
341 1321 452 1376 εἶτα
517 1329 751 1395 προσιών
808 1343 886 1385 τις
946 1320 1256 1396 διαλέγηται
1308 1328 1426 1395 περὶ
1486 1341 1659 1395 γραμ-

41 1415 232 1483 μάτων
285 1416 378 1470 την
420 1410 604 1464 ούσίαν
659 1412 1109 1485 καταμεριζόντων
1178 1417 1269 1464 καὶ
1347 1410 1658 1464 ἀποταττόνο

39 1521 150 1552 των
192 1501 414 1574 κλήρους
461 1507 565 1560 τοῖς
623 1503 699 1552 ἔτι
759 1510 832 1572 τῷ
899 1500 1000 1573 βίῳ
1053 1506 1456 1574 περιεσομένοις,
1512 1505 1602 1552 καὶ
1631 1502 1657 1551 6

42 1593 140 1661 μὲν
167 1597 338 1642 ταῦτα
367 1587 714 1662 συμϐουλεύῃ,
774 1591 800 1641 6
850 1587 930 1656 δὲ,
975 1609 1106 1662 προς
1150 1594 1244 1648 τὴν
1293 1588 1454 1647 ἀκοὴν
1506 1589 1658 1651 εὐθὺς

40 1681 350 1750 παταχθεὶς
413 1674 590 1738 δεινῶς
653 1682 746 1735 τὴν
785 1675 1030 1752 καρδίαν,
1085 1678 1262 1731 ἑαυτὸν
1309 1685 1400 1738 τῆς
1455 1684 1657 1752 μακρᾶς

42 1767 252 1828 πλάνης
301 1771 391 1819 καὶ
444 1776 540 1830 τῆς
589 1767 783 1829 πολλῆς
845 1770 1040 1829 ἐκείνης
1093 1772 1444 1839 ματαιότητος
1501 1767 1654 1818 ταλα-

39 1860 192 1928 νίζη,
226 1856 312 1927 ὑφ’
342 1857 403 1918 ἧς
431 1857 602 1927 ἠγνόει
630 1860 716 1908 τόν
775 1861 942 1908 πάντα
988 1866 1085 1917 τῆς
1141 1858 1284 1918 ζωῆς
1331 1860 1522 1928 χρόνον
1563 1875 1655 1907 κα-

39 1945 403 2017 τειλημμένος,
469 1950 557 1997 καὶ
630 1942 880 2018 διελέγχη
928 1943 995 2004 δὴ
1072 1950 1188 1998 τότε
1247 1965 1305 1997 το
1382 1949 1653 2018 παρεστὼς

42 2038 236 2105 αἴφνης
288 2042 385 2096 τῆς
441 2032 701 2096 ἀπλανοῦς
790 2036 1180 2095 συναισθήσεως
1230 2037 1348 2093 τοῦς
1416 2034 1651 2104 μόχθους

40 2120 276 2184 ἐκείνους
328 2127 418 2175 καὶ
484 2129 657 2175 πᾶσαν
735 2121 874 2193 αύτῷ
928 2127 1022 2181 τὴν
1089 2127 1342 2196 προτέραν
1411 2118 1650 2179 σπουδὴν

41 2211 157 2270 εἰκῆ
229 2215 321 2262 καὶ
363 2213 533 2283 μάτην
586 2211 968 2270 ἐκπεπονῆσθαι
1012 2215 1100 2264 καὶ
1163 2215 1294 2286 πρὸς
1331 2208 1480 2264 οὐδὲν
1529 2214 1648 2282 ὄφε-

39 2299 131 2361 λος
179 2299 480 2359 ἀπαντῆσαι
531 2317 546 2367 ;
591 2301 711 2352 ὅταν
792 2308 914 2370 γοῦν
987 2308 1176 2367 ταῦτα,
1247 2304 1336 2351 καὶ
1392 2301 1648 2361 τοιούτοις

41 2387 478 2460 ἐνασχολουμένῳ
508 2385 644 2460 τῷδε
684 2386 789 2449 τοῖς
839 2388 1110 2462 λογισμοῖς
1173 2390 1648 2461 προσεπιτιθώνται

39 2482 134 2528 καὶ
163 2485 264 2529 τῶν
315 2481 544 2548 γνησίων
595 2477 727 2530 εἰσιν
778 2477 955 2530 οἱκαὶ
1009 2485 1108 2530 τῶν
1153 2476 1324 2545 ξένων,
1370 2479 1438 2541 οἱ,
1489 2480 1646 2548 χρέος

39 2566 225 2638 ὥσπερ
312 2566 490 2628 αύτοῖς
571 2565 799 2638 ἀνάγκης
867 2565 922 2628 ἐξ
975 2565 1186 2627 ἀπάσης
1263 2564 1642 2636 ἑπωφλημένον,

37 2661 306 2727 χρήματα
368 2654 558 2708 ἐκείνου
635 2660 723 2707 καὶ
778 2657 1063 2728 πράγματα
1136 2651 1401 2708 διαλαϐεῖν
1487 2653 1644 2713 ἐκζη-

38 2751 274 2808 τοῦντες,
322 2749 409 2797 καί
445 2763 504 2815 γε
551 2743 857 2818 βιαζόμενοι
911 2745 1342 2816 συμμερίσασθαι
1383 2745 1476 2805 τὰς
1523 2747 1648 2801 κτή-

42 2850 180 2899 σεις,
214 2832 318 2883 οἷον
371 2829 438 2890 δὴ
490 2838 579 2885 καὶ
630 2841 782 2885 τοῦτο
811 2850 825 2901 ;
856 2831 914 2884 Ὀ
967 2834 1055 2903 μὲν
1111 2833 1210 2905 γὰρ
1266 2827 1460 2905 διαιρεῖ
1513 2833 1648 2883 κατὰ

39 2926 136 2978 τήν
206 2921 416 2987 οἰκείαν,
471 2922 529 2974 ού
566 2926 669 2994 μὴν
723 2918 782 2972 δὲ
838 2923 972 2972 κατά
1031 2926 1125 2978 την
1163 2919 1362 2972 ἐκείνων
1425 2918 1644 2972 ἑκάστου

41 3007 296 3066 ϐούλησιν
353 3007 478 3064 ούδέ
531 3029 592 3080 γε
645 3011 782 3062 κατὰ
835 3013 923 3066 τὴν
984 3007 1250 3065 ἄπληστον
1309 3009 1499 3080 ἓφεσινο
1554 3012 1644 3060 καὶ

41 3097 202 3150 αὐτοὶ
265 3098 442 3152 λοιπόν
509 3096 1030 3170 δυσανασχετοῦντες
1091 3096 1498 3171 ἀποστρέφονται
1548 3100 1642 3156 τήν

40 3188 232 3260 χάριν,
259 3187 284 3239 6
324 3190 412 3259 μὲν
464 3186 614 3240 πλέον
668 3187 990 3259 εἰσπράττων
1040 3186 1069 3243 ἣ
1129 3187 1250 3237 όσον
1290 3183 1475 3246 ἐκὲῑνος
1517 3188 1643 3237 ἑκὼν

40 3283 179 3328 εῖναι
230 3272 477 3342 δίδωσιν,
531 3277 557 3328 6
612 3272 671 3328 δε
731 3280 824 3334 τὴν
873 3278 996 3332 ἴσην
1047 3281 1233 3347 μοῖραν
1279 3271 1643 3346 δυσχεραίνων

40 3364 133 3415 καὶ
205 3367 274 3436 μὴ
320 3367 454 3418 πάνυ
503 3384 555 3416 τι
615 3360 1077 3434 καταδεδεγμένος’
1145 3366 1282 3416 ἔστιν
1347 3367 1402 3425 ὅς
1466 3366 1643 3415 καὶτὸ

38 3454 259 3524 νεμηθεν
329 3453 442 3506 ὅλον
521 3452 776 3506 ἀπείπατο
841 3451 1035 3519 τελέως,
1111 3456 1201 3503 καὶ
1269 3453 1299 3509 ἡ
1384 3456 1644 3526 πρόφασις

40 3542 304 3617 εὐπρεπὴς
356 3547 446 3596 καὶ
493 3546 552 3594 το
605 3538 875 3613 δικαίωμα
934 3548 1188 3612 γενναῖον·
1219 3563 1245 3589 ››
1298 3540 1465 3611 πολλῷ
1539 3543 1640 3615 γὰρ

39 3630 235 3698 πλεῖον,
309 3654 328 3680 ι
392 3635 544 3704 φησί,
608 3653 635 3681 ››
699 3636 940 3702 νομίσας,
1009 3628 1248 3701 βεϐαίαις
1313 3634 1362 3682 ἐν
1437 3629 1640 3682 ελπίσιν

1772 620 2100 684 consumet,
2128 615 2493 671 medicorum
2526 617 2651 669 arte
2681 617 2740 668 et
2767 609 2885 667 alia
2912 609 3123 682 quavis
3147 607 3418 672 validior,

1772 715 1843 755 ac
1869 700 2150 758 violenter
2187 703 2632 776 corruptionem
2661 699 3238 769 dissolutionemque
3281 712 3421 769 ope-

1771 789 2018 856 rabitur,
2052 791 2360 864 solvetque
2391 792 2609 848 animm
2629 795 2687 845 et
2735 787 3002 860 corporis
3058 785 3365 843 vinculum
3399 802 3414 851 ;

1770 883 1875 934 aut
1912 879 2160 950 quando
2181 881 2368 952 frigus
2393 880 2613 937 sensim
2654 877 2985 950 procedens
3021 889 3268 932 omnem
3297 874 3420 943 agi-

1770 966 1919 1022 tabit
1947 969 2212 1038 corporis
2237 968 2479 1035 molem,
2503 973 2917 1038 extremasque
2937 969 3132 1036 partes
3156 977 3418 1033 occupa-

1767 1053 1856 1110 bit
1883 1055 2248 1128 ubicumque
2275 1063 2526 1112 mortem
2547 1055 2740 1111 ferens
2773 1051 3058 1126 ;qua.ndo
3105 1050 3418 1128 viviﬁcans

1770 1143 2012 1213 spiritus
2043 1145 2410 1201 coercebitur
2437 1150 2494 1199 et
2517 1143 2577 1200 in
2605 1158 2708 1199 cor
2735 1141 2979 1198 tandem
3035 1117 3304 1206 recedet:
3345 1154 3417 1194 ac

1769 1231 1985 1288 deinde
2010 1233 2224 1304 aliquis
2253 1233 2567 1298 accedens,
2616 1237 2816 1288 tecum
2851 1234 2987 1299 aget
3015 1229 3090 1284 de
3131 1226 3418 1284 codicillis

1767 1319 1933 1374 bona
1962 1327 2066 1375 tua
2095 1320 2496 1377 dividentibus
2513 1318 3012 1389 hrereditatesque
3037 1321 3173 1372 tuas
3203 1315 3273 1370 iis
3309 1313 3416 1386 qui

1769 1413 2123 1479 supererunt
2153 1408 2624 1478 assignantibus,
2657 1413 2863 1480 tuque,
2884 1405 3081 1462 statim
3103 1419 3174 1460 ac
3203 1402 3414 1459 audie—

1766 1496 1845 1551 ris
1877 1497 2056 1554 corde
2083 1498 2460 1553 vehementer
2481 1496 2779 1562 turbatus,
2829 1495 3091 1567 teipsum
3147 1507 3185 1551 a
3232 1491 3414 1561 longo

1767 1601 1962 1640 errore
1993 1591 2050 1640 et
2078 1592 2366 1658 perpetua
2392 1586 2490 1641 illa
2515 1585 2773 1640 vanitate
2819 1589 3066 1652 avertes,
3125 1597 3249 1653 qua
3291 1583 3418 1636 tota

1764 1673 1886 1729 vita
1911 1673 2196 1745 deceptus
2222 1690 2285 1729 es
2313 1674 2606 1734 nesciens,
2673 1671 3161 1742 convincerisque
3214 1668 3415 1724 statim

1765 1758 1925 1816 certo
1951 1761 2248 1817 intellectu
2289 1778 2498 1817 omnes
2549 1762 2682 1817 illos
2739 1761 2978 1816 labores
3047 1773 3412 1828 omnemque

1761 1850 2021 1922 priorem
2056 1867 2262 1906 curam
2294 1867 2447 1905 vane
2485 1851 2824 1922 impensam
2865 1848 3045 1903 fuisse
3074 1861 3186 1901 nec
3242 1845 3412 1916 quid-

1761 1955 1945 2011 quam
1975 1938 2113 1994 utile
2134 1939 2420 1995 habuisse
2451 1939 2478 1994 ?
2501 1937 3085 2006 Quandohaecigitur
3097 1934 3192 2005 agi
3214 1949 3411 2006 cmpe-

1759 2029 1892 2100 rint,
1927 2034 1982 2084 et
2011 2029 2258 2100 quando
2286 2029 2367 2084 illi
2405 2029 2617 2084 talibus
2649 2032 2941 2100 occupato
2985 2023 3412 2098 supervenient

1759 2118 1850 2175 vel
1879 2119 2162 2188 extranei,
2209 2119 2314 2191 qui
2343 2124 2632 2191 tanquam
2654 2134 2726 2172 ex
2777 2115 3125 2172 necessitate
3175 2112 3410 2170 debitas

1757 2206 1914 2262 illius
1937 2223 2030 2262 res
2059 2223 2129 2262 ac
2154 2207 2392 2262 divitias
2419 2205 2927 2278 comprehendere
2948 2203 3231 2268 nitantur,
3263 2216 3404 2274 pro-

1758 2295 2008 2368 priaque
2038 2297 2224 2367 ipsius
2251 2295 2412 2351 bona
2438 2295 2550 2351 sibi
2587 2294 2732 2367 ipsis
2762 2292 3118 2348 distribuere
3164 2294 3404 2361 cogant,

1755 2385 1902 2457 quid
1966 2385 2106 2441 inde
2177 2384 2426 2440 evenit?
2484 2385 2586 2439 Hic
2652 2383 2813 2440 enim
2877 2379 3084 2436 dividit
3138 2395 3246 2454 pro
3293 2395 3405 2435 sua

1757 2473 2078 2544 voluntate,
2134 2490 2256 2530 non
2285 2474 2456 2545 juxta
2476 2473 2952 2544 uniuscujusque
2989 2485 3200 2526 eorum
3224 2468 3404 2524 bene-

1754 2563 2060 2634 placitum,
2103 2579 2296 2636 neque
2340 2563 2512 2634 juxta
2583 2562 2946 2634 inexpletam
2993 2558 3401 2630 cupiditatem.

1757 2654 1822 2708 Et
1851 2651 1933 2709 illi
1957 2651 2337 2724 indignantes
2364 2651 2618 2720 gratiam
2659 2653 2938 2719 renuunt,
2971 2647 3124 2704 alius
3155 2646 3403 2722 quidem

1753 2740 1929 2812 plura
1957 2745 2308 2812 exspectans
2339 2756 2524 2813 quam
2549 2755 2686 2812 quae
2713 2737 2808 2794 ille
2833 2736 3042 2794 volens
3092 2751 3162 2792 ac
3207 2733 3402 2790 libens

1753 2829 2146 2893 tradit;alius
2180 2845 2312 2884 vere
2356 2829 2650 2901 aequalem
2707 2831 2938 2884 tantum
2991 2825 3105 2882 sibi
3169 2828 3402 2896 partem

1753 2917 1965 2972 donari
1995 2934 2118 2973 non
2157 2917 2288 2983 fert,
2338 2933 2447 2972 nec
2487 2918 2751 2989 seipsum
2783 2931 2905 2971 non
2937 2913 3070 2986 plus
3110 2911 3398 2986 accipere.

1755 3008 1850 3061 Est
1869 3005 1973 3080 qui
2002 3012 2193 3062 totum
2241 3005 2409 3078 quod
2456 3005 2570 3077 ipsi
2613 3019 2970 3060 concessum
3015 3007 3104 3058 est
3153 3001 3397 3073 rejiciat,

1751 3101 2226 3168 praetextumque
2252 3093 2580 3150 decendem
2602 3093 2820 3166 jusque
2851 3106 3210 3162 generosum
3233 3090 3401 3146 adhi-

1750 3183 1978 3240 beat:«
2017 3184 2191 3242 Multo
2244 3183 2498 3253 majora,
2551 3181 2762 3253 inquit,
2829 3178 3272 3251 exspectabam,
3344 3183 3402 3234 et

1751 3272 1928 3330 ﬁrma
1956 3289 2061 3345 spe
2119 3272 2367 3328 nitebar.
2406 3293 2426 3320 ι
2466 3270 2577 3326 Sed
2645 3276 2881 3338 tamen,
2965 3283 3112 3323 num
3164 3273 3401 3340 tempus

1753 3361 1830 3419 ad
1861 3361 2123 3419 lamenta
2180 3377 2250 3417 ac
2315 3360 2571 3430 gemitus
2636 3358 2863 3428 invitat,
2936 3355 3033 3412 alii
3100 3371 3172 3412 eo
3232 3355 3399 3428 quod

1753 3467 1870 3508 non
1900 3451 1970 3506 iis
2007 3467 2118 3523 pro
2171 3456 2368 3506 mente
2415 3448 2762 3504 successerit
2804 3447 2864 3502 in
2903 3461 3142 3518 pugnas
3177 3445 3397 3518 saepius

1751 3540 1995 3611 abeunt,
2027 3539 2328 3614 lacrymas
2359 3537 2749 3610 doloremque
2781 3535 3136 3604 omittentes,
3177 3534 3399 3590 doloris

1752 3633 2012 3701 tempus,
2035 3628 2173 3684 belli
2201 3645 2270 3684 ac
2298 3625 2490 3682 litium
2522 3632 2758 3700 tempus
2790 3624 3202 3694 designantes.

37 3727 307 3801 ἐθάρρουν·
341 3750 362 3778 ε
397 3728 457 3781 ού
502 3732 604 3800 μὴν
653 3727 801 3793 ἀλλά,
848 3747 938 3778 και
992 3734 1081 3778 τοῦ
1130 3734 1314 3797 καιροῦ
1366 3726 1645 3788 καλοῦντος
1693 3729 1822 3799 πρὸς
1867 3726 2100 3798 οἰμωγὰς
2165 3745 2255 3778 και
2310 3726 2550 3798 θρήνους,
2615 3727 2662 3776 οί
2713 3719 2794 3788 δε,
2843 3741 3054 3796 γνωμης
3109 3719 3395 3793 ἀπληστίᾳ,

38 3813 252 3889 δάκρυα
304 3820 473 3870 πάντα
513 3835 604 3868 και
649 3820 704 3868 τὸ
757 3817 954 3868 πενθεῖν
1006 3816 1395 3888 παρωσάμενοι,
1454 3819 1503 3876 ἐς
1560 3816 1741 3885 μάχας
1796 3813 2043 3874 πολλάκις
2081 3833 2170 3865 και
2205 3816 2332 3886 πρὸς
2361 3811 2606 3872 ἀλλήλους
2645 3819 2910 3884 χωροῦσι,
2943 3815 3030 3862 τόν
3077 3816 3168 3861 τοῦ
3196 3811 3397 3870 πάθους

37 3909 222 3978 καιρόν
251 3903 422 3981 ἐριδος
446 3909 634 3958 ὡσανεί
663 3907 842 3978 καιρόν
871 3924 961 3956 και
989 3903 1213 3975 πολέμου
1247 3904 1485 3965 τιθέντες.

112 4001 216 4048 Kal
267 3998 333 4048 τά
417 3996 642 4048 ἐντεῦθεν
708 3994 976 4060 τίνα;Ὀ,
1069 3996 1259 4064 τρόπον
1319 3995 1371 4042 ὅν
1429 3994 1637 4063 ἔφημεν,

39 4088 452 4155 κατηπειγμίνος
515 4085 646 4156 πρὸς
723 4085 816 4139 τὴν
882 4078 1162 4153 ἐκδημίαν,
1255 4082 1321 4131 τά
1377 4083 1466 4151 μεν
1526 4087 1642 4141 ταῖς

35 4176 240 4223 ἐκείνων
294 4173 586 4244 χαυνωθείς
651 4189 741 4221 και
805 4170 1168 4241 μαλακισθείς,
1241 4170 1354 4240 ἅμα
1419 4165 1478 4221 δὲ
1548 4189 1637 4220 και

35 4263 280 4331 καθυφείς
364 4261 735 4331 λογομαχίαις,
797 4260 863 4310 τά
952 4254 1010 4310 δὲ
1075 4255 1388 4328 βουλόμενος
1454 4255 1635 4310 ἑαυτὸν

37 4346 350 4419 ἀπαλλάξαι,
408 4347 851 4418 ἀπαλλαττόμενον
907 4342 1014 4404 ἤδη
1081 4353 1168 4398 τοῦ
1223 4345 1357 4409 ϐίου,
1412 4365 1502 4396 και
1541 4353 1635 4406 τῆς

34 4441 256 4490 έκτόπου
299 4440 495 4498 ταύτης
542 4441 785 4508 ἐπηρείας
837 4454 928 4486 και
976 4438 1095 4506 περί
1141 4434 1297 4486 αὐτόν
1335 4453 1390 4485 τε
1433 4453 1522 4484 και
1573 4436 1631 4484 τὸ

1823 3994 1886 4047 Et
1915 4007 2050 4063 quae
2081 3995 2292 4064 postea
2317 3994 2650 4063 sequuntur
2673 3989 2701 4044 ?
2732 3988 2863 4054 Qui,
2891 4002 3013 4058 quo
3044 3985 3227 4042 modo
3243 3985 3394 4042 dixi-

1749 4095 1906 4140 mus,
1939 4079 2017 4134 ad
2044 4084 2292 4133 mortem
2327 4078 2408 4132 ita
2437 4076 2732 4132 adductus
2762 4080 2867 4142 est,
2896 4091 3104 4130 eorum
3146 4073 3394 4144 quidem

1746 4168 1918 4222 vanis
1948 4167 2325 4223 sermonibus
2355 4165 2695 4221 debilitatus
2721 4180 2790 4219 ac
2823 4163 3085 4218 mollitus
3108 4169 3160 4217 et
3183 4161 3393 4217 subac-

1746 4260 1859 4324 tus,
1901 4255 2310 4328 seipsumjam
2350 4255 2469 4310 vita
2501 4252 2838 4317 liberatum,
2902 4249 3105 4306 volens
3149 4265 3392 4322 quoque

1742 4344 1996 4402 liberare
2035 4344 2341 4402 abinsana
2366 4341 2824 4406 hacinsolentia,
2849 4339 3044 4395 nonin
3070 4343 3391 4395 testamen-

1744 4434 1816 4488 tis
1833 4434 2119 4506 prolibitu
2134 4432 2414 4505 disponit,
2434 4431 2534 4488 sed
2547 4431 2566 4500 j
2579 4437 2719 4486 uxta
2733 4445 2962 4485 meram
2985 4427 3389 4500 tyrannidem.

35 4522 208 4577 δίκιον
282 4525 676 4598 ἀγνωμοσύνης,
746 4522 886 4595 ἀφείς
950 4526 1016 4575 τὰ
1095 4525 1230 4574 κατά
1307 4527 1515 4594 γνώμην
1581 4526 1629 4572 ἐν

1814 4522 1965 4579 ainde
1984 4521 2237 4577 codicilli
2256 4521 2527 4576 ultimam
2557 4518 3149 4575 dicuntvoluntatem
3180 4522 3238 4572 et
3283 4516 3389 4572 im-

33 4611 317 4676 διαθηκαις
357 4617 590 4688 γράφειν.
645 4615 833 4687 γράφει
897 4613 964 4663 τὰ
988 4619 1085 4670 τῆς
1133 4607 1460 4684 τυραννίδος.
1505 4606 1631 4662 Εἶτα

33 4708 96 4755 τὰ
143 4707 428 4778 γράμματα
473 4705 766 4757 τελευταίαν
817 4706 947 4773 φασί
1004 4700 1258 4773 βούλησιν
1312 4721 1401 4751 και
1454 4699 1630 4757 ἀκίνη-

32 4798 117 4846 τόν
155 4814 273 4846 τινα
319 4791 600 4859 διαθήκην,
659 4812 749 4844 και
799 4794 868 4851 ὡς
941 4791 1137 4851 ἔξεστιν
1190 4785 1365 4841 οὐδενί
1433 4789 1630 4842 ἀθετεῖν

32 4903 121 4935 και
165 4891 491 4956 παραποιεῑν·
547 4901 638 4934 και
693 4887 911 4933 τοιαῦτα
959 4882 1008 4932 οῖ
1059 4877 1371 4949 ϐιασάμενοι
1429 4877 1632 4950 ἰσχυρά

32 4991 121 5024 και
177 4980 386 5044 γενναῖα
451 4978 560 5032 τοῖς
617 4973 978 5044 ἁπροαιρέτοις
1043 4987 1133 5020 και
1198 4972 1632 5039 κατηναγκασμέο

33 5081 138 5124 νοις
195 5061 622 5133 ἐπιψηφίζονται.

103 5150 244 5204 Ἀλλ’
336 5150 431 5203 οὐκ
517 5153 617 5220 ἐγὼ
681 5151 862 5207 οὕτως·
923 5144 1052 5212 ἀλλ’,

32 5243 224 5310 τρόπου
282 5236 575 5310 δοκιμάσας
629 5242 677 5290 ἐν
724 5243 829 5298 τοῖς
885 5237 1137 5293 τοιούτοις
1193 5234 1409 5305 ἄριστον
1449 5234 1630 5302 ἔγνων,

32 5328 170 5382 τοῦτ’
197 5326 301 5388 ἤδη
330 5349 421 5380 και
448 5332 532 5380 ἐπί
556 5333 661 5386 τοῖς
698 5323 922 5397 ἐμαυτοῦ
955 5323 1150 5396 πράξω.
1177 5325 1245 5375 Τό
1277 5319 1338 5374 δέ
1366 5324 1479 5375 ἐστι
1507 5321 1583 5394 (2)
1615 5342 1629 5392 ;

100 5426 230 5487 Νῦν,
271 5420 354 5470 ὅτε
390 5423 546 5469 νόσου
599 5411 765 5488 μηδὲν
817 5412 1037 5484 ἐνοχλεῖ,
1088 5419 1195 5477 νῦν,
1226 5415 1307 5464 ὅτε
1354 5415 1422 5482 μὴ
1474 5430 1632 5463 κατα-

103 5529 182 5592 (t)
213 5525 357 5582 Cod.
387 5524 596 5597 λαῦρος.

102 5585 178 5668 (2)
209 5598 300 5654 Sic
329 5585 538 5652 codex.
575 5597 796 5650 Forsan
822 5587 966 5644 Τίδέ
990 5594 1104 5643 ἐστι
1127 5606 1140 5658 ;
1174 5585 1296 5640 τόδε
1323 5585 1382 5640 δέ
1407 5607 1520 5640 εστι
1544 5593 1625 5657 τί;

1131 5147 1253 5215 ὅπερ
1319 5147 1374 5196 ἐκ
1439 5146 1631 5205 παντὸς

1742 4611 1959 4668 mobile
1992 4611 2303 4684 quoddam
2345 4614 2795 4674 testamentum,
2838 4613 2894 4662 et
2930 4606 3044 4663 tale
3074 4611 3140 4662 ut
3164 4605 3390 4661 nemini

1741 4700 1914 4756 liceat
1941 4700 2088 4755 illud
2114 4705 2378 4754 avertere
2392 4704 2446 4754 et
2475 4696 3044 4752 contemnere.Talia
3072 4695 3250 4765 igitur
3262 4695 3389 4765 jus-

1742 4794 1945 4846 serunt
1981 4788 2129 4857 ﬁeri,
2154 4794 2210 4844 et
2239 4787 2437 4846 valida
2462 4802 2532 4842 ac
2557 4791 2688 4841 rata
2728 4785 3055 4840 decernunt
3075 4799 3210 4854 quin
3266 4797 3389 4839 non

1739 4876 2088 4942 voluntarie,
2121 4875 2227 4934 sed
2253 4879 2456 4931 coacte
2496 4873 2652 4930 facta
2683 4878 2840 4930 sunt.

1810 5145 1937 5199 Non
1969 5143 2071 5208 ita.
2105 5157 2238 5212 ego.
2268 5139 2438 5207 Quod
2469 5137 2820 5194 omnimodo
2851 5136 3146 5208 optimum
3175 5135 3388 5192 essein

1739 5232 1960 5287 talibus
1989 5236 2267 5304 expertus
2294 5245 2448 5294 sum,
2477 5228 2537 5283 id
2551 5229 2680 5299 jam
2725 5226 2785 5282 in
2831 5224 3087 5297 propriis
3144 5223 3383 5282 faciam.

1741 5321 1894 5387 Quid
1925 5325 2124 5378 autem
2152 5320 2296 5376 illud
2328 5323 2420 5375 est
2448 5318 2476 5372 ?

1811 5414 2000 5480 Nunc,
2031 5427 2169 5466 cum
2190 5409 2390 5464 nullus
2411 5424 2508 5464 me
2533 5405 3068 5480 impeditmorbus,
3095 5421 3235 5461 cum
3263 5421 3388 5462 non
