3934 6322
518 371 646 426 1471

1843 376 2219 436 NICEPHORI
2257 378 2544 438 CHUMNL

3758 399 3781 453 1
3792 403 3874 457 47Ξ

515 492 577 592 in
613 493 766 551 lecto
795 495 1023 554 solutus
1048 502 1358 572 recumbo,
1380 520 1577 580 neque
1593 506 1669 563 de
1687 506 1812 563 vlta
1834 520 1960 594 non
1981 505 2156 594 modo

2279 503 2409 558 λύων
2474 505 2560 560 ἐπί
2606 506 2780 570 κλίνης
2836 510 2964 580 εἰπέ,
3026 509 3167 585 μηδὶ
3224 519 3338 590 περί
3389 519 3556 588 ζωῆς,
3619 525 3694 592 μή
3749 527 3877 594 μάντι

513 581 804 640 incertum
833 590 921 642 est
949 600 1096 644 num
1135 589 1316 661 hujus
1344 591 1544 650 futura
1576 594 1650 651 sit
1713 593 1974 650 crastina
2016 592 2166 661 dies,

517 670 624 727 sed
644 672 772 742 jam
798 677 855 729 et
882 674 956 731 de
984 675 1274 736 hodierna
1296 679 1576 739 differunt
1599 683 1753 741 inter
1781 699 1843 740 se
1884 681 2170 738 mediciet

515 765 806 832 pugnant,
847 762 994 821 dum
1025 765 1124 822 alii
1145 768 1421 840 spiritum
1464 787 1661 845 usque
1722 771 1801 829 ad
1848 785 2167 844 vesperam

516 848 738 906 iturum
767 866 898 908 esse
927 856 1322 929 contendunt,
1349 859 1448 916 alii
1485 877 1628 918 vero
1640 862 1796 918 circa
1809 865 2039 918 sextam
2065 863 2169 918 aut

515 952 742 994 nonam
765 945 870 997 aut
897 958 1082 1016 quam
1133 946 1315 1003 aliam
1366 963 1439 1005 ex
1470 954 1594 1006 arte
1647 955 1750 1007 aut
1825 948 2169 1021 ignorantia

518 1030 853 1085 statuerunt
888 1031 1125 1098 horam,
1165 1035 1617 1094 dissolvendam
1633 1054 1765 1095 esse
1786 1039 2057 1095 animam
2077 1037 2166 1093 di-

517 1121 658 1172 cunt
687 1121 799 1174 eta
836 1135 1084 1193 corpore
1106 1129 1454 1196 erupturam
1483 1144 1496 1182 :
1521 1144 1661 1184 cum
1698 1127 1848 1184 nihil
1901 1128 2025 1184 veri
2063 1131 2168 1184 aut

516 1205 814 1263 manifesti
845 1208 989 1281 ipsis
1001 1211 1334 1270 dicentibus
1349 1220 1406 1272 et
1431 1215 1875 1274 afﬁrmantibus
1895 1221 2162 1290 apparet,

513 1307 710 1367 neque
748 1311 988 1354 rursum
1046 1300 1731 1376 interrogantibus;sed
1775 1321 1916 1362 cum
1973 1308 2166 1361 totum

515 1395 732 1454 corpus
757 1387 933 1460 valet,
980 1391 1261 1464 valetque
1313 1393 1464 1450 ratio
1512 1396 1757 1468 propria
1811 1395 2046 1468 operari
2109 1397 2168 1451 et

513 1477 669 1528 recte
700 1474 1034 1534 discernere
1064 1496 1260 1547 ;nunc
1291 1498 1430 1539 cum
1455 1499 1634 1540 nemo
1663 1499 1759 1539 me
1823 1483 2027 1540 turbat
2064 1486 2167 1539 aut

513 1561 714 1632 agitat,
753 1568 929 1622 statui
947 1572 1373 1626 testamentum
1387 1588 1593 1628 meum
1620 1572 2007 1641 conﬁcere,et
2027 1586 2166 1629 con-

511 1647 731 1707 fectum
763 1658 869 1725 est,
896 1656 1042 1712 nihil
1069 1659 1256 1716 coacti
1305 1664 1408 1718 aut
1459 1661 1786 1718 inconsulti
1829 1660 2164 1718 continens.

584 1925 651 1978 Et
677 1924 971 1994 optimum
999 1930 1090 1984 est
1125 1927 1272 1985 illud
1312 1929 1560 1986 omnino
1589 1934 1645 1986 et
1676 1930 1969 1987 universis
1998 1930 2164 2004 apud

507 2026 720 2068 omnes
741 2013 974 2084 judices
999 2018 1320 2084 sententiis,
1339 2023 1698 2092 etquantum
1724 2020 1869 2076 mihi
1914 2020 2163 2092 quidem

508 2102 762 2171 videtur,
779 2105 943 2176 apud
972 2105 1233 2180 reliquos
1248 2111 1425 2165 etiam
1438 2110 1963 2168 homines.0mnes
2001 2110 2162 2168 enim

507 2191 670 2261 leges
701 2197 757 2249 et
784 2193 1155 2265 legislatores
1179 2199 1240 2254 id
1270 2204 1406 2256 ante
1437 2201 1666 2267 omnia,
1710 2205 1776 2256 ut
1834 2200 1914 2257 ita
1939 2199 2158 2268 dicam,

509 2282 767 2339 examini
800 2284 1137 2358 subjiciunt,
1173 2292 1229 2344 et
1287 2305 1475 2362 quam
1524 2289 1857 2346 maximam
1909 2290 1992 2346 rei
2046 2291 2162 2346 hu-

503 2370 603 2441 jus
657 2372 953 2430 rationem
1000 2376 1245 2444 habent,
1317 2383 1678 2435 testamenta
1767 2379 1948 2435 fuisse
2013 2393 2161 2436 con-

508 2458 682 2525 fecta,
706 2461 854 2518 dum
893 2467 1186 2522 testatoris
1212 2482 1384 2522 mens
1420 2469 1483 2523 in
1542 2468 1815 2534 sanitate,
1870 2472 2162 2541 tanquam

507 2550 569 2604 in
598 2550 790 2606 solido
810 2551 1227 2625 fundamento,
1259 2555 1520 2613 stabilita
1551 2561 1694 2613 erat.
1724 2557 1808 2612 Ac
1847 2557 2001 2613 bene
2027 2558 2160 2630 qui-

507 2637 647 2694 dem
694 2639 756 2695 id
817 2648 1177 2700 curaverunt
1235 2643 1462 2715 legiferi
1512 2650 1570 2701 et
1619 2645 1872 2716 judices,
1936 2645 2161 2718 quippe

505 2727 672 2800 quod
704 2729 1107 2800 justissimum
1179 2733 1454 2790 omnium
1503 2733 1594 2790 sit.
1654 2736 1725 2790 Ut
1779 2749 1811 2789 e
1863 2735 2161 2792 contrario

506 2816 762 2890 impium
777 2834 1025 2892 prorsus
1040 2824 1147 2891 est,
1178 2822 1227 2878 si
1239 2823 1375 2895 quis
1395 2822 1621 2896 aliquid
1634 2826 1880 2880 econtra
1919 2822 2162 2880 violenti

507 2905 810 2964 adhibeat.

578 2995 634 3051 Si
663 2995 840 3065 igitur
858 2997 986 3054 haec
1010 2999 1088 3056 ita
1137 3015 1200 3056 se
1249 3000 1474 3058 habent
1526 3002 1615 3072 (ac
1661 3017 1907 3075 prorsus
1958 3001 2040 3058 ita
2095 3019 2159 3058 se

503 3085 768 3155 habent).
814 3089 1212 3161 quandonam
1261 3092 1457 3162 magis
1506 3091 1676 3148 decet
1741 3092 2156 3149 examinantes

2279 593 2616 667 ἀμφίϐολοςή
2677 598 2856 674 αὔριον
2911 602 2954 654 εἰ
2997 605 3193 666 ταύτης
3250 607 3415 673 ἔσται,
3477 606 3598 660 ἀλλ’
3655 593 3764 670 ἤδη
3807 636 3876 665 2::

2275 703 2395 760 περι
2445 695 2540 747 τῆς
2589 692 2835 763 σήμερον,
2893 691 3063 765 ἰατροί
3115 689 3454 768 διαφέρονται
3505 717 3604 751 και
3669 701 3880 773 ζυγομα-

2274 781 2489 845 χοῦσιν,
2544 773 2600 829 οἵ
2648 781 2738 850 μὲν
2805 776 2874 838 δὴ
2925 800 3015 834 και
3075 786 3201 855 πρὸς
3265 784 3489 861 ἑσπέραν
3578 788 3729 853 ᾖξαν
3766 783 3773 786 ’
3812 814 3883 844 κει

2277 862 2510 937 ἀρκέσειν
2555 869 2645 929 τὰς
2695 867 2952 933 ἀναπνοὰς
3002 872 3417 946 φιλονεικοῦντες,
3498 880 3550 930 οἱ
3631 877 3698 934 δὲ
3781 893 3880 957 περὶ

2277 955 2429 1012 ἕκτην
2485 957 2516 1016 ἣ
2573 955 2805 1028 έννὰτην,
2848 961 2877 1020 ἦ
2935 962 3118 1020 ἠντινα
3164 963 3217 1014 ἐκ
3278 973 3374 1028 τῆς
3418 971 3626 1038 τέχνης
3699 972 3729 1029 £-
3807 982 3884 1034 ti;

2277 1041 2505 1116 ἀμαθίας
2525 1052 2947 1116 κατεσκόπησαν,
3011 1051 3147 1126 ὥραν
3195 1053 3416 1114 λυθῆναί
3470 1077 3612 1129 φασι
3663 1066 3765 1118 τήν
3803 1064 3887 1130 3-15--

2275 1137 2383 1204 χήν
2424 1141 2517 1187 τοῦ
2595 1142 2838 1210 σώματος
2884 1138 3281 1216 ἁπορῥογεῖσαν,
3339 1151 3581 1216 γνωστὸν
3643 1146 3698 1201 δ’
3748 1149 3885 1204 οὐδε»

2275 1225 2360 1276 ἐπί
2390 1231 2482 1276 τοῦ
2537 1229 2678 1289 ὄντος
2727 1224 2852 1282 οὐδὲ
2906 1226 3064 1289 δῆλον
3110 1233 3217 1284 οὔτ’
3273 1234 3445 1296 αὐτοῖς
3504 1245 3626 1299 τοῖς

2274 1330 2364 1363 και
2409 1311 2521 1364 λίαν
2587 1315 3029 1390 ἱσχυριξομένοις,
3097 1321 3206 1374 οὔτ’
3264 1323 3328 1376 αὖ
3405 1332 3518 1386 τοῖς
3593 1330 3888 1402 avenas:-

2272 1419 2394 1461 νοις·
2456 1400 2565 1454 ἀλλ’
2608 1405 2801 1459 εύεκτεῖ
2845 1410 2935 1480 μὲν
2984 1409 3097 1461 ὅλον
3145 1415 3204 1463 τὸ
3256 1421 3429 1485 σῶμα,
3490 1419 3686 1490 κύριοι
3736 1416 3792 1472 δ’
3852 1425 3888 1472 οὶ

2272 1488 2516 1564 λογισμοί
2564 1491 2697 1568 δρᾷν
2735 1499 2796 1548 τὸ
2845 1497 3038 1550 ἑαυτῶν
3087 1519 3176 1552 και
3227 1500 3394 1574 ὀρθῶς
3458 1488 3694 1579 κρίνειν·
3793 1518 3886 1575 νῦν,

2272 1581 2355 1632 ὅτε
2401 1588 2588 1649 ταῦτα,
2639 1581 2868 1656 μηδενὸς
2919 1590 3062 1650 ὄντος
3109 1596 3202 1641 τοῦ
3255 1594 3604 1663 ταράττοντος
3661 1617 3762 1650 και
3821 1602 3892 1651 θοι

2269 1668 2565 1743 ρυϐοῡντος,
2601 1668 2709 1725 δεῖν
2733 1676 2885 1745 ἔγνων
2924 1674 3279 1749 ἀπειργάσθαι
3323 1700 3414 1752 μοι
3465 1688 3566 1741 τήν
3635 1682 3890 1744 διαθήκῃ

2270 1758 2386 1828 (και
2442 1757 2838 1833 ἀπείργασται),
2913 1761 3080 1837 μηδὲν
3121 1765 3295 1840 βίαιον
3361 1777 3424 1843 τῇ
3508 1771 3686 1847 ψυχῇ
3773 1775 3889 1849 μηδ’

2198 1850 2243 1905 Β
2273 1844 2554 1906 ἀϐούλητον
2584 1852 2836 1922 ἔχουσαν.

2345 1941 2445 1988 Καὶ
2491 1939 2773 2012 κράτιστὸν
2815 1960 2874 2013 γε
2920 1949 3074 1996 τοῦτο
3119 1947 3321 2008 παντως
3378 1967 3472 2001 και
3538 1955 3706 2026 παρὰ
3779 1975 3889 2028 κτει-

2270 2028 2382 2083 ταῖς
2434 2029 2566 2077 πᾶσι
2620 2025 2815 2099 ψήφοις
2856 2027 3103 2097 ἁπάσαις,
3191 2053 3280 2084 και
3358 2035 3486 2109 παρ’
3563 2025 3882 2113 ἀνθρώπειαι

2269 2113 2443 2184 ἔμοιγε
2480 2110 2671 2183 δοκεῖν,
2724 2123 2833 2180 τοῖς
2878 2117 3074 2182 λοιποῖς
3117 2121 3335 2178 ἅπασιν.
3371 2125 3580 2179 Αὐτίκα
3634 2133 3746 2203 γὰρ
3807 2152 3884 2182 και

2269 2205 2418 2273 νόμοι
2467 2204 2650 2265 πάντες
2697 2225 2788 2258 και
2840 2210 3110 2280 νομοθέται
3157 2212 3322 2278 τοῦθ’,
3377 2215 3447 2276 ὡς
3502 2217 3630 2278 ἑπος
3715 2220 3885 2280 εἰπεῖν,

2269 2294 2369 2365 πρὸ
2421 2297 2609 2353 παντὸς
2655 2294 2810 2347 ἄλλου
2865 2292 3301 2368 διασκοποῦνται,
3360 2307 3484 2377 περί
3543 2309 3754 2359 τούτου
3809 2330 3886 2360 κει

2269 2382 2355 2432 τὸν
2385 2379 2495 2432 ὅλον
2547 2390 2818 2436 ποιοῦνται
2867 2384 3036 2457 λόγον,
3102 2389 3180 2441 ἐπ’
3232 2387 3550 2463 ἀκραιφνοῦς
3596 2415 3749 2458 τινος
3805 2407 3887 2458 τῆς

2269 2476 2360 2522 τοῦ
2405 2473 2772 2534 συντάττοντος
2821 2480 3055 2548 γνώμης,
3105 2479 3171 2539 ὡς
3229 2479 3308 2531 ἐπ’
3379 2479 3660 2554 ἀσφαλοῦς
3743 2506 3885 2550 τινος,

2272 2554 2524 2632 ἱδρῦσθαι
2561 2563 2626 2612 τὰ
2647 2557 3002 2635 διατάγματα.
3063 2571 3165 2619 Καί
3223 2567 3392 2630 καλῶς
3446 2590 3512 2641 γε
3569 2581 3739 2626 τοῦτο
3806 2583 3883 2628 air.

2268 2653 2378 2708 τοῖς
2418 2651 2721 2721 νομοθέταις
2773 2671 2863 2704 και
2910 2661 3015 2715 τοῖς
3064 2651 3348 2720 δικασταῖς
3408 2655 3880 2730 δνεσπούδασται,

2269 2735 2356 2788 ἅτε
2407 2732 2476 2794 δὴ
2529 2757 2618 2789 και
2677 2735 2882 2792 δίκαιον
2929 2741 2983 2794 ὃν
3034 2747 3223 2804 παντὸς
3257 2744 3468 2817 μᾶλλον·
3527 2752 3602 2811 ὡς
3687 2753 3885 2805 τούναν-

2267 2828 2374 2876 τίον
2411 2826 2666 2888 παντελῶς
2722 2827 2948 2901 ἀνόσιον,
3001 2835 3046 2884 εἶ
3097 2852 3148 2886 τι
3208 2829 3450 2891 δηλονότι
3513 2843 3672 2912 παρὰ
3736 2850 3877 2894 τοῦτο

2267 2922 2545 2989 κραταιοῦν
2569 2935 2647 2978 τις
2678 2916 2944 2990 βιάζεται.

2336 3004 2396 3056 Εἰ
2467 3012 2593 3076 γοῦν
2661 3010 2785 3060 τουθ
2862 3009 3026 3071 οὔτως
3068 3011 3204 3082 (ἔχει
3274 3007 3336 3064 δέ
3415 3016 3685 3087 πάντως),
3768 3026 3879 3072 ποτε

2264 3091 2456 3163 μᾶλλον
2479 3093 2608 3155 εἰκός
2647 3099 2758 3148 έστι
2810 3104 2914 3158 τοῖς
2957 3098 3266 3163 έξοτοξζουσι
3309 3108 3428 3175 περί
3481 3111 3595 3157 τῶν
3656 3127 3876 3182 ’γεγραμ-

502 3174 684 3231 ﬁdem
718 3178 952 3251 scriptis
983 3179 1263 3236 arhibere
1288 3180 1552 3246 ﬁrmam,
1596 3197 1792 3254 neque
1853 3180 2155 3249 dubitare,

2265 3185 2424 3254 μένων
2495 3181 2714 3256 βεϐαίας
2764 3185 2995 3258 ἀφῖχθαι
3040 3190 3134 3250 τὰς
3178 3194 3401 3258 πίστεις,
3466 3198 3568 3247 καί
3621 3194 3875 3269 μηδαμῶς

502 3280 688 3338 quam
717 3283 854 3322 cum
887 3269 1221 3325 ambulanti
1251 3286 1323 3326 ac
1368 3270 1584 3326 valenti
1631 3275 1686 3326 et
1738 3271 1861 3326 vim
1909 3271 2157 3328 habenti

501 3354 797 3426 quidquid
823 3357 1127 3425 agendum
1160 3358 1483 3428 sit,agenti,
1516 3374 1586 3414 ac
1626 3359 1730 3416 toti
1758 3359 1819 3415 in
1855 3376 1918 3416 se
1976 3364 2035 3416 et
2093 3362 2155 3417 in

501 3441 623 3496 suis
654 3443 1110 3514 cogitationibus
1140 3446 1295 3502 bene
1325 3446 1639 3519 disposito,
1669 3464 1806 3521 quas
1862 3447 1977 3522 ipsi
2024 3450 2154 3506 visa

501 3534 661 3599 sunt,
693 3533 1029 3604 composita
1049 3535 1212 3591 fuere
1241 3537 1269 3592 ?
1301 3538 1366 3592 Et
1397 3551 1542 3593 sane
1595 3537 1696 3609 qui
1757 3537 1818 3592 in
1875 3539 2153 3595 extremis

500 3622 853 3676 testamenta
881 3628 1093 3678 curant
1143 3624 1602 3697 conﬁciuntque,
1647 3625 1794 3681 illud
1842 3630 1900 3682 et
1942 3632 2154 3686 curant

499 3711 635 3762 ante
666 3707 783 3764 alia
810 3725 996 3782 quam
1011 3713 1272 3768 maxime
1289 3714 1604 3769 ostendere
1629 3728 1769 3770 eum
1790 3729 2012 3787 nempe
2051 3731 2152 3773 va-

495 3795 686 3853 lidum
712 3797 894 3855 fuisse
923 3816 1061 3856 cum
1083 3807 1441 3859 testamenta
1469 3803 1740 3870 confecit,
1782 3805 1889 3859 etsi
1942 3820 2153 3862 revera

496 3891 696 3943 mente
727 3903 797 3943 ac
820 3886 1027 3959 lingua
1081 3890 1400 3958 defecerit;
1453 3892 1628 3964 quasi
1683 3891 1829 3947 nihil
1899 3893 2149 3949 omnino

494 3975 995 4046 praetendentibus
1024 3982 1380 4037 testamenta
1407 3979 1860 4050 auxiliarentur,
1893 3981 1941 4037 si
1999 3981 2149 4054 quid

497 4064 794 4135 ejusmodi
823 4066 1090 4124 defuerit.

567 4243 728 4299 I-labe
761 4243 939 4315 igitur
989 4248 1046 4300 et
1079 4244 1208 4301 haec
1261 4246 1420 4302 circa
1477 4262 1592 4304 ea:
1627 4250 1684 4304 et
1740 4247 2146 4305 animadverte

495 4337 757 4387 mentem
786 4336 841 4387 et
867 4332 1139 4403 linguam
1152 4333 1422 4404 valentis,
1442 4339 1499 4390 et
1518 4336 1863 4406 aegrotantis
1891 4335 2142 4407 robusti,

493 4423 549 4475 et
577 4420 860 4474 membris
890 4420 1463 4492 deficientis,vigore
1509 4423 1818 4480 dissoluto.
1873 4425 2146 4482 Eximina

494 4513 551 4564 et
579 4509 997 4578 cogitationem
1029 4510 1647 4585 minimeimpeditam
1705 4518 1761 4570 et
1805 4515 1963 4571 circa
2009 4531 2144 4587 pro-

492 4597 654 4669 prios
683 4602 882 4653 motus
910 4598 1164 4656 liberam
1195 4615 1389 4674 neque
1434 4601 1556 4657 ullo
1595 4603 1812 4659 morbo
1858 4603 2143 4675 agitatam

493 4690 549 4742 et
576 4701 940 4759 perversam,
975 4692 1031 4743 et
1054 4691 1458 4756 aegrotationis
1491 4691 1757 4763 pondere
1789 4708 1859 4748 ac
1905 4698 2142 4764 torpore

490 4777 752 4832 vinctam
784 4795 796 4831 :
832 4781 889 4831 et
907 4776 1106 4833 adhuc
1135 4793 1323 4849 quam
1352 4779 1619 4834 maximo
1633 4779 2142 4838 timorelaborau-

490 4868 607 4922 tem
637 4865 904 4922 animam
938 4869 995 4922 et
1024 4865 1195 4922 valde
1229 4866 1554 4934 turbatam,
1589 4868 1718 4938 jam
1765 4885 1830 4925 se
1890 4869 2140 4926 dissolvi

490 4953 858 5022 sentientem,
890 4958 949 5012 et
975 4970 1012 5011 a
1041 4954 1318 5011 sensibus
1365 4955 1743 5014 recedentem
1787 4973 2139 5031 organaque

484 5042 943 5115 relinquentem,
968 5043 1067 5099 vix
1087 5059 1233 5100 voce
1247 5045 1638 5116 respirantem
1665 5062 1734 5103 ac
1769 5047 2134 5120 loquentem,

487 5138 543 5189 et
573 5133 621 5188 si
664 5132 865 5188 minus
885 5133 1141 5190 obscure
1154 5133 1567 5207 etinterruptis
1590 5136 1812 5208 verbis,
1840 5137 1949 5194 sed
1971 5153 2137 5210 pror—

487 5239 590 5278 sus
621 5221 867 5279 invitam
897 5226 1259 5280 etcoactam.
1295 5226 1425 5279 Haec
1447 5225 1648 5297 itaque
1681 5226 2091 5284 animadverte
2119 5245 2132 5284 :

486 5316 542 5368 et
564 5311 682 5368 nisi
701 5311 845 5368 velis
865 5312 1110 5367 veritate
1159 5309 1409 5382 oﬂ‘endi,
1467 5313 1590 5370 vim
1637 5314 1826 5371 tribue
1881 5316 1952 5372 iis
2001 5333 2134 5389 quae

483 5401 800 5458 manifeste
820 5415 890 5455 ex
911 5399 1144 5456 entibus
1158 5415 1363 5457 revera
1387 5405 1443 5456 et
1487 5404 1920 5474 apparentibus
1943 5405 2133 5486 stabi:

486 5490 706 5548 liuntur
741 5509 756 5561 ;
786 5494 1169 5561 etomnes,tu
1186 5507 1330 5548 sane
1358 5491 1663 5562 legislator
1691 5498 1748 5552 et
1762 5499 1924 5553 recto
1960 5500 2133 5554 utens

2263 3270 2452 3332 αὐτοὺς
2529 3271 2883 3345 ἁμφιϐάλλειν,
2965 3276 2995 3335 ἦ
3061 3279 3180 3330 ὅταν
3241 3280 3538 3351 ὑγιαίνοντι
3587 3305 3686 3338 και
3733 3285 3877 3358 βαδι-

2263 3359 2426 3427 ζοντι,
2484 3380 2574 3412 και
2628 3363 2742 3433 μετ’
2792 3363 2985 3436 ἰσχύος
3038 3369 3247 3438 σύμπαν
3305 3372 3362 3421 τὸ
3412 3378 3688 3443 προσιτέον
3744 3379 3878 3427 2x5:-

2263 3454 2391 3519 στᾷν
2421 3451 2616 3520 ἔχοντι,
2666 3471 2756 3504 και
2797 3451 2895 3524 ὅλῳ
2929 3473 2988 3526 γε
3017 3463 3089 3526 τῷ
3153 3452 3495 3530 διατιθεμένῳ
3550 3462 3751 3516 ἑαυτοῦ
3803 3485 3875 3516 1::

2257 3546 2355 3590 τῶν
2427 3537 2691 3612 λογισμῶν
2774 3541 2906 3607 ὁντι,
2958 3545 3212 3602 τάττηται
3280 3549 3348 3598 τὰ
3400 3544 3736 3622 δεδογμένα·
3793 3561 3877 3606 Κιι

2257 3630 2361 3697 μην
2417 3629 2467 3678 οἱ
2508 3632 2558 3680 έν
2606 3635 2713 3691 τοῖς
2761 3629 3073 3695 τελευταίοις
3121 3630 3460 3688 απουδασταί
3511 3658 3610 3691 και
3657 3661 3876 3714 συγγρα-

2259 3722 2361 3788 φεῖς
2422 3724 2522 3767 τῶν
2609 3722 3010 3791 συνταγμάτων,
3105 3728 3256 3775 τοῦτο
3335 3745 3427 3777 και
3498 3726 3874 3792 σπουδάζοντε

2257 3803 2445 3876 μᾶλλον
2497 3809 2597 3878 πρὸ
2641 3815 2742 3859 τῶν
2783 3807 2945 3860 ἄλλων
2993 3806 3278 3878 δεικνύναι,
3331 3813 3634 3888 ἐρρωμένως
3693 3823 3875 3890 ἔχοντα

2255 3895 2343 3944 τὸν
2403 3893 2722 3948 καταλύοντα
2794 3900 2910 3960 νοός
2968 3917 3058 3950 και
3117 3899 3355 3971 γλώττης
3414 3903 3578 3974 ἶχθαι
3626 3912 3738 3980 τι·ρὸ
3793 3911 3872 3968 τὰς

2257 3977 2536 4048 διαθήκας,
2597 3985 2661 4044 ὡς
2707 3992 2801 4037 τοῦ
2855 3989 2916 4057 γέ
2968 4006 3105 4048 τινος
3154 3992 3349 4042 τούτων
3397 3991 3564 4054 αὑτὰς

2255 4073 2380 4143 φθαι
2435 4068 2602 4144 μηδὲν
2678 4069 2808 4126 εἶναι
2850 4082 3124 4138 ποιοῦντος
3187 4078 3299 4140 τοῖς
3340 4089 3770 4156 προῖσχομένοις
3821 4090 3872 4143 ἡ·

2252 4178 2410 4212 κιστα
2441 4161 2509 4222 εἰς
2540 4167 2879 4234 συμμαχίαν.

2322 4247 2454 4320 Ἐχε
2478 4250 2556 4322 (1)
2598 4247 2666 4309 δὴ
2691 4255 2860 4304 τοίνυν
2898 4257 3016 4328 περί
3057 4261 3225 4307 ταῦτα
3272 4275 3364 4309 και
3396 4263 3482 4330 σύ,
3536 4280 3632 4314 και
3695 4270 3870 4318 σκόπει

2250 4344 2368 4390 νοῦν
2439 4357 2530 4391 και
2577 4337 2811 4412 γλῶτταν
2866 4342 3184 4413 ὑγιαίνοντος
3221 4348 3280 4397 τὸ
3324 4346 3459 4417 ὅλον,
3513 4369 3612 4403 και
3658 4373 3870 4406 κατανο-

2253 4433 2486 4495 σοῡντος,
2569 4422 2966 4502 εὐρωστούντος,
3019 4452 3108 4484 και
3157 4436 3224 4485 τὰ
3283 4435 3411 4507 μέλη
3493 4434 3868 4496 δίαπεπτωκὲ-

2248 4534 2357 4584 τος,
2433 4523 2522 4568 τοῦ
2571 4516 2812 4590 ψυχικοῦ
2867 4523 3016 4572 τόνου
3036 4521 3476 4597 παράλελυμένου·
3542 4535 3745 4585 Σκόπει
3789 4553 3868 4606 μοι

2248 4625 2338 4658 και
2399 4603 2634 4660 διάνοιαν
2708 4606 2970 4662 ἀκώλυτον
3049 4614 3355 4666 παντάπασι
3442 4615 3538 4669 και
3604 4620 3867 4676 ἀληθέων

2247 4699 2366 4769 περί
2428 4698 2518 4758 τὰς
2574 4693 2716 4758 ἰδίας
2758 4704 3009 4770 κινήσεις,
3060 4698 3228 4773 μηδὲν
3257 4705 3346 4756 ὑπ’
3386 4702 3607 4772 οὐδενὸς
3672 4715 3865 4770 πάθους

2247 4779 2503 4857 μηδαμῶς
2560 4783 2906 4859 σαλευομένην
2978 4807 3067 4841 και
3104 4798 3569 4866 περιτρεπομένην,
3631 4818 3728 4852 και
3787 4822 3864 4852 νε-

2248 4891 2343 4926 σου
2404 4870 2766 4947 πεπεδημένην
2830 4875 3093 4952 βαρύτητι
3171 4899 3260 4933 και
3321 4884 3478 4956 νείκη.
3547 4885 3670 4941 Ἐτι
3700 4885 3764 4943 δὲ
3786 4911 3866 4942 xm

2242 4966 2336 5022 τὴν
2361 4962 2460 5015 ὑπὸ
2493 4959 2645 5027 δέους
2683 4965 2760 5018 ὅτι
2794 4965 3038 5020 πλείστου
3088 4966 3393 5040 ἁγωνιῶσαν
3445 4979 3640 5030 σκόπει

2243 5070 2330 5103 και
2413 5051 2554 5124 μα’λα
2631 5071 2682 5104 τι
2756 5053 3192 5127 τεθορυϐημένην,
3277 5057 3527 5118 αἰσθονην
3601 5062 3717 5124 ἤδη
3783 5076 3864 5124 τῆς

2241 5139 2456 5210 λύσεως,
2538 5160 2626 5192 και
2708 5149 2806 5194 τῶν
2870 5146 2960 5215 μὲν
3028 5145 3388 5219 αἰσθητηρίων
3471 5149 3862 5228 ἀναχῶρθύςιν

2241 5249 2329 5282 και
2391 5228 2849 5304 ἀπορῥηγνυμένην
2909 5232 3161 5305 ὁργάνων,
3226 5244 3332 5297 τοῖς
3387 5233 3451 5292 δέ
3547 5251 3863 5312 paventi;

2241 5317 2412 5390 ὀλίγον
2483 5319 2802 5392 ἐμπνέουσαν
2864 5340 2954 5374 και
3026 5327 3344 5396 ένηχοῦσαν,
3412 5347 3534 5397 και,
3600 5332 3647 5384 εἰ
3690 5341 3765 5405 521';

2239 5407 2388 5461 πλέον
2459 5409 2668 5480 ἄσημον
2744 5414 2834 5462 και
2904 5418 3382 5486 παρακεκομμένον,
3453 5414 3569 5470 ἀλλ’
3654 5419 3748 5474 οὖν
3811 5429 3861 5475 τὸ

2241 5497 2355 5552 ὅλον
2393 5496 2745 5574 ἀποτρόπαιον
2803 5519 2894 5552 και
2952 5496 3472 5579 κατηναγκασμένον.
3535 5505 3731 5566 Σκόπει
3795 5511 3855 5569 δέ

553 5703 638 5775 (1)
665 5704 855 5769 Quem
878 5703 1194 5776 compellet
1220 5705 1424 5763 nescio
1452 5721 1466 5773 ;
1507 5721 1582 5764 ex
1608 5683 1996 5782 sequentibus
2022 5668 2448 5786 imperatorem
2477 5713 2726 5789 adloqui
2747 5679 3037 5788 suspicari
3067 5732 3202 5790 quis
3231 5680 3470 5791 poterit.
