3934 6322
50 315 202 372 1473
1131 318 1140 322 '
1475 300 1602 367 TES

1871 299 2000 369 'UM.
3166 383 3168 386 ν
3289 305 3424 373 1474

42 448 232 493 ταῦτα
264 439 481 506 ·καὶ,ε¹ί
498 454 558 510 γε
595 439 667 510 μὴ
735 434 913 510 βούλει
968 437 1316 511 λυμαίνεσθαι
1363 441 1479 498 ταῖς
1532 431 1595 486 ἆλ

1873 435 2014 504 icio,
2089 436 2236 509 jube
2307 440 2540 498 validos
2615 442 2674 496 et
2730 454 2976 512 corpore
3036 455 3107 497 ac
3174 442 3426 498 sanitate

43 531 248 598 θείαις,
304 523 398 589 δός
462 529 522 579 τὸ
582 527 770 600 κράτος
833 533 938 590 τοῖς
990 532 1081 581 καὶ
1131 522 1406 603 προδήλως
1455 523 1514 576 ἐκ
1568 543 1596 575 τ

1876 529 2056 582 iustos
2093 541 2216 584 non
2245 543 2389 586 vero
2414 528 2828 599 frangentibus
2859 544 2930 585 ac
2963 528 3429 587 dissolventibus

37 619 219 671 όντων
280 621 370 670 καὶ
446 619 759 689 φαινομένων
813 620 1258 690 κραταιουμένοις,
1307 619 1396 668 καὶ
1445 615 1590 666 πάντη

1874 615 2002 671 rbis
2015 614 2356 675 laborantes
2371 622 2428 674 et
2449 618 2703 689 agitatos
2715 621 3092 685 ,testamenta
3113 618 3427 676 conﬁcere.

43 709 167 781 ὃγε
207 705 415 769 δίκαιος
461 709 522 760 σὸ
576 709 855 780 νομοθέτης
911 711 1002 760 καὶ
1054 716 1154 760 τῶν
1207 706 1373 781 ὀρθῶν
1421 722 1596 777 parum

1889 704 2068 762 simul
2091 706 2398 778 judicibus
2421 711 2582 779 juste
2611 707 2872 780 praecipe
2902 712 2967 764 ut
2993 707 3218 765 talibus
3247 712 3431 766 testa-

44 801 278 870 ούμενος
359 797 569 869 ψήφων,
651 798 804 849 τάττε
836 795 1095 871 ἰσχυρούς
1125 800 1270 856 ὄντας
1299 798 1389 847 καί
1415 791 1597 866 ἀκμαί(

1880 793 1997 850 ntis
2037 797 2366 867 praesertim
2404 796 2751 854 adhaereant
2797 812 2869 854 ac
2915 813 2980 853 se
2998 801 3154 854 totos
3205 798 3433 871 impen-

45 886 105 940 ἐν
190 887 339 961 ῥώμῃ
409 891 652 958 σώματος
703 890 794 938 καὶ
852 887 1076 958 ύγείαις,
1132 883 1261 937 ἀλλὰ
1311 888 1384 958 μὴ
1437 901 1598 935 καταπ

1882 887 1946 950 1t,
1967 883 2212 942 minime
2237 887 2532 944 rationem
2554 885 2833 943 eamdem
2855 902 3065 944 eorum
3087 903 3224 960 quae
3266 888 3435 945 aliter

46 975 346 1038 λαιούσαις
433 979 607 1037 νόσοις
659 980 748 1028 καὶ
806 975 1204 1049 παραλυούσαις
1252 981 1344 1027 τοῦ
1394 972 1490 1044 ζῇν
1539 969 1599 1044 ἀγ

1880 976 1954 1041 at,
1984 973 2295 1030 habentes.
2322 977 2484 1032 Hanc
2505 975 2700 1047 legem
2723 975 2900 1046 feras,
2920 975 3076 1032 bene
3094 975 3433 1046 consulens,

44 1073 278 1126 νιῶντας
343 1067 431 1117 καὶ
520 1068 996 1137 κατατεινομένους,
1056 1060 1324 1122 διαθηκῶν
1354 1062 1592 1136 μεμνῆσθ

1881 1077 1985 1118 ion
2013 1062 2197 1120 modo
2222 1063 2539 1135 justitiam,
2568 1064 2674 1122 sed
2705 1064 3088 1122 etutilitatem
3115 1065 3434 1122 intendens

55 1159 177 1208 Καὶ
214 1153 326 1227 ἅμα
371 1151 652 1216 δικασταῖς
699 1149 916 1215 ένδίκως
973 1152 1211 1229 ἐπίτρεπέ
1261 1159 1376 1214 τοῖς
1423 1153 1608 1204 τοιούτι

1535 1153 1676 1211 ύτοις
1784 1155 1912 1208 tum
1941 1152 2260 1222 testatoris,
2297 1158 2424 1209 tum
2453 1153 2767 1210 haeredum
2797 1154 3086 1226 ipsorum.

54 1242 264 1316 μᾶλλον
336 1250 436 1295 τῶν
517 1238 890 1316 διαταγμάτων
965 1246 1311 1318 προσανέχειν
1379 1245 1470 1294 καὶ
1543 1239 1686 1301 ὅλους
1761 1240 1974 1302 ἑαυτούς
2048 1239 2318 1314 ἐπινέμειν,
2403 1251 2504 1295 τῶν
2606 1243 2788 1318 ἑτέρως
2843 1248 3154 1316 γιγνομένων
3221 1249 3293 1319 μὴ
3351 1249 3437 1299 τόν

53 1351 189 1400 ἴσον
236 1331 389 1405 λόγον
445 1336 642 1392 ἣκιστα
695 1336 1091 1405 πεποιημένους.
1148 1338 1328 1384 Ταῦτα
1371 1327 1437 1389 δὴ
1501 1332 1787 1404 νομοθέτει,
1851 1330 2022 1392 καλῶς
2094 1329 2489 1404 ἐπεσκεμμένος,
2544 1337 2634 1384 καὶ
2691 1339 2784 1385 τοῦ
2842 1329 3052 1387 δικαίου
3135 1339 3207 1406 μὴ
3264 1339 3439 1408 μόνον,

56 1421 205 1474 ἀλλά
267 1441 320 1474 τι
402 1425 492 1474 καὶ
554 1429 647 1474 τοῦ
721 1425 1072 1497 συμφέροντος
1134 1428 1208 1492 τῷ
1291 1438 1346 1473 τε
1419 1416 1820 1493 κληροδοτοῦντι
1884 1425 1976 1473 καὶ
2063 1427 2166 1481 τοῖς
2211 1420 2641 1496 κληρονομοῦσιν,
2670 1424 2738 1486 ὡς
2788 1422 2938 1493 εἰκός,
2993 1426 3439 1498 προμηθούμενος,

146 1519 268 1574 Πῶς
350 1519 444 1564 τοῦ
518 1516 868 1586 συμφέροντος
939 1527 952 1565 :
1028 1519 1232 1586 πρῶτον
1299 1512 1389 1583 μὶν
1445 1511 1526 1562 ὅτι
1573 1523 1687 1561 κατ’

1886 1509 2172 1579 ιιιοωοάο
2203 1510 2435 1567 utilitati
2463 1511 2930 1577 consules?Quia
2958 1513 3207 1570 omnino
3234 1514 3439 1585 libere,

59 1599 320 1664 ἐξουσίαν
342 1607 541 1671 πᾶσαν,
595 1603 718 1675 ὅπερ
776 1603 922 1674 ἔφην,
964 1596 1131 1673 μηδὲν
1185 1598 1371 1660 ἐκεῖνος
1421 1596 1612 1671 βιασθε

1891 1599 2179 1666 dicebam,
2210 1615 2408 1672 neque
2436 1605 2700 1667 coactus,
2731 1616 2926 1674 neque
2956 1601 3076 1658 ullo
3105 1603 3289 1660 modo
3323 1605 3444 1677 agi-

58 1686 212 1763 μηδ’
242 1687 564 1752 ύπόύδενὸς
602 1692 739 1762 έχων
802 1693 1241 1765 σπαρασσομένην
1293 1692 1387 1748 τὴν
1439 1685 1611 1762 καρδίη

1896 1705 1988 1744 um
2026 1703 2128 1744 cor
2164 1688 2382 1755 ferens,
2416 1689 2522 1745 sed
2549 1688 2800 1746 libenter
2828 1705 2898 1746 ac
2925 1690 3128 1759 libere,
3165 1708 3302 1764 quas
3330 1693 3449 1766 ipsi

63 1779 192 1832 ἀλλ’
246 1777 428 1841 ἁνέτως
482 1780 725 1852 πράττων
790 1784 882 1832 καὶ
937 1778 1210 1854 ἐλευθέρως
1256 1780 1322 1831 τὰ
1375 1773 1616 1850 δεδογμέτ

1894 1792 1957 1833 1a
1983 1775 2262 1832 videntur
2291 1775 2534 1846 faciens,
2570 1777 2756 1834 scitet
2813 1776 3078 1834 dividere
3125 1785 3184 1835 et
3226 1797 3447 1852 procu-

63 1865 197 1922 οἶδε
261 1873 349 1922 καὶ
389 1865 611 1943 διαιρεῖν
659 1873 750 1922 καὶ
800 1871 1134 1943 πρυτανεύειν
1180 1871 1546 1942 προσηκόντως
1600 1887 1616 1919 ν

1894 1882 1932 1922 ’θ
1963 1866 2404 1931 convenienter,
2437 1866 2734 1940 quidquid
2763 1867 2903 1924 utile
2931 1868 3040 1925 erit
3059 1871 3186 1925 tum
3206 1869 3447 1941 viventi,

64 1961 150 2021 ὡς
229 1959 368 2029 αύτῷ
446 1963 679 2012 συνοίσει
759 1963 850 2012 καὶ
925 1959 1080 2019 ζῶντι
1153 1962 1244 2010 καὶ
1308 1956 1617 2030 ἀποιχομένς

1897 1971 1928 2011 n
1947 1954 2228 2011 defuncto
2260 1973 2274 2022 ;
2307 1954 2523 2011 deinde
2536 1956 2681 2028 quia
2706 1956 2811 2029 qui
2836 1962 3038 2028 partes
3067 1957 3450 2029 obtinuerint,

62 2047 248 2101 ἔπειθ’
273 2049 353 2100 ὄτι
381 2053 470 2101 καὶ
498 2050 547 2101 oi
580 2050 673 2110 τὰς
699 2043 916 2120 μερίδας
953 2046 1299 2120 λαγχάνοντες
1351 2043 1501 2100 οὐδὲν
1551 2045 1615 2098 αύ

1902 2043 2302 2117 [ueinipsum
2351 2043 2583 2100 infenso
2635 2045 2839 2100 animo
2897 2050 3090 2116 erunt,
3139 2063 3337 2120 neque
3401 2048 3455 2105 ei

67 2136 508 2213 προσκόψουσιν,
549 2133 666 2190 οὐδ’
711 2136 964 2208 ἐπαχθεῖς
1014 2155 1148 2198 τινες
1201 2139 1408 2189 ἔσονται
1458 2139 1548 2188 καὶ
1599 2132 1620 2207 ﬁ

1902 2134 2131 2206 portuni
2159 2137 2216 2188 et
2244 2131 2497 2202 molesti,
2528 2147 2652 2189 una
2676 2148 2816 2189 cum
2857 2134 3072 2191 morbo
3129 2151 3268 2192 eum
3323 2153 3455 2210 pre-

66 2234 214 2301 ρεῐς,
291 2229 729 2300 συνεπιτιθέμενοι
798 2229 930 2298 μετὰ
990 2233 1082 2288 τῆς
1141 2229 1319 2293 νόσου,
1377 2228 1468 2277 καί
1521 2243 1619 2296 γεπ

1906 2227 2055 2292 ntes,
2086 2222 2358 2294 etipsum
2371 2222 2731 2280 calamitatis
2759 2227 2994 2297 tempus
3025 2225 3369 2298 cupiditatis
3401 2231 3456 2284 et

67 2325 181 2376 τῆς
250 2318 604 2390 περιστάσεως
677 2319 860 2390 καιρὸν
945 2319 1077 2388 πρός
1119 2320 1214 2375 τήν
1274 2313 1560 2378 πλεονεξίαν
1608 2334 1620 2366 :

1906 2311 1985 2368 .lee
2019 2311 2360 2368 ambitionis
2383 2311 2760 2368 auxiliarium
2777 2312 3128 2371 adhibentes
3157 2333 3170 2384 ;
3194 2315 3298 2372 sed
3321 2331 3459 2372 con-

75 2409 264 2464 κακήν
336 2404 615 2478 ἐπιθυμίαν
681 2403 1162 2478 προσλαμϐάνοντες
1215 2407 1523 2478 σύμμαχον,
1574 2402 1628 2455 ἀλ

1908 2401 2042 2458 iutis
2069 2401 2331 2457 contenti
2384 2405 2575 2469 erunt,
2632 2401 2788 2457 bene
2840 2401 3094 2459 scientes
3147 2403 3296 2460 nihil
3347 2403 3461 2461 sibi

76 2493 374 2570 στέρξουσι
425 2503 531 2556 τοῖς
597 2487 888 2568 νεμηθεῖσι,
953 2503 1128 2568 σαφῶς
1185 2491 1381 2556 εἰδότες
1432 2495 1498 2554 ὡς
1552 2493 1629 2545 ού(

1910 2491 1956 2546 is
1981 2489 2241 2561 amplius
2269 2488 2560 2556 futurum,
2615 2490 2667 2545 si
2716 2489 2842 2546 vim
2889 2490 3238 2562 adhibeant,
3293 2492 3463 2550 simul

75 2585 278 2647 αὐτοῖς
354 2585 604 2658 αύμενοᾶν
678 2588 827 2638 ἔσται
883 2583 1032 2638 πλέον
1096 2583 1453 2658 βιασαμένοις,
1498 2583 1609 2656 ἅμα

1913 2595 1953 2636 νο
1981 2581 2311 2635 metuentes
2340 2593 2416 2635 ne
2457 2577 2537 2635 ab
2595 2578 2881 2636 omnibus
2939 2579 3355 2652 destituantur,
3413 2582 3466 2638 si

73 2679 187 2728 καὶ
250 2670 481 2738 δεδιότες
539 2679 611 2748 μὴ
661 2681 755 2728 τοῦ
806 2678 994 2736 παντὸς
1050 2673 1396 2734 ἐκστήσονται
1428 2669 1626 2726 διαπεσι

1916 2672 2084 2730 ratos
2113 2684 2175 2724 se
2203 2683 2316 2740 pro
2347 2667 2604 2738 gratuito
2635 2668 2874 2724 donatis
2931 2670 3268 2728 ostendant.
3314 2671 3469 2728 Licet

75 2783 199 2832 τες,
246 2769 572 2839 οχαριστίαν
630 2762 714 2816 ἐπὶ
778 2771 890 2824 τοῖς
947 2760 1145 2838 δωρεὰν
1204 2765 1397 2823 ἥκουσι
1441 2781 1628 2830 καταγι

1917 2774 1980 2814 m
2010 2756 2210 2815 statim
2236 2756 2404 2814 aliud
2436 2760 2862 2814 testamentum
2891 2759 3204 2831 conﬁcere,
3233 2764 3290 2817 et
3313 2776 3384 2817 ex
3397 2775 3467 2818 eo

81 2856 319 2914 σθένει-ες.
381 2852 591 2917 Ἔξεστι
678 2855 779 2928 γὰρ
842 2852 994 2916 εὐθύς
1083 2856 1174 2906 καὶ
1247 2850 1634 2906 ἒπεδιατάττεσ(

1916 2848 2069 2904 [nino
2091 2848 2358 2918 ingratos
2379 2846 2714 2917 excludere,
2740 2849 2922 2919 gratis
2940 2864 3084 2906 vero
3103 2850 3469 2907 immobilem

77 2948 190 2998 καὶ
262 2949 357 3005 τῆς
420 2938 688 3004 διαθήκης
742 2942 998 3003 παντελῶς
1047 2946 1140 2994 τού
1199 2941 1498 3014 ἀγνώμονας
1555 2939 1630 3003 έξο

1922 2942 2083 2993 tuere
2113 2936 2502 2992 donationem
2536 2952 2548 3004 ;
2577 2935 2799 3009 quibus
2823 2940 2879 2994 et
2926 2939 3174 2996 contulit
3224 2939 3471 2996 omnino

90 3035 239 3100 ζειν,
308 3037 417 3094 τοῖς
499 3027 548 3084 δ’
633 3032 1044 3104 εὐγνωμονοῦσιν
1125 3033 1495 3104 ἀμετακίνητον
1549 3048 1640 3082 ποι

1920 3041 2054 3098 sque
2081 3025 2180 3082 lite
2212 3039 2282 3081 ac
2305 3026 2711 3082 controversia
2741 3030 2799 3083 et
2844 3030 2981 3083 ante
3037 3028 3356 3085 tribunalia
3403 3044 3473 3085 ac

83 3120 322 3176 ἑστάναι
351 3125 447 3179 τήν
471 3123 634 3194 χάριν
669 3141 682 3154 ο
724 3121 801 3183 οἷς
866 3127 956 3173 καὶ
1014 3125 1293 3192 συνήνεγκε
1351 3121 1573 3186 πάντως,
1605 3139 1636 3190 χ

1922 3115 2154 3187 judices
2199 3113 2496 3180 citatione,
2536 3114 2864 3186 praestituto
2915 3116 3012 3172 die
3066 3116 3475 3173 haereditatem

83 3216 186 3286 ρὶς
217 3206 393 3283 ἔριδος
418 3208 632 3271 ἁπάσης
659 3214 751 3263 καὶ
783 3209 1092 3283 φιλονεικίας
1137 3214 1227 3262 καί
1279 3217 1371 3270 τῆς
1427 3209 1512 3262 ἐπὶ
1567 3204 1636 3260 διε

1922 3203 2273 3277 :ipientibus,
2296 3201 2487 3258 multo
2507 3207 2644 3259 ante
2664 3202 3065 3277 distributam,
3087 3211 3248 3276 tunc,
3270 3210 3336 3263 ut
3353 3205 3475 3262 dis-

86 3304 306 3375 στήρια
377 3303 468 3352 καὶ
550 3295 807 3360 δικαστὰς
882 3299 1080 3366 ἕλξεως,
1155 3297 1492 3372 ἀπειληφόσιν
1548 3295 1597 3348 ἐν

1374 3303 1492 3351 κόσιν
1548 3295 1597 3348 ἐν
1649 3303 1712 3369 τῇ
1825 3293 2098 3352 tributori
2126 3291 2370 3365 placuit,
2401 3307 2503 3348 eas
2529 3307 2669 3348 suas
2699 3292 2927 3350 fecisse.

86 3390 406 3465 προθεσμίᾳ
473 3390 592 3450 τούς
652 3388 899 3465 κλήρους,
965 3387 1135 3460 πολλῷ
1215 3391 1306 3461 μὲν
1369 3390 1614 3462 πρότερον
1689 3383 2176 3457 ἀπονενεμημένους,
2257 3385 2374 3434 τότε
2426 3377 2501 3452 δ’,
2560 3384 2630 3444 ὡς
2679 3378 2828 3445 ἔδοξε
2867 3391 2941 3455 τῷ
2999 3379 3244 3455 διελόντι,
3298 3387 3480 3458 σφίσιν

89 3477 292 3539 αὐτοῖς
326 3478 534 3536 εἰσποιη
543 3479 733 3540 θέντας.

184 3571 287 3622 Καὶ
311 3571 483 3620 τοίνυν
515 3563 673 3630 δόξαν
723 3566 1145 3641 μεγαλοψυχίας,
1203 3566 1315 3639 ἅμα
1367 3562 1426 3619 δὲ
1463 3570 1553 3618 καὶ
1583 3563 1720 3638 φιλο-

1931 3566 2092 3636 itque
2121 3560 2301 3632 igitur
2341 3559 2854 3631 magnanimitatis
2919 3566 2974 3620 et
3015 3562 3263 3622 honoris
3312 3567 3370 3622 et
3423 3563 3484 3621 in

97 3669 300 3738 τιμίας
349 3669 438 3718 καὶ
487 3672 588 3728 τῆς
637 3670 757 3740 περὶ
811 3668 870 3718 τὸ
923 3669 1174 3741 παρέχειν
1233 3664 1542 3738 ἐλευθερίας,
1600 3683 1650 3715 πε

1932 3653 2034 3708 ldo
2053 3650 2424 3708 liberalitatis
2447 3650 2792 3722 Opinionem
2814 3651 2930 3708 sibi
2951 3654 3221 3726 acquiret
3243 3653 3384 3726 justi
3393 3671 3485 3724 us,

93 3763 306 3839 μᾶλλον
364 3759 587 3825 δικαίως
644 3764 920 3817 ἁποίσεταί
973 3784 1068 3833 τις,
1118 3762 1173 3816 ἐκ
1232 3769 1331 3815 των
1374 3761 1581 3814 ἐνόντων
1633 3781 1646 3813 a

1936 3758 1984 3797 τι
2011 3741 2094 3796 eis
2125 3757 2260 3813 quae
2290 3739 2404 3812 ipsi
2432 3739 2688 3795 liberum
2721 3744 2809 3796 est
2844 3740 2988 3797 dare
3026 3747 3084 3798 et
3121 3743 3344 3815 quibus
3373 3742 3489 3799 frui

91 3860 178 3913 ὧν
235 3858 508 3914 ἀπολαύειν
566 3861 680 3933 ἔχει
751 3857 921 3914 δοκῶν
980 3859 1268 3934 ἀπονέμειν,
1331 3859 1360 3918 ἡ
1421 3867 1518 3911 τῶν
1587 3857 1644 3910 ἀλ

1936 3834 2048 3895 est,
2069 3830 2213 3887 dare
2233 3828 2490 3897 videtur,
2521 3844 2708 3900 quam
2741 3829 2788 3883 si
2816 3829 2932 3900 ipsi
2956 3831 3084 3901 jam
3109 3836 3352 3887 externa
3381 3835 3437 3888 et
3457 3847 3489 3889 θ

1835 3918 2057 3992 quibus
2086 3916 2360 3974 excidere
2375 3916 2558 3972 invite
2579 3915 2854 3973 creditur.
2882 3919 3106 3974 Etenim
3129 3919 3190 3974 in
3211 3921 3492 3976 extremis

1835 4007 1984 4065 nihil
2012 4007 2236 4081 proprii
2262 4021 2468 4062 secum
2497 4004 2647 4062 ferre
2684 4005 2911 4075 valens,
2947 4008 3354 4081 omnibusque
3387 4009 3491 4066 de-

1838 4097 2325 4169 nudatus,eaque
2346 4094 2741 4152 distribuendi
2763 4111 2956 4169 capax
2979 4098 3154 4169 quasi
3175 4113 3492 4171 nunquam

1763 4211 1806 4264 D
1843 4187 1920 4245 ad
1941 4202 2002 4242 se
2023 4185 2465 4258 pertinuissent,
2485 4184 2594 4240 etsi
2618 4185 2822 4241 omnia
2838 4185 3217 4258 cupientibus
3238 4187 3493 4257 cederet,

1841 4291 1967 4333 non
1999 4275 2196 4346 magis
2221 4273 2465 4347 propria
2485 4273 2714 4329 donare
2733 4273 2988 4343 videtur,
3021 4289 3208 4348 quam
3241 4275 3438 4332 aliena
3478 4295 3493 4342 ;

103 4356 300 4424 τέχειν
357 4352 477 4404 ὅσον
556 4355 647 4405 καὶ
722 4359 824 4403 τῶν
897 4348 1161 4423 μηδέποτε
1225 4352 1656 4424 προσγεγενημένι

1944 4380 1981 4420 Β
2009 4363 2170 4419 enim
2197 4362 2324 4434 jam
2353 4375 2478 4417 non
2506 4360 2664 4416 valet
2714 4361 3035 4430 continere,
3082 4362 3315 4420 dimisit.
3369 4367 3497 4421 Non

107 4448 226 4506 κᾶν
293 4450 464 4502 πάντα
522 4455 733 4523 προοῖτο
789 4455 900 4512 τοῖς
949 4447 1303 4522 βουλομένοις,
1357 4444 1507 4500 ούδεν
1551 4445 1660 4520 μᾶλῖ

1948 4469 2008 4508 m
2045 4456 2186 4508 tunc
2241 4450 2338 4507 vel
2384 4448 2858 4521 generosissimis
2904 4456 3176 4509 remanet
3215 4451 3372 4508 ullus
3419 4451 3501 4508 ad

116 4542 301 4596 οἰκεῖα
330 4535 478 4591 δοκεῖ
504 4539 533 4598 ἢ
575 4541 703 4592 νόθα
753 4539 1214 4612 καταχαρίζεσθαι
1245 4557 1260 4571 ο
1291 4536 1326 4589 ἃ
1367 4539 1470 4612 γὰρ
1530 4540 1601 4609 μή
1658 4556 1669 4588 ‹

1948 4540 2232 4598 esentium
2289 4537 2598 4612 quodlibet
2651 4538 2921 4597 affectus.
2979 4542 3294 4607 Quomodo
3341 4542 3501 4598 enim

119 4634 360 4694 δύνηται
385 4639 645 4708 κατέχειν,
709 4638 922 4709 μεθῆκε.
975 4639 1076 4689 Καὶ
1131 4642 1256 4708 γοῦν
1299 4630 1417 4687 οὐδ’
1467 4635 1579 4686 ἔστι
1630 4651 1672 4685 τι

1948 4633 2184 4687 caneret
2207 4629 2236 4684 ‘l
2261 4628 2485 4694 Quibus
2510 4628 2639 4700 jam
2668 4644 2791 4685 non
2818 4629 3004 4687 modo
3055 4630 3401 4687 divitiarum
3431 4646 3501 4687 ac

118 4721 264 4781 οὐδέ
303 4744 360 4798 γε
397 4733 506 4788 τοῖς
557 4725 967 4799 ἐμπαθεστάτοις
1030 4728 1162 4801 πρὸς
1217 4720 1368 4778 οὐδὲν
1410 4731 1510 4776 τῶν
1557 4741 1671 4799 παρη

1948 4736 2059 4788 im,
2087 4717 2194 4775 sed
2219 4722 2277 4774 et
2297 4718 2563 4791 corporis
2592 4717 2902 4774 dissolutio
2955 4719 3022 4774 fit
3075 4724 3132 4776 et
3181 4720 3501 4792 depositio.

117 4835 238 4870 των
293 4811 516 4888 οὐδεμία
571 4817 904 4890 προσπάθεια
956 4836 970 4849 σ
1026 4823 1133 4876 πῶς
1179 4816 1280 4888 γάρ
1317 4830 1330 4881 ;
1364 4809 1440 4876 οἷς
1503 4808 1611 4872 ήδη

1948 4809 2075 4866 irco
2133 4823 2258 4864 non
2317 4807 2536 4864 ardent
2581 4807 2685 4880 qui
2727 4807 2892 4864 bona
2945 4808 3074 4879 ejus
3147 4808 3501 4881 percipiunt,

119 4908 294 4982 μόνον
349 4905 627 4977 κτημάτων
692 4909 783 4958 καὶ
834 4922 1174 4978 πραγματων,
1235 4901 1363 4956 ἀλλά
1396 4921 1449 4955 τι
1509 4907 1601 4954 καὶ
1655 4920 1672 4954 1

1968 4896 2188 4968 gratias
2215 4910 2391 4966 agere
2415 4895 2664 4967 ejusque
2701 4894 3048 4951 meminisse
3076 4913 3095 4966 ;
3157 4895 3264 4952 sed
3306 4895 3385 4952 ab
3442 4894 3505 4952 id

125 4997 380 5065 σώματος
460 4993 608 5055 λύσις
670 4999 761 5046 καὶ
821 4991 1068 5056 ἀπόθεσις
1133 4995 1394 5065 γίγνεταί.
1460 4993 1556 5044 Διὰ
1599 4997 1678 5044 τοί

1953 4985 2096 5042 llem
2125 4984 2450 5041 ostendunt
2474 4987 2764 5047 mentem,
2785 4997 2856 5038 eo
2882 4981 3048 5055 quod
3067 4983 3184 5054 ille,
3239 4999 3378 5040 cum
3409 4999 3505 5042 sa-

121 5087 231 5138 καὶ
253 5079 376 5136 οὐδὲ
408 5083 588 5158 θερμοί
622 5087 755 5146 τινές
812 5082 942 5136 εἰσιν
990 5086 1040 5135 οἱ
1086 5090 1187 5136 τῶν
1245 5080 1435 5135 ἐκείνου
1492 5080 1674 5154 μεταλο

1956 5079 2038 5132 ate
2066 5074 2359 5130 frueretur
2382 5075 2440 5128 et
2463 5071 2709 5134 deliciis,
2739 5085 2864 5127 non
2896 5073 3186 5142 statuerit,
3235 5088 3312 5130 ne
3363 5074 3509 5131 scri.

123 5173 392 5248 χάνοντες
437 5172 701 5245 ὁμολογεῖν
741 5172 908 5244 ἀὐτῷ
974 5176 1064 5224 καὶ
1121 5171 1256 5225 πάνυ
1337 5189 1389 5223 τι
1436 5173 1531 5229 τήν
1578 5171 1676 5245 χάέ

1638 5171 1740 5245 ἱριν
1867 5169 1970 5239 pto
2003 5163 2271 5238 quidem,
2301 5162 2464 5217 bona
2494 5176 2606 5217 sna
2634 5160 2784 5231 ipsis
2817 5159 3191 5248 distribuere.

127 5247 584 5334 ἀπομνημονεύειν
642 5281 659 5298 ο
711 5261 817 5315 ἀλλ’
912 5259 1234 5334 ἀμϐλυτέραν
1307 5261 1498 5313 ὡσανεὶ
1569 5261 1698 5332 πρὸς
1762 5262 1915 5308 τοῦτο
2009 5249 2303 5306 δείκνυνται
2371 5253 2462 5309 τὴν
2527 5253 2758 5322 γνώμην,
2818 5247 2895 5322 ἐφ’
2961 5256 3037 5313 οῖς
3094 5250 3268 5314 αὐτοῖς
3323 5249 3510 5317 ἐκεῖνος

126 5354 392 5423 ὑγιαίνων
479 5357 569 5406 καὶ
621 5360 826 5428 τρυφῶν
895 5347 1028 5425 μηδ’
1088 5348 1260 5403 ἔϐαλεν
1337 5349 1408 5413 εἰς
1476 5355 1614 5417 νοῦν,
1695 5341 1826 5420 μηδ’
1908 5344 2028 5397 ὅσον
2095 5341 2143 5395 ἓν
2207 5345 2454 5416 γραφαῖς,
2489 5346 2605 5412 ,τῶν
2663 5343 2965 5415 προσόντων
3030 5337 3162 5414 μηδ’
3221 5344 3505 5396 ὁποσονοῦν

131 5440 444 5513 ἀπονεῖμαι.

218 5535 322 5583 Kac
373 5531 490 5606 περὶ
533 5528 722 5604 ψυχῆς
799 5527 860 5584 δι
908 5529 1089 5590 ἥντινα
1138 5531 1254 5583 τότε
1295 5531 1448 5606 μνίαν
1503 5529 1595 5582 καὶ
1643 5531 1744 5581 τῶν

1958 5524 1992 5581 :t
2038 5519 2114 5579 de
2158 5519 2384 5591 anima,
2439 5534 2628 5594 quam
2654 5533 2819 5577 nunc
2863 5533 3096 5592 eorum,
3127 5537 3264 5597 quia
3315 5522 3511 5599 ipsam

135 5614 404 5694 δεομένων
438 5603 686 5677 *ποιεῖται
759 5616 971 5694 βοηθεῖν
1046 5617 1174 5694 αὐτῇ
1254 5603 1617 5691 δεδυνημένων
1671 5637 1688 5672 ν

1962 5629 2141 5676 uvare
2160 5615 2406 5689 queant,
2467 5610 2836 5676 mentionem
2887 5610 3048 5691 facit,
3106 5628 3266 5688 eam,
3311 5619 3380 5680 ut
3431 5616 3515 5678 ita

90 3963 272 4036 τρίων
323 3955 665 4032 μεταδιδούς,
741 3963 833 4012 καὶ
883 3959 951 4011 ὧν
1002 3961 1142 4012 ἄκων
1220 3955 1482 4011 ἐκπίπτειν
1533 3960 1728 4029 νενόμι-

100 4076 246 4112 σται
295 4056 560 4120 καθάπαξ.
616 4061 716 4110 Καὶ
761 4059 862 4133 γὰρ
930 4055 978 4109 ἐν
1047 4063 1154 4119 τοῖς
1211 4055 1517 4115 τελευταίοις
1564 4049 1730 4127 μηδὲν

98 4163 223 4211 τῶν
298 4151 441 4207 ἰδίων
494 4157 630 4227 ἔχων
707 4155 821 4228 μεθ’
906 4153 1090 4208 ἑαυτοῦ
1166 4157 1358 4229 φέρειν,
1414 4154 1620 4206 πάντων
1684 4147 1732 4203 δ’

105 4255 452 4326 ἁπωσμένος,
506 4257 598 4305 καί
658 4259 908 4306 τοσοῦτον
970 4249 1253 4326 δυνάμενος
1318 4250 1487 4304 αὐτῶν
1542 4267 1738 4323 συμμε-
