3934 6322
23 311 50 360 1
61 309 185 363 477

1462 306 1505 360 Τ
1513 303 2000 364 ESTAHENTUM.

3274 318 3412 372 1478

21 439 158 494 τοῦ,
203 439 380 492 κακῶς
430 433 502 492 ὡς
537 433 804 492 πεπονθώς
855 431 938 502 ὑφ’
989 434 1157 503 ἡμῶν.
1225 428 1366 483 Ούδε
1411 449 1471 501 γε
1545 437 1644 482 τῶν

1836 430 1976 486 bere
1997 431 2255 490 dicimus
2299 450 2494 506 neque
2533 435 2867 507 quidquam
2890 441 2994 493 aut
3025 437 3279 510 simplex
3309 444 3415 495 aut

21 518 326 594 ἀλλοτρίων
377 519 659 592 ἐπιθυμίας
745 517 996 591 οὐδεμιᾶς
1085 526 1175 572 καὶ
1258 523 1646 592 μεταποιήσεως

22 608 239 670 ἥττους
265 608 536 680 ἐφάνημεν.
567 608 663 660 Διά
721 616 875 660 τοῦτο
932 614 1022 660 καὶ
1071 609 1284 681 ὀφείλειν
1341 605 1492 660 οὐδέν
1552 628 1644 678 φα-

21 717 126 768 μεν
159 698 272 750 οὗθ’
311 698 505 750 ἁπλοῦν
542 701 660 750 οὔτε
714 697 1037 750 πολλαπλοῡν
1093 699 1174 768 (1)
1220 693 1530 762 ἀποδοῦναι,
1580 700 1644 756 ὡς

22 793 531 858 συκοφαντήσαντες
565 787 596 844 ἧ
662 785 758 857 βίᾳ
845 792 935 838 καὶ
1002 794 1241 858 πονηρῶς
1323 783 1642 856 ἀφελόμενοι,

22 880 245 937 Παντὸς
271 879 372 951 γὰρ
399 875 589 948 μᾶλλον
636 879 695 926 τὸ
748 872 952 928 ἀδικεῖν
992 874 1186 947 ἐχθρὸν
1244 876 1370 946 ἡμῖν
1415 878 1468 925 ἄν
1524 871 1644 926 δια-

22 969 293 1038 φερόντως
330 964 691 1037 ἐμισήθη,καὶ
744 970 847 1016 πᾶν
897 967 956 1015 τὸ
1013 964 1070 1026 ἐξ
1123 963 1282 1016 αὐτοῦ
1346 960 1640 1034 ἐϐδελύχθη

21 1057 104 1115 ὡς
136 1053 395 1128 βλαϐερὸν
419 1058 508 1106 καὶ
541 1053 806 1124 πολέμιον.
861 1059 961 1106 Καὶ
1017 1057 1114 1124 μὴν
1162 1057 1252 1104 καὶ
1307 1059 1415 1112 τοῖς
1471 1051 1646 1112 ἀλλοις

22 1139 386 1215 διεγενόμεθα
437 1141 896 1214 συμϐουλεύοντες,
959 1138 1050 1202 οὖς
1104 1146 1195 1193 καὶ
1240 1142 1504 1212 προσῆκον
1583 1137 1644 1197 ἦν

24 1232 194 1302 ἡμῶν
249 1230 704 1288 συμϐουλευόντων
758 1232 964 1282 ἀκούειν
1034 1252 1048 1264 ο
1099 1235 1188 1282 καὶ
1246 1233 1441 1300 συχνοί
1512 1247 1646 1289 τινες

1753 519 2070 590 multiplex
2106 523 2354 578 reddere
2373 523 2549 579 nobis
2600 523 2913 590 incumbit,
2947 529 3012 580 ut
3029 527 3414 599 sycophantis

1754 607 1966 663 accidit
2001 615 2058 664 et
2085 610 2158 668 iis
2182 612 2287 683 qui
2314 612 2603 669 violenter
2624 616 2681 667 et
2708 612 2927 682 injuste
2958 613 3187 684 aliquid
3213 615 3413 672 abstu-

1751 695 1969 754 lerunt.
1997 699 2292 770 lnjustitia
2311 701 2471 756 enim
2493 701 2668 757 nobis
2685 701 2826 756 odio
2845 702 2980 774 plus
3009 719 3196 774 quam
3221 705 3413 776 quod-

1751 785 1893 841 libet
1940 787 2068 857 fuit,
2093 794 2150 844 et
2163 790 2462 862 quidquid
2493 807 2564 846 ex
2591 807 2663 846 ea
2683 791 2888 857 oritur,
2929 792 3410 849 abominandum

1753 873 1928 929 nobis
1958 875 2087 946 fuit,
2119 883 2183 932 ut
2215 879 2517 935 funestum
2545 883 2602 935 et
2629 879 2859 934 hostile.
2895 881 3020 936 Imo
3050 886 3106 936 et
3129 881 3256 936 aliis
3273 898 3413 938 con-

1755 962 1887 1019 silia
1907 965 2363 1039 dedimus,quos
2380 968 2631 1024 decebat
2647 985 2760 1023 nos
2788 970 3161 1026 consulentes
3179 972 3407 1041 audire;

1751 1055 1811 1106 et
1854 1051 2196 1125 frequentes
2243 1073 2280 1112 a
2318 1057 2492 1113 nobis
2523 1058 2598 1113 de
2644 1058 2715 1113 iis
2761 1058 3060 1114 orationes
3089 1059 3409 1116 elaboratae

1759 1143 2232 1207 sunt,hortantes
2273 1148 2338 1200 ut
2373 1145 2667 1216 justitiam
2697 1147 3154 1219 amplectantur,
3181 1149 3412 1219 injusti-

1754 1230 1898 1285 tiam
1930 1247 2069 1288 vero
2097 1233 2451 1291 omnimodo
2484 1235 2732 1304 fugiant.

25 1320 126 1372 ἐπὶ
193 1323 391 1380 τούτοις
452 1323 575 1392 ἡμῖν
629 1320 773 1390 λόγοι
834 1319 1242 1385 ἐξηονὴθησαν,
1303 1323 1650 1392 προσανέχειν
1726 1318 1816 1390 μὲν
1884 1318 1961 1371 ἀεὶ
2029 1319 2408 1391 δικαιοσύναις,
2481 1328 2678 1395 φεύγειν
2739 1321 2789 1376 δ’
2848 1328 2904 1376 ἐκ
2951 1329 3136 1386 παντὸς
3213 1333 3406 1400 τρόπου

25 1413 139 1466 τὴν
176 1405 389 1462 ἀδικίαν
402 1454 415 1467 .

108 1501 212 1550 Διά
236 1506 390 1550 τοῦτο
411 1518 500 1549 και
538 1501 912 1570 παραιτεῖσθαι
942 1505 1028 1549 νῦν
1055 1498 1150 1549 οὐκ
1179 1494 1283 1550 οἷδ’
1339 1497 1422 1548 ὃτι
1481 1493 1565 1547 δεῖ
1614 1496 1643 1552 ὴ

22 1606 130 1637 και
199 1592 316 1659 περί
375 1592 688 1658 συγγνώμης
745 1584 974 1652 δεῖσθαι,
1008 1587 1336 1658 ἐγνωσμένων
1382 1583 1448 1644 δή
1497 1605 1649 1637 τινων

23 1679 170 1748 ἡμῖν
195 1677 371 1741 ὄντων,
397 1685 498 1728 τῶν
540 1696 600 1747 γε
645 1696 772 1748 προς
817 1675 1122 1748 ἀνθρώπους
1176 1696 1265 1727 και
1321 1677 1460 1728 κακὰ
1521 1677 1648 1746 ἡμῖν

25 1765 248 1836 μεγάλα
302 1763 513 1837 σφόδρα
581 1764 929 1836 βουληθέντας
978 1764 1146 1825 καλῶς
1219 1764 1644 1836 ἐξειργασμένων.

25 1853 238 1912 Συνέϐη
269 1857 372 1927 γὰρ
431 1853 546 1926 ἐμοί
600 1857 745 1928 παρά
790 1853 986 1906 πολλῶν
1042 1874 1132 1906 και
1191 1861 1342 1906 τοῦτο
1396 1858 1528 1925 μέγα
1576 1849 1643 1910 δὴ

25 1964 131 1996 και
191 1948 438 2015 μέγιστον
503 1947 768 2017 ἐπηρείας,
855 1943 1072 2015 χαλεπῷ
1164 1963 1267 1995 τινι
1353 1942 1645 2015 βληθέντων

27 2035 242 2103 φθονῳ,
269 2032 323 2094 ἐξ
342 2029 590 2105 οὐδεμιᾶς
621 2030 672 2085 δ’
703 2033 863 2094 ἄλλης
907 2030 1156 2104 οὐδαμῶς
1206 2032 1356 2103 λόγον
1414 2032 1646 2103 ἐχούσης

25 2122 215 2182 αἰτίας
243 2127 584 2194 κεκινημένων
619 2145 630 2154 -
665 2125 792 2196 ὑπέρ
823 2123 892 2173 ὧν
921 2142 1010 2173 και
1028 2123 1136 2174 τότ’
1194 2125 1339 2194 ἔφην,
1399 2143 1429 2172 ι(
1476 2121 1646 2180 Ἶλεως

28 2209 227 2271 αὐτοῖς
267 2212 397 2278 εῑης,
434 2214 612 2284 Κύριε,
641 2233 670 2260 ››
725 2231 813 2262 και
858 2218 946 2262 νῦν
999 2207 1060 2263 δέ
1120 2230 1276 2282 φημι,
1343 2232 1364 2258 ε
1419 2229 1509 2262 και
1551 2218 1649 2271 τῆς

29 2299 203 2371 ὀργῆς
269 2307 364 2352 σοῦ
421 2296 700 2371 μηδαμῶς,
768 2309 861 2362 τῆς
925 2297 974 2352 δ’
1041 2299 1126 2351 ἐπι
1191 2305 1352 2352 πᾶσιν
1432 2299 1508 2360 οἷς
1589 2299 1647 2350 Ξιν

31 2385 242 2440 δέοιντο
286 2393 654 2462 χρηστότητος
697 2396 880 2462 πεῖραν
925 2387 1126 2441 λάϐοιεν
1187 2408 1277 2440 και
1359 2387 1644 2461 φιλανθρω-

27 2482 190 2545 πίας,
221 2496 311 2529 και
373 2483 443 2550 μὴ
515 2483 738 2539 στὴσκις
797 2477 978 2539 αὐτοῖς
1042 2483 1173 2548 μήτε
1245 2480 1464 2548 ταύτην,
1527 2475 1646 2548 μήθ’

31 2565 222 2640 ἑτέραν
278 2566 587 2638 ἰσχύσασα-ν
639 2566 688 2618 ἐν
739 2563 990 2641 καρδίαις
1042 2568 1228 2633 αὐτῶν,
1283 2565 1562 2639 ἁμαρτίαν.
1619 2587 1647 2615 ››

111 2662 234 2715 Τοῖς
265 2653 545 2727 βασιλεῦσι
585 2653 824 2727 δ’ἠμῶν,
855 2655 901 2707 εἰ
928 2675 1016 2707 και
1063 2660 1135 2727 μὴ
1187 2661 1287 2707 πᾶν
1349 2660 1467 2707 ὅσον
1521 2654 1650 2714 εἰκὸς

47 2746 113 2801 ἦν
179 2765 269 2796 και
334 2749 460 2819 πρὸς
485 2748 644 2820 χρέος
684 2742 889 2797 δίκαιον
936 2747 1062 2803 ἧκον
1116 2744 1464 2818 ἀποχρώντως
1517 2743 1650 2797 ἀπο-

37 2829 358 2905 δεδωκαμεδ
379 2831 530 2904 (ούδέ
558 2835 660 2906 γὰρ
694 2830 776 2899 ἦν,
799 2833 907 2885 οὒτ’
952 2836 1062 2886 ἔστι
1117 2837 1246 2907 πρὸς
1301 2836 1390 2892 τὰς
1447 2833 1652 2905 εὐεργε-

39 2926 170 2981 σίας
200 2921 376 2995 (ὀρᾶτε
411 2918 461 2974 δ’
495 2922 658 2981 αὐτὰς
683 2924 898 2988 ὁπόσαι,
922 2941 1012 2973 και
1036 2924 1130 2981 τὰς
1155 2920 1439 2994 ὑπερϐολὰς
1499 2923 1651 2993 ὁρᾶτε

33 3019 135 3063 του
169 3012 436 3081 μεγέθους)
465 3014 523 3062 τὸ
558 3013 730 3064 ἱκανόν
785 3010 1085 3077 ἐκπλῆσαι),
1147 3009 1276 3062 ἀλλὰ
1330 3030 1390 3080 γε
1437 3014 1494 3062 τὸ
1551 3017 1651 3062 πᾶν

37 3102 243 3151 ὁπόσον
273 3101 379 3151 οἶόν
421 3118 473 3152 τε
503 3101 563 3157 ἧν
583 3099 637 3160 ἐς
687 3099 928 3152 πλεῖστον
983 3098 1038 3161 ἐξ
1089 3099 1212 3158 ὅλης
1275 3098 1483 3170 ψυχῆς,
1531 3099 1654 3160 ὅλης

36 3209 136 3239 και
175 3185 403 3262 καρδίας
428 3208 518 3240 και
549 3185 806 3253 διανοίας,
841 3184 1160 3242 ἀποδεδώκα
1189 3207 1300 3260 μεν,
1345 3208 1435 3240 και
1484 3188 1527 3240 εἰ
1585 3192 1653 3259 μὴ

36 3285 135 3336 τῆς
199 3276 357 3338 ἀξίας
385 3275 742 3348 ἐφικνούμενον
788 3277 966 3347 (τοῦτο
1019 3279 1121 3350 γὰρ
1196 3279 1405 3338 παντὸς·
1463 3276 1653 3348 μᾶλλον

41 3362 337 3435 ἀδύνατον)
571 3375 667 3426 τῆς
723 3369 972 3438 ἡμετέρας
1030 3365 1123 3416 οὐκ
1197 3364 1422 3418 ἐλλεῖπον
1497 3362 1654 3416 δυνά-

41 3474 209 3526 μεως.
261 3454 325 3508 Εἰ
390 3451 450 3506 δε
499 3474 550 3506 τι
601 3474 691 3506 και
754 3458 1220 3525 συνεισηνέγκαμεν
1268 3453 1323 3505 ἐκ
1378 3462 1469 3514 τῆς
1523 3457 1654 3506 πάνυ

39 3545 248 3604 ταύτης
275 3546 566 3616 προθυμίας
591 3542 727 3605 ἐςτά
799 3551 942 3602 κοινῆ
998 3548 1249 3617 χρήσιμα
1303 3563 1394 3594 και
1447 3539 1653 3601 πάνδη-

41 3652 144 3704 μον
178 3637 274 3688 τὴν
319 3631 615 3684 λυστελειαν
676 3631 891 3704 ἔχοντα,
949 3637 1064 3692 ταῖς
1112 3639 1300 3703 σοφαῖς
1360 3640 1451 3684 τοῦ
1499 3631 1657 3703 βασι-

41 3723 175 3783 λέως
206 3720 673 3793 ἐξυπηρετούμενοι
720 3726 790 3792 μὴ
854 3720 966 3772 λίαν
1021 3720 1242 3792 ἀγεννῶς
1301 3719 1512 3792 βουλαῖς
1569 3741 1657 3772 και

43 3810 423 3884 μνὼμαις,ούκ
461 3811 584 3882 ἐμὸν
638 3811 699 3862 οἷν
746 3814 823 3868 εἴη
883 3811 1066 3880 λέγειν,
1123 3818 1215 3862 τοῦ
1284 3807 1334 3862 δ’
1397 3813 1658 3882 ἐγκρίναν-

44 3921 133 3960 τος
163 3899 239 3959 εἰς
268 3906 424 3951 τοῦτο
452 3903 640 3972 μοίρας
684 3919 770 3950 και
827 3897 1098 3960 διακονίας
1148 3900 1287 3969 ἡμᾶς
1357 3915 1369 3926 ·
1427 3903 1658 3972 παρίημι

44 4009 138 4041 και
195 3988 328 4060 αὐτῇ
386 3996 448 4060 τῇ
507 3987 726 4060 ἀληθείᾳ
780 3987 942 4059 λέγειν
997 3988 1078 4057 (2)
1128 4007 1218 4038 και
1294 3991 1655 4059 παριστάνειν,

48 4074 309 4139 διαϐολῆς
358 4096 450 4128 και
499 4081 848 4147 συκοφαντίας
896 4096 986 4127 και
1025 4077 1210 4146 φθόνου
1272 4079 1465 4136 παντὸς
1539 4094 1659 4145 γεν-

46 4169 322 4239 ναιοτέραν
361 4170 456 4224 τὴν
519 4164 678 4237 ἰσχύν
727 4165 928 4237 ἐχούσῃ
962 4183 1050 4216 και
1080 4166 1174 4222 τὴν
1217 4168 1386 4235 φωνὴν
1467 4163 1661 4234 ὑψηλο-

46 4260 224 4328 τέραν,
257 4250 442 4312 ἐπειδὴ
485 4274 578 4306 και
627 4256 831 4306 πάντων
880 4253 1250 4328 ἰσχυρότερον,
1298 4251 1412 4324 ἐμοί
1465 4249 1656 4320 δοκεῖν,

52 4345 83 4401 ἡ
119 4342 340 4400 ἀλήθεια
391 4342 468 4413 (3)
524 4363 536 4375 ·
593 4343 741 4409 ὥστ’,
770 4345 814 4394 εἰ
854 4361 933 4402 τις
976 4361 1066 4392 και
1119 4342 1301 4404 ζῶσιν,
1353 4340 1398 4392 εἰ
1443 4361 1524 4395 τις
1569 4361 1659 4392 και

53 4435 350 4501 τεθνεῶσιν,
415 4430 526 4489 εἰκῆ
581 4435 672 4482 καὶ
731 4432 897 4501 μάτην
944 4431 1068 4501 ἡμῖν
1122 4429 1424 4503 ἐπηρεάζειν
1479 4429 1654 4498 ἐθέλει,

54 4517 212 4573 οὐδὲν
267 4520 406 4572 αὐτῶ
463 4519 612 4572 πλέον
666 4522 833 4588 ἔσται,
896 4527 995 4570 τῶν
1048 4521 1362 4592 πραγμάτων
1417 4518 1528 4586 ἅμα
1600 4515 1660 4570 δὲ

55 4630 149 4662 και
213 4617 310 4661 τῶν
373 4607 460 4660 ἐπί
509 4611 714 4669 τούτοις
764 4607 964 4680 βαθέως
1022 4611 1293 4658 συνιέντων
1353 4626 1442 4657 και
1495 4607 1660 4679 ὀρθῶς

55 4695 274 4751 εἰδότων
299 4701 509 4769 κρίνειν,
572 4695 1006 4750 ἀντεπιϐοιιῦντων.
1071 4717 1099 4746 ι(
1166 4702 1332 4748 Μυὶαι
1386 4702 1660 4766 σαπριοῦ-

59 4808 147 4840 σιν
207 4785 395 4840 ἔλαιον.
453 4808 483 4836 ››
545 4791 701 4856 φησίν
741 4787 767 4837 ὁ
817 4785 970 4838 εἰπὼν
1026 4783 1124 4856 (4),
1183 4803 1272 4836 και
1326 4786 1389 4836 τὰ
1438 4783 1571 4836 καλὰ
1635 4784 1661 4834 ὁ

1829 1499 2199 1572 Quapropter
2235 1516 2354 1556 non
2386 1502 2564 1559 credo
2604 1503 2748 1558 mihi
2794 1503 3240 1575 implorandam
3277 1521 3408 1561 esse

1757 1591 1860 1641 aut
1874 1588 2171 1644 orandam
2191 1591 2448 1659 veniam,
2464 1606 2603 1646 cum
2620 1591 2796 1646 nobis
2819 1598 3169 1649 succurrant
3189 1610 3323 1665 quae
3347 1595 3408 1649 in

1680 1709 1724 1763 Β
1756 1674 2034 1732 homines
2054 1679 2157 1749 qui
2178 1679 2355 1735 malis
2372 1681 2719 1751 permagnis
2733 1696 2844 1736 nos
2853 1681 3195 1753 opprimere
3205 1683 3408 1738 volue-

1755 1765 2072 1831 runt,bene
2085 1767 2402 1836 egerimus.
2422 1769 2570 1824 Mihi
2582 1769 2741 1824 enim
2753 1769 2967 1825 accidit
2979 1775 3043 1825 ut
3053 1769 3217 1826 multi
3231 1771 3405 1826 valde

1755 1857 1812 1907 et
1840 1852 2167 1923 plurimum
2200 1857 2532 1923 nocuerint,
2605 1858 2738 1914 dira
2808 1857 3037 1913 invidia
3089 1858 3406 1924 sollicitati,

1754 1956 1950 2012 neque
1981 1941 2103 1998 ulla
2129 1943 2246 1999 alia
2281 1945 2534 2001 rationis
2571 1946 2798 2018 aliquid
2841 1947 3187 2018 praeferente
3225 1963 3410 2005 causa

1751 2029 2019 2100 impulsi.
2045 2033 2156 2088 Pro
2186 2032 2410 2104 quibus
2437 2039 2494 2093 et
2526 2041 2667 2093 tunc
2707 2034 2986 2096 dicebam
3042 2053 3059 2092 τ
3114 2058 3144 2086 ‹‹
3199 2037 3293 2095 Sis
3333 2037 3409 2094 iis

1754 2117 2112 2184 misericors,
2147 2122 2418 2187 Domine,
2449 2144 2478 2172 »
2503 2128 2561 2177 et
2613 2138 2773 2178 nunc
2824 2123 2960 2178 dico
3017 2142 3030 2190 ;
3087 2126 3404 2195 Nunquam

1755 2206 1910 2262 iram
1949 2213 2116 2264 tuam
2156 2210 2560 2281 experiantur,
2601 2211 2931 2268 bonitatem
2970 2227 3112 2268 vero
3149 2212 3314 2268 illam
3351 2218 3411 2270 et

1755 2296 2232 2353 misericordiam
2262 2301 2542 2369 sentiant,
2571 2317 2760 2372 quam
2791 2301 2851 2355 in
2882 2316 3094 2357 omnes
3123 2301 3223 2358 illa
3251 2301 3408 2358 indi-

1757 2390 1962 2454 gentes
1993 2386 2271 2455 eiiundis,
2298 2403 2494 2460 neque
2521 2395 2749 2446 statuas
2797 2389 2909 2446 illis
2957 2393 3060 2446 aut
3114 2391 3250 2456 hoc,
3307 2395 3410 2447 aut

1758 2473 1940 2544 aliud,
1982 2475 2389 2548 quodcunque
2427 2479 2489 2532 in
2519 2478 2802 2534 cordibus
2829 2494 3040 2534 eorum
3076 2478 3408 2548 inoleverit,

1759 2568 2096 2634 peccatum.
2139 2588 2166 2613 ››

1835 2653 2299 2720 lmperatoribus
2325 2669 2462 2708 vero
2500 2655 2737 2718 nostris,
2785 2655 2892 2710 etsi
2939 2671 3062 2710 non
3110 2658 3410 2727 quantum

1754 2739 1988 2809 justum
2021 2745 2147 2795 erat
2176 2756 2246 2796 ac
2286 2740 2584 2810 deditum,
2621 2741 2981 2798 sufﬁcienter
3016 2742 3412 2798 reddidimus.

1759 2859 1830 2866 —
1853 2829 1981 2882 Non
2015 2828 2174 2884 enim
2202 2828 2419 2884 licebat
2447 2845 2646 2896 neque
2672 2830 2806 2886 licet
2828 2831 3132 2888 beneﬁciis
3161 2834 3414 2903 (quanta

1761 2916 1921 2971 enim
1958 2917 2078 2972 sint
2101 2923 2157 2971 et
2183 2923 2331 2988 quot
2359 2933 2614 2974 numero
2655 2919 2914 2990 videtis),
2955 2921 3137 2989 digne
3164 2937 3414 2992 respon-

1763 3004 1924 3060 dere.
1955 3005 2066 3061 Sed
2092 3010 2412 3076 quantum,
2443 3007 2731 3078 quodque
2760 3008 3084 3074 valuimus,
3105 3008 3167 3063 id
3187 3024 3260 3064 ex
3288 3013 3415 3066 tota

1761 3093 1984 3160 anima,
2017 3098 2140 3150 toto
2169 3093 2349 3149 corde
2410 3110 2480 3150 ac
2537 3101 2736 3151 mente
2788 3096 3209 3162 reddidimus;
3265 3102 3320 3152 et
3365 3097 3414 3152 si

1762 3182 1962 3237 minus
1993 3182 2159 3254 quod
2183 3182 2437 3252 dignum
2468 3189 2614 3249 erat,
2647 3189 2954 3240 assecutus
2985 3200 3140 3253 sum,
3176 3200 3299 3241 non
3329 3191 3413 3242 ta-

1760 3286 1901 3328 men
1930 3287 2068 3326 mea
2107 3271 2405 3328 voluntate
2442 3271 2654 3327 deieci.
2698 3273 2756 3328 Si
2787 3272 2941 3344 quid
2977 3278 3035 3328 et
3071 3273 3411 3345 profuimur

1763 3377 1834 3417 ex
1864 3366 1985 3416 toto
2015 3361 2229 3416 ardore
2260 3361 2513 3432 publicis
2539 3361 2718 3418 rebus
2747 3367 2804 3417 et
2831 3361 2910 3418 ad
2939 3362 3214 3418 omnium
3252 3363 3412 3420 utili-

1762 3455 1944 3505 tatem
1970 3450 2423 3521 pertinentibus,
2453 3451 2826 3522 sapientibus
2854 3451 3236 3524 imperatoris
3270 3467 3414 3508 con-

1764 3539 1908 3593 siliis
1934 3539 2359 3610 sententiisque
2407 3555 2530 3594 non
2579 3539 2758 3595 nimis
2799 3540 3017 3610 ignave
3072 3540 3411 3607 servientes,

1763 3641 1885 3682 non
1907 3642 2114 3682 meum
2141 3633 2232 3682 est
2259 3625 2322 3680 id
2353 3625 2566 3694 dicere,
2601 3627 2709 3684 sed
2740 3628 2870 3699 ejus
2899 3629 3004 3700 qui
3062 3644 3177 3684 nos
3233 3628 3308 3685 ad
3353 3628 3417 3682 id

1763 3716 2030 3770 muneris
2059 3715 2356 3786 ofﬁciique
2387 3716 2801 3787 assumpserit.
2834 3717 2900 3772 Id
2929 3722 2987 3772 et
3015 3717 3290 3786 relinquo
3320 3716 3418 3772 di-

1764 3803 2024 3858 cendum
2050 3809 2108 3858 et
2126 3803 2578 3874 aﬂirmandum,
2626 3805 2856 3860 veritati
2920 3805 3057 3876 ipsi,
3099 3822 3236 3877 quas
3286 3805 3422 3876 plus

1745 3897 1953 3964 quam
1983 3891 2286 3947 calumnia
2312 3899 2415 3947 aut
2443 3893 2841 3964 sycophantia
2868 3900 2972 3949 aut
3008 3893 3234 3950 invidia
3263 3893 3424 3951 valet

1765 3981 2105 4052 clariusque
2135 3981 2371 4047 clamat,
2401 3981 2625 4054 quippe
2661 3998 2798 4054 quae
2836 3983 3043 4038 omnia
3079 3983 3315 4049 robore,
3358 3988 3424 4048 ut

1765 4071 1912 4127 mihi
1937 4070 2188 4135 videtur,
2221 4074 2459 4140 superet
2483 4071 2719 4127 veritas.
2754 4071 2835 4128 lta
2864 4075 2944 4142 ut,
2981 4071 3030 4127 si
3059 4071 3194 4143 quis
3247 4077 3304 4127 et
3359 4073 3421 4128 in

1765 4175 1876 4215 nos
1905 4159 2195 4226 viventes,
2223 4157 2360 4214 etin
2389 4173 2502 4215 nos
2552 4165 2819 4214 mortuos
2881 4159 3104 4216 frustra
3152 4176 3224 4216 ac
3292 4160 3421 4218 sine

1765 4248 1925 4304 exitu
1953 4247 2129 4302 vellet
2151 4247 2478 4318 insurgere,
2501 4246 2647 4301 nihil
2669 4247 2929 4318 amplius
2976 4247 3057 4303 illi
3104 4247 3223 4319 ﬁet,
3283 4264 3424 4306 cum

1765 4353 1860 4394 res
1895 4337 2062 4408 ipsae,
2103 4340 2160 4391 et
2182 4351 2303 4390 una
2331 4336 2434 4407 qui
2459 4351 2560 4392 eas
2587 4335 2882 4407 profunde
2911 4336 3422 4409 intelliguntjudi-

1769 4431 2045 4498 eantque,
2115 4428 2323 4480 contra
2365 4423 2714 4481 reclament.
2775 4447 2804 4473 ‹‹
2848 4427 3058 4481 Muscas
3115 4425 3425 4498 putridum

1765 4514 2028 4571 reddunt
2055 4513 2278 4580 oleum,
2315 4536 2337 4563 ν
2372 4512 2514 4568 dicit
2543 4513 2804 4584 sapiens.
2833 4516 2901 4569 Et
2929 4514 3199 4586 pluchra,
3259 4514 3420 4571 volet

1768 4603 2016 4675 quidem
2035 4601 2284 4667 invidia,
2311 4617 2436 4656 non
2453 4601 2667 4672 poterit
2685 4617 2828 4658 vero
2853 4618 3236 4675 corrumpere
3257 4603 3423 4675 apud

1770 4709 1873 4748 eos
1893 4691 1997 4764 qui
2020 4691 2247 4762 judicio
2275 4691 2542 4761 gaudent
2563 4697 2620 4747 et
2652 4691 2809 4764 juste
2864 4692 3067 4749 volent
3121 4693 3421 4764 inquirere

1769 4786 1828 4836 et
1851 4780 2146 4852 judicare.

55 4879 242 4948 ?9690Q
264 4873 583 4947 βουλήσεται
605 4875 684 4942 (ὅ)
715 4877 828 4946 μὲν,
879 4873 939 4926 οὐ
1006 4869 1286 4930 δυνήσεται
1353 4869 1412 4926 δὲ
1475 4874 1620 4944 παρά
1680 4877 1785 4930 τοῖς
1857 4878 1974 4921 νοῦν
2039 4871 2232 4940 ἔχουσι
2303 4887 2393 4920 και
2461 4865 2678 4929 δικαίως
2737 4867 2989 4932 ἐξετάζειν
3053 4888 3145 4922 και
3209 4864 3421 4940 διαιτᾷν

60 4967 416 5040 αἱρουμένοις.

134 5052 213 5105 Ού
268 5055 370 5123 μὴν
410 5050 541 5119 ἀλλ’,
592 5055 674 5104 ’ίνα
721 5057 792 5124 μὴ
836 5056 953 5126 περί
1013 5054 1198 5102 τούτου
1253 5049 1419 5102 πολλὰ
1499 5050 1662 5121 λέγειν

63 5145 297 5214 ἔχοντες,
337 5160 428 5192 και
495 5142 666 5194 πάντα
719 5140 943 5202 καθεξῆς
977 5144 1287 5212 πειρώμενοι
1324 5138 1507 5209 λέγειν,
1559 5137 1662 5190 ἐτέ-

137 5266 214 5334 (1)
234 5265 441 5320 Vetere
469 5264 598 5334 lege
627 5265 924 5320 sancitum
955 5268 1081 5319 erat
1107 5268 1188 5331 ut,
1221 5278 1330 5334 pro
1386 5266 1662 5334 surrepto

66 5338 223 5393 bove
236 5351 375 5401 uno,
395 5336 662 5407 quinque
675 5335 1080 5400 redderentur,
1099 5338 1358 5406 quatuor
1369 5349 1513 5389 oves
1549 5349 1660 5404 pro

69 5423 213 5465 una.
233 5407 415 5461 Exod.
434 5423 579 5463 χχιι.
605 5413 628 5462 1

166 5483 222 5536 2)
248 5485 336 5532 An
369 5478 585 5534 excidit
612 5486 764 5530 τοῦτο
786 5481 814 5533 ?

166 5483 222 5536 2)
248 5485 336 5532 An
369 5482 585 5534 excidit
612 5486 764 5530 τοῦτο
786 5482 814 5533 ?

143 5482 224 5622 l3)
287 5547 514 5622 Veritas
576 5553 882 5622 παγκρατὴς
936 5547 1120 5622 dicta__
1152 5545 1264 5622 fuit
1297 5545 1658 5622 Bacchylidi

76 5615 242 5678 Stob.
269 5619 355 5686 tit,
381 5624 438 5674 7.
484 5615 789 5676 Eschin'es
837 5624 1040 5676 orator
1082 5617 1229 5674 ibid.
1288 5619 1351 5672 l6
1407 5635 1419 5676 :
1480 5615 1659 5679 Οὕτως

1840 5051 2134 5114 Attamen,
2163 5059 2239 5099 ne
2260 5059 2420 5108 cum,
2455 5043 2530 5099 de
2551 5059 2621 5099 eo
2646 5043 2834 5099 multa
2852 5044 3046 5100 dicere
3077 5044 3404 5116 possimus,

1770 5136 1818 5191 si
1839 5134 2074 5206 singula
2098 5133 2292 5190 dicere
2333 5136 2714 5202 tentaremus,
2776 5133 2960 5190 aliam
3016 5133 3175 5190 viam
3230 5149 3419 5206 quam

1771 5261 1994 5335 ἰσχυρὸν
2035 5257 2171 5335 ἐστιν
2238 5255 2474 5318 ἀλήθεια,
2530 5258 2664 5308 ὥστε
2701 5259 2902 5310 πάντων
2953 5257 3245 5333 ἐπικρατεῖν
3311 5267 3412 5310 τῶν

1768 5328 2100 5404 ἀνθρωπίνων
2138 5328 2424 5399 λογισμῶν.

1833 5401 1912 5474 (ii)
1941 5401 2158 5457 Eccles.
2188 5415 2247 5467 x,
2285 5404 2330 5454 l.

1835 5469 1914 5545 (5)
1945 5479 2032 5528 An
2067 5469 2461 5545 repetendum
2501 5469 2772 5545 σαπρίςειν
2799 5471 3004 5528 animo
3031 5473 3060 5527 ?
3250 5475 3419 5545 puto.

1763 5540 2062 5615 Excidisse
2080 5540 2335 5615 verbum
2360 5540 2640 5612 videtur;
2681 5540 2969 5615 ἀμαυροῦν,
3015 5543 3184 5600 verbi
3211 5540 3418 5610 causa,

1765 5615 1962 5673 simile
1995 5613 2180 5671 aliud.
