3934 6322
19 309 160 372 1481

1430 300 1976 370 TESTAMENTUM.

3256 305 3394 372 M82

19 439 292 498 ἵλήθειαν·
325 434 656 494 ίνευθήνησεν
684 434 832 506 ἡμῶν
860 433 888 486 ὁ
918 432 1036 508 βίος
1053 438 1146 488 καὶ
1172 433 1411 489 πλεῖστον
1439 433 1510 496 εἰς
1539 435 1660 488 ὅσον
1689 435 1794 488 οἶόν
1819 455 1873 489 τε
1902 433 1964 495 ἦν
1994 434 2046 499 ἐς
2100 438 2165 490 τὰ
2204 432 2436 511 μάλιστα
2503 442 2718 513 προῆκε,
2771 443 2872 488 τῶν
2937 433 3123 508 ἄλλων,
3177 436 3272 492 οὐκ
3340 436 3398 500 ἐξ

19 527 304 581 ξλαττόνων
328 533 430 577 τῶν
460 521 722 599 ἀφορμῶν,
754 521 882 575 ἀλλά
908 542 969 595 γε
992 528 1084 576 καὶ
1112 522 1282 595 πολλῷ
1304 523 1576 597 μειζόνων,
1600 523 1659 576 οὐ
1690 526 1756 577 τά
1782 523 1877 578 ἳσα
1901 532 2395 600 κατακτησαμένων.

91 617 238 689 Ἐγώ
299 617 388 688 μεν
454 615 555 687 γὰρ
621 611 738 665 ὅλον
808 610 1028 685 ἐμαυτόν
1100 609 1313 674 ἐπιδοὺς
1368 618 1479 674 τοῖς
1537 617 1706 670 τοϋΑ

19 712 344 782 ερατοῦντος
411 701 729 774 κελεύσμασι
788 706 880 754 καὶ
957 708 1070 765 ταῖς
1127 701 1254 776 ὑπὲρ
1305 710 1405 754 τῶν
1452 709 1634 756 κοινῶν

19 797 352 872 πραγμάτων
409 790 704 864 ἀσχολίαις.
771 787 898 864 ἦγον
968 788 1176 866 οὐδαμῆ
1257 791 1457 865 σχολὴν
1533 800 1633 845 τῶν

19 885 147 937 κατ’
215 882 354 936 οἶκον
406 879 812 954 ἐπιστρέφεσθαι
873 885 963 934 καὶ
1015 880 1452 956 προσαναλίσκειν
1518 883 1634 934 τού-

19 992 144 1035 τοες
170 990 355 1032 πονους
392 974 482 1022 καὶ
521 965 818 1045 φροντίδας*
871 968 1002 1029 αὓτη
1063 965 1124 1023 δὲ
1169 973 1227 1023 1'6
1289 969 1478 1032 ἑαυτῆς
1521 969 1634 1024 ὅλον

19 1061 311 1136 πληροῦσα
346 1063 436 1112 καὶ
479 1061 537 1109 τό
590 1057 710 1130 ἐμόν
761 1056 868 1110 ἀντ’
926 1057 1052 1132 ἐμοῦ
1117 1063 1487 1134 συνεισέφερεν.
1549 1058 1636 1122 Ἐξ

19 1151 80 1203 >ὗ
122 1148 194 1209 δὴ
229 1153 300 1223 μὴ
341 1152 494 1221 μόνον
517 1142 668 1200 οὐδὲν
717 1154 816 1200 τῶν
883 1151 1058 1217 ὄντων,
1107 1149 1225 1202 ὅποι
1277 1154 1347 1222 μὴ
1403 1157 1636 1222 προσῆκε

19 1237 302 1314 διαρρυὲν,
335 1235 697 1312 παραπώλετο,
739 1235 867 1290 ἀλλά
905 1255 955 1289 τι
1013 1241 1102 1290 καὶ
1155 1233 1413 1311 πρόσοδοι
1467 1240 1630 1312 ταύτῃ

19 1334 119 1381 καὶ
152 1331 407 1402 πορισμοί
459 1328 514 1379 ἐκ
567 1321 788 1378 δικαίων
846 1334 946 1378 τῶν
997 1330 1201 1400 τρόπων
1259 1325 1631 1395 ἐπενοήθησαν,

19 1438 120 1470 και
164 1419 397 1492 περισσά
450 1423 524 1485 τῷ
578 1417 705 1487 οἴκῳ
769 1418 902 1488 μετά
956 1415 1144 1478 πολλῆς
1198 1423 1290 1477 τῆς
1339 1421 1458 1490 περί
1513 1420 1636 1479 τοὺς

19 1512 260 1568 πένητας
309 1504 722 1576 εὐσπλαγχνίας,
781 1504 972 1558 πολλοῦ
1036 1523 1126 1558 και
1183 1512 1275 1558 τοῦ
1340 1505 1634 1580 περιαλγεῐν

19 1615 119 1649 και
151 1602 265 1658 τοῖς
306 1590 648 1666 δυστυχοῦσι
705 1595 997 1666 συμπαθῶς
1053 1592 1494 1667 ἔπικάμπτεσθαι,
1544 1599 1634 1648 καί

19 1703 78 1756 γε
150 1681 464 1756 διαφέροντα
537 1690 635 1734 τῶν
704 1681 866 1734 ἄλλων
945 1685 1236 1754 γεγένηται,
1301 1700 1391 1735 και
1467 1683 1637 1756 πολλῷ

19 1771 226 1824 μᾶλλον
271 1771 529 1843 ἐπαινετὰ,
600 1772 631 1828 ἦ
691 1773 824 1823 κατά
894 1774 989 1828 τὴν
1063 1772 1371 1843 θαυμαστὴν
1425 1770 1637 1842 ἐκείνην,

19 1881 119 1914 και
163 1865 343 1934 μόναις
367 1867 483 1921 ταῖς
524 1867 616 1912 τοῦ
672 1859 996 1933 Σολομῶντος
1049 1865 1277 1932 σοφίαις,
1329 1858 1536 1934 οὐδαμῆ
1587 1858 1637 1915 δ’

19 1950 220 2018 ἷλλως,
277 1947 635 2024 ἐξευρημένην,
693 1949 754 2008 ἦν
810 1947 910 2020 ἐγὼ
959 1957 1320 2025 σμικροπρεπῆ
1371 1968 1488 2002 τινα
1549 1967 1640 2004 και
1671 1973 1710 2028 Β

19 2043 453 2114 χειρωνατικήν
523 2038 710 2109 μᾶλλον
772 2037 988 2111 νομίζω,
1040 2041 1171 2113 πρὸς
1225 2040 1480 2112 ἄτρακτον
1545 2043 1640 2104 τάς

19 2136 222 2204 χεῖρας
331 2122 636 2200 ἑρείδονσαν
746 2145 834 2179 και
925 2125 1185 2180 ταλασιῶν
1299 2128 1636 2202 ἐπιμελουμέ-

1804 617 1927 686 Ego
1964 615 2209 689 quidem
2223 620 2415 674 totum
2441 613 2930 688 meimperatoris
2941 614 3130 686 jussis
3152 613 3393 671 tradens

1741 707 1800 760 et
1813 719 1923 777 pro
1942 704 2251 778 republica
2262 703 2594 773 laboribus,
2609 718 2927 777 nunquam
2939 703 3114 760 omisi
3128 703 3392 777 propriis

1740 792 2087 851 incumbere
2136 795 2330 869 iisque
2379 809 2598 867 operas
2629 792 3139 866 cogitationesque
3164 793 3398 866 impen-

1741 880 1899 940 dere.
1917 883 2021 939 llla
2031 899 2194 955 vero,
2208 883 2504 957 quidquid
2516 881 2595 940 ad
2613 898 2675 939 se
2695 882 3036 955 pertineret,
3051 881 3394 954 adimplens

1741 971 1824 1043 id,
1863 973 2031 1046 quod
2060 974 2138 1032 ad
2156 989 2251 1030 me
2273 977 2566 1047 spectaret
2583 988 2696 1046 pro
2717 987 2815 1028 me
2836 971 3197 1028 conferebat.
3229 969 3397 1027 Unde

1741 1078 1866 1120 non
1896 1064 2079 1121 modo
2097 1064 2246 1121 nihil
2272 1063 2574 1121 bonorum
2596 1061 2846 1119 efﬂuens
2873 1077 2996 1135 quo
3013 1076 3134 1118 non
3165 1063 3398 1134 oporte-

1741 1151 1865 1222 bat,
1919 1152 2259 1225 periit:sed
2306 1156 2364 1209 et
2417 1151 2642 1209 reditus
2690 1155 2749 1208 et
2801 1149 3026 1207 fructus
3090 1165 3165 1206 ex
3214 1149 3397 1220 justis

1741 1241 2074 1298 rationibus
2097 1241 2416 1314 excogitati
2433 1246 2590 1313 sunt,
2607 1243 2664 1298 et
2681 1239 2892 1297 domni
2914 1238 3241 1312 superflua,
3259 1253 3400 1295 cum

1741 1329 1932 1386 multa
1969 1345 2114 1401 erga
2138 1346 2434 1405 pauperes
2480 1328 3224 1400 misericordia,multaque
3256 1342 3402 1398 erga

1743 1418 2008 1476 infelices
2037 1419 2457 1494 compassione
2478 1423 2537 1476 et
2567 1417 2866 1475 atl‘ectu.et
2897 1417 3028 1474 aliis
3055 1416 3402 1490 praestantia

1742 1524 2048 1567 accessere
2077 1515 2134 1566 et
2161 1509 2350 1566 multo
2370 1508 2587 1580 magis,
2617 1507 2797 1564 laude
2817 1507 3002 1578 digna
3031 1522 3218 1579 quam
3257 1521 3394 1577 quas

1742 1596 1957 1654 mulier
1977 1597 2083 1655 illa
2113 1597 2412 1665 miranda,
2441 1597 2570 1654 sola
2587 1595 2920 1654 Salomonis
2943 1594 3255 1668 sapientia,
3277 1609 3402 1650 non

1745 1691 1945 1743 autem
1970 1686 2233 1758 aliunde,
2259 1687 2521 1753 inventa,
2544 1687 2756 1759 (quam
2777 1699 2887 1754 ego
2904 1683 3255 1740 illiberalem
3276 1681 3404 1754 opis

1743 1775 1916 1832 ﬁcem
1931 1776 2130 1850 potius
2142 1776 2401 1848 censeo),
2425 1775 2504 1832 ad
2523 1775 2728 1831 fusum
2755 1787 2973 1830 manus
2990 1773 3322 1830 admovens
3339 1774 3398 1828 et

1745 1864 1950 1922 laneas
1970 1871 2164 1922 vestes
2221 1864 2566 1935 conficiens,
2605 1868 2661 1919 et
2684 1862 2742 1918 in
2763 1862 2917 1919 lanis
2943 1877 3013 1918 ac
3037 1860 3402 1918 vestimentis

1748 1970 1820 2011 ac
1864 1951 2207 2026 duplicibus
2257 1953 2535 2020 lacernis,
2585 1957 2642 2008 et
2665 1951 2828 2008 victu
2848 1957 2906 2007 et
2930 1951 3401 2007 domesticorum

1747 2043 1972 2099 mensis
1990 2058 2060 2100 ac
2078 2041 2298 2099 talibus
2321 2041 2598 2098 virtutem
2615 2045 2670 2097 et
2691 2039 2970 2097 ardorem
3000 2044 3059 2097 et
3082 2032 3406 2112 magnani.

1749 2133 2015 2189 mitatem
2068 2131 2348 2190 ostendit.

19 2235 147 2286 νην,
171 2236 263 2269 και
291 2221 408 2291 περί
434 2218 548 2291 ἔρια
571 2231 661 2269 και
692 2217 1005 2290 ἱματισμοὺς
1033 2235 1123 2269 και
1154 2213 1349 2280 δισσὰς
1379 2218 1618 2290 χλαίνας,
1659 2238 1750 2274 και
1776 2226 2022 2295 σιτηγίας
2042 2240 2132 2274 και
2170 2219 2432 2294 τραπέζας
2494 2217 2703 2272 οἰκετῶν
2753 2218 2850 2292 (1),
2903 2236 2992 2271 και
3043 2223 3281 2284 τοιαῦτα,
3341 2209 3402 2269 1'6

19 2310 282 2360 σύντονον
301 2324 392 2358 και
424 2301 714 2358 σπουδαῖον
743 2325 833 2358 και
862 2305 1180 2380 μεγαλοφυες
1220 2303 1518 2363 δεικνῦσαν.

94 2394 248 2449 Ἀλλ’
321 2395 444 2470 ὅπερ
517 2397 662 2468 ἔφην,
732 2399 834 2448 τίνι
907 2394 1098 2468 μαλλον
1168 2394 1495 2472 ἐπιτρεπτέον
1576 2396 1637 2452 ἃν

19 2485 101 2543 εἴη
142 2482 256 2557 μετ’
290 2483 374 2557 ἐμὲ
430 2484 495 2536 τά
545 2483 662 2536 κατ’
737 2483 823 2557 ἐμὲ
870 2503 960 2536 και
1017 2486 1261 2559 ἡμέτερα,
1319 2487 1365 2540 εἰ
1417 2493 1488 2561 μὴ
1549 2507 1639 2542 και

19 2577 217 2648 παρὼν
276 2574 371 2646 ἦγε
450 2580 617 2626 ταῦτα
696 2572 1065 2648 ἐπιτετράφθαι
1115 2572 1224 2628 δεῖν
1299 2579 1478 2648 ἔγνων,
1550 2596 1640 2632 και

19 2664 433 2736 ἐπιτέτραπται.
490 2661 632 2720 Αὕτη
697 2680 786 2715 και
856 2662 1019 2724 καλῶς
1079 2663 1188 2736 ἅμα
1246 2684 1337 2718 και
1396 2667 1642 2741 θεοφιλῶς

19 2753 394 2823 οἰκονομήσει,
459 2755 553 2810 τὴν
616 2751 700 2804 ἐπί
759 2749 921 2804 πᾶσιν
1008 2751 1245 2816 ἐξουσίαν
1332 2771 1422 2808 και
1507 2756 1639 2810 ἕλευ-

19 2843 217 2914 9ερίαν
254 2847 344 2892 τοῦ
377 2835 508 2914 δρᾴν
535 2842 670 2892 κατά
711 2837 965 2913 βούλησιν
1021 2840 1328 2914 ἀνέγκλητον
1385 2844 1640 2906 παντελῶς

19 2951 109 2983 ιαι
140 2933 360 3002 κρείττω
401 2925 750 3004 δικαστηρίου
787 2933 979 2993 παντός
1013 2932 1236 3002 ἔχουσα,
1295 2932 1445 2986 πάντ’
1509 2933 1640 2987 ἐσεῖ-

19 3036 109 3071 ται
190 3021 550 3090 συμφερόντως
603 3017 713 3090 ἅμα
767 3035 856 3071 και
918 3024 1154 3092 κοσμίως
1218 3016 1636 3094 διαπραξαμένη.

19 3111 130 3160 Καί
175 3110 297 3167 τοὺς
331 3105 574 3182 κλήρους,
632 3100 762 3180 πρὸς
819 3109 914 3166 τήν
982 3107 1108 3180 ἐμὴν
1167 3110 1343 3184 ὁρῶσα
1404 3116 1636 3184 γνώμην,

19 3201 204 3256 >ὗτως
236 3195 526 3268 παρέξεται.

90 3291 324 3356 Πρῶτον
354 3287 444 3356 μὲν
470 3283 558 3336 οὖν
587 3285 713 3358 ὑπερ
748 3291 840 3345 τῆς
878 3283 1026 3357 ἐμῆς,
1091 3288 1212 3360 ὅπερ
1284 3289 1429 3361 ἔφην,
1500 3288 1641 3362 φιλο·
1671 3263 1710 3318 C

19 3378 258 3432 τονήσει
279 3372 481 3444 ψυχῆς.
527 3377 626 3426 Καὶ
683 3381 778 3436 τῆς
831 3374 1127 3446 φιλοπονίας
1182 3379 1330 3430 ἔσται
1381 3381 1440 3431 1'6
1501 3387 1640 3454 πρῶ-

19 3483 129 3517 έονο
195 3468 260 3534 τῇ
315 3470 405 3514 τοῦ
468 3470 600 3515 Θεοῦ
644 3468 826 3538 μητρί,
882 3468 1013 3539 πρὸς
1069 3465 1130 3524 ἣν
1188 3485 1277 3519 και
1341 3467 1388 3520 ἐν
1442 3467 1638 3532 κοιλίας

20 3551 312 3628 ,περῥίφην
365 3555 580 3626 μητρὸς,
636 3570 722 3604 κκι
778 3553 837 3610 ἣν
887 3560 979 3605 τοῦ
1038 3552 1161 3626 βίου
1244 3560 1434 3618 παντὸς
1516 3576 1641 3631 κρα-

19 3645 188 3695 ταιὰν
267 3642 460 3697 σκέπην
520 3640 726 3710 ἐθέμην,
893 3637 960 3700 δὴ
1053 3648 1142 3696 καὶ
1235 3648 1639 3718 προσεκπνεύσω

19 3728 208 3791 ὅὸἐως
272 3747 330 3780 το
377 3737 580 3802 πνεῦμα
631 3748 921 3802 προέμενος,
979 3736 1141 3804 κακία
1175 3736 1265 3805 μὲν
1317 3738 1460 3807 πασῃ
1549 3739 1640 3787 καὶ

19 3837 264 3895 town-Pw;
290 3815 626 3880 δεδουλευκὸς
671 3824 848 3872 πίστιν
916 3815 968 3872 δ’
1019 3824 1158 3894 ὅμως
1203 3824 1361 3896 ὀρθὴν
1412 3827 1501 3876 καὶ
1546 3829 1639 3883 τὴν

19 3906 374 3981 ῖῦαγγελικὴν
417 3908 727 3982 περισῶζον,
784 3914 873 3961 καὶ
931 3905 1026 3962 διὰ
1085 3914 1281 3970 ταύτην
1343 3917 1502 3985 μόνην
1552 3917 1638 3965 καὶ

19 4003 114 4062 τὰς
158 3997 213 4049 ἐν
242 4003 316 4066 τῷ
349 3993 451 4068 βίῳ
491 4002 766 4070 γενομένας
817 3995 1115 4069 ἀντιλήψεις
1175 3999 1415 4074 θαρροῦν,
1474 3998 1638 4073 μηδὲν

19 4082 284 4163 ἶμποδὼν
339 4093 434 4147 τῆς
490 4095 586 4138 τῶν
646 4085 777 4160 ἐμῶν
827 4091 1026 4160 τρόπων
1102 4094 1442 4162 γεγενημένης
1516 4110 1641 4163 φαυ-

20 4184 277 4240 ιὸτητος,
308 4177 466 4247 ταύτῃ
498 4171 591 4242 δὴ,
622 4180 711 4228 καὶ
758 4170 852 4228 δ’ιά
898 4179 1093 4234 ταύτην
1158 4186 1220 4251 τῇ
1279 4177 1634 4252 ἀνατεθειμένη

19 4269 197 4338 ταύτῃ
233 4271 364 4336 μονῇ
398 4269 485 4316 καὶ
508 4263 631 4338 παρ’
659 4265 806 4337 ἡμῶν
865 4263 917 4328 ἐξ
975 4266 1142 4319 αὐτῶν
1203 4264 1452 4343 ἰδρυμενη
1503 4287 1639 4344 κρη-

19 4352 228 4419 πίδων,
273 4357 505 4426 χρυσίου
551 4357 851 4425 νομίσματα
892 4394 905 4408 .
946 4391 962 4409 .
1005 4397 1020 4412 .
1063 4396 1078 4410 .
1123 4397 1138 4413 .
1178 4359 1508 4409 καθοσιῶσαι
1535 4357 1634 4428 (ἓ).

19 4446 201 4514 ταύτῃ
243 4445 335 4493 καὶ
385 4443 472 4493 τὸν
529 4440 648 4514 ἐμόν
703 4450 841 4514 χοῦν
892 4442 1189 4518 προσρῖψαι
1244 4449 1334 4498 καὶ
1382 4444 1638 4520 βόρϐορον

19 4538 69 4586 -ὀ
106 4532 315 4607 μιαρόν
357 4539 530 4603 σῶμα,
569 4536 660 4583 καὶ
707 4530 909 4604 κρύψαι
955 4536 1014 4585 1'6
1071 4531 1362 4608 ἀκάθαρτον
1411 4543 1483 4606 τῷ
1547 4555 1639 4588 κα-

19 4628 177 4698 ὶαρῴ
210 4615 395 4692 ἒδᾶφει
423 4627 514 4672 τοῦ
543 4623 700 4696 ἱεροῦ,
728 4618 894 4694 μηδὲν
923 4623 1013 4694 μὲν
1042 4625 1228 4676 τούτου
1293 4620 1424 4697 μηδ’
1476 4626 1640 4679 ἄπτε-
1671 4611 1716 4667 D

19 4717 162 4768 ἴσαι
193 4717 487 4782 προσῆκον,
516 4710 596 4763 ὅτι
643 4707 783 4783 μηδὲ
845 4713 1050 4784 θεμιτόν
1105 4710 1396 4789 ἀκάθαρτον
1454 4713 1638 4788 ἔγγὺς-

20 4809 166 4858 .έναι
216 4799 322 4851 τῶν
375 4800 635 4872 καθαρῶν,
687 4804 777 4852 καὶ
836 4796 930 4853 διὰ
977 4808 1130 4854 τοῦτο
1190 4805 1394 4876 μακρὰν
1453 4801 1640 4863 ἀπελη-

19 4890 237 4945 ιοίσθαι
270 4885 461 4959 μᾶλλον
493 4884 718 4955 δίκαιον,
768 4892 856 4942 καὶ
917 4887 1140 4952 ἑξῶσθαι
1195 4896 1286 4945 καὶ
1327 4891 1639 4969 ἀπερρίφθαι

19 4981 258 5054 ὶχρεῖον
317 4972 364 5026 ἐν
419 4973 650 5050 ἀχρείοις
716 4981 805 5030 καὶ
857 4973 1077 5050 βέϐηλον
1124 4976 1172 5030 ἐν
1223 4977 1486 5052 βεϐηλοις.
1540 4985 1639 5035 Καὶ

19 5073 87 5130 ὗς
173 5065 256 5136 (3)
307 5061 408 5116 ἐκεῖ
469 5061 527 5118 δί
573 5069 801 5138 κείμενον
863 5064 1177 5120 ἀνακάλεσαι
1253 5072 1337 5138 σὺ,
1415 5071 1642 5144 πάναγνε

19 5155 282 5233 rapes-Is,
322 5157 412 5206 καὶ
467 5162 627 5228 μῆτερ
671 5161 763 5208 τοῦ
818 5158 950 5232 πρὸς
996 5156 1216 5219 ζήτησιν
1269 5156 1499 5222 ἐλθόντος
1550 5166 1640 5213 τοῦ

92 5352 192 5427 (1)
230 5349 403 5407 Prov.
439 5366 608 5432 XXXI,_
640 5355 704 5409 10
739 5369 758 5432 Ξ
799 5358 1053 5432 ΓυναῖκαΔ
1077 5349 1318 5432 ἀνδρείαν
1355 5359 1436 5417 τίς
1495 5355 1644 5432 εὑρη-

19 5425 157 5496 ηι-,ζ
193 5462 206 5477 ο
252 5462 269 5478 ο
314 5461 330 5478 ο
369 5427 669 5499 μηρυομὲνη
733 5427 847 5499 ἔρια
887 5431 976 5479 καὶ
1039 5425 1194 5494 λίνον,
1263 5427 1501 5499 ἐποίησεν
1550 5425 1642 5480 ἐῦ-

19 5512 286 5574 ίρηστον
326 5497 454 5574 ruit;
502 5501 695 5574 χερσὶν
749 5497 908 5558 αὐτῆς
949 5539 962 5553 .
1005 5539 1021 5556 ,
1065 5537 1084 5574 ε
1120 5501 1210 5551 καὶ
1259 5498 1533 5553 ἀνίσταται
1587 5499 1643 5551 ἐκ

19 5563 242 5625 ιῧκτῶν
270 5571 362 5619 καὶ
390 5563 581 5620 ἔδωκε’
593 5566 853 5643 βρώματα
905 5577 979 5641 τῷ
1035 5571 1160 5644 οἴκῳ
1212 5574 1300 5625 καὶ
1354 5573 1483 5646 ἔργα
1529 5577 1644 5635 ταῖς

19 5649 375 5722 θεραπαιναι.

365 5729 610 5788 Ρλτιιοι..
651 5729 751 5789 Gn.
792 5730 940 5790 CXL.

1820 2399 1952 2468 Sed,
1985 2402 2053 2456 ut
2088 2397 2384 2467 dicebam,
2423 2395 2665 2454 cuinam
2694 2399 2831 2470 post
2858 2411 2956 2453 me
3003 2394 3203 2470 potius
3242 2404 3402 2451 coma

1747 2489 2100 2546 mendarem
2130 2504 2267 2561 qum
2297 2488 2376 2544 ad
2414 2503 2510 2544 me
2530 2488 2828 2560 pertinent
2855 2501 2925 2543 ac
2954 2489 3178 2551 nostra,
3203 2483 3318 2540 nisi
3347 2488 3406 2539 et

1747 2577 2111 2652 praesensilli
2159 2576 2572 2634 commendari
2615 2579 2890 2648 oportere
2930 2573 3267 2631 statuissem
3301 2590 3314 2629 :
3344 2575 3402 2628 et

1747 2667 1832 2724 illi
1859 2665 2282 2724 commendata
2311 2669 2469 2721 sunt.
2495 2664 2595 2721 Illa
2620 2664 2780 2720 enim
2801 2668 2857 2719 et
2883 2662 3033 2719 bene
3056 2667 3113 2718 et
3131 2660 3406 2732 religiose

1749 2754 2210 2822 administrabit,
2233 2760 2290 2810 et
2320 2770 2458 2810 cum
2488 2753 2552 2810 in
2576 2751 2782 2810 omnia
2800 2756 3176 2825 potestatem,
3209 2754 3265 2806 et
3293 2763 3404 2822 pro

1747 2843 2053 2901 voluntate
2077 2842 2294 2912 agendi
2321 2842 2656 2898 immunem
2677 2839 3010 2897 libertatem
3034 2843 3088 2896 et
3113 2837 3282 2894 omni
3303 2837 3406 2893 tri-

1747 2931 1958 2990 bunali
1991 2932 2282 3004 majorem
2310 2931 2590 2988 habitura
2610 2934 2717 3001 est,
2750 2928 2957 2986 omnia
2985 2925 3408 2984 convenienter

1749 3027 1804 3079 et
1825 3022 2004 3094 digne
2025 3026 2287 3094 peraget.
2315 3023 2383 3076 Et
2427 3020 2802 3076 haereditates
2850 3017 2930 3074 ad
2975 3032 3178 3075 meam
3217 3019 3406 3072 atten-

1749 3112 1899 3170 dens
1947 3116 2233 3183 mentem,
2283 3109 2366 3168 ita
2412 3107 2871 3166 administrabit.

1819 3282 2014 3348 Primo
2052 3289 2298 3364 quidem
2351 3287 2426 3345 de
2466 3303 2603 3344 mea
2624 3287 2849 3351 anima,
2875 3287 2941 3341 ut
2968 3283 3110 3351 dixi,
3153 3281 3405 3340 sollicita

1748 3379 1874 3437 erit.
1903 3383 1983 3436 Ea
2021 3381 2152 3452 ejus
2179 3378 2376 3452 prima
2407 3393 2551 3434 cura
2580 3376 2672 3445 sit,
2696 3375 2794 3431 Dei
2822 3373 3107 3444 genitrici,
3136 3372 3197 3428 in
3228 3371 3403 3443 cujus

1749 3472 1968 3536 sinum,
2029 3469 2168 3525 inde
2215 3485 2246 3524 e
2284 3472 2489 3524 ventre
2532 3465 2762 3536 matris,
2801 3463 3104 3537 projectus
3159 3478 3315 3532 sum,
3349 3465 3408 3518 et

1747 3575 1934 3631 quam
1965 3559 2095 3614 vitae
2126 3559 2325 3615 omnis
2354 3555 2620 3613 validam
2652 3553 3066 3627 protectricem
3092 3549 3401 3624 proposui,

1748 3648 1842 3704 cui
1856 3647 2120 3720 spiritum
2140 3646 2582 3715 commendans,
2602 3644 2773 3700 laetus
2793 3640 3142 3714 oxspirabo;
3171 3640 3408 3712 quispi-

1747 3736 2067 3803 ritus,licet
2086 3736 2249 3792 omni
2267 3735 2503 3791 malitiae
2518 3749 2588 3789 ac
2607 3731 2887 3804 parvitati
2901 3729 3187 3795 servierit,
3215 3727 3404 3783 ﬁdem

1749 3829 1949 3881 tamen
1970 3841 2175 3880 veram
2207 3828 2263 3879 et
2291 3821 2702 3892 evangelicam
2734 3819 3010 3885 servavit,
3044 3821 3100 3873 et
3128 3831 3235 3888 per
3267 3831 3403 3872 eam

1751 3912 1946 3969 solum
1978 3930 2048 3970 ac
2079 3916 2322 3986 propter
2355 3927 2459 3967 eas
2485 3925 2620 3983 quae
2647 3909 2709 3963 in
2728 3908 2868 3976 vita,
2903 3906 3123 3977 gratias
3153 3903 3401 3975 accepit,

1748 4001 2016 4069 conﬁdit,
2051 4017 2173 4056 non
2202 4001 2478 4055 obstante
2496 4013 2735 4053 morum
2765 4009 3039 4051 meorum
3065 3991 3404 4058 miseria,Ei

1750 4099 1806 4150 et
1836 4095 2081 4164 propter
2106 4105 2240 4145 eam
2267 4088 2377 4144 soli
2400 4086 2624 4159 templo
2647 4101 2683 4142 a
2719 4083 2899 4140 nobis
2929 4099 2966 4139 a
2989 4079 3398 4138 fundamentis

1748 4187 1962 4246 erecto,
1980 4193 2192 4235 aureos
2205 4193 2491 4233 nummos
2690 4187 3060 4230 consecrare.
3082 4173 3198 4226 Hoc
3211 4184 3401 4242 prope

1747 4269 2039 4343 templum
2068 4266 2207 4324 volo
2254 4281 2423 4322 meos
2472 4264 2698 4321 cineres
2748 4266 2806 4319 et
2847 4261 3062 4325 lutum,
3110 4258 3404 4314 miserum

1746 4361 1863 4417 hoc
1888 4373 2106 4431 corpus
2135 4355 2376 4428 deponi,
2402 4360 2457 4411 et
2474 4355 2782 4426 impurum
2803 4365 2956 4424 puro
2973 4347 3179 4421 templi
3197 4347 3404 4404 limine

1747 4446 2061 4513 abscondi,
2089 4443 2256 4518 quod
2282 4443 2467 4500 limen
2490 4441 2639 4498 nihil
2659 4447 2860 4498 tamen
2881 4442 3127 4508 tangere
3139 4436 3401 4504 deberet,

1748 4554 1819 4595 eo
1848 4537 2015 4611 quod
2035 4534 2202 4591 nefas
2235 4533 2659 4606 sitquidquam
2682 4529 2903 4603 impuri
2924 4527 3089 4601 quod
3103 4526 3403 4583 mundum

1748 4633 1835 4685 est
1859 4633 2125 4698 tangere,
2157 4629 2214 4680 et
2245 4623 2476 4695 justum
2506 4625 2658 4678 esset
2696 4635 2901 4676 meum
2952 4633 3170 4691 corpus
3223 4616 3403 4686 longe

1747 4717 1912 4790 rejici
1941 4721 1999 4772 et
2028 4713 2242 4786 expelli
2260 4715 2436 4769 inane
2453 4713 2515 4768 in
2537 4711 2741 4768 inania
2762 4714 2819 4767 et
2845 4710 3166 4782 profanum
3185 4707 3247 4762 in
3268 4721 3403 4778 pro-

1749 4808 1909 4865 fana.
1925 4804 2156 4862 Etutibi
2169 4803 2379 4876 jacens
2398 4817 2619 4874 corpus
2637 4815 2877 4857 revoces
2901 4804 2980 4869 tu,
3013 4796 3404 4852 Immaculata

1748 4895 1948 4968 Virgo,
1967 4898 2225 4951 etmater
2253 4891 2414 4948 lllius
2443 4906 2546 4963 qui
2572 4905 2706 4945 eum
2727 4889 2831 4960 qui
2864 4889 3164 4943 erraverat
3185 4883 3402 4957 quaesi-

1749 4989 1878 5041 tum
1909 4983 2090 5041 venit.
2125 4997 2266 5038 eum
2294 4981 2399 5053 qui
2427 4979 2710 5036 omnibus
2735 4975 2925 5049 culpis
2951 4980 3006 5030 et
3034 4972 3210 5030 malis
3241 4970 3404 5028 delas

1748 5089 1896 5148 psus
1919 5077 2063 5142 erat,
2089 5076 2145 5128 et
2167 5071 2275 5144 qui
2296 5085 2514 5126 manus
2534 5068 2595 5124 in
2615 5081 2790 5124 cruce
2811 5063 3159 5129 tetenderat,
3187 5077 3311 5119 non
3336 5067 3402 5118 ut

1750 5162 2070 5224 attraheret
2095 5165 2152 5219 et
2177 5161 2486 5218 revocaret
2525 5161 2584 5214 et
2630 5155 2888 5214 salvaret
2910 5154 3107 5228 justos
3145 5156 3399 5224 tantum,

1823 5358 1904 5444 (2_)_
1950 5359 2236 5418 Relictum
2296 5361 2389 5444 est
2433 5355 2531 5413 hic
2562 5360 2649 5444 rut
2695 5360 2773 5444 et“
2802 5353 2959 5410 infra
3019 5367 3141 5408 non
3194 5348 3402 5444 semel.

1752 5437 2014 5508 spatium
2026 5445 2318 5508 vacuum,
2348 5443 2470 5502 quo
2492 5441 2883 5508 nummorum
2906 5440 3218 5508 numerus,
3235 5437 3404 5508 ‘non-

1750 5499 1977 5632 dimidia
2016 5507 2294 5561 testatore
2359 5499 2734 5566 constitutus,
2788 5503 2995 5571 postea
3049 5499 3250 5568 posset
3310 5499 3403 5548 1n-

1752 5591 1870 5632 scm
1915 5592 1955 5631 ι.

1752 5591 1955 5633 SOI‘lDl.

1821 5641 1901 5724 (3)
1963 5643 2186 5716 Codex,
2229 5644 2317 5710 ὡς.
3047 5728 3111 5788 47

3087 5731 3121 5787 7
