3934 6322
549 245 689 302 «1483

551 473 760 514 eorum
787 459 892 529 qui
922 458 999 513 ad
1031 458 1219 529 ipsius
1248 457 1579 529 imaginem
1612 460 1747 515 facti
1777 462 1946 514 erant
1975 455 2204 511 amitte-

548 551 657 603 ret.
690 549 773 601 Ita
797 560 943 600 sane
973 545 1088 600 hoc
1114 550 1414 602 terrenum
1445 563 1665 619 corpus
1696 552 1781 602 tot
1807 542 2201 602 immunditiis

547 639 896 706 corruptum
920 634 1182 690 advoces
1208 640 1266 691 et
1285 638 1556 691 animam
1583 637 1654 691 iis
1675 640 1847 707 (quot
1875 640 1932 689 et
1955 630 2201 705 quantis

545 723 661 778 scis
708 722 866 795 ipsa)
907 723 1272 779 maculatam
1313 724 1571 794 benigne
1615 725 1878 797 accipias
1924 730 1981 776 et
2007 734 2197 782 cures,

543 826 739 883 neque
767 817 1002 867 avertas
1025 828 1060 868 a
1087 828 1274 884 puero
1307 818 1406 869 tuo
1426 819 1538 868 tum
1561 813 1944 884 protectionis
1965 809 2198 864 vultum

542 899 887 957 salutarem.
902 901 1224 971 Oportebat
1239 901 1397 956 enim
1416 918 1525 958 nos
1537 919 1675 958 cum
1690 919 1760 958 eo
1778 913 2027 972 corpore
2049 913 2198 970 quo.

541 1004 680 1044 cum
700 989 1003 1045 reformati
1026 1005 1236 1046 sumus
1265 991 1471 1047 Christi
1494 993 1809 1062 sanguine,
1841 996 1963 1047 tota
1990 989 2110 1044 vita
2136 988 2196 1042 in

541 1082 646 1133 tua
675 1077 858 1133 domo
907 1077 1117 1148 projici
1166 1079 1366 1151 (idque
1405 1095 1518 1136 nos
1567 1082 1791 1150 optime
1819 1079 2144 1138 decuisset)
2179 1095 2192 1144 ;

540 1167 830 1237 quoniam
851 1181 992 1221 vero
1040 1165 1390 1238 decipientis
1415 1174 1472 1224 et
1499 1168 1824 1224 occidentis
1877 1166 2113 1224 fallacia
2137 1172 2194 1221 et

540 1252 679 1309 dolo
727 1260 784 1310 et
804 1270 991 1326 prava
1019 1255 1304 1310 electione
1347 1257 1551 1312 anima
1585 1257 1664 1312 ad
1703 1257 1966 1311 divinam
1995 1260 2193 1309 creata

537 1341 862 1412 imaginem
891 1343 952 1398 in
993 1345 1254 1399 tentoriis
1280 1352 1662 1416 peccatorum
1688 1345 1896 1401 maluit
1914 1344 2062 1399 illud
2087 1344 2191 1400 ha-

536 1431 725 1488 bitare
746 1431 1044 1503 (fcetidum
1065 1433 1181 1488 hoc
1228 1435 1545 1489 tentorium
1574 1435 1750 1505 dlCO),
1790 1440 1848 1490 et
1874 1433 2075 1488 adhuc
2109 1434 2188 1487 vi-

534 1519 684 1576 dens
709 1522 873 1593 quod
895 1522 1058 1577 omni
1089 1522 1432 1594 impuritate
1462 1522 1822 1594 replebatur,
1847 1538 2006 1578 nunc
2026 1538 2190 1576 mor-

534 1613 703 1666 tuum
742 1609 967 1666 dimisit
1020 1611 1274 1666 maculis
1336 1611 1581 1682 plenum
1625 1619 1682 1668 et
1733 1612 2066 1684 projectum
2122 1612 2182 1665 in

1888 235 2270 300 NICEPHOBI
2307 231 2575 293 CHUMNI

549 369 657 425 sed
703 372 766 425 ut
793 384 1006 428 omnes
1033 385 1066 426 e
1096 385 1282 425 manu
1305 370 1554 440 maligni
1597 370 1850 442 eriperet
1879 374 1935 424 et
1965 365 2174 422 nullun

2309 359 2647 424 πλανηθέντος
2711 362 2791 434 (1)
2846 383 2936 416 και
3006 383 3198 425 πασαις
3284 363 3578 435 ἁμαρτίαις
3651 382 3756 415 και

3799 240 3920 298 1484

3840 382 3919 415 τοι

2313 453 2564 520 εσχάτοις
2631 461 2811 514 κακοῖς
2868 452 3416 523 ἐγκατολισθήσαντος
3465 452 3821 523 πλάσματος,
3854 473 3919 504 κα.

2309 559 2369 609 γε
2399 542 2492 601 τὰς
2529 548 2716 614 χεῖρας
2744 547 2995 600 τείναντος
3024 546 3073 593 ἐν
3121 551 3350 614 σταυρῷ,
3413 541 3522 612 οὐχ
3590 544 3680 592 ινα
3741 538 3813 598 δε
3856 562 3919 592 zz

2310 627 2563 701 ἀνελκύση
2623 649 2712 681 και
2761 629 3148 688 ἀνακαλέσηται
3201 650 3292 682 και
3364 636 3518 701 σώσῃ
3593 637 3804 701 μόνους
3861 628 3919 680 ἇιι

3648 718 3770 770 dn'
3863 723 3900 769 ἓν
3910 740 3920 768 1

3658 827 3762 858 και
3845 827 3920 858 7-1..

2310 722 2486 777 καίους
2562 737 2652 768 και
2720 723 2839 779 τοὺς
2914 719 3066 776 ἧττον
3143 721 3514 791 ἡμαρτηκότας
3554 760 3571 782 ,

2309 808 2501 868 πάντας
2557 810 2613 858 εκ
2658 811 2840 878 χειρός
2892 807 3107 880 ἁρπάσῃ
3175 815 3264 860 του
3320 815 3583 879 πονηροῦ,

2307 897 2442 946 κατά
2463 900 2554 952 τὴν
2603 891 2743 948 ἰδίαν
2806 895 2976 947 εἰκόνα
3023 899 3367 967 γεγενημένων
3417 892 3682 966 οὐδαμῶς
3751 893 3920 948 οὐδε-κ

2307 983 2572 1056 ζημιωθῇ.
2625 990 2751 1050 Ναί,
2798 1005 2888 1036 και
2935 988 3021 1036 τόν
3073 993 3185 1046 ταῖς
3269 983 3521 1045 ἀσωτίαις
3603 988 3740 1055 ἐμόν
3817 989 3914 1056 ’ρει

3429 1073 3632 1144 ψυχήν
3706 1077 3808 1124 τότ-ἑ

2304 1168 2706 1233 κατεστιγμίνην
2753 1165 2892 1236 (ὁρᾷς
2960 1165 3172 1232 ὁπόσον)
3253 1163 3470 1234 εὐμενῶς
3545 1168 3777 1235 πρόσου
3851 1186 3919 1213 ur.

2305 1251 2474 1317 ἰασαι,
2497 1271 2586 1303 και
2624 1257 2695 1323 μὴ
2756 1250 3092 1324 ἀποστρέψης
3149 1249 3248 1304 ἀπὸ
3304 1259 3394 1303 τοῦ
3444 1248 3658 1313 παιδος
3713 1272 3819 1304 σου
3871 1273 3914 1303 τε

2299 1348 2388 1399 τῆς
2478 1347 2577 1401 σῆς
2671 1347 2962 1402 ἐπισκοπῆς
3063 1347 3494 1412 κοσμοσωτηριον
3614 1349 3919 1412 πρόσωπον.

2300 1428 2561 1503 Ἐδειμὲν
2593 1429 2694 1506 γάρ
2729 1432 2868 1501 ἡμᾶς
2923 1431 3035 1502 μεθ’
3100 1431 3160 1482 οὗ
3214 1450 3301 1482 και
3353 1428 3785 1502 ἀνεπλάσθημεν
3833 1452 3919 1482 σιε-

2300 1539 2459 1590 ματος
2511 1520 2703 1591 αἰμασι
2762 1521 2916 1580 θείοις
2967 1526 3200 1592 Χριστοῦ
3266 1517 3585 1582 ἐκλέξασθαι
3669 1522 3919 1593 παροιρρί⁴

2301 1609 2544 1660 πτείσθαι
2564 1607 2754 1680 μᾶλλον
2787 1605 2881 1660 διὰ
2919 1606 3042 1680 βίου
3073 1611 3263 1668 παντὸς
3288 1613 3337 1659 ἐν
3366 1610 3495 1678 οῖκῳ
3544 1616 3627 1678 τῷ
3689 1619 3778 1679 σῷ
3825 1617 3919 1677 (zz:

2304 1077 2456 1144 ρέντα
2513 1080 2647 1143 χοῦν
2715 1071 3048 1138 ἀνακάλεσαι,
3095 1093 3185 1125 και
3252 1078 3346 1132 τὸν
3429 1073 3632 1144 ψυχήν
3706 1077 3919 1132 ταύταις

2671 1344 2927 1399 ἐπισκοπῆ
2941 1361 2962 1402 ς

531 1697 764 1754 delubri
792 1699 874 1753 tui
903 1698 1106 1754 limen.
1132 1703 1214 1754 Tu
1242 1704 1443 1756 autem
1468 1701 1752 1770 benigna,
1771 1705 1828 1756 et
1842 1701 2174 1756 misericors

2304 1699 2442 1768 εἶχεν
2472 1696 2531 1748 ἂν
2575 1699 2698 1769 ημῖν
2749 1705 2902 1748 τούτο
2950 1696 3167 1768 καλῶς).
3197 1701 3304 1749 ἐπεί
3357 1694 3418 1748 δέ
3473 1704 3597 1758 τοῖς
3653 1706 3758 1749 τοῦ
3807 1699 3915 1749 ἀτα-

531 1791 588 1842 et
609 1786 999 1857 compatiens,
1024 1792 1300 1859 etpreces
1318 1788 1670 1853 exaudiens,
1698 1789 2029 1844 immundae
2050 1789 2178 1844 ani-

529 1889 643 1928 mae
665 1879 724 1929 et
744 1874 980 1945 corpori
1012 1873 1348 1945 indulgeas,
1397 1893 1533 1949 quae
1573 1877 1849 1948 pessimis
1874 1876 2180 1932 desideriis

530 1966 585 2016 et
597 1961 998 2034 voluptatibus
1018 1963 1262 2033 indigne
1283 1965 1548 2034 indignis
1565 1967 1910 2032 servierunt,
1930 1971 1986 2027 et
2005 1972 2175 2021 totam

526 2066 726 2105 meam
757 2056 973 2106 terram
1005 2067 1040 2106 a
1072 2053 1341 2123 pessimo
1365 2053 1541 2108 Belial
1567 2060 1625 2109 et
1655 2055 1914 2126 peccatis
1941 2053 2177 2110 concul-

523 2143 721 2193 catam
754 2140 1078 2194 sanctuarii
1106 2142 1188 2196 tui
1227 2146 1397 2197 terrae
1428 2142 1681 2197 misceas
1709 2147 1764 2197 et
1793 2141 1972 2212 hujus
2009 2149 2176 2197 terra;

520 2226 734 2282 virtute
787 2226 1307 2294 salves;animam
1359 2245 1519 2294 vero,
1569 2246 1936 2301 quocunque
1989 2230 2171 2299 voles,

519 2319 623 2371 tuo
662 2315 822 2386 apud
869 2315 1077 2372 Filium
1124 2317 1459 2373 interventu
1504 2318 1779 2387 (ﬂectitur
1824 2318 1984 2373 enim
2031 2325 2087 2374 et
2120 2325 2170 2375 te

518 2403 978 2460 intercedentem
1020 2406 1305 2476 exaudit),
1346 2406 1521 2475 longe
1543 2423 1578 2461 a
1609 2413 1897 2479 perpetuo
1919 2424 2166 2463 manen-

519 2493 677 2549 tibus
704 2493 976 2563 ﬂagellis,
1005 2511 1075 2550 ac
1105 2497 1340 2550 internis
1372 2496 1677 2568 suppliciis
1707 2498 1923 2554 mittas.

2297 1795 2484 1847 τώντος
2537 1805 2626 1838 και
2684 1791 2972 1846 κτείνοντος
3049 1791 3367 1857 ἐμπαιγμοῖς
3439 1806 3534 1838 και
3621 1796 3900 1858 μηχαναῖς

2295 1880 2385 1926 καί
2425 1894 2484 1944 γε
2536 1876 2792 1948 μοχθηρᾷ
2845 1882 2906 1946 τῇ
2950 1879 3283 1954 προαιρέσει,
3341 1875 3370 1931 η
3423 1878 3563 1948 πρὸς
3623 1881 3729 1933 τήν
3797 1879 3916 1928 θείω

2294 1963 2466 2016 εἰκόνα
2514 1959 2976 2035 δημιουργηθεῖσα
3023 1963 3180 2034 ψυχὴ
3239 1969 3558 2035 σκηνώματι
3623 1967 3916 2038 ἀμαρτωὶῂ

2293 2052 2483 2125 μᾶλλον
2512 2054 2786 2122 ἣγαπησεν
2828 2051 3319 2123 ἐγκατοικεῖν(αύτό
3376 2049 3444 2110 δὴ
3501 2053 3653 2124 λέγω
3717 2059 3784 2106 τό
3831 2053 3912 2106 9"..-

2297 2137 2463 2202 σώδες
2497 2146 2728 2210 σκῆνος),
2761 2146 2848 2194 καὶ
2879 2143 2952 2193 ἔτι
3013 2141 3138 2201 ζῶν,
3188 2141 3274 2192 ᾶτε
3325 2137 3391 2196 δὴ
3450 2146 3548 2192 καὶ
3601 2144 3803 2202 πάσης
3841 2151 3913 2213 γε·

2295 2249 2388 2300 μον
2429 2227 2776 2302 ἀκαθαρσίας,
2829 2237 2916 2280 νύν
2975 2224 3078 2280 ὧδε
3133 2232 3307 2300 νεκρόν
3370 2227 3545 2300 ἀφῆκε
3612 2235 3914 2302 στιγμάτων

2293 2322 2451 2390 γέμον
2508 2322 2596 2368 καὶ
2662 2315 2961 2390 ἐρριμμένον
3047 2315 3122 2367 ἐπ’
3209 2312 3433 2387 ἐδάφους
3514 2323 3911 2389 τεμενισμάτωι

2295 2415 2393 2459 τῶν
2455 2414 2576 2458 σῶν·
2638 2410 2701 2456 σὺ
2736 2401 2795 2457 δὲ
2850 2408 3050 2465 πάντως
3103 2404 3333 2476 εὐμενὴς,
3381 2408 3718 2476 συμπαθὴς,
3773 2407 3910 2464 ἰλεως.

2295 2517 2385 2549 και
2438 2499 2796 2569 γοργέπήκοος
2846 2499 2975 2568 πρὸς
3025 2498 3248 2559 ῖκεσίας,
3317 2499 3405 2546 καὶ
3471 2495 3908 2566 σπλαγχνίσθετς

516 2586 688 2632 τοίνυν
717 2581 802 2633 ἐπὶ
832 2579 1016 2653 ἀσώτῳ
1045 2581 1199 2654 ψυχῇ
1234 2590 1320 2636 και
1346 2590 1568 2655 σώματι,
1599 2591 1688 2637 καί
1717 2605 1776 2657 γε
1800 2593 1914 2648 ταῖς
1944 2592 2225 2648 κακίσταις
2245 2585 2547 2656 ἐπιθυμίαις
2575 2587 2662 2634 καὶ
2690 2579 2906 2643 ἡδοναῖς
2961 2581 3170 2643 ἀτόποις
3223 2581 3452 2644 ἐκτόπως
3509 2579 3906 2637 δεδουλευκότες

515 2674 606 2721 καὶ
630 2674 722 2727 τὴν
753 2668 878 2740 ἐμὴν
907 2678 1006 2741 γῆν
1034 2671 1154 2729 ὅλην
1179 2679 1250 2741 τῷ
1274 2682 1482 2744 πονηρῴ
1509 2673 1686 2746 Βελίαρ
1718 2680 1804 2726 καὶ
1836 2683 1944 2735 ταῖς
1973 2675 2145 2748 αμαρτ
2158 2695 2216 2730 ια
2241 2696 2286 2738 ις
2321 2677 2818 2744 καταπεπατημενην
2847 2679 2906 2744 τῇ
2940 2680 3031 2723 τού
3055 2674 3190 2745 ἱεροῦ
3242 2671 3388 2743 μίξον
3440 2678 3540 2742 γῇ,
3604 2679 3710 2726 καὶ
3764 2683 3901 2724 σώσω

513 2777 575 2829 γε
602 2766 663 2830 τῇ
693 2762 890 2820 ταύτης
912 2755 1152 2832 δύναμιν
1181 2768 1276 2819 την
1300 2757 1358 2813 δὲ
1386 2761 1592 2833 ψυχὴν,
1627 2766 1746 2816 ὁποι
1768 2768 1832 2816 σύ
1865 2763 2064 2836 βούλει,
2095 2785 2159 2818 τα
2181 2786 2222 2830 ες
2247 2769 2370 2836 πρός
2401 2766 2487 2814 τόν
2517 2763 2628 2812 υἱὸν
2654 2766 2937 2832 μεσιτείαις
2965 2762 3216 2831 (πείθεται
3229 2762 3351 2832 γὰρ,
3382 2779 3477 2812 και
3506 2761 3901 2833 xpeto-Scaeua;

516 2847 730 2920 ετοίμως
760 2847 1044 2921 ἐπακούει),
1072 2849 1248 2925 πόρρω
1267 2870 1368 2903 που
1406 2854 1583 2912 πάσης
1615 2851 1716 2906 ἀίει
1745 2857 2005 2926 μενούσης
2036 2858 2296 2926 μάστιγος
2333 2857 2422 2904 καὶ
2455 2850 2855 2922 βασανιζούσης
2882 2847 3115 2902 ἀθάνατα
3139 2849 3360 2920 πέμψον·

584 2939 1181 3010 Attamen,quoniam
1205 2957 1277 2996 ea
1304 2942 1555 3012 (oportet
1585 2948 1640 2996 et
1663 2959 1821 2997 nunc
1856 2950 1912 2999 et
1941 2960 2179 3015 semper

516 3033 716 3096 orare)
739 3033 794 3082 te
821 3027 1150 3099 oravimus,
1185 3035 1242 3084 et
1265 3045 1338 3085 ex
1358 3030 1428 3086 iis
1446 3030 1718 3102 plurimis
1748 3031 2180 3088 beneﬁciorum

514 3115 818 3170 miraculis
857 3132 993 3187 quae
1051 3133 1157 3188 per
1212 3124 1397 3173 Vitam
1449 3122 1674 3190 experti
1732 3137 1962 3187 sumus,
2013 3126 2066 3176 et
2105 3121 2181 3176 de

521 3203 734 3258 futuris
752 3205 1059 3276 possimus
1083 3205 1407 3274 conﬁdere,
1447 3223 1641 3280 neque
1662 3209 1737 3263 de
1761 3209 1948 3265 salute
1976 3218 2182 3266 nostra

522 3290 862 3363 desperare,
881 3294 1154 3364 permitte
1178 3311 1341 3350 nunc
1367 3297 1555 3351 nostri
1579 3297 1944 3354 valedictorii
1961 3314 2179 3354 sermo-

516 3380 610 3434 nis
641 3396 710 3435 ac
734 3382 1072 3437 testamenti
1094 3382 1322 3455 reliqua
1361 3385 1680 3463 conﬁcere.

593 3648 744 3714 Quid
775 3627 954 3721 igitur
985 3649 1014 3709 7
1043 3650 1511 3724 Imperatoribus
1541 3653 1729 3709 nostri
1749 3653 2055 3726 quimulta
2085 3655 2183 3711 de-

519 3736 682 3808 dere,
714 3738 850 3795 licet
869 3741 1017 3796 nihil
1039 3741 1298 3796 invicem
1317 3742 1916 3816 reddidimus,neque
1936 3745 2184 3801 reddere

517 3843 868 3900 possumus,
910 3831 1142 3886 etiamsi
1193 3836 1382 3887 totam
1413 3848 1665 3887 manum
1705 3832 1948 3903 plenam
1975 3834 2186 3889 affera-

521 3933 679 3989 mus,
712 3919 1020 3975 nuncideo
1037 3920 1286 3976 omnino
1307 3920 1482 3976 nobis
1504 3921 1904 3976 deﬁciendum
1940 3939 2068 3978 esse
2082 3940 2188 3996 pu-

521 4006 784 4062 tabimus
814 4008 843 4064 ἳ
867 4008 980 4064 Sed
1002 4010 1259 4080 improbi
1276 4024 1523 4081 prorsus
1537 4026 1607 4065 ac
1633 4011 1852 4079 ingrati
1880 4013 2089 4067 merito
2102 4016 2177 4069 d1-

522 4111 810 4152 ceremur.
833 4097 1018 4162 Unde,
1049 4097 1158 4152 etsi
1183 4098 1386 4152 minus
1428 4100 1676 4167 dignum
1723 4100 1796 4154 sit
1823 4099 2188 4172 decensque,

524 4185 630 4239 sed
663 4191 860 4241 tamen
911 4185 1487 4258 quomodocumque
1511 4187 1888 4243 reddendum
1912 4198 2021 4255 est,
2050 4206 2185 4259 gra-

521 4272 784 4326 titudinis
805 4273 1190 4329 ostendenda
1218 4291 1423 4341 causa,
1444 4290 1659 4330 aureos
1687 4291 1969 4332 nummos
2128 4282 2186 4333 et

521 4374 594 4413 ex
631 4376 801 4432 aequo
830 4361 980 4416 inter
1007 4365 1234 4417 Patrem
1265 4368 1322 4417 et
1350 4363 1858 4435 imperatorem,et
1893 4365 2100 4421 Filium
2131 4373 2184 4422 et

520 4445 944 4519 imperatorem
997 4449 1305 4506 dividendi
1357 4455 1516 4507 sunt.

595 4539 805 4591 Postea
821 4552 1038 4608 pueros
1056 4543 1312 4604 nostros,
1332 4543 1393 4594 tu
1415 4555 1550 4610 quae
1565 4539 1718 4594 inter
1729 4555 1941 4596 omnes
1959 4547 2184 4599 matres

522 4623 676 4680 ﬁlios
733 4630 865 4680 tuos
908 4624 1128 4694 diligis,
1171 4626 1507 4689 considera,
1549 4628 1596 4682 si
1638 4627 1884 4699 quidem
1923 4636 2185 4702 quatuor

523 4713 697 4770 nobis
727 4713 828 4769 filii
863 4719 1018 4785 sunt,
1063 4719 1119 4770 et
1149 4713 1284 4769 dua:
1314 4716 1475 4773 tiliae.

596 4806 659 4858 Et
687 4819 896 4858 earum
934 4803 1215 4874 primam,
1265 4819 1551 4875 sponsam
1595 4807 1712 4861 Deo
1747 4807 2018 4862 omnium
2053 4823 2158 4876 reg

524 4891 808 4948 libentem
842 4891 1033 4947 libens
1068 4891 1385 4947 offerentes
1418 4893 1864 4964 conjunximus.
1901 4895 2176 4951 Utinuam

524 4981 729 5037 divino
753 4980 853 5036 illo
879 4981 1012 5052 conj
1024 4981 1160 5050 ugio
1178 4996 1248 5037 ac
1272 4980 1537 5037 thalamo
1554 4997 1892 5055 numquam
1913 4983 2174 5054 decidat,

524 5086 722 5143 neque
732 5069 784 5140 ej
795 5087 861 5124 us
874 5068 1257 5142 splendorem
1271 5070 1503 5126 amittat
1536 5069 1548 5124 ἶ
1579 5071 1751 5138 Quod
1764 5078 1964 5128 autem
1978 5088 2167 5145 perse-

598 5394 672 5469 (l)
705 5395 996 5477 Respectu
1027 5391 1103 5456 ad
1131 5393 1481 5473 parabolam
1512 5393 1654 5477 boni
1691 5397 1950 5477 pastoris
1972 5395 2168 5477 Matth.

525 5479 686 5551 xviii,
721 5472 1009 5551 .12:_'Ea‘:3
1071 5472 1284 5551 γένηταί
1342 5495 1444 5526 τινι
1483 5472 1757 5551 ’ἀνθρώπῳ
1821 5478 1869 5551 ρ’
1935 5476 2173 5548 πρόϐατα

526 5543 613 5588 καὶ
682 5543 914 5613 πλανηθῇ
976 5546 1024 5594 ἔν
1088 5543 1140 5604 ἐξ
1196 5546 1379 5610 αὐτῶν,
1440 5543 1609 5617 ούχὶ,⁷
1650 5543 1788 5619 ἀφεὶς
1821 5543 1899 5600 ’τὰ
1955 5543 2033 5610 ἦθ’
2087 5552 2170 5601 ἐπι

2362 2939 2437 2992 Ού
2477 2943 2580 3010 μὴν
2615 2936 2750 3008 ἀλλ’,
2809 2934 2987 2995 ἐπειδὴ
3053 2946 3241 3004 ταῦτα,
3283 2933 3398 2988 δεον
3472 2936 3528 2988 ὃν
3604 2940 3661 2990 ἓν
3733 2960 3791 3009 γε
3849 2957 3894 3005 τι.

2288 3047 2508 3101 παρόντι
2560 3033 2650 3078 καὶ
2693 3022 2788 3078 διὰ
2839 3029 3032 3088 παντὸς
3087 3029 3346 3091 ἱκετεύειν,
3426 3027 3889 3097 scaeua-danais.

2289 3117 2390 3169 κάκ
2420 3126 2518 3168 τῶν
2549 3115 2597 3167 ἐν
2631 3111 2767 3184 τῷδε
2818 3124 2890 3185 τῷ
2950 3113 3051 3186 βίῳ
3092 3118 3205 3188 περὶ
3258 3115 3394 3185 ἡμᾶς
3450 3113 3736 3167 πλείστων
3790 3137 3886 3166 om

2288 3207 2634 3277 γεγενημένων
2689 3202 2737 3255 ἐν
2796 3203 3116 3277 εὐεργεσίαις
3175 3204 3454 3275 θαυμάτων
3539 3207 3750 3277 ἔχομεν
3827 3225 3886 3254 νει

2291 3301 2548 3368 περὶτῶν
2613 3291 2890 3347 μελλόντων
2952 3291 3175 3366 θαρρεῑν,
3233 3297 3322 3343 καὶ
3377 3300 3482 3342 τών
3545 3297 3696 3366 πρὸς
3748 3313 3886 3347 ssita-

2222 3373 2404 3454 Ορίαν
2456 3382 2548 3432 ούκ
2605 3379 2980 3452 ἀπογινώσκειν
3038 3376 3285 3448 ἐλπίδων,
3342 3383 3462 3453 φέρε
3512 3377 3594 3439 δὴ
3661 3403 3756 3435 και
3807 3390 3884 3440 τοῖς

2291 3470 2410 3533 ἑξῆς
2443 3469 2747 3543 προσθῶμεν
2778 3477 2872 3521 τού
2924 3474 3305 3541 συντακτηρίου
3363 3475 3457 3520 καὶ
3508 3466 3880 3545 διατάγματες.

2363 3657 2426 3707 Τί
2476 3652 2774 3724 γούν;τοῖς
2825 3649 2967 3725 ἐμοῖς
3014 3646 3296 3725 βασιλεῦσι
3352 3651 3520 3704 πολλὰ
3622 3650 3882 3707 δεδωκότι)

2295 3742 2401 3796 ἐπεὶ
2431 3740 2597 3814 μηδὲν
2644 3741 2878 3804 ἀντάξιον
2940 3737 3298 3812 ἀπεδώκαμεν,
3342 3741 3452 3792 οὔτ’
3519 3744 3732 3815 ἔχομεν
3787 3745 3880 3793 αττ)-

2297 3829 2500 3898 δοῦναι,
2538 3831 2632 3883 κᾶν
2659 3831 2778 3889 ὅλην
2836 3835 2931 3888 τὴν
2979 3838 3139 3903 χεῖρα
3194 3835 3570 3902 προσοὶσωμεν
3627 3851 3880 3903 γεμούσῃ.

2297 3920 2668 3992 ἀπολειφθῆναι
2700 3917 2794 3972 διὰ
2842 3928 2996 3971 τοῦτο
3056 3915 3164 3970 δεῖν
3225 3916 3353 3970 εἶναι
3403 3924 3498 3970 καὶ
3555 3930 3662 3971 τοῦ
3734 3925 3882 3976 mm;

2296 4007 2797 4080 ἡγησόμεθα;ἀλλά
2853 4012 3068 4080 πονηροί
3116 4026 3248 4068 τινες
3314 4008 3516 4066 πάντως
3603 4016 3700 4060 καὶ
3761 4008 3882 4079 αρν-

2295 4117 2437 4169 μονες
2479 4095 2699 4158 δίκαίως
2739 4096 3045 4167 ἀκούσομεν.
3107 4094 3258 4146 ’Ὀθεν
3317 4095 3359 4146 εἰ
3413 4102 3505 4146 καὶ
3570 4104 3651 4168 μή
3710 4117 3761 4149 τι
3807 4094 3882 4148 οἶσι

2294 4193 2383 4238 καὶ
2440 4185 2749 4258 ἀξιόχρεων,
2801 4183 2909 4235 ἀλλ’
2961 4179 3242 4236 ἀποδοτέον
3300 4184 3622 4251 ὁποσονοῦν,
3687 4183 3880 4256 δείγμα-

2293 4295 2378 4336 τος
2402 4274 2794 4346 εὐγνωμοσύνης
2832 4273 3012 4339 ἒνεκεν,
3037 4276 3271 4346 χρυσίου
3320 4275 3644 4342 νομίσματα
3677 4316 3690 4328 .
3751 4319 3761 4327 .

2303 4406 2316 4418 .
2376 4407 2386 4418 .
2430 4405 2457 4423 ,.
2516 4405 2528 4416 .
2589 4405 2600 4416 .
2636 4365 2726 4412 καὶ
2769 4357 3050 4435 διαιρετέον
3078 4359 3130 4422 ἐξ
3153 4363 3271 4412 ἶσου
3302 4367 3372 4430 τῷ
3412 4378 3470 4411 τε
3493 4368 3671 4435 πατρὶ
3697 4368 3783 4414 καὶ
3807 4357 3893 4430 ῥιᾘ

2297 4451 2447 4516 σιλες,
2481 4471 2570 4502 και
2600 4459 2669 4521 τῷ
2701 4451 2818 4520 υἱῷ,
2841 4454 2931 4501 καὶ
2962 4447 3172 4522 βασιλεῖ
3198 4453 3295 4517 (2).
3889 4443 3891 4471 ⁵

2365 4543 2509 4594 Μετά
2536 4547 2707 4606 τοῦτο,
2758 4535 2955 4600 παῖδας
2999 4540 3166 4610 ημῶν,
3221 4540 3250 4596 ἡ
3304 4537 3549 4610 φιλόπαις
3614 4546 3682 4592 σύ
3728 4549 3870 4594 παγὲν

2291 4628 2481 4701 μᾶλλον
2529 4634 2726 4702 μήτηρ,
2797 4626 3097 4697 ἐπίσκεψαι,
3148 4630 3199 4678 οἵ
3255 4623 3322 4684 δὴ
3378 4633 3470 4678 καὶ
3517 4634 3771 4704 τέτταρες
3808 4648 3866 4698 μη

2218 4707 2258 4761 D
2291 4721 2415 4789 ἡμῖν
2447 4721 2572 4784 υἱοὶ,
2608 4719 2880 4788 θυγατέρες
2917 4712 2974 4768 δὲ
3001 4712 3098 4768 δύο
3125 4719 3447 4786 γεγένηνται.

2365 4813 2463 4859 Καὶ
2492 4809 2686 4858 τούτων
2716 4809 2810 4862 τὴν
2851 4810 3080 4877 πρώτην,
3112 4807 3312 4876 νύμφην
3369 4811 3487 4874 Θεῷ
3553 4816 3636 4877 τῷ
3697 4807 3866 4880 ﬁtnisi

2287 4897 2488 4947 πάντων
2578 4894 2798 4946 ἐκούσαν
2872 4894 3070 4955 ἑκόντες
3160 4897 3392 4964 φέροντες
3503 4894 3879 4969 iungis-3715.92

2288 4989 2385 5037 Καὶ
2435 4987 2631 5055 γένοιτο
2682 4986 2876 5040 ταύτην
2930 4987 3062 5053 μήτε
3117 4989 3207 5033 τοῦ
3262 4989 3537 5054 νυμφῶνος
3603 4992 3732 5056 μήτε
3796 4991 3877 5058 τῆς,

2286 5075 2421 5134 θείας
2475 5067 2752 5132 παστάδος
2811 5070 3108 5135 ἀποπεσεῖν,
3173 5075 3303 5142 μήτε
3353 5077 3452 5132 τῆς
3507 5069 3712 5127 ἐκεῖθεν
3761 5065 3877 5140 λεν-1

2282 5397 2347 5478 τὰ
2412 5395 2504 5478 όξοη
2590 5391 2876 5476 πορευθεὶς,
2967 5394 3113 5464 ζητεῖ
3182 5392 3241 5451 τὸ
3317 5387 3842 5472 πλανώμενονξροηξ

2283 5476 2629 5541 ιυοίχν,4.

2355 5547 2428 5616 (2)
2457 5545 2796 5601 Andronico
2828 5543 3053 5600 Seniori
3083 5546 3140 5598 et
3165 5541 3516 5598 Andronico
3544 5545 3781 5608 Junion',

3864 4561 3883 4851 g
