3934 6322
29 299 176 362 1488

1437 302 1972 370 τεετΑΜεΝτυΜ.
2046 328 2052 333 ·

3251 311 3398 380 1486

22 431 309 503 πρὸτητος.
356 427 444 490 Ὠς
647 423 737 480 οὖν
780 433 870 482 καὶ
919 433 1359 502 συμπαραμείνοι,
1417 436 1507 482 καὶ
1559 428 1622 484 vi“!

1799 441 2014 492 :ratura
2044 436 2117 492 sit
2144 441 2201 494 et
2225 437 2286 494 in
2315 441 2605 518 aeternum
2629 451 2769 492 cum
2796 451 3025 508 sponso
3077 439 3400 512 conjuncta

22 519 218 581 αἰῶνος
263 521 408 571 ἔσται
486 525 559 587 τῷ
633 522 835 590 νυμφίῳ
895 514 1266 591 συνδεδεμένη,
1321 516 1488 591 μηδὲν
1545 519 1633 577 λυε

26 606 187 659 θεῖσα
239 614 329 666 τῆς
391 605 586 660 ἐκείνου
645 603 1019 678 φαὶδρότητος,
1067 591 1268 660 δίδωσι
1317 607 1519 682 θαρῥεῖν
1545 614 1634 661 καὶ

21 705 139 757 τοῖς
195 700 538 768 φαινομένοις,
597 694 717 753 ὅλην
763 700 858 754 τὴν
920 696 1108 767 ψυχὴν
1161 696 1427 759 ἐξόπισθεν
1479 697 1635 748 αὐτοῦ

21 788 377 858 πορευομένην
439 785 608 850 θεῖσα,
683 789 774 835 καὶ
839 788 934 842 τὴν
995 781 1220 858 καρδίαν
1269 785 1389 843 ὅλην
1455 782 1638 846 δεινῶς

19 881 104 924 τῶ
135 875 276 943 πόθῳ
310 871 630 944 βεϐλημένην
667 877 756 924 καὶ
807 877 1128 945 τετρωμένην
1187 871 1428 945 ἀσφαλῶς
1495 874 1636 945 αὐτῷ

18 961 494 1036 προσκολλήσασα,
569 965 659 1012 καί
733 981 792 1030 γε
879 970 975 1024 τῆς
1027 961 1219 1015 ἐκείνου
1278 959 1453 1026 δεξιᾶς
1500 961 1636 1016 ἀντι-

17 1049 413 1121 λαμϐανομένης
451 1048 711 1120 ἐξημμένη
777 1055 865 1102 καὶ
921 1055 1047 1122 πρὸς
1080 1056 1174 1108 τὴν
1229 1050 1278 1102 έν
1323 1051 1464 1122 αὐτῷ
1515 1069 1636 1122 χει-

17 1142 368 1212 ραγωγούσης
455 1141 812 1192 κατάπαυσιν.
895 1142 1069 1212 Ταύτῃ
1156 1159 1237 1191 τοι
1323 1145 1411 1192 καὶ
1487 1140 1638 1212 ὀλίγα

17 1232 190 1300 ταύτῃ
244 1224 459 1299 δεομένη
539 1235 639 1278 τῶν
691 1229 854 1292 κάτω,
917 1228 998 1279 ὅτι
1041 1232 1113 1300 μὴ
1189 1234 1279 1282 καὶ
1323 1234 1490 1301 μόνων
1537 1238 1637 1281 τῶν

1744 521 1941 578 futura
1980 525 2074 592 sit,
2094 541 2289 598 neque
2318 542 2586 598 unquam
2611 525 2772 581 hunc
2795 524 3177 596 splendorem
3215 531 3399 586 amis-

1743 625 1902 677 sura,
1927 612 2290 670 conﬁdimus
2320 630 2393 670 ex
2425 615 2516 670 his
2555 629 2692 686 qua;
2727 613 2998 670 videmus
3031 621 3189 673 :tota
3237 619 3400 676 enim

1745 699 1949 756 anima
1988 707 2122 773 post
2151 702 2320 758 illum
2342 704 2542 768 currit,
2576 707 2633 758 et
2654 707 2844 757 totum
2871 718 2975 758 cor
3006 704 3158 760 miro
3187 723 3394 764 amore

1744 788 2085 859 perculsum
2114 797 2171 846 et
2205 792 2580 848 vulneratum
2612 791 2878 847 ﬁrmiter.
2915 790 2992 846 Illi
3035 792 3287 864 adunat,
3339 802 3396 852 et

1745 877 1874 948 ejus
1903 877 2157 934 dexterae
2187 889 2482 952 protensas
2528 879 2814 945 adhaeret,
2845 896 2981 951 quae
3015 882 3090 937 ad
3133 884 3396 956 quietem

1745 970 2033 1022 aeternam
2061 968 2258 1040 ipsam
2291 970 2479 1025 ducit.
2518 969 2661 1024 Huic
2688 984 2833 1024 sane
2872 971 3080 1041 paucis
3104 971 3397 1042 indigenti

1743 1055 1935 1127 iisque
1967 1057 2107 1112 solis
2136 1074 2274 1130 quae
2314 1057 2682 1129 corruptibili
2738 1058 2832 1114 isti
2887 1059 3016 1114 vitae
3058 1063 3396 1118 necessaria

1747 1150 1904 1210 sunt,
1934 1161 2125 1215 pauca
2148 1151 2207 1202 et
2229 1162 2341 1201 nos
2355 1146 2949 1219 relinquimus,quod
2978 1147 3396 1207 nobisvidetur

1745 1230 2017 1288 sufﬁcere
2047 1235 2465 1292 concedentes.

18 1317 320 1386 ἀναγκαίων
373 1323 438 1387 τῇ
526 1317 829 1390 φθέιρομὲνη
893 1315 1022 1388 ζωῇ,
1076 1316 1225 1387 ὀλίγα
1288 1323 1378 1370 καὶ
1439 1319 1588 1390 ἡμεῖς
1638 1317 2083 1394 ἀπεμερισάμεθα,
2139 1327 2198 1375 τὸ
2271 1320 2428 1386 δόξαν
2488 1325 2659 1376 ἱκανὸν
2719 1325 2903 1386 ἱκανῶς
2961 1331 3380 1400 χορηγήσαντες.

96 1410 201 1462 Τὴν
231 1403 356 1476 ἄμην
395 1403 648 1475 μεγάλαις
833 1412 967 1458 Θεοῦ
1016 1402 1259 1480 δωρεαῖς.
1319 1405 1630 1479 ὑπερϐολαῖς

17 1489 88 1545 δέ
122 1513 262 1545 τισιν
299 1493 578 1566 οἰκτιρμῶν
616 1500 708 1544 τοῦ
764 1488 837 1545 δι’
887 1493 1047 1546 αὐτοῦ
1107 1492 1488 1566 βασιλεύοντος,
1551 1495 1628 1548 εύ-

17 1579 444 1653 δαιμονεστάτην
475 1585 562 1633 καὶ
622 1580 1012 1652 εὐτυχεστάτην
1057 1581 1380 1654 βασίλισσαν
1448 1586 1545 1655 (ί),
1599 1586 1626 1636 ὁ

1809 1413 2016 1476 Meam,
2051 1413 2149 1466 Dei
2177 1413 2424 1484 quidem
2440 1411 2620 1478 dono,
2640 1412 2824 1468 nimia
2849 1419 3051 1470 autem
3083 1416 3268 1486 Hujus
3281 1416 3385 1489 qui

1738 1514 1842 1568 per
1873 1503 2058 1554 Deum
2089 1501 2367 1572 imperat,
2391 1499 2821 1567 misericordia,
2838 1501 3272 1560 faustissimam
3311 1505 3395 1560 fe-

1733 1585 2205 1661 licissimamque
2244 1588 2706 1659 imperatricem,
2739 1589 2866 1660 ipse
2892 1589 3234 1661 imperator,
3305 1591 3390 1648 sic

17 1671 177 1730 αύτὸς
209 1668 475 1742 βασιλεὺς,
505 1669 641 1722 οὕτω
666 1689 758 1721 του
798 1678 931 1724 Θεοῦ
984 1675 1295 1734 κινήσαντος
1356 1680 1445 1726 καὶ
1467 1670 1622 1736 δόξαν

1799 1690 1854 1730 ao
1885 1682 2164 1732 movente
2180 1677 2347 1749 quod
2370 1677 2484 1733 sibi
2496 1676 2775 1750 placeret,
2795 1693 3088 1748 sponsam
3106 1678 3206 1733 uni
3237 1678 3388 1734 ﬁlio-

17 1761 184 1831 αὐτῷ,
231 1763 435 1832 νύμφην
481 1759 557 1832 ἐφ’
609 1761 648 1830 ᾧ
706 1757 775 1818 δὴ
825 1765 916 1814 καὶ
941 1761 1098 1814 εἵλετο
1155 1772 1255 1815 τῶν
1303 1766 1450 1816 υἱέων
1498 1765 1626 1835 ἠγά-

17 1868 156 1921 γετο,
201 1848 400 1923 ἀρίστῳ
456 1852 523 1901 τὰ
550 1851 719 1902 πάντα
747 1855 836 1902 καὶ
874 1849 1134 1923 καλλίστῳ
1183 1861 1193 1908 t
1205 1853 1280 1921 2).
1343 1857 1442 1906 Καὶ
1477 1854 1624 1924 ὑμεῖς

17 1942 171 2010 ὁρᾶτε
206 1940 412 1998 πάντως
465 1943 556 1990 καὶ
612 1938 733 2009 μετέ
799 1936 1083 2001 ἐκπλήξεως
1131 1943 1320 1993 ὡσανεὶ
1349 1945 1442 1998 τὴν
1478 1961 1622 2013 χρη-

17 2033 251 2085 στότητα
326 2035 426 2079 τῶν
490 2031 693 2098 τρόπων
765 2027 1076 2099 θαυμάζετε,
1143 2032 1208 2089 ἧς
1243 2037 1360 2091 ταῖς
1413 2049 1622 2104 περιου-

17 2129 160 2185 ΐίαις
189 2127 394 2177 καὶτὸν
425 2123 545 2196 έμὸν
581 2123 694 2176 ὁλον
755 2125 916 2176 πόθον
977 2129 1105 2197 πρὸς
1160 2125 1340 2178 ἑαυτὸν
1403 2127 1624 2190 ἑλκύσας

17 2213 103 2285 ἐμὲ
151 2221 372 2265 κενώσαι
429 2215 726 2270 πεποίηκεν.
788 2212 949 2280 Ἀλλ’,
1024 2214 1063 2264 ὧ
1117 2234 1207 2286 μοι
1258 2219 1324 2267 σύ
1365 2215 1618 2275 καλλίστη

17 2302 246 2372 τ-υςυγία
280 2301 338 2363 ἔξ
361 2301 674 2375 ἀμφωτέρων
705 2309 806 2352 τῶν
838 2310 997 2372 γενῶν
1059 2300 1263 2376 ἀνδρῶν
1292 2310 1380 2356 καὶ
1441 2326 1623 2376 γυναι·-

17 2398 115 2440 ιῶν
177 2389 291 2441 κατ’
345 2389 558 2460 ἐκλογήν
623 2390 653 2446 ἡ
716 2408 1004 2462 ρμοσμενη,
1063 2396 1153 2444 καὶ
1207 2394 1616 2465 θαυμασιωτάτη

17 2479 247 2552 ξυνωρὶς,
273 2482 344 2549 μὴ
386 2485 488 2529 τῶν
520 2476 685 2529 ἄλλων
718 2480 922 2530 πάντων
979 2483 1132 2551 μόνον
1163 2479 1296 2552 ἐμοὶ,
1346 2481 1473 2535 ἁλλὰ
1531 2503 1621 2536 και

17 2567 186 2627 κύτῆς
224 2570 591 2638 προτιμωμένη
633 2574 795 2626 πνοῆς
829 2571 914 2618 καὶ
945 2568 1098 2636 ζωῆς,
1131 2577 1227 2622 σοῦ
1263 2571 1442 2644 κάρυ’
1471 2576 1561 2624 καὶ
1593 2573 1619 2624 ὀ

17 2657 236 2717 ῑάνατος
266 2654 379 2727 ἐμοὶ
412 2657 804 2727 μνηυόνεμθεὶς,
836 2658 970 2727 μετὰ
1029 2661 1152 2719 τοὺς
1202 2665 1440 2732 πρώτους
1494 2659 1622 2712 έκεί·

17 2763 132 2805 ρους
158 2749 251 2796 καὶ
289 2743 542 2815 μεγάλους
573 2742 783 2814 φόϐους,
819 2747 896 2796 ἔτι
962 2741 1344 2822 δηκτικώτερος
1391 2753 1482 2800 καὶ
1529 2769 1618 2801 πιο

17 2840 257 2908 ιρότερος
285 2839 538 2905 γίγνεται,
570 2836 650 2885 ὅτι
673 2852 731 2886 σε
775 2834 872 2886 οὐκ
910 2836 976 2887 ἔτ’
1010 2835 1208 2910 ὄψομαι
1255 2844 1351 2908 (3),
1407 2836 1545 2908 οὐδ’,
1577 2841 1621 2892 εἷ

17 2929 56 2975 τί
101 2940 160 2994 γε
187 2921 282 2975 κᾶν
311 2929 490 2994 τοῖςιεν
519 2919 654 2992 ᾁδου
690 2926 903 2995 φρικτὸν
929 2929 1018 2977 καὶ⁸
1071 2923 1232 2988 ἀηδὲς
1257 2953 1260 2957 -
1290 2926 1502 2998 (μᾶλλον
1537 2923 1616 2994 δε,

1733 1778 1867 1818 rum
1893 1780 2063 1836 quem
2095 1765 2299 1831 voluit,
2321 1765 2551 1836 optimo
2582 1781 2654 1820 ac
2672 1765 3075 1839 pulcherrimo
3105 1767 3299 1836 elegit.
3323 1769 3392 1822 Et

1731 1867 1840 1905 vos
1870 1852 2062 1908 videte
2092 1853 2340 1908 omnino
2365 1858 2422 1909 et
2449 1869 2586 1908 cum
2618 1859 2858 1924 stupore
2883 1869 3120 1909 morum
3146 1854 3388 1911 bonita-

1733 1945 1849 1996 tem
1889 1941 2291 2007 admiremini,
2325 1942 2495 2013 cujus
2513 1948 3182 1998 excessutotummeum
3222 1959 3388 2000 amo-

1730 2045 1856 2084 rem
1889 2027 1968 2083 ad
1999 2045 2060 2084 se
2082 2030 2322 2086 attraxit
2352 2035 2408 2085 et
2429 2030 2734 2102 corripuit.
2791 2028 2928 2095 Sed,
2968 2045 3005 2084 o
3063 2029 3386 2101 pulcherri-

1731 2132 1900 2172 mum
1923 2117 2274 2190 conjugium
2305 2133 2376 2172 ex
2411 2123 2664 2189 utroque
2695 2133 2843 2173 sexu
2873 2117 3136 2172 virorum
3167 2133 3238 2174 ac
3260 2134 3390 2174 mu-

1729 2205 1940 2260 lierum
1973 2204 2208 2276 egregie
2229 2204 2574 2270 formatum,
2591 2210 2646 2262 et
2659 2205 3087 2262 admirandum
3109 2221 3240 2278 par,
3262 2222 3386 2264 non

1729 2295 1913 2350 modo
1937 2294 2066 2350 aliis
2098 2293 2382 2350 omnibus
2407 2311 2444 2351 a
2473 2310 2570 2350 me
2600 2298 2938 2366 praalatum,
2985 2293 3090 2349 sed
3148 2299 3205 2350 et
3248 2310 3384 2351 meo

1731 2384 1960 2454 spiritui
1991 2398 2062 2439 ac
2096 2383 2250 2452 vitae,
2288 2383 2373 2439 tui
2403 2398 2589 2439 causa
2618 2399 2782 2438 mors
2816 2399 2955 2454 quae
2991 2382 3136 2438 mihi
3191 2383 3386 2439 immi-

1729 2484 1850 2541 net,
1881 2478 2018 2542 post
2049 2471 2278 2543 primus
2317 2470 2448 2527 illos
2494 2486 2872 2542 magnosque
2899 2470 3162 2540 timores,
3220 2487 3383 2528 mor-

1727 2559 1934 2616 dacior
1981 2560 2354 2632 amariorque
2392 2560 2478 2628 tit,
2532 2575 2604 2616 eo
2640 2559 2806 2632 quod
2849 2564 2900 2614 te
2944 2575 3067 2616 non
3115 2560 3246 2630 jam
3296 2559 3380 2616 vi-

1727 2648 1906 2715 debo,
1937 2664 2152 2721 neque,
2187 2651 2235 2704 si
2282 2648 2430 2721 quid
2485 2648 2546 2704 in
2595 2647 2800 2704 inferis
2841 2648 3125 2704 horrendi
3173 2664 3244 2704 ac
3296 2648 3382 2704 fu-

1728 2737 1879 2792 nesti
1911 2737 1980 2793 sit
2033 2737 2180 2807 (imo
2240 2753 2379 2794 vero
2436 2752 2559 2794 non
2633 2752 2820 2794 unum
2883 2740 3151 2804 tantum;
3210 2742 3385 2794 erunt

1729 2841 1890 2893 vero,
1921 2825 2046 2880 scio
2090 2825 2391 2897 equidem,
2449 2825 2640 2881 multa
2690 2841 2761 2881 ac
2810 2825 2943 2880 dira
3006 2825 3068 2880 in
3123 2840 3227 2882 eos
3279 2824 3386 2897 qui

1728 2913 1820 2968 his
1851 2914 1914 2969 in
1987 2913 2155 2969 terris
2212 2913 2368 2969 male
2432 2914 2726 2984 vixerint),
2826 2919 2888 2968 tu
2963 2913 3078 2968 sub
3170 2912 3380 2969 oculos

17 3013 119 3084 m’z
145 3012 194 3064 iv
223 3020 378 3064 τοῦτο
397 3014 602 3064 ἔσονται
633 3008 715 3080 δε,
749 3009 892 3081 οἶδα,
919 3013 1081 3066 πολλὰ
1109 3021 1200 3068 καὶ
1229 3017 1438 3087 χαλεπὰ
1461 3017 1621 3080 ἀξίως

1799 3001 1989 3072 niens,
2033 3002 2091 3057 id
2123 3001 2464 3074 dissipabis,
2491 3007 2596 3057 aut
2620 3001 2847 3056 leviora
2871 3001 3053 3057 facies
3073 3001 3202 3057 haec
3247 3001 3382 3056 tris-

17 3102 84 3163 εὶς
120 3097 276 3158 δίκην
309 3108 408 3152 τῶν
449 3100 689 3152 ἐνταυθοῖ
721 3109 896 3164 κακῶς
950 3104 1312 3176 Βεόιωμένων),
1369 3110 1434 3158 σύ
1490 3109 1621 3179 πρὸς

19 3194 131 3242 ὶέαν
173 3189 326 3241 ἰοῦσα
378 3185 666 3254 διαλύσεις,
723 3189 753 3247 ἦ
819 3194 879 3242 τό
931 3210 991 3261 γε
1042 3189 1277 3267 δεύτερον
1339 3199 1622 3268 κουφότερα

19 3283 254 3338 ποιήσεις
278 3281 345 3328 τὰ
377 3280 576 3348 στυγνὰ
612 3285 780 3329 ταῦτα
805 3283 896 3331 καὶ
927 3283 1236 3353 σκυθρωπὰ,
1297 3286 1366 3343 ὡς
1405 3283 1454 3335 έν
1514 3292 1620 3344 τοῖς

19 3373 242 3440 παροῦσι
291 3372 463 3418 πᾶσαν
521 3364 574 3428 ἐξ
647 3365 871 3439 ἀνιαρῶν
929 3367 1283 3442 συμϐαμάτων
1356 3377 1619 3444 κουφίςιις

19 3461 100 3507 ιαὶ
151 3454 330 3516 τελέως
386 3453 609 3528 ἐξαίρεις
658 3461 873 3528 πικρίαν
928 3463 1080 3529 μόνον
1130 3461 1349 3531 ὀφθεῖσα
1380 3481 1394 3494 ο
1435 3466 1524 3514 καί
1561 3479 1622 3532 γε

21 3544 258 3618 Βρασμὸν
287 3542 601 3602 καταπαύεις
623 3541 853 3616 καρδίας
899 3545 1176 3615 σϐεννῠσα,
1221 3554 1308 3600 καὶ
1352 3551 1620 3622 θραυσμόν

21 3633 327 3705 θεραπεύεις,
387 3636 477 3684 καὶ
534 3635 792 3704 κοιμίζεις
855 3633 1043 3706 ψυχῆς
1094 3639 1475 3710 παθαινομένης
1529 3644 1621 3693 καὶ

22 3728 273 3792 ,ογισμών
323 3722 584 3792 τάραχον.
633 3725 695 3773 Τί
756 3730 848 3774 τοῦ
899 3731 995 3775 σοῦ
1041 3733 1324 3800 χωρισμού
1371 3731 1501 3801 πρὸς
1536 3733 1620 3779 κό-

24 3828 164 3862 ιασιν
250 3805 669 3882 δραστικώτερον
714 3828 728 3874 ;
778 3819 885 3871 πῶς
941 3815 1090 3884 οῖσω,
1149 3818 1270 3877 τοὺς
1325 3815 1619 3888 ὀφθαλμούς

23 3903 208 3963 ιύσας,
267 3897 458 3968 μᾶλλον
529 3893 581 3948 δ’
653 3897 798 3958 ὅλους
854 3897 1168 3974 έῤῥυηκότας
1217 3903 1616 3986 ἁποϐαλόμενος,

23 3991 62 4040 ’ὁ
126 3990 218 4038 σὸν
274 3985 460 4047 κάλλος
509 3991 600 4038 καὶ
647 3991 704 4039 τὸ
743 3986 833 4040 τού
891 3998 1172 4064 προσώπου
1225 3993 1374 4052 ἄνθος
1429 3998 1518 4045 καὶ
1561 3985 1619 4046 τό

26 4086 108 4136 ’ἧς
167 4081 367 4146 μορφῆς
418 4078 607 4148 ὡραῖον
644 4073 858 4129 ἀθέατον
897 4097 910 4144 ;
947 4085 1037 4141 Τίς
1087 4079 1198 4134 ἀνθ’
1238 4082 1378 4152 ὑμῶν
1413 4079 1461 4133 έν
1506 4083 1613 4152 ὀμι-

26 4171 149 4223 »ίαις
198 4161 394 4215 ἐσεῖται
457 4163 748 4234 γλυκαίνων
796 4171 886 4218 καὶ
951 4171 1310 4239 στυγνάζοντα
1383 4189 1618 4242 παρακαο

25 4262 110 4303 ,ὠν
183 4256 276 4302 καὶ
334 4253 816 4324 παραμυθούμενος,
859 4263 931 4325 τῷ
989 4265 1254 4330 χωρισμῷ
1290 4258 1319 4316 ἦ
1359 4263 1448 4311 καὶ
1503 4267 1619 4319 ταῖς

26 4346 178 4392 κεῖσε
231 4339 476 4410 μάστιξιν
556 4336 930 4414 ὀδυνώμενον;

27 4427 237 4497 ,αλύψει
272 4426 440 4500 βαρὺς
482 4433 573 4481 καὶ
628 4433 785 4502 τάφος
836 4433 1148 4506 συγκρύψει,
1219 4440 1332 4499 καὶ,
1369 4437 1511 4507 ὑμῶν
1547 4445 1619 4507 τῷ

27 4516 210 4588 μίλτρῳ
287 4520 628 4587 κεκινημένων
689 4524 778 4572 καὶ
830 4525 1170 4594 προσιόντων,
1239 4527 1329 4575 καὶ
1411 4533 1619 4597 γοεραίς

27 4601 203 4664 ιωναῖς
255 4602 675 4678 ἀνακαλουμένων
737 4612 824 4660 τὸν
881 4615 1098 4680 πατέρα,
1135 4615 1276 4674 κόνις
1336 4613 1404 4665 ὢν
1469 4619 1614 4686 κωφὴ

30 4698 98 4748 αὶ
158 4692 290 4745 ὀστᾶ
373 4699 508 4766 μόνα
602 4701 969 4769 γεγυμνωμένα
1046 4702 1222 4762 πάσης
1284 4720 1473 4774 σαρκός
1528 4708 1617 4755 καὶ

29 4784 327 4844 εἰσθήσεως,
365 4785 391 4834 ό
425 4786 490 4834 τὰ
530 4784 695 4837 πολλὰ
731 4794 818 4837 νῦν
845 4786 944 4858 ἐγὼ
1011 4787 1196 4856 λαλῶν,
1233 4786 1440 4862 οὐδαμῆ
1502 4795 1618 4844 οὔτε

30 4879 106 4930 ’ἧς
130 4879 304 4940 φωνῆς
370 4873 512 4943 ὑμῶν
569 4876 686 4926 οὔτε
740 4883 830 4936 τῆς
890 4875 1070 4938 λαλιᾶς
1125 4876 1313 4930 ἐπαίων
1374 4882 1618 4949 γνωσθή-

29 4979 175 5030 ·ομαι
217 4957 230 5012 l
281 4959 434 5012 Ἀλλὰ
483 4965 715 5032 περιττὸν
770 4966 896 5026 ἴσως
931 4964 1015 5018 ἐπὶ
1066 4973 1174 5029 τοῖς
1225 4986 1476 5029 τοιουτοις
1517 4987 1619 5041 μη,

74 5261 162 5341 (1)
217 5267 546 5346 Annotator
568 5265 1042 5346 recentissimus,
1079 5283 1262 5346 quem
1295 5269 1609 5330 Boivinum

39 5355 142 5394 sse
184 5341 588 5418 suspicor.ad
625 5344 960 5418 marginem
1011 5341 1233 5402 codicis
1267 5363 1279 5413 ;
1320 5369 1346 5393 «
1383 5349 1607 5416 Irenen,

33 5425 149 5485 [uae
194 5421 400 5491 postea
455 5415 698 5491 [Iulogia
752 5415 1066 5473 nominata
1122 5423 1224 5472 est.
1262 5438 1290 5466 »
1319 5419 1612 5490 Nupserat

37 5483 243 5554 oanni
269 5483 628 5554 Palaeologo‘.

49 5601 54 5637 ς
86 5554 168 5624 (2)
191 5553 741 5637 Ideniannotator:
775 5581 802 5608 ‹‹
846 5555 1125 5618 Nondum
1159 5557 1361 5634 itaque
1395 5556 1626 5616 obierat

35 5625 281 5704 )espot'a
591 5643 792 5700 gener.
829 5651 852 5682 ε
879 5657 882 5660 ~

1728 3091 1810 3146 tia
1836 3106 1907 3146 ac
1930 3089 2249 3156 horrenda,
2293 3095 2355 3145 ut
2385 3104 2567 3157 nunc,
2595 3089 2698 3144 ubi
2730 3104 3014 3161 appares,
3041 3104 3285 3146 omnem
3307 3105 3380 3144 ex

1730 3179 1961 3234 miseris
2009 3177 2322 3233 eventibus
2405 3181 2603 3233 ortum
2656 3192 2972 3234 maerorem
3029 3176 3267 3248 mitigas
3309 3193 3381 3232 ac

1728 3268 1977 3323 omnino
2009 3265 2206 3322 aufers
2227 3285 2245 3338 ;
2279 3271 2336 3321 et
2363 3282 2506 3321 sane
2538 3265 2734 3320 cordis
2760 3269 2960 3320 motus
2993 3264 3168 3319 sedas
3197 3269 3256 3320 et
3283 3281 3380 3320 ex-

1729 3357 2002 3426 stinguis,
2034 3362 2091 3412 et
2114 3356 2356 3412 vulnera
2379 3354 2896 3426 sanas,etaﬁlictte
2923 3355 3140 3410 animae
3162 3354 3382 3424 cogita-

1734 3447 2082 3518 tionumque
2095 3445 2416 3501 tumultum
2431 3444 2606 3501 lenis.
2622 3444 2791 3510 Quod
2805 3443 3012 3499 durius
3026 3443 3381 3516 supplicium

1728 3552 1916 3609 quam
1947 3543 2059 3591 ate
2092 3536 2356 3608 separari
2393 3535 2419 3590 ?
2450 3535 2764 3601 Quomodo
2815 3537 3169 3604 sustineam,
3225 3541 3383 3608 post-

1729 3642 1914 3698 quam
1945 3625 2150 3681 oculos
2163 3625 2451 3696 clausero,
2477 3625 2600 3680 imo
2641 3640 2779 3680 vero
2815 3630 2967 3681 totos
2999 3641 3101 3680 eos
3129 3624 3384 3681 eﬂluxos

1729 3716 2007 3776 amisero,
2033 3720 2197 3770 tuam
2224 3713 2728 3787 pulchritudinem
2752 3713 3015 3768 etvultus
3049 3714 3132 3768 tui
3169 3714 3380 3769 ﬂorem

1730 3802 2228 3876 tuaequefortunaa
2242 3801 2612 3874 splendorem
2621 3801 2742 3872 jam
2776 3801 3313 3872 ‘noncontemplari
3354 3804 3384 3856 ?

1729 3891 1872 3957 Quis
1927 3905 2035 3962 pro
2068 3891 2261 3955 vobis,
2306 3889 2517 3945 mediis
2544 3891 2603 3945 in
2637 3889 2880 3944 coitibus
2906 3889 3012 3944 erit
3065 3888 3292 3944 leniens
3325 3895 3382 3944 et

1729 3979 2016 4036 afﬂictum
2053 3979 2372 4035 consolans
2404 3977 2800 4033 etadhortans
2814 3977 2989 4032 vestri
3002 3977 3377 4049 separatione

1729 4075 1785 4123 et
1815 4068 2024 4124 futuras
2056 4067 2185 4122 vitae
2217 4068 2411 4138 pmnis
2444 4066 2864 4121 vulneratum?
2894 4066 3052 4122 Eheu
3075 4064 3087 4118 ἓ
3111 4082 3204 4121 me
3223 4069 3380 4134 teget

1727 4156 1923 4226 gravis
1951 4155 2126 4228 lapis,
2166 4160 2224 4210 et
2253 4154 2515 4211 tumulus
2544 4169 2637 4209 me
2667 4155 2892 4225 operiet
2930 4171 2944 4221 ;
2977 4159 3034 4209 et
3070 4169 3208 4208 cum
3268 4171 3376 4209 vos

1727 4261 1932 4302 amore
1955 4244 2116 4299 ducti
2147 4245 2460 4314 accedetis,
2487 4248 2542 4299 ct
2570 4241 2730 4298 dulci
2768 4258 2907 4298 voce
2953 4247 3183 4314 patrem
3211 4257 3374 4298 com-

971 4348 1148 4416 Οἵμοι,
1228 4348 1308 4397 ὃτι
1343 4365 1406 4418 με
1475 4347 1618 4408 λίθος

1799 4333 2046 4401 ηΙΙιώὶιὶε,
2071 4347 2182 4402 ego
2231 4333 2379 4388 cinis
2437 4332 2636 4387 inanis
2676 4336 2734 4387 et
2779 4347 2920 4386 ossa
2970 4330 3134 4386 omni
3197 4348 3375 4388 carne

1727 4423 1956 4478 nudata
1984 4426 2041 4478 et
2069 4438 2272 4490 sensu,
2305 4437 2416 4492 ego
2442 4421 2546 4494 qui
2571 4436 2733 4476 nunc
2787 4425 2871 4476 tot
2914 4419 3099 4476 verba
3147 4421 3373 4488 emitto,

1725 4527 1921 4583 neque
1941 4526 2148 4565 vocem
2177 4515 2457 4564 vestram.
2478 4524 2674 4580 neque
2691 4513 2915 4564 vestros
2944 4523 3250 4564 sermones
3267 4524 3376 4563 au-

1725 4598 1890 4654 diam
1925 4597 2064 4653 !Sed
2097 4598 2318 4653 forsam
2353 4601 2441 4652 est
2495 4596 2866 4668 superﬂuum
2919 4597 3001 4652 sic
3017 4596 3232 4652 talibus
3265 4597 3375 4652 im-

1726 4686 1971 4754 morari,
2001 4686 2292 4757 quoniam
2319 4685 2414 4740 hic
2446 4701 2642 4756 neque
2669 4692 2879 4740 cantus
2907 4689 3000 4740 est
3029 4699 3222 4756 neque
3260 4689 3376 4739 tra-

1725 4775 2057 4845 gcedia,sed
2073 4773 2202 4829 sola
2222 4773 2426 4828 mortis
2442 4773 2810 4842 memoria,et
2824 4779 2884 4827 ut
2897 4773 3104 4844 paucis
3117 4772 3371 4838 dicatur,

1728 4870 1789 4919 ut
1819 4879 1943 4918 rem
1973 4867 2327 4936 praesentem
2346 4862 2531 4931 decet,
2547 4861 2978 4932 queehumanie
2994 4865 3222 4915 naturae
3237 4864 3377 4916 sunt

1724 4951 2090 5018 necessario,
2122 4955 2184 5005 ut
2213 4954 2349 5022 pote
2373 4949 2624 5018 mortali,
2651 4948 2866 5003 vincta.
2899 4947 3064 5003 Unde
3093 4952 3150 5002 et
3176 4947 3255 5002 ab
3276 4947 3372 5002 his

1723 5040 2030 5106 recedens,
2048 5040 2262 5110 longos
2291 5053 2485 5094 annos
2511 5035 3010 5106 vivas,etla:teris,
3033 5040 3092 5092 et
3116 5034 3374 5092 exsultes

1790 5273 1881 5346 (3),
1902 5269 2137 5346 Similes
2167 5266 2468 5344 querelas,
2513 5270 2577 5322 ut
2607 5263 2985 5346 philosophis
3014 5270 3071 5322 et
3099 5263 3373 5346 christia:

1720 5336 1812 5401 nis
1850 5336 2292 5414 'indignasfac
2350 5351 2594 5466 prorsus
2666 5336 3005 5404 indecoras,
3073 5337 3374 5408 vituperat

1720 5420 1976 5466 Joannes
2008 5416 2238 5466 Chrvst.
2285 5414 2358 5466 Ec
2381 5425 2478 5466 02.
2513 5427 2572 5466 D.
2633 5413 2734 5464 2‘29
2784 5427 2796 5464 :
2842 5409 2904 5462 Εἰ
2955 5411 3055 5466 γὰρ
3102 5412 3371 5460 ἐπίστευον

1719 5420 1976 5472 Joannes
2003 5409 2238 5484 Chryst.
2285 5409 2478 5484 Eclog.
2513 5427 2572 5481 p.
2633 5413 2734 5484 229
2784 5427 2796 5464 :
2842 5409 2904 5462 Εἰ
2955 5411 3055 5483 γὰρ
3102 5412 3371 5484 ἐπίστευον

1733 5484 1812 5539 6'11
1860 5489 1886 5537 ὁ
1918 5477 2310 5543 -τετελεῦτηκὼς
2373 5477 2450 5534 οὗ
2508 5477 3053 5547 τετεκεύτηκενμζ.
3127 5478 3223 5532 οὐκ
3312 5477 3374 5530 ἃν

1732 5561 1975 5618 τοιαύτας
2013 5557 2241 5628 Ᾱαφῆκαν
2286 5555 2454 5626 φωνὰς
2527 5551 2774 5626 ἀπιστίας
2844 5554 3125 5624 γεμούσας,
3165 5573 3195 5603 ι(
3265 5549 3374 5602 ού-

1733 5633 1844 5682 έκτι
1884 5647 1941 5681 σε
1967 5626 2185 5699 ὄψομαι.
2217 5647 2248 5677 ιο
