3934 6322
37 395 192 452 1489

1467 391 2000 452 TESTAMENTUM.

3275 393 3416 454 1490

24 515 316 594 κερδανεῖς
355 516 528 575 πλέον.
591 515 845 590 Ἰξνταῦθά
892 537 982 592 μοι
1025 519 1247 572 κένωσον
1300 522 1391 572 καὶ
1440 520 1499 572 τὸ
1536 517 1646 590 έμοὶ

1833 517 1992 591 rique
2030 517 2301 590 debetur,
2339 522 2475 594 post
2535 533 2732 576 meam
2770 521 3046 589 mortem,
3085 519 3259 578 matri
3297 525 3414 577 tuae

25 608 342 675 ἐπιϐάλλον,
385 612 474 660 καὶ
531 613 630 660 πᾶν
691 610 748 661 τό
809 627 942 683 προς
999 607 1342 682 ἀμφοτέρους,
1408 615 1500 661 τοῦ
1553 627 1652 659 πα-

18 701 157 774 τρὸς
207 698 576 764 ὑπεκστάντος,
630 704 693 769 τῇ
761 702 926 770 μητρὶ
972 697 1188 770 πρᾱξον,
1255 698 1649 770 εὐγνωμοσύνην

24 785 315 842 ἀνόθευτον
370 784 454 839 έπὶ
505 788 725 853 τούτοις,
783 788 1018 845 ὑπακοὴν
1075 789 1332 862 πρόσθες,
1389 785 1649 861 ἐκπλήρω-

31 895 126 930 σιν
204 875 550 948 ένταλμάτων,
608 878 666 928 τὸ
723 876 875 928 πάνθ’
962 876 1165 949 ἕτοιμον
1237 875 1366 929 εἶναι
1416 877 1644 947 τοσαύτῃ

27 971 133 1018 καὶ
195 967 411 1037 τοιαύτη
483 962 704 1036 θεοφιλεῖ
766 969 931 1037 μητρὶ
1016 966 1324 1037 πειθαρχεῖν
1372 968 1462 1016 καὶ
1498 962 1648 1035 φιλό-

26 1050 228 1117 παιδι,
275 1057 360 1106 σοὶ
396 1060 598 1127 πρῶτον
644 1057 734 1111 τὴν
773 1056 953 1111 ὄνησιν
1001 1055 1196 1125 έχοντα
1244 1053 1495 1110 πλείστην
1559 1055 1648 1104 καὶ

26 1149 326 1218 μεγίστην.
370 1141 535 1195 Καλόν
576 1161 658 1196 σοι
711 1146 802 1195 καὶ
849 1142 990 1215 μάλα
1017 1163 1070 1196 τι
1108 1149 1348 1196 συνοῖσον
1387 1140 1648 1196 εὐσέϐειαν

27 1237 310 1305 μητρικήν
389 1230 738 1297 εὐλαϐεῖσθαι,
797 1237 888 1285 καὶ
971 1237 1066 1291 τὴν
1123 1233 1314 1292 πολλὴν
1377 1231 1536 1292 αὐτῆς
1600 1230 1648 1284 έν

30 1327 182 1376 πᾶσι
235 1323 532 1395 θεραπεύειν
571 1319 856 1377 εὐλάϐειαν.
912 1329 1092 1374 Ταῦτα
1143 1317 1211 1380 δὴ
1266 1327 1462 1395 πρᾶττε
1494 1342 1507 1354 ο
1558 1325 1648 1374 καὶ

29 1419 154 1472 τοῖς
223 1408 467 1482 ἀδελφοῖς
525 1408 638 1462 ἀντὶ
693 1414 886 1484 πατρὸς
936 1413 1046 1480 ἔσο,
1091 1411 1334 1484 φιλόπαις
1387 1412 1518 1484 ὁμοῦ
1555 1414 1646 1462 καὶ

31 1497 372 1573 φιλάδελφος,
447 1499 652 1572 εἰρήνην
730 1504 826 1558 τὴν
884 1501 996 1572 μετ’
1078 1500 1247 1553 αὐτων
1301 1506 1392 1554 καὶ
1441 1501 1644 1553 πάντων

29 1586 400 1662 μεταδιώκων,
463 1587 672 1659 ἀγάπην
730 1588 778 1640 έν
831 1590 1076 1646 εύθύτητι
1140 1589 1323 1662 ψυχῆς
1399 1589 1462 1648 ἣν
1515 1592 1645 1650 Θεὸς

30 1676 384 1750 έγκελεύεται.
452 1679 848 1753 ’Υπερηφανείας
909 1680 1262 1753 ύπερφονητὴς
1308 1681 1442 1742 ἴσθι,
1528 1679 1644 1732 κατ’

31 1763 254 1828 οὐδενὸς
279 1770 370 1839 μὲν
401 1774 502 1819 τῶν
548 1766 732 1830 ἄλλων,
763 1767 875 1819 κατ’
919 1767 1084 1829 αὐτῆς
1124 1764 1184 1821 δε
1207 1771 1296 1819 καὶ
1339 1771 1495 1840 μόνης
1524 1767 1645 1830 ὅλας

31 1857 134 1917 τὰς
186 1856 343 1928 ὀφρύς
399 1853 696 1928 έπηρμένος,
757 1859 846 1907 καὶ
904 1859 1134 1928 γενναῖός
1189 1875 1266 1916 τις
1307 1859 1431 1931 πρὸς
1483 1855 1643 1914 αὐτὴν
1676 1891 1720 1947 B

31 1941 120 1995 ἀεὶ
202 1947 675 2019 παρατεταγμένος,
754 1945 889 1997 ὥστε
943 1949 1014 2017 μη
1074 1964 1126 1996 τι
1183 1953 1398 2016 φανῆναι
1476 1945 1641 2017 ταύτῃ

34 2028 458 2104 δεδουλωμένος.
493 2029 735 2086 Ἀδικίαν
764 2031 818 2096 έξ
862 2034 981 2095 ὅλης
1035 2033 1217 2106 ψυχῆς
1269 2030 1643 2107 βδελυξάμενος

28 2125 296 2193 μίσησον.
357 2125 459 2174 Καί
483 2121 559 2192 γ’,
617 2123 666 2175 έν
714 2125 914 2183 τούτοις
967 2125 1104 2194 ἔχων
1155 2127 1244 2174 καὶ
1298 2124 1642 2190 κατευθύνων,

26 2215 200 2262 πᾶσιν
252 2207 300 2262 έν
332 2207 551 2281 ἀγαθοῖς
583 2211 727 2276 ζῆθι,
768 2215 857 2262 καὶ
903 2219 1002 2263 τῶν
1045 2218 1136 2264 τοῦ
1193 2217 1419 2284 πονηροῦ
1457 2218 1640 2263 πασῶν

26 2305 296 2371 μηχανῶν
405 2296 652 2372 ἀνώτερος
745 2303 836 2351 καὶ
910 2297 1221 2374 ὑψηλότερος
1322 2303 1640 2373 περισὼζου,

26 2383 206 2459 μηδεν
250 2393 361 2448 τοῖς
413 2386 574 2440 αὐτοῦ
633 2391 865 2463 κέντροις
907 2392 1038 2461 μήτε
1083 2387 1464 2460 πλησσόμενος,
1521 2393 1643 2460 μήτε

30 2475 416 2547 βλαπτόμενος.
467 2475 665 2548 Βλάψοι
705 2495 762 2529 σε
819 2473 880 2530 δε
935 2483 1027 2529 καὶ
1081 2473 1270 2550 μηδείς
1325 2478 1486 2552 ἓτρος,
1533 2484 1645 2539 ταῖς

29 2563 228 2617 ἐκείνου
259 2561 557 2636 μεθοδείαις
607 2565 682 2636 (1)
739 2570 830 2618 καὶ
887 2569 1096 2637 τέχναις
1147 2569 1489 2638 κεχρημένος,
1555 2570 1646 2618 καί

25 2672 93 2725 γε
146 2661 370 2727 φανερῶς
422 2651 763 2706 ἐπιϐουλεύων
826 2655 854 2713 ἡ
932 2653 1136 2727 ἀφανῶς
1191 2653 1457 2727 βλάπτων.
1544 2659 1645 2708 Καί

30 2744 258 2793 ἔντειναι
324 2762 414 2794 και
479 2743 753 2815 κατόρθου,
833 2742 1108 2796 ἐπιϐαίνων
1168 2762 1258 2795 και
1336 2751 1643 2796 καταπατῶν

29 2849 129 2882 και
183 2827 448 2906 δράκοντα
503 2835 594 2904 μὲν
673 2831 881 2884 σκολιὸν
937 2831 1121 2885 σκολιά
1173 2851 1259 2884 σοι
1309 2833 1644 2904 σοφιζόμενον

33 2939 131 2971 και
177 2917 501 2990 έπινοούντα,
558 2919 688 2973 ἀλλὰ
736 2941 827 2973 και
867 2921 1044 2974 λέοντα
1090 2923 1164 2991 (2)
1223 2921 1508 2996 ὡρυὸμενον
1555 2940 1646 2973 και

29 3008 294 3082 ἅρπαγμα
324 3029 414 3062 και
453 3008 658 3086 βρῶσιν
695 3015 788 3070 τὴν
820 3014 918 3070 σὴν
947 3010 1133 3082 ψυχήν
1180 3009 1500 3075 έκζητοῡντα
1542 3011 1643 3081 (3).

28 3104 224 3173 Στέργε
281 3118 372 3151 και
423 3099 544 3152 ὅσον
598 3099 786 3172 ῖλαχες
859 3100 932 3162 εἰς
978 3099 1187 3175 κλῆρον,
1237 3103 1383 3174 ἡμῶν
1452 3101 1646 3176 προῖκά

30 3204 124 3238 σοι
184 3205 277 3238 και
347 3187 669 3262 μερισάντων
726 3207 816 3240 και
881 3187 1060 3251 τελέως
1113 3188 1489 3243 ἀποτισάντων.
1548 3192 1646 3241 Καί

28 3281 128 3326 νῦν
188 3271 250 3327 δε
302 3273 594 3328 τελευταῖον
647 3279 803 3350 μέρος
865 3275 1028 3351 χάριν
1091 3277 1264 3352 ἑτέραν
1320 3275 1610 3350 ἀπειληφὼς
1667 3278 1777 3348 ἔχε,
1844 3277 2144 3347 νομίσματα
2205 3276 2414 3345 χρυσοῦ

32 3371 143 3416 τῶν
177 3364 436 3436 ἡμετέρων
455 3372 706 3418 τοσοῦτον
731 3363 792 3416 ἀν
813 3363 1182 3439 ἀποτιμηθείη,
1211 3364 1424 3438 ἀγαπῶν
1447 3369 1495 3419 έν
1525 3368 1714 3438 τούτῳ.

1757 607 1988 665 tribuas
2021 626 2034 664 :
2067 609 2362 667 sinceram
2426 609 2876 679 gratitudinem,
2942 624 3052 682 pro
3111 609 3416 674 beneﬁciis

1756 697 1933 752 tantis
1981 697 2387 761 obedientiam
2442 714 2685 772 quoque
2721 697 2936 764 addas,
2977 698 3407 756 mandatorum

1755 784 2247 858 adimpletionem
2273 804 2287 856 ;
2316 788 2378 844 in
2414 787 2698 844 omnibus
2721 790 2898 842 tanta;
2921 802 2991 842 ac
3013 787 3135 854 tali,
3170 791 3413 862 tamque

1754 874 1870 948 pias
1906 880 1964 931 et
1994 875 2254 934 ﬁliorum
2279 876 2509 934 amanti
2544 875 2718 933 matri
2745 874 2992 931 obedire
3028 891 3265 947 semper
3300 892 3410 948 pa-

1753 968 1919 1020 ratus
1957 964 2058 1030 sis,
2097 969 2155 1022 et
2183 964 2324 1022 inde
2360 965 2681 1038 plurimam
2718 980 2788 1021 ac
2825 963 3156 1020 maximam
3188 964 3408 1022 utilita.

1755 1055 1878 1108 tem
1903 1053 2213 1127 percipies,
2236 1053 2554 1110 Pulchrum
2587 1052 2687 1110 tibi
2724 1057 2812 1109 est
2829 1058 2886 1108 et
2906 1052 3082 1108 valde
3108 1053 3248 1108 utile
3282 1069 3412 1110 ma-

1756 1141 1860 1197 tris
1893 1142 2174 1214 pietatem
2208 1142 2498 1212 venerari,
2533 1146 2590 1200 et
2623 1157 2811 1216 quam
2841 1141 3102 1197 maxime
3133 1141 3194 1197 in
3217 1142 3413 1198 omni-

1753 1230 1872 1289 bus
1921 1232 2101 1303 hujus
2129 1234 2524 1290 reverentiam
2578 1247 2808 1289 curare.
2871 1234 3001 1287 Haec
3039 1232 3214 1302 igitur
3248 1247 3408 1302 age:

1755 1325 1813 1378 et
1831 1319 2111 1377 fratribus
2137 1321 2216 1376 sis
2242 1337 2350 1393 pro
2374 1326 2540 1394 patre
2574 1339 2586 1377 :
2615 1325 2864 1394 paterno
2891 1319 3069 1375 simul
3100 1335 3170 1376 ac
3197 1320 3409 1376 frater-

1753 1424 1834 1466 no
1872 1425 2078 1466 amore
2103 1409 2339 1481 plenus,
2369 1425 2584 1482 pacem
2611 1425 2751 1465 cum
2773 1408 2842 1464 iis
2878 1413 2934 1464 et
2960 1424 3100 1464 cum
3120 1408 3408 1464 omnibus

1751 1497 2006 1567 habens,
2035 1497 2464 1570 caritatemque
2500 1514 2636 1554 eam
2673 1497 2732 1554 in
2773 1496 2990 1552 animae
3030 1497 3411 1565 rectitudine,

1751 1591 1818 1644 ut
1846 1587 2018 1658 jubet
2052 1591 2226 1645 Deus.
2257 1585 2612 1660 Superbiam
2636 1589 3010 1652 contemnas,
3035 1590 3242 1641 contra
3263 1585 3408 1642 nihil

1751 1675 1935 1743 aliud,
1973 1680 2181 1732 contra
2214 1691 2350 1732 eam
2389 1691 2530 1732 vero
2565 1674 2757 1730 solam
2809 1678 2928 1730 tota
2964 1673 3280 1745 supercilia
3314 1679 3400 1732 ate

1750 1765 1983 1834 tollens,
1997 1779 2407 1838 generoseque
2423 1765 2480 1820 in
2501 1780 2635 1821 eam
2653 1769 2943 1835 tanquam
2963 1762 3088 1817 acie
3104 1778 3405 1834 pugnans,

1749 1853 1834 1911 ita
1888 1858 1953 1909 ut
1985 1869 2300 1924 nunquam
2353 1853 2402 1908 ei
2442 1853 2661 1909 servire
2698 1851 2976 1908 videaris.
3043 1851 3407 1921 lnjustitiam

1749 1947 1874 2000 toto
1901 1941 2081 1998 corde
2117 1941 2498 1998 abominatus
2520 1941 2642 1997 odi.
2673 1941 2806 1996 Haec
2841 1940 3172 1996 observans
3207 1945 3264 1996 et
3303 1941 3406 1996 ad-

1749 2030 2029 2104 implens,
2065 2031 2126 2086 in
2160 2030 2444 2086 omnibus
2482 2029 2657 2086 bonis
2690 2030 2842 2100 vive,
2881 2033 2938 2084 et
2975 2043 3158 2100 supra
3191 2043 3404 2084 omnes

1749 2119 2310 2191 malignimachinas
2325 2133 2669 2188 assurgens,
2690 2133 2760 2173 ac
2777 2116 3133 2172 excelsiorin
3150 2115 3396 2172 effectus

1751 2213 1888 2277 stes,
1907 2223 2104 2280 neque
2139 2211 2266 2278 ejus
2304 2206 2524 2263 aculeis
2558 2207 2759 2269 lassus,
2785 2220 2983 2278 neque
3015 2204 3184 2260 ictus.
3221 2207 3406 2265 Nemo

1751 2302 1953 2356 autem
2006 2296 2160 2353 alius
2202 2299 2256 2353 te
2306 2295 2505 2361 laedat,
2534 2295 2704 2350 istius
2733 2294 2888 2350 dolis
2920 2299 2976 2350 et
3008 2292 3236 2349 artibus
3261 2308 3406 2348 usus

1753 2387 1874 2442 sive
1893 2389 2094 2458 aperte
2107 2384 2438 2450 insidietur,
2460 2384 2580 2439 sive
2593 2383 2846 2440 obscure
2861 2379 3178 2438 laedat.Sed
3193 2380 3406 2438 tirmus

1753 2491 1824 2532 ac
1837 2480 2030 2531 rectus
2047 2489 2316 2537 maneas,
2328 2489 2611 2546 premens
2629 2477 2685 2528 et
2696 2470 3059 2528 conculcans
3073 2469 3404 2526 draconem

1755 2565 1935 2620 istum
1960 2562 2277 2635 obliquum
2339 2561 2583 2634 obliqua
2647 2560 2754 2616 tibi
2808 2558 3212 2616 insinuantem
3269 2573 3410 2614 sua-

1754 2652 2136 2724 dentemque,
2155 2651 2262 2707 sed
2287 2655 2344 2706 et
2369 2649 2605 2706 leonem
2640 2648 2974 2719 rugientem
2998 2651 3056 2702 et
3089 2651 3255 2703 tuam
3281 2647 3408 2703 ani-

1755 2758 1922 2798 mam
1943 2755 2152 2813 rapere
2183 2755 2253 2796 ac
2279 2755 2493 2796 vorare
2520 2742 2909 2811 quaerentem.
2939 2738 3092 2792 Ama
3110 2735 3408 2808 quidquid

1755 2831 1818 2888 in
1852 2827 2260 2886 haereditatem
2283 2827 2525 2884 sortitus
2555 2843 2617 2882 es
2635 2842 2670 2882 a
2689 2824 2858 2881 nobis
2883 2824 2986 2897 qui
3010 2822 3117 2879 tibi
3134 2823 3195 2879 id
3225 2823 3410 2893 gratis

1754 2917 2192 2991 impertivimus
2225 2920 2282 2972 et
2303 2915 2558 2988 perfecte
2592 2914 3004 2986 rependimus.
3039 2914 3102 2968 lit
3124 2926 3284 2967 nunc
3299 2911 3410 2968 ult-

1756 3023 1923 3065 mam
1983 3008 2236 3078 partem,
2277 3005 2536 3074 gratiam
2595 3003 2843 3059 alteram
2879 2999 3084 3073 accipe
3120 3014 3189 3054 ac
3225 2999 3410 3056 retine

1755 3110 2039 3152 nummos
2061 3108 2277 3150 aureos
2435 3094 2500 3147 Et
2528 3090 2575 3146 si
2591 3089 2738 3162 quid
2760 3087 2924 3145 aliud
2944 3087 3246 3144 bonorum
3266 3101 3409 3143 nos-

1757 3191 1984 3244 trorum
2019 3182 2162 3240 tanti
2197 3181 2523 3238 astimetur
2539 3179 2654 3236 hoc
2689 3180 3002 3234 contentus
3028 3174 3130 3233 sis.

2871 3306 2886 3332 ,
2937 3265 2966 3325 ἣ
3030 3266 3074 3318 εἴ
3127 3283 3180 3317 τι
3242 3263 3410 3338 ἕτερον

113 3451 193 3504 Ού
254 3457 352 3525 μην
392 3451 502 3504 ἀλλ’
555 3457 919 3528 έπιστρεπτέον
973 3451 1080 3514 ἤδη
1131 3475 1222 3508 και
1267 3458 1396 3528 πρὸς
1433 3459 1490 3509 σέ
1552 3475 1643 3529 μοι

1833 3451 1940 3509 Sed
1994 3454 2195 3508 tamen
2246 3462 2410 3507 nunc
2462 3449 2699 3520 oportet
2737 3459 2834 3501 me
2871 3442 2950 3501 ad
3016 3445 3074 3500 te
3109 3439 3403 3507 converti;

37 3545 129 3594 τὸν
162 3537 403 3614 δεύτερον
432 3545 523 3615 μεν
558 3550 630 3614 τῷ
667 3547 846 3618 χρόνῳ
879 3587 894 3613 ,
934 3540 1100 3617 μηδὲν
1159 3541 1211 3598 δ’
1258 3546 1412 3603 ἧττον
1460 3543 1643 3618 ἀποφε-

33 3634 256 3705 ρόμενον
315 3638 540 3702 στοργῆς
614 3631 760 3704 ἡμῶν
820 3651 911 3684 και
981 3632 1213 3708 φῦτρου,
1293 3633 1385 3687 ἅτε
1433 3629 1500 3692 δὴ
1554 3653 1645 3686 και

32 3714 210 3793 μηδὲν
282 3720 434 3778 ἧττον
487 3729 584 3783 τῆς
625 3729 882 3795 πατρικῆς
931 3725 1222 3794 μετέχοντα
1268 3727 1499 3795 σχέσεως
1555 3742 1646 3775 και

29 3816 136 3861 τῶν
202 3810 364 3881 ταύτῃ
419 3812 813 3884 προσηκόντων.
866 3808 954 3872 Ὠς
1010 3819 1135 3883 γοῦν
1186 3815 1312 3886 πρὸς
1367 3813 1647 3886 ὁμοτίμους

33 3901 182 3959 ὄντος
221 3917 312 3969 μοι
339 3905 433 3951 τοῦ
480 3897 658 3971 λόγου,
710 3903 803 3958 τὴν
846 3901 994 3972 ἴσην)
1013 3920 1102 3952 και
1147 3905 1279 3974 πρὸς
1326 3899 1648 3975 ἀμφοτέρους

32 3988 332 4058 νουθεσίαν,
391 3991 514 4051 ἴσας
565 3984 624 4042 δε
701 4008 788 4041 και
838 3991 926 4050 τὰς
988 3989 1149 4061 εύχὰς
1193 3997 1464 4063 ποιοῦμαι.
1547 3995 1646 4043 Καί

33 4074 300 4149 βούλομαι
340 4095 424 4130 σοι
451 4095 542 4129 και
593 4079 888 4150 έπεύχόμαι
915 4080 1033 4131 ’ὅσα
1064 4075 1131 4136 δὴ
1179 4098 1270 4131 και
1317 4082 1520 4154 εἴρηται
1558 4098 1646 4131 και

32 4171 112 4235 τῷ
177 4167 278 4238 πρὸ
347 4172 443 4217 σοῦ
500 4167 790 4236 γεννηθέντι
868 4167 1244 4240 συνταξάμενος
1277 4215 1286 4231 ,
1319 4167 1642 4240 ἐπηυξάμην.

39 4257 147 4306 Καί
196 4256 304 4316 εἴης
355 4252 406 4306 ἐν
465 4258 556 4326 μεν
603 4262 709 4316 τοῖς
751 4254 928 4318 καλοῖς
979 4276 1068 4308 και
1134 4255 1369 4329 ἀμεινοσι
1425 4253 1646 4330 μηδενὸς

39 4344 187 4400 ἥττω
227 4349 416 4414 μοῖραν
465 4341 956 4416 ἀποκεκομισμένος,
1003 4341 1197 4414 τοιῇδε
1224 4350 1462 4420 χείρονος
1511 4365 1644 4399 παν-

40 4434 139 4492 τὸς
174 4434 283 4493 εῖης
347 4435 614 4506 κρείττων,
671 4429 892 4506 μηδενὸς
937 4438 1191 4506 μετέχων,
1254 4454 1344 4486 και
1385 4454 1442 4488 σε
1486 4439 1648 4486 κακία

37 4515 283 4592 μηδεμία
333 4516 595 4594 μηδαμῶς
626 4525 676 4574 έν
729 4518 903 4574 ούδενί
953 4527 1208 4597 κρατήσοι
1251 4528 1643 4598 χειρωσαμένη,

34 4611 86 4660 έν
139 4604 190 4660 δ’
251 4606 460 4682 ἀρεταῖς
533 4609 767 4673 ἀπάσάις
849 4614 936 4664 τὸν
1005 4613 1213 4684 εὑρετὴν
1289 4615 1484 4676 ταύτης
1557 4633 1646 4665 και

36 4701 298 4771 σόφιστην
351 4704 564 4770 νικῴης,
596 4718 686 4752 και
729 4705 916 4772 νικῴης
973 4709 1088 4765 ταῖς
1141 4710 1412 4777 μετρικαῖς
1459 4703 1648 4775 εὐχαῖς

1751 3541 1856 3615 qui
1881 3540 2027 3598 mihi
2082 3542 2253 3596 aetate
2295 3536 2540 3610 quidem
2597 3533 2899 3591 secundus
2955 3547 3044 3599 es,
3106 3545 3230 3587 non
3305 3529 3416 3587 mi-

1752 3648 1866 3688 nus
1918 3635 2120 3688 autem
2202 3627 2533 3684 dilectionis
2595 3629 2652 3681 et
2717 3623 2942 3680 amoris
3009 3636 3046 3678 a
3111 3635 3209 3677 me
3265 3617 3416 3676 obti-

1753 3737 1882 3786 nes,
1923 3719 2148 3792 quippe
2178 3718 2281 3791 qui
2308 3731 2429 3773 non
2459 3715 2658 3772 minus
2681 3712 2910 3770 habeas
2949 3714 3262 3783 paternam
3291 3707 3408 3764 for-

1755 3825 1918 3866 mam
1939 3814 1996 3865 et
2015 3824 2150 3881 quae
2175 3807 2254 3863 ad
2277 3822 2410 3862 eam
2437 3804 2791 3878 pertineant.
2827 3805 2974 3858 Cum
3000 3798 3181 3869 igitur
3208 3798 3287 3853 ad
3309 3811 3410 3854 eos

1753 3900 1856 3971 qui
1884 3898 2016 3971 pari
2041 3897 2206 3970 apud
2235 3913 2332 3953 me
2357 3894 2570 3952 honori
2601 3897 2760 3958 sunt,
2785 3903 3104 3946 sermonen
3126 3885 3410 3956 habeam,

1754 3989 1832 4046 ad
1879 3991 2200 4060 utrumque
2247 3985 2462 4042 eadem
2497 3980 2745 4039 consilia
2791 3978 3157 4049 easdemque
3191 3989 3402 4049 preces

1753 4077 2030 4147 dirigam,
2055 4091 2124 4132 ac
2145 4074 2249 4132 tibi
2277 4077 2420 4146 opto
2450 4083 2781 4145 percorque
2815 4079 3214 4140 quascumque
3246 4064 3414 4120 dicta

1757 4171 1898 4223 sunt
1926 4171 1983 4222 et
2007 4166 2060 4220 ei
2113 4164 2216 4238 qui
2269 4163 2432 4235 prior
2459 4167 2511 4218 te
2547 4158 2782 4230 genitus
2809 4163 2916 4226 est,
2936 4158 3214 4228 precatus
3236 4168 3400 4209 sum.

1755 4260 1957 4328 Neque
1987 4253 2281 4309 minorem
2320 4251 2379 4307 in
2416 4247 2681 4323 pulchris
2715 4245 3015 4316 bonisque
3053 4247 3289 4316 partem
3323 4256 3412 4298 re-

1755 4345 1912 4402 feras
1941 4363 1954 4411 ;
1986 4340 2282 4416 quidquid
2303 4355 2446 4396 vero
2467 4337 2694 4394 malum
2717 4341 2828 4402 est,
2843 4348 3112 4406 superes,
3129 4330 3277 4388 nihil
3300 4329 3415 4388 tale

1754 4435 2083 4507 experiens,
2113 4445 2308 4503 neque
2333 4429 2454 4485 ulla
2475 4426 2704 4484 malitia
2725 4430 2779 4481 te
2799 4425 2999 4480 vincat
3018 4421 3416 4492 domitetque,

1755 4525 1813 4580 in
1841 4521 2123 4579 omnibus
2152 4535 2287 4576 vero
2309 4517 2629 4574 virtutibus
2665 4514 2906 4572 malitiae
2941 4513 3317 4570 inventorem
3353 4513 3416 4565 et

1757 4617 2063 4669 auctorem
2093 4610 2322 4676 vincas,
2356 4612 2414 4665 et
2442 4607 2650 4662 vincas
2671 4604 2881 4661 matris
2907 4601 3188 4674 precibus
3221 4613 3416 4656 arma-

1755 4705 1853 4758 tus
1890 4705 1948 4757 et
1974 4699 2262 4756 adversus
2289 4697 2420 4769 ejus
2455 4693 2731 4762 insidias,
2769 4693 2890 4748 sive
2915 4706 3022 4764 per
3044 4705 3106 4746 se
3135 4687 3414 4744 inimicus

37 4786 545 4862 έγκαθωπλισμένος,
625 4809 716 4842 και
761 4793 894 4864 πρὸς
970 4792 1061 4852 τὰς
1143 4791 1440 4859 έπιϐουλὰς,
1490 4794 1519 4853 ἢ
1573 4788 1646 4846 δι’

1833 4793 1958 4860 itet,
1995 4789 2118 4844 sive
2152 4803 2260 4862 per
2294 4785 2444 4843 alios
2480 4783 2730 4840 artiticia
2783 4785 2989 4851 struat,
3029 4780 3315 4834 constans
3349 4788 3420 4864 ac

35 4876 225 4931 ἑαυτοῦ
321 4885 414 4931 τοῦ
505 4877 754 4951 πολεμίου
826 4883 1142 4954 πειρωμένου
1218 4881 1248 4940 ἣ
1318 4877 1391 4934 δι’
1467 4880 1648 4956 ἐτέρων

38 4968 451 5040 μηχανωμένου,
521 4963 888 5042 ἀπερίτρεπτός
952 4987 1029 5029 τις
1097 4988 1187 5022 και
1253 4974 1499 5045 κραταιὸς
1542 4989 1650 5024 πα-

36 5051 360 5129 ρεμϐάλλων.
441 5055 743 5132 Ἐπαρήξει,
835 5052 888 5110 εὖ
987 5053 1130 5126 οἶδα,
1218 5061 1417 5134 μητρὸς
1486 5061 1646 5133 θερμὴ

36 5147 242 5210 πίστις,
309 5148 438 5197 Θεὸν
499 5143 723 5220 ἰσχυρὸν
761 5164 852 5197 και
909 5145 1255 5208 έξουσιαστὴν
1303 5151 1436 5200 κατὰ
1472 5149 1651 5210 πάσης

40 5231 404 5305 ἀντικειμένης
461 5229 730 5306 δυνάμεως
785 5232 985 5308 ἀρωγὸν
1025 5235 1398 5309 ἐπικαλουμένη
1467 5241 1556 5289 καί
1592 5257 1652 5309 γε

442 5322 467 5337 ν

38 5325 400 5395 παρεχομένη,
532 5319 600 5381 δὴ
651 5342 742 5374 και
791 5318 942 5376 οὐδὲν
999 5324 1162 5387 οὕτως
1202 5321 1354 5384 ἣδιον
1403 5328 1473 5388 ὡς
1540 5327 1654 5388 υἱος

42 5534 324 5662 Ἦ(Ι¹)¹Τάς
363 5532 647 5608 μεθοδείας
674 5534 894 5593 diaboli
923 5536 1072 5593 dixit
1120 5537 1339 5594 Paulus
1371 5539 1451 5596 ad
1501 5540 1652 5614 Eph.

111 5646 481 5746 ’(2')”Psalm.
546 5693 638 5748 XC,
693 5683 754 5735 i3
798 5695 812 5735 z
863 5684 1264 5744 Καταπατήσεις
1312 5680 1489 5737 λέοντα
1565 5701 1657 5736 και

45 5742 336 5820 δρακοντα.

1757 4879 1923 4936 fortis
1965 4876 2241 4934 resistas!
2276 4875 2402 4932 Tibi
2463 4871 2872 4940 auxiliabitur,
2921 4873 2987 4924 ut
3024 4865 3168 4936 scio,
3207 4862 3417 4921 matris

1758 4967 2158 5034 ardensfides,
2175 4967 2363 5022 Deum
2384 4963 2593 5020 fortem
2609 4977 2679 5018 ac
2705 4959 3181 5031 omnipotentem
3199 4951 3408 5012 adver-

1761 5075 1866 5114 sus
1910 5072 2155 5114 omnem
2198 5053 2543 5128 oppositam
2580 5051 2940 5122 potestatem
2967 5043 3308 5116 adjutorem
3331 5040 3418 5098 in-

1757 5162 1984 5203 vocans
2013 5150 2071 5201 et
2099 5148 2410 5217 praastans,
2436 5139 2530 5196 cui
2568 5153 2715 5194 sane
2745 5135 2894 5193 nihil
2921 5139 3044 5191 tam
3075 5128 3418 5205 jucundum

1760 5241 2052 5308 estquam
2091 5233 2251 5288 ﬁlius
2281 5235 2536 5286 matrem
2581 5226 2915 5294 laetiticans,
2947 5229 3007 5279 et
3031 5223 3204 5294 juxta
3229 5217 3420 5308 ipsius

1760 5307 2053 5382 mandata
2088 5323 2245 5378 hanc
2280 5317 2429 5389 legis
2468 5323 2727 5389 partem,
2751 5329 2940 5388 quam
2999 5307 3419 5382 diligentissim

1833 5540 1912 5608 (3)
1974 5535 2387 5608 Pctr.IEpist.
2452 5549 2508 5597 V,
2569 5535 2600 5588 8
2662 5532 2722 5585 Ὀ
2758 5525 3024 5590 ἀντίδικος
3074 5527 3225 5608 ρμᾱςι
3298 5519 3419 5608 διά-

1765 5597 1928 5679 ϐολος,
1997 5611 2066 5672 ὡς
2129 5597 2275 5662 λέων⁵
2313 5607 2622 5679 ὡρυόμενος,
2703 5608 2997 5674 περιπατεῖ,
3071 5597 3244 5660 ζητῶν
3304 5598 3424 5647 τίνα

1765 5685 1993 5755 καταπίῃ
2006 5721 2020 5736 .
