3934 6322
527 355 661 414 M9!

1875 353 2246 411 NICEPHORI
2276 353 2541 410 CHUINI

3781 355 3880 407 i592

527 483 880 547 ob-ervans,
895 484 1074 551 atque
1089 479 1681 553 deincepsquidquid
1695 481 1865 537 decet
1879 481 1994 552 piae
2011 480 2183 534 matri

2307 478 2580 550 ιῦφραίνων
2633 482 2852 548 μητέρα,
2914 482 3004 528 καὶ
3063 481 3198 528 κατὰ
3251 481 3343 538 τὰς
3443 476 3656 529 habet;

525 575 813 636 tribuens,
854 571 933 625 ita
972 578 1050 638 ut,
1086 574 1329 640 propter
1374 574 1580 636 Deum,
1617 577 1674 628 et
1721 571 1870 627 meis
1906 570 2162 626 adhorta

527 663 794 719 tionibus
808 659 1078 726 obedias,
1090 659 1258 730 quod
1274 660 1529 716 voluerit
1541 660 1819 733 mater,id
1837 657 2185 730 exsequaris

529 759 587 810 et
621 753 897 808 ardenter
951 765 1220 822 sequere.
1284 754 1345 806 Et
1376 751 1476 807 tibi
1507 752 1670 823 apud
1719 755 1904 806 Deum
1932 751 2040 805 erit
2078 763 2186 819 pro

531 841 806 898 mercede
828 840 1037 909 gloria,
1057 846 1114 895 et
1130 840 1292 911 apud
1307 855 1518 897 omnes
1540 841 1840 905 nomines,
1855 838 2186 913 praesertim

531 948 670 988 vero
707 930 871 1003 apud
930 929 1084 1000 pios,
1137 929 1454 1000 splendida
1510 945 1582 986 ac
1635 929 2036 1001 pulcherrima
2083 926 2186 982 tibi

531 1019 920 1090 adoptabitur
979 1018 1179 1087 gloriae
1239 1034 1483 1085 corona,
1521 1019 1729 1073 dulces
1760 1034 1830 1074 ac
1852 1033 2066 1072 suaves
2097 1016 2184 1070 vel

532 1110 624 1164 his
649 1110 709 1164 in
771 1107 937 1162 terris
999 1107 1085 1161 tui
1142 1108 1366 1162 amoris
1399 1107 1624 1162 fructus
1649 1107 1915 1179 carpenti
1952 1125 1969 1176 ;
2004 1105 2107 1160 sed
2130 1109 2188 1160 et

529 1199 590 1254 in
634 1197 832 1252 futura
883 1211 953 1251 ac
1002 1202 1226 1250 interna
1281 1196 1424 1260 vita,
1455 1196 1666 1267 quales
1718 1210 1914 1267 neque
1975 1192 2185 1249 oculus

531 1285 697 1354 vidit,
729 1301 925 1356 neque
982 1285 1146 1339 auris
1197 1283 1426 1338 audivit
1469 1300 1665 1355 neque
1693 1286 1753 1339 in
1794 1299 1898 1338 cor
1927 1281 2187 1338 hominis

537 1375 932 1429 ascenderunt
982 1373 1227 1427 sinceris
1287 1372 1514 1428 deliciis
1548 1372 1782 1429 frueris.
1807 1375 1853 1424 Α
1886 1370 2060 1426 nobis
2086 1387 2186 1425 au-

535 1468 676 1527 tem,
735 1461 880 1532 quid
941 1461 1043 1516 tibi
1096 1460 1251 1514 bene
1288 1461 1542 1532 sapienti
1579 1460 1838 1532 amplius
1869 1461 1973 1514 erit
2000 1473 2186 1530 quam

534 1567 606 1607 ea
629 1567 767 1623 quas
793 1551 960 1622 prius
1011 1549 1306 1619 accepisti,
1343 1555 1399 1604 et
1425 1565 1497 1603 ea
1526 1554 1665 1605 vota
1699 1565 1836 1620 qua;
1868 1564 2028 1603 nunc
2053 1546 2190 1602 faci-

534 1655 672 1695 mus
702 1640 730 1694 ?
763 1640 816 1694 Si
840 1638 986 1709 quid
1028 1637 1288 1708 amplius
1315 1638 1383 1692 iis
1425 1637 1880 1708 addioporteat,
1915 1637 2186 1692 ultimum

535 1744 679 1783 sane
731 1729 961 1782 donum
1017 1732 1075 1782 et
1125 1726 1375 1794 gratiam
1427 1726 1730 1792 addimus,
1768 1725 1914 1781 nihil
1943 1723 2189 1796 quidem

534 1832 758 1882 minus,
779 1815 881 1869 sed
905 1815 1112 1870 omnio
1140 1815 1538 1886 primogenita
1561 1815 1810 1886 aequale.

533 1913 622 1956 νῦν
676 1901 735 1956 δὲ
776 1911 878 1956 τῶν
922 1903 1113 1974 εὐχῶν,

2293 572 2383 618 και
2439 575 2591 618 τοῦτο
2637 562 2704 622 δὴ
2770 570 2829 618 τὸ
2876 570 3026 640 μέρος
3084 566 3166 618 ἐπὶ
3238 567 3495 620 πΜστον
3544 563 3675 618 ὅσον
3719 569 3884 618 εις-ἰιι-

2293 661 2551 727 τενμένος.

2293 745 2619 819 περισὼζων,
2643 747 2781 797 ὥστε
2817 750 2910 796 καὶ
2943 752 3076 798 Θεοῦ
3105 748 3266 818 χάριν
3318 765 3410 797 και
3487 752 3618 806 ταῖς
3668 745 3810 815 ἐμαῖς
3851 742 3891 797 δέ

2632 661 2732 708 Καὶ
2807 663 2932 726 γοῦν
2989 660 3048 708 τό
3117 656 3255 716 εἰκὸς
3303 662 3406 707 πᾶν
3466 655 3702 726 θεοφιλεε
3762 675 3888 727 ξιτψ

2293 837 2661 905 παραινέσεσιν
2728 837 2896 898 εἴκων,
2930 834 3080 884 πάντ’
3135 836 3222 886 ἔσο
3278 839 3450 906 μητρὶ
3493 839 3640 907 πρὸς
3669 834 3706 884 ἆ
3740 831 3801 890 δὴ
3830 840 3892 885 τε

2297 921 2540 993 βούλοιτο
2601 923 3022 994 ὑποτασσόμενος
3081 928 3172 974 καὶ
3211 922 3531 994 ἐγεπόμενος
3592 925 3888 993 1:906:39!“-

2291 1016 2384 1063 καὶ
2407 1015 2638 1063 κείσεται
2668 1016 2757 1082 μέν
2797 1031 2882 1062 σοι
2912 1008 3046 1073 δοξιι
3105 1014 3247 1085 παρὰ
3289 1019 3426 1064 Θεοῦ
3493 1016 3640 1084 πρὸς
3706 1012 3894 1081 dumis!

2293 1104 2590 1172 γιγνομένη,
2655 1098 2783 1151 ἀλλὰ
2859 1105 2950 1151 καὶ
3017 1103 3161 1174 παρὰ
3206 1107 3367 1152 πᾶσιν
3441 1099 3780 1172 ἀνθρώπους.
3836 1120 3896 1150 ιι

2293 1188 2526 1258 μάλιστά
2562 1207 2618 1258 γε
2668 1195 2780 1249 τοῖς
2859 1188 3150 1257 εὐσεϐοῦσι,
3231 1189 3472 1262 λαμπρὸς
3541 1190 3712 1248 οὗτος
3771 1187 3896 1249 δοξτς

2293 1281 2384 1328 καὶ
2439 1276 2718 1338 καλλιστος
2777 1277 3227 1348 ὶναρμοσθήσεται
3280 1285 3555 1349 etim.
3625 1274 3782 1336 ἡδεῖς
3837 1282 3896 1346 ατ»

2295 1370 2385 1417 καὶ
2413 1364 2619 1434 γλυκεῖς
2648 1364 2916 1416 κάνταῦθα
2970 1361 3125 1417 τοῦδε
3176 1374 3266 1417 τοῦ
3298 1363 3752 1436 σπουδάσματος
3814 1373 3897 1423 τσνς

2295 1457 2529 1527 καρποὺς
2575 1463 2838 1525 τρυγῶντι
2896 1474 2908 1486 ·
2967 1452 3094 1506 ἀλλὰ
3139 1459 3228 1505 καὶ
3281 1454 3330 1505 έν
3391 1462 3504 1514 τοῖς
3559 1457 3652 1506 αεὶ
3717 1459 3894 1525 pix-ws

2293 1547 2386 1598 καὶ
2434 1541 2756 1614 ἀπεράντως.
2831 1545 2899 1602 ὡς
2952 1542 3070 1594 οὔτε
3138 1542 3396 1614 ὀφθαλμὸς
3465 1539 3612 1594 εἶδεν
3677 1549 3761 1611 (1ιὲ
3815 1547 3898 1594 εἰς

2297 1629 2386 1693 οὖς
2442 1636 2685 1697 ἤκουσεν,

2296 1721 2429 1772 οὕτω
2481 1725 2574 1778 τὴν
2622 1723 2820 1791 τρυφήν
2865 1719 3128 1795 ἀκήρατον
3182 1725 3492 1792 τρυγήσεις.
3566 1722 3720 1795 ῐιαρ’

2293 1805 2380 1874 δε,
2432 1810 2500 1859 ὧν
2557 1813 2646 1860 καὶ
2698 1807 2968 1880 προλαϐὼν
3034 1811 3355 1881 πραγμάτων
3433 1808 3789 1881 ἀπειλήφεις,
3843 1832 3902 1860 κει

2767 1635 2886 1684 οὔτε
2950 1630 3103 1688 ἀνέϐη
3162 1631 3246 1683 ἐπὶ
3309 1628 3544 1705 καρδίαν
3620 1631 3896 1703 ἇοθρὼπδυ,

1196 1908 1248 1954 τί
1299 1903 1449 1956 πλέον
1527 1906 1640 1955 ἔστι
1696 1922 1781 1955 σοι
1832 1903 2236 1974 εῦγνωμονοῦντι
2289 1917 2304 1968 ;
2362 1898 2422 1956 ἣν
2509 1893 2568 1950 δέ
2613 1916 2667 1949 τι
2724 1902 2813 1950 καὶ
2878 1897 3049 1952 πλεῖον
3103 1895 3195 1970 δέη
3243 1900 3638 1972 προστεθῆναι,
3693 1902 3888 1954 {ast-if:

537 1990 778 2051 δηλονότι
808 1989 1007 2064 δωρεὰν
1027 1997 1116 2044 καὶ
1147 1994 1309 2066 χάριν
1348 1995 1690 2064 προστίθεμεν
1721 1989 1794 2050 ἥδ
1799 2011 1851 2060 η,
1885 1987 2050 2063 μηδεν
2197 1986 2455 2052 ἓλλαττον,
2481 1995 2552 2056 τῷ
2576 1993 2892 2059 πρωτοτοκῳ
2915 1987 3031 2040 κατ’
3061 1991 3197 2040 ἶσον.

609 2083 675 2136 Et
716 2080 845 2135 haec
891 2081 1136 2153 quidem
1191 2081 1364 2135 nobis
1414 2081 1713 2136 vitentur.
1768 2080 2048 2152 Reliquus
2104 2084 2193 2134 est
2235 2079 2274 2132 Β

536 2169 801 2227 ﬁliorum
840 2175 1115 2241 quartus.

607 2259 717 2325 Qui
747 2259 907 2314 enim
929 2258 988 2313 in
1005 2259 1204 2314 medio
1234 2265 1324 2313 est
1351 2274 1420 2314 ac
1454 2258 1679 2325 tertius,
1714 2258 1964 2314 libenter
1991 2257 2190 2322 omisi,

534 2363 731 2420 neque
753 2363 876 2418 qua
897 2362 1040 2415 erga
1075 2362 1212 2402 eum
1246 2347 1550 2402 voluntate
1582 2347 1714 2412 sim,
1740 2347 1866 2402 scio
1895 2353 1952 2402 et
1980 2362 2103 2419 quo
2133 2346 2194 2400 in

535 2435 744 2492 ordine
775 2451 1023 2506 ponam,
1052 2435 1279 2506 quippe
1315 2435 1419 2507 qui
1455 2435 1588 2490 viae
1624 2441 2025 2490 monstrosam
2057 2450 2194 2490 con-

534 2524 830 2581 fusionem
879 2530 937 2578 et
984 2523 1483 2579 inordinatiouem
1523 2523 1785 2592 elegerit,
1819 2539 1928 2594 pro
1963 2539 2034 2578 ea
2074 2523 2197 2577 vita

536 2628 672 2684 quas
723 2612 887 2683 prius
930 2611 1206 2667 ordinata
1254 2616 1380 2666 erat
1413 2617 1470 2666 et
1519 2611 1758 2682 sapiens
1782 2618 1839 2666 et
1864 2613 2038 2667 nobis
2069 2612 2195 2683 pla-

542 2705 949 2766 cens;utrum
1011 2717 1146 2755 cum
1194 2701 1265 2755 iis
1306 2701 1411 2772 qui
1453 2700 1732 2756 eamdem
1785 2701 1915 2756 vitae
1937 2701 2194 2756 formam

547 2792 782 2858 gerunt,
816 2790 908 2844 cui
967 2795 1021 2844 et
1050 2789 1180 2860 ipse
1207 2805 1240 2844 a
1277 2789 1494 2844 teneris
1527 2788 1722 2844 libens
1764 2806 1828 2844 se
1856 2790 2051 2862 ipsum
2083 2797 2193 2846 tra-

539 2877 710 2948 didit,
771 2878 905 2933 etin
929 2893 1052 2950 qua
1074 2878 1251 2934 etiam
1287 2894 1444 2934 nunc
1480 2884 1760 2944 versatur,
1797 2880 2040 2935 minime
2065 2879 2196 2952 qui-

539 2969 682 3023 dem
748 2966 1036 3032 moribus,
1087 2966 1188 3022 sed
1229 2967 1358 3023 solo
1397 2967 1604 3023 habitu
1659 2985 1730 3023 ac
1765 2969 2116 3024 vestimento
2139 2973 2196 3023 et

542 3071 684 3110 sane
711 3055 950 3126 invitus,
989 3073 1024 3111 a
1050 3055 1224 3111 nobis
1251 3057 1482 3111 decoris
1509 3073 1690 3112 causa
1710 3059 1882 3130 quasi
1914 3064 2154 3112 coactus
2179 3075 2192 3122 ;

543 3161 622 3200 an
652 3145 756 3212 ibi,
789 3161 910 3216 quo
942 3146 1102 3201 mala
1131 3162 1201 3202 ac
1217 3162 1406 3218 prava
1426 3147 1555 3217 ejus
1581 3146 1787 3202 electio
1803 3147 1984 3215 ducti,
2019 3147 2195 3215 longe

545 3233 767 3288 scilicet
793 3250 828 3288 a
847 3236 964 3290 Deo
988 3240 1042 3288 et
1064 3251 1096 3288 a
1124 3235 1356 3290 virtute.
1380 3235 1638 3290 Accessit
1668 3236 1826 3290 enim
1862 3241 1917 3290 et
1943 3238 2195 3290 accurrit

544 3322 622 3377 ad
656 3327 968 3376 vocantem
995 3323 1312 3386 Christum,
1348 3328 1402 3377 et
1441 3339 1677 3378 crucem
1717 3324 1844 3394 ejus
1871 3323 2106 3379 sustulit
2139 3329 2196 3379 et

2379 2080 2475 2128 Καὶ
2527 2083 2695 2128 ταῦτα
2749 2079 2840 2148 μεν
2895 2077 3016 2147 ὑμῖν
3069 2097 3082 2108 ·

2302 2166 2470 2216 υἱέων.

3139 2075 3312 2136 λοιπὸς
3344 2072 3398 2128 δ’
3447 2079 3477 2128 ὁ
3534 2082 3802 2152 τέταρτος
3837 2099 3904 2128 τοτε

2372 2256 2471 2305 Τὸν
2501 2255 2604 2325 γὰρ
2653 2251 2702 2303 ἐν
2759 2257 2901 2323 μέσῳ
2955 2258 3044 2304 καὶ
3098 2257 3268 2325 τρίτον
3321 2252 3450 2304 ἑκὼν
3515 2263 3776 2328 παρῆκα,
3827 2255 3906 2304 ἐπε

2303 2338 2433 2414 μηδ’
2483 2344 2592 2412 ἔχω
2642 2344 2718 2400 τίς
2754 2347 2872 2415 περὶ
2930 2341 3088 2393 αὐτὸν
3130 2348 3356 2413 γένωμαι
3423 2346 3524 2399 τήν
3561 2350 3814 2415 γνώμην,
3841 2365 3904 2393 ιι.

2303 2432 2357 2483 οἶ
2389 2430 2552 2500 τάξω,
2605 2432 2876 2500 σύγχυσιν
2916 2428 3186 2482 ἀλλόκοτον
3218 2428 3340 2501 βίου
3392 2437 3486 2482 καὶ
3546 2430 3787 2494 ἀταξίαν

2302 2538 2471 2592 μενον,
2529 2518 2648 2570 ἀντὶ
2702 2526 2793 2572 τοῦ
2845 2525 3025 2591 πρώην
3068 2523 3292 2590 κοσμίου
3335 2524 3426 2571 καὶ
3488 2527 3778 2592 σώφρονος
3835 2542 3898 2572 κα

2303 2610 2428 2680 ἡμῖν
2474 2607 2782 2681 έπεράστου,
2839 2612 3052 2680 πότερον
3117 2609 3248 2680 μετὰ
3302 2616 3402 2659 τῶν
3459 2606 3550 2660 ἐπὶ
3613 2618 3723 2661 τοῦ
3768 2609 3894 2660 «in:

2306 2701 2590 2768 σχήματος
2645 2695 2944 2762 τελούντων,
2997 2697 3036 2766 ᾧ
3085 2692 3153 2754 δὴ
3211 2701 3302 2748 καὶ
3393 2697 3554 2758 οὗτος
3605 2696 3669 2748 ἐκ
3735 2695 3897 2754 παιδὰς

2303 2785 2430 2838 ἑκὼν
2483 2781 2611 2837 εἶναι
2661 2789 2822 2856 φέρων
2887 2784 3068 2837 ἑαυτὸν
3123 2783 3268 2842 ἐνῆκε
3310 2789 3408 2852 (2).
3467 2791 3563 2836 καὶ
3622 2793 3725 2838 νῦν
3791 2787 3896 2837 ἐστο

2304 2875 2560 2946 ἀρώμενος
2598 2872 2647 2925 ἐν
2673 2877 2860 2944 τούτῳ,
2896 2876 3093 2931 ἣκιστα
3285 2881 3397 2934 τοίς
3455 2878 3713 2945 τρόποις,
3770 2884 3825 2945 τῇ
3863 2871 3897 2924 δ’

2305 2961 2579 3035 ἀμπεχόνη
2611 2968 2702 3016 καὶ
2744 2971 2864 3023 ταῖς
2923 2962 3217 3035 περιϐολαῖς

2305 3049 2566 3109 δήπουθεν
2650 3050 2838 3118 ἀέκων,
2913 3051 3036 3124 παρ’
3088 3053 3233 3123 ἡμῶν
3315 3054 3505 3106 ὠσανεὶ
3586 3061 3691 3104 τοῦ
3775 3057 3897 3104 καίού

2303 3143 2466 3214 χάριν
2550 3144 2999 3214 τετυραννημένος,
3076 3141 3105 3198 ἦ
3151 3141 3300 3192 ,ὁποι
3368 3143 3582 3210 πονηρὰ

2303 3234 2392 3281 καὶ
2449 3231 2704 3302 μοχθηρὰ
2775 3229 2947 3300 ἐξάγει
3031 3234 3354 3301 προαίρεσις,
3683 3229 3894 3288 enim:

2305 3325 2440 3371 Θεοῦ
2492 3323 2581 3371 καὶ
2647 3323 2834 3379 παντὸς
2900 3327 3000 3370 τοῦ.
3067 3320 3426 3377 καθήκοντος..
3467 3320 3765 3390 "poni-2.5:
3833 3328 3894 3388 in:

3317 2968 3504 3034 μόναις
3566 2969 3668 3016 καὶ
3717 2968 3898 3018 ταύτης

2650 3050 2812 3104 ἀέκων
2821 3095 2838 3118 ,

545 3426 610 3464 se
635 3409 802 3466 illum
825 3416 1169 3466 secuturum
1203 3427 1331 3466 esse
1364 3412 1676 3482 promisit;
1709 3413 1999 3468 deindein
2025 3414 2192 3468 rectis

2307 3409 2406 3482 γὰρ
2437 3411 2526 3459 καὶ
2558 3409 2834 3480 προθύμως
2873 3403 3208 3480 προσέδραμε
3255 3415 3328 3476 τῷ
3383 3406 3641 3460 καλοῦντι
3685 3416 3890 3480 Χριστῲ¹

544 3498 773 3553 semitis
803 3498 1177 3568 claudicavit,
1207 3505 1264 3554 et
1295 3506 1614 3572 postquam
1643 3501 1794 3556 bene
1833 3501 1906 3556 ad
1939 3502 2193 3558 cwlestis

546 3587 671 3656 agri
697 3591 960 3641 aratrum
995 3601 1242 3643 manum
1267 3587 1566 3660 misit,qui
1597 3589 1782 3644 multa
1811 3589 1972 3644 bona
2000 3591 2056 3644 in
2083 3606 2196 3644 caa-

547 3674 796 3730 lestibus
829 3675 1058 3731 horreis
1121 3676 1295 3740 collit,
1341 3678 1552 3732 avertit
1593 3694 1656 3733 se
1690 3685 1868 3745 retro,
1912 3679 2063 3734 eheu
2098 3679 2110 3733 ι
2143 3685 2202 3734 et

545 3763 737 3820 malas
758 3764 1116 3836 cupiditates
1164 3765 1562 3838 libidinesque
1613 3768 1810 3822 cordis
1836 3768 1924 3822 sui
1953 3775 2197 3823 secutus

544 3859 652 3920 est,
685 3859 741 3909 et
766 3856 867 3926 qui
914 3855 1080 3926 prius
1107 3855 1263 3910 intra
1292 3857 1500 3911 Christi
1523 3857 1841 3913 Ecclesiam
1867 3858 2058 3912 vivere
2087 3858 2197 3913 ele—

546 3947 730 4014 gerat,
760 3957 921 4000 nunc
942 3943 1190 4012 maligni
1211 3944 1416 4016 praeda
1432 3950 1702 4016 apparet,
1718 3945 1893 4000 simul
1908 3947 2200 4002 asatutari

545 4047 614 4087 ac
645 4047 816 4088 sacro
846 4031 1131 4104 expulsus
1177 4047 1374 4102 grege,
1430 4039 1584 4088 totus
1637 4033 1868 4089 scelesti
1895 4050 1965 4089 ac
1988 4035 2198 4106 perfidi

545 4121 838 4176 daemonis
854 4121 1106 4191 ﬂagellis
1138 4137 1206 4176 ac
1235 4121 1581 4177 vulneribus
1601 4125 1933 4194 confossus,
1950 4125 2052 4195 qui
2077 4140 2198 4179 non

545 4223 652 4280 per
682 4210 954 4279 januam,
984 4209 1088 4264 sed
1115 4209 1356 4266 aliunde
1387 4211 1831 4283 perpraecipitia
1852 4213 2120 4268 ascendit
2140 4214 2196 4268 in

545 4313 648 4353 eos
679 4298 899 4368 quibus
933 4298 1218 4353 insultare
1257 4299 1428 4365 solet,
1466 4299 1559 4355 ille
1598 4299 1830 4355 malitiae
1865 4309 2094 4366 auctor,
2144 4307 2201 4357 et

546 4381 691 4437 boni
722 4384 926 4444 fueram
957 4391 1010 4440 et
1035 4388 1208 4441 nobis
1223 4403 1468 4459 prorsus
1488 4388 1834 4444 electionem
1866 4389 2199 4445 infelicibus

545 4483 880 4542 proponere
913 4479 1095 4528 amat.
1131 4476 1259 4530 Non
1291 4477 1448 4531 enim
1471 4477 1888 4532 omnimodam
1919 4479 2197 4534 virtutem

545 4559 598 4613 ei
624 4560 1043 4630 concedemus,
1067 4577 1180 4616 nos
1207 4565 1456 4619 omnino
1483 4566 1660 4637 culpa
1686 4566 2025 4621 liberantes.
2054 4569 2115 4621 Et
2148 4569 2194 4621 si

543 4659 656 4702 nos
685 4649 745 4702 in
793 4647 953 4704 bono
983 4649 1228 4706 firmiter
1254 4657 1406 4708 stare
1449 4653 1752 4715 vellemus,
1786 4654 2012 4724 fugeret
2033 4658 2196 4712 Sata-

541 4747 654 4791 nas
693 4740 747 4791 et
766 4725 948 4791 certo
968 4736 1284 4804 recederet,
1314 4744 1370 4794 et
1398 4746 1536 4812 post
1584 4757 1696 4796 nos
1725 4741 2038 4813 ejiceretur
2058 4759 2193 4797 cum
2233 4777 2274 4830 ι)

543 4823 770 4879 Christo
792 4825 849 4879 in
869 4825 992 4880 acie
1019 4830 1266 4884 stantes.
1286 4831 1390 4900 qui
1412 4833 1466 4884 et
1517 4829 1814 4884 mundum
1852 4830 2194 4888 universum

540 4917 598 4970 et
636 4913 819 4984 hujus
855 4915 1207 4987 principem,
1238 4920 1591 4973 tentatorem
1615 4918 1794 4973 istum
1817 4918 2054 4977 devicit.
2073 4919 2196 4976 Sub

613 5093 690 5160 (tr)
752 5092 862 5146 Pro
911 5095 980 5154 ὡς
1036 5089 1372 5160 ἰοτεαηίοῖς.
1406 5123 1476 5132 -
1539 5093 1754 5149 Paulus
1785 5094 1803 5147 l
1836 5094 1912 5150 ad
1964 5097 2094 5151 Cor.
2131 5057 2193 5160 ιι,

544 5163 576 5217 Θ
611 5159 712 5214 ΞἋ
751 5161 1008 5234 ὀφθαλμὸς
1036 5162 1130 5234 οῦκ
1179 5159 1363 5234 sicis).
1405 5207 1418 5218 .
1473 5206 1489 5219 .

615 5237 693 5296 (“2.)
721 5236 796 5287 De
828 5233 1161 5290 mOuastica
1177 5234 1295 5307 vita
1313 5233 1370 5288 id
1397 5241 1484 5290 est
1505 5235 2191 5307 intelligendum,quam

540 5315 805 5434 grpuero
846 5307 1033 5360 fuerat
1061 5303 1377 5376 amplexus
1410 5312 1554 5362 natu
1582 5308 1783 5361 tertius
1823 5307 1917 5363 ille
1940 5303 2194 5364 Chiimni

610 5390 726 5430 ius.

610 5390 726 5430 lllS.

611 5445 687 5511 (3)
736 5444 955 5521 Μειῐώ.
996 5448 1260 5521 _xviu,30
1290 5461 1302 5500 ε
1332 5449 1397 5521 Εἴ
1442 5467 1522 5509 τις
1572 5449 1702 5521 θέλει
1766 5448 1934 5500 ὀπίσω
1993 5469 2093 5521 μου
2122 5448 2195 5500 ἑ)-

542 5515 665 5594 θείν,
727 5515 1121 5594 ἀπαρνησάσθω
1199 5515 1376 5569 ἑαυτὸν
1453 5523 1542 5571 καὶ
1596 5519 1766 5592 apem
1829 5523 1912 5572 τὸι
1974 5515 2195 5594 σταυρὸν

539 5586 720 5660 αὐτοῦ,
757 5586 846 5660 καῖ
877 5586 1219 5660 ἀκολουθείτω
1249 5607 1340 5660 μοι
1369 5590 1531 5644 Conf.
1580 5586 1711 5646 istic.
1745 5607 1831 5658 XV,
1863 5594 1950 5647 27.

609 5657 686 5735 (ἃ)
751 5659 888 5727 Sap.
949 5657 1174 5724 Sirach,
1228 5657 1390 5727 ἐγω,
1450 5660 1792 5716 3Ο;Ὀπίσω
1855 5670 1954 5717 τῶν
2016 5663 2192 5722 ἐπιθυ-

2305 3501 2395 3548 καὶ
2447 3499 2534 3547 τὸν
2602 3500 2828 3569 σταυρὸν
2865 3492 2976 3568 ,ἦρε
3023 3501 3112 3546 καὶ
3159 3495 3330 3547 ὀπίσω
3385 3496 3788 3550 κατακολουθεί
3830 3497 3894 3546 an;

2305 3593 2396 3638 τοῦ
2427 3585 2507 3654 (3)
2534 3584 2880 3656 ἐπηγγείλατο
2909 3606 2920 3618 ·
2945 3583 3042 3638 εἶθ’
3087 3584 3232 3645 ὅλαις
3259 3593 3369 3644 ταῖς
3419 3585 3650 3645 εὐθείαις
3694 3587 3894 3659 ipsis:

2305 3673 2524 3747 τρίϐοις,
2584 3679 2674 3726 καὶ
2712 3673 2890 3745 βαλὼν.
2938 3678 3108 3735 καλῶς
3155 3673 3234 3726 ἐπ’
3263 3675 3482 3747 ἄροτρον
3533 3683 3712 3747 χεῖρα
3765 3677 3892 3746 οὐρι-

2304 3767 2416 3816 νίου
2481 3768 2738 3836 γεωργίας
2809 3768 2900 3816 καὶ
2980 3762 3154 3826 πολλὰ.
3223 3761 3564 3833 τᾶιγαθὰηέν
3623 3763 3893 3822 ἀποθήκας

2307 3851 2536 3914 αἰωνίοις
2594 3852 3045 3924 θησαυριζούσης,
3073 3851 3309 3924 ἐστράφη
3333 3851 3521 3904 ,ὀπίσω
3561 3856 3717 3924 cipe:
3773 3854 3788 3907 Σ
3823 3861 3893 3905 τίει

2306 3949 2478 3992 κακῶν
2525 3938 2812 4012 ἐπιθυμιῶν
2893 3941 2974 4011 (4)
3011 3945 3110 4004 ⁵καὶ
3187 3939 3489 4012 Θελημάτων
3547 3950 3654 4002 τῆς
3705 3939 3897 4014 impiis-ﬁ

2306 4029 2488 4095 αὐτοῦ,
2553 4035 2642 4082 καὶ
2687 4038 2784 4090 τῆς
2833 4037 3066 4103 Χριστοῦ
3136 4025 3371 4101 μάνδρας
3441 4028 3586 4089 ἐντὸς
3639 4029 3900 4099 ἀγαπήσας

2307 4127 2509 4192 πρῶτον
2587 4115 2972 4182 ἐνδιαιτᾶσθαι,

2308 4207 2511 4278 ὁρᾶται,
2553 4208 2682 4279 ὁμοῦ
2741 4215 2830 4267 τῆς
2881 4212 3146 4280 σωτηρίας
3201 4212 3289 4259 καὶ
3343 4214 3433 4267 τῆς
3489 4209 3631 4278 ἱερᾶς
3686 4208 3899 4270 ἐξωσῦεξ

3063 4120 3276 4190 θήραμα
3355 4126 3442 4170 νῦν
3522 4117 3757 4171 ἐλεεινὸν
3843 4126 3894 4185 λῖν

2305 4301 2548 4368 ποίμνης,
2625 4301 2939 4369 στιγματίας
3008 4296 3120 4356 ὅλος
3201 4303 3315 4358 ταῖς
3374 4303 3466 4347 τοῦ
3553 4296 3768 4368 λῃστοῦ
3833 4303 3896 4346 ιε

2304 4385 2524 4438 κλέπτου
2557 4389 2634 4456 (6)
2665 4386 2880 4457 μάστιξι
2905 4390 2994 4438 καὶ
3041 4385 3288 4456 πληγαῖς,
3329 4389 3401 4456 μὴ
3462 4381 3562 4436 διὰ
3590 4393 3687 4446 τῆς
3739 4387 3894 4442 triti;

2305 4473 2412 4526 ἀλλ’
2469 4473 2756 4546 ἀλλαχόθεν
2808 4476 2960 4527 ποθὲν
3033 4470 3128 4526 διὰ
3177 4482 3418 4545 κρημνῶν
3477 4493 3633 4525 τινων
3703 4477 3881 4527 ira-fr:

2304 4583 2393 4625 τος
2435 4565 2527 4634 (7),
2589 4565 2666 4626 οἷς
2709 4569 2898 4624 ἐκεῖνος
2951 4566 3119 4616 εἴωθεν
3167 4561 3454 4632 ἐπιπηδῲι,
3497 4564 3524 4614 ὁ
3585 4561 3894 4636 δομωυργέέ

2305 4661 2399 4714 τῆς
2429 4657 2633 4721 κακίας,
2661 4658 2750 4706 καὶ
2775 4657 2867 4710 την
2899 4651 3000 4706 ἀπὸ
3051 4661 3142 4706 τοῦ
3201 4653 3360 4704 καλοῦ
3409 4657 3585 4724 φυγὴν
3645 4661 3746 4712 χ,ιὶ
3801 4659 3894 4723 ἐμὲ

2305 4749 2416 4803 τοῖς
2471 4745 2534 4793 τὰ
2586 4744 2755 4794 πάντα
2805 4738 3103 4816 μοχθηροῖς
3149 4746 3243 4800 τὴν
3289 4746 3602 4813 προαίρεσιν
3657 4745 3893 4816 προξενιδῇ

2306 4832 2701 4904 τεχναζομενος.
2757 4831 2833 4882 Οὐ
2879 4834 2980 4903 γὰρ
3022 4835 3083 4884 τὸ
3121 4837 3221 4884 πᾶν
3296 4830 3438 4898 αὐτῷ
3497 4827 3755 4903 δώσομεν

2309 4919 2520 4991 ἰσχύος,
2569 4920 2783 4982 ἑαυτοὺς
2829 4921 2920 4983 ἐξα
2964 4924 3202 4992 ροῦμενοι
3241 4919 3499 4981 παντελῶς
3549 4929 3648 4981 τῆς
3708 4922 3891 4980 αἰτίας·

2305 5103 2437 5167 μιῷν
2463 5114 2558 5148 σου
2587 5100 2656 5167 μὴ
2685 5099 2934 5167 πορεύου.
2973 5093 3057 5152 Cf.
3083 5099 3120 5150 ι.
3155 5097 3219 5160 ΙΙ,
3247 5109 3308 5166 p.
3352 5095 3475 5163 124,
3511 5109 3577 5148 n.
3617 5099 3665 5149 1.

2375 5166 2455 5291 S5)
2490 5165 2712 5222 Excidit
2752 5165 2954 5222 forsan
2984 5181 3198 5222 nomen
3234 5165 3322 5217 τοῦ
3354 5174 3590 5228 πονηροῦ
3626 5165 3728 5222 vel
3773 5167 3892 5222 alius

2375 5258 2379 5288 ε
2409 5235 2539 5291 luas.
2574 5237 2747 5291 cuius
2780 5237 2984 5291 praeda
3015 5237 3185 5291 fuerit
3211 5236 3463 5291 Chumni
3499 5235 3690 5291 ﬁlius.

2304 5235 2539 5300 belluas,
2574 5237 2747 5308 cujus
2780 5237 2984 5308 praeda
3015 5237 3185 5308 fuerit
3211 5236 3463 5293 Chumni
3499 5235 3690 5293 ﬁlius.

2376 5308 2454 5378 (6)
2485 5307 2696 5364 iuncta
2746 5307 2882 5362 sunt
2908 5324 2979 5364 ea
3024 5307 3268 5363 nomina
3295 5312 3348 5362 et
3388 5308 3556 5378 apud
3617 5309 3890 5364 Joannem

2308 5396 2362 5443 x,
2393 5383 2442 5434 8.

2376 5451 2450 5520 (7)
2479 5450 2794 5522 Gregorius
2827 5450 3100 5506 Naziauz.
3129 5450 3289 5522 Orat.
3325 5465 3618 5522 xxvm,_p.
3653 5452 3758 5506 474
3787 5472 3799 5506 :

2306 5517 2462 5593 δοικα
2496 5517 2703 5593 δειτοὺς
2730 5521 2931 5593 ληστᾲς
2981 5525 3069 5593 καὶ
3096 5519 3334 5593 κλέπτας,
3385 5517 3626 5593 μὴ,’δὶᾲ
3681 5532 3777 5593 τῆς
3827 5519 3890 5570 :r}

2302 5591 2401 5653 λώς
2425 5589 2811 5666 ὑπερϐάντες,νῆ
2859 5590 3101 5664 ἀναιδείᾳ
3149 5589 3534 5661 συλήσωσιν,ῆ
3576 5589 3656 5646 δι’

2301 5661 2583 5734 κλιψωσιν,
2612 5665 2747 5724 ὥστε
2768 5664 2948 5725 θῦσαι,
