3934 6322
40 413 202 469 1493
1486 389 1593 456 ΤΕξ

1869 399 2010 456 l‘UM.
3285 405 3422 462 1494

35 534 262 601 ἀλλ’,εἶ
311 553 371 605 γε
410 537 561 605 μόνον
619 535 710 584 καὶ
775 533 924 602 ἡμεῖς
987 528 1366 602 βουληθείημεν
1424 524 1508 577 ἰπὶ
1567 543 1588 575 τ

1871 538 1895 580 >
1918 525 2210 583 salvatore
2241 534 2299 584 et
2331 529 2524 601 capite
2549 543 2687 584 cum
2717 532 2771 583 te
2826 541 2934 599 per
2997 530 3186 585 totam
3247 529 3424 586 vitam

35 624 222 676 καλοῦ
285 619 509 696 ἑδραίως
564 623 797 685 ἑστάναι,
857 619 1089 690 φεύξεται
1149 619 1173 669 ὁ
1223 620 1470 679 Σατανᾶς,
1557 632 1582 664 ο

1870 628 2044 669 urum
2072 631 2203 670 esse
2235 620 2508 688 putarem
2546 621 2603 672 et
2637 615 3022 694 conﬁderem,
3053 621 3110 672 et
3143 617 3223 672 ad
3284 633 3423 676 eum

37 716 162 781 ὅτι,
198 717 286 764 καὶ
313 713 682 784 ὑποχωρήσει,
741 713 830 760 καὶ
881 709 1026 780 ἡμῶν
1084 707 1252 759 ὀπίσω
1307 704 1590 774 καθυπαχθ

1871 707 2109 760 [stanter
2163 721 2408 762 cursum
2455 710 2624 761 tuum
2677 692 3065 768 directurum,
3123 711 3424 779 caputque

39 821 211 854 σεται
265 803 392 872 μετὰ
441 804 674 871 Χριστοῦ
730 802 820 850 καὶ
865 799 1186 868 τεταγμένων
1252 800 1343 847 καὶ
1418 809 1592 845 συνιστ

1871 793 2060 862 pentis
2095 794 2274 864 hujus
2308 795 2410 866 qui
2463 794 2541 850 ad
2584 794 2752 851 initio
2800 793 3052 864 decepit,
3100 804 3156 849 et
3197 793 3424 850 fructus

38 895 247 963 μένων,
293 895 388 940 τοῦ
437 890 526 941 τόν
564 888 763 959 κόσμον
821 885 954 951 ὃλον,
1012 904 1101 937 και
1177 884 1337 936 αὐτοῦ
1415 879 1484 939 δὴ
1575 899 1591 930 1

1871 883 2134 938 nestione
2183 885 2241 939 in
2304 900 2564 940 errorem
2613 883 2840 940 inducit
2896 883 3257 956 occiditque,
3303 889 3424 942 ten~

37 984 314 1052 ἄρχοντα,
381 980 466 1028 τόν
531 979 820 1048 πειραστὴν
891 983 1090 1040 τούτον,
1167 975 1506 1030 νενικηκότος,
1556 968 1590 1020 ’Ἰ

1874 987 1973 1042 rue
2043 987 2283 1045 semper
2339 979 2395 1027 et
2437 973 2661 1029 deliciis
2716 977 2773 1030 et
2853 972 3262 1044 voluptatibus
3369 980 3427 1034 et

37 1071 84 1139 ᾧ
121 1066 197 1127 δὴ
233 1074 434 1142 σωτῆρι
464 1085 555 1118 και
577 1065 768 1136 κεφαλῇ
797 1084 888 1116 και
911 1067 967 1116 σε
1015 1059 1108 1115 διὰ
1160 1064 1352 1138 παντὸς
1407 1066 1498 1111 τοῦ
1543 1057 1590 1129 βε

1870 1060 1968 1114 'nis
1989 1062 2341 1117 remissione
2369 1062 2662 1134 decipere,
2687 1062 2863 1118 video
2877 1067 2930 1117 te
2944 1077 3126 1130 nunc,
3150 1065 3209 1132 (o
3231 1077 3423 1134 quan-

35 1158 459 1211 πεπολιτεῦσθαι
515 1155 616 1225 ἐγὼ
668 1173 756 1205 και
803 1156 1024 1225 νομίσας
1068 1171 1158 1204 και
1205 1150 1493 1225 θαρρησας,
1573 1167 1588 1197 π

1870 1164 1897 1202 n
1929 1155 1985 1204 et
2015 1150 2193 1221 quale
2233 1151 2292 1206 in
2323 1151 2512 1206 oculis
2547 1152 2696 1207 meis
2748 1151 2977 1207 malum
3032 1151 3070 1221 ι)
3128 1151 3423 1207 damonis

33 1265 102 1318 γε
174 1252 271 1305 τὴν
309 1248 439 1318 πρὸς
505 1243 660 1294 αὐτόν
737 1246 947 1316 πορείαν
1025 1239 1406 1312 ἀμεταστρεπτί
1482 1253 1586 1287 κατ.

1870 1237 2026 1292 libus
2059 1238 2376 1294 mortiferis
2395 1239 2810 1296 conculcatum
2837 1245 2894 1296 et
2913 1240 3256 1296 contritum.
3298 1241 3423 1296 Etsi

37 1340 243 1402 θύνειν,
273 1352 671 1387 καταπατουντα
701 1336 795 1390 τὴν
853 1337 946 1382 τοῦ
1009 1349 1098 1381 και
1147 1333 1241 1386 τὴν
1295 1326 1470 1400 ἀρχὴν
1521 1323 1590 1377 ἀπ

1871 1341 1897 1380 e
1918 1326 1980 1380 in
2009 1327 2231 1383 durum
2246 1327 2510 1400 lapidem
2527 1344 2629 1385 cor
2648 1335 2818 1384 tuum
2835 1333 3188 1385 convertens
3227 1344 3424 1402 neque

34 1430 313 1484 ⁴νἰῦσαντος
341 1427 499 1495 ὄφεως
549 1419 768 1492 κεφαλὴν
803 1439 894 1470 και
937 1425 1000 1490 τῇ
1075 1425 1167 1470 τοῦ
1219 1417 1373 1480 ξύλου
1430 1413 1587 1466 ἀποπ]

1870 1419 2071 1481 actum,
2111 1431 2305 1488 neque
2335 1417 2752 1472 contritionem
2785 1422 3009 1474 sentias
3040 1423 3161 1474 tota
3225 1423 3423 1473 mente

35 1519 309 1572 νήσαντος
363 1529 453 1562 και
521 1511 908 1566 θανατώσαντος
973 1505 1196 1579 βρώσει,
1257 1523 1348 1555 και
1413 1502 1490 1555 ἀεί

1867 1503 2157 1576 Labrepta
2192 1510 2248 1560 et
2283 1505 2438 1560 male
2497 1505 2770 1577 decepta,
2833 1522 3031 1562 nonne
3085 1505 3420 1576 evigilabis,

37 1603 262 1672 ἀπατᾴν
316 1600 365 1652 έν
416 1601 674 1659 τοιούτοις
716 1600 1034 1670 πειρωμένου
1077 1601 1299 1670 τρυφαῖς
1378 1611 1470 1644 ναι
1534 1589 1590 1649 ἠὲ

1885 1593 2177 1663 intel‘iges
2219 1599 2275 1650 et
2324 1595 2571 1650 rationis
2627 1597 2831 1667 tuique
2878 1597 3071 1667 ipsius
3128 1595 3256 1667 ﬁes,
3319 1595 3424 1668 qui

37 1700 168 1753 ναῖς
227 1711 314 1742 και
364 1692 542 1749 ἠτταις
597 1694 824 1760 σαρκῶς,
882 1687 986 1757 όρῶ
1037 1703 1094 1736 σε
1127 1691 1214 1734 νύν
1253 1684 1316 1747 (ὦ
1366 1686 1528 1734 πόσον
1573 1699 1590 1730 a

1870 1699 1972 1738 Juc
2001 1684 2062 1738 in
2091 1685 2308 1740 teneris
2346 1685 2522 1741 annis
2540 1689 2598 1741 et
2617 1685 2810 1758 prima
2833 1690 2972 1757 post
2987 1701 3091 1741 eos
3110 1686 3423 1756 juventute

41 1777 166 1833 οἷον
216 1782 374 1830 κακόν
441 1777 491 1829 ἐν
541 1783 653 1836 τοῖς
697 1775 838 1846 ἐμοῖς
897 1773 1176 1845 ὀφθαλμοῖς
1229 1771 1270 1842 l)
1315 1778 1422 1830 τοῖς
1470 1770 1594 1821 ἑκείν

1870 1773 2068 1829 ιὶθηῐθι·
2094 1773 2446 1844 intelligens,
2503 1789 2665 1830 nunc
2731 1790 2872 1830 vero
2924 1774 3228 1830 dementia
3294 1789 3423 1830 cor-

45 1869 252 1939 μᾶλλον
307 1868 734 1939 συμπατούμενον
810 1883 899 1914 και
964 1859 1358 1932 συντριϐόμενον
1437 1861 1595 1911 θανατ

1873 1867 1998 1923 tus,
2035 1867 2109 1925 et,
2149 1879 2289 1918 cum
2321 1864 2519 1934 potius
2542 1863 2902 1935 oportuisset
2923 1868 2975 1919 te
3014 1863 3093 1919 ab
3149 1863 3426 1932 ignoran-

44 1963 238 2032 φόροις
301 1959 447 2009 ποσί.
519 1960 623 2006 Κάν
690 1971 778 2004 και
843 1950 996 2010 αὐτὸς
1049 1950 1115 2010 εἰς
1174 1949 1398 2020 σκληρὸν
1472 1947 1597 1998 ὠσαπ

1872 1950 2125 2015 liberari,
2155 1952 2601 2022 prudentiorem
2641 1957 2872 2008 aetatem
2898 1951 3255 2022 ingressum,
3285 1956 3425 2007 tunc

43 2048 200 2099 λίθον
224 2051 318 2103 τὴν
355 2041 582 2117 καρδίαν
647 2039 948 2113 μεταϐαλών
1003 2039 1334 2098 ἀναισθήτως
1392 2039 1525 2108 ἔχῃς
1568 2055 1596 2086 τ

1905 2039 2111 2110 pejora
2169 2040 2231 2094 in
2300 2039 2710 2095 miserandam
2763 2038 3179 2110 infelicemque
3241 2040 3426 2098 vitam

43 2137 260 2195 πάθους
308 2153 398 2185 και
447 2141 538 2192 τῆς
592 2129 895 2205 συντριϐῆς,
954 2129 1074 2186 ὃλην
1137 2126 1482 2186 ἀποσυληθεις
1569 2143 1596 2175 κ

1871 2127 2095 2193 :urristi,
2135 2126 2280 2182 dum
2310 2132 2378 2183 ut
2392 2128 2578 2199 spinae
2597 2128 2656 2182 in
2675 2132 2728 2183 te
2751 2127 3082 2196 inﬁguntur
3101 2127 3291 2183 amari
3313 2127 3424 2183 ini-

42 2225 268 2283 κλαπείς
285 2230 460 2282 κακῶς
515 2224 608 2277 τὴν
667 2215 928 2278 διάνοιαν,
988 2215 1117 2268 ἀλλὰ
1180 2215 1292 2267 πότ’
1360 2212 1589 2283 ἀνανηψε

1870 2231 1905 2270 :1
1935 2215 2128 2271 aculei
2161 2216 2189 2270 ‘I
2219 2217 2296 2270 Ea
2325 2216 2484 2271 enim
2506 2223 2594 2271 est
2607 2231 2738 2271 sors
2763 2231 2972 2271 eorum
2996 2215 3156 2287 quia
3191 2215 3423 2272 Christo

41 2331 146 2364 και
189 2314 448 2368 συνέσεως
471 2326 563 2359 και
621 2306 886 2376 λογισμῶν
935 2323 1026 2355 και
1071 2309 1292 2355 σεαυτοῦ
1364 2307 1581 2373 γενήσῃ,

1869 2303 2069 2359 :linant
2104 2323 2119 2374 ;
2157 2305 2261 2376 qui
2277 2305 2494 2375 jugum
2523 2305 2704 2360 Chisti
2732 2303 2857 2360 leve
2891 2319 2963 2360 ac
3013 2319 3197 2360 suave
3247 2319 3422 2360 excu-

41 2401 329 2458 ἑννηπιοις
367 2395 526 2449 ἔτ’ὢν
587 2395 666 2466 ⁸1)
713 2414 803 2446 και
878 2392 942 2465 τῇ
1009 2399 1189 2465 πρώτη
1259 2410 1318 2461 γε
1391 2409 1481 2441 και
1548 2409 1594 2460 μι

1868 2399 1940 2447 at.
1973 2398 2029 2447 et
2051 2392 2127 2448 ad
2150 2393 2310 2449 invia
2343 2399 2402 2448 et
2439 2392 2761 2466 profunda,
2793 2397 2851 2448 et
2884 2392 3256 2449 inordinatas
3313 2392 3421 2448 ob-

39 2489 218 2547 αὐτὴν
267 2487 447 2557 ἡλικίᾳ
495 2487 685 2543 συνιείς
724 2482 1004 2555 ἐμφρόνως,
1083 2487 1172 2532 νῦν
1245 2475 1300 2532 δ’
1379 2479 1592 2550 ὑποσυρι

1868 2481 2131 2553 culisque
2152 2481 2396 2537 refertas
2419 2483 2682 2547 semitas,
2698 2482 3029 2547 incurrunt,
3047 2480 3196 2537 dum
3207 2481 3421 2538 ambu-

39 2584 169 2638 ταῖς
201 2575 540 2649 ἀφροσύναις,
563 2591 670 2640 και,
705 2571 790 2623 ὅτε
842 2569 1031 2642 μᾶλλον
1078 2565 1186 2620 ἔδει
1229 2587 1286 2620 σε
1332 2576 1433 2620 τῶν
1473 2565 1592 2637 ἁγνο

1870 2575 1972 2625 set
2000 2569 2270 2625 incedere
2303 2570 2360 2624 in
2387 2570 2564 2641 plena
2585 2569 3106 2626 benedictionibus
3157 2572 3314 2624 terra
3366 2573 3423 2626 et

42 2667 234 2739 μάτων
297 2661 554 2722 παντελῶς
610 2659 972 2730 ἀπηλλάχθαι,
1049 2660 1452 2729 νουνεχεστέρας
1548 2659 1595 2706 ἐπ

1882 2658 2254 2729 paradisum,
2282 2657 2443 2713 unde
2463 2657 2820 2725 decidimus,
2843 2658 3086 2722 ferente,
3112 2656 3418 2723 deberent,

45 2755 223 2807 ϐάντα
244 2761 335 2812 τῆς
361 2751 586 2817 ἡλικίας,
614 2754 726 2802 τότε
764 2752 892 2821 πρὸς
949 2750 1014 2798 τα
1074 2750 1240 2820 χείρω
1288 2763 1598 2816 μεταστραφλ

1868 2747 2295 2802 tculcarevero
2329 2762 2464 2801 eam
2485 2761 2623 2818 quas
2650 2752 2708 2802 et
2730 2747 2936 2819 spinas
2960 2751 3019 2802 et
3049 2745 3291 2802 aculeos
3360 2745 3421 2800 in

48 2843 129 2903 εἰς
189 2841 405 2898 ἐλεεινὴν
465 2844 560 2897 τὴν
623 2836 976 2910 ταλαιπωρίαν
1179 2834 1230 2886 ἐν
1295 2842 1368 2903 τῷ
1433 2832 1601 2884 ἀκάνθι

1868 2833 2289 2889 .ledictionibus
2313 2835 2556 2904 gignere
2573 2840 2631 2891 et
2653 2834 2805 2890 ferre
2833 2835 3124 2890 damnata
3141 2839 3248 2890 est.
3276 2835 3421 2906 Spes

49 2932 357 3004 ἐμπαγῆναί
389 2948 473 2982 σοι
512 2930 579 2980 τὰ
634 2929 800 2998 πικρὰ
850 2930 1036 2998 κέντρα
1089 2932 1182 2975 τοῦ
1229 2930 1505 2996 πονηρούς
1562 2928 1602 2974 Κ

1867 2938 1967 2977 luo
1990 2921 2134 2976 mihi
2172 2929 2260 2976 est
2291 2922 2412 2978 fore
2432 2923 2759 2978 ut-tandem
2778 2938 2904 2978 non
2926 2921 3256 2995 opprobrio
3273 2921 3420 2994 opti-

47 3024 161 3094 γὰρ
217 3027 450 3071 τοιοῦτον
510 3020 566 3069 τό
629 3014 873 3067 έκκ)ίνειν
935 3013 1038 3065 ἀπὸ
1108 3021 1208 3064 τῶν
1298 3009 1600 3081 ἐντεταλμένι

1874 3027 1900 3064 s
1929 3010 2061 3065 illas
2105 3012 2312 3065 matris
2339 3016 2454 3067 tuas
2479 3011 2554 3066 de
2612 3018 2666 3066 te
2706 3027 2844 3083 spes
2895 3011 3095 3068 fallere
3151 3011 3312 3076 velis,
3365 3015 3427 3067 et

49 3108 251 3182 τρίϐων
288 3114 524 3181 Χριστοῦ
553 3126 565 3138 ο
610 3111 844 3157 τοιοῦτον
902 3107 992 3155 καὶ
1029 3105 1084 3153 τό
1139 3105 1226 3153 τόν
1285 3100 1444 3170 ζυγὸν
1499 3097 1602 3150 αὖτε

1864 3115 1955 3154 ias
1985 3099 2147 3154 abire
2174 3098 2574 3155 demonstres.
2615 3122 2638 3149 ε
2674 3100 3095 3156 Convertimini
3117 3100 3193 3155 ad
3216 3114 3334 3170 me,
3359 3103 3417 3156 et

49 3197 455 3251 ἆποσείσασθαι
513 3198 601 3246 τὸν
655 3192 870 3266 ἐλαφρόν
924 3196 1013 3246 καὶ
1079 3192 1319 3263 χρηστὸν
1398 3188 1495 3259 (3),
1570 3206 1600 3238 κ

1863 3193 2081 3243 ivertar
2097 3187 2174 3242 ad
2195 3203 2320 3253 vos,
2344 3188 2486 3244 dicit
2503 3189 2808 3245 Dominus.
2832 3209 2854 3238 ι
2881 3192 3231 3244 Convertere
3252 3193 3309 3244 et
3330 3193 3416 3257 tu,

47 3290 189 3358 πρὸς
217 3281 432 3344 ἀνοδίας
461 3287 553 3336 καὶ
587 3280 854 3355 βάραθρα,
915 3284 1003 3330 καὶ
1059 3281 1307 3341 τοιαύτας
1363 3276 1600 3348 ἁνωμοίλο

1863 3281 2231 3332 convertetur
2255 3276 2334 3332 ad
2359 3283 2434 3339 te,
2465 3282 2524 3332 et
2581 3277 2962 3333 contritiones
3032 3283 3186 3344 tuas,
3240 3281 3300 3332 et
3344 3291 3416 3332 ex

47 3381 147 3430 καὶ
195 3378 576 3448 προσκόμμασι
617 3368 1012 3435 συνθλιϐούσας,
1071 3363 1414 3438 ἀποδραμεῖν,
1469 3364 1600 3434 ἀφέν·

1863 3365 2070 3420 nentia
2099 3370 2230 3420 orta
2277 3370 2334 3420 et
2380 3365 2675 3437 producta
2727 3372 2785 3422 et
2825 3371 3110 3439 corrupta
3165 3365 3416 3422 vulnera

48 3460 306 3537 βαδίζειν
371 3465 458 3532 μὲν
516 3464 603 3511 καὶ
661 3457 1059 3529 ἐπιπορεύεσθαι
1111 3459 1206 3512 τὴν
1273 3451 1320 3505 ἐν
1400 3453 1601 3523 εὐλογία

1865 3454 2040 3510 tando
2051 3454 2296 3510 auferet.
2317 3456 2362 3519 Ο
2372 3455 2634 3510 uomodo
2647 3455 3081 3512 autemiOleum
3093 3453 3418 3511 infundens

46 3550 466 3622 ἐπηγγελέμενην
516 3556 615 3619 γῆν
668 3552 758 3600 καὶ
805 3551 898 3602 τὴν
959 3542 1032 3596 δι’
1087 3543 1246 3603 am;
1297 3545 1422 3616 πρὸς
1485 3560 1599 3614 παρη

1866 3558 2028 3614 ιυρει·
2043 3549 2098 3598 et
2117 3542 2406 3612 ligamina
2426 3543 2764 3615 imponens,
2779 3559 2914 3616 quae
2931 3558 3126 3617 neque
3139 3559 3212 3599 ea
3225 3544 3419 3598 sinent

49 3639 242 3696 δεισαν
295 3639 408 3691 ὅθεν
470 3636 770 3707 ίξεπέσομεν
827 3637 1104 3708 φέρουσαν,
1156 3639 1335 3684 πατεῖν
1412 3627 1471 3682 δὲ
1563 3651 1602 3682 τ.

1865 3647 1994 3686 μοηο
2023 3631 2299 3687 recedere
2330 3638 2433 3687 aut
2463 3647 2701 3687 sursum
2720 3631 2934 3702 frangi.
2958 3638 3039 3688 Ac
3058 3632 3225 3688 brevi
3247 3646 3418 3688 sana-

48 3731 282 3788 ἀκάνθας
333 3733 423 3780 καὶ
479 3725 770 3800 τριϐόλους,
815 3722 862 3774 ἐν
917 3724 1173 3794 κατάραις
1229 3723 1370 3792 φύειν
1434 3715 1601 3770 κατ·αὸ

1879 3725 1953 3785 te,
1987 3725 2044 3775 et
2097 3719 2456 3775 matutinum
2512 3719 2718 3776 lumen
2766 3721 2876 3776 has
2938 3722 3218 3776 tenebras
3283 3736 3416 3791 quas

48 3819 344 3872 κασθείσαν
375 3817 454 3885 (4)
501 3818 592 3866 καὶ
645 3819 908 3884 γεωργεῖν.
961 3809 1075 3863 “En
1126 3808 1268 3868 ἐλπὶς
1321 3808 1434 3879 ἐμοὶ
1481 3813 1549 3878 μη

1862 3825 1928 3864 nc
1957 3815 2012 3863 te
2033 3808 2554 3879 comprehendunt
2577 3809 2830 3879 franget,
2851 3814 2908 3864 et
2935 3825 3181 3865 omnem
3209 3809 3415 3864 horro-

52 3927 115 3959 σε
144 3909 270 3980 πρὸς
297 3905 437 3964 τέλος
466 3905 554 3963 τὰς
584 3901 668 3955 ἐπὶ
698 3906 784 3953 σοι
848 3907 944 3960 τῆς
1008 3901 1207 3972 μητρός
1259 3896 1418 3957 καλὰς
1465 3894 1605 3947 ἐκείνι

1863 3915 1893 3953 n
1922 3897 2159 3968 repellet
2182 3905 2239 3952 et
2261 3896 2623 3963 deturbabit,
2657 3902 2715 3953 et
2736 3899 2969 3953 sanatio
2993 3897 3156 3954 carni
3188 3903 3305 3954 tua;
3359 3900 3416 3954 et

53 3991 281 4055 ἐλπίδας
332 3999 712 4063 καταισχῦναι,
772 3994 861 4040 καὶ
945 4005 1169 4060 ματαιας
1249 3985 1606 4055 ἁπεληλεγμένι

1862 4003 1911 4042 ra
1939 3987 2039 4041 tiet
2064 3985 2303 4042 ossibus
2332 3986 2466 4050 tuis,
2499 3989 2557 4041 et
2590 3985 2802 4041 animai
2832 3992 2944 4042 tuae
2970 3986 3126 4042 dicet
3158 4004 3220 4042 :«
3246 3986 3415 4043 Salus

57 4085 252 4148 δεῖξαι.
297 4107 348 4139 ‹‹,
383 4083 767 4156 Ἐπιστραφητε
814 4082 943 4151 πρὸς
995 4097 1078 4150 με,
1151 4081 1241 4129 καὶ
1328 4075 1610 4148 ἐπιστραφή

1863 4090 2008 4144 tego
2045 4091 2200 4141 sum,
2231 4097 2260 4124 »
2289 4079 2346 4130 et
2364 4090 2496 4130 eam
2526 4074 2798 4130 salvabit.
2843 4077 2906 4131 Et
2931 4080 3072 4131 tunc
3087 4091 3218 4142 nos,
3247 4081 3416 4147 pater

58 4194 230 4245 σομαι
257 4176 388 4246 πρὸς
412 4172 566 4239 ὑμᾶς,
624 4169 758 4240 λέγει
809 4171 1000 4240 Κύριος
1057 4171 1136 4234 (ξι)
1193 4187 1205 4200 ·
1258 4187 1284 4215 n
1349 4162 1611 4235 ἐπίστρεφε

1862 4163 1969 4225 iul,
2006 4179 2076 4218 ac
2114 4168 2320 4227 mater,
2351 4161 2536 4218 teneri
2561 4168 2620 4218 et
2655 4163 2848 4231 mites,
2875 4164 3101 4219 nedum
3161 4164 3297 4220 duri
3345 4179 3415 4220 ac

55 4269 151 4316 καί
175 4267 262 4328 σὺ,
295 4267 385 4313 καὶ
413 4259 862 4331 έπιστραφήσεταί
897 4275 1012 4322 σου,
1044 4261 1134 4307 καὶ
1175 4274 1234 4326 γε
1285 4256 1352 4306 τὰ
1409 4256 1608 4325 συντρίμ

1863 4258 1928 4308 .ta
1965 4252 2054 4306 ira
2079 4251 2260 4322 pleni,
2295 4249 2400 4305 ﬁlii
2425 4256 2699 4306 amantes
2731 4251 2952 4307 erimus
2982 4271 2995 4320 ;
3029 4251 3274 4324 etquod
3337 4252 3416 4308 ad

52 4372 230 4426 ματα,
262 4355 352 4403 καὶ
407 4352 529 4410 τοὺς
585 4347 640 4409 ἐξ
699 4345 998 4417 ἀφροσύνης
1045 4340 1313 4404 eaeam;
1373 4347 1462 4392 καὶ
1522 4339 1605 4412 μάῖ

1864 4345 2097 4411 spectat,
2120 4339 2272 4395 bene
2310 4339 2722 4410 pcenitentiam
2754 4343 3030 4408 agentem
3061 4346 3118 4397 et
3137 4341 3214 4397 ad
3253 4340 3417 4413 prio-

51 4463 110 4494 τι
169 4441 644 4511 κατειργασμένους
697 4440 787 4486 καὶ
841 4439 1136 4494 σεσηπότας
1178 4431 1453 4504 μώλωπας,
1523 4431 1604 4492 ἐξιι

1865 4447 1894 4485 n
1930 4432 2165 4500 Deoque
2197 4428 2479 4484 dilectam
2540 4428 2720 4484 vitam
2772 4429 3146 4496 redeuntem,
3182 4429 3418 4503 providi

55 4537 392 4589 σεται-πῶς
413 4532 505 4578 καί
568 4529 685 4576 τίνα
741 4529 978 4596 τρόπους
1034 4521 1238 4574 Ἔλαιον
1299 4520 1516 4590 ἐπιχέας
1572 4539 1608 4570 κ‹

1865 4534 2018 4584 mus,
2049 4532 2122 4572 ne
2135 4532 2343 4572 eorum
2355 4532 2491 4588 quae
2505 4516 2586 4572 ad
2597 4532 2842 4574 cursum
2857 4519 3173 4576 conferunt
3185 4519 3418 4576 defectu

55 4621 256 4678 ἐπιθεὶς
306 4612 668 4686 καταδέσμους
715 4613 814 4682 (6),
864 4615 1050 4683 μηκέτι
1139 4617 1230 4660 τοῦ
1304 4609 1462 4660 καλοῦ
1540 4613 1608 4680 μή

1872 4607 2066 4662 iciaris
2092 4605 2445 4660 et'indolens
2475 4605 2777 4678 ofﬁciique
2807 4606 3144 4680 despiciens
3182 4608 3294 4686 tias
3322 4625 3336 4674 ;
3363 4612 3420 4664 et

59 4706 509 4773 ἀποσαλευθῆναι,
575 4703 691 4773 μήτ’
747 4703 896 4760 αὐθις
949 4698 1331 4773 ἀπορραγῆναι,
1400 4694 1612 4768 μηδαμά

1864 4696 2175 4752 icedemus
2211 4695 2373 4767 quod
2407 4695 2510 4750 tibi
2546 4695 2816 4752 sufﬁcere
2860 4699 3070 4770 possit,
3130 4683 3417 4769 quatuor-

60 4799 298 4855 ἀνιέντας
333 4816 344 4826 ·
377 4802 467 4845 καί
523 4798 637 4844 τότε
689 4792 755 4842 τὰ
815 4790 1009 4860 ἰάματα
1075 4807 1168 4840 σου
1217 4789 1358 4857 ταχὺ
1412 4785 1613 4839 ἁνατελε

1866 4788 1969 4842 nm
2003 4799 2218 4856 nempe
2251 4784 2379 4839 auri
2420 4783 2662 4851 talenta,
2702 4785 2854 4841 mille
2893 4802 3108 4842 aureos
3135 4801 3419 4842 nummos

60 4891 155 4938 καὶ
221 4889 457 4956 πρώὶμον
517 4881 809 4954 ῥαγήσεταί
873 4897 956 4930 σοι
1021 4883 1077 4928 τό
1133 4884 1233 4948 φῶς
1295 4877 1372 4945 (7)
1434 4881 1527 4932 την
1573 4876 1613 4924 vi

1865 4873 2177 4945 aequantia.
2198 4873 2448 4928 Tantam
2474 4872 2651 4942 igitur
2674 4873 2930 4929 dicimus
2952 4873 3077 4930 fore
3106 4879 3271 4930 tuam
3285 4888 3418 4945 par-

63 4979 399 5045 κατέχουσαν
469 4974 816 5038 σκοτόμαιναν
869 4971 958 5018 καὶ
1030 4965 1198 5037 ἀχλύν
1272 4964 1391 5021 ὃλην
1459 4960 1616 5018 διωσς

1358 4985 1391 5014 ιν
1459 4960 1660 5018 διωσά-
1774 4970 1911 5031 tem,
1939 4963 1985 5016 si
2003 4967 2056 5016 te
2073 4961 2300 5016 bonum
2325 4960 2704 5016 converteris.
2900 5037 2911 5045 .

63 5083 214 5136 μενον
243 5066 332 5113 καὶ
385 5058 716 5120 ἁποτινάξαν,
774 5061 864 5108 καὶ
915 5057 1052 5115 ἴασις
1102 5062 1163 5124 τῇ
1232 5062 1297 5126 σῇ
1356 5057 1513 5124 σαρκὶ
1570 5058 1659 5108 καὶ
1718 5051 1980 5124 ἐπιμέλεια
2034 5056 2315 5120 γενὼσεται
2380 5055 2482 5109 τοῖς
2538 5053 2733 5110 ὀστέοις
2788 5051 2884 5118 (8),
2939 5055 3028 5104 καὶ
3104 5058 3166 5123 τῇ
3259 5050 3416 5123 ψυχῇ

67 5172 164 5205 σου
217 5155 478 5224 προσερεῖ,
537 5169 557 5196 ε
621 5149 859 5217 Σωτηρία
908 5147 1002 5196 σού
1057 5143 1164 5214 εἰμι
1209 5140 1309 5212 ἐγώ
1384 5144 1485 5209 (9),
1543 5164 1572 5189 »
1638 5147 1728 5195 καὶ
1796 5144 2035 5200 σεσωκὼς
2106 5139 2267 5197 αὐτὴν
2343 5141 2510 5192 ἔσται.
2593 5142 2692 5190 Καὶ
2771 5144 2939 5190 τοίνυν
3009 5142 3174 5212 ἡμεῖς,
3241 5145 3418 5213 πατὴρ

139 5289 586 5366 (I)l._egendurn
616 5287 826 5366 forsan.
840 5284 986 5338 ἐτῶν.

800 5301 826 5366 1‘
840 5284 986 5338 ἐτῶν.
1962 5282 2208 5366 ζαοὴειιθ.
2246 5283 2353 5366 ιβ,

141 5347 473 5437 (ὥνξὰὲζυιπ
496 5357 767 5437 nonpihil
791 5356 1021 5437 deesse.
1044 5431 1070 5437 η
1156 5430 1163 5437 ι
1597 5426 1604 5436 ,

1870 5353 1922 5420 6)
1965 5352 2102 5436 Lug.
2175 5367 2230 5420 Χ,
2289 5354 2418 5432 34ης
2477 5347 2750 5410 Κατεδησε
2813 5354 2879 5403 τὰ
2928 5355 3204 5426 τραύματα
3261 5353 3419 5406 αὐτοῦ

246 5431 442 5490 Matth.
479 5445 550 5485 x1.
585 5431 698 5501 30__:
781 5434 823 5478 Ο
881 5429 980 5499 γὰρ
1043 5430 1195 5497 ζυνρὸς
1241 5443 1340 5496 μου
1400 5426 1661 5497 χρηστὸς,

938 5446 980 5499 ιρ
1043 5430 1195 5497 ζυφός
1241 5443 1340 5496 μου
1400 5426 1661 5497 χρηστός,
1776 5418 2002 5494 ἐπιχέων
2039 5418 2491 5476 ἔλαιονκαὶοῖνον.

72 5493 162 5559 καί
186 5493 242 5558 τό
275 5507 482 5577 φορτίον
509 5520 609 5574 μου
632 5499 844 5577 ἐλαφρόν
867 5493 1004 5549 ἔστιν
1052 5570 1061 5577 ι
1117 5493 1124 5497 ⁷
1242 5493 1280 5577 ⁷,
1395 5493 1482 5577 -Ἷ,

762 5503 844 5570 ρόν
867 5493 1004 5549 ἔστιν
1117 5493 1124 5497 ⁷
1242 5493 1280 5577 ⁷.
1949 5493 2081 5577 lfai.
2113 5509 2240 5577 Lvu,
2265 5497 2315 5549 8.

143 5555 458 5648 ii-)—déiles.
491 5555 567 5642 Ill,
643 5577 697 5648 l_7
729 5555 1290 5648 ἐιᾷΈπικατάρπιτοΞΛὴ
1348 5571 1416 5634 vi
1453 5564 1514 5646 ,ἐν
1564 5570 1668 5648 τοῖς

870 5570 1218 5648 πικατάρπιτοξ
1249 5567 1290 5648 ιὴ
1348 5571 1416 5634 γῆ
1453 5564 1514 5646 ,ἐν
1564 5570 1667 5648 τοῖς
1941 5555 2235 5648 Ero‘verh.
2270 5579 2346 5630 Ill,
2372 5567 2423 5648 8Ξ

71 5633 238 5721 ἔργοίς
307 5665 403 5698 σου
646 5641 868 5700 ἀκάνθας
933 5643 1018 5692 καὶ
1066 5633 1370 5706 ¹τριϐόλους
1445 5633 1622 5688 ἀνατελ

933 5643 1018 5692 καὶ
1066 5633 1370 5706 ’τριϐόλους
1445 5633 1668 5688 ἀνατελεί
1790 5715 1792 5717 ς
1848 5633 1918 5704 (9)
1941 5633 2158 5689 Psalm.
2179 5649 2378 5700 xxxiii,
2409 5637 2458 5690 3.

74 5740 180 5789 σοι,
