3934 6322
499 337 638 393 1495
1849 321 2117 386 ΝῙΟΕΡΗι

2275 321 2516 382 IHUHNI
3769 328 3876 383 1496

497 459 631 534 όμοῦ
655 462 745 512 καὶ
764 461 962 531 μήτηρ,
988 458 1078 508 καὶ
1098 454 1208 529 μετ’
1231 455 1319 529 έμὶ
1349 451 1500 520 αὖθις
1543 459 1744 530 μήτηρ,
1789 451 2067 526 μειλίχιοι,
2113 456 2418 525 προσηνεῖς,
2474 447 2590 502 ἀντὶ
2644 455 2740 513 τῆς
2791 454 2880 502 νῦν
2931 445 3247 514 ἐπιπλήξει-ις
3293 470 3386 502 και
3434 446 3668 511 δικαίας
3722 451 3877 522 ὀργῆς,

500 545 806 624 φιλόπαιδας
836 547 1060 618 έσόμεθα
1085 565 1176 598 και
1197 549 1255 598 τό
1283 546 1364 600 έπὶ
1389 550 1494 616 σοί,
1523 546 1690 607 καλῶς
1709 546 2052 619 μετεγνωκότι
2077 560 2167 594 και
2205 542 2330 612 πρός
2368 543 2461 597 τὴν
2501 543 2681 612 πρώην
2707 537 2971 592 πολιτείαν
2996 543 3094 598 τὴν
3114 560 3202 593 και
3229 548 3347 611 Θεῷ
3402 540 3574 612 φίλην
3623 540 3878 602 ἐπανιόντι,

499 639 559 692 ού
613 643 715 710 μὴν
769 635 896 690 ἀλλά
943 655 1035 688 και
1084 638 1392 709 προμηθεῖς,
1464 639 1546 688 ἵνα
1599 640 1670 709 μὴ
1730 643 1791 694 τῆ
1851 630 2073 703 ἐκλήψει
2123 637 2223 682 τῶν
2279 632 2639 682 συντεινόντων
2659 631 2790 703 πρός
2820 631 2906 681 τόν
2933 625 3130 703 δρόμον
3161 628 3358 701 έγκοπη
3397 649 3495 682 σοι
3555 632 3767 700 γένοιτο
3809 637 3882 681 καί

498 729 755 803 ῥᾳθυμία,
800 745 889 778 και
936 743 996 796 γε
1051 724 1144 777 τόῦ
1201 722 1619 797 σπουδασματος
1651 724 1919 798 ὀλιγωρία,
1943 741 2033 773 και
2062 722 2438 792 χορηγησομεν
2498 713 2566 775 δὴ
2633 720 2691 770 τό
2751 715 3004 789 ἀποχρῶν
3066 719 3330 785 καθάπαξ,
3382 727 3623 791 χρυσοῦ
3694 716 3880 777 δελκξς

499 815 725 871 τάλαντα
753 818 976 887 τέτταρα
994 814 1084 866 xm
1115 809 1150 866 δ
1153 817 1264 882 έκα,
1288 813 1476 885 χιλίων
1500 813 1862 887 ἀπαρίθμησιν
1886 811 2222 883 νομισμάτων
2245 803 2528 866 δηλοῦντα.
2553 813 2814 861 Τοσοῦτον
2838 810 2938 881 γὰρ
2963 828 3124 881 φαμεν
3147 805 3276 862 εἶναι
3295 828 3387 861 και
3411 812 3480 863 τό
3515 808 3798 863 ἐπιϐάλλον
3821 829 3886 861 cs:

502 910 659 979 μέρος
687 903 790 976 (1),
823 903 870 956 ἐν
902 901 1186 976 ἐπιστροφῇ
1231 899 1474 960 δηλονότι
1494 910 1586 957 τοῦ
1615 902 1774 954 καλοῦ
1796 904 2054 973 γεγονότι.

572 996 649 1050 Te
672 1007 835 1059 vero,
868 991 1147 1048 ultimum
1169 995 1228 1048 et
1250 992 1565 1065 reliquum,
1587 995 1652 1048 ut
1677 991 1974 1060 dicebam,
1995 1003 2155 1044 meo-
2188 991 2234 1044 Α

503 1097 642 1140 rum
662 1080 945 1149 ﬁliorum,
964 1079 1272 1137 Nicolaum
1293 1081 1726 1149 meum,nescio
1742 1095 1879 1151 qum
1892 1076 2156 1150 etqualis

504 1176 559 1229 te
585 1174 828 1229 maneat
852 1171 1112 1240 fortuna,
1145 1170 1247 1226 ubi
1281 1171 1402 1227 vita
1428 1186 1564 1226 mea
1603 1170 1790 1226 fracta
1823 1169 1953 1236 erit,
2017 1183 2156 1223 cum

506 1261 660 1320 adeo
694 1259 1056 1333 imperfectae
1085 1259 1273 1316 aetatis
1305 1259 1408 1328 sis,
1437 1275 1634 1331 neque
1692 1256 2156 1315 adolescentiam

505 1348 857 1408 absolveris.
872 1351 1147 1418 Magnam
1160 1363 1302 1404 vero
1313 1347 1596 1404 ﬁduciam
1615 1352 1896 1419 praestant
1907 1360 2160 1418 eamque

503 1438 769 1499 validam
798 1436 884 1494 tui
911 1453 1134 1506 mores,
1175 1436 1306 1507 jam
1362 1436 1441 1492 ad
1499 1435 1724 1491 bellum
1778 1433 2028 1490 accincti
2087 1449 2159 1489 ac

503 1527 698 1586 bonas
721 1542 859 1600 spes
885 1524 1060 1582 nobis
1082 1524 1324 1598 polliciti
1361 1543 1378 1597 ;
1403 1523 1613 1581 incutit
1645 1539 1786 1580 vero
1812 1523 1960 1580 mihi
1985 1522 2159 1579 timo-

504 1632 632 1674 rem
659 1631 824 1673 mors
843 1614 1200 1688 plerumque
1216 1613 1545 1686 improvisa
1556 1612 2006 1685 superveniens,
2020 1627 2159 1667 cum

505 1721 704 1778 neque
734 1704 896 1761 diem
925 1703 1253 1761 crastinam
1278 1703 1475 1760 videre
1489 1702 1628 1759 certi
1644 1703 1853 1759 simus.
1869 1701 1983 1759 Sed
1999 1700 2060 1758 id
2081 1701 2162 1757 ad

505 1809 604 1852 me
634 1794 840 1850 attinet
868 1837 881 1862 ,
903 1792 1005 1849 sed
1048 1796 1106 1849 et
1134 1795 1235 1849 tua
1246 1795 1608 1849 teneramtas
1620 1807 1716 1849 me
1729 1791 1804 1848 ad
1824 1789 2161 1847 timendum

505 1883 753 1949 inducit,
785 1897 921 1956 quas
941 1879 1216 1938 nondum
1251 1896 1347 1938 res
1404 1880 1561 1938 valet
1611 1881 1880 1953 accipere
1937 1893 2162 1952 easque

506 1987 711 2043 gerere
744 1988 759 2039 ς
799 1971 982 2030 timeo
1001 1986 1079 2028 ne
1099 1971 1267 2042 forte,
1302 1986 1442 2028 cum
1465 1970 1546 2026 sis
1570 1970 1795 2042 junior,
1847 1973 2016 2042 patre
2056 1973 2159 2027 tuo

503 2064 763 2132 mortuo,
778 2074 958 2118 nemo
983 2063 1034 2117 te
1054 2064 1327 2133 protegat
1342 2074 1716 2132 manumque
1739 2057 1843 2115 tibi
1869 2059 2162 2132 porrigat,

505 2154 560 2208 te
587 2150 666 2208 ad
681 2149 933 2211 meliora
968 2148 1170 2206 verbis
1195 2153 1253 2206 et
1277 2147 1567 2221 exemplis
1585 2147 1876 2205 ducturus
1903 2166 1917 2217 ;
1950 2163 2022 2204 ac
2062 2147 2164 2205 de-

504 2240 644 2298 inde
673 2256 749 2297 ne
777 2244 903 2299 tam
928 2239 1106 2296 bona;
1129 2237 1351 2295 indolis
1365 2238 1512 2296 nihil
1523 2237 1773 2309 jamtibi
1793 2236 2071 2310 supersit,
2110 2237 2163 2293 si

505 2329 755 2388 inimica
777 2329 1017 2388 fortuna
1037 2327 1317 2385 ﬂuctibus
1335 2327 1571 2385 latuerit
1586 2326 1950 2400 dmmonque
1967 2325 2164 2384 malus

503 2423 562 2476 te
583 2418 912 2477 tentaverit.

501 2507 652 2563 πλέον
760 2508 927 2578 ἔσται,

503 2618 602 2660 νος.

575 2686 690 2744 Sed
718 2685 868 2759 quid
887 2684 1035 2742 mihi
1052 2684 1182 2742 huic
1193 2686 1332 2741 sunt
1361 2684 1391 2742 ?
1413 2683 1502 2742 Sis
1528 2683 1866 2741 misericors
1887 2699 1958 2740 ac
1977 2682 2132 2742 bene

501 2775 692 2843 volus,
727 2774 833 2848 qui
863 2773 1110 2831 multam
1137 2774 1198 2830 in
1234 2773 1458 2831 Christo
1485 2773 1765 2832 virtutem
1800 2789 1871 2830 ac
1932 2777 2151 2846 poten-

501 2863 651 2921 tiam
676 2861 934 2936 adeptus
954 2861 1244 2932 es,multa
1274 2865 1606 2932 unguenta,
1626 2859 2152 2932 multa-miracula,

504 2956 708 3010 sancte
737 2967 809 3009 ac
837 2965 1058 3021 magne
1083 2949 1338 3020 Nicolae,
1361 2949 1998 3022 indigentiumardens
2020 2965 2154 3023 pro-

502 3045 708 3112 tector,
731 3042 812 3099 ad
841 3057 1025 3115 quem
1055 3056 1168 3113 ego
1206 3055 1411 3097 meum
1446 3040 1901 3097 dilectissimum
1962 3039 2155 3098 ﬁlium

501 3131 718 3194 ferens,
787 3146 820 3188 e
886 3131 1174 3187 maternis
1235 3129 1567 3187 visceribus
1638 3133 1929 3202 ereptum,
1993 3145 2154 3186 com-

501 3219 640 3277 misi
662 3223 720 3276 et
743 3219 1089 3276 consecravi
1117 3238 1134 3290 ;
1166 3221 1222 3275 et
1246 3217 1504 3275 multum
1530 3217 1666 3274 ideo
1686 3218 1922 3274 ﬁduciae
1943 3218 2152 3285 habui,

503 3308 670 3382 quod
695 3309 862 3382 prius
892 3308 1163 3365 maxima
1189 3322 1260 3364 ac
1280 3306 1499 3364 deinde
1528 3309 1640 3364 tuas
1664 3322 1808 3380 erga
1837 3323 1936 3364 me
1980 3307 2157 3364 boni-

504 3398 639 3453 tatis
667 3396 1172 3470 protectionisque
1202 3395 1545 3454 testimonia
1563 3395 1755 3466 retuli,
1807 3397 1915 3453 etsi
1961 3397 2157 3467 ingrao

1033 2503 1323 2580 δυσμενοῦς
1413 2508 1555 2578 τύχη
1567 2525 1588 2567 ς

1689 2503 2124 2582 έναποκρυϐείσης
2213 2507 2482 2581 κευθμῶσι
2577 2528 2666 2561 και
2755 2511 3093 2581 πειραθείσης

2341 991 2400 1043 Σε
2466 984 2525 1042 δε
2572 991 2661 1042 τόν
2713 990 2940 1043 ὕστατόν
2993 1009 3086 1062 μοι
3144 1009 3235 1042 και
3289 990 3504 1056 λοιπόν,
3581 992 3714 1067 ὅπερ
3766 991 3886 1063 Epp,

2268 1085 2368 1130 τῶν
2415 1072 2641 1146 παίδων,
2703 1082 2790 1131 τόν
2840 1079 2959 1151 ἐμόν
3011 1079 3284 1146 Νικόλαον,
3344 1080 3446 1133 ούκ
3491 1076 3636 1134 οἶδα
3715 1085 3798 1142 τίς
3845 1080 3890 1132 ὲν

2269 1187 2358 1218 και
2387 1172 2516 1220 ποία
2570 1165 2892 1231 ὑποδέξηται
2943 1172 3109 1240 τύχη,
3170 1178 3268 1231 τῆς
3326 1173 3474 1232 ζωῆς
3517 1170 3653 1242 ἐμοί
3693 1174 3892 1242 τμηᾶξὲ-

2272 1275 2393 1327 σης,
2452 1256 2501 1309 ἐν
2556 1256 2719 1319 ούτως
2768 1255 2937 1312 ἀτελεῖ
2992 1278 3081 1311 σοι
3130 1261 3489 1317 καθεστηκότι
3548 1268 3624 1332 τῇ
3708 1260 3888 1331 ἡλικία,

2268 1365 2360 1398 και
2426 1350 2579 1418 μήπω
2644 1351 2739 1405 τὴν
2826 1351 3134 1421 μειρακικὴν
3199 1347 3642 1420 παραμείψει-δτι.
3708 1346 3890 1402 Aidani

2269 1439 2360 1510 μὶν
2400 1439 2502 1508 γάρ
2555 1435 2759 1510 θαῤῥεῖν
2815 1456 2904 1489 και
2953 1436 3117 1490 πολλά
3169 1434 3368 1493 δίδωσι
3431 1438 3660 1514 θαῤῥεῐν
3714 1441 3743 1491 ό
3797 1450 3894 1512 τριτ-

2267 1545 2380 1589 πος,
2439 1529 2936 1601 παραγυμνούμενος
2989 1523 3095 1586 ἤδη
3180 1547 3269 1580 και
3349 1531 3445 1590 τὰς
3524 1534 3895 1602 χρηστοτέρα

2269 1616 2394 1689 ἡμῖν
2422 1620 2830 1688 μνηστευόμενος
2873 1624 2972 1668 τῶν
3031 1613 3254 1670 ἱλπίδων
3314 1632 3330 1648 ⁸
3387 1616 3539 1690 φοϐεῖ
3609 1614 3681 1672 δέ
3744 1639 3809 1692 μέ
3850 1624 3896 1669 τε

2269 1712 2362 1758 τοῦ
2405 1707 2626 1758 θανάτου
2679 1703 2988 1780 ἀπροόπτως
3045 1708 3108 1759 τὰ
3169 1705 3334 1759 πολλὰ
3385 1704 3555 1774 ἐπιόν,
3629 1727 3732 1760 και
3781 1706 3898 1780 μηδι

2271 1798 2389 1870 περί
2435 1803 2526 1856 τῆς
2579 1797 2759 1870 αὔριον
2840 1791 3111 1867 μηδεμιᾶς
3187 1795 3353 1858 οὖσης
3427 1795 3670 1868 ἐγγύης.
3762 1797 3896 1851 ’Δὶὶὲ

2270 1889 2424 1937 τοῦτο
2445 1886 2535 1957 μιν
2556 1882 2680 1956 ἐμοῦ
2705 1885 2869 1958 χάριν
2901 1883 3103 1938 σπολλὰ
3158 1881 3216 1939 δι
3271 1905 3363 1937 και
3418 1889 3482 1938 τό
3536 1890 3644 1940 σόν
3717 1887 3896 1940 ἀπειλεῖ

2272 1971 2321 2026 έν
2373 1976 2550 2046 χρόνῳ
2600 1968 2915 2041 δεδίττεται,
2975 1994 3066 2026 και
3117 1976 3176 2028 τό
3229 1977 3362 2048 πρός
3403 1973 3740 2046 ἀντιλήψεις
3816 1985 3897 2028 τῶν

2271 2063 2593 2136 πραγμάτων
2642 2061 2750 2134 οὐχ
2792 2062 2899 2115 οἶόν
2946 2081 3002 2116 τε
3069 2066 3146 2118 ἔτι
3220 2063 3390 2116 αὐτῶν
3466 2064 3815 2136 ἐφικνεῖσθαι
3884 2086 3896 2099 ·

2273 2169 2365 2202 και
2397 2145 2715 2219 δεδίττεται,
2747 2155 2820 2224 μή
2855 2155 2978 2204 ποτέ
3034 2171 3119 2205 σοι
3176 2157 3401 2227 νεωτέρῳ
3462 2157 3602 2220 ὄντε,
3678 2174 3770 2207 και
3816 2157 3897 2206 6:-

2273 2241 2410 2310 νάτῳ
2455 2242 2543 2292 τόν
2593 2245 2797 2315 πατέρα
2853 2239 3244 2315 ἀποϐαλομένῳ,
3300 2241 3398 2294 οῦκ
3458 2242 3737 2298 ἑπαιεύνοι
3801 2265 3890 2308 τις,

2271 2323 2395 2381 οὐδὲ
2423 2348 2480 2400 γε
2510 2336 2673 2404 χεῖρα
2709 2329 2896 2403 όρέξοι,
2952 2329 3038 2383 ἐπι
3084 2333 3151 2383 τὰ
3205 2329 3394 2404 βελτίω
3445 2328 3775 2394 διαδεικνὺς
3817 2354 3889 2385 κει

2267 2416 2734 2492 προσεμϐιϐάζωψ
2777 2420 2890 2473 εἶτα
2930 2428 3027 2482 τῆς
3084 2418 3283 2492 ἀγαθῆς
3331 2441 3545 2493 φυσεως
3617 2419 3779 2477 οὐδέν
3820 2443 3888 2475 σοι

3190 2505 3436 2583 δαίμονος
3554 2510 3883 2585 κακοδαίμο-

2338 2685 2496 2741 ⁹Λλλά
2559 2691 2613 2741 τί
2661 2688 2856 2741 τούτων
2904 2687 3061 2761 έμοί;
3123 2687 3264 2750 ἵλεως
3329 2709 3421 2762 μοι
3490 2711 3586 2744 και
3687 2693 3884 2764 εὐμενὲς

2266 2779 2375 2839 εἶης
2433 2777 2458 2829 ό
2511 2775 2667 2838 πολὺς
2712 2779 2804 2849 μὲν
2848 2776 2896 2830 ἐν
2962 2785 3180 2853 Χριστῷ
3223 2775 3448 2852 δύναμιν
3497 2800 3594 2833 και
3690 2783 3880 2856 πατέρε-

2268 2868 2409 2934 σέαν,
2451 2864 2610 2928 πολὺς
2657 2861 2717 2918 δε
2765 2885 2854 2918 και
2898 2868 2968 2921 τὰ
3018 2870 3180 2942 μύρα,
3237 2867 3396 2929 πολύς
3447 2888 3542 2922 και
3615 2872 3689 2922 τὰ
3771 2873 3881 2924 θα).

2263 2974 2406 3029 ματα
2438 2955 2540 3026 (2),
2606 2956 2634 3008 ὁ
2694 2956 2883 3032 θερμός
2937 2963 3037 3009 τῶν
3080 2951 3419 3031 ἓπιδεομένων
3467 2962 3812 3033 προστάτης,
3862 2961 3879 3009 5

2269 3045 2402 3118 ἱερός
2458 3063 2550 3097 και
2603 3048 2766 3117 μέγας
2855 3044 3136 3110 Νικόλαος,
3213 3049 3344 3120 πρός
3401 3048 3456 3098 ὃν
3534 3047 3647 3120 ἐγὼ
3740 3055 3878 3122 φέρων

2267 3132 2423 3186 αὐτόν
2452 3152 2543 3206 μοι
2575 3137 2659 3186 τὸν
2709 3132 2976 3206 φίλτατον,
3034 3134 3156 3210 ἄρτι
3203 3143 3300 3187 τῶν
3343 3145 3629 3211 μητρικῶν
3700 3135 3876 3191 ὠδίνων

2267 3221 2569 3296 ἐκραγέντα,
2619 3224 2817 3298 θερμῶς
2896 3226 3186 3287 πιστεύσας
3268 3224 3508 3284 ἐνέθῆκα.
3573 3247 3680 3280 και
3757 3227 3872 3300 μαῖα

2265 3329 2319 3363 τι
2364 3319 2438 3383 τῷ
2488 3307 2718 3384 δόγματι
2774 3332 2864 3366 και
2922 3312 3139 3366 πλεῖστα
3168 3333 3256 3366 και
3303 3314 3509 3388 μεγάλα
3559 3316 3872 3392 nossem,

2267 3406 2528 3474 τεκμήρια
2547 3403 2854 3474 παμμεγέθη
2915 3406 3162 3478 πρότερον
3210 3421 3300 3455 και
3362 3405 3596 3468 καθεξῆς
3663 3405 3752 3459 ἀεί
3800 3415 3874 3466 τῆς

503 3489 600 3542 tus
634 3485 763 3558 ipse
794 3483 1099 3542 miraculis
1137 3484 1300 3540 visus
1323 3501 1478 3556 sum,
1534 3485 1618 3541 ita
1662 3489 1728 3543 ut
1764 3485 2117 3542 metuendur

2275 3499 2372 3554 σῆς
2422 3497 2542 3567 περί
2598 3491 2686 3567 έμε
2735 3491 3120 3568 φιλανθρωπίας
3195 3513 3284 3547 και
3354 3501 3705 3567 προστασίας
3775 3497 3873 3548 ἀκτ-

502 3573 704 3646 potius
722 3573 868 3629 mihi
881 3573 975 3643 sit,
994 3589 1070 3630 ne
1091 3588 1227 3630 mea
1248 3572 1528 3647 improba
1547 3577 1602 3631 et
1623 3589 1809 3647 prava
1831 3575 1953 3631 vita
2004 3573 2162 3631 ﬁlius

505 3677 629 3719 non
658 3662 719 3719 in
747 3662 979 3720 bonum
1008 3667 1230 3722 utatur.
1267 3663 1430 3720 Unde
1456 3667 1512 3720 et
1536 3679 1573 3720 a
1594 3679 1689 3720 me
1712 3664 1806 3721 ille
1829 3665 2160 3736 sejunctus,

507 3757 564 3810 et
590 3756 696 3810 tua
725 3752 855 3810 sola
893 3754 1257 3824 protectione
1287 3753 1599 3810 conﬁdens
1627 3769 1697 3810 ac
1729 3755 1932 3812 vivens
1953 3761 2162 3828 etope—

505 3857 668 3910 rans,
699 3841 947 3899 meliora
979 3842 1168 3899 multo
1193 3859 1378 3916 quam
1411 3859 1520 3916 pro
1552 3844 1770 3900 nostris
1795 3845 2074 3917 precibus
2093 3860 2163 3901 ac

505 3931 808 3988 voluntate
837 3931 1066 3988 referet.
1099 3935 1262 3988 Tunc
1291 3933 1488 4002 igitur,
1526 3933 1629 4004 qui
1670 3947 1809 3988 eum
1842 3933 1948 3989 tibi
1974 3933 2164 3991 infan-

505 4021 698 4078 tulum
726 4025 792 4078 ut
828 4037 1068 4078 servum
1098 4022 1420 4095 acceperis,
1443 4028 1498 4079 et
1528 4038 1712 4091 nunc,
1744 4028 1808 4080 ut
1828 4025 1911 4080 ita
1939 4024 2161 4092 dicam,

505 4115 610 4168 tua
638 4110 832 4182 gratia
866 4111 1081 4167 emeris
1105 4116 1163 4168 et
1192 4127 1229 4167 a
1284 4110 1461 4167 nobis
1521 4111 1808 4168 traditum
1857 4112 2160 4180 habueris,

507 4198 729 4270 adjuva
765 4214 905 4254 eum
936 4198 1198 4256 etlibera
1223 4200 1302 4255 ab
1333 4198 1617 4255 omnibus
1643 4199 1900 4266 insidiis,
1928 4201 2165 4274 tuisque

504 4287 614 4345 alis
629 4302 778 4344 *eum
799 4288 1194 4354 obumbrans,
1217 4289 1270 4345 ei
1298 4289 1565 4361 requiem
1586 4289 1863 4361 praebeas
1895 4290 2022 4347 sole
2042 4291 2164 4347 diei

507 4380 661 4443 usto,
699 4380 755 4433 et
774 4377 1002 4447 sagittis
1029 4377 1091 4433 in
1117 4377 1212 4434 die
1267 4377 1610 4435 volantibus
1666 4378 2009 4443 vulnerato,
2061 4395 2165 4436 ne-

506 4480 624 4540 que
644 4465 955 4538 permittas
982 4482 1123 4524 eum
1151 4466 1297 4524 luna
1327 4483 1433 4540 per
1466 4474 1705 4526 noctem
1733 4474 1836 4525 aut
1860 4485 1897 4527 a
1955 4470 2164 4527 timore

507 4561 801 4615 nocturno
817 4563 874 4614 et
891 4573 928 4614 a
949 4558 1217 4630 qualibet
1242 4575 1304 4615 re
1320 4561 1786 4634 perambulante
1808 4565 1868 4622 in
1902 4562 2162 4619 tenebris

508 4645 737 4703 turbari
773 4651 831 4703 et
850 4646 1006 4720 capi.
1041 4648 1103 4703 Et
1130 4647 1247 4704 hoc
1285 4648 1470 4707 modo
1511 4665 1648 4706 eum
1683 4650 1761 4706 ab
1792 4651 1958 4706 omni
1995 4650 2162 4708 malo

506 4735 841 4793 immunem
862 4751 1082 4805 serves,
1105 4737 1292 4793 vitam
1316 4737 1446 4809 ejus
1465 4738 1526 4794 in
1541 4738 1715 4794 bouis
1732 4737 1978 4809 dirigas,
2001 4755 2164 4796 eum-

507 4839 625 4898 que
653 4829 948 4898 quantum
977 4823 1444 4884 licetdefendas.
1485 4826 1708 4883 Deinde
1735 4827 1816 4883 ita
1873 4842 1981 4900 per
2031 4843 2162 4884 om-

508 4929 649 4970 nem
679 4914 956 4970 virtutem
988 4913 1258 4980 ductum,
1291 4920 1348 4970 te
1378 4914 1552 4984 duce,
1587 4919 1644 4970 et
1671 4914 1917 4971 ductore
1946 4921 2000 4971 et
2031 4933 2165 4988 pro-

508 5006 748 5070 tectore,
794 5002 1024 5058 Christo
1047 5007 1437 5075 repraesentes
1463 5003 1524 5058 in
1551 5007 1843 5060 aeternum
1866 5005 2168 5061 exsultan-

507 5094 629 5148 tem
659 5095 716 5147 et
739 5106 1014 5163 supernae
1043 5089 1430 5147 beatitudinis
1461 5089 1764 5148 haeredem
1816 5093 2164 5150 constituas.

588 5268 837 5338 (l)l.uc,
887 5285 978 5337 xv,
1037 5270 1099 5323 12
1153 5286 1164 5324 :

505 5344 671 5414 μέρος
693 5349 752 5399 τῆ
767 5361 803 5414 ς.
825 5340 1027 5414 οὐσίας.

589 5407 690 5483 '(2).
742 5411 990 5483 Nicolai
1023 5407 1126 5483 ﬁlii
1175 5415 1485 5482 patronus,
1544 5426 1728 5483 quem
1773 5411 2010 5468 invocat
2073 5412 2166 5483 pie

510 5480 796 5552 Chumys,
831 5484 888 5538 S.
931 5480 1647 5561 Sicolaus,.My_rorum'in
1706 5483 1883 5561 Lucia
1929 5480 2167 5561 episco-

509 5567 646 5622 pus,
678 5551 1138 5623 cbgnominatus
1175 5551 1286 5623 fuit
1313 5551 1667 5623 Myroblytes
1689 5569 1759 5609 ac
1779 5551 2167 5610 'rliaumatur-

513 5621 646 5690 gus.
669 5623 748 5677 De
777 5636 848 5679 eo
875 5627 1067 5680 exstat
1103 5621 1411 5695 Lequienti
1460 5621 1800 5680 Dissertatio
1845 5624 1909 5681 id
1970 5624 2162 5682 Conti-

1219 5270 1408 5344 Πάτερ,
1473 5264 1562 5330 δός
1623 5288 1714 5342 μοι
1774 5272 1832 5321 τό
1897 5269 2166 5322 ἐπιϐάλλον

2269 3582 2598 3654 νεγκάμενος,
2640 3584 2683 3635 εἰ
2711 3601 2803 3634 και
2859 3581 3111 3655 ἀγνώμων
3157 3583 3312 3646 αὑτός
3361 3583 3554 3656 ἐφάνην
3608 3594 3730 3648 τοίς
3774 3589 3873 3640 θα)-

2270 3689 2455 3744 μασιν,
2508 3670 2642 3724 ὥστε
2699 3676 2819 3745 περί
2900 3676 3084 3725 τούτου
3154 3669 3270 3736 δέος
3344 3673 3562 3746 μᾶλλον,
3639 3682 3720 3749 μή
3797 3685 3874 3736 τῆς

2270 3758 2393 3832 ἐμῆς
2447 3761 2642 3832 φαύλης
2698 3780 2788 3812 και
2844 3756 3077 3837 πονηρᾶς
3133 3765 3386 3835 μενούσης
3425 3763 3573 3826 ζωῆς
3671 3768 3699 3818 ό
3771 3773 3874 3824 παῖς

2269 3848 2364 3901 ούκ
2396 3848 2467 3910 εἰς
2494 3849 2648 3902 καλὸν
2677 3848 2927 3903 ἀπόναιτο
2961 3872 2973 3883 ·
3007 3850 3119 3904 ὃθεν
3177 3871 3267 3903 και
3323 3857 3497 3924 χωρίς
3547 3862 3709 3917 οὗτος
3746 3859 3873 3927 γενό-

2271 3957 2438 4010 μενος,
2468 3957 2558 3991 και
2588 3938 2690 3992 ὑπό
2731 3946 2795 4012 τῇ
2850 3947 2915 4012 σῇ
2970 3943 3136 4010 σκέπη
3188 3943 3316 4014 μόνη
3378 3961 3467 3992 και
3539 3944 3757 4018 θαρῥῶν
3806 3963 3876 3993 και

2274 4026 2374 4087 ζῶν
2423 4046 2511 4079 και
2561 4046 2923 4102 στρεοφμενος,
2972 4024 3074 4080 οἶδ’
3134 4029 3216 4081 ὅτι
3254 4027 3533 4101 ἀμεινόνων
3727 4032 3874 4100 ποᾘῲ

2271 4133 2360 4168 και
2409 4113 2679 4189 βελτιόνων
2733 4125 2833 4168 τῶν
2891 4117 3006 4169 κατ’
3059 4116 3225 4189 εὐχὴν
3287 4138 3376 4170 και
3426 4117 3698 4191 βούλησιν
3753 4125 3877 4192 ﬁnis:

2270 4207 2668 4278 πειραθόσεται.
2716 4213 2818 4259 Και
2860 4213 3007 4277 γοῦν,
3051 4209 3122 4267 ὡς
3160 4225 3250 4260 και
3299 4211 3393 4266 τὴν
3453 4206 3641 4280 ἀρχὴν
3705 4209 3876 4284 βρέφος

2272 4295 2428 4346 αὐτόν
2475 4295 2680 4353 οἰκέτην
2743 4295 3096 4368 παρειληφὼς,
3151 4315 3242 4348 και
3293 4303 3381 4348 νῦν
3430 4297 3660 4365 ὠνητὸν,
3716 4299 3876 4362 simia,

2270 4391 2366 4443 τῆς
2398 4391 2490 4443 σῆς
2531 4385 2754 4456 χάριτος
2797 4383 2920 4457 πάρ’
2972 4383 3117 4455 ἡμῶν
3173 4381 3583 4456 ἀποδιδόμενον,
3643 4389 3876 4443 εἰσ-ποίε-

2273 4489 2382 4539 σαι,
2443 4491 2532 4523 και
2586 4472 2714 4546 ῥύου
2758 4475 2848 4544 μὲν
2899 4470 2977 4524 ἀεί
3023 4474 3203 4533 πάσης
3250 4472 3308 4525 ἐκ
3355 4470 3593 4545 παγίδος
3645 4477 3875 4550 θηρεύον-

2270 4579 2355 4622 τος
2384 4564 2482 4628 (3),
2501 4562 2600 4612 ύπό
2623 4557 2682 4613 δὲ
2704 4559 2800 4624 τᾶς
2849 4563 2941 4621 σὰς
3015 4566 3274 4635 πτέρυγας
3338 4567 3569 4624 σκιάσας

2271 4651 2396 4722 μήθ’
2436 4651 2632 4724 ἡμέρας
2705 4658 2776 4721 τῷ
2850 4649 2980 4722 ἡλίῳ
3055 4656 3429 4724 συγκαιόμενον
3511 4672 3606 4705 και

3655 4564 3875 4618 ἀνάπτει

3715 4655 3830 4727 fall?
3835 4661 3874 4705 '5-

2272 4756 2421 4811 μενον
2457 4758 2547 4790 και
2614 4746 2726 4801 τοὶς
2793 4738 2842 4791 έν
2902 4739 3034 4798 άύτῆ
3097 4759 3390 4813 πετομένοις
3458 4748 3873 4816 τιτρωσκόμενοι

2274 4825 2472 4900 βέλεσι,
2509 4831 2642 4899 μήτε
2676 4837 2738 4888 τῆ
2781 4827 2967 4886 σελήνῆ
3004 4832 3096 4887 τὴν
3131 4833 3311 4896 νύκτα,
3349 4825 3482 4902 μηδ’
3557 4832 3666 4884 ὑπό
3733 4833 3874 4906 φόϐον

2272 4923 2569 4989 νυκτερινοῦ
2603 4936 2693 4968 και
2751 4913 3064 4990 πράγμαδος
3126 4922 3345 4990 μητενός
3413 4919 3463 4970 ἐν
3529 4925 3718 4974 σκότει
3779 4919 3876 4975 διε-

2273 5008 2617 5078 πορευομένου
2678 5011 2810 5078 μήτε
2875 5011 3251 5079 ταραττόμενον
3317 5007 3444 5080 μηθ’
3513 5006 3872 5082 ἁλισκόμενον.

2278 5099 2375 5147 Και
2413 5101 2596 5146 τοῦτον
2627 5089 2695 5153 δὴ
2736 5098 2822 5146 τόν
2857 5099 3046 5168 τρόπον
3117 5095 3272 5168 ἀθιγῆ
3344 5103 3508 5148 κακοῦ
3550 5103 3750 5160 παντός
3801 5119 3873 5151 ιτε-

2278 5271 2562 5327 nuatione
2588 5273 2829 5350 memor.
2853 5269 3114 5350 Desmol.
3146 5275 3189 5331 t.
3222 5273 3290 5350 YI
3320 5292 3356 5350 _;_
3395 5289 3591 5350 quam
3645 5284 3876 5350 propter

2276 5357 2498 5398 nomen
2525 5343 2778 5399 auctoris
2809 5358 2879 5398 ac
2898 5343 3203 5400 raritatem
3234 5343 3500 5400 indicare
3533 5343 3746 5404 visum
3769 5343 3870 5404 "est.

2277 5415 2521 5469 Exstant
2549 5419 2605 5468 et
2646 5413 2705 5470 in
2763 5412 2900 5470 cod.
2950 5417 3056 5470 400
3092 5414 3301 5470 iuediti
3348 5416 3412 5471 in
3461 5417 3520 5472 S.
3577 5419 3871 5477 Nicolaum

2277 5485 2460 5540 Graeci
2486 5500 2718 5539 versus.

2347 5555 2667 5641 (5)ﬁPsaIm.
2696 5571 2888 5641 cxxiu,
2917 5561 3004 5641 7_;_
3030 5556 3096 5641 '11-
3114 5555 3270 5641 ψυχῇ
3301 5559 3450 5637 ἡμῷν
3480 5559 3556 5623 ὡς
3607 5565 3867 5635 στρούθων

2273 5622 2477 5700 ῥρύσθη
2498 5625 2552 5679 ix
2574 5634 2670 5690 τῆς
2690 5622 2921 5699 παγίδος
2941 5622 3042 5680 τῶν
3069 5622 3408 5700 θηρευόντὼἱε
