  <div class='ocr_page' id='page_1' title='image "/cluster/home/n/w/nwhite01/storage/ocr_20150623/140/pst.000005714568/809.png"; bbox 0 0 3934 6322; ppageno 0'>
   <div class='ocr_carea' id='block_1_1' title="bbox 518 357 660 415">
    <p class='ocr_par' dir='ltr' id='par_1_1' title="bbox 518 357 660 415">
     <span class='ocr_line' id='line_1_1' title="bbox 518 357 660 415; baseline 0.014 -2"><span class='ocrx_word' id='word_1_1' title='bbox 518 357 660 415; x_wconf 75' lang='lat' dir='ltr'><strong>1m</strong></span> 
     </span>
    </p>
   </div>
   <div class='ocr_carea' id='block_1_2' title="bbox 1872 357 3884 419">
    <p class='ocr_par' dir='ltr' id='par_1_2' title="bbox 1872 357 3884 419">
     <span class='ocr_line' id='line_1_2' title="bbox 1872 357 3884 419; baseline -0.001 -1"><span class='ocrx_word' id='word_1_2' title='bbox 1872 357 2252 418; x_wconf 78' lang='lat' dir='ltr'><strong>NICEPHORI</strong></span> <span class='ocrx_word' id='word_1_3' title='bbox 2277 359 2542 419; x_wconf 78' lang='lat' dir='ltr'><strong>CHUMN]</strong></span> <span class='ocrx_word' id='word_1_4' title='bbox 3785 359 3884 416; x_wconf 65' lang='lat'><strong>[5.60</strong></span> 
     </span>
    </p>
   </div>
   <div class='ocr_carea' id='block_1_3' title="bbox 521 479 2034 560">
    <p class='ocr_par' dir='ltr' id='par_1_3' title="bbox 521 479 2034 560">
     <span class='ocr_line' id='line_1_3' title="bbox 521 479 2034 560; baseline 0.004 -24"><span class='ocrx_word' id='word_1_5' title='bbox 521 480 767 536; x_wconf 78' lang='lat' dir='ltr'><strong>contulit</strong></span> <span class='ocrx_word' id='word_1_6' title='bbox 803 479 1114 544; x_wconf 83' lang='lat' dir='ltr'><strong>beneﬁcia,</strong></span> <span class='ocrx_word' id='word_1_7' title='bbox 1173 497 1385 540; x_wconf 91' lang='lat' dir='ltr'><strong>omnes</strong></span> <span class='ocrx_word' id='word_1_8' title='bbox 1430 485 1704 542; x_wconf 86' lang='lat' dir='ltr'><strong>homines</strong></span> <span class='ocrx_word' id='word_1_9' title='bbox 1742 487 1930 560; x_wconf 87' lang='lat' dir='ltr'><strong>probe</strong></span> <span class='ocrx_word' id='word_1_10' title='bbox 1955 487 2034 542; x_wconf 91' lang='lat' dir='ltr'><strong>int</strong></span> 
     </span>
    </p>
   </div>
   <div class='ocr_carea' id='block_1_4' title="bbox 2290 479 3880 560">
    <p class='ocr_par' dir='ltr' id='par_1_4' title="bbox 2290 485 3880 560">
     <span class='ocr_line' id='line_1_4' title="bbox 2290 485 3880 560; baseline -0.003 -23"><span class='ocrx_word' id='word_1_11' title='bbox 2290 487 2513 560; x_wconf 69' lang='grc' dir='ltr'><strong>ὒπερφυῆ</strong></span> <span class='ocrx_word' id='word_1_12' title='bbox 2588 491 2746 540; x_wconf 78' lang='grc' dir='ltr'><strong>παντὶ</strong></span> <span class='ocrx_word' id='word_1_13' title='bbox 2825 495 2897 557; x_wconf 84' lang='grc' dir='ltr'><strong>τῷ</strong></span> <span class='ocrx_word' id='word_1_14' title='bbox 2959 485 3064 558; x_wconf 79' lang='grc' dir='ltr'><strong>βίῳ</strong></span> <span class='ocrx_word' id='word_1_15' title='bbox 3139 491 3445 558; x_wconf 71' lang='grc' dir='ltr'><strong>παρέσχετο</strong></span> <span class='ocrx_word' id='word_1_16' title='bbox 3508 485 3718 543; x_wconf 68' lang='grc' dir='ltr'><strong>πάντες</strong></span> <span class='ocrx_word' id='word_1_17' title='bbox 3783 485 3880 534; x_wconf 57' lang='grc' dir='ltr'><strong>εἰεί)</strong></span> 
     </span>
    </p>
   </div>
   <div class='ocr_carea' id='block_1_5' title="bbox 521 569 2172 648">
    <p class='ocr_par' dir='ltr' id='par_1_5' title="bbox 521 569 2172 648">
     <span class='ocr_line' id='line_1_5' title="bbox 521 569 2172 648; baseline 0.004 -25"><span class='ocrx_word' id='word_1_18' title='bbox 521 574 690 638; x_wconf 88' lang='lat' dir='ltr'><strong>gunt,</strong></span> <span class='ocrx_word' id='word_1_19' title='bbox 719 574 780 625; x_wconf 91' lang='lat' dir='ltr'><strong>et</strong></span> <span class='ocrx_word' id='word_1_20' title='bbox 797 569 1040 640; x_wconf 74' lang='lat' dir='ltr'><strong>optimae</strong></span> <span class='ocrx_word' id='word_1_21' title='bbox 1090 571 1434 628; x_wconf 82' lang='lat' dir='ltr'><strong>intentionis</strong></span> <span class='ocrx_word' id='word_1_22' title='bbox 1467 581 1606 632; x_wconf 88' lang='lat' dir='ltr'><strong>sunt</strong></span> <span class='ocrx_word' id='word_1_23' title='bbox 1631 592 1843 632; x_wconf 86' lang='lat' dir='ltr'><strong>omnes</strong></span> <span class='ocrx_word' id='word_1_24' title='bbox 1874 578 1976 648; x_wconf 87' lang='lat' dir='ltr'><strong>qui</strong></span> <span class='ocrx_word' id='word_1_25' title='bbox 2032 575 2172 630; x_wconf 90' lang='lat' dir='ltr'><strong>talia</strong></span> 
     </span>
    </p>
   </div>
   <div class='ocr_carea' id='block_1_6' title="bbox 522 658 2170 730">
    <p class='ocr_par' dir='ltr' id='par_1_6' title="bbox 522 658 2170 730">
     <span class='ocr_line' id='line_1_6' title="bbox 522 658 2170 730; baseline 0.003 -18"><span class='ocrx_word' id='word_1_26' title='bbox 522 658 787 713; x_wconf 87' lang='lat' dir='ltr'><strong>conﬁteri</strong></span> <span class='ocrx_word' id='word_1_27' title='bbox 818 664 874 712; x_wconf 93' lang='lat' dir='ltr'><strong>et</strong></span> <span class='ocrx_word' id='word_1_28' title='bbox 901 659 1228 730; x_wconf 70' lang='lat' dir='ltr'><strong>praedicare</strong></span> <span class='ocrx_word' id='word_1_29' title='bbox 1242 664 1692 730; x_wconf 85' lang='lat' dir='ltr'><strong>aggrediuntur.</strong></span> <span class='ocrx_word' id='word_1_30' title='bbox 1725 666 1950 721; x_wconf 82' lang='lat' dir='ltr'><strong>Etenim</strong></span> <span class='ocrx_word' id='word_1_31' title='bbox 1971 663 2170 719; x_wconf 91' lang='lat' dir='ltr'><strong>nullus</strong></span> 
     </span>
    </p>
   </div>
   <div class='ocr_carea' id='block_1_7' title="bbox 520 748 2172 826">
    <p class='ocr_par' dir='ltr' id='par_1_7' title="bbox 520 748 2172 826">
     <span class='ocr_line' id='line_1_7' title="bbox 520 748 2172 826; baseline 0.004 -24"><span class='ocrx_word' id='word_1_32' title='bbox 520 752 607 802; x_wconf 91' lang='lat' dir='ltr'><strong>est</strong></span> <span class='ocrx_word' id='word_1_33' title='bbox 643 761 894 802; x_wconf 86' lang='lat' dir='ltr'><strong>sensum</strong></span> <span class='ocrx_word' id='word_1_34' title='bbox 933 753 990 804; x_wconf 90' lang='lat' dir='ltr'><strong>et</strong></span> <span class='ocrx_word' id='word_1_35' title='bbox 1018 748 1312 806; x_wconf 88' lang='lat' dir='ltr'><strong>rationem</strong></span> <span class='ocrx_word' id='word_1_36' title='bbox 1349 751 1580 808; x_wconf 86' lang='lat' dir='ltr'><strong>habens</strong></span> <span class='ocrx_word' id='word_1_37' title='bbox 1614 755 1717 826; x_wconf 87' lang='lat' dir='ltr'><strong>qui</strong></span> <span class='ocrx_word' id='word_1_38' title='bbox 1751 770 1869 810; x_wconf 90' lang='lat' dir='ltr'><strong>non</strong></span> <span class='ocrx_word' id='word_1_39' title='bbox 1899 753 2045 809; x_wconf 91' lang='lat' dir='ltr'><strong>illud</strong></span> <span class='ocrx_word' id='word_1_40' title='bbox 2075 769 2172 808; x_wconf 87' lang='lat' dir='ltr'><strong>ve-</strong></span> 
     </span>
    </p>
   </div>
   <div class='ocr_carea' id='block_1_8' title="bbox 519 836 2170 915">
    <p class='ocr_par' dir='ltr' id='par_1_8' title="bbox 519 836 2170 915">
     <span class='ocr_line' id='line_1_8' title="bbox 519 836 2170 915; baseline 0.004 -25"><span class='ocrx_word' id='word_1_41' title='bbox 519 836 828 892; x_wconf 89' lang='lat' dir='ltr'><strong>hementer</strong></span> <span class='ocrx_word' id='word_1_42' title='bbox 842 842 1097 908; x_wconf 83' lang='lat' dir='ltr'><strong>exoptet.</strong></span> <span class='ocrx_word' id='word_1_43' title='bbox 1132 839 1352 896; x_wconf 85' lang='lat' dir='ltr'><strong>Omnes</strong></span> <span class='ocrx_word' id='word_1_44' title='bbox 1376 847 1576 898; x_wconf 90' lang='lat' dir='ltr'><strong>autem</strong></span> <span class='ocrx_word' id='word_1_45' title='bbox 1606 843 1793 915; x_wconf 80' lang='lat' dir='ltr'><strong>probe</strong></span> <span class='ocrx_word' id='word_1_46' title='bbox 1820 843 2015 898; x_wconf 89' lang='lat' dir='ltr'><strong>sciunt</strong></span> <span class='ocrx_word' id='word_1_47' title='bbox 2040 856 2170 897; x_wconf 89' lang='lat' dir='ltr'><strong>esse</strong></span> 
     </span>
    </p>
   </div>
   <div class='ocr_carea' id='block_1_9' title="bbox 521 927 2170 1004">
    <p class='ocr_par' dir='ltr' id='par_1_9' title="bbox 521 927 2170 1004">
     <span class='ocr_line' id='line_1_9' title="bbox 521 927 2170 1004; baseline 0.004 -26"><span class='ocrx_word' id='word_1_48' title='bbox 521 940 659 980; x_wconf 86' lang='lat' dir='ltr'><strong>vere</strong></span> <span class='ocrx_word' id='word_1_49' title='bbox 689 940 870 995; x_wconf 86' lang='lat' dir='ltr'><strong>super</strong></span> <span class='ocrx_word' id='word_1_50' title='bbox 888 941 1132 983; x_wconf 91' lang='lat' dir='ltr'><strong>omnem</strong></span> <span class='ocrx_word' id='word_1_51' title='bbox 1150 927 1428 985; x_wconf 80' lang='lat' dir='ltr'><strong>virtutem</strong></span> <span class='ocrx_word' id='word_1_52' title='bbox 1451 937 1856 1004; x_wconf 84' lang='lat' dir='ltr'><strong>naturamque</strong></span> <span class='ocrx_word' id='word_1_53' title='bbox 1878 931 2170 986; x_wconf 89' lang='lat' dir='ltr'><strong>sermonis</strong></span> 
     </span>
    </p>
   </div>
   <div class='ocr_carea' id='block_1_10' title="bbox 520 1012 2170 1090">
    <p class='ocr_par' dir='ltr' id='par_1_10' title="bbox 520 1012 2170 1090">
     <span class='ocr_line' id='line_1_10' title="bbox 520 1012 2170 1090; baseline 0.003 -21"><span class='ocrx_word' id='word_1_54' title='bbox 520 1013 597 1070; x_wconf 86' lang='lat' dir='ltr'><strong>de</strong></span> <span class='ocrx_word' id='word_1_55' title='bbox 620 1012 735 1068; x_wconf 92' lang='lat' dir='ltr'><strong>hoc</strong></span> <span class='ocrx_word' id='word_1_56' title='bbox 764 1015 1181 1071; x_wconf 84' lang='lat' dir='ltr'><strong>convenienter</strong></span> <span class='ocrx_word' id='word_1_57' title='bbox 1212 1017 1375 1088; x_wconf 86' lang='lat' dir='ltr'><strong>loqui</strong></span> <span class='ocrx_word' id='word_1_58' title='bbox 1415 1020 1508 1076; x_wconf 90' lang='lat' dir='ltr'><strong>vel</strong></span> <span class='ocrx_word' id='word_1_59' title='bbox 1535 1037 1742 1090; x_wconf 88' lang='lat' dir='ltr'><strong>parem</strong></span> <span class='ocrx_word' id='word_1_60' title='bbox 1789 1021 2044 1089; x_wconf 80' lang='lat' dir='ltr'><strong>gratiam</strong></span> <span class='ocrx_word' id='word_1_61' title='bbox 2084 1035 2170 1074; x_wconf 89' lang='lat' dir='ltr'><strong>re-</strong></span> 
     </span>
    </p>
   </div>
   <div class='ocr_carea' id='block_1_11' title="bbox 522 1102 2170 1176">
    <p class='ocr_par' dir='ltr' id='par_1_11' title="bbox 522 1102 2170 1176">
     <span class='ocr_line' id='line_1_11' title="bbox 522 1102 2170 1176; baseline 0.003 -19"><span class='ocrx_word' id='word_1_62' title='bbox 522 1102 672 1158; x_wconf 81' lang='lat' dir='ltr'><strong>ferre</strong></span> <span class='ocrx_word' id='word_1_63' title='bbox 685 1119 861 1173; x_wconf 90' lang='lat' dir='ltr'><strong>posse</strong></span> <span class='ocrx_word' id='word_1_64' title='bbox 873 1108 1258 1174; x_wconf 88' lang='lat' dir='ltr'><strong>quantumvis</strong></span> <span class='ocrx_word' id='word_1_65' title='bbox 1277 1109 1710 1165; x_wconf 80' lang='lat' dir='ltr'><strong>zelantissimos</strong></span> <span class='ocrx_word' id='word_1_66' title='bbox 1735 1128 1748 1176; x_wconf 90' lang='lat'><strong>;</strong></span> <span class='ocrx_word' id='word_1_67' title='bbox 1779 1125 1900 1164; x_wconf 88' lang='lat' dir='ltr'><strong>non</strong></span> <span class='ocrx_word' id='word_1_68' title='bbox 1917 1109 2101 1164; x_wconf 89' lang='lat' dir='ltr'><strong>solum</strong></span> <span class='ocrx_word' id='word_1_69' title='bbox 2121 1108 2170 1162; x_wconf 90' lang='lat' dir='ltr'><strong>si</strong></span> 
     </span>
    </p>
   </div>
   <div class='ocr_carea' id='block_1_12' title="bbox 522 1191 2170 1266">
    <p class='ocr_par' dir='ltr' id='par_1_12' title="bbox 522 1191 2170 1266">
     <span class='ocr_line' id='line_1_12' title="bbox 522 1191 2170 1266; baseline 0.004 -21"><span class='ocrx_word' id='word_1_70' title='bbox 522 1191 938 1263; x_wconf 85' lang='lat' dir='ltr'><strong>unusquisque</strong></span> <span class='ocrx_word' id='word_1_71' title='bbox 983 1209 1092 1249; x_wconf 90' lang='lat' dir='ltr'><strong>sua</strong></span> <span class='ocrx_word' id='word_1_72' title='bbox 1119 1209 1258 1250; x_wconf 85' lang='lat' dir='ltr'><strong>voce</strong></span> <span class='ocrx_word' id='word_1_73' title='bbox 1290 1201 1344 1252; x_wconf 93' lang='lat' dir='ltr'><strong>et</strong></span> <span class='ocrx_word' id='word_1_74' title='bbox 1374 1197 1580 1266; x_wconf 80' lang='lat' dir='ltr'><strong>lingua</strong></span> <span class='ocrx_word' id='word_1_75' title='bbox 1618 1197 1760 1254; x_wconf 89' lang='lat' dir='ltr'><strong>talia</strong></span> <span class='ocrx_word' id='word_1_76' title='bbox 1786 1198 2006 1254; x_wconf 85' lang='lat' dir='ltr'><strong>nitatur</strong></span> <span class='ocrx_word' id='word_1_77' title='bbox 2029 1212 2170 1252; x_wconf 91' lang='lat' dir='ltr'><strong>con-</strong></span> 
     </span>
    </p>
   </div>
   <div class='ocr_carea' id='block_1_13' title="bbox 523 1280 2172 1347">
    <p class='ocr_par' dir='ltr' id='par_1_13' title="bbox 523 1280 2172 1347">
     <span class='ocr_line' id='line_1_13' title="bbox 523 1280 2172 1347; baseline 0.002 -11"><span class='ocrx_word' id='word_1_78' title='bbox 523 1280 786 1347; x_wconf 90' lang='lat' dir='ltr'><strong>cinnare,</strong></span> <span class='ocrx_word' id='word_1_79' title='bbox 826 1295 1034 1336; x_wconf 89' lang='lat' dir='ltr'><strong>verum</strong></span> <span class='ocrx_word' id='word_1_80' title='bbox 1083 1290 1142 1338; x_wconf 90' lang='lat' dir='ltr'><strong>et</strong></span> <span class='ocrx_word' id='word_1_81' title='bbox 1181 1285 1224 1338; x_wconf 90' lang='lat' dir='ltr'><strong>si</strong></span> <span class='ocrx_word' id='word_1_82' title='bbox 1250 1301 1460 1340; x_wconf 90' lang='lat' dir='ltr'><strong>omnes</strong></span> <span class='ocrx_word' id='word_1_83' title='bbox 1483 1287 1543 1341; x_wconf 92' lang='lat' dir='ltr'><strong>in</strong></span> <span class='ocrx_word' id='word_1_84' title='bbox 1595 1303 1781 1342; x_wconf 90' lang='lat' dir='ltr'><strong>unum</strong></span> <span class='ocrx_word' id='word_1_85' title='bbox 1815 1286 2172 1340; x_wconf 85' lang='lat' dir='ltr'><strong>conveniant</strong></span> 
     </span>
    </p>
   </div>
   <div class='ocr_carea' id='block_1_14' title="bbox 523 1367 2172 1446">
    <p class='ocr_par' dir='ltr' id='par_1_14' title="bbox 523 1367 2172 1446">
     <span class='ocr_line' id='line_1_14' title="bbox 523 1367 2172 1446; baseline 0.004 -24"><span class='ocrx_word' id='word_1_86' title='bbox 523 1367 601 1422; x_wconf 90' lang='lat' dir='ltr'><strong>ad</strong></span> <span class='ocrx_word' id='word_1_87' title='bbox 632 1367 796 1433; x_wconf 88' lang='lat' dir='ltr'><strong>illud,</strong></span> <span class='ocrx_word' id='word_1_88' title='bbox 822 1370 1166 1442; x_wconf 66' lang='lat' dir='ltr'><strong>quicunque</strong></span> <span class='ocrx_word' id='word_1_89' title='bbox 1188 1389 1348 1428; x_wconf 91' lang='lat' dir='ltr'><strong>nunc</strong></span> <span class='ocrx_word' id='word_1_90' title='bbox 1370 1381 1509 1430; x_wconf 89' lang='lat' dir='ltr'><strong>sunt</strong></span> <span class='ocrx_word' id='word_1_91' title='bbox 1537 1381 1595 1430; x_wconf 91' lang='lat' dir='ltr'><strong>et</strong></span> <span class='ocrx_word' id='word_1_92' title='bbox 1614 1377 1961 1446; x_wconf 87' lang='lat' dir='ltr'><strong>quicunque</strong></span> <span class='ocrx_word' id='word_1_93' title='bbox 1993 1379 2172 1430; x_wconf 86' lang='lat' dir='ltr'><strong>antea</strong></span> 
     </span>
    </p>
   </div>
   <div class='ocr_carea' id='block_1_15' title="bbox 523 1455 2170 1535">
    <p class='ocr_par' dir='ltr' id='par_1_15' title="bbox 523 1455 2170 1535">
     <span class='ocr_line' id='line_1_15' title="bbox 523 1455 2170 1535; baseline 0.005 -26"><span class='ocrx_word' id='word_1_94' title='bbox 523 1455 642 1510; x_wconf 89' lang='lat' dir='ltr'><strong>vita</strong></span> <span class='ocrx_word' id='word_1_95' title='bbox 680 1455 864 1512; x_wconf 85' lang='lat' dir='ltr'><strong>functi</strong></span> <span class='ocrx_word' id='word_1_96' title='bbox 896 1465 1032 1514; x_wconf 90' lang='lat' dir='ltr'><strong>sunt</strong></span> <span class='ocrx_word' id='word_1_97' title='bbox 1064 1478 1076 1514; x_wconf 90' lang='lat'><strong>:</strong></span> <span class='ocrx_word' id='word_1_98' title='bbox 1113 1476 1234 1515; x_wconf 93' lang='lat' dir='ltr'><strong>non</strong></span> <span class='ocrx_word' id='word_1_99' title='bbox 1265 1468 1438 1520; x_wconf 90' lang='lat' dir='ltr'><strong>certe.</strong></span> <span class='ocrx_word' id='word_1_100' title='bbox 1469 1479 1664 1535; x_wconf 91' lang='lat' dir='ltr'><strong>neque</strong></span> <span class='ocrx_word' id='word_1_101' title='bbox 1697 1463 1746 1518; x_wconf 91' lang='lat' dir='ltr'><strong>si</strong></span> <span class='ocrx_word' id='word_1_102' title='bbox 1771 1464 1920 1519; x_wconf 87' lang='lat' dir='ltr'><strong>foret</strong></span> <span class='ocrx_word' id='word_1_103' title='bbox 1943 1462 2170 1518; x_wconf 87' lang='lat' dir='ltr'><strong>labium</strong></span> 
     </span>
    </p>
   </div>
   <div class='ocr_carea' id='block_1_16' title="bbox 525 1552 2170 1624">
    <p class='ocr_par' dir='ltr' id='par_1_16' title="bbox 525 1552 2170 1624">
     <span class='ocr_line' id='line_1_16' title="bbox 525 1552 2170 1624; baseline 0.005 -26"><span class='ocrx_word' id='word_1_104' title='bbox 525 1560 715 1600; x_wconf 87' lang='lat' dir='ltr'><strong>unum</strong></span> <span class='ocrx_word' id='word_1_105' title='bbox 763 1561 952 1617; x_wconf 91' lang='lat' dir='ltr'><strong>osque</strong></span> <span class='ocrx_word' id='word_1_106' title='bbox 1010 1565 1197 1604; x_wconf 90' lang='lat' dir='ltr'><strong>unum</strong></span> <span class='ocrx_word' id='word_1_107' title='bbox 1246 1566 1367 1621; x_wconf 92' lang='lat' dir='ltr'><strong>quo</strong></span> <span class='ocrx_word' id='word_1_108' title='bbox 1413 1568 1624 1607; x_wconf 90' lang='lat' dir='ltr'><strong>omnes</strong></span> <span class='ocrx_word' id='word_1_109' title='bbox 1673 1559 2055 1624; x_wconf 87' lang='lat' dir='ltr'><strong>erumperent</strong></span> <span class='ocrx_word' id='word_1_110' title='bbox 2111 1552 2170 1606; x_wconf 92' lang='lat' dir='ltr'><strong>in</strong></span> 
     </span>
    </p>
   </div>
   <div class='ocr_carea' id='block_1_17' title="bbox 526 1639 2173 1712">
    <p class='ocr_par' dir='ltr' id='par_1_17' title="bbox 526 1639 2173 1712">
     <span class='ocr_line' id='line_1_17' title="bbox 526 1639 2173 1712; baseline 0.004 -25"><span class='ocrx_word' id='word_1_111' title='bbox 526 1649 710 1690; x_wconf 87' lang='lat' dir='ltr'><strong>unam</strong></span> <span class='ocrx_word' id='word_1_112' title='bbox 743 1650 974 1702; x_wconf 89' lang='lat' dir='ltr'><strong>vocem,</strong></span> <span class='ocrx_word' id='word_1_113' title='bbox 1000 1651 1073 1691; x_wconf 92' lang='lat' dir='ltr'><strong>ne</strong></span> <span class='ocrx_word' id='word_1_114' title='bbox 1104 1639 1414 1708; x_wconf 87' lang='lat' dir='ltr'><strong>paululum</strong></span> <span class='ocrx_word' id='word_1_115' title='bbox 1454 1641 1701 1712; x_wconf 88' lang='lat' dir='ltr'><strong>quidem</strong></span> <span class='ocrx_word' id='word_1_116' title='bbox 1740 1642 1822 1696; x_wconf 89' lang='lat' dir='ltr'><strong>sic</strong></span> <span class='ocrx_word' id='word_1_117' title='bbox 1853 1641 2173 1712; x_wconf 88' lang='lat' dir='ltr'><strong>aptissima</strong></span> 
     </span>
    </p>
   </div>
   <div class='ocr_carea' id='block_1_18' title="bbox 523 1721 2170 1798">
    <p class='ocr_par' dir='ltr' id='par_1_18' title="bbox 523 1721 2170 1798">
     <span class='ocr_line' id='line_1_18' title="bbox 523 1721 2170 1798; baseline 0.004 -21"><span class='ocrx_word' id='word_1_118' title='bbox 523 1721 703 1778; x_wconf 87' lang='lat' dir='ltr'><strong>etiam</strong></span> <span class='ocrx_word' id='word_1_119' title='bbox 737 1725 1101 1796; x_wconf 78' lang='lat' dir='ltr'><strong>symphonia</strong></span> <span class='ocrx_word' id='word_1_120' title='bbox 1131 1727 1418 1798; x_wconf 80' lang='lat' dir='ltr'><strong>attingere</strong></span> <span class='ocrx_word' id='word_1_121' title='bbox 1453 1730 1716 1785; x_wconf 86' lang='lat' dir='ltr'><strong>valerent</strong></span> <span class='ocrx_word' id='word_1_122' title='bbox 1741 1729 1817 1785; x_wconf 89' lang='lat' dir='ltr'><strong>ad</strong></span> <span class='ocrx_word' id='word_1_123' title='bbox 1850 1729 2170 1784; x_wconf 87' lang='lat' dir='ltr'><strong>sublimem</strong></span> 
     </span>
    </p>
   </div>
   <div class='ocr_carea' id='block_1_19' title="bbox 2278 570 3880 648">
    <p class='ocr_par' dir='ltr' id='par_1_19' title="bbox 2278 570 3880 648">
     <span class='ocr_line' id='line_1_19' title="bbox 2278 570 3880 648; baseline -0.002 -22"><span class='ocrx_word' id='word_1_124' title='bbox 2278 576 2543 648; x_wconf 74' lang='grc' dir='ltr'><strong>ἄνθρωποι</strong></span> <span class='ocrx_word' id='word_1_125' title='bbox 2583 585 2760 648; x_wconf 76' lang='grc' dir='ltr'><strong>σαφῶς</strong></span> <span class='ocrx_word' id='word_1_126' title='bbox 2823 573 3030 646; x_wconf 82' lang='grc' dir='ltr'><strong>εἰδότες,</strong></span> <span class='ocrx_word' id='word_1_127' title='bbox 3093 580 3180 627; x_wconf 81' lang='grc' dir='ltr'><strong>καὶ</strong></span> <span class='ocrx_word' id='word_1_128' title='bbox 3239 581 3461 646; x_wconf 75' lang='grc' dir='ltr'><strong>γνώμης</strong></span> <span class='ocrx_word' id='word_1_129' title='bbox 3520 570 3585 626; x_wconf 76' lang='grc' dir='ltr'><strong>εὖ</strong></span> <span class='ocrx_word' id='word_1_130' title='bbox 3619 573 3731 625; x_wconf 79' lang='grc' dir='ltr'><strong>εἰσι</strong></span> <span class='ocrx_word' id='word_1_131' title='bbox 3781 579 3880 623; x_wconf 58' lang='grc' dir='ltr'><strong>τιτι.</strong></span> 
     </span>
    </p>
   </div>
   <div class='ocr_carea' id='block_1_20' title="bbox 2278 664 3883 736">
    <p class='ocr_par' dir='ltr' id='par_1_20' title="bbox 2278 664 3883 736">
     <span class='ocr_line' id='line_1_20' title="bbox 2278 664 3883 736; baseline -0.003 -21"><span class='ocrx_word' id='word_1_132' title='bbox 2278 681 2362 725; x_wconf 85' lang='grc' dir='ltr'><strong>τες</strong></span> <span class='ocrx_word' id='word_1_133' title='bbox 2398 666 2602 735; x_wconf 69' lang='grc' dir='ltr'><strong>ἔχοντες</strong></span> <span class='ocrx_word' id='word_1_134' title='bbox 2661 664 2989 736; x_wconf 76' lang='grc' dir='ltr'><strong>ἀνομολογείν</strong></span> <span class='ocrx_word' id='word_1_135' title='bbox 3050 669 3137 716; x_wconf 78' lang='grc' dir='ltr'><strong>καὶ</strong></span> <span class='ocrx_word' id='word_1_136' title='bbox 3173 665 3457 736; x_wconf 72' lang='grc' dir='ltr'><strong>κηρύττειν</strong></span> <span class='ocrx_word' id='word_1_137' title='bbox 3509 685 3522 695; x_wconf 94' lang='grc'><strong>·</strong></span> <span class='ocrx_word' id='word_1_138' title='bbox 3555 667 3662 715; x_wconf 75' lang='grc' dir='ltr'><strong>καὶ</strong></span> <span class='ocrx_word' id='word_1_139' title='bbox 3692 681 3755 732; x_wconf 85' lang='grc' dir='ltr'><strong>γε</strong></span> <span class='ocrx_word' id='word_1_140' title='bbox 3808 671 3883 710; x_wconf 68' lang='grc' dir='ltr'><strong>τω</strong></span> 
     </span>
    </p>
   </div>
   <div class='ocr_carea' id='block_1_21' title="bbox 2278 750 3883 822">
    <p class='ocr_par' dir='ltr' id='par_1_21' title="bbox 2278 750 3883 822">
     <span class='ocr_line' id='line_1_21' title="bbox 2278 750 3883 822; baseline -0.002 -20"><span class='ocrx_word' id='word_1_141' title='bbox 2278 750 2512 804; x_wconf 76' lang='grc' dir='ltr'><strong>ἁπάντων</strong></span> <span class='ocrx_word' id='word_1_142' title='bbox 2592 755 2733 806; x_wconf 80' lang='grc' dir='ltr'><strong>ἔστιν</strong></span> <span class='ocrx_word' id='word_1_143' title='bbox 2780 751 2974 818; x_wconf 75' lang='grc' dir='ltr'><strong>οὐδεὶς,</strong></span> <span class='ocrx_word' id='word_1_144' title='bbox 3026 753 3322 813; x_wconf 76' lang='grc' dir='ltr'><strong>αἰσθήσεως</strong></span> <span class='ocrx_word' id='word_1_145' title='bbox 3377 759 3513 822; x_wconf 78' lang='grc' dir='ltr'><strong>γοῦν</strong></span> <span class='ocrx_word' id='word_1_146' title='bbox 3620 757 3716 802; x_wconf 72' lang='grc' dir='ltr'><strong>καὶ</strong></span> <span class='ocrx_word' id='word_1_147' title='bbox 3773 750 3883 819; x_wconf 68' lang='grc' dir='ltr'><strong>λογι-</strong></span> 
     </span>
    </p>
   </div>
   <div class='ocr_carea' id='block_1_22' title="bbox 2279 838 3884 914">
    <p class='ocr_par' dir='ltr' id='par_1_22' title="bbox 2279 838 3884 914">
     <span class='ocr_line' id='line_1_22' title="bbox 2279 838 3884 914; baseline -0.002 -23"><span class='ocrx_word' id='word_1_148' title='bbox 2279 849 2425 912; x_wconf 81' lang='grc' dir='ltr'><strong>σμῶν</strong></span> <span class='ocrx_word' id='word_1_149' title='bbox 2461 847 2717 914; x_wconf 83' lang='grc' dir='ltr'><strong>μετέχων,</strong></span> <span class='ocrx_word' id='word_1_150' title='bbox 2755 847 2826 914; x_wconf 75' lang='grc' dir='ltr'><strong>μὴ</strong></span> <span class='ocrx_word' id='word_1_151' title='bbox 2878 850 3032 895; x_wconf 87' lang='grc' dir='ltr'><strong>τοῦτο</strong></span> <span class='ocrx_word' id='word_1_152' title='bbox 3064 838 3270 914; x_wconf 72' lang='grc' dir='ltr'><strong>σφόδρα</strong></span> <span class='ocrx_word' id='word_1_153' title='bbox 3337 839 3773 912; x_wconf 59' lang='grc' dir='ltr'><strong>βεϐουλημνος.</strong></span> <span class='ocrx_word' id='word_1_154' title='bbox 3830 839 3884 889; x_wconf 62' lang='lat' dir='ltr'><strong>OL</strong></span> 
     </span>
    </p>
   </div>
   <div class='ocr_carea' id='block_1_23' title="bbox 2277 925 3885 1001">
    <p class='ocr_par' dir='ltr' id='par_1_23' title="bbox 2277 925 3885 1001">
     <span class='ocr_line' id='line_1_23' title="bbox 2277 925 3885 1001; baseline 0.001 -21"><span class='ocrx_word' id='word_1_155' title='bbox 2277 934 2380 1001; x_wconf 74' lang='grc' dir='ltr'><strong>μὴν</strong></span> <span class='ocrx_word' id='word_1_156' title='bbox 2430 930 2559 982; x_wconf 81' lang='grc' dir='ltr'><strong>ἀλλὰ</strong></span> <span class='ocrx_word' id='word_1_157' title='bbox 2618 937 2708 983; x_wconf 80' lang='grc' dir='ltr'><strong>καὶ</strong></span> <span class='ocrx_word' id='word_1_158' title='bbox 2765 933 2947 992; x_wconf 79' lang='grc' dir='ltr'><strong>πάντες</strong></span> <span class='ocrx_word' id='word_1_159' title='bbox 3014 927 3068 983; x_wconf 81' lang='grc' dir='ltr'><strong>εὖ</strong></span> <span class='ocrx_word' id='word_1_160' title='bbox 3145 931 3246 982; x_wconf 75' lang='grc' dir='ltr'><strong>εἰσι</strong></span> <span class='ocrx_word' id='word_1_161' title='bbox 3291 935 3383 981; x_wconf 81' lang='grc' dir='ltr'><strong>καὶ</strong></span> <span class='ocrx_word' id='word_1_162' title='bbox 3444 929 3632 988; x_wconf 75' lang='grc' dir='ltr'><strong>καλῶς</strong></span> <span class='ocrx_word' id='word_1_163' title='bbox 3693 925 3885 985; x_wconf 68' lang='grc' dir='ltr'><strong>εἰδότες.</strong></span> 
     </span>
    </p>
   </div>
   <div class='ocr_carea' id='block_1_24' title="bbox 2277 1015 3887 1094">
    <p class='ocr_par' dir='ltr' id='par_1_24' title="bbox 2277 1015 3887 1094">
     <span class='ocr_line' id='line_1_24' title="bbox 2277 1015 3887 1094; baseline -0.001 -25"><span class='ocrx_word' id='word_1_164' title='bbox 2277 1020 2345 1078; x_wconf 83' lang='grc' dir='ltr'><strong>ὡς</strong></span> <span class='ocrx_word' id='word_1_165' title='bbox 2396 1021 2536 1071; x_wconf 74' lang='grc' dir='ltr'><strong>ἔστιν</strong></span> <span class='ocrx_word' id='word_1_166' title='bbox 2630 1018 2830 1080; x_wconf 75' lang='grc' dir='ltr'><strong>άληθῶς</strong></span> <span class='ocrx_word' id='word_1_167' title='bbox 2883 1022 3010 1094; x_wconf 72' lang='grc' dir='ltr'><strong>ὑτὶρ</strong></span> <span class='ocrx_word' id='word_1_168' title='bbox 3066 1025 3240 1072; x_wconf 82' lang='grc' dir='ltr'><strong>πᾶσαν</strong></span> <span class='ocrx_word' id='word_1_169' title='bbox 3289 1019 3452 1088; x_wconf 74' lang='grc' dir='ltr'><strong>λογον</strong></span> <span class='ocrx_word' id='word_1_170' title='bbox 3520 1038 3624 1069; x_wconf 76' lang='grc' dir='ltr'><strong>και</strong></span> <span class='ocrx_word' id='word_1_171' title='bbox 3689 1015 3887 1086; x_wconf 52' lang='grc' dir='ltr'><strong>δύναμιν</strong></span> 
     </span>
    </p>
   </div>
   <div class='ocr_carea' id='block_1_25' title="bbox 2810 1107 3886 1178">
    <p class='ocr_par' dir='ltr' id='par_1_25' title="bbox 2810 1107 3886 1178">
     <span class='ocr_line' id='line_1_25' title="bbox 2810 1107 3886 1178; baseline -0.004 -17"><span class='ocrx_word' id='word_1_172' title='bbox 2810 1112 2981 1161; x_wconf 77' lang='grc' dir='ltr'><strong>ἱκανὸν</strong></span> <span class='ocrx_word' id='word_1_173' title='bbox 3047 1117 3215 1162; x_wconf 82' lang='grc' dir='ltr'><strong>ταῦτα</strong></span> <span class='ocrx_word' id='word_1_174' title='bbox 3277 1108 3588 1178; x_wconf 70' lang='grc' dir='ltr'><strong>ἑξισχύσαι</strong></span> <span class='ocrx_word' id='word_1_175' title='bbox 3663 1107 3792 1163; x_wconf 72' lang='grc' dir='ltr'><strong>λαλέ</strong></span> <span class='ocrx_word' id='word_1_176' title='bbox 3802 1124 3886 1157; x_wconf 59' lang='grc' dir='ltr'><strong>σει</strong></span> 
     </span>
    </p>
   </div>
   <div class='ocr_carea' id='block_1_26' title="bbox 2279 1195 3889 1269">
    <p class='ocr_par' dir='ltr' id='par_1_26' title="bbox 2279 1195 3889 1269">
     <span class='ocr_line' id='line_1_26' title="bbox 2279 1195 3889 1269; baseline -0.001 -21"><span class='ocrx_word' id='word_1_177' title='bbox 2279 1196 2309 1255; x_wconf 71' lang='grc' dir='ltr'>ἢ</span> <span class='ocrx_word' id='word_1_178' title='bbox 2369 1201 2462 1254; x_wconf 76' lang='grc' dir='ltr'><strong>τὴν</strong></span> <span class='ocrx_word' id='word_1_179' title='bbox 2502 1196 2750 1268; x_wconf 79' lang='grc' dir='ltr'><strong>ἀνάλογον</strong></span> <span class='ocrx_word' id='word_1_180' title='bbox 2810 1203 2900 1250; x_wconf 81' lang='grc' dir='ltr'><strong>καὶ</strong></span> <span class='ocrx_word' id='word_1_181' title='bbox 2936 1201 3071 1250; x_wconf 75' lang='grc' dir='ltr'><strong>πάνυ</strong></span> <span class='ocrx_word' id='word_1_182' title='bbox 3128 1218 3179 1250; x_wconf 92' lang='grc' dir='ltr'><strong>τι</strong></span> <span class='ocrx_word' id='word_1_183' title='bbox 3247 1199 3771 1269; x_wconf 72' lang='grc' dir='ltr'><strong>προτεθυμημένους</strong></span> <span class='ocrx_word' id='word_1_184' title='bbox 3832 1195 3889 1246; x_wconf 53' lang='grc' dir='ltr'><strong>εὶ-</strong></span> 
     </span>
    </p>
   </div>
   <div class='ocr_carea' id='block_1_27' title="bbox 2278 1286 3892 1359">
    <p class='ocr_par' dir='ltr' id='par_1_27' title="bbox 2278 1286 3892 1359">
     <span class='ocr_line' id='line_1_27' title="bbox 2278 1286 3892 1359; baseline 0.004 -24"><span class='ocrx_word' id='word_1_185' title='bbox 2278 1291 2568 1356; x_wconf 83' lang='grc' dir='ltr'><strong>χαριστίαν</strong></span> <span class='ocrx_word' id='word_1_186' title='bbox 2631 1287 2846 1358; x_wconf 81' lang='grc' dir='ltr'><strong>πρᾶξαι,</strong></span> <span class='ocrx_word' id='word_1_187' title='bbox 2907 1291 2979 1359; x_wconf 77' lang='grc' dir='ltr'><strong>μὴ</strong></span> <span class='ocrx_word' id='word_1_188' title='bbox 3043 1289 3124 1339; x_wconf 82' lang='grc' dir='ltr'><strong>ὅτι</strong></span> <span class='ocrx_word' id='word_1_189' title='bbox 3183 1305 3239 1358; x_wconf 82' lang='grc' dir='ltr'><strong>γε</strong></span> <span class='ocrx_word' id='word_1_190' title='bbox 3273 1286 3396 1338; x_wconf 82' lang='grc' dir='ltr'><strong>καθ’</strong></span> <span class='ocrx_word' id='word_1_191' title='bbox 3467 1287 3564 1338; x_wconf 79' lang='grc' dir='ltr'><strong>ἕνα</strong></span> <span class='ocrx_word' id='word_1_192' title='bbox 3629 1287 3892 1356; x_wconf 47' lang='lat' dir='ltr'><strong>patriai-</strong></span> 
     </span>
    </p>
   </div>
   <div class='ocr_carea' id='block_1_28' title="bbox 2279 1373 3895 1448">
    <p class='ocr_par' dir='ltr' id='par_1_28' title="bbox 2279 1373 3895 1448">
     <span class='ocr_line' id='line_1_28' title="bbox 2279 1373 3895 1448; baseline -0.001 -24"><span class='ocrx_word' id='word_1_193' title='bbox 2279 1393 2394 1434; x_wconf 88' lang='grc' dir='ltr'><strong>νους</strong></span> <span class='ocrx_word' id='word_1_194' title='bbox 2422 1379 2510 1426; x_wconf 84' lang='grc' dir='ltr'><strong>καὶ</strong></span> <span class='ocrx_word' id='word_1_195' title='bbox 2565 1378 2702 1427; x_wconf 81' lang='grc' dir='ltr'><strong>κατὰ</strong></span> <span class='ocrx_word' id='word_1_196' title='bbox 2746 1381 2871 1448; x_wconf 86' lang='grc' dir='ltr'><strong>μίαν</strong></span> <span class='ocrx_word' id='word_1_197' title='bbox 2925 1376 3171 1446; x_wconf 84' lang='grc' dir='ltr'><strong>γλῶσσαν</strong></span> <span class='ocrx_word' id='word_1_198' title='bbox 3206 1376 3430 1427; x_wconf 82' lang='grc' dir='ltr'><strong>ἕκαστον</strong></span> <span class='ocrx_word' id='word_1_199' title='bbox 3495 1373 3895 1447; x_wconf 68' lang='grc' dir='ltr'><strong>ἐπιχειροῦντες</strong></span> 
     </span>
    </p>
   </div>
   <div class='ocr_carea' id='block_1_29' title="bbox 2277 1109 2727 1181">
    <p class='ocr_par' dir='ltr' id='par_1_29' title="bbox 2277 1109 2727 1181">
     <span class='ocr_line' id='line_1_29' title="bbox 2277 1109 2727 1181; baseline 0.007 -23"><span class='ocrx_word' id='word_1_200' title='bbox 2277 1112 2367 1159; x_wconf 82' lang='grc' dir='ltr'><strong>καὶ</strong></span> <span class='ocrx_word' id='word_1_201' title='bbox 2422 1111 2576 1179; x_wconf 83' lang='grc' dir='ltr'><strong>φύσιν</strong></span> <span class='ocrx_word' id='word_1_202' title='bbox 2651 1109 2727 1181; x_wconf 72' lang='grc' dir='ltr'><strong>ἐφ’</strong></span> 
     </span>
    </p>
   </div>
   <div class='ocr_carea' id='block_1_30' title="bbox 2282 1461 3896 1534">
    <p class='ocr_par' dir='ltr' id='par_1_30' title="bbox 2282 1461 3896 1534">
     <span class='ocr_line' id='line_1_30' title="bbox 2282 1461 3896 1534; baseline -0.001 -22"><span class='ocrx_word' id='word_1_203' title='bbox 2282 1461 2572 1534; x_wconf 74' lang='grc' dir='ltr'><strong>ἀπονέμειν,</strong></span> <span class='ocrx_word' id='word_1_204' title='bbox 2627 1463 2734 1515; x_wconf 83' lang='grc' dir='ltr'><strong>ἀλλ’</strong></span> <span class='ocrx_word' id='word_1_205' title='bbox 2772 1461 2887 1516; x_wconf 82' lang='grc' dir='ltr'><strong>οὐδ’</strong></span> <span class='ocrx_word' id='word_1_206' title='bbox 2932 1465 2977 1516; x_wconf 87' lang='grc' dir='ltr'><strong>εἰ</strong></span> <span class='ocrx_word' id='word_1_207' title='bbox 3037 1469 3224 1525; x_wconf 78' lang='grc' dir='ltr'><strong>πάντες</strong></span> <span class='ocrx_word' id='word_1_208' title='bbox 3272 1464 3344 1523; x_wconf 87' lang='grc' dir='ltr'><strong>εἰς</strong></span> <span class='ocrx_word' id='word_1_209' title='bbox 3395 1463 3613 1514; x_wconf 75' lang='grc' dir='ltr'><strong>ταύτὸν</strong></span> <span class='ocrx_word' id='word_1_210' title='bbox 3670 1464 3756 1531; x_wconf 73' lang='grc'><strong>(1)</strong></span> <span class='ocrx_word' id='word_1_211' title='bbox 3802 1482 3896 1513; x_wconf 67' lang='grc' dir='ltr'><strong>σπι</strong></span> 
     </span>
    </p>
   </div>
   <div class='ocr_carea' id='block_1_31' title="bbox 2282 1552 3894 1622">
    <p class='ocr_par' dir='ltr' id='par_1_31' title="bbox 2282 1552 3894 1622">
     <span class='ocr_line' id='line_1_31' title="bbox 2282 1552 3894 1622; baseline -0.001 -19"><span class='ocrx_word' id='word_1_212' title='bbox 2282 1557 2463 1620; x_wconf 79' lang='grc' dir='ltr'><strong>εόντες,</strong></span> <span class='ocrx_word' id='word_1_213' title='bbox 2496 1555 2610 1605; x_wconf 84' lang='grc' dir='ltr'><strong>ὅσοι</strong></span> <span class='ocrx_word' id='word_1_214' title='bbox 2645 1572 2698 1605; x_wconf 81' lang='grc' dir='ltr'><strong>τε</strong></span> <span class='ocrx_word' id='word_1_215' title='bbox 2743 1561 2832 1604; x_wconf 75' lang='grc' dir='ltr'><strong>νῦν</strong></span> <span class='ocrx_word' id='word_1_216' title='bbox 2872 1555 2977 1606; x_wconf 80' lang='grc' dir='ltr'><strong>εἱσι</strong></span> <span class='ocrx_word' id='word_1_217' title='bbox 3027 1558 3118 1606; x_wconf 81' lang='grc' dir='ltr'><strong>καὶ</strong></span> <span class='ocrx_word' id='word_1_218' title='bbox 3177 1555 3293 1606; x_wconf 82' lang='grc' dir='ltr'><strong>ὅσοι</strong></span> <span class='ocrx_word' id='word_1_219' title='bbox 3337 1552 3515 1604; x_wconf 71' lang='grc' dir='ltr'><strong>πάλαι</strong></span> <span class='ocrx_word' id='word_1_220' title='bbox 3573 1557 3894 1622; x_wconf 51' lang='grc' dir='ltr'><strong>γεγόνασιν</strong></span> 
     </span>
    </p>
   </div>
   <div class='ocr_carea' id='block_1_32' title="bbox 2279 1639 3894 1714">
    <p class='ocr_par' dir='ltr' id='par_1_32' title="bbox 2279 1639 3894 1714">
     <span class='ocr_line' id='line_1_32' title="bbox 2279 1639 3894 1714; baseline 0 -22"><span class='ocrx_word' id='word_1_221' title='bbox 2279 1640 2546 1713; x_wconf 80' lang='grc' dir='ltr'><strong>οὐμενοῦν,</strong></span> <span class='ocrx_word' id='word_1_222' title='bbox 2587 1639 2703 1694; x_wconf 72' lang='grc' dir='ltr'><strong>οὐδ’</strong></span> <span class='ocrx_word' id='word_1_223' title='bbox 2741 1643 2786 1694; x_wconf 81' lang='grc' dir='ltr'><strong>εἰ</strong></span> <span class='ocrx_word' id='word_1_224' title='bbox 2844 1641 3022 1713; x_wconf 86' lang='grc' dir='ltr'><strong>χεῖλος</strong></span> <span class='ocrx_word' id='word_1_225' title='bbox 3076 1641 3125 1694; x_wconf 70' lang='grc' dir='ltr'><strong>ἓν</strong></span> <span class='ocrx_word' id='word_1_226' title='bbox 3176 1647 3266 1694; x_wconf 80' lang='grc' dir='ltr'><strong>καὶ</strong></span> <span class='ocrx_word' id='word_1_227' title='bbox 3302 1642 3354 1694; x_wconf 77' lang='grc' dir='ltr'><strong>ἓν</strong></span> <span class='ocrx_word' id='word_1_228' title='bbox 3387 1646 3578 1712; x_wconf 83' lang='grc' dir='ltr'><strong>στόμα</strong></span> <span class='ocrx_word' id='word_1_229' title='bbox 3637 1645 3779 1714; x_wconf 77' lang='grc' dir='ltr'><strong>πρὸς</strong></span> <span class='ocrx_word' id='word_1_230' title='bbox 3819 1662 3894 1711; x_wconf 61' lang='grc' dir='ltr'><strong>ειν-</strong></span> 
     </span>
    </p>
   </div>
   <div class='ocr_carea' id='block_1_33' title="bbox 2278 1726 3895 1802">
    <p class='ocr_par' dir='ltr' id='par_1_33' title="bbox 2278 1726 3895 1802">
     <span class='ocr_line' id='line_1_33' title="bbox 2278 1726 3895 1802; baseline -0.001 -21"><span class='ocrx_word' id='word_1_231' title='bbox 2278 1734 2372 1787; x_wconf 70' lang='grc' dir='ltr'><strong>τὴν</strong></span> <span class='ocrx_word' id='word_1_232' title='bbox 2421 1735 2544 1801; x_wconf 84' lang='grc' dir='ltr'><strong>μίαν</strong></span> <span class='ocrx_word' id='word_1_233' title='bbox 2595 1734 2670 1799; x_wconf 85' lang='lat'><strong>(2)</strong></span> <span class='ocrx_word' id='word_1_234' title='bbox 2728 1735 3018 1802; x_wconf 82' lang='grc' dir='ltr'><strong>γεγόμενοι,</strong></span> <span class='ocrx_word' id='word_1_235' title='bbox 3075 1727 3189 1783; x_wconf 70' lang='grc' dir='ltr'><strong>οὐδ’</strong></span> <span class='ocrx_word' id='word_1_236' title='bbox 3242 1730 3406 1791; x_wconf 80' lang='grc' dir='ltr'><strong>οὕτως</strong></span> <span class='ocrx_word' id='word_1_237' title='bbox 3455 1729 3527 1781; x_wconf 77' lang='grc' dir='ltr'><strong>ἂν</strong></span> <span class='ocrx_word' id='word_1_238' title='bbox 3597 1726 3737 1781; x_wconf 63' lang='grc' dir='ltr'><strong>οὐδε</strong></span> <span class='ocrx_word' id='word_1_239' title='bbox 3783 1734 3895 1779; x_wconf 60' lang='grc' dir='ltr'><strong>κατὰ</strong></span> 
     </span>
    </p>
   </div>
   <div class='ocr_carea' id='block_1_34' title="bbox 525 1811 2034 1892">
    <p class='ocr_par' dir='ltr' id='par_1_34' title="bbox 525 1811 2034 1882">
     <span class='ocr_line' id='line_1_34' title="bbox 525 1811 2034 1882; baseline 0.004 -16"><span class='ocrx_word' id='word_1_240' title='bbox 525 1811 682 1866; x_wconf 89' lang='lat' dir='ltr'><strong>hanc</strong></span> <span class='ocrx_word' id='word_1_241' title='bbox 705 1816 816 1868; x_wconf 84' lang='lat' dir='ltr'><strong>tam</strong></span> <span class='ocrx_word' id='word_1_242' title='bbox 839 1814 1296 1882; x_wconf 84' lang='lat' dir='ltr'><strong>magniﬁcorum</strong></span> <span class='ocrx_word' id='word_1_243' title='bbox 1331 1818 1693 1874; x_wconf 89' lang='lat' dir='ltr'><strong>mirabilium</strong></span> <span class='ocrx_word' id='word_1_244' title='bbox 1728 1818 2034 1874; x_wconf 86' lang='lat' dir='ltr'><strong>confessio</strong></span> 
     </span>
    </p>
   </div>
   <div class='ocr_carea' id='block_1_35' title="bbox 2290 1811 3878 1892">
    <p class='ocr_par' dir='ltr' id='par_1_35' title="bbox 2290 1819 3878 1892">
     <span class='ocr_line' id='line_1_35' title="bbox 2290 1819 3878 1892; baseline 0.001 -23"><span class='ocrx_word' id='word_1_245' title='bbox 2290 1821 2466 1892; x_wconf 84' lang='grc' dir='ltr'><strong>ιιικρὸν</strong></span> <span class='ocrx_word' id='word_1_246' title='bbox 2523 1822 2686 1890; x_wconf 83' lang='grc' dir='ltr'><strong>ἔσχον</strong></span> <span class='ocrx_word' id='word_1_247' title='bbox 2734 1819 2886 1890; x_wconf 73' lang='grc' dir='ltr'><strong>ἐγγὺς</strong></span> <span class='ocrx_word' id='word_1_248' title='bbox 2934 1819 3060 1872; x_wconf 73' lang='grc' dir='ltr'><strong>ἰέναι</strong></span> <span class='ocrx_word' id='word_1_249' title='bbox 3115 1827 3206 1871; x_wconf 83' lang='grc' dir='ltr'><strong>τοῦ</strong></span> <span class='ocrx_word' id='word_1_250' title='bbox 3241 1837 3362 1870; x_wconf 85' lang='grc' dir='ltr'><strong>τινα</strong></span> <span class='ocrx_word' id='word_1_251' title='bbox 3427 1821 3648 1876; x_wconf 79' lang='grc' dir='ltr'><strong>ταύτην</strong></span> <span class='ocrx_word' id='word_1_252' title='bbox 3703 1837 3878 1889; x_wconf 57' lang='grc' dir='ltr'><strong>σνμξο</strong></span> 
     </span>
    </p>
   </div>
   <div class='ocr_carea' id='block_1_36' title="bbox 525 1901 2173 1979">
    <p class='ocr_par' dir='ltr' id='par_1_36' title="bbox 525 1901 2173 1979">
     <span class='ocr_line' id='line_1_36' title="bbox 525 1901 2173 1979; baseline 0.004 -25"><span class='ocrx_word' id='word_1_253' title='bbox 525 1914 662 1970; x_wconf 65' lang='lat' dir='ltr'><strong>qua</strong></span> <span class='ocrx_word' id='word_1_254' title='bbox 710 1901 1003 1960; x_wconf 74' lang='lat' dir='ltr'><strong>excedens</strong></span> <span class='ocrx_word' id='word_1_255' title='bbox 1047 1911 1260 1960; x_wconf 90' lang='lat' dir='ltr'><strong>cuncta</strong></span> <span class='ocrx_word' id='word_1_256' title='bbox 1288 1907 1366 1961; x_wconf 89' lang='lat' dir='ltr'><strong>ad</strong></span> <span class='ocrx_word' id='word_1_257' title='bbox 1391 1907 1629 1963; x_wconf 84' lang='lat' dir='ltr'><strong>inﬁrma</strong></span> <span class='ocrx_word' id='word_1_258' title='bbox 1648 1907 1900 1979; x_wconf 91' lang='lat' dir='ltr'><strong>deprimi</strong></span> <span class='ocrx_word' id='word_1_259' title='bbox 1926 1906 2173 1962; x_wconf 90' lang='lat' dir='ltr'><strong>minime</strong></span> 
     </span>
    </p>
   </div>
   <div class='ocr_carea' id='block_1_37' title="bbox 527 1990 2171 2060">
    <p class='ocr_par' dir='ltr' id='par_1_37' title="bbox 527 1990 2171 2060">
     <span class='ocr_line' id='line_1_37' title="bbox 527 1990 2171 2060; baseline 0.004 -17"><span class='ocrx_word' id='word_1_260' title='bbox 527 1991 742 2060; x_wconf 90' lang='lat' dir='ltr'><strong>potest.</strong></span> <span class='ocrx_word' id='word_1_261' title='bbox 767 1992 862 2046; x_wconf 91' lang='lat' dir='ltr'><strong>Est</strong></span> <span class='ocrx_word' id='word_1_262' title='bbox 888 1990 1065 2058; x_wconf 81' lang='lat' dir='ltr'><strong>igitur</strong></span> <span class='ocrx_word' id='word_1_263' title='bbox 1089 1994 1284 2050; x_wconf 88' lang='lat' dir='ltr'><strong>omnis</strong></span> <span class='ocrx_word' id='word_1_264' title='bbox 1304 2000 1523 2052; x_wconf 89' lang='lat' dir='ltr'><strong>natura</strong></span> <span class='ocrx_word' id='word_1_265' title='bbox 1541 1997 1854 2052; x_wconf 91' lang='lat' dir='ltr'><strong>hominum</strong></span> <span class='ocrx_word' id='word_1_266' title='bbox 1877 2011 2011 2051; x_wconf 86' lang='lat' dir='ltr'><strong>vere</strong></span> <span class='ocrx_word' id='word_1_267' title='bbox 2032 1994 2171 2050; x_wconf 82' lang='lat' dir='ltr'><strong>infe-</strong></span> 
     </span>
    </p>
   </div>
   <div class='ocr_carea' id='block_1_38' title="bbox 525 2076 2175 2154">
    <p class='ocr_par' dir='ltr' id='par_1_38' title="bbox 525 2076 2175 2154">
     <span class='ocr_line' id='line_1_38' title="bbox 525 2076 2175 2154; baseline 0.003 -22"><span class='ocrx_word' id='word_1_268' title='bbox 525 2076 646 2132; x_wconf 89' lang='lat' dir='ltr'><strong>rior</strong></span> <span class='ocrx_word' id='word_1_269' title='bbox 670 2081 728 2132; x_wconf 90' lang='lat' dir='ltr'><strong>et</strong></span> <span class='ocrx_word' id='word_1_270' title='bbox 755 2079 1054 2149; x_wconf 81' lang='lat' dir='ltr'><strong>impotens</strong></span> <span class='ocrx_word' id='word_1_271' title='bbox 1071 2082 1147 2136; x_wconf 87' lang='lat' dir='ltr'><strong>ad</strong></span> <span class='ocrx_word' id='word_1_272' title='bbox 1171 2083 1351 2154; x_wconf 84' lang='lat' dir='ltr'><strong>hujus</strong></span> <span class='ocrx_word' id='word_1_273' title='bbox 1368 2085 1596 2141; x_wconf 87' lang='lat' dir='ltr'><strong>virtutis</strong></span> <span class='ocrx_word' id='word_1_274' title='bbox 1615 2085 2087 2154; x_wconf 85' lang='lat' dir='ltr'><strong>indagationem,</strong></span> <span class='ocrx_word' id='word_1_275' title='bbox 2109 2088 2175 2137; x_wconf 89' lang='lat' dir='ltr'><strong>ut</strong></span> 
     </span>
    </p>
   </div>
   <div class='ocr_carea' id='block_1_39' title="bbox 522 2165 2170 2246">
    <p class='ocr_par' dir='ltr' id='par_1_39' title="bbox 522 2165 2170 2246">
     <span class='ocr_line' id='line_1_39' title="bbox 522 2165 2170 2246; baseline 0.003 -25"><span class='ocrx_word' id='word_1_276' title='bbox 522 2165 774 2236; x_wconf 89' lang='lat' dir='ltr'><strong>dignum</strong></span> <span class='ocrx_word' id='word_1_277' title='bbox 795 2169 940 2239; x_wconf 92' lang='lat' dir='ltr'><strong>quid</strong></span> <span class='ocrx_word' id='word_1_278' title='bbox 973 2169 1047 2228; x_wconf 90' lang='lat' dir='ltr'><strong>de</strong></span> <span class='ocrx_word' id='word_1_279' title='bbox 1062 2177 1144 2228; x_wconf 92' lang='lat' dir='ltr'><strong>tot</strong></span> <span class='ocrx_word' id='word_1_280' title='bbox 1169 2174 1415 2230; x_wconf 89' lang='lat' dir='ltr'><strong>ettantis</strong></span> <span class='ocrx_word' id='word_1_281' title='bbox 1437 2175 1744 2230; x_wconf 85' lang='lat' dir='ltr'><strong>beneﬁciis</strong></span> <span class='ocrx_word' id='word_1_282' title='bbox 1759 2175 1920 2246; x_wconf 91' lang='lat' dir='ltr'><strong>loqui</strong></span> <span class='ocrx_word' id='word_1_283' title='bbox 1935 2173 2130 2246; x_wconf 83' lang='lat' dir='ltr'><strong>possit</strong></span> <span class='ocrx_word' id='word_1_284' title='bbox 2155 2189 2170 2226; x_wconf 88' lang='lat'><strong>:</strong></span> 
     </span>
    </p>
   </div>
   <div class='ocr_carea' id='block_1_40' title="bbox 523 2252 2171 2334">
    <p class='ocr_par' dir='ltr' id='par_1_40' title="bbox 523 2252 2171 2334">
     <span class='ocr_line' id='line_1_40' title="bbox 523 2252 2171 2334; baseline 0.005 -27"><span class='ocrx_word' id='word_1_285' title='bbox 523 2252 630 2308; x_wconf 88' lang='lat' dir='ltr'><strong>sed</strong></span> <span class='ocrx_word' id='word_1_286' title='bbox 659 2259 717 2309; x_wconf 89' lang='lat' dir='ltr'><strong>et</strong></span> <span class='ocrx_word' id='word_1_287' title='bbox 738 2255 1039 2326; x_wconf 90' lang='lat' dir='ltr'><strong>impotens</strong></span> <span class='ocrx_word' id='word_1_288' title='bbox 1071 2274 1312 2331; x_wconf 90' lang='lat' dir='ltr'><strong>quoque</strong></span> <span class='ocrx_word' id='word_1_289' title='bbox 1334 2261 1483 2318; x_wconf 80' lang='lat' dir='ltr'><strong>{oret</strong></span> <span class='ocrx_word' id='word_1_290' title='bbox 1517 2278 1706 2334; x_wconf 90' lang='lat' dir='ltr'><strong>quam</strong></span> <span class='ocrx_word' id='word_1_291' title='bbox 1735 2263 2002 2334; x_wconf 88' lang='lat' dir='ltr'><strong>accipere</strong></span> <span class='ocrx_word' id='word_1_292' title='bbox 2034 2276 2171 2332; x_wconf 81' lang='lat' dir='ltr'><strong>pos-</strong></span> 
     </span>
    </p>
   </div>
   <div class='ocr_carea' id='block_1_41' title="bbox 519 2342 2174 2419">
    <p class='ocr_par' dir='ltr' id='par_1_41' title="bbox 519 2342 2174 2419">
     <span class='ocr_line' id='line_1_41' title="bbox 519 2342 2174 2419; baseline 0.004 -22"><span class='ocrx_word' id='word_1_293' title='bbox 519 2347 606 2398; x_wconf 86' lang='lat' dir='ltr'><strong>set</strong></span> <span class='ocrx_word' id='word_1_294' title='bbox 624 2342 863 2413; x_wconf 80' lang='lat' dir='ltr'><strong>linguas</strong></span> <span class='ocrx_word' id='word_1_295' title='bbox 883 2345 1048 2416; x_wconf 88' lang='lat' dir='ltr'><strong>ipsas</strong></span> <span class='ocrx_word' id='word_1_296' title='bbox 1068 2349 1432 2416; x_wconf 82' lang='lat' dir='ltr'><strong>Angelorum</strong></span> <span class='ocrx_word' id='word_1_297' title='bbox 1458 2356 1513 2407; x_wconf 89' lang='lat' dir='ltr'><strong>et</strong></span> <span class='ocrx_word' id='word_1_298' title='bbox 1541 2350 2050 2419; x_wconf 82' lang='lat' dir='ltr'><strong>Archangelorum</strong></span> <span class='ocrx_word' id='word_1_299' title='bbox 2079 2348 2174 2404; x_wconf 88' lang='lat' dir='ltr'><strong>vel</strong></span> 
     </span>
    </p>
   </div>
   <div class='ocr_carea' id='block_1_42' title="bbox 521 2431 2174 2509">
    <p class='ocr_par' dir='ltr' id='par_1_42' title="bbox 521 2431 2174 2509">
     <span class='ocr_line' id='line_1_42' title="bbox 521 2431 2174 2509; baseline 0.005 -23"><span class='ocrx_word' id='word_1_300' title='bbox 521 2431 699 2503; x_wconf 89' lang='lat' dir='ltr'><strong>siqui</strong></span> <span class='ocrx_word' id='word_1_301' title='bbox 750 2433 867 2488; x_wconf 91' lang='lat' dir='ltr'><strong>sint</strong></span> <span class='ocrx_word' id='word_1_302' title='bbox 921 2434 1176 2492; x_wconf 86' lang='lat' dir='ltr'><strong>aliorum</strong></span> <span class='ocrx_word' id='word_1_303' title='bbox 1237 2438 1555 2509; x_wconf 90' lang='lat' dir='ltr'><strong>spirituum</strong></span> <span class='ocrx_word' id='word_1_304' title='bbox 1615 2439 1676 2494; x_wconf 92' lang='lat' dir='ltr'><strong>in</strong></span> <span class='ocrx_word' id='word_1_305' title='bbox 1729 2439 1828 2494; x_wconf 85' lang='lat' dir='ltr'><strong>Dei</strong></span> <span class='ocrx_word' id='word_1_306' title='bbox 1889 2437 2174 2494; x_wconf 76' lang='lat' dir='ltr'><strong>laudibus</strong></span> 
     </span>
    </p>
   </div>
   <div class='ocr_carea' id='block_1_43' title="bbox 518 2525 2174 2597">
    <p class='ocr_par' dir='ltr' id='par_1_43' title="bbox 518 2525 2174 2597">
     <span class='ocr_line' id='line_1_43' title="bbox 518 2525 2174 2597; baseline 0.004 -22"><span class='ocrx_word' id='word_1_307' title='bbox 518 2527 808 2592; x_wconf 90' lang='lat' dir='ltr'><strong>perpetuo</strong></span> <span class='ocrx_word' id='word_1_308' title='bbox 865 2530 1158 2591; x_wconf 86' lang='lat' dir='ltr'><strong>assuetas,</strong></span> <span class='ocrx_word' id='word_1_309' title='bbox 1190 2531 1248 2581; x_wconf 88' lang='lat' dir='ltr'><strong>et</strong></span> <span class='ocrx_word' id='word_1_310' title='bbox 1278 2529 1574 2597; x_wconf 87' lang='lat' dir='ltr'><strong>acciperet</strong></span> <span class='ocrx_word' id='word_1_311' title='bbox 1605 2542 1706 2582; x_wconf 84' lang='lat' dir='ltr'><strong>eas</strong></span> <span class='ocrx_word' id='word_1_312' title='bbox 1735 2533 1792 2581; x_wconf 91' lang='lat' dir='ltr'><strong>et</strong></span> <span class='ocrx_word' id='word_1_313' title='bbox 1820 2525 2174 2596; x_wconf 88' lang='lat' dir='ltr'><strong>adimpleret</strong></span> 
     </span>
    </p>
   </div>
   <div class='ocr_carea' id='block_1_44' title="bbox 519 2611 2172 2680">
    <p class='ocr_par' dir='ltr' id='par_1_44' title="bbox 519 2611 2172 2680">
     <span class='ocr_line' id='line_1_44' title="bbox 519 2611 2172 2680; baseline 0.003 -15"><span class='ocrx_word' id='word_1_314' title='bbox 519 2611 755 2668; x_wconf 85' lang='lat' dir='ltr'><strong>cantica</strong></span> <span class='ocrx_word' id='word_1_315' title='bbox 775 2612 1101 2680; x_wconf 82' lang='lat' dir='ltr'><strong>gratiarum</strong></span> <span class='ocrx_word' id='word_1_316' title='bbox 1126 2614 1488 2672; x_wconf 88' lang='lat' dir='ltr'><strong>creberrima</strong></span> <span class='ocrx_word' id='word_1_317' title='bbox 1523 2633 1536 2670; x_wconf 90' lang='lat'>:</span> <span class='ocrx_word' id='word_1_318' title='bbox 1559 2631 1681 2672; x_wconf 93' lang='lat' dir='ltr'><strong>non</strong></span> <span class='ocrx_word' id='word_1_319' title='bbox 1703 2616 1864 2672; x_wconf 87' lang='lat' dir='ltr'><strong>enim</strong></span> <span class='ocrx_word' id='word_1_320' title='bbox 1893 2616 2172 2674; x_wconf 87' lang='lat' dir='ltr'><strong>homines</strong></span> 
     </span>
    </p>
   </div>
   <div class='ocr_carea' id='block_1_45' title="bbox 518 2702 2171 2776">
    <p class='ocr_par' dir='ltr' id='par_1_45' title="bbox 518 2702 2171 2776">
     <span class='ocr_line' id='line_1_45' title="bbox 518 2702 2171 2776; baseline 0.005 -23"><span class='ocrx_word' id='word_1_321' title='bbox 518 2705 772 2764; x_wconf 87' lang='lat' dir='ltr'><strong>tantum,</strong></span> <span class='ocrx_word' id='word_1_322' title='bbox 808 2717 1026 2764; x_wconf 67' lang='lat' dir='ltr'><strong>verum,</strong></span> <span class='ocrx_word' id='word_1_323' title='bbox 1046 2702 1227 2760; x_wconf 86' lang='lat' dir='ltr'><strong>etiam</strong></span> <span class='ocrx_word' id='word_1_324' title='bbox 1249 2709 1572 2776; x_wconf 84' lang='lat' dir='ltr'><strong>potestates</strong></span> <span class='ocrx_word' id='word_1_325' title='bbox 1599 2705 1870 2762; x_wconf 72' lang='lat' dir='ltr'><strong>caelestes</strong></span> <span class='ocrx_word' id='word_1_326' title='bbox 1885 2704 2171 2776; x_wconf 90' lang='lat' dir='ltr'><strong>obstupe-</strong></span> 
     </span>
    </p>
   </div>
   <div class='ocr_carea' id='block_1_46' title="bbox 518 2787 2172 2866">
    <p class='ocr_par' dir='ltr' id='par_1_46' title="bbox 518 2787 2172 2866">
     <span class='ocr_line' id='line_1_46' title="bbox 518 2787 2172 2866; baseline 0.004 -22"><span class='ocrx_word' id='word_1_327' title='bbox 518 2787 658 2844; x_wconf 81' lang='lat' dir='ltr'><strong>facit</strong></span> <span class='ocrx_word' id='word_1_328' title='bbox 689 2789 1054 2848; x_wconf 90' lang='lat' dir='ltr'><strong>mirabilium</strong></span> <span class='ocrx_word' id='word_1_329' title='bbox 1079 2793 1428 2852; x_wconf 84' lang='lat' dir='ltr'><strong>excellentia</strong></span> <span class='ocrx_word' id='word_1_330' title='bbox 1445 2800 1502 2849; x_wconf 92' lang='lat' dir='ltr'><strong>et</strong></span> <span class='ocrx_word' id='word_1_331' title='bbox 1530 2793 1864 2850; x_wconf 89' lang='lat' dir='ltr'><strong>sublimitas</strong></span> <span class='ocrx_word' id='word_1_332' title='bbox 1895 2809 2032 2866; x_wconf 69' lang='lat' dir='ltr'><strong>quae</strong></span> <span class='ocrx_word' id='word_1_333' title='bbox 2061 2810 2172 2865; x_wconf 92' lang='lat' dir='ltr'><strong>pro</strong></span> 
     </span>
    </p>
   </div>
   <div class='ocr_carea' id='block_1_47' title="bbox 519 2876 2034 2954">
    <p class='ocr_par' dir='ltr' id='par_1_47' title="bbox 519 2876 2034 2954">
     <span class='ocr_line' id='line_1_47' title="bbox 519 2876 2034 2954; baseline 0.004 -23"><span class='ocrx_word' id='word_1_334' title='bbox 519 2876 694 2932; x_wconf 90' lang='lat' dir='ltr'><strong>nobis</strong></span> <span class='ocrx_word' id='word_1_335' title='bbox 724 2882 956 2949; x_wconf 86' lang='lat' dir='ltr'><strong>patrata</strong></span> <span class='ocrx_word' id='word_1_336' title='bbox 996 2879 1235 2936; x_wconf 84' lang='lat' dir='ltr'><strong>fuerunt</strong></span> <span class='ocrx_word' id='word_1_337' title='bbox 1265 2882 1563 2953; x_wconf 85' lang='lat' dir='ltr'><strong>hodieque</strong></span> <span class='ocrx_word' id='word_1_338' title='bbox 1601 2883 2034 2954; x_wconf 89' lang='lat' dir='ltr'><strong>producuntur.</strong></span> 
     </span>
    </p>
   </div>
   <div class='ocr_carea' id='block_1_48' title="bbox 517 2964 1376 3039">
    <p class='ocr_par' dir='ltr' id='par_1_48' title="bbox 517 2964 1376 3039">
     <span class='ocr_line' id='line_1_48' title="bbox 517 2964 1376 3039; baseline 0.008 -24"><span class='ocrx_word' id='word_1_339' title='bbox 517 2964 731 3036; x_wconf 74' lang='grc' dir='ltr'><strong>λογικὴν</strong></span> <span class='ocrx_word' id='word_1_340' title='bbox 827 2971 981 3039; x_wconf 77' lang='grc' dir='ltr'><strong>φύσιν</strong></span> <span class='ocrx_word' id='word_1_341' title='bbox 1085 2967 1213 3021; x_wconf 77' lang='grc' dir='ltr'><strong>ἀλλὰ</strong></span> <span class='ocrx_word' id='word_1_342' title='bbox 1288 2976 1376 3022; x_wconf 84' lang='grc' dir='ltr'><strong>καὶ</strong></span> 
     </span>
    </p>
   </div>
   <div class='ocr_carea' id='block_1_49' title="bbox 1469 2967 2322 3046">
    <p class='ocr_par' dir='ltr' id='par_1_49' title="bbox 1469 2967 2322 3046">
     <span class='ocr_line' id='line_1_49' title="bbox 1469 2967 2322 3046; baseline 0.004 -24"><span class='ocrx_word' id='word_1_343' title='bbox 1469 2973 1560 3032; x_wconf 82' lang='grc' dir='ltr'><strong>τὰς</strong></span> <span class='ocrx_word' id='word_1_344' title='bbox 1639 2970 1973 3046; x_wconf 77' lang='grc' dir='ltr'><strong>ἐπουρανίους</strong></span> <span class='ocrx_word' id='word_1_345' title='bbox 2051 2967 2322 3044; x_wconf 76' lang='grc' dir='ltr'><strong>δυνάμεις,</strong></span> 
     </span>
    </p>
   </div>
   <div class='ocr_carea' id='block_1_50' title="bbox 2280 1902 3894 1982">
    <p class='ocr_par' dir='ltr' id='par_1_50' title="bbox 2280 1902 3894 1982">
     <span class='ocr_line' id='line_1_50' title="bbox 2280 1902 3894 1982; baseline -0.001 -24"><span class='ocrx_word' id='word_1_346' title='bbox 2280 1911 2393 1959; x_wconf 84' lang='grc' dir='ltr'><strong>νίαν</strong></span> <span class='ocrx_word' id='word_1_347' title='bbox 2489 1913 2818 1980; x_wconf 85' lang='grc' dir='ltr'><strong>παγκόσμιον</strong></span> <span class='ocrx_word' id='word_1_348' title='bbox 2891 1912 3017 1982; x_wconf 85' lang='grc' dir='ltr'><strong>πρὸς</strong></span> <span class='ocrx_word' id='word_1_349' title='bbox 3083 1906 3506 1980; x_wconf 76' lang='grc' dir='ltr'><strong>ἀνθομολόγησιν</strong></span> <span class='ocrx_word' id='word_1_350' title='bbox 3603 1902 3762 1978; x_wconf 69' lang='grc' dir='ltr'><strong>ἆραι,</strong></span> <span class='ocrx_word' id='word_1_351' title='bbox 3821 1915 3894 1957; x_wconf 63' lang='lat' dir='ltr'><strong>ter}</strong></span> 
     </span>
    </p>
   </div>
   <div class='ocr_carea' id='block_1_51' title="bbox 2282 1996 3894 2069">
    <p class='ocr_par' dir='ltr' id='par_1_51' title="bbox 2282 1996 3894 2069">
     <span class='ocr_line' id='line_1_51' title="bbox 2282 1996 3894 2069; baseline -0.001 -22"><span class='ocrx_word' id='word_1_352' title='bbox 2282 2005 2382 2047; x_wconf 84' lang='grc' dir='ltr'><strong>τῶν</strong></span> <span class='ocrx_word' id='word_1_353' title='bbox 2443 1998 2719 2068; x_wconf 75' lang='grc' dir='ltr'><strong>Θαυμάτων</strong></span> <span class='ocrx_word' id='word_1_354' title='bbox 2773 1997 3046 2069; x_wconf 83' lang='grc' dir='ltr'><strong>μεγαλείου</strong></span> <span class='ocrx_word' id='word_1_355' title='bbox 3095 2001 3167 2069; x_wconf 70' lang='grc' dir='ltr'><strong>μὴ</strong></span> <span class='ocrx_word' id='word_1_356' title='bbox 3229 1996 3374 2048; x_wconf 76' lang='grc' dir='ltr'><strong>κάτω</strong></span> <span class='ocrx_word' id='word_1_357' title='bbox 3433 2002 3765 2049; x_wconf 76' lang='grc' dir='ltr'><strong>πίπτουσαν</strong></span> <span class='ocrx_word' id='word_1_358' title='bbox 3823 2001 3894 2045; x_wconf 73' lang='lat' dir='ltr'><strong>ui</strong></span> 
     </span>
    </p>
   </div>
   <div class='ocr_carea' id='block_1_52' title="bbox 2283 2174 3894 2249">
    <p class='ocr_par' dir='ltr' id='par_1_52' title="bbox 2283 2174 3894 2249">
     <span class='ocr_line' id='line_1_52' title="bbox 2283 2174 3894 2249; baseline 0 -25"><span class='ocrx_word' id='word_1_359' title='bbox 2283 2177 2447 2247; x_wconf 78' lang='grc' dir='ltr'><strong>μικρὰ</strong></span> <span class='ocrx_word' id='word_1_360' title='bbox 2516 2182 2664 2228; x_wconf 77' lang='grc' dir='ltr'><strong>πᾶσα</strong></span> <span class='ocrx_word' id='word_1_361' title='bbox 2732 2178 2884 2248; x_wconf 76' lang='grc' dir='ltr'><strong>φύσις</strong></span> <span class='ocrx_word' id='word_1_362' title='bbox 2955 2175 3236 2249; x_wconf 75' lang='grc' dir='ltr'><strong>ἀνθρώπων</strong></span> <span class='ocrx_word' id='word_1_363' title='bbox 3316 2179 3408 2226; x_wconf 80' lang='grc' dir='ltr'><strong>καὶ</strong></span> <span class='ocrx_word' id='word_1_364' title='bbox 3463 2174 3712 2232; x_wconf 75' lang='grc' dir='ltr'><strong>ἀσθενὴς</strong></span> <span class='ocrx_word' id='word_1_365' title='bbox 3785 2181 3894 2246; x_wconf 45' lang='lat' dir='ltr'><strong>glas;</strong></span> 
     </span>
    </p>
   </div>
   <div class='ocr_carea' id='block_1_53' title="bbox 2282 2085 3894 2158">
    <p class='ocr_par' dir='ltr' id='par_1_53' title="bbox 2282 2085 3894 2158">
     <span class='ocr_line' id='line_1_53' title="bbox 2282 2085 3894 2158; baseline -0.002 -21"><span class='ocrx_word' id='word_1_366' title='bbox 2282 2091 2374 2138; x_wconf 83' lang='grc' dir='ltr'><strong>τοῦ</strong></span> <span class='ocrx_word' id='word_1_367' title='bbox 2431 2090 2622 2148; x_wconf 87' lang='grc' dir='ltr'><strong>παντὸς</strong></span> <span class='ocrx_word' id='word_1_368' title='bbox 2688 2085 3110 2158; x_wconf 75' lang='grc' dir='ltr'><strong>ἀπολειπομένην.</strong></span> <span class='ocrx_word' id='word_1_369' title='bbox 3173 2085 3305 2137; x_wconf 81' lang='grc' dir='ltr'><strong>Ἀλλ’</strong></span> <span class='ocrx_word' id='word_1_370' title='bbox 3373 2088 3493 2138; x_wconf 78' lang='grc' dir='ltr'><strong>ἔστι</strong></span> <span class='ocrx_word' id='word_1_371' title='bbox 3759 2090 3894 2142; x_wconf 50' lang='grc' dir='ltr'><strong>ἄπας</strong></span> 
     </span>
    </p>
   </div>
   <div class='ocr_carea' id='block_1_54' title="bbox 2280 2261 3893 2336">
    <p class='ocr_par' dir='ltr' id='par_1_54' title="bbox 2280 2261 3893 2336">
     <span class='ocr_line' id='line_1_54' title="bbox 2280 2261 3893 2336; baseline -0.002 -20"><span class='ocrx_word' id='word_1_372' title='bbox 2280 2269 2431 2316; x_wconf 78' lang='grc' dir='ltr'><strong>τοῦτο</strong></span> <span class='ocrx_word' id='word_1_373' title='bbox 2486 2283 2546 2334; x_wconf 86' lang='grc' dir='ltr'><strong>γε</strong></span> <span class='ocrx_word' id='word_1_374' title='bbox 2595 2261 2866 2336; x_wconf 75' lang='grc' dir='ltr'><strong>δυνάμεως</strong></span> <span class='ocrx_word' id='word_1_375' title='bbox 2939 2263 3295 2336; x_wconf 70' lang='grc' dir='ltr'><strong>ἐξεταζομένη,</strong></span> <span class='ocrx_word' id='word_1_376' title='bbox 3349 2265 3481 2314; x_wconf 75' lang='grc' dir='ltr'><strong>ὥστ’</strong></span> <span class='ocrx_word' id='word_1_377' title='bbox 3556 2267 3717 2334; x_wconf 73' lang='grc' dir='ltr'><strong>ἔχειν</strong></span> <span class='ocrx_word' id='word_1_378' title='bbox 3771 2265 3893 2325; x_wconf 63' lang='grc' dir='ltr'><strong>ἐξιεῖ</strong></span> 
     </span>
    </p>
   </div>
   <div class='ocr_carea' id='block_1_55' title="bbox 2281 2352 3890 2425">
    <p class='ocr_par' dir='ltr' id='par_1_55' title="bbox 2281 2352 3890 2425">
     <span class='ocr_line' id='line_1_55' title="bbox 2281 2352 3890 2425; baseline 0 -22"><span class='ocrx_word' id='word_1_379' title='bbox 2281 2370 2356 2404; x_wconf 78' lang='grc' dir='ltr'><strong>τι,</strong></span> <span class='ocrx_word' id='word_1_380' title='bbox 2412 2362 2514 2404; x_wconf 80' lang='grc' dir='ltr'><strong>τῶν</strong></span> <span class='ocrx_word' id='word_1_381' title='bbox 2610 2357 2872 2407; x_wconf 81' lang='grc' dir='ltr'><strong>τοσούτων</strong></span> <span class='ocrx_word' id='word_1_382' title='bbox 2971 2357 3062 2405; x_wconf 81' lang='grc' dir='ltr'><strong>καὶ</strong></span> <span class='ocrx_word' id='word_1_383' title='bbox 3143 2356 3391 2406; x_wconf 77' lang='grc' dir='ltr'><strong>τοιούτων</strong></span> <span class='ocrx_word' id='word_1_384' title='bbox 3471 2352 3890 2425; x_wconf 61' lang='grc' dir='ltr'><strong>εὐεργετημάτων</strong></span> 
     </span>
    </p>
   </div>
   <div class='ocr_carea' id='block_1_56' title="bbox 2283 2439 3893 2515">
    <p class='ocr_par' dir='ltr' id='par_1_56' title="bbox 2283 2439 3893 2515">
     <span class='ocr_line' id='line_1_56' title="bbox 2283 2439 3893 2515; baseline -0.001 -22"><span class='ocrx_word' id='word_1_385' title='bbox 2283 2439 2411 2515; x_wconf 71' lang='grc' dir='ltr'><strong>ἐρεῖν</strong></span> <span class='ocrx_word' id='word_1_386' title='bbox 2437 2463 2448 2474; x_wconf 92' lang='grc'><strong>-</strong></span> <span class='ocrx_word' id='word_1_387' title='bbox 2473 2444 2587 2494; x_wconf 81' lang='grc' dir='ltr'><strong>ἔστι</strong></span> <span class='ocrx_word' id='word_1_388' title='bbox 2618 2439 2679 2494; x_wconf 62' lang='grc' dir='ltr'><strong>δὴ</strong></span> <span class='ocrx_word' id='word_1_389' title='bbox 2708 2447 2798 2495; x_wconf 83' lang='grc' dir='ltr'><strong>καὶ</strong></span> <span class='ocrx_word' id='word_1_390' title='bbox 2841 2442 2987 2502; x_wconf 73' lang='grc' dir='ltr'><strong>αὐθις</strong></span> <span class='ocrx_word' id='word_1_391' title='bbox 3043 2444 3286 2508; x_wconf 73' lang='grc' dir='ltr'><strong>ἀσθενής,</strong></span> <span class='ocrx_word' id='word_1_392' title='bbox 3361 2441 3405 2492; x_wconf 82' lang='grc' dir='ltr'><strong>εὶ</strong></span> <span class='ocrx_word' id='word_1_393' title='bbox 3469 2445 3566 2493; x_wconf 81' lang='grc' dir='ltr'><strong>καὶ</strong></span> <span class='ocrx_word' id='word_1_394' title='bbox 3617 2446 3722 2501; x_wconf 78' lang='grc' dir='ltr'><strong>τὰς</strong></span> <span class='ocrx_word' id='word_1_395' title='bbox 3763 2442 3893 2512; x_wconf 67' lang='grc' dir='ltr'><strong>ἀγγε-</strong></span> 
     </span>
    </p>
   </div>
   <div class='ocr_carea' id='block_1_57' title="bbox 2281 2528 3890 2606">
    <p class='ocr_par' dir='ltr' id='par_1_57' title="bbox 2281 2528 3890 2606">
     <span class='ocr_line' id='line_1_57' title="bbox 2281 2528 3890 2606; baseline -0.002 -25"><span class='ocrx_word' id='word_1_396' title='bbox 2281 2528 2428 2592; x_wconf 79' lang='grc' dir='ltr'><strong>λίκας</strong></span> <span class='ocrx_word' id='word_1_397' title='bbox 2519 2531 2680 2592; x_wconf 79' lang='grc' dir='ltr'><strong>αὐτὰς</strong></span> <span class='ocrx_word' id='word_1_398' title='bbox 2762 2534 2790 2590; x_wconf 74' lang='grc' dir='ltr'>ἡ</span> <span class='ocrx_word' id='word_1_399' title='bbox 2860 2537 2950 2584; x_wconf 84' lang='grc' dir='ltr'><strong>καὶ</strong></span> <span class='ocrx_word' id='word_1_400' title='bbox 2993 2530 3406 2606; x_wconf 79' lang='grc' dir='ltr'><strong>ἁρχαγγελικὰς,</strong></span> <span class='ocrx_word' id='word_1_401' title='bbox 3469 2534 3519 2582; x_wconf 84' lang='grc' dir='ltr'><strong>εἰ</strong></span> <span class='ocrx_word' id='word_1_402' title='bbox 3575 2536 3728 2592; x_wconf 71' lang='grc' dir='ltr'><strong>τινες</strong></span> <span class='ocrx_word' id='word_1_403' title='bbox 3783 2533 3890 2583; x_wconf 69' lang='grc' dir='ltr'><strong>εἰςιν</strong></span> 
     </span>
    </p>
   </div>
   <div class='ocr_carea' id='block_1_58' title="bbox 2282 2617 3889 2694">
    <p class='ocr_par' dir='ltr' id='par_1_58' title="bbox 2282 2617 3889 2694">
     <span class='ocr_line' id='line_1_58' title="bbox 2282 2617 3889 2694; baseline -0.004 -20"><span class='ocrx_word' id='word_1_404' title='bbox 2282 2617 2448 2674; x_wconf 72' lang='grc' dir='ltr'><strong>ἑώλων</strong></span> <span class='ocrx_word' id='word_1_405' title='bbox 2513 2621 2753 2692; x_wconf 81' lang='grc' dir='ltr'><strong>γλῶσσαι</strong></span> <span class='ocrx_word' id='word_1_406' title='bbox 2803 2625 2928 2694; x_wconf 86' lang='grc' dir='ltr'><strong>πρός</strong></span> <span class='ocrx_word' id='word_1_407' title='bbox 3003 2618 3256 2680; x_wconf 81' lang='grc' dir='ltr'><strong>διηνεκεῖς</strong></span> <span class='ocrx_word' id='word_1_408' title='bbox 3327 2619 3524 2691; x_wconf 77' lang='grc' dir='ltr'><strong>ὕμνους</strong></span> <span class='ocrx_word' id='word_1_409' title='bbox 3607 2620 3889 2690; x_wconf 69' lang='grc' dir='ltr'><strong>εἰθισμένα</strong></span> 
     </span>
    </p>
   </div>
   <div class='ocr_carea' id='block_1_59' title="bbox 2283 2707 3886 2784">
    <p class='ocr_par' dir='ltr' id='par_1_59' title="bbox 2283 2707 3886 2784">
     <span class='ocr_line' id='line_1_59' title="bbox 2283 2707 3886 2784; baseline -0.002 -23"><span class='ocrx_word' id='word_1_410' title='bbox 2283 2716 2439 2775; x_wconf 84' lang='grc' dir='ltr'><strong>Θεοῦ,</strong></span> <span class='ocrx_word' id='word_1_411' title='bbox 2489 2709 2770 2781; x_wconf 78' lang='grc' dir='ltr'><strong>βουληθείη</strong></span> <span class='ocrx_word' id='word_1_412' title='bbox 2826 2709 3139 2784; x_wconf 77' lang='grc' dir='ltr'><strong>προσλαϐεῖν</strong></span> <span class='ocrx_word' id='word_1_413' title='bbox 3194 2715 3285 2760; x_wconf 86' lang='grc' dir='ltr'><strong>καὶ</strong></span> <span class='ocrx_word' id='word_1_414' title='bbox 3345 2707 3680 2782; x_wconf 68' lang='grc' dir='ltr'><strong>προσλάϐοι,</strong></span> <span class='ocrx_word' id='word_1_415' title='bbox 3737 2713 3886 2762; x_wconf 65' lang='grc' dir='ltr'><strong>ἔπειτα</strong></span> 
     </span>
    </p>
   </div>
   <div class='ocr_carea' id='block_1_60' title="bbox 2283 2796 3884 2874">
    <p class='ocr_par' dir='ltr' id='par_1_60' title="bbox 2283 2796 3884 2874">
     <span class='ocr_line' id='line_1_60' title="bbox 2283 2796 3884 2874; baseline -0.001 -23"><span class='ocrx_word' id='word_1_416' title='bbox 2283 2800 2656 2871; x_wconf 78' lang='grc' dir='ltr'><strong>συνεργάζοιτο</strong></span> <span class='ocrx_word' id='word_1_417' title='bbox 2713 2804 2833 2861; x_wconf 83' lang='grc' dir='ltr'><strong>τοὺς</strong></span> <span class='ocrx_word' id='word_1_418' title='bbox 2909 2799 3357 2874; x_wconf 74' lang='grc' dir='ltr'><strong>εὐχαριστηρίους</strong></span> <span class='ocrx_word' id='word_1_419' title='bbox 3423 2796 3827 2871; x_wconf 70' lang='grc' dir='ltr'><strong>ἀποπληροὺσα</strong></span> <span class='ocrx_word' id='word_1_420' title='bbox 3877 2819 3884 2828; x_wconf 88' lang='grc'><strong>·</strong></span> 
     </span>
    </p>
   </div>
   <div class='ocr_carea' id='block_1_61' title="bbox 2281 2886 3882 2961">
    <p class='ocr_par' dir='ltr' id='par_1_61' title="bbox 2281 2886 3882 2961">
     <span class='ocr_line' id='line_1_61' title="bbox 2281 2886 3882 2961; baseline 0.001 -24"><span class='ocrx_word' id='word_1_421' title='bbox 2281 2887 2340 2938; x_wconf 77' lang='grc' dir='ltr'><strong>οὐ</strong></span> <span class='ocrx_word' id='word_1_422' title='bbox 2375 2890 2475 2961; x_wconf 81' lang='grc' dir='ltr'><strong>γὰρ</strong></span> <span class='ocrx_word' id='word_1_423' title='bbox 2541 2886 2841 2960; x_wconf 80' lang='grc' dir='ltr'><strong>ἁνθρῶποῡς</strong></span> <span class='ocrx_word' id='word_1_424' title='bbox 2900 2892 3052 2959; x_wconf 87' lang='grc' dir='ltr'><strong>μόνον</strong></span> <span class='ocrx_word' id='word_1_425' title='bbox 3109 2892 3200 2938; x_wconf 74' lang='grc' dir='ltr'><strong>καὶ⁵</strong></span> <span class='ocrx_word' id='word_1_426' title='bbox 3241 2893 3334 2944; x_wconf 76' lang='grc' dir='ltr'><strong>τὴν</strong></span> <span class='ocrx_word' id='word_1_427' title='bbox 3371 2887 3493 2938; x_wconf 86' lang='grc' dir='ltr'><strong>καθ’</strong></span> <span class='ocrx_word' id='word_1_428' title='bbox 3541 2889 3696 2958; x_wconf 68' lang='grc' dir='ltr'><strong>ἡμᾶς</strong></span> <span class='ocrx_word' id='word_1_429' title='bbox 3731 2895 3882 2939; x_wconf 58' lang='lat' dir='ltr'><strong>tam</strong></span> 
     </span>
    </p>
   </div>
   <div class='ocr_carea' id='block_1_62' title="bbox 2413 2973 3880 3049">
    <p class='ocr_par' dir='ltr' id='par_1_62' title="bbox 2413 2973 3880 3049">
     <span class='ocr_line' id='line_1_62' title="bbox 2413 2973 3880 3049; baseline 0 -23"><span class='ocrx_word' id='word_1_430' title='bbox 2413 2976 2716 3049; x_wconf 78' lang='grc' dir='ltr'><strong>ὑπερϐαῖνον</strong></span> <span class='ocrx_word' id='word_1_431' title='bbox 2778 2976 3052 3034; x_wconf 79' lang='grc' dir='ltr'><strong>ἐκπλήττει</strong></span> <span class='ocrx_word' id='word_1_432' title='bbox 3139 2984 3237 3027; x_wconf 86' lang='grc' dir='ltr'><strong>τῶν</strong></span> <span class='ocrx_word' id='word_1_433' title='bbox 3323 2977 3647 3036; x_wconf 77' lang='grc' dir='ltr'><strong>θαυμασίων</strong></span> <span class='ocrx_word' id='word_1_434' title='bbox 3739 2973 3880 3028; x_wconf 62' lang='grc' dir='ltr'><strong>τῶτξε</strong></span> 
     </span>
    </p>
   </div>
   <div class='ocr_carea' id='block_1_63' title="bbox 518 3055 2724 3137">
    <p class='ocr_par' dir='ltr' id='par_1_63' title="bbox 518 3055 2724 3137">
     <span class='ocr_line' id='line_1_63' title="bbox 518 3055 2724 3137; baseline 0.006 -32"><span class='ocrx_word' id='word_1_435' title='bbox 518 3058 576 3106; x_wconf 89' lang='grc' dir='ltr'><strong>τὸ</strong></span> <span class='ocrx_word' id='word_1_436' title='bbox 599 3055 834 3126; x_wconf 82' lang='grc' dir='ltr'><strong>μέγεθος,</strong></span> <span class='ocrx_word' id='word_1_437' title='bbox 862 3058 988 3129; x_wconf 77' lang='grc' dir='ltr'><strong>ὑπὲρ</strong></span> <span class='ocrx_word' id='word_1_438' title='bbox 1026 3059 1170 3130; x_wconf 78' lang='grc' dir='ltr'><strong>ἡμῶν</strong></span> <span class='ocrx_word' id='word_1_439' title='bbox 1201 3057 1422 3133; x_wconf 77' lang='grc' dir='ltr'><strong>ἀπείρων</strong></span> <span class='ocrx_word' id='word_1_440' title='bbox 1446 3061 1580 3112; x_wconf 84' lang='grc' dir='ltr'><strong>ὅσων</strong></span> <span class='ocrx_word' id='word_1_441' title='bbox 1602 3062 2078 3131; x_wconf 81' lang='grc' dir='ltr'><strong>καταπραχθέντων</strong></span> <span class='ocrx_word' id='word_1_442' title='bbox 2105 3066 2194 3112; x_wconf 77' lang='grc' dir='ltr'><strong>καὶ</strong></span> <span class='ocrx_word' id='word_1_443' title='bbox 2219 3071 2305 3114; x_wconf 81' lang='grc' dir='ltr'><strong>νῦν</strong></span> <span class='ocrx_word' id='word_1_444' title='bbox 2338 3063 2724 3137; x_wconf 76' lang='grc' dir='ltr'><strong>ἐνεργουμένων.</strong></span> 
     </span>
    </p>
   </div>
   <div class='ocr_carea' id='block_1_64' title="bbox 589 3147 2246 3220">
    <p class='ocr_par' dir='ltr' id='par_1_64' title="bbox 589 3147 2246 3220">
     <span class='ocr_line' id='line_1_64' title="bbox 589 3147 2246 3220; baseline 0.005 -23"><span class='ocrx_word' id='word_1_445' title='bbox 589 3147 862 3200; x_wconf 86' lang='lat' dir='ltr'><strong>Attamen</strong></span> <span class='ocrx_word' id='word_1_446' title='bbox 893 3147 1059 3218; x_wconf 87' lang='lat' dir='ltr'><strong>quod</strong></span> <span class='ocrx_word' id='word_1_447' title='bbox 1089 3149 1215 3202; x_wconf 71' lang='lat' dir='ltr'><strong>haec</strong></span> <span class='ocrx_word' id='word_1_448' title='bbox 1256 3165 1496 3220; x_wconf 89' lang='lat' dir='ltr'><strong>semper</strong></span> <span class='ocrx_word' id='word_1_449' title='bbox 1520 3150 1851 3220; x_wconf 86' lang='lat' dir='ltr'><strong>ordineque</strong></span> <span class='ocrx_word' id='word_1_450' title='bbox 1886 3148 2175 3204; x_wconf 83' lang='lat' dir='ltr'><strong>celebrari</strong></span> <span class='ocrx_word' id='word_1_451' title='bbox 2207 3151 2246 3205; x_wconf 90' lang='lat' dir='ltr'>C</span> 
     </span>
    </p>
   </div>
   <div class='ocr_carea' id='block_1_65' title="bbox 517 3233 2175 3310">
    <p class='ocr_par' dir='ltr' id='par_1_65' title="bbox 517 3233 2175 3310">
     <span class='ocr_line' id='line_1_65' title="bbox 517 3233 2175 3310; baseline 0.001 -22"><span class='ocrx_word' id='word_1_452' title='bbox 517 3233 779 3289; x_wconf 90' lang='lat' dir='ltr'><strong>debeant</strong></span> <span class='ocrx_word' id='word_1_453' title='bbox 819 3234 976 3305; x_wconf 91' lang='lat' dir='ltr'><strong>pleni</strong></span> <span class='ocrx_word' id='word_1_454' title='bbox 1022 3236 1385 3309; x_wconf 88' lang='lat' dir='ltr'><strong>ﬁrmiterque</strong></span> <span class='ocrx_word' id='word_1_455' title='bbox 1412 3253 1748 3303; x_wconf 88' lang='lat' dir='ltr'><strong>censemus,</strong></span> <span class='ocrx_word' id='word_1_456' title='bbox 1780 3242 1958 3310; x_wconf 88' lang='lat' dir='ltr'><strong>atque</strong></span> <span class='ocrx_word' id='word_1_457' title='bbox 1989 3237 2175 3292; x_wconf 88' lang='lat' dir='ltr'><strong>conﬁ-</strong></span> 
     </span>
    </p>
   </div>
   <div class='ocr_carea' id='block_1_66' title="bbox 518 3321 2178 3398">
    <p class='ocr_par' dir='ltr' id='par_1_66' title="bbox 518 3321 2178 3398">
     <span class='ocr_line' id='line_1_66' title="bbox 518 3321 2178 3398; baseline 0.002 -22"><span class='ocrx_word' id='word_1_458' title='bbox 518 3321 737 3377; x_wconf 90' lang='lat' dir='ltr'><strong>dimus.</strong></span> <span class='ocrx_word' id='word_1_459' title='bbox 793 3327 943 3393; x_wconf 90' lang='lat' dir='ltr'><strong>Ergo</strong></span> <span class='ocrx_word' id='word_1_460' title='bbox 997 3332 1058 3378; x_wconf 90' lang='lat' dir='ltr'><strong>ut</strong></span> <span class='ocrx_word' id='word_1_461' title='bbox 1098 3341 1437 3381; x_wconf 89' lang='lat' dir='ltr'><strong>sermonem</strong></span> <span class='ocrx_word' id='word_1_462' title='bbox 1492 3327 1682 3382; x_wconf 85' lang='lat' dir='ltr'><strong>obiter</strong></span> <span class='ocrx_word' id='word_1_463' title='bbox 1717 3333 2178 3398; x_wconf 89' lang='lat' dir='ltr'><strong>opportuneque</strong></span> 
     </span>
    </p>
   </div>
   <div class='ocr_carea' id='block_1_67' title="bbox 519 3411 2176 3487">
    <p class='ocr_par' dir='ltr' id='par_1_67' title="bbox 519 3411 2176 3487">
     <span class='ocr_line' id='line_1_67' title="bbox 519 3411 2176 3487; baseline 0.002 -21"><span class='ocrx_word' id='word_1_464' title='bbox 519 3411 830 3467; x_wconf 90' lang='lat' dir='ltr'><strong>ordiamur</strong></span> <span class='ocrx_word' id='word_1_465' title='bbox 868 3413 947 3467; x_wconf 90' lang='lat' dir='ltr'><strong>ab</strong></span> <span class='ocrx_word' id='word_1_466' title='bbox 987 3414 1102 3469; x_wconf 91' lang='lat' dir='ltr'><strong>hoc</strong></span> <span class='ocrx_word' id='word_1_467' title='bbox 1153 3416 1314 3486; x_wconf 85' lang='lat' dir='ltr'><strong>quod</strong></span> <span class='ocrx_word' id='word_1_468' title='bbox 1374 3416 1479 3470; x_wconf 86' lang='lat' dir='ltr'><strong>fuit</strong></span> <span class='ocrx_word' id='word_1_469' title='bbox 1534 3416 1592 3470; x_wconf 92' lang='lat' dir='ltr'><strong>in</strong></span> <span class='ocrx_word' id='word_1_470' title='bbox 1627 3415 1918 3487; x_wconf 89' lang='lat' dir='ltr'><strong>principio</strong></span> <span class='ocrx_word' id='word_1_471' title='bbox 1953 3415 2176 3471; x_wconf 93' lang='lat' dir='ltr'><strong>:homo</strong></span> 
     </span>
    </p>
   </div>
   <div class='ocr_carea' id='block_1_68' title="bbox 518 3500 2176 3572">
    <p class='ocr_par' dir='ltr' id='par_1_68' title="bbox 518 3500 2176 3572">
     <span class='ocr_line' id='line_1_68' title="bbox 518 3500 2176 3572; baseline 0.003 -18"><span class='ocrx_word' id='word_1_472' title='bbox 518 3500 853 3572; x_wconf 86' lang='lat' dir='ltr'><strong>plasmatus</strong></span> <span class='ocrx_word' id='word_1_473' title='bbox 899 3518 1081 3559; x_wconf 92' lang='lat' dir='ltr'><strong>manu</strong></span> <span class='ocrx_word' id='word_1_474' title='bbox 1131 3504 1228 3560; x_wconf 85' lang='lat' dir='ltr'><strong>Dei</strong></span> <span class='ocrx_word' id='word_1_475' title='bbox 1269 3505 1482 3560; x_wconf 69' lang='lat' dir='ltr'><strong>divinae</strong></span> <span class='ocrx_word' id='word_1_476' title='bbox 1531 3522 1780 3561; x_wconf 89' lang='lat' dir='ltr'><strong>consors</strong></span> <span class='ocrx_word' id='word_1_477' title='bbox 1822 3504 2067 3560; x_wconf 76' lang='lat' dir='ltr'><strong>effectus</strong></span> <span class='ocrx_word' id='word_1_478' title='bbox 2090 3510 2176 3559; x_wconf 92' lang='lat' dir='ltr'><strong>est</strong></span> 
     </span>
    </p>
   </div>
   <div class='ocr_carea' id='block_1_69' title="bbox 519 3588 2176 3663">
    <p class='ocr_par' dir='ltr' id='par_1_69' title="bbox 519 3588 2176 3663">
     <span class='ocr_line' id='line_1_69' title="bbox 519 3588 2176 3663; baseline 0.004 -21"><span class='ocrx_word' id='word_1_479' title='bbox 519 3588 823 3658; x_wconf 89' lang='lat' dir='ltr'><strong>imaginis,</strong></span> <span class='ocrx_word' id='word_1_480' title='bbox 855 3590 994 3646; x_wconf 90' lang='lat' dir='ltr'><strong>inde</strong></span> <span class='ocrx_word' id='word_1_481' title='bbox 1016 3608 1194 3663; x_wconf 89' lang='lat' dir='ltr'><strong>super</strong></span> <span class='ocrx_word' id='word_1_482' title='bbox 1219 3609 1431 3648; x_wconf 85' lang='lat' dir='ltr'><strong>omnes</strong></span> <span class='ocrx_word' id='word_1_483' title='bbox 1450 3594 1712 3649; x_wconf 89' lang='lat' dir='ltr'><strong>visibiles</strong></span> <span class='ocrx_word' id='word_1_484' title='bbox 1743 3599 2049 3652; x_wconf 86' lang='lat' dir='ltr'><strong>creaturas</strong></span> <span class='ocrx_word' id='word_1_485' title='bbox 2069 3593 2176 3649; x_wconf 91' lang='lat' dir='ltr'><strong>ho-</strong></span> 
     </span>
    </p>
   </div>
   <div class='ocr_carea' id='block_1_70' title="bbox 521 3682 2176 3753">
    <p class='ocr_par' dir='ltr' id='par_1_70' title="bbox 521 3682 2176 3753">
     <span class='ocr_line' id='line_1_70' title="bbox 521 3682 2176 3753; baseline 0.004 -23"><span class='ocrx_word' id='word_1_486' title='bbox 521 3691 666 3732; x_wconf 90' lang='lat' dir='ltr'><strong>nore</strong></span> <span class='ocrx_word' id='word_1_487' title='bbox 713 3685 1055 3734; x_wconf 90' lang='lat' dir='ltr'><strong>coronatus.</strong></span> <span class='ocrx_word' id='word_1_488' title='bbox 1113 3687 1276 3736; x_wconf 82' lang='lat' dir='ltr'><strong>tanto</strong></span> <span class='ocrx_word' id='word_1_489' title='bbox 1333 3683 1562 3752; x_wconf 88' lang='lat' dir='ltr'><strong>majore</strong></span> <span class='ocrx_word' id='word_1_490' title='bbox 1617 3682 1805 3753; x_wconf 88' lang='lat' dir='ltr'><strong>gloria</strong></span> <span class='ocrx_word' id='word_1_491' title='bbox 1851 3688 1906 3737; x_wconf 92' lang='lat' dir='ltr'><strong>et</strong></span> <span class='ocrx_word' id='word_1_492' title='bbox 1961 3683 2176 3738; x_wconf 91' lang='lat' dir='ltr'><strong>decore</strong></span> 
     </span>
    </p>
   </div>
   <div class='ocr_carea' id='block_1_71' title="bbox 521 3764 2176 3842">
    <p class='ocr_par' dir='ltr' id='par_1_71' title="bbox 521 3764 2176 3842">
     <span class='ocr_line' id='line_1_71' title="bbox 521 3764 2176 3842; baseline 0.004 -23"><span class='ocrx_word' id='word_1_493' title='bbox 521 3764 800 3832; x_wconf 85' lang='lat' dir='ltr'><strong>donatus,</strong></span> <span class='ocrx_word' id='word_1_494' title='bbox 849 3772 1078 3840; x_wconf 89' lang='lat' dir='ltr'><strong>quanto</strong></span> <span class='ocrx_word' id='word_1_495' title='bbox 1130 3769 1501 3827; x_wconf 84' lang='lat' dir='ltr'><strong>formationis</strong></span> <span class='ocrx_word' id='word_1_496' title='bbox 1542 3770 1676 3842; x_wconf 78' lang='lat' dir='ltr'><strong>eius</strong></span> <span class='ocrx_word' id='word_1_497' title='bbox 1709 3770 1957 3826; x_wconf 89' lang='lat' dir='ltr'><strong>verbum</strong></span> <span class='ocrx_word' id='word_1_498' title='bbox 1999 3769 2176 3826; x_wconf 90' lang='lat' dir='ltr'><strong>altius</strong></span> 
     </span>
    </p>
   </div>
   <div class='ocr_carea' id='block_1_72' title="bbox 522 3855 2177 3932">
    <p class='ocr_par' dir='ltr' id='par_1_72' title="bbox 522 3855 2177 3932">
     <span class='ocr_line' id='line_1_72' title="bbox 522 3855 2177 3932; baseline 0.003 -22"><span class='ocrx_word' id='word_1_499' title='bbox 522 3855 898 3922; x_wconf 79' lang='lat' dir='ltr'><strong>efferebatur,</strong></span> <span class='ocrx_word' id='word_1_500' title='bbox 923 3874 1061 3914; x_wconf 92' lang='lat' dir='ltr'><strong>cum</strong></span> <span class='ocrx_word' id='word_1_501' title='bbox 1083 3862 1312 3932; x_wconf 90' lang='lat' dir='ltr'><strong>accepit</strong></span> <span class='ocrx_word' id='word_1_502' title='bbox 1341 3862 1501 3916; x_wconf 88' lang='lat' dir='ltr'><strong>unde</strong></span> <span class='ocrx_word' id='word_1_503' title='bbox 1523 3861 1847 3929; x_wconf 87' lang='lat' dir='ltr'><strong>imaginem</strong></span> <span class='ocrx_word' id='word_1_504' title='bbox 1863 3876 2051 3932; x_wconf 90' lang='lat' dir='ltr'><strong>quam</strong></span> <span class='ocrx_word' id='word_1_505' title='bbox 2081 3875 2177 3928; x_wconf 88' lang='lat' dir='ltr'><strong>ge-</strong></span> 
     </span>
    </p>
   </div>
   <div class='ocr_carea' id='block_1_73' title="bbox 521 3944 2173 4022">
    <p class='ocr_par' dir='ltr' id='par_1_73' title="bbox 521 3944 2173 4022">
     <span class='ocr_line' id='line_1_73' title="bbox 521 3944 2173 4022; baseline 0.003 -23"><span class='ocrx_word' id='word_1_506' title='bbox 521 3944 691 4001; x_wconf 87' lang='lat' dir='ltr'><strong>rebat</strong></span> <span class='ocrx_word' id='word_1_507' title='bbox 724 3953 1127 4016; x_wconf 89' lang='lat' dir='ltr'><strong>conservaret,</strong></span> <span class='ocrx_word' id='word_1_508' title='bbox 1175 3949 1222 4004; x_wconf 91' lang='lat' dir='ltr'><strong>si</strong></span> <span class='ocrx_word' id='word_1_509' title='bbox 1253 3950 1535 4004; x_wconf 85' lang='lat' dir='ltr'><strong>custodiri</strong></span> <span class='ocrx_word' id='word_1_510' title='bbox 1597 3955 1898 4022; x_wconf 64' lang='lat' dir='ltr'><strong>prtecepta</strong></span> <span class='ocrx_word' id='word_1_511' title='bbox 1929 3950 2173 4004; x_wconf 90' lang='lat' dir='ltr'><strong>curarit.</strong></span> 
     </span>
    </p>
   </div>
   <div class='ocr_carea' id='block_1_74' title="bbox 524 4033 2170 4110">
    <p class='ocr_par' dir='ltr' id='par_1_74' title="bbox 524 4033 2170 4110">
     <span class='ocr_line' id='line_1_74' title="bbox 524 4033 2170 4110; baseline 0.005 -25"><span class='ocrx_word' id='word_1_512' title='bbox 524 4033 849 4106; x_wconf 86' lang='lat' dir='ltr'><strong>Postquam</strong></span> <span class='ocrx_word' id='word_1_513' title='bbox 892 4041 1091 4092; x_wconf 87' lang='lat' dir='ltr'><strong>autem</strong></span> <span class='ocrx_word' id='word_1_514' title='bbox 1127 4054 1231 4109; x_wconf 93' lang='lat' dir='ltr'><strong>per</strong></span> <span class='ocrx_word' id='word_1_515' title='bbox 1263 4037 1619 4110; x_wconf 81' lang='lat' dir='ltr'><strong>voluptatem</strong></span> <span class='ocrx_word' id='word_1_516' title='bbox 1659 4039 1921 4095; x_wconf 91' lang='lat' dir='ltr'><strong>nudatus</strong></span> <span class='ocrx_word' id='word_1_517' title='bbox 1956 4043 2062 4104; x_wconf 83' lang='lat' dir='ltr'><strong>est,</strong></span> <span class='ocrx_word' id='word_1_518' title='bbox 2095 4035 2170 4103; x_wconf 78' lang='lat' dir='ltr'><strong>et&#39;,</strong></span> 
     </span>
    </p>
   </div>
   <div class='ocr_carea' id='block_1_75' title="bbox 525 4126 2173 4199">
    <p class='ocr_par' dir='ltr' id='par_1_75' title="bbox 525 4126 2173 4199">
     <span class='ocr_line' id='line_1_75' title="bbox 525 4126 2173 4199; baseline 0.003 -23"><span class='ocrx_word' id='word_1_519' title='bbox 525 4129 827 4194; x_wconf 73' lang='lat' dir='ltr'><strong>praecepta</strong></span> <span class='ocrx_word' id='word_1_520' title='bbox 872 4126 1335 4198; x_wconf 90' lang='lat' dir='ltr'><strong>parvipendens,</strong></span> <span class='ocrx_word' id='word_1_521' title='bbox 1389 4127 1822 4199; x_wconf 85' lang='lat' dir='ltr'><strong>decipientibus</strong></span> <span class='ocrx_word' id='word_1_522' title='bbox 1853 4127 2037 4182; x_wconf 86' lang='lat' dir='ltr'><strong>ﬁdem</strong></span> <span class='ocrx_word' id='word_1_523' title='bbox 2069 4127 2173 4182; x_wconf 85' lang='lat' dir='ltr'><strong>ad-</strong></span> 
     </span>
    </p>
   </div>
   <div class='ocr_carea' id='block_1_76' title="bbox 525 4211 2175 4288">
    <p class='ocr_par' dir='ltr' id='par_1_76' title="bbox 525 4211 2175 4288">
     <span class='ocr_line' id='line_1_76' title="bbox 525 4211 2175 4288; baseline 0.002 -22"><span class='ocrx_word' id='word_1_524' title='bbox 525 4211 734 4266; x_wconf 90' lang='lat' dir='ltr'><strong>hibuit:</strong></span> <span class='ocrx_word' id='word_1_525' title='bbox 780 4213 978 4269; x_wconf 86' lang='lat' dir='ltr'><strong>statim</strong></span> <span class='ocrx_word' id='word_1_526' title='bbox 1001 4215 1238 4281; x_wconf 88' lang='lat' dir='ltr'><strong>decidit,</strong></span> <span class='ocrx_word' id='word_1_527' title='bbox 1281 4216 1340 4270; x_wconf 91' lang='lat' dir='ltr'><strong>in</strong></span> <span class='ocrx_word' id='word_1_528' title='bbox 1372 4217 1501 4288; x_wconf 91' lang='lat' dir='ltr'><strong>ipso</strong></span> <span class='ocrx_word' id='word_1_529' title='bbox 1537 4217 1668 4271; x_wconf 93' lang='lat' dir='ltr'><strong>loco</strong></span> <span class='ocrx_word' id='word_1_530' title='bbox 1699 4217 1794 4270; x_wconf 91' lang='lat' dir='ltr'><strong>ubi</strong></span> <span class='ocrx_word' id='word_1_531' title='bbox 1821 4216 2175 4271; x_wconf 87' lang='lat' dir='ltr'><strong>constitutus</strong></span> 
     </span>
    </p>
   </div>
   <div class='ocr_carea' id='block_1_77' title="bbox 526 4299 2176 4375">
    <p class='ocr_par' dir='ltr' id='par_1_77' title="bbox 526 4299 2176 4375">
     <span class='ocr_line' id='line_1_77' title="bbox 526 4299 2176 4375; baseline 0.002 -21"><span class='ocrx_word' id='word_1_532' title='bbox 526 4299 719 4356; x_wconf 88' lang='lat' dir='ltr'><strong>fuerat</strong></span> <span class='ocrx_word' id='word_1_533' title='bbox 755 4302 815 4357; x_wconf 92' lang='lat' dir='ltr'><strong>in</strong></span> <span class='ocrx_word' id='word_1_534' title='bbox 868 4304 1169 4375; x_wconf 88' lang='lat' dir='ltr'><strong>voluptate</strong></span> <span class='ocrx_word' id='word_1_535' title='bbox 1211 4309 1278 4360; x_wconf 92' lang='lat' dir='ltr'><strong>&#39;et</strong></span> <span class='ocrx_word' id='word_1_536' title='bbox 1321 4305 1594 4361; x_wconf 85' lang='lat' dir='ltr'><strong>fruitione</strong></span> <span class='ocrx_word' id='word_1_537' title='bbox 1626 4305 1950 4360; x_wconf 90' lang='lat' dir='ltr'><strong>multorum</strong></span> <span class='ocrx_word' id='word_1_538' title='bbox 1991 4304 2176 4360; x_wconf 79' lang='lat' dir='ltr'><strong>maxi-</strong></span> 
     </span>
    </p>
   </div>
   <div class='ocr_carea' id='block_1_78' title="bbox 529 4392 2175 4466">
    <p class='ocr_par' dir='ltr' id='par_1_78' title="bbox 529 4392 2175 4466">
     <span class='ocr_line' id='line_1_78' title="bbox 529 4392 2175 4466; baseline 0.003 -22"><span class='ocrx_word' id='word_1_539' title='bbox 529 4404 890 4464; x_wconf 88' lang='lat' dir='ltr'><strong>morumque</strong></span> <span class='ocrx_word' id='word_1_540' title='bbox 946 4392 1267 4459; x_wconf 90' lang='lat' dir='ltr'><strong>bonorum,</strong></span> <span class='ocrx_word' id='word_1_541' title='bbox 1325 4394 1622 4466; x_wconf 88' lang='lat' dir='ltr'><strong>simulque</strong></span> <span class='ocrx_word' id='word_1_542' title='bbox 1654 4394 1854 4450; x_wconf 90' lang='lat' dir='ltr'><strong>amisit</strong></span> <span class='ocrx_word' id='word_1_543' title='bbox 1898 4394 2175 4450; x_wconf 90' lang='lat' dir='ltr'><strong>meritum</strong></span> 
     </span>
    </p>
   </div>
   <div class='ocr_carea' id='block_1_79' title="bbox 528 4619 2176 4696">
    <p class='ocr_par' dir='ltr' id='par_1_79' title="bbox 528 4619 2176 4696">
     <span class='ocr_line' id='line_1_79' title="bbox 528 4619 2176 4696; baseline 0.001 -21"><span class='ocrx_word' id='word_1_544' title='bbox 528 4619 824 4696; x_wconf 80' lang='lat' dir='ltr'><strong>integrum</strong></span> <span class='ocrx_word' id='word_1_545' title='bbox 893 4637 928 4676; x_wconf 90' lang='lat' dir='ltr'><strong>a</strong></span> <span class='ocrx_word' id='word_1_546' title='bbox 993 4624 1266 4696; x_wconf 79' lang='grc' dir='ltr'><strong>θεσπισμα</strong></span> <span class='ocrx_word' id='word_1_547' title='bbox 1331 4625 1408 4679; x_wconf 88' lang='lat' dir='ltr'><strong>ad</strong></span> <span class='ocrx_word' id='word_1_548' title='bbox 1463 4629 1688 4696; x_wconf 80' lang='grc' dir='ltr'><strong>περαίνει</strong></span> <span class='ocrx_word' id='word_1_549' title='bbox 1747 4624 1930 4680; x_wconf 81' lang='lat' dir='ltr'><strong>fuisse</strong></span> <span class='ocrx_word' id='word_1_550' title='bbox 1987 4624 2176 4679; x_wconf 88' lang='lat' dir='ltr'><strong>serius</strong></span> 
     </span>
    </p>
   </div>
   <div class='ocr_carea' id='block_1_80' title="bbox 527 4691 2178 4765">
    <p class='ocr_par' dir='ltr' id='par_1_80' title="bbox 527 4691 2178 4765">
     <span class='ocr_line' id='line_1_80' title="bbox 527 4691 2178 4765; baseline 0.002 -20"><span class='ocrx_word' id='word_1_551' title='bbox 527 4691 740 4765; x_wconf 82' lang='lat' dir='ltr'><strong>lineola</strong></span> <span class='ocrx_word' id='word_1_552' title='bbox 777 4699 1113 4765; x_wconf 82' lang='lat' dir='ltr'><strong>transversa</strong></span> <span class='ocrx_word' id='word_1_553' title='bbox 1171 4691 1615 4762; x_wconf 54' lang='lat' dir='ltr'><strong>i&#39;nductum,&#39;ab</strong></span> <span class='ocrx_word' id='word_1_554' title='bbox 1670 4696 1799 4765; x_wconf 89' lang='lat' dir='ltr'><strong>ipso</strong></span> <span class='ocrx_word' id='word_1_555' title='bbox 1840 4708 1903 4750; x_wconf 85' lang='lat' dir='ltr'><strong>ut</strong></span> <span class='ocrx_word' id='word_1_556' title='bbox 1946 4695 2178 4749; x_wconf 85' lang='lat' dir='ltr'><strong>videtur</strong></span> 
     </span>
    </p>
   </div>
   <div class='ocr_carea' id='block_1_81' title="bbox 529 4762 2177 4837">
    <p class='ocr_par' dir='ltr' id='par_1_81' title="bbox 529 4762 2177 4837">
     <span class='ocr_line' id='line_1_81' title="bbox 529 4762 2177 4837; baseline 0.002 -21"><span class='ocrx_word' id='word_1_557' title='bbox 529 4762 789 4837; x_wconf 83' lang='lat' dir='ltr'><strong>librario,</strong></span> <span class='ocrx_word' id='word_1_558' title='bbox 816 4764 892 4819; x_wconf 89' lang='lat' dir='ltr'><strong>ab</strong></span> <span class='ocrx_word' id='word_1_559' title='bbox 914 4780 983 4819; x_wconf 90' lang='lat' dir='ltr'><strong>eo</strong></span> <span class='ocrx_word' id='word_1_560' title='bbox 1017 4765 1226 4820; x_wconf 90' lang='lat' dir='ltr'><strong>saltem</strong></span> <span class='ocrx_word' id='word_1_561' title='bbox 1259 4767 1499 4820; x_wconf 89' lang='lat' dir='ltr'><strong>homine</strong></span> <span class='ocrx_word' id='word_1_562' title='bbox 1530 4767 1630 4837; x_wconf 93' lang='lat' dir='ltr'><strong>qui</strong></span> <span class='ocrx_word' id='word_1_563' title='bbox 1663 4762 2088 4836; x_wconf 88' lang='lat' dir='ltr'><strong>opusculorum</strong></span> <span class='ocrx_word' id='word_1_564' title='bbox 2117 4766 2177 4820; x_wconf 92' lang='lat' dir='ltr'><strong>in</strong></span> 
     </span>
    </p>
   </div>
   <div class='ocr_carea' id='block_1_82' title="bbox 530 4834 2178 4903">
    <p class='ocr_par' dir='ltr' id='par_1_82' title="bbox 530 4834 2178 4903">
     <span class='ocr_line' id='line_1_82' title="bbox 530 4834 2178 4903; baseline 0.001 -14"><span class='ocrx_word' id='word_1_565' title='bbox 530 4834 732 4890; x_wconf 89' lang='lat' dir='ltr'><strong>codice</strong></span> <span class='ocrx_word' id='word_1_566' title='bbox 750 4841 1163 4891; x_wconf 89' lang='lat' dir='ltr'><strong>contentorum</strong></span> <span class='ocrx_word' id='word_1_567' title='bbox 1221 4837 1476 4890; x_wconf 79' lang='lat' dir='ltr'><strong>indicem</strong></span> <span class='ocrx_word' id='word_1_568' title='bbox 1505 4834 1771 4891; x_wconf 82' lang='lat' dir='ltr'><strong>confecit.</strong></span> <span class='ocrx_word' id='word_1_569' title='bbox 1809 4840 1869 4890; x_wconf 87' lang='lat' dir='ltr'><strong>In</strong></span> <span class='ocrx_word' id='word_1_570' title='bbox 1901 4852 1971 4891; x_wconf 93' lang='lat' dir='ltr'><strong>eo</strong></span> <span class='ocrx_word' id='word_1_571' title='bbox 2002 4838 2178 4903; x_wconf 79' lang='lat' dir='ltr'><strong>igitur</strong></span> 
     </span>
    </p>
   </div>
   <div class='ocr_carea' id='block_1_83' title="bbox 529 4905 2177 4978">
    <p class='ocr_par' dir='ltr' id='par_1_83' title="bbox 529 4905 2177 4978">
     <span class='ocr_line' id='line_1_83' title="bbox 529 4905 2177 4978; baseline 0 -20"><span class='ocrx_word' id='word_1_572' title='bbox 529 4905 723 4978; x_wconf 75' lang='lat' dir='ltr'><strong>indice</strong></span> <span class='ocrx_word' id='word_1_573' title='bbox 767 4907 1049 4975; x_wconf 84' lang='lat' dir='ltr'><strong>generali,</strong></span> <span class='ocrx_word' id='word_1_574' title='bbox 1090 4923 1278 4977; x_wconf 88' lang='lat' dir='ltr'><strong>quum</strong></span> <span class='ocrx_word' id='word_1_575' title='bbox 1327 4907 1585 4978; x_wconf 79' lang='lat' dir='ltr'><strong>primunt</strong></span> <span class='ocrx_word' id='word_1_576' title='bbox 1634 4908 1815 4963; x_wconf 86' lang='lat' dir='ltr'><strong>hocce</strong></span> <span class='ocrx_word' id='word_1_577' title='bbox 1850 4907 2177 4978; x_wconf 85' lang='lat' dir='ltr'><strong>scripsisset.</strong></span> 
     </span>
    </p>
   </div>
   <div class='ocr_carea' id='block_1_84' title="bbox 528 4975 2177 5050">
    <p class='ocr_par' dir='ltr' id='par_1_84' title="bbox 528 4975 2177 5050">
     <span class='ocr_line' id='line_1_84' title="bbox 528 4975 2177 5050; baseline 0 -20"><span class='ocrx_word' id='word_1_578' title='bbox 528 4975 773 5050; x_wconf 79' lang='lat' dir='ltr'><strong>lemma,</strong></span> <span class='ocrx_word' id='word_1_579' title='bbox 839 4986 931 5050; x_wconf 73' lang='grc' dir='ltr'><strong>τοὺ</strong></span> <span class='ocrx_word' id='word_1_580' title='bbox 998 4975 1154 5029; x_wconf 68' lang='grc' dir='ltr'><strong>αὐτόν</strong></span> <span class='ocrx_word' id='word_1_581' title='bbox 1221 4975 1486 5049; x_wconf 73' lang='grc' dir='ltr'><strong>θέσπισμα</strong></span> <span class='ocrx_word' id='word_1_582' title='bbox 1551 4983 1633 5030; x_wconf 82' lang='grc' dir='ltr'><strong>ἐπὶ</strong></span> <span class='ocrx_word' id='word_1_583' title='bbox 1699 4986 1758 5036; x_wconf 82' lang='grc' dir='ltr'><strong>τῆ</strong></span> <span class='ocrx_word' id='word_1_584' title='bbox 1829 4975 2023 5050; x_wconf 69' lang='grc' dir='ltr'><strong>μεγάλῃ</strong></span> <span class='ocrx_word' id='word_1_585' title='bbox 2089 4981 2177 5030; x_wconf 86' lang='grc' dir='ltr'><strong>καὶ</strong></span> 
     </span>
    </p>
   </div>
   <div class='ocr_carea' id='block_1_85' title="bbox 530 5047 2172 5122">
    <p class='ocr_par' dir='ltr' id='par_1_85' title="bbox 530 5047 2172 5122">
     <span class='ocr_line' id='line_1_85' title="bbox 530 5047 2172 5122; baseline 0.001 -24"><span class='ocrx_word' id='word_1_586' title='bbox 530 5047 796 5122; x_wconf 61' lang='grc' dir='ltr'><strong>τελεοταίᾳ</strong></span> <span class='ocrx_word' id='word_1_587' title='bbox 851 5048 997 5122; x_wconf 77' lang='grc' dir='ltr'><strong>ἑορτῇ</strong></span> <span class='ocrx_word' id='word_1_588' title='bbox 1049 5057 1139 5100; x_wconf 67' lang='grc' dir='ltr'><strong>τοῦ</strong></span> <span class='ocrx_word' id='word_1_589' title='bbox 1183 5052 1316 5099; x_wconf 80' lang='grc' dir='ltr'><strong>κατὰ</strong></span> <span class='ocrx_word' id='word_1_590' title='bbox 1361 5047 1586 5122; x_wconf 82' lang='grc' dir='ltr'><strong>Χριστόν</strong></span> <span class='ocrx_word' id='word_1_591' title='bbox 1626 5047 2172 5121; x_wconf 19' lang='grc' dir='ltr'><strong>παντόςἺμοστὴρίου,</strong></span> 
     </span>
    </p>
   </div>
   <div class='ocr_carea' id='block_1_86' title="bbox 530 5099 2175 5185">
    <p class='ocr_par' dir='ltr' id='par_1_86' title="bbox 530 5099 2175 5185">
     <span class='ocr_line' id='line_1_86' title="bbox 530 5099 2175 5185; baseline 0.001 -13"><span class='ocrx_word' id='word_1_592' title='bbox 530 5133 600 5173; x_wconf 92' lang='lat' dir='ltr'><strong>eo</strong></span> <span class='ocrx_word' id='word_1_593' title='bbox 627 5105 840 5184; x_wconf 75' lang='lat' dir='ltr'><strong>deleto,</strong></span> <span class='ocrx_word' id='word_1_594' title='bbox 881 5101 1107 5173; x_wconf 72' lang='lat' dir='ltr'><strong>novum</strong></span> <span class='ocrx_word' id='word_1_595' title='bbox 1141 5099 1460 5185; x_wconf 74' lang='lat' dir='ltr'><strong>substituit,</strong></span> <span class='ocrx_word' id='word_1_596' title='bbox 1496 5121 1655 5175; x_wconf 90' lang='lat' dir='ltr'><strong>hisce</strong></span> <span class='ocrx_word' id='word_1_597' title='bbox 1693 5099 1913 5175; x_wconf 71' lang='lat' dir='ltr'><strong>scilicet</strong></span> <span class='ocrx_word' id='word_1_598' title='bbox 1970 5099 2175 5175; x_wconf 47' lang='lat' dir='ltr'><strong>co‘nce:</strong></span> 
     </span>
    </p>
   </div>
   <div class='ocr_carea' id='block_1_87' title="bbox 530 5188 2176 5265">
    <p class='ocr_par' dir='ltr' id='par_1_87' title="bbox 530 5188 2176 5265">
     <span class='ocr_line' id='line_1_87' title="bbox 530 5188 2176 5265; baseline -0.001 -22"><span class='ocrx_word' id='word_1_599' title='bbox 530 5194 702 5265; x_wconf 86' lang='lat' dir='ltr'><strong>ptum</strong></span> <span class='ocrx_word' id='word_1_600' title='bbox 764 5189 959 5244; x_wconf 81' lang='lat' dir='ltr'><strong>verbis</strong></span> <span class='ocrx_word' id='word_1_601' title='bbox 994 5208 1005 5244; x_wconf 75' lang='grc' dir='ltr'>ε</span> <span class='ocrx_word' id='word_1_602' title='bbox 1037 5199 1127 5242; x_wconf 75' lang='grc' dir='ltr'><strong>τοῦ</strong></span> <span class='ocrx_word' id='word_1_603' title='bbox 1177 5191 1336 5242; x_wconf 69' lang='grc' dir='ltr'><strong>αὐτοῦ</strong></span> <span class='ocrx_word' id='word_1_604' title='bbox 1394 5191 1539 5260; x_wconf 86' lang='grc' dir='ltr'><strong>λόγος</strong></span> <span class='ocrx_word' id='word_1_605' title='bbox 1609 5195 1745 5265; x_wconf 80' lang='grc' dir='ltr'><strong>ό’πως</strong></span> <span class='ocrx_word' id='word_1_606' title='bbox 1801 5188 1882 5244; x_wconf 77' lang='grc' dir='ltr'><strong>δεῖ</strong></span> <span class='ocrx_word' id='word_1_607' title='bbox 1917 5191 2176 5265; x_wconf 72' lang='grc' dir='ltr'><strong>ἑορτάξειν</strong></span> 
     </span>
    </p>
   </div>
   <div class='ocr_carea' id='block_1_88' title="bbox 528 5260 2176 5334">
    <p class='ocr_par' dir='ltr' id='par_1_88' title="bbox 528 5260 2176 5334">
     <span class='ocr_line' id='line_1_88' title="bbox 528 5260 2176 5334; baseline 0.001 -23"><span class='ocrx_word' id='word_1_608' title='bbox 528 5265 622 5318; x_wconf 81' lang='grc' dir='ltr'><strong>τὴν</strong></span> <span class='ocrx_word' id='word_1_609' title='bbox 681 5260 856 5332; x_wconf 72' lang='grc' dir='ltr'><strong>ἑορτὴν</strong></span> <span class='ocrx_word' id='word_1_610' title='bbox 920 5269 1015 5322; x_wconf 78' lang='grc' dir='ltr'><strong>τῆς</strong></span> <span class='ocrx_word' id='word_1_611' title='bbox 1090 5267 1372 5333; x_wconf 75' lang='grc' dir='ltr'><strong>κοιμήσεως</strong></span> <span class='ocrx_word' id='word_1_612' title='bbox 1442 5271 1532 5323; x_wconf 84' lang='grc' dir='ltr'><strong>τῆς</strong></span> <span class='ocrx_word' id='word_1_613' title='bbox 1610 5263 1869 5334; x_wconf 74' lang='grc' dir='ltr'><strong>ὑπραγίας</strong></span> <span class='ocrx_word' id='word_1_614' title='bbox 1940 5260 2176 5334; x_wconf 74' lang='grc' dir='ltr'><strong>θεοτόκου</strong></span> 
     </span>
    </p>
   </div>
   <div class='ocr_carea' id='block_1_89' title="bbox 530 5333 2176 5406">
    <p class='ocr_par' dir='ltr' id='par_1_89' title="bbox 530 5333 2176 5406">
     <span class='ocr_line' id='line_1_89' title="bbox 530 5333 2176 5406; baseline 0.024 -25"><span class='ocrx_word' id='word_1_615' title='bbox 530 5334 630 5382; x_wconf 74' lang='grc' dir='ltr'><strong>ἀπὸ</strong></span> <span class='ocrx_word' id='word_1_616' title='bbox 661 5340 753 5393; x_wconf 85' lang='grc' dir='ltr'><strong>τῆς</strong></span> <span class='ocrx_word' id='word_1_617' title='bbox 791 5338 998 5402; x_wconf 77' lang='grc' dir='ltr'><strong>πρώτης</strong></span> <span class='ocrx_word' id='word_1_618' title='bbox 1031 5342 1118 5384; x_wconf 76' lang='grc' dir='ltr'><strong>τοῦ</strong></span> <span class='ocrx_word' id='word_1_619' title='bbox 1151 5335 1445 5403; x_wconf 65' lang='grc' dir='ltr'><strong>αὐγούστου</strong></span> <span class='ocrx_word' id='word_1_620' title='bbox 1477 5337 1634 5404; x_wconf 70' lang='grc' dir='ltr'><strong>μηνὸς</strong></span> <span class='ocrx_word' id='word_1_621' title='bbox 1667 5333 1831 5406; x_wconf 68' lang='grc' dir='ltr'><strong>μέχρι</strong></span> <span class='ocrx_word' id='word_1_622' title='bbox 1885 5342 1978 5393; x_wconf 64' lang='grc' dir='ltr'><strong>τῆς</strong></span> <span class='ocrx_word' id='word_1_623' title='bbox 2010 5333 2176 5404; x_wconf 70' lang='grc' dir='ltr'><strong>έσκά·</strong></span> 
     </span>
    </p>
   </div>
   <div class='ocr_carea' id='block_1_90' title="bbox 526 5404 2176 5475">
    <p class='ocr_par' dir='ltr' id='par_1_90' title="bbox 526 5404 2176 5475">
     <span class='ocr_line' id='line_1_90' title="bbox 526 5404 2176 5475; baseline 0.002 -21"><span class='ocrx_word' id='word_1_624' title='bbox 526 5419 638 5464; x_wconf 83' lang='grc' dir='ltr'><strong>της.</strong></span> <span class='ocrx_word' id='word_1_625' title='bbox 681 5406 844 5458; x_wconf 86' lang='lat' dir='ltr'><strong>Nova</strong></span> <span class='ocrx_word' id='word_1_626' title='bbox 900 5404 999 5458; x_wconf 89' lang='lat' dir='ltr'><strong>illa</strong></span> <span class='ocrx_word' id='word_1_627' title='bbox 1059 5405 1375 5459; x_wconf 75' lang='lat' dir='ltr'><strong>Andronici</strong></span> <span class='ocrx_word' id='word_1_628' title='bbox 1403 5405 1514 5474; x_wconf 81' lang='lat' dir='ltr'><strong>lex,</strong></span> <span class='ocrx_word' id='word_1_629' title='bbox 1552 5421 1628 5459; x_wconf 86' lang='lat' dir='ltr'><strong>an</strong></span> <span class='ocrx_word' id='word_1_630' title='bbox 1668 5404 2049 5475; x_wconf 57' lang='lat' dir='ltr'><strong>diu&#39;viguerit</strong></span> <span class='ocrx_word' id='word_1_631' title='bbox 2075 5421 2176 5459; x_wconf 87' lang='lat' dir='ltr'><strong>nc-</strong></span> 
     </span>
    </p>
   </div>
   <div class='ocr_carea' id='block_1_91' title="bbox 528 5475 2176 5546">
    <p class='ocr_par' dir='ltr' id='par_1_91' title="bbox 528 5475 2176 5546">
     <span class='ocr_line' id='line_1_91' title="bbox 528 5475 2176 5546; baseline 0 -18"><span class='ocrx_word' id='word_1_632' title='bbox 528 5475 654 5546; x_wconf 78' lang='lat' dir='ltr'><strong>scio</strong></span> <span class='ocrx_word' id='word_1_633' title='bbox 683 5490 697 5538; x_wconf 87' lang='lat'><strong>;</strong></span> <span class='ocrx_word' id='word_1_634' title='bbox 732 5489 839 5529; x_wconf 92' lang='lat' dir='ltr'><strong>nec</strong></span> <span class='ocrx_word' id='word_1_635' title='bbox 883 5477 1128 5530; x_wconf 72' lang='lat' dir='ltr'><strong>Strozzae</strong></span> <span class='ocrx_word' id='word_1_636' title='bbox 1162 5476 1370 5530; x_wconf 81' lang='lat' dir='ltr'><strong>llCI&#39;lIm</strong></span> <span class='ocrx_word' id='word_1_637' title='bbox 1413 5476 1486 5530; x_wconf 85' lang='lat' dir='ltr'><strong>de</strong></span> <span class='ocrx_word' id='word_1_638' title='bbox 1511 5477 1928 5546; x_wconf 80' lang='lat' dir='ltr'><strong>Assumptione</strong></span> <span class='ocrx_word' id='word_1_639' title='bbox 1955 5491 2176 5530; x_wconf 87' lang='lat' dir='ltr'><strong>consu-</strong></span> 
     </span>
    </p>
   </div>
   <div class='ocr_carea' id='block_1_92' title="bbox 528 5544 2176 5668">
    <p class='ocr_par' dir='ltr' id='par_1_92' title="bbox 528 5544 2176 5668">
     <span class='ocr_line' id='line_1_92' title="bbox 528 5544 2176 5668; baseline -0.001 -69"><span class='ocrx_word' id='word_1_640' title='bbox 528 5544 645 5599; x_wconf 87' lang='lat' dir='ltr'><strong>lere</strong></span> <span class='ocrx_word' id='word_1_641' title='bbox 675 5546 860 5668; x_wconf 66' lang='lat' dir='ltr'><strong>potui,</strong></span> <span class='ocrx_word' id='word_1_642' title='bbox 888 5547 945 5600; x_wconf 87' lang='lat' dir='ltr'><strong>in</strong></span> <span class='ocrx_word' id='word_1_643' title='bbox 976 5562 1098 5617; x_wconf 90' lang='lat' dir='ltr'><strong>quo</strong></span> <span class='ocrx_word' id='word_1_644' title='bbox 1120 5546 1321 5601; x_wconf 81' lang='lat' dir='ltr'><strong>forsan</strong></span> <span class='ocrx_word' id='word_1_645' title='bbox 1347 5547 1394 5600; x_wconf 90' lang='lat' dir='ltr'><strong>is</strong></span> <span class='ocrx_word' id='word_1_646' title='bbox 1423 5544 1847 5616; x_wconf 82' lang='lat' dir='ltr'><strong>antiquitatum</strong></span> <span class='ocrx_word' id='word_1_647' title='bbox 1879 5546 2176 5614; x_wconf 87' lang='lat' dir='ltr'><strong>liturgica-</strong></span> 
     </span>
     <span class='ocr_line' id='line_1_93' title="bbox 528 5617 2176 5668; baseline 0 0"><span class='ocrx_word' id='word_1_648' title='bbox 528 5631 662 5668; x_wconf 91' lang='lat' dir='ltr'><strong>rum</strong></span> <span class='ocrx_word' id='word_1_649' title='bbox 705 5632 880 5668; x_wconf 90' lang='lat' dir='ltr'><strong>ocum</strong></span> <span class='ocrx_word' id='word_1_650' title='bbox 916 5622 1197 5668; x_wconf 84' lang='lat' dir='ltr'><strong>tractatus</strong></span> <span class='ocrx_word' id='word_1_651' title='bbox 1231 5618 1357 5668; x_wconf 90' lang='lat' dir='ltr'><strong>fuit.</strong></span> <span class='ocrx_word' id='word_1_652' title='bbox 1380 5649 1448 5656; x_wconf 93' lang='grc'><strong>--</strong></span> <span class='ocrx_word' id='word_1_653' title='bbox 1478 5623 1792 5668; x_wconf 80' lang='lat' dir='ltr'><strong>Annonam</strong></span> <span class='ocrx_word' id='word_1_654' title='bbox 1821 5632 1942 5668; x_wconf 90' lang='lat' dir='ltr'><strong>non</strong></span> <span class='ocrx_word' id='word_1_655' title='bbox 1976 5617 2176 5668; x_wconf 89' lang='lat' dir='ltr'><strong>intem-</strong></span> 
     </span>
    </p>
   </div>
   <div class='ocr_carea' id='block_1_93' title="bbox 526 5617 2179 5688">
    <p class='ocr_par' dir='ltr' id='par_1_93' title="bbox 526 5617 2179 5688">
     <span class='ocr_line' id='line_1_94' title="bbox 526 5617 2179 5688; baseline -0.002 -16"><span class='ocrx_word' id='word_1_656' title='bbox 526 5617 880 5688; x_wconf 22' lang='lat' dir='ltr'><strong>rum-locum</strong></span> <span class='ocrx_word' id='word_1_657' title='bbox 916 5622 1197 5688; x_wconf 79' lang='lat' dir='ltr'><strong>tractatus</strong></span> <span class='ocrx_word' id='word_1_658' title='bbox 1231 5618 1357 5672; x_wconf 90' lang='lat' dir='ltr'><strong>fuit.</strong></span> <span class='ocrx_word' id='word_1_659' title='bbox 1380 5649 1448 5656; x_wconf 87' lang='lat'><strong>——</strong></span> <span class='ocrx_word' id='word_1_660' title='bbox 1478 5623 1793 5688; x_wconf 79' lang='lat' dir='ltr'><strong>Apponam</strong></span> <span class='ocrx_word' id='word_1_661' title='bbox 1821 5632 1942 5673; x_wconf 87' lang='lat' dir='ltr'><strong>non</strong></span> <span class='ocrx_word' id='word_1_662' title='bbox 1976 5617 2179 5688; x_wconf 84' lang='lat' dir='ltr'><strong>intem-</strong></span> 
     </span>
    </p>
   </div>
   <div class='ocr_carea' id='block_1_94' title="bbox 530 5685 2180 5762">
    <p class='ocr_par' dir='ltr' id='par_1_94' title="bbox 530 5685 2180 5762">
     <span class='ocr_line' id='line_1_95' title="bbox 530 5685 2180 5762; baseline 0.002 -22"><span class='ocrx_word' id='word_1_663' title='bbox 530 5685 757 5762; x_wconf 89' lang='lat' dir='ltr'><strong>pestive</strong></span> <span class='ocrx_word' id='word_1_664' title='bbox 804 5701 837 5742; x_wconf 90' lang='lat' dir='ltr'><strong>e</strong></span> <span class='ocrx_word' id='word_1_665' title='bbox 875 5686 1080 5744; x_wconf 90' lang='lat' dir='ltr'><strong>codice</strong></span> <span class='ocrx_word' id='word_1_666' title='bbox 1105 5688 1270 5758; x_wconf 81' lang='lat' dir='ltr'><strong>regio</strong></span> <span class='ocrx_word' id='word_1_667' title='bbox 1298 5692 1459 5757; x_wconf 80' lang='grc'><strong>1630,</strong></span> <span class='ocrx_word' id='word_1_668' title='bbox 1499 5685 1642 5759; x_wconf 81' lang='lat' dir='ltr'><strong>pag.</strong></span> <span class='ocrx_word' id='word_1_669' title='bbox 1674 5690 1761 5758; x_wconf 78' lang='grc'><strong>61,</strong></span> <span class='ocrx_word' id='word_1_670' title='bbox 1795 5692 1885 5760; x_wconf 85' lang='grc'><strong>63,</strong></span> <span class='ocrx_word' id='word_1_671' title='bbox 1917 5692 2034 5756; x_wconf 84' lang='grc'><strong>133,</strong></span> <span class='ocrx_word' id='word_1_672' title='bbox 2067 5687 2180 5744; x_wconf 86' lang='lat' dir='ltr'><strong>tria</strong></span> 
     </span>
    </p>
   </div>
   <div class='ocr_carea' id='block_1_95' title="bbox 2357 3152 3878 3225">
    <p class='ocr_par' dir='ltr' id='par_1_95' title="bbox 2357 3152 3878 3225">
     <span class='ocr_line' id='line_1_96' title="bbox 2357 3152 3878 3225; baseline -0.002 -22"><span class='ocrx_word' id='word_1_673' title='bbox 2357 3153 2432 3203; x_wconf 76' lang='grc' dir='ltr'><strong>Οὐ</strong></span> <span class='ocrx_word' id='word_1_674' title='bbox 2479 3156 2569 3225; x_wconf 70' lang='grc' dir='ltr'><strong>μὲν</strong></span> <span class='ocrx_word' id='word_1_675' title='bbox 2627 3153 2756 3206; x_wconf 71' lang='grc' dir='ltr'><strong>ἀλλά</strong></span> <span class='ocrx_word' id='word_1_676' title='bbox 2819 3159 2908 3206; x_wconf 77' lang='grc' dir='ltr'><strong>καὶ</strong></span> <span class='ocrx_word' id='word_1_677' title='bbox 2967 3153 3183 3216; x_wconf 77' lang='grc' dir='ltr'><strong>καθεξῆς</strong></span> <span class='ocrx_word' id='word_1_678' title='bbox 3267 3152 3345 3204; x_wconf 78' lang='grc' dir='ltr'><strong>ἀεὶ</strong></span> <span class='ocrx_word' id='word_1_679' title='bbox 3397 3161 3572 3204; x_wconf 78' lang='grc' dir='ltr'><strong>ταῦτα</strong></span> <span class='ocrx_word' id='word_1_680' title='bbox 3641 3154 3878 3206; x_wconf 56' lang='grc' dir='ltr'><strong>τελεῖσΰεί</strong></span> 
     </span>
    </p>
   </div>
   <div class='ocr_carea' id='block_1_96' title="bbox 2285 3239 3880 3314">
    <p class='ocr_par' dir='ltr' id='par_1_96' title="bbox 2285 3239 3880 3314">
     <span class='ocr_line' id='line_1_97' title="bbox 2285 3239 3880 3314; baseline -0.001 -21"><span class='ocrx_word' id='word_1_681' title='bbox 2285 3239 2506 3313; x_wconf 74' lang='grc' dir='ltr'><strong>βεϐαίας</strong></span> <span class='ocrx_word' id='word_1_682' title='bbox 2578 3244 2725 3314; x_wconf 76' lang='grc' dir='ltr'><strong>ἡμεῖς</strong></span> <span class='ocrx_word' id='word_1_683' title='bbox 2802 3244 2891 3302; x_wconf 72' lang='grc' dir='ltr'><strong>τὰς</strong></span> <span class='ocrx_word' id='word_1_684' title='bbox 2955 3246 3154 3302; x_wconf 85' lang='grc' dir='ltr'><strong>πίστεις</strong></span> <span class='ocrx_word' id='word_1_685' title='bbox 3231 3253 3321 3292; x_wconf 81' lang='grc' dir='ltr'><strong>και</strong></span> <span class='ocrx_word' id='word_1_686' title='bbox 3385 3240 3645 3312; x_wconf 78' lang='grc' dir='ltr'><strong>ἀσφαλεῖς</strong></span> <span class='ocrx_word' id='word_1_687' title='bbox 3717 3247 3880 3313; x_wconf 53' lang='lat' dir='ltr'><strong>Elegia</strong></span> 
     </span>
    </p>
   </div>
   <div class='ocr_carea' id='block_1_97' title="bbox 2283 3329 3858 3398">
    <p class='ocr_par' dir='ltr' id='par_1_97' title="bbox 2283 3329 3858 3398">
     <span class='ocr_line' id='line_1_98' title="bbox 2283 3329 3858 3398; baseline -0.001 -17"><span class='ocrx_word' id='word_1_688' title='bbox 2283 3332 2368 3391; x_wconf 84' lang='grc' dir='ltr'><strong>τὰς</strong></span> <span class='ocrx_word' id='word_1_689' title='bbox 2436 3329 2672 3392; x_wconf 72' lang='grc' dir='ltr'><strong>ἐλπίδας.</strong></span> <span class='ocrx_word' id='word_1_690' title='bbox 2760 3336 2878 3398; x_wconf 78' lang='grc' dir='ltr'><strong>Καὶ,</strong></span> <span class='ocrx_word' id='word_1_691' title='bbox 2949 3331 3012 3382; x_wconf 82' lang='grc' dir='ltr'><strong>ἶν’</strong></span> <span class='ocrx_word' id='word_1_692' title='bbox 3070 3332 3195 3398; x_wconf 79' lang='grc' dir='ltr'><strong>ἡμῖν</strong></span> <span class='ocrx_word' id='word_1_693' title='bbox 3257 3331 3282 3381; x_wconf 98' lang='lat'><strong>6</strong></span> <span class='ocrx_word' id='word_1_694' title='bbox 3330 3329 3501 3398; x_wconf 83' lang='grc' dir='ltr'><strong>λόγος,</strong></span> <span class='ocrx_word' id='word_1_695' title='bbox 3581 3333 3767 3398; x_wconf 74' lang='grc' dir='ltr'><strong>ὥσπερ</strong></span> <span class='ocrx_word' id='word_1_696' title='bbox 3829 3334 3858 3381; x_wconf 72' lang='lat' dir='ltr'><strong>si</strong></span> 
     </span>
    </p>
   </div>
   <div class='ocr_carea' id='block_1_98' title="bbox 2283 3415 3877 3492">
    <p class='ocr_par' dir='ltr' id='par_1_98' title="bbox 2283 3415 3877 3492">
     <span class='ocr_line' id='line_1_99' title="bbox 2283 3415 3877 3492; baseline -0.001 -22"><span class='ocrx_word' id='word_1_697' title='bbox 2283 3419 2460 3490; x_wconf 78' lang='grc' dir='ltr'><strong>ἀρχὴν</strong></span> <span class='ocrx_word' id='word_1_698' title='bbox 2500 3419 2736 3482; x_wconf 79' lang='grc' dir='ltr'><strong>ἀνελθὼν,</strong></span> <span class='ocrx_word' id='word_1_699' title='bbox 2787 3419 2974 3474; x_wconf 73' lang='grc' dir='ltr'><strong>ἐκεῖθεν</strong></span> <span class='ocrx_word' id='word_1_700' title='bbox 3037 3419 3154 3472; x_wconf 70' lang='grc' dir='ltr'><strong>καθ’</strong></span> <span class='ocrx_word' id='word_1_701' title='bbox 3216 3415 3340 3471; x_wconf 80' lang='grc' dir='ltr'><strong>ὁδὸν</strong></span> <span class='ocrx_word' id='word_1_702' title='bbox 3393 3422 3596 3492; x_wconf 82' lang='grc' dir='ltr'><strong>προῖοι,</strong></span> <span class='ocrx_word' id='word_1_703' title='bbox 3666 3420 3877 3472; x_wconf 48' lang='lat' dir='ltr'><strong>iris-&#39;55:</strong></span> 
     </span>
    </p>
   </div>
   <div class='ocr_carea' id='block_1_99' title="bbox 2949 3329 3880 3403">
    <p class='ocr_par' dir='ltr' id='par_1_99' title="bbox 2949 3329 3880 3403">
     <span class='ocr_line' id='line_1_100' title="bbox 2949 3329 3880 3403; baseline -0.002 -21"><span class='ocrx_word' id='word_1_704' title='bbox 2949 3331 3012 3382; x_wconf 81' lang='grc' dir='ltr'><strong>ἶν’</strong></span> <span class='ocrx_word' id='word_1_705' title='bbox 3070 3332 3195 3402; x_wconf 78' lang='grc' dir='ltr'><strong>ἡμῖν</strong></span> <span class='ocrx_word' id='word_1_706' title='bbox 3257 3331 3282 3381; x_wconf 91' lang='lat'><strong>6</strong></span> <span class='ocrx_word' id='word_1_707' title='bbox 3330 3329 3501 3401; x_wconf 80' lang='grc' dir='ltr'><strong>λόγος,</strong></span> <span class='ocrx_word' id='word_1_708' title='bbox 3581 3333 3767 3403; x_wconf 73' lang='grc' dir='ltr'><strong>ὥσπερ</strong></span> <span class='ocrx_word' id='word_1_709' title='bbox 3829 3334 3880 3388; x_wconf 69' lang='lat' dir='ltr'><strong>si;</strong></span> 
     </span>
    </p>
   </div>
   <div class='ocr_carea' id='block_1_100' title="bbox 2283 3510 3882 3583">
    <p class='ocr_par' dir='ltr' id='par_1_100' title="bbox 2283 3510 3882 3583">
     <span class='ocr_line' id='line_1_101' title="bbox 2283 3510 3882 3583; baseline -0.001 -23"><span class='ocrx_word' id='word_1_710' title='bbox 2283 3512 2373 3578; x_wconf 70' lang='grc' dir='ltr'><strong>μὲν</strong></span> <span class='ocrx_word' id='word_1_711' title='bbox 2435 3511 2704 3583; x_wconf 80' lang='grc' dir='ltr'><strong>ἄνθρωπος</strong></span> <span class='ocrx_word' id='word_1_712' title='bbox 2755 3515 2899 3581; x_wconf 81' lang='grc' dir='ltr'><strong>χειρὶ</strong></span> <span class='ocrx_word' id='word_1_713' title='bbox 2939 3516 3095 3570; x_wconf 81' lang='grc' dir='ltr'><strong>Θεοῦ,</strong></span> <span class='ocrx_word' id='word_1_714' title='bbox 3145 3513 3233 3559; x_wconf 84' lang='grc' dir='ltr'><strong>καὶ</strong></span> <span class='ocrx_word' id='word_1_715' title='bbox 3291 3512 3523 3580; x_wconf 76' lang='grc' dir='ltr'><strong>μετέσχε</strong></span> <span class='ocrx_word' id='word_1_716' title='bbox 3581 3511 3730 3569; x_wconf 80' lang='grc' dir='ltr'><strong>Θείας</strong></span> <span class='ocrx_word' id='word_1_717' title='bbox 3780 3510 3882 3561; x_wconf 64' lang='grc' dir='ltr'><strong>εἰκε-</strong></span> 
     </span>
    </p>
   </div>
   <div class='ocr_carea' id='block_1_101' title="bbox 2282 3597 3882 3668">
    <p class='ocr_par' dir='ltr' id='par_1_101' title="bbox 2282 3597 3882 3668">
     <span class='ocr_line' id='line_1_102' title="bbox 2282 3597 3882 3668; baseline -0.001 -22"><span class='ocrx_word' id='word_1_718' title='bbox 2282 3616 2362 3656; x_wconf 84' lang='grc' dir='ltr'><strong>νος</strong></span> <span class='ocrx_word' id='word_1_719' title='bbox 2433 3601 2531 3666; x_wconf 89' lang='lat'><strong>(3),</strong></span> <span class='ocrx_word' id='word_1_720' title='bbox 2592 3603 2682 3649; x_wconf 77' lang='grc' dir='ltr'><strong>καὶ</strong></span> <span class='ocrx_word' id='word_1_721' title='bbox 2749 3601 2915 3668; x_wconf 79' lang='grc' dir='ltr'><strong>τούτῳ</strong></span> <span class='ocrx_word' id='word_1_722' title='bbox 2976 3597 3132 3668; x_wconf 87' lang='grc' dir='ltr'><strong>πλείῳ</strong></span> <span class='ocrx_word' id='word_1_723' title='bbox 3198 3601 3475 3668; x_wconf 76' lang='grc' dir='ltr'><strong>τετίμηται</strong></span> <span class='ocrx_word' id='word_1_724' title='bbox 3537 3600 3758 3650; x_wconf 75' lang='grc' dir='ltr'><strong>πάντων</strong></span> <span class='ocrx_word' id='word_1_725' title='bbox 3809 3607 3882 3647; x_wconf 61' lang='grc' dir='ltr'><strong>τίη</strong></span> 
     </span>
    </p>
   </div>
   <div class='ocr_carea' id='block_1_102' title="bbox 2285 3683 3882 3759">
    <p class='ocr_par' dir='ltr' id='par_1_102' title="bbox 2285 3683 3882 3759">
     <span class='ocr_line' id='line_1_103' title="bbox 2285 3683 3882 3759; baseline -0.001 -23"><span class='ocrx_word' id='word_1_726' title='bbox 2285 3685 2550 3759; x_wconf 79' lang='grc' dir='ltr'><strong>ὁρωμένων</strong></span> <span class='ocrx_word' id='word_1_727' title='bbox 2585 3707 2597 3719; x_wconf 88' lang='grc'><strong>·</strong></span> <span class='ocrx_word' id='word_1_728' title='bbox 2637 3683 2749 3758; x_wconf 81' lang='grc' dir='ltr'><strong>εἶχε</strong></span> <span class='ocrx_word' id='word_1_729' title='bbox 2785 3683 2834 3738; x_wconf 79' lang='grc' dir='ltr'><strong>δ’</strong></span> <span class='ocrx_word' id='word_1_730' title='bbox 2875 3685 2936 3737; x_wconf 77' lang='grc' dir='ltr'><strong>ἂν</strong></span> <span class='ocrx_word' id='word_1_731' title='bbox 2997 3690 3086 3738; x_wconf 82' lang='grc' dir='ltr'><strong>καὶ</strong></span> <span class='ocrx_word' id='word_1_732' title='bbox 3132 3685 3280 3738; x_wconf 79' lang='grc' dir='ltr'><strong>πλέον</strong></span> <span class='ocrx_word' id='word_1_733' title='bbox 3349 3684 3712 3757; x_wconf 69' lang='grc' dir='ltr'><strong>ἀπειληφέναι</strong></span> <span class='ocrx_word' id='word_1_734' title='bbox 3757 3695 3882 3758; x_wconf 50' lang='lat' dir='ltr'><strong>nni;</strong></span> 
     </span>
    </p>
   </div>
   <div class='ocr_carea' id='block_1_103' title="bbox 2283 3771 3879 3848">
    <p class='ocr_par' dir='ltr' id='par_1_103' title="bbox 2283 3771 3879 3848">
     <span class='ocr_line' id='line_1_104' title="bbox 2283 3771 3879 3848; baseline 0.003 -23"><span class='ocrx_word' id='word_1_735' title='bbox 2283 3779 2372 3826; x_wconf 88' lang='grc' dir='ltr'><strong>καὶ</strong></span> <span class='ocrx_word' id='word_1_736' title='bbox 2416 3771 2596 3838; x_wconf 75' lang='grc' dir='ltr'><strong>δόξης,</strong></span> <span class='ocrx_word' id='word_1_737' title='bbox 2624 3776 2809 3848; x_wconf 87' lang='grc' dir='ltr'><strong>πρὸςὸ</strong></span> <span class='ocrx_word' id='word_1_738' title='bbox 2846 3780 2936 3827; x_wconf 84' lang='grc' dir='ltr'><strong>καὶ</strong></span> <span class='ocrx_word' id='word_1_739' title='bbox 2979 3774 3170 3846; x_wconf 77' lang='grc' dir='ltr'><strong>μᾶλλον</strong></span> <span class='ocrx_word' id='word_1_740' title='bbox 3206 3776 3232 3826; x_wconf 91' lang='lat'><strong>6</strong></span> <span class='ocrx_word' id='word_1_741' title='bbox 3282 3782 3374 3835; x_wconf 76' lang='grc' dir='ltr'><strong>τῆς</strong></span> <span class='ocrx_word' id='word_1_742' title='bbox 3422 3774 3540 3826; x_wconf 67' lang='grc' dir='ltr'><strong>κατ’</strong></span> <span class='ocrx_word' id='word_1_743' title='bbox 3597 3776 3755 3828; x_wconf 64' lang='grc' dir='ltr'><strong>αὑτὸν</strong></span> <span class='ocrx_word' id='word_1_744' title='bbox 3800 3773 3879 3830; x_wconf 68' lang='grc' dir='ltr'><strong>ἐξ·</strong></span> 
     </span>
    </p>
   </div>
   <div class='ocr_carea' id='block_1_104' title="bbox 2282 3862 3628 3937">
    <p class='ocr_par' dir='ltr' id='par_1_104' title="bbox 2282 3862 3628 3937">
     <span class='ocr_line' id='line_1_105' title="bbox 2282 3862 3628 3937; baseline 0.001 -24"><span class='ocrx_word' id='word_1_745' title='bbox 2282 3869 2560 3935; x_wconf 74' lang='grc' dir='ltr'><strong>μιονργίας</strong></span> <span class='ocrx_word' id='word_1_746' title='bbox 2627 3867 2768 3937; x_wconf 75' lang='grc' dir='ltr'><strong>ἔφερε</strong></span> <span class='ocrx_word' id='word_1_747' title='bbox 2843 3863 3010 3933; x_wconf 84' lang='grc' dir='ltr'><strong>λόγος,</strong></span> <span class='ocrx_word' id='word_1_748' title='bbox 3095 3867 3184 3914; x_wconf 81' lang='grc' dir='ltr'><strong>καὶ</strong></span> <span class='ocrx_word' id='word_1_749' title='bbox 3232 3862 3480 3914; x_wconf 77' lang='grc' dir='ltr'><strong>ἀπελαϐεν</strong></span> <span class='ocrx_word' id='word_1_750' title='bbox 3537 3863 3628 3930; x_wconf 81' lang='grc' dir='ltr'><strong>ἂν,</strong></span> 
     </span>
    </p>
   </div>
   <div class='ocr_carea' id='block_1_105' title="bbox 2938 3951 3857 4024">
    <p class='ocr_par' dir='ltr' id='par_1_105' title="bbox 2938 3951 3857 4024">
     <span class='ocr_line' id='line_1_106' title="bbox 2938 3951 3857 4024; baseline 0 -20"><span class='ocrx_word' id='word_1_751' title='bbox 2938 3954 3065 4023; x_wconf 76' lang='grc' dir='ltr'><strong>μετὰ</strong></span> <span class='ocrx_word' id='word_1_752' title='bbox 3141 3959 3233 4010; x_wconf 79' lang='grc' dir='ltr'><strong>τῆς</strong></span> <span class='ocrx_word' id='word_1_753' title='bbox 3304 3951 3516 4013; x_wconf 75' lang='grc' dir='ltr'><strong>ἐντολῆς</strong></span> <span class='ocrx_word' id='word_1_754' title='bbox 3592 3951 3857 4024; x_wconf 63' lang='grc' dir='ltr'><strong>ἐφνλάχές</strong></span> 
     </span>
    </p>
   </div>
   <div class='ocr_carea' id='block_1_106' title="bbox 2283 4037 3877 4112">
    <p class='ocr_par' dir='ltr' id='par_1_106' title="bbox 2283 4037 3877 4112">
     <span class='ocr_line' id='line_1_107' title="bbox 2283 4037 3877 4112; baseline -0.001 -21"><span class='ocrx_word' id='word_1_755' title='bbox 2283 4045 2423 4093; x_wconf 80' lang='grc' dir='ltr'><strong>Ἐπεὶ</strong></span> <span class='ocrx_word' id='word_1_756' title='bbox 2451 4037 2503 4092; x_wconf 74' lang='grc' dir='ltr'><strong>δ’</strong></span> <span class='ocrx_word' id='word_1_757' title='bbox 2550 4039 2634 4112; x_wconf 78' lang='grc' dir='ltr'><strong>ὑφ’</strong></span> <span class='ocrx_word' id='word_1_758' title='bbox 2684 4037 2874 4100; x_wconf 79' lang='grc' dir='ltr'><strong>ἡδονῆς</strong></span> <span class='ocrx_word' id='word_1_759' title='bbox 2924 4039 3142 4106; x_wconf 78' lang='grc' dir='ltr'><strong>ἐκλάπη,</strong></span> <span class='ocrx_word' id='word_1_760' title='bbox 3199 4044 3312 4096; x_wconf 84' lang='grc' dir='ltr'><strong>καὶ.</strong></span> <span class='ocrx_word' id='word_1_761' title='bbox 3370 4048 3469 4090; x_wconf 91' lang='grc' dir='ltr'><strong>τῶν</strong></span> <span class='ocrx_word' id='word_1_762' title='bbox 3530 4045 3877 4112; x_wconf 59' lang='grc' dir='ltr'><strong>προσταχθῇ-</strong></span> 
     </span>
    </p>
   </div>
   <div class='ocr_carea' id='block_1_107' title="bbox 3698 3865 3876 3926">
    <p class='ocr_par' dir='ltr' id='par_1_107' title="bbox 3698 3865 3876 3926">
     <span class='ocr_line' id='line_1_108' title="bbox 3698 3865 3876 3926; baseline -0.017 -11"><span class='ocrx_word' id='word_1_763' title='bbox 3698 3865 3762 3926; x_wconf 85' lang='grc' dir='ltr'><strong>εἰ,</strong></span> <span class='ocrx_word' id='word_1_764' title='bbox 3809 3871 3876 3919; x_wconf 57' lang='grc' dir='ltr'><strong>’ἷξε</strong></span> 
     </span>
    </p>
   </div>
   <div class='ocr_carea' id='block_1_108' title="bbox 2284 3952 2856 4026">
    <p class='ocr_par' dir='ltr' id='par_1_108' title="bbox 2284 3952 2856 4026">
     <span class='ocr_line' id='line_1_109' title="bbox 2284 3952 2856 4026; baseline 0.003 -25"><span class='ocrx_word' id='word_1_765' title='bbox 2284 3952 2455 4003; x_wconf 77' lang='grc' dir='ltr'><strong>εἰκόνα</strong></span> <span class='ocrx_word' id='word_1_766' title='bbox 2536 3959 2856 4026; x_wconf 83' lang='grc' dir='ltr'><strong>περισώσας,</strong></span> 
     </span>
    </p>
   </div>
   <div class='ocr_carea' id='block_1_109' title="bbox 2282 4126 3875 4204">
    <p class='ocr_par' dir='ltr' id='par_1_109' title="bbox 2282 4126 3875 4204">
     <span class='ocr_line' id='line_1_110' title="bbox 2282 4126 3875 4204; baseline -0.001 -25"><span class='ocrx_word' id='word_1_767' title='bbox 2282 4148 2382 4179; x_wconf 89' lang='grc' dir='ltr'><strong>των</strong></span> <span class='ocrx_word' id='word_1_768' title='bbox 2423 4129 2772 4204; x_wconf 81' lang='grc' dir='ltr'><strong>ὀλιγωρῶσας,</strong></span> <span class='ocrx_word' id='word_1_769' title='bbox 2836 4127 3162 4180; x_wconf 83' lang='grc' dir='ltr'><strong>ἐνεπίστευσε</strong></span> <span class='ocrx_word' id='word_1_770' title='bbox 3215 4135 3324 4187; x_wconf 89' lang='grc' dir='ltr'><strong>τοῖς</strong></span> <span class='ocrx_word' id='word_1_771' title='bbox 3379 4126 3655 4191; x_wconf 79' lang='grc' dir='ltr'><strong>ἀπατῶσι,</strong></span> <span class='ocrx_word' id='word_1_772' title='bbox 3725 4136 3875 4180; x_wconf 64' lang='grc' dir='ltr'><strong>πίε-τε.</strong></span> 
     </span>
    </p>
   </div>
   <div class='ocr_carea' id='block_1_110' title="bbox 2283 4217 3877 4289">
    <p class='ocr_par' dir='ltr' id='par_1_110' title="bbox 2283 4217 3877 4289">
     <span class='ocr_line' id='line_1_111' title="bbox 2283 4217 3877 4289; baseline -0.002 -21"><span class='ocrx_word' id='word_1_773' title='bbox 2283 4220 2372 4287; x_wconf 67' lang='grc' dir='ltr'><strong>μὲν</strong></span> <span class='ocrx_word' id='word_1_774' title='bbox 2414 4219 2560 4277; x_wconf 72' lang='grc' dir='ltr'><strong>εὐθὺς</strong></span> <span class='ocrx_word' id='word_1_775' title='bbox 2612 4217 2798 4269; x_wconf 68' lang='grc' dir='ltr'><strong>ἐκεῖθεν</strong></span> <span class='ocrx_word' id='word_1_776' title='bbox 2851 4218 2950 4274; x_wconf 78' lang='grc' dir='ltr'><strong>ὅπη</strong></span> <span class='ocrx_word' id='word_1_777' title='bbox 3005 4221 3096 4268; x_wconf 82' lang='grc' dir='ltr'><strong>καὶ</strong></span> <span class='ocrx_word' id='word_1_778' title='bbox 3152 4224 3345 4289; x_wconf 72' lang='grc' dir='ltr'><strong>τρυφῆς</strong></span> <span class='ocrx_word' id='word_1_779' title='bbox 3409 4219 3489 4282; x_wconf 72' lang='grc'><strong>(4)</strong></span> <span class='ocrx_word' id='word_1_780' title='bbox 3540 4219 3756 4288; x_wconf 73' lang='grc' dir='ltr'><strong>ἐτάχθη</strong></span> <span class='ocrx_word' id='word_1_781' title='bbox 3808 4238 3877 4266; x_wconf 66' lang='lat' dir='ltr'><strong>xz:</strong></span> 
     </span>
    </p>
   </div>
   <div class='ocr_carea' id='block_1_111' title="bbox 3531 4305 3875 4359">
    <p class='ocr_par' dir='ltr' id='par_1_111' title="bbox 3531 4305 3875 4359">
     <span class='ocr_line' id='line_1_112' title="bbox 3531 4305 3875 4359; baseline 0.003 -4"><span class='ocrx_word' id='word_1_782' title='bbox 3531 4345 3544 4355; x_wconf 91' lang='lat'>.</span> <span class='ocrx_word' id='word_1_783' title='bbox 3610 4305 3875 4359; x_wconf 64' lang='lat' dir='ltr'><strong>amoris-tr:</strong></span> 
     </span>
    </p>
   </div>
   <div class='ocr_carea' id='block_1_112' title="bbox 2285 4390 3874 4469">
    <p class='ocr_par' dir='ltr' id='par_1_112' title="bbox 2285 4390 3874 4469">
     <span class='ocr_line' id='line_1_113' title="bbox 2285 4390 3874 4469; baseline -0.001 -23"><span class='ocrx_word' id='word_1_784' title='bbox 2285 4390 2336 4446; x_wconf 83' lang='grc' dir='ltr'><strong>δ’</strong></span> <span class='ocrx_word' id='word_1_785' title='bbox 2363 4397 2493 4466; x_wconf 78' lang='grc' dir='ltr'><strong>όμοῦ</strong></span> <span class='ocrx_word' id='word_1_786' title='bbox 2545 4401 2635 4448; x_wconf 77' lang='grc' dir='ltr'><strong>καὶ</strong></span> <span class='ocrx_word' id='word_1_787' title='bbox 2691 4396 2756 4457; x_wconf 79' lang='grc' dir='ltr'><strong>ἧς</strong></span> <span class='ocrx_word' id='word_1_788' title='bbox 2812 4393 2962 4457; x_wconf 82' lang='grc' dir='ltr'><strong>ἀξίας</strong></span> <span class='ocrx_word' id='word_1_789' title='bbox 3017 4393 3214 4466; x_wconf 77' lang='grc' dir='ltr'><strong>ἔμελλεν</strong></span> <span class='ocrx_word' id='word_1_790' title='bbox 3246 4394 3512 4466; x_wconf 80' lang='grc' dir='ltr'><strong>ἀμείνονος</strong></span> <span class='ocrx_word' id='word_1_791' title='bbox 3557 4399 3874 4469; x_wconf 65' lang='grc' dir='ltr'><strong>πειραθῆναι,</strong></span> 
     </span>
    </p>
   </div>
   <div class='ocr_carea' id='block_1_113' title="bbox 2282 4305 3464 4378">
    <p class='ocr_par' dir='ltr' id='par_1_113' title="bbox 2282 4305 3464 4378">
     <span class='ocr_line' id='line_1_114' title="bbox 2282 4305 3464 4378; baseline -0.001 -21"><span class='ocrx_word' id='word_1_792' title='bbox 2282 4305 2479 4357; x_wconf 81' lang='grc' dir='ltr'><strong>πολλῶν</strong></span> <span class='ocrx_word' id='word_1_793' title='bbox 2515 4311 2602 4358; x_wconf 79' lang='grc' dir='ltr'><strong>καὶ</strong></span> <span class='ocrx_word' id='word_1_794' title='bbox 2665 4305 2895 4378; x_wconf 78' lang='grc' dir='ltr'><strong>μεγάλων</strong></span> <span class='ocrx_word' id='word_1_795' title='bbox 2945 4305 3153 4376; x_wconf 77' lang='grc' dir='ltr'><strong>ἀγαθῶν</strong></span> <span class='ocrx_word' id='word_1_796' title='bbox 3187 4310 3464 4377; x_wconf 87' lang='grc' dir='ltr'><strong>μετουσίας</strong></span> 
     </span>
    </p>
   </div>
   <div class='ocr_carea' id='block_1_114' title="bbox 2287 4621 3874 4692">
    <p class='ocr_par' dir='ltr' id='par_1_114' title="bbox 2287 4621 3874 4692">
     <span class='ocr_line' id='line_1_115' title="bbox 2287 4621 3874 4692; baseline -0.001 -18"><span class='ocrx_word' id='word_1_797' title='bbox 2287 4621 2745 4692; x_wconf 75' lang='lat' dir='ltr'><strong>epigrammata,</strong></span> <span class='ocrx_word' id='word_1_798' title='bbox 2781 4622 2850 4682; x_wconf 84' lang='grc' dir='ltr'><strong>εἰς</strong></span> <span class='ocrx_word' id='word_1_799' title='bbox 2880 4626 2974 4679; x_wconf 75' lang='grc' dir='ltr'><strong>τὴν</strong></span> <span class='ocrx_word' id='word_1_800' title='bbox 3005 4626 3255 4692; x_wconf 82' lang='grc' dir='ltr'><strong>κοίμησιν</strong></span> <span class='ocrx_word' id='word_1_801' title='bbox 3277 4631 3371 4682; x_wconf 81' lang='grc' dir='ltr'><strong>τῆς</strong></span> <span class='ocrx_word' id='word_1_802' title='bbox 3404 4628 3706 4681; x_wconf 80' lang='grc' dir='ltr'><strong>Θεοτόκου.</strong></span> <span class='ocrx_word' id='word_1_803' title='bbox 3738 4656 3802 4664; x_wconf 91' lang='grc'><strong><em>-</em></strong></span> <span class='ocrx_word' id='word_1_804' title='bbox 3826 4626 3874 4672; x_wconf 72' lang='grc' dir='ltr'><strong>α’.</strong></span> 
     </span>
    </p>
   </div>
   <div class='ocr_carea' id='block_1_115' title="bbox 2285 4693 3871 4764">
    <p class='ocr_par' dir='ltr' id='par_1_115' title="bbox 2285 4693 3871 4764">
     <span class='ocr_line' id='line_1_116' title="bbox 2285 4693 3871 4764; baseline -0.001 -21"><span class='ocrx_word' id='word_1_805' title='bbox 2285 4699 2391 4763; x_wconf 75' lang='grc' dir='ltr'><strong>Ζῇς</strong></span> <span class='ocrx_word' id='word_1_806' title='bbox 2438 4697 2526 4742; x_wconf 86' lang='grc' dir='ltr'><strong>καὶ</strong></span> <span class='ocrx_word' id='word_1_807' title='bbox 2579 4694 2808 4743; x_wconf 66' lang='grc' dir='ltr'><strong>θανοῦσα</strong></span> <span class='ocrx_word' id='word_1_808' title='bbox 2842 4710 2852 4721; x_wconf 95' lang='grc'><strong>·</strong></span> <span class='ocrx_word' id='word_1_809' title='bbox 2907 4693 3056 4752; x_wconf 77' lang='grc' dir='ltr'><strong>ζῶσα</strong></span> <span class='ocrx_word' id='word_1_810' title='bbox 3115 4697 3302 4754; x_wconf 82' lang='grc' dir='ltr'><strong>τίκτεις</strong></span> <span class='ocrx_word' id='word_1_811' title='bbox 3360 4695 3642 4764; x_wconf 83' lang='grc' dir='ltr'><strong>παρθένος.</strong></span> <span class='ocrx_word' id='word_1_812' title='bbox 3703 4726 3769 4735; x_wconf 90' lang='grc'><strong><em>-</em></strong></span> <span class='ocrx_word' id='word_1_813' title='bbox 3819 4693 3871 4764; x_wconf 58' lang='grc' dir='ltr'><strong>βλ</strong></span> 
     </span>
    </p>
   </div>
   <div class='ocr_carea' id='block_1_116' title="bbox 2289 4757 3875 4838">
    <p class='ocr_par' dir='ltr' id='par_1_116' title="bbox 2289 4757 3875 4838">
     <span class='ocr_line' id='line_1_117' title="bbox 2289 4757 3875 4838; baseline 0 -24"><span class='ocrx_word' id='word_1_814' title='bbox 2289 4757 2402 4822; x_wconf 76' lang='grc' dir='ltr'><strong>Σαῐς</strong></span> <span class='ocrx_word' id='word_1_815' title='bbox 2442 4763 2726 4833; x_wconf 73' lang='grc' dir='ltr'><strong>ἠγκαλίζον</strong></span> <span class='ocrx_word' id='word_1_816' title='bbox 2784 4768 2907 4836; x_wconf 72' lang='grc' dir='ltr'><strong>πρίν</strong></span> <span class='ocrx_word' id='word_1_817' title='bbox 2957 4782 3020 4835; x_wconf 85' lang='grc' dir='ltr'><strong>με</strong></span> <span class='ocrx_word' id='word_1_818' title='bbox 3071 4768 3252 4838; x_wconf 64' lang='grc' dir='ltr'><strong>χερσὶ,</strong></span> <span class='ocrx_word' id='word_1_819' title='bbox 3301 4757 3545 4837; x_wconf 68' lang='grc' dir='ltr'><strong>παρθένε,</strong></span> <span class='ocrx_word' id='word_1_820' title='bbox 3585 4766 3780 4826; x_wconf 68' lang='grc' dir='ltr'><strong>Θτελῡς</strong></span> <span class='ocrx_word' id='word_1_821' title='bbox 3819 4757 3875 4815; x_wconf 67' lang='grc' dir='ltr'><strong>’ἔξ</strong></span> 
     </span>
    </p>
   </div>
   <div class='ocr_carea' id='block_1_117' title="bbox 2291 4833 3875 4907">
    <p class='ocr_par' dir='ltr' id='par_1_117' title="bbox 2291 4833 3875 4907">
     <span class='ocr_line' id='line_1_118' title="bbox 2291 4833 3875 4907; baseline 0 -21"><span class='ocrx_word' id='word_1_822' title='bbox 2291 4842 2383 4894; x_wconf 84' lang='grc' dir='ltr'><strong>σῆς</strong></span> <span class='ocrx_word' id='word_1_823' title='bbox 2421 4837 2630 4907; x_wconf 83' lang='grc' dir='ltr'><strong>ἓσπασα</strong></span> <span class='ocrx_word' id='word_1_824' title='bbox 2655 4833 2908 4907; x_wconf 80' lang='grc' dir='ltr'><strong>μητρικόν</strong></span> <span class='ocrx_word' id='word_1_825' title='bbox 2942 4833 3096 4905; x_wconf 75' lang='grc' dir='ltr'><strong>γάλα.</strong></span> <span class='ocrx_word' id='word_1_826' title='bbox 3140 4833 3223 4887; x_wconf 64' lang='grc' dir='ltr'><strong>’Τὸ</strong></span> <span class='ocrx_word' id='word_1_827' title='bbox 3258 4833 3457 4906; x_wconf 62' lang='grc' dir='ltr'><strong>πνεῦμά</strong></span> <span class='ocrx_word' id='word_1_828' title='bbox 3499 4854 3597 4888; x_wconf 85' lang='grc' dir='ltr'><strong>σου</strong></span> <span class='ocrx_word' id='word_1_829' title='bbox 3660 4847 3754 4888; x_wconf 67' lang='grc' dir='ltr'><strong>νῦν</strong></span> <span class='ocrx_word' id='word_1_830' title='bbox 3810 4841 3875 4887; x_wconf 52' lang='grc' dir='ltr'><strong>αι-</strong></span> 
     </span>
    </p>
   </div>
   <div class='ocr_carea' id='block_1_118' title="bbox 2287 4905 3872 4980">
    <p class='ocr_par' dir='ltr' id='par_1_118' title="bbox 2287 4905 3872 4980">
     <span class='ocr_line' id='line_1_119' title="bbox 2287 4905 3872 4980; baseline -0.001 -25"><span class='ocrx_word' id='word_1_831' title='bbox 2287 4909 2368 4965; x_wconf 86' lang='grc' dir='ltr'><strong>τὸς</strong></span> <span class='ocrx_word' id='word_1_832' title='bbox 2445 4905 2837 4976; x_wconf 34' lang='grc' dir='ltr'><strong>ἠγκαλλσμέν-ος,</strong></span> <span class='ocrx_word' id='word_1_833' title='bbox 2910 4909 2979 4957; x_wconf 91' lang='grc' dir='ltr'><strong>Τό</strong></span> <span class='ocrx_word' id='word_1_834' title='bbox 3071 4914 3224 4980; x_wconf 80' lang='grc' dir='ltr'><strong>σῶμα</strong></span> <span class='ocrx_word' id='word_1_835' title='bbox 3269 4905 3453 4978; x_wconf 77' lang='grc' dir='ltr'><strong>πέμπω</strong></span> <span class='ocrx_word' id='word_1_836' title='bbox 3513 4912 3650 4980; x_wconf 86' lang='grc' dir='ltr'><strong>πρός</strong></span> <span class='ocrx_word' id='word_1_837' title='bbox 3712 4915 3872 4980; x_wconf 53' lang='grc' dir='ltr'><strong>τρνξξς</strong></span> 
     </span>
    </p>
   </div>
   <div class='ocr_carea' id='block_1_119' title="bbox 2286 4965 3874 5065">
    <p class='ocr_par' dir='ltr' id='par_1_119' title="bbox 2286 4965 3874 5065">
     <span class='ocr_line' id='line_1_120' title="bbox 2286 4965 3874 5065; baseline -0.001 -37"><span class='ocrx_word' id='word_1_838' title='bbox 2286 4980 2344 5028; x_wconf 86' lang='grc' dir='ltr'><strong>τό</strong></span> <span class='ocrx_word' id='word_1_839' title='bbox 2378 4965 2593 5065; x_wconf 74' lang='grc' dir='ltr'><strong>χωρίον.</strong></span> <span class='ocrx_word' id='word_1_840' title='bbox 2628 4965 2686 5015; x_wconf 52' lang='lat'><strong>-—&#39;</strong></span> <span class='ocrx_word' id='word_1_841' title='bbox 2713 4979 2786 5048; x_wconf 83' lang='grc' dir='ltr'><strong>γ’.</strong></span> <span class='ocrx_word' id='word_1_842' title='bbox 2822 4982 2919 5034; x_wconf 82' lang='grc' dir='ltr'><strong>Γῆν</strong></span> <span class='ocrx_word' id='word_1_843' title='bbox 2951 4981 3004 5029; x_wconf 78' lang='grc' dir='ltr'><strong>ἐκ</strong></span> <span class='ocrx_word' id='word_1_844' title='bbox 3042 4965 3200 5028; x_wconf 75' lang='grc' dir='ltr'><strong>πόλου</strong></span> <span class='ocrx_word' id='word_1_845' title='bbox 3233 4965 3343 5048; x_wconf 61' lang='grc' dir='ltr'><strong>μοι,</strong></span> <span class='ocrx_word' id='word_1_846' title='bbox 3391 4984 3494 5048; x_wconf 80' lang='grc' dir='ltr'><strong>γῆς</strong></span> <span class='ocrx_word' id='word_1_847' title='bbox 3680 4965 3768 5031; x_wconf 73' lang='grc' dir='ltr'><strong>σοί</strong></span> <span class='ocrx_word' id='word_1_848' title='bbox 3813 4971 3874 5028; x_wconf 54' lang='lat' dir='ltr'><strong>Es.-</strong></span> 
     </span>
     <span class='ocr_line' id='line_1_121' title="bbox 2339 5044 3209 5065; baseline 0 0"><span class='ocrx_word' id='word_1_849' title='bbox 2339 5047 2374 5065; x_wconf 55' lang='grc' dir='ltr'><strong>’Ν</strong></span> <span class='ocrx_word' id='word_1_850' title='bbox 2481 5053 2496 5065; x_wconf 74' lang='grc' dir='ltr'><strong>π</strong></span> <span class='ocrx_word' id='word_1_851' title='bbox 2519 5044 2540 5065; x_wconf 71' lang='grc' dir='ltr'><strong>ιι</strong></span> <span class='ocrx_word' id='word_1_852' title='bbox 2585 5052 2593 5062; x_wconf 73' lang='grc' dir='ltr'><strong>ι</strong></span> <span class='ocrx_word' id='word_1_853' title='bbox 2665 5049 2705 5065; x_wconf 77' lang='grc' dir='ltr'><strong>ιΛ</strong></span> <span class='ocrx_word' id='word_1_854' title='bbox 2908 5056 2926 5065; x_wconf 70' lang='grc'><strong>-</strong></span> <span class='ocrx_word' id='word_1_855' title='bbox 3158 5050 3209 5065; x_wconf 70' lang='lat' dir='ltr'><strong>At</strong></span> 
     </span>
    </p>
   </div>
   <div class='ocr_carea' id='block_1_120' title="bbox 2287 5044 3282 5120">
    <p class='ocr_par' dir='ltr' id='par_1_120' title="bbox 2287 5044 3282 5120">
     <span class='ocr_line' id='line_1_122' title="bbox 2287 5044 3282 5120; baseline 0.001 -21"><span class='ocrx_word' id='word_1_856' title='bbox 2287 5044 2439 5099; x_wconf 81' lang='grc' dir='ltr'><strong>πόλον</strong></span> <span class='ocrx_word' id='word_1_857' title='bbox 2460 5044 2603 5099; x_wconf 73' lang='grc' dir='ltr'><strong>Ἰδοὺ</strong></span> <span class='ocrx_word' id='word_1_858' title='bbox 2627 5044 2824 5120; x_wconf 66' lang='grc' dir='ltr'><strong>τίθὴμι,</strong></span> <span class='ocrx_word' id='word_1_859' title='bbox 2859 5056 3020 5119; x_wconf 77' lang='grc' dir='ltr'><strong>μῆτερ</strong></span> <span class='ocrx_word' id='word_1_860' title='bbox 3044 5044 3282 5120; x_wconf 73' lang='grc' dir='ltr'><strong>παρθένε.</strong></span> 
     </span>
    </p>
   </div>
   <div class='ocr_carea' id='block_1_121' title="bbox 2359 5117 3860 5187">
    <p class='ocr_par' dir='ltr' id='par_1_121' title="bbox 2359 5117 3860 5187">
     <span class='ocr_line' id='line_1_123' title="bbox 2359 5117 3860 5187; baseline 0 -15"><span class='ocrx_word' id='word_1_861' title='bbox 2359 5118 2436 5186; x_wconf 85' lang='grc'><strong>(1)</strong></span> <span class='ocrx_word' id='word_1_862' title='bbox 2462 5117 3078 5175; x_wconf 83' lang='lat' dir='ltr'><strong>Poteruntadmoveri.</strong></span> <span class='ocrx_word' id='word_1_863' title='bbox 3109 5117 3155 5174; x_wconf 84' lang='lat' dir='ltr'><strong>si</strong></span> <span class='ocrx_word' id='word_1_864' title='bbox 3182 5119 3324 5174; x_wconf 87' lang='lat' dir='ltr'><strong>tanti</strong></span> <span class='ocrx_word' id='word_1_865' title='bbox 3348 5125 3452 5187; x_wconf 89' lang='lat' dir='ltr'><strong>est,</strong></span> <span class='ocrx_word' id='word_1_866' title='bbox 3482 5119 3753 5176; x_wconf 85' lang='lat' dir='ltr'><strong>Joannis</strong></span> <span class='ocrx_word' id='word_1_867' title='bbox 3783 5123 3860 5176; x_wconf 79' lang='lat' dir='ltr'><strong>Dis</strong></span> 
     </span>
    </p>
   </div>
   <div class='ocr_carea' id='block_1_122' title="bbox 2289 5189 3872 5260">
    <p class='ocr_par' dir='ltr' id='par_1_122' title="bbox 2289 5189 3872 5260">
     <span class='ocr_line' id='line_1_124' title="bbox 2289 5189 3872 5260; baseline 0 -16"><span class='ocrx_word' id='word_1_868' title='bbox 2289 5189 2420 5244; x_wconf 91' lang='lat' dir='ltr'><strong>coni</strong></span> <span class='ocrx_word' id='word_1_869' title='bbox 2448 5189 2670 5243; x_wconf 84' lang='lat' dir='ltr'><strong>similes</strong></span> <span class='ocrx_word' id='word_1_870' title='bbox 2691 5189 3038 5260; x_wconf 69' lang='lat' dir='ltr'><strong>hyperbolaa</strong></span> <span class='ocrx_word' id='word_1_871' title='bbox 3057 5207 3129 5245; x_wconf 84' lang='lat' dir='ltr'><strong>ex</strong></span> <span class='ocrx_word' id='word_1_872' title='bbox 3154 5191 3313 5245; x_wconf 91' lang='lat' dir='ltr'><strong>initio</strong></span> <span class='ocrx_word' id='word_1_873' title='bbox 3333 5190 3714 5248; x_wconf 88' lang='lat' dir='ltr'><strong>laudationis</strong></span> <span class='ocrx_word' id='word_1_874' title='bbox 3733 5195 3872 5248; x_wconf 79' lang='lat' dir='ltr'><strong>Joan-</strong></span> 
     </span>
    </p>
   </div>
   <div class='ocr_carea' id='block_1_123' title="bbox 2289 5260 3386 5330">
    <p class='ocr_par' dir='ltr' id='par_1_123' title="bbox 2289 5260 3386 5330">
     <span class='ocr_line' id='line_1_125' title="bbox 2289 5260 3386 5330; baseline -0.002 -14"><span class='ocrx_word' id='word_1_875' title='bbox 2289 5261 2378 5316; x_wconf 88' lang='lat' dir='ltr'><strong>nis</strong></span> <span class='ocrx_word' id='word_1_876' title='bbox 2419 5260 2728 5329; x_wconf 71' lang='lat' dir='ltr'><strong>Palaeologi</strong></span> <span class='ocrx_word' id='word_1_877' title='bbox 2757 5261 2930 5328; x_wconf 84' lang='lat' dir='ltr'><strong>(Vide</strong></span> <span class='ocrx_word' id='word_1_878' title='bbox 2957 5267 3096 5330; x_wconf 85' lang='lat' dir='ltr'><strong>tom.</strong></span> <span class='ocrx_word' id='word_1_879' title='bbox 3130 5262 3386 5330; x_wconf 78' lang='lat' dir='ltr'><strong>CLVIII).</strong></span> 
     </span>
    </p>
   </div>
   <div class='ocr_carea' id='block_1_124' title="bbox 2358 5329 3872 5404">
    <p class='ocr_par' dir='ltr' id='par_1_124' title="bbox 2358 5329 3872 5404">
     <span class='ocr_line' id='line_1_126' title="bbox 2358 5329 3872 5404; baseline -0.001 -20"><span class='ocrx_word' id='word_1_880' title='bbox 2358 5331 2436 5400; x_wconf 74' lang='lat'><strong>(&#39;2)</strong></span> <span class='ocrx_word' id='word_1_881' title='bbox 2465 5333 2670 5385; x_wconf 84' lang='lat' dir='ltr'><strong>Genes.</strong></span> <span class='ocrx_word' id='word_1_882' title='bbox 2732 5348 2804 5398; x_wconf 75' lang='lat' dir='ltr'><strong>XI,</strong></span> <span class='ocrx_word' id='word_1_883' title='bbox 2866 5338 2881 5385; x_wconf 74' lang='lat' dir='ltr'><strong>i</strong></span> <span class='ocrx_word' id='word_1_884' title='bbox 2951 5349 2963 5386; x_wconf 87' lang='lat'>:</span> <span class='ocrx_word' id='word_1_885' title='bbox 3003 5329 3063 5390; x_wconf 75' lang='grc' dir='ltr'><strong>ἦν</strong></span> <span class='ocrx_word' id='word_1_886' title='bbox 3110 5339 3258 5385; x_wconf 77' lang='grc' dir='ltr'><strong>πᾶσα</strong></span> <span class='ocrx_word' id='word_1_887' title='bbox 3305 5329 3358 5391; x_wconf 56' lang='grc' dir='ltr'><em>ἢ</em></span> <span class='ocrx_word' id='word_1_888' title='bbox 3391 5340 3455 5403; x_wconf 77' lang='grc' dir='ltr'><strong>γῆ</strong></span> <span class='ocrx_word' id='word_1_889' title='bbox 3515 5334 3710 5404; x_wconf 76' lang='grc' dir='ltr'><strong>χεῖλος</strong></span> <span class='ocrx_word' id='word_1_890' title='bbox 3740 5336 3872 5388; x_wconf 61' lang='lat' dir='ltr'><strong>Ern:</strong></span> 
     </span>
    </p>
   </div>
   <div class='ocr_carea' id='block_1_125' title="bbox 2289 5407 3208 5473">
    <p class='ocr_par' dir='ltr' id='par_1_125' title="bbox 2289 5407 3208 5473">
     <span class='ocr_line' id='line_1_127' title="bbox 2289 5407 3208 5473; baseline 0.002 -23"><span class='ocrx_word' id='word_1_891' title='bbox 2289 5407 2426 5473; x_wconf 72' lang='grc' dir='ltr'><strong>φωνὴ</strong></span> <span class='ocrx_word' id='word_1_892' title='bbox 2451 5407 2548 5473; x_wconf 77' lang='grc' dir='ltr'><strong>μία</strong></span> <span class='ocrx_word' id='word_1_893' title='bbox 2571 5408 2724 5458; x_wconf 77' lang='grc' dir='ltr'><strong>πᾶσι,</strong></span> <span class='ocrx_word' id='word_1_894' title='bbox 3205 5429 3208 5432; x_wconf 92' lang='grc'>·</span> 
     </span>
    </p>
   </div>
   <div class='ocr_carea' id='block_1_126' title="bbox 2359 5474 3873 5543">
    <p class='ocr_par' dir='ltr' id='par_1_126' title="bbox 2359 5474 3873 5543">
     <span class='ocr_line' id='line_1_128' title="bbox 2359 5474 3873 5543; baseline -0.003 -15"><span class='ocrx_word' id='word_1_895' title='bbox 2359 5474 2436 5543; x_wconf 89' lang='grc'><strong>(3)</strong></span> <span class='ocrx_word' id='word_1_896' title='bbox 2462 5479 2668 5528; x_wconf 59' lang='lat' dir='ltr'><strong>lienes.</strong></span> <span class='ocrx_word' id='word_1_897' title='bbox 2720 5488 2776 5542; x_wconf 82' lang='lat' dir='ltr'><strong>ll,</strong></span> <span class='ocrx_word' id='word_1_898' title='bbox 2830 5479 2860 5527; x_wconf 91' lang='lat'><strong>7</strong></span> <span class='ocrx_word' id='word_1_899' title='bbox 2925 5492 2938 5541; x_wconf 90' lang='lat'><strong>;</strong></span> <span class='ocrx_word' id='word_1_900' title='bbox 2997 5474 3211 5526; x_wconf 78' lang='grc' dir='ltr'><strong>ἔπλασεν</strong></span> <span class='ocrx_word' id='word_1_901' title='bbox 3275 5477 3302 5526; x_wconf 93' lang='lat'><strong>6</strong></span> <span class='ocrx_word' id='word_1_902' title='bbox 3371 5478 3503 5536; x_wconf 82' lang='grc' dir='ltr'><strong>Θεὸς</strong></span> <span class='ocrx_word' id='word_1_903' title='bbox 3572 5480 3667 5528; x_wconf 79' lang='grc' dir='ltr'><strong>τόν</strong></span> <span class='ocrx_word' id='word_1_904' title='bbox 3707 5480 3873 5529; x_wconf 73' lang='grc' dir='ltr'><strong>ᾶνῦεν-</strong></span> 
     </span>
    </p>
   </div>
   <div class='ocr_carea' id='block_1_127' title="bbox 2289 5544 2854 5611">
    <p class='ocr_par' dir='ltr' id='par_1_127' title="bbox 2289 5544 2854 5611">
     <span class='ocr_line' id='line_1_129' title="bbox 2289 5544 2854 5611; baseline 0.004 -16"><span class='ocrx_word' id='word_1_905' title='bbox 2289 5563 2402 5595; x_wconf 89' lang='grc' dir='ltr'><strong>πον.</strong></span> <span class='ocrx_word' id='word_1_906' title='bbox 2444 5544 2581 5598; x_wconf 84' lang='lat' dir='ltr'><strong>Vide</strong></span> <span class='ocrx_word' id='word_1_907' title='bbox 2611 5550 2667 5597; x_wconf 83' lang='lat' dir='ltr'><strong>et</strong></span> <span class='ocrx_word' id='word_1_908' title='bbox 2703 5546 2854 5611; x_wconf 77' lang='lat'><strong>1,27.</strong></span> 
     </span>
    </p>
   </div>
   <div class='ocr_carea' id='block_1_128' title="bbox 2358 5613 3867 5688">
    <p class='ocr_par' dir='ltr' id='par_1_128' title="bbox 2358 5613 3867 5688">
     <span class='ocr_line' id='line_1_130' title="bbox 2358 5613 3867 5688; baseline -0.001 -19"><span class='ocrx_word' id='word_1_909' title='bbox 2358 5616 2432 5682; x_wconf 74' lang='grc'><strong>(4)</strong></span> <span class='ocrx_word' id='word_1_910' title='bbox 2453 5618 2515 5670; x_wconf 92' lang='lat' dir='ltr'><strong>ln</strong></span> <span class='ocrx_word' id='word_1_911' title='bbox 2547 5613 2741 5669; x_wconf 86' lang='lat' dir='ltr'><strong>Bibliis</strong></span> <span class='ocrx_word' id='word_1_912' title='bbox 2759 5630 2879 5670; x_wconf 91' lang='lat' dir='ltr'><strong>non</strong></span> <span class='ocrx_word' id='word_1_913' title='bbox 2906 5615 3090 5673; x_wconf 88' lang='lat' dir='ltr'><strong>semel</strong></span> <span class='ocrx_word' id='word_1_914' title='bbox 3109 5615 3430 5688; x_wconf 89' lang='lat' dir='ltr'><strong>paradisus</strong></span> <span class='ocrx_word' id='word_1_915' title='bbox 3445 5617 3672 5674; x_wconf 86' lang='lat' dir='ltr'><strong>dicitur</strong></span> <span class='ocrx_word' id='word_1_916' title='bbox 3689 5621 3715 5671; x_wconf 87' lang='grc' dir='ltr'><strong>ό</strong></span> <span class='ocrx_word' id='word_1_917' title='bbox 3735 5637 3867 5688; x_wconf 64' lang='grc' dir='ltr'><strong>παρι-</strong></span> 
     </span>
    </p>
   </div>
   <div class='ocr_carea' id='block_1_129' title="bbox 2290 5682 2818 5761">
    <p class='ocr_par' dir='ltr' id='par_1_129' title="bbox 2290 5682 2818 5761">
     <span class='ocr_line' id='line_1_131' title="bbox 2290 5682 2818 5761; baseline 0 -19"><span class='ocrx_word' id='word_1_918' title='bbox 2290 5682 2465 5748; x_wconf 73' lang='grc' dir='ltr'><strong>δεισος</strong></span> <span class='ocrx_word' id='word_1_919' title='bbox 2491 5694 2582 5746; x_wconf 83' lang='grc' dir='ltr'><strong>τῆς</strong></span> <span class='ocrx_word' id='word_1_920' title='bbox 2599 5693 2818 5761; x_wconf 72' lang='grc' dir='ltr'><strong>τρυφῆς.</strong></span> 
     </span>
    </p>
   </div>
  </div>
