3934 6322
67 403 194 460 1501

1124 403 1215 461 DE
1252 400 1469 460 FESTO
1510 391 1960 464 DORMITIONIS
2021 392 2077 448 S.
2124 393 2384 449 MARIE.

3287 387 3306 439 ι
3320 385 3423 470 so;

65 531 148 580 καὶ
182 530 385 600 στρέφει
466 525 618 578 πάλιν
686 527 753 588 εἰς
807 534 907 599 γῆν
957 529 1250 602 συντριϐεὶς
1296 536 1359 600 τῇ
1403 525 1655 598 ἁμαρτίᾳ,

1828 521 2015 587 ropter
2038 516 2204 589 quod
2232 515 2460 572 meliori
2489 513 2647 570 bono
2666 510 2844 584 potiri
2866 510 2926 568 in
2958 509 3303 581 proximum
3321 507 3424 564 ha-

65 614 183 685 μὴθ’
237 615 356 689 ὅπερ
412 610 472 672 ἦν
544 613 792 686 φυλάξας,
852 621 985 688 μήτε
1034 621 1302 690 γενόμενος
1344 618 1474 688 πρὸς
1523 613 1548 664 ὃ
1590 608 1656 669 δὴ

65 709 288 775 κρεῖττον
371 707 460 756 καὶ
549 703 864 782 ὑψηλότερον
953 703 1461 780 παιδαγωγοὺμενος
1543 701 1661 756 ἐκα-

67 799 220 848 λεῖτο.

135 974 236 1022 Καὶ
286 972 312 1022 ὁ
389 973 479 1042 μὲν
547 971 711 1034 οὕτως
782 973 990 1040 ὤλισθε,
1074 982 1207 1035 Θεοῦ
1249 978 1482 1034 καὶτῆς
1523 974 1662 1033 θείας

64 1059 333 1112 ἀποπεσὼν
370 1064 558 1136 μοίρας
586 1082 598 1094 ·
633 1063 659 1112 ὁ
713 1058 766 1114 δ’
810 1059 962 1125 αὖθις
1009 1063 1249 1136 βούλεται
1299 1066 1426 1135 πρὸς
1481 1061 1662 1114 ἑαυτὸν

62 1149 290 1205 ε’λκῦσαι,
340 1149 584 1210 Βούλεται
638 1158 813 1220 τοῦτο,
856 1159 942 1205 xui
1003 1161 1186 1207 σκοπεί
1234 1161 1325 1215 τῆς
1377 1151 1661 1224 φιλανθρω-

62 1243 185 1300 πίας
240 1242 297 1292 τὸ
352 1242 588 1311 μέγεθος.
645 1239 854 1294 Ἑαυτὸν
912 1243 1025 1295 ὅλον
1083 1243 1154 1305 εἰς
1197 1245 1353 1315 ,ἡμᾶς
1394 1241 1488 1293 ούκ
1531 1239 1661 1291 ἀπα-

64 1327 162 1390 ξιοῖ
199 1336 420 1380 κενῶσαι
467 1328 568 1399 (1),
614 1334 706 1382 καί
756 1349 814 1402 γε
861 1330 1154 1403 βαστάσαι,
1190 1335 1530 1391 πεπτωκότας
1573 1335 1661 1380 καὶ

64 1416 371 1488 προσλαϐεῖν
439 1422 718 1491 κειμένους,
794 1420 889 1472 ούκ
967 1421 1038 1484 εἰς
1113 1423 1234 1494 ὅπερ
1289 1417 1415 1493 ἦμεν
1488 1423 1660 1491 μόνον,

66 1505 192 1556 ἀλλὰ
261 1510 349 1558 καὶ
412 1510 546 1580 πρὸς
610 1507 637 1560 ὃ
681 1513 958 1583 παρήγαγε
1005 1509 1205 1571 πλάσας
1258 1509 1411 1570 αὖθις
1459 1507 1662 1561 ἁνασώ-

67 1595 186 1659 ζων,
265 1599 452 1667 μηκέτι
521 1601 654 1668 μήτε
739 1601 884 1672 παρὰ
951 1606 1042 1651 τοῦ
1108 1602 1414 1671 φθονοῦντος
1457 1595 1664 1650 επιϐου-

62 1682 380 1755 λευομένους,
451 1689 584 1756 μήτε
658 1691 962 1754 πίπτοντας,
1018 1688 1143 1760 μήτ’
1201 1685 1351 1750 αὖθις
1409 1685 1661 1758 ἀχρείου·-

57 1777 210 1844 μένου
219 1793 260 1835 ς.

1769 605 1953 662 bebat
1985 623 1997 660 :
2029 612 2086 661 et
2121 621 2356 660 rursum
2379 605 2670 662 interram
2697 613 3027 656 conversus
3063 600 3152 654 est
3188 596 3422 652 attritus

1769 699 2016 766 peccato
2042 713 2055 763 ;
2081 709 2274 766 neque
2344 691 2507 765 quod
2545 693 2672 745 erat
2705 685 3050 747 custodiens
3105 701 3304 757 neque
3345 685 3426 760 ad

1769 783 1884 839 hoc
1908 783 2121 839 melius
2157 786 2384 838 erectus
2402 781 2478 836 ad
2495 778 2663 852 quod
2698 777 3101 833 instruebatur
3154 777 3211 829 et
3237 788 3425 829 voca-

1769 873 1968 930 batur.

1843 961 1937 1018 llle
1966 978 2108 1017 vero
2143 962 2226 1016 sic
2253 958 2526 1015 titubavit
2561 962 2626 1013 ut
2660 972 2695 1012 a
2735 959 2849 1011 Deo
2887 959 2942 1010 et
2977 970 3014 1010 a
3049 951 3254 1008 divina
3305 951 3426 1008 feli-

1771 1051 1942 1106 citate
1977 1050 2267 1105 excideret
2304 1067 2318 1117 ;
2352 1047 2460 1102 sed
2488 1048 2700 1102 iterum
2738 1044 2816 1100 ad
2866 1046 3050 1098 Deum
3110 1057 3425 1110 assurgere

1772 1139 1986 1195 studet.
2028 1139 2234 1195 Studet
2270 1143 2468 1193 autem
2529 1152 2666 1192 cum
2716 1133 2997 1190 bonitatis
3051 1130 3424 1188 altitudinem

1771 1227 2058 1295 recogitet
2076 1227 2203 1297 ejus
2231 1227 2333 1298 qui
2360 1227 2622 1297 seipsum
2655 1222 2903 1278 omnino
2936 1236 3040 1292 pro
3099 1219 3274 1275 nobis
3305 1219 3423 1274 exi-

1769 1319 2044 1382 naniens,
2073 1324 2133 1372 ut
2171 1317 2484 1371 sustineret
2527 1314 2732 1386 lapsos
2781 1317 2838 1368 et
2878 1314 3206 1364 assumeret
3232 1308 3424 1377 erige-

1769 1411 1977 1478 retque
2002 1405 2080 1462 ad
2107 1420 2169 1460 se
2192 1404 2529 1476 prolapsos,
2556 1417 2679 1457 non
2727 1399 2923 1454 solum
2959 1397 3217 1453 reddens
3259 1395 3425 1468 quod

1770 1500 1949 1552 antea
1974 1510 2232 1560 eramus,
2275 1492 2380 1547 sed
2415 1491 2493 1546 ad
2522 1489 2688 1561 quod
2734 1503 2847 1544 nos
2900 1485 3180 1558 perduxit
3209 1486 3424 1540 iterum

1770 1582 2064 1638 salvando
2091 1580 2448 1646 reformans,
2480 1582 2546 1634 ut
2568 1593 2762 1649 neque
2792 1575 2870 1632 ab
2890 1574 3068 1630 invidi
3092 1573 3278 1628 hostis
3299 1588 3424 1627 ma-

1771 1671 2212 1726 chinationibus
2262 1683 2632 1740 caperemus,
2666 1681 2860 1737 neque
2891 1664 3104 1722 iterum
3153 1676 3425 1733 peccare-

1772 1777 1928 1830 mus,
1959 1777 2153 1832 neque
2183 1760 2383 1814 denuo
2422 1757 2652 1828 absque
2683 1753 2965 1809 fructibus
2999 1767 3293 1808 essemus.

128 1870 307 1916 Ταῦτα
392 1866 525 1924 Θεὸς
592 1861 856 1935 βούλεται,
938 1871 1028 1918 καὶ
1103 1870 1234 1940 πρὸς
1297 1866 1460 1923 αὐτὴν
1514 1863 1661 1924 εὐθὺς

1845 1851 1975 1905 Haec
1995 1849 2207 1905 eadem
2238 1846 2399 1918 cupit
2434 1850 2604 1906 Deus.
2639 1849 2696 1900 et
2723 1859 2830 1914 per
2860 1842 3107 1914 antiqua
3153 1845 3426 1911 tempora

58 1951 238 2023 βλέπει
307 1956 401 2010 τὴν
447 1951 557 2018 ,ἐπ’
615 1951 858 2024 ἐσχάτων
902 1963 1001 2006 τῶν
1063 1960 1264 2026 χρόνων
1316 1954 1502 2006 ἑαυτοῦ
1548 1959 1662 2012 Μη-

55 2044 196 2114 τὲρα,
255 2045 374 2115 πρὶν
427 2042 456 2100 ἡ
511 2046 601 2094 καὶ
659 2045 748 2094 τόν
803 2042 914 2096 ὅλον
963 2052 1280 2116 παραγαγεῖν
1314 2049 1510 2114 κόσμον
1561 2041 1660 2094 ἀπὸ

51 2138 235 2181 πασῶν
264 2129 429 2199 ἐαυτῷ
466 2138 649 2201 γενεῶν
699 2130 920 2194 ἐκλέξας.
978 2137 1073 2184 Καὶ
1131 2137 1331 2203 γίνεται
1378 2128 1446 2189 δή
1506 2138 1661 2183 τοῦτο

54 2225 189 2270 Θεοῦ
268 2223 558 2294 μυστήριον
636 2223 736 2282 πρὸ
789 2222 963 2280 πάσης
1014 2226 1248 2288 κτίσεως,
1299 2221 1477 2286 εἰπεῖν,
1537 2218 1662 2271 ἀπο-

51 2313 399 2380 κεκρυμμένον
461 2329 473 2341 ·
522 2304 654 2377 εἶτα,

55 2397 215 2456 σκιὰς
267 2395 546 2468 λαμϐάνον,
623 2401 780 2460 σώζει
831 2396 1118 2464 κάνταῦθα,
1168 2401 1285 2452 ὅποι
1342 2395 1584 2456 δηλονότι
1635 2398 1661 2448 ὁ

51 2487 219 2544 τύπος
273 2485 353 2556 (2)
433 2485 598 2537 αὑτοῦ
665 2487 693 2545 ᾖ
764 2489 891 2539 σκιὰ
941 2483 1295 2561 παρεδείχθη.
1347 2490 1445 2540 Καὶ
1503 2483 1660 2544 δῆλον

52 2581 210 2626 τοῦτο
228 2583 474 2646 πανταχῆ
521 2593 717 2628 σκοπου
721 2580 875 2648 μένῳ.

732 2311 869 2361 κατὰ
937 2307 1147 2381 γενεὰς
1191 2313 1508 2380 τυπούμενον
1570 2312 1662 2359 καὶ

127 2751 406 2804 Δουλοῦται
444 2753 521 2822 (3)
575 2754 664 2824 μὲν
725 2754 825 2825 γὰρ
878 2751 952 2815 εἰς
995 2756 1255 2824 Αἴγυπτον
1311 2753 1526 2825 Ἰσραὴλ
1572 2756 1662 2805 καὶ

51 2841 156 2893 ὑπὸ
208 2845 392 2913 Φαραὼ
464 2848 789 2915 τυραννεῑται
864 2849 1072 2917 πικροῖς
1149 2841 1446 2914 ἐκπιεσμοίς
1497 2861 1660 2914 προσ-

48 2929 412 3001 ταλαιπωρῶν,
491 2935 580 2982 καὶ⁵
657 2934 1106 3002 καταπονούμενος
1181 2931 1280 2982 ύπό
1362 2929 1662 3002 βαρύτητος

49 3019 238 3090 ἔργων,
290 3022 380 3069 καί
425 3037 485 3089 γε
531 3021 660 3093 πρὸς
723 3019 856 3072 αὐτὰ
911 3017 976 3077 δὴ
1027 3027 1188 3072 ταῦτα
1241 3023 1660 3091 κατασυρόμενος

45 3107 152 3156 ὅσα
192 3110 282 3157 καὶ
324 3105 500 3174 βίϐλοι
551 3110 765 3180 φέρουσι
821 3112 908 3159 καὶ
979 3110 1210 3182 ἱστορίαι
1255 3107 1487 3175 παλαιῶν
1543 3111 1660 3178 περὶ

49 3193 280 3254 ἐκείνου,
315 3191 659 3267 διηγημάτων
702 3217 714 3228 ·
789 3195 1040 3270 ἐγείρεται
1101 3193 1162 3249 δὲ
1218 3204 1434 3262 Μωσῆς,
1495 3195 1659 3258 ζηλῶν

47 3284 183 3355 ὑπὲρ
264 3291 364 3336 τῶν
440 3288 778 3357 πασχόντων,
863 3289 953 3336 καὶ
1000 3287 1174 3355 φεύγει
1229 3288 1318 3356 μὲν
1375 3288 1656 3355 Αἴγυπτον,

559 3380 692 3441 Θεῷ.
779 3371 995 3426 κακεῖνο
1063 3372 1240 3444 βλέπει
1283 3377 1341 3424 τὸ
1390 3376 1524 3445 μὲγα
1570 3375 1660 3424 καὶ

51 3463 361 3532 θαυμαστὸν
418 3463 591 3534 ὅραμα
634 3461 714 3533 (4)
788 3469 892 3534 πῦρ
933 3462 983 3514 ἐν
1035 3470 1097 3535 τῇ
1150 3461 1316 3533 βάτῳ,
1363 3470 1467 3536 πῦρ
1517 3468 1663 3518 καῖον

49 3552 149 3600 καὶ
187 3545 448 3620 μηδαμῶς
487 3555 770 3602 κατακαίον
812 3551 911 3619 (5),
972 3552 1048 3602 ὃτι
1104 3546 1233 3622 μηδ’
1284 3550 1499 3623 ὕστερον
1553 3550 1578 3601 ὁ
1610 3548 1665 3600 ἐκ

48 3379 365 3444 προσχωρεῑ
423 3369 482 3424 δὲ

48 3641 253 3697 ταύτης
330 3636 554 3699 καλέσας
630 3638 783 3690 αὐτὸν
830 3640 925 3708 (6),

51 3728 176 3791 οὔτε
255 3726 572 3798 κατέφλεξεν,
639 3727 745 3780 οὔτ’

1021 3639 1195 3691 εἰσιὼν
1246 3644 1338 3698 τὴν
1391 3641 1640 3712 παρθένον
1651 3681 1663 3702 ,

829 3723 978 3780 οὐδὲν
1063 3725 1310 3800 οὐδαμῶς
1352 3727 1665 3800 ἐλυμήνατο.

47 3822 238 3868 Ταῦτα
273 3821 467 3877 Μωσῆς
495 3821 628 3879 τότε,
657 3821 747 3871 καὶ
777 3823 956 3869 πατεῖν
992 3825 1092 3888 γῆν
1119 3817 1271 3888 ἁγίαν
1313 3817 1466 3886 ἁγίαν
1516 3816 1666 3878 εὐθὺς

48 3903 256 3972 ἀκούει,
307 3909 396 3958 καὶ
452 3907 516 3956 τὰ
569 3902 886 3977 ὑποδήματα
925 3913 1038 3966 ,τῶν
1091 3902 1270 3958 ποδῶν
1316 3905 1476 3956 λῦσαι
1541 3906 1617 3976 (7)
1649 3926 1660 3937 ο

47 3998 147 4045 καὶ
197 3991 306 4044 λύει
373 3997 462 4044 καὶ
517 3992 843 4051 ἀποτίθεται.
909 3998 1057 4056 Τίνος
1107 3997 1269 4067 χάριν
1302 4010 1316 4060 ;
1347 3992 1468 4045 Ὀτι
1526 3989 1665 4065 μηδὲ

46 4084 199 4154 θέμις
250 4084 380 4142 ἴσως
451 4086 626 4156 νεκρὸν
703 4079 855 4135 οὐδὲν
929 4081 1032 4135 ἐκεῖ
1105 4082 1312 4153 ψαύειν,
1363 4083 1481 4134 ὅποι
1531 4089 1664 4133 Θεοῦ

42 4173 342 4242 παρουσία,
384 4174 474 4222 καὶ
531 4173 689 4231 τύπος
740 4167 898 4242 Ἐδὲμ
930 4179 1025 4231 τῆς
1070 4170 1354 4243 ἀφθάρτου,
1415 4173 1545 4243 πρὸς
1603 4169 1663 4228 ἣν

42 4261 70 4311 ὁ
165 4262 286 4311 τότε
358 4262 528 4329 φανεὶς
609 4261 749 4331 ἡμᾶς
808 4255 953 4320 αὖθις
1019 4260 1303 4312 εἰσοικίσαι
1354 4261 1660 4332 προμηνύει,

41 4353 143 4400 καὶ
191 4349 258 4399 τὰ
288 4347 528 4418 σύμϐολα
585 4345 812 4402 δίδωσιν
865 4370 877 4382 ο

39 4437 384 4510 προστάσσει
453 4443 556 4498 πᾶς
638 4439 758 4490 ὅσον
835 4436 890 4500 ἐξ
945 4438 1199 4510 ἁμαρτίας
1257 4435 1510 4512 βοήθημα
1569 4444 1663 4496 τῆς

935 4349 963 4408 ἦ
1018 4351 1166 4418 τάχα
1207 4353 1296 4400 καὶ
1353 4346 1664 4421 ἁπεῤῥίφθαι

43 4526 308 4588 ἀσθενοῦς
392 4530 586 4599 σαρκός
671 4527 889 4602 ἣρμοσε,
977 4531 1066 4579 καὶ
1132 4530 1252 4588 τοὺς
1302 4529 1526 4598 γυμνούς
1572 4534 1663 4578 τοῦ

42 4616 243 4668 λοιποῦ
279 4615 480 4691 θαῤῥείν
529 4618 664 4688 ἡμᾶς
717 4614 889 4679 πόδας
947 4616 1030 4668 ἐπὶ
1077 4625 1175 4668 τῶν
1225 4619 1379 4688 ὄφεων
1435 4613 1666 4688 βησομέ-

46 4725 175 4764 νους
203 4709 292 4757 καὶ
331 4713 435 4770 ,τῆς
471 4705 697 4777 κεφαλῆς
725 4712 817 4758 τοῦ
867 4701 1150 4780 δράκοντος
1209 4704 1307 4777 (8),
1367 4705 1419 4765 ὃς
1479 4704 1664 4765 αὐτοὺς

43 4794 341 4854 ἀπατήσας
422 4790 702 4852 ύπέδησεν.
765 4790 888 4846 Εἶδε
957 4801 1123 4846 ταῦτα
1178 4799 1372 4852 Μωσῆς
1429 4797 1516 4845 καὶ
1569 4797 1663 4851 τὴν

44 4883 348 4953 ελευθερίαν
411 4881 636 4935 ἐντεῦθεν
724 4882 938 4956 Ἰσραὴλ
1013 4889 1315 4950 πιστοῦται,
1361 4885 1452 4932 καὶ
1506 4880 1662 4956 ἀπέρ-

41 4990 218 5044 χεται
281 4970 479 5045 θυῤῥῶν
552 4979 615 5043 τῇ
680 4968 898 5043 δυνάμει
946 4980 1041 5031 τῆς
1097 4970 1276 5040 ὅψεως,
1351 4972 1663 5041 καταμαθὼν

41 5060 250 5112 ἐκεῖθεν
315 5065 404 5112 καὶ
481 5063 576 5118 τὴν
631 5064 805 5118 κοινὴν
866 5061 1067 5111 πάντων
1126 5057 1411 5130 ἐλευθερίαν
1470 5056 1665 5131 ἀνθρώ-

37 5169 188 5211 πων,
235 5150 302 5210 ὡς
367 5147 468 5201 ἀπὸ
526 5153 712 5224 Φαραώ
769 5145 1073 5222 τυραννίδος
1123 5152 1236 5200 τότε
1287 5150 1375 5199 τὸν
1426 5145 1661 5220 Ἰσραὴλ,

123 5289 203 5360 (Ι)
238 5287 398 5360 Paul.
432 5290 610 5360 Epist.
654 5289 728 5344 ad
775 5288 1030 5360 Philipp.
1081 5305 1138 5360 ιι,
1182 5294 1234 5360 7,
1268 5286 1659 5360 deﬂChristo;

38 5357 279 5442 ’Βαυτὸν
321 5357 802 5442 ἐκένωσεπμορφὴν
853 5357 1041 5412 δούλου
1105 5357 1293 5412 λαϐὼν.
1343 5358 1427 5413 Cf.
1475 5373 1533 5428 p.
1568 5361 1655 5413 50.

127 5431 210 5502 (2)
251 5434 297 5484 A
339 5432 466 5502 sine
497 5431 769 5487 articulo.

129 5498 208 5564 (3)
237 5504 300 5561 Β.
327 5498 600 5560 δηλοῦται.
637 5502 722 5557 Ad
753 5517 878 5556 rem
909 5500 1043 5557 vide
1079 5501 1346 5556 Exodum
1375 5515 1425 5554 c.
1461 5517 1496 5555 I.

63 5577 72 5582 ’
130 5573 210 5640 (4)
263 5574 444 5628 Exod.
500 5589 579 5639 Ill,
635 5577 711 5630 3:
763 5569 884 5625 Εἷπε
931 5568 989 5624 δὲ
1049 5579 1278 5631 Μωυσῆς
1321 5593 1332 5604 ·
1393 5569 1664 5645 Παρελθὼν

40 5645 259 5718 ὄψομαι
298 5648 355 5697 τὸ
387 5646 558 5718 ᾇραμα
583 5647 640 5696 τὸ
671 5647 802 5716 μέγα
847 5651 1018 5698 τοῦτο.

129 5713 208 5789 (5)
244 5713 430 5781 Exod,
462 5713 538 5786 lil,
567 5719 600 5771 2
633 5713 781 5788 ε’ὅρα
809 5717 890 5768 ὅτι
924 5715 950 5766 ὁ
1009 5713 1172 5787 βάτος
1227 5718 1425 5766 καίεται
1487 5717 1614 5792 πυρὶ
1649 5733 1658 5744 -

1769 1939 1829 1993 in
1878 1954 2052 1994 suam
2126 1940 2366 1993 Matrem
2421 1935 2646 1991 directo
2702 1931 2964 2002 respicit,
3016 1929 3241 2000 eligens
3287 1942 3424 1984 eam

1770 2032 2094 2098 antequam
2112 2023 2633 2081 ordinaretorbem
2652 2020 2997 2076 universum
3013 2034 3083 2073 ex
3097 2017 3424 2072 omnnibus

1770 2131 1807 2171 a
1836 2131 1897 2170 se
1927 2116 2137 2170 creatis
2187 2111 2692 2184 generationibus.
2751 2110 2963 2180 Sicque
3003 2104 3284 2178 apparuit
3307 2105 3424 2160 hoc

1773 2205 2118 2276 mysterium
2156 2203 2251 2258 Dei
2283 2207 2418 2256 ante
2437 2216 2680 2256 omnem
2697 2197 3059 2253 creationem
3091 2192 3442 2260 decretum,

1770 2293 1895 2360 sed,
1923 2299 1985 2350 ut
1999 2294 2080 2350 ita
2099 2293 2318 2361 dicam,
2345 2289 2769 2346 absconditum
2793 2306 2806 2342 :
2827 2284 3043 2340 deinde
3064 2282 3422 2339 secumdum

1769 2371 2182 2452 generationes
2212 2379 2536 2450 ﬁguratum
2593 2383 2648 2432 et
2707 2376 2821 2431 sub
2874 2372 3102 2429 umbris
3155 2370 3416 2444 positum

1769 2471 1851 2526 ibi
1883 2471 2136 2526 salutem
2166 2473 2462 2541 operatur,
2492 2465 2595 2523 ubi
2648 2470 2826 2538 typus
2875 2463 3003 2534 ejus
3057 2460 3149 2515 vel
3202 2458 3419 2524 umbra

1768 2561 2053 2634 quaedam
2079 2559 2522 2615 demonstratur
2561 2560 2617 2611 et
2646 2553 2952 2625 accipitur.
3010 2553 3077 2606 Et
3122 2549 3238 2605 hoc
3290 2547 3418 2604 evi-

1768 2649 1976 2704 denter
2002 2648 2164 2704 novit
2193 2647 2294 2718 qui
2314 2661 2440 2701 rem
2479 2648 2697 2700 attente
2728 2640 3088 2697 considerat.

1839 2741 2050 2794 Servus
2082 2733 2468 2793 factuslsrael
2496 2733 2556 2788 in
2612 2733 2874 2803 Egypto
2933 2728 3048 2784 sub
3090 2725 3416 2783 Pharaonis

1768 2827 2084 2899 tyrannide
2133 2824 2514 2896 premebatur
2546 2841 2559 2888 ;
2586 2821 2815 2879 acerbis
2866 2817 3158 2892 pressuris
3204 2815 3418 2871 misere

1767 2915 2081 2973 lacessitus
2107 2900 2418 2986 fessusque
2444 2911 2708 2984 pondere
2750 2913 2806 2964 et
2845 2906 3222 2963 multitudine
3255 2903 3417 2960 labo-

1769 3022 1924 3071 rum,
1957 3005 2033 3060 ad
2074 3005 2203 3058 haac
2243 3009 2507 3057 extrema
2560 2998 2952 3069 dejiciebatur
2993 3011 3128 3068 quae
3186 2993 3260 3048 de
3317 2991 3417 3047 illo

1770 3099 2016 3148 narrant
2037 3091 2228 3146 Biblia
2248 3099 2304 3146 et
2322 3096 2584 3144 veterum
2611 3087 2874 3146 historia:
2904 3103 2917 3140 :
2944 3082 3196 3138 surrexit
3215 3085 3418 3136 autem

1768 3186 1954 3238 Moses
1981 3181 2182 3238 zelans
2210 3195 2388 3251 super
2433 3177 2744 3249 patientes,
2805 3173 3158 3243 fugiensque
3206 3173 3418 3240 Egyp-

1770 3278 1897 3326 tum
1927 3286 2052 3326 sese
2116 3273 2234 3324 Deo
2281 3264 2734 3340 approximavit.
2790 3262 3076 3332 Videtque
3124 3259 3418 3313 visionem

1769 3361 1926 3416 hanc
1941 3374 2223 3429 magnam
2239 3355 2688 3427 etstupendam,
2716 3353 2915 3422 ignem
2951 3349 3008 3404 in
3030 3347 3417 3416 rubo,ignem

1737 3445 1747 3451 ’
1773 3456 2060 3518 urentem,
2088 3447 2330 3502 minime
2356 3460 2492 3500 vero
2512 3444 2986 3508 consumentem,
3029 3436 3174 3510 quia
3195 3434 3290 3491 ille
3311 3448 3418 3505 qu:

1771 3542 2033 3612 Moysem
2061 3554 2132 3593 ex
2154 3537 2306 3594 rubo
2327 3534 2576 3600 vocavit,
2600 3538 2810 3605 postea
2826 3527 3200 3585 descendens
3215 3526 3292 3582 ad
3305 3524 3420 3579 vir-

1772 3609 2146 3700 ginem,ejus
2185 3625 2584 3696 virginitatem
2636 3637 2744 3676 nec
2799 3618 3042 3674 abstulit
3097 3630 3293 3688 neque
3331 3609 3423 3668 vel

1775 3715 2094 3773 minimum
2115 3714 2474 3772 obscuravit.
2508 3715 2786 3784 Tuncque
2809 3708 3038 3764 audivit
3092 3707 3321 3776 Moyses
3355 3717 3419 3755 se

1773 3807 2002 3862 calcare
2034 3811 2248 3860 terram
2280 3808 2570 3865 sanctam,
2601 3805 2656 3855 et
2679 3801 2884 3870 jussus
2937 3796 3163 3850 solvere
3189 3792 3420 3848 calcea-

1773 3900 1975 3952 menta
2000 3894 2223 3966 pedum
2256 3907 2524 3959 suorum,
2553 3888 2722 3943 solvit
2760 3891 2816 3942 et
2867 3883 3136 3940 accessit.
3193 3883 3420 3947 Quare-

1772 4001 1912 4040 nam
1943 3983 1970 4037 ?
1991 3983 2140 4049 Quia
2169 3996 2288 4036 non
2336 3979 2467 4034 licet
2502 3977 2838 4049 quidquam
2870 3978 3170 4028 mortuum
3220 3967 3422 4023 locum

1774 4079 2015 4141 tangere
2045 4071 2143 4132 ubi
2176 4073 2326 4124 Deus
2359 4081 2623 4139 praesens
2656 4069 2762 4120 est.
2794 4065 2991 4133 Typus
3029 4072 3272 4130 quoque
3304 4056 3420 4111 im-

1774 4160 2087 4218 maculatze
2121 4158 2416 4229 (Virginis)
2463 4161 2522 4209 ut
2552 4154 2756 4211 Edem.
2810 4150 2886 4206 ad
2945 4164 3124 4220 quem
3178 4162 3287 4200 nos
3333 4160 3421 4200 re-

1772 4266 2082 4321 gressuros
2108 4245 2624 4302 etinhabitaturos
2672 4238 2964 4313 symbolis
3017 4235 3218 4292 multis
3273 4249 3421 4305 prte—

1772 4338 2065 4396 nuntiavit
2095 4336 2186 4390 ille
2216 4334 2318 4406 qui
2371 4334 2430 4387 in
2489 4330 2721 4399 Virgine
2762 4325 3044 4397 apparuit
3076 4341 3088 4379 :
3121 4328 3176 4379 et
3221 4321 3420 4376 statim

1767 4428 1938 4500 jubet
1967 4443 2075 4482 nos
2102 4424 2340 4494 rejicere
2369 4418 2664 4494 quidquid
2703 4417 2762 4472 in
2814 4413 3144 4470 remedium
3175 4417 3231 4467 et
3260 4409 3420 4466 auxi-

1770 4517 1914 4574 lium
1948 4523 2153 4570 contra
2185 4517 2497 4584 peccatum
2527 4507 2780 4563 inﬁrmae
2833 4505 2994 4560 carni
3025 4500 3342 4574 coaptavit,
3367 4501 3423 4554 et

1773 4608 1857 4661 sic
1885 4605 2103 4660 liberos
2118 4601 2195 4657 ab
2221 4599 2504 4656 omnibus
2522 4587 2795 4652 confiden
2810 4602 2890 4650 ter
2911 4592 3167 4665 pedibus
3193 4589 3422 4645 calcare

1771 4699 2096 4766 serpentes,
2127 4696 2181 4747 et
2201 4693 2382 4762 caput
2426 4686 2704 4743 draconis
2742 4683 2844 4756 qui
2898 4699 3009 4738 nos
3069 4675 3423 4751 decipiendo

1771 4777 2138 4842 indumentis
2183 4795 2384 4835 carere
2441 4776 2679 4832 fecerat.
2742 4776 2870 4829 Ηωο
2929 4771 3070 4826 vidit
3110 4772 3338 4839 Moyses
3365 4770 3423 4821 et

1771 4872 2092 4930 crediditin
2119 4870 2449 4925 libertatem
2477 4864 2655 4920 Israel
2685 4869 2740 4918 et
2772 4859 3193 4917 abiitconﬁsus
3214 4857 3274 4911 in
3308 4856 3420 4910 vir-

1771 4969 1895 5018 tute
1927 4958 2193 5027 visionis,
2229 4958 2305 5011 ita
2332 4955 2553 5010 docens
2575 4965 2959 5007 communem
3009 4946 3281 5001 omnium
3312 4945 3420 4998 ho-

1767 5053 2004 5106 minum
2025 5049 2376 5115 libertatem,
2401 5047 2583 5098 Deum
2605 5040 2827 5111 quippe
2853 5037 3221 5091 nasciturum
3245 5047 3422 5104 prop-

1773 5145 1858 5196 ter
1887 5155 1998 5194 nos
2032 5153 2104 5193 ex
2134 5139 2309 5192 Matre
2352 5131 2594 5201 virgine,
2629 5133 2693 5183 ut
2729 5123 3251 5198 quemadmodum
3281 5127 3422 5178 tunc

1772 5284 1797 5334 ὁ
1830 5279 1888 5334 δὲ
1914 5280 2069 5340 ϐάτος
2110 5278 2167 5330 ού
2206 5279 2526 5328 κατεκαίετο.

1843 5340 1921 5421 (6)
1959 5336 2119 5406 Exod
2150 5365 2230 5416 1n,
2268 5352 2340 5402 4:
2399 5343 2667 5397 Ἐκάλεσεν
2718 5340 2873 5392 αὑτὸν
2914 5340 2939 5389 ὁ
2995 5340 3179 5410 Κύριος
3232 5336 3288 5388 ἐκ
3362 5343 3422 5386 οῦ

1773 5423 1962 5497 βάῗ⁰.υξ

1843 5493 1920 5565 (7)
1951 5492 2106 5547 Exod
2141 5506 2218 5556 1n,
2254 5492 2283 5543 5
2318 5506 2330 5543 :
2363 5489 2519 5565 λῦσαι
2571 5488 2629 5536 τὸ
2682 5479 2936 5565 ύπόδημα
2997 5478 3049 5531 ἐκ
3085 5487 3182 5561 τῷν
3241 5475 3418 5564 πόδὼν

1775 5547 1868 5618 σού
1905 5547 1924 5598 ί
1959 5566 1983 5614 ὁ
2013 5566 2112 5634 γὰρ
2146 5557 2405 5634 τόποςηέν
2556 5560 2620 5608 σύ
2679 5547 2922 5619 ἕστηκας,
2958 5558 3024 5623 γῆ
3100 5550 3227 5622 ἁγία
3290 5547 3420 5601 ἐστί.

1845 5635 1922 5707 (8)
1954 5629 2241 5710 Respectu
2274 5629 2348 5686 ad
2384 5633 2472 5686 Ps.
2513 5643 2597 5701 xc,
2626 5631 2708 5687 t3.
