3934 6322
20 313 184 370 1505

1102 311 1194 366 DE
1242 309 1460 366 FESTO
1499 306 1950 366 DOBMITIONIS
1991 307 2050 364 S.
2090 307 2352 364 MARl/E.

3285 313 3420 368 1506

19 446 234 490 οανιῶν
305 439 480 512 τρέφει
532 436 630 508 (1),
691 435 881 488 ὶκιῖθεν
940 431 1070 488 εἶναι
1143 431 1345 496 δεικνύς
1436 437 1526 486 καὶ
1593 434 1658 486 τὰ

1840 447 1904 488 lae
1931 433 2098 505 prius
2128 431 2339 490 eﬂ‘ecta
2359 431 2614 488 fuerant.
2641 433 2706 488 Et
2727 430 2831 504 qui
2851 445 3038 504 panes
3063 446 3184 490 non
3224 431 3420 491 habe-

19 533 228 602 πρώην
289 526 588 600 τελούμενα.
650 530 753 580 Καὶ
818 526 867 578 οἰ
919 533 1020 578 τῶν
1077 525 1247 600 ἄρτων
1307 523 1660 596 ἀπεγνὼκότις

17 625 315 694 τρώγουσι
364 618 553 691 μάννα,
607 620 790 675 καινήν
848 635 966 669 τινα
1033 620 1227 689 τροφήν
1319 618 1410 666 καὶ
1489 612 1659 684 πολλῷ

17 716 127 760 τοῦ
189 709 520 780 ζητουμένου
587 705 931 781 τιμιωτέραν,
994 703 1106 777 ἅμα
1163 700 1222 757 δὲ
1270 708 1359 756 καὶ
1419 704 1658 775 ἄφθονον,

17 805 127 850 καὶ
232 794 429 873 ῥᾳδίαν
503 803 638 850 πᾶσι
698 803 808 857 τοῖς
908 795 1220 867 κομίζεσθαι
1304 791 1658 866 βουλομένοις.

17 870 246 940 Ἀνεῖτο
296 889 398 962 γάρ
476 884 880 958 ἀπολαμϐάνειν,
973 889 1044 957 μὴ
1111 883 1226 936 καθ’
1303 884 1424 936 ὅσον
1507 885 1660 954 μόνον

18 976 341 1050 ἐπαρκέσαι
379 982 442 1048 τῇ
493 979 656 1048 χρείᾳ
711 972 842 1027 ἀλλά
903 978 994 1026 καὶ
1044 976 1282 1049 περιττόν
1340 971 1480 1044 έχιιν
1533 976 1660 1022 κτᾶο

20 1068 195 1134 σθαι,
251 1065 296 1118 εἰ
340 1070 431 1116 καὶ
487 1064 650 1126 ἄλλως
721 1059 783 1122 ἧν
875 1067 934 1115 τό
1013 1070 1308 1136 πιριττεῦον
1393 1059 1651 1118 ἀνόνητον·

18 1158 218 1226 ἕτερον
284 1151 534 1213 δηλονότι
589 1155 766 1225 θαῦμα
818 1160 1112 1227 καταργοῦν
1181 1155 1272 1210 τὴν
1338 1149 1650 1217 ἀπληστίαν,

18 1245 155 1316 ἅμα
207 1240 271 1297 δε
327 1248 417 1295 καὶ
456 1247 550 1302 τὴν
608 1240 859 1294 ἀπιστίαν
917 1238 1306 1316 διορθούμενον,
1357 1239 1402 1293 εἰ
1466 1242 1652 1292 τούτου

18 1335 210 1408 χάριν
235 1337 292 1385 τό
322 1332 472 1385 πλέον
511 1330 804 1399 ἀπετίθουν,
866 1330 991 1383 ὣστ’
1045 1331 1194 1391 αὖθις
1243 1331 1405 1402 ἔχειν,
1459 1327 1654 1381 ἀπιλεί-

16 1441 231 1482 πόντος
279 1429 371 1475 τοῦ
423 1417 726 1493 διδομένου,
772 1427 845 1490 τῷ
889 1418 1202 1494 προλαϐόντι
1259 1419 1332 1490 (2)
1384 1418 1651 1493 χρῆσθαι,

16 1515 132 1564 καὶ
179 1514 254 1583 μή
308 1517 381 1581 τῷ
443 1517 770 1583 χορηγοῦντι
819 1507 1124 1583 θαρροῦντες
1203 1504 1338 1565 ἦσαν
1410 1505 1489 1558 ἀεὶ
1567 1509 1652 1558 καὶ

22 1598 314 1659 πλουσίως
373 1601 625 1669 παρέχειν
689 1593 1044 1668 δεδυνημένῳ·
1095 1602 1211 1656 Τοῖς
1287 1597 1377 1668 μὲν
1456 1595 1542 1647 οὖν
1617 1595 1647 1652 ἡ

22 1685 258 1762 βρῶσις
311 1685 616 1759 ἐπεστήριξε
672 1687 766 1743 τήν
823 1681 1066 1760 καρδίαν,
1113 1688 1300 1758 μηκέτι
1353 1680 1650 1736 διαπιστεῖν

1766 521 1914 578 bant
1933 521 2453 580 manducaverunt
2474 537 2718 591 manna,
2741 537 2966 579 novum
2986 522 3300 596 quoddam
3321 523 3426 581 ali-

1767 616 2058 679 mentum,
2073 611 2263 669 multo
2280 628 2465 684 quam
2479 611 2865 684 postulabant
2880 612 3214 684 pretiosius,
3245 612 3426 670 simul

1769 700 2088 758 abundans
2118 706 2174 759 et
2210 701 2367 759 lectu
2395 701 2566 758 facile
2590 700 2683 757 his
2709 701 2812 774 qui
2841 700 2988 758 illub
3015 701 3423 774 requirebant.

1770 790 2008 846 Licebat
2043 791 2204 847 enim
2241 806 2548 848 assumere
2579 805 2702 847 non
2741 789 2936 848 solum
2983 795 3282 863 quantum
3318 807 3424 848 nea

1769 881 2026 936 eessitati
2056 880 2368 952 sufﬁceret,
2424 879 2530 937 sed
2579 885 2758 936 etiam
2816 880 3040 937 habere
3105 880 3270 953 quod
3327 897 3429 937 su-

1767 968 2065 1041 perfluum
2095 969 2464 1041 perderetur,
2505 968 2832 1042 inutileque
2881 969 2958 1024 ad
3002 984 3424 1042 quemcunque

1766 1074 1966 1114 usum.
1997 1058 2258 1115 Alterum
2290 1063 2446 1115 certe
2495 1058 2581 1115 sic
2646 1057 2986 1114 habebatur
3035 1057 3424 1125 miraculum,

1765 1147 1930 1220 quod
1948 1147 2378 1205 excludebatur
2401 1147 2754 1205 insatiabilis
2780 1148 3142 1219 appetentia,
3168 1153 3225 1204 et
3245 1146 3425 1203 simul

1764 1236 2583 1307 corrigebaturincredulitas,
2607 1236 2754 1292 dum
2778 1237 2824 1291 si
2846 1241 3088 1309 propter
3105 1235 3425 1293 abundan-

1763 1325 1907 1382 tiam
1934 1325 2067 1397 plus
2099 1341 2286 1397 quam
2312 1325 2452 1382 satis
2483 1331 2610 1382 erat
2638 1324 3028 1395 colligeretur.
3064 1324 3143 1381 ad
3166 1340 3418 1381 servan-

1762 1413 1909 1471 dum
1935 1414 1995 1470 in
2026 1413 2313 1486 futurum,
2372 1414 2474 1478 sic,
2529 1414 2839 1471 deﬁciente
2894 1414 3098 1472 forsan
3141 1413 3422 1484 donante,

1762 1503 2062 1575 accipiens
2095 1503 2406 1570 frueretur,
2443 1518 2566 1560 non
2598 1503 2884 1576 possibile
2934 1503 3103 1569 foret,
3162 1503 3306 1576 quia
3341 1503 3424 1558 sic

1760 1607 1884 1649 non
1919 1591 2307 1648 eonﬁdedant
2334 1591 2473 1648 duci
2501 1607 2612 1648 suo
2658 1591 2832 1664 quasi
2873 1607 2995 1649 non
3022 1591 3230 1649 valens
3269 1595 3426 1648 esset

1760 1681 1840 1738 ad
1887 1680 2162 1738 dandum
2191 1685 2248 1738 et
2282 1697 2519 1754 semper
2557 1686 2612 1737 et
2657 1680 3092 1738 adundantius.
3135 1681 3250 1736 Illis
3281 1697 3423 1752 ergo

21 1775 120 1828 ἐπ’
154 1771 338 1828 ούδινὶ
390 1782 490 1826 τῶν
552 1772 780 1846 ἀπόρων,
839 1777 908 1834 ὡς
954 1773 1082 1846 ούχὶ
1132 1779 1408 1845 γενήσεται
1451 1775 1651 1834 τούτοις

1840 1787 1930 1827 ms
1962 1769 2058 1826 ille
2100 1769 2451 1827 refocillavit
2487 1787 2610 1840 cor,
2649 1785 2727 1826 ne
2765 1771 2969 1827 animo
3012 1770 3427 1840 frangerentur

23 1863 425 1937 ἐπιστρέφουσι
472 1867 603 1939 πρός
649 1866 778 1916 Θεόν
829 1867 921 1915 καὶ
992 1867 1220 1934 γνησίως
1305 1862 1650 1935 ἐπικαλουμέ-

21 1973 177 2023 νοις,
206 1955 346 2006 καθά
367 1949 608 2010 δηλονότι
659 1955 751 2004 καὶ
806 1959 1000 2012 Μωσῆς
1175 1953 1201 2002 ό
1261 1955 1419 2024 μέγας
1459 1950 1650 2004 ἐκείνου

29 2043 292 2116 Θεράπων
367 2045 578 2112 γνήσιος
638 2041 776 2112 αύτῷ
838 2044 1100 2114 γενόμενος
1151 2042 1282 2112 μιτά
1352 2038 1652 2114 παρρησίας

27 2129 368 2198 ἐπεκαλεῖτο,
427 2134 518 2182 καὶ
578 2129 726 2182 πάντ’
778 2131 916 2202 εἶχεν
965 2129 1116 2191 εὐθὺς
1168 2128 1474 2182 ἀπαντῶντα
1521 2130 1652 2202 πρός

24 2223 140 2280 τὰς
166 2219 425 2280 αἰτήσεις
459 2217 763 2294 ἐπεστήριξε
809 2215 860 2272 δ’
906 2218 1096 2292 ὁμοίως
1138 2219 1196 2272 ού
1239 2223 1360 2280 τούς
1415 2219 1496 2292 (4)
1540 2221 1652 2270 τότε

24 2312 238 2380 μονόυς
283 2315 384 2359 τῶν
469 2305 772 2382 ἀνθρώπων,
857 2306 986 2360 ἀλλά
1061 2313 1153 2361 καὶ
1237 2312 1353 2368 τούς
1430 2306 1653 2369 καθεξῆς

26 2399 285 2458 ἅπαντας
310 2400 409 2469 μὴ,
438 2400 509 2468 μὴ
543 2392 840 2450 διαπιστεῖν
870 2395 1114 2470 οὐμενοῦν
1155 2403 1219 2458 ῶς
1261 2396 1320 2450 ού
1359 2395 1653 2455 καταϐήσε-

26 2507 136 2539 ται
174 2488 307 2561 πρός
335 2484 475 2557 ἡμᾶς
503 2484 557 2549 ἐξ
586 2485 812 2559 οὐρανῶν
861 2488 1016 2562 ἄρτος
1070 2487 1209 2550 ζωῆς
1389 2491 1478 2539 καὶ
1531 2504 1651 2558 τρυο

30 2585 114 2649 φῆ
131 2596 153 2637 ς
175 2583 276 2628 τῶν
298 2575 516 2628 αἰωνίων
555 2581 886 2650 παρεκτικός.

125 2758 230 2808 Καὶ
258 2751 325 2813 δὴ
376 2755 556 2808 λοιπόν
609 2757 638 2813 ἡ
681 2765 863 2828 χρυσῆ
921 2756 1242 2808 καθίσταται
1290 2756 1518 2829 στάμνος
1567 2756 1655 2806 καὶ

32 2843 276 2918 δέχεται
303 2847 362 2897 τό
400 2847 567 2917 μάννα
606 2845 703 2917 (6),
762 2851 852 2898 καὶ
894 2851 988 2903 τήν
1036 2845 1208 2898 εἰκόνα
1256 2851 1348 2897 τοῦ
1391 2844 1653 2918 μέλλοντος

32 2933 93 2987 ἐν
134 2933 290 3007 ἑαυτῇ
327 2933 577 3007 λαμπρῶς
607 2938 763 3007 φέρει.

126 3026 196 3076 Σύ
219 3019 280 3076 δέ
305 3042 397 3095 μοι
430 3026 520 3075 καὶ
571 3025 663 3085 τὰς
714 3023 911 3084 πλάκας
969 3020 1125 3096 βλέπε
1180 3026 1270 3075 καὶ
1324 3024 1410 3074 τόν
1469 3018 1515 3073 έν
1564 3019 1654 3074 αύ-

1759 1860 1820 1916 in
1849 1874 2214 1932 quacunque
2238 1859 2637 1930 tribulatione,
2673 1859 3010 1916 difﬁdentes
3036 1875 3072 1916 a
3090 1863 3211 1916 Deo
3239 1875 3420 1916 exau-

1759 1949 1876 2006 diri
1891 1965 2031 2005 cum
2052 1953 2540 2006 converterentur
2555 1949 2632 2006 ad
2646 1964 2785 2004 eum
2799 1953 2862 2006 ut
2878 1952 3246 2018 invocarent,
3269 1950 3423 2006 sicut

1760 2043 1919 2095 certo
1953 2037 2223 2095 sciebant
2247 2038 2598 2095 exauditam
2628 2038 2811 2094 fuisse
2841 2041 3101 2110 Moysem
3134 2052 3419 2109 magnum

1760 2134 1818 2186 et
1839 2129 2174 2200 legitimum
2206 2129 2305 2185 Dei
2339 2144 2577 2185 servum
2611 2144 2749 2186 cum
2776 2127 2896 2184 ﬁde
2925 2127 3337 2200 postulantem
3362 2132 3421 2184 et

1759 2218 2161 2287 invocantem,
2193 2216 2296 2290 qui
2325 2221 2380 2273 et
2401 2217 2609 2274 omnia
2632 2217 2832 2274 statim
2856 2216 3113 2273 obtinuit
3135 2217 3308 2288 juxta
3327 2231 3426 2288 pe-

1761 2306 2017 2364 titiones.
2055 2306 2168 2363 Sed
2199 2310 2255 2362 et
2281 2306 2363 2362 sic
2387 2304 2734 2363 refocillavit
2771 2320 2898 2362 non
2947 2308 3183 2361 tantum
3239 2304 3425 2361 corda

1760 2397 2070 2454 hominum
2101 2396 2206 2469 qui
2228 2401 2367 2452 tunc
2396 2401 2584 2464 erant,
2617 2411 2829 2454 omnes
2863 2399 3066 2453 autem
3097 2396 3276 2451 simul
3321 2410 3425 2451 eos

1760 2488 1866 2560 qui
1894 2491 2107 2562 postea
2139 2486 2278 2544 facti
2319 2490 2476 2555 sunt,
2523 2501 2599 2543 ne
2633 2487 2883 2542 omnino
2913 2485 3251 2543 difﬁderent
3277 2484 3426 2557 quin

1759 2583 2008 2653 propter
2027 2594 2138 2634 nos
2168 2576 2244 2633 de
2270 2577 2423 2635 ecelo
2449 2577 2686 2634 caderet
2707 2577 2882 2651 panis
2904 2577 3037 2634 vita:
3064 2581 3122 2634 et
3143 2575 3424 2648 volupta-

1762 2669 1834 2726 tis
1862 2671 2156 2741 praestans
2186 2671 2408 2724 {eterna
2430 2665 2614 2724 bona.

1833 2760 2124 2814 Creterum
2184 2756 2246 2812 in
2311 2754 2700 2814 tabernaculo
2732 2754 2997 2828 positum
3040 2755 3151 2812 fuit
3177 2771 3284 2811 vas
3317 2769 3424 2811 au-

1761 2863 1932 2904 reum
1961 2845 2275 2903 includens
2307 2844 2741 2918 manna,fquod
2763 2845 2825 2901 in
2853 2861 2918 2902 se
2949 2845 3262 2919 splendide
3291 2859 3426 2918 pro-

1761 2934 1871 2992 fert
1901 2935 2231 3005 imaginem
2260 2933 2620 2991 futurorum.

1835 3022 1951 3081 Sed
1979 3039 2219 3080 mecum
2245 3022 2567 3079 considera
2596 3037 2800 3079 sacras
2829 3020 3100 3079 Tabulas
3133 3026 3189 3079 et
3217 3023 3279 3078 in
3311 3020 3424 3078 illis

36 3108 174 3173 ταῖς
206 3113 484 3186 θεόγραφον
504 3115 658 3185 νόμον
697 3117 772 3184 (7)
827 3117 900 3183 μὴ
961 3118 1072 3173 τοῖς
1122 3111 1269 3173 ἐκτός
1312 3114 1464 3184 μόνον
1525 3108 1651 3184 βοη-

1840 3113 2041 3186 riptam
2071 3111 2266 3184 legem
2297 3111 2397 3166 Dei
2428 3110 2853 3177 viviﬁcantem,
2879 3127 3014 3184 quae
3058 3126 3183 3168 non
3224 3110 3424 3168 solum

39 3204 266 3264 Οοῦντα,
324 3202 576 3274 σωμάτων
650 3204 838 3254 ὡσανεί
920 3198 1319 3254 κινδυνευόντων
1395 3203 1654 3253 σωστικόν

34 3292 201 3356 ὂντα,
233 3289 358 3342 ἀλλά
381 3309 463 3342 τοι.
518 3293 608 3343 καὶ
657 3289 848 3362 ψυχῶν
907 3288 1261 3363 ἐφικνούμενον
1317 3294 1407 3344 καὶ
1458 3285 1653 3343 παιδα-

35 3387 330 3453 γωγοῦντα
359 3382 572 3449 ταύτας,
621 3384 712 3432 καί
758 3398 817 3452 γε
875 3379 1132 3453 σφαλερᾱς
1179 3381 1357 3442 πάσης
1414 3379 1654 3452 εξαιρού-

34 3488 206 3542 μενον
236 3473 355 3544 περὶ
394 3476 528 3523 Θεοῦ
583 3465 767 3532 δόξης.
827 3467 983 3521 Βλέπε
1049 3465 1116 3528 δὴ
1183 3476 1370 3539 ταῦτα,
1409 3473 1522 3535 καὶ,
1569 3470 1656 3520 τόν

34 3565 174 3612 νοῦν
245 3565 353 3620 τοῖς
399 3560 676 3633 ὁρωμένοις
727 3557 891 3619 καλῶς
933 3562 1212 3634 προσέχων
1278 3559 1504 3632 μάνθανε
1568 3561 1656 3610 τόν

36 3650 399 3701 ένυπόστατον
459 3646 610 3719 λόγον
669 3643 910 3720 δακτύλῳ
975 3655 1130 3716 Θεοῦ,
1187 3651 1441 3722 πνεύματι
1518 3649 1655 3719 θείῳ,

35 3745 114 3811 τῇ
179 3738 414 3809 παρθένῳ
464 3740 747 3812 γραεεέντα,
803 3741 893 3789 καὶ
953 3745 1052 3788 τῶν
1128 3743 1390 3810 πατρικῶν
1459 3735 1659 3790 κόλπων

40 3827 342 3880 κενωθέντα
388 3829 501 3899 μὲν,
557 3825 651 3878 ούκ
704 3825 1002 3879 ἁποστόντα
1053 3822 1131 3893 δὲ,

47 3915 244 3976 αὐτοῖς
304 3919 394 3967 καὶ
458 3914 756 3988 πληροῦντα
835 3916 1024 3984 πάντα,
1095 3919 1340 3990 χωρητόν
1423 3915 1663 3988 γενέσθαι

49 4010 180 4064 τοῖς
225 4007 414 4078 μητρός
451 4004 680 4074 κόλποις,
728 4007 816 4057 καὶ
888 4011 1068 4057 τοῦτον
1155 4001 1223 4063 δὴ
1304 4007 1392 4056 τόν
1474 4008 1664 4078 τρόπον

55 4095 407 4148 ἐπανασῶσαι
457 4097 654 4166 κόσμον
717 4093 850 4164 ὅλον,
931 4099 1022 4146 καὶ
1098 4093 1282 4165 ψυχὰς
1372 4095 1664 4168 ῥύσασθαι,

59 4181 285 4255 ἀγνοίας
310 4201 486 4235 σκοτιι
513 4187 605 4235 και
635 4188 762 4254 σκιᾴ
787 4184 1008 4236 θανάτου
1033 4183 1111 4255 (8)
1151 4186 1522 4255 κατεχομένας.

1210 3831 1429 3898 μόνοντα
1497 3822 1548 3878 δ’
1613 3823 1661 3877 ἐν

149 4273 223 4326 Ού
252 4277 352 4346 μὴν
379 4273 508 4327 ἀλλά
547 4281 714 4327 ταῦτα
773 4278 875 4347 μὴν
919 4278 1071 4326 οὕτωσ
1131 4279 1220 4327 καὶ
1277 4274 1432 4336 οὓτως
1479 4272 1667 4327 ἀνωθεν

58 4365 145 4417 τὰ
200 4365 332 4415 κατά
385 4368 479 4422 τὴν
540 4366 789 4437 παρθένον
841 4371 974 4416 Θεοῦ
1035 4368 1232 4436 μητέρα
1307 4360 1399 4416 διὰ
1471 4363 1667 4417 πολλῶν

57 4456 166 4505 καὶ
213 4452 440 4524 μεγάλων
486 4456 678 4512 ἥκοντα
728 4461 827 4505 τῶν
873 4452 1162 4526 συμϐόλων,
1236 4461 1481 4526 πανταχῆ
1530 4462 1670 4526 πάρ-

59 4549 264 4616 ἐχοντα
303 4541 526 4615 δύναμιν
576 4543 853 4616 θαυμάτων
910 4543 1180 4617 ὑπερφυῶν
1251 4543 1505 4618 εὑρήσεις,
1559 4543 1671 4617 ἅμα

61 4629 139 4686 δί
183 4635 268 4684 καὶ
325 4636 587 4705 σωτηρίαν
633 4650 734 4683 των
787 4629 1030 4703 έσχάτως
1080 4627 1501 4687 κινδυνευόντων.
1566 4639 1666 4688 Καὶ

59 4719 311 4776 τάπλείω
360 4717 608 4784 διεξιέναι
659 4728 893 4794 παρῆκεν
950 4721 976 4772 ὁ
1024 4719 1195 4793 λόγος,
1243 4722 1324 4774 ὅτι
1378 4717 1517 4795 μηδὲ
1577 4727 1666 4775 πέ-

60 4828 202 4882 φυκε
226 4813 292 4882 μὴ
321 4814 400 4862 ὅτι
423 4829 484 4880 γε
513 4806 608 4862 διὰ
646 4810 852 4864 xiv-raw
911 4809 1082 4881 (τοῦτο
1145 4812 1245 4884 γὰρ
1293 4813 1487 4872 παντὸς
1541 4809 1667 4884 μᾶλ-

59 4901 162 4954 λον
198 4894 493 4970 ἀδύνατον),
535 4897 660 4951 ἀλλὰ
708 4894 839 4972 μηδ’
889 4897 962 4972 ἐφ’
1019 4901 1190 4950 ἰκανὸν
1243 4899 1410 4952 αὐτῶν
1462 4901 1668 4954 ἱκέσθαι

67 4988 384 5046 δυνηθῆναι·
450 4996 555 5049 πῶς
603 4989 898 5066 ’γάρμῖπου
963 5006 1023 5060 γε
1063 4994 1152 5042 καὶ
1208 4996 1374 5042 ταῦτα
1439 4990 1506 5042 ῶν
1579 4989 1668 5063 ἀρ-

142 5231 199 5323 ,(1
202 5233 230 5306 )
256 5230 394 5290 Vide
415 5233 599 5293 Exod.
625 5251 812 5292 xv1.——
841 5237 1070 5294 Deuter.
1110 5239 1227 5305 vin,
1253 5239 1282 5293 3
1309 5253 1322 5294 :
1348 5233 1584 5312 ἐψώμισέ
1610 5241 1669 5292 σέ

119 5324 262 5360 αννα.

69 5331 262 5385 μαννα.

152 5379 230 5520 (2)
258 5383 312 5432 Β.
341 5377 710 5464 προσλαϐόντα

151 5453 203 5520 (3
258 5455 312 5518 B,
341 5455 586 5511 Νωυσῆς,

174 5455 227 5518 3)
258 5455 312 5518 Β,
341 5455 586 5511 meum.

174 5453 227 5520 3)
258 5455 312 5518 B,
341 5455 586 5511 Νωῦσῆς,

148 5453 229 5593 (4)
250 5526 311 5594 _B,
345 5522 530 5594 ὁμοίως
556 5521 760 5594 αύτούς.

150 5592 534 5672 (δὶέἶθερθοῑιι
554 5592 633 5651 ad
652 5593 824 5672 Joan.
861 5593 1063 5672 v1,‘33
1110 5594 1312 5672 sq.:6_
1358 5595 1457 5670 γὰρ
1507 5595 1664 5672 ἄρτος

70 5660 172 5724 τοῦ
201 5669 278 5717 Θῦ
331 5660 446 5718 στιν
495 5665 523 5718 ό
568 5663 894 5721 καταϐαίνων
923 5660 1010 5719 έκ
1059 5660 1206 5720 toro-0
1256 5660 1390 5744 οὐρά
1427 5660 1661 5739 ὀῦ,’καὶ

1763 3207 2001 3261 externe
2023 3200 2310 3259 auxilium
2325 3203 2586 3273 praestat,
2602 3199 2778 3273 quasi
2807 3199 3162 3272 corporibus
3188 3200 3250 3258 in
3274 3199 3426 3273 peri-

1765 3291 1898 3348 culo
1915 3289 2291 3348 versantibus
2313 3289 2564 3346 salutem
2579 3289 2860 3362 proferat,
2877 3288 2983 3346 sed
2995 3305 3130 3362 quae
3151 3289 3331 3346 etiam
3345 3287 3424 3345 ad

1763 3381 1990 3438 animas
2011 3379 2242 3451 attingit
2261 3383 2320 3436 et
2338 3378 2512 3435 docet
2532 3378 2684 3445 illas,
2699 3383 2758 3435 et
2774 3378 2852 3434 ab
2871 3378 3037 3434 omni
3057 3393 3219 3435 vana
3237 3377 3427 3448 gloria

1764 3473 2006 3527 revocat
2024 3468 2104 3526 ad
2137 3471 2343 3524 Deum.
2369 3470 2502 3524 Haec
2527 3467 2845 3524 considera
2873 3467 3269 3524 attentissimo
3308 3465 3431 3539 spi-

1765 3559 1903 3626 ritu,
1926 3559 2210 3631 disceque
2239 3571 2580 3613 sermonem
2611 3556 2798 3627 digito
2845 3555 2950 3612 Dei
3004 3554 3428 3612 subsistentem

1766 3649 1988 3723 Spiritu
2016 3649 2200 3720 Dei.in
2227 3647 2458 3718 Virgine
2483 3646 2794 3719 scriptum,
2847 3661 2879 3702 e
2911 3645 3048 3702 sinu
3099 3645 3286 3702 Patris
3331 3661 3428 3701 ex-

1770 3743 2010 3795 euntem
2041 3736 2306 3810 quidem,
2337 3735 2442 3792 sed
2468 3751 2592 3792 non
2625 3735 3084 3808 relinquentem,
3120 3733 3222 3790 sed
3253 3734 3314 3790 in
3355 3748 3428 3790 eo

1769 3830 2115 3884 manentem
2133 3830 2189 3882 et
2200 3825 2530 3897 replentem
2541 3825 2768 3891 omnia,
2785 3829 3136 3880 contentum
3166 3822 3348 3878 simul
3366 3822 3429 3878 in

1772 3916 1908 3972 sinu
1935 3914 2152 3981 Matris,
2191 3917 2257 3970 ut
2289 3913 2372 3970 ita
2392 3913 2650 3969 salvaret
2669 3912 3022 3968 universum
3051 3910 3348 3967 mundum
3371 3912 3429 3966 et

1773 4004 2008 4061 animas
2027 4003 2304 4060 liberaret
2324 4017 2555 4058 mersas
2578 4001 2640 4057 in
2670 4000 2928 4058 tenebris
2950 3999 3166 4056 erroris
3183 4005 3241 4056 et
3263 3999 3428 4070 igno-

1773 4094 1984 4150 rantiae
2018 4096 2076 4149 et
2107 4092 2169 4148 in
2204 4090 2424 4146 umbra
2458 4089 2668 4147 mortis
2704 4088 3008 4146 sedentes.

1848 4272 1981 4327 Haec
2000 4271 2203 4327 autem
2224 4266 2377 4324 adeo
2400 4270 2540 4324 sunt
2558 4282 2722 4337 vera,
2744 4269 2810 4323 ut
2830 4266 2878 4322 si
2904 4281 2940 4322 a
2959 4263 3251 4339 principio
3267 4280 3430 4338 quae-

1775 4377 1876 4418 ras
1909 4376 2045 4433 quae
2077 4358 2152 4414 de
2186 4362 2370 4414 Mater
2386 4358 2488 4413 Dei
2510 4372 2616 4428 per
2635 4356 2826 4414 multa
2850 4361 2907 4412 et
2927 4355 3254 4426 singularia
3269 4371 3436 4428 sym-

1776 4449 1918 4507 bola
1933 4447 2363 4519 signiﬁcantur,
2388 4460 2626 4517 semper
2648 4449 2706 4501 et
2731 4444 2955 4517 ubique
2987 4444 3254 4500 invenies
3279 4444 3434 4500 ines-

1778 4553 1840 4595 se
1876 4539 2229 4610 potestatem
2263 4532 2633 4591 mirabilium
2668 4531 3216 4606 supernaturalium
3253 4530 3432 4590 simul

1779 4631 1957 4700 atque
1987 4623 2332 4681 salvationis
2360 4637 2568 4680 eorum
2604 4623 2709 4694 qui
2741 4622 2805 4678 in
2839 4621 3116 4679 extremis
3153 4620 3430 4694 periculis

1774 4719 2115 4774 versantur.
2148 4715 2216 4770 Et
2251 4727 2450 4770 sermo
2487 4711 2845 4784 plerumque
2879 4727 3020 4768 cum
3039 4711 3152 4767 ista
3169 4710 3432 4782 loquitur

1773 4805 1961 4879 liquet
1993 4808 2204 4877 aqtum
2241 4817 2366 4858 non
2394 4816 2522 4857 esse
2551 4815 2674 4857 non
2696 4799 2881 4856 modo
2900 4799 2978 4856 ad
2999 4799 3206 4855 omnia
3237 4796 3430 4869 expri-

1776 4893 2087 4962 mendum,
2100 4891 2267 4965 quod
2280 4890 2460 4964 plane
2471 4888 2843 4962 impossibile
2856 4891 2962 4954 est,
2979 4887 3085 4944 sed
3096 4902 3170 4944 ne
3191 4886 3430 4959 quidem

1776 4984 1856 5046 ad
1873 4983 2185 5058 quoddam
2213 4979 2634 5054 exponendum
2664 4977 2830 5052 quod
2854 4977 3198 5034 conveniret
3219 4991 3428 5034 earum

1777 5236 1916 5298 ζωὴν
1943 5223 2130 5294 διδοὺς
2180 5237 2252 5303 τῷ
2299 5234 2551 5303 κόσμῳ...
2601 5229 2726 5283 Εἰπε
2787 5220 2846 5282 δὲ
2875 5223 3056 5292 αὐτοῖς
3098 5228 3124 5281 ό
3168 5227 3370 5290 Ἰησοῦς
3407 5245 3426 5264 ο

1776 5307 1876 5380 εγὼ
1901 5306 2008 5380 diu.
2035 5307 2062 5380 εδ
2090 5305 2359 5380 «ieram
2391 5303 2550 5380 cum:

1867 5380 1922 5449 6)
1946 5371 2090 5432 'Vide
2119 5371 2304 5430 Exod.
2345 5387 2464 5449 xvi,
2493 5375 2581 5429 33.

1872 5447 1929 5521 7)
1968 5450 2294 5521 Deuteron.‘
2311 5447 2493 5521 v,_2_2:

1844 5512 1919 5592 (8)
1951 5521 2251 5592 Frequens
2269 5512 2573 5592 _in’Bi_bliis
2601 5513 2980 5592 metaphora.
3019 5512 3183 5592 _Psal.
3219 5513 3327 5580 cvi,
3363 5515 3430 5573 14

1775 5584 2022 5666 ἐξόγαγεν
2047 5584 2232 5650 αύτούς
2262 5584 2319 5639 ἐκ
2343 5586 2562 5650 σκότους
2588 5589 2677 5640 καὶ
2709 5584 2858 5648 σκιᾶς
2900 5587 3139 5643 θανάτου.
