3934 6322
503 293 640 354 150⁸7

1829 269 2206 336 NICEPHORI
2242 275 2524 336 CHUMNI.

3761 289 3872 342 £503

495 436 725 477 rerum.
758 421 873 475 Nec
909 417 1152 473 mirum.
1198 415 1345 469 Cum
1378 426 1520 481 ergo
1545 409 1621 466 de
1639 407 1766 465 istis
1795 404 1979 461 modo
2001 399 2137 456 dixi-

2258 407 2378 465 τίως
2428 403 2776 481 ἐμνήσθημεν,
2837 409 2942 480 ούχ
2997 402 3133 462 ὥστε
3184 413 3273 460 καὶ
3332 403 3498 480 ὀλίγα
3569 407 3636 461 ἔκ
3699 408 3872 460 πολλῶν

498 527 659 577 mus,
699 524 819 564 non
855 511 920 562 ut
953 505 1235 578 quaedam
1269 500 1582 571 seligentes
1609 499 1758 554 inter
1783 493 1971 550 multa
2000 490 2144 578 deli-

496 599 642 654 bare
671 577 1472 655 narrandoiconﬁderemus,
1518 588 1623 644 sed
1669 589 1733 642 ut
1762 577 2146 640 solummodo

498 701 604 760 per
639 687 988 742 strictiorem
1015 683 1458 747 iudicationem,
1491 680 1648 734 dicta
1670 691 1862 747 nuper
1899 673 2146 726 demon-

499 779 844 840 Straremus,
870 774 1089 829 scilicet
1109 771 1400 826 salutares
1431 783 1562 825 esse
1585 779 1821 837 semper
1842 767 1897 817 et
1917 760 2144 830 ubique

495 865 722 933 ﬁguras
759 868 816 919 et
852 864 1098 917 umbras
1137 876 1346 916 eorum
1373 860 1738 931 quaepostea
1760 852 1989 922 absque
2015 847 2144 901 velo

495 954 570 1010 de
605 953 836 1022 Virgine
865 951 1126 1007 revelata
1160 955 1216 1004 et
1249 953 1494 1004 ostensa
1528 945 1783 1000 fuerunt.
1825 943 2143 1009 Postquam

494 1044 654 1099 enim
709 1041 1048 1112 adimpletae
1089 1042 1229 1095 sunt
1261 1037 1468 1106 ﬁgurae
1507 1041 1565 1090 et
1611 1032 1841 1088 umbrae
1877 1025 2143 1098 depulere

495 1132 835 1202 veritasque
872 1135 1023 1184 inter
1060 1127 1335 1182 homines
1373 1125 1597 1179 sincere
1633 1121 1840 1178 illuxnt,
1888 1114 2145 1180 gloriam

494 1219 749 1274 afferens
787 1217 1007 1286 Virgini
1046 1232 1179 1287 qua:
1218 1213 1534 1286 splendore
1573 1227 1684 1266 suo
1713 1207 1896 1264 caelos
1934 1217 2146 1259 omnes

494 1307 1450 1377 obscurat,ccelestesquecunctas
1466 1301 1762 1357 claritates
1775 1298 1954 1364 longe
1966 1291 2149 1348 vincit

495 1403 672 1470 atque
727 1398 860 1468 ipsa
889 1395 1201 1466 Seraphim
1237 1398 1293 1448 et
1329 1390 1653 1448 Cherubim
1689 1396 1949 1459 superat,
2008 1382 2146 1454 quis

497 1502 696 1541 sermo
734 1485 822 1540 vel
853 1500 988 1556 quae
1018 1483 1228 1550 lingua
1256 1486 1339 1536 tot
1371 1487 1427 1535 et
1453 1484 1755 1534 tantorum
1783 1471 2147 1529 mirabilium

492 1579 708 1644 poterit
743 1588 1041 1644 exponere
1075 1569 1506 1642 plenitudinem
1538 1567 1565 1620 Ὺ
1593 1569 1712 1634 Ego
1739 1564 1915 1632 igitur
1943 1574 2152 1615 vereor

493 1676 569 1716 ne
595 1677 774 1733 pcena
800 1661 1022 1728 dignus
1041 1658 1329 1722 inveniar,
1358 1656 1463 1726 qui
1486 1670 1606 1709 non
1627 1654 1750 1723 jam
1774 1665 2024 1706 manum
2045 1645 2150 1701 sed

2255 492 2395 562 ἡμᾶς
2457 493 2864 570 ἀπολεξαμὲνους
2923 496 3072 567 ἐρεῖν,
3134 501 3322 549 τούτου
3372 501 3555 569 χάριν
3627 500 3870 569 ignari-:5:-

2253 599 2363 650 μεν,
2403 581 2510 634 ἀλλ’
2548 587 2682 637 ὥστε
2733 592 2886 656 μόνον
2933 586 3196 657 ἅψασθαι,
3251 591 3343 638 καὶ
3392 591 3457 638 τό
3500 586 3712 657 λεχθὲν
3767 589 3870 636 ὗες.-

2255 667 2442 741 δεῖξαι,
2516 679 2775 737 σώζοντας
2834 675 2964 729 εἶναι
3012 674 3253 734 δηλονότι
3304 685 3617 748 πανταχοῦ
3662 681 3782 734 τούς
3807 684 3876 726 τν-

2252 779 2402 825 πους,
2433 766 2648 826 καὶτὰς
2679 768 2827 825 σκιὰς
2877 775 2979 816 τῶν
3033 766 3248 837 ὕστερον
3302 765 3386 816 ἐπὶ
3462 774 3572 826 τῆς
3631 768 3872 838 παρθένον

2253 845 2392 919 δίχα
2444 856 2634 914 παντὸς
2699 853 3122 926 ἐπικαλύμματος
3185 854 3436 928 λαμπρῶς
3494 854 3872 926 ἐκφανθέντεν,

2254 939 2398 993 Ἐπεὶ
2469 940 2520 994 δ’
2570 947 2618 995 οἱ
2665 947 2820 996 τύποι
2917 945 3181 1016 παρῆλθον
3245 951 3335 996 καὶ
3405 946 3804 1019 ὑπεχώρησαν
3847 963 3872 994 ε

2256 1035 2423 1097 σκιαὶ,
2477 1037 2566 1082 καὶ
2621 1035 2864 1106 καθαρῶς
2916 1035 2945 1090 ἠ
3009 1033 3223 1092 ἀλήθεια
3279 1038 3496 1104 γέγονεν
3566 1033 3627 1084 ἐν
3701 1033 3878 1102 5059*

2252 1137 2390 1185 ποις,
2459 1117 2616 1183 δόξαν
2671 1126 2898 1194 φέρουσα
2960 1131 3023 1195 τῇ
3075 1125 3308 1196 παρθένῳ
3365 1125 3587 1183 πάντας
3646 1122 3882 1195 οὐρανούς

2255 1208 2727 1282 ἀποκρύπτουσαν·
2793 1218 2882 1264 καὶ
2969 1211 3496 1286 ύπεραναϐαίνουσαν
3610 1217 3712 1275 μὲν
3808 1215 3880 1269 τὰς

2256 1299 2359 1349 ἄνω
2437 1299 2820 1371 λαμπρότητας,
2900 1301 3035 1353 αὐτὰ
3104 1299 3164 1353 δὲ
3237 1303 3316 1370 (1)
3390 1303 3652 1354 κάτωθεν
3715 1301 3882 1359 ἑαυτῆς

2257 1392 2484 1459 Σεραφὶμ
2555 1393 2645 1440 καὶ
2727 1389 2993 1464 Χερουϐὶμ
3048 1390 3305 1462 ἀφιεῖσαν,
3368 1396 3451 1452 τίς
3523 1391 3594 1442 ἂν
3666 1390 3877 1461 λογοςξ

2900 1301 3035 1353 αὐτὰ
3104 1299 3164 1353 δὲ

2257 1481 2384 1527 ποία
2439 1477 2658 1548 γλῶσσα
2721 1488 2820 1531 τῶν
2877 1483 3134 1532 τοσούτων
3183 1486 3273 1532 καὶ
3331 1484 3601 1533 τοιούτων
3671 1480 3883 1552 ἀπείρῳ

2259 1571 2342 1616 καὶ
2430 1575 2654 1638 φρικτὼν
2700 1571 2972 1640 θαυμάτων
3031 1566 3397 1640 ἐκδιηγεῖσθαι
3453 1573 3884 1642 κατισχύσοιῂ

2257 1653 2432 1711 πλήθη
2467 1671 2481 1720 ;
2515 1656 2646 1726 Ἐγὼ
2674 1660 2764 1728 μεν
2795 1657 2883 1709 οὖν
2914 1654 3134 1710 δέδοικα
3159 1662 3231 1730 μή
3257 1663 3385 1710 ποτὶ
3425 1678 3529 1730 μοι
3592 1665 3694 1710 καὶ
3749 1669 3884 1709 tam

493 1751 733 1821 impura
754 1748 915 1803 labia
940 1753 1017 1802 ad
1038 1762 1240 1801 arcam
1259 1748 1376 1800 Deo
1396 1743 1636 1816 plenam
1649 1738 2040 1801 admoverim,
2055 1750 2137 1789 ve-

2260 1746 2562 1816 κατάκριμα
2630 1751 2830 1816 γίνοιτο
2917 1751 3066 1820 φέρον
3131 1747 3367 1813 εὐθύνην,
3443 1750 3517 1815 εὶ,
3595 1753 3680 1820 μὴ
3741 1753 3886 1819 χερτξ

494 1839 634 1895 teris
664 1838 819 1893 illius
841 1836 1110 1892 miraculi
1141 1835 1450 1891 iteratione
1478 1831 1620 1887 mihi
1640 1829 1967 1902 proposita,
1986 1823 2152 1897 quod

493 1943 770 1983 monerer
792 1925 1091 1997 prohiberi
1111 1940 1216 1980 eos
1237 1925 1340 1996 qui
1361 1939 1483 1978 non
1508 1928 1648 1976 sunt
1677 1919 1907 1990 absque
1943 1931 2155 1972 macu-

492 2018 571 2083 la,
598 2033 670 2071 ne
692 2016 956 2072 audeant
972 2014 1256 2070 accedere
1275 2013 1362 2068 vel
1382 2012 1456 2068 ad
1479 2011 1730 2066 umbras
1755 2024 1906 2062 arcae
1926 2024 1938 2058 :
1961 2005 2153 2060 ethoc

1637 2119 1664 2148 ι(
1698 2099 1890 2162 Quare
1919 2099 1975 2148 te
2011 2107 2150 2148 cum

494 2197 699 2251 sordes
749 2208 869 2250 non
907 2191 1330 2264 expurgaveris
1383 2188 1626 2245 salutari
1677 2185 1960 2246 carbone,
1999 2183 2153 2236 sicut

494 2283 629 2339 fecit
655 2284 855 2347 lsaias,
885 2297 1079 2353 neque
1102 2281 1370 2351 linguam
1399 2278 1680 2333 exemeris
1711 2272 1978 2346 pondere
2013 2286 2148 2326 ma-

492 2372 690 2428 lorum
725 2388 859 2444 qua:
895 2387 966 2425 ea
1001 2369 1288 2436 irretiunt,
1326 2367 1622 2422 mirabilia
1678 2362 1934 2418 sustines
1971 2375 2148 2414 enar-

494 2477 624 2516 rare
659 2462 880 2534 quibus
914 2460 1111 2530 impar
1145 2462 1234 2512 est
1267 2457 1447 2512 etiam
1506 2452 1858 2522 angelorum
1910 2454 2148 2517 natura,

495 2122 532 2160 a
561 2108 680 2160 Deo
710 2105 840 2175 ipso
867 2103 1014 2158 mihi
1046 2101 1299 2157 videbar
1335 2100 1542 2156 audire
1583 2115 1595 2152 :

493 2567 627 2624 quae
663 2553 849 2606 haeret
883 2564 1004 2621 prae
1041 2547 1397 2617 ignorantia,
1448 2543 1782 2611 intelligens
1844 2538 2147 2594 celsitudi-

492 2657 634 2696 nem
669 2642 696 2695 ‘I
731 2662 759 2688 »

565 2817 660 2872 His
679 2815 911 2870 territus
941 2811 1420 2883 cogitationibus,
1437 2825 1558 2866 non
1586 2823 1837 2881 possum
1862 2805 2016 2861 ultra
2042 2820 2144 2860 ac-

490 2906 723 2961 cedere.
755 2904 869 2959 Sed
894 2919 1032 2959 cum
1067 2918 1104 2957 a
1141 2909 1193 2958 te
1215 2901 1483 2956 salvatus
1515 2900 1649 2962 sim,
1683 2915 1720 2953 ο
1757 2899 1934 2952 Mater
1968 2895 2083 2950 Dei.
2110 2910 2147 2950 a

491 2994 708 3051 tedum
741 2991 1080 3058 ceciderim,
1121 2997 1372 3058 erectus,
1401 2989 1546 3043 dum
1579 2987 1842 3054 frangor,
1870 2982 2142 3042 refectus.

2259 1838 2433 1902 μόνον,
2468 1832 2593 1884 ἀλλά
2631 1840 2721 1886 καὶ
2749 1835 2982 1906 χείλεσιν
3009 1835 3250 1906 imi-por;
3303 1845 3369 1908 τῇ
3429 1834 3701 1908 θεοδόχῳ
3745 1855 3872 1908 προσ

2261 1939 2366 1991 ειμι
2451 1919 2677 1994 κιϐωτῷ,
2760 1923 3021 1997 πόρρωθεν
3095 1925 3245 1985 αὖθις
3327 1925 3517 1998 ἑτέρου
3629 1927 3892 1996 θαύματος

2260 2007 2609 2074 ἀπειλοῦντος,
2643 2012 2753 2082 ἅμα
2779 2008 2838 2064 δὲ
2889 2018 2981 2064 καὶ
3019 2011 3350 2086 ἀπείργοντος
3415 2021 3531 2064 τῶν
3612 2019 3696 2085 μὴ
3741 2018 3889 2066 καθει-

2257 2106 2360 2172 ρών
2430 2097 2633 2170 μηδένα
2710 2099 2904 2172 τολμᾷν
2988 2103 3387 2175 προσάπτεσθαι
3459 2099 3622 2174 μηδὲ
3689 2111 3794 2164 τῆς
3851 2104 3892 2153 ἐν

2258 2195 2371 2260 τρῖς
2403 2196 2575 2248 σκιαῖς
2600 2186 2824 2240 κιϐωτού
2853 2191 2934 2258 (2)
2988 2211 3000 2222 '
3055 2188 3257 2242 κάκεῖνο
3304 2197 3400 2241 τοῦ
3460 2198 3616 2244 Θεοῦ
3676 2189 3888 2250 δικαίως

2258 2275 2547 2348 ἀκούσαιμι
2610 2277 2840 2348 λέγοντος
2882 2299 2895 2312 ~
2946 2278 3106 2330 «Ἵνα
3160 2284 3210 2330 τί
3263 2282 3351 2344 σύ,
3420 2287 3569 2351 μήτε
3613 2284 3884 2352 καθαρσεςν

2257 2373 2356 2416 τῶν
2407 2367 2583 2439 ῥύπων
2651 2370 2989 2439 χρησάμενος
3043 2369 3281 2439 ἄνθρακι,
3337 2369 3463 2420 καθ’
3516 2369 3761 2421 Ἡσαΐαν
3815 2373 3882 2434 {33

2258 2455 2399 2512 ἰσως,
2424 2458 2550 2524 μήτε
2577 2458 2672 2511 τὴν
2729 2453 2992 2523 γλῶττταν
3051 2453 3184 2515 ἀνεὶς
3240 2462 3334 2506 τοῦ
3391 2458 3747 2528 ἱπικειμὲνιου

2253 2558 2375 2611 ρους
2469 2549 2569 2591 τῶν
2649 2537 2943 2593 πεδούντων
3018 2551 3210 2600 κακῶν.
3279 2538 3513 2614 ἐκδιη-γῇ
3578 2546 3875 2616 θαυμάσια,

2254 2633 2384 2700 πρός
2435 2628 2469 2679 ἆ
2514 2625 2643 2700 μηδ’
2703 2629 2930 2700 ἀγγέλων
2982 2628 3182 2703 ἐξαρκεῖ
3244 2634 3397 2702 φύσις
3458 2647 3474 2697 ;
3541 2631 3746 2705 ἀπορεῖ
3801 2653 3874 2682 και

2252 2719 2353 2788 γὰρ
2377 2717 2508 2774 αὕτη
2540 2726 2870 2770 κατανοοῡσα
2897 2721 2956 2770 τὸ
2987 2721 3215 2790 μέγεθος.
3249 2737 3279 2772 ν

2323 2808 2529 2857 Τούτων
2582 2824 2646 2877 με
2697 2805 2990 2878 φοϐούντων
3077 2816 3176 2859 τῶν
3249 2805 3550 2879 λογισμων,
3613 2811 3722 2862 οὐκ
3779 2815 3874 2880 ἔχει,

2252 2892 2547 2966 προσϐῆναι
2607 2902 2714 2946 τοῖν
2762 2894 2967 2966 ἐφεξης.
3028 2895 3189 2962 Πλὴν,
3243 2898 3321 2948 ὅτι
3383 2893 3486 2948 διὰ
3549 2907 3660 2950 σού
3718 2906 3874 2952 σεσι-

2256 3001 2407 3053 σμαι,
2433 2991 2596 3057 μῆτερ
2655 2991 2810 3051 Θεοῦ,
2866 2988 2957 3036 καὶ
3000 2991 3173 3036 πεσὼν
3239 2983 3586 3059 ἀνωρθώθην,
3669 2997 3763 3041 καί
3793 3008 3870 3039 στι

489 3081 787 3155 numquid
824 3081 1066 3137 tandem
1094 3081 1368 3134 virtutem
1419 3077 1711 3132 sermonis
1770 3074 2045 3144 adeptus,
2090 3077 2137 3127 et

2254 3070 2446 3144 τριϐεὶς
2502 3070 2922 3143 ἀναπίπλασμαι,
3005 3079 3112 3134 πῶς
3165 3072 3224 3124 ἂν
3281 3073 3428 3144 ὅλως,
3494 3075 3672 3146 λόγον
3735 3074 3874 3128 δύνα-

489 3171 826 3244 quamdam
859 3171 1121 3225 emittere
1154 3183 1364 3224 vocem
1401 3165 1752 3238 permissus,
1785 3177 1908 3217 non
1937 3167 2145 3232 potero

489 3259 695 3316 conari
725 3264 788 3314 ut
817 3258 1032 3329 loquar
1055 3256 1084 3310 7
1106 3256 1340 3312 Minime
1371 3270 1513 3326 ergo
1545 3252 1754 3309 tacebo
1790 3250 2143 3321 mysterium

491 3349 719 3417 salutis,
756 3347 861 3403 sed
891 3352 953 3401 ut
985 3345 1181 3401 licebit
1206 3344 1509 3400 eructabo.

562 3527 678 3579 Nos
714 3521 830 3576 sub
858 3523 1010 3591 jugo
1035 3535 1146 3575 suo
1181 3534 1386 3574 servos
1415 3516 1655 3573 tenebat
1682 3515 1776 3571 ille
1798 3530 1899 3588 qui
1927 3529 1965 3569 a
1987 3515 2142 3585 priu-

489 3613 646 3685 cipio
683 3611 900 3667 erravit
932 3615 990 3665 et
1025 3609 1381 3681 apostatavit
1414 3623 1450 3662 a
1496 3609 1630 3667 Deo.
1669 3620 1900 3676 nosque
1937 3603 2140 3679 gloriae

487 3702 540 3772 ej
551 3718 618 3756 us
645 3715 816 3772 aqua
829 3695 1374 3754 deciditetavulsus
1387 3693 1750 3750 esthaeredes
1763 3692 1996 3748 futuros
2020 3699 2140 3748 ten-

487 3788 810 3846 tationibus
845 3787 1198 3854 lacessebat,
1243 3789 1485 3857 propter
1523 3782 1809 3854 antiquan
1868 3781 2140 3837 rebellio-

485 3895 627 3934 nem
657 3879 717 3933 in
745 3877 1055 3949 passiones
1087 3891 1198 3930 nos
1227 3873 1608 3945 prmeipitans
1630 3871 1805 3943 quasi
1836 3869 2138 3941 compedi-

483 3967 600 4023 bus
635 3967 934 4022 vinciebat
962 3963 1492 4024 inextricabilibus,
1548 3977 1621 4015 ne
1654 3962 1866 4014 iterum
1902 3959 1981 4014 ab
2009 3959 2139 4028 ejus

486 4056 802 4128 tyrannide
827 4054 1079 4121 liberati,
1103 4067 1424 4124 possemus
1445 4050 1523 4105 ad
1557 4049 1859 4104 Dominum
1884 4048 2139 4117 regredi,

485 4150 561 4211 et,
589 4150 775 4200 morte
795 4142 968 4198 nobis
992 4157 1098 4212 pro
1123 4140 1371 4196 custode
1394 4138 1732 4206 constituta,
1759 4137 1817 4192 in
1840 4137 2138 4192 infernum

485 4230 815 4286 includeret
857 4235 914 4284 et
969 4228 1295 4284 custodiret
1345 4226 1458 4280 sub
1497 4225 1682 4297 portis
1733 4223 2136 4280 tenebrarum.

486 4321 603 4374 Nos
639 4334 776 4372 vero
797 4317 927 4387 ejus
945 4317 1258 4387 potestatis
1285 4315 1607 4386 tyrannica:
1624 4314 1787 4368 triste
1800 4316 2136 4380 servientes,

483 4421 680 4477 neque
708 4405 886 4460 tantis
907 4407 966 4459 iu
988 4405 1204 4476 quibus
1228 4403 1618 4458 versabamur
1660 4401 1830 4458 malis
1857 4402 2132 4472 permoti,

487 4495 907 4564 gaudebamus
926 4493 1000 4548 de
1019 4495 1214 4559 ruina,
1242 4492 1647 4561 gloriabamur
1670 4493 1731 4546 in
1749 4491 2135 4562 passionibus

486 4598 622 4654 qum
643 4598 754 4638 nos
775 4582 852 4637 ad
869 4588 1124 4636 mortem
1146 4597 1334 4652 usque
1358 4581 1691 4643 trahebant,
1717 4587 1962 4651 propter
1982 4595 2138 4635 erro-

484 4687 612 4727 rem
643 4675 699 4726 et
723 4675 951 4726 tantam
982 4669 1375 4739 dejectionem
1414 4669 1826 4723 misericordia
1851 4667 2037 4736 digni.
2073 4670 2138 4722 Et

483 4761 696 4833 quales
726 4765 894 4816 erant
915 4759 1016 4831 qui
1050 4759 1187 4814 talia
1214 4758 1595 4831 patiebantur
1623 4760 1650 4812 ‘I
1684 4758 2010 4829 imaginem
2040 4758 2137 4813 Dei

485 4856 779 4921 gerentes,
813 4849 1142 4904 miserrime
1169 4849 1436 4918 jacentes
1465 4848 1524 4902 in
1579 4847 1858 4902 servitute
1915 4853 1972 4902 et
2025 4847 2137 4903 sub

483 4939 800 5010 tyrannide
830 4937 1074 5005 inimici,
1105 4936 1540 5006 miserrimique
1572 4935 1768 5002 magis
1792 4939 2036 5006 propter
2052 4934 2138 4990 in-

485 5027 951 5092 sensibilitatem,
986 5026 1149 5098 quia,
1176 5025 1473 5080 factorem
1513 5023 1876 5088 deserentes,
1909 5024 2136 5094 seipsos

484 5114 640 5172 hosti
670 5115 1005 5181 tradebant,
1028 5113 1132 5186 qui
1152 5128 1339 5169 manu
1367 5111 1521 5167 dura
1547 5115 1772 5178 tenens,
1823 5117 2137 5182 sequentes

553 5387 640 5473 (i).
673 5386 854 5474 Codd.
890 5377 1105 5474 αιξτοξὲε.
1130 5386 1193 5449 in
1228 5388 1274 5449 Α
1305 5379 1630 5474 praesertim
1681 5377 2023 5474 coniunctio
2074 5374 2133 5451 δὲ

481 5465 709 5603 ἓξὲῗὲ
726 5465 806 5521 ad
824 5465 1234 5522 encliticarum
1250 5465 1500 5523 modum
1515 5473 1604 5523 est
1615 5465 1856 5540 scripta,
1881 5477 2132 5526 accentu

550 5605 631 5674 (2)
655 5608 980 5662 Percussus
1008 5611 1094 5663 est
1118 5624 1155 5663 a
1172 5610 1290 5663 Deo
1311 5610 1460 5678 01a,
1480 5608 1648 5680 quod
1667 5625 1871 5666 arcam
1890 5607 2129 5666 foederis

2252 3180 2339 3232 μιν
2379 3162 2516 3231 ἔχων
2545 3165 2635 3212 καὶ
2695 3167 2864 3232 φωνην
2919 3181 3036 3213 τινα
3099 3158 3384 3234 δυνάμενος
3441 3161 3693 3234 ἀφιέναι,
3763 3167 3868 3216 id!

2252 3269 2302 3300 τι
2387 3245 2757 3321 σπουδάσαιμι
2799 3253 2901 3322 πρό
2971 3257 3062 3302 τοῦ
3115 3259 3283 3302 ταῦτα
3322 3254 3613 3324 κηρύττειν
3645 3272 3663 3316 ;
3700 3256 3871 3306 ούιονν

2250 3335 2375 3390 οὐδε
2445 3342 2531 3390 τὸν
2603 3346 2693 3399 τῆς
2746 3344 3009 3412 σωτηρίας
3060 3345 3403 3412 σιωπήσομαι
3453 3346 3690 3414 τρόπον,
3749 3343 3866 3404 ἀλλ’,

2250 3430 2320 3488 ὡς
2358 3431 2486 3496 ενὸν,
2519 3429 2652 3500 ὑμνη
2663 3447 2757 3484 σω,

2321 3513 2450 3588 Εἶχε
2675 3519 2814 3588 ἡμᾶς
2863 3513 3258 3590 δουλωσάμενος
3304 3520 3330 3571 ό
3383 3524 3474 3571 καὶ
3523 3525 3628 3578 τὴν
3692 3521 3863 3594 ἀρχὴν

2248 3603 2510 3666 πλανήσας
2533 3609 2622 3658 καὶ
2661 3605 2965 3666 ἀποστήσας
3006 3614 3160 3670 Θεοῦ,
3211 3614 3300 3660 καὶ
3347 3605 3508 3670 δόξης
3731 3611 3859 3664 ἑκεί-

2247 3715 2340 3757 νης
2421 3697 2533 3748 ὅθεν
2607 3695 2757 3756 αὐτὸς
2842 3694 3109 3756 ἐκϐληθεὶς
3186 3695 3438 3770 ἀπερρίφη
3521 3698 3866 3773 κληρονομεῖς.

2246 3783 2520 3855 μέλλοντας
2574 3782 2623 3835 ἐν
2671 3791 2936 3855 μηχαναῖς
2987 3783 3346 3856 ἀπωσάμενος,
3399 3790 3531 3857 πρὸς
3595 3785 3654 3840 δ’
3697 3788 3860 3859 ἐσχα-

2247 3892 2342 3932 της
2408 3871 2620 3944 ἀτιμίας
2676 3875 2817 3930 παθη
2867 3879 3206 3944 κατενεγκὼν,
3269 3879 3358 3926 καὶ
3416 3872 3565 3945 εἶχεν
3614 3875 3864 3949 iugulator;

2247 3964 2430 4013 ὼσονεὶ
2494 3957 2680 4022 πέδαις
2759 3958 3054 4033 δεσμεύσας
3136 3966 3202 4023 ὡς
3265 3959 3395 4034 μηδ’
3473 3967 3628 4035 ἔχειν
3724 3970 3864 4025 αὖθις

2248 4052 2407 4122 ἡμᾶς,
2456 4049 2755 4111 ἕκλυθέντας
2813 4057 2908 4110 τῆς
2971 4050 3131 4104 αὐτου
3184 4047 3527 4126 πυραννίδος,
3590 4059 3734 4127 πρὸς
3783 4062 3863 4107 τοι

2250 4136 2511 4195 δεσπότην
2599 4135 2936 4210 ἀναδραμεῖν,
3000 4147 3092 4191 καὶ
3143 4141 3361 4192 θάνατον
3418 4143 3548 4211 ἡμῖν
3602 4142 3863 4201 ἐπέστησε

2249 4227 2470 4294 φύλακα,
2510 4233 2600 4279 καὶ
2628 4227 2892 4300 καθεῖρξεν
2959 4226 3009 4278 ἓν
3075 4225 3212 4298 ᾅδου
3261 4235 3351 4281 καὶ
3397 4230 3588 4291 πύλαις
3641 4239 3859 4292 σκότους

2249 4315 2699 4388 κατησφαλίσατο.
2763 4322 2862 4368 Καὶ
2946 4318 3097 4387 ἡμεῖς
3156 4314 3282 4386 ἦμεν
3343 4325 3405 4390 τῇ
3460 4323 3664 4372 τούτου
3713 4320 3858 4375 δυνα-

2251 4411 2397 4476 στείᾳ
2479 4409 2564 4456 καὶ
2628 4401 2898 4478 τυραννίδι
2955 4401 3304 4475 δουλεύοντες,
3363 4403 3496 4478 μηδ’
3557 4410 3741 4462 αὐτῶν
3801 4410 3857 4466 δή

2247 4497 2440 4546 τούτων
2507 4493 2558 4544 ἐν
2624 4494 2696 4554 οἷς
2761 4492 2912 4565 ἔσμεν
2970 4489 3215 4550 δηλονότι
3257 4504 3412 4547 κακοῖ
3457 4497 3856 4570 αἰσθανόμενοι,

2243 4590 2304 4655 τῇ
2373 4579 2419 4633 δ’
2503 4580 2730 4652 ἀπωλείᾳ
2803 4587 3311 4656 συνευφραινόμεναι,
3399 4586 3545 4642 πάθη
3605 4599 3856 4660 τιμάττις

2247 4668 2371 4743 ἦμεν
2411 4669 2463 4732 ἐξ
2518 4670 2584 4720 ὧν
2641 4669 2719 4722 ἔπ’
2768 4669 2921 4722 αὐτὸν
2971 4670 3250 4744 ἕτρίχομεν
3310 4674 3552 4742 θάνατον,
3625 4675 3856 4730 illam:

2243 4767 2334 4819 τῆς
2389 4757 2594 4818 ἀπάτης
2642 4763 2732 4810 καὶ
2777 4768 2868 4819 τῆς
2923 4763 3188 4822 τοσαύτης
3241 4758 3476 4824 ἀδοξίας·
3532 4770 3630 4817 καὶ
3703 4777 3858 4820 ταὺτα

2245 4853 2420 4916 τίνες;
2476 4849 2526 4898 οἱ
2576 4856 2671 4908 τῆς
2735 4847 2928 4909 εἰκόνος
2985 4856 3141 4916 Θεοῦ,
3204 4847 3531 4924 ἐλεεινότεροι
3577 4863 3688 4914 τῆς
3749 4853 3859 4907 δον-

2245 4936 2383 4997 λείας
2441 4941 2532 4987 καὶ
2609 4944 2700 4996 τῆς
2765 4955 2857 4988 του
2914 4936 3113 5009 ίχθροῡ
3190 4935 3520 5011 τυραννίδος,
3563 4943 3748 5013 πολλῷ
3807 4942 3858 4996 δι

2244 5025 2391 5077 πλέον
2440 5024 2612 5076 ἄθλιοι
2657 5031 2754 5086 τῆς
2812 5025 3184 5096 ἀναισθησίας,
3247 5029 3327 5079 ὃτι
3379 5033 3465 5080 τὸν
3527 5027 3857 5109 δημιουρ-νς,

2245 5112 2687 5184 ἐγκαταλιπόντες,
2765 5116 2994 5186 φέροντες
3065 5114 3280 5176 ἑαυτούς
3334 5124 3409 5187 τῷ
3464 5117 3715 5192 πολεμίῳ
3777 5143 3856 5174 πε-

2242 5393 2430 5451 manti
2456 5382 2902 5465 centrectassei,
2936 5383 3001 5452 ut
3033 5393 3122 5452 est
3146 5378 3209 5451 in
3231 5380 3284 5451 ll
3308 5379 3456 5467 Reg.
3493 5399 3552 5454 e.
3593 5405 3676 5456 Vr.
3718 5393 3851 5459 Sunt

2241 5473 2298 5523 et
2326 5467 2443 5523 alia
2468 5467 2740 5539 exempla
2769 5467 3005 5523 similia.

2281 5578 2284 5583 -
2311 5539 2391 5610 (3)
2423 5539 2562 5595 Vide
2581 5540 2716 5604 lsai.
2753 5555 2832 5610 γι,
2858 5543 2914 5608 6,
2945 5544 3000 5596 7.
