3934 6322
11 318 38 370 ι
50 311 174 371 509

1091 307 1182 367 DE
1223 307 1439 365 FESTO
1478 295 1931 363 DORMITIONIS
1968 309 2025 366 S.
2066 303 2331 366 MANE.

3261 313 3399 371 1510

7 435 411 510 ραδεδώκαμεν
443 454 458 468 ⁶
502 438 528 489 ό
569 433 628 490 δε
653 437 1043 511 χειρωσάμενος
1095 434 1243 495 ὅλους
1308 431 1469 485 εἷλκεν
1518 427 1638 481 ἁκο-

1831 429 2031 488 Lhebat
2049 433 2378 503 gaudenter
2398 433 2460 489 in
2487 433 2812 503 infernum,
2834 435 3001 507 quod
3028 434 3042 489 l
3073 440 3159 491 est
3180 435 3398 493 domus

7 528 346 587 λουθοῦντας
400 528 684 600 προθύμως
760 525 827 586 εἰς
883 523 1132 599 βάραθρα
1181 526 1241 574 τό
1302 519 1488 573 ἑαυτόῦ
1551 536 1641 568 κα-

7 622 323 688 ταγωγιον.

98 723 183 774 Ou’
218 727 320 795 μὴν
349 721 478 773 ἀλλὰ
511 717 755 795 παρεδεὶν
828 725 991 793 μέχρι
1046 722 1238 779 παντὸς
1300 717 1394 770 οὐκ
1446 715 1643 773 ἦν’τοῦ

8 817 148 872 ταῖς
206 815 368 885 χερσὶ
415 809 703 870 πλάσαντος
767 814 856 860 καὶ
943 817 1039 869 τῆς
1109 805 1244 868 ἰδίας
1337 800 1644 877 μεταδόντος

10 900 232 961 εἰκόνος
277 905 366 952 καὶ
386 909 479 960 τῆς
507 907 665 971 τιμῆς
697 920 708 932 ο
783 899 968 951 οὔκουν
1022 895 1146 951 οὐδὲ
1207 892 1472 970 παρεῖδεν,
1528 889 1646 944 οὐδ’

11 988 205 1059 ἀφῆκε
236 993 424 1061 τρόπον
453 989 506 1040 ὃν
536 987 726 1060 ὶφημεν
776 985 995 1048 δούλους
1058 986 1362 1058 ἀγομένους,
1426 982 1513 1044 ούς
1571 985 1642 1053 μὴ

12 1082 191 1148 μόνον
223 1076 536 1151 ἐλευθέρους,
603 1076 732 1130 ἀλλὰ
797 1083 889 1130 καὶ
939 1085 1040 1129 τῶν
1106 1075 1188 1128 ἰπὶ
1249 1083 1345 1144 γῆς
1410 1071 1648 1124 ἁπάντων

13 1165 227 1237 ἄρχειν
255 1171 588 1240 προκρέκρινε
641 1186 652 1200 ·
711 1173 881 1240 χωρεί
936 1162 985 1218 δ’
1039 1165 1085 1226 ἐς
1148 1164 1358 1229 αὐτοὺς,
1414 1165 1502 1213 καὶ
1556 1165 1648 1212 τοῦ

13 1263 346 1326 κρατοῦντος
393 1255 692 1330 ἐξαιρεῖται,
769 1255 1070 1314 καταλύσας
1133 1259 1229 1311 τήν
1314 1249 1644 1317 δυναστείαν,

12 1346 146 1415 ἃμα
179 1341 239 1396 δε
267 1348 350 1396 καὶ
373 1348 430 1396 τὸ
479 1353 576 1406 τῆς
637 1342 850 1414 ἀγνοίας
910 1341 1164 1403 διαλύσας
1225 1346 1406 1401 σκότος
1476 1338 1558 1410 ὑφ’

13 1440 256 1505 κατεῖχε
284 1432 643 1505 πλανωμένους
672 1435 812 1505 ἡμᾶς
840 1454 852 1466 ο
898 1439 1066 1507 χωρεῖ
1096 1429 1154 1484 δε
1181 1439 1292 1492 πῶς
1325 1447 1338 1495 ;
1372 1460 1442 1468 —-—
1506 1426 1648 1481 Ἀλλ’

16 1521 261 1574 ἐνταῦθά
312 1541 402 1592 μοι
438 1527 528 1573 καὶ
573 1523 602 1573 6
648 1528 752 1583 πᾶς
814 1521 982 1592 λόγος,
1033 1517 1214 1578 ἐπειδὴ
1293 1524 1378 1571 καὶ
1462 1520 1647 1577 πάντες

18 1613 220 1677 τύποι,
246 1616 336 1663 καὶ
377 1609 634 1682 σύμϐολα,
703 1615 794 1663 καὶ
853 1613 902 1662 οἱ
947 1612 1388 1683 προκηρύττοντες
1436 1605 1645 1680 πόρρω-

23 1701 146 1765 θεν,
207 1697 428 1751 ἐνταῦθα
485 1699 767 1774 πληροῦσι,
829 1699 969 1758 τέλος
1013 1702 1221 1769 ἔχοντες
1281 1702 1374 1755 τὴν
1458 1697 1646 1770 παρθέ-

19 1806 142 1839 νον.
180 1786 341 1848 Αὐτός
407 1793 496 1840 καὶ
547 1791 648 1862 γὰρ
707 1792 737 1840 ὄ
785 1793 1095 1862 προαιώνιος
1140 1793 1230 1838 τοῦ
1289 1793 1422 1838 Θεοῦ
1480 1789 1646 1854 Λόγος

22 1875 274 1936 καταϐὰς
311 1876 360 1928 ἐν
390 1877 546 1948 αὐτῇ,
586 1879 795 1951 καθαρᾷ
847 1877 980 1948 οὓσῃ
1030 1879 1114 1927 καί
1181 1875 1401 1947 ἀμώμῳ,
1448 1878 1539 1925 καὶ
1595 1875 1648 1923 τί

25 1963 238 2018 rana
289 1966 319 2024 ἦ
405 1973 496 2018 τοῦ
558 1965 886 2026 κατελθοντος
945 1965 1084 2037 ἀξίᾳ,
1142 1964 1274 2039 σὰρξ
1320 1969 1517 2035 γίνεται
1571 1959 1646 2014 δι’

25 2057 212 2124 ἡμῶς,
247 2072 469 2126 φορρσας
505 2057 696 2112 ταύτην
753 2054 808 2106 ἐκ
852 2064 953 2106 τῶν
1005 2055 1171 2114 αὐτῆς
1231 2055 1504 2123 ὺχοάντων
1558 2056 1648 2103 καὶ

27 2146 318 2215 πανάγνων
390 2145 646 2216 αἱμάτων,
714 2150 822 2215 καὶ,
873 2149 968 2202 τὴν
1020 2145 1137 2196 κατ’
1195 2144 1367 2195 εἰκόνα
1421 2141 1647 2216 προσλα-

26 2232 146 2284 ϐών
202 2236 358 2304 φύσιν
412 2233 535 2291 ἄλην
597 2235 901 2308 φθαρεῖσαν,
967 2238 1214 2305 μίγνυται
1300 2235 1482 2303 ταύτῃ,
1560 2235 1647 2282 καὶ

27 2319 358 2374 ἀναπλάττει
417 2329 480 2394 τῇ
532 2327 791 2394 κοινωνίᾳ,
847 2326 967 2384 τοὺς
1041 2319 1205 2381 ἰδίους
1263 2317 1414 2382 αὖθις
1463 2319 1648 2372 ἐπανα-

29 2410 234 2469 σώζων
285 2413 415 2482 πρὸς
469 2410 666 2480 ἑαυτὸν,
717 2417 806 2463 καὶ

32 2499 262 2558 carm;
297 2507 358 2571 τῇ
400 2499 650 2574 ἁμαρτίᾳ.

901 2411 1242 2482 οἰκειούμενος
1318 2413 1406 2462 τοὺ
1417 2431 1437 2471 ς
1511 2411 1648 2461 ἀπω-

121 2624 288 2684 Οὗτος
321 2625 346 2675 6
403 2633 496 2685 τῆς
553 2627 802 2698 ἡμετέρας
857 2629 1122 2697 σωτηρίας
1174 2629 1364 2698 τρόπος
1429 2642 1440 2653 ·
1500 2631 1651 2676 τοῦτο

39 2716 111 2764 τὸ
184 2712 346 2763 πάλαι
411 2718 499 2765 καὶ
564 2716 982 2785 προτυπούμενον
1058 2719 1146 2765 καὶ
1211 2719 1648 2786 προμηνυόμενον,

27 2806 142 2853 καὶ
220 2808 325 2862 τοῖς
388 2808 676 2874 προφήταις
723 2801 1049 2874 λαλούμενον,
1112 2807 1321 2876 φρικτόν
1367 2809 1454 2854 καὶ
1520 2807 1654 2873 μέγα

30 2894 360 2962 μυστήριον,
411 2894 536 2950 Θεὸς
580 2895 851 2962 μεγόγενος
882 2893 1172 2963 ἄνθρωπος,
1235 2893 1317 2943 ἵνα
1371 2897 1514 2964 σώσῃ
1567 2896 1652 2944 τόν

32 2980 344 3052 ἄνθρωπον,
387 2982 510 3039 Θεὸς
563 2978 844 3054 δ’μὴτρᾳ
889 2981 1151 3054 Παρθένου
1227 2986 1316 3032 καὶ
1375 2983 1653 3051 σώματού-

32 3086 202 3140 μενος
255 3072 344 3119 καὶ
389 3068 756 3140 πλαττόμενος,
826 3073 912 3121 καὶ
971 3074 1226 3143 χρονικην
1283 3065 1651 3140 καταδεχόμε-

30 3176 131 3216 νος
183 3160 444 3227 γέννησιν,
497 3161 587 3210 καὶ
637 3159 706 3219 ὡς
755 3155 939 3230 βρέφος
983 3159 1235 3231 ὁρώμενος
1296 3163 1384 3210 καὶ
1449 3157 1654 3230 βαστα-

37 3247 264 3317 ξομενος
313 3243 562 3317 ἀγκάλαις
628 3235 922 3319 μητρόςξό
980 3250 1046 3298 τὰ
1092 3250 1261 3300 πάντα
1311 3247 1516 3320 πληρῶν
1565 3252 1655 3299 καὶ

36 3329 308 3405 μηδαμοῦ
366 3329 612 3404 μηδόλως
687 3337 1041 3406 χωρούμενος.
1106 3339 1241 3410 Πρός
1307 3344 1473 3386 ταῦτα
1524 3340 1656 3396 τίνες

36 3420 303 3492 ἀγγελῶν,
382 3426 508 3482 τίνες
592 3421 957 3496 ἀρχαγγέλων,

35 3517 183 3562 ποῖα
269 3515 513 3583 Σεραφὶμ,

36 3603 257 3673 ὁρῶντα
308 3605 392 3657 τὴν
451 3603 708 3658 τοσαύτην
790 3610 882 3652 τοῦ
965 3609 1098 3655 Θεοῦ
1145 3607 1360 3655 κένωσιν
1425 3609 1512 3655 καὶ
1570 3606 1656 3663 τός

35 3695 303 3740 τοσοῦτον
358 3683 506 3750 αὖθις
562 3692 713 3760 ὄγκον
747 3697 843 3749 τῆς
908 3696 1027 3764 περὶ
1079 3693 1218 3763 ἡμᾶς
1275 3692 1656 3764 φιλανθρωπίας

33 3781 142 3829 καὶ
172 3785 264 3836 τῆς
289 3775 519 3829 ὶπέκεινα
542 3779 719 3838 πάσης
746 3776 1000 3839 ύπεϐολῆς
1031 3777 1367 3850 ἁγαθοτητος.

1042 3424 1100 3475 οὗ
1179 3424 1582 3495 κατεπλάγησαν
1638 3441 1652 3492 ;

611 3518 736 3562 ποῖα
804 3510 1091 3584 Χερουϐὶμ,
1173 3512 1267 3563 οὐκ
1339 3511 1655 3584 ἐθαύμασεν,

120 3891 408 3956 Τοιγαροῦν
479 3889 570 3936 καὶ
651 3891 818 3937 πᾶσαι
917 3894 1018 3938 τῶν
1116 3887 1343 3960 οὐρανῶν
1409 3885 1655 3961 δυνάμεις

687 3979 776 4025 καὶ
851 3975 962 4047 μεθ’
1031 3976 1176 4047 ἡμῶν
1258 3973 1365 4028 δεῖν
1432 3977 1657 4049 ἔγνωσαν

42 4069 252 4119 στῆναι
323 4069 520 4132 γενεαῖς
576 4059 804 4123 ἀπάσαις
849 4067 940 4121 τὴν
1021 4065 1276 4136 Παρθένον
1346 4065 1637 4138 μακαριζόν

43 4172 184 4215 των,
222 4151 310 4202 καὶ
347 4151 740 4226 μακαριζόντων
798 4152 926 4223 ὁμοῦ
975 4155 1064 4224 μὲν
1122 4153 1288 4206 αὐτῶν
1346 4151 1410 4211 δὴ
1466 4157 1661 4206 τούτων

37 3974 100 4027 εὖ
111 3974 204 4033 θὺς
272 3971 467 4045 ἀνύμνη
477 3993 571 4024 σαν
581 4016 593 4040 ,

48 4241 226 4292 ἕνεκεν
295 4247 394 4290 τῶν
474 4239 635 4300 οὕτως
690 4239 958 4312 ὑπερφυῶν
1032 4240 1162 4312 αὐτῇ
1234 4243 1514 4313 μεγαλείων
1571 4262 1663 4314 γε-

48 4330 374 4399 γενημένων,
432 4327 568 4399 ὁμοῦ
623 4323 674 4380 δ’
720 4329 799 4378 ὅτι
857 4335 946 4380 καὶ
1016 4334 1110 4387 τὴν
1157 4335 1328 4389 κοινὴν
1380 4330 1665 4402 ἐλευθερίαν

52 4413 139 4468 δι’
174 4415 338 4477 αὐτῆς
361 4417 486 4488 ἡμῖν
530 4416 754 4489 ὑπῆρξεν
794 4415 1090 4483 ἀπολαϐεῖν,
1147 4418 1258 4490 ἅμα
1310 4416 1369 4472 δε
1415 4426 1504 4472 καὶ
1565 4430 1666 4472 τῶν

55 4503 292 4566 καθεξῆς
333 4504 636 4577 εὐεργεσιῶν
701 4507 885 4580 χάριν,
935 4504 995 4568 ἃς
1053 4507 1111 4559 ού
1169 4504 1394 4560 ὃιελεπεν
1445 4505 1561 4562 οὐδ’
1608 4510 1666 4562 ού

55 4598 274 4668 μήποτε
353 4592 476 4665 λίπῃ
536 4590 628 4645 διὰ
694 4597 887 4656 παντός
967 4596 1412 4668 κατεργαζομένη.
1485 4605 1666 4672 Παρα-

53 4681 305 4735 λαϐοῦσα
364 4687 454 4734 καὶ
507 4684 608 4756 γὰρ
654 4685 788 4754 ἡμᾶς
853 4679 992 4736 ἰδίαν
1048 4687 1235 4737 ὡσανεὶ
1299 4693 1667 4760 κληρονομίαν,

55 4777 176 4827 τοῖς
201 4777 292 4820 τοῦ
315 4773 440 4822 Υὶοῦ
480 4770 636 4830 αὐτῆς
667 4773 883 4843 αἰμασιν
933 4771 1032 4824 ἀπὸ
1091 4781 1186 4834 τῆς
1236 4777 1512 4848 μοχθηρᾶς
1577 4783 1667 4830 καὶ

56 4858 265 4933 φαύλης
323 4854 555 4916 δουλείας
607 4858 1072 4934 ἐξηγορασμένους,
1123 4861 1288 4915 ἐκεῖνα
1341 4869 1430 4916 καὶ
1484 4870 1664 4918 πεποί-

54 4965 191 5007 ηκεν
220 4947 344 5022 ὑπὲρ
392 4949 538 5020 ἡμῶν
579 4953 667 4999 καὶ
711 4957 865 5020 ποιεῖ,
923 4950 989 5000 ὧν
1024 4955 1113 5002 καὶ
1169 4955 1314 5024 γέμει
1375 4954 1582 5024 σύμπας
1638 4956 1664 5006 6

54 5036 207 5111 βίος,
239 5035 475 5099 ἐξαισίων
505 5035 586 5089 ἀεὶ
617 5036 946 5110 τελουμένων.

143 5141 351 5203 Ἐπειδὴ
384 5146 485 5217 γὰρ
535 5145 561 5195 ό
599 5147 735 5196 κατὰ
787 5153 884 5207 τῆς
925 5149 1136 5218 πρώτης
1193 5148 1339 5219 ἡμῶν
1394 5145 1662 5222 ἐπιχειρή-

53 5251 169 5294 σας
243 5232 550 5309 ἐλευθερίας,
627 5239 717 5286 καὶ
765 5242 932 5296 κακῶς
976 5235 1137 5293 αὐτὴν
1195 5235 1514 5309 ἀφελόμενος,
1569 5243 1662 5297 τὴν

49 5324 188 5381 ὅλην
227 5322 372 5394 ἡμῶν
425 5320 738 5394 καθύϐρισεν
789 5322 956 5390 ἀξίαν,
1016 5323 1394 5378 ἀπαλλάττεται
1455 5323 1508 5378 δ’
1545 5323 1662 5379 οὐδ’

49 5408 213 5472 αὖθις
297 5415 388 5464 καὶ
461 5413 597 5464 κατὰ
677 5420 776 5462 τῶν
854 5408 1103 5484 δευτέρων
1152 5413 1230 5467 ἀεὶ
1285 5420 1665 5488 μηχανώμενος

49 5501 340 5573 ἀμεινόνων
403 5498 488 5551 ἐπὶ
523 5497 692 5568 πολλῴ
756 5504 887 5572 πρὸς
939 5496 1096 5562 δόξαν
1159 5507 1527 5574 γεγενημένων,
1579 5505 1664 5556 οὐ-

50 5587 293 5659 δαμόθεν
330 5587 540 5640 ἄλλοθεν
593 5587 743 5658 ἡμεῖς
799 5586 1017 5649 ἕξάντεις
1061 5597 1160 5640 τῶν
1203 5591 1364 5642 αὐτοῦ
1419 5591 1660 5645 ποικίλων

1750 520 1896 590 ejus.

1823 712 1948 766 Non
1987 717 2217 783 poterat
2241 721 2441 771 autem
2465 732 2575 772 nos
2589 719 2835 776 omnino
2871 719 3142 776 deserere
3160 722 3260 792 qui
3286 738 3399 778 ma-

1752 799 1930 854 nibus
1952 817 2062 857 nos
2081 803 2498 874 plasmaverat,
2529 809 2833 879 pr0priam
2866 809 3190 881 imaginem
3206 810 3399 878 etglo-

1753 889 1905 943 riam
1937 891 2201 947 tribuens
2235 910 2247 948 :
2275 894 2452 962 igitur
2485 897 3159 970 nequedeseruitneque
3177 899 3400 955 amovit

1754 984 2058 1036 creaturas
2089 997 2242 1052 quas
2278 983 2630 1039 dicebamus
2669 986 2728 1040 in
2797 987 3136 1043 servitutem
3190 988 3399 1042 mortis

1755 1065 2100 1131 destinatas,
2124 1071 2267 1125 dum
2302 1087 2404 1126 eas
2427 1088 2547 1128 non
2577 1074 2759 1129 modo
2784 1074 3002 1132 liberas
3032 1076 3265 1142 fecerat,
3292 1075 3399 1132 sed

1756 1154 2000 1227 insuper
2035 1163 2100 1211 ut
2134 1164 2330 1215 essent
2359 1175 2539 1232 super
2557 1163 2762 1219 omnia
2788 1180 2923 1236 qua
2960 1170 3097 1220 sunt
3125 1164 3186 1220 in
3207 1169 3390 1220 terra.

1757 1245 1928 1300 Venit
1958 1251 2156 1301 autem
2186 1247 2264 1302 ad
2295 1263 2397 1304 eos
2435 1255 2487 1304 et
2520 1267 2590 1305 ex
2637 1258 2876 1323 potente
2897 1254 3086 1324 eripit,
3126 1255 3254 1323 ejus
3287 1253 3403 1310 sol-

1758 1341 1904 1390 vens‘
1936 1339 2283 1408 potentiam,
2320 1345 2377 1394 et
2410 1339 2711 1413 dissipans
2741 1343 3019 1400 umbram
3050 1345 3400 1414 ignorantia

1756 1439 1880 1495 qua
1900 1439 2013 1480 nos
2048 1425 2379 1482 involverat
2415 1427 2696 1501 deceptos
2732 1437 2785 1486 et
2821 1437 3104 1488 errantes.
3144 1435 3402 1498 Quomo-

1755 1511 1835 1567 do
1866 1519 2069 1570 autem
2104 1515 2265 1572 venit
2291 1515 2458 1571 ?Huc
2492 1519 2640 1572 enim
2678 1519 2959 1576 tendebat
3011 1525 3165 1576 totus
3228 1537 3401 1577 meus

1757 1616 1973 1668 sermo,
2012 1604 2164 1658 sicut
2187 1609 2242 1660 et
2263 1621 2474 1660 omnes
2497 1607 2704 1675 ﬁgura
2731 1614 2787 1664 et
2802 1610 3005 1666 omnia
3026 1609 3323 1682 symbola,
3346 1615 3400 1666 et

1755 1705 1968 1744 omnes
2005 1707 2041 1746 a
2075 1699 2229 1748 retro
2267 1694 2593 1766 prophetia
2613 1697 2731 1752 huc
2762 1697 3164 1770 adimplentur
3216 1700 3401 1754 ﬁnem

1676 1775 1718 1828 Β
1757 1793 1944 1833 unum
1984 1781 2274 1836 habentes
2313 1783 2634 1852 Virginem.
2685 1789 2883 1858 Ipsum
2905 1787 3063 1842 enim
3113 1791 3402 1843 aternum

1757 1867 1857 1921 Dei
1894 1868 2151 1924 Verbum
2177 1870 2553 1927 descendens
2591 1873 2651 1927 in
2691 1875 2793 1930 llla
2821 1892 2957 1947 qua
2993 1882 3120 1932 erat
3153 1892 3306 1948 pura
3348 1881 3405 1931 et

1755 1957 2367 2026 irreprehensibilis.et
2392 1962 2465 2015 de
2479 1967 2689 2018 catero
2711 1965 3170 2034 quodammodo
3195 1966 3399 2035 digna.

1757 2047 1837 2100 Eo
1863 2046 1964 2116 qui
2004 2047 2292 2113 veniebat,
2327 2048 2548 2105 factum
2584 2057 2672 2106 est
2706 2067 2814 2123 pro
2849 2053 3023 2108 nobis
3059 2054 3405 2118 caro;hanc

1757 2149 2000 2190 carnem
2040 2150 2360 2192 assumens
2399 2154 2470 2193 ex
2506 2139 2821 2196 innocente
2892 2147 2949 2197 et
3013 2143 3403 2198 immaculato

1759 2223 2005 2293 Virginis
2042 2226 2353 2293 sanguine,
2385 2227 2681 2299 accipiens
2713 2235 2898 2285 totam
2919 2237 3192 2286 naturam
3238 2230 3404 2286 vitia-

1758 2317 1882 2368 tam
1913 2313 1974 2368 in
2000 2313 2263 2384 imagine
2289 2316 2404 2382 Dei,
2445 2332 2571 2372 sese
2600 2318 2679 2373 illi
2705 2319 2960 2388 miscuit,
2985 2324 3040 2376 et
3064 2319 3405 2375 reformavit

1760 2401 1912 2456 illam
1926 2403 2040 2458 hac
2053 2404 2292 2468 unione,
2313 2421 2336 2457 s
2347 2421 2455 2460 uos
2468 2406 2674 2461 iterum
2693 2409 2932 2464 salvans
2947 2414 3001 2464 et
3015 2409 3092 2464 ad
3105 2413 3158 2464 te
3171 2409 3405 2477 erigens

1757 2491 1938 2547 unien
1946 2507 2094 2562 sque
2107 2508 2242 2562 quos
2258 2498 2590 2550 vastaverat
2601 2501 2656 2551 et
2671 2496 3067 2553 exinaniverat
3079 2503 3402 2569 peccatum.

1831 2616 1984 2672 Talis
2021 2622 2108 2672 est
2135 2623 2352 2673 nostra
2375 2618 2580 2676 salutis
2601 2620 2749 2675 ordo
2775 2638 2789 2676 :
2816 2621 2930 2676 tale
2965 2626 3054 2678 est
3077 2621 3243 2693 quod
3264 2621 3406 2677 olim

1764 2703 2213 2775 praﬁguratum
2235 2712 2341 2774 est,
2378 2710 2845 2778 pranuntiatum
2880 2715 2938 2766 et
2955 2725 3060 2781 per
3085 2710 3408 2782 prophetas

1762 2794 2141 2864 pradictum,
2163 2795 2538 2851 tremendum
2562 2814 2971 2871 magnumque
3010 2799 3365 2870 mysterium
3391 2816 3405 2854 :

1765 2884 1919 2935 Deus
1937 2898 2154 2954 nempe
2172 2883 2343 2939 homo
2360 2885 2550 2940 factus
2567 2886 2942 2941 uthominem
2956 2886 3232 2955 salvaret,
3259 2890 3411 2942 Deus

1763 2971 1822 3024 in
1863 2977 2027 3025 utero
2051 2971 2305 3039 Virginis
2329 2972 2744 3044 incorporatus
2766 2979 2820 3030 et
2850 2975 3161 3045 formatus,
3183 2982 3240 3031 et
3268 2980 3412 3032 tem-

1765 3060 2033 3130 poralem
2063 3061 2359 3132 accipiens
2377 3063 2843 3130 generationem.
2867 3064 3034 3119 visus
3047 3070 3105 3120 et
3141 3069 3409 3134 gestatus

1765 3154 1828 3202 ut
1861 3164 2010 3220 puer
2039 3149 2190 3203 inter
2230 3149 2436 3204 matris
2481 3149 2749 3222 brachia,
2814 3151 2962 3207 dum
3016 3154 3143 3226 ipse
3204 3153 3411 3209 omnia

1765 3237 1945 3308 replet
1961 3243 2018 3292 et
2041 3237 2250 3292 nullibi
2273 3239 2666 3296 omninoloco
2685 3241 2900 3297 mutari
2923 3246 3136 3314 potest.
3161 3242 3254 3297 Ad
3280 3243 3410 3298 hac

1764 3326 2013 3398 quinam
2051 3327 2404 3396 angelorum
2440 3335 2497 3383 et
2527 3329 3022 3398 archangelorum
3056 3345 3181 3386 non
3206 3330 3410 3388 obstu-

1764 3421 2025 3486 puerunt
2042 3415 2069 3470 ?
2093 3419 2234 3481 Qua
2248 3417 2570 3489 seraphim,
2586 3433 2719 3489 qua
2732 3418 3041 3474 cherubim
3062 3435 3186 3476 non
3198 3421 3414 3478 mirata

1765 3510 1923 3571 sunt,
1963 3509 2190 3560 tantam
2227 3521 2366 3560 cum
2388 3513 2695 3561 cernerent
2720 3507 2819 3562 Dei
2834 3507 3322 3575 exinanitionem,
3358 3513 3415 3566 et

1766 3593 1944 3648 simul
1982 3599 2210 3650 tantam
2241 3594 2958 3663 exuberantiam,amoris
2997 3597 3115 3669 Dei,
3151 3604 3205 3654 et
3235 3613 3414 3670 super

1765 3683 2151 3738 eminentiam
2191 3682 2527 3738 excellentis
2556 3684 2839 3740 bonitatis
2876 3685 2905 3740 ?

1829 3881 2039 3938 Omnes
2052 3882 2253 3954 itaque
2265 3881 2508 3937 virtutes
2522 3881 2800 3938 calorum
2814 3887 3171 3956 propensius
3184 3888 3244 3943 in
3256 3887 3422 3961 bym-

1770 3987 1881 4027 nos
1915 3975 2242 4041 eruperunt
2274 3974 2332 4024 et
2364 3969 2682 4026 nobiscum
2705 3981 3080 4043 agnoverunt
3101 3975 3180 4030 ab
3229 3977 3425 4034 omni-

1769 4060 1884 4116 bus
1913 4057 2398 4129 generationibus
2428 4057 2905 4116 benedicendam
2945 4077 3077 4117 esse
3116 4064 3420 4137 Virginem

1773 4155 1898 4204 tum
1939 4153 2178 4221 propter
2203 4163 2274 4203 ea
2293 4161 2428 4219 qua
2450 4147 2562 4218 ipsi
2591 4147 2810 4205 collata
2822 4156 3205 4222 suntmagna
3231 4157 3286 4209 et
3311 4170 3420 4208 suo

1773 4237 2198 4312 pernaturalia;
2224 4242 2338 4292 tum
2356 4237 2500 4308 quia
2518 4252 2622 4308 per
2640 4237 2794 4294 illam
2809 4239 2984 4295 nobis
2997 4241 3196 4297 datum
3213 4247 3303 4300 est
3322 4243 3423 4300 de-

1776 4343 1959 4398 super
1991 4325 2260 4397 accipere
2299 4339 2689 4380 communem
2724 4325 3080 4395 libertatem,
3119 4330 3422 4403 simulque

1775 4422 2017 4489 propter
2042 4420 2256 4470 catera
2276 4414 2566 4470 beneﬁcia
2583 4431 2718 4486 qua
2752 4431 3067 4488 nunquam
3082 4419 3418 4495 intermisit,

1775 4507 1922 4577 quin
1958 4506 2018 4560 in
2039 4520 2150 4560 nos
2170 4519 2353 4574 supra
2391 4501 2640 4558 modum
2666 4504 2907 4561 abunde
2931 4507 3260 4578 perfecerit.
3285 4513 3423 4567 Sus~

1776 4595 1917 4667 cipit
1951 4595 2109 4649 enim
2145 4607 2255 4648 nos
2322 4593 2494 4664 quasi
2529 4593 2838 4664 propriam
2865 4594 3303 4654 hareditariam
3338 4599 3422 4655 fa-

1777 4684 2004 4738 miliam
2032 4680 2257 4754 proprii
2282 4680 2400 4736 Filii
2431 4679 2525 4736 sui
2561 4683 2856 4751 sanguine
2917 4685 3300 4742 redimendos
3347 4703 3422 4742 ex

1773 4771 2123 4828 miseranda
2145 4769 2555 4841 vilissimaque
2579 4771 2875 4842 servitute,
2918 4780 3162 4846 propter
3175 4791 3286 4832 nos
3307 4775 3422 4832 ista

1773 4862 1907 4918 fecit
1927 4866 1984 4917 et
2012 4875 2174 4916 nunc
2200 4875 2443 4931 quoque
2478 4858 2638 4927 facit,
2681 4861 2904 4932 quibus
2957 4864 3154 4926 omnis
3214 4869 3422 4922 nostra

1771 4951 2068 5024 repleatur
2101 4949 2220 5004 vita
2247 4947 2424 5003 bonis
2452 4946 2832 5004 faustissimis
2867 4954 2925 5004 et
2958 4951 3212 5007 aternis.

1844 5150 1990 5206 Cum
2025 5151 2224 5203 autem
2251 5143 2346 5200 ille
2367 5144 2470 5217 qui
2497 5143 2664 5216 prius
2691 5149 2899 5203 contra
2933 5154 3202 5207 nostram
3245 5150 3420 5210 liber-

1770 5242 1953 5295 tatem
1973 5234 2289 5292 insurrexit
2299 5248 2554 5304 eamque
2578 5233 2752 5290 nobis
2767 5235 2985 5292 misere
3013 5238 3255 5307 ademit,
3271 5242 3418 5299 inte-

1771 5343 1942 5397 gram
1972 5330 2238 5382 nostram
2268 5321 2501 5378 fadans
2535 5321 2906 5392 dignitatem,
2939 5341 3063 5383 non
3097 5333 3292 5386 cesset
3315 5346 3417 5402 po-

1772 5415 2117 5472 sterioribus
2144 5412 2302 5468 hisce
2327 5417 2386 5465 et
2412 5410 2856 5482 pretiosissimis
2886 5430 3123 5488 semper
3145 5419 3416 5477 insidiari

1769 5505 1944 5561 bonis
1979 5519 2116 5575 qua
2146 5501 2417 5573 proxime
2451 5499 2530 5556 ad
2570 5499 2822 5570 gloriam
2859 5519 2971 5560 nos
3031 5514 3270 5572 ornant,
3308 5524 3414 5581 per

1773 5592 2003 5648 nullum
2038 5591 2243 5658 alium,
2280 5605 2316 5645 o
2348 5589 2542 5660 Virgo,
2583 5590 2919 5662 ejusvarias
2945 5593 3304 5666 eﬂ‘ugiemus
3328 5615 3417 5656 se-
