3934 6322
505 254 638 310 1511

1825 239 2200 300 NICEPHORI
2237 239 2532 302 CHUMNI.

3757 251 3874 304 {512

497 377 808 435 ductiones
828 387 1014 446 quam
1047 386 1152 446 per
1190 374 1244 428 te
1281 387 1468 445 quam
1499 372 1742 429 heroem
1763 369 1981 427 ducem
2013 364 2050 422 b

2322 373 2687 443 πχανημάτων,
2720 375 2750 432 ἦ
2813 375 2890 446 σε,
2962 375 3212 447 Παρθένε,
3267 376 3562 447 πρόμαχον
3637 374 3732 423 καὶ
3775 389 3875 444 ποθ’

499 465 838 522 invenimus
877 467 933 519 et
956 465 1262 535 potentem
1284 466 1624 534 patronam,
1659 459 1928 533 undique
1963 455 2152 530 ipsius

501 555 877 626 frangentem
915 550 1175 608 fervidos
1226 551 1505 624 impetus.
1565 552 1661 608 ille
1717 549 1877 607 enim
1929 545 2154 619 duplex

504 640 1010 708 suscitatbellum,
1026 640 1148 697 sive
1168 645 1408 698 nostras
1429 641 1711 698 saucians
1725 637 1960 696 animas
1975 633 2152 708 ipsis-

503 748 620 805 que
658 730 890 790 occulte
914 729 1226 796 insidians,
1256 729 1379 786 sive
1408 729 1539 786 illas
1564 727 1879 802 impellens
1931 723 2010 780 ad
2056 739 2152 778 res

503 827 801 890 externas,
826 825 892 877 ut
925 820 1008 876 sic
1043 820 1355 876 manifeste
1385 837 1557 876 suam
1578 817 1876 891 compleat
1924 817 1985 871 in
2042 813 2154 870 illis

502 910 790 968 invidiam
848 913 904 965 et
954 909 1266 965 malitiam.
1339 912 1422 966 Tu
1491 925 1634 965 vero
1707 907 1874 964 fortis
1946 907 2155 961 contra

503 1005 824 1072 utrumque
841 997 1064 1054 bellum
1081 1003 1291 1070 potens
1307 1003 1560 1071 praestas
1575 997 1856 1054 omnibus
1874 993 2154 1051 auxilium

501 1105 614 1146 nec
637 1088 834 1145 solum
853 1103 1196 1143 succurrere
1223 1087 1548 1154 desideras,
1573 1087 1680 1143 sed
1695 1091 1752 1142 et
1776 1084 1946 1141 facile
1961 1086 2151 1156 potes.

505 1179 684 1236 Nobis
709 1177 929 1233 ideirco
943 1177 1301 1233 succurriset
1320 1177 1630 1250 praecedis,
1645 1180 1710 1232 ut
1723 1189 1955 1249 pugnes
1974 1177 2154 1245 atque

504 1273 570 1325 ut
598 1269 764 1342 prius
793 1267 956 1322 mala
995 1266 1331 1339 ingruentia
1363 1267 1629 1337 corrigas
1660 1271 1717 1322 et
1744 1263 1990 1321 innoxia
2014 1260 2153 1318 red-

505 1358 616 1414 das
636 1373 821 1429 quam
852 1355 929 1411 ab
959 1356 1043 1411 eis
1073 1356 1321 1412 omnino
1351 1356 1748 1412 infirmemur.
1805 1358 2005 1425 Neque
2039 1351 2155 1406 hoc

506 1447 723 1504 solum.
759 1446 873 1503 Sed
895 1461 1032 1501 cum
1057 1444 1347 1500 adversus
1405 1445 1536 1518 ejus
1596 1444 1867 1512 insidias,
1911 1446 2154 1510 agentes

504 1533 653 1592 nihil
679 1534 1025 1608 proficimus
1038 1533 1740 1606 etdifIicillimeimpetum
1764 1531 2152 1596 sustinemus,

505 1625 681 1700 quasi
710 1623 1061 1681 voluntariis
1087 1623 1260 1679 malis
1296 1622 1756 1679 succumbentes
1809 1621 1922 1692 (ille
1993 1619 2154 1676 enim

505 1730 618 1772 nos
656 1712 992 1770 voluntarie
1023 1717 1334 1784 corruptos
1361 1712 1728 1785 impugnans
1747 1710 1930 1766 libere
1952 1711 2058 1781 agit

2001 1709 2154 1781 ζίιίη
2192 1712 2436 1787 Βληφώς
2502 1715 2708 1777 ἑκόντας
2779 1717 3141 1791 φθειρομένους
3233 1715 3350 1787 ἄγει
3431 1715 3554 1766 κατ’

505 1804 566 1861 id
585 1801 753 1876 quod
778 1801 1080 1860 desiderat
1110 1818 1122 1856 :
1151 1801 1273 1858 vult
1299 1807 1498 1859 autem
1530 1803 1793 1876 pessima
1821 1806 1876 1857 et
1914 1800 1994 1857 ad
2031 1800 2153 1855 hac

505 1891 795 1966 impellit),
827 1890 1373 1963 etindignationem
1386 1892 1484 1947 Dei
1499 1897 1708 1949 contra
1735 1907 1844 1948 nos
1868 1905 2154 1964 provoca-

507 1998 663 2048 mus,
693 1983 815 2055 qui,
827 1981 987 2053 justa
999 1981 1264 2037 concitus
1278 1981 1388 2050 ira,
1407 1985 1688 2038 statutam
1705 1979 2154 2054 paratinfligere

505 2087 772 2145 poenam,
804 2075 868 2128 tu
891 2070 1002 2126 cito
1027 2071 1324 2142 praevenis
1353 2076 1409 2126 et
1435 2070 1599 2144 apud
1629 2070 1797 2126 illum
1822 2070 1982 2126 facta
2030 2085 2153 2126 me-

505 2161 737 2229 diatrix,
769 2161 931 2216 hunc
963 2160 1247 2216 maternis
1273 2159 1549 2233 precibus
1563 2160 1923 2232 juribusque
1943 2157 2150 2230 ﬂectis;

503 2265 648 2307 nam
675 2265 853 2323 super
877 2249 1120 2322 propria
1144 2249 1284 2321 jura
1317 2265 1523 2322 preces
1557 2248 1917 2322 protendens
1971 2252 2029 2304 et
2072 2247 2155 2305 illi

505 2354 946 2397 commemoras
971 2338 1136 2412 quod
1163 2338 1372 2394 similis
1395 2341 1476 2396 lui
1505 2354 1578 2394 ex
1598 2342 1813 2395 natura
1851 2342 1954 2395 tua
2013 2353 2152 2411 par-

506 2428 788 2501 ticipavit,
831 2432 886 2483 et
906 2427 1072 2499 quod
1092 2427 1152 2482 in
1185 2427 1302 2482 tuis
1324 2427 1656 2483 visceribus
1687 2427 1858 2482 illum
1889 2426 2151 2498 gestasti,

504 2533 577 2574 ex
615 2517 902 2574 uberibus
937 2516 1050 2572 tuis
1071 2516 1164 2572 lac
1194 2517 1276 2572 illi
1298 2516 1628 2589 prmbuisti,
1659 2521 1716 2573 et
1735 2515 1899 2588 quod
1922 2517 2156 2588 passio-

503 2606 596 2662 nis
618 2622 742 2662 suae
771 2605 956 2662 ﬁnem
987 2620 1226 2662 cernere
1239 2605 1579 2678 praestolata
1595 2605 1762 2677 juxta
1787 2621 2026 2661 erucem
2050 2605 2152 2662 ubi

503 2694 872 2751 moriebatur
902 2693 1151 2761 steteris,
1192 2694 1397 2750 omnia
1418 2699 1474 2750 et
1542 2695 1674 2766 ipsa
1729 2695 1961 2767 patiens
2018 2711 2154 2768 quae

501 2783 633 2856 ipse
662 2799 771 2856 pro
800 2781 977 2838 nobis
1015 2782 1129 2838 reis
1159 2786 1215 2838 et
1252 2782 1552 2840 damnatis
1584 2783 1765 2840 subiit
1789 2789 1853 2839 ut
1889 2799 2000 2841 nos
2033 2784 2152 2840 sol-

501 2875 664 2929 veret
693 2889 729 2930 a
752 2871 998 2944 judicio.
1034 2871 1202 2928 Illum
1225 2888 1367 2943 ergo
1397 2873 1660 2928 converti
1705 2873 1849 2929 facis
1906 2875 2005 2946 pia
2055 2889 2154 2930 ne-

501 2962 780 3033 gotiatrix
806 2976 817 3028 ;
843 2961 1090 3034 insuper
1109 2961 1347 3017 donans
1366 2965 1431 3018 ut
1457 2961 1642 3018 Deum
1664 2962 1889 3018 nedum
1910 2962 2148 3030 iratum,

2266 461 2448 512 στάτιν
2476 465 2728 535 κραταιὰν
2770 469 3093 538 κεκτημένοι,
3139 465 3485 536 πανταχόθεν
3542 461 3702 531 αὐτῷ

2263 553 2554 624 τρέπουσαν
2602 555 2696 616 τὰς
2756 555 2944 629 ὁρμάς.
3013 553 3075 607 Ὀ
3253 557 3357 628 γὰρ
3432 549 3675 606 διπλοῦν

2262 641 2349 690 τὸν
2387 640 2625 714 πόλεμον,
2679 647 2766 696 τὸν
2805 647 2916 716 μὶν,
2986 643 3176 716 ψυχῶν
3238 643 3409 696 αὐτῶν
3474 643 3878 713 mmmam;

2262 733 2352 780 καὶ
2421 728 2625 802 ἀφανῶς
2689 735 2902 794 ταύταις
2957 731 3320 799 ἐπιϐουλεύων,
3375 736 3466 785 τὸν
3527 728 3617 796 δέ,
3689 729 3878 802 βῶλον

2262 821 2392 892 πρὸς
2430 822 2496 872 τὰ
2524 819 2669 884 ἐκτός
2723 827 2813 875 καὶ
2871 825 3090 896 φανερὰν
3155 821 3204 874 ίν
3266 824 3481 882 τούτοις
3530 820 3758 892 πληρῶν
3808 828 3878 876 τῇ

2264 906 2550 980 ἀπέχθειαν
2611 931 2625 945 ο
2671 915 2737 964 σὺ
2795 908 2847 964 δ’
2896 910 3006 964 ἀλλ’
3062 910 3290 983 rixas-:0};
3349 909 3738 983 ἀμφοτέρωθεν
3792 909 3884 960 ἑπι-

2262 1016 2446 1072 κουρος
2474 1002 2719 1073 κραταιὰ,
2751 1001 2918 1053 πάντα
2968 999 3179 1074 βοηθεῖν
3231 1005 3300 1073 μὴ
3363 1007 3526 1073 μόνον
3579 1018 3654 1070 γε
3716 997 3882 1069 βουλο-

2263 1091 2410 1159 μένη,
2435 1085 2674 1142 ἀλλὰκαὶ
2726 1087 2928 1165 ῥᾳδίως
2989 1087 3335 1163 δεδυνημένη.
3393 1092 3580 1163 Ταύτῃ
3659 1108 3748 1140 τοι
3807 1108 3882 1139 κει

2264 1174 2474 1249 βοηθεῖς
2502 1184 2854 1253 προῖσταμίνη
2897 1184 2985 1232 καὶ
3035 1187 3414 1254 προμαχοῦσα,
3469 1183 3585 1245 καὶ,
3663 1182 3791 1251 πρὶν
3854 1180 3874 1232 ἑ

2263 1268 2502 1340 καθαρῶς
2531 1270 2670 1340 ἡμᾶς
2701 1269 2982 1323 αἰσθέσθαι
3008 1277 3108 1321 τῶν
3165 1268 3410 1321 ἐπιόντων
3487 1276 3703 1334 κακῶν,
3774 1286 3880 1337 τρία

2261 1374 2375 1417 πεις
2405 1364 2571 1409 ταῦτα
2595 1362 2683 1409 καὶ
2727 1366 3022 1434 καταργεῖς.
3082 1358 3156 1411 Ού
3213 1365 3364 1411 τοῦτο
3421 1354 3486 1410 δε
3538 1361 3737 1430 μόνον,
3810 1356 3881 1406 si»

2261 1443 2326 1496 λὰ
2381 1449 2469 1497 καὶ
2525 1450 2652 1520 πρὸς
2699 1450 2794 1510 τὰς
2837 1446 3114 1508 ἐπιϐουλὰς
3169 1447 3360 1500 ἐκείνου
3437 1446 3487 1500 εἲ

2263 1535 2411 1607 ἡμεῖς
2464 1533 2890 1610 ἀντιπράττομεν,
2952 1545 3333 1610 συμμαχοῦμεν
3394 1533 3453 1589 δὲ
3509 1535 3744 1608 μᾶλλον,
3777 1558 3780 1559 ν
3808 1557 3883 1587 αλ·

3576 1466 3649 1518 γε
3729 1443 3880 1518 μηέιπ

2266 1625 2518 1699 θαιρίτοις
2555 1628 2742 1679 ὡσανιὶ
2779 1633 2961 1689 κακοῖς
3012 1631 3400 1701 περιπίπτοντες
3459 1626 3512 1696 (ὁ
3574 1622 3646 1678 δέ
3717 1644 3882 1699 παρει-

3646 1731 3880 1777 “cum

2260 1807 2388 1877 πρὸς
2411 1805 2506 1857 ὅτι
2545 1809 2634 1858 καὶ
2656 1802 2899 1878 βούλοιτο
2940 1825 2956 1839 ·
2992 1803 3231 1878 βούλεται
3283 1800 3343 1857 δε
3407 1809 3501 1856 καὶ
3569 1802 3706 1876 ἆγει
3763 1805 3880 1855 πάν-

2262 1913 2361 1955 τως
2391 1891 2474 1947 ἰπὶ
2544 1896 2610 1946 τὰ
2657 1897 2954 1969 χείριστα),
3000 1899 3189 1967 νεμεσᾷ
3248 1896 3338 1967 μὲν
3391 1896 3516 1954 Θεὸς
3574 1894 3744 1965 ἡμῖν,
3803 1897 3882 1943 ui

2261 1986 2390 2058 πρὸς
2421 1984 2580 2057 ὁργην
2627 1979 2838 2036 δικαίαν
2896 1987 3243 2057 κεκινημένος,
3297 1981 3552 2055 βούλεται
3589 1984 3700 2043 τὰς
3805 1983 3882 2032 εὗ-

2265 2073 2419 2134 θύνας
2446 2070 2677 2134 ἐνδίκους
2731 2073 3135 2148 εἰσπράττεσθαι
3198 2093 3210 2107 ·
3261 2075 3327 2125 σύ
3389 2068 3448 2126 δὲ
3498 2073 3726 2144 ῳθάνεις
3774 2073 3883 2121 κεί-ῖ-

2261 2163 2430 2215 ταῦθα
2488 2167 2765 2236 γιγνομένη
2824 2181 3029 2236 μεστις,
3085 2169 3193 2223 ταῖς
3275 2169 3567 2236 μητρικαῖς
3652 2159 3884 2213 καταϐυ-

2265 2259 2518 2305 σωποῦσα
2542 2251 2885 2327 παῤῥησίαις,
2951 2257 3043 2304 καὶ
3110 2254 3180 2315 ὡς
3226 2253 3351 2327 ὑπὲρ
3415 2247 3573 2304 ἰδίων
3634 2257 3882 2304 κατατεί-

2619 2342 2926 2416 ἰκετηρίους,
2991 2345 3052 2395 τὸ
3137 2349 3225 2402 τῆς
3317 2344 3526 2413 φύσεως
3641 2346 3881 2412 συγγενὲς

2994 2435 3121 2494 ἴσως
3171 2433 3386 2484 κάκεῖνα
3444 2430 3874 2505 προϐαλλομὲίτ,

2260 2346 2363 2404 νέις
2424 2346 2544 2403 τοὺς

2261 2430 2672 2506 προϐαλλομένη,
2711 2432 2821 2505 ἄμα
2873 2428 2923 2484 δ’

2262 2521 2329 2582 ὡς
2387 2520 2541 2573 αὐτὸν
2615 2519 2941 2592 σπλάγχνοις
3003 2515 3212 2581 ἓνεδέξω
3254 2524 3343 2571 καὶ
3400 2520 3599 2591 μαζοίς
3659 2520 3877 2591 369$;-

2265 2615 2353 2662 καὶ
2390 2609 2527 2681 γάλα
2609 2608 2855 2670 ἐπὸτισας
2902 2614 2988 2661 καὶ
3041 2609 3206 2671 πάθος
3257 2606 3418 2660 αὑτοῦ
3473 2611 3538 2660 τὸ
3592 2607 3876 2660 τελευταῖςπ

2261 2695 2493 2751 κατιδεῖν
2524 2703 2614 2751 καὶ
2670 2701 2895 2772 σταυρὸν
2927 2699 3156 2770 ἠνέσχου
3213 2698 3290 2769 (Ι)
3343 2702 3436 2750 καὶ
3482 2697 3749 2764 θάνατον,
3804 2699 3875 2748 zz':

2262 2788 2414 2841 πάνθ’
2469 2791 2568 2841 ὅσα
2625 2787 2750 2840 ἑκὼν
2808 2786 2994 2850 ἐκεῖνος
3034 2783 3108 2839 δι’
3167 2788 3302 2859 ἡμᾶς
3363 2788 3488 2848 τούς
3532 2792 3875 2860 κατακρίτους

2262 2879 2518 2951 ὑπέμεινε,
2581 2886 2674 2940 τῆς
2748 2874 3064 2939 καταδίκης.
3142 2873 3616 2951 ἁπολυτρούμενος.

2260 2973 2350 3021 καὶ
2407 2970 2664 3041 κάμπτεις
2715 2967 3080 3042 πρεσϐεύουσα
3117 2987 3129 3000 υ
3169 2963 3281 3019 εἶτα
3328 2961 3499 3028 δίδως
3564 2969 3727 3040 ἡμῖν,
3785 2966 3872 3017 ἀντ’

3712 2883 3784 2930 Τῦ
3791 2883 3876 2929 in?

501 3050 626 3108 imo
651 3050 998 3121 diligentem
1025 3055 1081 3107 et
1102 3050 1276 3107 bonis
1309 3050 1718 3108 cumulantem
1733 3052 2054 3124 experiaml

2324 3057 2622 3130 γιζομένον,
2677 3056 3220 3131 φιλανθρωπευομένου
3300 3057 3600 3130 πειρᾶσθαι
3686 3064 3820 3109 θεοῦ
3861 3075 3871 3086 ·

501 3141 739 3199 donans
781 3145 843 3198 ut
873 3140 950 3197 ab
980 3157 1051 3198 eo
1087 3140 1251 3197 bona
1279 3140 1564 3213 donaque
1598 3141 1996 3215 suscipiamus
2042 3157 2151 3214 pro

501 3231 676 3288 malis
707 3247 843 3304 quae
875 3230 1208 3303 suscepturi
1239 3246 1513 3287 ereamus
1549 3235 1603 3287 et
1634 3231 1828 3303 pcenis
1860 3246 2013 3304 quas
2041 3231 2152 3287 sol-

501 3337 638 3378 vere
659 3321 1101 3377 debuissemus.
1137 3319 1292 3376 Nihil
1315 3320 1474 3376 enim
1491 3325 1578 3377 est
1606 3320 1853 3376 omnino
1891 3320 2057 3394 quod
2087 3325 2151 3376 tu

501 3409 850 3465 desiderans
863 3425 972 3481 pro
994 3413 1196 3465 nostra
1215 3408 1609 3466 beneﬁcentia
1625 3425 1661 3466 a
1684 3413 1800 3466 Deo
1821 3424 1941 3465 non
1956 3409 2151 3482 possis

502 3497 853 3570 impetrare:
896 3497 1018 3553 imo
1047 3501 1219 3570 potes
1249 3499 1456 3554 omnia
1483 3503 1636 3554 certe
1677 3503 1732 3554 et
1759 3498 2150 3554 donasmulto

501 3587 696 3655 magis
726 3589 783 3642 et
803 3585 1036 3642 facilius
1053 3601 1239 3658 quam
1258 3585 1404 3641 forte
1418 3587 1600 3642 nosin
1618 3587 1767 3642 votis
1781 3587 2001 3644 habere
2014 3603 2150 3660 pos-

503 3691 731 3733 sumus.
764 3677 1079 3748 Propterea
1108 3675 1330 3731 videris
1355 3679 1411 3731 et
1463 3675 1774 3749 petitiones
1822 3677 2149 3749 prtevenire

503 3771 559 3822 et
587 3781 698 3822 nos
728 3763 1219 3837 quasidonajam
1249 3771 1495 3837 accepta
1520 3764 1919 3837 efﬂagitamus
1944 3766 2150 3823 omnia

503 3855 723 3928 quibus
743 3853 1104 3925 indigemus,
1137 3859 1194 3910 et
1213 3870 1350 3926 quae
1363 3859 1500 3910 ante
1517 3854 1944 3926 postulationes
1967 3871 2073 3928 per
2095 3859 2150 3911 te

501 3943 678 4001 nobis
702 3943 874 4000 ﬁunt.
910 3945 1056 4000 Cum
1078 3947 1278 3999 autem
1325 3942 1653 4014 aliquando
1686 3943 1746 3998 in
1776 3943 1955 3999 rebus
2001 3943 2151 4000 utili-

501 4031 934 4105 busperperam
947 4030 1371 4096 desideramus,
1390 4046 1827 4104 perperamque
1840 4032 2150 4088 studemus

505 4124 562 4177 et
601 4120 860 4191 agimus,
897 4124 958 4174 tu
985 4119 1116 4191 ipsa
1146 4118 1276 4174 haec
1308 4120 1530 4191 optime
1561 4119 1820 4189 dirigens
1851 4125 1908 4175 et
1943 4135 2147 4190 agens,

503 4206 566 4262 in
587 4208 700 4264 hoc
730 4207 991 4263 maxime
1006 4205 1272 4262 ostendis
1291 4205 1578 4262 bonitatis
1601 4207 1973 4279 thesaurum,
2006 4207 2152 4280 quia

505 4297 662 4352 circa
689 4312 825 4369 qua:
838 4312 961 4352 non
985 4297 1320 4366 cogitamus
1344 4311 1540 4368 neque
1563 4296 1840 4368 petimus,
1856 4296 1949 4353 vel
1970 4297 2151 4353 etiam

506 4401 644 4443 cum
673 4384 1088 4442 desideramus
1117 4389 1172 4441 et
1199 4384 1501 4441 tendimus
1533 4384 1611 4442 ad
1634 4386 1862 4458 pejora,
1881 4402 1991 4443 nos
2020 4387 2149 4443 istis

505 4473 791 4532 violenter
823 4473 1000 4546 eripis
1026 4477 1130 4530 aut
1153 4474 1330 4529 etiam
1365 4474 1512 4530 facis
1549 4479 1612 4531 ut
1662 4475 1917 4531 multum
1962 4476 2150 4547 proﬁ-

507 4563 685 4632 ciant,
716 4578 855 4618 cum
875 4561 937 4617 in
978 4561 1126 4632 ipsis
1190 4577 1329 4618 vere
1393 4566 1588 4634 potest
1649 4564 1842 4621 inesse
1889 4565 2145 4624 utilitas:

505 4652 677 4726 quasi
709 4651 920 4708 invitos
943 4648 1307 4707 benevolens
1334 4649 1396 4705 in
1423 4650 1578 4707 hanc
1613 4669 1720 4708 nos
1753 4653 1935 4710 trahis
1963 4655 2148 4725 viam,

505 4748 563 4801 et
585 4741 801 4800 deinde
823 4755 1068 4798 sensum
1097 4743 1154 4795 et
1177 4738 1484 4796 scientiam
1514 4740 1734 4814 adepti,
1767 4743 1888 4799 vim
1943 4743 2151 4816 diliga-

504 4848 642 4891 mus
653 4846 776 4905 qua
804 4829 865 4886 in
881 4825 1304 4901 experientiam
1319 4826 1464 4883 boni
1489 4828 1882 4886 introivimus.
1921 4831 2006 4888 Ita
2035 4847 2149 4890 nos

506 4937 539 4980 e
566 4922 718 4979 vitiis
755 4919 953 4993 eripis,
993 4917 1095 4973 illa
1125 4916 1300 4987 longe
1321 4915 1646 4989 depellens,
1670 4933 1745 4974 ne
1779 4919 2045 4992 primum
2088 4921 2152 4978 in

505 5010 622 5069 ista
647 5009 1057 5082 impingamus
1087 5022 1224 5062 cum
1246 5005 1574 5078 improviso
1595 5007 1927 5081 periculum
1969 5010 2152 5068 instat

508 5099 764 5158 cadendi
794 5114 808 5165 ;
841 5101 898 5155 et
933 5096 982 5153 si
1016 5096 1166 5154 forte
1193 5094 1573 5152 ineiderimus
1601 5097 1840 5155 ruinam
1869 5102 1927 5156 et
1953 5101 2149 5172 perni-

507 5191 659 5249 ciem
686 5187 978 5246 reformas
1012 5189 1103 5245 :et
1125 5184 1175 5241 si
1206 5184 1355 5257 quid
1383 5185 1601 5243 horum
1625 5192 1897 5260 potenter
1927 5205 2151 5263 praeva-

504 5280 699 5349 luerit,
735 5282 798 5334 tu
816 5281 1083 5333 nostram
1123 5277 1367 5346 experta
1392 5274 1702 5348 fiduciam,
1731 5282 1788 5333 et
1815 5279 2150 5350 periculum

507 5365 1037 5438 evidenteraperis,
1061 5367 1117 5421 et
1141 5362 1524 5436 potissimum
1550 5366 1884 5424 remedium
1915 5369 2150 5441 praebes

2261 3143 2424 3207 δίδως
2449 3150 2539 3199 καὶ
2569 3147 2798 3218 πάσχειν
2855 3142 2907 3197 εὖ
2961 3146 3086 3220 παρ’
3137 3145 3297 3198 αὑτοῦ
3335 3150 3428 3196 καὶ
3477 3140 3696 3221 δωρεὰς

2259 3234 2427 3289 ϐάνειν
2456 3235 2562 3289 ἀνθ’
2614 3235 2681 3286 ὧν
2747 3233 3012 3308 ἐμέλλομεν
3064 3242 3232 3296 κακῶς
3276 3236 3513 3306 πάσχειν
3578 3241 3678 3288 καὶ
3739 3230 3874 3293 δίης

2259 3323 2474 3388 δικαίας
2529 3324 2880 3380 ἀποτιννύναι.
2947 3321 3088 3378 Οὐδὲ
3133 3327 3234 3398 γάρ
3307 3323 3449 3376 ἔστιν
3505 3321 3644 3378 οὐδὲ
3715 3325 3874 3397 95.19-

2257 3423 2368 3479 οῦν,
2447 3418 2473 3468 ὃ
2527 3434 2584 3486 γε
2651 3418 2716 3466 σύ
2773 3412 3058 3488 βουλομένη
3121 3418 3191 3486 μή

2256 3507 2388 3577 πρὸς
2436 3502 2731 3577 εὐεργεσίαν
2784 3503 2925 3574 ἡμῶν
2984 3500 3040 3553 ἐκ
3092 3508 3225 3554 θεοῦ
3289 3503 3693 3554 κατατίθεσθαι
3733 3519 3749 3533 ο

3276 3432 3330 3466 τι
3411 3418 3504 3465 καὶ
3586 3411 3790 3472 δεδύνη
3801 3434 3870 3466 σπι

2262 3594 2466 3665 ἰσχύεις
2502 3594 2670 3645 πάντα
2715 3593 3038 3662 πάνταπασι,
3094 3595 3183 3643 καὶ
3235 3594 3399 3662 νέμεις
3451 3590 3636 3662 πολλῷ
3692 3592 3864 3664 μᾶλζιεν

2257 3687 2348 3734 καὶ
2372 3682 2497 3756 ῥᾷον
2526 3681 2554 3739 ἦ
2611 3683 2678 3742 ὡς
2720 3679 2779 3732 ἆν
2820 3681 2966 3753 ἡμεῖς
3024 3678 3395 3751 ἐπευξαίμεθαε
3426 3682 3525 3732 Διὰ
3589 3687 3752 3732 τοῦτο
3793 3685 3865 3731 la;

2257 3777 2509 3843 χορηγεῖς
2592 3767 3173 3844 προκαταλαμϐάνουσα
3254 3770 3348 3831 τὰς
3441 3768 3714 3839 αἰτήσεις,
3791 3773 3863 3820 n‘:

2259 3862 2408 3932 ἡμεῖς
2473 3861 2628 3911 οἱονεὶ
2687 3862 2904 3910 κατόπιν
2957 3865 3057 3910 τῶν
3107 3853 3312 3932 δωρεῶν
3352 3859 3549 3930 ἦκομεν
3594 3859 3860 3922 αἰτοῦντες,

2257 3951 2479 4015 πάντων,
2560 3947 2627 3998 ὧν
2681 3949 2742 3999 ἄν
2790 3945 2838 3998 ἓν
2921 3951 3083 4020 χρείᾳ
3131 3948 3428 4019 γενοίμεθα,
3473 3952 3572 3999 καὶ
3628 3951 3736 4020 πρὸ
3781 3956 3860 3998 τῶν

2259 4037 2508 4096 αἰτήσεων
2552 4037 2677 4108 ἡμῖν
2709 4033 2804 4088 διὰ
2835 4043 2929 4088 σοῦ
2967 4040 3305 4108 γιγνομὲνων.
3366 4041 3470 4088 Καὶ
3526 4041 3716 4088 τοίνυν
3763 4043 3859 4110 περὶ

2257 4133 2354 4178 τῶν
2428 4128 2790 4200 συμφερόντων
2865 4126 3003 4176 ἔστιν
3059 4125 3142 4176 ὅτε
3198 4132 3371 4185 κακῶς
3428 4125 3584 4195 ἡμῶν
3634 4123 3860 4198 βουλῇσι

2258 4219 2440 4287 μένων,
2489 4213 2578 4266 άτε
2638 4217 2729 4266 καὶ
2807 4221 2980 4273 κακῶς
3043 4211 3400 4283 ἓπεγνωκότων
3474 4216 3574 4265 καὶ
3628 4234 3857 4289 179273;:-

2258 4307 2558 4376 τευομένων,
2631 4301 2761 4360 αύτὴ
2839 4309 3007 4354 ταῦτα
3067 4306 3306 4374 πράττεις
3386 4299 3628 4376 ἁρίστως
3685 4304 3860 4355 οἰκονο-

2259 4401 2452 4465 μοῦσα,
2499 4396 2588 4444 καί
2648 4410 2708 4463 γε
2759 4393 2843 4444 τὸν
2924 4390 3141 4444 πλοῦτον
3215 4399 3308 4451 τῆς
3365 4389 3764 4465 φιλανθρωπίας
3821 4391 3858 4442 ἐτ

2258 4485 2423 4552 τούτῳ
2493 4480 2641 4534 πλέον
2695 4478 3013 4552 ἀποφαίνεις,
3096 4481 3176 4531 ὅτι
3235 4483 3355 4553 περὶ
3407 4479 3477 4529 ὧν
3550 4482 3716 4552 ἡμεῖς
3769 4480 3857 4533 οὔτ’

2259 4565 2495 4643 οἴδαμεν,
2533 4568 2642 4621 οὔτ’
2703 4564 2855 4621 ούδεν
2892 4566 3157 4640 αἰτοῦμεν,
3212 4569 3324 4619 ἔστι
3362 4569 3454 4639 μὲν
3503 4563 3602 4618 οὖν
3651 4571 3738 4622 ὅτε
3787 4575 3857 4620 καὶ

2261 4657 2558 4733 βουλόμεθα
2611 4661 2678 4710 τὰ
2727 4662 2912 4731 χείρω,
2982 4657 3040 4709 ού
3111 4658 3313 4719 τούτοις
3374 4657 3512 4727 ἡμᾶς
3553 4654 3735 4731 βιάζῃ
3787 4665 3860 4709 κει

2258 4750 2393 4802 πάνυ
2445 4767 2499 4800 τι
2554 4754 2713 4808 ποιεῖς
2772 4747 3095 4821 κεχρῆσθαι,
3177 4743 3498 4798 λυσιτελέσιν
3581 4743 3740 4799 οὖσιν
3803 4753 3859 4808 ὡς

2259 4837 2457 4899 ὁληθώς
2514 4837 2836 4910 κεχρῆσθαι,
2914 4836 3134 4896 ἄκοντας

2259 4934 2439 4981 τοῦτον
2465 4925 2826 5001 εύεργετοῦσα,
2858 4924 2901 4976 εἰ
2937 4928 3028 4977 καὶ
3057 4927 3186 4998 μετὰ
3241 4928 3335 4981 τὴν
3393 4925 3665 4981 αἴσθησιν
3725 4929 3855 4998 ἡμεῖς

2259 5015 2539 5090 ἀγαπῶμεν
2601 5014 2652 5067 ἐν
2711 5019 2866 5090 πείρᾳ
2926 5022 3019 5067 τοῦ
3078 5012 3237 5066 καλοῦ
3301 5017 3558 5085 γεγόντες.
3633 5021 3736 5069 Καὶ
3792 5036 3855 5068 νο·

2261 5107 2508 5179 σημάτων
2589 5107 2758 5157 τοίνυν
2823 5102 3188 5172 ἀπαλλάττεις,
3283 5103 3350 5155 τὰ
3426 5104 3522 5174 μιν
3609 5105 3853 5180 πόρῥωεεν

2259 5194 2568 5271 ἀναιροῦσα,
2608 5195 2678 5257 ὡς
2729 5189 2859 5266 μηδ’
2919 5192 2969 5246 ἐν
3025 5192 3201 5256 αὐτοῖς
3252 5193 3393 5264 ἡμᾶς
3448 5188 3609 5263 μηδή
3673 5214 3731 5268 7s

2261 5279 2435 5356 ἀρχὴν
2482 5281 2694 5350 ἁλῶναι,
2755 5280 3024 5354 μέλλοντας
3075 5275 3182 5338 ἤδη
3246 5279 3560 5352 ἁπροόπτως
3609 5281 3800 5336 ἁλῶναι
3837 5302 3851 5318 σ

2257 5380 2358 5424 τῶν
2407 5367 2465 5426 δὲ
2516 5376 2606 5425 καὶ
2681 5375 3047 5446 συμπεσόντων
3101 5371 3160 5424 τὸ
3227 5367 3484 5444 βλαϐερὸν
3542 5368 3849 5448 ἐκτρέπεις·

3210 4837 3433 4906 ὡσπερεὶ
3505 4837 3603 4886 τὸν
3686 4843 3856 4912 τρόπον

578 5592 656 5669 (t)
684 5592 891 5652 Stabat
923 5589 1080 5650 enim
1105 5589 1279 5664 juxta
1316 5600 1554 5650 crucem
1585 5608 1599 5649 :
1632 5590 1754 5651 vid.
1785 5589 2001 5662 Joann,
2023 5607 2144 5664 xix,
2166 5597 2258 5658 25.
