  <div class='ocr_page' id='page_1' title='image "/cluster/home/n/w/nwhite01/storage/ocr_20150623/140/pst.000005714568/816.png"; bbox 0 0 3934 6322; ppageno 0'>
   <div class='ocr_carea' id='block_1_1' title="bbox 9 327 145 383">
    <p class='ocr_par' dir='ltr' id='par_1_1' title="bbox 9 327 145 383">
     <span class='ocr_line' id='line_1_1' title="bbox 9 327 145 383; baseline 0.015 -2"><span class='ocrx_word' id='word_1_1' title='bbox 9 327 145 383; x_wconf 75' lang='grc'><strong>513</strong></span> 
     </span>
    </p>
   </div>
   <div class='ocr_carea' id='block_1_2' title="bbox 1120 322 2295 400">
    <p class='ocr_par' dir='ltr' id='par_1_2' title="bbox 1120 322 2295 400">
     <span class='ocr_line' id='line_1_2' title="bbox 1120 322 2295 400; baseline 0.009 -11"><span class='ocrx_word' id='word_1_2' title='bbox 1120 327 1213 389; x_wconf 84' lang='lat' dir='ltr'><strong>DE</strong></span> <span class='ocrx_word' id='word_1_3' title='bbox 1238 328 1456 389; x_wconf 81' lang='lat' dir='ltr'><strong>FESTO</strong></span> <span class='ocrx_word' id='word_1_4' title='bbox 1477 322 1925 392; x_wconf 72' lang='lat' dir='ltr'><strong>DORMITIONIS</strong></span> <span class='ocrx_word' id='word_1_5' title='bbox 1949 331 2008 391; x_wconf 82' lang='lat'><strong>8.</strong></span> <span class='ocrx_word' id='word_1_6' title='bbox 2030 330 2295 400; x_wconf 68' lang='grc' dir='ltr'><strong>ΜΑΒΙΑΕ,</strong></span> 
     </span>
    </p>
   </div>
   <div class='ocr_carea' id='block_1_3' title="bbox 3244 339 3384 402">
    <p class='ocr_par' dir='ltr' id='par_1_3' title="bbox 3244 339 3384 402">
     <span class='ocr_line' id='line_1_3' title="bbox 3244 339 3384 402; baseline 0.014 -4"><span class='ocrx_word' id='word_1_7' title='bbox 3244 339 3384 402; x_wconf 72' lang='grc' dir='ltr'><strong>ιειε</strong></span> 
     </span>
    </p>
   </div>
   <div class='ocr_carea' id='block_1_4' title="bbox 9 447 1607 535">
    <p class='ocr_par' dir='ltr' id='par_1_4' title="bbox 9 447 1607 529">
     <span class='ocr_line' id='line_1_4' title="bbox 9 447 1607 529; baseline 0.004 -25"><span class='ocrx_word' id='word_1_8' title='bbox 9 453 15 502; x_wconf 79' lang='grc' dir='ltr'><strong>ἱ</strong></span> <span class='ocrx_word' id='word_1_9' title='bbox 84 447 171 506; x_wconf 76' lang='grc' dir='ltr'><strong>δέ</strong></span> <span class='ocrx_word' id='word_1_10' title='bbox 229 471 349 506; x_wconf 74' lang='grc' dir='ltr'><strong>τινα</strong></span> <span class='ocrx_word' id='word_1_11' title='bbox 388 452 584 506; x_wconf 76' lang='grc' dir='ltr'><strong>τούτων</strong></span> <span class='ocrx_word' id='word_1_12' title='bbox 628 470 721 507; x_wconf 86' lang='grc' dir='ltr'><strong>και</strong></span> <span class='ocrx_word' id='word_1_13' title='bbox 762 455 1094 527; x_wconf 85' lang='grc' dir='ltr'><strong>κατίσχυσεν</strong></span> <span class='ocrx_word' id='word_1_14' title='bbox 1187 453 1238 509; x_wconf 72' lang='grc' dir='ltr'><strong>ἒν</strong></span> <span class='ocrx_word' id='word_1_15' title='bbox 1318 450 1607 529; x_wconf 73' lang='grc' dir='ltr'><strong>δυναστείᾳ</strong></span> 
     </span>
    </p>
   </div>
   <div class='ocr_carea' id='block_1_5' title="bbox 1784 447 3387 535">
    <p class='ocr_par' dir='ltr' id='par_1_5' title="bbox 1784 456 3387 535">
     <span class='ocr_line' id='line_1_5' title="bbox 1784 456 3387 535; baseline 0.006 -21"><span class='ocrx_word' id='word_1_16' title='bbox 1784 458 2227 535; x_wconf 70' lang='lat' dir='ltr'><strong>rmstantiusque</strong></span> <span class='ocrx_word' id='word_1_17' title='bbox 2260 456 2427 518; x_wconf 88' lang='lat' dir='ltr'><strong>omni</strong></span> <span class='ocrx_word' id='word_1_18' title='bbox 2452 456 2700 517; x_wconf 90' lang='lat' dir='ltr'><strong>scientia</strong></span> <span class='ocrx_word' id='word_1_19' title='bbox 2727 459 3015 535; x_wconf 86' lang='lat' dir='ltr'><strong>omnique</strong></span> <span class='ocrx_word' id='word_1_20' title='bbox 3044 465 3170 522; x_wconf 89' lang='lat' dir='ltr'><strong>arte</strong></span> <span class='ocrx_word' id='word_1_21' title='bbox 3192 464 3387 523; x_wconf 81' lang='lat' dir='ltr'><strong>medi-</strong></span> 
     </span>
    </p>
   </div>
   <div class='ocr_carea' id='block_1_6' title="bbox 9 539 1625 618">
    <p class='ocr_par' dir='ltr' id='par_1_6' title="bbox 9 539 1625 618">
     <span class='ocr_line' id='line_1_6' title="bbox 9 539 1625 618; baseline 0.002 -24"><span class='ocrx_word' id='word_1_22' title='bbox 9 548 92 594; x_wconf 79' lang='grc' dir='ltr'><strong>οὗ</strong></span> <span class='ocrx_word' id='word_1_23' title='bbox 162 544 326 616; x_wconf 73' lang='grc' dir='ltr'><strong>τάχα</strong></span> <span class='ocrx_word' id='word_1_24' title='bbox 394 546 490 603; x_wconf 80' lang='grc' dir='ltr'><strong>τὴν</strong></span> <span class='ocrx_word' id='word_1_25' title='bbox 547 546 722 597; x_wconf 82' lang='grc' dir='ltr'><strong>πίστιν</strong></span> <span class='ocrx_word' id='word_1_26' title='bbox 762 544 909 617; x_wconf 82' lang='grc' dir='ltr'><strong>ἡμῶν</strong></span> <span class='ocrx_word' id='word_1_27' title='bbox 967 539 1388 618; x_wconf 60' lang='grc' dir='ltr'><strong>δοκιμζοῦσης,</strong></span> <span class='ocrx_word' id='word_1_28' title='bbox 1460 564 1551 599; x_wconf 80' lang='grc' dir='ltr'><strong>και</strong></span> <span class='ocrx_word' id='word_1_29' title='bbox 1597 546 1625 597; x_wconf 89' lang='grc' dir='ltr'><strong><em>ὁ</em></strong></span> 
     </span>
    </p>
   </div>
   <div class='ocr_carea' id='block_1_7' title="bbox 9 629 1625 706">
    <p class='ocr_par' dir='ltr' id='par_1_7' title="bbox 9 629 1625 706">
     <span class='ocr_line' id='line_1_7' title="bbox 9 629 1625 706; baseline 0.003 -23"><span class='ocrx_word' id='word_1_30' title='bbox 9 629 266 694; x_wconf 79' lang='grc' dir='ltr'><strong>ίνδυνος</strong></span> <span class='ocrx_word' id='word_1_31' title='bbox 319 636 618 706; x_wconf 66' lang='grc' dir='ltr'><strong>καταφανὴς</strong></span> <span class='ocrx_word' id='word_1_32' title='bbox 666 633 781 700; x_wconf 76' lang='grc' dir='ltr'><strong>ἧκε,</strong></span> <span class='ocrx_word' id='word_1_33' title='bbox 826 636 1003 697; x_wconf 73' lang='grc' dir='ltr'><strong>πάσης</strong></span> <span class='ocrx_word' id='word_1_34' title='bbox 1091 632 1319 696; x_wconf 76' lang='grc' dir='ltr'><strong>ἐπινοίας</strong></span> <span class='ocrx_word' id='word_1_35' title='bbox 1399 654 1490 688; x_wconf 80' lang='grc' dir='ltr'><strong>και</strong></span> <span class='ocrx_word' id='word_1_36' title='bbox 1549 635 1625 689; x_wconf 80' lang='grc' dir='ltr'><strong>ἰα-</strong></span> 
     </span>
    </p>
   </div>
   <div class='ocr_carea' id='block_1_8' title="bbox 9 719 1625 800">
    <p class='ocr_par' dir='ltr' id='par_1_8' title="bbox 9 719 1625 800">
     <span class='ocr_line' id='line_1_8' title="bbox 9 719 1625 800; baseline 0.002 -26"><span class='ocrx_word' id='word_1_37' title='bbox 9 730 135 793; x_wconf 79' lang='grc' dir='ltr'><strong>οῶν</strong></span> <span class='ocrx_word' id='word_1_38' title='bbox 169 725 378 796; x_wconf 72' lang='grc' dir='ltr'><strong>τέχνης</strong></span> <span class='ocrx_word' id='word_1_39' title='bbox 434 723 680 796; x_wconf 78' lang='grc' dir='ltr'><strong>κρείττων</strong></span> <span class='ocrx_word' id='word_1_40' title='bbox 742 741 835 777; x_wconf 88' lang='grc' dir='ltr'><strong>και</strong></span> <span class='ocrx_word' id='word_1_41' title='bbox 879 731 980 777; x_wconf 84' lang='grc' dir='ltr'><strong>τῶν</strong></span> <span class='ocrx_word' id='word_1_42' title='bbox 1038 719 1331 777; x_wconf 72' lang='grc' dir='ltr'><strong>δοκούντων</strong></span> <span class='ocrx_word' id='word_1_43' title='bbox 1383 728 1625 800; x_wconf 80' lang='grc' dir='ltr'><strong>ἶσχύρῶς</strong></span> 
     </span>
    </p>
   </div>
   <div class='ocr_carea' id='block_1_9' title="bbox 9 809 1625 888">
    <p class='ocr_par' dir='ltr' id='par_1_9' title="bbox 9 809 1625 888">
     <span class='ocr_line' id='line_1_9' title="bbox 9 809 1625 888; baseline 0.001 -23"><span class='ocrx_word' id='word_1_44' title='bbox 9 832 22 859; x_wconf 73' lang='grc' dir='ltr'><strong>ι</strong></span> <span class='ocrx_word' id='word_1_45' title='bbox 91 820 237 876; x_wconf 83' lang='grc' dir='ltr'><strong>τοῖς</strong></span> <span class='ocrx_word' id='word_1_46' title='bbox 274 815 528 876; x_wconf 79' lang='grc' dir='ltr'><strong>τοιούτοις</strong></span> <span class='ocrx_word' id='word_1_47' title='bbox 585 810 799 887; x_wconf 83' lang='grc' dir='ltr'><strong>βοηθεῖν</strong></span> <span class='ocrx_word' id='word_1_48' title='bbox 852 809 1136 879; x_wconf 80' lang='grc' dir='ltr'><strong>δύνασθαι,</strong></span> <span class='ocrx_word' id='word_1_49' title='bbox 1195 812 1303 867; x_wconf 71' lang='grc' dir='ltr'><strong>ἀλλ’</strong></span> <span class='ocrx_word' id='word_1_50' title='bbox 1360 816 1512 888; x_wconf 77' lang='grc' dir='ltr'><strong>ἡμεῖς</strong></span> <span class='ocrx_word' id='word_1_51' title='bbox 1559 816 1625 876; x_wconf 82' lang='grc' dir='ltr'><strong>ὡς</strong></span> 
     </span>
    </p>
   </div>
   <div class='ocr_carea' id='block_1_10' title="bbox 9 900 1626 977">
    <p class='ocr_par' dir='ltr' id='par_1_10' title="bbox 9 900 1626 977">
     <span class='ocr_line' id='line_1_10' title="bbox 9 900 1626 977; baseline 0.004 -25"><span class='ocrx_word' id='word_1_52' title='bbox 9 906 69 953; x_wconf 66' lang='grc' dir='ltr'><strong>τί</strong></span> <span class='ocrx_word' id='word_1_53' title='bbox 135 907 210 957; x_wconf 65' lang='grc' dir='ltr'><strong>σε</strong></span> <span class='ocrx_word' id='word_1_54' title='bbox 264 907 423 977; x_wconf 89' lang='grc' dir='ltr'><strong>μόνην</strong></span> <span class='ocrx_word' id='word_1_55' title='bbox 479 901 619 964; x_wconf 85' lang='grc' dir='ltr'><strong>ὅλαις</strong></span> <span class='ocrx_word' id='word_1_56' title='bbox 668 900 893 973; x_wconf 73' lang='grc' dir='ltr'><strong>ἰλπίσιν,</strong></span> <span class='ocrx_word' id='word_1_57' title='bbox 950 903 1087 966; x_wconf 80' lang='grc' dir='ltr'><strong>ὅλοις</strong></span> <span class='ocrx_word' id='word_1_58' title='bbox 1132 900 1418 977; x_wconf 68' lang='grc' dir='ltr'><strong>ὀφθαλμοῖς</strong></span> <span class='ocrx_word' id='word_1_59' title='bbox 1462 905 1626 958; x_wconf 85' lang='grc' dir='ltr'><strong>καθα-</strong></span> 
     </span>
    </p>
   </div>
   <div class='ocr_carea' id='block_1_11' title="bbox 9 988 1623 1066">
    <p class='ocr_par' dir='ltr' id='par_1_11' title="bbox 9 988 1623 1066">
     <span class='ocr_line' id='line_1_11' title="bbox 9 988 1623 1066; baseline 0.002 -22"><span class='ocrx_word' id='word_1_60' title='bbox 9 1000 95 1055; x_wconf 75' lang='grc' dir='ltr'><strong>ῶς</strong></span> <span class='ocrx_word' id='word_1_61' title='bbox 178 988 415 1066; x_wconf 72' lang='grc' dir='ltr'><strong>εἴδομεν,</strong></span> <span class='ocrx_word' id='word_1_62' title='bbox 473 992 620 1053; x_wconf 74' lang='grc' dir='ltr'><strong>εὐθὺς</strong></span> <span class='ocrx_word' id='word_1_63' title='bbox 664 993 729 1064; x_wconf 86' lang='grc' dir='ltr'><strong>(ῶ</strong></span> <span class='ocrx_word' id='word_1_64' title='bbox 783 991 972 1054; x_wconf 79' lang='grc' dir='ltr'><strong>πολλῆς</strong></span> <span class='ocrx_word' id='word_1_65' title='bbox 1060 1010 1150 1046; x_wconf 86' lang='grc' dir='ltr'><strong>και</strong></span> <span class='ocrx_word' id='word_1_66' title='bbox 1233 992 1465 1066; x_wconf 75' lang='grc' dir='ltr'><strong>μεγάλης</strong></span> <span class='ocrx_word' id='word_1_67' title='bbox 1532 1012 1623 1048; x_wconf 86' lang='grc' dir='ltr'><strong>και</strong></span> 
     </span>
    </p>
   </div>
   <div class='ocr_carea' id='block_1_12' title="bbox 9 1079 1616 1160">
    <p class='ocr_par' dir='ltr' id='par_1_12' title="bbox 9 1079 1616 1160">
     <span class='ocr_line' id='line_1_12' title="bbox 9 1079 1616 1160; baseline 0.002 -26"><span class='ocrx_word' id='word_1_68' title='bbox 9 1084 181 1137; x_wconf 62' lang='lat' dir='ltr'><strong>eiurat</strong></span> <span class='ocrx_word' id='word_1_69' title='bbox 215 1079 513 1157; x_wconf 71' lang='grc' dir='ltr'><strong>δωαμένης</strong></span> <span class='ocrx_word' id='word_1_70' title='bbox 553 1081 744 1154; x_wconf 77' lang='grc' dir='ltr'><strong>ἰσχύος</strong></span> <span class='ocrx_word' id='word_1_71' title='bbox 797 1080 810 1136; x_wconf 76' lang='grc' dir='ltr'><strong>ι</strong></span> <span class='ocrx_word' id='word_1_72' title='bbox 874 1085 915 1135; x_wconf 81' lang='grc' dir='ltr'><strong><em>ὦ</em></strong></span> <span class='ocrx_word' id='word_1_73' title='bbox 979 1083 1173 1155; x_wconf 83' lang='grc' dir='ltr'><strong>θερμῆς</strong></span> <span class='ocrx_word' id='word_1_74' title='bbox 1246 1080 1550 1160; x_wconf 68' lang='grc' dir='ltr'><strong>ἐπικουρίας</strong></span> <span class='ocrx_word' id='word_1_75' title='bbox 1602 1081 1616 1138; x_wconf 79' lang='lat' dir='ltr'><strong>i</strong></span> 
     </span>
    </p>
   </div>
   <div class='ocr_carea' id='block_1_13' title="bbox 81 1169 1620 1246">
    <p class='ocr_par' dir='ltr' id='par_1_13' title="bbox 81 1169 1620 1246">
     <span class='ocr_line' id='line_1_13' title="bbox 81 1169 1620 1246; baseline 0 -20"><span class='ocrx_word' id='word_1_76' title='bbox 81 1177 379 1246; x_wconf 71' lang='grc' dir='ltr'><strong>ταχίστης</strong></span> <span class='ocrx_word' id='word_1_77' title='bbox 419 1179 523 1226; x_wconf 86' lang='grc' dir='ltr'><strong>τῶν</strong></span> <span class='ocrx_word' id='word_1_78' title='bbox 574 1174 869 1225; x_wconf 76' lang='grc' dir='ltr'><strong>κακούντων</strong></span> <span class='ocrx_word' id='word_1_79' title='bbox 924 1169 1227 1245; x_wconf 73' lang='grc' dir='ltr'><strong>ἀπαλλαγῆς</strong></span> <span class='ocrx_word' id='word_1_80' title='bbox 1257 1170 1321 1246; x_wconf 84' lang='lat' dir='ltr'><strong>l)</strong></span> <span class='ocrx_word' id='word_1_81' title='bbox 1407 1171 1620 1246; x_wconf 83' lang='grc' dir='ltr'><strong>ἀνιστᾷς</strong></span> 
     </span>
    </p>
   </div>
   <div class='ocr_carea' id='block_1_14' title="bbox 9 1261 1619 1339">
    <p class='ocr_par' dir='ltr' id='par_1_14' title="bbox 9 1261 1619 1339">
     <span class='ocr_line' id='line_1_14' title="bbox 9 1261 1619 1339; baseline 0.001 -22"><span class='ocrx_word' id='word_1_82' title='bbox 9 1266 78 1317; x_wconf 63' lang='grc' dir='ltr'><strong>ἓν</strong></span> <span class='ocrx_word' id='word_1_83' title='bbox 149 1265 309 1337; x_wconf 77' lang='grc' dir='ltr'><strong>ἡμᾶς</strong></span> <span class='ocrx_word' id='word_1_84' title='bbox 350 1265 558 1339; x_wconf 84' lang='grc' dir='ltr'><strong>νεκροὺς</strong></span> <span class='ocrx_word' id='word_1_85' title='bbox 607 1266 889 1336; x_wconf 75' lang='grc' dir='ltr'><strong>κειμένους,</strong></span> <span class='ocrx_word' id='word_1_86' title='bbox 968 1281 1080 1332; x_wconf 83' lang='grc' dir='ltr'><strong>και,</strong></span> <span class='ocrx_word' id='word_1_87' title='bbox 1134 1262 1268 1323; x_wconf 78' lang='grc' dir='ltr'><strong>πλὴν</strong></span> <span class='ocrx_word' id='word_1_88' title='bbox 1354 1261 1619 1318; x_wconf 80' lang='grc' dir='ltr'><strong>ἀναπνοῶν</strong></span> 
     </span>
    </p>
   </div>
   <div class='ocr_carea' id='block_1_15' title="bbox 9 1349 1616 1428">
    <p class='ocr_par' dir='ltr' id='par_1_15' title="bbox 9 1349 1616 1428">
     <span class='ocr_line' id='line_1_15' title="bbox 9 1349 1616 1428; baseline 0.001 -23"><span class='ocrx_word' id='word_1_89' title='bbox 9 1356 219 1426; x_wconf 61' lang='grc' dir='ltr'><strong>λέγων,</strong></span> <span class='ocrx_word' id='word_1_90' title='bbox 276 1349 523 1428; x_wconf 75' lang='grc' dir='ltr'><strong>ἀμυδρῶν</strong></span> <span class='ocrx_word' id='word_1_91' title='bbox 574 1371 725 1405; x_wconf 87' lang='grc' dir='ltr'><strong>τινων</strong></span> <span class='ocrx_word' id='word_1_92' title='bbox 775 1370 867 1406; x_wconf 85' lang='grc' dir='ltr'><strong>και</strong></span> <span class='ocrx_word' id='word_1_93' title='bbox 931 1354 1144 1426; x_wconf 72' lang='grc' dir='ltr'><strong>τούτων,</strong></span> <span class='ocrx_word' id='word_1_94' title='bbox 1207 1355 1268 1406; x_wconf 85' lang='grc' dir='ltr'><strong>τὸ</strong></span> <span class='ocrx_word' id='word_1_95' title='bbox 1334 1356 1429 1427; x_wconf 78' lang='grc' dir='ltr'><strong>ζῇν</strong></span> <span class='ocrx_word' id='word_1_96' title='bbox 1502 1352 1616 1407; x_wconf 88' lang='grc' dir='ltr'><strong>ὅλον</strong></span> 
     </span>
    </p>
   </div>
   <div class='ocr_carea' id='block_1_16' title="bbox 9 1437 1612 1516">
    <p class='ocr_par' dir='ltr' id='par_1_16' title="bbox 9 1437 1612 1516">
     <span class='ocr_line' id='line_1_16' title="bbox 9 1437 1612 1516; baseline 0.001 -21"><span class='ocrx_word' id='word_1_97' title='bbox 9 1441 423 1513; x_wconf 72' lang='grc' dir='ltr'><strong>ιλέλοιπόντας,</strong></span> <span class='ocrx_word' id='word_1_98' title='bbox 497 1437 806 1516; x_wconf 70' lang='grc' dir='ltr'><strong>φυγαδεύεις</strong></span> <span class='ocrx_word' id='word_1_99' title='bbox 872 1438 934 1496; x_wconf 69' lang='grc' dir='ltr'><strong>δε</strong></span> <span class='ocrx_word' id='word_1_100' title='bbox 1013 1446 1200 1504; x_wconf 82' lang='grc' dir='ltr'><strong>νόσους</strong></span> <span class='ocrx_word' id='word_1_101' title='bbox 1274 1440 1612 1511; x_wconf 69' lang='grc' dir='ltr'><strong>ἀνηκέστους,</strong></span> 
     </span>
    </p>
   </div>
   <div class='ocr_carea' id='block_1_17' title="bbox 9 1527 1614 1607">
    <p class='ocr_par' dir='ltr' id='par_1_17' title="bbox 9 1527 1614 1607">
     <span class='ocr_line' id='line_1_17' title="bbox 9 1527 1614 1607; baseline -0.001 -21"><span class='ocrx_word' id='word_1_102' title='bbox 9 1551 77 1587; x_wconf 80' lang='grc' dir='ltr'><strong>αι</strong></span> <span class='ocrx_word' id='word_1_103' title='bbox 108 1534 277 1592; x_wconf 73' lang='grc' dir='ltr'><strong>πάθη</strong></span> <span class='ocrx_word' id='word_1_104' title='bbox 336 1534 564 1607; x_wconf 79' lang='grc' dir='ltr'><strong>κραταιᾰ</strong></span> <span class='ocrx_word' id='word_1_105' title='bbox 604 1527 858 1600; x_wconf 81' lang='grc' dir='ltr'><strong>διαλύεις,</strong></span> <span class='ocrx_word' id='word_1_106' title='bbox 911 1528 1100 1606; x_wconf 88' lang='grc' dir='ltr'><strong>μηδενί</strong></span> <span class='ocrx_word' id='word_1_107' title='bbox 1145 1551 1250 1586; x_wconf 88' lang='grc' dir='ltr'><strong>τινι</strong></span> <span class='ocrx_word' id='word_1_108' title='bbox 1303 1541 1404 1586; x_wconf 85' lang='grc' dir='ltr'><strong>τῶν</strong></span> <span class='ocrx_word' id='word_1_109' title='bbox 1449 1531 1614 1586; x_wconf 79' lang='grc' dir='ltr'><strong>ἄλλων</strong></span> 
     </span>
    </p>
   </div>
   <div class='ocr_carea' id='block_1_18' title="bbox 12 1618 1612 1697">
    <p class='ocr_par' dir='ltr' id='par_1_18' title="bbox 12 1618 1612 1697">
     <span class='ocr_line' id='line_1_18' title="bbox 12 1618 1612 1697; baseline 0 -21"><span class='ocrx_word' id='word_1_110' title='bbox 12 1618 281 1696; x_wconf 77' lang='grc' dir='ltr'><strong>ηδαμῶς</strong></span> <span class='ocrx_word' id='word_1_111' title='bbox 341 1624 562 1677; x_wconf 75' lang='grc' dir='ltr'><strong>εἴκοντα.</strong></span> <span class='ocrx_word' id='word_1_112' title='bbox 610 1618 764 1675; x_wconf 84' lang='grc' dir='ltr'><strong>Ὅθεν</strong></span> <span class='ocrx_word' id='word_1_113' title='bbox 814 1639 904 1674; x_wconf 86' lang='grc' dir='ltr'><strong>και</strong></span> <span class='ocrx_word' id='word_1_114' title='bbox 967 1620 1018 1675; x_wconf 79' lang='grc' dir='ltr'><strong>οἶ</strong></span> <span class='ocrx_word' id='word_1_115' title='bbox 1069 1629 1163 1685; x_wconf 84' lang='grc' dir='ltr'><strong>τῆς</strong></span> <span class='ocrx_word' id='word_1_116' title='bbox 1241 1620 1464 1697; x_wconf 74' lang='grc' dir='ltr'><strong>ἑσπίρας</strong></span> <span class='ocrx_word' id='word_1_117' title='bbox 1561 1622 1612 1676; x_wconf 77' lang='grc' dir='ltr'><strong>ἕν</strong></span> 
     </span>
    </p>
   </div>
   <div class='ocr_carea' id='block_1_19' title="bbox 9 1707 1612 1785">
    <p class='ocr_par' dir='ltr' id='par_1_19' title="bbox 9 1707 1612 1785">
     <span class='ocr_line' id='line_1_19' title="bbox 9 1707 1612 1785; baseline 0 -20"><span class='ocrx_word' id='word_1_118' title='bbox 9 1713 349 1785; x_wconf 75' lang='grc' dir='ltr'><strong>λαυθμῶνος</strong></span> <span class='ocrx_word' id='word_1_119' title='bbox 410 1711 562 1785; x_wconf 77' lang='grc' dir='ltr'><strong>ἡμεῖς</strong></span> <span class='ocrx_word' id='word_1_120' title='bbox 612 1717 919 1774; x_wconf 81' lang='grc' dir='ltr'><strong>σκηνοῦντες</strong></span> <span class='ocrx_word' id='word_1_121' title='bbox 970 1715 1188 1785; x_wconf 83' lang='grc' dir='ltr'><strong>πρωῑνοί</strong></span> <span class='ocrx_word' id='word_1_122' title='bbox 1254 1729 1387 1775; x_wconf 84' lang='grc' dir='ltr'><strong>τινες</strong></span> <span class='ocrx_word' id='word_1_123' title='bbox 1464 1707 1612 1774; x_wconf 79' lang='grc' dir='ltr'><strong>αὖθις</strong></span> 
     </span>
    </p>
   </div>
   <div class='ocr_carea' id='block_1_20' title="bbox 9 1797 1612 1876">
    <p class='ocr_par' dir='ltr' id='par_1_20' title="bbox 9 1797 1612 1876">
     <span class='ocr_line' id='line_1_20' title="bbox 9 1797 1612 1876; baseline 0 -21"><span class='ocrx_word' id='word_1_124' title='bbox 9 1820 220 1876; x_wconf 73' lang='grc' dir='ltr'><strong>κομεν,</strong></span> <span class='ocrx_word' id='word_1_125' title='bbox 293 1801 342 1855; x_wconf 75' lang='grc' dir='ltr'><strong>ἰν</strong></span> <span class='ocrx_word' id='word_1_126' title='bbox 409 1799 718 1874; x_wconf 73' lang='grc' dir='ltr'><strong>ἀγαλλιάσει</strong></span> <span class='ocrx_word' id='word_1_127' title='bbox 769 1808 1058 1876; x_wconf 71' lang='grc' dir='ltr'><strong>τρυφῶντες</strong></span> <span class='ocrx_word' id='word_1_128' title='bbox 1117 1801 1219 1874; x_wconf 79' lang='grc'><strong>(1),</strong></span> <span class='ocrx_word' id='word_1_129' title='bbox 1264 1820 1356 1854; x_wconf 86' lang='grc' dir='ltr'><strong>και</strong></span> <span class='ocrx_word' id='word_1_130' title='bbox 1447 1797 1612 1856; x_wconf 80' lang='grc' dir='ltr'><strong>διπλᾶ</strong></span> 
     </span>
    </p>
   </div>
   <div class='ocr_carea' id='block_1_21' title="bbox 11 1887 1608 1968">
    <p class='ocr_par' dir='ltr' id='par_1_21' title="bbox 11 1887 1608 1968">
     <span class='ocr_line' id='line_1_21' title="bbox 11 1887 1608 1968; baseline -0.002 -22"><span class='ocrx_word' id='word_1_131' title='bbox 11 1892 390 1968; x_wconf 78' lang='grc' dir='ltr'><strong>αἰρομεν,ὅτι</strong></span> <span class='ocrx_word' id='word_1_132' title='bbox 439 1910 494 1945; x_wconf 88' lang='grc' dir='ltr'><strong>τι</strong></span> <span class='ocrx_word' id='word_1_133' title='bbox 547 1887 713 1965; x_wconf 69' lang='grc' dir='ltr'><strong>μηδεν</strong></span> <span class='ocrx_word' id='word_1_134' title='bbox 769 1891 875 1945; x_wconf 82' lang='grc' dir='ltr'><strong>οἷον</strong></span> <span class='ocrx_word' id='word_1_135' title='bbox 927 1888 984 1944; x_wconf 71' lang='grc' dir='ltr'><strong>ἔκ</strong></span> <span class='ocrx_word' id='word_1_136' title='bbox 1042 1899 1141 1945; x_wconf 89' lang='grc' dir='ltr'><strong>τῶν</strong></span> <span class='ocrx_word' id='word_1_137' title='bbox 1203 1891 1608 1963; x_wconf 68' lang='grc' dir='ltr'><strong>συνενεχθέντων</strong></span> 
     </span>
    </p>
   </div>
   <div class='ocr_carea' id='block_1_22' title="bbox 10 1976 1669 2056">
    <p class='ocr_par' dir='ltr' id='par_1_22' title="bbox 10 1976 1669 2056">
     <span class='ocr_line' id='line_1_22' title="bbox 10 1976 1669 2056; baseline -0.001 -21"><span class='ocrx_word' id='word_1_138' title='bbox 10 1985 127 2045; x_wconf 79' lang='grc' dir='ltr'><strong>κὸς</strong></span> <span class='ocrx_word' id='word_1_139' title='bbox 150 1982 249 2035; x_wconf 74' lang='grc' dir='ltr'><strong>ἐπί</strong></span> <span class='ocrx_word' id='word_1_140' title='bbox 274 1980 449 2044; x_wconf 79' lang='grc' dir='ltr'><strong>τέλους</strong></span> <span class='ocrx_word' id='word_1_141' title='bbox 475 1983 782 2054; x_wconf 67' lang='grc' dir='ltr'><strong>κεκράτηκε,</strong></span> <span class='ocrx_word' id='word_1_142' title='bbox 813 1999 904 2034; x_wconf 85' lang='grc' dir='ltr'><strong>και</strong></span> <span class='ocrx_word' id='word_1_143' title='bbox 928 1981 1009 2034; x_wconf 90' lang='grc' dir='ltr'><strong>ὅτι</strong></span> <span class='ocrx_word' id='word_1_144' title='bbox 1038 1976 1134 2034; x_wconf 77' lang='grc' dir='ltr'><strong>διὰ</strong></span> <span class='ocrx_word' id='word_1_145' title='bbox 1158 1988 1255 2035; x_wconf 80' lang='grc' dir='ltr'><strong>σοῦ</strong></span> <span class='ocrx_word' id='word_1_146' title='bbox 1278 1984 1374 2041; x_wconf 78' lang='grc' dir='ltr'><strong>την</strong></span> <span class='ocrx_word' id='word_1_147' title='bbox 1396 1984 1669 2056; x_wconf 64' lang='grc' dir='ltr'><strong>⁵σωτηρίαν</strong></span> 
     </span>
    </p>
   </div>
   <div class='ocr_carea' id='block_1_23' title="bbox 1730 547 3383 625">
    <p class='ocr_par' dir='ltr' id='par_1_23' title="bbox 1730 547 3383 625">
     <span class='ocr_line' id='line_1_23' title="bbox 1730 547 3383 625; baseline 0.006 -22"><span class='ocrx_word' id='word_1_148' title='bbox 1730 563 1943 609; x_wconf 87' lang='lat' dir='ltr'><strong>corum</strong></span> <span class='ocrx_word' id='word_1_149' title='bbox 1971 554 2030 607; x_wconf 88' lang='lat' dir='ltr'><strong>et</strong></span> <span class='ocrx_word' id='word_1_150' title='bbox 2049 549 2333 619; x_wconf 81' lang='lat' dir='ltr'><strong>omnibus</strong></span> <span class='ocrx_word' id='word_1_151' title='bbox 2359 549 2429 606; x_wconf 87' lang='lat' dir='ltr'><strong>iis</strong></span> <span class='ocrx_word' id='word_1_152' title='bbox 2451 549 2558 623; x_wconf 88' lang='lat' dir='ltr'><strong>qui</strong></span> <span class='ocrx_word' id='word_1_153' title='bbox 2582 547 2857 607; x_wconf 86' lang='lat' dir='ltr'><strong>videntur</strong></span> <span class='ocrx_word' id='word_1_154' title='bbox 2880 567 3057 625; x_wconf 83' lang='lat' dir='ltr'><strong>posse</strong></span> <span class='ocrx_word' id='word_1_155' title='bbox 3077 553 3140 610; x_wconf 89' lang='lat' dir='ltr'><strong>in</strong></span> <span class='ocrx_word' id='word_1_156' title='bbox 3163 554 3383 612; x_wconf 76' lang='lat' dir='ltr'><strong>talibus</strong></span> 
     </span>
    </p>
   </div>
   <div class='ocr_carea' id='block_1_24' title="bbox 1728 636 3380 716">
    <p class='ocr_par' dir='ltr' id='par_1_24' title="bbox 1728 636 3380 716">
     <span class='ocr_line' id='line_1_24' title="bbox 1728 636 3380 716; baseline 0.004 -21"><span class='ocrx_word' id='word_1_157' title='bbox 1728 636 2023 706; x_wconf 75' lang='lat' dir='ltr'><strong>auxiliari,</strong></span> <span class='ocrx_word' id='word_1_158' title='bbox 2055 638 2104 696; x_wconf 91' lang='lat' dir='ltr'><strong>si</strong></span> <span class='ocrx_word' id='word_1_159' title='bbox 2124 654 2343 713; x_wconf 87' lang='lat' dir='ltr'><strong>nempe</strong></span> <span class='ocrx_word' id='word_1_160' title='bbox 2365 638 2425 697; x_wconf 89' lang='lat' dir='ltr'><strong>in</strong></span> <span class='ocrx_word' id='word_1_161' title='bbox 2448 643 2503 696; x_wconf 89' lang='lat' dir='ltr'><strong>te</strong></span> <span class='ocrx_word' id='word_1_162' title='bbox 2526 637 2718 696; x_wconf 89' lang='lat' dir='ltr'><strong>solam</strong></span> <span class='ocrx_word' id='word_1_163' title='bbox 2734 654 2978 698; x_wconf 88' lang='lat' dir='ltr'><strong>omnem</strong></span> <span class='ocrx_word' id='word_1_164' title='bbox 3009 657 3380 716; x_wconf 87' lang='lat' dir='ltr'><strong>reponamus</strong></span> 
     </span>
    </p>
   </div>
   <div class='ocr_carea' id='block_1_25' title="bbox 1732 728 3383 808">
    <p class='ocr_par' dir='ltr' id='par_1_25' title="bbox 1732 728 3383 808">
     <span class='ocr_line' id='line_1_25' title="bbox 1732 728 3383 808; baseline 0.001 -20"><span class='ocrx_word' id='word_1_165' title='bbox 1732 741 1920 801; x_wconf 85' lang='lat' dir='ltr'><strong>spem,</strong></span> <span class='ocrx_word' id='word_1_166' title='bbox 1955 728 2155 787; x_wconf 81' lang='lat' dir='ltr'><strong>statim</strong></span> <span class='ocrx_word' id='word_1_167' title='bbox 2183 729 2243 802; x_wconf 90' lang='grc' dir='ltr'><strong>(ο</strong></span> <span class='ocrx_word' id='word_1_168' title='bbox 2277 729 2581 787; x_wconf 90' lang='lat' dir='ltr'><strong>immensa</strong></span> <span class='ocrx_word' id='word_1_169' title='bbox 2608 734 2667 787; x_wconf 90' lang='lat' dir='ltr'><strong>et</strong></span> <span class='ocrx_word' id='word_1_170' title='bbox 2693 729 2963 789; x_wconf 88' lang='lat' dir='ltr'><strong>maxima</strong></span> <span class='ocrx_word' id='word_1_171' title='bbox 2998 735 3057 789; x_wconf 91' lang='lat' dir='ltr'><strong>et</strong></span> <span class='ocrx_word' id='word_1_172' title='bbox 3099 733 3383 808; x_wconf 83' lang='lat' dir='ltr'><strong>omnipo-</strong></span> 
     </span>
    </p>
   </div>
   <div class='ocr_carea' id='block_1_26' title="bbox 1731 817 3384 897">
    <p class='ocr_par' dir='ltr' id='par_1_26' title="bbox 1731 817 3384 897">
     <span class='ocr_line' id='line_1_26' title="bbox 1731 817 3384 897; baseline 0.004 -23"><span class='ocrx_word' id='word_1_173' title='bbox 1731 819 1860 873; x_wconf 88' lang='lat' dir='ltr'><strong>tens</strong></span> <span class='ocrx_word' id='word_1_174' title='bbox 1892 817 2083 875; x_wconf 88' lang='lat' dir='ltr'><strong>virtus</strong></span> <span class='ocrx_word' id='word_1_175' title='bbox 2117 818 2131 876; x_wconf 86' lang='grc' dir='ltr'><strong>ι</strong></span> <span class='ocrx_word' id='word_1_176' title='bbox 2162 834 2199 877; x_wconf 97' lang='lat' dir='ltr'><strong>o</strong></span> <span class='ocrx_word' id='word_1_177' title='bbox 2232 817 2533 877; x_wconf 84' lang='lat' dir='ltr'><strong>fervidum</strong></span> <span class='ocrx_word' id='word_1_178' title='bbox 2567 818 2903 877; x_wconf 85' lang='lat' dir='ltr'><strong>remedium</strong></span> <span class='ocrx_word' id='word_1_179' title='bbox 2938 817 2951 876; x_wconf 87' lang='lat' dir='ltr'><strong>l</strong></span> <span class='ocrx_word' id='word_1_180' title='bbox 2986 835 3024 877; x_wconf 94' lang='lat' dir='ltr'><strong>o</strong></span> <span class='ocrx_word' id='word_1_181' title='bbox 3069 820 3384 897; x_wconf 79' lang='lat' dir='ltr'><strong>celerrima</strong></span> 
     </span>
    </p>
   </div>
   <div class='ocr_carea' id='block_1_27' title="bbox 1729 904 3384 981">
    <p class='ocr_par' dir='ltr' id='par_1_27' title="bbox 1729 904 3384 981">
     <span class='ocr_line' id='line_1_27' title="bbox 1729 904 3384 981; baseline 0.005 -19"><span class='ocrx_word' id='word_1_182' title='bbox 1729 904 2030 965; x_wconf 82' lang='lat' dir='ltr'><strong>malorum</strong></span> <span class='ocrx_word' id='word_1_183' title='bbox 2051 908 2358 967; x_wconf 89' lang='lat' dir='ltr'><strong>evacuatio</strong></span> <span class='ocrx_word' id='word_1_184' title='bbox 2391 907 2435 981; x_wconf 87' lang='lat' dir='ltr'><strong>l)</strong></span> <span class='ocrx_word' id='word_1_185' title='bbox 2465 907 2642 981; x_wconf 87' lang='lat' dir='ltr'><strong>erigis</strong></span> <span class='ocrx_word' id='word_1_186' title='bbox 2671 924 2784 966; x_wconf 90' lang='lat' dir='ltr'><strong>nos</strong></span> <span class='ocrx_word' id='word_1_187' title='bbox 2812 913 3003 967; x_wconf 89' lang='lat' dir='ltr'><strong>morte</strong></span> <span class='ocrx_word' id='word_1_188' title='bbox 3026 909 3293 978; x_wconf 79' lang='lat' dir='ltr'><strong>effectos,</strong></span> <span class='ocrx_word' id='word_1_189' title='bbox 3323 915 3384 971; x_wconf 91' lang='lat' dir='ltr'><strong>et</strong></span> 
     </span>
    </p>
   </div>
   <div class='ocr_carea' id='block_1_28' title="bbox 1727 993 3382 1071">
    <p class='ocr_par' dir='ltr' id='par_1_28' title="bbox 1727 993 3382 1071">
     <span class='ocr_line' id='line_1_28' title="bbox 1727 993 3382 1071; baseline 0.005 -21"><span class='ocrx_word' id='word_1_190' title='bbox 1727 993 1975 1065; x_wconf 81' lang='lat' dir='ltr'><strong>debiles,</strong></span> <span class='ocrx_word' id='word_1_191' title='bbox 2002 996 2274 1055; x_wconf 88' lang='lat' dir='ltr'><strong>ultimum</strong></span> <span class='ocrx_word' id='word_1_192' title='bbox 2301 996 2480 1071; x_wconf 86' lang='lat' dir='ltr'><strong>quasi</strong></span> <span class='ocrx_word' id='word_1_193' title='bbox 2496 996 2628 1054; x_wconf 81' lang='lat' dir='ltr'><strong>vitae</strong></span> <span class='ocrx_word' id='word_1_194' title='bbox 2646 996 2860 1055; x_wconf 79' lang='lat' dir='ltr'><strong>ﬂatum</strong></span> <span class='ocrx_word' id='word_1_195' title='bbox 2880 997 3225 1058; x_wconf 75' lang='lat' dir='ltr'><strong>exhalantes</strong></span> <span class='ocrx_word' id='word_1_196' title='bbox 3250 1016 3266 1062; x_wconf 85' lang='lat'><strong>:</strong></span> <span class='ocrx_word' id='word_1_197' title='bbox 3291 1000 3382 1059; x_wconf 78' lang='lat' dir='ltr'><strong>fu-</strong></span> 
     </span>
    </p>
   </div>
   <div class='ocr_carea' id='block_1_29' title="bbox 1728 1086 3378 1161">
    <p class='ocr_par' dir='ltr' id='par_1_29' title="bbox 1728 1086 3378 1161">
     <span class='ocr_line' id='line_1_29' title="bbox 1728 1086 3378 1161; baseline 0.005 -20"><span class='ocrx_word' id='word_1_198' title='bbox 1728 1100 1837 1157; x_wconf 93' lang='lat' dir='ltr'><strong>gas</strong></span> <span class='ocrx_word' id='word_1_199' title='bbox 1866 1090 2068 1144; x_wconf 87' lang='lat' dir='ltr'><strong>autem</strong></span> <span class='ocrx_word' id='word_1_200' title='bbox 2099 1087 2347 1145; x_wconf 81' lang='lat' dir='ltr'><strong>morbos</strong></span> <span class='ocrx_word' id='word_1_201' title='bbox 2376 1086 2766 1160; x_wconf 74' lang='lat' dir='ltr'><strong>insanabiles,</strong></span> <span class='ocrx_word' id='word_1_202' title='bbox 2799 1092 2859 1145; x_wconf 90' lang='lat' dir='ltr'><strong>et</strong></span> <span class='ocrx_word' id='word_1_203' title='bbox 2892 1092 3107 1161; x_wconf 87' lang='lat' dir='ltr'><strong>potens</strong></span> <span class='ocrx_word' id='word_1_204' title='bbox 3136 1088 3378 1149; x_wconf 83' lang='lat' dir='ltr'><strong>dolores</strong></span> 
     </span>
    </p>
   </div>
   <div class='ocr_carea' id='block_1_30' title="bbox 1728 1173 3380 1254">
    <p class='ocr_par' dir='ltr' id='par_1_30' title="bbox 1728 1173 3380 1254">
     <span class='ocr_line' id='line_1_30' title="bbox 1728 1173 3380 1254; baseline 0.005 -24"><span class='ocrx_word' id='word_1_205' title='bbox 1728 1173 1911 1231; x_wconf 90' lang='lat' dir='ltr'><strong>solvis</strong></span> <span class='ocrx_word' id='word_1_206' title='bbox 1939 1175 2222 1233; x_wconf 89' lang='lat' dir='ltr'><strong>omnibus</strong></span> <span class='ocrx_word' id='word_1_207' title='bbox 2249 1175 2476 1233; x_wconf 69' lang='lat' dir='ltr'><strong>caeteris</strong></span> <span class='ocrx_word' id='word_1_208' title='bbox 2505 1174 2790 1250; x_wconf 90' lang='lat' dir='ltr'><strong>impares.</strong></span> <span class='ocrx_word' id='word_1_209' title='bbox 2825 1176 2992 1235; x_wconf 88' lang='lat' dir='ltr'><strong>Unde</strong></span> <span class='ocrx_word' id='word_1_210' title='bbox 3017 1182 3075 1235; x_wconf 88' lang='lat' dir='ltr'><strong>et</strong></span> <span class='ocrx_word' id='word_1_211' title='bbox 3108 1193 3221 1237; x_wconf 90' lang='lat' dir='ltr'><strong>nos</strong></span> <span class='ocrx_word' id='word_1_212' title='bbox 3273 1179 3380 1254; x_wconf 90' lang='lat' dir='ltr'><strong>qui</strong></span> 
     </span>
    </p>
   </div>
   <div class='ocr_carea' id='block_1_31' title="bbox 1723 1263 3377 1340">
    <p class='ocr_par' dir='ltr' id='par_1_31' title="bbox 1723 1263 3377 1340">
     <span class='ocr_line' id='line_1_31' title="bbox 1723 1263 3377 1340; baseline 0.005 -20"><span class='ocrx_word' id='word_1_213' title='bbox 1723 1278 1969 1338; x_wconf 82' lang='lat' dir='ltr'><strong>vespere</strong></span> <span class='ocrx_word' id='word_1_214' title='bbox 1986 1264 2050 1321; x_wconf 92' lang='lat' dir='ltr'><strong>in</strong></span> <span class='ocrx_word' id='word_1_215' title='bbox 2069 1264 2254 1323; x_wconf 90' lang='lat' dir='ltr'><strong>domo</strong></span> <span class='ocrx_word' id='word_1_216' title='bbox 2272 1264 2470 1323; x_wconf 87' lang='lat' dir='ltr'><strong>luctus</strong></span> <span class='ocrx_word' id='word_1_217' title='bbox 2484 1263 2787 1340; x_wconf 76' lang='lat' dir='ltr'><strong>plorantes</strong></span> <span class='ocrx_word' id='word_1_218' title='bbox 2799 1265 3377 1338; x_wconf 88' lang='lat' dir='ltr'><strong>sedebamus,mane</strong></span> 
     </span>
    </p>
   </div>
   <div class='ocr_carea' id='block_1_32' title="bbox 1722 1352 3378 1428">
    <p class='ocr_par' dir='ltr' id='par_1_32' title="bbox 1722 1352 3378 1428">
     <span class='ocr_line' id='line_1_32' title="bbox 1722 1352 3378 1428; baseline 0.004 -18"><span class='ocrx_word' id='word_1_219' title='bbox 1722 1352 1939 1411; x_wconf 83' lang='lat' dir='ltr'><strong>iterum</strong></span> <span class='ocrx_word' id='word_1_220' title='bbox 1966 1353 2352 1426; x_wconf 84' lang='lat' dir='ltr'><strong>procedimus</strong></span> <span class='ocrx_word' id='word_1_221' title='bbox 2395 1353 2460 1411; x_wconf 90' lang='lat' dir='ltr'><strong>in</strong></span> <span class='ocrx_word' id='word_1_222' title='bbox 2486 1353 2688 1412; x_wconf 68' lang='lat' dir='ltr'><strong>laetitia</strong></span> <span class='ocrx_word' id='word_1_223' title='bbox 2719 1353 3107 1428; x_wconf 82' lang='lat' dir='ltr'><strong>exsultantes,</strong></span> <span class='ocrx_word' id='word_1_224' title='bbox 3153 1362 3211 1415; x_wconf 93' lang='lat' dir='ltr'><strong>et</strong></span> <span class='ocrx_word' id='word_1_225' title='bbox 3258 1357 3378 1417; x_wconf 78' lang='lat' dir='ltr'><strong>du-</strong></span> 
     </span>
    </p>
   </div>
   <div class='ocr_carea' id='block_1_33' title="bbox 1720 1442 3379 1520">
    <p class='ocr_par' dir='ltr' id='par_1_33' title="bbox 1720 1442 3379 1520">
     <span class='ocr_line' id='line_1_33' title="bbox 1720 1442 3379 1520; baseline 0.005 -20"><span class='ocrx_word' id='word_1_226' title='bbox 1720 1442 1862 1516; x_wconf 86' lang='lat' dir='ltr'><strong>plici</strong></span> <span class='ocrx_word' id='word_1_227' title='bbox 1900 1442 2125 1515; x_wconf 88' lang='lat' dir='ltr'><strong>gaudio</strong></span> <span class='ocrx_word' id='word_1_228' title='bbox 2151 1442 2427 1501; x_wconf 63' lang='lat' dir='ltr'><strong>laetamur</strong></span> <span class='ocrx_word' id='word_1_229' title='bbox 2453 1449 2514 1503; x_wconf 85' lang='lat' dir='ltr'><strong>et</strong></span> <span class='ocrx_word' id='word_1_230' title='bbox 2531 1443 2676 1518; x_wconf 86' lang='lat' dir='ltr'><strong>quia</strong></span> <span class='ocrx_word' id='word_1_231' title='bbox 2699 1459 2777 1502; x_wconf 87' lang='lat' dir='ltr'><strong>ne</strong></span> <span class='ocrx_word' id='word_1_232' title='bbox 2806 1460 2996 1503; x_wconf 91' lang='lat' dir='ltr'><strong>unum</strong></span> <span class='ocrx_word' id='word_1_233' title='bbox 3025 1446 3274 1520; x_wconf 89' lang='lat' dir='ltr'><strong>quidem</strong></span> <span class='ocrx_word' id='word_1_234' title='bbox 3302 1464 3379 1508; x_wconf 80' lang='lat' dir='ltr'><strong>ex</strong></span> 
     </span>
    </p>
   </div>
   <div class='ocr_carea' id='block_1_34' title="bbox 1721 1531 3380 1607">
    <p class='ocr_par' dir='ltr' id='par_1_34' title="bbox 1721 1531 3380 1607">
     <span class='ocr_line' id='line_1_34' title="bbox 1721 1531 3380 1607; baseline 0.006 -18"><span class='ocrx_word' id='word_1_235' title='bbox 1721 1531 1899 1590; x_wconf 84' lang='lat' dir='ltr'><strong>malis</strong></span> <span class='ocrx_word' id='word_1_236' title='bbox 1936 1532 2354 1607; x_wconf 74' lang='lat' dir='ltr'><strong>ingruentibus</strong></span> <span class='ocrx_word' id='word_1_237' title='bbox 2395 1550 2535 1592; x_wconf 86' lang='lat' dir='ltr'><strong>vere</strong></span> <span class='ocrx_word' id='word_1_238' title='bbox 2571 1535 2633 1591; x_wconf 90' lang='lat' dir='ltr'><strong>in</strong></span> <span class='ocrx_word' id='word_1_239' title='bbox 2657 1535 2843 1592; x_wconf 87' lang='lat' dir='ltr'><strong>ﬁnem</strong></span> <span class='ocrx_word' id='word_1_240' title='bbox 2872 1536 3049 1595; x_wconf 90' lang='lat' dir='ltr'><strong>nobis</strong></span> <span class='ocrx_word' id='word_1_241' title='bbox 3076 1536 3380 1599; x_wconf 84' lang='lat' dir='ltr'><strong>dominari</strong></span> 
     </span>
    </p>
   </div>
   <div class='ocr_carea' id='block_1_35' title="bbox 1720 1621 3377 1699">
    <p class='ocr_par' dir='ltr' id='par_1_35' title="bbox 1720 1621 3377 1699">
     <span class='ocr_line' id='line_1_35' title="bbox 1720 1621 3377 1699; baseline 0.004 -20"><span class='ocrx_word' id='word_1_242' title='bbox 1720 1621 1933 1696; x_wconf 91' lang='lat' dir='ltr'><strong>potuit,</strong></span> <span class='ocrx_word' id='word_1_243' title='bbox 1964 1627 2023 1680; x_wconf 86' lang='lat' dir='ltr'><strong>et</strong></span> <span class='ocrx_word' id='word_1_244' title='bbox 2055 1623 2202 1697; x_wconf 86' lang='lat' dir='ltr'><strong>quia</strong></span> <span class='ocrx_word' id='word_1_245' title='bbox 2229 1638 2336 1697; x_wconf 90' lang='lat' dir='ltr'><strong>per</strong></span> <span class='ocrx_word' id='word_1_246' title='bbox 2363 1626 2420 1681; x_wconf 91' lang='lat' dir='ltr'><strong>te</strong></span> <span class='ocrx_word' id='word_1_247' title='bbox 2450 1622 2709 1681; x_wconf 86' lang='lat' dir='ltr'><strong>salutem</strong></span> <span class='ocrx_word' id='word_1_248' title='bbox 2739 1624 3100 1699; x_wconf 87' lang='lat' dir='ltr'><strong>accipientes</strong></span> <span class='ocrx_word' id='word_1_249' title='bbox 3126 1626 3377 1687; x_wconf 76' lang='lat' dir='ltr'><strong>indubi-</strong></span> 
     </span>
    </p>
   </div>
   <div class='ocr_carea' id='block_1_36' title="bbox 1721 1712 3377 1786">
    <p class='ocr_par' dir='ltr' id='par_1_36' title="bbox 1721 1712 3377 1786">
     <span class='ocr_line' id='line_1_36' title="bbox 1721 1712 3377 1786; baseline 0.004 -18"><span class='ocrx_word' id='word_1_250' title='bbox 1721 1716 1912 1769; x_wconf 88' lang='lat' dir='ltr'><strong>tanter</strong></span> <span class='ocrx_word' id='word_1_251' title='bbox 1930 1713 2231 1769; x_wconf 88' lang='lat' dir='ltr'><strong>conﬁdere</strong></span> <span class='ocrx_word' id='word_1_252' title='bbox 2262 1713 2579 1786; x_wconf 83' lang='lat' dir='ltr'><strong>posuimus</strong></span> <span class='ocrx_word' id='word_1_253' title='bbox 2597 1712 2766 1783; x_wconf 86' lang='lat' dir='ltr'><strong>quod</strong></span> <span class='ocrx_word' id='word_1_254' title='bbox 2784 1713 3013 1773; x_wconf 84' lang='lat' dir='ltr'><strong>nullum</strong></span> <span class='ocrx_word' id='word_1_255' title='bbox 3038 1731 3111 1773; x_wconf 83' lang='lat' dir='ltr'><strong>ex</strong></span> <span class='ocrx_word' id='word_1_256' title='bbox 3127 1715 3377 1776; x_wconf 77' lang='lat' dir='ltr'><strong>exterio-</strong></span> 
     </span>
    </p>
   </div>
   <div class='ocr_carea' id='block_1_37' title="bbox 1717 1801 3374 1879">
    <p class='ocr_par' dir='ltr' id='par_1_37' title="bbox 1717 1801 3374 1879">
     <span class='ocr_line' id='line_1_37' title="bbox 1717 1801 3374 1879; baseline 0.005 -21"><span class='ocrx_word' id='word_1_257' title='bbox 1717 1801 1887 1859; x_wconf 87' lang='lat' dir='ltr'><strong>ribus</strong></span> <span class='ocrx_word' id='word_1_258' title='bbox 1914 1801 2009 1859; x_wconf 88' lang='lat' dir='ltr'><strong>vel</strong></span> <span class='ocrx_word' id='word_1_259' title='bbox 2035 1802 2282 1859; x_wconf 89' lang='lat' dir='ltr'><strong>minime</strong></span> <span class='ocrx_word' id='word_1_260' title='bbox 2307 1802 2484 1861; x_wconf 88' lang='lat' dir='ltr'><strong>nobis</strong></span> <span class='ocrx_word' id='word_1_261' title='bbox 2513 1803 2711 1861; x_wconf 89' lang='lat' dir='ltr'><strong>denuo</strong></span> <span class='ocrx_word' id='word_1_262' title='bbox 2737 1818 2956 1863; x_wconf 85' lang='lat' dir='ltr'><strong>nocere</strong></span> <span class='ocrx_word' id='word_1_263' title='bbox 2983 1805 3196 1879; x_wconf 81' lang='lat' dir='ltr'><strong>possit,</strong></span> <span class='ocrx_word' id='word_1_264' title='bbox 3224 1805 3374 1866; x_wconf 88' lang='lat' dir='ltr'><strong>dum</strong></span> 
     </span>
    </p>
   </div>
   <div class='ocr_carea' id='block_1_38' title="bbox 1720 1890 2784 1965">
    <p class='ocr_par' dir='ltr' id='par_1_38' title="bbox 1720 1890 2784 1965">
     <span class='ocr_line' id='line_1_38' title="bbox 1720 1890 2784 1965; baseline 0 -16"><span class='ocrx_word' id='word_1_265' title='bbox 1720 1890 1783 1949; x_wconf 92' lang='lat' dir='ltr'><strong>in</strong></span> <span class='ocrx_word' id='word_1_266' title='bbox 1813 1896 1869 1948; x_wconf 91' lang='lat' dir='ltr'><strong>te</strong></span> <span class='ocrx_word' id='word_1_267' title='bbox 1895 1891 2140 1965; x_wconf 87' lang='lat' dir='ltr'><strong>plenam</strong></span> <span class='ocrx_word' id='word_1_268' title='bbox 2159 1891 2346 1950; x_wconf 89' lang='lat' dir='ltr'><strong>ﬁdem</strong></span> <span class='ocrx_word' id='word_1_269' title='bbox 2370 1892 2784 1951; x_wconf 88' lang='lat' dir='ltr'><strong>habuerimus.</strong></span> 
     </span>
    </p>
   </div>
   <div class='ocr_carea' id='block_1_39' title="bbox 1710 1980 3374 2064">
    <p class='ocr_par' dir='ltr' id='par_1_39' title="bbox 1710 1980 3374 2064">
     <span class='ocr_line' id='line_1_39' title="bbox 1710 1980 3374 2064; baseline 0.003 -28"><span class='ocrx_word' id='word_1_270' title='bbox 1710 1980 2004 2057; x_wconf 75' lang='grc' dir='ltr'><strong>εἰλήφαμεν,</strong></span> <span class='ocrx_word' id='word_1_271' title='bbox 2038 1981 2247 2056; x_wconf 67' lang='grc' dir='ltr'><strong>ἃχοντες</strong></span> <span class='ocrx_word' id='word_1_272' title='bbox 2274 1981 2406 2037; x_wconf 75' lang='grc' dir='ltr'><strong>κάπὶ</strong></span> <span class='ocrx_word' id='word_1_273' title='bbox 2430 1990 2543 2047; x_wconf 85' lang='grc' dir='ltr'><strong>τοῖς</strong></span> <span class='ocrx_word' id='word_1_274' title='bbox 2562 1982 2679 2048; x_wconf 74' lang='grc' dir='ltr'><strong><em>ἑξῆς</em></strong></span> <span class='ocrx_word' id='word_1_275' title='bbox 2707 1983 2814 2057; x_wconf 76' lang='grc' dir='ltr'><strong>οὐχ</strong></span> <span class='ocrx_word' id='word_1_276' title='bbox 2847 1987 3046 2044; x_wconf 77' lang='grc' dir='ltr'><strong>ἣκιστα</strong></span> <span class='ocrx_word' id='word_1_277' title='bbox 3072 1984 3278 2064; x_wconf 79' lang='grc' dir='ltr'><strong>θαρῥετν</strong></span> <span class='ocrx_word' id='word_1_278' title='bbox 3303 1988 3374 2053; x_wconf 73' lang='grc' dir='ltr'><strong>ὡς</strong></span> 
     </span>
    </p>
   </div>
   <div class='ocr_carea' id='block_1_40' title="bbox 9 2066 2071 2148">
    <p class='ocr_par' dir='ltr' id='par_1_40' title="bbox 9 2066 2071 2148">
     <span class='ocr_line' id='line_1_40' title="bbox 9 2066 2071 2148; baseline 0.001 -24"><span class='ocrx_word' id='word_1_279' title='bbox 9 2068 145 2126; x_wconf 60' lang='lat' dir='ltr'><strong>Wa</strong></span> <span class='ocrx_word' id='word_1_280' title='bbox 179 2073 326 2144; x_wconf 82' lang='grc' dir='ltr'><strong>ἡμᾶς</strong></span> <span class='ocrx_word' id='word_1_281' title='bbox 346 2066 460 2124; x_wconf 74' lang='grc' dir='ltr'><strong>οὐδ’</strong></span> <span class='ocrx_word' id='word_1_282' title='bbox 492 2066 644 2133; x_wconf 77' lang='grc' dir='ltr'><strong>αὖθις</strong></span> <span class='ocrx_word' id='word_1_283' title='bbox 660 2068 908 2144; x_wconf 71' lang='grc' dir='ltr'><strong>οὐδαμῶς</strong></span> <span class='ocrx_word' id='word_1_284' title='bbox 935 2068 1151 2145; x_wconf 71' lang='grc' dir='ltr'><strong>βλάψει,</strong></span> <span class='ocrx_word' id='word_1_285' title='bbox 1183 2074 1269 2124; x_wconf 81' lang='grc' dir='ltr'><strong>σοὶ</strong></span> <span class='ocrx_word' id='word_1_286' title='bbox 1296 2067 1331 2124; x_wconf 86' lang='grc' dir='ltr'><strong>δ</strong></span> <span class='ocrx_word' id='word_1_287' title='bbox 1335 2068 1391 2123; x_wconf 77' lang='grc' dir='ltr'><strong>ιᾶ</strong></span> <span class='ocrx_word' id='word_1_288' title='bbox 1413 2074 1602 2135; x_wconf 84' lang='grc' dir='ltr'><strong>παντὸς</strong></span> <span class='ocrx_word' id='word_1_289' title='bbox 1624 2076 2071 2148; x_wconf 71' lang='grc' dir='ltr'><strong>προσανέχοντας,</strong></span> 
     </span>
    </p>
   </div>
   <div class='ocr_carea' id='block_1_41' title="bbox 45 2159 1609 2236">
    <p class='ocr_par' dir='ltr' id='par_1_41' title="bbox 45 2159 1609 2236">
     <span class='ocr_line' id='line_1_41' title="bbox 45 2159 1609 2236; baseline -0.001 -21"><span class='ocrx_word' id='word_1_290' title='bbox 45 2164 173 2215; x_wconf 72' lang='grc' dir='ltr'><strong>Καί</strong></span> <span class='ocrx_word' id='word_1_291' title='bbox 201 2164 310 2236; x_wconf 77' lang='grc' dir='ltr'><strong>μὴν</strong></span> <span class='ocrx_word' id='word_1_292' title='bbox 347 2166 513 2214; x_wconf 84' lang='grc' dir='ltr'><strong>ταῦτα</strong></span> <span class='ocrx_word' id='word_1_293' title='bbox 562 2162 653 2233; x_wconf 67' lang='grc' dir='ltr'><strong>μεν</strong></span> <span class='ocrx_word' id='word_1_294' title='bbox 704 2162 854 2212; x_wconf 81' lang='grc' dir='ltr'><strong>κοινὰ</strong></span> <span class='ocrx_word' id='word_1_295' title='bbox 889 2165 1025 2214; x_wconf 83' lang='grc' dir='ltr'><strong>πᾶσι</strong></span> <span class='ocrx_word' id='word_1_296' title='bbox 1054 2159 1172 2213; x_wconf 87' lang='grc' dir='ltr'><strong>καθ’</strong></span> <span class='ocrx_word' id='word_1_297' title='bbox 1202 2160 1290 2214; x_wconf 74' lang='grc' dir='ltr'><strong>ἕνα</strong></span> <span class='ocrx_word' id='word_1_298' title='bbox 1338 2178 1431 2213; x_wconf 85' lang='grc' dir='ltr'><strong>και</strong></span> <span class='ocrx_word' id='word_1_299' title='bbox 1474 2162 1609 2214; x_wconf 81' lang='grc' dir='ltr'><strong>κατὰ</strong></span> 
     </span>
    </p>
   </div>
   <div class='ocr_carea' id='block_1_42' title="bbox 9 2245 1608 2325">
    <p class='ocr_par' dir='ltr' id='par_1_42' title="bbox 9 2245 1608 2325">
     <span class='ocr_line' id='line_1_42' title="bbox 9 2245 1608 2325; baseline 0 -23"><span class='ocrx_word' id='word_1_300' title='bbox 9 2252 200 2325; x_wconf 80' lang='grc' dir='ltr'><strong>ιειρόν,</strong></span> <span class='ocrx_word' id='word_1_301' title='bbox 252 2251 317 2311; x_wconf 80' lang='grc' dir='ltr'><strong>ὡς</strong></span> <span class='ocrx_word' id='word_1_302' title='bbox 353 2248 531 2318; x_wconf 83' lang='grc' dir='ltr'><strong>εἰπεῖν,</strong></span> <span class='ocrx_word' id='word_1_303' title='bbox 583 2247 921 2325; x_wconf 71' lang='grc' dir='ltr'><strong>ἐνεργούμενα</strong></span> <span class='ocrx_word' id='word_1_304' title='bbox 974 2269 988 2285; x_wconf 77' lang='grc' dir='ltr'><strong><em>ο</em></strong></span> <span class='ocrx_word' id='word_1_305' title='bbox 1036 2247 1072 2302; x_wconf 80' lang='grc' dir='ltr'>ἃ</span> <span class='ocrx_word' id='word_1_306' title='bbox 1121 2245 1171 2302; x_wconf 85' lang='grc' dir='ltr'><strong>δ’</strong></span> <span class='ocrx_word' id='word_1_307' title='bbox 1223 2246 1273 2302; x_wconf 74' lang='grc' dir='ltr'><strong>ἕν</strong></span> <span class='ocrx_word' id='word_1_308' title='bbox 1324 2248 1433 2322; x_wconf 86' lang='grc' dir='ltr'><strong>ἰμοί</strong></span> <span class='ocrx_word' id='word_1_309' title='bbox 1490 2245 1608 2303; x_wconf 81' lang='grc' dir='ltr'><strong>δια·</strong></span> 
     </span>
    </p>
   </div>
   <div class='ocr_carea' id='block_1_43' title="bbox 9 2337 1604 2415">
    <p class='ocr_par' dir='ltr' id='par_1_43' title="bbox 9 2337 1604 2415">
     <span class='ocr_line' id='line_1_43' title="bbox 9 2337 1604 2415; baseline -0.002 -20"><span class='ocrx_word' id='word_1_310' title='bbox 9 2344 280 2415; x_wconf 84' lang='grc' dir='ltr'><strong>ερόντως,</strong></span> <span class='ocrx_word' id='word_1_311' title='bbox 319 2347 432 2402; x_wconf 87' lang='grc' dir='ltr'><strong>πῶς</strong></span> <span class='ocrx_word' id='word_1_312' title='bbox 479 2337 540 2392; x_wconf 84' lang='grc' dir='ltr'><strong>ἆν</strong></span> <span class='ocrx_word' id='word_1_313' title='bbox 595 2339 749 2393; x_wconf 82' lang='grc' dir='ltr'><strong>εἰπὼν</strong></span> <span class='ocrx_word' id='word_1_314' title='bbox 807 2337 1162 2414; x_wconf 80' lang='grc' dir='ltr'><strong>ἀποχρώντως</strong></span> <span class='ocrx_word' id='word_1_315' title='bbox 1234 2339 1296 2392; x_wconf 82' lang='grc' dir='ltr'><strong>ἂν</strong></span> <span class='ocrx_word' id='word_1_316' title='bbox 1358 2339 1604 2413; x_wconf 84' lang='grc' dir='ltr'><strong>εὶποιμι;</strong></span> 
     </span>
    </p>
   </div>
   <div class='ocr_carea' id='block_1_44' title="bbox 9 2425 1608 2503">
    <p class='ocr_par' dir='ltr' id='par_1_44' title="bbox 9 2425 1608 2503">
     <span class='ocr_line' id='line_1_44' title="bbox 9 2425 1608 2503; baseline -0.002 -18"><span class='ocrx_word' id='word_1_317' title='bbox 9 2429 285 2501; x_wconf 71' lang='grc' dir='ltr'><strong>ίπιλείψει</strong></span> <span class='ocrx_word' id='word_1_318' title='bbox 310 2425 738 2503; x_wconf 72' lang='grc' dir='ltr'><strong>μεδιησγούμενον</strong></span> <span class='ocrx_word' id='word_1_319' title='bbox 804 2430 831 2482; x_wconf 87' lang='grc' dir='ltr'><strong>ὅ</strong></span> <span class='ocrx_word' id='word_1_320' title='bbox 884 2434 1097 2502; x_wconf 85' lang='grc' dir='ltr'><strong>χρόνος,</strong></span> <span class='ocrx_word' id='word_1_321' title='bbox 1152 2449 1244 2483; x_wconf 90' lang='grc' dir='ltr'><strong>και</strong></span> <span class='ocrx_word' id='word_1_322' title='bbox 1291 2433 1364 2503; x_wconf 79' lang='grc' dir='ltr'><strong>μὴ</strong></span> <span class='ocrx_word' id='word_1_323' title='bbox 1425 2430 1508 2483; x_wconf 84' lang='grc' dir='ltr'><strong>ὅτι</strong></span> <span class='ocrx_word' id='word_1_324' title='bbox 1546 2447 1608 2502; x_wconf 76' lang='grc' dir='ltr'><strong>γε</strong></span> 
     </span>
    </p>
   </div>
   <div class='ocr_carea' id='block_1_45' title="bbox 9 2515 1608 2594">
    <p class='ocr_par' dir='ltr' id='par_1_45' title="bbox 9 2515 1608 2594">
     <span class='ocr_line' id='line_1_45' title="bbox 9 2515 1608 2594; baseline -0.001 -20"><span class='ocrx_word' id='word_1_325' title='bbox 9 2521 123 2574; x_wconf 73' lang='grc' dir='ltr'><strong>κτὰ</strong></span> <span class='ocrx_word' id='word_1_326' title='bbox 160 2523 297 2593; x_wconf 81' lang='grc' dir='ltr'><strong>μίαν</strong></span> <span class='ocrx_word' id='word_1_327' title='bbox 343 2518 608 2591; x_wconf 67' lang='grc' dir='ltr'><strong>γλῶσσαν,</strong></span> <span class='ocrx_word' id='word_1_328' title='bbox 680 2517 788 2572; x_wconf 75' lang='grc' dir='ltr'><strong>ἀλλ’</strong></span> <span class='ocrx_word' id='word_1_329' title='bbox 864 2515 983 2572; x_wconf 77' lang='grc' dir='ltr'><strong>οὐδ’</strong></span> <span class='ocrx_word' id='word_1_330' title='bbox 1028 2517 1090 2572; x_wconf 81' lang='grc' dir='ltr'><strong>ἃν</strong></span> <span class='ocrx_word' id='word_1_331' title='bbox 1177 2523 1387 2594; x_wconf 76' lang='grc' dir='ltr'><strong>μυρίαις</strong></span> <span class='ocrx_word' id='word_1_332' title='bbox 1460 2520 1608 2581; x_wconf 83' lang='grc' dir='ltr'><strong>ὅσαις</strong></span> 
     </span>
    </p>
   </div>
   <div class='ocr_carea' id='block_1_46' title="bbox 9 2603 1603 2684">
    <p class='ocr_par' dir='ltr' id='par_1_46' title="bbox 9 2603 1603 2684">
     <span class='ocr_line' id='line_1_46' title="bbox 9 2603 1603 2684; baseline 0 -22"><span class='ocrx_word' id='word_1_333' title='bbox 9 2605 431 2684; x_wconf 77' lang='grc' dir='ltr'><strong>πομερισαμην,</strong></span> <span class='ocrx_word' id='word_1_334' title='bbox 498 2605 621 2661; x_wconf 78' lang='grc' dir='ltr'><strong>ὥστ’</strong></span> <span class='ocrx_word' id='word_1_335' title='bbox 702 2606 860 2667; x_wconf 77' lang='grc' dir='ltr'><strong>ἄλλην</strong></span> <span class='ocrx_word' id='word_1_336' title='bbox 921 2609 1064 2680; x_wconf 80' lang='grc' dir='ltr'><strong>ἔχειν</strong></span> <span class='ocrx_word' id='word_1_337' title='bbox 1134 2605 1268 2661; x_wconf 80' lang='grc' dir='ltr'><strong>ἄλλα</strong></span> <span class='ocrx_word' id='word_1_338' title='bbox 1338 2603 1603 2672; x_wconf 77' lang='grc' dir='ltr'><strong>διεξιέναι.</strong></span> 
     </span>
    </p>
   </div>
   <div class='ocr_carea' id='block_1_47' title="bbox 14 2693 1607 2772">
    <p class='ocr_par' dir='ltr' id='par_1_47' title="bbox 14 2693 1607 2772">
     <span class='ocr_line' id='line_1_47' title="bbox 14 2693 1607 2772; baseline -0.002 -20"><span class='ocrx_word' id='word_1_339' title='bbox 14 2698 132 2758; x_wconf 74' lang='grc' dir='ltr'><strong>λὴν</strong></span> <span class='ocrx_word' id='word_1_340' title='bbox 183 2699 275 2750; x_wconf 81' lang='grc' dir='ltr'><strong>ὅτε</strong></span> <span class='ocrx_word' id='word_1_341' title='bbox 330 2716 423 2750; x_wconf 86' lang='grc' dir='ltr'><strong>και</strong></span> <span class='ocrx_word' id='word_1_342' title='bbox 473 2699 539 2751; x_wconf 81' lang='grc' dir='ltr'><strong>τὰ</strong></span> <span class='ocrx_word' id='word_1_343' title='bbox 591 2700 722 2772; x_wconf 77' lang='grc' dir='ltr'><strong>πρὸς</strong></span> <span class='ocrx_word' id='word_1_344' title='bbox 773 2696 990 2751; x_wconf 77' lang='grc' dir='ltr'><strong>ἕκαστον</strong></span> <span class='ocrx_word' id='word_1_345' title='bbox 1039 2695 1155 2770; x_wconf 69' lang='grc' dir='ltr'><strong>ἐμοί</strong></span> <span class='ocrx_word' id='word_1_346' title='bbox 1206 2704 1383 2770; x_wconf 78' lang='grc' dir='ltr'><strong>σαφῶς</strong></span> <span class='ocrx_word' id='word_1_347' title='bbox 1431 2693 1607 2770; x_wconf 74' lang='grc' dir='ltr'><strong>διαφί-</strong></span> 
     </span>
    </p>
   </div>
   <div class='ocr_carea' id='block_1_48' title="bbox 9 2782 1605 2861">
    <p class='ocr_par' dir='ltr' id='par_1_48' title="bbox 9 2782 1605 2861">
     <span class='ocr_line' id='line_1_48' title="bbox 9 2782 1605 2861; baseline -0.002 -19"><span class='ocrx_word' id='word_1_348' title='bbox 9 2808 77 2856; x_wconf 86' lang='grc' dir='ltr'><strong>ει,</strong></span> <span class='ocrx_word' id='word_1_349' title='bbox 116 2786 300 2854; x_wconf 67' lang='grc' dir='ltr'><strong>ἔστιν,</strong></span> <span class='ocrx_word' id='word_1_350' title='bbox 338 2787 506 2861; x_wconf 83' lang='grc' dir='ltr'><strong>οἶμαι,</strong></span> <span class='ocrx_word' id='word_1_351' title='bbox 537 2794 638 2839; x_wconf 87' lang='grc' dir='ltr'><strong>τῶν</strong></span> <span class='ocrx_word' id='word_1_352' title='bbox 668 2785 907 2840; x_wconf 81' lang='grc' dir='ltr'><strong>ἁπάντων</strong></span> <span class='ocrx_word' id='word_1_353' title='bbox 966 2782 1140 2847; x_wconf 77' lang='grc' dir='ltr'><strong>οὐδεὶς</strong></span> <span class='ocrx_word' id='word_1_354' title='bbox 1189 2785 1240 2848; x_wconf 87' lang='grc' dir='ltr'><strong>ὃς</strong></span> <span class='ocrx_word' id='word_1_355' title='bbox 1296 2784 1382 2840; x_wconf 69' lang='grc' dir='ltr'><strong>ἐπί</strong></span> <span class='ocrx_word' id='word_1_356' title='bbox 1437 2788 1605 2859; x_wconf 79' lang='grc' dir='ltr'><strong>τούτῳ</strong></span> 
     </span>
    </p>
   </div>
   <div class='ocr_carea' id='block_1_49' title="bbox 9 2875 1606 2953">
    <p class='ocr_par' dir='ltr' id='par_1_49' title="bbox 9 2875 1606 2953">
     <span class='ocr_line' id='line_1_49' title="bbox 9 2875 1606 2953; baseline -0.002 -22"><span class='ocrx_word' id='word_1_357' title='bbox 9 2878 193 2938; x_wconf 79' lang='grc' dir='ltr'><strong>ιπλῆν</strong></span> <span class='ocrx_word' id='word_1_358' title='bbox 222 2876 339 2948; x_wconf 75' lang='grc' dir='ltr'><strong>ἔχει</strong></span> <span class='ocrx_word' id='word_1_359' title='bbox 381 2881 615 2950; x_wconf 75' lang='grc' dir='ltr'><strong>γνώμην.</strong></span> <span class='ocrx_word' id='word_1_360' title='bbox 676 2880 778 2930; x_wconf 72' lang='grc' dir='ltr'><strong>Καὶ</strong></span> <span class='ocrx_word' id='word_1_361' title='bbox 823 2879 928 2953; x_wconf 74' lang='grc' dir='ltr'><strong>γὰρ</strong></span> <span class='ocrx_word' id='word_1_362' title='bbox 975 2879 1035 2930; x_wconf 90' lang='grc' dir='ltr'><strong>τό</strong></span> <span class='ocrx_word' id='word_1_363' title='bbox 1086 2894 1142 2930; x_wconf 90' lang='grc' dir='ltr'><strong>τε</strong></span> <span class='ocrx_word' id='word_1_364' title='bbox 1189 2876 1384 2949; x_wconf 80' lang='grc' dir='ltr'><strong>σχήμα</strong></span> <span class='ocrx_word' id='word_1_365' title='bbox 1441 2894 1533 2929; x_wconf 85' lang='grc' dir='ltr'><strong>και</strong></span> <span class='ocrx_word' id='word_1_366' title='bbox 1579 2875 1606 2928; x_wconf 91' lang='grc' dir='ltr'><strong>ό</strong></span> 
     </span>
    </p>
   </div>
   <div class='ocr_carea' id='block_1_50' title="bbox 9 2963 1605 3041">
    <p class='ocr_par' dir='ltr' id='par_1_50' title="bbox 9 2963 1605 3041">
     <span class='ocr_line' id='line_1_50' title="bbox 9 2963 1605 3041; baseline -0.001 -22"><span class='ocrx_word' id='word_1_367' title='bbox 9 2976 65 3029; x_wconf 68' lang='grc' dir='ltr'><strong>ἧς</strong></span> <span class='ocrx_word' id='word_1_368' title='bbox 118 2965 312 3041; x_wconf 80' lang='grc' dir='ltr'><strong>ἀρχῆς</strong></span> <span class='ocrx_word' id='word_1_369' title='bbox 378 2964 532 3039; x_wconf 77' lang='grc' dir='ltr'><strong>λόγος</strong></span> <span class='ocrx_word' id='word_1_370' title='bbox 595 2966 904 3020; x_wconf 74' lang='grc' dir='ltr'><strong>εἰσποιεῖ-ται</strong></span> <span class='ocrx_word' id='word_1_371' title='bbox 980 2967 1197 3033; x_wconf 68' lang='grc' dir='ltr'><strong>πάντας,</strong></span> <span class='ocrx_word' id='word_1_372' title='bbox 1269 2966 1296 3019; x_wconf 83' lang='grc' dir='ltr'><strong><em>ὃ</em></strong></span> <span class='ocrx_word' id='word_1_373' title='bbox 1346 2965 1407 3019; x_wconf 82' lang='grc' dir='ltr'><strong>’τ’</strong></span> <span class='ocrx_word' id='word_1_374' title='bbox 1482 2963 1605 3038; x_wconf 69' lang='grc' dir='ltr'><strong>ἐμός</strong></span> 
     </span>
    </p>
   </div>
   <div class='ocr_carea' id='block_1_51' title="bbox 9 3053 1605 3129">
    <p class='ocr_par' dir='ltr' id='par_1_51' title="bbox 9 3053 1605 3129">
     <span class='ocr_line' id='line_1_51' title="bbox 9 3053 1605 3129; baseline -0.004 -19"><span class='ocrx_word' id='word_1_375' title='bbox 9 3062 207 3125; x_wconf 72' lang='grc' dir='ltr'><strong>οόπος,</strong></span> <span class='ocrx_word' id='word_1_376' title='bbox 239 3072 328 3107; x_wconf 88' lang='grc' dir='ltr'><strong>και</strong></span> <span class='ocrx_word' id='word_1_377' title='bbox 369 3053 513 3129; x_wconf 78' lang='grc' dir='ltr'><strong>ὖμεῖς</strong></span> <span class='ocrx_word' id='word_1_378' title='bbox 562 3054 674 3108; x_wconf 83' lang='grc' dir='ltr'><strong>ἰστε</strong></span> <span class='ocrx_word' id='word_1_379' title='bbox 726 3056 935 3116; x_wconf 82' lang='grc' dir='ltr'><strong>πάντως</strong></span> <span class='ocrx_word' id='word_1_380' title='bbox 994 3056 1058 3116; x_wconf 83' lang='grc' dir='ltr'><strong>ὡς</strong></span> <span class='ocrx_word' id='word_1_381' title='bbox 1112 3053 1196 3108; x_wconf 65' lang='lat' dir='ltr'><strong>ixi</strong></span> <span class='ocrx_word' id='word_1_382' title='bbox 1269 3057 1426 3107; x_wconf 85' lang='grc' dir='ltr'><strong>παντί</strong></span> <span class='ocrx_word' id='word_1_383' title='bbox 1470 3054 1605 3126; x_wconf 79' lang='grc' dir='ltr'><strong>κάμ-</strong></span> 
     </span>
    </p>
   </div>
   <div class='ocr_carea' id='block_1_52' title="bbox 10 3138 1604 3219">
    <p class='ocr_par' dir='ltr' id='par_1_52' title="bbox 10 3138 1604 3219">
     <span class='ocr_line' id='line_1_52' title="bbox 10 3138 1604 3219; baseline -0.003 -20"><span class='ocrx_word' id='word_1_384' title='bbox 10 3164 195 3219; x_wconf 79' lang='grc' dir='ltr'><strong>τομαι</strong></span> <span class='ocrx_word' id='word_1_385' title='bbox 256 3150 547 3218; x_wconf 69' lang='grc' dir='ltr'><strong>συμφοραῖς</strong></span> <span class='ocrx_word' id='word_1_386' title='bbox 602 3148 935 3219; x_wconf 66' lang='grc' dir='ltr'><strong>κεχρημένῳ,</strong></span> <span class='ocrx_word' id='word_1_387' title='bbox 965 3161 1056 3196; x_wconf 88' lang='grc' dir='ltr'><strong>και</strong></span> <span class='ocrx_word' id='word_1_388' title='bbox 1111 3145 1409 3197; x_wconf 69' lang='grc' dir='ltr'><strong>τούναντίον</strong></span> <span class='ocrx_word' id='word_1_389' title='bbox 1451 3138 1604 3206; x_wconf 77' lang='grc' dir='ltr'><strong>αὖθις</strong></span> 
     </span>
    </p>
   </div>
   <div class='ocr_carea' id='block_1_53' title="bbox 10 3230 1600 3310">
    <p class='ocr_par' dir='ltr' id='par_1_53' title="bbox 10 3230 1600 3310">
     <span class='ocr_line' id='line_1_53' title="bbox 10 3230 1600 3310; baseline -0.001 -25"><span class='ocrx_word' id='word_1_390' title='bbox 10 3241 339 3306; x_wconf 30' lang='grc' dir='ltr'><strong>χσποιοῦμαι</strong></span> <span class='ocrx_word' id='word_1_391' title='bbox 361 3234 455 3294; x_wconf 77' lang='grc' dir='ltr'><strong>τὴν</strong></span> <span class='ocrx_word' id='word_1_392' title='bbox 470 3233 654 3310; x_wconf 78' lang='grc' dir='ltr'><strong>χάριν,</strong></span> <span class='ocrx_word' id='word_1_393' title='bbox 697 3232 741 3287; x_wconf 78' lang='grc' dir='ltr'><strong>εἳ</strong></span> <span class='ocrx_word' id='word_1_394' title='bbox 774 3252 855 3295; x_wconf 91' lang='grc' dir='ltr'><strong>τις</strong></span> <span class='ocrx_word' id='word_1_395' title='bbox 897 3234 952 3286; x_wconf 80' lang='grc' dir='ltr'><strong>εὖ</strong></span> <span class='ocrx_word' id='word_1_396' title='bbox 998 3234 1136 3306; x_wconf 75' lang='grc' dir='ltr'><strong>ἔχων</strong></span> <span class='ocrx_word' id='word_1_397' title='bbox 1199 3230 1600 3302; x_wconf 76' lang='grc' dir='ltr'><strong>ἀπαλλάττοιτο,</strong></span> 
     </span>
    </p>
   </div>
   <div class='ocr_carea' id='block_1_54' title="bbox 9 3322 1603 3398">
    <p class='ocr_par' dir='ltr' id='par_1_54' title="bbox 9 3322 1603 3398">
     <span class='ocr_line' id='line_1_54' title="bbox 9 3322 1603 3398; baseline -0.003 -19"><span class='ocrx_word' id='word_1_398' title='bbox 9 3329 129 3387; x_wconf 81' lang='grc' dir='ltr'><strong>είας</strong></span> <span class='ocrx_word' id='word_1_399' title='bbox 175 3324 499 3398; x_wconf 83' lang='grc' dir='ltr'><strong>προμηθείας</strong></span> <span class='ocrx_word' id='word_1_400' title='bbox 561 3322 864 3397; x_wconf 78' lang='grc' dir='ltr'><strong>ἠξιωμένος.</strong></span> <span class='ocrx_word' id='word_1_401' title='bbox 961 3325 1057 3376; x_wconf 84' lang='grc' dir='ltr'><strong>Διὰ</strong></span> <span class='ocrx_word' id='word_1_402' title='bbox 1105 3341 1189 3377; x_wconf 89' lang='grc' dir='ltr'><strong>τοι</strong></span> <span class='ocrx_word' id='word_1_403' title='bbox 1270 3328 1423 3375; x_wconf 85' lang='grc' dir='ltr'><strong>τοῦτο</strong></span> <span class='ocrx_word' id='word_1_404' title='bbox 1512 3339 1603 3375; x_wconf 85' lang='grc' dir='ltr'><strong>και</strong></span> 
     </span>
    </p>
   </div>
   <div class='ocr_carea' id='block_1_55' title="bbox 9 3410 1603 3486">
    <p class='ocr_par' dir='ltr' id='par_1_55' title="bbox 9 3410 1603 3486">
     <span class='ocr_line' id='line_1_55' title="bbox 9 3410 1603 3486; baseline -0.003 -18"><span class='ocrx_word' id='word_1_405' title='bbox 9 3413 138 3468; x_wconf 81' lang='grc' dir='ltr'><strong>λέον</strong></span> <span class='ocrx_word' id='word_1_406' title='bbox 206 3420 312 3466; x_wconf 87' lang='grc' dir='ltr'><strong>τῶν</strong></span> <span class='ocrx_word' id='word_1_407' title='bbox 362 3411 527 3466; x_wconf 74' lang='grc' dir='ltr'><strong>ἄλλων</strong></span> <span class='ocrx_word' id='word_1_408' title='bbox 595 3411 832 3466; x_wconf 79' lang='grc' dir='ltr'><strong>ἁπάντων</strong></span> <span class='ocrx_word' id='word_1_409' title='bbox 905 3412 1058 3474; x_wconf 72' lang='grc' dir='ltr'><strong>αὐτὸς</strong></span> <span class='ocrx_word' id='word_1_410' title='bbox 1137 3410 1603 3486; x_wconf 71' lang='grc' dir='ltr'><strong>ἀνθομολογεῖσθαι</strong></span> 
     </span>
    </p>
   </div>
   <div class='ocr_carea' id='block_1_56' title="bbox 9 3498 1603 3578">
    <p class='ocr_par' dir='ltr' id='par_1_56' title="bbox 9 3498 1603 3578">
     <span class='ocr_line' id='line_1_56' title="bbox 9 3498 1603 3578; baseline -0.002 -21"><span class='ocrx_word' id='word_1_411' title='bbox 9 3512 34 3578; x_wconf 69' lang='grc' dir='ltr'><strong>ᾖ</strong></span> <span class='ocrx_word' id='word_1_412' title='bbox 82 3504 285 3576; x_wconf 84' lang='grc' dir='ltr'><strong>Μητρί</strong></span> <span class='ocrx_word' id='word_1_413' title='bbox 308 3509 400 3555; x_wconf 84' lang='grc' dir='ltr'><strong>τοῦ</strong></span> <span class='ocrx_word' id='word_1_414' title='bbox 440 3506 569 3557; x_wconf 77' lang='grc' dir='ltr'><strong>Θεοῦ</strong></span> <span class='ocrx_word' id='word_1_415' title='bbox 600 3498 830 3567; x_wconf 81' lang='grc' dir='ltr'><strong>δίκαιος,</strong></span> <span class='ocrx_word' id='word_1_416' title='bbox 856 3503 886 3562; x_wconf 76' lang='grc' dir='ltr'><strong>ἦ</strong></span> <span class='ocrx_word' id='word_1_417' title='bbox 942 3501 1153 3576; x_wconf 78' lang='grc' dir='ltr'><strong>μᾶλλον,</strong></span> <span class='ocrx_word' id='word_1_418' title='bbox 1217 3502 1338 3554; x_wconf 88' lang='grc' dir='ltr'><strong>ὅσον</strong></span> <span class='ocrx_word' id='word_1_419' title='bbox 1386 3499 1603 3575; x_wconf 78' lang='grc' dir='ltr'><strong>εὐχαρι-</strong></span> 
     </span>
    </p>
   </div>
   <div class='ocr_carea' id='block_1_57' title="bbox 9 3589 1602 3665">
    <p class='ocr_par' dir='ltr' id='par_1_57' title="bbox 9 3589 1602 3665">
     <span class='ocr_line' id='line_1_57' title="bbox 9 3589 1602 3665; baseline -0.003 -18"><span class='ocrx_word' id='word_1_420' title='bbox 9 3597 147 3655; x_wconf 65' lang='lat' dir='ltr'><strong>tias;</strong></span> <span class='ocrx_word' id='word_1_421' title='bbox 165 3590 285 3644; x_wconf 77' lang='grc' dir='ltr'><strong>ἀνθ’</strong></span> <span class='ocrx_word' id='word_1_422' title='bbox 332 3590 401 3643; x_wconf 82' lang='grc' dir='ltr'><strong>ὧν</strong></span> <span class='ocrx_word' id='word_1_423' title='bbox 458 3593 645 3665; x_wconf 71' lang='grc' dir='ltr'><strong>ἔφημεν</strong></span> <span class='ocrx_word' id='word_1_424' title='bbox 700 3611 791 3645; x_wconf 88' lang='grc' dir='ltr'><strong>και</strong></span> <span class='ocrx_word' id='word_1_425' title='bbox 834 3589 1030 3645; x_wconf 71' lang='grc' dir='ltr'><strong>πολλῶν</strong></span> <span class='ocrx_word' id='word_1_426' title='bbox 1088 3590 1269 3665; x_wconf 73' lang='grc' dir='ltr'><strong>ἑτέρων</strong></span> <span class='ocrx_word' id='word_1_427' title='bbox 1335 3589 1602 3663; x_wconf 78' lang='grc' dir='ltr'><strong>(οὐμενοῦν</strong></span> 
     </span>
    </p>
   </div>
   <div class='ocr_carea' id='block_1_58' title="bbox 9 3679 1603 3754">
    <p class='ocr_par' dir='ltr' id='par_1_58' title="bbox 9 3679 1603 3754">
     <span class='ocr_line' id='line_1_58' title="bbox 9 3679 1603 3754; baseline -0.002 -20"><span class='ocrx_word' id='word_1_428' title='bbox 9 3690 126 3737; x_wconf 72' lang='grc' dir='ltr'><strong>ὲποι</strong></span> <span class='ocrx_word' id='word_1_429' title='bbox 177 3698 263 3741; x_wconf 84' lang='grc' dir='ltr'><strong>τις</strong></span> <span class='ocrx_word' id='word_1_430' title='bbox 315 3679 377 3733; x_wconf 81' lang='grc' dir='ltr'><strong>ἂν</strong></span> <span class='ocrx_word' id='word_1_431' title='bbox 428 3680 619 3739; x_wconf 78' lang='grc' dir='ltr'><strong>ἡλίκων</strong></span> <span class='ocrx_word' id='word_1_432' title='bbox 678 3699 770 3734; x_wconf 90' lang='grc' dir='ltr'><strong>και</strong></span> <span class='ocrx_word' id='word_1_433' title='bbox 846 3682 1008 3754; x_wconf 79' lang='grc' dir='ltr'><strong>ὅσων)</strong></span> <span class='ocrx_word' id='word_1_434' title='bbox 1082 3687 1228 3740; x_wconf 84' lang='grc' dir='ltr'><strong>κοινῆ</strong></span> <span class='ocrx_word' id='word_1_435' title='bbox 1293 3686 1455 3733; x_wconf 87' lang='grc' dir='ltr'><strong>πᾶσιν</strong></span> <span class='ocrx_word' id='word_1_436' title='bbox 1535 3679 1603 3741; x_wconf 85' lang='grc' dir='ltr'><strong>εἰς</strong></span> 
     </span>
    </p>
   </div>
   <div class='ocr_carea' id='block_1_59' title="bbox 9 3769 1600 3846">
    <p class='ocr_par' dir='ltr' id='par_1_59' title="bbox 9 3769 1600 3846">
     <span class='ocr_line' id='line_1_59' title="bbox 9 3769 1600 3846; baseline -0.003 -22"><span class='ocrx_word' id='word_1_437' title='bbox 9 3773 290 3844; x_wconf 78' lang='grc' dir='ltr'><strong>ναγκαίαν</strong></span> <span class='ocrx_word' id='word_1_438' title='bbox 318 3769 522 3843; x_wconf 68' lang='grc' dir='ltr'><strong>ὀφειλὴν</strong></span> <span class='ocrx_word' id='word_1_439' title='bbox 565 3772 796 3846; x_wconf 76' lang='grc' dir='ltr'><strong>ἔρχεται,</strong></span> <span class='ocrx_word' id='word_1_440' title='bbox 850 3769 991 3823; x_wconf 82' lang='grc' dir='ltr'><strong>τοῦτ’</strong></span> <span class='ocrx_word' id='word_1_441' title='bbox 1038 3772 1214 3843; x_wconf 71' lang='grc' dir='ltr'><strong>ἔμοι-γε</strong></span> <span class='ocrx_word' id='word_1_442' title='bbox 1260 3772 1331 3842; x_wconf 81' lang='grc' dir='ltr'><strong>μὴ</strong></span> <span class='ocrx_word' id='word_1_443' title='bbox 1389 3772 1446 3821; x_wconf 87' lang='grc' dir='ltr'><strong>τό</strong></span> <span class='ocrx_word' id='word_1_444' title='bbox 1497 3773 1600 3821; x_wconf 77' lang='grc' dir='ltr'><strong>πᾶν</strong></span> 
     </span>
    </p>
   </div>
   <div class='ocr_carea' id='block_1_60' title="bbox 10 3855 1601 3932">
    <p class='ocr_par' dir='ltr' id='par_1_60' title="bbox 10 3855 1601 3932">
     <span class='ocr_line' id='line_1_60' title="bbox 10 3855 1601 3932; baseline -0.004 -17"><span class='ocrx_word' id='word_1_445' title='bbox 10 3866 168 3930; x_wconf 79' lang='grc' dir='ltr'><strong>όνον,</strong></span> <span class='ocrx_word' id='word_1_446' title='bbox 197 3857 331 3911; x_wconf 78' lang='grc' dir='ltr'><strong>ἀλλά</strong></span> <span class='ocrx_word' id='word_1_447' title='bbox 349 3878 441 3912; x_wconf 82' lang='grc' dir='ltr'><strong>και</strong></span> <span class='ocrx_word' id='word_1_448' title='bbox 496 3855 667 3931; x_wconf 77' lang='grc' dir='ltr'><strong>πολλῷ</strong></span> <span class='ocrx_word' id='word_1_449' title='bbox 720 3858 948 3921; x_wconf 83' lang='grc' dir='ltr'><strong>πλείονος</strong></span> <span class='ocrx_word' id='word_1_450' title='bbox 992 3859 1045 3912; x_wconf 81' lang='grc' dir='ltr'><strong>ἐν</strong></span> <span class='ocrx_word' id='word_1_451' title='bbox 1098 3858 1376 3932; x_wconf 74' lang='grc' dir='ltr'><strong>προσθήκη</strong></span> <span class='ocrx_word' id='word_1_452' title='bbox 1432 3873 1601 3930; x_wconf 84' lang='grc' dir='ltr'><strong>προσ-</strong></span> 
     </span>
    </p>
   </div>
   <div class='ocr_carea' id='block_1_61' title="bbox 9 3944 1596 4022">
    <p class='ocr_par' dir='ltr' id='par_1_61' title="bbox 9 3944 1596 4022">
     <span class='ocr_line' id='line_1_61' title="bbox 9 3944 1596 4022; baseline -0.003 -19"><span class='ocrx_word' id='word_1_453' title='bbox 9 3970 129 4012; x_wconf 66' lang='grc' dir='ltr'><strong>ντος</strong></span> <span class='ocrx_word' id='word_1_454' title='bbox 179 3950 323 4002; x_wconf 80' lang='grc' dir='ltr'><strong>κατά</strong></span> <span class='ocrx_word' id='word_1_455' title='bbox 363 3952 450 4002; x_wconf 88' lang='grc' dir='ltr'><strong>τόν</strong></span> <span class='ocrx_word' id='word_1_456' title='bbox 506 3947 623 4001; x_wconf 76' lang='grc' dir='ltr'><strong>ἶσον</strong></span> <span class='ocrx_word' id='word_1_457' title='bbox 713 3949 930 4022; x_wconf 75' lang='grc' dir='ltr'><strong>ἔρχεται</strong></span> <span class='ocrx_word' id='word_1_458' title='bbox 999 3946 1171 4018; x_wconf 74' lang='grc' dir='ltr'><strong>λόγον,</strong></span> <span class='ocrx_word' id='word_1_459' title='bbox 1248 3965 1340 3998; x_wconf 84' lang='grc' dir='ltr'><strong>και</strong></span> <span class='ocrx_word' id='word_1_460' title='bbox 1409 3944 1453 3999; x_wconf 90' lang='grc' dir='ltr'><strong>εἰ</strong></span> <span class='ocrx_word' id='word_1_461' title='bbox 1525 3948 1596 4019; x_wconf 80' lang='grc' dir='ltr'><strong>μὴ</strong></span> 
     </span>
    </p>
   </div>
   <div class='ocr_carea' id='block_1_62' title="bbox 10 4031 1598 4116">
    <p class='ocr_par' dir='ltr' id='par_1_62' title="bbox 10 4031 1598 4116">
     <span class='ocr_line' id='line_1_62' title="bbox 10 4031 1598 4116; baseline -0.004 -23"><span class='ocrx_word' id='word_1_462' title='bbox 10 4043 110 4116; x_wconf 82' lang='grc' dir='ltr'><strong>ρός</strong></span> <span class='ocrx_word' id='word_1_463' title='bbox 142 4038 322 4109; x_wconf 80' lang='grc' dir='ltr'><strong>ἀξίαν,</strong></span> <span class='ocrx_word' id='word_1_464' title='bbox 382 4037 492 4091; x_wconf 79' lang='grc' dir='ltr'><strong>ἀλλ’</strong></span> <span class='ocrx_word' id='word_1_465' title='bbox 545 4038 634 4090; x_wconf 80' lang='grc' dir='ltr'><strong>οὖν</strong></span> <span class='ocrx_word' id='word_1_466' title='bbox 689 4036 1021 4091; x_wconf 82' lang='grc' dir='ltr'><strong>ἆποτιννύναι</strong></span> <span class='ocrx_word' id='word_1_467' title='bbox 1074 4054 1142 4090; x_wconf 92' lang='grc' dir='ltr'><strong>τα</strong></span> <span class='ocrx_word' id='word_1_468' title='bbox 1189 4031 1407 4107; x_wconf 73' lang='grc' dir='ltr'><strong>δυνατὰ,</strong></span> <span class='ocrx_word' id='word_1_469' title='bbox 1457 4034 1598 4087; x_wconf 75' lang='grc' dir='ltr'><strong>τοῦτ’</strong></span> 
     </span>
    </p>
   </div>
   <div class='ocr_carea' id='block_1_63' title="bbox 9 4120 1601 4201">
    <p class='ocr_par' dir='ltr' id='par_1_63' title="bbox 9 4120 1601 4201">
     <span class='ocr_line' id='line_1_63' title="bbox 9 4120 1601 4201; baseline -0.005 -16"><span class='ocrx_word' id='word_1_470' title='bbox 9 4132 144 4192; x_wconf 76' lang='grc' dir='ltr'><strong>ὐτὸς</strong></span> <span class='ocrx_word' id='word_1_471' title='bbox 189 4129 291 4182; x_wconf 65' lang='grc' dir='ltr'><strong>οὐκ</strong></span> <span class='ocrx_word' id='word_1_472' title='bbox 335 4127 395 4181; x_wconf 82' lang='grc' dir='ltr'><strong>ἂν</strong></span> <span class='ocrx_word' id='word_1_473' title='bbox 434 4126 892 4201; x_wconf 70' lang='grc' dir='ltr'><strong>ἀγνωμονῆσαιμι.</strong></span> <span class='ocrx_word' id='word_1_474' title='bbox 954 4127 1323 4200; x_wconf 80' lang='grc' dir='ltr'><strong>Πλατυνομίνῳ</strong></span> <span class='ocrx_word' id='word_1_475' title='bbox 1384 4143 1475 4198; x_wconf 87' lang='grc' dir='ltr'><strong>μοι</strong></span> <span class='ocrx_word' id='word_1_476' title='bbox 1539 4120 1601 4177; x_wconf 67' lang='grc' dir='ltr'><strong>δε</strong></span> 
     </span>
    </p>
   </div>
   <div class='ocr_carea' id='block_1_64' title="bbox 9 4212 1597 4294">
    <p class='ocr_par' dir='ltr' id='par_1_64' title="bbox 9 4212 1597 4294">
     <span class='ocr_line' id='line_1_64' title="bbox 9 4212 1597 4294; baseline -0.004 -23"><span class='ocrx_word' id='word_1_477' title='bbox 9 4225 74 4280; x_wconf 76' lang='grc' dir='ltr'><strong>ὴν</strong></span> <span class='ocrx_word' id='word_1_478' title='bbox 127 4212 366 4294; x_wconf 79' lang='grc' dir='ltr'><strong>καρδίαν</strong></span> <span class='ocrx_word' id='word_1_479' title='bbox 411 4219 619 4279; x_wconf 80' lang='grc' dir='ltr'><strong>εἰκότως</strong></span> <span class='ocrx_word' id='word_1_480' title='bbox 665 4215 1084 4276; x_wconf 79' lang='grc' dir='ltr'><strong>πλατυνθήσεται</strong></span> <span class='ocrx_word' id='word_1_481' title='bbox 1134 4233 1225 4268; x_wconf 87' lang='grc' dir='ltr'><strong>και</strong></span> <span class='ocrx_word' id='word_1_482' title='bbox 1292 4217 1352 4267; x_wconf 80' lang='grc' dir='ltr'><strong>τὸ</strong></span> <span class='ocrx_word' id='word_1_483' title='bbox 1405 4217 1597 4287; x_wconf 83' lang='grc' dir='ltr'><strong>στόμα,</strong></span> 
     </span>
    </p>
   </div>
   <div class='ocr_carea' id='block_1_65' title="bbox 9 4305 1596 4384">
    <p class='ocr_par' dir='ltr' id='par_1_65' title="bbox 9 4305 1596 4384">
     <span class='ocr_line' id='line_1_65' title="bbox 9 4305 1596 4384; baseline -0.006 -19"><span class='ocrx_word' id='word_1_484' title='bbox 9 4320 93 4375; x_wconf 84' lang='grc' dir='ltr'><strong>οἷς</strong></span> <span class='ocrx_word' id='word_1_485' title='bbox 157 4309 616 4384; x_wconf 73' lang='grc' dir='ltr'><strong>εὖχαριστηρίοις,</strong></span> <span class='ocrx_word' id='word_1_486' title='bbox 684 4310 755 4371; x_wconf 78' lang='grc' dir='ltr'><strong>ὡς</strong></span> <span class='ocrx_word' id='word_1_487' title='bbox 817 4314 942 4381; x_wconf 73' lang='grc' dir='ltr'><strong>γοῦν</strong></span> <span class='ocrx_word' id='word_1_488' title='bbox 988 4306 1215 4381; x_wconf 72' lang='grc' dir='ltr'><strong>ἐφικτόν,</strong></span> <span class='ocrx_word' id='word_1_489' title='bbox 1282 4305 1596 4379; x_wconf 69' lang='grc' dir='ltr'><strong>ἐπιθέμενον,</strong></span> 
     </span>
    </p>
   </div>
   <div class='ocr_carea' id='block_1_66' title="bbox 9 4377 1674 4473">
    <p class='ocr_par' dir='ltr' id='par_1_66' title="bbox 9 4377 1674 4473">
     <span class='ocr_line' id='line_1_66' title="bbox 9 4377 1674 4473; baseline -0.005 -18"><span class='ocrx_word' id='word_1_490' title='bbox 9 4406 95 4455; x_wconf 81' lang='grc' dir='ltr'><strong>ιτεί</strong></span> <span class='ocrx_word' id='word_1_491' title='bbox 127 4419 228 4453; x_wconf 85' lang='grc' dir='ltr'><strong>και</strong></span> <span class='ocrx_word' id='word_1_492' title='bbox 257 4406 409 4453; x_wconf 75' lang='grc' dir='ltr'><strong>τοῦτο</strong></span> <span class='ocrx_word' id='word_1_493' title='bbox 444 4402 608 4452; x_wconf 80' lang='grc' dir='ltr'><strong>πόσον</strong></span> <span class='ocrx_word' id='word_1_494' title='bbox 638 4396 687 4451; x_wconf 77' lang='grc' dir='ltr'><strong>ἓν</strong></span> <span class='ocrx_word' id='word_1_495' title='bbox 728 4400 940 4459; x_wconf 83' lang='grc' dir='ltr'><strong>ὁπόσοις</strong></span> <span class='ocrx_word' id='word_1_496' title='bbox 978 4394 1122 4473; x_wconf 79' lang='grc' dir='ltr'><strong>εὗρον</strong></span> <span class='ocrx_word' id='word_1_497' title='bbox 1176 4395 1275 4469; x_wconf 71' lang='grc' dir='ltr'><strong>ἐγὼ</strong></span> <span class='ocrx_word' id='word_1_498' title='bbox 1330 4402 1598 4450; x_wconf 81' lang='grc' dir='ltr'><strong>στενοῦσιν</strong></span> <span class='ocrx_word' id='word_1_499' title='bbox 1631 4377 1674 4433; x_wconf 78' lang='lat' dir='ltr'><strong>D</strong></span> 
     </span>
    </p>
   </div>
   <div class='ocr_carea' id='block_1_67' title="bbox 10 4481 1600 4567">
    <p class='ocr_par' dir='ltr' id='par_1_67' title="bbox 10 4481 1600 4567">
     <span class='ocr_line' id='line_1_67' title="bbox 10 4481 1600 4567; baseline -0.004 -23"><span class='ocrx_word' id='word_1_500' title='bbox 10 4496 254 4567; x_wconf 79' lang='grc' dir='ltr'><strong>νιαροίς,</strong></span> <span class='ocrx_word' id='word_1_501' title='bbox 308 4488 637 4566; x_wconf 79' lang='grc' dir='ltr'><strong>εὐρυχωρίαν</strong></span> <span class='ocrx_word' id='word_1_502' title='bbox 702 4484 945 4547; x_wconf 78' lang='grc' dir='ltr'><strong>δηλονότι</strong></span> <span class='ocrx_word' id='word_1_503' title='bbox 1001 4486 1191 4560; x_wconf 73' lang='grc' dir='ltr'><strong>ψυχῆς</strong></span> <span class='ocrx_word' id='word_1_504' title='bbox 1239 4504 1330 4539; x_wconf 87' lang='grc' dir='ltr'><strong>και</strong></span> <span class='ocrx_word' id='word_1_505' title='bbox 1371 4481 1600 4560; x_wconf 79' lang='grc' dir='ltr'><strong>παρδίας</strong></span> 
     </span>
    </p>
   </div>
   <div class='ocr_carea' id='block_1_68' title="bbox 9 4578 435 4652">
    <p class='ocr_par' dir='ltr' id='par_1_68' title="bbox 9 4578 435 4652">
     <span class='ocr_line' id='line_1_68' title="bbox 9 4578 435 4652; baseline 0 -18"><span class='ocrx_word' id='word_1_506' title='bbox 9 4580 158 4634; x_wconf 78' lang='grc' dir='ltr'><strong>’λατυ</strong></span> <span class='ocrx_word' id='word_1_507' title='bbox 170 4582 308 4652; x_wconf 84' lang='grc' dir='ltr'><strong>σμόν</strong></span> 
     </span>
    </p>
   </div>
   <div class='ocr_carea' id='block_1_69' title="bbox 55 4666 1594 4745">
    <p class='ocr_par' dir='ltr' id='par_1_69' title="bbox 55 4666 1594 4745">
     <span class='ocr_line' id='line_1_69' title="bbox 55 4666 1594 4745; baseline -0.006 -18"><span class='ocrx_word' id='word_1_508' title='bbox 55 4668 422 4745; x_wconf 72' lang='grc' dir='ltr'><strong>Ἐμεγάλυνας</strong></span> <span class='ocrx_word' id='word_1_509' title='bbox 474 4672 566 4743; x_wconf 67' lang='grc' dir='ltr'><strong>μεν</strong></span> <span class='ocrx_word' id='word_1_510' title='bbox 621 4670 783 4742; x_wconf 80' lang='grc' dir='ltr'><strong>ἡμᾶς,</strong></span> <span class='ocrx_word' id='word_1_511' title='bbox 837 4686 927 4721; x_wconf 86' lang='grc' dir='ltr'><strong>και</strong></span> <span class='ocrx_word' id='word_1_512' title='bbox 1001 4666 1070 4729; x_wconf 82' lang='grc' dir='ltr'><strong>εἰς</strong></span> <span class='ocrx_word' id='word_1_513' title='bbox 1146 4667 1322 4742; x_wconf 85' lang='grc' dir='ltr'><strong>θρόνον</strong></span> <span class='ocrx_word' id='word_1_514' title='bbox 1394 4672 1594 4733; x_wconf 76' lang='grc' dir='ltr'><strong>τοῦτον,</strong></span> 
     </span>
    </p>
   </div>
   <div class='ocr_carea' id='block_1_70' title="bbox 14 4755 1600 4836">
    <p class='ocr_par' dir='ltr' id='par_1_70' title="bbox 14 4755 1600 4836">
     <span class='ocr_line' id='line_1_70' title="bbox 14 4755 1600 4836; baseline -0.004 -21"><span class='ocrx_word' id='word_1_515' title='bbox 14 4781 77 4815; x_wconf 92' lang='grc' dir='ltr'><strong>αι</strong></span> <span class='ocrx_word' id='word_1_516' title='bbox 106 4756 307 4836; x_wconf 80' lang='grc' dir='ltr'><strong>μοῖραν</strong></span> <span class='ocrx_word' id='word_1_517' title='bbox 354 4758 548 4819; x_wconf 77' lang='grc' dir='ltr'><strong>ταύτην</strong></span> <span class='ocrx_word' id='word_1_518' title='bbox 577 4762 673 4818; x_wconf 81' lang='grc' dir='ltr'><strong>τήν</strong></span> <span class='ocrx_word' id='word_1_519' title='bbox 730 4757 932 4830; x_wconf 73' lang='grc' dir='ltr'><strong>ὑψηλὴν</strong></span> <span class='ocrx_word' id='word_1_520' title='bbox 985 4773 1076 4809; x_wconf 87' lang='grc' dir='ltr'><strong>και</strong></span> <span class='ocrx_word' id='word_1_521' title='bbox 1122 4764 1307 4809; x_wconf 82' lang='grc' dir='ltr'><strong>πασῶν</strong></span> <span class='ocrx_word' id='word_1_522' title='bbox 1352 4763 1453 4809; x_wconf 88' lang='grc' dir='ltr'><strong>τῶν</strong></span> <span class='ocrx_word' id='word_1_523' title='bbox 1501 4755 1600 4808; x_wconf 82' lang='grc' dir='ltr'><strong>ἄλ-</strong></span> 
     </span>
    </p>
   </div>
   <div class='ocr_carea' id='block_1_71' title="bbox 10 4844 1601 4922">
    <p class='ocr_par' dir='ltr' id='par_1_71' title="bbox 10 4844 1601 4922">
     <span class='ocr_line' id='line_1_71' title="bbox 10 4844 1601 4922; baseline -0.003 -21"><span class='ocrx_word' id='word_1_524' title='bbox 10 4872 85 4904; x_wconf 83' lang='grc' dir='ltr'><strong>ων</strong></span> <span class='ocrx_word' id='word_1_525' title='bbox 149 4856 470 4922; x_wconf 81' lang='grc' dir='ltr'><strong>κρατοῦσαν,</strong></span> <span class='ocrx_word' id='word_1_526' title='bbox 525 4847 582 4913; x_wconf 72' lang='grc' dir='ltr'><strong>ἐξ</strong></span> <span class='ocrx_word' id='word_1_527' title='bbox 657 4847 821 4901; x_wconf 75' lang='grc' dir='ltr'><strong>αὐτῶν</strong></span> <span class='ocrx_word' id='word_1_528' title='bbox 893 4847 1205 4921; x_wconf 75' lang='grc' dir='ltr'><strong>σπαργάνων</strong></span> <span class='ocrx_word' id='word_1_529' title='bbox 1297 4844 1601 4908; x_wconf 75' lang='grc' dir='ltr'><strong>ἐνιϐίϐασας</strong></span> 
     </span>
    </p>
   </div>
   <div class='ocr_carea' id='block_1_72' title="bbox 9 4932 1599 5015">
    <p class='ocr_par' dir='ltr' id='par_1_72' title="bbox 9 4932 1599 5015">
     <span class='ocr_line' id='line_1_72' title="bbox 9 4932 1599 5015; baseline -0.006 -20"><span class='ocrx_word' id='word_1_530' title='bbox 9 4946 251 5015; x_wconf 59' lang='grc' dir='ltr'><strong>δέρουσα,</strong></span> <span class='ocrx_word' id='word_1_531' title='bbox 275 4957 366 4991; x_wconf 88' lang='grc' dir='ltr'><strong>και</strong></span> <span class='ocrx_word' id='word_1_532' title='bbox 400 4956 461 5012; x_wconf 78' lang='grc' dir='ltr'><strong>γε</strong></span> <span class='ocrx_word' id='word_1_533' title='bbox 498 4933 595 4992; x_wconf 79' lang='grc' dir='ltr'><strong>διὰ</strong></span> <span class='ocrx_word' id='word_1_534' title='bbox 638 4945 739 4991; x_wconf 88' lang='grc' dir='ltr'><strong>τῶν</strong></span> <span class='ocrx_word' id='word_1_535' title='bbox 787 4936 1138 5011; x_wconf 77' lang='grc' dir='ltr'><strong>εὐθυμοτίρων</strong></span> <span class='ocrx_word' id='word_1_536' title='bbox 1196 4933 1276 4987; x_wconf 78' lang='grc' dir='ltr'><strong>ἀεί</strong></span> <span class='ocrx_word' id='word_1_537' title='bbox 1335 4937 1424 4987; x_wconf 83' lang='grc' dir='ltr'><strong>τόν</strong></span> <span class='ocrx_word' id='word_1_538' title='bbox 1480 4932 1599 5007; x_wconf 83' lang='grc' dir='ltr'><strong>βίον</strong></span> 
     </span>
    </p>
   </div>
   <div class='ocr_carea' id='block_1_73' title="bbox 9 5022 1599 5100">
    <p class='ocr_par' dir='ltr' id='par_1_73' title="bbox 9 5022 1599 5100">
     <span class='ocr_line' id='line_1_73' title="bbox 9 5022 1599 5100; baseline -0.005 -17"><span class='ocrx_word' id='word_1_539' title='bbox 9 5033 210 5097; x_wconf 79' lang='grc' dir='ltr'><strong>θύνειν,</strong></span> <span class='ocrx_word' id='word_1_540' title='bbox 263 5036 417 5082; x_wconf 83' lang='grc' dir='ltr'><strong>τοῦτο</strong></span> <span class='ocrx_word' id='word_1_541' title='bbox 462 5031 552 5081; x_wconf 89' lang='grc' dir='ltr'><strong>σόν</strong></span> <span class='ocrx_word' id='word_1_542' title='bbox 600 5025 653 5091; x_wconf 72' lang='grc' dir='ltr'><strong>ἕξ</strong></span> <span class='ocrx_word' id='word_1_543' title='bbox 704 5023 880 5100; x_wconf 82' lang='grc' dir='ltr'><strong>ἆρχης</strong></span> <span class='ocrx_word' id='word_1_544' title='bbox 929 5022 1192 5099; x_wconf 78' lang='grc' dir='ltr'><strong>βούλημα,</strong></span> <span class='ocrx_word' id='word_1_545' title='bbox 1252 5042 1339 5077; x_wconf 82' lang='grc' dir='ltr'><strong>και</strong></span> <span class='ocrx_word' id='word_1_546' title='bbox 1390 5024 1599 5096; x_wconf 78' lang='grc' dir='ltr'><strong>εἴχομεν</strong></span> 
     </span>
    </p>
   </div>
   <div class='ocr_carea' id='block_1_74' title="bbox 9 5110 1600 5189">
    <p class='ocr_par' dir='ltr' id='par_1_74' title="bbox 9 5110 1600 5189">
     <span class='ocr_line' id='line_1_74' title="bbox 9 5110 1600 5189; baseline -0.007 -15"><span class='ocrx_word' id='word_1_547' title='bbox 9 5141 44 5173; x_wconf 54' lang='grc' dir='ltr'><strong>τι</strong></span> <span class='ocrx_word' id='word_1_548' title='bbox 97 5117 247 5173; x_wconf 76' lang='grc' dir='ltr'><strong>οὕτω</strong></span> <span class='ocrx_word' id='word_1_549' title='bbox 292 5136 402 5180; x_wconf 87' lang='grc' dir='ltr'><strong>τοις</strong></span> <span class='ocrx_word' id='word_1_550' title='bbox 445 5112 637 5180; x_wconf 82' lang='grc' dir='ltr'><strong>δεξιοῖς</strong></span> <span class='ocrx_word' id='word_1_551' title='bbox 692 5120 925 5176; x_wconf 86' lang='grc' dir='ltr'><strong>συνόντες</strong></span> <span class='ocrx_word' id='word_1_552' title='bbox 971 5133 1062 5168; x_wconf 88' lang='grc' dir='ltr'><strong>και</strong></span> <span class='ocrx_word' id='word_1_553' title='bbox 1137 5122 1238 5167; x_wconf 87' lang='grc' dir='ltr'><strong>τῶν</strong></span> <span class='ocrx_word' id='word_1_554' title='bbox 1316 5110 1600 5189; x_wconf 84' lang='grc' dir='ltr'><strong>ἀριστερῶν</strong></span> 
     </span>
    </p>
   </div>
   <div class='ocr_carea' id='block_1_75' title="bbox 1633 3022 1673 3077">
    <p class='ocr_par' dir='ltr' id='par_1_75' title="bbox 1633 3022 1673 3077">
     <span class='ocr_line' id='line_1_75' title="bbox 1633 3022 1673 3077; baseline 0 0"><span class='ocrx_word' id='word_1_555' title='bbox 1633 3022 1673 3077; x_wconf 86' lang='lat' dir='ltr'><strong>C</strong></span> 
     </span>
    </p>
   </div>
   <div class='ocr_carea' id='block_1_76' title="bbox 53 5335 1603 5426">
    <p class='ocr_par' dir='ltr' id='par_1_76' title="bbox 53 5335 1603 5426">
     <span class='ocr_line' id='line_1_76' title="bbox 53 5335 1603 5426; baseline -0.012 -14"><span class='ocrx_word' id='word_1_556' title='bbox 53 5353 148 5426; x_wconf 86' lang='grc'><strong>(1)</strong></span> <span class='ocrx_word' id='word_1_557' title='bbox 178 5346 687 5426; x_wconf 30' lang='grc' dir='ltr'><strong>Βοερὶοἰιλρβιιίω.</strong></span> <span class='ocrx_word' id='word_1_558' title='bbox 743 5362 907 5426; x_wconf 64' lang='lat' dir='ltr'><strong>xxix,</strong></span> <span class='ocrx_word' id='word_1_559' title='bbox 953 5349 1033 5426; x_wconf 87' lang='lat'><strong>6_:</strong></span> <span class='ocrx_word' id='word_1_560' title='bbox 1064 5345 1137 5400; x_wconf 86' lang='grc' dir='ltr'><strong>Τὸ</strong></span> <span class='ocrx_word' id='word_1_561' title='bbox 1174 5343 1419 5426; x_wconf 28' lang='grc' dir='ltr'><strong>ἰβσπέρας.</strong></span> <span class='ocrx_word' id='word_1_562' title='bbox 1444 5335 1603 5426; x_wconf 69' lang='grc' dir='ltr'><strong>αὖλι-</strong></span> 
     </span>
    </p>
   </div>
   <div class='ocr_carea' id='block_1_77' title="bbox 9 5414 1599 5494">
    <p class='ocr_par' dir='ltr' id='par_1_77' title="bbox 9 5414 1599 5494">
     <span class='ocr_line' id='line_1_77' title="bbox 9 5414 1599 5494; baseline -0.003 -19"><span class='ocrx_word' id='word_1_563' title='bbox 9 5414 255 5494; x_wconf 56' lang='grc' dir='ltr'><strong>ι-θηέεταρ</strong></span> <span class='ocrx_word' id='word_1_564' title='bbox 297 5414 581 5494; x_wconf 74' lang='grc' dir='ltr'><strong>κλαυθμὸς,</strong></span> <span class='ocrx_word' id='word_1_565' title='bbox 612 5440 730 5494; x_wconf 55' lang='grc' dir='ltr'><strong>Δκαι</strong></span> <span class='ocrx_word' id='word_1_566' title='bbox 806 5414 899 5481; x_wconf 67' lang='grc' dir='ltr'><strong>εἰς⁷</strong></span> <span class='ocrx_word' id='word_1_567' title='bbox 947 5422 1040 5494; x_wconf 40' lang='grc' dir='ltr'><strong>τὸ-</strong></span> <span class='ocrx_word' id='word_1_568' title='bbox 1066 5419 1204 5494; x_wconf 73' lang='grc' dir='ltr'><strong>πρωΐ</strong></span> <span class='ocrx_word' id='word_1_569' title='bbox 1266 5414 1599 5494; x_wconf 56' lang='grc' dir='ltr'><strong>ἀῧγαλλίασις.</strong></span> 
     </span>
    </p>
   </div>
   <div class='ocr_carea' id='block_1_78' title="bbox 9 5485 1605 5567">
    <p class='ocr_par' dir='ltr' id='par_1_78' title="bbox 9 5485 1605 5567">
     <span class='ocr_line' id='line_1_78' title="bbox 9 5485 1605 5567; baseline -0.01 -13"><span class='ocrx_word' id='word_1_570' title='bbox 9 5495 89 5553; x_wconf 66' lang='lat' dir='ltr'><strong>ist</strong></span> <span class='ocrx_word' id='word_1_571' title='bbox 121 5485 535 5567; x_wconf 37' lang='lat' dir='ltr'><strong>halamﬁpebﬁg</strong></span> <span class='ocrx_word' id='word_1_572' title='bbox 568 5485 816 5549; x_wconf 80' lang='lat' dir='ltr'><strong>dictum</strong></span> <span class='ocrx_word' id='word_1_573' title='bbox 857 5504 969 5565; x_wconf 89' lang='lat' dir='ltr'><strong>pro</strong></span> <span class='ocrx_word' id='word_1_574' title='bbox 994 5488 1070 5567; x_wconf 63' lang='grc' dir='ltr'><strong>⁸ἰν</strong></span> <span class='ocrx_word' id='word_1_575' title='bbox 1104 5485 1285 5567; x_wconf 69' lang='grc' dir='ltr'><strong>’δόμῳ</strong></span> <span class='ocrx_word' id='word_1_576' title='bbox 1308 5485 1605 5567; x_wconf 62' lang='grc' dir='ltr'><strong>⁷κλαυθμοῖο-</strong></span> 
     </span>
    </p>
   </div>
   <div class='ocr_carea' id='block_1_79' title="bbox 10 5559 1607 5699">
    <p class='ocr_par' dir='ltr' id='par_1_79' title="bbox 10 5559 1607 5699">
     <span class='ocr_line' id='line_1_79' title="bbox 10 5559 1607 5699; baseline -0.004 -76"><span class='ocrx_word' id='word_1_577' title='bbox 10 5587 134 5699; x_wconf 47' lang='lat' dir='ltr'>aiis</span> <span class='ocrx_word' id='word_1_578' title='bbox 128 5559 376 5639; x_wconf 70' lang='lat' dir='ltr'><strong>Ellipsis&#39;</strong></span> <span class='ocrx_word' id='word_1_579' title='bbox 394 5569 485 5623; x_wconf 91' lang='lat' dir='ltr'><strong>est</strong></span> <span class='ocrx_word' id='word_1_580' title='bbox 507 5564 663 5623; x_wconf 88' lang='lat' dir='ltr'><strong>bene</strong></span> <span class='ocrx_word' id='word_1_581' title='bbox 707 5559 924 5636; x_wconf 74' lang='lat' dir='ltr'><strong>graeca,</strong></span> <span class='ocrx_word' id='word_1_582' title='bbox 952 5559 1371 5635; x_wconf 55' lang='lat' dir='ltr'><strong>phrasis‘i’psa</strong></span> <span class='ocrx_word' id='word_1_583' title='bbox 1413 5559 1607 5618; x_wconf 84' lang='lat' dir='ltr'><strong>orien-</strong></span> 
     </span>
    </p>
   </div>
   <div class='ocr_carea' id='block_1_80' title="bbox 396 5759 966 5821">
    <p class='ocr_par' dir='ltr' id='par_1_80' title="bbox 396 5759 966 5821">
     <span class='ocr_line' id='line_1_80' title="bbox 396 5759 966 5821; baseline -0.005 0"><span class='ocrx_word' id='word_1_584' title='bbox 396 5762 641 5821; x_wconf 76' lang='grc' dir='ltr'><strong>ΡΑτιιοι..</strong></span> <span class='ocrx_word' id='word_1_585' title='bbox 681 5760 785 5820; x_wconf 78' lang='lat' dir='ltr'><strong>Gs.</strong></span> <span class='ocrx_word' id='word_1_586' title='bbox 814 5759 966 5819; x_wconf 83' lang='lat' dir='ltr'><strong>CXL.</strong></span> 
     </span>
    </p>
   </div>
   <div class='ocr_carea' id='block_1_81' title="bbox 1791 2160 3375 2239">
    <p class='ocr_par' dir='ltr' id='par_1_81' title="bbox 1791 2160 3375 2239">
     <span class='ocr_line' id='line_1_81' title="bbox 1791 2160 3375 2239; baseline 0.003 -20"><span class='ocrx_word' id='word_1_587' title='bbox 1791 2160 1908 2219; x_wconf 91' lang='lat' dir='ltr'><strong>Sed</strong></span> <span class='ocrx_word' id='word_1_588' title='bbox 1926 2162 2057 2220; x_wconf 83' lang='lat' dir='ltr'><strong>haec</strong></span> <span class='ocrx_word' id='word_1_589' title='bbox 2085 2161 2370 2220; x_wconf 87' lang='lat' dir='ltr'><strong>omnibus</strong></span> <span class='ocrx_word' id='word_1_590' title='bbox 2399 2162 2799 2220; x_wconf 89' lang='lat' dir='ltr'><strong>communiter</strong></span> <span class='ocrx_word' id='word_1_591' title='bbox 2841 2167 2899 2221; x_wconf 92' lang='lat' dir='ltr'><strong>et</strong></span> <span class='ocrx_word' id='word_1_592' title='bbox 2953 2163 3203 2238; x_wconf 74' lang='lat' dir='ltr'><strong>singulis</strong></span> <span class='ocrx_word' id='word_1_593' title='bbox 3260 2180 3375 2239; x_wconf 89' lang='lat' dir='ltr'><strong>pro</strong></span> 
     </span>
    </p>
   </div>
   <div class='ocr_carea' id='block_1_82' title="bbox 1718 2250 3373 2325">
    <p class='ocr_par' dir='ltr' id='par_1_82' title="bbox 1718 2250 3373 2325">
     <span class='ocr_line' id='line_1_82' title="bbox 1718 2250 3373 2325; baseline 0.002 -18"><span class='ocrx_word' id='word_1_594' title='bbox 1718 2252 1987 2325; x_wconf 87' lang='lat' dir='ltr'><strong>tempore</strong></span> <span class='ocrx_word' id='word_1_595' title='bbox 2014 2250 2392 2322; x_wconf 87' lang='lat' dir='ltr'><strong>contigerunt</strong></span> <span class='ocrx_word' id='word_1_596' title='bbox 2422 2267 2437 2308; x_wconf 91' lang='lat'><strong>:</strong></span> <span class='ocrx_word' id='word_1_597' title='bbox 2466 2267 2604 2325; x_wconf 70' lang='lat' dir='ltr'><strong>quae</strong></span> <span class='ocrx_word' id='word_1_598' title='bbox 2629 2266 2767 2309; x_wconf 88' lang='lat' dir='ltr'><strong>vero</strong></span> <span class='ocrx_word' id='word_1_599' title='bbox 2797 2252 2945 2310; x_wconf 86' lang='lat' dir='ltr'><strong>mihi</strong></span> <span class='ocrx_word' id='word_1_600' title='bbox 2989 2254 3373 2312; x_wconf 77' lang='lat' dir='ltr'><strong>excellentius</strong></span> 
     </span>
    </p>
   </div>
   <div class='ocr_carea' id='block_1_83' title="bbox 1714 2339 3373 2415">
    <p class='ocr_par' dir='ltr' id='par_1_83' title="bbox 1714 2339 3373 2415">
     <span class='ocr_line' id='line_1_83' title="bbox 1714 2339 3373 2415; baseline 0.003 -19"><span class='ocrx_word' id='word_1_601' title='bbox 1714 2339 1874 2398; x_wconf 77' lang='lat' dir='ltr'><strong>facta</strong></span> <span class='ocrx_word' id='word_1_602' title='bbox 1894 2345 2036 2397; x_wconf 88' lang='lat' dir='ltr'><strong>sunt</strong></span> <span class='ocrx_word' id='word_1_603' title='bbox 2052 2340 2364 2414; x_wconf 90' lang='lat' dir='ltr'><strong>quomodo</strong></span> <span class='ocrx_word' id='word_1_604' title='bbox 2375 2340 2647 2398; x_wconf 68' lang='lat' dir='ltr'><strong>sufﬁcere</strong></span> <span class='ocrx_word' id='word_1_605' title='bbox 2666 2343 2900 2415; x_wconf 87' lang='lat' dir='ltr'><strong>possim</strong></span> <span class='ocrx_word' id='word_1_606' title='bbox 2912 2341 2992 2399; x_wconf 90' lang='lat' dir='ltr'><strong>ad</strong></span> <span class='ocrx_word' id='word_1_607' title='bbox 3013 2340 3373 2401; x_wconf 81' lang='lat' dir='ltr'><strong>dicendum?</strong></span> 
     </span>
    </p>
   </div>
   <div class='ocr_carea' id='block_1_84' title="bbox 1715 2427 3373 2505">
    <p class='ocr_par' dir='ltr' id='par_1_84' title="bbox 1715 2427 3373 2505">
     <span class='ocr_line' id='line_1_84' title="bbox 1715 2427 3373 2505; baseline 0.003 -21"><span class='ocrx_word' id='word_1_608' title='bbox 1715 2427 1954 2486; x_wconf 88' lang='lat' dir='ltr'><strong>Deﬁciet</strong></span> <span class='ocrx_word' id='word_1_609' title='bbox 1978 2433 2216 2503; x_wconf 89' lang='lat' dir='ltr'><strong>tempus</strong></span> <span class='ocrx_word' id='word_1_610' title='bbox 2246 2428 2516 2487; x_wconf 83' lang='lat' dir='ltr'><strong>narranti</strong></span> <span class='ocrx_word' id='word_1_611' title='bbox 2547 2446 2561 2500; x_wconf 91' lang='lat'><strong>;</strong></span> <span class='ocrx_word' id='word_1_612' title='bbox 2587 2444 2709 2487; x_wconf 93' lang='lat' dir='ltr'><strong>non</strong></span> <span class='ocrx_word' id='word_1_613' title='bbox 2736 2430 2903 2505; x_wconf 92' lang='lat' dir='ltr'><strong>quod</strong></span> <span class='ocrx_word' id='word_1_614' title='bbox 2924 2447 3112 2489; x_wconf 83' lang='lat' dir='ltr'><strong>unam</strong></span> <span class='ocrx_word' id='word_1_615' title='bbox 3137 2436 3373 2489; x_wconf 88' lang='lat' dir='ltr'><strong>tantum</strong></span> 
     </span>
    </p>
   </div>
   <div class='ocr_carea' id='block_1_85' title="bbox 1712 2515 3372 2594">
    <p class='ocr_par' dir='ltr' id='par_1_85' title="bbox 1712 2515 3372 2594">
     <span class='ocr_line' id='line_1_85' title="bbox 1712 2515 3372 2594; baseline 0.003 -21"><span class='ocrx_word' id='word_1_616' title='bbox 1712 2515 1974 2575; x_wconf 85' lang='lat' dir='ltr'><strong>habeam</strong></span> <span class='ocrx_word' id='word_1_617' title='bbox 2005 2516 2295 2591; x_wconf 88' lang='lat' dir='ltr'><strong>linguam,</strong></span> <span class='ocrx_word' id='word_1_618' title='bbox 2329 2518 2437 2577; x_wconf 88' lang='lat' dir='ltr'><strong>sed</strong></span> <span class='ocrx_word' id='word_1_619' title='bbox 2472 2522 2530 2576; x_wconf 91' lang='lat' dir='ltr'><strong>et</strong></span> <span class='ocrx_word' id='word_1_620' title='bbox 2556 2519 2833 2594; x_wconf 80' lang='lat' dir='ltr'><strong>quamvis</strong></span> <span class='ocrx_word' id='word_1_621' title='bbox 2879 2520 3045 2578; x_wconf 86' lang='lat' dir='ltr'><strong>illam</strong></span> <span class='ocrx_word' id='word_1_622' title='bbox 3099 2520 3164 2578; x_wconf 90' lang='lat' dir='ltr'><strong>in</strong></span> <span class='ocrx_word' id='word_1_623' title='bbox 3208 2519 3372 2578; x_wconf 84' lang='lat' dir='ltr'><strong>mille</strong></span> 
     </span>
    </p>
   </div>
   <div class='ocr_carea' id='block_1_86' title="bbox 1713 2607 3373 2682">
    <p class='ocr_par' dir='ltr' id='par_1_86' title="bbox 1713 2607 3373 2682">
     <span class='ocr_line' id='line_1_86' title="bbox 1713 2607 3373 2682; baseline 0.002 -19"><span class='ocrx_word' id='word_1_624' title='bbox 1713 2621 1957 2679; x_wconf 88' lang='lat' dir='ltr'><strong>possem</strong></span> <span class='ocrx_word' id='word_1_625' title='bbox 1984 2607 2274 2677; x_wconf 86' lang='lat' dir='ltr'><strong>dividere,</strong></span> <span class='ocrx_word' id='word_1_626' title='bbox 2305 2614 2372 2664; x_wconf 89' lang='lat' dir='ltr'><strong>ut</strong></span> <span class='ocrx_word' id='word_1_627' title='bbox 2390 2607 2508 2666; x_wconf 90' lang='lat' dir='ltr'><strong>alia</strong></span> <span class='ocrx_word' id='word_1_628' title='bbox 2531 2607 2694 2666; x_wconf 88' lang='lat' dir='ltr'><strong>aliud</strong></span> <span class='ocrx_word' id='word_1_629' title='bbox 2732 2608 3156 2682; x_wconf 88' lang='lat' dir='ltr'><strong>proclamaret.</strong></span> <span class='ocrx_word' id='word_1_630' title='bbox 3185 2612 3255 2667; x_wconf 88' lang='lat' dir='ltr'><strong>Et</strong></span> <span class='ocrx_word' id='word_1_631' title='bbox 3279 2609 3373 2667; x_wconf 87' lang='lat' dir='ltr'><strong>in-</strong></span> 
     </span>
    </p>
   </div>
   <div class='ocr_carea' id='block_1_87' title="bbox 1715 2696 3372 2773">
    <p class='ocr_par' dir='ltr' id='par_1_87' title="bbox 1715 2696 3372 2773">
     <span class='ocr_line' id='line_1_87' title="bbox 1715 2696 3372 2773; baseline 0.002 -21"><span class='ocrx_word' id='word_1_632' title='bbox 1715 2712 1897 2770; x_wconf 87' lang='lat' dir='ltr'><strong>super</strong></span> <span class='ocrx_word' id='word_1_633' title='bbox 1920 2696 1969 2752; x_wconf 89' lang='lat' dir='ltr'><strong>si</strong></span> <span class='ocrx_word' id='word_1_634' title='bbox 1995 2712 2229 2754; x_wconf 88' lang='lat' dir='ltr'><strong>mecum</strong></span> <span class='ocrx_word' id='word_1_635' title='bbox 2257 2701 2493 2755; x_wconf 89' lang='lat' dir='ltr'><strong>mature</strong></span> <span class='ocrx_word' id='word_1_636' title='bbox 2517 2698 2839 2771; x_wconf 85' lang='lat' dir='ltr'><strong>recogitem</strong></span> <span class='ocrx_word' id='word_1_637' title='bbox 2868 2698 3015 2773; x_wconf 90' lang='lat' dir='ltr'><strong>quid</strong></span> <span class='ocrx_word' id='word_1_638' title='bbox 3045 2698 3372 2773; x_wconf 87' lang='lat' dir='ltr'><strong>unusquis-</strong></span> 
     </span>
    </p>
   </div>
   <div class='ocr_carea' id='block_1_88' title="bbox 1713 2785 3371 2862">
    <p class='ocr_par' dir='ltr' id='par_1_88' title="bbox 1713 2785 3371 2862">
     <span class='ocr_line' id='line_1_88' title="bbox 1713 2785 3371 2862; baseline 0.003 -21"><span class='ocrx_word' id='word_1_639' title='bbox 1713 2799 1833 2858; x_wconf 89' lang='lat' dir='ltr'><strong>que</strong></span> <span class='ocrx_word' id='word_1_640' title='bbox 1850 2785 2069 2853; x_wconf 80' lang='lat' dir='ltr'><strong>valeat,</strong></span> <span class='ocrx_word' id='word_1_641' title='bbox 2092 2785 2294 2843; x_wconf 86' lang='lat' dir='ltr'><strong>nullus</strong></span> <span class='ocrx_word' id='word_1_642' title='bbox 2319 2791 2428 2854; x_wconf 89' lang='lat' dir='ltr'><strong>est,</strong></span> <span class='ocrx_word' id='word_1_643' title='bbox 2450 2793 2517 2844; x_wconf 88' lang='lat' dir='ltr'><strong>ut</strong></span> <span class='ocrx_word' id='word_1_644' title='bbox 2536 2786 2775 2861; x_wconf 85' lang='lat' dir='ltr'><strong>opinor,</strong></span> <span class='ocrx_word' id='word_1_645' title='bbox 2798 2789 2904 2862; x_wconf 86' lang='lat' dir='ltr'><strong>qui</strong></span> <span class='ocrx_word' id='word_1_646' title='bbox 2922 2789 2986 2845; x_wconf 91' lang='lat' dir='ltr'><strong>in</strong></span> <span class='ocrx_word' id='word_1_647' title='bbox 3008 2787 3110 2847; x_wconf 86' lang='lat' dir='ltr'><strong>illo</strong></span> <span class='ocrx_word' id='word_1_648' title='bbox 3129 2787 3371 2859; x_wconf 88' lang='lat' dir='ltr'><strong>negotio</strong></span> 
     </span>
    </p>
   </div>
   <div class='ocr_carea' id='block_1_89' title="bbox 1712 2873 3372 2948">
    <p class='ocr_par' dir='ltr' id='par_1_89' title="bbox 1712 2873 3372 2948">
     <span class='ocr_line' id='line_1_89' title="bbox 1712 2873 3372 2948; baseline 0.003 -19"><span class='ocrx_word' id='word_1_649' title='bbox 1712 2873 2016 2948; x_wconf 88' lang='lat' dir='ltr'><strong>duplicem</strong></span> <span class='ocrx_word' id='word_1_650' title='bbox 2054 2875 2278 2933; x_wconf 88' lang='lat' dir='ltr'><strong>habeat</strong></span> <span class='ocrx_word' id='word_1_651' title='bbox 2340 2877 2675 2934; x_wconf 87' lang='lat' dir='ltr'><strong>scientiam.</strong></span> <span class='ocrx_word' id='word_1_652' title='bbox 2731 2877 2962 2935; x_wconf 85' lang='lat' dir='ltr'><strong>Etenim</strong></span> <span class='ocrx_word' id='word_1_653' title='bbox 3004 2876 3372 2936; x_wconf 85' lang='lat' dir='ltr'><strong>auctoritatis</strong></span> 
     </span>
    </p>
   </div>
   <div class='ocr_carea' id='block_1_90' title="bbox 1713 2960 3367 3039">
    <p class='ocr_par' dir='ltr' id='par_1_90' title="bbox 1713 2960 3367 3039">
     <span class='ocr_line' id='line_1_90' title="bbox 1713 2960 3367 3039; baseline 0.004 -22"><span class='ocrx_word' id='word_1_654' title='bbox 1713 2960 1909 3021; x_wconf 84' lang='lat' dir='ltr'><strong>forma</strong></span> <span class='ocrx_word' id='word_1_655' title='bbox 1930 2964 2202 3037; x_wconf 87' lang='lat' dir='ltr'><strong>ratioque</strong></span> <span class='ocrx_word' id='word_1_656' title='bbox 2233 2979 2471 3038; x_wconf 89' lang='lat' dir='ltr'><strong>semper</strong></span> <span class='ocrx_word' id='word_1_657' title='bbox 2498 2966 2723 3036; x_wconf 84' lang='lat' dir='ltr'><strong>vigent,</strong></span> <span class='ocrx_word' id='word_1_658' title='bbox 2740 2971 2800 3023; x_wconf 91' lang='lat' dir='ltr'><strong>et</strong></span> <span class='ocrx_word' id='word_1_659' title='bbox 2828 2967 2959 3025; x_wconf 63' lang='lat' dir='ltr'><strong>haec</strong></span> <span class='ocrx_word' id='word_1_660' title='bbox 2977 2982 3115 3024; x_wconf 83' lang='lat' dir='ltr'><strong>mea</strong></span> <span class='ocrx_word' id='word_1_661' title='bbox 3128 2966 3367 3039; x_wconf 84' lang='lat' dir='ltr'><strong>regula;</strong></span> 
     </span>
    </p>
   </div>
   <div class='ocr_carea' id='block_1_91' title="bbox 1711 3052 3368 3129">
    <p class='ocr_par' dir='ltr' id='par_1_91' title="bbox 1711 3052 3368 3129">
     <span class='ocr_line' id='line_1_91' title="bbox 1711 3052 3368 3129; baseline 0.002 -20"><span class='ocrx_word' id='word_1_662' title='bbox 1711 3066 1856 3110; x_wconf 90' lang='lat' dir='ltr'><strong>nam</strong></span> <span class='ocrx_word' id='word_1_663' title='bbox 1885 3052 1998 3127; x_wconf 91' lang='lat' dir='ltr'><strong>ipsi</strong></span> <span class='ocrx_word' id='word_1_664' title='bbox 2018 3053 2208 3126; x_wconf 88' lang='lat' dir='ltr'><strong>probe</strong></span> <span class='ocrx_word' id='word_1_665' title='bbox 2234 3053 2396 3110; x_wconf 88' lang='lat' dir='ltr'><strong>scitis</strong></span> <span class='ocrx_word' id='word_1_666' title='bbox 2423 3060 2723 3128; x_wconf 88' lang='lat' dir='ltr'><strong>quantum</strong></span> <span class='ocrx_word' id='word_1_667' title='bbox 2743 3058 2904 3113; x_wconf 90' lang='lat' dir='ltr'><strong>totus</strong></span> <span class='ocrx_word' id='word_1_668' title='bbox 2922 3055 3148 3113; x_wconf 76' lang='lat' dir='ltr'><strong>efﬁciat</strong></span> <span class='ocrx_word' id='word_1_669' title='bbox 3162 3070 3276 3129; x_wconf 92' lang='lat' dir='ltr'><strong>pro</strong></span> <span class='ocrx_word' id='word_1_670' title='bbox 3294 3069 3368 3113; x_wconf 88' lang='lat' dir='ltr'><strong>eo</strong></span> 
     </span>
    </p>
   </div>
   <div class='ocr_carea' id='block_1_92' title="bbox 1668 3139 3366 3216">
    <p class='ocr_par' dir='ltr' id='par_1_92' title="bbox 1668 3139 3366 3216">
     <span class='ocr_line' id='line_1_92' title="bbox 1668 3139 3366 3216; baseline 0.001 -15"><span class='ocrx_word' id='word_1_671' title='bbox 1668 3196 1673 3201; x_wconf 86' lang='lat'><strong>.</strong></span> <span class='ocrx_word' id='word_1_672' title='bbox 1710 3139 1815 3214; x_wconf 87' lang='lat' dir='ltr'><strong>qui</strong></span> <span class='ocrx_word' id='word_1_673' title='bbox 1840 3140 2118 3211; x_wconf 85' lang='lat' dir='ltr'><strong>graviora</strong></span> <span class='ocrx_word' id='word_1_674' title='bbox 2137 3142 2377 3216; x_wconf 89' lang='lat' dir='ltr'><strong>patitur,</strong></span> <span class='ocrx_word' id='word_1_675' title='bbox 2410 3147 2469 3199; x_wconf 89' lang='lat' dir='ltr'><strong>et</strong></span> <span class='ocrx_word' id='word_1_676' title='bbox 2494 3147 2703 3200; x_wconf 87' lang='lat' dir='ltr'><strong>contra</strong></span> <span class='ocrx_word' id='word_1_677' title='bbox 2730 3142 2793 3200; x_wconf 91' lang='lat' dir='ltr'><strong>in</strong></span> <span class='ocrx_word' id='word_1_678' title='bbox 2817 3143 3149 3215; x_wconf 86' lang='lat' dir='ltr'><strong>gratiarum</strong></span> <span class='ocrx_word' id='word_1_679' title='bbox 3179 3147 3366 3202; x_wconf 89' lang='lat' dir='ltr'><strong>actio-</strong></span> 
     </span>
    </p>
   </div>
   <div class='ocr_carea' id='block_1_93' title="bbox 1710 3230 3366 3306">
    <p class='ocr_par' dir='ltr' id='par_1_93' title="bbox 1710 3230 3366 3306">
     <span class='ocr_line' id='line_1_93' title="bbox 1710 3230 3366 3306; baseline 0.004 -20"><span class='ocrx_word' id='word_1_680' title='bbox 1710 3230 1804 3286; x_wconf 89' lang='lat' dir='ltr'><strong>nis</strong></span> <span class='ocrx_word' id='word_1_681' title='bbox 1832 3245 2149 3305; x_wconf 85' lang='lat' dir='ltr'><strong>erumpam</strong></span> <span class='ocrx_word' id='word_1_682' title='bbox 2179 3248 2317 3289; x_wconf 89' lang='lat' dir='ltr'><strong>cum</strong></span> <span class='ocrx_word' id='word_1_683' title='bbox 2345 3231 2561 3306; x_wconf 87' lang='lat' dir='ltr'><strong>aliquis</strong></span> <span class='ocrx_word' id='word_1_684' title='bbox 2588 3232 2838 3290; x_wconf 86' lang='lat' dir='ltr'><strong>moritur</strong></span> <span class='ocrx_word' id='word_1_685' title='bbox 2865 3232 3065 3290; x_wconf 89' lang='lat' dir='ltr'><strong>bonus</strong></span> <span class='ocrx_word' id='word_1_686' title='bbox 3112 3233 3366 3292; x_wconf 81' lang='lat' dir='ltr'><strong>misera-</strong></span> 
     </span>
    </p>
   </div>
   <div class='ocr_carea' id='block_1_94' title="bbox 1710 3319 3366 3396">
    <p class='ocr_par' dir='ltr' id='par_1_94' title="bbox 1710 3319 3366 3396">
     <span class='ocr_line' id='line_1_94' title="bbox 1710 3319 3366 3396; baseline 0.002 -20"><span class='ocrx_word' id='word_1_687' title='bbox 1710 3319 1871 3377; x_wconf 90' lang='lat' dir='ltr'><strong>tione</strong></span> <span class='ocrx_word' id='word_1_688' title='bbox 1900 3319 2104 3379; x_wconf 86' lang='lat' dir='ltr'><strong>divina</strong></span> <span class='ocrx_word' id='word_1_689' title='bbox 2130 3321 2351 3394; x_wconf 89' lang='lat' dir='ltr'><strong>dignus</strong></span> <span class='ocrx_word' id='word_1_690' title='bbox 2403 3320 2743 3378; x_wconf 87' lang='lat' dir='ltr'><strong>habendus.</strong></span> <span class='ocrx_word' id='word_1_691' title='bbox 2798 3324 3113 3396; x_wconf 89' lang='lat' dir='ltr'><strong>Propterea</strong></span> <span class='ocrx_word' id='word_1_692' title='bbox 3167 3322 3366 3396; x_wconf 89' lang='lat' dir='ltr'><strong>magis</strong></span> 
     </span>
    </p>
   </div>
   <div class='ocr_carea' id='block_1_95' title="bbox 1709 3411 3366 3485">
    <p class='ocr_par' dir='ltr' id='par_1_95' title="bbox 1709 3411 3366 3485">
     <span class='ocr_line' id='line_1_95' title="bbox 1709 3411 3366 3485; baseline 0.002 -17"><span class='ocrx_word' id='word_1_693' title='bbox 1709 3425 1899 3484; x_wconf 88' lang='lat' dir='ltr'><strong>quam</strong></span> <span class='ocrx_word' id='word_1_694' title='bbox 1928 3412 2123 3470; x_wconf 69' lang='lat' dir='ltr'><strong>caeteri</strong></span> <span class='ocrx_word' id='word_1_695' title='bbox 2151 3427 2364 3469; x_wconf 89' lang='lat' dir='ltr'><strong>omnes</strong></span> <span class='ocrx_word' id='word_1_696' title='bbox 2393 3411 2556 3469; x_wconf 84' lang='lat' dir='ltr'><strong>Matri</strong></span> <span class='ocrx_word' id='word_1_697' title='bbox 2586 3411 2687 3469; x_wconf 90' lang='lat' dir='ltr'><strong>Dei</strong></span> <span class='ocrx_word' id='word_1_698' title='bbox 2712 3427 2811 3469; x_wconf 90' lang='lat' dir='ltr'><strong>me</strong></span> <span class='ocrx_word' id='word_1_699' title='bbox 2839 3412 3112 3472; x_wconf 88' lang='lat' dir='ltr'><strong>conﬁteri</strong></span> <span class='ocrx_word' id='word_1_700' title='bbox 3132 3412 3366 3485; x_wconf 87' lang='lat' dir='ltr'><strong>justum</strong></span> 
     </span>
    </p>
   </div>
   <div class='ocr_carea' id='block_1_96' title="bbox 1711 3500 3370 3576">
    <p class='ocr_par' dir='ltr' id='par_1_96' title="bbox 1711 3500 3370 3576">
     <span class='ocr_line' id='line_1_96' title="bbox 1711 3500 3370 3576; baseline 0.001 -19"><span class='ocrx_word' id='word_1_701' title='bbox 1711 3505 1822 3571; x_wconf 89' lang='lat' dir='ltr'><strong>est,</strong></span> <span class='ocrx_word' id='word_1_702' title='bbox 1853 3500 2184 3574; x_wconf 61' lang='lat' dir='ltr'><strong>praesertim</strong></span> <span class='ocrx_word' id='word_1_703' title='bbox 2215 3517 2355 3557; x_wconf 86' lang='lat' dir='ltr'><strong>cum</strong></span> <span class='ocrx_word' id='word_1_704' title='bbox 2381 3500 2603 3572; x_wconf 88' lang='lat' dir='ltr'><strong>gratias</strong></span> <span class='ocrx_word' id='word_1_705' title='bbox 2623 3501 2842 3558; x_wconf 79' lang='lat' dir='ltr'><strong>referre</strong></span> <span class='ocrx_word' id='word_1_706' title='bbox 2861 3516 3049 3576; x_wconf 89' lang='lat' dir='ltr'><strong>quam</strong></span> <span class='ocrx_word' id='word_1_707' title='bbox 3068 3502 3370 3560; x_wconf 85' lang='lat' dir='ltr'><strong>maximas</strong></span> 
     </span>
    </p>
   </div>
   <div class='ocr_carea' id='block_1_97' title="bbox 1711 3589 3368 3666">
    <p class='ocr_par' dir='ltr' id='par_1_97' title="bbox 1711 3589 3368 3666">
     <span class='ocr_line' id='line_1_97' title="bbox 1711 3589 3368 3666; baseline 0.001 -19"><span class='ocrx_word' id='word_1_708' title='bbox 1711 3595 1953 3662; x_wconf 89' lang='lat' dir='ltr'><strong>propter</strong></span> <span class='ocrx_word' id='word_1_709' title='bbox 1978 3606 2052 3648; x_wconf 85' lang='lat' dir='ltr'><strong>ea</strong></span> <span class='ocrx_word' id='word_1_710' title='bbox 2080 3606 2217 3664; x_wconf 74' lang='lat' dir='ltr'><strong>quae</strong></span> <span class='ocrx_word' id='word_1_711' title='bbox 2236 3589 2361 3647; x_wconf 81' lang='lat' dir='ltr'><strong>dixi</strong></span> <span class='ocrx_word' id='word_1_712' title='bbox 2384 3594 2444 3647; x_wconf 89' lang='lat' dir='ltr'><strong>et</strong></span> <span class='ocrx_word' id='word_1_713' title='bbox 2479 3590 2598 3647; x_wconf 89' lang='lat' dir='ltr'><strong>alia</strong></span> <span class='ocrx_word' id='word_1_714' title='bbox 2625 3590 2943 3664; x_wconf 88' lang='lat' dir='ltr'><strong>permulta,</strong></span> <span class='ocrx_word' id='word_1_715' title='bbox 2995 3590 3156 3666; x_wconf 90' lang='lat' dir='ltr'><strong>(quis</strong></span> <span class='ocrx_word' id='word_1_716' title='bbox 3205 3591 3368 3650; x_wconf 86' lang='lat' dir='ltr'><strong>enim</strong></span> 
     </span>
    </p>
   </div>
   <div class='ocr_carea' id='block_1_98' title="bbox 1709 3678 3369 3753">
    <p class='ocr_par' dir='ltr' id='par_1_98' title="bbox 1709 3678 3369 3753">
     <span class='ocr_line' id='line_1_98' title="bbox 1709 3678 3369 3753; baseline 0.001 -17"><span class='ocrx_word' id='word_1_717' title='bbox 1709 3678 1906 3736; x_wconf 81' lang='lat' dir='ltr'><strong>dicere</strong></span> <span class='ocrx_word' id='word_1_718' title='bbox 1925 3680 2119 3753; x_wconf 88' lang='lat' dir='ltr'><strong>possit</strong></span> <span class='ocrx_word' id='word_1_719' title='bbox 2135 3684 2283 3753; x_wconf 90' lang='lat' dir='ltr'><strong>quot</strong></span> <span class='ocrx_word' id='word_1_720' title='bbox 2301 3684 2359 3736; x_wconf 90' lang='lat' dir='ltr'><strong>et</strong></span> <span class='ocrx_word' id='word_1_721' title='bbox 2376 3684 2607 3752; x_wconf 90' lang='lat' dir='ltr'><strong>quanta</strong></span> <span class='ocrx_word' id='word_1_722' title='bbox 2620 3680 2802 3751; x_wconf 84' lang='lat' dir='ltr'><strong>sint?)</strong></span> <span class='ocrx_word' id='word_1_723' title='bbox 2831 3680 3096 3738; x_wconf 75' lang='lat' dir='ltr'><strong>ofﬁcium</strong></span> <span class='ocrx_word' id='word_1_724' title='bbox 3117 3681 3369 3738; x_wconf 82' lang='lat' dir='ltr'><strong>exsistat</strong></span> 
     </span>
    </p>
   </div>
   <div class='ocr_carea' id='block_1_99' title="bbox 1711 3768 3365 3843">
    <p class='ocr_par' dir='ltr' id='par_1_99' title="bbox 1711 3768 3365 3843">
     <span class='ocr_line' id='line_1_99' title="bbox 1711 3768 3365 3843; baseline 0.001 -19"><span class='ocrx_word' id='word_1_725' title='bbox 1711 3768 1979 3826; x_wconf 89' lang='lat' dir='ltr'><strong>solemne</strong></span> <span class='ocrx_word' id='word_1_726' title='bbox 2007 3774 2065 3824; x_wconf 89' lang='lat' dir='ltr'><strong>et</strong></span> <span class='ocrx_word' id='word_1_727' title='bbox 2105 3769 2520 3826; x_wconf 86' lang='lat' dir='ltr'><strong>necessarium</strong></span> <span class='ocrx_word' id='word_1_728' title='bbox 2564 3783 3012 3843; x_wconf 88' lang='lat' dir='ltr'><strong>communeque</strong></span> <span class='ocrx_word' id='word_1_729' title='bbox 3064 3770 3365 3838; x_wconf 88' lang='lat' dir='ltr'><strong>omnibus,</strong></span> 
     </span>
    </p>
   </div>
   <div class='ocr_carea' id='block_1_100' title="bbox 1709 3856 3363 3915">
    <p class='ocr_par' dir='ltr' id='par_1_100' title="bbox 1709 3856 3363 3915">
     <span class='ocr_line' id='line_1_100' title="bbox 1709 3856 3363 3915; baseline 0.001 -2"><span class='ocrx_word' id='word_1_730' title='bbox 1709 3856 1856 3913; x_wconf 90' lang='lat' dir='ltr'><strong>illud</strong></span> <span class='ocrx_word' id='word_1_731' title='bbox 1887 3872 2126 3913; x_wconf 85' lang='lat' dir='ltr'><strong>sacrum</strong></span> <span class='ocrx_word' id='word_1_732' title='bbox 2158 3872 2379 3913; x_wconf 89' lang='lat' dir='ltr'><strong>munus</strong></span> <span class='ocrx_word' id='word_1_733' title='bbox 2404 3872 2529 3913; x_wconf 90' lang='lat' dir='ltr'><strong>non</strong></span> <span class='ocrx_word' id='word_1_734' title='bbox 2549 3856 2735 3913; x_wconf 88' lang='lat' dir='ltr'><strong>modo</strong></span> <span class='ocrx_word' id='word_1_735' title='bbox 2754 3860 2946 3913; x_wconf 90' lang='lat' dir='ltr'><strong>totum</strong></span> <span class='ocrx_word' id='word_1_736' title='bbox 2967 3856 3114 3914; x_wconf 89' lang='lat' dir='ltr'><strong>mihi</strong></span> <span class='ocrx_word' id='word_1_737' title='bbox 3132 3856 3363 3915; x_wconf 62' lang='lat' dir='ltr'><strong>incum«</strong></span> 
     </span>
    </p>
   </div>
   <div class='ocr_carea' id='block_1_101' title="bbox 1709 3944 3365 4020">
    <p class='ocr_par' dir='ltr' id='par_1_101' title="bbox 1709 3944 3365 4020">
     <span class='ocr_line' id='line_1_101' title="bbox 1709 3944 3365 4020; baseline 0.001 -17"><span class='ocrx_word' id='word_1_738' title='bbox 1709 3946 1816 4014; x_wconf 86' lang='lat' dir='ltr'><strong>bit,</strong></span> <span class='ocrx_word' id='word_1_739' title='bbox 1847 3944 1955 4003; x_wconf 86' lang='lat' dir='ltr'><strong>sed</strong></span> <span class='ocrx_word' id='word_1_740' title='bbox 1976 3950 2034 4002; x_wconf 89' lang='lat' dir='ltr'><strong>et</strong></span> <span class='ocrx_word' id='word_1_741' title='bbox 2061 3945 2250 4003; x_wconf 89' lang='lat' dir='ltr'><strong>multo</strong></span> <span class='ocrx_word' id='word_1_742' title='bbox 2288 3945 2482 4017; x_wconf 89' lang='lat' dir='ltr'><strong>magis</strong></span> <span class='ocrx_word' id='word_1_743' title='bbox 2514 3960 2626 4020; x_wconf 80' lang='lat' dir='ltr'><strong>pro</strong></span> <span class='ocrx_word' id='word_1_744' title='bbox 2661 3944 3043 4003; x_wconf 90' lang='lat' dir='ltr'><strong>multitudine</strong></span> <span class='ocrx_word' id='word_1_745' title='bbox 3062 3945 3365 4005; x_wconf 89' lang='lat' dir='ltr'><strong>bonorum</strong></span> 
     </span>
    </p>
   </div>
   <div class='ocr_carea' id='block_1_102' title="bbox 1709 4033 3365 4109">
    <p class='ocr_par' dir='ltr' id='par_1_102' title="bbox 1709 4033 3365 4109">
     <span class='ocr_line' id='line_1_102' title="bbox 1709 4033 3365 4109; baseline 0 -17"><span class='ocrx_word' id='word_1_746' title='bbox 1709 4035 1786 4093; x_wconf 90' lang='lat' dir='ltr'><strong>de</strong></span> <span class='ocrx_word' id='word_1_747' title='bbox 1798 4035 2024 4108; x_wconf 87' lang='lat' dir='ltr'><strong>quibus</strong></span> <span class='ocrx_word' id='word_1_748' title='bbox 2049 4050 2248 4092; x_wconf 86' lang='lat' dir='ltr'><strong>sermo</strong></span> <span class='ocrx_word' id='word_1_749' title='bbox 2268 4039 2376 4102; x_wconf 88' lang='lat' dir='ltr'><strong>est,</strong></span> <span class='ocrx_word' id='word_1_750' title='bbox 2396 4040 2453 4091; x_wconf 92' lang='lat' dir='ltr'><strong>et</strong></span> <span class='ocrx_word' id='word_1_751' title='bbox 2472 4033 2521 4090; x_wconf 88' lang='lat' dir='ltr'><strong>si</strong></span> <span class='ocrx_word' id='word_1_752' title='bbox 2542 4048 2664 4093; x_wconf 91' lang='lat' dir='ltr'><strong>non</strong></span> <span class='ocrx_word' id='word_1_753' title='bbox 2687 4034 2976 4105; x_wconf 89' lang='lat' dir='ltr'><strong>attingere</strong></span> <span class='ocrx_word' id='word_1_754' title='bbox 2996 4038 3206 4109; x_wconf 89' lang='lat' dir='ltr'><strong>potero</strong></span> <span class='ocrx_word' id='word_1_755' title='bbox 3231 4035 3365 4108; x_wconf 88' lang='lat' dir='ltr'><strong>ejus</strong></span> 
     </span>
    </p>
   </div>
   <div class='ocr_carea' id='block_1_103' title="bbox 1709 4122 3369 4198">
    <p class='ocr_par' dir='ltr' id='par_1_103' title="bbox 1709 4122 3369 4198">
     <span class='ocr_line' id='line_1_103' title="bbox 1709 4122 3369 4198; baseline 0 -18"><span class='ocrx_word' id='word_1_756' title='bbox 1709 4123 2008 4196; x_wconf 83' lang='lat' dir='ltr'><strong>meritum,</strong></span> <span class='ocrx_word' id='word_1_757' title='bbox 2044 4127 2105 4180; x_wconf 89' lang='lat' dir='ltr'><strong>at</strong></span> <span class='ocrx_word' id='word_1_758' title='bbox 2124 4122 2336 4181; x_wconf 90' lang='lat' dir='ltr'><strong>saltem</strong></span> <span class='ocrx_word' id='word_1_759' title='bbox 2361 4138 2486 4180; x_wconf 91' lang='lat' dir='ltr'><strong>non</strong></span> <span class='ocrx_word' id='word_1_760' title='bbox 2515 4122 2831 4181; x_wconf 84' lang='lat' dir='ltr'><strong>inﬂciabor</strong></span> <span class='ocrx_word' id='word_1_761' title='bbox 2847 4138 2960 4198; x_wconf 88' lang='lat' dir='ltr'><strong>pro</strong></span> <span class='ocrx_word' id='word_1_762' title='bbox 2977 4139 3160 4197; x_wconf 84' lang='lat' dir='ltr'><strong>posse</strong></span> <span class='ocrx_word' id='word_1_763' title='bbox 3183 4125 3369 4181; x_wconf 86' lang='lat' dir='ltr'><strong>conﬁ-</strong></span> 
     </span>
    </p>
   </div>
   <div class='ocr_carea' id='block_1_104' title="bbox 1711 4212 3366 4283">
    <p class='ocr_par' dir='ltr' id='par_1_104' title="bbox 1711 4212 3366 4283">
     <span class='ocr_line' id='line_1_104' title="bbox 1711 4212 3366 4283; baseline 0 -13"><span class='ocrx_word' id='word_1_764' title='bbox 1711 4213 1835 4270; x_wconf 89' lang='lat' dir='ltr'><strong>teri.</strong></span> <span class='ocrx_word' id='word_1_765' title='bbox 1870 4212 2140 4270; x_wconf 86' lang='lat' dir='ltr'><strong>Dilatabo</strong></span> <span class='ocrx_word' id='word_1_766' title='bbox 2165 4228 2310 4283; x_wconf 88' lang='lat' dir='ltr'><strong>ergo</strong></span> <span class='ocrx_word' id='word_1_767' title='bbox 2339 4227 2443 4269; x_wconf 89' lang='lat' dir='ltr'><strong>cor</strong></span> <span class='ocrx_word' id='word_1_768' title='bbox 2471 4227 2673 4269; x_wconf 90' lang='lat' dir='ltr'><strong>meum</strong></span> <span class='ocrx_word' id='word_1_769' title='bbox 2701 4217 2758 4269; x_wconf 89' lang='lat' dir='ltr'><strong>et</strong></span> <span class='ocrx_word' id='word_1_770' title='bbox 2789 4212 2971 4270; x_wconf 89' lang='lat' dir='ltr'><strong>simul</strong></span> <span class='ocrx_word' id='word_1_771' title='bbox 3016 4212 3366 4270; x_wconf 86' lang='lat' dir='ltr'><strong>dilatabitur</strong></span> 
     </span>
    </p>
   </div>
   <div class='ocr_carea' id='block_1_105' title="bbox 1708 4301 3364 4376">
    <p class='ocr_par' dir='ltr' id='par_1_105' title="bbox 1708 4301 3364 4376">
     <span class='ocr_line' id='line_1_105' title="bbox 1708 4301 3364 4376; baseline -0.001 -16"><span class='ocrx_word' id='word_1_772' title='bbox 1708 4317 1777 4360; x_wconf 89' lang='lat' dir='ltr'><strong>os</strong></span> <span class='ocrx_word' id='word_1_773' title='bbox 1797 4317 2001 4360; x_wconf 85' lang='lat' dir='ltr'><strong>meum</strong></span> <span class='ocrx_word' id='word_1_774' title='bbox 2019 4301 2274 4359; x_wconf 84' lang='lat' dir='ltr'><strong>vocibus</strong></span> <span class='ocrx_word' id='word_1_775' title='bbox 2294 4302 2624 4373; x_wconf 83' lang='lat' dir='ltr'><strong>gratiarum</strong></span> <span class='ocrx_word' id='word_1_776' title='bbox 2641 4301 2816 4373; x_wconf 82' lang='lat' dir='ltr'><strong>juxta</strong></span> <span class='ocrx_word' id='word_1_777' title='bbox 2829 4301 2893 4358; x_wconf 91' lang='lat' dir='ltr'><strong>id</strong></span> <span class='ocrx_word' id='word_1_778' title='bbox 2912 4302 3081 4375; x_wconf 89' lang='lat' dir='ltr'><strong>quod</strong></span> <span class='ocrx_word' id='word_1_779' title='bbox 3109 4317 3364 4376; x_wconf 90' lang='lat' dir='ltr'><strong>possum</strong></span> 
     </span>
    </p>
   </div>
   <div class='ocr_carea' id='block_1_106' title="bbox 1708 4389 3364 4465">
    <p class='ocr_par' dir='ltr' id='par_1_106' title="bbox 1708 4389 3364 4465">
     <span class='ocr_line' id='line_1_106' title="bbox 1708 4389 3364 4465; baseline 0.001 -17"><span class='ocrx_word' id='word_1_780' title='bbox 1708 4395 1767 4450; x_wconf 90' lang='lat' dir='ltr'><strong>et</strong></span> <span class='ocrx_word' id='word_1_781' title='bbox 1793 4391 1956 4465; x_wconf 92' lang='lat' dir='ltr'><strong>quod</strong></span> <span class='ocrx_word' id='word_1_782' title='bbox 1987 4390 2165 4448; x_wconf 89' lang='lat' dir='ltr'><strong>statui</strong></span> <span class='ocrx_word' id='word_1_783' title='bbox 2195 4408 2209 4460; x_wconf 91' lang='lat'><strong>;</strong></span> <span class='ocrx_word' id='word_1_784' title='bbox 2242 4406 2382 4447; x_wconf 90' lang='lat' dir='ltr'><strong>eum</strong></span> <span class='ocrx_word' id='word_1_785' title='bbox 2407 4389 2490 4450; x_wconf 86' lang='lat' dir='ltr'><strong>ita</strong></span> <span class='ocrx_word' id='word_1_786' title='bbox 2520 4389 2850 4447; x_wconf 87' lang='lat' dir='ltr'><strong>invenerim</strong></span> <span class='ocrx_word' id='word_1_787' title='bbox 2881 4389 2943 4447; x_wconf 92' lang='lat' dir='ltr'><strong>in</strong></span> <span class='ocrx_word' id='word_1_788' title='bbox 2972 4390 3364 4465; x_wconf 66' lang='lat' dir='ltr'><strong>quantiscuno</strong></span> 
     </span>
    </p>
   </div>
   <div class='ocr_carea' id='block_1_107' title="bbox 1708 4478 3364 4553">
    <p class='ocr_par' dir='ltr' id='par_1_107' title="bbox 1708 4478 3364 4553">
     <span class='ocr_line' id='line_1_107' title="bbox 1708 4478 3364 4553; baseline 0.002 -17"><span class='ocrx_word' id='word_1_789' title='bbox 1708 4495 1827 4553; x_wconf 91' lang='lat' dir='ltr'><strong>que</strong></span> <span class='ocrx_word' id='word_1_790' title='bbox 1852 4479 2008 4537; x_wconf 89' lang='lat' dir='ltr'><strong>curis</strong></span> <span class='ocrx_word' id='word_1_791' title='bbox 2035 4483 2373 4538; x_wconf 87' lang='lat' dir='ltr'><strong>coarctatus</strong></span> <span class='ocrx_word' id='word_1_792' title='bbox 2402 4484 2460 4537; x_wconf 91' lang='lat' dir='ltr'><strong>et</strong></span> <span class='ocrx_word' id='word_1_793' title='bbox 2481 4478 2861 4538; x_wconf 88' lang='lat' dir='ltr'><strong>latitudinem</strong></span> <span class='ocrx_word' id='word_1_794' title='bbox 2902 4480 3121 4539; x_wconf 88' lang='lat' dir='ltr'><strong>mentis</strong></span> <span class='ocrx_word' id='word_1_795' title='bbox 3147 4484 3206 4539; x_wconf 88' lang='lat' dir='ltr'><strong>et</strong></span> <span class='ocrx_word' id='word_1_796' title='bbox 3232 4497 3364 4540; x_wconf 81' lang='lat' dir='ltr'><strong>cor-</strong></span> 
     </span>
    </p>
   </div>
   <div class='ocr_carea' id='block_1_108' title="bbox 1707 4568 2250 4628">
    <p class='ocr_par' dir='ltr' id='par_1_108' title="bbox 1707 4568 2250 4628">
     <span class='ocr_line' id='line_1_108' title="bbox 1707 4568 2250 4628; baseline -0.004 0"><span class='ocrx_word' id='word_1_797' title='bbox 1707 4569 1801 4628; x_wconf 88' lang='lat' dir='ltr'><strong>dis</strong></span> <span class='ocrx_word' id='word_1_798' title='bbox 1823 4568 2250 4628; x_wconf 88' lang='lat' dir='ltr'><strong>dilatationem.</strong></span> 
     </span>
    </p>
   </div>
   <div class='ocr_carea' id='block_1_109' title="bbox 1779 4658 3364 4736">
    <p class='ocr_par' dir='ltr' id='par_1_109' title="bbox 1779 4658 3364 4736">
     <span class='ocr_line' id='line_1_109' title="bbox 1779 4658 3364 4736; baseline 0 -19"><span class='ocrx_word' id='word_1_799' title='bbox 1779 4658 2169 4732; x_wconf 85' lang='lat' dir='ltr'><strong>Magniﬁcasli</strong></span> <span class='ocrx_word' id='word_1_800' title='bbox 2198 4658 2359 4716; x_wconf 90' lang='lat' dir='ltr'><strong>enim</strong></span> <span class='ocrx_word' id='word_1_801' title='bbox 2388 4674 2525 4729; x_wconf 88' lang='lat' dir='ltr'><strong>nos,</strong></span> <span class='ocrx_word' id='word_1_802' title='bbox 2551 4658 2810 4733; x_wconf 87' lang='lat' dir='ltr'><strong>eripiens</strong></span> <span class='ocrx_word' id='word_1_803' title='bbox 2840 4676 2916 4718; x_wconf 84' lang='lat' dir='ltr'><strong>ex</strong></span> <span class='ocrx_word' id='word_1_804' title='bbox 2963 4659 3091 4718; x_wconf 88' lang='lat' dir='ltr'><strong>istis</strong></span> <span class='ocrx_word' id='word_1_805' title='bbox 3144 4660 3364 4736; x_wconf 88' lang='lat' dir='ltr'><strong>pannis</strong></span> 
     </span>
    </p>
   </div>
   <div class='ocr_carea' id='block_1_110' title="bbox 1708 4748 3366 4824">
    <p class='ocr_par' dir='ltr' id='par_1_110' title="bbox 1708 4748 3366 4824">
     <span class='ocr_line' id='line_1_110' title="bbox 1708 4748 3366 4824; baseline 0 -17"><span class='ocrx_word' id='word_1_806' title='bbox 1708 4749 1963 4808; x_wconf 67' lang='lat' dir='ltr'><strong>miseriae</strong></span> <span class='ocrx_word' id='word_1_807' title='bbox 1989 4755 2046 4808; x_wconf 89' lang='lat' dir='ltr'><strong>et</strong></span> <span class='ocrx_word' id='word_1_808' title='bbox 2066 4749 2365 4807; x_wconf 79' lang='lat' dir='ltr'><strong>extollens</strong></span> <span class='ocrx_word' id='word_1_809' title='bbox 2388 4765 2581 4824; x_wconf 90' lang='lat' dir='ltr'><strong>usque</strong></span> <span class='ocrx_word' id='word_1_810' title='bbox 2611 4748 2693 4807; x_wconf 90' lang='lat' dir='ltr'><strong>ad</strong></span> <span class='ocrx_word' id='word_1_811' title='bbox 2737 4750 3023 4808; x_wconf 86' lang='lat' dir='ltr'><strong>thronum</strong></span> <span class='ocrx_word' id='word_1_812' title='bbox 3079 4750 3260 4808; x_wconf 88' lang='lat' dir='ltr'><strong>istum</strong></span> <span class='ocrx_word' id='word_1_813' title='bbox 3307 4754 3366 4807; x_wconf 92' lang='lat' dir='ltr'><strong>et</strong></span> 
     </span>
    </p>
   </div>
   <div class='ocr_carea' id='block_1_111' title="bbox 1709 4838 3363 4898">
    <p class='ocr_par' dir='ltr' id='par_1_111' title="bbox 1709 4838 3363 4898">
     <span class='ocr_line' id='line_1_111' title="bbox 1709 4838 3363 4898; baseline -0.001 0"><span class='ocrx_word' id='word_1_814' title='bbox 1709 4847 1931 4898; x_wconf 87' lang='lat' dir='ltr'><strong>sortem</strong></span> <span class='ocrx_word' id='word_1_815' title='bbox 2001 4839 2161 4897; x_wconf 86' lang='lat' dir='ltr'><strong>hanc</strong></span> <span class='ocrx_word' id='word_1_816' title='bbox 2240 4838 2561 4897; x_wconf 89' lang='lat' dir='ltr'><strong>sublimem</strong></span> <span class='ocrx_word' id='word_1_817' title='bbox 2635 4844 2691 4896; x_wconf 89' lang='lat' dir='ltr'><strong>et</strong></span> <span class='ocrx_word' id='word_1_818' title='bbox 2778 4839 3005 4896; x_wconf 72' lang='lat' dir='ltr'><strong>caeteris</strong></span> <span class='ocrx_word' id='word_1_819' title='bbox 3077 4838 3363 4896; x_wconf 91' lang='lat' dir='ltr'><strong>omnibus</strong></span> 
     </span>
    </p>
   </div>
   <div class='ocr_carea' id='block_1_112' title="bbox 1708 4926 3366 5002">
    <p class='ocr_par' dir='ltr' id='par_1_112' title="bbox 1708 4926 3366 5002">
     <span class='ocr_line' id='line_1_112' title="bbox 1708 4926 3366 5002; baseline -0.001 -14"><span class='ocrx_word' id='word_1_820' title='bbox 1708 4929 2205 4998; x_wconf 81' lang='lat' dir='ltr'><strong>excellentiorem,</strong></span> <span class='ocrx_word' id='word_1_821' title='bbox 2238 4945 2276 4985; x_wconf 93' lang='lat' dir='ltr'><strong>a</strong></span> <span class='ocrx_word' id='word_1_822' title='bbox 2318 4928 2612 5002; x_wconf 89' lang='lat' dir='ltr'><strong>principio</strong></span> <span class='ocrx_word' id='word_1_823' title='bbox 2662 4926 2871 4985; x_wconf 86' lang='lat' dir='ltr'><strong>volens</strong></span> <span class='ocrx_word' id='word_1_824' title='bbox 2921 4933 2980 4984; x_wconf 90' lang='lat' dir='ltr'><strong>et</strong></span> <span class='ocrx_word' id='word_1_825' title='bbox 3030 4942 3246 4985; x_wconf 80' lang='lat' dir='ltr'><strong>curans</strong></span> <span class='ocrx_word' id='word_1_826' title='bbox 3299 4931 3366 4986; x_wconf 89' lang='lat' dir='ltr'><strong>ut</strong></span> 
     </span>
    </p>
   </div>
   <div class='ocr_carea' id='block_1_113' title="bbox 1708 5015 3364 5092">
    <p class='ocr_par' dir='ltr' id='par_1_113' title="bbox 1708 5015 3364 5092">
     <span class='ocr_line' id='line_1_113' title="bbox 1708 5015 3364 5092; baseline 0 -18"><span class='ocrx_word' id='word_1_827' title='bbox 1708 5019 2030 5078; x_wconf 76' lang='lat' dir='ltr'><strong>fortissime</strong></span> <span class='ocrx_word' id='word_1_828' title='bbox 2052 5033 2290 5092; x_wconf 88' lang='lat' dir='ltr'><strong>semper</strong></span> <span class='ocrx_word' id='word_1_829' title='bbox 2307 5020 2495 5074; x_wconf 79' lang='lat' dir='ltr'><strong>vitam</strong></span> <span class='ocrx_word' id='word_1_830' title='bbox 2508 5016 2859 5085; x_wconf 85' lang='lat' dir='ltr'><strong>rexerimus,</strong></span> <span class='ocrx_word' id='word_1_831' title='bbox 2873 5015 3364 5090; x_wconf 90' lang='lat' dir='ltr'><strong>undepossemus</strong></span> 
     </span>
    </p>
   </div>
   <div class='ocr_carea' id='block_1_114' title="bbox 1709 5104 3364 5181">
    <p class='ocr_par' dir='ltr' id='par_1_114' title="bbox 1709 5104 3364 5181">
     <span class='ocr_line' id='line_1_114' title="bbox 1709 5104 3364 5181; baseline -0.001 -14"><span class='ocrx_word' id='word_1_832' title='bbox 1709 5109 1792 5169; x_wconf 87' lang='lat' dir='ltr'><strong>ita</strong></span> <span class='ocrx_word' id='word_1_833' title='bbox 1816 5110 1879 5166; x_wconf 91' lang='lat' dir='ltr'><strong>in</strong></span> <span class='ocrx_word' id='word_1_834' title='bbox 1906 5108 2085 5167; x_wconf 85' lang='lat' dir='ltr'><strong>bonis</strong></span> <span class='ocrx_word' id='word_1_835' title='bbox 2115 5113 2173 5166; x_wconf 86' lang='lat' dir='ltr'><strong>et</strong></span> <span class='ocrx_word' id='word_1_836' title='bbox 2196 5105 2649 5181; x_wconf 79' lang='lat' dir='ltr'><strong>perfectioribus</strong></span> <span class='ocrx_word' id='word_1_837' title='bbox 2668 5105 3014 5176; x_wconf 85' lang='lat' dir='ltr'><strong>consistere,</strong></span> <span class='ocrx_word' id='word_1_838' title='bbox 3047 5110 3112 5165; x_wconf 91' lang='lat' dir='ltr'><strong>ut</strong></span> <span class='ocrx_word' id='word_1_839' title='bbox 3140 5122 3178 5165; x_wconf 89' lang='lat' dir='ltr'><strong>a</strong></span> <span class='ocrx_word' id='word_1_840' title='bbox 3195 5104 3364 5166; x_wconf 90' lang='lat' dir='ltr'><strong>nullo</strong></span> 
     </span>
    </p>
   </div>
   <div class='ocr_carea' id='block_1_115' title="bbox 1783 5333 3361 5413">
    <p class='ocr_par' dir='ltr' id='par_1_115' title="bbox 1783 5333 3361 5413">
     <span class='ocr_line' id='line_1_115' title="bbox 1783 5333 3361 5413; baseline -0.002 -15"><span class='ocrx_word' id='word_1_841' title='bbox 1783 5340 1861 5413; x_wconf 86' lang='lat'><strong>(2)</strong></span> <span class='ocrx_word' id='word_1_842' title='bbox 1888 5336 2182 5413; x_wconf 77' lang='lat' dir='ltr'><strong>orationis</strong></span> <span class='ocrx_word' id='word_1_843' title='bbox 2222 5333 2385 5413; x_wconf 85' lang='lat' dir='ltr'><strong>color</strong></span> <span class='ocrx_word' id='word_1_844' title='bbox 2437 5333 2836 5413; x_wconf 83' lang='lat' dir='ltr'><strong>est_biblicus.</strong></span> <span class='ocrx_word' id='word_1_845' title='bbox 2895 5334 3115 5395; x_wconf 88' lang='lat' dir='ltr'><strong>Psalm.</strong></span> <span class='ocrx_word' id='word_1_846' title='bbox 3172 5352 3361 5413; x_wconf 67' lang='lat' dir='ltr'><strong>exsul,</strong></span> 
     </span>
    </p>
   </div>
   <div class='ocr_carea' id='block_1_116' title="bbox 1713 5404 3361 5484">
    <p class='ocr_par' dir='ltr' id='par_1_116' title="bbox 1713 5404 3361 5484">
     <span class='ocr_line' id='line_1_116' title="bbox 1713 5404 3361 5484; baseline -0.002 -16"><span class='ocrx_word' id='word_1_847' title='bbox 1713 5404 1804 5484; x_wconf 49' lang='lat'><strong>32&#39;</strong></span> <span class='ocrx_word' id='word_1_848' title='bbox 1842 5404 1864 5464; x_wconf 72' lang='grc' dir='ltr'><strong>ἐ</strong></span> <span class='ocrx_word' id='word_1_849' title='bbox 1925 5408 2210 5484; x_wconf 65' lang='grc' dir='ltr'><strong>ἕπλάτυνᾲς</strong></span> <span class='ocrx_word' id='word_1_850' title='bbox 2260 5412 2355 5467; x_wconf 74' lang='grc' dir='ltr'><strong>την</strong></span> <span class='ocrx_word' id='word_1_851' title='bbox 2402 5404 2629 5484; x_wconf 67' lang='grc' dir='ltr'><strong>καρδίαν</strong></span> <span class='ocrx_word' id='word_1_852' title='bbox 2680 5418 2810 5484; x_wconf 66' lang='grc' dir='ltr'><strong>μου.⁸</strong></span> <span class='ocrx_word' id='word_1_853' title='bbox 2868 5413 2985 5467; x_wconf 73' lang='lat' dir='ltr'><strong>Isa.</strong></span> <span class='ocrx_word' id='word_1_854' title='bbox 3061 5424 3117 5477; x_wconf 84' lang='lat' dir='ltr'><strong>v,</strong></span> <span class='ocrx_word' id='word_1_855' title='bbox 3190 5410 3257 5467; x_wconf 78' lang='grc'><strong>14</strong></span> 
     </span>
    </p>
   </div>
   <div class='ocr_carea' id='block_1_117' title="bbox 1714 5478 3368 5556">
    <p class='ocr_par' dir='ltr' id='par_1_117' title="bbox 1714 5478 3368 5556">
     <span class='ocr_line' id='line_1_117' title="bbox 1714 5478 3368 5556; baseline 0.001 -20"><span class='ocrx_word' id='word_1_856' title='bbox 1714 5483 2042 5556; x_wconf 75' lang='grc' dir='ltr'><strong>ἐπλάτυνενό</strong></span> <span class='ocrx_word' id='word_1_857' title='bbox 2093 5478 2230 5552; x_wconf 68' lang='grc' dir='ltr'><strong>ᾅδης</strong></span> <span class='ocrx_word' id='word_1_858' title='bbox 2314 5483 2409 5539; x_wconf 76' lang='grc' dir='ltr'><strong>τήν</strong></span> <span class='ocrx_word' id='word_1_859' title='bbox 2473 5478 2689 5553; x_wconf 68' lang='grc' dir='ltr'><strong>’ψυχὴν</strong></span> <span class='ocrx_word' id='word_1_860' title='bbox 2750 5480 2928 5537; x_wconf 52' lang='grc' dir='ltr'><strong>αὐτοῦ,</strong></span> <span class='ocrx_word' id='word_1_861' title='bbox 3014 5487 3206 5556; x_wconf 79' lang='lat' dir='ltr'><strong>Atque</strong></span> <span class='ocrx_word' id='word_1_862' title='bbox 3282 5481 3368 5540; x_wconf 71' lang='lat' dir='ltr'><strong>sic</strong></span> 
     </span>
    </p>
   </div>
   <div class='ocr_carea' id='block_1_118' title="bbox 1713 5555 1876 5616">
    <p class='ocr_par' dir='ltr' id='par_1_118' title="bbox 1713 5555 1876 5616">
     <span class='ocr_line' id='line_1_118' title="bbox 1713 5555 1876 5616; baseline -0.025 0"><span class='ocrx_word' id='word_1_863' title='bbox 1713 5555 1876 5616; x_wconf 88' lang='lat' dir='ltr'><strong>alibi.</strong></span> 
     </span>
    </p>
   </div>
   <div class='ocr_carea' id='block_1_119' title="bbox 2832 5746 2934 5810">
    <p class='ocr_par' dir='ltr' id='par_1_119' title="bbox 2832 5746 2934 5810">
     <span class='ocr_line' id='line_1_119' title="bbox 2832 5746 2934 5810; baseline 0.029 -3"><span class='ocrx_word' id='word_1_864' title='bbox 2832 5746 2934 5810; x_wconf 65' lang='lat'><strong>48.</strong></span> 
     </span>
    </p>
   </div>
  </div>
