3934 6322
544 315 682 387 £513

1895 309 2270 370 NICEPHORI
2296 313 2561 369 CHUMNI

3797 313 3886 372 lE-l‘

542 451 640 508 vel
668 447 914 506 minime
936 459 1209 516 unquam
1249 443 1710 502 dimoveremur,
1744 437 2082 495 dummodo
2099 451 2196 490 vo-

2329 436 2392 487 ιπ’
2465 434 2672 498 οὐδενὸς
2742 439 2802 490 ἂν
2851 437 2966 492 οῦδ⁹
3044 442 3282 492 ὁπωσοῦν
3323 440 3758 511 ὴνωχλήθημῦ,
3809 446 3894 506 εἰτι

544 541 752 596 luntati
782 544 896 593 tuae
929 535 1327 605 obsequentes
1359 531 1557 587 cordis
1584 530 1766 585 nostri
1799 528 2091 582 desideria
2114 527 2199 580 fu-

547 643 847 699 geremus.
887 628 1209 694 Postquam
1241 626 1464 684 autem.
1499 636 1534 675 a
1565 624 1725 674 recta
1764 618 2061 672 bonorum
2099 615 2199 668 via

545 718 945 774 deﬂectentes.
973 711 1051 767 ad
1081 727 1150 766 ea
1180 727 1318 783 qua:
1352 725 1472 764 non
1504 713 1738 781 oportet
1767 706 2197 764 convertimus,

542 809 703 879 juste
731 803 983 859 immisit
1021 800 1353 855 cruciantes
1385 798 1643 854 dolores.
1707 794 1978 852 Conclusi
2024 794 2204 861 igitur

548 895 719 968 quasi
739 890 1109 965 quibusdam
1138 889 1282 942 seris
1328 887 1591 958 propriis
1654 881 2202 955 desperationibus,

552 982 811 1040 adversis
839 978 1154 1041 contriti,et
1182 974 1720 1036 dolentes,nullam
1749 973 2014 1043 undique
2044 985 2202 1040 spem

546 1068 976 1142 redemptionis
1023 1066 1336 1126 habentes,
1395 1070 1448 1119 te
1483 1065 1681 1136 ipsam
1733 1061 2094 1131 suscipimus
2148 1058 2205 1112 in

552 1173 764 1216 omnes
794 1156 1172 1212 difﬁcultates
1203 1158 1599 1225 pugnantem,
1637 1157 1694 1206 et
1723 1149 2047 1205 infortunia
2069 1161 2209 1202 con-

553 1250 930 1316 fringentem,
966 1260 1101 1299 cum
1131 1243 1360 1298 habeas
1390 1242 1734 1296 universum
1763 1241 1979 1293 harum
2010 1251 2208 1290 rerum

553 1337 844 1408 regimen,
867 1338 923 1390 et
947 1333 1123 1388 nobis
1143 1332 1338 1386 donas
1363 1331 1421 1384 in
1451 1330 1729 1385 secundis
1764 1325 2011 1394 negotiis
2031 1324 2209 1396 proﬁ-

554 1440 706 1487 cere,
740 1429 796 1480 et
824 1423 1036 1478 eadem
1063 1435 1197 1492 quae
1227 1419 1392 1490 prius
1435 1417 1691 1474 adversa
1747 1421 1914 1471 erant
1953 1413 2211 1468 feliciora

561 1513 779 1571 deinde
802 1510 1075 1582 experiri.

630 1607 796 1658 Nunc
821 1605 1019 1657 autem
1052 1614 1124 1654 eo
1150 1597 1387 1651 devenit
1417 1600 1745 1666 conceptus
1767 1608 1959 1648 sermo
1984 1597 2049 1645 ut
2066 1590 2214 1661 opti-

561 1709 656 1748 me
680 1690 916 1759 singula
937 1687 1340 1760 proferrentur
1359 1685 1691 1741 clarissima
1708 1683 1999 1738 miracula
2027 1681 2214 1736 adim-

2306 534 2398 576 τοῦ
2472 536 2567 578 σοῦ
2618 529 2902 600 θελήματος
2961 529 3132 581 ὀπίσω
3219 534 3310 581 καὶ
3368 535 3449 600 μὴ
3517 539 3633 580 τῶν

2311 615 2454 683 ημῶν
2511 612 2854 687 ἐπορεύθημεν
2917 618 2997 687 (1)
3059 639 3071 650 ·
3119 616 3226 669 ἐπεὶ
3284 614 3364 677 δὲ,
3454 625 3562 678 τῆς

2311 700 2510 762 εὐθείας
2587 701 2940 774 ἐκτραπέντες,
3014 709 3139 778 πρὸς
3180 705 3214 756 ἁ
3267 711 3342 776 μὴ
3409 714 3708 779 προσ-ἧκον
3766 705 3902 756 ter-:51-

3625 627 3730 668 τῶν
3783 619 3898 667 11-27;;

2314 811 2497 862 φημεν,
2562 794 2682 850 ἧκεν
2736 794 2942 854 εἰκότως
2995 794 3309 866 ἐνοχλοῦντα
3374 800 3450 847 τὰ
3505 796 3738 869 λυπηροὶ
3790 817 3801 828 ο
3851 818 3894 845 η

2311 889 2436 952 γοῦν
2465 885 2617 954 ἡμεῖς
2677 883 2724 934 έν
2779 883 3030 956 ἀθυμίαις
3079 887 3178 936 ύπὸ
3235 895 3336 936 τῶν
3380 882 3551 938 ἰδίων
3611 890 3802 937 ὡσανεὶ
3844 906 3904 935 τε-

2314 980 2416 1043 ρῶν
2487 979 2914 1044 συσφιγγόμενοι,
2970 979 3059 1026 καὶ
3127 982 3243 1035 ταῖς
3299 971 3683 1046 δυσχερείαις
3751 975 3906 1025 siris-:—

2315 1061 2603 1131 7vai§ovrcg,
2665 1062 2730 1112 ὧν
2779 1071 2871 1122 τῆς
2914 1063 3107 1124 λύσεως
3155 1060 3268 1115 οὐδ’
3333 1066 3383 1115 ἐν
3440 1064 3671 1116 ἐλπίσιν
3725 1061 3904 1115 ούδειις,

2318 1155 2646 1221 φαινομένης,
2721 1152 2851 1209 αύτὴ
2939 1156 3069 1224 πρὸς
3148 1155 3237 1212 τὰς
3324 1150 3644 1213 δυσκολίας
3713 1152 3898 1204 ἅπαντα

2318 1244 2427 1305 καὶ,
2469 1236 2770 1312 διωσαμένη
2834 1245 2928 1302 τὰς
2966 1240 3210 1311 ἀνάγκας,
3268 1238 3462 1299 ἐπειδὴ
3528 1246 3631 1292 καὶ
3691 1249 3793 1302 xi;
3825 1246 3896 1291 air;

2321 1346 2406 1378 σοι
2455 1337 2556 1379 τῶν
2621 1333 2867 1381 τοιούτων
2939 1332 3144 1401 θεσμός,
3205 1331 3396 1404 ῥᾴοσιν
3446 1332 3608 1401 ἡμᾶς
3671 1339 3910 1391 ποιεῖς

2318 1419 2563 1486 χρῆσθαι
2589 1425 2693 1478 τοῖς
2717 1422 3013 1490 πράγμασι,
3064 1423 3154 1470 καί
3217 1439 3276 1489 γε
3309 1417 3610 1490 βελτιόνων
3667 1421 3832 1471 αὐτῶν
3875 1417 3910 1469 ἔτ

2320 1507 2514 1556 τούτων
2542 1504 2930 1578 ἀποπειρᾶσθαι
2954 1516 3052 1558 τῶν
3078 1516 3271 1578 προτοῦ
3299 1504 3636 1580 δυσχερῶν.

2425 1595 2500 1646 Oi}
2529 1601 2630 1666 μὴν
2661 1595 2766 1647 ἀλλ’
2817 1599 2842 1648 ό
2872 1597 3024 1667 λόγος
3069 1596 3309 1648 ἐνταυθοῖ
3339 1603 3636 1668 γενόμενος
3695 1597 3774 1650 ἔπ’
3828 1598 3910 1648 ιίπ

2325 1693 2501 1755 σαφῶς
2545 1686 2638 1742 ἧκε
2679 1688 2746 1736 τὰ
2795 1685 2910 1737 καθ’
2956 1687 3180 1742 εκάστην
3237 1684 3431 1761 ἐναργῆ
3500 1687 3799 1758 τελούμένα
3833 1689 3911 1737 5*:-

559 1783 717 1856 pleta
748 1781 806 1835 in
834 1784 1103 1834 nostrum
1133 1775 1425 1831 auxilium
1453 1781 1510 1829 et
1542 1775 1600 1829 in
1631 1772 2109 1846 proﬂigationem
2131 1771 2208 1824 in-

2329 1791 2486 1844 ματα,
2539 1777 2667 1847 πρὸς
2733 1771 3032 1848 ἐπικουρίαν
3087 1778 3176 1845 μὶν
3223 1777 3394 1845 ἡμῶν,
3449 1777 3700 1847 θραῦσιν
3757 1773 3815 1828 δε
3857 1785 3912 1824 τε

562 1868 1028 1928 numerabilium
1050 1865 1538 1938 impugnantium
1556 1862 2214 1935 undiqueinimicorum

563 1958 896 2032 (quomodo
907 1971 1011 2012 eos
1031 1970 1413 2010 numerarem
1426 1954 1497 2015 ?).
1517 1956 1780 2021 Surgunt
1793 1956 1950 2006 enim
1965 1950 2216 2018 agmini-

563 2049 679 2105 bus
703 2047 928 2119 pressis
958 2061 1031 2101 ex
1064 2044 1340 2099 universa
1364 2049 1515 2098 terra
1542 2061 1554 2108 ;
1589 2047 1840 2111 surgunt
1870 2045 2069 2095 autem
2096 2037 2216 2105 alii,

557 2154 639 2193 ex
667 2135 910 2209 propria
931 2139 1136 2190 nostra
1171 2132 1473 2204 impietate
1495 2133 1872 2186 occasionem
1892 2135 2216 2197 sumentes,

565 2225 666 2282 alii
693 2241 834 2280 vero
863 2240 976 2279 nos
1008 2223 1371 2293 impugnant
1396 2226 1640 2292 propter
1659 2221 1992 2291 quamdam
2016 2221 2076 2274 in
2116 2235 2218 2274 no-

574 2315 710 2370 stris
741 2313 918 2368 rebus
949 2311 1259 2366 utilitatem
1288 2312 1443 2381 (quaa
1471 2325 1565 2364 res
1587 2316 1788 2364 tamen
1813 2309 2062 2364 omnino
2083 2312 2221 2363 sunt

575 2404 740 2459 dona
771 2401 1020 2471 elargita
1047 2399 1217 2454 nobis
1247 2399 1438 2466 gratia
1468 2400 1590 2464 tua)
1625 2398 1874 2462 ;etenim
1899 2397 2031 2453 illos
2061 2397 2220 2452 triste

569 2497 813 2547 movent
834 2490 1000 2545 bona
1025 2493 1081 2542 et
1105 2487 1349 2542 felicitas
1372 2491 1594 2541 nostra.
1625 2486 1678 2541 Si
1697 2487 1877 2555 igitur
1896 2487 2220 2557 separatim

569 2581 951 2651 impugnant,
979 2592 1196 2648 parum
1210 2574 1544 2640 turbantes,
1569 2575 1837 2628 etminus
1851 2575 2219 2642 insidiantes,

568 2666 717 2723 forte
751 2682 875 2722 non
906 2665 1014 2719 erit
1041 2663 1350 2732 negotium
1381 2662 1557 2716 nobis
1599 2663 2048 2731 insurgentibus
2075 2664 2222 2717 resi-

565 2760 742 2811 stere.
782 2753 895 2810 Sed
925 2752 1253 2824 aliquando
1279 2766 1491 2806 omnes
1517 2751 1867 2806 circumfusi
1887 2757 2093 2808 contra
2121 2751 2219 2807 ali-

567 2859 751 2916 quem
772 2843 1024 2911 irruunt,
1054 2845 1108 2896 et
1137 2841 1252 2896 vim
1277 2841 1503 2895 faciunt
1523 2858 1593 2896 ex
1614 2841 1898 2896 omnibus
1930 2841 2219 2912 partibus-

569 2939 627 2988 et
647 2931 846 3001 simul,
872 2947 1011 2986 cum
1039 2929 1202 2985 nulla
1228 2930 1300 2984 sit
1331 2931 1525 3000 potior
1543 2929 1620 2984 ad
1646 2930 1788 2984 istas
1816 2946 2053 3001 pugnas
2077 2946 2222 3002 pra:-

569 3021 802 3092 paratio
831 3035 1017 3092 quam
1059 3019 1363 3088 vigilantia
1412 3025 1469 3073 et
1506 3018 1832 3087 meditatio,
1874 3019 2223 3075 subvertunt

2325 1859 2567 1913 ἐπιόντων
2607 1867 2804 1930 (πόσων
2859 1861 2918 1913 ἂν
2972 1867 3169 1935 εἶποιμι
3227 1867 3266 1928 ;)
3313 1866 3458 1915 πάνυ
3518 1869 3622 1936 μὲν
3687 1861 3779 1916 οὖν
3825 1865 3902 1914 πὲες

2327 1969 2482 2014 στων,
2523 1955 2613 2002 καὶ
2641 1953 2970 2022 πανταχόθεν
3025 1951 3316 2024 βαλλόντων
3370 1951 3623 2026 ἐχθρῶν.
3691 1961 3915 2007 Kueh:

2326 2044 2415 2111 μὲν
2452 2042 2556 2112 γὰρ
2605 2040 2704 2092 ἀπό
2761 2043 2939 2101 πάσης
2998 2038 3196 2112 σχεδόν
3252 2040 3615 2113 ἀνιστάμενοι
3655 2052 3765 2113 γῆς

3703 2139 3914 2205 apo-ear:

2328 2220 2552 2290 έχοντες,
2598 2222 2646 2270 οἰ
2709 2216 2770 2272 δέ
2797 2216 2962 2290 μηδὲν
2992 2221 3160 2292 ἕτερον
3189 2219 3534 2291 ἐγκαλοῦντες
3587 2224 3622 2280 ἦ
3689 2225 3773 2274 ὃτι
3822 2243 3918 2292 2;:-

3822 2062 3914 2092 '12

2327 2137 2606 2195 κινοῦνται,
2684 2132 2732 2181 οἰ
2783 2134 2873 2201 μεν
2947 2135 3042 2188 τὴν
3124 2127 3263 2181 ἰδίαν
3343 2129 3609 2183 ἀσέϐειαν

2330 2311 2429 2360 στά
2477 2328 2593 2360 τινα
2637 2311 2701 2360 τὰ
2755 2311 2979 2381 ἡμέτερα
3034 2313 3308 2382 (χορηγίαι
3371 2319 3557 2362 ταῦτα
3610 2315 3826 2372 πάντες
3865 2333 3916 2360 zz:

2330 2393 2477 2469 δῶρα
2531 2406 2633 2448 σῶν
2685 2397 2965 2470 χαρίτων),
3023 2404 3114 2450 καὶ
3171 2396 3383 2456 πλήττει
3461 2402 3705 2461 τούτους
3755 2403 3783 2458 ἡ
3855 2410 3914 2448 τυε

2328 2484 2534 2557 ἀγαθῶν
2556 2486 2786 2543 εύθηνία.
2831 2485 2888 2538 Εἰ
2933 2490 3036 2556 μὴν
3103 2482 3188 2536 οὖν
3247 2485 3348 2537 ἀπὸ
3381 2491 3588 2558 μέρους
3655 2491 3787 2560 ἡμῖν

2331 2593 2473 2638 ισαν,
2535 2577 2601 2626 τὰ
2643 2577 2731 2645 μὲν
2781 2577 2970 2626 ὡσανεί
3023 2571 3436 2645 διενοχλοῦντες,
3498 2584 3625 2637 τοῖς
3699 2574 3752 2629 δ’
3805 2579 3916 2633 ἔτι)

2330 2660 2752 2728 ἐπιϐουλεύοντες,
2805 2661 2930 2732 τάχ’
2982 2660 3044 2712 ἆν
3100 2681 3188 2713 και
3228 2667 3415 2734 μικρὸν
3469 2664 3501 2720 ἡ
3601 2662 3769 2718 ούδέν
3831 2669 3910 2720 isi:

2329 2751 2465 2807 ἦσαν
2488 2745 2706 2824 πρᾶγμα
2734 2753 2864 2824 πρὸς
2906 2748 3107 2822 ἄμυναν
3173 2749 3481 2803 ἀντεπιοῦσι
3534 2769 3547 2781 ⁸
3614 2762 3715 2804 νῦν
3771 2752 3822 2806 δ’
3868 2773 3902 2802 ετ

2328 2843 2511 2900 πάντες
2559 2839 2726 2910 κύκλῳ
2777 2842 2914 2890 κατὰ
2976 2840 3161 2892 ταύτόν
3205 2840 3571 2914 περιρρέουσι,
3635 2863 3734 2894 και
3820 2839 3902 2893 τιέξ

2329 2928 2752 3000 προσπαλαίουσι
2835 2932 3015 3002 μέρεσι
3069 2949 3158 2980 και
3226 2925 3374 2981 δεινά
3444 2930 3772 3000 μελετῶσιν,

2333 3016 2391 3071 δὲ
2439 3039 2528 3070 και
2570 3022 2698 3091 πρὸς
2750 3022 2904 3070 ταυτὶ
2986 3023 3499 3090 παρεσκευασμένοις
3571 3017 3739 3073 οὐδέν
3809 3025 3912 3072 ἐστιν

578 3111 912 3182 ριἰξεθτιὶω
941 3110 1278 3165 voluntates
1305 3113 1362 3162 et
1399 3108 1786 3176 cogitationes
1809 3113 2208 3180 corrumpunt

2332 3107 2505 3167 αὐτοῖς
2527 3107 2674 3159 πλέον
2727 3114 2815 3167 τῆς
2859 3115 3196 3180 παρασκευῆς
3251 3127 3342 3158 και
3408 3107 3664 3178 μελέτης,
3720 3129 3913 3181 περιτρε-

576 3201 720 3265 Quis
742 3200 805 3256 in
827 3199 952 3255 istis
985 3198 1265 3254 extremis
1295 3213 1407 3268 pro
1437 3197 1612 3252 nobis
1643 3204 1776 3264 aget
1797 3207 1848 3252 et
1871 3199 2075 3252 omnia
2101 3215 2223 3252 ver—

570 3293 651 3345 tet
687 3290 746 3344 in
775 3289 988 3344 melius
1021 3285 1049 3341 ?
1078 3287 1214 3358 quis
1240 3287 1390 3341 inter
1424 3286 1617 3340 varias
1636 3292 1690 3341 et
1715 3286 2071 3357 multiplices
2093 3302 2222 3356 gra-

569 3377 968 3447 vissimasque
998 3390 1236 3447 pugnas
1266 3390 1420 3445 quas
1456 3376 1822 3430 sustinemus
1863 3391 1970 3446 pro
2019 3382 2225 3430 nostra

571 3479 720 3534 pace
744 3464 1076 3528 decertans,
1112 3463 1312 3518 hostes
1344 3468 1409 3517 ut
1437 3463 1767 3518 aiebamus.
1802 3479 1938 3517 vere
1968 3464 2223 3534 dissipa-

569 3553 658 3610 bit
685 3553 712 3608 ?
735 3551 875 3616 Quis
896 3551 1072 3606 nobis
1103 3552 1283 3606 etiam
1332 3551 1768 3606 dormientibus
1809 3568 1869 3606 se
1924 3553 2225 3607 constituit

571 3646 775 3697 custos
801 3655 1038 3711 semper
1065 3639 1341 3709 vigilans,
1375 3640 1476 3710 qui
1518 3640 2036 3711 perseverantibus
2067 3641 2223 3696 curis

572 3727 1051 3802 supervenientia
1069 3727 1230 3783 mala
1249 3729 1570 3799 praeveniat
1594 3729 1621 3783 ?
1643 3729 1784 3794 Quis
1809 3736 1873 3784 ut
1890 3746 2096 3785 murus
2115 3731 2221 3786 fer-

572 3835 709 3875 reus
737 3818 894 3874 circa
922 3833 1035 3873 nos
1073 3817 1301 3889 positus
1323 3822 1377 3872 et
1411 3833 1587 3871 arcus
1608 3817 1864 3873 intentos
1895 3824 1950 3873 et
1989 3819 2222 3888 gladios

570 3907 868 3963 districtos
890 3922 1027 3961 cum
1057 3905 1601 3975 feriuntconfringit
1629 3904 1722 3960 ?et
1741 3922 1952 3962 omnes
1978 3909 2223 3964 insidias

571 3997 808 4054 anobis
846 3996 1056 4051 avertit
1087 3993 1114 4048 ‘f
1153 3995 1292 4059 Quis
1325 3996 1539 4049 iterum
1588 3995 1853 4063 flagellat
1900 3999 2218 4068 Aigyptuni

571 4086 904 4158 percutiens
933 4083 1382 4157 primogenitos,
1414 4083 1626 4154 plagas
1659 4083 1952 4139 indhcens
1971 4091 2222 4143 statutas

569 4189 844 4239 numero,
874 4173 1242 4228 Pharaonem
1269 4171 1685 4240 submergens.
1721 4174 1986 4240 gentium
2021 4191 2220 4247 super-

568 4262 731 4318 biam
759 4261 1068 4332 dejiciens,
1111 4266 1167 4316 et
1194 4267 1274 4316 ita
1306 4260 1498 4316 salvat
1526 4259 1701 4317 lsrael
1727 4262 1979 4318 electum
2013 4269 2222 4320 suum?

571 4350 826 4415 Quistne
854 4349 1094 4418 longius
1125 4348 1468 4420 protraham
1501 4353 1847 4417 sermonem)
1867 4351 1980 4406 has
2010 4353 2221 4408 multas

567 4453 943 4509 magnasque
967 4443 1247 4508 operatur
1274 4437 1519 4493 virtutes
1543 4438 1570 4492 ἰ)
1603 4439 1669 4493 Et
1693 4439 1798 4510 qui
1849 4456 2058 4495 sumus
2108 4458 2220 4498 nos

567 4541 678 4598 pro
707 4525 930 4598 quibus
952 4530 1040 4582 tot
1059 4530 1116 4580 et
1131 4531 1293 4580 tanta
1316 4532 1549 4598 patrata
1570 4533 1706 4582 sunt
1727 4528 2018 4584 miracula
2037 4529 2064 4582 ‘?
2089 4532 2220 4586 Haec

569 4619 774 4670 autem
805 4619 1006 4670 mente
1031 4613 1340 4669 revolvens
1368 4614 1604 4670 aiebam
1639 4631 1650 4668 :
1685 4637 1706 4665 ‹
1750 4620 2008 4672 Aversus
2065 4635 2130 4673 es
2182 4635 2219 4675 a

565 4701 761 4772 nobis,
788 4718 899 4758 nec
924 4703 1140 4758 iterum
1159 4719 1271 4758 nos
1291 4702 1572 4774 respicies
1595 4703 1655 4757 in
1686 4704 2215 4762 misericordiam.»

563 4793 647 4848 Tu
677 4807 818 4848 vero
838 4791 1037 4848 dixisti
1079 4810 1142 4847 τι(
1185 4790 1356 4846 Absit
1409 4797 1473 4845 ut
1509 4807 1618 4846 vos
1662 4793 1959 4849 dimittam
2002 4795 2095 4850 vel
2152 4802 2218 4853 ut

561 4896 837 4953 unquam
860 4898 965 4937 vos
987 4881 1400 4952 derelinquam
1428 4898 1440 4935 :
1470 4895 1666 4952 neque
1686 4881 1955 4937 auferam
1979 4884 2213 4940 miseri-

562 4971 831 5027 cordiam
878 4987 916 5027 a
958 4970 1132 5026 vobis
1187 4974 1430 5042 propter
1458 4969 1752 5039 Virginem
1791 4973 2030 5028 Matrem
2075 4989 2213 5045 qua

560 5056 803 5114 fervidis
815 5059 940 5114 suis
965 5057 1242 5130 precibus
1261 5057 1748 5130 compassionem
1771 5075 1968 5116 meam
1991 5061 2210 5136 implo-

630 5274 710 5348 (1)
758 5275 824 5332 Et
868 5275 982 5333 hoc
1027 5281 1120 5332 est
1160 5273 1386 5348 biblice
1445 5272 1695 5348 dictum:
1773 5274 2032 5348 Ezechiel
2101 5293 2207 5348 xx,

564 5341 907 5402 ἰδ’ίὊπίσω
980 5356 1078 5399 τῶν
1156 5346 1490 5419 ὲνθυμμάτων
1560 5341 1786 5419 καρδίας
1864 5346 2031 5397 αύτῶν
2091 5341 2208 5400 ἐποξ

558 5419 782 5490 ρεύοντο.

651 5494 704 5556 2)
731 5496 792 5542 Α.
812 5497 1152 5555 κατασκευαῖ,

633 5562 712 5696 (3ζ
746 5561 958 5616 Psalm.
992 5578 1181 5629 xxxw,
1212 5561 1386 5628 19,16

633 5632 688 5696 (4
768 5631 952 5687 Exod.
1014 5649 1112 5696 xu,
1159 5637 1225 5687 29
1274 5650 1288 5696 ;
1343 5636 1382 5682 K

629 5629 710 5697 (4)
768 5631 952 5687 Exod.
1014 5649 1112 5697 XII,
1159 5637 1225 5687 29
1274 5650 1288 5697 ;
1343 5633 1532 5702 Κύριος
1579 5629 1797 5691 ἐπάταξε
1851 5637 1950 5682 πᾶν
2005 5638 2205 5705 πρωτό-

2329 3216 2514 3248 πονται
2547 3192 2606 3248 δὲ
2641 3191 2830 3264 μᾶλλον
2856 3195 3028 3256 αὐτοῖς
3071 3194 3396 3267 βουλεύμασι
3452 3216 3548 3248 και
3603 3207 3727 3260 ταῖς
3781 3219 3913 3268 7.2;:-

2332 3292 2541 3346 σκευαίς
2569 3287 3118 3357 (2)συμφθειρόμενοι,
3149 3289 3231 3346 τίς
3279 3287 3418 3337 ἐστιν
3469 3287 3497 3336 ό
3555 3295 3734 3338 ταῦτα
3811 3284 3910 3358 διεδ

2328 3394 2418 3426 και
2465 3378 2597 3446 πρὸς
2642 3377 2698 3425 τὸ
2767 3381 2994 3445 κρεῖττον
3061 3375 3186 3444 ἡμῖν
3250 3377 3714 3444 μετασκευάζωνς
3785 3384 3906 3436 τιςι

2329 3468 2423 3520 τὴν
2469 3465 2706 3533 ἡσυχίαν
2764 3471 2907 3534 ημῶν
2964 3460 3011 3512 ἐν
3059 3469 3166 3522 τοῖς
3215 3461 3484 3523 πλείστοις
3532 3462 3776 3531 ἀγόντων
3829 3486 3912 3537 τι»

2329 3552 2583 3623 πολεμῶν,
2635 3571 2724 3602 και
2776 3555 2974 3624 πρόπον
3032 3554 3116 3602 τόν
3165 3552 3425 3624 εἰρημένον
3508 3556 3643 3614 τοὺς
3727 3555 3910 3623 52595;:

2332 3640 2679 3713 ὰμυνόμενος;
2747 3645 2826 3702 τίς
2880 3642 2905 3691 ό
2963 3660 3052 3692 και
3098 3637 3444 3692 καθεύδουσιν
3493 3643 3627 3712 ἡμῖν
3677 3643 3909 3712 £61772;-

2328 3750 2411 3792 νος
2452 3730 2615 3802 φύλαξ
2669 3727 2761 3781 διά
2821 3733 3007 3791 παντὸς
3055 3729 3332 3800 ἄγρυπνος,
3365 3749 3458 3780 και
3515 3739 3640 3792 ταῖς
3709 3732 3912 3803 ἔμμενε-ι

2329 3819 2659 3879 ἐπιστασίαις
2741 3823 2830 3879 τὰς
2901 3822 3250 3893 επερχομένας
3334 3816 3540 3890 βλάϐας
3630 3819 3910 3895 ἀπείρᾘ;

2330 3905 2736 3981 τίςόσιδηροῦν
2776 3909 3053 3980 περιτιθείς
3110 3915 3304 3978 τεῖχος,
3357 3927 3444 3958 και
3496 3909 3633 3970 τόξα
3681 3917 3910 3980 nassa:

2329 4018 2418 4049 και
2489 3999 2747 4071 ῥομφαίαν
2814 3995 3100 4070 ἐρχομένην
3177 3995 3223 4047 ἐν
3283 3995 3421 4065 αύτῷ
3507 3998 3776 4050 ο-νντίεων
3841 4004 3896 4052 13ι

2329 4106 2418 4138 και
2439 4089 2614 4147 πάσας
2668 4088 2916 4158 μηχανὰς
2969 4086 3376 4156 ἀπωθούμενος;
3431 4090 3516 4146 τίς
3567 4088 3593 4138 ὃ
3664 4088 3821 4139 πάλιν
3855 4090 3894 4140 Af

2327 4195 2522 4246 γυπτον
2582 4175 2873 4246 μαστίζων,
2936 4193 3027 4224 και
3083 4176 3368 4225 πατάσσων
3439 4181 3768 4246 πρωτότοκα
3845 4183 3909 4233 ξιξ,

2328 4285 2418 4316 και
2456 4264 2652 4335 πληγὰς
2699 4263 2902 4333 ἐπάγων
3091 4261 3498 4334 ἀριθμουμένας,
3549 4284 3650 4316 και
3710 4265 3908 4338 βυθιζω

2329 4360 2533 4426 Φαραώ,
2590 4373 2680 4404 και
2731 4354 2993 4424 καθαιρῶν
3041 4349 3194 4403 ἐθνῶν
3251 4350 3493 4426 ἔπαρσιν,
3542 4373 3642 4404 και
3727 4375 3910 4427 περιεν-

2250 4481 2292 4534 D
2327 4443 2428 4504 ζων
2476 4441 2687 4516 Ἰσραὴλ
2731 4441 2919 4515 κλῆρον
2977 4437 3153 4508 ἱδιονς
3204 4445 3286 4501 τίς
3368 4443 3474 4510 (ἵνα
3556 4448 3637 4513 μή
3731 4466 3910 4516 Iun-rs

2325 4533 2442 4583 καθ’
2474 4531 2689 4584 ἑκαστον
2718 4530 2942 4602 λέγων)ό
2972 4531 3064 4590 τὰς
3121 4529 3312 4590 πολλὰς
3368 4533 3563 4591 ταύτας
3631 4553 3737 4586 χαι
3787 4554 3909 4606 μετέ-

2323 4621 2415 4682 λας
2471 4621 2686 4692 ἐνεργῶν
2735 4616 3030 4691 δυνάμεις;
3078 4638 3166 4669 και
3245 4623 3378 4680 τίνες
3463 4620 3654 4690 ἠως,
3735 4625 3811 4675 ότι
3869 4641 3910 4670 τι

2323 4718 2556 4762 τοσαῦτα
2601 4729 2692 4761 και
2747 4717 2963 4760 τοιαῦτα
3012 4704 3064 4759 δ’
3117 4709 3251 4778 ἡμᾶς
3297 4709 3593 4779 θαύματατ,
3669 4712 3810 4782 Ἐγὼ

2324 4797 2464 4850 εἶπον
2531 4799 2602 4860 εἰς
2676 4797 2896 4870 ἐμαυτὸν
2984 4795 3184 4868 βλέψας
3260 4817 3272 4828 ·
3344 4819 3367 4846 ι
3452 4795 3808 4871 ἀκέο-τρέψας

2321 4889 2466 4960 ἡμῶν
2513 4888 2612 4960 (6),
2667 4907 2757 4939 και
2800 4887 2894 4938 ούκ
2941 4888 3016 4938 ἔτι
3068 4886 3127 4938 ού
3175 4891 3247 4956 μὴ
3297 4887 3539 4960 προσθῇς
3606 4889 3692 4950 εἰς
3751 4892 3908 4942 οἰκτιε-

2320 4981 2450 5049 μοὺς
2485 4975 2678 5050 βλέψαι
2706 4976 2784 5047 (7)
2825 4997 2836 5008 ·
2874 4998 2900 5025 ››
2947 4979 3012 5026 Σὺ
3046 4971 3260 5034 δἐἰπας
3295 4995 3310 5006 ·
3353 4997 3380 5023 ι(
3406 4974 3482 5026 Οὐ
3509 4982 3588 5046 μή
3626 4976 3767 5048 ἀνῶ,
3830 4975 3908 5030 sic"

2316 5297 2466 5330 τοκον
2487 5277 2534 5330 ἐν
2563 5277 2917 5350 γῇῗΑἰγύπτῳ.

2386 5353 2462 5418 (ὅ)
2493 5343 2650 5403 ΕΧδιῘ
2681 5343 2760 5410 xi,
2815 5353 2832 5403 1
2870 5343 2912 5402 ἐ
2959 5343 3075 5420 Ἔτι
3113 5351 3254 5420 μίαν-
3291 5346 3497 5417 πληγὴν
3564 5348 3674 5420 ἐγὼ
3748 5351 3906 5412 ἐπέξει.

2328 5490 2340 5504 ν
2391 5417 2462 5504 ςϐ)
2496 5422 2778 5486 lsa.LXlV,
2820 5423 2850 5472 7
2905 5437 2918 5473 :
2974 5417 3332 5493 ’Anéo’rpq'uca
3379 5421 3436 5470 τό
3493 5417 3794 5493 πρόσωπόν
3841 5442 3906 5471 :2;

2318 5491 2405 5562 ἁφή
2431 5493 2593 5562 ἡμῶν.

2385 5559 2476 5637 (ῖῖ
2500 5559 2729 5637 Phrasis
2749 5559 2970 5618 biblica
2998 5563 3259 5617 Lament.
3290 5578 3364 5628 iv,
3386 5562 3485 5618 16:
3517 5562 3600 5614 Οὐ
3631 5568 3903 5637 προσθτττ

2315 5632 2586 5702 ἐπιϐλέψαι
2617 5633 2807 5692 αύτοῐς.
