3934 6322
33 399 169 456 521
1085 406 1176 464 DE
1211 379 1432 467 Fasro
1480 399 1932 464 nonumoms
1969 403 2030 464 s.
2065 404 2328 464 nam.
3269 406 3399 467 1522

90 523 267 579 ’Δλὶα
315 527 417 598 μὴν
477 528 622 601 ἡμῶν
679 535 840 594 οῦτως
927 529 1281 606 ἔπεγνωκότων
1351 536 1446 592 τὴν
1511 529 1630 606 ξορ-

1845 530 1994 587 tobis
2016 535 2220 588 autem
2241 532 2322 590 ita
2349 531 2425 589 de
2473 527 2767 589 reverenti
2813 529 3212 590 celebratione
3266 532 3398 591 festi

23 617 119 670 ἡν
165 623 419 687 τιμῆσαι,
451 617 481 676 ἦ
520 617 711 691 μᾶλλον
739 624 828 672 τὸν
867 640 1055 693 τρόπον
1102 630 1283 676 τοῦτον
1338 621 1386 675 ἐν
1436 620 1576 675 πλείο

1846 621 1995 688 >ctis,
2048 622 2141 679 vel
2169 623 2364 696 potius
2390 624 2465 680 de
2497 623 2680 679 modo
2707 639 2828 696 quo
2870 623 3070 696 plures
3110 625 3219 681 bas
3272 625 3399 682 dies

25 710 128 754 ὧν
192 705 397 778 ἡμερῶν
460 708 602 780 ἡμᾶς
679 711 1025 782 καθαγιάσαι,
1107 715 1247 766 ἔστιν
1324 713 1466 772 ὅστις
1545 730 1578 763 ο⁴

1848 711 2213 769 letificandas
2224 712 2540 781 habemus,
2564 714 2608 767 si
2633 714 2766 784 quis
2792 713 2947 768 male
2963 713 3156 768 ferens
3174 714 3286 769 hoc
3301 715 3401 770 de-

19 792 336 853 εσπάζεται
385 797 444 847 τὸ
502 791 838 870 δεδογμένον,
899 796 1022 853 οὐδὲ
1077 819 1136 870 γε
1182 802 1462 876 κράτιστον
1511 797 1572 851 εἶν

1848 803 1974 856 tum
2004 800 2272 875 illudque
2309 801 2555 857 maximi
2585 801 2871 856 momenti
2891 801 3170 872 judicans
3199 803 3397 860 statim

17 879 304 949 306).:rat,
353 888 442 937 καὶ
481 887 606 957 πρὸς
648 890 742 944 τὴν
791 885 951 946 ἀκοὴν
1007 888 1156 952 εὐθὺς
1216 887 1492 941 ἀνίσταται
1545 907 1570 940 τ

1839 903 2088 960 uereque
2116 889 2194 945 ad
2246 889 2588 946 obedientia
2625 889 2882 946 retrahat
2902 890 3170 945 animam
3200 907 3392 958 suam,

17 976 246 1042 ὐκήνν
285 973 548 1046 προθυμος
599 973 666 1027 ὢν
712 980 919 1052 τρέχειν
974 983 1064 1030 καὶ
1118 977 1370 1030 συντελεῖν
1415 982 1516 1030 πᾶν

1842 993 1990 1050 oque
2039 978 2324 1052 praecipiti
2376 980 2707 1035 concitatus
2759 979 2944 1034 ﬁnem
3003 979 3395 1036 solemnitatis

17 1063 344 1136 πανηγύρει,
392 1067 450 1115 τό
495 1082 556 1137 γε
627 1064 770 1136 αὐτῷ
842 1074 1146 1138 προσῆκον;
1195 1067 1326 1138 Ἐγὼ
1386 1065 1475 1139 μέν
1545 1084 1570 1118 ο

1847 1065 1970 1122 hiat
2002 1071 2060 1124 et
2076 1066 2314 1124 festinet
2335 1069 2392 1123 in
2408 1067 2786 1134 celebrando,
2801 1066 2947 1123 illud
2967 1069 3261 1141 numquid
3279 1069 3393 1141 ipsi

27 1168 202 1220 ιμαι·
234 1149 462 1204 ἁλλάτοι
523 1156 614 1206 καὶ
659 1153 955 1208 τούναντίον
1001 1157 1128 1230 ὑπὲρ
1184 1155 1380 1208 πολλῶν
1447 1151 1580 1213 δηλολ

1838 1158 2038 1214 )fectui
2067 1158 2175 1215 erit
2199 1159 2228 1213 ‘?
2258 1161 2381 1228 Ego
2413 1174 2534 1214 non
2561 1160 2810 1230 opinor:
2839 1159 2943 1214 sed
2974 1175 3005 1214 e
3040 1165 3246 1215 contra
3273 1175 3391 1216 cer-

16 1257 100 1289 ητι
179 1247 282 1292 τῶν
337 1240 646 1313 ὀφλημάτων
697 1247 888 1319 μικρὰν
941 1245 970 1304 ἦ
1031 1241 1280 1317 οὐδεμίαν
1335 1241 1463 1297 εἶναι
1541 1263 1569 1296 τ

1838 1262 1875 1302 n
1901 1252 1992 1303 eet
2015 1261 2232 1318 parum
2252 1247 2340 1303 vel
2369 1247 2510 1304 nihil
2541 1247 2865 1304 multorum
2896 1247 3235 1304 debitorum
3260 1263 3391 1304 suo—

15 1347 231 1381 κτεσιν
285 1331 312 1382 ὃ
361 1349 421 1401 γε
474 1330 736 1404 φιλέορτος
787 1331 890 1404 ἐρεῖ
935 1339 1025 1387 καὶ
1089 1339 1206 1408 περὶ
1236 1341 1325 1387 τοῦ
1381 1337 1568 1407 παρόντ

1841 1352 1880 1390 n
1907 1335 2106 1408 ipsum
2139 1352 2268 1392 esse
2306 1337 2662 1402 soluturum,
2691 1337 2853 1409 quod
2886 1337 3061 1392 faciet
3091 1336 3238 1393 fecta
3264 1337 3394 1393 diti-

16 1413 58 1468 ὖ
129 1416 459 1491 ἐσκεμμένος
512 1420 625 1493 ἅμα
673 1418 732 1475 δὲ
784 1442 874 1475 και
933 1419 1057 1476 οὐδὲ
1109 1426 1394 1497 προσάγειν
1445 1421 1569 1496 μᾶλλ

1838 1439 1892 1479 1s
1919 1428 1973 1480 et
1997 1424 2291 1497 imprimis
2313 1441 2382 1480 ac
2409 1430 2762 1496 praesentem
2781 1425 3216 1481 solemnitatem
3239 1426 3391 1482 bene

14 1512 167 1578 ιριᾶς
207 1509 335 1560 εἶναι
367 1513 518 1581 φησει
560 1507 712 1564 τόνδε
760 1515 845 1564 τὸν
892 1517 1081 1587 τρόπον
1140 1517 1170 1572 ἦ
1239 1511 1472 1584 μεγάλων
1530 1507 1566 1563 δ

1844 1513 2072 1585 positus
2099 1513 2311 1569 :simul
2335 1519 2535 1570 autem
2593 1514 2791 1569 testari
2833 1515 3048 1587 poterit
3083 1514 3178 1569 ille
3225 1514 3391 1587 quod

14 1617 178 1648 ἰνων
250 1595 580 1671 ἀξιουμένους
665 1608 816 1655 εῖναι.
879 1606 1040 1654 ποίων
1112 1599 1180 1661 δὴ
1259 1601 1567 1673 τούτωηόρ

1836 1617 1853 1656 ς
1889 1602 1992 1674 qui
2027 1603 2384 1659 accedemus
2418 1604 2588 1674 juxta
2611 1603 2786 1658 ritum
2825 1603 3054 1658 huncce
3081 1608 3389 1669 statutum,

23 1691 134 1747 ίας
175 1694 330 1759 Θεοῦ,
385 1694 655 1752 κοινωνίας
703 1688 933 1762 ἀγγέλων
988 1695 1082 1744 σύν
1135 1693 1260 1766 ἡμῖν
1317 1692 1576 1764 ύμνούντω

1838 1689 2035 1760 .jorum
2056 1691 2457 1762 quorumdam
2487 1691 2778 1746 bonorum
2793 1691 3007 1746 erimus
3033 1691 3214 1762 digni.
3238 1693 3391 1756 Quo-

13 1775 330 1828 εποστόλων
399 1783 690 1852 συρφωνίας
791 1781 906 1854 μεθ’
1011 1783 1157 1850 ἡμῶν
1259 1779 1566 1852 ἑορταζόντα

1838 1778 2056 1834 nnam?
2077 1779 2554 1836 Conversationis
2581 1780 2699 1845 Dei,
2720 1780 3012 1835 societatis
3039 1779 3391 1848 angelorum

11 1867 233 1918 τάντων
287 1873 387 1919 τῶν
439 1867 745 1936 καλλίστων,
807 1873 909 1922 ὅσα
951 1866 1018 1929 δὴ
1074 1877 1184 1932 τοῖς
1237 1872 1491 1930 τοιούτοις
1559 1889 1564 1921 ι

1840 1867 2060 1922 hiscum
2093 1869 2456 1934 canentium,
2490 1874 2813 1924 concentus
2842 1867 3253 1939 apostolorum
3283 1868 3393 1923 hu-

11 1953 218 2007 ·αὗτόν
244 1955 385 2014 ἣκειν
415 1957 440 2007 ό
469 1962 811 2029 πνευματικός
832 1955 920 2011 οἶδ
924 1977 945 2012 ε
981 1957 1150 2030 λόγος.

1838 1993 1839 2003 η
1871 1959 2088 2012 nostrae
2143 1956 2470 2012 festivitatis
2523 1961 2754 2028 partem
2789 1956 3204 2012 '~~ambientium
3232 1975 3244 2020 ;
3273 1971 3391 2012 uno

11 2043 216 2100 rerbo
252 2045 616 2118 optimorum
653 2060 1036 2121 quorumque
1068 2046 1500 2104 charismatum
1534 2061 1671 2119 quae
1695 2043 1757 2101 in
1783 2043 1999 2101 talibus
2019 2045 2364 2116 contingere
2387 2049 2552 2102 novit
2586 2061 2756 2102 mens
2815 2045 3214 2119 spiritualium
3259 2050 3388 2101 stu-

9 2133 224 2192 liosa.

83 2246 202 2295 Καὶ
234 2242 315 2294 ἵνα
341 2245 493 2315 τίμὴ
530 2246 867 2316 μακρότερον,
904 2244 1026 2305 ἰσως
1068 2243 1128 2295 ἆν
1187 2244 1322 2296 εἴποι
1368 2263 1468 2307 τις,
1543 2244 1630 2293 καὶ

1834 2241 1923 2298 ἰθᾱ
1953 2241 2101 2298 forte
2130 2241 2266 2316 quis
2293 2242 2491 2299 adhuc
2517 2247 2749 2316 quaerat
2774 2259 2962 2316 quare
2990 2258 3111 2299 non
3143 2241 3387 2310 diutius,

9 2327 115 2383 ΐιὰ
150 2334 362 2399 παντός,
397 2333 534 2407 εἰπερ
568 2330 770 2404 ἐφικτόν
836 2335 919 2403 ἦν,
978 2340 1068 2385 τοῦ
1123 2331 1244 2406 βίου
1297 2341 1396 2384 τῶν
1460 2330 1558 2384 καλ

1836 2346 1858 2386 1
1874 2347 2134 2403 semper,
2154 2331 2315 2388 hisce
2336 2332 2468 2388 vitae
2486 2331 2660 2388 bonis
2685 2332 3100 2402 gaudebimus,
3127 2339 3389 2387 coarcta-

9 2414 192 2472 ·ῶνδε
227 2419 518 2493 μεθέξομεν,
582 2427 1045 2495 στενοχωρήσομεν
1093 2417 1143 2474 δ’
1201 2420 1248 2473 ἐν
1298 2423 1430 2474 οὕτω
1492 2420 1560 2497 βρ

1831 2436 1936 2476 nus
1985 2425 2194 2478 autem
2256 2420 2498 2476 brevius
2525 2421 2852 2476 festivitatis
2875 2426 3130 2492 tempus,
3205 2419 3384 2493 quasi

7 2515 106 2581 ίεῖ
141 2513 319 2582 χρόνῳ
355 2511 442 2561 τόν
468 2518 564 2572 τῆς
589 2509 769 2583 ἑορτῆς
816 2516 1032 2585 χρόνον,
1091 2511 1386 2582 φθονοῦντες
1447 2509 1560 2562 ὣσπ

1832 2509 2141 2582 smetipsos
2170 2509 2518 2567 fraudantes
2542 2509 2843 2566 uberrima
2867 2509 3190 2581 voluptate.
3227 2513 3309 2564 Ita
3330 2513 3385 2565 et

13 2605 223 2659 αυτοῖς
292 2607 384 2660 τῆς
464 2597 694 2662 πλείονος
773 2597 1319 2668 ἁπολαυσεως;Τοῦτ⁹
1413 2596 1566 2671 οῖδαμ

1834 2615 1846 2652 ς
1871 2598 2294 2664 sentiebamus,
2310 2603 2366 2654 et
2386 2615 2545 2671 saepe
2568 2598 2988 2655 solemnitatem
3006 2598 3062 2653 in
3087 2597 3387 2667 longiores

7 2691 110 2740 ιαὶ
142 2689 312 2761 ἡμεῖς,
354 2692 442 2740 καὶ
479 2707 539 2759 γε
590 2691 684 2746 τὴν
736 2691 1026 2762 πανῆγυριν
1087 2687 1132 2749 ἐς
1183 2693 1441 2761 μήκιστον
1494 2690 1560 2741 ait:

1833 2687 2079 2743 ltrahere
2093 2703 2294 2744 moras
2321 2687 2717 2758 cogitavimus
2743 2706 2756 2756 ;
2781 2687 3160 2760 pepercimus
3185 2690 3386 2742 autem

5 2785 190 2831 πεῖναι
241 2776 400 2840 πολύς
443 2779 567 2850 ἡμῖν
624 2780 818 2849 εγὲνετο
899 2777 1171 2850 λογισμός,
1257 2779 1558 2850 καθυφήκαρ

1834 2775 2081 2844 gratiam
2110 2775 2458 2845 multorum,
2494 2782 2555 2832 ut
2594 2776 3044 2832 scilicetomnes
3067 2775 3245 2848 quasi
3269 2790 3387 2830 uno

5 2865 55 2920 Γ
98 2866 258 2926 αὖθις
286 2874 384 2918 τῶν
407 2865 605 2918 πολλῶν
642 2868 828 2942 χάριν,
868 2869 934 2929 ὡς
991 2866 1051 2917 ἂν
1110 2863 1178 2924 δὴ
1238 2869 1440 2929 πάντες,
1503 2870 1558 2919 ῖσ

1833 2865 2070 2939 lemque
2097 2865 2202 2922 zeli
2239 2866 2468 2922 fervore
2517 2865 2965 2923 inflammantur
3021 2873 3078 2921 et
3121 2864 3386 2937 idipsum

5 2960 219 3010 lus-avsi
274 2962 368 3018 τῆς
413 2956 709 3029 προθυμίας
784 2954 1078 3028 ἐξημμένοι,
1163 2960 1252 3007 καὶ
1333 2955 1558 3008 εἰσοίσου

1832 2955 1992 3011 ιιὶειηι
2017 2961 2072 3011 et
2101 2955 2184 3011 sic
2216 2955 2447 3011 facilius
2470 2955 2731 3025 unalege
2753 2956 3105 3025 dirigantur.
3139 2955 3194 3010 Si
3225 2953 3385 3010 enim

5 3045 138 3099 car'
186 3048 320 3111 ἴσον,
371 3052 464 3098 τοῦ
519 3045 719 3119 ῥᾴστου
776 3049 912 3097 πᾶσι
990 3046 1472 3117 νενομοθετημένου.

1832 3047 2032 3099 )rteret
2062 3042 2371 3100 thesauros
2402 3043 2713 3100 exhaurire
2745 3048 2847 3100 aut
2905 3043 3106 3098 subire
3146 3041 3385 3099 labores

3 3139 110 3189 is»
175 3136 277 3206 γὰρ
315 3135 606 3206 χρημάτων
657 3135 953 3206 θησαυρούς
1003 3141 1176 3187 κενοῦν
1239 3129 1347 3187 ἔδει
1426 3135 1456 3192 ἧ
1534 3153 1556 3186 τ

1831 3133 1953 3188 ιὺυιιι
1975 3148 2212 3204 ωδεοω
2232 3133 2385 3207 vires
2406 3132 2765 3190 adhibendus
2794 3133 2988 3188 forent
3029 3131 3107 3187 ab
3155 3147 3225 3187 eo
3283 3130 3384 3203 qui

3 3243 141 3283 ρους
169 3222 482 3297 ἀνῃρῆσθαι,
517 3222 746 3296 μεγάλης
776 3220 841 3282 δὴ
875 3241 1012 3284 τινος
1085 3222 1280 3294 ἰσχύος
1333 3223 1477 3297 ἔργα,
1534 3242 1556 3275 τ

1851 3224 1964 3278 hoc
1989 3223 2187 3295 impar
2206 3222 2531 3278 exsisteret.
2550 3237 2610 3276 se
2634 3236 2754 3276 non
2776 3237 2952 3293 posse
2961 3221 3118 3291 juste
3133 3220 3226 3276 ille
3242 3235 3385 3291 que-

3 3314 246 3374 ξνούσης
306 3319 498 3386 μικρᾶς
546 3316 730 3381 οὔσης,
780 3310 1043 3376 ἐξέκλιναν
1096 3311 1156 3364 ἂν
1217 3331 1296 3375 τις
1340 3315 1488 3376 ἴσως,

1830 3315 1976 3367 etur.
2005 3293 2156 3367 Nihil
2185 3315 2384 3367 autem
2423 3309 2641 3366 horum
2681 3308 3074 3377 aceidit;sed,
3125 3313 3189 3366 ut
3237 3307 3383 3366 dixi-

3 3407 76 3463 εὴ
151 3397 476 3462 δεδυνῆσθαι
541 3406 800 3476 πρόφασιν
848 3401 1002 3474 έχων·
1064 3408 1150 3453 νῦν
1206 3398 1256 3455 δ’
1306 3397 1455 3454 οὐδὲν
1523 3420 1552 3453 τ

1828 3416 1889 3469 IS,
1908 3399 2361 3466 benedictionis,
2381 3403 2722 3471 sanctasque
2735 3398 2948 3456 laetitiae
2965 3403 3020 3455 et
3035 3396 3381 3467 refulgentis

3 3494 288 3547 ·οιούτων·
355 3490 462 3544 ἀλλ’
516 3495 636 3564 ὅπερ
692 3491 894 3566 ἔφημεν,
947 3489 1214 3563 ἀγιασμοῦ
1269 3495 1358 3542 καὶ
1423 3509 1555 3563 τρυφ

1830 3489 2124 3546 emnitatis
2189 3505 2311 3545 uno
2351 3488 2724 3563 proponitur,
2787 3504 2923 3561 quae
2972 3488 3024 3546 si
3069 3487 3383 3558 negligan-

3 3586 277 3638 ιετουσία
330 3586 419 3634 καὶ
473 3577 700 3654 φαιδρᾶς
773 3582 1130 3652 πανηγύρεως,
1187 3576 1247 3642 ἧς
1302 3577 1556 3653 ἀπολειφθῑ

1830 3620 1846 3648 ,
1871 3579 2108 3648 signum
2126 3583 2213 3634 est
2233 3593 2353 3635 non
2377 3577 2560 3634 modo
2587 3576 2874 3648 segnitiae,
2903 3575 3012 3633 sed
3051 3576 3230 3634 etiam
3250 3589 3383 3632 sen-

3 3692 92 3726 ..κι
133 3675 207 3743 μὴ
233 3671 310 3724 ὃτι
337 3689 396 3743 γε
423 3671 706 3746 ῥᾳθυμίας,
771 3667 878 3722 ἀλλ’
930 3665 1046 3722 οὐδ’
1092 3668 1386 3731 αἰσθήσεως
1445 3670 1556 3740 ύγιο

1834 3703 1836 3716 ι
1859 3667 2233 3732 minusrecti,
2262 3673 2319 3722 et
2337 3666 2690 3738 ignorantiae
2703 3681 2911 3723 eorum
2925 3664 3148 3739 quibus
3161 3663 3240 3722 ad
3255 3681 3387 3737 per-

3 3757 136 3815 uia”
168 3755 234 3812 αὖ
265 3756 462 3821 εἰδότος
482 3760 532 3813 ἐν
565 3762 642 3823 οἷς
693 3758 834 3812 ἔστιν
883 3757 1080 3821 ἀπόνως
1139 3761 1270 3831 μετὰ
1313 3765 1404 3811 τοῦ
1461 3757 1556 3811 καλ

1834 3756 2044 3813 tionem
2083 3755 2311 3829 absque
2342 3755 2546 3812 labore
2587 3754 2947 3829 pervenitur.
2995 3755 3168 3822 Quod
3209 3755 3279 3825 si,
3326 3760 3387 3813 ut

3 3852 309 3924 ρίγυεσθαι.
343 3855 527 3904 Καίτοι
550 3869 610 3922 γε
637 3854 747 3917 καὶ,
796 3853 962 3903 πόνων
1026 3851 1164 3922 εἰπερ
1224 3844 1331 3902 ἔδει
1383 3852 1472 3901 καὶ
1532 3867 1556 3901 ο

1824 3849 1885 3901 te
1914 3849 2184 3917 apparet,
2218 3844 2492 3901 laborum
2524 3843 2905 3916 suscipienda
2934 3842 3377 3912 estmultitudo,

3 3949 165 4014 ςνῶν
204 3942 470 4012 καμάτῶι·,
497 3941 624 4016 ύπερ
655 3944 792 4001 τίνος
857 3937 916 3991 ἂν
965 3937 1155 4012 μᾶλλον
1210 3933 1533 4011 δικαιότερον

1827 3933 1974 4007 quid
1995 3933 2210 4005 potiori
2230 3933 2364 4004 jure
2390 3938 2445 3990 et
2465 3933 2866 4005 quaestuosius
2893 3931 3030 4004 quis
3050 3929 3379 4000 insudabit,

3 4036 104 4084 ιαὶ
163 4027 574 4105 λυσιτελέστερόν
621 4047 699 4091 τις
757 4024 1054 4103 ἐνίδρωσεν,
1117 4031 1146 4086 ἣ
1205 4025 1252 4079 ἄν
1337 4022 1474 4098 τῷδε
1529 4045 1556 4078 κ

1826 4041 1918 4080 nm
1958 4025 2037 4081 ad
2065 4025 2180 4081 hoc
2209 4025 2269 4080 in
2297 4041 2420 4097 quo
2438 4039 2672 4078 summe
2729 4023 2995 4095 proliciet
3047 4021 3379 4080 secundum

3 4124 149 4194 νπὲρ
218 4119 243 4170 ὃ
298 4123 490 4192 πέφυκε
567 4119 849 4194 προθύμως
927 4115 1454 4190 ἕπεκτεινόμενος;Εἰ
1518 4136 1550 4188 γ

1830 4113 1897 4170 )(1
1923 4113 2090 4169 nisus
2120 4113 2295 4170 fuerit
2323 4112 2448 4169 zelo
2496 4119 2551 4168 et
2598 4110 2996 4167 contentione.
3061 4111 3284 4167 Etenim
3335 4113 3383 4168 si

3 4214 108 4264 εαὶ
163 4217 359 4282 μικρῶν
408 4209 566 4261 ἕνεκεν
631 4212 720 4260 καὶ
774 4205 975 4279 φαύλων
1041 4209 1182 4261 ἔστιν
1238 4208 1319 4259 ὅτέ
1373 4224 1556 4278 πραγμ

1825 4199 2033 4257 osdam
2056 4200 2392 4257 videmusin
2417 4200 2662 4255 minimis
2675 4199 3102 4272 vilioribusque
3125 4200 3378 4272 negotiis

3 4308 120 4354 τῶν
153 4293 580 4370 ὖπερμοχεῦντας
619 4293 852 4349 κατιδεῖν
911 4315 1051 4350 εστιν
1117 4295 1306 4365 ἐνίους,
1363 4299 1455 4347 καὶ
1511 4294 1556 4346 κ]

1828 4305 1911 4346 ira
1943 4289 2192 4346 modum
2219 4289 2549 4345 voluntarie
2598 4292 2906 4360 patientes,
2963 4287 3186 4360 quibus
3244 4306 3381 4362 spes

3 4406 140 4442 στει
167 4389 225 4439 τό
255 4383 442 4438 δοκοῦν
467 4381 649 4460 κέρδος
678 4393 774 4447 τῆς
835 4384 1182 4461 ταλαιπωρίας
1220 4390 1315 4443 τὴν
1371 4385 1556 4442 αἱσθηε

1828 4380 1873 4436 ri
1889 4395 2134 4435 sensum
2157 4379 2452 4435 maestitiae
2466 4384 2521 4433 et
2548 4377 3016 4449 pinnamlaboris
3053 4378 3229 4449 quasi
3250 4395 3381 4435 om-

3 4480 175 4536 τοίας
200 4472 327 4545 ούχὶ
353 4473 590 4547 μέμψεως
615 4473 774 4536 ἄξιοι,
817 4473 905 4534 οὓς
947 4477 1005 4525 τό
1065 4477 1135 4545 μὴ
1193 4473 1407 4532 θελῆσαι
1469 4477 1556 4546 μόν

1826 4482 1875 4523 ιο
1895 4467 2055 4538 lenit,
2087 4483 2210 4540 qua
2246 4482 2367 4523 non
2391 4466 3006 4538 eruntvituperatione
3021 4465 3379 4537 digui,quos

3 4571 64 4621 τὸ
101 4570 202 4620 τῆς
230 4564 562 4637 πανηγύρεως
589 4561 825 4637 λαμπρόν
855 4563 1117 4633 ἐζημίωσε
1150 4577 1163 4628 ;

1830 4557 1943 4612 ξείίι
1967 4557 2098 4612 sola
2128 4555 2406 4612 voluntas
2436 4571 2782 4628 repugnans
2836 4554 3061 4610 festivae
3101 4553 3383 4610 solemni-

1649 4646 1693 4700 D
1733 4646 1834 4702 tati
1860 4645 1871 4700 !

89 4763 199 4812 Καὶ
230 4758 290 4810 οῦ
318 4765 471 4811 τοῦτο
494 4757 626 4830 λέγω
663 4753 868 4830 μηδένα
891 4761 962 4830 μὴ
998 4753 1107 4810 δεῖν
1139 4753 1240 4809 ἀπὸ
1293 4757 1466 4818 πάσης
1524 4765 1620 4817 τῆς

1832 4757 1868 4810 ιι
1908 4768 2026 4809 non
2050 4768 2299 4826 possum
2328 4752 2474 4824 quin
2527 4751 2724 4808 dicam
2762 4765 3187 4823 quemcunque
3229 4765 3385 4804 cras-

3 4853 209 4925 ἑορτῆς
259 4845 312 4899 ἐκ
364 4849 498 4899 πάνυ
563 4867 614 4899 τι
667 4851 873 4899 πίπτειν
964 4846 1202 4920 ῥᾳθύμου
1258 4845 1468 4917 ψυχῆς,
1541 4849 1556 4898 ἑ

1831 4843 1985 4898 simae
2015 4841 2271 4911 ignaviae
2310 4847 2516 4898 notam
2570 4841 2788 4896 animae
2829 4857 2952 4894 suae
2992 4838 3246 4903 inurere,
3278 4837 3384 4908 qui

3 4933 155 5007 μηδ’
187 4937 333 5007 οἶμαί
357 4955 474 4988 τινα
527 4943 628 4988 τῶν
690 4935 927 4987 ἁπάντων
995 4932 1041 4996 ἐς
1100 4941 1346 4987 τοσοῦτον
1393 4933 1556 5007 ἀγνωρ

1827 4947 1918 4986 um
1941 4930 2266 4988 festivitatis
2278 4947 2520 4986 cursum
2544 4945 2664 4985 non
2686 4927 3048 4994 celebraret;
3079 4926 3380 4980 neminem

3 5032 185 5084 σύνης
232 5024 408 5095 ἐλθεῖν,
467 5019 566 5076 ούδ
620 5023 685 5075 αὖ
739 5024 913 5097 ὥσπερ
961 5021 1009 5074 ἓν
1051 5027 1322 5096 νεκρότητι
1371 5022 1466 5095 ζῇν
1537 5043 1556 5075 ο

1834 5020 2241 5091 mjudicarem
2267 5019 2536 5075 omnium
2562 5022 2826 5072 vestrum
2851 5022 3027 5070 tantae
3049 5029 3178 5069 esse
3195 5012 3381 5068 insul-

3 5116 234 5192 ρεῖσθαι
283 5119 373 5166 καὶ
438 5113 762 5173 ἀναισθήτως
811 5111 954 5182 ἒχειν
1031 5115 1156 5187 πρὸς
1243 5111 1382 5174 ἅπας
1448 5111 1556 5166 καλε

1826 5112 1938 5176 itis,
1970 5113 2138 5165 tanta
2166 5108 2328 5165 vitali
2368 5107 2709 5164 fortitudine
2737 5119 2938 5160 carere
2962 5119 3086 5176 qua
3103 5102 3179 5158 ad
3200 5117 3379 5158 omne

3 5203 151 5259 ὥσθ’
185 5203 304 5262 ἃην
326 5202 426 5255 ἀπὸ
480 5204 676 5274 νάρκης
731 5206 821 5254 καὶ
885 5201 1160 5263 παντελοῦς
1218 5200 1496 5264 ἀκινησίας
1530 5222 1556 5274 φ

1828 5215 1964 5255 num
1993 5198 2190 5254 vivide
2212 5212 2546 5258 movemur,
2589 5201 2653 5250 ut
2690 5199 2932 5267 propter
2970 5198 3272 5264 torporem
3327 5199 3381 5248 et

3 5301 130 5369 γεῐν
161 5297 250 5350 τὴν
288 5297 598 5366 πανήγυριν·
654 5289 782 5343 ἀλλά
835 5294 892 5343 τὸ
951 5297 1022 5364 μὴ
1084 5287 1178 5343 διὰ
1231 5293 1404 5353 πάσης
1460 5292 1515 5360 ᾖ,

1831 5289 1980 5345 niam
2016 5288 2230 5360 quietis
2267 5285 2564 5342 insaniam
2595 5299 2840 5340 omnem
2880 5283 3260 5339 festivitatem
3285 5297 3384 5338 ne-

3 5404 67 5458 γε
129 5377 392 5454 δεύτερον,
446 5387 516 5453 μὴ
580 5377 673 5433 διὰ
697 5387 793 5441 τῆς
837 5379 1064 5442 πλείονος
1121 5381 1326 5433 ἱκέσθαι
1397 5375 1556 5432 σπουό

1833 5381 2302 5449 geretzprassens
2330 5375 2530 5446 itaque
2555 5373 2862 5428 decretum
2920 5370 3036 5426 huc
3092 5369 3281 5426 tendit
3321 5374 3386 5426 ut

3 5491 141 5539 σαι,
168 5472 307 5523 τοῦτ’
331 5469 380 5523 έν
409 5469 556 5541 αἰτίᾳ
584 5474 693 5533 καὶ,
753 5471 820 5528 ὡς
875 5469 1108 5542 ἔγκλημα
1153 5477 1246 5522 τοῦ
1293 5468 1477 5522 λοιποῦ
1521 5488 1556 5522 τι

1832 5471 1989 5523 scant
2017 5465 2240 5535 ignavi,
2269 5463 2436 5536 quod
2464 5463 2509 5517 si
2544 5477 2665 5518 non
2685 5460 2787 5518 toti
2809 5460 3385 5516 studeantinteresse

3 5565 388 5619 κατοκνήσασι
416 5560 694 5632 γίγνεσθαι
738 5562 797 5611 τὸ
854 5563 1018 5634 παρόν
1073 5558 1317 5631 βούλεται
1358 5558 1556 5632 ψήφισρ

1833 5561 1887 5612 to
1909 5554 2226 5611 velsaltem
2240 5553 2289 5623 ej
2301 5569 2368 5608 us
2382 5550 2592 5621 majori
2609 5550 2908 5623 parti,hoc
2927 5548 3036 5603 illis
3065 5548 3126 5603 in
3157 5547 3386 5602 crimen

3 5653 185 5722 Τάχα
211 5645 270 5702 δὲ
311 5653 398 5701 καὶ
459 5647 814 5720 ἀγανάκτησιν
880 5645 1279 5714 ἑπανατείνεται,
1337 5647 1444 5719 οὐχ
1494 5647 1556 5706 ἣτ

1837 5661 1874 5701 n
1904 5641 2350 5701 accusationem
2394 5644 2745 5698 caeterorum
2791 5643 3069 5695 vertetur.
3118 5638 3193 5692 Eo
3255 5636 3387 5708 ipso

8 5739 94 5799 δὴ
167 5746 389 5809 τούτοις,
445 5739 473 5797 ἣ
523 5744 628 5798 τοῖς
683 5735 767 5790 ἐπὶ
809 5739 863 5792 τὸ
945 5733 1148 5791 δεῖπνον
1221 5738 1269 5789 ἓν
1345 5736 1559 5810 εύαγγελ

1832 5736 1904 5792 im
1924 5733 2196 5792 divinam
2213 5728 3017 5801 incurruntindignalionem
3034 5742 3158 5786 non
3181 5725 3385 5784 minus
