3934 6322
11 370 168 422 .525

11 490 190 544 ιλλωι
212 490 380 546 δοκεῖν
412 494 819 566 μεναλαγχάνειν
859 517 871 528 ·

11 580 204 653 πολλῷ
251 588 555 658 τιμιωτέρου
607 592 698 636 τοῦ
784 589 1090 657 γιγνομένου
1169 582 1410 660 κέρδους,
1496 581 1631 652 ἄλλῳ

11 675 123 722 έινὶ
200 691 616 747 παραχωρησεις
669 676 958 746 ἔμπροσθεν
1017 673 1474 747 καταλαμϐάνειν;
1543 675 1628 730 Μὴ

11 761 77 810 τύ
139 779 211 830 ’γε
256 763 476 829 πάντως,
525 764 552 814 ό
606 762 838 834 φιλόθεος
882 768 971 814 καὶ
1018 763 1300 836 φιλέορτος,
1360 767 1449 815 καὶ
1533 769 1631 814 τῶν

11 847 202 900 ιαλῶν
258 848 556 921 ἐπιγνώμων
592 872 604 884 ο
664 850 790 921 ἀλλ’,
857 851 904 904 ἐν
960 852 1207 910 αἰσθήσει
1289 859 1388 904 τῶν
1444 854 1632 924 παρόν-

11 955 117 988 των
162 942 450 1010 γενόμενος,
482 959 652 1011 ταχυς
680 943 866 994 σύνεσο
905 947 1010 1002 τοῖς
1041 941 1376 1014 τελουμένοις.

83 1121 216 1167 Νῦν
239 1122 381 1176 κοινὴ
409 1123 702 1193 πανήγυρις
731 1119 1046 1194 ἐπουρανίων
1097 1126 1187 1172 καὶ
1222 1128 1322 1172 τῶν
1375 1118 1630 1191 ἐπιγείων.

11 1210 134 1255 Νῦν
172 1206 363 1258 ἄνωθεν
401 1205 611 1278 ἄγγελοι
683 1213 946 1286 κατιόντες
992 1208 1102 1281 μεθ’
1157 1211 1302 1284 ημῶν
1357 1213 1633 1282 μίγνυνται

11 1312 124 1344 των
154 1292 437 1368 ἀνθρώπων
480 1318 492 1328 ·
530 1304 618 1348 νῦν
649 1298 913 1374 ἄνθρωποί
937 1289 1258 1370 ’προσιόντες
1306 1298 1378 1358 εἰς
1428 1279 1634 1354 -ταυτόν

11 1385 234 1440 ἦκόυσι
260 1390 364 1444 τοῖς
395 1383 652 1456 ἀγγέλοις,
686 1391 774 1438 καὶ
812 1393 937 1458 μιᾶς
969 1383 1037 1444 δὴ
1095 1407 1232 1449 τινος
1284 1389 1349 1446 ὡς
1397 1384 1480 1438 ἐπὶ
1538 1407 1634 1458 χο-

11 1475 181 1533 οείας
216 1471 264 1524 ἔν
328 1469 526 1542 ᾄδουσι
582 1474 752 1546 μέλος,
834 1479 929 1533 τὴν
1008 1477 1266 1547 Παρθένον
1337 1477 1628 1547 ὑμνοῦντες.

11 1566 139 1612 Νῦν
208 1565 297 1613 καὶ
350 1565 600 1635 Χριστός,
640 1567 798 1635 μέσον
859 1572 958 1615 τῶν
1026 1564 1370 1638 ἑορταζόντων
1429 1568 1634 1636 γενόμε-

11 1667 131 1718 νος,
175 1646 244 1700 ὦν
272 1647 421 1702 οὐδέν
460 1651 554 1703 οῦκ
613 1655 751 1704 ἔστιν
803 1653 1044 1725 οὐμενοῦν
1091 1657 1247 1705 εἰπεῖν
1306 1647 1636 1724 μεῖζον,ἐῦ-

11 1737 236 1808 λογίαις
263 1736 528 1810 ἀμείϐεται
587 1759 680 1799 την
748 1743 1019 1814 Παρθένον.
1075 1749 1182 1794 Νῦν
1229 1742 1386 1802 αὐτὸς
1441 1743 1466 1793 ό
1506 1745 1637 1804 Θεὸς

1098 373 1189 427 DE
1209 369 1428 426 FESTO
1489 365 1940 422 DOBMITIONIS
1973 365 2027 419 S.
2077 364 2314 418 MARl/E

926 503 1014 547 νῦν
1073 493 1132 548 δὲ
1191 503 1436 548 τοσοῦτον
1494 496 1633 548 ὄντος

1814 504 1886 543 .os
1913 487 2142 559 primus
2164 486 2380 557 gestias
2404 485 2464 539 in
2490 485 2722 554 partem
2752 477 2881 547 ejus
2937 473 3159 541 venire,
3220 489 3397 529 num.

3251 352 3387 405 1526

1740 580 1884 652 quid
1907 595 2066 634 nunc
2091 578 2220 634 aliis
2247 577 2505 632 dimittes
2526 576 2761 627 tantum
2793 567 3051 622 fructum
3108 565 3395 620 omnibus

1740 669 1917 737 longe
1966 668 2464 740 praestantiorem,
2520 659 2830 730 negligens
2880 655 3050 710 illum
3093 653 3392 725 imprimis

1741 758 2001 814 lucrari?
2039 760 2435 830 Nequaquam
2467 752 2548 806 ita
2574 751 2668 814 sit,
2691 763 2727 803 o
2753 744 3074 819 philothee,
3106 742 3206 816 qui
3230 742 3393 798 festis

1741 846 2055 904 delectaris
2076 851 2133 902 et
2162 845 2462 901 bonorum
2493 838 2719 911 probus
2745 851 2808 891 es
2838 832 3057 889 arbiter
3087 849 3100 898 ;
3125 830 3234 886 sed
3255 845 3393 885 cum

1742 951 1986 990 sensum
2019 934 2244 990 habeas
2265 928 2668 1004 praesentium,
2692 924 2989 980 bonorum
3019 920 3271 992 impigre
3302 934 3394 975 as-

1742 1025 1913 1082 sistas
1946 1021 2420 1079 solemnitatibus
2433 1064 2446 1076 .

1813 1119 1976 1170 Nunc
2007 1113 2165 1169 enim
2197 1110 2481 1168 festivitas
2497 1106 2665 1162 adest
2713 1099 3051 1159 communis
3100 1097 3392 1154 caelitibus

1742 1208 1798 1260 ct
1825 1202 2219 1278 terrestribus.
2244 1204 2408 1257 Nunc
2437 1195 2632 1272 angeli
2652 1194 2814 1250 ciues
2843 1189 3087 1262 superni
3104 1188 3180 1244 de
3227 1186 3392 1242 ccelis

1742 1291 2170 1352 descendentes
2200 1290 2524 1346 miscentur
2544 1283 2719 1340 nobis
2745 1278 3094 1338 hominibus
3157 1293 3171 1332 :
3227 1290 3392 1332 nunc

1743 1382 2017 1438 homines
2055 1379 2444 1454 ascendentes
2505 1370 2733 1442 angelis
2790 1373 3132 1434 occurrunt,
3200 1370 3264 1421 ut
3329 1364 3392 1419 in

1743 1484 1934 1525 unum
1954 1469 2204 1524 chorum
2234 1463 2500 1528 adunati,
2535 1459 2786 1516 melodis
2807 1455 3057 1512 vocibus
3087 1457 3386 1524 canentes,

1740 1558 1952 1626 laudes
1965 1558 2169 1618 dicant
2181 1555 2456 1624 Virginis.
2484 1555 2646 1607 Nunc
2664 1548 2843 1603 etiam
2873 1545 3137 1601 Christus
3154 1542 3391 1598 medius

1743 1645 1893 1703 inter
1919 1647 2134 1702 festum
2160 1645 2529 1700 celebrantes
2551 1636 2832 1695 laudibus
2852 1632 3073 1706 quibus
3099 1630 3246 1687 nihil
3263 1646 3392 1686 ma-

1743 1736 2118 1808 gniﬂcentius
2147 1733 2263 1788 dici
2290 1735 2506 1805 potest,
2537 1730 2729 1781 vicem
2749 1722 2964 1792 Virgini
2992 1720 3202 1776 reddit.
3228 1722 3392 1775 Nunc

11 1829 252 1886 επιστὰς
315 1832 407 1885 τὴν
454 1833 656 1899 μητέρα
718 1831 1100 1902 μετακαλεῖται,
1152 1835 1241 1881 καὶ
1310 1835 1404 1887 τὴν
1469 1851 1633 1883 πανα-

1814 1841 1870 1880 se
1901 1828 2054 1880 Deus
2094 1839 2125 1878 e
2163 1821 2313 1876 coelo
2371 1815 2797 1889 superveniens
2842 1814 3081 1868 Matrem
3130 1812 3395 1865 revocau

11 1919 154 2012 {iam
214 1918 406 2012 ταύτης
460 1917 646 1989 ψυχὴν
699 1917 747 1970 ἐν
795 1927 905 1981 τοῖς
956 1919 1166 1981 κόλποις
1231 1916 1632 1991 ὑποδεξάμενος,

12 2021 90 2063 εις
169 2003 414 2076 οὐρανοὺς
457 2004 714 2079 ἀναφέρει,
782 2011 1187 2082 προπεμπόντων
1246 2007 1471 2080 ἀγγέλων
1546 2011 1636 2060 καὶ

11 2096 121 2153 τὰς
148 2092 373 2155 αἰνέσας
426 2094 777 2167 πληροῦντων.
833 2104 940 2149 Νῦν
1002 2099 1030 2154 ἡ
1096 2079 1348 2172 [Ιαρθένοῖς
1413 2102 1502 2148 καὶ
1561 2079 1632 2167 τῷ

11 2200 237 2253 σωματι
287 2185 600 2255 μεθίσταται
657 2189 746 2250 μὲν
804 2189 971 2258 ἡμῶν,
1035 2187 1128 2239 οὐκ
1188 2186 1473 2258 ἀφίσταται
1549 2183 1632 2240 δὲ,

11 2278 240 2344 Ρρουρεί
271 2268 321 2322 δ’
361 2271 554 2326 ἄνωθεν
626 2273 984 2328 ἒποπτεύουσα
1040 2272 1136 2350 δή
1169 2277 1504 2350 «inbuet;qu
1553 2273 1636 2330 δεῖ

11 2363 109 2409 καὶ
177 2361 338 2432 ἡμᾶς,
396 2370 496 2413 τῶν
560 2362 722 2414 ἄλλων
775 2366 978 2428 παντων
1073 2362 1372 2437 ἀφεμένους,

11 2461 178 2510 ολους
235 2458 328 2510 τῆς
379 2461 560 2522 εορτῆς
614 2454 876 2522 ¹γενέσθαι,
969 2453 1342 2526 εὐφημοῦντας,
1415 2451 1634 2523 ψάλλον-

11 2557 138 2598 τας,
209 2538 673 2612 εὐχαριστοῦντας,
720 2543 874 2594 πάνθ’
929 2542 1028 2595 ὃσα
1086 2546 1209 2618 πρὸς
1275 2547 1430 2615 χρέος
1509 2544 1634 2614 ημῖν

11 2629 144 2683 ἣκει
171 2630 308 2679 κατὰ
362 2631 419 2679 τό
472 2626 693 2681 δυνατὸν
740 2633 1078 2703 πληροῦντας.
1153 2637 1251 2684 Καὶ
1306 2639 1431 2702 γοῦν
1471 2631 1632 2693 οὕτως

11 2734 198 2767 ισται.

1470 2364 1634 2424 αὐτῆς

18 2892 73 2904 Ν
95 2810 170 2858 Σὺ
211 2804 282 2871 δ’,
326 2809 366 2859 ὧ
419 2817 555 2862 Θεοῦ
619 2819 802 2885 μῆτερ,
849 2812 1066 2884 εῦμένῶς
1136 2807 1324 2883 δέχου,
1385 2817 1474 2864 καὶ
1531 2820 1636 2873 τοῖς

12 2895 73 2996 ἓξ
121 2897 624 2996 ἔθουςλοίκτιρμοῖς
679 2905 951 2975 χρωμένη,
1006 2905 1156 2974 τρέπε
1242 2905 1331 2974 μὲν
1410 2901 1630 2974 ἐχθροὺς

14 2984 238 3055 ἀφανῶς
285 2984 592 3058 βάλλοντας,
651 2992 785 3042 ὥστε
832 2986 998 3060 μηδὲν
1061 2991 1196 3062 ἡμᾶς
1248 2990 1301 3053 ἐξ
1352 2989 1630 3052 ἐπιϐουλῆς

12 3072 204 3124 αὐτῶν
255 3072 515 3147 μηδαμῶς
578 3075 906 3149 βλάπτεσθαι
974 3101 985 3112 ·
1055 3084 1204 3152 τρέπε
1270 3077 1329 3132 δὲ
1397 3084 1519 3142 τοὺς
1579 3080 1628 3132 ἐν

14 3170 95 3231 τῷ
171 3172 371 3236 φανερῷ
434 3166 801 3238 πολεμοῦντας,
868 3173 957 3220 καὶ
1021 3165 1114 3220 διὰ
1177 3173 1363 3230 παντὸς
1430 3166 1631 3221 δείκνυε
1669 3191 1709 3245 C

16 3255 149 3303 κενὰ
205 3253 552 3316 σκευάζοντας
602 3261 692 3307 και
745 3256 1057 3328 μελετῶντας
1131 3259 1282 3310 πάνθ’
1359 3260 1460 3310 ὅσα
1532 3255 1630 3316 δη-

18 3344 202 3392 λονότι
231 3342 348 3394 καθ’
378 3344 523 3414 ἡμῶν
558 3347 880 3405 σκευάζουσι
923 3352 1013 3398 καὶ
1057 3346 1325 3419 μελετῶσι.
1394 3347 1633 3420 Σύντριϐε

15 3448 116 3480 και
145 3429 302 3492 τόξον
326 3437 428 3484 πᾶν
465 3434 581 3486 καθ’
613 3436 757 3506 ἡμῶν
805 3434 1159 3507 ἐντεινόμενον,
1228 3440 1307 3508 (1)
1373 3457 1463 3488 και
1509 3438 1632 3510 ῥομ-

21 3523 192 3588 φαίαν
263 3525 564 3593 κινουμένην
613 3521 696 3574 ἐπὶ
767 3528 886 3585 τοὺς
928 3532 1195 3586 κινοῦντας
1240 3531 1442 3599 στρέφε.
1505 3530 1634 3598 Πρό-

21 3611 197 3666 στηθι
246 3605 492 3672 διηνεκὴς
555 3617 854 3686 πρόμαχος,
907 3619 1002 3673 τὴν
1052 3620 1149 3673 σὴν
1192 3618 1463 3668 ἐκτείνασα
1509 3635 1634 3688 κρα-

21 3701 187 3750 ταιὰν
241 3697 420 3772 χεῖρα,
475 3721 564 3753 και
618 3701 774 3774 βάλλε
831 3705 972 3758 κάτω
1037 3705 1252 3777 κεφαλὰς
1341 3703 1631 3777 δυσμενῶν,

21 3787 147 3857 μεθ’
218 3787 349 3849 ὅσης
408 3797 503 3849 τῆς
562 3790 752 3860 ὕϐρεως
815 3792 936 3864 ὁρᾷς
1012 3795 1202 3845 ὁπόσον
1274 3793 1631 3863 ἐπαιρομένας

26 3871 181 3927 Ἰδού
217 3895 300 3927 σοι
324 3882 576 3952 πρόσιμεν
619 3882 770 3951 ἡμεῖς
821 3881 914 3932 οῦκ
965 3881 1040 3953 ἐφ’
1081 3883 1331 3953 οἰρμασιν,
1381 3879 1494 3934 οὐδ’
1553 3887 1634 3934 ῖπ-

25 3983 176 4029 ποις,
237 3962 354 4017 οὐδ’
419 3969 503 4019 επὶ
545 3969 781 4041 ῥομφαίᾳ
825 3989 914 4021 και
955 3970 1143 4035 τόξοις,
1200 3970 1276 4023 ἐπ’
1326 3968 1499 4023 οὐδενί
1537 3979 1635 4023 τὼν

24 4056 283 4105 τοιούτων
317 4056 513 4112 ἣκιστα
571 4057 872 4132 θαρροῦντες
905 4080 916 4091 ο
969 4063 1077 4111 ἐπεὶ
1129 4064 1217 4112 καὶ
1270 4062 1435 4132 μικρά
1468 4062 1638 4111 πάντα

27 4160 124 4193 και
147 4140 339 4213 φαῦλα,
379 4142 473 4195 κᾶν
501 4145 656 4198 ὁποῖά
691 4166 791 4212 τις,
852 4147 947 4198 κᾶν
996 4149 1168 4201 όπόσα
1227 4168 1307 4209 τις
1351 4152 1488 4206 εῖπη,
1547 4168 1637 4199 και

28 4231 106 4290 εἰς
172 4227 324 4284 οὐδὲν
385 4229 631 4306 οὐδαμῶς
687 4235 863 4307 ὄφελος
924 4243 1033 4298 τοῖς
1071 4241 1142 4309 μὴ
1203 4245 1319 4300 ταῖς
1383 4207 1512 4311 πρός
1581 4239 1636 4288 σὲ

29 4319 230 4390 μᾶλλον
266 4319 496 4395 στερραῖς
548 4324 722 4376 ἐλπίσι
793 4326 1277 4398 καθωπλισμένας.
1337 4327 1396 4378 ἂν
1489 4328 1636 4397 ἡμεῖς

30 4413 216 4470 πάσας
272 4413 357 4462 ἐπὶ
404 4413 462 4463 σε
517 4411 684 4474 καλῶς
734 4416 952 4485 θέμενοι,
1011 4421 1082 4487 μὴ
1133 4421 1374 4488 πέσοιμεν
1438 4414 1490 4477 ἐξ
1545 4414 1636 4466 αῦ-

33 4505 160 4562 τῶν,
194 4495 333 4568 μηδὲ
363 4505 635 4572 φανείημεν
665 4509 1103 4575 κατησχυμμένοι
1138 4526 1149 4537 ·

32 4594 254 4647 τοῦντας
314 4593 362 4640 ἐν
428 4596 581 4642 παντί
644 4597 820 4666 χρόνῳ
914 4591 1150 4668 φαιδρῶς
1247 4597 1640 4666 πανηγυρίζειν,

35 4694 129 4727 και
159 4674 320 4734 τήνδε
351 4682 446 4735 τὴν
513 4679 693 4752 ἑορτὴν
759 4680 1080 4734 ἀκατάλυτον
1138 4680 1266 4735 εἶναι
1318 4680 1478 4735 δίδου
1549 4679 1642 4734 διὰ

36 4771 231 4828 παντὸς
266 4769 472 4831 αἰῶνος,

1201 4501 1358 4557 δίδου
1406 4501 1464 4556 δὲ
1511 4523 1638 4575 κρα-

111 4947 194 5017 (1)
220 4948 674 5034 Respicitur‘P's.
706 4966 893 5034 arxlxw,
932 4953 1014 5016 14,
1043 4955 1136 5034 l5,
1157 4950 1434 5034 Ῥομφαίαν
1483 4952 1641 5002 ἐσπά-

43 5036 198 5084 σαντ,
249 5020 300 5071 οἰ
334 5020 660 5092 ἁμαρτωλοίο
710 5025 955 5074 ἐνέτειναν
998 5021 1145 5083 τόξον
1203 5020 1370 5073 acie»
1446 5065 1456 5075 .
1481 5064 1492 5075 .
1517 5063 1528 5075 .
1584 5027 1625 5072 Η

1743 1923 1800 1972 et
1836 1915 1966 1986 ejus
1996 1913 2379 1986 purissimam
2411 1905 2744 1977 suscipiens
2783 1902 3055 1958 animam
3085 1899 3145 1954 in
3173 1897 3392 1953 caelum

1744 1997 1950 2072 elevat,
1983 2001 2212 2076 angelis
2240 1996 2675 2064 deducentibus
2707 2008 2842 2048 eam
2894 1991 2955 2046 in
3012 1987 3391 2044 multitudine

1741 2083 2204 2154 iaudum..Nunc
2225 2090 2398 2158 Virgo
2438 2085 2616 2141 etiam
2636 2079 2869 2153 corpori
2884 2082 3090 2134 nostro
3113 2076 3390 2150 proxima

1743 2181 2116 2238 constituitur
2144 2199 2160 2250 ;
2187 2189 2498 2247 nunquam
2520 2172 2680 2227 enim
2713 2185 2824 2225 nos
2854 2166 3059 2230 oblita,
3109 2165 3184 2220 de
3239 2163 3388 2219 coelo

1741 2269 1998 2348 despicit
2016 2274 2072 2325 et
2092 2266 2351 2325 custodit
2378 2263 2440 2320 in
2492 2258 2728 2318 saecula.
2780 2259 2946 2312 Nunc
3003 2269 3142 2324 ergo
3217 2267 3391 2323 opor-

1743 2367 1820 2418 tet
1849 2341 1911 2417 ut
1957 2376 2092 2428 nos,
2144 2355 2370 2416 caeteris
2422 2349 2703 2414 omnibus
2741 2342 3176 2420 praetermissis,
3223 2341 3390 2397 omni

1742 2449 1927 2506 festivi
1938 2448 2035 2504 tati
2056 2427 2340 2501 interesse
2362 2440 2786 2499 acclamantes,
2805 2431 3144 2505 psallentes,
3169 2427 3391 2498 gratias

1743 2542 2009 2610 agentes.
2041 2533 2237 2590 ofﬁcio
2265 2534 2467 2586 nostro
2489 2527 2573 2582 sic
2597 2540 2708 2599 pro
2727 2537 2908 2598 posse
2937 2517 3389 2584 satisfacientes,

1745 2629 2078 2697 fungentes.
2117 2626 2181 2678 Et
2201 2627 2355 2677 certe
2385 2619 2468 2673 sic
2497 2616 2625 2672 erit.

1815 2807 1907 2862 Tu
1928 2821 2090 2870 vero,
2133 2819 2169 2859 o
2193 2804 2372 2858 Mater
2394 2799 2514 2860 Dei.
2546 2794 2804 2864 benigne
2860 2806 2972 2847 nos
3023 2787 3276 2860 suscipe,
3338 2790 3395 2842 et

1747 2895 1933 2952 solitas
1967 2907 2196 2949 memor
2223 2888 2475 2962 pietatis,
2501 2886 2703 2940 hostes
2741 2879 2998 2953 proﬂiga
3018 2877 3123 2950 qui
3160 2891 3272 2932 nos
3308 2874 3393 2930 la-

1746 2989 1934 3041 tenter
1963 2982 2282 3047 lacessunt,
2309 2992 2382 3032 ne
2431 2988 2703 3045 unquam
2756 2985 2827 3024 ex
2888 2983 3098 3023 eorum
3163 2963 3394 3020 insidiis

1749 3073 1977 3128 malum
2005 3071 2269 3125 feramus
2299 3070 2356 3121 et
2383 3065 2676 3120 damnum
2711 3076 2726 3124 ;
2767 3057 2996 3128 dissipa
3023 3068 3267 3126 quoque
3293 3067 3396 3107 eos

1748 3177 1887 3218 cum
1900 3159 2210 3216 manifeste
2224 3158 2515 3228 pugnant,
2533 3152 2588 3206 in
2600 3147 2884 3205 omnibus
2902 3143 3224 3200 ostendens
3234 3155 3396 3196 vana

1750 3266 1877 3308 esse
1907 3265 2042 3321 quae
2071 3250 2287 3319 parant
2315 3249 2372 3300 et
2391 3239 2716 3298 moliuntur
2744 3239 2950 3291 contra
2970 3248 3082 3288 nos
3110 3229 3395 3286 continuo

1751 3345 1806 3395 et
1833 3320 2096 3408 undique
2118 3336 2513 3403 insurgentes.
2554 3335 2769 3381 Arcum
2825 3320 3130 3389 confringe
3189 3320 3398 3373 contra

1751 3445 1862 3484 nos
1891 3405 2202 3494 intentum,
2231 3427 2290 3478 et
2321 3419 2589 3490 gladium
2619 3430 2742 3487 quo
2763 3413 3022 3485 petimur
3067 3412 3275 3464 contra
3318 3405 3399 3460 vi-

1753 3517 1994 3572 brantes
2010 3514 2174 3585 ipsos
2199 3513 2496 3566 converte.
2523 3504 2704 3562 Nobis
2723 3501 2930 3558 adesto
2962 3501 3246 3554 constans
3267 3508 3401 3567 pro-

1753 3606 2071 3677 pugnatrix
2099 3609 2156 3657 et
2180 3606 2452 3673 patrona,
2473 3593 2796 3651 extendens
2816 3592 3119 3662 potentem
3144 3600 3396 3641 manum

1755 3702 1919 3751 tuam
1944 3699 2005 3750 ut
2025 3697 2294 3749 conteras
2315 3687 2513 3759 capita
2533 3681 2916 3740 insolentium
2933 3677 3223 3743 hostium,
3245 3689 3400 3746 quos

1752 3775 1920 3839 vides
1939 3781 2161 3838 malitia
2179 3796 2287 3834 sua
2305 3782 2362 3832 et
2377 3773 2662 3846 superbia
2676 3785 2863 3842 supra
2874 3765 3122 3822 modum
3136 3762 3397 3818 inﬂatos.

1754 3877 1896 3928 Ecce
1918 3872 2023 3927 tibi
2049 3869 2418 3925 occurrimus
2448 3878 2567 3919 non
2632 3861 2692 3916 in
2744 3856 3039 3924 curribus,
3095 3867 3292 3924 neque
3337 3851 3400 3906 in

1753 3961 1946 4033 equis,
1969 3974 2164 4030 neque
2180 3957 2238 4011 in
2262 3953 2482 4023 gladio,
2523 3963 2716 4020 neque
2731 3947 2791 4002 in
2803 3944 3032 4013 sagittis
3043 3946 3101 3997 et
3116 3939 3397 4010 arcubus,

1753 4030 1998 4106 innullo
2019 4062 2227 4103 eorum
2249 4042 2342 4098 vel
2358 4041 2675 4098 minimum
2689 4030 3237 4098 conﬁdimus,adeo
3262 4033 3403 4084 sunt

1755 4155 1944 4212 parva
1972 4143 2028 4193 et
2059 4135 2279 4192 debilia
2303 4135 2450 4204 quot
2478 4134 2535 4183 et
2562 4131 3031 4200 quantacunque
3059 4119 3194 4192 quis
3219 4117 3402 4184 dicat,

1754 4205 1811 4285 et
1838 4230 1970 4300 ipsa
1991 4224 2324 4296 suntplane
2374 4218 2605 4276 inutilia
2669 4215 2781 4270 illis
2845 4213 2947 4284 qui
3005 4225 3128 4264 non
3182 4205 3401 4262 ﬁrmis-

1756 4320 1909 4374 sima
1930 4333 2032 4388 spe
2056 4317 2116 4370 in
2150 4321 2315 4369 tuum
2347 4309 2635 4366 auxilium
2664 4303 3130 4376 praecinguntur.
3164 4300 3229 4352 Et
3267 4311 3401 4365 nos,

1756 4409 2101 4482 plenissime
2121 4407 2181 4461 in
2196 4411 2247 4459 te
2262 4400 2494 4468 conﬁsi,
2509 4410 2822 4468 nunquam
2837 4387 3404 4463 dejiciemurabeis,

1756 4480 1953 4569 neque
1973 4496 2112 4551 victi
2133 4491 2584 4566 apparebimus.
2622 4489 2788 4541 Dona
2809 4497 2952 4552 ergo
2977 4485 3040 4535 ut
3059 4480 3406 4535 constanter

1760 4567 1873 4659 per
1901 4601 2081 4642 omne
2111 4589 2348 4654 tempus
2372 4584 2657 4634 statutum
2681 4570 2992 4646 splendide
3031 4567 3403 4625 celebremus

1759 4655 1872 4732 hoc
1893 4676 2132 4738 festum,
2149 4678 2204 4726 et
2219 4686 2324 4742 per
2337 4670 2536 4741 ipsum
2552 4666 2614 4721 in
2627 4663 2845 4719 festum
2855 4665 3145 4716 aeternum
3156 4655 3406 4712 transire

1759 4781 1865 4838 per
1888 4764 2092 4820 omnia
2122 4759 2361 4816 saecula.

1757 4949 1988 5054 ῥομφαία
2035 4944 2200 4996 αὐτῶν
2259 4939 2476 4993 εἰσέλθοι
2524 4955 2591 4995 εις
2623 4938 2716 4990 τὴν
2757 4926 2980 5004 καρδίαν
3011 4926 3180 4977 αὐτῶν
3209 4941 3298 4973 και
3337 4918 3405 4971 τὰ

1758 5024 1815 5054 Ἀ
1852 5039 1883 5054 η
1905 5017 2070 5054 nais-Em
2103 5011 2419 5054 naturnlgsin_

1758 5039 1885 5080 τοςα

1905 5017 2070 5069 αὐτῶν
2103 5011 2396 5084 συντριϐείη
2409 5052 2419 5062 .
