3934 6322
526 379 3903 427 W

1874 576 2025 621 Allo
2068 576 2569 620 DOIHH‘IUHJUY.

1474 751 2195 881 ΔΙΑΤΑΞΙΣ
2330 761 2917 879 ΚΥΠΡΙΑ

1039 1186 2581 1367 ΑΛΕΧΑΝΔΡΟΥ
2728 1186 3394 1364 ΠΑΠΑ

1767 1516 2012 1608 ΤΟΥ
2081 1515 2669 1608 ΤΕΤΑΡΤΟΥ

1403 1925 2374 2056 CONSTITUTIO
2474 1926 3015 2051 CYPRIA

959 2204 2339 2375 ALEXANDBI
2455 2204 3131 2371 PAP/E
3246 2201 3509 2369 IV

782 2464 1118 2565 fauce
1179 2498 1472 2561 PRIMUS
1530 2499 1810 2574 EDIDIT,
1865 2498 2148 2560 LATINE
2210 2496 2572 2560 ammon
2629 2496 2729 2559 AC
2782 2496 3008 2559 NOTIS
3060 2494 3597 2558 ILLUSTRAVIT

1435 2688 2216 2779 VINGBNTIUB
2276 2685 3006 2777 RICCARDUS

2028 2887 2206 2936 CLEB.
2258 2887 2400 2937 RBG.

1339 3207 1569 3281 (Rome
1624 3205 1966 3267 excudebat
2018 3205 2360 3281 Stephanus
2412 3204 2699 3267 Paulinus
2753 3204 3115 3277 IlDCXXXVl)

1818 3550 2302 3601 EHINENTISSIHO
2359 3551 2626 3602 PRINCIPI

1178 3684 1507 3737 FRANCISCO
1554 3685 1925 3747 BARBERINO,
1975 3684 2033 3735 8.
2084 3687 2145 3737 ll.
2198 3688 2259 3736 Ε.
2310 3687 2635 3736 CAEDle
2680 3683 3247 3736 VICECANCELLABIO.

610 3895 977 3963 Incredibili,
1031 3901 1094 3953 ut
1138 3910 1260 3967 par
1295 3902 1446 3964 erat,
1476 3896 1956 3956 Eminentissime
1987 3897 2295 3969 Princeps,
2338 3897 2421 3955 ad
2462 3896 2875 3969 vestigandum
2908 3898 3256 3968 sagacitate,
3291 3905 3348 3955 te
3406 3903 3670 3957 auclore
3712 3898 3887 3970 perln-

537 3986 807 4046 strabam
844 3987 908 4042 in
949 3986 1369 4056 Altempsiana
1408 3985 1764 4044 bibliotheca
1800 3987 2144 4045 Graecorum
2199 3986 2596 4059 Euchologia,
2649 3993 2718 4044 ut
2751 4003 2885 4059 quae
2938 3987 3005 4044 in
3065 3988 3354 4058 impressa
3397 3988 3803 4058 irrepserunt,
3834 4004 3889 4045 et

537 4077 682 4148 ipsis
728 4075 1172 4146 exemplaribus
1210 4075 1447 4146 percipi
1487 4082 1725 4146 possent
1755 4082 2008 4148 errata;
2047 4092 2182 4134 cum
2211 4091 2363 4147 ecce,
2398 4077 2543 4134 dum
2578 4076 2775 4134 alacri
2798 4081 3192 4149 promptaque
3235 4077 3412 4132 vultu
3476 4076 3595 4132 huc
3652 4078 3891 4149 illucque

538 4166 742 4224 omnia
787 4164 1159 4235 pervolvens,
1195 4163 1491 4221 emissitiis
1547 4166 2046 4237 circumspectans
2088 4166 2276 4223 oculis
2321 4166 2611 4236 intuerer,
2646 4181 2709 4223 se
2744 4166 2920 4236 offert
2970 4166 3035 4229 in
3081 4166 3307 4236 Cyprio
3357 4167 3625 4238 quodam
3687 4174 3889 4225 uetusta

537 4254 903 4323 Euchologio
940 4252 1199 4321 Διάταξις,
1234 4252 1594 4310 Constitutio
1639 4255 1984 4312 Alexandri
2030 4255 2362 4325 Pontiﬁcis,
2413 4257 2542 4326 ejus
2602 4254 2858 4312 nominis
2904 4256 3132 4327 quarti.
3176 4254 3330 4311 Eam
3371 4256 3534 4312 mira
3588 4258 3889 4313 alacritati

532 4345 868 4416 perlegens,
898 4344 1088 4401 sentio
1130 4358 1237 4402 nec
1273 4344 1488 4401 Latine
1522 4359 1632 4401 nec
1665 4344 1867 4402 Graece
1896 4345 2201 4417 hucusque
2247 4344 2490 4410 editam,
2544 4344 2662 4400 imo
2694 4360 2802 4401 nec
2832 4344 2898 4400 in
2933 4344 3296 4413 Pontiﬁcum
3333 4343 3570 4416 quidem
3640 4352 3886 4402 notata:

541 4430 712 4503 actis,
762 4446 895 4505 quae
941 4438 1141 4489 tamen
1178 4448 1467 4490 summam
1513 4434 1797 4490 Romana:
1834 4435 1988 4491 sedis
2031 4435 2096 4489 in
2141 4434 2373 4491 Graecos
2412 4438 2466 4489 et
2516 4432 2708 4503 Cypri
2743 4434 3006 4489 insulam
3034 4435 3453 4489 auctoritatem
3483 4434 3781 4504 locupleti
3798 4444 3885 4490 tes-

543 4521 789 4578 timonio
834 4521 1080 4591 prodat,
1125 4536 1198 4579 ac
1235 4524 1530 4594 pleraque
1578 4523 1991 4580 ecclesiasticis
2034 4523 2341 4593 incognita
2378 4522 2767 4591 scriptoribus
2810 4522 3069 4592 pandat.
3110 4523 3203 4579 Ne
3247 4528 3447 4580 autem
3474 4523 3607 4579 alto
3683 4524 3883 4579 diutius

542 4608 773 4668 obtecta
799 4609 1038 4668 silentio
1085 4609 1359 4667 interiret
1386 4625 1654 4681 prorsus,
1676 4626 1715 4668 a
1732 4617 2027 4682 perpetua
2051 4611 2346 4668 oblivione
2365 4610 2701 4680 vindicans,
2724 4613 2996 4668 Latinam
3025 4626 3056 4667 e
3072 4612 3279 4668 Graeco
3303 4612 3646 4681 πονηρίαιδί
3662 4613 3885 4670 reddas

543 4699 752 4767 statui,
771 4698 1160 4771 pristinaeque
1180 4698 1407 4755 Latinae
1444 4699 1783 4770 integritati
1805 4716 1911 4772 pro
1938 4700 2166 4758 viribus
2186 4702 2487 4758 restiture.
2519 4699 2593 4757 Ut
2614 4715 2752 4757 vero
2774 4700 3031 4757 venatici
3049 4701 3217 4757 canis
3256 4706 3460 4771 partes
3498 4716 3764 4772 agerem,
3786 4718 3881 4775 qua

541 4789 782 4847 nomine
826 4803 866 4846 a
896 4787 1269 4845 sanctissimo
1298 4792 1522 4858 patruo
1566 4795 1666 4844 tuo
1720 4788 1961 4846 Urbano
2000 4789 2114 4845 VII
2151 4803 2244 4847 me
2271 4789 2413 4845 olim
2447 4788 2893 4846 cohonestatum
2941 4790 3161 4857 recolo,
3205 4789 3287 4846 ad
3326 4796 3455 4846 tuos
3513 4791 3697 4859 pedes
3742 4792 3883 4848 unici

542 4878 771 4936 domini
835 4877 947 4935 mei
1008 4882 1065 4934 et
1123 4877 1445 4947 singularis
1512 4879 1782 4946 patroni,
1840 4878 1938 4934 cui
1997 4884 2217 4935 cuncta
2272 4891 2348 4935 ex
2410 4890 2612 4934 animo
2664 4884 2718 4935 et
2773 4878 3067 4948 polliceor
3123 4883 3179 4936 et
3248 4879 3566 4947 profiteor,
3636 4882 3877 4951 prada

545 4973 647 5024 tuo
708 4967 948 5023 nomine
986 4972 1227 5036 partam
1280 4971 1335 5022 et
1388 4973 1627 5022 auctam
1668 4967 1833 5021 ultro
1881 4966 2085 5037 defero
2124 4967 2378 5022 illaesam
2416 4971 2470 5021 et
2522 4966 2746 5037 offero;
2802 4981 2981 5038 quam
3028 4980 3152 5022 non
3196 4967 3370 5022 modo
3428 4981 3539 5022 suo
3579 4969 3765 5038 ipsius
3816 4984 3879 5023 rf-

547 5058 653 5113 lim
691 5057 957 5127 pondere
997 5056 1241 5127 pendas,
1301 5069 1508 5112 verum
1556 5056 1736 5111 etiam
1784 5057 2067 5112 novitatis
2116 5059 2411 5111 momento
2472 5069 2655 5126 eoque
2703 5055 2987 5112 marinio.
3037 5054 3399 5112 Constitutio
3444 5057 3564 5112 ista
3635 5058 3880 5129 lucifuga

545 5146 786 5204 Latium
845 5146 1054 5203 natale
1116 5145 1331 5213 solum,
1377 5144 1440 5199 in
1505 5158 1621 5215 quo
1683 5144 1890 5213 fuerat
1946 5145 2129 5214 edita,
2180 5149 2438 5201 verterat
2498 5144 2734 5216 lateque
2780 5145 3045 5214 spatiata
3097 5144 3317 5200 abditis
3374 5145 3436 5200 in
3481 5146 3655 5202 silvis
3718 5150 3882 5205 sinuo-

545 5236 741 5309 sisque
799 5236 863 5291 in
920 5235 1137 5302 antris,
1177 5235 1492 5289 immutata
1545 5232 1766 5304 eloquii
1796 5233 2020 5303 forma,
2068 5247 2129 5289 se
2180 5237 2504 5302 receperat,
2567 5232 2780 5289 sensim
2839 5233 3072 5290 Latinis
3116 5234 3349 5302 pariter
3379 5246 3454 5289 ac
3509 5235 3737 5293 Graecis
3766 5238 3882 5291 invi

544 5339 631 5383 sa.
682 5323 1240 5383 Perscrutabundus
1298 5320 1606 5390 oberrans,
1701 5321 2160 5391 przlucescente
2188 5321 2261 5377 E.
2315 5323 2402 5386 T.,
2442 5321 2507 5376 in
2540 5321 2952 5392 Altempsiana
2986 5322 3216 5391 agresti
3233 5321 3341 5379 illa
3370 5322 3721 5382 Graecorum
3749 5326 3879 5382 codi-

547 5429 682 5471 cum
702 5413 937 5471 inculla
967 5414 1136 5480 silva,
1196 5410 1546 5480 inlrospicio
1600 5411 1918 5481 peregrino
1954 5426 2082 5468 eam
2116 5412 2455 5467 latitantem
2489 5410 2698 5466 habitu
2726 5411 2980 5481 reperio,
3010 5409 3237 5482 Cyprio
3260 5412 3418 5467 velut
3444 5410 3508 5466 in
3523 5413 3714 5486 saltu,
3742 5418 3881 5473 senti

544 5518 675 5560 coso
694 5503 803 5559 illo
834 5502 1068 5573 Cypriis
1085 5500 1392 5572 familiari
1417 5512 1598 5570 eoque
1642 5501 1973 5570 asperrimo
1997 5502 2125 5571 ejus
2155 5500 2436 5569 temporis
2474 5499 2676 5558 Graeco
2703 5506 3021 5558 exaratam
3055 5501 3327 5573 eloquio;
3360 5501 3536 5570 rapio
3575 5503 3757 5571 illico,
3777 5508 3878 5562 des.

547 5591 734 5660 cribo,
762 5592 974 5649 Latine
1008 5590 1214 5655 reddo,
1288 5590 1705 5660 integramque
1751 5590 2043 5660 praedam,
2070 5589 2463 5648 observantiae
2487 5603 2633 5648 mea
2652 5588 2931 5663 indicem,
2964 5589 3381 5648 benevolentiae
3410 5597 3534 5648 tua
3565 5593 3795 5662 illicem,
3816 5596 3859 5651 Ε

552 5677 624 5740 ι’.
657 5679 933 5752 protinus
974 5679 1173 5749 trado,
1218 5681 1283 5735 ut
1321 5676 1691 5750 postliminio
1729 5692 1808 5737 ex
1846 5683 1903 5737 te
1938 5680 2254 5739 universus
2299 5693 2430 5738 eam
2467 5679 2721 5752 διείρεαι
2765 5679 2948 5751 orbis;
2973 5685 3030 5739 et
3069 5686 3147 5741 es
3173 5682 3275 5738 tuo
3299 5681 3537 5753 pariter
3569 5683 3869 5743 admirata
