3934 6322
85 391 236 445 1329
1097 386 1503 448 ALEXANDRI
1543 389 1614 446 IV
1653 388 2108 448 CONSTITUTIO
2148 392 2425 451 CYPRIA.
3309 391 3448 450 i530

78 513 504 584 suscipiatque
562 512 822 578 nomine,
880 513 1087 582 fausto
1154 515 1362 586 utique
1418 515 1721 586 feticique.
1777 514 2021 584 Aspiret
2082 517 2239 574 Deus
2301 521 2322 575 !
2381 519 2630 575 Interim
2697 517 2972 574 demittat
3005 531 3066 574 se
3123 519 3447 587 paululum

77 603 167 659 Ε.
199 603 286 669 Τ.,
321 603 727 659 laxamentum
753 601 952 676 capiat
1005 619 1308 670 curarum,
1368 609 1423 661 et
1491 603 1729 660 blandis
1793 606 2133 663 litterarum
2185 609 2496 665 lenociniis
2545 607 2832 665 animitus
2893 607 3230 664 blandienti
3267 609 3450 677 plau-

77 693 202 748 dat
237 692 437 749 catulo
486 706 557 748 ac
585 691 908 763 longojam
940 692 1147 750 labore
1166 695 1342 764 fesso,
1397 694 1764 766 deciduoque
1817 696 2032 753 sudore
2075 703 2323 768 gravato
2363 703 2417 755 et
2479 697 2800 754 anhelanti
2842 699 3120 753 occurrat
3174 695 3445 770 benigne,

78 783 406 854 ipsumque
422 782 664 852 pariter
686 795 759 838 ac
773 781 1046 852 praedam
1075 784 1203 853 ejus
1229 798 1304 846 ex
1323 799 1425 841 ore
1446 783 1796 854 pendentem
1823 787 2275 857 gratulabundo
2297 788 2471 846 vultu
2495 778 2802 859 passistjue
2853 787 3016 844 ulnis
3068 787 3446 857 amplectere.

156 907 221 967 E
246 909 417 968 domo
437 909 493 967 S.
515 909 776 970 Androm
797 911 871 969 de
908 910 1079 972 Urbe.
1115 911 1374 970 Kalend.
1406 912 1604 982 Febr.,
1631 925 1792 972 anno
1836 917 1996 980 1636,

2035 1040 2109 1095 E.
2149 1040 2212 1097 T.
2243 1041 2617 1098 humillimus
2635 1055 2844 1100 servus

1968 1166 2122 1228 νίκα.
2190 1167 2530 1235 RICCARDUS,
2600 1166 2758 1230 Cler,
2816 1166 2958 1238 Reg.

548 1545 913 1688 GON
927 1547 1930 1690 STITUTION
1939 1551 2112 1692 IS
2213 1551 2984 1696 CYPRIZE
3111 1659 3114 1662 ρ

1550 1830 2024 1928 HISTORIA

526 2043 1046 2112 AVINCENTIO
1091 2043 1547 2124 RICCARDO,
1594 2044 1956 2115 CLERICO
2001 2047 2472 2130 REGULARI,
2513 2049 3006 2121 ADORNATA.

157 2419 407 2492 Cyprus,
440 2419 775 2492 Pamphylii
810 2419 994 2478 maris
1035 2418 1252 2490 insula,
1300 2419 1510 2494 procul
1545 2435 1583 2478 a
1617 2422 1940 2481 continenti
1993 2422 2268 2492 discreta,
2317 2425 2398 2490 ad
2439 2429 2636 2485 ortum
2685 2439 3090 2498 occasumque
3138 2421 3348 2484 Ciliciae
3375 2438 3448 2481 ac

75 2509 277 2582 Syriae
299 2509 558 2581 objecta,
593 2510 887 2583 portubus
935 2511 1233 2578 distincta,
1262 2510 1379 2568 loci
1401 2512 1740 2570 ammnitate
1771 2528 2030 2583 summa,
2068 2513 2369 2572 feracitate
2418 2514 2750 2588 multiplici,
2788 2529 2972 2588 opum
3013 2514 3448 2586 copiarumque

68 2596 355 2654 ubertate
391 2597 544 2654 adeo
565 2597 800 2667 referta,
828 2601 893 2656 ut
916 2599 1051 2669 jure
1077 2598 1334 2656 Macaria
1365 2599 1438 2656 sit
1466 2605 1685 2658 vocata
1736 2617 1749 2658 :
1825 2601 2022 2676 seipse
2071 2603 2379 2674 nimirum,
2415 2605 2782 2662 caducarum
2840 2603 3185 2677 opulentia;
3221 2617 3444 2666 rerum,

69 2685 232 2743 felix
259 2701 330 2743 ac
364 2685 583 2758 beata;
617 2702 833 2744 novem
861 2688 1132 2764 quodam
1187 2703 1513 2759 regnorum
1541 2688 1732 2762 sedes,
1793 2691 2049 2750 Romani
2082 2692 2226 2752 olim
2292 2694 2500 2767 populi
2557 2693 2870 2752 tributaria
2939 2712 2954 2763 ;
3019 2692 3098 2750 ab
3156 2689 3447 2764 apostolis

65 2775 236 2847 ipsis
265 2774 608 2833 Christianas
629 2775 770 2832 ﬁdei
804 2775 1200 2834 sanctissimis
1229 2777 1490 2835 formata
1518 2778 1800 2839 institutis
1830 2798 1843 2837 :
1879 2782 2081 2838 Graeco
2106 2787 2173 2839 ut
2225 2783 2484 2856 eloquio,
2548 2785 2634 2842 sic
2680 2785 2798 2842 ritu
2846 2782 2942 2857 pie
2993 2781 3450 2853 orthodoxoque

65 2863 212 2923 fere
268 2879 510 2938 semper
562 2864 727 2922 culta
793 2883 806 2933 ;
867 2871 1284 2938 Agarenorum
1349 2866 1615 2924 crebrius
1667 2884 1877 2941 pressa
1920 2871 2261 2944 tyrannide,
2311 2872 2534 2946 pluries
2573 2889 2610 2930 a
2661 2873 2874 2931 Graecis
2923 2871 3144 2945 quibus
3199 2869 3452 2944 parebat

63 2953 552 3027 imperatoribus
581 2955 642 3011 in
660 2953 997 3012 libertatem
1019 2961 1251 3014 asserta
1283 2973 1298 3024 ;
1328 2955 1689 3014 duodecimo
1720 2959 1965 3016 tandem
1993 2976 2029 3016 a
2060 2960 2290 3018 Christo
2313 2961 2555 3034 saeculo,
2580 2964 2816 3034 Gl‘tBClS,
2873 2959 2952 3018 ob
2983 2976 3207 3017 saavam
3236 2974 3447 3016 eorum

63 3044 150 3102 in
187 3043 410 3114 Anglos
439 3044 968 3110 inhumanitatem,
1007 3061 1166 3119 quos
1191 3049 1481 3119 quassata
1508 3045 1696 3104 classe
1725 3047 1786 3103 in
1817 3049 2036 3121 Cypria
2063 3049 2262 3106 littora
2299 3050 2607 3106 exanimes
2646 3051 2940 3124 impactos
2987 3046 3446 3105 exturbantibus

63 3148 159 3190 ac
182 3133 697 3206 protrudentibus,
743 3133 990 3206 Anglice
1012 3135 1110 3192 illa
1151 3134 1366 3193 martia
1411 3135 1625 3194 virtute
1675 3135 1991 3196 Heliadum
2030 3138 2334 3213 oppressis
2374 3139 2725 3214 abactisque
2769 3138 3026 3196 ducibus
3063 3153 3101 3194 a
3150 3135 3445 3193 Richardo

58 3223 406 3294 Anglorum
474 3239 614 3295 rege
688 3223 842 3281 ultro
917 3229 1258 3298 temereque
1344 3225 1643 3295 lacessito,
1724 3227 1921 3285 insula
1971 3228 2224 3288 subacta
2281 3229 2582 3298 universa,
2635 3230 2699 3287 in
2748 3229 3096 3288 Latinorum
3153 3226 3446 3283 ditionem

72 3316 568 3386 potestatemque
625 3313 806 3370 cessit
863 3331 876 3370 :
949 3313 1312 3371 Richardum
1364 3315 1526 3371 enim
1583 3315 1890 3388 invictum,
1947 3335 2129 3393 quem
2194 3319 2459 3378 amicum
2514 3321 2799 3393 rejecerat
2842 3319 3159 3392 hospitem,
3213 3315 3445 3373 violatis

75 3401 593 3474 hospitiijuribus
624 3401 927 3460 infensum
976 3408 1192 3477 postea
1234 3403 1348 3460 sub
1402 3403 1564 3460 malo
1595 3406 1870 3464 sustinuit
1936 3408 2240 3482 sensitque
2291 3409 2546 3466 hostem.
2581 3409 2801 3468 Deinde
2872 3406 3204 3466 Lusianinis
3247 3405 3448 3478 paruit

74 3490 295 3562 Gallis,
357 3492 463 3566 qui
513 3492 678 3564 regio
745 3507 881 3550 eam
956 3493 1203 3550 nomine
1275 3509 1313 3551 a
1376 3496 1660 3551 Romanis
1723 3498 2111 3569 pontiﬁcibus
2177 3503 2419 3557 auctam
2465 3499 2925 3573 locupletarunt.
2985 3496 3100 3555 Sed
3155 3494 3443 3566 caedibus,

75 3581 378 3652 dissidiis,
405 3581 800 3640 seditionibus
825 3583 1113 3640 distracta
1139 3599 1208 3640 ac
1239 3583 1485 3655 foedata,
1525 3584 1588 3640 in
1630 3600 1879 3658 superos
1938 3593 2280 3660 contumax,
2346 3588 2407 3644 in
2445 3604 2621 3661 pares
2658 3589 2946 3658 fastuosa,
3004 3586 3065 3643 in
3111 3587 3449 3642 Romanam

73 3671 299 3728 sedem
329 3672 586 3743 ingrata,
628 3673 1088 3730 eccelesiasticis
1116 3672 1473 3730 fulminibus
1529 3673 1666 3743 icta,
1734 3678 1996 3748 pugnaci
2047 3693 2363 3751 procerum
2407 3693 2478 3734 ac
2508 3677 2835 3752 praesulum
2872 3679 3145 3734 vastatur
3171 3672 3443 3731 dissidio.

73 3765 341 3832 Quocira
363 3764 776 3839 perduellibus
804 3767 1087 3823 Romanis
1107 3765 1232 3822 sedi
1255 3766 1640 3838 pontiﬁcibus
1667 3768 1941 3836 extrusis,
1986 3766 2328 3823 Graecanica
2357 3766 2663 3824 eliminata
2713 3765 2984 3839 perﬁdia,
3015 3761 3448 3834 abstractisque

76 3856 550 3929 quatuordecim
573 3857 912 3914 Graecorum
954 3857 1374 3930 episcoporum
1418 3856 1686 3926 sedibus,
1749 3856 2148 3912 ecclesiastica
2192 3860 2495 3912 contracta
2537 3855 2870 3928 provincia,
2909 3859 3170 3926 quatuor
3217 3854 3449 3908 tantum

71 3945 270 4003 totius
335 3945 548 4002 insulse
621 3963 658 4002 a
726 3945 1040 4002 leestino
1099 3947 1280 4018 hujus
1349 3946 1611 4002 nominis
1665 3946 1834 4003 tertio
1901 3947 2235 4003 antistitum
2289 3946 2484 4010 sedes,
2528 3944 2769 4002 duobus
2816 3943 3056 4000 cuilibet
3102 3941 3237 3998 urbi
3291 3939 3446 3997 datis

68 4034 467 4110 praesulibus,
504 4035 708 4091 Latino
739 4035 1026 4091 nimirum
1076 4041 1132 4091 et
1163 4039 1380 4107 Graeco,
1423 4035 1672 4105 singulis
1704 4052 1813 4092 suo
1876 4035 2170 4108 cujusque
2234 4035 2427 4108 patrio
2478 4034 2590 4091 ritu
2645 4033 2951 4106 pontiﬁcia
2995 4031 3204 4088 munia
3237 4029 3298 4085 in
3323 4044 3448 4086 una

68 4123 418 4197 eademque
439 4123 804 4181 obeuntibus
835 4123 1001 4181 urbe.
1029 4127 1248 4180 Horum
1281 4125 1508 4197 primas
1527 4141 1665 4180 cum
1693 4125 1840 4190 olim
1873 4125 1950 4181 ad
1982 4129 2264 4197 quartum
2291 4124 2408 4180 fere
2434 4139 2623 4196 usque
2668 4122 2956 4180 saeculum
2987 4118 3446 4192 metropolitano

82 4214 261 4272 acius
280 4215 412 4286 jure
473 4215 799 4287 Papliensis
849 4219 1004 4270 esset
1052 4214 1565 4286 archiepiscopus,
1619 4213 1836 4270 deinde
1878 4214 2362 4279 Constantiensis,
2427 4212 2788 4269 duodecimo
2851 4211 3164 4267 demuma
3217 4207 3446 4263 Christo

74 4303 308 4360 saeculo
341 4304 770 4365 Leucosiensis.
801 4304 1039 4374 exstitit,
1072 4303 1308 4360 reddita
1333 4303 1642 4370 Leucosia,
1682 4304 1846 4374 regia
1875 4303 2015 4360 olim
2075 4303 2244 4366 urbe.
2295 4302 2474 4358 totius
2533 4303 2744 4358 insulae
2793 4299 3126 4372 metropoli.
3161 4297 3446 4354 Defuncto

70 4397 290 4451 autem
321 4393 615 4450 Leucosiae
638 4391 891 4466 praesule
915 4395 1140 4461 Graeco,
1173 4392 1478 4462 elegerunt
1509 4393 1691 4449 Graeci
1722 4393 2004 4463 gentilem
2027 4409 2206 4447 suum
2253 4393 2636 4460 Germanum,
2682 4391 2807 4463 qui,
2856 4395 2922 4446 ut
2951 4389 3199 4445 urbanae
3231 4385 3446 4457 gentis,

88 4483 184 4538 ita
238 4486 293 4536 et
334 4481 499 4537 urbis
546 4481 878 4554 insulaeque
925 4481 1216 4537 universae
1265 4481 1496 4551 integro
1558 4497 1618 4535 se
1677 4481 1976 4554 plenoque
2018 4484 2152 4551 jure
2201 4482 2479 4536 antistem
2534 4481 2759 4536 factum
2800 4484 2986 4547 ratus,
3027 4492 3251 4534 nomen
3275 4475 3448 4546 etjus

74 4570 342 4626 assumit
369 4570 824 4643 archiepiscopi,
860 4575 916 4626 et
954 4569 1393 4642 metropolitico
1419 4571 1551 4641 jure
1584 4572 1814 4626 Graecos
1839 4586 2046 4626 omnes
2069 4569 2247 4625 totius
2277 4569 2487 4624 insulae
2516 4585 2638 4624 sum
2669 4568 2908 4625 ditionis
2946 4585 3077 4624 esse
3123 4563 3447 4623 contendit.

76 4662 220 4724 Quo
249 4659 552 4730 pontiﬁcio
568 4660 702 4731 jure
732 4666 784 4715 et
813 4674 1060 4714 munere
1102 4658 1512 4730 perfungente,
1545 4661 1733 4730 Hugo,
1760 4659 1999 4715 Latinus
2026 4658 2318 4714 Leucosiae
2345 4657 2853 4730 archiepiscopus,
2881 4657 3140 4727 insurgit
3167 4673 3180 4723 ;
3216 4657 3452 4712 Germa-

74 4763 238 4805 num
263 4762 384 4803 non
414 4751 520 4804 rite
553 4749 805 4805 electum
835 4765 944 4804 nec
970 4748 1258 4804 canonice
1313 4748 1660 4804 ordinatum
1700 4747 2072 4812 criminatur,
2107 4747 2362 4815 incusat,
2397 4747 2614 4818 injuste
2635 4747 2735 4816 jus
2762 4746 2906 4802 dare
2930 4746 3185 4802 oblatrat
3219 4756 3446 4809 ;unum

74 4837 386 4894 duntaxat
406 4853 668 4912 eumque
702 4838 974 4894 Latinum
1014 4854 1143 4894 esse
1175 4837 1696 4910 archiepiscopum
1719 4837 1778 4893 in
1810 4836 2094 4892 universa
2116 4835 2310 4891 insula
2331 4835 2762 4907 metropolitico
2788 4835 3170 4890 constitutum
3193 4831 3346 4902 jure,
3375 4845 3449 4885 ex

75 4939 468 4982 summorum
500 4927 851 4998 pontiﬁcum
879 4926 1149 4996 decretis,
1187 4926 1557 4981 contentioso
1588 4926 1968 4998 pugnacique
2001 4924 2255 4980 tumultu
2281 4924 2480 4993 instat,
2514 4929 2697 4992 urget,
2721 4923 2930 4994 probat
2961 4940 2975 4988 ;
3009 4925 3280 4978 Grzecum
3311 4921 3446 4974 Gre-

77 5027 363 5075 manum,
396 5020 453 5071 ut
487 5015 682 5070 aliena
708 5015 844 5085 jura
876 5014 1284 5080 invadentem,
1325 5013 1753 5070 deturbaturus
1777 5030 1808 5070 e
1841 5015 1990 5070 solio
2017 5013 2091 5070 ad
2129 5030 2308 5068 suum
2357 5018 2644 5084 provocat
2674 5010 2929 5066 tribunal
2959 5025 3218 5081 eumque
3256 5008 3448 5064 insec-

70 5106 244 5160 tatur
273 5103 520 5160 moleste
546 5105 926 5175 exagitatque
950 5104 1228 5173 graviter.
1261 5106 1405 5169 Quae
1433 5103 1638 5159 omnia
1669 5102 1887 5158 acerbo
1918 5103 2112 5157 ferens
2142 5102 2346 5156 animo
2370 5103 2716 5166 Germanus,
2750 5100 2905 5155 facta
2942 5099 3019 5154 ad
3041 5095 3448 5154 Alexandrum

75 5192 163 5247 IV
204 5193 370 5248 Rom.
393 5196 555 5250 Pont.
589 5193 1012 5266 appellatione.
1054 5193 1317 5263 llugouis
1347 5191 1534 5248 eludit
1558 5191 1874 5262 judicium.
1908 5190 1996 5246 Ad
2020 5194 2352 5246 Romanam
2380 5187 2649 5244 convolat
2677 5188 2908 5258 urbem,
2975 5187 3283 5258 gentilium
3310 5201 3448 5241 suo-

64 5295 218 5338 rum
242 5282 667 5354 episcoporum
698 5283 1031 5354 frequentia
1048 5282 1306 5355 stipatus
1343 5299 1355 5348 ;
1383 5280 1609 5336 illatam
1633 5279 1745 5336 sibi
1767 5278 2105 5351 expostulat
2129 5277 2410 5348 injuriam
2443 5293 2456 5342 ;
2481 5277 2727 5348 indigna
2757 5283 2810 5332 et
2837 5275 3214 5333 intoleranda
3243 5291 3304 5332 se
3345 5273 3452 5330 ini-

64 5383 200 5442 que
230 5384 580 5443 perpessum
611 5369 1038 5444 conqueritur;
1068 5369 1436 5443 pontiiiciam
1467 5369 1747 5441 implorat
1777 5384 1979 5440 opem,
2025 5383 2150 5440 qua
2204 5366 2470 5438 Cyprios,
2511 5365 2732 5436 quibus
2780 5367 3056 5422 universa
3102 5364 3444 5434 agitabatur

65 5456 296 5523 insula,
331 5459 565 5516 sedaret
592 5459 828 5516 ﬂuctus.
853 5459 1015 5516 Mittit
1043 5459 1224 5514 etiam
1253 5463 1311 5516 et
1335 5461 1504 5528 llugo
1539 5457 1835 5514 Leucosiae
1858 5457 2344 5528 archiepiscopus
2369 5470 2510 5510 suos
2541 5461 2830 5524 oratores,
2871 5470 3220 5511 accessurus
3249 5453 3449 5526 potius

68 5549 210 5619 ipse
235 5547 347 5603 nisi
379 5549 599 5605 veritus
636 5548 897 5605 insulam
930 5548 1056 5604 sine
1081 5547 1201 5604 ulla
1221 5547 1552 5621 relinquere
1583 5547 1858 5617 antistite,
1889 5557 2112 5602 rectore
2159 5549 2519 5617 pastoreque
2572 5542 2914 5600 destitutam
2962 5558 3210 5616 prorsus
3254 5541 3441 5606 omni.

75 5635 248 5690 Viros
278 5637 524 5709 prwticit
567 5637 846 5710 legatque
891 5639 1164 5705 Romam,
1237 5635 1431 5694 alieno
1477 5637 1724 5710 quidem
1783 5637 2047 5706 nomine,
2103 5649 2311 5692 revera
2368 5638 2570 5690 tamen
2624 5634 2764 5705 jura
2821 5634 3009 5691 Latini
3055 5630 3448 5705 metropolitee

73 5731 572 5799 propugnaturos
638 5727 802 5800 apud
864 5725 1225 5786 acerrimum
1273 5725 1424 5799 juris
1489 5725 2040 5800 propugnaculum,
2103 5724 2166 5784 in
2228 5736 2473 5782 summa
2557 5723 2850 5798 aequitatis
2907 5738 3070 5790 arco,
3115 5719 3450 5795 apostolica
