3934 6322
1905 308 2323 400 Auxanium
2359 330 2430 386 Iv
3738 319 3853 394 in:

493 459 777 540 pjmirum
819 457 979 520 sede,
1003 455 1279 530 praesidia
1301 455 1668 514 defensionis
1700 472 1824 520 suae
1845 456 2230 514 constituens.
2265 456 2506 530 Excepit
2553 469 2765 514 omnes
2826 449 3158 506 Alexander
3199 443 3466 540 benigne
3506 439 3854 537 audivitque

494 535 705 604 amice.
733 545 986 602 Diversis
1007 528 1211 602 tamen
1235 546 1634 622 pugnantium
1665 547 2083 618 episcoporum
2105 544 2316 602 studiis
2350 528 2691 600 commotus
2718 539 2997 611 graviter,
3023 535 3189 610 pacis
3241 530 3642 606 provinciam
3686 528 3854 581 susc-

535 635 685 710 iens,
714 633 1020 703 Anagniae,
1047 633 1188 689 Latii
1223 616 1366 690 urbe
1387 634 1600 708 patria,
1625 635 1683 692 in
1704 616 1951 710 publico
1968 650 2274 703 consessu,
2304 633 2440 706 ipso
2470 636 2703 688 astante
2743 631 3038 688 Germano
3094 623 3405 694 tribusque
3459 617 3603 674 aliis
3653 616 3861 671 Graec—i3

493 652 685 781 piens,
714 652 1020 703 anagniae,
1047 652 1188 689 Lam
1223 652 1366 690 urne
1387 652 1600 708 patria,
1625 652 1683 692 in
1711 652 1951 710 pllDllCO
1968 652 2274 703 consessu,
2304 652 2440 706 ipso
2470 652 2703 688 asuuue
2743 652 3038 688 uermauu
3099 652 3405 694 tribusque
3459 652 3603 674 ωμο
3655 652 3696 670 υ
3715 652 3858 671 mu-

495 798 505 810 '
535 723 672 796 ypri
688 721 1004 796 episcopis,
1034 720 1273 779 Nicolao
1292 722 1478 790 Solius,
1515 723 1729 804 loacim
1763 723 2026 796 Carpasii
2054 727 2111 779 et
2135 723 2407 796 Matthaeo
2434 725 2789 784 Leucarum,
2848 732 2918 774 ac
2983 712 3247 784 Hugonis
3308 707 3498 766 Latini
3565 705 3858 763 Leucosiae

494 795 961 883 archiepiscopi,
1034 810 1401 878 oratoribus,
1479 795 1883 885 plurimisque
1949 795 2400 867 considentibus
2469 811 2525 866 S.
2588 811 2648 864 Β.
2709 809 2770 862 Ε.
2839 801 3274 864 cardinalibus,
3358 797 3532 870 pacis

495 880 786 966 Pontifex,
823 880 1038 956 auditis
1091 905 1443 972 matureque
1479 880 2108 973 expensis—utriusque
2159 899 2507 956 dissidentis
2555 897 2742 970 partis
2785 891 3141 954 rationibus,
3173 905 3244 945 ex
3306 887 3575 943 fratrum
3625 880 3862 973 consilio

493 987 748 1060 paciﬁca
778 987 1194 1066 constitutione
1219 971 1435 1064 saniit,
1467 971 1830 1062 Germanum
1855 971 2061 1062 quoad
2092 989 2315 1045 viveret
2339 986 2776 1060 archiepiscopi
2800 984 2953 1054 jure,
3003 980 3267 1043 nomine,
3322 989 3590 1066 munere

496 1075 644 1131 dum
678 1090 866 1143 ;neve
887 1075 1066 1130 unius
1092 1060 1388 1148 Leucosiae
1419 1060 1669 1131 civitatis
1700 1077 1823 1131 duo
1855 1060 2047 1132 forent
2102 1076 2559 1150 archiepiscopi.
2621 1079 2674 1129 et
2723 1074 2864 1143 jura
2911 1085 3051 1126 cum
3110 1067 3280 1122 daret
3340 1064 3724 1124 Germanus,
3743 1060 3861 1128 jura

496 1164 721 1236 eripere
755 1163 1049 1220 videretur
1079 1165 1330 1234 Hugoni,
1356 1165 1653 1220 Neucosiaa
1685 1165 1892 1220 sedem
1923 1166 2176 1236 Hngoni,
2211 1148 2380 1223 Solis;
2421 1148 2564 1220 vero
2596 1165 2892 1220 Germano
2922 1157 3144 1221 tribuit,
3189 1153 3409 1210 Nicolio
3440 1151 3523 1206 ad
3553 1148 3860 1204 Arsinoen:

495 1256 808 1308 vacantem
830 1251 1155 1308 Ecclesiam
1183 1253 1511 1309 aSolmensi
1538 1253 1827 1309 translato
1868 1271 1881 1320 ;
1914 1255 2194 1310 etomnia
2229 1253 2663 1327 metmpolitica
2716 1252 3053 1306 Graecorum
3090 1247 3230 1316 jura
3262 1244 3467 1298 Graeco
3513 1235 3860 1310 impertiens

499 1342 811 1407 Germano,
836 1341 1065 1396 cunctis
1095 1339 1378 1414 deinceps
1400 1341 1622 1398 ademit
1643 1341 1855 1398 Graecis
1878 1361 1891 1397 :
1916 1342 2212 1414 siquidem
2253 1341 2537 1398 defuncto
2577 1341 2872 1396 Germano
2911 1335 3144 1392 nullum
3190 1331 3370 1387 alium
3421 1330 3719 1384 Graecum
3756 1338 3859 1379 me-

496 1429 837 1501 tropolitam
882 1429 1224 1500 eligendum
1268 1430 1490 1497 statuit,
1539 1445 1614 1486 ne
1667 1437 1884 1505 contra,
1930 1447 2134 1488 sacros
2191 1447 2454 1489 canones
2498 1431 2620 1486 duo
2673 1431 2875 1484 essent
2932 1426 2992 1480 in
3034 1438 3158 1478 una
3199 1416 3515 1493 provincia
3567 1419 3860 1483 metro!”

496 1516 634 1585 litae,
664 1533 938 1583 nomeve,
963 1519 1100 1662 ius.
1162 1533 1384 1590 munus
1446 1503 1900 1592 archiepiscopi,
1943 1521 2121 1598 unius
2152 1527 2380 1592 tantum
2409 1523 2620 1594 postea
2664 1517 2952 1596 futurum.
2979 1511 3161 1580 Latini
3215 1507 3505 1566 nimirum
3567 1501 3858 1558 Leucosiae

496 1605 839 1662 pontiﬁcis:
873 1623 957 1662 cae
1019 1623 1119 1662 ros
1156 1622 1296 1662 vero
1325 1609 1603 1662 Germani
1635 1613 1906 1662 nosteros
1944 1610 2285 1662 enisconos.
2307 1597 2310 1602 ’
2336 1608 2507 1662 Soliaa
2565 1611 2756 1661 tatum
2797 1591 3038 1658 nomine
3077 1605 3133 1654 et
3163 1597 3305 1652 sede
3339 1588 3856 1650 cohonestandas,

496 1605 839 1679 pontiﬁcis;
873 1588 1119 1662 caeteros
1156 1588 1296 1662 vero
1325 1609 1603 1663 Germani
1635 1588 1906 1679 posteros
1944 1588 2285 1682 episcopos,
2306 1588 2312 1602 τ
2336 1588 2507 1664 Soliaa
2565 1589 2756 1661 tatum
2797 1591 3038 1658 nomine
3077 1605 3133 1654 et
3163 1597 3305 1652 sede
3339 1588 3856 1682 cohonestandas,

501 1677 571 1751 ac
599 1695 805 1751 Latino
827 1696 1128 1751 Leucosiae
1158 1697 1546 1768 metropolitaa
1570 1677 2003 1769 metropolitico
2020 1677 2174 1770 jure,
2214 1703 2276 1754 ut
2302 1702 2358 1754 et
2403 1696 2664 1768 reliquos
2690 1696 2922 1750 Graecos
2946 1688 3257 1762 pontiﬁces
3285 1699 3416 1740 esse
3446 1677 3862 1751 subjiciendos

498 1784 886 1856 pronuntiat;
941 1786 1279 1840 Graecorum
1337 1786 1476 1840 item
1530 1785 1846 1857 praesulum
1903 1787 2075 1846 sedes
2126 1789 2187 1846 in
2239 1787 2579 1850 Latinorum
2644 1781 2918 1850 urbibus,
2949 1778 3126 1840 locat,
3185 1772 3494 1846 expressis
3559 1772 3864 1823 utrorum-

497 1887 617 1944 que
640 1871 902 1942 juribus,
928 1889 1038 1929 sua
1063 1873 1385 1946 unicuique
1425 1873 1601 1945 plane
1639 1875 1921 1942 tribuens,
1957 1877 2193 1933 Graecos
2223 1875 2542 1948 episcopos
2573 1872 2636 1928 in
2667 1870 3008 1926 Latinorum
3042 1862 3294 1936 imperio
3324 1875 3395 1916 ac
3450 1857 3701 1913 ditione
3748 1867 3870 1907 con-

499 1959 665 2016 cordi
689 1960 894 2016 animo
922 1977 1108 2040 quam
1130 1962 1546 2036 pacatissimos
1581 1963 1899 2038 constituit.

571 2048 742 2104 Edita
761 2033 1023 2120 primum
1046 2033 1173 2105 hinc
1201 2051 1553 2106 Constitutio
1585 2033 1672 2107 est
1724 2033 1885 2107 anno
1941 2055 2173 2109 Domini
2234 2056 2387 2116 1260,
2438 2049 2515 2105 ab
2559 2047 2897 2104 Alexandro
2932 2040 3215 2117 pontiﬁce
3269 2051 3546 2099 summo,
3601 2033 3876 2120 Romano

497 2137 761 2208 eloquio,
786 2140 1188 2194 Romanorum
1228 2140 1579 2211 pontiﬁcum
1598 2157 1764 2196 more
1802 2157 1816 2207 ;
1847 2142 2064 2198 deinde
2094 2159 2130 2198 a
2160 2143 2394 2206 Graecis,
2427 2137 2748 2208 gentilibus
2796 2133 2919 2189 suis
2967 2127 3443 2190 consulentibus,
3511 2125 3731 2178 Graece
3762 2118 3875 2174 red~

498 2225 642 2291 dita,
677 2230 734 2281 et
764 2227 940 2282 Leoni
960 2209 1246 2283 Soleeensi
1277 2245 1432 2284 novo
1480 2229 1768 2302 episcopo
1806 2230 2051 2286 suffecto
2093 2246 2253 2286 anno
2304 2227 2539 2284 Domini
2605 2228 2737 2281 1297
2779 2239 2849 2278 ex
2896 2220 3190 2278 Leucosiae
3233 2214 3540 2302 tabulario
3590 2209 3875 2270 exhibita,

497 2329 908 2386 germanaque
933 2315 1322 2388 locupletium
1353 2318 1593 2373 testium
1626 2301 1953 2373 assertione
1984 2319 2308 2391 publicitus
2333 2315 2752 2388 comprobata.
2774 2315 2988 2367 Verum
3020 2324 3141 2380 qua
3164 2305 3466 2362 bellorum
3501 2301 3870 2391 incursione.

496 2418 622 2474 qua
640 2403 987 2461 Latinorum
1025 2387 1271 2476 incuria,
1307 2407 1514 2462 Latina
1536 2407 1752 2462 excidit
1781 2387 2004 2470 editio;
2029 2415 2086 2465 et
2115 2411 2318 2464 Graeca
2355 2387 2609 2469 tantum,
2638 2419 2669 2458 e
2695 2401 2910 2457 Graecis
2950 2398 3206 2454 librariis
3244 2405 3580 2463 nunquam
3652 2387 3872 2443 calamo

498 2491 883 2564 parcentibus
907 2500 1173 2559 exarata,
1205 2495 1264 2550 in
1288 2501 1521 2552 vetusto
1547 2496 1816 2566 quodam
1848 2512 1962 2552 ms.
1999 2499 2212 2570 Cyprio
2255 2494 2617 2564 Euchologio
2672 2489 3093 2562 Altempsianae
3123 2476 3870 2570 bibliotheciereperitur:

497 2595 653 2647 eam,
687 2596 781 2648 ne,
820 2586 885 2638 ut
925 2583 1234 2656 hucusque
1267 2584 1387 2639 alto
1415 2583 1648 2639 silentio
1673 2567 2055 2656 praeteritam,
2088 2567 2179 2643 isic
2215 2586 2392 2642 etiam
2442 2582 2909 2642 oblitescentem,
2937 2579 3070 2650 ipsa
3108 2589 3358 2647 prorsus
3402 2567 3868 2656 oblitteraretur.

497 2683 531 2724 ο
551 2667 754 2726 Graeco
785 2684 1074 2739 germano
1095 2651 1423 2744 eiemplari
1451 2651 1746 2728 Latinitati
1767 2687 2008 2730 rursum
2039 2651 2368 2742 restituere,
2395 2676 2450 2728 et
2511 2669 2715 2726 Latine
2758 2683 2829 2723 ac
2872 2669 3070 2723 Greece
3099 2677 3262 2720 nunc
3311 2659 3601 2732 primum
3642 2651 3870 2726 publico

498 2757 773 2814 Ecclesia
801 2757 965 2816 bono
985 2758 1161 2816 edere
1187 2760 1387 2816 visum
1419 2764 1524 2816 est.
