3934 6322
79 325 212 394 1541
1368 315 1846 392 CONSTITUTIO
1878 329 2128 398 CYPRIA
3282 331 3418 407 4542‘

66 467 182 524 σίας
211 459 631 535 ἀρχιεπισκόπου
667 461 718 512 ἐν
747 467 810 533 τῇ
837 461 964 534 αὐτῇ
1021 466 1159 532 νήσῳ
1217 463 1333 523 ἣτις
1394 457 1506 511 ἐστὶ
1561 462 1619 530 μί

1865 461 1994 516 efati
2025 469 2440 534 procuratores
2462 467 2685 538 pariter
2712 482 2847 524 cum
2882 468 3012 524 aliis
3039 470 3336 543 petierunt
3358 469 3418 530 ut

61 547 308 624 ἐπαρχία,
342 549 452 602 οὔτ’
482 545 712 608 ἠδύνατο
763 547 871 600 οὒτ’
928 549 1106 621 ὤφειλε
1154 550 1457 601 τάττεσθαι.
1503 546 1614 598 ’Ὀθι

1866 554 2067 606 :retum
2111 559 2316 610 contra
2343 555 2442 626 jus
2472 556 2676 623 latum,
2697 557 3091 615 ordinationis
3123 549 3419 636 assumpti

70 641 202 710 μετά
236 659 334 690 των
390 638 553 690 ἄλλων
611 635 828 698 ἐζήτουν
867 640 914 689 οἱ
965 638 1330 710 προλεχθέντες
1386 636 1623 709 ἐπίτροπι

1862 653 1887 691 1
1918 641 2194 696 Germani
2220 643 2299 697 ad
2332 643 2629 698 Leucosiae
2658 643 3000 709 Ecclesiam,
3032 652 3088 702 et
3117 649 3415 722 quidquid

63 728 129 777 ἶν’
194 726 426 798 ὁγέγονε
474 731 742 798 πρόκριμα
788 731 906 798 περὶ
954 732 1042 784 τὴν
1099 735 1190 777 τοῦ
1246 721 1616 800 προδιαληφθέπ

1862 725 1972 781 hac
2007 725 2135 798 ejus
2165 731 2538 786 ordinatione
2613 729 2702 786 vel
2769 727 2898 803 ejus
2946 751 3131 791 causa
3192 721 3415 794 factum

58 835 144 875 τος
200 821 454 890 Γερμανοῦ
505 815 554 866 ἐν
601 823 663 886 τῇ
723 823 819 876 τῆς
865 821 1158 877 Λευκοσίας
1207 813 1459 885 ἐκκλησίᾳ
1500 833 1611 864 κατι

1863 809 1979 869 nde
2029 815 2258 884 fuisset,
2300 834 2412 874 nos
2449 822 2947 876 constitueremus
3003 839 3132 879 esse
3161 825 3411 894 irritum,

56 923 262 972 στασιν,
290 911 377 958 καὶ
405 907 448 957 εἶ
484 925 535 957 τι
580 903 634 956 ἐκ
680 908 886 973 τούτου,
945 906 974 964 ἡ
1033 904 1194 958 ἕνεκεν
1255 908 1438 956 τούτου
1491 923 1609 976 παρη

1886 904 2340 974 prohiberemus
2381 923 2453 962 ne
2495 911 2817 964 Germanus
2872 909 2981 966 iste
3046 913 3251 985 aliqua
3299 915 3415 971 ulla

51 995 349 1061 κολούθηκε,
394 991 751 1055 διατάξασθαι
796 996 936 1065 ἡμᾶς
993 999 1062 1066 μὴ
1119 995 1258 1065 ἔχειν
1343 997 1400 1044 τὸ
1481 999 1604 1064 κῦρο

1481 999 1652 1064 κῦρος·
1764 991 2194 1065 archiepiscopi
2217 995 2353 1065 jura
2377 1002 2673 1052 exerceret
2701 995 2762 1052 in"
2796 999 3007 1070 Cypro.

54 1097 146 1144 καὶ
191 1091 417 1144 κωλῦσαι
470 1093 610 1164 ἡμᾶς
673 1095 761 1143 τὸν
820 1100 1054 1144 τοιοῦτον
1126 1095 1384 1166 Γερμανὸν
1479 1095 1570 1141 τοῦ
1646 1092 1718 1160 μὴ
1788 1087 2170 1161 ἐπεργάζεσθαί
2222 1112 2273 1144 τι
2338 1093 2385 1145 ἐν
2434 1102 2495 1166 τῇ
2540 1098 2727 1147 Κύποω
2793 1101 2910 1169 περὶ
2990 1105 3090 1149 τῶν
3145 1097 3411 1174 ἆριχιεπι-

58 1207 124 1238 σκ
133 1207 319 1240 οπικων
347 1185 381 1240 δ
388 1193 586 1240 ικαίων.

123 1286 438 1351 Τελευταῐον,
483 1285 755 1358 ὀχλήσεως
809 1284 893 1338 ἐπὶ
959 1290 1162 1348 τούτοις
1218 1289 1508 1356 γεγονυίας,
1563 1288 1654 1334 καὶ

1860 1284 2100 1340 l‘andem
2130 1302 2307 1357 super
2331 1287 2423 1344 his
2449 1289 2659 1345 oborto
2684 1273 2940 1347 tumultu
2963 1293 3285 1367 multisque
3309 1311 3413 1367 po-

47 1374 243 1426 πολλῶν
295 1377 429 1426 ἔνθεν
496 1377 730 1427 κάκείθεν
784 1383 1062 1446 γεγονυιῶν
1130 1377 1315 1427 θέσεων
1362 1376 1504 1448 παρὰ
1555 1393 1600 1423 τι

1865 1389 1890 1424 s
1921 1375 2353 1444 quaestionibus
2396 1377 2474 1432 ab
2505 1377 2575 1432 iis
2604 1379 2707 1451 qui
2741 1379 3051 1452 utriusque
3096 1383 3281 1454 partis
3309 1400 3413 1456 pa-

48 1461 273 1536 ἐκατέρῳ
328 1472 677 1537 παραστῆσαι
731 1467 1078 1536 πεταγμένων·
1169 1464 1276 1514 ἐπεὶ
1348 1461 1401 1525 ἐξ
1487 1461 1601 1512 αὔτε

1863 1461 2084 1516 cinium
2113 1463 2512 1520 sustinebant:
2541 1469 2831 1538 quoniam
2854 1485 2925 1523 ex
2950 1469 3093 1541 ipsis
3108 1471 3260 1541 juris
3279 1487 3413 1544 pro-

51 1561 155 1601 τῶν
212 1547 521 1615 ἀποδείξεων
575 1560 666 1604 τοῦ
715 1547 926 1604 δικαίου
989 1548 1159 1604 ἐδόκει
1211 1550 1520 1604 ἐκτετάσθαι
1585 1568 1604 1601 ε

1858 1549 2112 1605 tionibus
2143 1551 2202 1606 in
2229 1551 2479 1624 longum
2502 1554 2818 1611 videbatur
2837 1557 3272 1629 protrahendas
3288 1560 3411 1616 fore

45 1647 218 1708 μῆκος
248 1643 340 1702 τὰς
361 1647 457 1702 τῆς
497 1639 772 1712 ὀχλήσεως
818 1637 1112 1712 διχονοίας,
1163 1642 1188 1692 ὁ
1239 1641 1416 1714 ῥηθεὶς
1473 1638 1598 1714 αρχι

1859 1639 2183 1694 ltroversiee
2220 1641 2648 1712 dissensiones,
2676 1644 2868 1700 dictus
2927 1647 3412 1719 archiepiscopus

46 1732 309 1790 πίσκοπος
335 1731 619 1800 Γερμανοός
678 1730 804 1800 ἡμῖν
860 1731 1193 1781 καθικέτευσε
1243 1737 1516 1796 ταπεινῶς,
1561 1747 1599 1778 τι

2634 1700 2647 1712 ,
2953 1700 3408 1719 H,,,s_r___-rm

1858 1743 2098 1782 rmanus
2163 1729 2466 1801 humiliter
2539 1729 2897 1804 supplicavit
2934 1735 3110 1791 nobis
3167 1752 3242 1791 ne
3293 1741 3411 1791 tam

39 1820 117 1887 μή
184 1819 460 1878 τοσαύταις
511 1817 884 1889 μακρολογίαις
945 1818 1300 1890 περιέλκεσθαι
1373 1826 1435 1890 τῇ
1506 1837 1592 1869 πτι

1859 1813 1960 1884 ιςὶε
1985 1815 2283 1886 ejusmodi
2313 1818 2817 1890 disputationibus
2841 1838 2978 1878 eum
3002 1823 3412 1880 circumveniri

44 1909 176 1976 χείᾳ
235 1915 329 1966 τῆς
384 1915 483 1957 τῶν
542 1913 774 1978 Γραικῶν
849 1906 1158 1967 Ἐκκλησίας
1213 1911 1303 1958 καὶ
1368 1909 1597 1959 τοσαῦτα

1855 1902 2138 1974 distineri,
2152 1911 2376 1962 attenta
2389 1907 2660 1962 Ecclesiae
2675 1910 3014 1965 Griecorum
3031 1913 3408 1984 paupertate:

45 2001 170 2056 ταῖς
197 1991 498 2056 δυσκολίαις
517 1999 907 2071 προσφέρεσθαι
969 2019 980 2029 ·
1037 1995 1340 2068 βουλόμενοι
1394 2001 1488 2054 τήν
1553 2017 1598 2047 κι

1859 2008 1913 2046 ve
1939 1997 2018 2049 tot
2044 1998 2361 2067 tantasque
2395 2012 2664 2051 morosas
2684 1996 3060 2054 difﬁcultates
3080 1999 3141 2054 in
3156 2001 3412 2056 medium

46 2086 305 2136 τάστασιν
391 2085 557 2146 αὐτῆς
653 2083 743 2138 καὶ
801 2086 1028 2159 εἰρήνην,
1084 2087 1346 2159 ὀφείλομεν
1418 2085 1599 2158 εἰρηνω

1864 2081 1958 2136 arri
1981 2081 2314 2138 sineremus
2343 2101 2356 2137 :
2391 2085 2768 2140 consulentes
2797 2087 2975 2142 statui
3006 2088 3193 2158 ipsius
3224 2093 3281 2145 et
3305 2083 3417 2161 pa-J

47 2167 288 2235 διατάξει
399 2172 745 2235 ἀποστολικῆς
857 2177 1228 2235 καταστάσεως
1332 2179 1506 2250 προμή
1516 2176 1600 2226 θειι

1866 2185 2110 2242 aequum
2139 2171 2422 2226 duximus
2451 2171 2702 2243 paciﬁca
2728 2175 3148 2250 constitutione
3177 2191 3251 2231 ex
3270 2192 3415 2249 apo-

46 2259 279 2331 ἐπάγειν,
355 2258 427 2314 δι’
487 2263 545 2323 ἧς
631 2270 1062 2334 κατασιγήσουσι
1100 2273 1198 2315 τῶν
1247 2263 1540 2334 ὁχλούντων

1859 2256 1979 2314 lica
2006 2258 2395 2330 dispositione
2427 2259 2665 2316 salubre
2704 2248 2851 2318 inire
2901 2263 3238 2332 consilium,
3290 2248 3412 2337 quo

40 2348 287 2421 λογισμοὶ
361 2357 450 2403 καὶ
507 2353 608 2404 ὑπὸ
659 2355 895 2425 ὑποταγῇ
964 2360 1059 2410 τῆς
1115 2353 1382 2424 Ῥωμαίων
1437 2350 1590 2404 Ἐκκλ

1863 2342 2178 2398 sidentium
2212 2345 2528 2416 quiescant
2557 2344 2743 2415 litigia
2792 2351 2848 2401 et
2890 2347 3002 2403 sub
3049 2347 3272 2404 ditione
3314 2352 3413 2404 Ec-

43 2441 174 2499 σίας
203 2438 312 2506 (10)
345 2441 396 2490 οἱ
423 2439 795 2514 προρῥηθέντες
856 2445 1071 2515 Γραικοὶ
1121 2443 1256 2502 ζωὴν
1308 2439 1496 2501 ἄξουσι
1526 2458 1596 2511 με

1860 2433 1955 2486 sise
1976 2434 2357 2488 Romanorum
2378 2435 2562 2490 vitam
2583 2434 2813 2506 praefati
2834 2437 3018 2492 Graeci
3040 2454 3172 2492 cum
3195 2437 3413 2493 Latinis

40 2534 147 2576 τῶν
182 2532 415 2579 Λατίνων
446 2528 729 2603 εἰρηνικήν.
789 2525 957 2582 Οὐδὲν
1013 2530 1314 2601 θαυμαστὸν
1366 2532 1421 2581 τὸ
1478 2528 1593 2581 λοιπ

1861 2525 1991 2576 eant
2014 2520 2347 2591 paciﬁcam.
2380 2524 2494 2575 Nec
2524 2522 2744 2577 mirum
2779 2523 2829 2577 si
2873 2525 3215 2580 Latinorum
3265 2528 3414 2582 Gra-

41 2616 194 2677 ἓθνος
221 2624 321 2668 τῶν
351 2621 588 2668 Λατίνων
623 2622 713 2670 καὶ
771 2623 1024 2692 Γραικῶν,
1081 2627 1176 2678 τῆς
1221 2617 1533 2679 Ἐκκλησίας
1561 2638 1591 2670 τ

1861 2624 2095 2680 'umque
2122 2625 2311 2680 genus
2329 2609 2804 2682 Ecclesieeipsius
2832 2609 3009 2684 Cypri
3057 2614 3238 2669 variis
3284 2614 3414 2684 agi-

46 2702 221 2764 αὖτῆς
261 2707 471 2777 Κύπρου
535 2703 589 2756 ἐκ
653 2702 914 2777 διαφόρων
969 2705 1239 2777 ὀχλήσεων
1295 2706 1599 2778 σαλευομένη

1862 2715 1902 2754 se
1932 2699 2140 2771 turbis,
2178 2699 2570 2758 seditionibus
2613 2702 2992 2772 perturbtum
3017 2707 3246 2772 aestuet,
3277 2720 3415 2760 cum

48 2799 269 2866 ταραχῇ
321 2796 670 2866 κυμαίνεσθαι
704 2815 716 2827 ·
778 2793 1068 2869 ἐξαίρηται,
1122 2798 1291 2857 καθώς
1347 2793 1601 2868 δακρίνομ

1864 2794 2088 2851 :rescat,
2119 2795 2182 2843 ut
2209 2788 2632 2858 dijudicamus,
2661 2789 2721 2844 id
2745 2790 2913 2862 quod
2961 2791 3271 2863 praebebat
3311 2809 3417 2850 an-

47 2880 83 2931 ὂ
161 2878 390 2955 ἐπιφερεν
457 2887 550 2941 τὴν
626 2883 890 2955 ὑπόθεσιν,
962 2903 1020 2935 το
1097 2882 1503 2958 ἀσυμπέραστον
1556 2904 1600 2934 τε

1865 2893 1900 2931 n
1945 2877 2300 2950 dissidiique
2331 2879 2643 2934 materiam
2674 2881 3052 2950 suggerebat,
3107 2882 3418 2956 multiplex

42 2969 285 3041 ἁκρσιῶν
350 2975 470 3044 περὶ
526 2975 620 3029 τὴν
674 2979 766 3024 τοῦ
827 2972 1005 3034 τέλους
1056 2973 1203 3034 τάξιν
1257 2974 1416 3024 ἕνεκεν
1468 2975 1591 3024 τούτ

1865 2965 2053 3020 uirum
2084 2964 2185 3021 illa
2220 2965 2370 3036 juris
2420 2966 2847 3040 alterutrinque
2881 2969 3122 3025 dicendi
3163 2967 3418 3027 dandive

43 3061 136 3109 ὅτι
175 3059 244 3118 ὡς
297 3060 327 3116 ἡ
387 3055 615 3132 διαφορὰ
664 3069 764 3111 τῶν
823 3063 1076 3133 σωμάτων
1123 3066 1212 3114 καὶ
1260 3063 1289 3118 ἡ
1361 3070 1462 3113 τῶν
1519 3062 1596 3120 ἠθε

1866 3053 2090 3110 iscreta
2119 3054 2369 3109 actionis
2403 3054 2674 3125 facultas,
2727 3072 2798 3112 eo
2834 3057 3000 3128 quod
3039 3061 3219 3114 etiam
3250 3058 3419 3116 varia

46 3151 369 3217 ἀσυμφωνία
454 3148 671 3200 εἰώθασι
748 3155 924 3220 γεννῷ
993 3146 1269 3221 διχονοίας
1323 3148 1372 3201 ἐν
1419 3157 1482 3222 τῇ
1540 3149 1599 3201 ἀν

1866 3159 2090 3214 ’ρονυω
2103 3159 2172 3199 ac
2193 3159 2430 3198 morum
2455 3143 2857 3215 discrepantia
2868 3161 3080 3216 parere
3103 3149 3419 3204 consuevit

47 3242 256 3307 στροφῇ
338 3245 439 3287 τῶν
519 3237 824 3309 ὀμοζὼντων
885 3239 986 3290 ὑπὸ
1038 3238 1304 3298 ποικίλαις
1361 3240 1600 3296 συνηθείο

1865 3232 2014 3287 sidia
2036 3232 2093 3287 in
2127 3230 2401 3288 familiari
2459 3233 2907 3289 conversatione
2933 3250 3140 3290 eorum
3171 3237 3278 3308 qui
3303 3237 3416 3292 sub

44 3329 471 3399 παρατηρήσεων
536 3334 636 3378 τῶν
709 3337 910 3396 γενεῶν.
974 3328 1145 3400 Ἠμεῐς
1200 3324 1307 3393 οὖν,
1363 3327 1411 3380 οἱ
1468 3327 1521 3379 ἐκ
1568 3348 1594 3379 τ

1862 3321 1947 3376 riis
1973 3320 2348 3376 diversarum
2380 3321 2690 3376 nationum
2719 3322 2999 3379 institutis
3027 3323 3209 3380 simul
3234 3325 3415 3381 vitam

43 3411 380 3484 ἐπικειμένης
411 3416 536 3486 ἡμῖν
575 3423 674 3478 τῆς
734 3414 1084 3479 ἀποστολικῆς
1148 3416 1474 3489 λειτουργίας
1526 3415 1596 3487 ὀφ‹

1866 3414 2018 3466 sunt.
2059 3412 2173 3466 Nos
2231 3425 2392 3480 ergo,
2446 3409 2551 3483 qui
2610 3410 2881 3482 injuncto
2955 3412 3131 3468 nobis
3181 3419 3419 3486 aposto-

39 3501 204 3572 λομεν
244 3507 334 3554 καὶ
384 3504 670 3576 ὀρεγόμεθα
725 3512 832 3566 τοῖς
872 3504 917 3555 τ’
969 3503 1117 3577 ἐγγὺς
1183 3512 1287 3565 τοῖς
1340 3524 1394 3557 τε
1457 3525 1592 3577 μακρ

1865 3516 1882 3556 )
1906 3515 2152 3554 munere
2168 3515 2304 3554 cum
2327 3515 2476 3571 pace
2500 3515 2746 3571 pascere
2777 3505 3047 3558 tenemur
3061 3508 3117 3558 et
3141 3503 3418 3576 cupimus

42 3591 270 3661 φάσκειν
357 3591 585 3664 εἰρήνην,
661 3596 980 3665 ποσέχοντες
1048 3593 1299 3666 ἐπιμελῶς
1368 3595 1595 3669 θεραπεύι

1866 3605 1891 3643 a
1924 3588 2105 3644 modo
2131 3602 2232 3642 eos
2293 3587 2398 3660 qui
2445 3603 2655 3660 prope,
2706 3603 2920 3645 verum
2959 3590 3139 3646 etiam
3184 3607 3288 3648 eos
3313 3591 3419 3664 qui

52 3688 155 3732 τοῦ
187 3681 280 3742 τὰς
319 3680 698 3754 προλεχθείσας
739 3683 1052 3744 Ἐκκλησίας
1098 3683 1290 3756 βεϐαίᾳ
1347 3683 1488 3746 τάξει
1527 3680 1605 3736 διε

1878 3693 1948 3747 ge
1980 3680 2138 3742 sunt,
2164 3675 2376 3731 sollicit
2416 3675 2640 3731 mederi
2699 3677 3002 3733 studentes
3039 3678 3303 3749 praefatis
3324 3682 3425 3734 Ec-

53 3770 312 3821 θύνεσθαι
375 3775 506 3844 πρὸς
580 3770 824 3836 ἀλλήλας,
891 3776 982 3824 καὶ
1035 3770 1289 3844 ἆμοιϐαίᾳ
1352 3771 1401 3823 ἐν
1450 3781 1606 3847 Χρισπ

1868 3766 1972 3821 siis
1994 3782 2096 3822 eas
2107 3764 2283 3820 ﬁrma
2295 3765 2878 3822 constitutioneinter
2899 3783 2960 3823 se
2978 3769 3421 3841 componendo.

53 3857 432 3930 εὐφραίνεσθαι
501 3868 564 3931 τῇ
646 3865 844 3934 εἰρήνῃ,
911 3863 1224 3936 ἱκανωτέρως
1279 3864 1606 3936 προεμηθιυσ

1876 3871 1898 3910 )
1938 3859 2147 3909 mutua
2174 3854 2236 3908 in
2281 3854 2510 3909 Christo
2545 3869 2693 3924 pace
2721 3854 3016 3921 fruantur,
3037 3856 3180 3912 satis
3211 3872 3429 3928 oppor-

55 3948 201 4018 μεθα
225 3949 320 4008 τὰς
361 3952 553 4000 τούτων
604 3946 916 4012 διαστάσεις
970 3951 1182 4023 ἡσύχου
1243 3947 1527 4013 διατάξεως
1581 3971 1608 4002 κ

1875 3959 1920 3998 ιθ
1949 3942 2361 3999 consuluimus
2380 3942 2597 3997 harum
2623 3941 2871 3998 dissidia
2891 3943 3132 4015 placida
3146 3946 3428 4002 constitu-

57 4035 355 4105 τευνάζειν,
418 4035 609 4110 ἀρεστῇ
690 4037 958 4110 συμϐουλῇ
1069 4040 1098 4098 ᾖ
1152 4048 1395 4111 κριτικῆς
1450 4038 1610 4092 ἐκκοπ

1874 4049 1939 4088 ne
1966 4031 2196 4101 sedare,
2246 4029 2639 4086 consistoriali
2685 4029 2970 4086 nimirum
2999 4031 3427 4092 deliberatione

57 4128 320 4196 μαχαίρᾳ
358 4121 392 4176 δ
397 4125 695 4200 ιακληροῡν.

1783 4140 1886 4179 seu
1902 4119 2203 4192 judicialis
2233 4117 2552 4174 decisionis
2578 4118 2778 4189 gladio
2799 4137 2871 4176 ea
2913 4119 3283 4178 dirimentes.

137 4217 327 4265 Τοίνυν
373 4222 474 4265 τῶν
539 4216 781 4291 οχληρῶν
843 4217 1158 4289 φιλονεικιῶν
1227 4219 1362 4269 ἔνθεν
1440 4215 1674 4269 κάκεῖθεν

1877 4216 2001 4268 lum
2070 4210 2249 4278 igitur
2315 4224 2529 4278 graves
2617 4207 3031 4282 seditiosasque
3105 4214 3430 4271 contentio-

55 4307 185 4362 ταῖς
227 4311 326 4354 τῶν
415 4303 735 4357 λεπτοτάτων
798 4305 1100 4380 ἀποφοραῖς,
1181 4315 1281 4357 τῶν
1339 4325 1393 4358 τε
1446 4305 1605 4379 θορύϐ

1874 4319 1888 4356 ς
1956 4298 2271 4354 levissimis
2332 4297 2568 4368 jactatis
2649 4297 3090 4368 objectionibus
3162 4317 3268 4373 per
3340 4307 3427 4358 tu-

53 4399 167 4442 τῶν
214 4385 486 4453 διαλέξεων
525 4392 592 4454 εἰς
652 4397 709 4445 τὸ
768 4392 1048 4468 ἀπέραντον
1103 4393 1180 4447 ἀεί
1230 4393 1606 4468 προϐαινόντων

1875 4389 2146 4444 Iltuantes
2205 4385 2660 4458 disputationes,
2687 4385 2746 4441 in
2802 4387 3101 4444 inﬁnitum
3156 4389 3428 4446 vincendi

50 4481 476 4551 προστάττοντες
513 4489 576 4554 τῇ
631 4491 731 4534 τῶν
774 4485 1033 4556 ἡμετέρων
1079 4481 1309 4555 ἀδελφῶν
1369 4482 1532 4555 βουλῇ
1585 4504 1603 4533 ν

1871 4478 1980 4533 ιάὶο
2003 4475 2454 4549 procendentes,
2478 4475 2537 4529 in
2568 4480 2820 4549 utraque
2850 4481 3015 4548 parte
3045 4477 3160 4533 sint
3175 4478 3424 4550 obortae,

48 4576 131 4638 τῷ
215 4569 528 4642 πληρώματι
609 4579 700 4632 τῆς
756 4569 1108 4633 ἁποστολίκῆς
1168 4570 1403 4633 ἐξουσίας
1464 4591 1478 4606 ο
1515 4575 1599 4623 ὅντ

1885 4568 2135 4624 fratrum
2172 4569 2516 4621 nostrorum
2542 4564 2787 4620 consilio
2807 4571 2866 4622 et
2893 4566 3263 4638 plenitudine
3287 4585 3428 4642 apo-

50 4656 280 4714 ἐνώπιον
361 4658 474 4730 (11)
545 4657 690 4732 ἡμῶν
777 4668 869 4712 τοῦ
946 4660 1187 4735 ῥηθέντος
1240 4664 1522 4734 Γερμανοῦ,
1577 4679 1603 4710 τ

1872 4657 2003 4712 licae
2043 4654 2368 4729 potestatis,
2423 4653 2755 4709 constitutis
2811 4671 3015 4711 coram
3057 4656 3233 4713 nobis
3267 4657 3425 4714 dicto

48 4754 163 4798 τῶν
237 4750 472 4818 Γραικῶν
550 4745 994 4820 ἀρχιεπεσκόπου,
1080 4753 1168 4801 καὶ
1245 4757 1344 4800 τῶν
1442 4747 1601 4800 εὐλαϐη

1870 4761 2074 4802 rmano
2129 4742 2580 4815 archiepiscopo
2629 4747 2686 4799 et
2749 4744 3091 4800 reverendis
3141 4745 3423 4801 fratribus

131 4941 253 5009 (10)
306 4945 417 5013 Τῶν
486 4940 750 5013 Ῥωμαῖων
801 4942 1128 5003 Ἐκκλησίας.
1180 4944 1451 4998 Romaeos
1496 4946 1666 5000 vocat
1772 4949 1862 4994 τοῦ
1945 4947 2044 5013 τῶν
2132 4939 2441 5013 Ῥωμαίωνῌ
2482 4940 2771 5013 ἐπισκοπου
2828 4935 3128 5013 λαμϐανέτω
3192 4939 3424 5013 ζκαστοσ

47 5007 328 5092 Graecos.
350 5011 442 5065 Sic
463 5007 880 5092 primohvocati
908 5020 1044 5069 sunt
1074 5013 1114 5069 ii
1137 5013 1259 5092 qui
1285 5013 1397 5068 sub
1443 5013 1600 5092 ditio]

1867 5007 2326 5092 τίνος-ἐπίσκοπος
2388 5007 2797 5092 Unusquisque
2832 5007 3082 5092 Latinus
3113 5011 3420 5092 episcopus

46 5079 642 5161 eranthimperatoris
661 5086 1020 5161 Graecorum,
1054 5079 1226 5161 cujus
1244 5084 1477 5155 imperii
1496 5086 1665 5141 sedes
1773 5087 1969 5140 sumat
1987 5083 2402 5161 juramentym
2421 5079 2751 5161 ﬁdelitatjs.
2779 5079 2855 5135 ab
2871 5081 3140 5161 episcopo
3167 5082 3424 5161 flamma-

46 5098 234 5136 erant
262 5098 345 5136 1m
396 5098 642 5138 aratoris
661 5098 1020 5152 Graecorum,
1054 5101 1226 5156 οιῃιιε
1244 5099 1477 5155 imperii
1496 5098 1665 5141 sedes
1773 5098 1969 5140 sumat
1987 5098 2402 5150 Juramemum
2421 5098 2751 5159 [ιαειιιαιιε.
2779 5098 2855 5135 ao
2871 5098 3140 5161 eptscopo
3167 5098 3416 5160 πονηωο-

45 5168 195 5228 cum
228 5098 426 5228 Cpqiis
441 5156 614 5218 esset,
634 5154 711 5228 ab
731 5155 1057 5228 ipsisnova
1080 5157 1271 5228 Roma
1293 5161 1661 5228 nuncupata,
1775 5171 1930 5214 rum.
1950 5151 2236 5228 nimirum
2263 5149 2340 5204 ab
2367 5165 2650 5228 episcopo
2667 5149 3004 5228 Graecorum
3021 5165 3152 5228 ejus
3178 5151 3416 5228 insulae.

43 5221 304 5308 idcirco:
327 5225 666 5308 Graecorum
690 5221 1009 5308 imperium
1027 5227 1380 5308 Romaniam
1398 5221 1655 5308 appella?
1774 5229 2083 5308 llomaeum
2109 5221 2601 5308 [iatinoopponit
2618 5221 2765 5308 quia
2798 5221 2927 5308 ejus
2956 5221 3216 5308 insulani
3239 5222 3302 5278 in
3333 5222 3421 5278 di-

43 5294 228 5374 bant.
255 5295 595 5374 .Concilium
631 5291 1025 5374 Lugtiunense
1057 5298 1170 5353 sub
1200 5291 1544 5374 Innocentio
1572 5299 1662 5374 IV,
1772 5293 2099 5374 tione-olim
2135 5291 2376 5374 fuerant
2415 5291 2793 5374 imperatoris
2836 5293 3106 5350 Orientis.
3146 5369 3155 5374 _
3378 5363 3388 5374 _

44 5365 138 5420 ad
152 5365 450 5445 trinitatem
467 5363 1039 5445 ῌογηαηεεΕςςιεεία»
1057 5371 1580 5445 totumﬁomanig,
1597 5363 1663 5424 id
1841 5368 1951 5445 (lt)
2003 5367 2272 5445 :vajt'toml
2335 5363 2490 5440 Tres.
2556 5366 2788 5445 tantum
2846 5369 3247 5445 recensentur
3295 5363 3417 5445 epi-

41 5443 136 5512 est
169 5436 431 5512 Graeciaa,
463 5439 800 5506 imperium.
827 5442 1140 5512 Eosautem
1156 5442 1255 5512 qui
1271 5440 1349 5494 illi
1365 5439 1662 5512 parebant
1770 5433 2093 5512 scopi‘ejus
2119 5433 2350 5512 inspltB.
2389 5433 2534 5512 (111Ῑᾷ
2558 5446 2597 5503 q
2605 5439 2808 5512 “81‘th
2828 5435 3104 5512 APSiODeS
3127 5436 3190 5491 in
3211 5433 3416 5506 Papho

42 5507 316 5592 imperio
340 5503 612 5592 Rom‘aeos
634 5511 1070 5592 nuncupabant
1083 5517 1141 5566 ut
1155 5503 1200 5592 τί,
1221 5503 1501 5592 Romanis
1517 5512 1663 5592 Lati—
1761 5503 1892 5592 jam
1902 5503 2415 5592 obieratLejusque
2429 5505 2610 5592 sedes
2613 5503 2885 5576 vacabat,
2895 5511 2958 5562 ut
2969 5503 3416 5579 extremaparte

43 5579 148 5632 nis
165 5578 666 5652 antiquaillomas
687 5577 950 5637 nominis
980 5583 1159 5638 etiam
1185 5581 1505 5637 inﬂexione
1532 5582 1657 5637 dis-
1762 5577 1945 5652 hujus
1975 5577 2418 5636 Constitutionis
2447 5577 2628 5646 patet.

43 5649 392 5705 cernerent.
416 5649 578 5707 Clare
597 5650 658 5707 id
675 5652 737 5708 in
755 5652 871 5710 hac
896 5652 1026 5724 ipsa
1047 5652 1492 5724 Constitutione,
1513 5654 1659 5726 παρὰ
