3934 6322
44 370 200 438 ηις
528 465 532 467 ς
1348 379 1597 441 CONS‘I'I‘

1879 345 2108 441 mihi.
2438 463 2441 467 ι
3288 362 3432 456 issu

43 507 136 568 οἷς
194 491 222 557 ό
285 491 669 580 μήτροπολίτης
717 491 776 558 ix
856 498 1078 581 νομίμου
1149 505 1361 561 δικαίου
1445 504 1596 562 δύνατ

1877 525 1904 564 a
1927 512 2033 581 est,
2063 523 2206 580 erga
2230 521 2334 568 eos
2344 509 2453 584 qui
2472 519 2581 571 suo
2597 515 2739 572 sunt
2760 517 3145 590 suﬂ‘raganeo
3177 523 3430 595 subjecti

47 592 432 648 δικαιοδοσίαν
484 597 720 659 ίξαοκείν
755 596 828 658 εἰς
865 601 983 658 τοὺς
1032 605 1128 650 τοῦ
1164 599 1436 672 συνερίθου
1497 598 1600 650 αύτι

1032 605 1128 650 τοῦ
1164 599 1436 672 συνερίθου
1497 598 1666 650 αὐτῶν
1771 597 2251 668 jurisdictionem
2272 616 2570 662 exercere.

46 688 528 758 ὑποτεταγμένους,
555 683 721 759 μηδὲν
748 687 1145 762 ἁρπαζέτωσαν.

130 780 199 828 Δί
274 773 332 829 δὲ
382 777 547 828 αἰτίαι
623 779 678 828 αἱ
755 776 1048 835 ἀνήκουσαι
1129 785 1191 849 τῇ
1247 776 1660 849 ἂκκλησιαστικῇ

1872 777 2056 833 )ausaa
2076 793 2212 850 quae
2235 779 2315 835 ad
2335 781 2802 841 ecclesiasticum
2830 792 3102 858 spectant
3131 789 3348 861 forum,
3376 791 3425 850 si

45 866 310 939 συλλογῇ,
341 867 384 919 εὶ
429 867 840 941 ἀποστραφῶσιν
870 866 919 918 ἐν
970 875 1081 929 τοῖς
1132 871 1394 941 Γραικοῖς,
1454 868 1523 926 εἰς
1573 884 1598 918 τ

1870 870 2292 924 itrovertantur
2323 870 2471 926 inter
2500 874 2755 943 Graecos,
2787 890 2824 930 a
2854 891 2964 932 suo
3019 893 3228 936 eorum
3280 897 3423 952 gen-

39 958 215 1010 αὐτὸν
244 957 510 1030 σύμφυλον
557 957 811 1032 ἀρχιερέα
859 960 1238 1030 κρινέσθωσαν.
1306 957 1425 1009 Ἐὰν
1479 953 1539 1008 δι
1591 998 1592 1001 η

1879 955 2224 1024 judicentur
2251 960 2554 1030 pontiﬁce;
2578 965 2626 1017 si
2653 979 2798 1021 vero
2852 966 3002 1022 inter
3052 970 3324 1026 Latinum
3370 977 3426 1028 et

45 1052 280 1100 Λατῖνον
339 1052 429 1099 καὶ
507 1051 747 1120 Γραικὸν,
827 1050 927 1099 εἴτε
977 1048 1004 1098 ό
1063 1050 1284 1121 Γραικὸς
1349 1045 1598 1117 ἢκαλείτι

1872 1060 2066 1109 ecum;
2095 1048 2215 1102 sive
2247 1050 2484 1106 Graecus
2510 1060 2838 1120 accusetur,
2869 1057 2946 1111 ad
2978 1057 3254 1114 Latinum
3310 1060 3425 1118 loci

40 1137 125 1198 εἰς
176 1140 263 1189 τὸν
331 1143 552 1191 Λατῖνον
621 1146 714 1189 τοῦ
766 1142 928 1189 τόπου
1003 1136 1254 1212 ἀρχιερέα
1309 1135 1592 1210 ἀναφερίσθ

1873 1133 2140 1191 itiﬂicem
2156 1138 2841 1211 referanturjudicaliter
2867 1145 3239 1220 dirimendas,
3262 1149 3426 1207 salva

45 1245 155 1278 σαν
195 1237 444 1303 κριτικῶς
501 1223 975 1301 διαχωριζὸμεναι,
1028 1227 1162 1285 πλὴν
1215 1227 1512 1300 σωζομένης
1568 1245 1598 1276 τ

1871 1239 1973 1280 aen
2004 1227 2348 1298 apostolica
2379 1229 2538 1285 sedis
2558 1236 2977 1304 praerogativa,
3011 1239 3185 1309 cujus
3243 1255 3424 1312 opem

41 1316 410 1377 ἀποπολικῆς
450 1313 706 1390 καθέδρας
763 1318 1052 1389 ὑπεροχῆς,
1110 1320 1240 1390 πρὸς
1295 1316 1357 1376 ἧς
1409 1313 1594 1387 βοήθει

1870 1314 1963 1369 :ati
1980 1330 2193 1370 omnes
2220 1318 2566 1376 immediate
2599 1329 2857 1393 possunt
2885 1325 3223 1398 implorare.
3250 1329 3314 1384 Si
3345 1330 3423 1386 ab

41 1409 240 1469 πάντες
293 1410 341 1460 οἱ
397 1405 685 1479 θλιϐόμενοι
741 1403 990 1458 δύνανται
1070 1403 1276 1477 ἀμὶσως
1339 1405 1594 1478 ἐπαναστρ

1869 1417 2054 1474 scopo
2075 1405 2280 1460 Graeco
2309 1407 2516 1479 aliqua
2534 1409 2875 1467 instituatur
2892 1418 3191 1472 accusatio
3210 1419 3421 1474 adver-

42 1515 184 1568 φειν.
218 1497 278 1549 Εἰ
340 1499 486 1568 παρὰ
529 1503 622 1548 τοῦ
677 1495 964 1548 ἐπισκόπου
1029 1500 1255 1568 Γραικοῡ
1319 1498 1530 1565 γίνηταί
1581 1512 1595 1545 1

1868 1508 1876 1543 ε
1910 1493 2184 1548 Latinum
2209 1495 2561 1568 episcopum
2590 1498 2652 1553 in
2682 1516 2753 1556 ea
2777 1501 3019 1558 dioecesi
3049 1504 3108 1559 in
3124 1517 3249 1578 qua
3271 1509 3421 1563 Gras-

38 1585 297 1657 ἓγκλησις
360 1589 496 1638 κατὰ
531 1593 626 1637 τοῦ
676 1589 902 1638 Λατίνου
960 1583 1247 1636 ἐπισκόπου
1298 1583 1371 1644 εἰς
1420 1583 1480 1634 οὗ
1543 1582 1591 1633 ἕν

1866 1597 1875 1632 ι
1901 1586 1988 1636 est
2025 1583 2370 1655 episcopus,
2396 1586 2556 1652 inde,
2585 1603 2724 1644 cum
2737 1592 3059 1648 necessitas
3078 1595 3419 1666 postulave-

36 1679 171 1750 ρίαν
233 1678 259 1728 ὁ
318 1676 476 1737 αὐτὸς
570 1669 826 1746 τυγχάνει
908 1677 1130 1748 Γραικὸς
1217 1672 1514 1742 ἕπισκοπος,

1768 1667 1862 1735 rit,
1893 1670 1972 1724 ad
2005 1672 2302 1728 Leucosiae
2329 1681 2670 1733 recurratur
2725 1680 3270 1756 archiepiscopum.

33 1784 108 1837 γε
166 1770 346 1840 χρεία,
418 1763 644 1817 ἐντεῦθεν
717 1763 1046 1838 ἀνατρεχέτω
1102 1767 1192 1814 καὶ
1247 1765 1379 1837 πρὸς
1431 1766 1518 1814 τὸν
1557 1769 1654 1822 τῆς

32 1859 342 1916 Λευκοσίας
378 1853 816 1927 ἀρχιεπίσκοπον.
1691 1857 1732 1910 Β
1805 1875 1831 1894 ε·

121 1951 198 2017 Τῇ
249 1947 492 2019 παρούσῃ
549 1961 606 1997 τε
661 1942 900 2006 Διατάξει
981 1943 1294 2014 θεσπίξομεν
1347 1943 1430 1994 ἵνα
1480 1941 1530 1994 ὶν
1585 1949 1650 2014 τῇ

1868 1939 2119 1994 'rtesenti
2147 1939 2262 1996 hac
2294 1942 2720 2003 Constitutione
2759 1946 3070 2008 sancimus
3101 1956 3167 2011 ut
3191 1951 3251 2011 in
3283 1953 3421 2014 civi.

32 2033 196 2086 πόλει
232 2034 262 2093 ἢ
294 2032 343 2086 ἄν
370 2041 432 2106 τῇ
466 2032 639 2107 ἕνορίᾳ
688 2039 782 2086 τοῦ
841 2036 1066 2086 Λατίνου
1120 2029 1422 2105 ἀρχιερέως,
1483 2049 1585 2102 χωρ

1861 2038 1885 2079 Β
1920 2026 2012 2081 vel
2040 2027 2282 2086 dioecesi
2311 2031 2372 2086 in
2415 2046 2540 2106 qua
2587 2037 2894 2096 audientia
2941 2041 3137 2098 forum
3175 2047 3414 2102 actorio.

33 2133 146 2185 τῆς
209 2120 483 2195 διατριϐῆς
559 2129 654 2183 τῆς
716 2123 1010 2182 ἐπισκοπῆς
1060 2129 1161 2172 τῶν
1219 2126 1452 2193 Γραικῶν
1503 2124 1586 2171 καί

1889 2115 1976 2171 rei
2004 2121 2093 2172 est
2122 2119 2312 2176 Latini
2339 2121 2662 2192 pontiﬁcis,
2704 2133 2872 2183 extra
2924 2129 3124 2188 locum
3185 2133 3248 2189 in
3296 2149 3417 2207 quo

38 2209 207 2286 δρας,
238 2210 349 2284 μεθ’
380 2210 441 2263 οὗ
469 2215 527 2263 τὸ
561 2209 907 2284 ἀκροατήριον
956 2217 1049 2262 τοῦ
1098 2209 1285 2280 ἐνόχου
1340 2209 1371 2266 ἣ
1425 2216 1518 2260 τοῦ
1573 2205 1591 2260 ὲ

1863 2205 2128 2276 scopalis
2157 2209 2491 2266 Graecorum
2522 2219 2842 2272 constituta
2861 2219 3035 2274 sedes
3061 2223 3170 2289 est,
3196 2222 3244 2278 si
3267 2202 3416 2296 quid

36 2305 225 2367 καίου,
281 2303 325 2352 εἶ
349 2301 450 2352 τιν’
506 2302 621 2373 ἔχει
676 2302 703 2352 ὸ
765 2303 987 2374 Γραικὸς
1041 2297 1343 2364 ἐπίσκοπος,
1407 2301 1466 2350 τὸ
1523 2297 1589 2349 αὖ

1861 2307 2002 2347 ecus
2037 2293 2224 2351 habet
2258 2297 2603 2371 episcopus,
2636 2303 2716 2358 ab
2745 2319 2869 2361 uno
2907 2307 3246 2382 eodemque
3286 2291 3414 2369 foro

31 2386 686 2462 καὶὶνδιαγινὼσκηται,
741 2394 831 2441 καὶ
884 2385 1053 2462 μηδεν
1103 2388 1226 2440 ἄλλο
1286 2385 1416 2440 εἶναι
1473 2397 1584 2460 κριτ

1861 2383 2255 2447 {noscendum
2285 2400 2434 2454 esse,
2467 2403 2578 2444 nec
2635 2392 2804 2448 aliud
2861 2396 3194 2469 quodqiam
3225 2398 3414 2471 legiti-

27 2501 157 2554 ριον
195 2476 562 2540 δικαιοδοσίας
619 2477 1035 2552 διατεταγμένους
1088 2476 1137 2529 ἓν
1193 2484 1304 2540 τοῖς
1359 2482 1574 2552 Γραικοὶ

1862 2486 1931 2524 .m
1960 2485 2089 2526 esse
2119 2472 2379 2530 tribunal
2394 2477 2547 2546 juris
2576 2478 2816 2537 dicendi
2855 2483 3095 2556 Gracia,
3128 2487 3244 2543 nisi
3264 2489 3415 2546 forte

30 2571 84 2623 εἰ
144 2575 322 2642 μήπως
373 2572 423 2622 ἓν
481 2589 583 2621 τινι
641 2567 898 2640 ἐκκλησία
972 2573 1204 2643 Γραικῶν
1264 2573 1360 2619 τοῦ
1411 2570 1583 2620 τοιούτ

1860 2558 2049 2650 aliqua
2078 2564 2420 2620 Grecorum
2450 2569 2715 2627 Ecclesia
2744 2573 3017 2642 ejusdem
3073 2578 3264 2650 regni,
3316 2583 3413 2636 vel

30 2660 285 2733 ῥηγάτου
314 2659 344 2716 ἣ
376 2654 812 2732 ἀρχιδιακονικῇ,
843 2657 874 2717 1)
923 2656 1050 2730 ἄλλῃ
1097 2655 1310 2728 ἐξουσίᾳ
1361 2655 1583 2708 ἕκπεπλε

1858 2647 2248 2718 :hidiaconali,
2288 2654 2384 2710 vel
2407 2655 2524 2712 alia
2553 2664 2846 2730 potestate
2874 2663 2980 2720 rite
3011 2679 3048 2720 a
3116 2647 3411 2742 principio

28 2752 197 2820 μένον
251 2750 454 2821 ἔχουσα
503 2751 821 2820 τεταγμένοις
901 2751 1171 2821 κριτήριον
1226 2745 1390 2807 ἀκοῆς
1444 2744 1498 2807 ἐξ
1555 2745 1581 2796 ἀ

1860 2748 2107 2811 :mptum
2131 2744 2450 2801 audientiae
2473 2748 2674 2804 forum
2694 2751 2987 2827 exititerit;
3012 2771 3049 2810 a
3077 2770 3201 2828 quo
3240 2757 3320 2814 ab
3341 2773 3413 2816 ea

27 2844 177 2910 χῆς,
213 2836 265 2899 ἐξ
318 2838 380 2889 οὗ
433 2835 535 2890 ἀπὸ
588 2844 682 2896 τῆς
734 2837 894 2896 αὐτῆς
954 2834 1234 2898 ἆκκλησίας
1285 2838 1374 2887 τὸν
1429 2840 1580 2907 Γραιν

1858 2827 2017 2886 :lesia
2045 2831 2128 2886 ad
2155 2834 2426 2892 Graecum
2449 2837 2825 2911 episcopum,
2854 2846 2911 2898 et
2928 2843 3069 2900 hinc
3097 2827 3411 2916 igradatim

25 2928 353 2994 ἐπίσκοπον,
386 2930 476 2979 καὶ
512 2925 737 2978 ίντεῦθιν
772 2927 906 2978 κατὰ
937 2923 1144 2997 βαθμὸν
1200 2924 1249 2976 οἰ
1300 2924 1460 2976 αὐτοῦ
1518 2925 1578 2976 ύπ

1856 2919 1862 2971 ι
1884 2917 1947 2972 in
1968 2920 2100 2989 ejus
2132 2927 2272 2978 sunt
2291 2922 2535 2992 ditione,
2561 2929 3046 3005 quotiescunque
3074 2934 3168 2990 his
3179 2936 3409 3010 aliquid

26 3021 349 3088 τεταγμένοι
411 3018 605 3068 ὁπόταν
656 3019 851 3068 τούτων
909 3033 957 3067 τι
1017 3017 1188 3067 ἔσεται
1236 3013 1579 3086 προκαλέσουι

1111 3031 1188 3066 ται
1236 3013 1644 3086 προκαλέσουσι,
1755 3007 2084 3076 contigerit.
2119 3024 2184 3064 se
2213 3011 2664 3082 appellaverint.

107 3113 198 3177 Τῷ
254 3105 658 3180 ἀρχιεπισκὸπῳ
715 3109 886 3179 μέντοι
933 3109 1024 3158 καὶ
1078 3111 1187 3166 τοῖς
1241 3109 1486 3165 Λατίνοις
1538 3102 1647 3156 ἔπι-

1852 3095 2290 3170 chhiepiscopo
2321 3106 2380 3156 et
2404 3101 2702 3176 episcopis
2741 3108 2960 3164 Latinis
2998 3111 3076 3167 ad
3115 3114 3405 3171 canonice

25 3200 263 3258 σκὸποις
299 3197 426 3269 ὑπερ
480 3197 825 3268 πταισμάτων
879 3195 908 3254 ἦ
966 3191 1208 3257 ἀδικιῶν,
1245 3199 1334 3246 καὶ
1386 3202 1485 3245 τῶν
1551 3211 1578 3245 α

1848 3187 2246 3254 ςῑιοεοοηάιιω
2275 3189 2351 3245 de
2380 3191 2734 3250 criminibus
2749 3197 3087 3270 velinjuriis
3101 3206 3158 3256 et
3162 3201 3401 3273 juribus

15 3296 136 3339 τῶν
177 3281 416 3355 δικαίων,
479 3294 576 3336 τῶν
637 3283 926 3342 ἐκκλησιῶν
979 3301 1033 3336 τε
1090 3283 1260 3336 αὐτῶν
1316 3282 1568 3355 επιμελητι

1852 3274 1902 3329 is
1933 3291 2179 3332 suarum
2212 3279 2630 3354 Ecclesiarum,
2654 3285 2716 3340 in
2745 3287 2986 3343 casibus
3015 3288 3130 3345 illis
3148 3297 3402 3364 potesta-

24 3384 327 3435 κανονικῶς
383 3374 436 3426 ἓν
508 3380 615 3434 τοῖς
671 3379 912 3448 Γραικοίς
962 3381 1062 3425 τῶν
1140 3373 1310 3424 αὐτῶν
1359 3371 1552 3424 πόλεων

1850 3381 1870 3418 1
1903 3364 1966 3420 in
1994 3367 2222 3422 Graecos
2239 3384 2477 3425 suarum
2493 3372 2799 3431 civitatum
2813 3377 3248 3437 veldimcesum
3269 3399 3403 3440 esse

21 3464 273 3540 ἕνοριῶν,
355 3463 405 3516 ἕν
487 3462 697 3526 ίκείνοίς
779 3471 884 3524 τοῖς
967 3461 1280 3536 συμϐάμασι
1358 3468 1574 3536 προσῆκέ

1846 3469 2054 3524 .umus,
2073 3454 2138 3511 in
2164 3457 2387 3528 quibus
2414 3459 2490 3516 de
2515 3461 2650 3531 jure
2679 3465 2830 3536 ipsis
2857 3467 3076 3525 Latinis
3097 3474 3399 3530 convenit.

22 3554 344 3631 βουλόμεθα
386 3559 481 3616 τὴν
531 3553 770 3617 ίξουσίαν
811 3552 859 3606 ἓν
934 3555 1007 3615 οἶς
1081 3553 1257 3616 αὐτοῖς
1315 3551 1370 3604 ἔκ
1431 3548 1642 3605 δικαίου

13 3648 296 3722 προσήκει
326 3651 439 3711 τοῖς
468 3647 728 3711 Λατίνοις.

107 3758 250 3828 Πρὸς
299 3756 392 3814 τὴν
459 3752 677 3809 σύνοδον
733 3745 791 3808 δὲ
849 3763 942 3809 τού
1000 3757 1225 3811 Λατίνου
1284 3751 1641 3810 ἐπισκόπουό

1842 3742 1908 3806 id
1950 3741 2255 3826 synodum
2277 3745 2466 3811 Latini
2497 3749 2816 3830 episccpus
2843 3755 3113 3818 Romans
3138 3762 3242 3835 qui
3267 3764 3395 3835 ejus

8 3829 288 3916 Ῥωμαῖος
325 3843 610 3908 ἐπίσκοπος
661 3845 710 3897 ἐν
756 3854 815 3920 τῇ
879 3845 1038 3898 αὐτοῦ
1096 3845 1267 3920 ἐνορίᾳ
1321 3851 1407 3898 τὸν
1463 3849 1561 3921 θρὸε

1842 3841 1990 3896 ecesi
2017 3841 2222 3897 sedem
2247 3848 2404 3900 tenet
2436 3829 2774 3918 episcopus,
2809 3863 2879 3904 ac
2899 3851 3118 3922 pariter
3144 3829 3395 3909 abbates

12 3934 196 3987 αὖτοῠ
235 3933 390 4006 ἔχων,
449 3932 590 3997 ἅπαξ
648 3942 739 3987 τοῦ
795 3934 1030 3988 ἐνιαυτοῦ
1082 3938 1213 4007 μετὰ
1262 3945 1362 3988 τῶν
1412 3939 1565 4008 ἠγουι.

1843 3944 1994 4000 .sque
2024 3931 2360 3986 sacerdotes
2391 3934 2736 3990 animarum
2757 3953 2964 3993 curam
2985 3939 3278 3996 habentes
3306 3957 3396 3998 se-

5 4046 129 4077 νων
182 4029 272 4076 καὶ
329 4033 426 4076 τῶν
501 4026 667 4099 ἱερέων
711 4027 891 4096 αὑτοῦ,
942 4035 1040 4078 τῶν
1092 4031 1183 4084 τὴν
1237 4022 1489 4101 φροντίδα
1536 4040 1558 4078 τ

1846 4017 1936 4072 lin
1953 4034 2114 4074 anno
2139 4020 2410 4092 expedite
2432 4023 2742 4090 accedant,
2758 4029 2813 4080 et
2835 4026 3128 4098 synodica
3155 4031 3395 4086 decreta

7 4115 226 4187 ψυχῶν
292 4113 538 4187 ἑχόντων,
600 4123 867 4189 κρατεῖται
942 4117 1226 4178 ίνεπηκὸως
1281 4121 1560 4192 συντρέχει·

1840 4122 1902 4177 se,
1932 4108 2148 4163 Gracis
2175 4109 2420 4182 quidem
2463 4112 2740 4167 institutis
2765 4115 3071 4172 catholicae
3101 4116 3242 4173 ﬁdei
3269 4135 3393 4175 non

4 4223 117 4258 και
149 4206 217 4254 τὰ
256 4199 511 4256 συνοδικὸι
567 4207 753 4256 τούτου
819 4207 1154 4278 θεσπίσματα
1211 4203 1246 4256 ἆ
1299 4210 1473 4280 μέντοι
1524 4225 1552 4256 τ

1838 4197 2239 4267 pugnantibus,
2275 4203 2332 4254 et
2350 4214 2386 4255 a
2407 4201 2621 4258 Graecis
2661 4205 2916 4275 receptis
2938 4206 3216 4262 Ecclesiis
3266 4223 3391 4265 non

4 4303 130 4348 τῶν
167 4296 399 4365 Γραικῶν
440 4293 579 4346 ἔθεσι
609 4299 682 4367 μὴ
724 4293 972 4356 ἕναντίοις
1010 4303 1072 4369 τῇ
1127 4294 1375 4368 καθολικῇ
1431 4300 1557 4347 πίστ

1836 4291 2160 4355 versantur,
2216 4289 2517 4360 suscipere
2565 4296 2621 4347 et
2674 4291 2992 4350 observare
3055 4300 3389 4355 teneantur.

4 4391 114 4438 καὶ
152 4382 207 4434 ἐκ
247 4389 338 4445 τῆς
397 4384 627 4458 Γραικῶν
681 4381 988 4446 Ἐκκλησίας
1035 4384 1366 4459 ἀνεχομένοις
1419 4391 1491 4459 μὴ
1547 4406 1557 4436 ι

1847 4381 2046 4432 autem
2086 4375 2224 4433 dicti
2257 4379 2525 4452 episcopi
2565 4382 2748 4438 Graeci
2805 4401 2878 4439 ex
2903 4383 3084 4456 hujus
3115 4386 3393 4445 observa-

4 4474 344 4538 τιϐαίνουσι,
399 4472 675 4546 λαμϐάνειν
724 4492 775 4526 τε
825 4481 915 4526 καὶ
967 4474 1254 4547 φυλάττειν.
1309 4474 1418 4529 Ἵνα
1467 4472 1557 4546 δι,

1834 4482 1897 4521 ne
1929 4468 2394 4534 Constitu‘tionis,
2423 4486 2546 4543 qua
2571 4471 2650 4528 ad
2674 4472 3047 4548 episcopales
3075 4477 3253 4534 etiam
3283 4496 3387 4551 sy-

5 4566 64 4618 οί
95 4562 344 4638 ῥηθέντες
368 4563 580 4636 Γραικοὶ
634 4549 908 4615 inimicum
961 4561 1284 4638 βαρύνωντοι
1343 4563 1496 4640 βάρει
1550 4583 1558 4613 ε

1834 4556 1933 4610 dos
1994 4557 2335 4612 Latinorum
2391 4560 2743 4630 pontiﬁcum
2769 4561 3052 4621 accedere
3091 4572 3387 4639 coguntur

4 4655 143 4724 πλῷ
170 4651 218 4702 ἕν
249 4659 320 4722 τῷ
361 4646 572 4705 δεῖσθαι
601 4655 803 4714 τούτοις
860 4654 1113 4726 ἔρχεσθαι
1167 4651 1222 4705 ἐκ
1251 4664 1344 4716 τῆς
1387 4656 1557 4706 τοιαύτ

1827 4643 1963 4717 plici
1985 4659 2084 4715 gra
2097 4651 2306 4702 ventur
2321 4663 2520 4715 onere,
2550 4652 2868 4707 statuimus
2881 4653 2959 4708 ad
2972 4653 3379 4714 dioecesanam

5 4737 315 4802 διατάξεως
363 4738 599 4813 ὀφείλειν,
679 4745 766 4792 καὶ
820 4740 892 4802 εἰς
954 4744 1050 4803 τὰς
1093 4741 1440 4806 ἐπίσκοπικάς
1484 4763 1558 4795 συτ

1287 4747 1440 4806 nixa;
1484 4745 1632 4795 συνὸ-
1743 4733 2046 4804 synodum
2067 4750 2169 4790 eos
2199 4750 2321 4791 non
2343 4750 2476 4793 esse
2517 4741 2840 4810 cogendos.

5 4830 153 4890 δους
179 4838 278 4881 τῶν
335 4828 617 4906 ἀρχιερέων
674 4833 908 4882 Λατίνων
960 4833 1178 4894 τούτους
1211 4833 1485 4906 ἔρχεσθαι,
1535 4831 1601 4892 εἰς
1638 4832 1732 4887 τὴν
1772 4829 1867 4883 τῆς
1897 4819 2159 4897 ἐπαρχίας
2199 4821 2418 4877 σύνοδον
2475 4829 2726 4899 τάττομεν
2777 4829 2871 4881 οὐκ
2910 4831 3386 4904 αναγκαξομένους.

76 4905 182 4972 ’Ἕν
231 4925 348 4980 ταῖς
404 4917 749 4994 ἐπιτηρήσισι
829 4923 1004 4993 μέντοι
1078 4931 1178 4973 τῶν
1230 4925 1460 4997 Γραικῶν
1512 4921 1628 4974 ἑπι-

1835 4923 1875 4965 n
1901 4911 2220 4981 puniendis
2250 4930 2390 4970 vero
2413 4916 2626 4971 Graecis
2648 4918 2942 4990 episcopis
2977 4921 3072 4974 vel
3094 4919 3153 4974 in
3175 4937 3386 4980 eorum

5 5015 255 5076 σκὸπων,
302 5007 331 5066 ἦ
391 5017 490 5060 τῶν
542 5007 715 5071 οὐτοίς
762 5010 1202 5083 ὑποτεταγμένων,
1252 5011 1446 5070 ἐκείνην
1499 5007 1558 5084 βε

1831 5000 1961 5055 ione
2010 5000 2363 5067 constitutis,
2396 5003 2678 5060 volumus
2705 5006 2938 5064 Latinos
2971 5009 3282 5079 pontiﬁces
3320 5015 3384 5070 in

5 5098 218 5174 λομεθα
249 5098 389 5168 ἱχειν
419 5100 541 5156 τοὺς
601 5101 858 5159 Λατίνους
895 5096 1162 5173 ἀρχιερεῖς
1191 5098 1240 5151 ἐν
1296 5107 1407 5160 ταῖς
1460 5095 1558 5151 idid

1829 5106 1862 5143 .s
1892 5089 2224 5147 civitatibus
2245 5097 2300 5147 et
2334 5091 2694 5149 dimcesibus
2721 5111 2857 5151 eam
2877 5096 3099 5153 habere
3125 5102 3382 5158 auctori-

5 5189 208 5245 πόλισι
235 5191 324 5238 καὶ
383 5185 604 5262 ἔνορίαις
654 5191 748 5245 τὴν
800 5187 1058 5256 ἐξουσίαν,
1117 5187 1178 5247 ἣν
1232 5197 1304 5260 τῷ
1359 5208 1558 5263 μητροπ

1835 5193 1934 5232 :m-
1960 5194 2148 5250 quam
2195 5180 2587 5253 metropolitae
2631 5183 2693 5238 in
2723 5183 3042 5255 puniendis
3101 5189 3224 5243 suis
3268 5191 3388 5250 sui.

5 5281 139 5352 λίτῃ
185 5275 236 5328 ἐν
265 5283 381 5337 ταῖς
438 5275 784 5349 ἐπιτηρήσεσι
838 5285 938 5328 τῶν
986 5277 1144 5330 αὐτοῦ
1205 5278 1482 5354 συνερίθων
1534 5297 1558 5329 κ

1833 5269 2035 5336 ganeis
2050 5268 2281 5342 sibique
2303 5270 2584 5341 subjectis
2606 5288 2913 5331 canonum
2928 5276 3264 5336 concedunt
3283 5279 3386 5342 de.

5 5380 118 5424 τῶν
202 5365 362 5419 αὐτοῦ
436 5367 680 5425 ὑπηκόων
760 5375 1148 5444 παραχωροῦσι
1232 5371 1300 5423 τὰ
1382 5369 1628 5423 κανονικὰ
1732 5358 1916 5412 creta.

5 5459 383 5530 θεσπίσματα.
429 5493 431 5496 ι

81 5555 177 5618 Τῷ
230 5544 637 5623 ἀρχιεπισκόπῳ
690 5548 870 5624 μέντον
917 5553 1007 5604 καὶ
1057 5553 1168 5615 τοῖς
1223 5551 1468 5620 Λατίνοις
1521 5547 1630 5611 ἐπιδ

1828 5551 2065 5627 )uando
2097 5553 2585 5638 archiepiscopus
2624 5566 2682 5624 et
2729 5567 2997 5645 episcopi
3045 5569 3230 5632 Latini
3277 5591 3381 5636 eas

6 5643 263 5710 σκόποις,
316 5639 439 5692 ὅταν
511 5642 705 5703 ταύτας
780 5643 876 5704 τὰς
929 5640 1133 5717 ίνορίας
1191 5647 1280 5705 τὰς
1343 5651 1462 5721 περὶ
1507 5667 1559 5700 τι

1829 5667 2021 5708 sceses
2042 5652 2106 5709 in
2133 5653 2354 5727 quibus
2380 5655 2566 5712 Graeci
2594 5639 2958 5719 consistunt-
2977 5679 3118 5723 cum
3163 5665 3382 5726 dioecen-
