3934 6322
58 345 84 402 ι
101 345 216 404 553
1371 354 1823 416 CONSTITUTIO
1858 356 2131 417 CYPRIA.
3295 361 3430 416 1654

55 471 160 524 τὸν
204 473 440 526 τοιοῦτον
480 470 902 548 ἁρχιεπίσκοπον
978 479 1234 554 Γερμανόν
1303 484 1670 558 περιφερεσθαι

1870 480 2205 556 iepiscopus
2235 482 2567 576 Germanus
2586 479 2975 576 palabundus
3001 481 3238 540 oberret
3265 482 3432 540 nullo

57 563 146 634 μὴ
196 563 518 634 ἐγνωσμένου
563 571 655 618 τοῦ
709 567 890 640 θρόνου
951 567 1143 638 αὐτοῦ,
1178 572 1264 624 τὸν
1318 569 1672 644 προλεχθίντα

1870 585 1898 630 ο
1933 575 2214 644 acceptus
2233 571 2489 661 throno,
2529 569 2849 644 praefatum
2881 571 3234 646 episcopum
3273 572 3431 630 sedis

59 654 358 704 ἐπίσκοπον
407 658 498 713 τῆς
546 660 644 706 τῶν
698 660 931 730 Γραικῶν
985 655 1246 735 καθέδρας
1298 668 1394 723 τῆς
1479 658 1527 714 ἐν
1608 667 1670 734 τῇ

1870 677 2124 719 uicorum
2155 660 2346 730 Solius,
2377 661 2652 720 dioecesis
2684 661 3000 730 Leucosiae,
3054 677 3092 720 a
3141 678 3251 718 suo
3309 677 3432 736 quo

60 737 270 812 Σωλείᾳ
295 747 394 804 τῆς
431 747 727 806 Λιυκοσίας
779 744 980 821 ἐνόρίας
1026 747 1129 803 ἀπὸ
1181 756 1274 804 τοῦ
1328 746 1530 824 δεσμοῦ
1579 755 1673 804 τοῦ

1870 755 2013 810 retur
2041 750 2313 808 Ecclesia
2350 750 2586 808 vinculo
2616 749 2904 808 solvimus
2925 754 2984 808 et
3004 750 3084 809 ad
3124 752 3434 825 episcopa~

58 833 458 902 κεκρατημένον
505 840 569 905 τῇ
639 833 930 910 Ἐκκλησία
987 837 1170 910 αὐτοῦ,
1242 837 1426 913 λύομεν
1496 839 1670 905 αὐτὸν,

1870 857 1900 898 n
1937 841 2143 899 sedem
2169 842 2472 913 Arsinoes,
2501 840 2774 899 dimcesis
2827 841 3032 915 Paphi.
3088 847 3432 912 vacantem,

60 926 209 990 πρὸς
233 926 317 971 τὸν
353 926 691 976 ἐπισκοπικόν
741 926 922 1000 θρόνον
971 935 1063 981 τοῦ
1115 929 1376 1002 Ἀρσινοῦ,
1436 931 1524 982 τὸν
1576 935 1673 990 τῆς

1870 930 2121 990 ostolicaa
2158 930 2467 1020 potestatis
2523 931 2871 988 auctoritate
2923 947 2995 988 ac
3045 930 3435 1004 praefatorum

67 1012 264 1081 Πάφου
307 1012 506 1083 ἐνορίας
581 1012 934 1086 σχολάζοντα,
1016 1025 1078 1091 τῇ
1154 1026 1250 1080 τῆς
1321 1017 1674 1082 ἁποστολικῆς

1870 1023 2033 1078 trum
2071 1018 2412 1078 nostrorum
2467 1019 2733 1089 consilio,
2765 1019 3204 1090 transierimus,
3262 1019 3436 1093 eique

63 1095 320 1160 ἐξουσίας
386 1095 543 1173 ἀδείᾳ
603 1107 694 1156 καὶ
779 1112 841 1178 τῇ
929 1105 1094 1180 βουλῇ
1175 1116 1276 1161 τῶν
1349 1108 1675 1183 προρρηθέν-

1870 1113 2137 1168 testatem
2163 1110 2419 1168 facimus
2445 1109 2628 1168 libere
2658 1109 3081 1182 progrediendi
3131 1110 3211 1168 ad
3261 1125 3436 1166 suam

59 1205 178 1289 τῶν
236 1182 487 1260 ἀδελφῶν·
547 1196 636 1244 καὶ
687 1199 1035 1270 μεταφέρομεν
1109 1201 1198 1250 καὶ
1261 1182 1481 1271 δίδομεν
1534 1197 1676 1270 αύτῷ

1870 1215 1920 1260 rn
1951 1200 2176 1256 sedem.
2202 1199 2461 1262 ‘Praefato
2489 1214 2632 1256 vero
2662 1202 2958 1256 Germano
2986 1199 3437 1273 archiepiscopo

61 1271 260 1328 ἄδειαν
288 1283 379 1330 τοῦ
410 1273 726 1354 διέρχεσθαι
778 1283 1055 1359 ἐλουθέρως
1114 1285 1180 1347 εἰς
1231 1289 1319 1340 τὸν
1373 1287 1529 1341 αύτὸν
1554 1289 1676 1362 θρό-

1870 1287 2136 1346 ndictam
2167 1288 2339 1346 Soliaa
2379 1288 2585 1346 sedem
2627 1292 2685 1346 et
2721 1288 3045 1346 Ecclesiam
3075 1289 3136 1346 in
3167 1271 3439 1362 spiritua-

62 1383 181 1468 νον.
221 1371 315 1472 'an?»
385 1369 730 1444 προρῥηθέντι
799 1369 860 1426 δε
935 1380 1177 1450 Γερμανῷ
1269 1374 1674 1449 ἁρχιεπισκόπῳ

1872 1394 1942 1435 us
1966 1383 2024 1435 et
2046 1377 2501 1452 temporalibus,
2529 1393 2603 1436 ex
2629 1379 2980 1436 eorumdem
3039 1379 3288 1438 consilio
3343 1394 3440 1435 ea-

66 1456 170 1515 τὰς
206 1456 476 1529 ῥηθείσας,
517 1461 605 1511 τόν
659 1462 834 1532 θρόνον
891 1469 984 1517 καὶ
1021 1483 1115 1522 την
1163 1473 1254 1526 τῆς
1305 1465 1526 1530 Σωλείας
1560 1467 1674 1520 Ἑκ-

1870 1485 2047 1542 mque
2075 1472 2366 1542 potestate
2389 1469 2731 1536 deferimus,
2759 1469 2838 1526 ab
2866 1469 2999 1542 ipso
3038 1485 3277 1543 semper
3299 1485 3440 1525 cum

71 1543 304 1602 κλησίαν
334 1544 775 1622 ἐνπνευματικοῖς
821 1557 913 1606 καὶ
963 1553 1012 1607 ἐν
1067 1563 1326 1632 καιρικοίς
1381 1559 1518 1609 κατὰ
1584 1560 1679 1614 τὴν

71 1637 277 1687 τούτων
329 1635 526 1710 βουλὴν
589 1645 680 1693 καὶ
759 1640 1000 1706 ἐξουσίαν
1083 1647 1492 1720 παρατιθέμεθα,
1559 1635 1682 1721 παρ’

75 1723 246 1777 αὐτοῦ
288 1729 726 1803 κρατηθησόμενα
772 1731 897 1805 ούτῇ
946 1741 1010 1806 τῇ
1069 1743 1195 1809 τιμῇ
1270 1734 1369 1802 ἀεὶ,
1428 1740 1518 1788 καὶ
1607 1742 1680 1808 τῷ

1789 1574 1902 1617 suo
1912 1558 2288 1616 retinendam
2298 1558 2527 1616 honore
2536 1557 3122 1632 etarchiepiscOpalis
3133 1557 3440 1630 dignitatis

1787 1647 2033 1707 nomine
2061 1651 2120 1706 et
2146 1647 2473 1722 episcopali
2497 1648 2844 1708 auctoritate
2871 1646 3199 1719 regendam
3227 1665 3238 1714 ;
3267 1647 3348 1704 ita
3377 1651 3444 1703 ut

1788 1737 1853 1796 in
1878 1753 1988 1795 sua
2008 1738 2081 1794 sit
2111 1742 2401 1812 potestate
2431 1742 2488 1795 et
2514 1737 2820 1796 voluntate
2849 1754 2959 1812 pro
2991 1754 3102 1794 suo
3131 1738 3300 1794 libitu
3349 1738 3441 1794 in-

71 1820 179 1875 τῆς
233 1812 710 1888 ἀρχιεπισκοπικῆς
785 1819 933 1885 ἀξίας
1022 1822 1236 1898 ὀνόματι
1327 1823 1679 1887 ἐπισκοπικῶς

1870 1826 1986 1885 lere
2010 1825 2102 1884 vel
2130 1826 2354 1885 dictam
2395 1826 2566 1885 Soliaa
2615 1827 2823 1884 sedem
2877 1827 2974 1883 vel
3014 1826 3231 1899 degere
3277 1826 3443 1900 apud

71 1908 475 1978 ποιμαινόμενα·
529 1907 678 1972 οὗτος
713 1913 888 1983 μέντοι
941 1919 1031 1965 τοῦ
1103 1911 1230 1968 εἶναι
1312 1913 1466 1968 αὑτὸν
1537 1913 1681 1968 ἐλεύ-

80 1993 368 2066 θερονῆἐν
395 2003 469 2068 τῷ
518 1997 728 2072 ῥηθέντι
785 2002 948 2073 θρόνῳ
997 2011 1092 2065 τῆς
1155 2003 1393 2069 Σωλείας,
1443 2004 1472 2064 ἦ
1540 2006 1687 2079 παρὰ

75 2088 150 2154 τῇ
198 2079 448 2156 ἐκκλησίᾳ
484 2093 585 2137 τῶν
639 2093 869 2163 Γραικῶν
931 2097 1024 2142 τοῦ
1068 2090 1244 2164 Ἀγίου
1294 2090 1534 2166 Βαρνάϐα
1590 2100 1684 2155 τῆς

79 2177 400 2244 Λευκοσίας,
452 2173 514 2233 ἣν
571 2176 646 2238 εἰς
693 2181 780 2231 τόν
830 2177 1108 2234 ἐπίσκοπον
1157 2189 1248 2236 τοῦ
1325 2182 1488 2236 αὐτοῦ
1565 2183 1684 2257 θρό-

75 2281 177 2314 νου
252 2270 307 2314 ἐκ
388 2271 480 2325 τῆς
560 2269 810 2332 τοιαύτης
891 2268 1183 2345 εὐεργεσίας
1263 2279 1360 2334 τῆς
1432 2273 1686 2347 ἡμετέρας

79 2347 371 2416 διατάξεως
405 2355 653 2412 καθήκειν
714 2356 784 2419 εἰς
835 2361 893 2412 τὸ
952 2356 1187 2423 διηνεκες
1247 2359 1541 2434 βουλόμεθα
1595 2365 1685 2413 καὶ

1794 1918 2133 1974 Graecorum
2163 1917 2475 1974 ecclesiam
2504 1917 2558 1972 S.
2585 1916 2875 1974 Barnabas
2904 1918 3202 1986 Leucosae,
3255 1931 3444 1988 quam

1792 2005 1874 2066 ad
1896 2004 2252 2079 episcopum
2288 2005 2472 2076 hujus
2523 2004 2682 2061 sedis
2735 2020 2810 2061 ex
2865 2005 3181 2078 praesentis
3214 2009 3439 2061 nostrae

1790 2094 1972 2166 hujus
1997 2093 2442 2153 Constitutionis
2484 2092 2780 2150 beneﬁcio
2833 2097 3125 2167 perpetuo
3174 2098 3445 2166 spectare

1791 2182 2096 2240 volumus.
2133 2185 2210 2240 lio
2239 2186 2440 2240 autem
2478 2181 2933 2256 archiepiscopo
2971 2181 3272 2244 defuncto,
3316 2180 3445 2237 sine

1792 2271 1919 2329 ulla
1946 2271 2350 2329 controversia
2379 2270 2549 2330 Soliaa
2604 2270 2810 2328 sedem
2864 2270 3097 2344 quoties
3156 2287 3267 2324 suo
3323 2269 3446 2326 fue-

1793 2360 1868 2418 rit
1894 2359 2108 2418 orbata
2137 2365 2396 2433 pastore,
2429 2376 2502 2418 ex
2549 2363 2890 2418 Graecorum
2937 2360 3228 2417 duntaxat
3275 2361 3449 2430 gente

77 2442 226 2493 κατᾰ
272 2445 367 2501 τὴν
424 2443 584 2497 αὐτοῦ
643 2445 850 2505 θέλησιν
899 2457 1182 2506 κατοικεῖν.
1234 2449 1406 2505 Αὐτοῦ
1460 2446 1520 2504 δε
1591 2456 1684 2502 τοῦ

81 2528 513 2604 ἀρχιεπισκόπου
567 2535 829 2602 θανόντος,
885 2539 934 2589 ἐν
979 2545 1050 2610 τῷ
1105 2548 1198 2601 τῆς
1249 2539 1465 2602 Σωλείας
1523 2540 1685 2614 θρόνῳ

1793 2449 2118 2523 episcopus
2161 2449 2435 2520 eligatur,
2460 2449 2562 2523 qui
2591 2449 2886 2506 Leucosiae
2911 2448 3217 2522 episcopo,
3238 2444 3452 2504 eodem

97 2538 513 2634 ίξρὶςιεπισξιάπου
567 2538 829 2602 θανόντος,
885 2539 934 2589 ἓν
979 2545 1050 2610 τῷ
1105 2548 1198 2601 τῆς
1249 2539 1465 2602 Σωλείας
1523 2540 1685 2614 θρόνῳ
1794 2538 1981 2598 modo
2008 2554 2132 2614 quo
2157 2543 2214 2598 et
2235 2539 2334 2597 alii
2357 2538 2624 2613 episcopi
2655 2538 2838 2596 Graeci
2892 2538 3112 2595 Latinis
3177 2540 3456 2594 tenentur

81 2621 271 2681 ὁσάκις
296 2621 426 2695 αὐτῇ
458 2626 728 2698 χηρεύση,
773 2625 968 2689 ἁπλοῦς
1017 2632 1171 2701 μόνον
1227 2636 1319 2683 τοῦ
1373 2637 1470 2692 τῶς
1529 2634 1686 2703 Γραι-

1874 2627 2044 2685 besse
2055 2627 2376 2702 episcopis,
2389 2643 2461 2685 ex
2471 2625 2780 2702 praesentis
2793 2630 2994 2684 tenore
3009 2623 3456 2682 Constitutionis

81 2715 195 2761 κῶν
250 2708 420 2772 ὶθνους
472 2709 756 2775 ἐπίσκοπος
814 2719 1239 2789 χειροτονείσθω,
1315 2719 1372 2780 ὃς
1449 2725 1522 2790 τῷ
1598 2724 1686 2778 τῆς

1870 2732 1976 2774 ηοω
2009 2718 2135 2792 ipse
2175 2717 2384 2776 subsit.

83 2803 383 2862 Λευκοσίας
428 2799 696 2877 ἐπισκόπῳ
735 2812 807 2876 τῷ
853 2805 993 2878 αύτῷ
1054 2811 1232 2881 τρόπω
1284 2805 1324 2881 ᾧ
1364 2811 1455 2862 καὶ
1513 2808 1561 2860 οἱ
1603 2805 1748 2859 ἄλλοι
1787 2811 2002 2882 Γραικοὶ
2078 2806 2354 2861 ἐπίσκοποι
2431 2805 2724 2880 ὀφείλουσιν
2790 2806 3100 2859 ὑποκεῖσθαι
3166 2812 3274 2868 τοῖς
3351 2810 3456 2857 Λα-

78 2891 254 2952 τίνοις
299 2887 620 2959 ἐπισκόποις,
661 2895 796 2946 κατὰ
833 2899 923 2953 τὴν
964 2901 1210 2969 πρόνοιαν
1257 2905 1348 2958 τῆς
1391 2898 1668 2970 παρούσης
1717 2891 2006 2960 διατάξεως
2055 2896 2448 2954 ύποταττίσθω.

163 2981 262 3032 Τὸν
319 2978 476 3034 αὐτὸν
562 3001 735 3055 μεντοι
813 2989 1093 3061 Γερμανὸν,
1163 2989 1250 3040 τὸν
1305 2995 1406 3039 τῶν
1460 2993 1686 3060 Γραικῶν

1875 2989 2075 3058 lpsum
2107 3000 2288 3058 porro
2349 2987 2712 3042 Germanum
2733 2985 3074 3041 Graecorum
3103 2982 3456 3055 episcopum

80 3070 394 3135 ἐπίσκοπον,
451 3070 529 3133 οἰς
600 3074 1261 3149 μοναστήρια,ἐκκλησίας,
1337 3075 1526 3151 κλῆρον
1603 3082 1686 3130 καὶ

1870 3075 1882 3131 ι
1913 3074 2294 3143 monasteria,
2326 3073 2630 3145 ecclesias,
2653 3072 2880 3130 clerum
2899 3076 2957 3127 et
2979 3071 3275 3144 populum
3303 3073 3457 3128 Gm-

79 3157 214 3210 ).αὸν
263 3166 362 3211 τῶν
421 3165 655 3235 Γραικῶν
720 3170 812 3224 τῆς
875 3163 1072 3228 πόλεως
1102 3169 1390 3228 Λευκοσίας
1437 3171 1527 3220 καὶ
1591 3164 1686 3219 ἐνο-

1870 3179 2013 3220 trum
2055 3163 2353 3220 Leucosim
2391 3160 2641 3218 civitatis
2697 3165 2754 3217 et
2793 3159 3071 3216 diuscesis
3118 3159 3452 3230 regendum

80 3251 212 3323 ρίας
267 3246 565 3322 βουλόμεθα
645 3250 785 3324 ἐχειν
851 3251 1046 3314 ἐκείνην
1119 3261 1213 3315 τήν
1282 3255 1522 3319 ἐξουσίαν
1601 3261 1693 3316 τὴν

84 3344 464 3409 προγεγονυῖαν
513 3347 588 3410 τῷ
645 3340 1098 3417 ἐμπεπιστευμένῳ
1156 3347 1318 3420 θρόνῳ
1397 3345 1575 3412 αὐτοῦ,
1632 3347 1694 3406 ἦν

85 3427 147 3478 οἱ
189 3425 334 3479 ἄλλοι
379 3435 480 3481 τῶν
538 3434 772 3502 Γραικῶν
827 3431 1103 3486 ἐπίσκοποι
1146 3442 1238 3488 τοῦ
1307 3443 1404 3498 τῆς
1480 3439 1693 3511 Κύπρου

85 3516 331 3590 ῥηγάτου
362 3515 417 3569 ἐκ
445 3525 537 3578 τῆς
575 3522 832 3583 τοιαύπῆς
883 3524 1203 3596 προμηθείας
1244 3523 1316 3586 είς
1371 3527 1493 3586 τοὺς
1535 3531 1693 3598 Γραι-

89 3607 224 3666 κοὺς
259 3608 376 3667 τούς
403 3606 583 3670 αὐτοῖς
606 3609 1050 3684 ὑποτεταγμένους
1074 3612 1499 3686 ἐπιπράττουσιν.

169 3695 272 3748 Τοῦ
299 3693 482 3749 λοιποῦ
503 3697 644 3769 αύτῷ
693 3707 767 3769 τῷ
820 3708 921 3752 τῶν
983 3706 1215 3774 Γραικῶν
1286 3701 1692 3778 ἀρχιεπισκόπῳ

89 3784 276 3854 ζῶντί⁹
300 3783 330 3843 ἢ
361 3789 456 3843 τὴν
497 3790 594 3847 τὴς
633 3786 1084 3862 ἀρχιεπισκοπικῆ
1097 3812 1118 3854 ς
1171 3789 1322 3855 ἀξίας
1363 3791 1692 3867 λειτουργίαν

83 3878 538 3948 παρακατέχοντι,
571 3876 730 3930 αὑτοῦ
755 3874 824 3937 δή
871 3887 962 3932 τοῦ
1011 3878 1440 3954 ἁρχιεπισκόπου
1469 3887 1559 3935 καὶ
1585 3890 1684 3935 τῶν

80 3965 386 4014 ἐπισκόπων
416 3971 516 4016 τῶν
564 3970 799 4018 Λατίνων
840 3966 920 4020 ἐπὶ
977 3976 1082 4029 τοῖς
1141 3973 1380 4041 Γραικόῖς
1422 3974 1540 4043 περὶ
1594 3974 1689 4029 τὴν

77 4049 400 4112 ἐξακολούθη
409 4071 492 4104 σιν
615 4063 716 4107 τῶν
836 4053 1322 4129 ἁρχιεπισκοπικῶν
1475 4059 1588 4122 ἐξου
1597 4063 1690 4112 σία

69 4146 177 4193 τοῦ
235 4137 486 4195 ἀνακινεῖν
543 4147 632 4202 την
685 4153 781 4207 τῆς
841 4141 1102 4209 διενίξεως
1175 4146 1301 4205 ὕλην
1366 4146 1683 4219 ἀφελκίσθω.

162 4230 423 4301 Τάττομεν
493 4236 663 4285 τοίνυν
741 4237 831 4286 καὶ
896 4236 1210 4308 θεσπίζομεν
1279 4243 1462 4290 τοῦτον
1531 4237 1687 4290 αὐτὸν

75 4321 508 4396 ἀρχιεπίσκοπον
555 4329 654 4373 τῶν
719 4327 952 4397 Γραικῶν
999 4327 1277 4400 Γερμανόν,
1335 4327 1424 4388 ἕως
1480 4324 1542 4378 ἆν
1593 4326 1684 4398 ζῇ,

78 4410 147 4464 ἐκ
205 4415 296 4469 τῆς
345 4411 708 4471 καταστάσεως
778 4419 872 4474 τῆς
935 4415 1178 4476 τοιαύτης
1253 4410 1516 4486 διαταγῆς
1568 4414 1686 4469 ἄνευ

615 4063 716 4107 τῶν

1800 3269 2252 3328 promovemus,
2281 3267 2355 3310 ea
2377 3253 2668 3325 potestate
2688 3250 3006 3323 praeditum
3028 3249 3087 3304 in
3110 3247 3456 3305 concredita

1804 3342 1916 3400 sibi
1939 3342 2104 3412 sede,
2135 3357 2321 3413 quam
2336 3339 2782 3397 alliGrmcorum
2797 3337 3065 3411 episcopi
3098 3338 3264 3408 regni
3279 3337 3455 3409 Cypri

1803 3448 1876 3489 ex
1905 3431 2206 3504 ejusmodi
2278 3431 2620 3506 provisione
2665 3429 2728 3486 in
2777 3428 3013 3486 Graecos
3077 3427 3194 3484 sub
3245 3441 3456 3484 eorum

1801 3521 2024 3579 ditione
2054 3520 2408 3578 constitutos
2431 3517 2722 3576 obtinent.

1872 3703 1954 3758 Eo
2019 3699 2265 3757 tandem
2329 3700 2672 3755 Graecorum
2710 3696 3166 3769 archiepiscopo
3197 3695 3455 3761 vivente,

1800 3792 1922 3848 sive
1961 3788 2486 3863 archiepiscopalis
2523 3787 2827 3858 dignitatis
2866 3801 3116 3843 munere
3150 3786 3454 3855 fungente,

1798 3880 1914 3953 ipsi
1941 3877 2650 3954 quidemarchiepiscopo
2662 3880 2718 3932 et
2745 3876 3049 3947 episcopis
3088 3873 3454 3942 Latinorum,

1798 3975 1864 4028 ut
1896 3969 2165 4027 exciendi
2177 3965 2672 4026 materiadissidii
2686 3964 2950 4034 tollatur,
2963 3964 3038 4020 de
3056 3962 3450 4035 archiepisco-

1798 4053 2736 4134 palibusconsequendisjuribus
2769 4069 2955 4127 supra
2983 4055 3216 4109 Graecos
3248 4050 3451 4110 ablata

1799 4150 1872 4206 sit
1899 4153 2187 4223 potestas.

1868 4238 2250 4310 Praecipimus
2269 4235 2448 4305 igitur
2483 4238 2541 4290 et
2569 4231 2936 4290 mandamus
2960 4235 3027 4288 ut
3063 4231 3191 4303 ipse
3222 4232 3451 4286 Graeco-

1794 4343 1932 4385 rum
1999 4323 2486 4398 archiepiscopus
2559 4324 2914 4387 Germanus,
2953 4319 3160 4394 quoad
3221 4319 3446 4389 vixerit,

1794 4432 1866 4472 ex
1892 4415 2073 4485 hujus
2101 4412 2496 4486 dispositione
2525 4408 2991 4479 Constitutionis,
3039 4408 3168 4464 sine
3221 4407 3450 4464 Latino-

80 4497 385 4570 ἀντιλογίας
429 4507 529 4551 τῶν
578 4506 808 4553 Λατινων
858 4499 1141 4577 ἀρχιερέων
1208 4502 1499 4578 ἐλευθέρως,
1566 4503 1686 4557 ὃταν

1872 4503 1932 4560 in
1999 4502 2405 4559 controversia
2465 4500 2909 4573 episcoporum,
2970 4496 3449 4570 quotiescunque

79 4591 266 4662 μέντοι
317 4596 595 4650 κανονικῶς
670 4591 792 4650 τοὺς
856 4594 1108 4665 Γραικοὺς
1177 4597 1298 4654 τούς
1356 4592 1688 4664 ἐκλεχθέντας

78 4683 156 4748 τῇ
213 4679 404 4750 Κύπρῳ
448 4677 666 4741 καθεξῆς
706 4683 1131 4751 χειροτονητίους
1208 4681 1278 4742 εἰς
1347 4681 1687 4752 ἐπισκόπους,

77 4769 187 4821 καὶ
230 4763 330 4818 ἀπὸ
376 4772 476 4818 τῶν
535 4771 769 4819 Λατίνων
835 4766 1140 4843 ἀρχιερέων,
1187 4769 1253 4830 εἰς
1304 4767 1372 4822 ὧν
1409 4777 1689 4846 παροικίας

79 4853 256 4919 sicis,
351 4853 915 4928 ἐπισφραγιζομένους,
1008 4853 1162 4929 ἀδείᾳ
1231 4859 1642 4934 μητροπολιτικῇ
1669 4905 1684 4930 ,

73 4944 220 5018 πρὸς
269 4945 359 5003 τὰς
421 4945 560 5017 ἱερὸς
628 4942 798 5006 τοίξεις
869 4945 1368 5020 προϐιϐαζομένους,
1440 4969 1686 5025 χειροτο-

71 5035 251 5086 νείτω·
308 5034 432 5093 τοὺς
482 5027 542 5084 δε
590 5031 770 5093 ἄλλους
831 5041 924 5086 τοῦ
984 5034 1144 5086 αὐτοῦ
1215 5035 1452 5110 ῥηγοίτοῡ
1535 5044 1687 5113 Γραι-

72 5123 216 5182 κοὺς
272 5119 586 5182 ἐπισκόπους
635 5121 956 5193 συγκαλείτω
997 5126 1126 5197 πρὸς
1191 5128 1248 5176 τὸ
1301 5133 1393 5186 τῆς
1444 5130 1686 5190 τοιαύτης

69 5214 415 5284 χειροτονίας
491 5215 776 5284 μυστήριον
842 5211 1020 5265 τελεῖν·
1115 5218 1205 5266 καὶ
1275 5219 1394 5287 περὶ
1493 5219 1686 5279 πάντας

71 5302 209 5358 τοὺς
249 5302 500 5373 Γραικοὺς
540 5307 632 5351 τοῦ
691 5300 850 5353 αύτοῦ
913 5302 1148 5376 ῥηγάτοῦ
1214 5303 1276 5374 τῇ
1355 5303 1482 5378 αύτῇ
1533 5302 1687 5380 ἀδείᾳ

76 5387 386 5460 ἀπονεμέτω
435 5393 530 5446 τὴν
608 5397 704 5449 τῆς
783 5389 1096 5460 ἐπισκέψεως
1171 5389 1498 5466 λειτουργίαν
1567 5396 1687 5447 ὅταν

77 5478 149 5531 ἐκ
179 5484 270 5527 τοῦ
319 5473 531 5529 δικαίου
582 5477 931 5550 ἐπινεμηθείη·
1000 5484 1090 5532 καὶ
1149 5480 1198 5532 ἐν
1257 5488 1372 5542 ταῖς
1419 5484 1688 5546 τοιαύταις

80 5566 424 5633 ἑπίσκοπαῖς,
506 5565 535 5624 ἦ
633 5565 682 5617 ἐν
768 5566 941 5627 αὐτοῖς
1030 5573 1283 5626 ἀνήκουσι
1360 5571 1496 5642 λόγῳ
1582 5571 1690 5624 ἐπμ

86 5653 318 5725 ἁκοπῆς,
364 5651 426 5714 ἦν
479 5653 920 5728 μητροπολιτικήν
959 5657 1009 5710 οἱ
1079 5657 1204 5711 θεῖοι
1253 5661 1456 5720 κανόνες
1515 5678 1685 5736 παρα·

1797 4594 1982 4652 ϐε·ωοὶ
2006 4593 2067 4650 in
2100 4595 2293 4665 Cypro
2325 4590 2612 4647 canonice
2637 4588 2854 4646 fuerint
2893 4587 3106 4656 effecti,
3131 4592 3199 4643 ut
3240 4591 3449 4659 postea

1796 4683 2148 4741 ordinentur
2166 4681 2453 4755 episcopi,
2497 4684 2556 4736 et
2605 4697 2642 4736 a
2699 4679 2917 4736 Latinis
2967 4676 3354 4752 pontiﬁcibus
3385 4675 3446 4731 in

1795 4787 2056 4846 quorum
2083 4774 2220 4827 sunt
2271 4769 2633 4827 dioecesibus
2680 4768 3041 4837 consignati,
3096 4763 3446 4821 auctoritate

1796 4861 2230 4935 metropolitica
2258 4860 2338 4918 ad
2359 4875 2562 4917 sacros
2586 4859 2828 4916 ordines
2881 4852 3299 4928 promovendi,
3340 4867 3445 4908 eos

1794 4950 1978 5008 libere
2003 4954 2310 5007 consecret
2340 4969 2353 5019 ;
2386 4949 2535 5006 alios
2562 4962 2707 5004 vero
2753 4944 3025 5016 ejusdem
3067 4942 3236 5012 regni
3279 4942 3445 4996 Grae-

1795 5056 2005 5097 corum
2034 5041 2350 5114 episcopos
2372 5039 2451 5094 ad
2479 5035 2776 5109 ejusmodi
2828 5031 3222 5090 ordinationis
3252 5044 3447 5086 sacra-

1795 5135 2067 5186 mentum
2092 5126 2524 5200 perﬁciendum
2537 5127 2808 5194 advocet,
2832 5123 2960 5178 etin
2979 5120 3218 5176 Graecos
3233 5134 3446 5175 omnes

1795 5218 2066 5290 ejusdem
2080 5216 2249 5286 regni
2260 5215 2474 5272 eadem
2489 5213 2836 5271 auctoritate
2852 5208 3207 5266 visitationis
3222 5223 3447 5263 munus

1795 5309 2067 5364 exerceat
2099 5304 2332 5378 quoties
2356 5303 2430 5360 de
2451 5303 2584 5374 jure
2614 5298 3014 5360 exercendum
3070 5297 3178 5353 erit
3204 5315 3218 5367 ;
3277 5302 3336 5351 et
3386 5297 3446 5351 in

1794 5397 1938 5453 istos
1961 5393 2343 5466 episcopatus
2368 5392 2459 5448 vel
2488 5391 2549 5446 in
2579 5405 2683 5446 eos
2705 5389 2809 5460 qui
2825 5387 3050 5444 ratione
3063 5385 3446 5458 episcopatus

1797 5486 1856 5542 in
1883 5485 2012 5556 ejus
2044 5489 2183 5540 sunt
2220 5481 2466 5552 ditione,
2505 5495 2692 5554 quam
2730 5475 3229 5548 metropoliticam
3262 5473 3449 5531 divini

1798 5574 2040 5631 tradunt
2051 5569 2678 5645 canones,plenariam
2688 5584 2824 5626 eam
2835 5566 3060 5624 habeat
3075 5567 3449 5636 potestatem,

1793 5678 2018 5736 eosque
2039 5664 2102 5720 in
2131 5662 2249 5721 vita
2286 5661 2477 5735 ipsius
2497 5654 2894 5730 arhiepiscopi
2916 5658 3084 5725 regat
3111 5669 3124 5710 :
3151 5651 3451 5724 siquidem
