3934 6322
53 397 186 452 1565

1076 386 1251 443 SIXTI
1295 385 1634 459 IVIBULLA
1669 382 1766 438 ΑΒ
1807 380 2006 439 CYPBI
2042 387 2443 447 EPISCOPOS.

3320 391 3459 452 1566

43 518 136 574 vel
152 517 212 572 in
251 516 518 571 futurum
538 512 648 570 erit
670 510 732 567 in
753 509 987 568 civitate
1018 515 1075 568 et
1128 512 1353 569 diocesi
1409 512 1703 569 Nicosien-
1735 511 1783 563 Α
1812 508 1874 564 in
1903 512 2079 583 cujus
2102 514 2323 571 diosesi
2346 516 2538 586 fuerit,
2571 515 2665 571 vel
2701 530 2809 588 per
2848 516 3120 586 ejusdem
3167 517 3459 576 vicarium

49 607 247 675 sibus,
277 608 381 660 aut
404 604 466 659 in
493 602 609 659 alia
634 602 837 675 aliqua
866 602 1103 659 civitate
1126 619 1233 658 seu
1273 602 1496 659 diocesi
1533 600 1703 671 regni

45 697 223 768 Cipri,
253 695 365 750 sub
396 709 541 751 cura
570 694 822 748 aliorum
852 692 1375 762 suﬁ‘raganeorum
1399 696 1702 763 metropo-

44 786 212 841 litani
262 782 695 855 archiepiscopi
757 782 1112 838 Nicosiensis
1165 786 1221 855 et
1276 782 1705 855 episcoporum

46 875 392 930 Latinorum
437 871 780 928 immediate
819 889 924 927 seu
988 872 1248 927 mediate
1291 868 1708 943 existentibus,

44 962 311 1019 tribunal
322 961 549 1034 aliquid
563 964 667 1017 aut
686 961 951 1033 aliquam
959 960 1438 1031 jurisdictionem
1467 961 1709 1014 conten-

42 1052 266 1107 tiosam
295 1051 517 1106 habere
546 1050 642 1106 vel
666 1066 957 1121 exercere,
982 1050 1096 1105 nisi
1114 1051 1267 1105 inter
1293 1066 1458 1115 suos,
1483 1048 1545 1107 in
1575 1046 1708 1104 loco

44 1154 155 1194 suo
182 1139 289 1211 qui
317 1144 569 1194 vocatur
590 1137 768 1204 Solia,
804 1153 839 1193 a
860 1154 982 1210 quo
1007 1139 1186 1193 etiam
1213 1137 1534 1209 episcopus
1575 1136 1713 1190 Gre-

44 1244 149 1282 cus
160 1228 294 1299 ipse
306 1242 529 1282 nomen
542 1227 725 1282 sumit
736 1231 792 1282 et
813 1226 1070 1282 tribunal
1097 1242 1202 1281 seu
1225 1224 1706 1296 jurisdictionem

42 1315 474 1389 episcopalem,
502 1320 814 1387 tamquam
859 1315 1277 1385 suﬁ'raganeus
1325 1330 1394 1370 ac
1445 1312 1705 1368 vicarius

48 1406 237 1463 Latini
256 1405 532 1479 presulis,
562 1406 715 1462 inter
746 1422 889 1462 suos
921 1407 1137 1462 Grecos
1175 1420 1470 1469 exercere,
1498 1418 1701 1473 secun‘

44 1495 195 1551 dum
226 1494 590 1567 apostolicae
628 1494 1061 1564 ordinationes,
1108 1493 1601 1551 consuetudinem
1647 1496 1705 1547 et

49 1588 294 1651 statuta,
325 1588 392 1640 ut
419 1584 654 1651 dicitur,
696 1588 787 1640 est
804 1584 1101 1657 provisus.
1654 1580 1657 1583 “

121 1677 189 1730 Et
207 1673 494 1741 similiter,
522 1674 583 1728 in
610 1673 744 1729 loco
770 1674 1028 1745 Arsinoy
1054 1680 1109 1729 et
1162 1674 1482 1741 similibus,
1539 1678 1704 1730 extra

48 1763 424 1829 civitates,in
444 1761 615 1817 dictis
654 1761 801 1817 locis
838 1778 945 1834 per
974 1761 1242 1830 singulas
1287 1763 1555 1819 dioceses
1598 1762 1702 1818 ha-

1811 599 2213 673 episcopalem
2264 606 2341 661 ad
2368 606 2477 661 hoc
2522 606 2887 674 ordinatum,
2913 607 3267 677 precedente
3295 608 3460 665 bona

1812 690 1885 747 de
1911 691 2031 750 vita
2049 693 2178 762 ejus
2198 700 2256 753 et
2283 694 2696 749 confessorum
2726 709 2831 749 seu
2895 694 3343 766 predicatorum
3373 697 3459 753 fa-

1812 792 1932 846 ma,
1964 779 2275 857 diligenter
2306 782 2669 850 examinata,
2690 786 2747 837 et
2770 782 2944 838 claris
2966 782 3343 841 documentis
3365 801 3461 841 ca-

1812 865 2066 933 tholich
2095 874 2151 935 et
2177 870 2453 942 ydoneus
2485 876 2754 942 repertus
2792 875 2851 926 et
2882 871 3225 927 solemniter
3244 888 3460 945 appro-

1814 956 1990 1011 batus
2018 958 2209 1025 fuerit,
2243 965 2300 1016 et
2320 960 2399 1015 ab
2428 961 2560 1033 ipso
2590 960 2916 1017 diocesano
2941 960 3036 1015 vcl
3068 962 3197 1032 ejus
3235 963 3459 1019 vicario

1811 1045 2107 1102 licentiam
2124 1048 2337 1105 eodem
2360 1065 2520 1111 anno
2531 1066 2652 1121 quo
2664 1048 3161 1122 debetpredicare
3175 1054 3231 1105 et
3268 1051 3458 1107 conﬁ-

1814 1139 2002 1189 tentes
2033 1136 2240 1191 audire
2268 1154 2371 1192 seu
2403 1137 2715 1193 absolvere
2746 1137 3086 1193 solemniter
3111 1145 3167 1194 et
3212 1140 3273 1194 in
3305 1140 3456 1196 scri-

1812 1223 1929 1294 ptis
1955 1223 2293 1282 obtinuerit.

1884 1314 2175 1386 Quodque
2206 1316 2314 1371 etsi
2342 1317 2445 1389 qui
2470 1316 2880 1373 confessiones
2912 1317 3140 1383 audire,
3172 1322 3228 1373 et
3256 1319 3461 1376 simili-

1808 1406 1897 1459 ter
1916 1401 2097 1473 siqui
2119 1405 2398 1460 Grecivel
2430 1405 2528 1461 alii
2575 1405 2843 1477 episcOpi
2898 1405 2959 1459 in
3008 1406 3349 1462 civitatibus
3399 1412 3457 1462 et

1802 1488 2153 1547 diocesibus
2178 1492 2289 1547 sub
2312 1492 2745 1564 archiepiscopi
2764 1492 3119 1547 Nicosiensis
3148 1509 3251 1549 seu
3281 1494 3461 1549 alicu-

1806 1577 1905 1649 jus
1921 1578 2438 1649 suﬁ‘raganeorum
2455 1598 2703 1636 suorum
2716 1581 3129 1652 episcoporum
3145 1581 3461 1651 dictiregni

1809 1667 1963 1738 Cipri
1991 1684 2138 1723 cura
2175 1673 2232 1724 et
2258 1671 2622 1741 protectione
2654 1669 2911 1725 mediate
2971 1669 3063 1725 vel
3115 1670 3462 1726 immediate

1810 1754 2125 1811 existentes
2154 1758 2669 1830 qualitercumque
2690 1762 2748 1813 et
2768 1758 3305 1831 quandocumque,
3356 1774 3462 1813 ex-

49 1852 192 1907 bere
228 1867 334 1906 seu
363 1855 585 1920 tenere,
608 1856 664 1906 et
684 1851 864 1906 etiam
891 1850 1117 1906 eisdem
1143 1856 1200 1905 et
1219 1852 1702 1924 quibuscumque
1742 1865 1780 1919 3
1810 1845 1993 1915 ceptis
2024 1845 2172 1900 locis
2196 1847 2367 1919 Solie,
2393 1849 2649 1919 Arsinoy
2677 1849 2721 1917 ³,
2773 1846 3073 1915 Lephcare
3129 1849 3172 1909 ³,
3224 1852 3281 1902 et
3330 1849 3463 1903 Car-

49 1941 183 1997 aliis
212 1940 592 2013 presentibus
619 1944 676 1997 et
698 1938 911 2005 futuris
934 1942 1252 2003 Grecorum
1275 1957 1380 1999 seu
1421 1947 1699 2009 Armene-

49 2047 190 2085 rum
202 2030 521 2086 etaliorum
535 2030 967 2102 cujuscumque
981 2030 1135 2085 eccle
1143 2030 1224 2086 sie
1237 2029 1705 2087 Christianorum

48 2119 351 2192 episcopis
373 2120 487 2174 sub
509 2120 680 2191 penis
705 2118 930 2175 eisdem
960 2135 1077 2193 que
1120 2122 1195 2175 de
1246 2125 1439 2176 cetero
1487 2136 1704 2177 causas

50 2208 526 2266 matrimoniales
548 2212 605 2264 et
625 2208 773 2265 alias
805 2225 1221 2281 quascumque
1243 2209 1577 2282 spirituales
1599 2226 1704 2265 au—

46 2299 180 2355 dire
204 2304 261 2354 et
278 2298 790 2371 qualitercumque
811 2298 1089 2368 difﬁnire,
1121 2314 1226 2353 seu
1248 2305 1320 2353 de
1357 2298 1474 2353 illis
1497 2298 1700 2370 aliquo

47 2391 239 2446 modo
270 2405 335 2444 se
363 2388 771 2455 intromittere,
801 2387 897 2442 vel
932 2388 1375 2458 juridictionem
1433 2404 1705 2444 exercere

44 2475 138 2531 vel
171 2475 687 2551 qualitercumque
715 2476 776 2532 in
807 2479 863 2532 et
891 2491 1070 2547 super
1108 2475 1506 2533 matrimoniis
1564 2492 1705 2533 con-

45 2564 254 2619 tractis
278 2563 371 2620 vel
396 2563 819 2621 contrahendis
843 2562 1378 2636 dispensationem,
1411 2582 1515 2620 seu
1559 2581 1701 2637 qua-

42 2654 367 2726 litercumq
376 2670 445 2709 ue
457 2652 555 2709 div
563 2653 726 2709 orcia
737 2656 949 2720 facere,
966 2669 1072 2709 seu
1084 2653 1238 2709 thori
1261 2654 1703 2724 separationem

44 2746 343 2815 prestare,
371 2758 477 2797 seu
507 2742 742 2815 aliquos
772 2741 850 2798 ad
880 2742 1283 2799 sacerdotium
1314 2743 1409 2798 vel
1444 2743 1521 2799 ad
1553 2743 1703 2799 alios

44 2848 450 2906 quoscunque
506 2848 710 2888 sacros
759 2831 1021 2902 ordines,
1078 2831 1191 2893 nisi
1252 2833 1536 2910 penitus‘
1601 2850 1707 2907 per

42 2922 352 2995 prefatum
377 2921 772 2979 diocesauum
796 2922 1070 2979 Latinum
1111 2922 1235 2977 sive
1266 2923 1395 2993 ejus
1418 2923 1703 2979 vicarium

45 3011 369 3081 diligenter
380 3011 752 3067 examinatos
763 3015 820 3066 et
831 3011 1198 3083 approbatos
1212 3027 1322 3083 pro
1353 3011 1705 3084 idoneisque

43 3118 160 3174 per
185 3101 429 3157 eosdem
451 3100 794 3175 solemniter
818 3105 874 3155 et
900 3101 960 3156 in
983 3101 1219 3172 scriptis
1278 3106 1652 3172 presentatos
1687 3120 1701 3157 :

43 3192 320 3263 aliquem
377 3205 754 3263 promovere,
803 3206 1001 3263 neque
1047 3191 1365 3269 pecuniam
1435 3190 1700 3263 aliquam
1736 3218 1776 3273 α

41 3286 379 3353 propterea
406 3279 688 3350 recipere,
720 3280 816 3335 vel
870 3279 1299 3352 qualicumque
1357 3285 1573 3350 petere,
1636 3295 1706 3335 ac

46 3370 173 3425 sub
201 3368 425 3425 eisdem
469 3369 642 3441 penis
691 3375 748 3424 et
786 3368 1089 3436 censuris;
1149 3384 1342 3439 neque
1396 3368 1470 3423 de
1510 3374 1705 3424 cetero

43 3459 281 3531 populo
313 3458 470 3513 clam
506 3473 613 3512 seu
640 3457 846 3530 palam
874 3457 1067 3526 legere
1100 3472 1206 3511 seu
1237 3456 1565 3528 predicare,
1602 3473 1707 3512 seu

42 3549 306 3620 alicujus
328 3547 737 3604 confessiones
767 3546 1108 3614 audire,seu
1133 3546 1207 3600 de
1222 3547 1480 3617 peccatis
1496 3562 1706 3603 eorum

44 3636 404 3694 conﬁtentes
429 3636 664 3708 aliquos
696 3635 933 3692 Latinos
961 3634 1059 3690 vel
1080 3635 1315 3702 Grecos,
1350 3651 1455 3689 seu
1500 3637 1706 3690 Arme-

43 3742 167 3782 nos
196 3732 299 3781 aut
322 3726 641 3791 Jacobitas,
672 3723 765 3779 vel
785 3723 1026 3779 alterius
1080 3725 1511 3795 cujuscumque
1566 3725 1708 3779 ritus

47 3832 164 3871 seu
184 3814 448 3879 ecclesie,
492 3812 800 3869 absolvere
857 3812 918 3866 in
976 3811 1147 3867 dictis
1207 3812 1545 3867 civitatibus
1599 3829 1707 3867 scu

46 3904 400 3961 diocesibus
431 3901 571 3960 dicti
602 3902 770 3973 regni
796 3904 973 3975 Cypri
998 3902 1204 3974 possit,
1239 3918 1343 3956 seu
1402 3908 1708 3973 presumat

46 3994 273 4066 quovis
302 3992 508 4060 modo,
547 3991 662 4049 nisi
690 3991 787 4048 ille
822 3990 953 4049 talis
985 3991 1152 4062 prius
1180 4006 1287 4062 per
1315 3990 1706 4050 diocesanum

127 4170 145 4203 ¹
179 4172 267 4223 Au
294 4171 392 4225 Ms.
421 4168 607 4238 penis.

124 4241 147 4274 ²
184 4237 473 4294 D‘Anville
521 4239 692 4309 place
725 4238 1038 4298 l’Arsmoé.
1073 4252 1192 4309 que
1250 4237 1367 4292 l’on
1400 4237 1512 4309 sait
1540 4239 1708 4295 avoir

42 4310 235 4367 existe
282 4310 435 4366 dans
467 4308 579 4364 l’ile
628 4309 702 4364 de
772 4309 1026 4380 Chypre,
1073 4308 1109 4363 εὶ
1172 4309 1309 4371 Poli,
1358 4308 1575 4377 village
1623 4311 1707 4366 du

39 4381 283 4437 district
303 4380 376 4436 de
413 4380 793 4451 Chrysocho;
828 4379 982 4451 ler’P.
1044 4380 1345 4447 Lusignan
1381 4384 1437 4435 et
1478 4380 1707 4437 l’archi-

44 4451 353 4509 mandrite
374 4450 686 4523 chyp’riote
718 4450 1051 4523 Kyprianos
1103 4452 1330 4523 croient
1379 4467 1497 4523 que
1560 4460 1706 4508 cette

41 4524 346 4579 ancienne
375 4521 510 4579 ville
558 4529 645 4578 est
688 4521 888 4590 Arsos,
945 4524 1141 4590 bourg
1175 4522 1327 4577 dans
1384 4521 1706 4579 Pintérieur

1810 1932 1967 2009 pasii
1988 1935 2029 1998 ⁸,
2047 1933 2121 1991 de
2142 1934 2363 2009 quibus
2382 1936 2629 2008 quidem
2654 1934 2800 1993 locis
2832 1934 3097 2009 episcopi
3147 1936 3313 1990 Greci
3354 1950 3463 1991 no-

1813 2036 1951 2075 men
1978 2020 2392 2093 sumerunt,et
2416 2024 2640 2079 ibidem
2667 2023 2818 2079 inter
2845 2040 2986 2078 suos
3039 2026 3252 2079 Grecos
3285 2024 3465 2079 tribu-

1812 2108 1931 2175 nal,
1958 2114 2019 2165 ut
2044 2110 2278 2180 dicitur,
2310 2117 2563 2184 possunt
2586 2117 2643 2167 et
2675 2111 2885 2178 solent,
2911 2112 3140 2184 aliquid
3172 2112 3338 2184 quod
3384 2113 3463 2168 ad

1793 2196 2075 2269 ofﬁcium
2107 2216 2209 2255 seu
2239 2200 2711 2268 iurisdictionem
2733 2200 3155 2272 episcoporum
3177 2200 3333 2256 clam
3356 2216 3463 2257 seu

1813 2286 2018 2359 palam
2050 2303 2343 2357 exercere;
2392 2292 2448 2345 et
2474 2305 2655 2361 super
2680 2288 3225 2344 matrimonialibus
3249 2293 3306 2344 et
3334 2289 3463 2345 aliis

1815 2375 2221 2447 spiritualibus
2251 2379 2447 2433 causis
2466 2378 2677 2433 audire
2698 2393 2807 2432 seu
2836 2392 3222 2446 cognoscere,
3248 2377 3339 2433 vel
3386 2378 3465 2433 ad

1817 2481 2023 2521 sacros
2044 2466 2282 2523 ordines
2309 2467 2436 2522 sine
2456 2467 2690 2522 licentia
2712 2466 3015 2522 diocesani
3042 2466 3231 2522 Latini
3262 2482 3465 2541 quem-

1816 2553 1979 2628 piam
2002 2570 2375 2627 promovere,
2410 2555 2498 2611 vel
2521 2554 2750 2629 aliquid
2777 2555 2839 2612 in
2870 2554 3168 2613 similibus
3220 2559 3277 2611 et
3333 2555 3465 2612 aliis

1816 2642 2101 2699 connexis
2129 2647 2185 2699 et
2212 2641 2692 2715 dependentibus
2730 2642 2808 2698 ab
2837 2642 3063 2701 eisdem
3118 2641 3313 2703 facere
3359 2658 3467 2700 seu

1816 2736 2168 2802 attemptare
2216 2731 2311 2787 vel
2351 2732 2519 2788 aliter
2565 2747 2627 2787 se
2658 2731 3045 2787 intromittere
3080 2746 3467 2803 prosumpse-

1815 2821 1951 2885 rint,
1986 2818 2115 2892 ipso
2129 2820 2285 2876 facto
2298 2820 2936 2877 excommunicationis
2961 2835 3111 2894 pene
3144 2820 3468 2878 sententias

1814 2909 2140 2978 incurrant,
2183 2913 2240 2964 et
2266 2925 2375 2981 pro
2405 2908 2940 2966 excommunicatis
2986 2908 3369 2982 publicentur
3412 2912 3471 2965 et

1815 2998 2127 3067 evitentur,
2158 2998 2352 3055 donec
2390 2998 2787 3057 absolutionis
2815 2996 3177 3057 beneﬁcium
3217 2995 3470 3067 abApo-
3559 3043 3565 3048 .

1816 3084 2025 3140 stolica
2068 3084 2216 3141 Sede
2253 3084 2602 3151 habuerint;
2656 3089 2711 3139 et
2757 3082 3108 3153 hujusmodi
3168 3081 3466 3139 absolutio

1816 3173 2266 3245 archiepiscopo
2308 3172 2631 3228 Nicosiensi
2672 3172 2775 3244 qui
2835 3187 2945 3243 pro
2978 3176 3247 3243 tempore
3295 3168 3469 3225 fuerit

1815 3262 1910 3317 vel
1949 3262 2079 3333 ejus
2116 3262 2339 3317 vicario
2385 3260 2631 3331 speciali
2688 3260 3025 3316 comitatur.
3075 3262 3466 3315 Decernentes

1816 3368 1889 3408 ex
1914 3367 2075 3407 nunc
2094 3351 2325 3409 irritum
2353 3355 2409 3407 et
2439 3351 2615 3406 inane
2647 3350 2694 3406 si
2727 3365 2898 3406 secus
2951 3365 3131 3422 super
3176 3350 3293 3406 hiis
3358 3363 3466 3420 per

1815 3455 2233 3513 quoscumque
2270 3440 2487 3511 quavis
2517 3439 2865 3494 auctoritate
2896 3438 3145 3493 scienter
3174 3437 3267 3492 vel
3296 3437 3463 3505 igno-

1815 3533 2018 3584 ranter
2078 3528 2429 3598 Contingerit
2483 3526 2843 3599 attemptari,
2902 3542 3024 3581 non
3085 3525 3466 3581 obstantibus

1818 3617 2355 3687 constitutionibus,
2377 3624 2483 3673 etc.
2519 3616 2668 3673 Nulli
2698 3631 2864 3689 ergo,
2905 3620 3016 3671 etc.

1890 3710 2103 3763 Datum
2127 3709 2329 3773 Rome,
2349 3706 2512 3778 apud
2544 3708 2827 3762 Sanctum
2855 3705 3116 3773 Petrum,
3171 3720 3331 3760 anno
3381 3706 3469 3759 ln-

1816 3796 2183 3851 carnationis
2216 3794 2518 3851 Dominice
2558 3794 2874 3851 millesimo
2906 3794 3285 3859 CCCCLXX",
3308 3807 3466 3864 pon—

1817 3884 2073 3940 tificatus
2101 3884 2284 3939 nostri
2309 3900 2470 3939 anno
2500 3884 2716 3956 primo.

1817 4165 1891 4243 de
1918 4164 2033 4243 l’ile
2079 4168 2115 4219 ὰ
2151 4164 2279 4219 l'est
2319 4163 2699 4243 de_Paphos,
2739 4178 2818 4218 au
2872 4162 2983 4243 bas
3038 4161 3123 4243 du
3173 4160 3463 4243 flii-nodos.

1820 4239 1923 4293 Les
1937 4237 2195 4360 éveqjues
2214 4250 2383 4315 grecs
2397 4234 2471 4289 de
2488 4232 2721 4305 Paphos
2733 4278 2745 4301 ,
2768 4233 3144 4305 prenaientle
3170 4233 3297 4287 titre
3341 4232 3465 4285 d’e-

1820 4309 2040 4360 veaues
2108 4307 2388 4360 'Arslnoé.

1816 4309 2040 4379 véques
2062 4309 2388 4360 d'Arsinoé.
3347 4374 3355 4384 Ι

1887 4378 1910 4413 ⁸
1936 4377 2203 4443 Lefkara,
2226 4376 2379 4432 dans
2412 4376 2465 4430 1e
2504 4379 2747 4442 Mazoto,
2778 4378 2916 4446 pres
2948 4374 3031 4429 du
3061 4379 3230 4430 mont
3261 4374 3463 4429 Samte

1818 4450 2067 4575 Cliolitxisa
2088 4520 2421 4590 Karpasso,
2448 4518 2600 4573 dans
2627 4518 2681 4572 le
2707 4518 2967 4589 Karpas.
