4126 6228
89 4871 104 4892 ο
143 4847 248 4892 ’κέν’

83 5729 94 6048 ν

763 329 1126 338 -ῇ-φνο-η-α,
1219 329 1276 336 ...ρο
1291 329 1568 334 .-—__._—--——~
1579 329 1642 332 —~r-
1661 328 1694 334 -η
1749 329 1756 332 -
1777 327 1920 334 -ηνν---η-
1943 328 1962 330 —~
1993 327 2050 334 ’ἡ
2063 325 2144 332 vt“
2295 329 2342 334 —-—
2355 329 2524 336 -ν-ςηε-νν-
2541 330 2586 335 ’.-

119 325 3496 380 ﬂwi

897 501 1653 654 NICETXE
1769 501 2839 649 ΟΗΟΝΙΑΤᾸΕ

1450 827 1637 923 EX
1701 827 2086 925 LIBRO
2153 830 2295 925 VI

733 1099 1476 1221 THESAURI
1549 1096 2499 1223 ORTHODOXXE
2559 1101 2963 1224 FIDEI

1210 1313 1432 1384 (Graece
1463 1310 1630 1383 apud
1649 1309 1888 1381 Maium,
1913 1311 2101 1385 Spicz'l
2121 1313 2290 1371 Rom.
2310 1317 2358 1371 t.
2388 1315 2506 1386 IV.)

701 1577 832 1651 Περὶ
854 1569 1183 1628 Μακεδονίου
1196 1615 1210 1628 .

205 1704 268 1760 α’.
301 1703 578 1758 Ἐντεῦθεν
613 1695 679 1754 δέ
735 1703 833 1757 τὴν
863 1702 982 1770 περὶ
1026 1699 1116 1750 τόν
1163 1698 1607 1771 πνευματομάχον
1659 1703 1770 1749 Μα-
1799 1729 1846 1781 Α

142 1791 370 1847 κεδόνιον
425 1801 506 1864 τῷ
563 1791 714 1862 λόγῳ
758 1785 948 1840 δοῦναι
985 1789 1294 1862 προθέμενος
1353 1784 1552 1860 ἀρχὴν,
1603 1784 1765 1858 ἀναγ-

144 1891 286 1936 καῖον
342 1887 436 1934 καὶ
501 1887 702 1945 ταῦτα,
756 1873 1229 1952 προδιηγήσασθαι
1285 1879 1484 1948 οἴομαι,
1533 1878 1602 1936 ὡς
1636 1875 1773 1947 ξοῖξὶα

147 1981 235 2025 τοῦ
266 1973 598 2026 ἐπίστασθαι
657 1975 772 2028 τοῖς
821 1966 1142 2040 φιλίστορσι,
1179 1961 1318 2038 μηδὲ
1372 1972 1482 2027 τοῖς
1532 1966 1771 2040 ῥηθησο-

151 2071 322 2134 μένοις
369 2063 557 2114 ἐπίπαν
605 2058 885 2129 ἆσυναφῆ.
959 2054 1018 2108 εΟ
1057 2057 1158 2131 γάρ
1221 2074 1302 2107 τοι
1368 2053 1532 2106 πολλὰ
1595 2060 1684 2108 καὶ
1723 2053 1772 2106 ἐν

150 2160 256 2212 τοῖς
286 2151 582 2226 ἔμπροσθεν
623 2145 884 2208 ὃηλωθεὶς
929 2144 1103 2216 λόγοις
1161 2142 1410 2207 Εὐσέϐιος
1448 2145 1473 2195 6
1529 2150 1773 2216 Νικομη-

157 2237 324 2307 δείας,
391 2243 567 2292 πάντα
606 2240 803 2312 τρόπον
845 2242 952 2295 τοίς
1002 2229 1307 2309 όρθοδόξοις
1370 2231 1769 2306 ἀντιτιθέμενος,

159 2337 371 2403 πρῶτον
433 2331 524 2400 μὲν
590 2323 973 2385 ἐπεϐούλευσεν,
1014 2325 1085 2385 ὡς
1153 2322 1454 2395 εἰρήκαμεν,
1495 2322 1771 2392 Εύσταθίῳ

167 2427 245 2488 τῷ
301 2419 659 2487 Ἀντιοχείας,
704 2421 792 2466 καὶ
839 2411 1042 2465 καθεῖλε
1115 2418 1299 2464 τοῦτον
1359 2412 1414 2464 ἐκ
1494 2407 1768 2472 διαϐολῆς·

179 2501 532 2578 Ἀλεξάνδρου
572 2500 630 2555 δε
679 2509 766 2555 τοῦ
809 2509 898 2563 τῆς
974 2497 1368 2573 Ἀλεξανδρείας
1422 2502 1555 2572 μετὰ
1609 2507 1773 2573 μῆνας

169 2601 324 2647 πέντε
361 2603 456 2655 τῆς
491 2593 542 2644 ἐν
597 2596 792 2663 Nuceria:
857 2587 1088 2644 συνόδου
1150 2593 1282 2659 πρὸς
1336 2594 1466 2644 Θεὸν
1531 2586 1770 2662 ἐκδημὴ’

167 2705 370 2756 σαντος,
419 2679 692 2746 διεδέξατο
757 2684 825 2733 τὰ
887 2677 1144 2755 προέδριά
1191 2680 1532 2743 Ἀθανασιος.
1603 2679 1770 2732 Ἐπει-

161 2777 398 2848 ράθησαν
457 2767 546 2824 οὖν
586 2773 613 2823 6
674 2778 767 2824 τοῦ
833 2768 1087 2824 Εὗσεϐίου
1145 2773 1312 2844 χορός
1366 2767 1442 2822 δι’
1490 2767 1772 2822 ἐπιστολῶν

163 2866 348 2917 κείθειν
403 2863 558 2914 αὐτόν
594 2861 658 2913 ἶν’
717 2859 769 2921 ἐς
819 2879 1091 2912 κοινωνιαν
1133 2855 1352 2922 δέξηται
1391 2861 1480 2912 τὸν
1528 2858 1762 2931 ’Ἄρειον

165 2959 231 3015 ὡς
263 2949 320 3005 δ’
349 2952 443 3004 οὐκ
481 2948 576 3013 εἶξε
625 2957 747 3011 ταῖς
797 2949 1191 3024 παρακλήσεσι,
1231 2944 1435 3000 τοιόνδε
1480 2967 1530 3000 τι
1578 2948 1770 3020 μηχά-

161 3051 372 3098 νίινται.
451 3040 684 3102 Μελίτιος
753 3039 781 3094 ὁ
861 3046 958 3099 τῆς
1017 3040 1203 3091 Λύκων
1271 3036 1566 3103 ἐπίσκοπος,
1619 3039 1672 3089 ὃν
1725 3035 1773 3088 ἓν

167 3138 366 3204 Νικαίᾳ
400 3135 666 3203 κατέκρινε
708 3122 951 3197 σύνοδος,
995 3127 1245 3180 εκλείπων
1292 3129 1379 3179 τὸν
1421 3123 1558 3199 βίον,
1595 3125 1772 3180 Ἰωάν-

163 3241 252 3278 νην
289 3222 401 3273 τινὰ
430 3227 529 3271 τῶν
559 3219 704 3290 αὐτῷ
760 3218 1000 3276 συνήθων
1069 3214 1181 3268 ἀνθ’
1249 3214 1434 3268 ἑαυτοῦ
1516 3219 1770 3273 κατέστης

169 3329 252 3362 ora
295 3309 574 3361 ἐπίσκοπον
631 3309 778 3382 παρὰ
828 3309 890 3357 τό
953 3301 1130 3378 δόγμα
1169 3312 1269 3356 τῶν
1292 3303 1342 3356 ἐν
1364 3309 1581 3377 Νικαίᾳ.
1639 3307 1770 3367 Τοὺς

185 3403 359 3450 τοίνυν
375 3398 690 3450 ταίωάννον
724 3402 1037 3470 φρονοῦντας
1075 3393 1374 3455 ὑπελθόντες
1423 3395 1471 3445 οἱ
1516 3397 1635 3466 περὶ
1667 3393 1771 3444 Εὐ·-

180 3484 370 3550 σίςιον,
408 3488 610 3537 ἔπεισαν
657 3484 970 3537 Ἀθανασίου
999 3498 1384 3556 κατηγορῃσαι·
1419 3486 1507 3533 καὶ
1544 3486 1772 3553 κατηγό-

167 3593 347 3649 ρησαν
371 3575 440 3635 ὡς
460 3573 520 3625 ού
555 3580 811 3636 κανονικῶς
829 3571 1231 3647 ἐχειροτονήθη,
1281 3574 1372 3623 καὶ
1410 3573 1478 3632 ὡς
1507 3573 1768 3642 χιτωνίων

177 3663 332 3716 λινῶν
390 3667 541 3735 φόρον
575 3662 882 3734 Αἰγυπτίοις
912 3660 1145 3732 ἐπέϐαλε²
1177 3665 1266 3712 καὶ
1317 3662 1526 3732 γύναιον
1556 3661 1767 3736 ἔρθειρε,

163 3761 248 3805 καί
301 3761 376 3824 τῷ
424 3759 698 3824 κρατοῦντι
763 3749 1128 3814 ἐπιϐουλεύων,
1181 3749 1472 3823 Φιλουμένῳ
1527 3753 1629 3801 τινὶ
1669 3757 1769 3800 τῶν

163 3841 444 3914 βασιλικῶν
522 3843 848 3914 θεραπόντων
931 3839 1126 3913 ἔπεμψε
1233 3838 1467 3914 λάρνακα
1547 3841 1764 3913 χρυίου,

159 3939 236 3986 καὶ
287 3937 384 3991 τὴν
467 3931 520 3994 ἐξ
570 3931 842 4002 Αἰγύπτου
911 3933 1268 4002 σιτοπομπίαν
1361 3926 1604 3994 ἐκώλυσε,
1677 3932 1766 3980 καὶ

157 4022 420 4096 ’Δρσενίου
480 4024 620 4082 τινός
676 4018 898 4092 ἐκτεμὼν
963 4023 1057 4077 τὴν
1095 4024 1257 4091 χεῖρα
1306 4021 1548 4089 γοητείας
1604 4019 1766 4069 ἕνεκεν

157 4110 312 4184 εἶχεν.

219 4200 288 4273 β’.
346 4202 444 4253 Διά
490 4207 662 4252 ταῦτα
714 4202 887 4250 τοίνυν
943 4195 990 4249 ἓν
1062 4201 1352 4272 Καισαρείᾳ
1399 4203 1494 4258 τῆς
1562 4194 1764 4248 Παλαι-

153 4295 335 4350 στίνης
388 4285 609 4342 σύνοδον
639 4289 668 4340 6
708 4285 962 4360 βασιλεὺς
1020 4284 1383 4362 ἀθροισθῆναι,
1430 4283 1758 4358 προσέταξεν.

148 4379 468 4433 Ἀθανασίον
511 4375 568 4431 δὲ
606 4375 1046 4450 ἁναϐαλλομενου,
1091 4373 1186 4429 διὰ
1235 4378 1324 4428 τόν
1372 4372 1618 4428 Εύσέϐιον
1674 4377 1763 4426 τόν

151 4468 432 4543 Παμφίλου
484 4463 616 4538 τῇδε
675 4465 1061 4519 ἐπισκοποῦντα
1113 4464 1256 4538 φίλον
1322 4461 1452 4516 εἶναι
1516 4467 1604 4515 καὶ
1671 4481 1760 4514 ου-
1801 4451 1842 4506 C

149 4563 330 4631 νεροιον
424 4554 664 4627 Εύσεϐίῳ
709 4563 780 4626 τῷ
832 4551 1209 4628 Νικομηδείας,
1278 4553 1434 4606 πάλιν
1517 4553 1567 4604 οἱ
1612 4549 1763 4604 Μελι-

150 4653 328 4699 τιανοὶ
369 4651 745 4720 κατηγόρησαν
795 4644 953 4698 αὐτοῦ
1001 4647 1067 4706 ὡς
1113 4645 1371 4717 μυστικόν
1410 4645 1660 4714 ποτήριον
1712 4639 1760 4692 ἐν

147 4745 222 4808 τῷ
253 4739 513 4807 Magnanimi;
547 4734 840 4810 συνέτριψε,
879 4738 971 4787 καὶ
1021 4733 1360 4788 ἓπισκοπικόν
1400 4730 1605 4784 καθεῖλε
1636 4732 1761 4805 θρό-

329 4829 427 4877 καί
512 4825 656 4897 ἕτερά
703 4844 822 4877 τινα
866 4816 1171 4899 ἐἰργάσατο
1232 4829 1332 4875 τῶν
1382 4819 1757 4895 ἀπειρημένων.

84 4957 86 4960 μ
145 4915 411 4991 Επέτρεψε
498 4919 674 4967 τοίνυν
753 4915 780 4966 6
872 4911 1122 4988 βασιλεὺς
1177 4911 1226 4964 ἓν
1307 4913 1457 4985 Τύρῳ
1521 4911 1762 4983 γενέσθαι

147 5002 390 5070 σύνοδον,
436 5008 531 5055 καὶ
585 5005 866 5076 γενομένης
931 5002 1107 5072 αὐτῆς,
1163 5001 1478 5060 Ἀθανάσιος
1553 4997 1762 5057 ἐνίκησε

145 5115 274 5148 κατα
307 5095 536 5167 κράτος.
592 5095 660 5144 Οἱ
719 5089 779 5144 δὲ
816 5101 911 5154 τῆς
967 5090 1211 5152 ἀληθείας
1248 5089 1429 5163 ἐχθροὶ
1480 5089 1756 5140 ἐπίσκοποι

390 5182 560 5236 αὐτοῦ
608 5181 1059 5256 κατεψηφίσαντοο
1104 5177 1215 5234 εἶτα
1268 5184 1359 5231 καὶ
1416 5177 1486 5239 εἰς
1513 5180 1598 5229 τόν
1649 5184 1760 5230 Μα-

143 5283 330 5346 gmina
415 5270 681 5343 ἒπεριψαν,
761 5277 946 5345 χώραν
1036 5272 1154 5323 τινὰ
1198 5277 1293 5331 τῆς
1367 5263 1759 5340 Ἀλεξανδρείας

145 5363 410 5438 ἐπώνυμον
491 5366 731 5434 Μαρείας
795 5370 894 5422 τῆς
939 5359 1156 5434 ,λίμνης’
1236 5355 1372 5416 ἦσαν
1422 5351 1480 5409 δὲ
1520 5358 1568 5408 οἱ
1632 5374 1760 5428 πεμ-

145 5455 338 5522 ﬁgi-nt;
400 5455 625 5524 Θέογνις
673 5451 699 5502 6
766 5454 1012 5512 Νικαίας,
1067 5452 1158 5500 καὶ
1205 5447 1379 5520 Μάρις
1419 5445 1444 5496 ό
1483 5441 1759 5502 Χαλκηδό-

141 5563 240 5606 ης,
276 5539 562 5616 Θεόδωρος
608 5542 864 5617 Περίνθου
917 5545 1036 5601 ἤτοι
1083 5537 1384 5613 Ἡρακλείας
1457 5537 1759 5609 Νάρκισσος

139 5629 496 5706 Νερωιοίόος,
552 5631 764 5693 Οὐάλης
811 5633 1080 5706 Μούρσης,
1146 5627 1446 5704 Ούρσάκιος
1491 5621 1758 5698 Evr/7:66-

203 5723 478 5788 PL'rnor.
522 5723 634 5782 Gn.
689 5722 849 5780 CXL.

319 5900 630 6159 «ἃ

1811 3088 1850 3140 Β

2465 1574 2554 1630 De
2589 1574 2964 1634 Macedonio.

1953 1698 2008 1753 1.
2042 1697 2172 1752 Jam
2212 1695 2286 1752 de
2315 1697 2687 1769 Macedonio,
2713 1699 2964 1772 Spiritus
2993 1701 3183 1758 sancti
3211 1701 3538 1776 impugna-

1877 1787 2373 1855 tore,sermonem
2390 1785 2650 1860 incipere
2669 1791 3538 1866 statuens,necessariumvputo

1875 1873 2003 1930 haec
2030 1874 2196 1946 prius
2216 1875 2568 1944 edisserere,
2589 1881 2880 1950 tanquam
2893 1878 3079 1950 digna
3099 1896 3238 1953 quae
3256 1882 3334 1938 ab
3351 1881 3535 1939 histo-

1877 1961 2014 2018 ricis
2031 1970 2502 2033 cognoscantur,
2526 1982 2722 2039 neque
2737 1968 2986 2024 omnino
3006 1969 3082 2027 ab
3103 1969 3175 2026 iis
3187 1967 3325 2044 quae
3337 1971 3540 2028 dicen-

1879 2055 1974 2107 tur
2025 2052 2431 2110 abhorrentia.
2498 2056 2608 2122 Qui
2664 2057 2826 2112 enim
2855 2057 2916 2113 in
2966 2059 3266 2130 prioribus
3316 2061 3538 2132 saepius

1880 2139 2178 2197 exhibitus
2196 2147 2284 2198 est
2300 2142 2588 2198 Eusebius
2607 2144 2966 2202 Nicomediae
2992 2147 3338 2219 episcopus,
3369 2149 3539 2206 omni

1879 2227 2066 2284 modo
2113 2229 2467 2287 orthodoxis
2505 2233 2819 2304 oppositus
2857 2233 3056 2306 primo
3097 2235 3347 2308 quidem
3391 2236 3536 2294 insi-

1879 2317 2080 2374 diatus
2101 2323 2210 2385 est,
2253 2323 2318 2375 ut
2346 2318 2628 2388 diximus,
2684 2322 2992 2378 Eustathio
3047 2324 3436 2398 Antiocheno,
3479 2331 3538 2385 et

1881 2423 2017 2462 eum
2052 2407 2370 2464 calumniis
2401 2409 2730 2482 depressit;
2783 2410 3125 2470 Alexandro
3157 2419 3359 2472 autem
3389 2415 3533 2474 Ale-

1879 2498 2149 2555 xandriae
2169 2500 2458 2572 episcopo
2485 2501 2700 2576 quinto
2730 2507 2868 2574 post
2891 2503 3194 2561 Niceenam
3226 2507 3538 2578 synodum

1879 2603 2088 2644 mense
2127 2588 2207 2644 ad
2234 2588 2420 2644 Deum
2452 2589 2738 2662 profecto,
2769 2592 3032 2664 primam
3077 2594 3282 2650 sedem
3307 2598 3540 2671 accepit

1879 2678 2260 2735 Athanasius.
2284 2681 2894 2739 Tentaveruntautem
2924 2683 3160 2739 Eusebii
3188 2687 3432 2743 asseclae
3451 2688 3536 2746 illi

1879 2766 2246 2837 persuadere
2285 2769 2568 2824 utArium
2609 2769 2670 2826 in
2705 2773 3532 2848 communionemacciperet;

1881 2871 2020 2912 cum
2032 2862 2235 2914 autem
2249 2857 2485 2914 illorum
2500 2858 2779 2931 precibus
2801 2875 2924 2917 non
2941 2862 3277 2935 annuisset,
3304 2865 3536 2938 aliquid

1880 2943 1996 3001 tale
2009 2945 2333 3003 machinati
2348 2951 2505 3004 sunt.
2529 2947 2696 3004 Meliti
2709 2966 2776 3005 us
2791 2950 3106 3022 Lyciorum
3126 2951 3292 3008 urbis
3303 2956 3539 3028 episco-

1881 3049 2018 3108 pus,
2037 3051 2218 3108 quem
2242 3037 2479 3092 Nicaana
2493 3038 2766 3110 synodus
2796 3039 3112 3098 damnavit
3139 3042 3330 3101 vitam
3359 3045 3535 3104 relin-

1879 3141 2094 3196 quens,
2121 3125 2416 3182 Joannem
2439 3128 2772 3200 quemdam
2790 3145 2860 3186 ex
2880 3130 3002 3187 suis
3015 3130 3410 3190 familiaribus
3423 3152 3532 3208 pro

1879 3230 1942 3269 se
1961 3214 2316 3288 episcopum
2340 3218 2646 3273 constituit
2663 3224 2872 3275 contra
2891 3219 3141 3276 Nicaeum
3174 3223 3395 3294 synodi
3431 3225 3532 3282 de-

1878 3307 2128 3360 cretum.
2157 3306 2270 3358 Eos
2292 3303 2472 3373 igitur
2487 3305 2590 3376 qui
2611 3321 2720 3376 pro
2744 3307 2975 3362 Joanne
2997 3307 3256 3376 stabant,
3277 3311 3532 3368 circum-

1874 3392 2179 3448 venientes
2201 3393 2540 3463 Eusebiani,
2562 3394 2634 3450 iis
2655 3403 3085 3476 persuaserunt
3103 3403 3168 3454 ut
3179 3409 3534 3460 accusarent

1875 3482 2290 3552 Athanasium,
2309 3488 2366 3540 et
2383 3497 2593 3540 revera
2613 3501 2750 3541 eum
2768 3491 3386 3563 accusaveruntquod
3404 3509 3530 3552 non

1875 3571 2166 3628 canonice
2190 3573 2502 3630 ordinatus
2527 3579 2703 3644 esset,
2725 3576 2894 3648 quod
2917 3578 3211 3651 Aigyptiis
3230 3579 3529 3641 linearum

1874 3662 2218 3718 tunicarum
2249 3663 2537 3720 tributum
2566 3665 2972 3737 imposuisset,
3005 3669 3171 3742 quod
3201 3673 3530 3730 muliercu-

1873 3749 1998 3808 lam
2037 3752 2422 3824 corrupisset,
2446 3753 2611 3826 quod
2643 3755 2720 3810 ad
2752 3756 3166 3818 Philomenum
3197 3763 3529 3835 quemdam

1874 3856 1947 3896 ex
1984 3841 2164 3910 regiis
2200 3841 2408 3910 servis,
2475 3842 2822 3914 imperatori
2867 3847 3278 3922 insidiaturus,
3322 3846 3529 3910 arcam

1874 3944 2023 3986 auro
2049 3929 2327 3986 refertam
2355 3929 2637 3996 misisset,
2660 3933 2826 4004 quod
2864 3933 3148 3995 frumenti
3171 3955 3244 3996 ex
3265 3941 3529 4013 Egypto

1873 4017 2393 4074 transmissionem
2421 4019 2848 4093 impedivissct,
2881 4028 2939 4080 et
2958 4028 3187 4084 Arsenii
3207 4029 3529 4100 cujusdam

1871 4121 2126 4163 manum
2148 4108 2400 4180 magicis
2431 4109 2660 4166 artibus
2690 4113 3065 4173 resecuisset.

1943 4200 1996 4252 2.
2032 4197 2444 4263 Quamobrem
2481 4201 2816 4257 Caesaream
2842 4203 3173 4262 Palaestinae
3208 4208 3529 4266 convenire

1872 4285 2189 4343 concilium
2225 4287 2404 4358 jussit
2433 4288 2780 4361 imperator.
2811 4294 2958 4350 Cum
2983 4299 3208 4352 autem
3238 4299 3533 4356 renuisset

1871 4377 2165 4434 Athanius
2186 4391 2256 4433 eo
2279 4377 2445 4450 quod
2477 4377 2770 4435 Eusebius
2795 4384 3092 4456 Pamphili
3127 4385 3310 4458 hujus
3362 4387 3530 4445 urbis

1871 4465 2196 4538 episcopus
2219 4466 2450 4524 amicus
2478 4471 2536 4523 et
2560 4467 2810 4540 adjutor.
2829 4477 2983 4529 esset
3004 4474 3241 4530 Eusebii
3264 4476 3526 4533 Nicome'

1871 4553 2012 4624 diae,
2065 4571 2274 4611 rursus
2333 4556 2622 4612 Meletiani
2680 4573 2820 4615 eum
2879 4569 3315 4620 accusaverunt
3365 4566 3530 4638 quod

1869 4643 2200 4717 mysticum
2230 4643 2474 4700 calicem
2505 4648 2773 4703 Mareotin
2804 4650 3176 4708 contrivisset
3203 4653 3530 4726 sedemque

1869 4734 2279 4808 episcopalem
2300 4735 2601 4792 evertisset
2631 4742 2686 4792 et
2715 4739 3074 4797 nonnullula
3111 4741 3232 4798 alia
3263 4741 3531 4802 facinora

1869 4823 2230 4881 admisisset.
2260 4825 2568 4881 Concessit
2585 4824 2768 4896 igitur
2786 4829 3114 4902 imperator
3142 4831 3448 4903 synodum
3468 4833 3532 4890 in

1868 4914 2020 4970 urbe
2046 4917 2199 4988 Tyro
2229 4913 2378 4982 ﬁeri,
2417 4918 2474 4970 et
2495 4930 2566 4970 ea
2606 4924 2993 4990 congregata,
3028 4921 3344 4978 victoriam
3382 4938 3532 4996 prae-

1870 5003 2302 5061 stantissimam
2322 5003 2913 5078 retulitAthanasius;
2934 5008 3362 5068 inimiciautem
3384 5013 3532 5070 veri-

1869 5093 2006 5148 tatis
2041 5092 2312 5164 episcopi
2334 5108 2404 5148 eo
2432 5093 2631 5164 magis
2647 5112 2787 5150 eum
2810 5095 3199 5167 damnavere;
3225 5116 3295 5156 ac
3312 5101 3532 5159 deinde

1868 5185 2192 5240 Mareotam
2214 5179 2522 5248 miserunt,
2569 5184 2631 5238 in
2677 5185 3014 5256 quamdam
3043 5187 3416 5247 Alexandriae
3443 5208 3533 5249 re-

1869 5270 2110 5340 gionem
2135 5286 2271 5342 quin
2315 5286 2493 5326 suum
2525 5287 2746 5328 nomen
2780 5290 2816 5330 a
2845 5277 3039 5333 Marea
3085 5276 3307 5349 palude
3341 5279 3529 5338 duxit.

1870 5363 2049 5417 Erant
2072 5365 2274 5416 autem
2292 5360 2396 5432 qui
2420 5361 2587 5416 missi
2612 5369 2751 5420 sunt
2785 5366 3079 5437 Theognis
3103 5369 3328 5437 Nicaeae,
3360 5372 3532 5428 Maris

1880 5449 2302 5518 Chalcedonis,
2342 5449 2691 5508 Theodorus
2743 5454 2998 5511 Perinthi
3056 5471 3164 5512 seu
3215 5459 3527 5528 Heracleae,

1869 5538 2186 5596 Narcissus
2209 5538 2582 5605 Neroniadis,
2635 5541 2806 5599 Vales
2835 5546 3064 5616 Mursac,
3107 5545 3379 5602 Ursacius
3407 5548 3532 5603 Sin-

1866 5627 2145 5702 gedonis,
2173 5627 2554 5687 Macedonius
2577 5633 2957 5705 Mopsuestia;
2984 5633 3088 5706 qui
3107 5637 3434 5706 postquam
3454 5635 3529 5692 de

2207 5737 2211 5742 ‘
3182 5725 3206 5777 1
