4126 6228
554 336 619 397 ll

552 475 728 519 sacro
753 458 939 517 calice
984 453 1384 531 inquisierunt
1411 454 1467 510 et
1519 452 1594 510 de
1627 450 1985 525 episcopalis
2042 448 2201 506 sedis
2230 454 2274 507 A

551 550 883 618 eversione,
912 562 1052 604 vera
1079 544 1326 618 quidem
1356 543 1884 616 praetermiserunt,
1917 540 2073 598 falsa
2099 556 2202 596 au-

550 644 673 700 tem
703 639 823 714 ipsi
846 634 1157 708 imaginati
1188 638 1349 704 sunt,
1379 632 1929 707 deposueruntque,
1962 635 2027 687 ut
2074 645 2200 685 cre-

550 730 799 793 debant,
831 724 1248 789 Athanasium,
1284 723 1415 795 ejus
1463 721 1599 779 loco
1636 722 1837 794 ipsum
1882 718 2200 776 Arsenium

551 819 936 893 accipientes.
968 816 1143 887 cujus
1171 829 1426 871 manum
1465 817 1843 885 amputatam
1873 826 2002 867 esse
2045 808 2201 865 dice-

549 910 702 969 bant
720 927 735 979 ;
756 908 863 982 qui
889 906 1059 981 prius
1088 904 1536 963 Meletianorum
1582 899 2021 975 superstitionis
2043 900 2199 971 epis-

550 1016 741 1074 copus
763 1002 908 1057 tunc
933 994 1099 1072 apud
1110 994 1275 1067 ipsos
1301 997 1365 1050 ut
1384 991 1839 1066 Hypseletorum
1859 989 2025 1047 urbis
2048 989 2199 1062 epis-

552 1104 743 1164 copus
770 1091 980 1146 contra
1016 1081 1417 1143 Athanasium
1446 1080 1821 1154 subscripsit.

620 1272 677 1327 3.
718 1269 947 1325 Interea
997 1279 1140 1322 vero
1190 1260 1453 1337 perfecto
1494 1257 1919 1333 Hierosolymis
1975 1256 2200 1330 templo

549 1372 741 1433 prope
771 1371 912 1414 eum
941 1351 1188 1412 calvarii
1232 1351 1434 1409 locum
1463 1349 1570 1424 qui
1597 1364 1893 1420 magnum
1942 1347 2200 1403 testimoo

548 1447 722 1507 nium
748 1448 1021 1510 vocatur,
1048 1442 1232 1516 jussit
1258 1440 1585 1514 imperator
1605 1438 1921 1511 episcopos
1942 1436 2046 1509 qui
2065 1435 2201 1508 Tyri

548 1536 804 1595 aderant
827 1531 1305 1606 Hierosolymam
1323 1528 1522 1586 venire
1542 1531 1600 1585 et
1616 1527 1733 1585 hoc
1750 1526 2042 1598 templum
2064 1540 2201 1581 con-

548 1640 803 1684 secrare.
834 1626 995 1681 Tunc
1015 1626 1217 1679 autem
1238 1618 1619 1677 occasionem
1637 1615 2006 1673 invenientes
2036 1614 2199 1670 Aria-

548 1730 770 1773 norum
794 1713 1058 1771 fautores
1096 1712 1475 1769 tentaverunt
1522 1712 1589 1764 ut
1629 1703 2054 1777 Hierosolymis
2105 1720 2199 1776 sy-

548 1804 748 1864 nodus
768 1803 935 1861 ﬂeret
971 1806 1029 1860 et
1059 1799 1409 1859 communio
1445 1797 1583 1854 Ario
1623 1799 1680 1853 et
1716 1794 1935 1852 Euzoio
1986 1809 2195 1851 conce-
2228 1813 2267 1867 Β

547 1893 810 1954 deretur.
842 1889 1198 1966 Imperatori
1240 1889 1421 1960 igitur
1454 1886 1602 1944 illud
1653 1901 1761 1959 per
1798 1884 1987 1957 ipsius
2036 1899 2197 1939 soro-

545 1999 677 2041 rem
721 1981 1137 2041 Constantiam
1182 1977 1641 2053 quemdamque
1706 1974 1891 2046 hujus
1931 1971 2197 2028 mulieris

542 2071 909 2129 familiarem
956 2068 1382 2143 presbyterum
1417 2066 1698 2124 arianum
1747 2077 2103 2137 persuasere
2142 2063 2199 2118 et

543 2176 830 2220 curavere
886 2164 953 2218 ut
997 2157 1204 2215 Arium
1265 2155 1675 2228 Euzoiumque
1749 2152 1993 2221 videret,
2039 2167 2196 2222 quos

543 2256 871 2326 postquam
900 2248 1049 2307 vidit
1078 2246 1431 2320 censuitque
1444 2245 1567 2302 fere
1596 2249 1662 2301 ut
1690 2244 1962 2301 Nicaenos
1992 2242 2197 2298 Patres

545 2339 808 2407 credere,
823 2355 926 2397 eos
946 2338 1026 2396 ad
1049 2337 1369 2411 episcopos
1391 2334 1818 2406 Hierosolymis
1866 2346 2198 2402 congrega-

544 2433 637 2487 tos
665 2428 847 2499 misit,
877 2426 1148 2484 scribens
1178 2429 1243 2481 ut
1281 2424 1357 2481 de
1402 2423 1517 2479 illis
1560 2422 1892 2493 benignum
1949 2420 2198 2476 ferretur

547 2518 929 2589 suffragium,
987 2516 1038 2572 si
1066 2518 1224 2573 recte
1253 2511 1496 2570 credere
1527 2511 1887 2568 viderentur.
1922 2509 2198 2567 Occasio-

539 2623 681 2666 nem
699 2607 884 2678 igitur
907 2604 1257 2679 arripientes
1282 2601 1485 2659 Ariani
1514 2616 1617 2658 eos
1663 2602 2040 2672 exceperunt,
2085 2598 2197 2653 im-

537 2695 925 2771 peratorique
962 2698 1019 2752 et
1051 2692 1344 2751 universis
1403 2689 1704 2765 episcopis
1758 2688 2047 2761 scripsere
2094 2702 2198 2743 eos

539 2784 911 2845 orthodoxos
942 2798 1093 2841 esse.

609 2878 663 2933 4.
699 2874 804 2931 His
831 2874 915 2930 ita
947 2873 1116 2939 actis,
1151 2870 1516 2930 Athanasius
1552 2871 1707 2942 'I‘yro
1728 2867 1989 2939 ffugiens
2019 2869 2193 2923 Cons-

540 2962 964 3038 tantinopolim
989 2964 1188 3031 venit;
1213 2961 1386 3032 cujus
1407 2959 1688 3033 precibus
1717 2971 1992 3013 annuens
2014 2955 2200 3027 impe-

539 3058 706 3114 rator
724 3052 980 3111 dicentis
1003 3068 1067 3108 se
1088 3067 1212 3109 non
1232 3050 1391 3123 juste
1410 3048 1767 3105 damnatum
1785 3061 1935 3113 esse,
1960 3044 2200 3118 scripsit

541 3143 842 3219 episcopis
862 3147 1006 3201 tunc
1034 3142 1169 3217 Tyri
1213 3139 1591 3212 congregatis
1642 3143 1707 3194 ut
1735 3137 1813 3194 ad
1858 3137 2063 3209 ipsum
2102 3135 2201 3228 de-
2237 3173 2276 3228 Ο

542 3235 918 3303 scenderent,
939 3237 1006 3291 ut
1025 3247 1231 3291 coram
1254 3231 1390 3305 ipso
1411 3227 1726 3286 Anathasii
1762 3242 1949 3284 causa
1979 3224 2203 3282 exami-

541 3328 809 3382 naretur.
849 3324 1181 3396 Postquam
1239 3319 1419 3392 igitur
1465 3318 1860 3386 advenerunt,
1912 3313 2202 3372 Eusebius

510 3412 902 3472 Nicomediae
938 3409 1347 3469 contendebat
1393 3408 1623 3481 justam
1689 3407 1751 3462 in
1809 3405 2201 3463 Athanasium

542 3501 731 3559 latam
758 3516 889 3558 esse
919 3501 1275 3557 sententiam
1304 3516 1319 3566 ;
1356 3500 1534 3553 testes
1570 3495 1841 3568 prasstitit
1873 3494 2200 3563 Theognim

547 3595 606 3648 et
630 3589 880 3647 Marium
904 3593 963 3644 et
979 3587 1359 3644 Theodorum
1383 3589 1440 3640 et
1467 3582 1773 3639 Valentem
1796 3587 1852 3638 et
1873 3583 2203 3638 Ursacium.

547 3682 881 3753 Imperator
919 3681 1123 3735 autem
1167 3675 1292 3732 sive
1349 3673 1616 3732 crederet
1652 3688 1798 3729 vera
1854 3688 1991 3744 qua:
2050 3672 2207 3728 dice-

546 3768 792 3839 bantur,
851 3767 979 3824 sive
1068 3762 1410 3822 consentire
1484 3761 1896 3834 suspicaretur
1980 3761 2208 3834 episco-

549 3874 665 3934 pos
712 3860 779 3914 ut
808 3873 839 3914 e
889 3854 1091 3912 medio
1123 3853 1424 3911 tolleretur
1465 3850 1854 3918 Athanasius,
1895 3850 2211 3908 mandavit

551 3951 619 4006 ut
638 3946 691 4004 is
710 3944 1011 4004 Treverim
1036 3943 1453 4007 abduceretur,
1480 3957 1619 4015 quae
1656 3944 1745 3997 est
1774 3940 1917 3996 urbs
1940 3938 2211 3996 occiden—

552 4036 765 4096 talium
794 4034 1136 4103 Gallorum;
1162 4032 1583 4104 abductusque
1608 4034 1696 4086 est
1714 4029 2078 4086 Athanasius
2103 4030 2213 4086 ibi-

553 4143 673 4203 que
698 4125 920 4184 mansit
948 4140 1140 4199 usque
1163 4122 1242 4179 ad
1263 4126 1519 4179 mortem
1550 4119 1937 4176 Constantini.

630 4221 685 4274 5.
714 4216 889 4273 Arius
916 4218 1118 4271 autem
1144 4216 1282 4286 post
1305 4210 1579 4268 habitam
1637 4208 2064 4281 Hierosolymis
2117 4226 2214 4283 sy-

557 4304 792 4365 nodum
830 4303 891 4359 in
930 4304 1253 4375 Egyptum
1291 4298 1473 4356 venit.
1518 4302 1665 4356 Cum
1720 4297 1821 4354 illo
1858 4303 2060 4355 autem
2090 4314 2214 4355 non

560 4391 1049 4452 communicante
1079 4387 1623 4446 Alexandrinorum
1662 4386 1941 4455 Ecclesia,
1975 4403 2213 4443 rursum

561 4478 1143 4553 Constantinopolim
1167 4477 1362 4535 rediit.
1396 4482 1587 4551 Atque
1609 4477 1690 4534 ita
1710 4475 2049 4549 adimplette
2076 4480 2216 4533 sunt

563 4538 1098 4632 Alexandri
1129 4584 1358 4642 preces.
1378 4538 1513 4624 Post
1525 4566 1649 4623 haec
1673 4538 2213 4624 autem.manit‘este
2241 4538 2283 4611 ί)

562 4666 876 4737 coeperunt
901 4660 1191 4717 innovare
1224 4656 1548 4714 Eusebiani
1577 4656 1735 4713 circa
1790 4656 2213 4729 episcoporum

560 4755 769 4814 Nicaeae
793 4753 1296 4824 congregatorum
1310 4746 1745 4820 expositionem
1761 4751 1815 4804 et
1834 4748 2053 4818 scripto
2076 4763 2215 4804 con-

564 4840 959 4901 substantiale
988 4840 1253 4911 rejicere.
1312 4837 1624 4910 Synodum
1666 4836 1848 4908 igitur
1894 4837 2217 4895 Constanti.

560 4932 831 5008 nopolim
857 4930 1178 4989 convenire
1201 4932 1509 4996 curarunt,
1528 4926 2062 5000 deposueruntque
2087 4928 2215 4984 etin

563 5023 808 5081 exilium
869 5020 1023 5079 mitti
1070 5017 1430 5075 studuerunt
1482 5015 2012 5073 consubstantialis
2068 5034 2217 5090 pras-

561 5130 764 5183 cones,
810 5109 1155 5184 Asclepium
1219 5110 1383 5165 Gaza:
1441 5106 1814 5180 episcopum,
1878 5106 2215 5164 Climatium

559 5203 870 5269 Antaradi,
894 5201 1146 5258 alterum
1171 5196 1515 5254 Climatium
1566 5195 1735 5264 Palti,
1788 5197 2214 5268 Ephrationem

560 5291 772 5350 Baiani
801 5293 1025 5363 Cyrum
1057 5293 1326 5359 Berroeze,
1360 5286 1760 5343 Domnioncm
1806 5286 2025 5356 Sirmii,
2069 5287 2216 5344 Ella-

558 5397 747 5440 neum
764 5378 1035 5453 Tripolis,
1056 5379 1260 5434 Arium
1281 5377 1597 5434 Petrarum
1619 5375 1912 5445 Paleonte,
1949 5380 2006 5433 et
2050 5378 2215 5435 Aste-

556 5471 716 5529 rium
730 5473 1034 5527 Petrarum
1047 5465 1655 5539 Arabiae,01ympium
1676 5469 1736 5522 ΑΞ
1746 5466 1823 5537 ni,
1838 5465 2213 5524 Theodulum

555 5558 989 5635 Trajanopolis,
1010 5554 1385 5615 Vincentium
1401 5558 1642 5628 Capuae,
1666 5555 1988 5629 Ephratam
2006 5556 2214 5630 Agrip-

551 5648 1096 5729 pinae,Eutropium
1104 5644 1651 5720 AdrianOpolis,cui
1664 5645 1954 5705 successit
1969 5647 2206 5718 Lucius,

1893 318 2167 382 NICET/E
2209 320 2581 380 CHONIAT/E

3854 338 3918 392 ιε

2311 468 2419 520 νος,
2444 448 2770 513 Μακεδόνιος
2817 449 3207 521 Μοψουεστίας,
3239 452 3289 503 οἶ
3337 456 3427 504 καὶ
3473 452 3805 520 ζητήσαντες
3852 462 3919 512 τὰ

2310 545 2554 612 περὶτῆς
2595 549 2689 594 τοῦ
2752 547 3013 613 μυστικοῦ
3063 545 3319 615 ποτηρίου
3354 542 3652 618 συντριϐῆς,
3686 551 3777 598 καὶ
3824 556 3917 610 τῆς

2310 631 2657 704 καθαιρέσεως
2700 639 2790 682 τοῦ
2850 628 3195 683 ἐπίσκοπικοῦ
3251 631 3454 703 θρόνου,
3509 636 3574 685 τὰ
3619 637 3713 706 μὲν
3746 635 3912 696 ἀληθῆ

2308 718 2589 793 παρῆλθον,
2655 719 2946 773 ἐπλάσαντο
2999 716 3058 771 δὲ
3112 724 3201 772 καὶ
3255 719 3406 772 αύτοὶ
3457 724 3521 773 τὰ
3577 720 3784 794 ψευδῆ,
3830 732 3916 779 καὶ

2308 810 2710 884 καθῄρησαν,ως
2774 808 3037 883 ἐνόμισαν,
3113 810 3445 879 Ἀθάνασιον,
3499 807 3778 885 δεξάμενοι
3830 822 3917 868 καὶ

2309 898 2463 951 αὑτὸν
2525 899 2809 972 Ἀρσίνιον,
2863 900 2922 951 οὑ
2976 898 3153 970 ἔλεγον
3217 897 3522 972 ἐκκεκόφθαι
3585 908 3681 961 τὴν
3735 912 3913 977 χεῖρα·

2309 989 2384 1055 ὃς,
2438 992 2687 1064 πρότερον
2735 996 2832 1050 τῆς
2878 987 3197 1041 Μελιτιανῶν
3269 990 3550 1063 θρησκείας
3631 990 3920 1055 ἐπίσκοπος

2308 1082 2397 1148 ὧν,
2427 1085 2718 1135 τηνικαῦτα
2761 1078 2883 1152 παρ’
2934 1078 3108 1140 αὑτοῖς
3150 1081 3215 1139 ὡς
3257 1087 3354 1139 τῆς
3390 1078 3753 1151 ’Υψηλετητῶν
3814 1082 3921 1135 ἐπί-

2311 1188 2505 1231 σκοπος
2543 1168 2733 1229 πόλεως
2762 1166 3031 1242 ὑπέγραφε
3054 1169 3192 1220 κατὰ
3212 1167 3551 1223 Ἀθανασίου.

2378 1258 2444 1330 γ’.
2498 1259 2580 1312 Ἐν
2626 1261 2793 1329 τούτῳ
2836 1254 2887 1310 δ’
2934 1256 3332 1330 ἐξεργασθέντος
3378 1266 3469 1311 τοῦ
3524 1258 3575 1311 ἐν
3630 1259 3895 1333 Ἱεροσολύ

2307 1368 2421 1421 μοις
2497 1355 2621 1400 ναοῦ
2675 1354 2793 1423 περὶ
2871 1350 2958 1399 τόν
3016 1354 3107 1399 τοῦ
3161 1352 3373 1423 κρανίου
3436 1356 3614 1423 χῶρον
3667 1351 3728 1411 ὃς
3784 1356 3917 1423 μέγα

2307 1439 2755 1513 προσαγορεύεται
2835 1438 3139 1510 μαρτύριον,
3219 1435 3475 1490 ἐκέλευσεν
3548 1440 3574 1490 ὁ
3660 1438 3919 1511 βασιλεὺς

2307 1531 2425 1589 τούς
2482 1525 2529 1579 ἓν
2607 1529 2756 1601 Τύρῳ
2821 1525 3234 1599 συνειλεγμενους
3312 1525 3630 1590 ἐπισκόπους
3688 1530 3923 1583 καταλαο

2309 1615 2414 1669 ϐεῐν
2457 1620 2520 1675 τὴ
2580 1615 2934 1690 Ἱεροσόλυμα,
3012 1620 3102 1667 καὶ
3159 1619 3246 1668 τόν
3301 1622 3535 1670 τοιοῦτον
3590 1620 3919 1693 καθιερῶσαι

2306 1709 2447 1762 ναόν.
2507 1712 2809 1763 Τηνικαὺτα
2859 1700 2918 1757 δε
2962 1707 3143 1777 καιρόν
3192 1706 3421 1779 εὑρόντες
3471 1708 3520 1758 οἱ
3577 1705 3910 1782 αρειανόφρο-

2304 1815 2384 1859 νες
2424 1791 2761 1847 ἐσπούδασαν
2806 1792 2853 1845 ἐν
2904 1793 3280 1868 Ἱεροσολύμοις
3367 1798 3611 1866 γενέσθαι
3666 1793 3911 1867 σύνοδον,

2305 1889 2396 1937 καὶ
2419 1888 2688 1945 κοινωνίας
2726 1879 3046 1956 μεταδοῦναι
3073 1884 3260 1958 Ἀρείῳ
3299 1888 3388 1935 καὶ
3442 1884 3658 1957 Εύζωῒῳ
3704 1891 3918 1939 πείσαν-

2304 1994 2383 2036 τες
2426 1978 2596 2026 τοίνυν
2653 1976 2740 2026 τὸν
2796 1971 3023 2045 βασιλεα
3089 1969 3183 2025 διὰ
3253 1981 3349 2035 τῆς
3431 1972 3616 2027 ἑαυτοῦ
3683 1971 3920 2048 ἀδελφῆς

2309 2068 2671 2126 Κωνσταντίας
2746 2069 2836 2115 και
2907 2070 2999 2115 τοῦ
3050 2068 3507 2138 προσῳκειωμένου
3572 2067 3745 2139 ταύτῃ
3800 2085 3893 2140 πρε

2308 2152 2557 2228 σϐυτέρον
2644 2151 2902 2228 ἁρειανοῦ,
2954 2154 3348 2227 παρεσκεύασαν
3398 2153 3551 2205 αὑτὸν
3619 2156 3922 2207 θεάσασθαι

2306 2242 2512 2317 Ἀρειον
2543 2246 2632 2294 καὶ
2660 2242 2909 2311 Εύζὼῖον,
2970 2240 3060 2304 οὑς
3119 2237 3246 2293 ἰδὼν
3297 2246 3382 2293 καὶ
3430 2241 3707 2293 ὑπολαϐὼν
3743 2264 3923 2320 παρα·-

2306 2331 2543 2393 πλησίως
2572 2338 2682 2394 τοῖς
2714 2329 2762 2382 ἐν
2812 2335 3009 2402 Νικαίᾳ
3053 2326 3316 2397 δοξάζειν,
3374 2329 3567 2403 ἔπεμψε
3614 2336 3754 2405 πρὸς
3806 2337 3920 2395 τούς

2308 2421 2358 2474 έν
2432 2419 2808 2494 Ἰεροσολύμοις
2874 2419 3233 2486 συνελθόντας,
3288 2418 3501 2493 γράψας
3554 2420 3920 2498 φιλάνθρωπον

2307 2509 2383 2563 ἐπ’
2415 2510 2596 2571 αὑτοῖς
2641 2508 2913 2580 ἐνεχθῆναι
2971 2507 3163 2581 ψῆφον,
3221 2508 3264 2561 εἰ
3312 2508 3480 2582 ὀρθῶς
3511 2517 3700 2582 φανεῖεν
3761 2508 3925 2574 δόξάο

2309 2601 2502 2663 ζοντες·
2536 2606 2725 2674 καιροῦ
2756 2602 2926 2651 τοίνυν
2968 2594 3286 2673 δραξάμενοι
3311 2601 3359 2651 οἱ
3392 2598 3640 2674 Ἀρειανοὶ
3699 2596 3912 2662 ἐδέξαν-

2306 2710 2363 2742 το
2412 2692 2649 2757 τούτους,
2695 2692 2784 2741 καὶ
2833 2691 2973 2759 αύτῷ
3033 2686 3243 2761 βασιλεί
3290 2693 3382 2740 καὶ
3430 2696 3543 2750 τοῖς
3598 2692 3910 2761 ἁπανταχοῦ

2307 2780 2613 2841 ἐπισκόποις
2678 2777 2910 2852 ἔγραψαν
2969 2774 3284 2851 ὀρθοδόξους
3365 2780 3625 2852 ὑπάρχειν
3696 2780 3917 2843 αύτούς.

2380 2866 2445 2924 δ’.
2517 2871 2721 2924 Τούτων
2788 2867 2921 2920 οὑτω
2997 2872 3380 2942 πραττομένων,
3461 2869 3774 2932 Ἀθανασιος
3860 2870 3918 2922 ἐκ

2307 2962 2478 3035 Τύρου
2520 2963 2694 3031 φυγὼν
2738 2962 2809 3018 εὶς
2870 2956 3408 3011 Κωνσταντινούπολιν
3466 2954 3639 3016 ἦλθεν
3711 2955 3772 3011 οὑ
3826 2966 3920 3021 τῆς

2311 3046 2541 3111 δεήσεως
2594 3047 2823 3110 ἀκούσας
2872 3049 2897 3099 ὁ
2954 3046 3201 3120 βασιλεὺς
3249 3052 3321 3121 μὴ
3380 3044 3597 3109 δικαίως
3666 3052 3922 3124 κριθῆναι

2308 3138 2566 3211 λέγοντος,
2622 3136 2816 3212 ἔγραψε
2871 3144 2980 3199 τοῖς
3044 3136 3091 3188 ἐν
3147 3140 3295 3210 Τύρῳ
3344 3139 3778 3210 συναθροισθεῖσι
3830 3146 3923 3200 τή-

2308 3236 2528 3281 νικαύτα
2584 3226 2888 3280 καταλαϐεῖν
2935 3230 3062 3301 πρὸς
3102 3226 3278 3297 αὑτὸν,
3320 3229 3403 3295 ,ὡς
3461 3227 3523 3278 ἄν
3599 3226 3663 3279 ἐπ
3730 3228 3925 3300 ὄψεσιν

2311 3318 2472 3370 αὑτοῦ
2524 3312 2873 3389 δοκιμασθείη
2929 3318 2996 3367 τὰ
3066 3318 3203 3369 κατὰ
3278 3315 3611 3373 Ἀθανασίου.
3673 3318 3926 3372 Καταλα-

2312 3406 2503 3460 ϐόντων
2548 3403 2636 3457 οὑν
2668 3405 2858 3475 αύτών,
2918 3404 3160 3465 Εὐσέϐιος
3205 3406 3229 3457 ό
3278 3402 3645 3479 Νικομηδείας
3700 3407 3922 3483 ἰσχυρί-

2315 3497 2427 3557 ζετο
2488 3491 2700 3547 δικαίαν
2753 3499 2846 3554 τὴν
2903 3494 2987 3547 ἐπὶ
3044 3495 3353 3548 Ἀθανάσιον
3404 3499 3649 3568 γενέσθαι
3718 3495 3928 3570 ψῆφον,

2314 3588 2581 3660 μάρτυρας
2607 3592 2812 3658 παρῆγε
2843 3588 3058 3656 Θέογνιν
3114 3588 3207 3636 xui.
3264 3586 3438 3660 Μάριν
3495 3590 3584 3638 καὶ
3646 3583 3932 3661 Θεόδωρον

2315 3678 2406 3725 καὶ
2455 3673 2719 3725 Οὐάλεντα
2764 3677 2854 3726 καὶ
2911 3672 3228 3745 Ούρσάκιον.
3281 3671 3341 3725 Ὀ
3413 3669 3472 3726 δε
3513 3672 3756 3744 βασιλεύς
3818 3678 3936 3727 εἴτε

2318 3760 2482 3821 ἀληθῆ
2530 3766 2820 3823 πιστεύσας
2889 3758 3017 3815 εἶναι
3070 3764 3137 3814 τὰ
3173 3760 3433 3835 λεγομενα,
3483 3764 3581 3813 εἴτε
3609 3762 3929 3834 ὁμονοήσειν

2319 3855 2616 3915 ὑπονοήσας
2646 3857 2765 3915 τούς
2790 3856 3130 3919 ἐπισκόπους,
3152 3853 3215 3904 ἲν⁹
3248 3848 3476 3906 ἐκποδὼν
3516 3855 3718 3924 γένοιτο
3764 3852 3937 3907 Ἀθα-

2317 3944 2512 4014 νάσιος,
2549 3946 2861 4017 προσέταττε
2917 3942 3281 4015 ἁπηνεχθῆναι
3336 3949 3516 3996 τοῦτον
3563 3941 3635 4004 εἰς
3678 3941 3934 4016 Τρίϐεριν

2318 4040 2417 4084 τῶν
2465 4034 2595 4107 πρὸς
2648 4028 2803 4085 δύσιν
2849 4032 3111 4100 Γαλατῶν,
3168 4033 3314 4084 καὶὸ
3341 4034 3431 4106 μὲν
3469 4030 3707 4103 ἀπήχθη,
3738 4037 3835 4086 καὶ
3866 4030 3931 4092 ἦν

2320 4123 2423 4175 ἕκεί
2450 4122 2546 4184 ἕως
2565 4130 2625 4181 τῆ
2638 4142 2659 4184 ς
2699 4128 2811 4175 Κων
2820 4126 3087 4175 σταντίνου
3118 4121 3381 4186 τελευτῆς.

2391 4211 2446 4270 ε’.
2510 4211 2570 4265 Ὀ
2620 4208 2680 4265 δέ
2726 4211 2931 4286 ’Ἄρειος
2988 4215 3119 4285 μετὰ
3175 4217 3261 4271 τὴν
3323 4212 3372 4265 ἐν
3418 4210 3792 4286 Ἱεροσολύμοις
3841 4214 3936 4267 σύο

2320 4297 2492 4369 νοδον,
2526 4302 2645 4360 ἧκεν
2677 4301 2742 4363 εἰς
2791 4305 3073 4374 Αἴγυπτον
3134 4305 3205 4375 μὴ
3266 4304 3615 4365 κοινωνούσης
3668 4298 3728 4354 δε
3780 4303 3936 4375 αύτῷ

2319 4399 2415 4453 τῆς
2435 4387 2810 4467 Ἀλεξανδρέων
2845 4391 3179 4458 Ἐκκλησίας,
3207 4392 3362 4445 πάλιν
3392 4390 3606 4451 ἀνηλθεν
3660 4391 3732 4455 εἰς
3785 4398 3937 4446 Κων-

2325 4482 2764 4535 σταντινούπολιν·
2825 4487 2913 4536 καὶ
2967 4483 3132 4545 όὺτως
3187 4486 3335 4557 ἔργον
3391 4481 3582 4556 ἐγένετο
3629 4491 3723 4545 τῆς
3786 4483 3938 4538 Ἀλεο

2323 4568 2549 4647 ξάνδρου
2578 4579 2668 4625 τοῦ
2700 4573 2837 4645 ἱεροῦ
2866 4580 3198 4647 προσευχῆς.
3239 4575 3385 4627 Μετὰ
3439 4569 3500 4625 δὲ
3546 4591 3713 4626 ταυτα
3742 4591 3941 4626 νεωτε-

2323 4661 2486 4737 ρίζειν
2539 4670 2764 4735 φανερῶς
2812 4664 2860 4714 οἱ
2910 4665 3029 4738 περί
3081 4661 3331 4715 Εύσέϐιον
3379 4661 3605 4736 ἤρξαντο
3660 4667 3783 4736 περὶ
3843 4668 3941 4721 τὴν

2326 4753 2526 4804 ἔκθεσιν
2556 4760 2655 4803 τῶν
2700 4750 2746 4804 ἐν
2776 4756 2975 4825 Νικαίᾳ
3028 4751 3468 4821 συνεληλυθότων,
3529 4757 3622 4805 καὶ
3670 4750 3942 4806 εκϐαλλειν

2326 4841 2591 4917 ἐγγράφως
2672 4844 2730 4894 τό
2773 4842 3065 4914 ὁμοούσιον·
3129 4836 3348 4893 σύνοδον
3407 4837 3496 4893 οὖν
3584 4840 3947 4913 ἀθροισθῆναι

2325 4931 2820 5005 παρασκευάσαντες
2920 4930 2969 4982 ἐν
3062 4929 3605 4984 Κωνσταντινουπόλει
3693 4932 3945 4983 καθείλον

2326 5040 2415 5073 και
2466 5022 2765 5094 πεμφθῆναι
2803 5022 2934 5094 πρὸς
2988 5021 3266 5096 ὑπερορίαν
3340 5023 3599 5074 ἔσπευσαν
3657 5023 3779 5082 τούς
3840 5028 3939 5073 τοῦ

2326 5111 2607 5183 ὁμοουσίου
2677 5115 2931 5185 κήρυκας,
3003 5111 3304 5169 Ἀσκληπᾶν
3377 5110 3651 5164 ἕπίοκοπον
3733 5110 3938 5180 Γάζης,

2324 5204 2414 5253 καὶ
2469 5201 2749 5274 κλιμάτων
2823 5198 3168 5277 Ἀνταράδου,
3225 5202 3393 5274 ἕτερον
3467 5201 3742 5272 κλιμάτων
3796 5198 3942 5252 Πολ-

2323 5311 2437 5360 του,
2488 5289 2809 5364 Ἐφρατίωνα
2883 5290 3162 5355 Βαλανέων,
3235 5298 3402 5366 Κῦρον
3454 5285 3730 5363 βεβροίας,
3783 5292 3942 5362 Δομ-

2321 5385 2477 5433 νίωνα
2537 5385 2771 5453 Σίρμίον,
2812 5379 3067 5435 Ἐλλάνεον
3111 5380 3423 5457 Τριπόλεως,
3476 5378 3670 5450 Ἀρειον
3714 5382 3943 5452 Πετρῶν

2322 5478 2418 5533 τῆς
2470 5469 2776 5542 Παλαιόνης,
2852 5475 2941 5524 καὶ
3003 5469 3271 5545 Ἀστέριον
3347 5475 3543 5543 Πατρῶν
3620 5472 3719 5527 τῆς
3776 5467 3949 5542 Ἀρα-

2323 5558 2460 5627 ϐίας,
2503 5559 2788 5634 Ὀλύμπιον
2847 5563 3022 5628 Αἴνου,
3093 5557 3385 5615 Θεόδουλον
3445 5555 3952 5634 Τραϊανουπόλεως,

2324 5652 2608 5705 Βινκίντιον
2704 5652 2939 5718 Καπύης,
3030 5649 3291 5727 Ἐιρράταν
3386 5650 3761 5727 Ἀγριππίνής,
3846 5651 3955 5705 Εὗ-
