4126 6228
224 381 270 434 η
1515 362 1866 422 THESAURI
1903 362 2034 418 LIB.
2075 365 2162 419 v1.
3457 367 3523 421 ιι

221 505 390 575 τρόπων
427 489 917 568 Α’δριανουπόλεως,
963 491 1025 544 οὗ
1063 487 1346 563 διάδοχος,
1380 495 1626 560 Λούκιος,
1669 492 1760 542 καὶ
1795 488 1893 545 ΛΕ

1886 491 1930 544 at
1991 487 2291 561 imprimis
2349 489 2688 550 Marcellum
2767 491 3021 561 Ancyrae
3091 488 3521 562 deposuerunt.

224 589 288 641 ἐπὶ
344 592 459 639 πᾶσι
513 584 597 635 τόν
653 580 924 653 εἰρημένον
983 579 1277 655 Μάρκελλον
1339 587 1438 644 τῆς
1501 579 1761 652 Ἀγκύρας

224 679 513 750 “wine”.
569 671 848 742 ὑπερφυῶς
893 671 995 744 γὰρ
1051 667 1390 740 ἐχαλέπαινον
1447 667 1626 740 αὐτῷ,
1679 667 1766 720 οἶα

227 773 328 839 μήτε
370 762 412 816 ἐν
452 768 510 834 τῇ
553 761 693 811 κατὰ
742 763 988 817 Φοινίκην
1035 754 1240 830 συνόδῳ
1283 767 1394 821 τοῖς
1442 758 1532 812 ὑπ’
1595 756 1764 809 αὐτῶν

229 857 434 930 ὀρισθεῖσι
479 852 611 903 κατὰ
659 847 982 902 Ἀθανασίου
1035 850 1342 921 συνθεμένῳ,
1394 853 1527 922 μήτε
1573 853 1678 908 τοῖς
1715 844 1765 898 ἓν

225 937 534 1020 Ἱεροσολύμοις
570 939 658 992 ἐπὶ
711 939 917 1012 ’Δρείῳ,
944 944 1074 1012 μήτε
1123 946 1218 1001 τῆς
1264 939 1622 1014 καθιερώσεως
1673 942 1766 990 τοῦ

232 1033 403 1110 aquilas
453 1034 742 1106 Δμαρτυρίου
809 1032 1132 1101 μετασχόντι
1200 1024 1274 1081 δι’
1340 1027 1611 1102 ἀποφυγὴν
1674 1035 1768 1089 τῆς

234 1129 330 1199 πρὸς
380 1121 546 1180 αὐτοὺς
605 1122 882 1180 κοινωνίας
913 1139 930 1152 ο
995 1121 1084 1170 καὶ
1145 1125 1316 1172 ταῦτα
1387 1119 1476 1192 μεν
1541 1117 1617 1171 ἔτι
1675 1123 1766 1170 τοῦ

235 1211 406 1286 μεγάλου
432 1211 690 1284 περιόντος
723 1211 1137 1261 Κωνσταντίνου.

290 1300 340 1366 ς’.
371 1299 768 1359 Τελευτήσαντος
825 1292 883 1349 δι
951 1294 1184 1360 ἐκείνου,
1240 1300 1331 1349 καὶ
1382 1304 1475 1356 τῆς
1523 1293 1621 1348 ἀνὰ
1674 1298 1769 1353 τὴν

245 1394 290 1444 ἕω
341 1386 579 1461 βασιλείας
645 1385 723 1446 εἰς
789 1387 1143 1438 Κωνστοὶντιον
1207 1387 1571 1461 περιστάσης,
1641 1386 1770 1457 ἔσχε

255 1479 379 1554 μᾶλλον
418 1472 644 1531 ἐπίδοσιν
682 1477 750 1529 τὰ
794 1482 897 1526 τῶν
943 1473 1253 1549 ’Λρειιίινῶν⁸
1306 1475 1332 1526 6
1378 1475 1480 1548 γὰρ
1518 1493 1598 1528 τοι
1641 1492 1769 1547 πρε-

261 1567 435 1642 ςϐύτερος
490 1563 669 1624 ἐκεῖνος
739 1562 794 1615 όν
865 1560 1234 1638 ἀρειανόφρονα
1299 1566 1423 1615 ὄντα
1489 1569 1769 1616 Κωνσταν-

256 1662 336 1727 τίνῳ
366 1659 642 1712 συνέστησεν
689 1654 723 1710 ἡ
771 1651 932 1704 αὐτοῦ
990 1648 1209 1724 ἀδελφὴ,
1249 1655 1426 1725 γέγονε
1483 1672 1574 1705 και
1623 1658 1770 1704 Κων-

253 1751 424 1816 σταντίῳ
474 1745 849 1816 κεχαρισμένος
924 1739 1009 1794 οἶα
1066 1743 1161 1802 τὰς
1222 1748 1312 1794 τοῦ
1380 1743 1770 1795 Κωνσταντίνου

1872 576 2053 633 Valde
2083 577 2242 634 enim
2279 577 2357 635 illi
2392 578 2890 652 indignabantur,
2929 580 3136 651 utpote
3180 577 3288 652 qui
3327 593 3526 652 neque

1869 666 1932 722 in
1963 667 2201 739 synodo
2241 668 2407 741 apud
2436 667 2743 726 Phoenices
2785 667 2996 725 habita
3031 667 3106 724 iis
3135 683 3273 741 qua
3316 673 3528 726 contra

1871 756 2269 816 Athanasium
2320 758 2568 815 decretae
2617 761 2756 816 sunt
2811 757 3150 830 adhaserit,
3198 773 3397 830 neque
3450 757 3525 814 iis

1873 860 2010 919 qua
2041 846 2466 920 Hierosolymis
2497 847 2571 904 de
2600 847 2759 916 Ario,
2787 861 2984 919 neque
3015 847 3222 918 magni
3263 846 3530 904 testimo-

1873 934 1957 991 nii
2021 936 2459 994 consecrationi
2521 952 2584 992 se
2626 934 2980 1002 admoverit,
3026 940 3271 1009 propter
3315 952 3527 994 eorum

1875 1025 2322 1082 communionis
2365 1025 2850 1083 detestationem.
2881 1027 2948 1082 Et
2991 1024 3122 1082 hac
3164 1025 3413 1099 quidem
3441 1027 3530 1085 vi-

1873 1118 2050 1171 vente
2079 1114 2280 1172 adhuc
2310 1115 2696 1175 Constantino
2724 1118 2961 1188 Magno.

1949 1296 2002 1350 6.
2041 1293 2145 1350 Illo
2188 1297 2390 1352 autem
2438 1298 2715 1366 mortuo,
2762 1297 2820 1351 et
2867 1293 3088 1351 Orienti
3137 1293 3394 1368 imperio
3450 1293 3530 1353 ad

1877 1383 2293 1440 Constantium
2341 1384 2728 1454 deveniente,
2775 1400 2872 1441 res
2923 1385 3283 1441 Arianorum
3337 1385 3530 1442 incre-

1878 1476 2148 1529 mentum
2175 1489 2480 1547 accepere.
2509 1474 2608 1531 ille
2637 1473 2800 1530 enim
2841 1473 3159 1546 presbyter
3205 1489 3390 1547 quem
3411 1473 3534 1530 Arii

1878 1565 2077 1634 partes
2119 1566 2421 1620 tenentem
2453 1564 2843 1622 Constantino
2880 1563 3075 1636 ipsius
3121 1579 3294 1620 soror
3336 1563 3534 1621 conci-

1876 1650 2146 1718 liaverat,
2178 1651 2288 1708 fuit
2324 1656 2382 1709 et
2411 1653 2754 1710 Constantio
2802 1654 3043 1721 charus,
3077 1656 3280 1726 utpote
3306 1653 3413 1726 qui
3448 1652 3534 1710 illi

1880 1741 2253 1799 Constantini
2310 1746 2745 1800 testamentum
2805 1741 3098 1800 detulerit.
3163 1743 3304 1800 Inde
3356 1743 3538 1815 igitur

253 1832 456 1896 διαθήκας
505 1829 781 1892 ἀποδὼσας
844 1831 986 1903 αύτῳ
1014 1851 1028 1864 ·
1097 1832 1330 1894 συνήθης
1391 1826 1478 1882 οὖν
1545 1828 1772 1883 ἐντεῦθεν
1811 1830 1893 1902 Bi

1886 1830 2244 1903 imperatrici
2273 1831 2586 1889 familiaris
2618 1833 2811 1889 factus
2842 1836 2898 1888 et
2927 1831 3221 1888 eunuchis
3250 1831 3396 1904 regii
3427 1848 3536 1888 cu-

255 1929 325 1976 καί
357 1931 406 1995 τῇ
449 1917 667 1994 βασιλίδι
715 1923 981 1992 γενόμενος
1025 1919 1115 1971 καί
1161 1927 1270 1981 τοῖς
1317 1917 1366 1972 ἓν
1415 1915 1636 1992 δυνάμει
1685 1920 1774 1972 θα-

257 2012 507 2086 λαμηπόλοις
566 2011 837 2082 εὐνούχοις
859 2053 874 2078 ,
950 2009 1019 2060 ὧν
1093 2007 1341 2072 Εὐσέϐιος
1409 2010 1435 2061 6
1508 2007 1775 2071 ἐπαινέτης

264 2104 420 2177 ’Δρείον
454 2105 776 2176 προειστήκει,
817 2095 1026 2173 σφόδρα
1071 2105 1367 2174 συνεκρότει
1416 2099 1540 2162 τούς
1568 2099 1774 2175 ’Δρεία-

266 2191 460 2254 νούς.⁹ἱν
496 2195 635 2262 τούτῳ
675 2186 736 2243 δε
767 2190 1080 2252 Ἀθανάσιος
1128 2187 1182 2242 ἐκ
1221 2197 1323 2242 τῶν
1370 2189 1597 2242 rauim
1648 2189 1776 2242 ἐπα-

273 2282 413 2339 νῆλθεν
464 2281 520 2341 εἰς
564 2275 942 2354 Ἀλεξάνδρειαν
969 2317 984 2342 ,
1041 2277 1412 2354 ἐπιτρέψαντος
1477 2277 1616 2350 αὐτῷ
1681 2282 1774 2337 τὴν

284 2365 482 2435 κάθοδον,
517 2374 593 2420 κού.
625 2371 898 2442 γράμματα
955 2364 1134 2430 δόντος
1183 2371 1312 2442 πρός
1357 2371 1475 2429 τούς
1530 2365 1773 2430 Ἀλεξαν-

1878 1920 2062 1978 biculi
2083 1921 2537 1993 potentissimis,
2563 1921 2780 1996 quibus
2804 1926 3062 1994 praeerat
3085 1920 3395 1989 Eusebius,
3419 1921 3540 1980 Arii

1880 2009 2095 2080 fautor,
2129 2011 2380 2067 Arianos
2423 2011 2686 2068 fovebat.
2727 2015 2957 2068 Interea
2993 2026 3136 2068 vero
3169 2011 3538 2068 Athanasius

1882 2113 1950 2155 ex
1979 2098 2179 2155 Galliis
2216 2099 2646 2156 Alexandriam
2693 2099 2977 2164 redierat,
3010 2099 3270 2155 reditum
3299 2099 3380 2154 illi
3409 2115 3542 2172 per-

1883 2188 2147 2244 mittente
2193 2186 2535 2260 litterasque
2583 2187 2661 2245 ad
2689 2186 3125 2244 Alexandrinos
3165 2187 3349 2244 dante
3395 2191 3544 2245 Con-

1883 2275 2145 2332 stantino
2168 2276 2538 2334 Constantini
2558 2277 2754 2348 Magni
2773 2276 2916 2345 ﬁlio,
2935 2275 3041 2350 qui
3065 2276 3145 2334 ad
3167 2276 3542 2336 occidentem

1883 2361 2084 2422 Gallia
2109 2364 2468 2437 imperabat.

300 2454 410 2530 δριίς
456 2462 780 2511 Κωνσταντίνον
838 2465 933 2511 τοῦ
990 2459 1266 2532 ὁμωνύμου
1314 2467 1387 2530 τῷ
1452 2456 1660 2533 μεγάλῳ
1720 2458 2090 2528 Κωνσταντὶνῳ
2141 2451 2339 2519 παιδός
2389 2455 2550 2509 αὐτοῦ
2576 2496 2591 2523 ,
2643 2455 2700 2520 ὃς
2759 2475 2899 2530 ηρχε
2967 2463 3069 2510 τῶν
3133 2459 3266 2532 πρὸς
3331 2455 3545 2531 ἑσπέρον

299 2551 333 2598 Γ
329 2546 498 2600 κλειτῶν.

339 2633 390 2696 ζ.
423 2638 538 2688 Κατὰ
569 2632 617 2689 δὲ
653 2644 828 2689 τοῦτον
863 2640 953 2690 τόν
981 2641 1172 2711 χρόνον
1210 2635 1460 2692 Εύσεϐίου
1498 2643 1592 2690 τοῦ
1633 2642 1778 2708 Παμ-

279 2723 394 2795 fama
423 2729 489 2776 τόν
530 2723 628 2797 βίον
676 2724 935 2796 λιπόντος,
982 2723 1252 2789 διεδέξατο
1298 2731 1393 2786 τὴν
1435 2725 1485 2778 ἂν
1530 2733 1590 2799 τῇ
1654 2733 1779 2779 Και-

275 2817 418 2887 σαρείᾳ
464 2822 540 2876 τῆς
587 2814 932 2875 Παλαιστίνης
986 2813 1278 2874 ἕπισκόπήν
1333 2815 1573 2877 Ἀκοὲκιος
1603 2836 1617 2850 ο
1683 2816 1777 2868 ούκ

271 2903 324 2964 εἰς
362 2906 522 2976 μακρὰν
565 2901 616 2958 δι
663 2909 757 2958 καὶ
807 2911 1194 2970 Κωνσταντίνος
1238 2908 1264 2958 ό
1310 2905 1580 2979 βασιλεὺς,
1625 2905 1774 2959 πόλε-

1958 2640 2015 2690 7.
2056 2637 2176 2691 Hoc
2203 2638 2407 2692 autem
2442 2638 2712 2709 tempore
2755 2634 3014 2692 Eusebio
3044 2635 3339 2708 Pamphili
3363 2651 3395 2692 e
3424 2635 3549 2695 vita

1887 2723 2174 2796 profecto,
2192 2726 2474 2782 Casarea
2495 2725 2556 2781 in
2573 2724 2886 2781 Palaestina
2903 2725 3325 2799 episcopatum
3345 2741 3549 2784 susce-

1885 2812 1974 2886 pit
2002 2813 2272 2870 Acacius.
2306 2817 2422 2870 Nec
2450 2815 2634 2885 longo
2655 2818 2791 2887 post
2819 2819 3092 2888 tempore
3119 2814 3548 2874 Constantinus

1885 2901 2215 2974 imperator
2239 2903 2345 2974 qui
2389 2904 2634 2976 proprio
2665 2903 2830 2960 fratri
2862 2905 3166 2961 Constanti
3205 2903 3434 2961 bellum
3460 2905 3548 2962 in-

265 3011 342 3064 μον
383 3001 600 3066 raw/syth
645 3005 722 3067 τῷ
773 2992 894 3068 ἰδίῳ
951 2993 1155 3070 ἀδελφῷ
1209 3003 1531 3068 Κώνσταντι,
1591 3001 1773 3050 κτείνε-
1816 2984 1893 3044 Ct

1886 2991 2146 3061 dixerat,
2197 2992 2483 3066 Aquileia
2538 2992 2616 3049 ab
2673 2993 2804 3064 ejus
2859 2993 3118 3050 ducibus
3169 2993 3541 3052 interﬁcitur.

263 3103 333 3135 ται
375 3087 487 3159 παρὰ
527 3094 609 3136 τῶν
655 3086 853 3138 ἐκείνου
907 3094 1216 3160 στρατηγῶν
1259 3085 1308 3138 ἓν
1361 3086 1599 3160 Ἀκυλίᾳ.
1648 3091 1776 3140 Τότε

261 3167 308 3224 δί
341 3176 409 3224 καὶ
452 3171 762 3248 Ἀλιξοὲνδρου
823 3182 916 3228 τοῦ
969 3175 1558 3238 Κωνσταντινουπόλεως
1607 3175 1774 3229 τελευ-

258 3266 491 3332 τήσαντος,
532 3262 924 3338 προεϐλήθησαν
977 3267 1124 3338 παρὰ
1181 3267 1272 3337 μὲν
1333 3273 1432 3317 τῶν
1500 3264 1773 3339 Ἀρειανῶν

259 3347 532 3419 Mariam;
567 3357 702 3427 παρὰ
747 3349 807 3406 δὲ
860 3361 960 3406 τῶν
1005 3350 1300 3428 ὀρθοδόξων
1360 3354 1582 3419 Παῦλος,
1632 3357 1776 3429 παρὰ

261 3443 430 3510 γνώμην
466 3447 541 3494 τοῦ
583 3439 939 3513 Νικομηδείας
991 3441 1278 3496 ἐπισκόπου
1339 3442 1626 3506 Εύσεϐίου,
1685 3449 1774 3497 καὶ

271 3523 494 3601 Θεοδώρου
558 3539 634 3583 τοῦ
678 3535 770 3591 τήν
830 3532 882 3585 ἓν
949 3534 1131 3606 Θρᾴκῄ
1188 3531 1489 3606 Ἡρακλείας
1512 3576 1528 3604 ,
1581 3533 1654 3595 οἷς
1705 3535 1776 3595 ὡς

266 3620 448 3684 γήτοσιν
493 3620 516 3676 ἑ
563 3629 851 3696 χειροτονία
918 3618 953 3674 δ
959 3625 1170 3697 ιέφερεν.
1235 3623 1353 3676 Ἐπὶ
1414 3624 1624 3685 τούτοις
1686 3619 1774 3675 οὖν

256 3702 471 3777 ﬁas/cdd;
509 3712 854 3772 Κωνστοίντιος
876 3755 891 3780 ,
944 3715 1291 3785 παραγέγονεν
1335 3711 1408 3775 εἰς
1455 3712 1773 3777 Βυζάντιον,

247 3792 297 3850 ἦν
333 3797 415 3869 γάρ
459 3795 718 3872 ἀπόδημος
769 3796 1052 3870 τηνικάδε,
1099 3805 1190 3853 καὶ
1248 3797 1468 3854 σύνοδον
1521 3803 1770 3866 καθίσας,

243 3880 480 3956 παρέδωκεν
528 3888 763 3962 Εύσεϐίῳ
824 3897 898 3962 τῷ
949 3886 1311 3963 Νικομηδείας
1363 3894 1450 3943 τόν
1500 3896 1773 3944 Κωνσταν-

243 3880 480 3956 παρέδωκεν
528 3888 763 3962 Εύσεϐίῳ
824 3897 898 3962 τῷ
949 3886 1311 3963 Νικομηδείας
1363 3894 1450 3943 τόν
1500 3896 1773 3944 Κωνσταν-

120 3879 126 4074 ⁵
241 3973 511 4038 τινουπόλεως
574 3980 760 4054 θρόνον
787 4020 800 4045 ,
870 3975 1112 4055 δευτέραν
1175 3982 1370 4038 ταύτην
1447 3982 1776 4054 μετατεθέντι

238 4063 490 4131 μετάθεσιν·
541 4066 622 4120 ἐπὶ
667 4070 866 4120 τούτου
931 4069 1394 4144 συνηθροίσθησαν
1453 4069 1519 4130 εἰς
1569 4068 1775 4122 Ἀντιό-

235 4167 355 4219 luxv
393 4157 477 4210 nia
521 4155 760 4227 μεγάλην
812 4157 1112 4214 ἐνενήκοντα
1159 4160 1248 4210 καὶ
1292 4155 1421 4210 ἐπτὰ
1477 4156 1770 4225 ἐπίσκοποι,

233 4237 286 4288 ὗν
327 4239 410 4293 εἱσι
444 4248 523 4296 καὶ
563 4247 613 4298 οἱ
662 4249 944 4319 φερόμενοι
993 4249 1199 4308 κανόνες
1223 4266 1237 4280 ⁸

1883 3083 2046 3137 Tunc
2108 3086 2312 3138 autem
2378 3086 2436 3138 et
2490 3081 2830 3138 Alexandro
2883 3083 3543 3156 Constantinopolitano

1883 3175 2142 3241 mortuo,
2176 3170 2342 3227 electi
2373 3176 2512 3228 sunt
2539 3172 2618 3227 ab
2646 3172 2880 3228 Arianis
2908 3172 3312 3242 Macedonius,
3345 3173 3422 3229 ab
3451 3190 3546 3230 or-

1883 3259 2168 3316 thodoxis
2193 3275 2336 3316 vero
2365 3259 2605 3328 Paulus,
2633 3264 2842 3316 contra
2887 3265 3152 3316 mentem
3181 3261 3542 3319 Nicomedia

1884 3349 2156 3422 episcopi
2187 3347 2442 3414 Eusebii,
2475 3352 2532 3404 et
2560 3348 2854 3404 Theodori
2876 3347 3171 3405 Heraclea
3202 3350 3263 3406 in
3290 3350 3544 3408 Thracia

1883 3437 2172 3510 episcopi,
2203 3437 2281 3494 ad
2306 3452 2461 3510 quos
2486 3442 2550 3493 ut
2592 3437 2823 3494 vicinos
2852 3437 3187 3511 pertinebat
3217 3439 3540 3498 ordinatio.

1883 3527 2025 3583 Ideo
2079 3527 2266 3583 iratus
2314 3527 2698 3584 Constantius
2753 3527 3099 3600 Byzantium
3155 3528 3321 3585 venit
3375 3531 3540 3600 (tunc

1884 3617 2046 3673 enim
2072 3615 2300 3688 aberat)
2328 3634 2342 3686 ;
2374 3621 2432 3672 et
2461 3617 2698 3689 synodo
2729 3621 3060 3673 convocata
3091 3617 3348 3674 Eusebio
3374 3619 3542 3676 Nico-

1883 3706 2154 3763 medensi
2195 3706 2926 3779 Constantinopolitanum
2965 3706 3252 3764 thronum
3293 3709 3541 3766 tradidit

1883 3797 1986 3870 qui
2010 3789 2168 3852 hanc
2201 3795 2531 3851 secundam
2560 3795 3013 3852 translationem
3036 3797 3283 3870 accepit.
3309 3798 3540 3856 Interea

1882 3886 2259 3942 Antiochiam
2285 3901 2577 3956 magnam
2603 3901 2937 3942 convenere
2957 3887 3288 3957 nonaginta
3309 3892 3540 3960 septem

1883 3975 2171 4048 episcopi,
2205 3980 2620 4031 convenerunt
2651 3980 2857 4031 autem
2888 3979 2954 4030 ut
2980 3982 3248 4032 recenter
3274 3977 3536 4034 adiﬁca-

1883 4069 2008 4121 tam
2039 4063 2354 4121 ecclesiam
2383 4063 2813 4134 consecraturi,
2836 4079 3024 4136 quam
3051 4065 3351 4121 adiﬁcare
3381 4065 3540 4123 ince-

1883 4159 2054 4226 perat
2091 4152 2550 4219 Constantinus;
2584 4152 2781 4224 reipsa
2811 4167 2975 4219 vero,
3008 4157 3074 4210 ut
3119 4156 3363 4211 eventus
3403 4169 3540 4228 pro-

1289 4246 1653 4319 ἠθροισθησαν
1712 4243 1771 4300 δὲ
1809 4247 1853 4302 D
1883 4243 2072 4311 bavit,
2098 4243 2338 4298 Nicana
2363 4241 2603 4298 decreta
2633 4241 2939 4298 mutaturi.

120 4307 128 4408 ι
233 4332 436 4401 ποεφάσει
479 4335 561 4405 μὲν
608 4307 702 4388 Evr-3.
759 4335 1071 4408 καθιερώσει
1126 4341 1218 4396 τῆς
1272 4333 1376 4388 ἐκεῖ
1428 4338 1831 4410 νεουργηθείσης
1877 4331 2158 4394 ἐκκλησίας
2207 4331 2268 4390 ἢν
2322 4331 2517 4404 ἤρξατο
2607 4333 2699 4404 μὲν
2761 4327 3056 4404 οῖκοδομεῖν
3113 4337 3539 4404 Κωνσταντῖνος,

120 4409 128 4488 ἱ
230 4414 504 4490 ἐξειργάσατο
539 4419 598 4477 δὲ
640 4425 1047 4486 Κωνστοὶντιος·
1089 4425 1160 4488 ὡς
1196 4421 1257 4478 δὲ
1292 4427 1349 4478 τό
1391 4409 1590 4479 ἀποϐὰν
1628 4423 1816 4489 ἔδειξεν
1855 4422 1940 4477 ἐπὶ
1979 4425 2324 4495 μεταποιήσει
2361 4429 2462 4472 τῶν
2492 4419 2541 4472 ἓν
2580 4425 2779 4494 Νικαίᾳ
2819 4416 3099 4484 δοξάντων-

282 4504 337 4562 η’.
381 4508 599 4583 Ἡγοῦντο
674 4509 746 4566 δε
809 4520 901 4575 τῆς
970 4509 1197 4566 συνόδου
1269 4516 1466 4577 ταύτης
1529 4514 1778 4577 Εὐσέϐιος

232 4600 767 4664 Κωπαντινόνπόλεως
819 4603 846 4655 6
903 4600 1005 4656 ἀπὸ
1050 4599 1409 4678 Νικομηδείας
1459 4607 1776 4678 μετατιθεὶς,

234 4680 418 4752 Ἀπίκιος
471 4696 801 4767 Καισαρείας
863 4699 960 4754 τῆς
1013 4695 1151 4747 κατὰ
1219 4693 1592 4765 Παλαιστίνην,
1661 4701 1777 4747 Πα-

225 4773 405 4846 φάγιλος
455 4779 870 4848 Σκυθοπόλεως,
923 4777 1194 4856 Θεόδωρος
1247 4783 1556 4855 Πειρίνθου,
1615 4777 1780 4834 Εύδό-

228 4861 305 4924 ἕως
345 4872 701 4943 Γερμανικείας
729 4912 744 4938 ,
801 4872 1052 4932 Διαύσιος
1109 4875 1428 4947 Καισαρείας
1482 4866 1777 4924 Καππαδο-

225 4957 324 5020 lii-1,
365 4963 445 5012 καί
501 4965 774 5036 Fce-397:6;
830 4956 1146 5022 Λαοδικείας
1198 4970 1293 5024 τῆς
1351 4962 1496 5035 παρὰ
1549 4962 1775 5034 Σύρουςο

225 5045 409 5117 Πέξιμος
459 5046 518 5103 δε
568 5052 596 5102 ὁ
656 5052 794 5124 μετὰ
836 5052 1108 5124 Μακάριόν
1152 5049 1518 5126 Ἰεροσολύμων
1570 5048 1778 5103 ἐπίσκο-

226 5151 288 5196 πς
321 5145 528 5211 γεγονὼς
553 5136 821 5203 ἐπίτηδες
862 5139 1120 5215 ἀπο-φυγε
1161 5144 1356 5201 ταύτην
1393 5145 1488 5200 τὴν
1535 5138 1776 5211 σύνοδον,

229 5227 568 5301 μεταμελόμενος
627 5231 826 5284 καθότι
881 5229 1172 5295 ἀπατηθεὶς
1231 5230 1426 5303 ἐγένετο
1497 5229 1779 5304 σύμψηφος

229 5319 293 5374 τάς
334 5315 642 5374 ’Δθανάσιον
713 5319 1022 5374 καθελοῦσιν
1074 5322 1124 5374 ἓν
1178 5324 1350 5397 Τύρῳ.
1410 5319 1531 5374 Ὑπὸ
1585 5323 1778 5372 τούτων

230 5397 282 5451 εὖτ
313 5414 400 5459 τῶν
441 5407 491 5461 ἐν
541 5411 862 5483 Ἀντιοχείᾳ
901 5409 1318 5470 συνεληλυθότων
1364 5412 1495 5484 πρὸς
1541 5417 1604 5482 τῇ
1658 5406 1779 5463 δια-

237 5504 368 5568 ﬁmi}
409 5506 498 5552 τοῦ
555 5497 838 5573 δόγματος
879 5498 1197 5556 Ἀθανασίου
1245 5497 1780 5572 καταψηφισαμένων,

1959 4515 2012 4567 8.
2056 4509 2366 4567 Ducebant
2416 4514 2618 4567 autem
2672 4509 2830 4566 hanc
2893 4509 3202 4582 synodum
3249 4511 3541 4569 Eusebius

1887 4598 2588 4672 Constantinopolitanus
2640 4600 2747 4672 qui
2809 4599 3158 4656 Nicomedia
3215 4601 3542 4659 translatus

1885 4688 2102 4755 fuerat,
2129 4688 2378 4745 Aeacius
2405 4690 2688 4745 Caesarea
2725 4688 2787 4744 in
2817 4687 3135 4757 Palestina,
3166 4689 3542 4762 Patrophilus

1890 4777 2291 4852 Scythopolis,
2335 4777 2676 4834 Theodorus
2720 4777 2998 4850 Perinthi,
3047 4778 3353 4834 Eudoxius
3405 4782 3542 4837 Ger-

1885 4867 2186 4937 manicia,
2247 4866 2522 4922 Diausius
2577 4868 2864 4924 Casarea
2915 4867 2976 4922 in
3029 4867 3434 4940 Cappadocia,
3484 4872 3543 4927 et

1888 4957 2176 5028 Georgius
2202 4955 2511 5012 Laodicea
2537 4955 2702 5028 apud
2727 4957 2931 5027 Syros.
2961 4955 3253 5012 Maximus
3273 4957 3379 5030 qui
3403 4962 3545 5031 post

1886 5047 2207 5106 Macarium
2237 5044 2668 5116 Hierosolyma
2699 5045 3022 5118 episcopus
3071 5045 3264 5102 factus
3293 5050 3441 5120 erat,
3467 5048 3543 5106 de

1885 5136 2183 5195 industria
2215 5135 2518 5207 synodum
2559 5133 2886 5201 vitaverat;
2917 5150 3058 5190 eum
3084 5135 3246 5192 enim
3288 5136 3544 5210 paenite-

1887 5228 1992 5284 bat
2023 5225 2186 5299 quod
2218 5224 2504 5296 deceptus
2536 5221 2892 5293 suffragium
2923 5223 3155 5281 tulisset
3183 5241 3323 5283 cum
3347 5226 3418 5283 iis
3439 5225 3546 5299 qui

1885 5316 2020 5390 Tyri
2061 5313 2456 5372 Anathasium
2500 5311 2934 5384 deposuerant.
2963 5313 3054 5369 Ab
3099 5313 3170 5370 iis
3214 5315 3319 5388 qui
3365 5315 3547 5386 igitur

1889 5406 2215 5464 Antiochia
2237 5403 2753 5462 conversabantur
2778 5408 2832 5460 et
2854 5407 3070 5476 praeter
3094 5403 3397 5474 dogmatis
3418 5422 3547 5478 per-

1885 5497 2226 5555 versionem
2275 5492 2667 5551 Athanasium
2709 5493 3288 5564 condemnaverant,
3325 5494 3546 5551 electus

233 5583 456 5651 τρκςὶὴθη
507 5585 925 5665 Ἀλεξανδρειας
980 5592 1260 5654 ἐπίσκοπος
1325 5587 1573 5652 Εὐσέϐιος
1637 5588 1664 5641 6
1729 5585 1783 5651 εξ
1889 5607 1893 5638 ε

1889 5590 1981 5644 est
2044 5583 2422 5644 Alexandria
2491 5583 2812 5657 episcopus
2879 5581 3212 5653 Eusebius,
3279 5582 3543 5652 Edessa,
