4126 6228
578 314 641 365 15
1920 302 2185 359 ΝΙΟΕΤᾹΞ

2322 301 2592 360 ΟΝΙΑΤΔΞ
3889 322 3960 375 16

576 435 980 491 Osroenorum
1017 430 1165 486 urbe
1193 430 1505 499 oriundus,
1536 430 1729 487 factus
1771 442 1913 483 vero
1939 426 2213 497 deinceps

2341 422 2602 490 Ἐδέσσης
2654 430 2743 502 μὲν
2787 435 2882 490 τῆς
2931 428 3228 503 Ὀσροηνῶν
3276 430 3551 506 ὑπάρχων,
3583 441 3862 511 γενόμενος
3896 439 3961 495 δὲ

576 525 802 577 Emesae
842 521 1184 593 epis00pus,
1212 521 1315 592 qui
1350 524 1585 592 partem
1623 517 2009 575 astronomiae
2043 529 2232 585 augu-

572 608 767 666 ralem
820 608 1042 665 dictam
1092 607 1426 665 exercuisse
1466 607 1849 679 arguebatur.
1900 607 2232 661 Recusante

575 715 719 756 vero
748 698 1171 755 Alexandriam
1219 696 1500 767 Eusebio,
1560 696 1843 753 suffectus
1883 698 1971 750 est
2017 695 2230 762 Grego-

575 788 701 844 rius
747 786 951 843 Tarbae
1015 787 1374 860 episcopus,
1430 801 1557 859 qua
1607 785 1681 841 de
1732 799 1795 840 re
1849 782 2232 852 indignantes

576 876 985 942 Alexandrini,
1010 875 1322 932 ecclesiam
1371 874 1636 947 Dionysii
1676 873 1858 945 hujus
1895 870 2064 927 urbis
2108 870 2229 941 epi-

579 967 745 1039 scopi
781 966 1026 1023 nomine
1057 966 1280 1022 dictam
1317 964 1752 1033 incenderunt;
1785 966 1841 1020 et
1869 959 2231 1019 Athanasius

578 1056 826 1128 quidem
850 1054 1084 1127 fugiens
1111 1058 1365 1112 Romam
1390 1054 1568 1112 venit.

649 1240 701 1291 9.
742 1235 923 1292 Paulo
977 1239 1115 1307 post
1169 1237 1408 1291 mortuo
1462 1231 1737 1299 Eusebio,
1795 1228 2233 1287 contenderunt

574 1339 820 1380 rursum
845 1323 919 1380 de
951 1323 1469 1396 Constantinopoli
1500 1321 1716 1379 Paulus
1741 1324 1799 1378 et
1825 1317 2227 1376 Macedonius.

578 1413 750 1479 Quod
779 1413 882 1469 ubi
909 1413 1192 1483 cognovit
1216 1412 1597 1469 Constantius
1622 1408 1968 1472 Antiochiae,
1988 1409 2229 1463 Hermo-

574 1501 713 1572 geni
745 1502 1039 1558 exercitus
1071 1502 1206 1557 duci
1239 1501 1342 1575 qui
1382 1501 1442 1557 in
1470 1500 1783 1557 Thraciam
1818 1497 2038 1553 missus
2079 1500 2226 1565 erat,

573 1591 905 1658 mandavit,
937 1595 1001 1646 ut
1037 1590 1148 1648 iter
1183 1594 1455 1664 pergeret
1499 1589 1579 1647 ad
1625 1587 2046 1660 expellendum
2077 1588 2226 1642 Pau-

570 1680 698 1737 lum
730 1697 803 1736 ex
832 1680 1106 1737 ecclesia.
1131 1682 1278 1737 Cum
1302 1680 1441 1735 illuc
1470 1678 1833 1743 advenisset,
1866 1674 2227 1747 militarique

2340 515 2553 591 ὕστερον
2581 518 2805 591 Ἐμέσης
2844 516 3147 589 ἐπίσκοπος,
3189 520 3245 581 ὃς
3272 524 3362 573 καὶ
3402 517 3697 579 διεϐάλλετο
3729 527 3959 583 ἀσκείσ-

2341 607 2427 657 θαι
2474 614 2569 669 τῆς
2608 605 2953 682 ἀστρονομίας
2999 611 3055 661 τό
3107 607 3579 683 ἀποτελεσματικόν
3626 616 3955 691 καλούμενον

2338 699 2522 769 μέροςο
2574 701 3036 771 παραίτησαμένου
3088 694 3147 750 δὲ
3198 706 3291 751 τοῦ
3340 700 3592 757 Εύσεϐίου
3650 711 3746 765 τὴν
3808 709 3957 762 Ἀλες

2339 781 2631 859 ξάνδρειαν,
2673 786 2934 861 ἐπετράπη
2984 788 3010 839 ό
3052 791 3338 862 Γρηγόριος
3384 798 3484 843 τῶν
3526 794 3953 871 Ταρϐασθηνῶν,

2338 873 2416 946 ἐφ’
2548 874 2921 947 χαλεπήναντες
2980 878 3029 929 οἱ
3082 874 3456 952 Ἀλεξανδρεῖς,
3510 888 3605 942 τὴν
3661 887 3955 961 ὁμώνυμον

2338 969 2610 1016 Διονυσίου
2652 972 2741 1017 τοῦ
2770 962 2901 1038 τῇδε
2940 964 3385 1037 ἐπισκοπὴσαντο,
3418 970 3697 1030 ἐκκλησίαν
3730 973 3958 1050 ἐνέπρηο

2340 1071 2437 1105 σαν
2462 1074 2475 1086 ε
2502 1058 2592 1106 καὶ
2619 1053 2930 1117 Ἀθανάσιος
2956 1058 3046 1126 μὲν
3078 1060 3253 1128 φυγὼν
3284 1056 3357 1120 εἰς
3384 1058 3580 1133 Ῥώμην
3612 1061 3859 1135 ἀφίκετο.

2414 1140 2474 1199 θ’.
2516 1143 2639 1197 Μετ’
2670 1143 2729 1195 ού
2760 1142 2888 1196 πολὺ
2936 1140 2995 1196 δὲ
3036 1143 3433 1209 τελευτησαντος
3478 1150 3757 1224 Εύσεϐίου,
3801 1152 3957 1208 ἄντες

2336 1236 2626 1290 ποιήσαντο
2687 1231 2840 1285 πάλιν
2919 1240 3014 1291 τῆν
3083 1239 3667 1303 Κωνσταντινουπόλεως
3735 1245 3955 1307 Παῦλος

2337 1324 2425 1372 καὶ
2476 1318 2822 1383 Μακεδόνιος.
2884 1325 3239 1384 Κωνστάντιος
3292 1320 3389 1393 δὲ,
3445 1335 3594 1381 τοῦτο
3644 1333 3833 1403 μαθὼν
3900 1334 3951 1387 έν

2338 1408 2673 1482 Ἀντιοχείᾳ,
2763 1409 3032 1485 ἐπέτρεψεν
3110 1411 3401 1487 Ἑρμογένει
3478 1425 3551 1488 τῷ
3631 1420 3947 1488 στατηλάτη

2334 1502 2467 1575 πρὸς
2524 1502 2591 1552 τὰ
2643 1502 2853 1574 Θρᾴκια
2884 1484 3214 1574 γπεμπομένῴ
3269 1484 3441 1577 μέρη,
3492 1484 3620 1560 ὀδοῦ
3676 1484 3950 1584 πάρεργον

2333 1597 2559 1647 ποιῆσαι
2595 1592 2654 1641 τό
2702 1588 2964 1651 ἐξωθῆσαι
3008 1589 3209 1642 Παυλον
3252 1600 3347 1654 τῆς
3386 1594 3707 1660 ἐκκλησίας·
3741 1600 3803 1651 οὗ
3832 1620 3944 1654 πα-

2332 1682 2669 1751 ραγενομένου
2734 1683 2824 1730 καὶ
2904 1687 3253 1754 στρατιωτικῇ
3321 1688 3468 1758 χειρὶ
3543 1692 3934 1761 χρησαμένου,

572 1786 762 1827 manu
812 1774 1095 1839 uteretur,
1136 1769 1455 1825 insurrexit
1506 1767 1793 1841 populus,
1822 1780 2083 1836 eumque
2132 1779 2213 1819 ra-

2334 1765 2617 1819 ἐστασίασε
2665 1769 2721 1818 τό
2769 1766 2989 1838 πλῆθος,
3034 1773 3125 1821 καὶ
3177 1768 3331 1822 αὐτόν
3391 1774 3635 1846 σύραντες
3683 1779 3940 1831 ἀπέκτει-

569 1864 805 1932 ptatum
853 1858 1293 1916 interfecerunt.
1344 1861 1420 1913 De
1473 1873 1544 1913 eo
1582 1857 1795 1913 certior
1838 1854 2028 1910 factus
2080 1855 2225 1909 Con-

572 1951 851 2015 stantius,
884 1948 1468 2021 Constantinopolim
1501 1947 1684 2016 venit,
1723 1951 1781 2002 et
1816 1943 2063 2001 Paulum
2094 1944 2223 2015 qui-

567 2038 703 2093 dem
753 2038 991 2110 expulit,
1028 2039 1240 2094 urbem
1289 2053 1431 2093 vero
1478 2036 1726 2108 punivit,
1758 2032 2039 2090 frumenti
2085 2048 2221 2088 eam

562 2128 729 2199 quod
770 2133 938 2200 pater
966 2126 1316 2200 praestabat,
1348 2124 1756 2199 quadraginta
1793 2137 2220 2179 mensurarum

561 2217 831 2273 millibus
876 2222 933 2274 et
979 2216 1136 2274 ultra
1187 2233 1323 2273 eam
1368 2216 1637 2289 privavit.
1692 2214 2005 2284 Octoginta
2058 2213 2219 2269 enim

562 2304 751 2361 millia
798 2306 963 2377 prius
1008 2304 1309 2362 dabantur
1357 2304 1588 2360 civibus
1638 2303 1888 2372 singulis
1926 2302 2101 2357 annis
2144 2317 2218 2357 ex

562 2392 798 2449 tributis
829 2394 1179 2466 Aigyptiaco
1205 2392 1434 2465 populo
1458 2392 1777 2465 impositis.
1806 2390 2217 2447 Macedonium

563 2488 766 2538 autem
798 2498 920 2538 non
948 2482 1146 2538 statim
1172 2482 1339 2537 urbis
1368 2482 1725 2553 episcopum
1751 2480 1919 2547 fecit;
1954 2480 2059 2535 sed
2089 2479 2221 2535 sivit

560 2569 730 2627 illum
759 2572 1055 2628 adversus
1100 2570 1350 2627 Paulum
1383 2571 1444 2625 in
1484 2570 1768 2642 praedicta
1797 2568 2048 2625 ecclesia
2078 2584 2217 2624 con-

560 2660 765 2717 cilium
813 2662 1008 2717 facere
1055 2662 1117 2716 in
1160 2675 1283 2733 qua
1312 2664 1367 2716 et
1394 2659 1706 2716 ordinatus
1754 2664 1881 2727 est;
1915 2663 2093 2731 atque
2134 2658 2218 2715 ita

559 2749 688 2822 ipse
718 2750 1094 2807 Antiochiam
1118 2765 1392 2806 reversus
1415 2753 1530 2818 est;
1558 2748 1774 2805 Paulus
1799 2763 1936 2805 vero
1962 2750 2215 2804 Romam

560 2840 891 2897 descendit.

637 3024 723 3077 10.
766 3022 846 3075 Ea
879 3034 1019 3075 vero
1066 3034 1203 3091 quae
1252 3017 1625 3074 Alexandriae
1667 3016 1825 3073 facta
1866 3021 2004 3073 sunt
2045 3018 2214 3073 aliter

2330 1876 2440 1912 ναν.
2497 1857 2793 1929 Πυθόμενος
2851 1852 2909 1908 δὲ
2956 1860 3014 1908 τό
3066 1861 3275 1929 γεγονός
3338 1865 3715 1931 Κωνστάντιος,
3775 1871 3941 1921 κατέ-

2329 1945 2451 1999 λαϐε
2517 1950 2608 2005 τήν
2673 1946 3214 1999 Κωνσταντινούπολιν
3282 1954 3369 2002 καὶ
3432 1955 3516 2004 τὸν
3579 1957 3671 2026 μὲν
3726 1957 3939 2011 Παῦλον

2329 2034 2563 2103 ἐξήλασε,
2614 2040 2708 2095 τήν
2748 2032 2807 2087 δὲ
2859 2035 3006 2088 πόλιν
3062 2035 3371 2109 ἐζημίωσεν,
3401 2038 3593 2113 ἀφελὼν
3640 2052 3735 2096 τοῦ
3780 2066 3938 2106 σιτη-

2326 2130 2504 2199 ρεσίου
2572 2131 2664 2177 τοῦ
2730 2127 3150 2199 παρασχεθέντος
3207 2128 3306 2179 ύπό
3364 2136 3456 2181 τοῦ
3512 2136 3709 2207 πατρὸς
3770 2136 3939 2189 αὐτοῦ

2327 2216 2452 2288 ὑπὲρ
2505 2216 2600 2275 τὰς
2644 2218 2910 2289 τέσσαρας
2956 2211 3255 2288 μυριάδας·
3304 2216 3435 2269 ὀκτὼ
3476 2222 3577 2295 γὰρ
3618 2218 3784 2294 ἐγγὺς
3825 2245 3939 2298 μυ-

2325 2300 2508 2378 ριάδες
2572 2302 2922 2377 ἐχορηγοῦντο
2982 2309 3231 2381 πρότερον
3300 2312 3448 2360 σίτου
3511 2316 3622 2372 τοῖς
3690 2313 3939 2377 πολίταις

2326 2392 2549 2445 ἑκάστου
2605 2394 2748 2453 ἔτους
2805 2391 2860 2444 ἐκ
2924 2400 3025 2444 τῶν
3090 2394 3443 2467 κομιζομένων
3507 2394 3595 2451 ἀπ’
3655 2400 3936 2472 Αἰγύπτου

2324 2490 2394 2552 τῷ
2462 2478 2616 2554 δήμῳ
2675 2486 2865 2555 φόρων.
2925 2478 3248 2535 Μακεδόνων
3304 2480 3364 2536 δὲ
3418 2495 3510 2547 τῆς
3560 2487 3747 2551 πόλεως
3801 2496 3937 2553 τέως

2324 2572 2605 2624 ἐπίσκοπον
2664 2570 2758 2622 ούκ
2818 2570 3092 2643 ἐποίησεν,
3152 2570 3258 2624 ἀλλ’
3318 2575 3488 2627 εἴασεν
3547 2576 3694 2628 αὑτὸν
3750 2577 3800 2629 ἐν
3851 2588 3921 2643 τῇ

2323 2658 2566 2733 λεγομένῃ
2620 2658 2703 2712 ἐπὶ
2762 2660 2963 2713 Παῦλον
3016 2660 3266 2733 ἐκκλησία
3327 2666 3586 2736 συνάγειν,
3638 2664 3685 2716 έν
3828 2674 3927 2722 καὶ

2323 2747 2735 2822 ἐχειροτονήθη·
2796 2754 2886 2801 καὶ
2951 2750 3116 2811 οὕτως
3180 2751 3333 2813 αὐτὸς
3387 2756 3479 2825 μὲν
3537 2753 3796 2819 ἀνέζευξεν
3848 2757 3927 2822 εἰς

2322 2840 2631 2911 Αντιόχειαν
2656 2860 2668 2872 ο
2704 2837 2907 2899 Παῦλος
2940 2835 2973 2890 δ
2978 2841 2999 2890 ἰ
3023 2843 3118 2897 τὴν
3145 2839 3345 2913 Ῥώμην
3374 2842 3664 2900 κατέλαϐεν.

2394 2928 2442 2983 ι’.
2486 2933 2611 3001 Περὶ
2660 2925 2719 2980 δὲ
2770 2936 2869 2980 τῶν
2913 2928 3027 2980 κατ’
3075 2926 3464 3005 Ἀλεξάνδρειαν
3513 2933 3922 3006 συμϐεϐηκότων

2321 3014 2644 3090 Θεοδώριτος
2702 3019 2791 3090 μὲν
2840 3016 3004 3079 ἄλλως
3052 3020 3267 3091 ἱστορεῖ.
3314 3026 3450 3078 Φησὶ
3491 3025 3595 3095 γὰρ
3640 3026 3775 3095 μετὰ
3823 3031 3921 3085 τὴν

559 3114 765 3166 narrat
810 3108 1230 3165 Theodoretus.
1283 3108 1427 3164 Dicit
1472 3108 1633 3164 enim
1680 3108 2029 3177 Gregorium
2077 3112 2211 3179 post

2322 3105 2635 3159 Ἀθανασίου
2664 3111 2829 3178 φυγὴν
2861 3106 3222 3166 ἐπισκοπῆσαι
3264 3113 3545 3184 Γρηγόριον
3582 3113 3720 3187 ἄχρι
3745 3123 3840 3175 τῆς
3869 3112 3923 3167 ἐν

559 3198 868 3256 Athanasii
931 3200 1140 3269 fugam
1210 3197 1625 3271 episcopatum
1692 3196 1954 3266 gessisse
2019 3211 2210 3268 usque

560 3288 639 3344 ad
671 3288 927 3345 Serdica:
966 3288 1237 3343 habitam
1280 3286 1604 3359 synodum.
1635 3289 1769 3341 Post
1814 3286 1971 3342 hanc
2009 3291 2211 3342 autem

560 3376 865 3448 synodum
916 3375 1263 3446 Gregorium
1302 3375 1380 3430 ab
1418 3373 1836 3429 Alexandrinis
1869 3373 2209 3444 depositum

562 3480 715 3533 esse,
745 3464 990 3519 rediisse
1039 3469 1180 3519 tunc
1223 3463 1619 3519 Athanasium
1669 3462 1731 3516 in
1775 3463 2083 3533 prOpriam
2126 3479 2213 3518 se-

563 3552 704 3609 dem
728 3567 835 3625 per
856 3551 1193 3607 Constantis
1213 3550 1456 3619 litteras,
1477 3551 1577 3621 qui
1600 3555 1741 3605 tunc
1771 3553 1974 3606 Romae
2003 3566 2212 3621 regna-

559 3640 685 3698 bat.
748 3642 1070 3711 Postquam
1130 3643 1333 3695 autem
1385 3640 1679 3693 Constans
1730 3644 2005 3694 mortuus
2060 3640 2210 3710 fuit,

559 3745 802 3788 rursum
845 3728 1072 3799 fugisse
1101 3726 1520 3794 Athanasium,
1555 3730 1613 3782 et
1657 3726 1910 3783 electum
1948 3744 2080 3784 esse
2131 3729 2210 3785 ab

558 3819 792 3877 Arianis
823 3818 1141 3887 Georgium
1173 3817 1615 3890 Cappadocem,
1644 3833 1905 3890 eumque
1932 3824 2211 3876 sexcenta

559 3908 724 3965 mala
765 3907 1073 3963 Athanasii
1115 3906 1451 3963 fautoribus
1503 3906 1917 3963 machinatum
1959 3924 2108 3978 esse,
2146 3909 2210 3965 in

558 3999 951 4071 exsiliumque
1008 3997 1245 4053 misisse
1276 3996 1599 4053 nonnullos
1626 3998 1861 4069 Egypti
1890 3998 2209 4071 Lybiaeque

555 4088 895 4160 episcopos,
928 4087 1137 4143 Caium
1186 4086 1518 4151 Paraetonii,
1553 4086 1850 4157 Agathum
1881 4088 2208 4158 Phragonis

554 4181 613 4233 et
655 4178 839 4248 partis
876 4176 1196 4232 Elearchiae
1226 4176 1484 4248 Egypti,
1514 4177 1901 4233 Ammonium
1944 4179 2207 4234 Pachne-

552 4265 756 4323 munis
783 4270 838 4321 et
876 4265 1123 4337 reliquae
1166 4266 1483 4320 Elearchiae
1509 4265 1717 4337 partis,
1749 4268 2207 4336 Agathodaemo-

550 4370 693 4411 nem
718 4354 997 4411 Schedeae
1024 4360 1079 4409 et
1099 4354 1405 4425 Menelaiti,
1432 4356 1815 4411 Dracontium
1836 4357 2208 4429 Hermopolis

550 4444 819 4513 minoris,
851 4442 1212 4544 Adelphium
1259 4444 1550 4547 Onuphis,
1594 4445 2003 4543 Paphnutium
2059 4447 2203 4515 Sais,
2236 4491 2282 4547 Β

550 4536 724 4605 cujus
745 4533 1018 4589 meminit
1041 4548 1300 4602 magnus
1322 4532 1681 4589 Athanasius
1703 4534 1763 4588 in
1786 4551 1895 4591 sua
1917 4535 1992 4591 de
2010 4536 2205 4608 ipsius

546 4622 693 4693 fuga
736 4622 1066 4695 Apologia;
1116 4627 1172 4677 et
1220 4626 1435 4694 praeter
1482 4622 1612 4678 illos
1663 4623 1920 4680 alterum
1965 4628 2206 4682 Ammo-

545 4711 739 4783 nium,
763 4711 1003 4780 Moium,
1031 4709 1364 4775 Philonem,
1388 4713 1684 4778 Hermem,
1704 4712 1976 4780 Plinium,
2001 4716 2206 4771 Psene-

546 4800 732 4872 sirim,
776 4800 1182 4873 Agamphum,
1233 4803 1515 4869 Marcum,
1559 4801 2020 4871 Nilammonem,
2062 4809 2205 4864 Mar.

543 4904 683 4944 cum
717 4890 994 4956 alterum,
1018 4889 1489 4960 Athenodorum,
1512 4895 1568 4946 et
1594 4891 1977 4964 presbyteros
2008 4896 2202 4954 Hiera-

541 4993 672 5033 cem
705 4983 761 5035 et
784 4979 1154 5043 Dioscorum.
1184 4982 1371 5051 Atque
1398 4979 1477 5035 ita
1501 4980 1750 5051 quidem
1770 4982 2197 5045 Theodoretus.

541 5070 817 5124 Socrates
842 5074 1044 5124 autem
1072 5074 1129 5125 et
1155 5072 1522 5125 Sozomenus
1549 5076 1797 5127 narrant
1817 5072 2064 5131 Arianos
2086 5082 2199 5134 sta-

536 5156 643 5212 tim
674 5160 813 5229 post
851 5156 1011 5212 Pauli
1058 5156 1473 5229 expulsionem
1505 5162 1562 5213 et
1590 5158 1848 5215 reditum
1878 5161 2197 5235 imperato-

535 5245 616 5303 ris
659 5246 1054 5317 Antiochiam,
1108 5246 1459 5318 deposuisse
1511 5246 1859 5317 Gregorium
1904 5255 2195 5325 tanquam

532 5335 951 5392 Alexandrinis
996 5350 1118 5391 non
1161 5341 1395 5405 gratum
1429 5340 1483 5393 et
1513 5337 1917 5407 negligentem
1967 5346 2196 5417 proprii

530 5424 833 5493 dogmatis
884 5423 1478 5496 propugnationem;
1513 5426 1685 5497 cujus
1731 5427 1794 5482 in
1840 5427 2044 5487 locum
2092 5436 2195 5491 Ge-

529 5514 771 5585 orgium
830 5515 1047 5571 misere
1116 5513 1221 5586 qui
1277 5529 1350 5569 ex
1414 5514 1797 5587 Cappadocia
1852 5521 2189 5594 oriundus,

527 5603 642 5661 sibi
670 5603 899 5662 famam
934 5603 996 5661 in
1025 5603 1247 5662 Ariana
1294 5606 1714 5677 superstitione
1760 5609 2183 5683 acquisiverat.

2319 3192 2550 3267 Σαρδικῇ
2584 3191 2832 3263 συνόδου,
2854 3198 2985 3266 μετὰ
3014 3191 3073 3248 δὲ
3101 3200 3196 3255 τὴν
3228 3193 3443 3249 σύνοδον
3467 3201 3684 3269 ταύτην,
3712 3205 3802 3254 τόν
3827 3206 3924 3276 μὲν

2320 3290 2605 3359 Γρηγόριον
2651 3283 2983 3361 ἀναιρέθῆναι
3029 3287 3174 3361 παρὰ
3213 3294 3311 3338 τῶν
3360 3284 3755 3363 Ἀλεξανδρίων,
3800 3289 3921 3344 ἔπα-

2319 3374 2508 3426 νελθεῖν
2540 3370 2573 3426 δ
2577 3377 2598 3425 ὲ
2627 3373 2779 3425 πάλιν
2817 3376 2904 3425 τόν
2932 3372 3241 3427 Ἀθανάσιον
3270 3376 3338 3437 εἰς
3366 3380 3455 3429 τόν
3502 3375 3689 3432 οἶκείον
3740 3381 3918 3451 θρόνον

2321 3462 2734 3538 διαγραμμάτων
2787 3469 3117 3525 Κώνσταντος
3162 3472 3254 3517 τοῦ
3304 3464 3352 3517 ἐν
3381 3465 3550 3540 Ῥώμη
3605 3468 3923 3541 βασιλεῦον-

2320 3572 2427 3613 τος.
2490 3554 2629 3605 Ἐπεὶ
2696 3549 2754 3604 δὲ
2822 3557 3065 3613 Κώνστας
3125 3552 3471 3625 ἐτελεύτησεν,
3528 3554 3678 3619 αὖθις
3739 3566 3924 3629 φυγεῖν

2322 3642 2649 3713 Ἀθανάσοιν,
2712 3648 2801 3695 καὶ
2862 3642 3252 3719 προϐεϐλῆσθαι
3310 3649 3452 3719 παρὰ
3500 3654 3598 3698 τῶν
3638 3646 3922 3721 Ἀρειανῶν

2321 3738 2573 3807 Γεωργιον
2635 3735 2721 3784 τόν
2791 3729 3186 3805 Καππαδόκην,
3254 3738 3415 3809 μυρία
3476 3737 3613 3786 κακὰ
3674 3742 3786 3797 τοῖς
3846 3739 3918 3789 τὰ

2321 3821 2636 3873 Ἀθανασίου
2703 3828 2978 3894 φρονοῦσιν
3043 3818 3397 3894 ἐνδείξασθαι,
3460 3828 3550 3876 καί
3611 3843 3756 3887 τινας
3813 3833 3921 3878 τῶν

2320 3909 2407 3962 ἀπ’
2453 3911 2720 3983 Αἰγύπτου
2766 3917 2854 3964 καὶ
2900 3910 3098 3973 Λιϐύης
3139 3911 3435 3966 ἐπισκόπων
3476 3911 3726 3987 ἐξορίσαι,
3761 3917 3920 3969 Γαῖον

2318 4006 2688 4074 Παραιτονίου,
2720 4000 2949 4072 ”Αγαθον
2990 4007 3301 4074 Φραγώνεως
3341 4003 3432 4055 καὶ
3468 4007 3658 4077 μέρους
3700 4004 3918 4081 Ἐλιαρ-

2318 4094 2443 4161 χίας
2495 4097 2586 4150 τῆς
2640 4088 2946 4161 Αἰγύπτου,
2999 4090 3289 4163 Ἀμμώνιον
3357 4095 3764 4164 Παχνεμούνεως
3825 4100 3919 4147 καὶ

2316 4186 2409 4231 τοῦ
2467 4178 2648 4231 λοιποῦ
2704 4183 2890 4254 μέρους
2953 4187 3043 4240 τῆς
3109 4179 3437 4254 Ἐλεαρχίας,
3491 4178 3921 4255 Ἀγαθοδαίμονα

2317 4263 2548 4340 Σχεδέας
2601 4273 2691 4321 καὶ
2756 4267 3103 4340 Μενελαίτου,
3162 4274 3468 4344 Δρακόντιον
3528 4270 3918 4346 Ἐρμουπόλεως

2317 4364 2532 4431 μικρᾶς,
2598 4355 2869 4431 Ἀδέλφιον
2937 4358 3246 4431 Ὀνούφεως,

2315 4447 2382 4498 ὧν
2432 4452 2520 4500 καὶ
2566 4448 2592 4499 ό
2640 4452 2798 4520 μέγας
2838 4449 3149 4509 Ἀθανάσιος
3199 4447 3248 4501 έν
3300 4456 3362 4522 τῇ
3419 4451 3546 4523 ὑπὲρ
3591 4459 3687 4513 τῆς
3747 4460 3918 4524 φυγῆς

2316 4536 2475 4589 αὐτοῦ
2538 4536 2792 4611 ἀπολογίᾳ
2854 4541 3149 4609 μέμνηται·
3204 4542 3295 4591 καὶ
3348 4541 3483 4611 πρός
3541 4542 3746 4602 τούτοις
3792 4540 3921 4613 Ἀμ-

2313 4632 2501 4698 μώνιον
2566 4628 2755 4702 ἕτερον,
2822 4632 3015 4699 Μώῑον,
3087 4626 3306 4696 Φίλωνα,
3382 4626 3594 4703 Ἑρμῆν,
3667 4628 3918 4699 Πληνιον,

2313 4718 2600 4790 Ψενέσιριν,
2668 4716 2962 4790 Ἅγαμφον,
3028 4719 3263 4791 Μάρκον,
3323 4716 3695 4792 Νειλάμμωνα,
3759 4721 3917 4791 Μάρ-

2312 4826 2398 4859 κον
2455 4808 2642 4882 ἕτερον,
2699 4803 3079 4881 Ἀθηνόδωρον,
3132 4811 3221 4859 καὶ
3279 4805 3662 4884 πρεσϐυτέρους
3711 4806 3916 4880 Ἰέρακα

2309 4901 2399 4950 καὶ
2446 4901 2747 4972 Διόσκορον,
2789 4896 2963 4958 Οὕτως
3012 4899 3103 4968 μὲν
3150 4891 3239 4948 οὖν
3287 4892 3655 4972 Θεοδὼριτος·
3702 4897 3908 4971 Σωκρά-

2308 5005 2405 5048 της
2457 4982 2515 5039 δὲ
2579 4990 2668 5039 καὶ
2733 4985 3022 5058 Σωξόμενός
3084 5004 3247 5058 φασιν
3297 4987 3379 5038 ὄτι
3443 4986 3597 5048 εὐθὺς
3658 4988 3791 5059 μιτᾶ
3848 4988 3906 5037 τό

2308 5073 2621 5135 ἐκϐληθῆναι
2677 5073 2897 5145 Παῦλον,
2949 5077 3040 5126 καὶ
3088 5072 3369 5138 ἀναζεῦξαι
3425 5076 3781 5128 Κωνστάντιον
3834 5071 3908 5134 εὶς

2310 5164 2633 5238 Ἀντιόχειαν
2667 5208 2682 5234 ,
2750 5165 2799 5217 οἱ
2859 5162 3233 5238 ἆρειανίζοντες
3307 5168 3633 5238 μετέστησαν
3696 5159 3751 5213 ἐκ
3813 5167 3909 5222 τῆς

2306 5252 2698 5330 Ἀλεξανδρείας
2759 5257 3084 5329 Γρηγόρῖον,
3161 5256 3232 5316 ὡς
3312 5258 3429 5308 οὔτι
3509 5246 3911 5322 ’Δλεξανδριῦσι

2304 5347 2648 5419 καταθύμιον,
2683 5348 2773 5397 καὶ
2805 5346 2876 5407 ὡς
2924 5341 3083 5417 ἁμελῆ
3118 5348 3249 5420 πρὸς
3282 5347 3540 5398 σύστασιν
3575 5347 3668 5393 τοῦ
3710 5339 3911 5393 οἰκείου

2307 5432 2605 5510 δόγματοςο
2662 5432 2778 5488 ἀντὶ
2845 5430 2905 5487 δὲ
2967 5436 3179 5506 τούτου,
3234 5441 3484 5510 Γεωργιον
3544 5429 3804 5505 ἔπεμψαν,
3858 5430 3919 5494 ὃς

2305 5524 2359 5579 ἐκ
2423 5523 2805 5589 Καππαδοκίας
2866 5527 2956 5599 μὲν
3018 5528 3248 5601 ὡρμᾶτο,
3305 5523 3461 5592 δόξαν
3522 5517 3584 5579 δὲ
3646 5523 3767 5601 περὶ
3817 5524 3920 5585 τὴν

2304 5614 2545 5693 ἀρειανὴν
2579 5617 2858 5693 θρησκείαν
2889 5613 3156 5676 ἐκέκτητο.

3330 4362 3651 4433 Παφνούτιον
3716 4364 3882 4425 Σάεως
3899 4404 3915 4431 ,
