4126 6228
102 0 376 164 Γπ,

219 256 263 308 Π
1603 245 1954 306 THESAURI
1982 246 2120 305 LIB.
2150 249 2220 303 VI
3524 249 3590 306 18

270 373 350 428 ια’.
417 372 504 427 Ἐν
551 371 742 444 τούτῳ
799 367 862 426 δὲ
898 375 995 432 τήν
1049 371 1270 448 Ῥώμην,
1329 377 1398 438 ὡς
1458 377 1666 449 ἔφαμεν,
1733 393 1834 426 κα·
1865 376 1915 429 Α

213 463 396 519 famas
448 463 795 523 ’Δθανοξσιος
857 468 950 515 καὶ
1006 463 1226 531 Παῦλος,
1274 465 1404 518 άλλὰ
1454 471 1548 518 καὶ
1597 462 1816 537 Μάρκελη

213 556 282 616 λος
333 557 358 606 ό
415 554 729 625 Ἀγκύρας,
789 557 884 606 καὶ
953 553 1256 616 Ἀσκληπᾶς
1314 557 1341 608 ὀ
1420 555 1617 623 Γάζης,
1674 557 1728 607 ὃν
1783 555 1832 607 οἱ

219 648 470 718 ’Δρειανοὶ,
542 639 912 706 διαϐαλόντες
967 644 1040 704 ὡς
1098 645 1478 720 θυσιαστήριον
1532 647 1830 718 καταστρέ-

215 734 383 804 -ᾇαντα,
428 731 718 800 καθεῖλον,
773 735 867 784 καὶ
907 729 1015 784 ἀντ’
1073 732 1233 786 αὐτοῦ
1288 737 1562 788 Κεντιανόν
1618 733 1833 805 ἆχειρου

220 829 414 883 τόνησαν
445 837 460 852 ⁸
533 824 696 896 πρὸς
747 817 809 874 δε
865 826 955 874 καὶ
1001 823 1231 885 Λούκιος
1277 824 1304 874 ό
1355 819 1830 897 Ἀδριανουπόλεως

220 912 287 966 ἐπ’
321 912 449 983 ἄλλῳ
513 915 632 964 τινὶ
695 909 1194 984 κατηγορηθείς.“0
1244 907 1305 965 δὲ
1361 911 1559 984 Ῥώμης
1620 909 1829 963 ἐπίσκο-

221 1021 300 1064 πος
329 999 564 1068 Ἰούλιος,
624 999 987 1072 ὁμονοοῦντας
1037 1002 1249 1062 τούτους
1307 1001 1466 1075 εὑρὼν
1519 1008 1582 1073 τῇ
1635 998 1682 1052 ἐν
1725 1006 1828 1053 Νι-

225 1098 328 1162 καία
377 1086 622 1160 σ-ννόδῷ,
703 1088 776 1150 εἰς
838 1092 1105 1141 κοινωνίαν
1169 1095 1498 1166 προσήκατο,
1570 1094 1660 1141 καὶ
1721 1095 1830 1150 τοῖς

229 1179 304 1232 ξινὰ
336 1184 424 1237 τήν
461 1178 573 1232 ἐω
629 1183 806 1231 πᾶσιν
875 1177 1183 1240 ἐπισκόποις
1250 1178 1472 1252 ἔγραψεν
1535 1174 1826 1231 ἀποδοῦναι

233 1275 301 1340 μέν
341 1273 516 1328 αὐτοῖς
586 1271 724 1328 τοὺς
793 1262 959 1327 ἰδίους
1025 1269 1259 1340 θρόνους,
1329 1266 1534 1340 πέμψαι
1592 1263 1652 1320 δέ
1687 1286 1826 1328 τινας

242 1359 293 1418 εἰς
323 1359 475 1432 ῥητήν
545 1359 768 1431 ἡμέραν
823 1359 942 1417 τοὺς
1003 1355 1299 1428 ἐλέγξοντας
1357 1356 1547 1418 αὐτοὺς
1601 1352 1826 1419 δικαίως

255 1447 633 1520 ᾰεὲὶημένους.
709 1448 928 1506 Τούτοις
991 1445 1341 1520 θαρῥήσάντες
1404 1453 1514 1508 τοῖς
1574 1447 1821 1521 γράμμα-

257 1554 306 1588 sa
351 1540 395 1588 οἱ
452 1536 592 1608 ἀμφὶ
654 1539 753 1588 τὸν
801 1533 1135 1604 Ἀθανάσιον,
1201 1536 1420 1598 ἕκαστος
1481 1538 1568 1588 τὸν
1636 1534 1821 1587 ἑαυτοῦ

251 1624 450 1678 κιτέλαεε
505 1627 723 1698 θρόνον.
785 1625 852 1678 Οἱ
921 1620 979 1676 δὲ
1034 1626 1124 1684 τὰς
1178 1622 1457 1686 ἐπιστολὰς
1527 1619 1816 1696 δεξάμενοι,

2017 377 2100 428 tt.
2136 375 2363 431 Interea
2391 377 2595 432 autem
2645 375 2922 442 Romam,
2968 374 3034 429 ut
3087 370 3371 440 diximus,
3415 386 3591 428 vene-

1941 465 2079 518 rant
2093 463 2460 520 Athanasius
2477 469 2533 521 et
2547 463 2907 536 Paulus,sed
2924 466 2980 520 et
2995 461 3299 519 Marcellus
3315 465 3589 535 Ancyrae,

1939 557 1998 608 et
2023 551 2331 625 Asclepius
2361 555 2528 610 Gazae
2555 569 2740 626 quem
2764 552 2967 608 Ariani
2996 552 3423 624 deposuerant,
3441 550 3591 608 falso

1939 657 2081 698 eum
2119 642 2507 700 criminantes
2547 643 2716 716 quod
2744 659 2913 699 aram
2946 641 3266 712 evertisset,
3312 646 3369 697 et
3417 641 3591 711 cujus

1936 729 2070 788 loco
2102 731 2452 789 Ceutianum
2483 733 2940 800 ordinaverant;
2979 747 3049 787 ac
3077 735 3294 804 praeter
3325 729 3455 786 illos
3485 732 3593 787 Lu-

1938 822 2066 878 cius
2093 822 2514 896 Adrianopolis
2559 823 2677 880 alio
2721 824 2968 880 crimine
3003 827 3344 879 accusatus.
3385 824 3588 876 Roma:

1935 925 2078 966 vero
2119 911 2437 983 episcopus
2466 911 2657 968 Julius
2701 927 2804 967 eos
2847 910 2989 966 ﬁdei
3032 910 3286 966 Nicaeum
3335 924 3588 964 consen-

1935 1000 2149 1056 tientes
2175 999 2488 1057 inveniens
2512 1001 2571 1057 in
2596 1017 2772 1056 suam
2804 1001 3296 1057 communionem
3319 998 3584 1068 admisit,

1935 1093 2118 1160 atque
2156 1089 2440 1145 omnibus
2497 1090 2750 1147 Orientis
2788 1089 3086 1162 episcopis
3126 1087 3365 1159 scripsit
3400 1091 3464 1143 ut
3511 1088 3584 1144 iis

1933 1178 2210 1250 proprias
2240 1178 2413 1235 sedes
2441 1180 2776 1249 redderent,
2808 1179 3228 1250 mitterentque
3277 1177 3439 1234 diota
3487 1178 3584 1236 die

1933 1267 2156 1340 quieos
2183 1267 2512 1339 probarent
2531 1269 2690 1340 juste
2723 1269 3030 1341 depositos
3062 1283 3214 1323 esse.
3251 1267 3350 1322 His
3374 1267 3582 1324 litteris

1933 1355 2306 1411 conﬁdentes
2337 1357 2648 1413 Athanasii
2679 1357 2943 1414 fautores
2978 1359 3333 1429 receperunt
3361 1355 3582 1426 singuli

1930 1445 2209 1519 proprias
2240 1444 2435 1502 sedes.
2478 1446 2586 1507 Qui
2611 1450 2816 1502 autem
2855 1446 2962 1502 has
3005 1446 3229 1502 litteras
3272 1459 3580 1516 accepere,

1930 1549 2086 1605 aegre
2113 1535 2402 1602 tulerunt;
2431 1536 2974 1609 convenientesque
2995 1533 3395 1601 Antiochiam,
3425 1533 3577 1600 Julio

1927 1623 2372 1696 responderunt
2413 1639 2538 1680 non
2591 1629 2866 1697 oportere
2909 1625 2986 1681 ab
3017 1624 3116 1680 illo
3156 1623 3279 1693 regi
3327 1622 3577 1679 Orientis

243 1713 450 1784 χαλεπῶς
489 1717 728 1786 ἤνεγκαν
758 1729 772 1742 ·
831 1718 923 1766 καὶ
979 1712 1320 1785 συλλεγέντες,
1363 1713 1430 1775 εἰς
1468 1713 1813 1785 Ἀντιόχειαν,

1932 1712 2270 1785 episcopos,
2304 1713 2352 1768 si
2384 1729 2540 1785 quos
2573 1729 2646 1769 ex
2683 1713 2946 1770 ecclesiis
2989 1713 3208 1769 vellent
3235 1711 3529 1784 expellere
3559 1729 3572 1779 ;

249 1802 417 1875 Ἰουλίῳ
475 1806 558 1876 μὶν
638 1801 983 1876 ἀντέγραψαν
1049 1805 1113 1863 ὡς
1180 1803 1239 1855 ού
1305 1799 1389 1856 δεῖ
1448 1803 1819 1864 κανονίζεσθαι

251 1893 357 1966 παρ’
383 1892 526 1945 αὖτοῦ
570 1896 702 1954 τοὺς
741 1901 836 1953 τῆς
884 1891 1154 1954 ’Λνοτολῆς
1211 1891 1548 1960 ἐπισκόπους,
1592 1891 1636 1944 εἰ
1687 1891 1820 1964 βού-

252 1980 401 2034 λοιντό
450 2001 582 2045 τινας
647 1981 936 2045 ἐξελαύνειν
1011 1990 1110 2034 τῶν
1167 1980 1487 2052 ἐκκλησιῶν,
1541 1983 1622 2034 ὅτι
1679 1977 1819 2054 μηδὲ

261 2074 304 2123 οἱ
340 2080 422 2134 τῆς
453 2071 686 2132 Ἀνατολῆ
698 2094 720 2134 ς
744 2073 1004 2143 ἀντεῖπον,
1039 2073 1121 2126 ὅτε
1171 2074 1412 2124 Ναυάτον
1472 2071 1729 2134 ἐξήλασαν
1770 2072 1819 2124 οἱ

268 2168 349 2224 τῆς
423 2165 623 2224 Δύσεως.
709 2163 1073 2215 Κωνστάντιον
1150 2157 1210 2214 δὲ
1269 2167 1610 2236 παρώτρυναν
1682 2161 1820 2214 κατὰ

275 2251 548 2303 ’ΔΘανασίου
581 2257 664 2304 καὶ
726 2249 940 2304 Παύλου
972 2271 986 2283 ·
1042 2255 1131 2302 καὶ
1183 2249 1239 2313 ὂς
1293 2249 1514 2324 ἔγραψεν
1555 2249 1643 2302 ἀπ’
1709 2248 1816 2302 Ἀν·

287 2345 489 2409 τιοχιὶας
533 2349 600 2408 τῷ
654 2340 856 2414 ἐπάρχῳ
920 2341 1511 2402 Κωνσταντινουπόλεως
1577 2338 1816 2410 Φιλίππῳ

305 2428 478 2478 Παῦλον
531 2429 610 2499 μὲν
671 2428 886 2492 ἐξελάσαι
945 2436 1042 2491 τῆς
1109 2429 1301 2490 πόλεως
1374 2427 1682 2500 Μακεδονίῳ
1759 2425 1818 2480 δέ

301 2512 576 2584 παραδοῦναι
607 2523 688 2575 τήν
745 2518 1032 2576 ἐκκλησίαν
1059 2535 1072 2548 ·
1114 2520 1140 2570 ό
1197 2521 1287 2591 μὲν
1353 2515 1440 2572 οὖν
1491 2517 1688 2578 Παῦλος
1739 2517 1817 2570 εύ-

291 2605 369 2665 θύς
399 2603 619 2667 ἐξελῶν
668 2607 920 2669 Φίλιππος
952 2604 1002 2660 δ’
1061 2605 1144 2662 ἐπὶ
1190 2611 1284 2667 τήν
1337 2606 1618 2666 ἐκκλησίαν
1672 2609 1819 2664 ήπεί-

280 2711 395 2763 γετό,
445 2697 690 2770 σύνθρονον
731 2698 816 2750 ἐπὶ
868 2705 963 2749 τοῦ
1013 2696 1284 2770 ὀχήματος
1350 2700 1486 2770 ἔχων
1533 2699 1618 2750 τὸν
1647 2702 1818 2749 Μακε-

282 2776 746 2858 δόνωνοπαρείπετο
779 2782 840 2839 δὲ
883 2787 1086 2847 τοτὲτοίς
1135 2791 1226 2840 καὶ
1282 2791 1401 2860 χεὶρ
1461 2788 1813 2860 στρατιωτική

278 2869 468 2944 ξιφήρης
512 2892 524 2905 ⁸
585 2874 810 2936 πλήθους
870 2872 930 2929 δε
995 2874 1181 2930 πολλοῦ
1237 2881 1506 2949 παρόντος,
1581 2879 1670 2926 καὶ
1745 2881 1817 2945 τῷ

276 2957 462 3034 ἐπάρχῳ
488 2968 566 3016 καὶ
615 2973 684 3035 τῷ
743 2961 1055 3038 Μακεδονίῳ
1110 2962 1350 3040 παρόδου
1388 2969 1460 3038 μή
1517 2967 1814 3036 γινομένης,

1927 1803 2071 1875 quia
2099 1819 2298 1875 neque
2362 1803 2612 1860 Orientis
2649 1804 2916 1877 episcopi
2953 1803 3301 1872 restiterint,
3327 1801 3575 1875 quando

1927 1895 2220 1948 Novatum
2233 1892 2512 1964 expulere
2528 1893 2864 1950 Occidentis
2875 1891 3576 1966 episcopi.Constantium

1926 1986 2127 2038 autem
2184 1982 2593 2038 excitaverunt
2633 1983 2693 2038 in
2733 1983 3135 2042 Athanasium
3183 1987 3240 2038 et
3276 1980 3568 2048 Paulum;

1925 2071 2099 2143 isque
2140 2071 2460 2128 Antiochia
2485 2073 2724 2145 scripsit
2749 2075 2828 2128 ad
2859 2071 3410 2142 Constantinopolis
3428 2086 3572 2142 prae-

1925 2159 2147 2215 fectum
2178 2159 2542 2233 Philippum,
2591 2165 2658 2216 ut
2689 2159 2944 2216 Paulum
2999 2161 3246 2232 quidem
3303 2175 3374 2215 ex
3420 2158 3571 2214 urbe

1925 2248 2188 2322 pelleret,
2247 2249 2602 2307 Macedonio
2658 2254 2860 2308 autem
2915 2250 3174 2307 traderet
3227 2247 3571 2306 ecclesiam.
3639 2269 3644 2274 ·

1928 2339 2144 2396 Paulus
2186 2339 2367 2410 igitur
2391 2341 2594 2397 statim
2623 2341 2911 2413 expulsus
2941 2343 3044 2396 est.
3078 2339 3387 2412 Philippus
3429 2353 3572 2395 vero

1924 2427 2004 2484 ad
2035 2427 2348 2484 ecclesiam
2376 2435 2616 2485 evectus
2652 2433 2762 2494 est,
2814 2429 3241 2486 consedentem
3286 2428 3348 2484 in
3393 2443 3574 2484 curru

1923 2517 2338 2574 Macedonium
2383 2518 2654 2586 habens;
2705 2535 2859 2592 quos
2891 2519 3254 2592 sequebatur
3294 2517 3569 2574 militaris

1925 2623 2146 2664 manus
2174 2607 2388 2678 gladiis
2407 2614 2660 2666 armata.
2693 2611 2841 2666 Cum
2871 2613 3077 2666 autem
3098 2608 3310 2678 ingens
3332 2607 3573 2664 adesset

1925 2697 2245 2754 multitudo
2274 2713 2472 2771 neque
2503 2698 2786 2771 praefecto
2817 2704 2874 2754 et
2902 2698 3252 2754 Macedonio
3279 2698 3388 2754 iter
3424 2712 3573 2770 pras-

1923 2785 2157 2848 berent.
2180 2786 2563 2843 crediderunt
2584 2787 2802 2843 milites
2815 2786 2968 2842 velle
2994 2785 3236 2843 turbam
3266 2785 3571 2856 resistere;

1925 2874 2273 2947 multosque
2299 2875 2516 2946 gladiis
2546 2876 2990 2943 interfecerunt,
3033 2875 3204 2931 multi
3235 2879 3436 2932 autem
3477 2875 3577 2931 alii

1924 2964 2004 3022 ab
2035 2963 2165 3020 aliis
2208 2965 2544 3022 conculcati
2583 2971 2742 3022 sunt.
2773 2965 2980 3023 Mortui
3032 2969 3192 3032 sunt,
3224 2969 3290 3020 ut
3335 2964 3576 3031 dicitur,

275 3047 489 3102 ὑπελαϐον
531 3055 575 3104 οὶ
619 3063 940 3126 στρατιῶται
996 3057 1118 3116 τοὺς
1164 3054 1359 3127 ὄχλους
1415 3053 1767 3106 ἀνθίστασθαι
1799 3067 1812 3082 ’

1932 3054 2104 3126 quasi
2145 3055 2261 3111 tria
2310 3055 2496 3112 millia
2536 3060 2779 3112 centum
2828 3061 2887 3112 et.
2934 3053 3397 3128 quinquaginta.
3455 3055 3580 3110 Tali

273 3142 352 3190 καὶ
390 3137 542 3193 λοιπόν
589 3142 807 3210 πολλούς
843 3146 934 3216 μὲν
991 3143 1135 3196 αὐτοὶ
1188 3151 1292 3205 τοῖς
1345 3143 1543 3216 ξίφεσιν
1601 3140 1815 3206 ἀνεῖλον,

275 3226 426 3280 πολλοὶ
474 3226 528 3283 ἴε
585 3237 672 3284 καὶ
741 3233 828 3285 ὑπ’
893 3231 1121 3292 ἀλλήλων
1174 3235 1611 3291 συνεπατήθησαν
1660 3252 1674 3265 ο
1728 3233 1820 3282 καὶ

277 3314 519 3386 ἆπὲθανον,
559 3323 624 3384 ὣς
658 3323 877 3395 λέγεται,
931 3329 1049 3398 περὶ
1107 3328 1229 3386 τοὺς
1289 3323 1468 3377 ἑκατὸν
1523 3328 1615 3376 καὶ
1665 3324 1983 3380 πεντήκοντα
2038 3325 2128 3373 καὶ
2182 3321 2538 3393 τρισχιλίους.
2593 3320 2710 3374 Ἐπὶ
2776 3321 3030 3381 τοιούτοις
3093 3322 3184 3394 μὲν
3229 3318 3327 3390 οὖν
3393 3337 3580 3392 κατορ-
3671 3331 3678 3336 ·

293 3405 476 3474 θὼμασι
499 3407 787 3473 Μακεδόνος
803 3414 948 3488 παρὰ
971 3420 1067 3465 τοῦ
1089 3411 1326 3487 ἐπάρχου
1358 3412 1710 3486 ἐνεθρονίσθη.

362 3490 454 3564 ιβ’·
515 3493 787 3560 Ἀθανάσιος
843 3498 899 3554 δὲ
956 3505 1049 3560 τήν
1116 3501 1392 3560 ἐπιϐουλήν
1455 3503 1818 3554 Κωνσταντίου

298 3575 470 3648 δείσας,
509 3586 682 3660 θανάτῳ
715 3592 808 3664 γὰρ
879 3595 1102 3663 ζημιοῦν
1165 3591 1319 3644 αὐτόν
1375 3591 1676 3656 ἠπείλησεν,
1748 3589 1822 3652 εἰς

284 3673 365 3725 τήν
407 3671 576 3747 Ῥώμην
611 3676 851 3750 ἀφίκετοο
917 3685 1008 3734 καὶ
1065 3680 1264 3741 Παῦλος
1321 3681 1392 3743 εἰς
1449 3685 1543 3740 τήν
1610 3687 1820 3734 Θεσσα-

273 3756 448 3819 λονίκην
492 3766 806 3838 ἀπενεχθεὶς,
875 3771 988 3823 ὅθεν
1039 3774 1129 3822 καὶ
1178 3773 1298 3832 τοὺς
1354 3773 1634 3844 προγόνους
1678 3771 1819 3840 ἔχειν

269 3844 453 3919 ἂὴετο,
499 3859 579 3907 καὶ
614 3862 707 3915 τήν
751 3862 843 3930 μέν
886 3857 988 3912 Ἐω
1045 3862 1247 3932 φεύγειν
1296 3857 1609 3932 ἐπιτραπεὶς,
1654 3857 1819 3909 Ἰλλυ-

263 3945 391 4010 ραῆς
439 3937 492 3994 δε
527 3951 610 3998 καὶ
648 3955 752 4008 τῆς
800 3947 1034 4000 ἐπέκεινα
1076 3957 1178 4020 γῆς
1220 3947 1496 4001 ἐπιϐαίνειν
1550 3947 1608 4000 ού
1657 3945 1819 3998 κωλυ-

266 4027 368 4093 θεὶς,
420 4033 636 4107 ἀπαίρειν
680 4036 755 4098 εἰς
807 4039 1056 4112 Κόρινθον
1105 4042 1522 4113 προεφασίσατο,
1571 4040 1661 4090 καὶ
1725 4039 1819 4094 τήν

260 4112 426 4189 Ῥώμην
478 4125 752 4197 κατείληφε
817 4130 910 4177 καὶ
975 4127 1166 4187 αὐτὸς.
1222 4123 1668 4189 Ἀναδιδάξαντος
1730 4119 1818 4176 οὖν

264 4203 445 4260 Ἰουλίου
503 4215 582 4264 τόν
651 4212 892 4287 βασιλέα
947 4221 1258 4268 Κώνσταντα
1327 4218 1393 4266 τὰ
1452 4220 1572 4288 περὶ
1628 4213 1815 4282 αὐτῶν,

258 4293 446 4367 ἤρειψεν
503 4300 699 4364 ἐκεῖνος
771 4311 847 4373 τῷ
914 4301 1126 4375 βασιλεῖ
1201 4307 1544 4376 Κωνσταντίῳ
1613 4303 1818 4375 πέμψαι

257 4387 381 4446 τινὰς
434 4397 520 4440 τῶν
590 4391 906 4444 ἐπισκόπων
983 4390 1468 4466 ἀπολογησομένους
1537 4397 1655 4468 περὶ
1727 4399 1819 4452 τῆς

256 4478 421 4527 τούτων
478 4485 854 4557 καθαιρέσεως.
917 4484 1286 4557 Ἐπέμφθησαν
1363 4481 1448 4538 οὖν
1511 4485 1820 4557 Νάρκισσος

259 4563 660 4642 Εἰρῑιουπόλεως,
732 4567 1001 4646 Θεόδωρος
1079 4576 1106 4624 ὸ
1179 4573 1502 4648 Ἡρακλείας,
1564 4577 1735 4647 Μάρις
1791 4577 1818 4624 ὁ

260 4652 564 4731 Χαλκηδόνος,
619 4665 725 4714 καὶ
769 4663 1031 4736 Μάρκοςό
1076 4661 1440 4738 Ἀρεθούσης’
1495 4664 1544 4716 οῖ
1589 4668 1682 4722 τήν
1728 4665 1818 4735 μὲν

254 4738 293 4790 έν
340 4741 613 4822 Ἀντιοχείᾳ
699 4751 825 4824 παρ’
900 4753 1068 4803 αὐτῶν
1146 4750 1438 4805 ἐκτεθεῐσαν
1515 4750 1819 4826 ἀπέκρυψαν

253 4834 412 4902 πίστιν,
453 4837 625 4912 ἑτέραν
681 4834 728 4890 δ’
767 4836 1056 4892 ὶκάττυσαν
1100 4837 1414 4913 ἀπάδουσαν
1470 4840 1598 4904 ὅλως
1651 4849 1710 4914 τῇ
1767 4840 1818 4893 ἐν

249 4923 410 4995 Nomia
435 4940 448 4956 '
489 4933 580 4980 καὶ
632 4929 844 4986 ταύτην
886 4937 958 4999 τῷ
1010 4928 1226 5002 βασιλεί
1277 4935 1550 4984 Κὼσταντι
1593 4926 1820 4984 δεδωκό.

249 5025 322 5076 τες,
361 5018 443 5066 καὶ
503 5021 628 5093 περὶ
693 5015 762 5067 ὧν
806 5015 1072 5072 ἐϐούλοντο
1135 5016 1303 5092 μηδὲν
1353 5017 1653 5090 ἀνύσαντες,
1701 5023 1822 5074 ὑπέ-

249 5100 436 5173 στρεψαν
463 5106 760 5182 ἄπρακτοι.
809 5111 955 5160 Μετὰ
1001 5104 1061 5161 δὲ
1111 5115 1284 5181 τριετῆ
1335 5113 1526 5182 χρόνον
1574 5108 1746 5184 ἑτέραν
1772 5111 1822 5162 οἱ

248 5196 320 5250 τῆς
357 5191 452 5246 Ἐω
500 5194 861 5258 συντάξαντες
930 5201 1131 5266 πίστιν,
1187 5200 1248 5256 ἣν
1314 5201 1406 5250 καὶ
1456 5202 1821 5271 μακρόστιχον

251 5275 410 5331 ἔκθεσιν
457 5283 770 5358 ὠνόμασαν,
819 5284 1052 5357 ἔπεμψαν
1094 5291 1203 5348 τοῖς
1247 5283 1345 5338 ἀνὰ
1391 5287 1483 5344 τήν
1537 5288 1694 5339 Δύσιν
1745 5283 1820 5339 δι’

252 5363 466 5432 Εὖὸοξίου
531 5381 627 5428 τοῦ
721 5379 1086 5450 Γερμανικείας
1156 5381 1247 5429 καὶ
1324 5371 1652 5430 Μακεδονίῶ
1727 5383 1820 5429 τοῦ

253 5455 604 5533 ὶίοψουεστίας,
658 5461 708 5515 ἐν
761 5465 793 5538 ᾖ
858 5469 1068 5540 μνήμην
1121 5469 1211 5539 μεν
1269 5465 1453 5527 οὐσίας
1499 5465 1594 5518 ούκ
1640 5465 1818 5525 ἐποιή-

259 5559 377 5602 ﬁrm
414 5560 570 5627 Θεου,
617 5553 954 5630 ἀπεκήρυξαν
1005 5553 1063 5609 ὁνε
1112 5559 1233 5618 τοὺς
1285 5554 1338 5620 ἐξ
1385 5556 1482 5609 ούκ
1541 5559 1698 5610 ὄντων
1736 5556 1822 5610 λέ-

1926 3142 2106 3213 igitur
2135 3159 2426 3198 successu
2455 3143 2839 3200 Macedonius
2877 3159 2913 3198 a
2955 3142 3237 3215 praefecto
3266 3142 3328 3197 in
3353 3141 3580 3213 episco-

1927 3231 2048 3304 pali
2079 3232 2219 3288 sede
2248 3233 2607 3288 constitutus
2635 3236 2740 3287 est.

2000 3499 2086 3554 12.
2121 3498 2484 3555 Athanasius
2507 3502 2710 3555 autem
2745 3498 3075 3556 Constantii
3107 3497 3357 3554 insidias
3378 3497 3582 3554 formi-

1929 3588 2082 3644 dans
2097 3587 2172 3660 (ei
2184 3589 2344 3644 enim
2358 3593 2616 3645 mortem
2630 3589 2895 3645 minatus
2909 3593 3058 3656 erat)
3075 3591 3328 3645 Romam
3344 3586 3582 3646 abiit.Et

1930 3678 2146 3734 Paulus
2173 3678 2668 3735 Thessalonicam
2717 3678 2971 3750 delatus,
3014 3678 3176 3734 unde
3207 3679 3417 3750 proavi
3465 3677 3579 3733 orti

1927 3766 2302 3838 dicebantur,
2326 3783 2465 3823 cum
2493 3767 2790 3824 Orientem
2831 3765 3211 3840 relinquendi
3230 3765 3579 3839 permissio-

1926 3873 2067 3912 nem
2093 3856 2444 3929 accepisset,
2482 3872 2680 3929 neque
2721 3857 3022 3930 Illyricum
3052 3862 3110 3912 et
3137 3873 3273 3929 quae
3309 3855 3464 3912 ultra
3493 3860 3582 3912 est

1926 3948 2236 4017 regionem
2270 3951 2470 4020 petere
2498 3947 2937 4019 prohiberetur,
2966 3947 3315 4004 Corinthum
3349 3962 3410 4002 se
3440 3961 3578 4018 pro-

1926 4037 2113 4093 ﬁcisci
2152 4038 2488 4104 praetexuit,
2522 4040 2900 4109 Romamque
2952 4040 3010 4092 et
3049 4037 3178 4108 ipse
3212 4035 3397 4092 venit.
3430 4037 3578 4092 Cum

1929 4131 2130 4182 autem
2152 4126 2338 4182 Julius
2375 4127 2706 4182 monuisset
2728 4127 3154 4198 imperatorem
3185 4127 3577 4182 Constantem

1926 4216 2002 4272 de
2031 4231 2240 4272 eorum
2269 4215 2631 4288 conditione,
2659 4216 2894 4290 scripsit
2919 4215 3015 4272 ille
3045 4216 3125 4273 ad
3149 4216 3576 4289 imperatorem

1928 4304 2346 4361 Constantium
2377 4309 2443 4360 ut
2467 4305 2791 4379 episcopos
2823 4305 3080 4362 mitteret
3107 4307 3212 4379 qui
3235 4321 3450 4362 eorum
3474 4305 3575 4361 de-

1926 4393 2290 4466 positionem
2319 4394 2724 4452 defenderent.
2755 4395 2916 4452 Missi
2962 4401 3101 4452 sunt
3128 4395 3307 4465 igitur
3335 4395 3574 4450 Narcis-

1929 4499 2034 4538 sus
2055 4483 2770 4555 lrenopolis,Theodorus
2799 4484 3113 4551 Heracleae,
3137 4483 3306 4540 Maris
3330 4483 3572 4540 Chalce-

1926 4575 2103 4630 donis
2133 4578 2190 4629 et
2217 4577 2444 4631 Marcus
2484 4576 2828 4642 Arethusae;
2859 4575 2966 4647 qui
2996 4575 3243 4647 quidem
3288 4591 3324 4630 a
3359 4573 3573 4646 seipsis

1929 4663 2251 4720 Antiochiae
2273 4664 2609 4736 expositam
2621 4664 2803 4720 ﬁdem
2817 4664 3355 4732 celavere,alteram
3369 4668 3574 4720 autem

1928 4757 2273 4808 struxerunt
2288 4753 2538 4809 omnino
2566 4754 2817 4809 Nicaanse
2834 4755 3572 4825 repugnantem.Eamque

1926 4847 2252 4916 postquam
2297 4842 2644 4915 imperatori
2688 4841 2993 4899 Constanti
3044 4841 3340 4899 tradidere
3375 4857 3574 4914 neque

1928 4931 2265 5004 quidquam
2282 4946 2492 4988 eorum
2505 4947 2639 5004 quae
2653 4930 2931 4989 volebant
2942 4931 3578 5004 perfecissent,reversi

1931 5026 2070 5077 sunt
2099 5021 2246 5076 nihil
2268 5022 2515 5093 operati.
2541 5021 2681 5078 Post
2717 5023 2920 5078 autem
2951 5025 3066 5078 tres
3096 5022 3574 5092 annos,Orientis

1930 5109 2200 5183 episcOpi
2237 5109 2485 5166 alteram
2515 5115 2989 5184 composuerunt
3021 5109 3206 5166 ﬁdem
3249 5126 3436 5183 quam
3478 5132 3575 5184 μα-

1930 5203 2217 5274 κρόστιχον
2248 5201 2446 5252 ἔκθεσιν
2491 5199 2677 5272 (longi
2707 5200 2937 5256 ordinis
2966 5201 3428 5274 expositionem)
3469 5217 3576 5258 no-

1931 5289 2257 5356 minavere,
2285 5305 2541 5362 eamque
2561 5290 2638 5346 ad
2662 5290 2996 5347 Occidentis
3021 5291 3343 5364 episcopos
3362 5290 3576 5347 misere

1931 5393 2037 5451 per
2068 5377 2402 5435 Eudoxium
2433 5380 2820 5436 Germaniciaa
2873 5385 2928 5436 et
2969 5382 3380 5438 Macedonium
3421 5383 3578 5452 Mop-

1932 5467 2185 5534 suestiae;
2200 5469 2262 5524 in
2279 5483 2401 5541 qua
2419 5469 2665 5542 quidem
2679 5470 2909 5528 nullam
2926 5469 3001 5526 de
3015 5471 3115 5527 Dei
3133 5471 3392 5527 essentia
3405 5482 3575 5525 men-

1933 5557 2162 5614 tionem
2191 5558 2513 5627 faciebant,
2558 5560 3169 5618 excommunicabant
3211 5565 3412 5617 autem
3468 5569 3573 5611 eos
