2063 3114
274 125 309 155 ιο
950 121 1090 152 NICETE
1110 120 1277 152 etiamm
1494 114 1499 119 '
1943 132 1959 159 ε

275 187 329 225 qui
343 187 485 217 dicebant
495 187 600 217 Filium
622 188 674 217 Dei
691 195 758 217 esse
774 188 812 218 de
831 188 937 221 nihilo,
957 195 993 215 ac
1013 185 1101 214 fuisse

1158 196 1255 222 γοντας
1278 187 1324 214 τὸν
1351 188 1409 215 Υίὸν
1428 190 1476 215 τοῦ
1495 190 1569 223 θεοῦ,
1585 189 1630 215 καὶ
1646 188 1686 215 ὅτι
1711 188 1742 218 ἧν
1764 190 1805 217 ὅτι
1818 190 1876 218 οὐκ
1908 189 1942 220 ἦν
1973 200 2005 218 ,εει

275 236 396 271 tempus
407 234 532 270 quando
544 241 605 262 non
614 236 694 269 erat;
707 236 852 271 praeterea
865 236 893 263 et
905 232 1103 266 Sabellianos,

277 287 355 315 quos
386 279 546 307 nominant
574 279 702 307 Romani
730 279 980 316 Patropassimos,
1000 278 1105 314 utpote

278 326 396 352 Patrem
410 332 476 351 cum
495 323 565 352 Filio
579 325 607 352 et
625 323 737 360 Spiritu
751 326 857 352 sancto
874 322 1103 356 confundentes,

279 371 307 397 et
322 377 402 397 nunc
413 369 536 405 quidem
551 376 621 397 eum
636 370 761 405 Patrem,
782 377 864 398 nunc
881 368 998 404 Filium,
1023 374 1105 395 nunc

280 414 421 450 Spiritum
439 415 579 441 sanetum
593 413 792 450 appellantes.
808 413 978 442 Promiscue
988 412 1069 441 enim
1077 413 1105 440 et

279 459 438 486 indiscrete
459 460 595 486 Romana
620 458 725 494 lingua
749 458 858 487 dicitur
878 458 1003 495 passim.
1031 458 1106 486 Cum

280 506 381 531 autem
405 504 483 530 hanc
515 502 608 530 ﬁdem
640 511 703 531 non
741 503 927 540 recepissent
964 502 1106 531 Occiden-

279 548 363 583 tales,
378 548 430 575 sed
447 548 579 576 dicerent
592 547 649 576 sibi
665 547 802 577 sufﬁcere
817 548 937 577 Nicaana
949 547 1105 583 dogmata,

281 594 399 629 scripsit
409 593 447 620 ad
468 593 589 621 fratrem
605 594 753 621 Constans
768 593 825 622 sibi
836 593 952 629 justum
966 592 1058 621 videri
1074 593 1107 621 ut

280 638 434 667 Athanasii
456 637 625 666 fautoribus
648 638 892 675 propriaa'tsedes
915 637 1106 667 restitueren-

280 685 339 713 tur.

317 730 361 756 13.
397 727 546 760 Quoniam
573 728 675 756 autem
702 727 777 756 nihil
803 727 969 764 perfectum
997 727 1104 763 fuerat,

280 773 400 801 duobus
418 771 652 808 imperatoribus
660 772 774 809 placuit
781 772 942 801 concilium
949 772 1104 801 Sardicam

280 818 489 846 eonvocari.Et
504 819 711 846 convenerunt
730 825 767 846 ex
786 817 971 847 Theodoreto
983 817 1104 846 ducenti

280 866 308 891 et
335 863 556 899 quinquaginta
579 862 729 899 episcopi;
752 870 790 891 ex
812 864 931 892 Socrate
956 865 1057 891 autem
1077 853 1140 891 etB

281 909 456 942 Sozomcno,
485 915 520 935 ex
548 907 786 935 occidentalibus
810 907 947 944 partibus
967 907 1027 935 fere
1046 909 1104 935 tre-

280 953 366 987 centi,
389 961 422 979 ex
439 951 635 980 orientalibus
651 954 752 980 autem
768 960 821 980 sex
842 954 871 980 et
889 952 1102 989 septuaginta;

279 1006 410 1032 quorum
439 998 467 1024 in
487 1004 613 1025 numero
628 998 714 1025 erant
732 996 871 1030 Sabinus,
901 996 1047 1025 Heracleae
1073 997 1103 1025 in

278 1042 401 1069 Thracia
426 1041 711 1069 Macedonianorum
730 1041 902 1078 episcopus,
921 1043 951 1069 et
968 1041 1104 1078 lschyras

278 1087 328 1123 qui
336 1087 481 1115 .‘tiareotite
490 1086 700 1122 episcopatum
713 1086 752 1115 ab
762 1086 918 1115 Athanasii
925 1086 1104 1115 adversariis

278 1131 653 1167 acceperat.0ccidentales
661 1131 784 1168 quidem
793 1131 947 1160 Sardicam
958 1139 1104 1159 convene-

277 1178 357 1209 runt,
370 1176 529 1203 orientales
546 1183 627 1208 vero,
645 1183 715 1203 cum
743 1175 973 1212 Philippopolim
1002 1183 1104 1212 perve-

278 1222 402 1252 nissent,
419 1220 453 1247 iis
468 1223 573 1248 notum
597 1219 732 1249 fecerunt
755 1228 786 1248 se
801 1228 871 1248 cum
896 1221 932 1248 iis
954 1228 1016 1249 non
1028 1220 1103 1249 velle

279 1265 423 1301 colloqui,
440 1265 495 1292 nisi
512 1273 530 1293 a
544 1265 681 1293 sessione
699 1267 728 1294 et
749 1265 964 1294 communione
984 1265 1104 1301 expule-

275 1310 334 1338 rint
350 1309 503 1337 Athanasii
517 1308 649 1337 fautores
664 1311 697 1337 ut
709 1309 872 1346 depositas.
885 1309 942 1337 illis
955 1311 1056 1338 autem
1072 1309 1103 1337 id

275 1363 336 1383 non
354 1354 530 1390 ferentibus,
547 1353 566 1382 ii
580 1353 740 1382 concilium
755 1354 889 1382 habuere
904 1355 934 1382 in
947 1354 1014 1391 ipsa
1027 1354 1102 1383 urbe

276 1399 487 1435 Pliilippopoli,
514 1400 542 1427 et
565 1398 780 1436 deposuerunt,
795 1406 850 1435 pro
871 1398 966 1432 libito,
989 1399 1102 1427 iulium

275 1445 455 1475 Romanum,
469 1452 504 1471 eo
514 1443 598 1480 quod
610 1443 726 1480 primus
741 1451 811 1472 cum
820 1444 983 1472 Athanasio
999 1446 1027 1472 et
1037 1444 1102 1480 ejus

274 1488 443 1517 fautoribus
459 1488 722 1524 communicasset,
738 1488 861 1517 Hosium
875 1488 1101 1517 Cordubensem

1972 153 2005 171 ,ἔνι

1157 232 1223 268 πρὸς
1237 230 1268 259 δὲ
1280 234 1326 259 καὶ
1344 235 1406 264 τοὺς
1426 232 1620 267 Σαϐελλιανοὺς,
1645 233 1688 264 οὓς
1710 233 1882 271 ὀνομάζουσι
1908 235 1973 269 Ῥω),
1990 237 2005 262 ἷπ

1158 279 1232 313 μαῖοι
1254 280 1502 315 πατροπασσίμ,ους¹
1533 279 1567 310 ὡς
1595 279 1640 304 τόν
1665 281 1768 316 Πατέρα
1794 283 2005 317 συγχέοντοπερς

1159 321 1193 352 εἷς
1211 322 1271 349 Υὶόν
1290 325 1335 349 καὶ
1357 324 1386 350 τὸ
1405 326 1518 360 Πνεῦμα,
1535 325 1581 350 καὶ
1601 324 1662 350 ποτὶ
1682 324 1727 360 μέν
1749 324 1827 351 αὐτὸν
1847 327 2005 363 Πατέρο-πλ

1159 367 1221 393 ποτὶ
1243 365 1274 394 δὲ
1286 368 1355 402 Υἰόν,
1376 369 1438 395 ποτὶ
1454 366 1484 395 δὲ
1513 371 1618 404 Πνεῦμα
1645 368 1820 406 όνομαξοντας
1833 379 1843 386 ·
1868 371 1903 397 τὸ
1919 371 1964 407 γιίι⁵
1980 385 2005 402 ςπζ

1158 410 1249 448 χύδην
1272 414 1318 439 καὶ
1345 411 1507 451 ἁδιακρίτως
1530 414 1665 450 πάσσιμον
1691 414 1706 443 ἡ
1729 416 1867 451 Ῥωμαῖκὴ
1901 415 1963 452 Mys
1977 426 2005 448 ..τί

1160 459 1240 492 φωνή.
1270 458 1373 487 Ταύτην
1401 456 1431 484 δί
1464 460 1511 487 τὴν
1539 460 1630 484 πίστιν
1663 460 1699 494 μὴ
1738 457 2005 498 παραδιξαμένωῐλιυ

1159 504 1209 528 τῶν
1237 504 1362 535 Δυτικῶν,
1385 501 1438 528 ἀλλ’
1461 501 1584 529 εἰπόντων
1608 501 1746 540 ἀρκεῖσθαι
1773 507 1830 535 τοῖς
1864 505 1893 530 ἓν
1924 507 1962 531 Νι
1979 521 2001 540 ~_:

1160 548 1224 582 καίᾳ
1247 545 1366 580 δόξασιν,
1392 547 1490 584 ἔγραψε
1514 548 1578 584 πρὸς
1600 548 1644 574 τὸν
1669 546 1779 585 ἀδελφὸν
1803 549 1816 575 ὁ
1839 551 1965 576 Κώνστα
2002 570 2005 577 η

1160 590 1238 623 ἀξιῶν
1261 590 1424 623 ἀποδοθῆναι
1442 596 1495 624 τοῖς
1517 594 1577 630 περὶ
1592 592 1748 620 Ἀθανάσιον
1767 595 1830 625 τοὺς
1851 593 1970 621 οἰκείου·
1998 617 2005 621 .

1161 636 1275 674 θρόνους.

1195 725 1241 762 ιγ’.
1255 725 1298 757 Ὠς
1319 716 1349 753 δὲ
1372 724 1448 753 οὐδὶν
1473 725 1564 756 ἣνῦιτο
1584 726 1669 761 πλέον,
1696 725 1771 760 ἔδοξε
1797 729 1898 765 γνώμῃ
1920 718 2005 761 tam:

1160 768 1209 797 δύο
1238 770 1366 808 βασιλέων
1386 770 1560 808 ἀθροισθῆναι
1589 770 1701 798 σύνοδον
1725 773 1749 799 ἑν
1778 771 1906 810 Σαρδικῆ
1936 777 1972 811 τῇ

1158 815 1249 842 πόλει·
1270 818 1315 842 καὶ
1339 817 1520 853 ἠθροίσθησαν
1544 817 1613 843 κατὰ
1640 818 1685 853 μὶν
1710 816 1888 856 Θςοδώρητον
1907 828 1970 845 πεν-

1158 862 1271 890 τήκοντα
1282 863 1327 888 καὶ
1349 859 1483 888 διακόσιοι
1505 861 1654 895 ἐπίσκοποι,
1670 863 1738 889 κατὰ
1766 861 1796 889 δί
1817 864 1969 900 Σωκράτην
1985 895 2005 901 ﬂ

1157 908 1202 932 καὶ
1231 906 1376 942 Σωζόμενον
1402 905 1429 932 ἐκ
1454 907 1499 943 μὶν
1534 910 1583 932 τῶν
1617 906 1741 944 ἑσπερίων
1776 911 1866 945 μερῶν
1906 910 1971 946 περὶ

1156 952 1218 981 τοὺς
1242 952 1419 988 τριακοσίους,
1437 949 1464 977 ἐκ
1495 948 1526 977 δὶ
1554 955 1604 977 τῶν
1626 951 1693 987 ἑῴων
1716 951 1743 983 ἕξ
1770 953 1813 978 καὶ
1844 950 1970 989 ἐϐδομή-

1157 1003 1252 1022 κοντα’
1276 994 1316 1027 οἷς
1338 996 1522 1032 συνηριθμεῖτο
1541 999 1586 1022 καὶ
1602 995 1709 1027 Σαϐῖνος
1723 997 1736 1022 ὁ
1754 1000 1804 1023 τῶν
1828 996 1858 1023 ἓν
1881 996 1968 1035 Ἦρα-
2001 996 2005 998 ”

1157 1039 1229 1077 κλείᾳ
1259 1044 1307 1071 τῆς
1344 1042 1452 1077 Θρᾴκης
1484 1039 1683 1068 Μακεδονιανῶν
1722 1040 1879 1077 ἐπίσκοπος,
1921 1045 1968 1069 καὶ

1159 1085 1286 1122 Ἰσχύρας
1312 1085 1460 1123 ἐπιτραπεὶς
1489 1088 1537 1115 τὴν
1564 1089 1610 1112 τοῦ
1636 1088 1777 1123 Μαρεώτου
1808 1085 1967 1117 ἐπισκοπὴν
2003 1088 2005 1091 ⁴

1158 1131 1229 1168 παρὰ
1251 1133 1301 1156 τῶν
1338 1128 1553 1167 ἀπεχθανομένων
1586 1134 1622 1165 τῷ
1656 1131 1814 1167 Ἀθανασίῳ.
1853 1134 1910 1158 Καὶ
1940 1132 1966 1158 οἱ
2002 1134 2005 1135 ⁷

1157 1176 1203 1211 μὲν
1218 1176 1322 1201 Δυτικοὶ
1341 1175 1399 1201 κατ’
1422 1174 1503 1204 αὐτὴν
1531 1177 1578 1204 τὴν
1600 1173 1731 1213 Σαρδίκὼα
1755 1175 1908 1205 συνῆλθονσ
1939 1177 1965 1202 οἱ
2004 1168 2005 1171 Ἰ

1158 1218 1188 1246 δὲ
1223 1219 1393 1255 Ἀνατολικοὶ,
1427 1219 1616 1252 καταλαϐόντες
1652 1222 1699 1249 τήν
1739 1219 1961 1256 Φιλιππούπολιν,
2004 1215 2005 1218 Ἰ

1157 1262 1293 1293 ἐδήλωσαν
1325 1263 1415 1296 αὐτοῖς
1441 1265 1475 1296 ὡς
1503 1264 1551 1291 οὐκ
1582 1264 1663 1296 ἄλλως
1691 1264 1728 1295 εἰς
1756 1264 1845 1301 λόγους
1875 1264 1960 1291 ἐλθεῖν
2004 1260 2005 1273 ³

1157 1308 1246 1340 αὐτοῖς
1272 1308 1412 1343 ἐθέλουσιν,
1445 1309 1467 1336 εἰ
1490 1312 1527 1346 μὴ
1551 1311 1608 1340 τοὺς
1637 1311 1697 1346 περὶ
1712 1309 1866 1336 Ἀθανάσιον
1895 1308 1959 1336 ἀπε-

1155 1353 1269 1380 λάσουσι
1292 1357 1338 1380 τοῦ
1361 1352 1499 1391 συνεδρίου
1519 1355 1565 1380 καὶ
1594 1358 1641 1384 τῆς
1664 1356 1796 1385 κοινωνίας
1814 1355 1848 1385 ὡς
1874 1355 1960 1383 καθη-
2004 1352 2005 1355 “

1156 1400 1292 1435 ρημένους.
1317 1402 1373 1425 Τῶν
1389 1397 1418 1425 δὲ
1433 1401 1469 1435 μὴ
1495 1398 1668 1435 ἀνιχομένων,
1689 1400 1781 1426 ἰκτῖνοι
1804 1397 1959 1435 συνήδρευ-

1158 1452 1205 1469 σαν
1221 1442 1340 1474 ἀλλήλοις
1364 1442 1389 1470 ἐν
1402 1443 1468 1481 αὐτῃ
1497 1447 1529 1480 τῇ
1554 1443 1767 1477 Φιλιππουπόλιι,
1797 1446 1842 1470 καὶ
1870 1444 1959 1471 καθεῖ-

1155 1487 1208 1522 λον,
1244 1489 1277 1519 ὡς
1316 1487 1449 1524 ἐνόμισαν,
1488 1488 1594 1515 Ἰούλιον
1622 1489 1667 1525 μὶν
1699 1492 1747 1520 τῆς
1775 1488 1888 1525 Ῥώμης,
1924 1489 1959 1519 ὡς

275 1536 397 1570 propter
413 1534 553 1561 eamdem
566 1541 705 1567 causam,
721 1535 751 1562 et
771 1533 843 1570 quia
867 1533 982 1562 amicus
1005 1534 1101 1562 fuerat

1157 1532 1271 1569 ἄρξαντα
1292 1536 1340 1564 τῆς
1365 1533 1430 1569 πρὸς
1456 1532 1611 1559 Ἀθανοίσιον
1634 1534 1679 1559 καὶ
1702 1534 1763 1564 τοὺς
1789 1531 1853 1569 ἄμφ’
1879 1532 1958 1559 αὐτόν

276 1579 391 1607 Paulini
413 1581 440 1606 et
454 1578 598 1606 Eustathii
614 1578 666 1615 qui
680 1578 869 1607 Antiochiam
880 1580 1028 1613 rexerant,
1044 1580 1102 1607 Ma-

274 1623 423 1651 ximinum
445 1623 660 1658 Trevirensem,
689 1624 792 1660 utpote
815 1623 868 1660 qui
892 1624 1010 1660 primus
1031 1631 1100 1652 cum

274 1668 365 1696 Paulo
391 1667 653 1701 ccmmunicasset,
679 1669 875 1703 Protogenem
904 1667 1033 1697 Serdicae
1065 1676 1102 1697 eo

275 1712 358 1749 quod
375 1713 544 1740 Marcellum
559 1711 733 1740 defenderet
751 1720 843 1749 quem
858 1712 942 1749 prius
957 1712 1102 1741 condem-

275 1759 410 1788 naverat,
428 1756 628 1784 (Laudentium
646 1758 679 1784 ut
693 1756 777 1784 aliter
792 1759 932 1793 agentem
954 1764 989 1785 ac
1005 1757 1102 1793 Cyria-

277 1809 329 1828 cus
345 1801 392 1828 cui
407 1802 602 1836 successerat,
619 1802 648 1829 et
670 1802 703 1828 ut
723 1800 844 1838 plurimi
868 1800 1027 1829 facientem
1051 1809 1103 1830 eos

278 1854 355 1882 quos
369 1845 580 1882 deposuerant.

315 1979 358 2008 14.
373 1979 450 2008 llosii
461 1980 562 2008 autem
570 1978 704 2008 fautores
713 1980 877 2016 postquam
888 1981 1103 2014 convenerant,

278 2025 451 2053 innocentes
466 2024 697 2053 declaraverunt
718 2024 914 2053 Athanasium
933 2024 1056 2061 quidem
1071 2026 1104 2053 ut

278 2070 386 2106 injuste
403 2070 442 2097 ab
458 2070 492 2097 iis
507 2070 559 2106 qui
569 2071 679 2106 Tyrum
692 2069 846 2104 congressi
859 2071 1100 2104 erantvexatnm,

278 2115 449 2142 Marcellum
462 2122 533 2142 vero
548 2116 581 2143 ut
594 2114 719 2143 minime
729 2116 912 2143 annuentem
925 2122 957 2143 se
972 2115 1102 2150 cogitare

278 2168 345 2196 qua:
353 2160 429 2187 falso
437 2159 812 2193 arguebanturManifestm
822 2160 901 2188 enim
908 2160 1103 2196 erant,inquit

1155 1579 1298 1613 κοινωνίας,
1314 1576 1406 1604 Ὀσιον
1429 1575 1458 1604 δὲ
1481 1579 1525 1604 τὸν
1554 1576 1707 1615 Κορδοὺϐης
1730 1575 1777 1604 διά
1799 1587 1825 1604 τι
1844 1579 1892 1607 τὴν
1913 1577 1958 1604 αὐ-

1155 1623 1203 1651 τὴν
1219 1622 1315 1656 αἰτίαν,
1335 1624 1380 1649 καὶ
1405 1623 1446 1649 ὅτι
1471 1621 1543 1659 φίλος
1570 1621 1668 1658 ἐγένετο
1690 1622 1808 1658 Παυλίνῳ
1832 1625 1879 1649 καὶ
1904 1622 1956 1648 Εὖ-

1157 1668 1256 1704 σταθίῳ
1282 1671 1337 1699 τοῖς
1365 1668 1543 1705 ἠγησαμένοις
1565 1671 1613 1699 τῆς
1639 1668 1814 1704 Ἀντιοχιίας,
1841 1667 1956 1703 Μαξιμῖ-

1155 1722 1197 1738 νον
1227 1710 1256 1739 δὲ
1279 1712 1421 1750 Τριϐἑριως
1449 1714 1482 1743 ὡς
1506 1716 1607 1751 πρῶτον
1631 1712 1725 1749 Παύλῳ
1748 1715 1955 1745 κοινωνήσαντα,

1156 1759 1324 1794 Πρωτογένην
1363 1755 1393 1784 δὲ
1425 1761 1473 1788 τῆς
1508 1755 1642 1795 Σαρδικῆς
1677 1758 1712 1788 ὡς
1750 1756 1957 1795 ὑπερμαχοῦντα

1156 1801 1306 1838 Μαρκέλλου
1332 1805 1379 1828 τοῦ
1412 1804 1537 1839 πρότιρον
1569 1801 1612 1828 ὑπ’
1635 1801 1716 1828 αὐτοῦ
1738 1801 1955 1837 καταψηφισθέν-

1156 1856 1209 1882 τος,
1240 1845 1393 1874 Γαυδέντιον
1418 1845 1448 1874 δὲ
1475 1847 1511 1878 ὡς
1536 1847 1675 1874 ὑπεναντία
1695 1844 1878 1876 σπουδάζοντα
1901 1848 1952 1871 Ku-

1156 1895 1240 1928 ριακῷ
1265 1892 1292 1918 ὅν
1318 1890 1463 1926 διιδίξατο,
1488 1894 1533 1919 καὶ
1560 1894 1621 1924 τοὺς
1644 1891 1705 1930 παρ’
1728 1891 1811 1917 αὐτῶν
1832 1890 1953 1927 καθῃρη-

1156 1938 1247 1973 μένους
1259 1938 1318 1973 πιρὶ
1333 1936 1426 1964 πολλοῦ
1440 1938 1601 1974 ποιούμενον.

1194 1980 1240 2010 ιδ’.
1255 1983 1288 2008 Οἱ
1304 1980 1334 2009 δί
1346 1992 1375 2018 γι
1394 1981 1460 2019 ἀμφὶ
1481 1984 1524 2009 τόν
1543 1982 1645 2016 Ὀσιον,
1669 1981 1838 2016 συνελθόντες,
1854 1980 1956 2010 ὰθὼους

1157 2025 1288 2063 ἀπέφηναν
1321 2026 1474 2054 Ἀθανάσιον
1511 2028 1556 2064 μὲν
1592 2028 1627 2058 ὡς
1663 2024 1763 2058 ἀδίκως
1804 2025 1953 2052 ἓπιϐουλευ-

1158 2071 1233 2098 θέντα
1259 2072 1333 2108 παρὰ
1360 2076 1410 2098 τῶν
1439 2072 1463 2098 ἰν
1490 2072 1567 2109 Τύρῴ
1597 2071 1778 2104 συνελθόντων,
1805 2069 1954 2107 Μάρκελλον

1157 2113 1187 2142 δὲ
1218 2114 1261 2142 οἶα
1288 2119 1323 2153 μὴ
1358 2116 1425 2143 οὕτω
1451 2116 1558 2153 λέγοντα
1582 2120 1682 2154 φρονεῖν
1715 2117 1749 2148 ὡς
1773 2113 1922 2142 διεϐάλλετο
1945 2120 1953 2130 ⁸

1156 2159 1275 2198 ἐφωράθη
1295 2161 1357 2198 γὰρ,
1387 2162 1501 2198 φησὶνό
1532 2159 1716 2198 Θιοδὼρήτος,
1748 2164 1795 2186 τῶν
1823 2162 1882 2197 περὶ
1912 2159 1954 2185 τὸν

277 2205 490 2235 Thcodorctus.
519 2204 607 2233 malae
635 2204 874 2233 Eusebianorum
906 2207 996 2233 artes.
1029 2206 1100 2238 Qum

1157 2204 1307 2235 Εὖσέϐιονή
1337 2208 1497 2243 κακοτεχνία
1513 2214 1519 2221 ·
1544 2206 1583 2232 ὁτι
1613 2205 1630 2232 ἃ
1656 2206 1741 2237 ζητῶν
1764 2206 1777 2231 ὸ
1806 2204 1955 2242 Μάρκρλλος

278 2250 369 2277 cmim
385 2249 538 2277 Marcellus
550 2252 584 2277 ut
598 2249 724 2286 quaesita
738 2249 863 2284 dixerat,
880 2257 916 2278 ea
931 2252 963 2278 ut
976 2249 1015 2278 ab
1035 2249 1101 2286 ipso

277 2298 361 2322 extra
376 2294 609 2323 controversiam
620 2294 718 2331 posita
730 2294 1004 2323 calumniabantur.
1026 2296 1100 2324 Cum

277 2343 377 2368 autem
392 2348 425 2368 ea
439 2340 467 2367 in
489 2339 607 2376 synodo
631 2339 760 2368 Serdicae
779 2339 883 2368 habita
895 2340 971 2368 lecta
990 2342 1099 2374 essent,

276 2387 355 2413 recta
369 2385 491 2413 inventa
506 2387 552 2413 est
576 2384 668 2421 hujus
689 2384 821 2413 hominis
848 2385 935 2414 ﬁdes.
964 2386 1099 2414 Socrates

276 2433 376 2459 autem
401 2431 471 2458 dieit
494 2430 665 2459 Marcellum
691 2431 725 2458 ut
751 2430 1035 2459 condemnationem
1056 2438 1101 2459 re-

276 2476 408 2512 pelleret,
423 2475 611 2511 persuasisse
625 2474 775 2511 episcopis
791 2474 921 2503 Sardicas
937 2483 1099 2511 congrega-

274 2522 311 2549 tis
326 2528 377 2548 eos
390 2521 441 2556 qui
451 2521 550 2556 ipsum
563 2519 768 2557 deposuerant
782 2527 843 2548 non
854 2519 1017 2555 intelligere
1030 2528 1097 2557 quae

274 2565 445 2602 scripserat.
462 2568 552 2602 atque
566 2565 635 2594 ideo
659 2572 691 2593 se
715 2564 936 2594 Samosatensis
965 2565 1098 2602 episcopi

273 2611 461 2647 suspiciones
483 2610 655 2639 incurrisse.
681 2609 853 2639 Patriarcha
876 2617 948 2638 vero
975 2610 1096 2639 Photius

271 2656 459 2685 narrationes
471 2655 629 2684 conferens
639 2655 768 2684 Socratis
779 2663 814 2684 ac
825 2655 1012 2691 Theodoreti,
1026 2655 1097 2685 dicit

272 2701 465 2731 Sardicenses
479 2700 638 2737 episcopos
658 2708 728 2728 vere
743 2700 885 2737 deceptos
899 2707 986 2735 esse;
1009 2708 1095 2728 eum-

270 2755 329 2784 que
343 2754 405 2775 non
419 2747 494 2774 bene
509 2745 724 2774 intellexissent
740 2745 868 2774 Marcelli
883 2745 1002 2782 scripta,
1015 2745 1093 2774 male

268 2800 338 2820 eum
350 2791 547 2828 justiﬁcasse;
563 2789 632 2818 inde
647 2789 800 2819 neminem
821 2789 973 2826 accepisse
987 2797 1092 2818 eorum

1157 2251 1253 2288 εἴρηκε,
1300 2254 1384 2278 ταῦτα
1433 2252 1466 2282 ὡς
1513 2251 1700 2288 ὡμολογημένα
1752 2248 1953 2279 διαϐεϐλήκασι.

1156 2297 1258 2322 Τούτων
1286 2294 1311 2322 δ’
1345 2295 1388 2322 ἰπὶ
1419 2300 1465 2326 τῆς
1494 2294 1607 2323 συνόδου
1638 2299 1685 2326 τῆς
1721 2295 1787 2321 κατὰ
1820 2292 1954 2331 Σαρδικὴν

1157 2339 1381 2377 ἀναγνωσθέντων,
1404 2341 1468 2378 ὀρθή
1495 2344 1541 2367 τοῦ
1567 2338 1660 2378 ἀνδρὸς
1688 2341 1702 2369 ἡ
1733 2341 1825 2371 πίστις
1849 2339 1950 2376 εὑρέθη.

1156 2388 1294 2423 Σωκρατης
1328 2383 1358 2412 δέ
1388 2395 1466 2422 φησιν
1501 2386 1542 2412 ὅτι
1567 2384 1733 2412 ἀναπαλαίων
1759 2384 1772 2411 ὁ
1805 2382 1951 2420 Μάρκελλος

1155 2432 1202 2459 τὴν
1221 2428 1368 2459 καταδίκην
1397 2431 1483 2457 ἔπεισι
1511 2431 1572 2461 τοὺς
1599 2429 1623 2456 ἓν
1650 2427 1767 2467 Σαρδικῇ
1795 2430 1830 2464 μὴ
1855 2427 1949 2456 νοῆσαι

1154 2475 1215 2505 τοὺς
1232 2474 1387 2505 καθελόντας
1407 2474 1495 2508 αὐτὸν,
1528 2474 1545 2501 ἄ
1568 2476 1682 2511 γέγραφε
1699 2482 1705 2489 ·
1730 2475 1774 2500 καὶ
1799 2471 1845 2499 διὰ
1872 2474 1949 2498 τοῦτο

1154 2521 1202 2548 τὴν
1223 2520 1344 2546 ὑπόνοιαν
1372 2523 1418 2546 τοῦ
1445 2521 1614 2556 Σαμοσατέως
1630 2517 1771 2546 λαϐεῖν.”0
1799 2515 1828 2543 δὲ
1855 2525 1949 2553 πατρι-

1153 2564 1243 2601 άρχης
1271 2566 1377 2598 Φώτιος,
1399 2563 1497 2600 σχόλια
1515 2564 1641 2601 παραθεὶς
1672 2567 1719 2589 τοῦ
1749 2572 1776 2589 τε
1801 2561 1952 2597 Σωκράτους

1152 2611 1198 2635 καὶ
1217 2612 1263 2635 τοῦ
1279 2607 1462 2647 Θεοδωρήτου,
1484 2610 1563 2645 φησὶν
1592 2608 1632 2634 ὃτι
1663 2607 1688 2634 ἓν
1714 2605 1830 2644 Σαρδικῇ
1855 2604 1950 2642 μᾶλλον

1152 2653 1328 2685 ἠπατήθησαν
1345 2661 1351 2667 ⁴
1383 2655 1429 2680 καὶ
1457 2656 1493 2690 μὴ
1519 2655 1659 2684 νοήσαντες
1687 2651 1799 2689 ἀκριϐῶς
1823 2651 1853 2676 τὸ
1876 2653 1948 2685 Μαρ-

1150 2698 1239 2726 κέλλου
1267 2700 1438 2736 σύγγραμμα,
1467 2702 1554 2730 κακῶς
1583 2697 1662 2724 αὐτὸν
1686 2695 1863 2724 ἐδικαίωσαν·
1890 2694 1945 2719 ὃθεν

1149 2742 1237 2775 οὐδεὶς
1258 2741 1418 2781 παρεδέξατο
1441 2745 1488 2772 τὴν
1516 2744 1576 2781 πιρὶ
1599 2744 1693 2769 τούτου
1719 2743 1806 2779 κρίσιν
1837 2738 1920 2766 αὐτῶν
1936 2747 1944 2754 ⁸

1149 2788 1203 2815 ἀλλ’
1234 2789 1303 2816 ἔστιν
1319 2787 1366 2820 ἔξω
1377 2792 1423 2819 τῆς
1448 2787 1605 2820 Ἐκκλησὶας
1620 2790 1632 2814 ό
1652 2786 1811 2825 Μάρκελλος.
1838 2784 1945 2812 Ἠθὼω-
