4126 6228
191 337 198 340 _
447 317 1358 330 ,___________,_ﬂ__,_,____
1393 316 1516 322 --μ
1631 314 1760 318 ____
2793 312 3074 320 ..η-η...
3171 307 3180 354 ε
3367 315 3463 322 .___

866 495 980 634 Ν
996 489 1622 641 ICET/E
1739 521 1751 605 4

1860 485 2808 631 ΗΟΝΙΑΤΧΕ

1421 813 1607 909 EX
1671 811 2057 910 LIBRO
2123 813 2266 908 VI

708 1087 1447 1212 THESAURI
1520 1081 2471 1208 ORTHODOX/ZE
2531 1083 2936 1205 FIDEI

1183 1301 1405 1373 (Graece
1435 1296 1601 1370 apud
1622 1295 1861 1366 Maium,
1885 1296 2074 1369 Spicz'l
2093 1297 2263 1355 Rom.
2285 1300 2331 1354 t.
2361 1297 2478 1368 ιν.)

679 1566 806 1641 Περὶ
829 1557 1156 1617 Μακεδονίαν
1170 1603 1184 1616 .

203 1696 264 1752 α’.
294 1694 558 1749 Ἐντεῦθεν
592 1686 657 1744 δε
713 1693 808 1748 τὴν
838 1691 955 1761 περὶ
999 1688 1089 1738 τὸν
1137 1685 1581 1758 πνωματομάχον
1632 1689 1745 1735 Μα-
1774 1714 1820 1766 Α

148 1785 359 1840 κεδόνιον
412 1792 488 1855 τῷ
543 1781 692 1853 λόγῳ
735 1775 921 1831 δοῦναι
959 1777 1269 1852 προθέμενος
1327 1772 1526 1846 ἀρχὴν,
1578 1770 1740 1844 ἀναγ-

149 1883 280 1927 καῖον
332 1878 420 1925 καὶ
483 1878 681 1936 ταῦτα,
732 1863 1204 1942 προδιηγήσασθαι
1260 1866 1460 1936 οἴομαι,
1507 1865 1577 1922 ὡς
1611 1861 1748 1932 ζᾶξὶα

155 1974 233 2018 τοῦ
262 1963 577 2018 ἰπίστασθαι
636 1964 750 2019 τοῖς
798 1956 1117 2030 φιλίστορσι,
1154 1949 1293 2027 μηδὲ
1347 1959 1458 2014 τοῖς
1507 1952 1746 2026 ῥηθησο-

157 2061 312 2126 μένοις
354 2052 534 2104 ίπίπαν
584 2048 860 2119 ἁσυναφῆ.
933 2044 992 2096 Ὀ
1032 2045 1134 2120 γάρ
1197 2063 1278 2096 τοι
1343 2040 1507 2094 πολλὰ
1570 2045 1660 2094 καὶ
1699 2038 1748 2091 ἐν

159 2153 254 2204 τοῖς
281 2142 559 2218 ἔμπροσθεν
601 2135 860 2197 δηλωθεὶς
905 2133 1079 2206 λόγοις
1126 2130 1386 2218 ,Εὐσέϐιος
1424 2132 1448 2182 6
1504 2137 1749 2202 Νικομη-

164 2229 318 2298 διίας,
379 2232 544 2282 πάντα
584 2231 780 2301 τρόπον
823 2231 928 2285 τοίς
977 2217 1284 2298 ὀρθοδόξοις
1346 2219 1746 2292 ἁντιτιθέμενος,

166 2329 358 2394 πρῶτον
417 2321 500 2391 μεν
563 2313 949 2374 ἐπεϐούλευσεν,
992 2314 1062 2373 ὡς
1129 2311 1430 2383 εἰρήκαμεν,
1473 2308 1748 2378 Ede-maia,»

173 2418 243 2478 τῷ
294 2409 626 2477 Ἀντιοχείας,
671 2407 758 2456 καὶ
814 2399 1019 2454 καθεῖλε
1092 2407 1276 2452 τοῦτον
1335 2399 1391 2452 ἐκ
1470 2394 1744 2457 διαϐολῆς·

182 2491 505 2567 Ἀλεξάνδρου
544 2490 600 2545 δ“ε
649 2499 732 2545 τοῦ
781 2498 876 2552 τῆς
952 2485 1344 2561 Ἀλεξανδρείας
1399 2488 1532 2559 μετὰ
1587 2493 1750 2559 μῆνας

177 2589 316 2637 πέντε
350 2593 438 2645 τῆς
471 2583 517 2634 ἓν
574 2586 769 2654 Νικαίᾳ
836 2576 1064 2632 συνόδου
1127 2582 1259 2647 πρὸς
1314 2581 1443 2631 Θεὸν
1509 2571 1747 2649 ἐκδημή·

176 2693 363 2745 σαντος,
409 2669 670 2736 διεδέξατο
737 2673 804 2723 τὰ
866 2666 1122 2744 προέδριοξ
1169 2667 1510 2729 Ἀθανασιος.
1582 2665 1748 2718 Ἐπει-

173 2766 392 2837 ράθησαν
447 2757 529 2814 οὖν
569 2763 594 2814 6
653 2767 747 2813 τοῦ
815 2757 1065 2812 Εύσεϐίου
1123 2760 1290 2831 χορός
1345 2753 1420 2809 δι’
1469 2754 1750 2808 ἐπιστολῶν

174 2855 345 2906 κείθειν
396 2851 542 2904 αὐτόν
577 2850 639 2903 ἶν’
699 2848 750 2911 ἇς
799 2867 1070 2901 κοινωνιαν
1111 2843 1330 2909 δέξηται
1369 2849 1458 2898 τὸν
1507 2844 1740 2917 Ἀρειον·

177 2947 238 3003 ὡς
269 2938 318 2993 δ’
347 2941 434 2993 οὐκ
469 2937 560 3003 εξε
608 2947 729 2999 ταῖς
779 2937 1170 3012 παρακλήσεσι,
1210 2930 1414 2988 τοιόνδε
1459 2954 1510 2986 τι
1558 2934 1750 3006 μηχά-

174 3039 366 3087 νὶινται.
440 3029 667 3092 Μελίτιος
736 3028 763 3082 ὁ
840 3033 936 3088 τῆς
997 3028 1182 3079 Λύκων
1252 3023 1546 3088 ἐπίσκοπος,
1599 3024 1652 3074 ὃν
1705 3021 1752 3074 ἐν

181 3125 362 3192 Νικαὶᾳ
394 3123 650 3192 κατέκρινε
691 3111 931 3185 σύνοδος,
973 3115 1224 3168 εκλείπων
1273 3115 1359 3166 τὸν
1401 3110 1538 3186 βίον,
1575 3111 1752 3165 Ἰωάν-

176 3228 257 3266 νην
292 3212 398 3261 τινὰ
423 3217 516 3260 τῶν
546 3208 686 3278 αύτῷ
743 3206 980 3264 συνήθων
1049 3201 1160 3256 ἀνθ’
1229 3201 1415 3254 ἑαυτοῦ
1497 3204 1750 3259 κατέστη-

181 3317 257 3350 σεν
298 3296 559 3350 ἐπίσκοπον
613 3298 760 3371 παρὰ
811 3297 870 3346 τό
932 3289 1111 3365 δόγμα
1150 3299 1249 3343 τῶν
1273 3290 1323 3342 ἐν
1345 3295 1562 3362 Νικαίᾳ.
1620 3293 1751 3352 Τοὺς

196 3390 357 3437 τοίνυν
373 3387 672 3440 τὰΊωοὶννον
707 3391 1018 3459 φρονοῦντας
1055 3381 1355 3442 ὑπελθόντες
1404 3381 1453 3431 οἱ
1498 3383 1617 3452 περὶ
1648 3378 1752 3430 Fx}—

189 3471 366 3539 σὲςιον,
401 3477 590 3526 ἔπεισαν
637 3474 950 3526 Ἀθανασίου
980 3485 1366 3542 κατηγορησαι·
1399 3471 1489 3519 καὶ
1526 3471 1753 3538 κατηγό-

179 3580 342 3635 ρησαν
363 3564 428 3624 ὡς
446 3561 501 3615 ού
535 3570 796 3624 κανονικῶς
815 3558 1212 3635 ἐχειροτονήθη,
1263 3560 1353 3609 καὶ
1393 3559 1460 3618 ὡς
1489 3559 1750 3628 χιτωνίων

187 3649 329 3701 λινῶν
382 3658 520 3724 φόρον
555 3651 866 3723 Αἰγυπτίοις
895 3648 1128 3719 ἐπέϐαλε,
1158 3652 1249 3699 καὶ
1300 3649 1509 3718 γύναιον
1539 3647 1750 3722 ἔρθειρε,

177 3746 256 3792 καὶ
305 3748 372 3811 τῷ
416 3749 682 3814 κρατοῦντι
747 3739 1110 3801 ἐπιϐουλεύων,
1163 3735 1455 3810 Φιλουμένῳ
1510 3739 1612 3787 τινὶ
1653 3743 1752 3786 τῶν

175 3827 434 3901 βασιλικῶν
507 3833 831 3904 θεραπόντων
914 3826 1110 3901 ἔπεμψε
1216 3825 1450 3901 λάρνακα
1531 3827 1747 3900 χρυίου,

171 3924 246 3972 καί
293 3925 379 3979 τήν
456 3919 505 3984 ἐξ
555 3920 825 3993 Αἰγύπτου
894 3921 1251 3990 σιτοπομπίαν

170 4007 412 4082 Ἀρσενίου
468 4013 604 4073 τινός
660 4008 882 4081 ἐκτεμὼν
946 4011 1041 4066 τὴν
1079 4012 1241 4080 χεῖρα
1290 4007 1532 4077 γοητείας
1589 4005 1749 4055 ἕνεκεν

169 4095 314 4169 εἶχεν,

227 4185 291 4259 β’.
343 4193 432 4242 Διὰ
475 4195 646 4242 ταῦτα
699 4191 872 4240 τοίνυν
927 4185 974 4238 ἐν
1046 4189 1336 4260 Καισαρείᾳ
1384 4189 1479 4245 τῆς
1547 4180 1748 4234 Παλαι-

165 4280 331 4338 στίνης
381 4275 595 4332 σύνοδον
625 4279 652 4330 6
693 4275 946 4349 βασιλεὺς
1005 4273 1354 4350 ἀθροισθῆναι
1415 4269 1744 4344 προσέταξεν.

161 4364 453 4420 Ἀθανασίου
497 4365 554 4420 δε
592 4365 1032 4438 ἆναϐαλλομενου,
1075 4361 1171 4417 διὰ
1221 4366 1308 4415 τὸν
1359 4359 1603 4415 Εύσέϐιον
1660 4363 1748 4411 τόν

163 4455 418 4529 Παμφίλου
469 4451 601 4529 τῇδε
659 4454 1047 4508 ἐπισκοποῦντα
1099 4452 1242 4526 φίλον
1307 4449 1438 4504 εἶναι
1501 4453 1590 4502 καὶ
1657 4467 1745 4499 ου·
1787 4436 1827 4492 C

160 4548 322 4616 νεργόν
408 4543 648 4617 Εὗσεϐίῳ
695 4552 766 4616 τῷ
819 4539 1195 4616 Νικομηδείας,
1265 4539 1421 4593 πάλιν
1504 4540 1553 4590 οἱ
1599 4536 1748 4590 Μελι-

161 4641 314 4687 τιανοὶ
353 4641 731 4710 κατηγόρησαν
782 4633 939 4686 αὐτοῦ
988 4635 1054 4693 ὡς
1101 4633 1358 4704 μυστικόν
1397 4631 1647 4701 ποτήριον
1699 4624 1745 4678 ἐν

160 4731 223 4794 τῷ
250 4731 489 4800 Μαρεώτῃ
530 4723 826 4799 συνέτριψε,
866 4727 958 4776 καὶ
1007 4721 1347 4775 ἕπισκοπικόν
1387 4717 1592 4770 καθεῖλε
1623 4718 1747 4791 θρό-

101 4832 248 4878 ,νον,
317 4821 404 4869 καὶ
491 4815 644 4886 ἕτερά
691 4833 809 4866 τινα
875 4813 1158 4888 εἰργάσατο
1220 4817 1320 4862 τῶν
1370 4807 1744 4882 ἀπειρημένων.

157 4905 394 4979 Επὲτρεψε
485 4907 662 4956 τοίνυν
740 4904 766 4955 ὁ
859 4899 1110 4976 βασιλεὺς
1165 4897 1214 4951 ἐν
1295 4900 1445 4972 Τύρῳ
1509 4896 1748 4969 γενέσθαι

157 4989 378 5062 σύνοδον,
421 4997 521 5046 καὶ
575 4995 852 5066 γενομένης
919 4990 1095 5060 αὐτῆς,
1151 4988 1466 5046 Ἀθανάσιος
1541 4983 1748 5042 ἐνίκησε

156 5100 274 5135 κατα
305 5085 526 5157 κράτος.
581 5084 648 5134 Οἱ
707 5078 766 5134 δε
804 5089 900 5143 τῆς
955 5078 1199 5140 ἀληθείας
1237 5075 1418 5149 ἐχθροὶ
1468 5074 1744 5126 ἐπίσκοποι

156 5171 323 5241 μᾶλλον
381 5174 550 5226 αὐτοῦ
597 5170 1048 5245 κατεψηφίσαντο’
1092 5164 1204 5222 εἶτα
1257 5171 1347 5218 καὶ
1405 5163 1475 5225 εἰς
1501 5167 1587 5214 τόν
1636 5169 1747 5214 Μα-

155 5268 328 5332 ρεώτην
404 5260 670 5334 ἔπεμψαν,
751 5267 935 5335 χώραν
1025 5260 1143 5312 τινὰ
1186 5264 1282 5318 τῆς
1356 5247 1747 5325 Ἀλεξανδρείας

158 5347 401 5426 ἐπώνυμον
485 5357 720 5424 Μαρείας
785 5360 883 5411 τῆς
944 5349 1146 5422 λίμνης’
1225 5341 1360 5403 ἦσαν
1411 5338 1470 5396 δὲ
1509 5344 1557 5394 οἱ
1621 5359 1748 5414 πεμ-

158 5440 336 5507 φθέντες
394 5445 616 5513 Θέογνις
663 5441 689 5491 ὁ
755 5443 1002 5500 Νικαίας,
1057 5441 1148 5488 καὶ
1195 5435 1367 5508 Μάρις
1407 5433 1432 5484 6
1471 5427 1749 5487 Χαλκηδό-

155 5547 246 5594 νος,
278 5529 556 5606 Θεόδωρος
603 5532 854 5606 Περίνθου
907 5534 1026 5590 ἤτοι
1073 5524 1373 5601 Ἡρακλείας
1446 5523 1748 5595 Νάρκισσος

154 5619 494 5694 Νερωνιάδος,
547 5620 754 5682 ούάλης
801 5622 1071 5695 Μούρσης,
1137 5615 1437 5691 Οὖρσοὶκιος
1481 5607 1748 5684 Σιγγηδό-

216 5708 479 5774 Pauor"
521 5711 630 5770 Gn.
683 5712 839 5770 CXL.

325 5886 626 6143 te

1345 3913 1587 3980 ἐκώλυσε,
1661 3917 1749 3965 καὶ

2438 1557 2528 1613 De
2562 1556 2938 1615 Macedonio.

1927 1683 1983 1738 1.
2016 1681 2147 1736 Jam
2186 1679 2260 1736 de
2290 1680 2661 1751 Macedonio,
2686 1681 2939 1754 Spiritus
2967 1681 3159 1740 sancti
3186 1682 3512 1755 impugna-

1853 1772 2347 1839 tore,sermonem
2365 1769 2625 1842 incipere
2643 1771 3350 1840 statuens,necessarium
3367 1777 3512 1846 puto

1851 1858 1978 1914 hinc
2005 1859 2172 1930 prius
2191 1858 2543 1928 edisserere,
2564 1863 2856 1932 tanquam
2869 1860 3055 1932 digna
3075 1877 3213 1934 quae
3231 1862 3310 1918 ab
3325 1861 3510 1918 histo-

1853 1946 1990 2002 ricis
2006 1953 2478 2016 cognoscantur,
2502 1964 2698 2021 neque
2712 1949 2961 2006 omnino
2981 1950 3058 2008 ab
3079 1950 3151 2006 iis
3163 1967 3300 2024 qua:
3313 1950 3515 2007 dicen-

1855 2040 1950 2092 tur
2001 2035 2407 2094 abhorrentia.
2474 2038 2585 2104 Qui
2640 2038 2802 2094 enim
2831 2038 2892 2095 in
2941 2039 3243 2111 prioribus
3292 2040 3513 2112 saepius

1856 2123 2154 2180 exhibitus
2173 2130 2260 2188 est
2275 2125 2564 2181 Eusebius
2584 2126 2942 2183 Nicomediae
2968 2127 3314 2200 episcopus,
3345 2127 3513 2184 omni

1856 2212 2042 2269 modo
2089 2213 2443 2269 orthodoxis
2482 2215 2796 2286 oppositus
2833 2215 3032 2288 primo
3073 2215 3323 2288 quidem
3367 2215 3511 2274 insi-

1856 2301 2056 2358 diatus
2077 2307 2187 2368 est,
2230 2306 2295 2358 ut
2323 2301 2605 2369 diximus,
2662 2303 2969 2360 Eustathio
3024 2304 3412 2376 Antiocheno,
3455 2309 3514 2363 et

1857 2407 1994 2448 eum
2029 2391 2347 2448 calumniis
2379 2391 2707 2464 depressit;
2761 2392 3103 2450 Alexandro
3135 2399 3336 2451 autem
3366 2393 3509 2452 Ale-

1856 2482 2127 2538 xandriae
2148 2483 2436 2555 episcopo
2463 2483 2678 2554 quinto
2707 2488 2845 2556 post
2868 2483 3172 2541 Nicaenam
3204 2485 3514 2557 synodum

1857 2587 2067 2628 mense
2105 2572 2185 2628 ad
2213 2572 2397 2627 Deum
2431 2571 2716 2644 profecto,
2747 2573 3010 2645 primam
3055 2574 3260 2630 sedem
3285 2576 3516 2648 accepit

1856 2663 2239 2718 Athanasius.
2262 2665 2873 2719 Tentaveruntautem
2901 2663 3139 2719 Eusebii
3166 2665 3410 2722 asseclaa
3429 2665 3514 2722 illi

1858 2750 2225 2822 persuadere
2264 2751 2547 2806 utArium
2589 2751 2648 2807 in
2685 2753 3510 2826 communionemacciperet;

1859 2855 1999 2896 cum
2011 2846 2214 2898 autem
2229 2840 2465 2896 illorum
2479 2839 2758 2913 precibus
2780 2857 2904 2898 non
2921 2843 3256 2914 annuisset,
3283 2844 3514 2916 aliquid

1860 2928 1975 2985 tale
1988 2929 2312 2986 machinati
2328 2933 2484 2986 sunt.
2509 2929 2676 2986 Meliti
2688 2947 2757 2986 us
2771 2931 3086 3002 Lyciorum
3105 2931 3271 2988 urbis
3282 2935 3517 3008 episco-

1860 3034 1997 3092 pus,
2016 3035 2198 3092 quem
2221 3020 2459 3075 Nicaena
2474 3019 2746 3092 synodus
2777 3020 3092 3078 damnavit
3119 3022 3309 3080 vitam
3338 3023 3514 3082 relin-

1860 3125 2074 3182 quens,
2102 3109 2397 3166 Joannem
2418 3109 2751 3182 quemdam
2771 3126 2840 3166 ex
2860 3111 3390 3168 suisfamiliaribus
3402 3130 3511 3186 pro

1860 3215 1922 3254 se
1941 3199 2296 3272 episcopum
2321 3199 2627 3256 constituit
2644 3205 2853 3256 contra
2871 3199 3121 3256 Nicaena:
3155 3202 3374 3274 synodi
3411 3204 3512 3262 de-

1859 3293 2109 3344 cretum.
2138 3290 2251 3342 Eos
2273 3287 2452 3356 igitur
2467 3287 2572 3359 qui
2594 3303 2702 3359 pro
2725 3287 2955 3344 Joanne
2978 3288 3236 3356 stabant,
3256 3291 3512 3347 circum-

1855 3377 2160 3432 venientes
2183 3376 2521 3444 Eusebiani,
2544 3376 2616 3432 iis
2636 3383 3066 3449 persuaserunt
3084 3383 3148 3433 ut
3159 3387 3514 3439 accusarent

1857 3467 2272 3535 Athanasium,
2290 3471 2347 3523 et
2365 3481 2574 3522 revera
2595 3482 2732 3522 eum
2749 3470 3366 3542 accusaveruntquod
3385 3488 3510 3530 non

1857 3556 2146 3612 canonice
2172 3556 2484 3613 ordinatus
2510 3561 2686 3625 esset,
2707 3556 2875 3630 quod
2899 3557 3193 3631 .Egyptiis
3211 3558 3510 3619 linearum

1856 3646 2200 3702 tunicarum
2231 3646 2519 3703 tributum
2550 3647 2954 3719 imposuisset,
2987 3649 3153 3722 quod
3183 3652 3512 3709 muliercu—

1856 3734 1980 3792 lam
2020 3735 2404 3808 corrupisset,
2429 3735 2594 3809 quod
2625 3736 2703 3792 ad
2736 3736 3148 3798 Philomenum
3179 3742 3511 3815 quemdam

1857 3840 1929 3882 ex
1967 3825 2148 3895 regiis
2183 3824 2392 3894 servis,
2459 3825 2805 3896 imperatori
2850 3827 3260 3900 insidiaturus,
3305 3847 3511 3888 arcam

1857 3928 2006 3970 auro
2031 3913 2308 3969 refertam
2339 3912 2620 3978 misisset,
2643 3913 2808 3985 quod
2847 3915 3131 3974 frumenti
3154 3935 3226 3975 ex
3247 3920 3512 3992 Egypto

1857 4001 2377 4058 transmissionem
2405 4001 2832 4074 impedivissct,
2865 4009 2922 4060 et
2941 4008 3171 4064 Arsenii
3191 4008 3512 4080 cujusdam

1856 4107 2110 4148 manum
2131 4091 2383 4164 magicis
2414 4091 2644 4148 artibus
2674 4093 3049 4153 resecuisset.

1927 4185 1980 4236 2.
2016 4181 2428 4248 Quamobrem
2466 4184 2800 4238 Caesaream
2824 4183 3158 4242 Palaestina:
3192 4187 3513 4245 convenire

1857 4269 2173 4328 concilium
2209 4271 2389 4342 jussit
2418 4271 2765 4344 imperator.
2796 4275 2943 4332 Cum
2993 4279 3192 4331 autem
3222 4277 3517 4334 renuisset

1857 4361 2150 4418 Athanius
2171 4375 2242 4417 eo
2265 4359 2429 4434 quod
2461 4359 2755 4416 Eusebius
2781 4365 3078 4436 Pamphili
3112 4365 3295 4437 hujus
3347 4366 3514 4423 urbis

1856 4450 2181 4522 episcopus
2204 4449 2436 4506 amicus
2463 4454 2521 4506 et
2545 4449 2646 4522 adj
2658 4455 2790 4507 utor
2815 4457 2968 4509 esset
2989 4453 3226 4510 Eusebii
3248 4455 3510 4511 Nicome'

1857 4539 1997 4608 diae,
2051 4555 2260 4595 rursus
2319 4539 2608 4594 Meletiani
2666 4555 2806 4596 eum
2865 4548 3299 4599 accusaverunt
3349 4544 3515 4617 quod

1855 4628 2185 4702 mysticum
2216 4626 2460 4684 calicem
2490 4631 2760 4685 Mareotae
2791 4630 3161 4688 contrivisset
3189 4632 3514 4706 sedemque

1855 4717 2265 4792 episcopalem
2287 4717 2588 4774 evertisset
2617 4724 2674 4774 et
2700 4719 3060 4777 nonnullula
3097 4721 3216 4778 alia
3249 4721 3515 4781 facinora

1855 4807 2216 4865 admisisset.
2247 4807 2554 4864 Concessit
2573 4806 2755 4878 igitur
2773 4809 3099 4882 imperator
3129 4811 3433 4882 synodum
3453 4812 3517 4869 in

1855 4899 2007 4954 urbe
2033 4900 2186 4972 Tyro
2217 4896 2365 4965 ﬁeri,
2403 4900 2461 4952 et
2482 4913 2553 4952 ea
2593 4904 2980 4970 congregata,
3015 4899 3330 4957 victoriam
3368 4917 3518 4975 prm-

1857 4987 2290 5045 stantissimam
2309 4985 2900 5057 retulitAthanasius;
2921 4988 3350 5047 inimiciautem
3371 4991 3519 5050 veri-

1856 5077 1995 5134 tatis
2028 5075 2299 5148 episcopi
2322 5090 2392 5130 eo
2420 5075 2618 5146 magis
2635 5093 2774 5132 eum
2797 5076 3187 5147 damnavere;
3213 5095 3283 5136 ac
3300 5080 3519 5140 deinde

1855 5169 2179 5224 Mareotam
2202 5162 2510 5230 miserunt,
2557 5166 2618 5220 in
2665 5166 3003 5238 quamdam
3032 5167 3404 5226 Alexandriae
3432 5187 3522 5228 re-

1857 5255 2098 5326 gionem
2125 5269 2259 5325 qua:
2303 5269 2482 5308 suum
2513 5269 2734 5310 nomen
2768 5270 2804 5310 a
2834 5258 3027 5312 Marea
3074 5255 3295 5329 palude
3329 5258 3518 5318 duxit.

1860 5348 2038 5402 Erant
2061 5349 2262 5400 autem
2280 5343 2383 5416 qui
2408 5343 2576 5398 missi
2601 5350 2739 5401 sunt
2773 5347 3067 5418 Theognis
3091 5349 3316 5416 Nicaeae,
3350 5351 3522 5406 Maris

1869 5432 2290 5501 Chalcedonis,
2331 5432 2680 5490 Theodorus
2733 5435 2988 5491 Perinthi
3045 5451 3152 5492 seu
3206 5439 3517 5506 lleraclem,

1859 5523 2175 5581 Narcissus
2199 5521 2571 5586 Neroniadis,
2624 5523 2795 5580 Vales
2823 5526 3052 5595 Μαι-ξω,
3097 5525 3369 5582 Ursacius
3397 5527 3522 5581 Sin-

1855 5611 2134 5686 gedonis,
2163 5610 2543 5670 Macedonius
2566 5613 2946 5686 Mopsuestae;
2974 5613 3077 5686 qui
3098 5618 3423 5685 postquam
3445 5611 3519 5670 de

2197 5721 2200 5724 ’
3172 5705 3196 5756 1

3617 0 3644 30 ἲ
3663 0 3736 30 ’.ΨΧ
3751 25 3764 28 -

3617 23 3814 50 .·ι;’·’·’-

3615 51 3673 86 ἶν’
3705 53 3774 86 ..εί

3974 3110 4028 3796 i
