4126 6228
557 315 621 375 ιι
1897 308 2172 369 NICET/E
2214 310 2586 373 CHONIATzE
3852 338 3926 393 ,2

555 454 730 498 sacro
755 437 941 497 calice
986 436 1387 512 inquisierunt
1415 439 1470 494 et
1523 437 1598 495 de
1630 437 1989 512 episcopalis
2046 438 2191 495 sedis

2314 459 2422 512 νος,
2449 440 2775 507 Μακεδόνιος
2820 444 3210 517 Μόψουεστίας,
3243 450 3292 501 οἶ
3342 454 3431 503 καὶ
3478 452 3802 521 ζητήσαντες
3852 462 3925 513 τὰ

552 530 884 598 eversione,
913 543 1054 586 vera
1081 526 1328 601 quidem
1358 529 1887 600 praetermiserunt,
1920 528 2077 586 falsa
2103 545 2205 586 au-

551 622 674 678 tem
704 619 825 693 ipsi
847 617 1159 689 imaginati
1190 622 1351 689 sunt,
1382 616 1931 692 deposueruntque,
1966 623 2030 675 ut
2077 634 2202 675 cre-

550 708 799 772 debant,
831 706 1250 771 Athanasium,
1285 706 1416 777 ejus
1465 706 1601 764 loco
1638 707 1839 780 ipsum
1883 708 2203 764 Arsenium

551 798 936 873 accipientes.
969 798 1144 869 cujus
1172 813 1427 854 manum
1466 803 1845 871 amputatam
1874 814 2003 855 esse
2046 796 2203 855 dice-

549 888 734 958 bant;
756 888 863 961 qui
889 887 1059 962 prius
1087 886 1537 945 Meletianorum
1582 887 2022 960 superstitionis
2044 889 2200 961 epis-

549 994 739 1053 copus
762 982 907 1036 tunc
933 976 1099 1053 apud
1110 976 1275 1050 ipsos
1301 980 1365 1034 ut
1384 976 1840 1051 Hypseletorum
1859 977 2025 1035 urbis
2048 978 2199 1051 epis-

550 1082 741 1143 copus
769 1072 979 1126 contra
1015 1065 1415 1125 Athanasium
1445 1065 1820 1141 subscripsit.

618 1251 674 1307 3.
715 1248 946 1305 Interea
996 1260 1137 1304 vero
1187 1244 1452 1319 perfecto
1492 1244 1917 1319 Hierosolymis
1973 1246 2198 1319 templo

546 1352 739 1411 prope
769 1351 909 1394 eum
939 1334 1186 1393 calvarii
1230 1334 1431 1392 locum
1460 1335 1567 1408 qui
1595 1350 1891 1407 magnum
1939 1335 2198 1392 testimo~

544 1426 719 1485 nium
745 1429 1018 1491 vocatur,
1045 1424 1228 1497 jussit
1254 1424 1582 1498 imperator
1602 1424 1918 1498 episcOpos
1939 1425 2043 1497 qui
2062 1425 2198 1497 Tyri

544 1514 800 1573 aderant
823 1513 1301 1588 Hierosolymam
1319 1512 1519 1570 venire
1538 1517 1596 1570 et
1612 1513 1729 1571 hoc
1746 1514 2038 1586 templum
2060 1529 2197 1571 con-

544 1620 798 1662 secrare.
830 1606 990 1661 Tunc
1010 1608 1212 1661 autem
1233 1602 1614 1661 occasionem
1633 1602 2002 1660 invenientes
2032 1603 2194 1660 Aria-

542 1709 764 1751 norum
788 1693 1052 1752 fautores
1090 1696 1470 1751 tentaverunt
1516 1696 1583 1750 ut
1623 1690 2049 1765 Hierosolymis
2100 1710 2194 1766 sy-

2313 537 2557 604 περὶτῆς
2598 542 2691 587 τοῦ
2755 542 3016 607 μυστικοῦ
3065 542 3323 612 ποτηρίου
3358 542 3655 618 συντριϐῆς,
3688 551 3775 600 καὶ
3822 556 3921 610 τῆς

2312 623 2659 696 καθαιρέσεως
2702 632 2793 677 τοῦ
2853 624 3197 678 ἐπίσκοπικοῦ
3253 629 3457 700 θρόνου,
3512 635 3578 684 τὰ
3622 637 3712 705 μὲν
3744 636 3914 698 ἀληθῆ

2310 710 2591 784 παρῆλθον,
2657 713 2949 767 ἐπλάσαντο
3002 711 3060 767 δὲ
3114 721 3203 768 καὶ
3258 716 3408 770 αὐτοὶ
3459 723 3525 772 τὰ
3579 720 3777 793 ψευδῆ,
3824 732 3919 781 καὶ

2309 802 2712 876 καθῄρησαν,ὡς
2775 802 3039 877 ἐνόμισαν,
3114 806 3447 877 Ἀθάνασιον,
3502 806 3771 885 δεξάμενοι
3822 822 3915 870 καὶ

2310 889 2464 943 αύτόν
2526 892 2809 965 Ἀρσένιον,
2863 895 2924 946 οὗ
2977 893 3154 966 ἔλεγον
3218 894 3524 971 ἐκκεκόφθαι
3586 907 3680 960 τὴν
3730 912 3911 978 χεῖρα*

2309 980 2384 1047 ὃς,
2438 984 2687 1057 πρότερον
2736 990 2831 1045 τῆς
2878 982 3198 1036 Μελιτιανῶν
3268 988 3551 1061 θρησκείας
3633 989 3915 1056 ἐπίσκοπος

2307 1072 2396 1141 ὧν,
2427 1078 2717 1127 τηνικαῦτα
2759 1072 2882 1146 παρ’
2932 1072 3108 1136 αὐτοῖς
3150 1077 3215 1135 ὡς
3257 1085 3353 1137 τῆς
3390 1077 3745 1150 ’Υψηλετητῶν
3803 1081 3915 1137 ἐπί-

2310 1179 2504 1223 σκοπος
2541 1161 2731 1223 πόλεως
2760 1162 3029 1236 ὑπέγραψε
3053 1167 3191 1217 κατὰ
3212 1164 3550 1223 Ἀθανασίου.

2376 1249 2442 1321 γ’.
2495 1251 2578 1304 Ἐν
2625 1253 2791 1322 τούτῳ
2833 1249 2886 1304 δ’
2931 1252 3330 1326 ἐξεργασθέντος
3376 1264 3469 1310 τοῦ
3523 1257 3574 1311 ἐν
3629 1258 3885 1333 Ἱεροσολύ

2304 1359 2419 1411 μοις
2494 1347 2619 1393 ναοῦ
2673 1347 2790 1417 περὶ
2869 1344 2956 1394 τόν
3012 1350 3105 1395 τοῦ
3158 1350 3371 1420 κρανίου
3434 1355 3612 1422 χῶρον
3664 1351 3719 1411 ὃς
3773 1356 3913 1423 μέγα

2304 1433 2752 1506 προσαγορεύεται
2832 1433 3137 1505 μαρτύριον,
3216 1432 3473 1489 ἐκελευσεν
3546 1439 3571 1489 ό
3658 1437 3911 1511 βασιλεὺς

2304 1522 2421 1580 τούς
2478 1517 2525 1571 ἐν
2603 1522 2752 1594 Τύρῳ
2817 1521 3230 1594 συνειλεγμενους

2304 1606 2410 1661 ϐεῖν
2453 1612 2515 1667 τὴ
2575 1607 2929 1683 Ἰεροσόλυμα,
3008 1616 3097 1663 καὶ
3154 1615 3242 1665 τόν
3296 1621 3531 1669 τοιοῦτον
3586 1619 3905 1693 καθιερῶσαι

2301 1700 2442 1753 ναόν.
2502 1704 2805 1756 Τηνικαῦτα
2854 1695 2913 1752 δὲ
2956 1703 3137 1773 καιρόν
3187 1702 3415 1777 εὑρόντες
3467 1706 3516 1756 οἱ
3571 1704 3900 1783 ἀρειανόφρο-

3308 1523 3594 1579 ἐπισκόπου
3606 1548 3627 1589 ς
3684 1529 3909 1584 καταλαο

541 1783 741 1842 nodus
761 1782 929 1841 ﬁeret
966 1788 1023 1841 et
1053 1783 1403 1841 communio
1439 1782 1577 1839 Ario
1618 1785 1674 1839 et
1712 1782 1929 1839 Euzoio
1981 1797 2189 1839 conce-

2299 1806 2379 1850 νες
2418 1784 2756 1839 ἐσπούδασαν
2801 1786 2848 1839 ἐν
2898 1788 3274 1863 Ἱεροσολύμοις
3362 1796 3605 1865 γενέσθαι
3660 1782 3900 1868 σύνοδον,

540 1872 803 1933 deretur.
835 1872 1192 1947 Imperatori
1233 1872 1415 1943 igitur
1447 1871 1596 1929 illud
1646 1887 1755 1945 per
1791 1872 1980 1944 ipsius
2030 1888 2191 1929 soro-

538 1976 669 2020 rem
714 1962 1130 2020 Constantiam
1175 1960 1633 2035 quemdamque
1699 1961 1884 2033 hujus
1924 1960 2191 2017 mulieris

536 2050 902 2109 familiarem
948 2050 1375 2125 presbyterum
1410 2051 1690 2108 arianum
1740 2065 2096 2123 persuasere
2134 2052 2191 2107 et

536 2155 823 2199 curavere
879 2144 946 2198 ut
990 2138 1197 2196 Arium
1258 2139 1667 2213 Euzoiumque
1741 2138 1985 2209 videret,
2031 2155 2188 2210 quos

534 2234 863 2304 postquam
892 2229 1041 2287 vidit
1070 2228 1423 2303 censuitque
1437 2229 1559 2286 fere
1588 2233 1654 2286 ut
1682 2229 1953 2287 Nicaenos
1983 2229 2188 2286 Patres

535 2318 799 2387 credere,
814 2334 917 2377 eos
938 2319 1017 2376 ad
1041 2319 1360 2393 episcopos
1382 2319 1809 2391 Hierosolymis
1858 2334 2189 2390 congrega-

534 2410 627 2465 tos
655 2407 837 2479 misit,
867 2406 1138 2465 scribens
1168 2412 1233 2464 ut
1272 2407 1347 2464 de
1392 2406 1507 2464 illis
1551 2407 1882 2478 benignum
1939 2408 2189 2465 ferretur

536 2496 919 2568 suffragium,
976 2497 1028 2553 si
1056 2501 1214 2554 recte
1243 2495 1486 2553 credere
1516 2496 1876 2554 viderentur.
1912 2498 2187 2554 Occasio-

527 2601 670 2644 nem
688 2586 873 2658 igitur
896 2585 1247 2660 arripientes
1271 2585 1474 2642 Ariani
1503 2601 1606 2642 eos
1652 2590 2029 2658 exceperunt,
2073 2587 2187 2641 im-

526 2675 913 2749 peratorique
950 2679 1008 2733 et
1040 2675 1333 2733 universis
1392 2675 1692 2749 episcopis
1746 2674 2036 2748 scripsere
2083 2691 2186 2731 eos

527 2764 898 2823 orthodoxos
930 2780 1081 2822 esse.

596 2856 650 2912 4.
687 2854 791 2911 His
818 2854 903 2911 ita
934 2855 1104 2921 actis,
1138 2853 1503 2911 Athanasius
1539 2856 1694 2927 Tyro
1716 2853 1976 2925 ffugiens
2007 2856 2180 2910 Cons-

527 2943 951 3017 tantinopolim
975 2945 1175 3013 venit;
1200 2944 1372 3014 cujus
1393 2943 1674 3016 precibus
1704 2958 1979 2999 annuens
2001 2942 2187 3014 impe-

525 3036 693 3092 rator
710 3032 967 3091 dicentis
989 3048 1053 3089 se
1075 3049 1199 3090 non
1218 3032 1377 3104 juste
1396 3032 1753 3089 damnatum
1771 3047 1921 3099 esse,
1947 3032 2187 3105 scripsit

526 3122 828 3217 episcopis
848 3126 991 3181 tunc
1020 3124 1155 3197 Tyri
1198 3123 1576 3217 congregatis
1626 3122 1798 3217 utad
1843 3123 2049 3196 ipsum
2087 3122 2187 3217 de-
2222 3162 2261 3217 Ο

527 3213 904 3283 scenderent,
925 3217 992 3271 ut
1011 3229 1216 3271 coram
1239 3213 1375 3287 ipso
1397 3213 1710 3269 Anathasii
1748 3228 1934 3269 causa
1964 3211 2188 3269 exami-

525 3306 794 3361 naretur.
835 3303 1166 3377 Postquam
1223 3302 1404 3374 igitur
1449 3302 1844 3371 advenerunt,
1896 3300 2186 3358 Eusebius

494 3391 887 3451 Nicomediae
924 3391 1331 3450 contendebat
1377 3391 1607 3464 justam
1673 3392 1735 3447 in
1792 3392 2186 3448 Athanasium

525 3480 714 3539 latam
743 3496 873 3537 esse
904 3483 1258 3537 sententiam
1287 3499 1302 3549 ;
1339 3484 1517 3536 testes
1553 3480 1824 3552 praestitit
1857 3480 2184 3550 Theognim

530 3574 588 3627 et
612 3569 863 3627 Marium
888 3573 946 3625 et
963 3568 1341 3626 Theodorum
1365 3572 1422 3623 et
1449 3567 1755 3625 Valentem
1778 3573 1835 3624 et
1856 3570 2186 3626 Ursacium.

529 3662 863 3734 Imperator
902 3662 1105 3716 autem
1150 3657 1273 3715 sive
1331 3656 1597 3715 crederet
1634 3673 1781 3714 vera
1836 3675 1973 3730 quae
2032 3660 2189 3715 dice-

528 3747 773 3820 bantur,
833 3747 961 3805 sive
1050 3746 1392 3804 consentire
1465 3746 1878 3819 suspicaretur
1962 3747 2190 3821 episco-

530 3853 646 3912 pos
692 3841 759 3895 ut
788 3854 820 3895 e
870 3836 1072 3894 medio
1103 3835 1405 3893 tolleretur
1445 3835 1835 3904 Athanasius,
1877 3837 2192 3895 mandavit

533 3930 600 3985 ut
619 3925 672 3984 is
690 3926 992 3984 Treverim
1017 3925 1433 3992 abduceretur,
1460 3940 1599 3998 quae
1637 3930 1725 3982 est
1754 3925 1898 3982 urbs
1921 3925 2192 3983 occiden-

532 4015 744 4074 talium
774 4015 1079 4074 Gallorum
1104 4033 1116 4086 ;
1142 4014 1562 4087 abductusque
1588 4020 1677 4072 est
1695 4015 2058 4072 Athanasius
2084 4016 2194 4073 ibi-

533 4121 653 4181 que
678 4105 900 4163 mansit
929 4121 1120 4179 usque
1142 4104 1222 4161 ad
1242 4109 1497 4161 mortem
1529 4105 1916 4162 Constantini.

609 4200 665 4253 5.
694 4196 868 4252 Arius
896 4198 1097 4251 autem
1123 4198 1261 4267 post
1283 4192 1559 4250 habitam
1616 4195 2043 4269 Hierosolymis
2096 4213 2193 4270 sy-

536 4282 772 4343 nodum
807 4283 870 4339 in
909 4285 1232 4355 Egyptum
1270 4282 1452 4339 venit.
1496 4286 1644 4340 Cum
1699 4283 1799 4340 illo
1837 4289 2039 4341 autem
2068 4301 2193 4343 non

539 4371 1027 4431 communicante
1057 4370 1601 4428 Alexandrinorum
1640 4372 1919 4441 Ecclesia,
1952 4390 2192 4431 rursum

538 4459 1120 4534 Constantinopolim
1144 4459 1340 4518 rediit.
1373 4465 1565 4535 Atque
1586 4461 1668 4518 ita
1688 4461 2027 4535 adimpletaa
2054 4467 2194 4521 sunt

540 4551 734 4611 sancti
751 4550 1076 4608 Alexandri
1105 4566 1335 4624 preces.
1355 4550 1627 4608 Posthaec
1650 4556 1851 4609 autem
1874 4552 2190 4611 manifeste

539 4646 852 4717 coeperunt
878 4640 1168 4698 innovare
1200 4640 1524 4698 Eusebiani
1554 4641 1712 4699 circa
1767 4642 2191 4716 episcoporum

536 4734 745 4792 Nicaeae
769 4735 1273 4804 congregatorum
1286 4731 1721 4804 expositionem
1737 4737 1791 4790 et
1810 4735 2029 4807 scripto
2052 4750 2192 4792 con-

539 4820 935 4881 substantiale
964 4821 1230 4893 rejicere.
1288 4821 1599 4893 Synodum
1642 4822 1823 4893 igitur
1870 4825 2193 4883 Constanti.

534 4911 805 4987 nopolim
832 4912 1154 4970 convenire
1177 4916 1485 4980 curarunt,
1503 4910 2037 4988 deposueruntque
2062 4916 2190 4973 etin

537 5003 783 5060 exilium
843 5001 997 5060 mitti
1045 4999 1405 5057 studuerunt
1457 5000 1986 5059 consubstantialis
2041 5021 2191 5077 prae-

536 5108 738 5162 cones,
783 5090 1129 5164 Asclepium
1193 5092 1357 5147 Gazze
1416 5090 1789 5165 episcopum,
1852 5092 2189 5151 Climatium

533 5181 843 5247 Antaradi,
867 5180 1121 5238 alterum
1145 5179 1490 5237 Climatium
1539 5181 1709 5251 Palti,
1762 5183 2188 5253 Ephrationem

533 5270 743 5329 Balani
773 5272 999 5343 Cyrum
1032 5273 1301 5341 Berrcem,
1334 5271 1733 5327 Domnionem
1779 5272 1997 5344 Sirmii,
2041 5273 2189 5331 Ella-

531 5375 718 5417 neum
736 5359 1008 5434 Tripolis,
1028 5359 1234 5415 Arium
1256 5359 1569 5417 Petrarum
1592 5360 1883 5431 Paleonae,
1921 5366 1978 5419 et
2022 5364 2187 5421 Aste-

528 5450 687 5507 rium
701 5452 1007 5507 Petrarum
1019 5447 1627 5523 Arabias,01ympium
1647 5451 1795 5522 AZni,
1810 5450 2186 5512 Theodulum

527 5540 961 5614 Trajanopolis,
981 5538 1357 5597 Vincentium
1374 5541 1613 5613 Capuae,
1636 5539 1959 5613 Ephratam
1977 5542 2185 5618 Agrip-

523 5630 1067 5707 pinee,Eutropium
1075 5627 1621 5705 Adrianopolis,cui
1634 5630 1925 5691 successit
1940 5633 2177 5706 Lucius,

2298 1880 2389 1928 καὶ
2413 1881 2681 1938 κοινωνίας
2720 1874 3040 1949 μεταδοῦναι
3068 1880 3253 1954 Ἀρείῳ
3293 1885 3383 1934 καὶ
3438 1883 3650 1956 Εύξωῖῳ
3695 1890 3903 1939 πείσαν-

2297 1985 2376 2027 τες
2418 1970 2589 2018 τοίνυν
2646 1969 2733 2019 τόν
2789 1965 3016 2039 βασιλεα
3082 1965 3176 2022 διὰ
3246 1978 3342 2033 τῆς
3426 1971 3609 2026 ἑαυτοῦ
3676 1970 3902 2047 ἀδελφῆς

2301 2060 2664 2119 Κωνσταντίας
2738 2064 2828 2109 καὶ
2899 2065 2992 2110 τοῦ
3043 2065 3500 2133 προσῳκειωμένου
3565 2066 3729 2138 ταύτῃ
3782 2083 3877 2140 πρε

2300 2143 2549 2219 σϐυτέρου
2636 2144 2894 2221 ἆρειανοῦ,
2945 2151 3339 2222 παρεσκεύασαν
3390 2150 3546 2204 αὐτὸν
3611 2155 3902 2207 θεάσασθαι

2298 2233 2504 2308 ’Ἄρειον
2535 2239 2624 2286 καὶ
2651 2234 2900 2305 Εύζώῑον,
2962 2235 3052 2298 ούς
3110 2233 3237 2289 ἰδὼν
3286 2242 3375 2291 καὶ
3426 2240 3697 2293 ὑπολαϐὼν
3727 2262 3903 2319 παρα-

2296 2322 2533 2385 πλησίως
2562 2331 2673 2387 τοῖς
2705 2322 2752 2375 ἐν
2803 2329 3000 2397 Νικαίᾳ
3045 2322 3305 2395 δοξάζειν,
3365 2328 3563 2401 ἔπεμψε
3609 2334 3737 2405 πρὸς
3785 2337 3900 2395 τούς

2298 2411 2348 2464 ἐν
2423 2411 2799 2486 Ἰεροσολύμοις
2865 2414 3223 2483 συνελθόντας,
3277 2416 3492 2490 γράψας
3546 2419 3900 2497 φιλάνθρωπον

2296 2499 2373 2554 ἐπ’
2404 2501 2585 2563 αύτοῖς
2631 2500 2903 2573 ἐνεχθῆναι
2961 2502 3154 2576 ψῆφον,
3211 2503 3253 2557 εἰ
3302 2505 3469 2579 ὀρθῶς
3499 2516 3691 2579 φανεῖεν
3749 2507 3905 2573 δόξα-

2298 2591 2491 2653 ξοντες·
2526 2599 2714 2666 καιροῦ
2745 2596 2915 2645 τοίνυν
2958 2590 3275 2668 δραξάμενοι
3300 2598 3348 2647 οὶ
3381 2595 3629 2670 Ἀρειανοὶ
3692 2594 3897 2662 ἐδέξαν-

2295 2699 2353 2732 το
2400 2683 2638 2749 τούτους,
2684 2686 2773 2734 καὶ
2821 2685 2962 2753 αὐτῷ
3021 2682 3233 2756 βασιλεῖ
3278 2689 3368 2737 καὶ
3415 2693 3525 2747 τοῖς
3581 2688 3894 2760 ἁπανταχοῦ

2295 2769 2602 2833 ἐπισκόποις
2666 2770 2898 2845 ἔγραψαν
2957 2770 3272 2846 ὀρθοδόξους
3351 2776 3610 2848 ὑπάρχειν
3683 2778 3895 2842 αύτούς.

2367 2856 2433 2914 δ’.
2504 2862 2709 2915 Τούτων
2774 2861 2909 2914 οὓτω
2984 2868 3367 2937 πραττομένων,
3448 2865 3758 2930 Ἀθανασιος
3841 2868 3895 2921 ἔκ

2294 2952 2465 3024 Τύρου
2507 2954 2681 3021 φυγὼν
2724 2954 2795 3011 εὶς
2856 2952 3395 3006 Κωνσταντινούπολιν
3453 2952 3626 3013 ἦλθεν
3697 2953 3755 3010 ού
3805 2966 3897 3020 τῆς

2297 3035 2527 3101 δεήσεως
2580 3038 2809 3103 ἀκούσας
2858 3042 2882 3092 ὁ
2939 3040 3188 3114 βασιλεὺς
3235 3048 3307 3116 μὴ
3369 3040 3586 3108 δικαίως
3654 3050 3895 3123 κριθῆναι

2294 3127 2551 3199 λέγοντος,
2607 3128 2801 3203 ἔγραψε
2855 3137 2965 3193 τοῖς
3030 3129 3077 3182 ἐν
3133 3135 3282 3205 Τύρῳ
3334 3137 3758 3209 συναθροισθεῖσι
3806 3143 3895 3198 τή·

2292 3225 2513 3270 νικαύτα
2568 3218 2873 3272 καταλαϐεῖν
2920 3223 3046 3295 πρός
3087 3220 3264 3293 αὐτόν,
3307 3226 3394 3291 ,ὡς
3453 3227 3515 3277 οἶν
3589 3226 3652 3278 ἐπ
3716 3226 3897 3298 ὄψεσιν

2296 3307 2457 3359 αὐτοῦ
2508 3302 2858 3380 δοκιμασθείη
2912 3312 2980 3361 τὰ
3050 3313 3188 3364 κατὰ
3264 3312 3596 3371 Ἀθανασίου.
3660 3315 3898 3370 Καταλα·

2297 3395 2486 3449 ϐόντων
2532 3394 2621 3448 οὖν
2652 3396 2842 3466 αὐτῶν,
2901 3398 3144 3461 Εύσέϐιος
3191 3402 3215 3453 ό
3263 3399 3625 3476 Νικομηδείας
3681 3404 3897 3480 ἰσχυρί-

2298 3485 2410 3546 ζετο
2470 3481 2683 3538 δικαίαν
2736 3491 2829 3545 τὴν
2887 3487 2971 3541 ἐπὶ
3027 3489 3338 3544 Ἀθανάσιον
3387 3495 3629 3565 γενέσθαι
3702 3493 3898 3568 ψῆφον,

2297 3577 2564 3649 μάρτυρας
2590 3583 2794 3649 παρῆγε
2825 3581 3041 3649 Θέογνιν
3098 3584 3191 3631 καὶ
3248 3582 3418 3655 Μάριν
3476 3587 3564 3634 καὶ
3627 3582 3902 3659 Θεόδωρον

2296 3666 2388 3713 καὶ
2437 3662 2702 3716 Οὐάλεντα
2746 3669 2836 3717 καὶ
2893 3666 3209 3739 Ούρσάκιον.
3263 3666 3321 3719 Ὀ
3393 3665 3452 3721 δι
3496 3668 3742 3740 βασιλεὺς
3797 3676 3905 3725 εἴτε

2301 3748 2465 3810 ἀληθῆ
2511 3756 2802 3815 πιστεύσας
2870 3751 2998 3807 ἐῖναι
3052 3757 3117 3806 τὰ
3154 3754 3417 3827 λεγομενα,
3468 3760 3566 3809 εἴτε
3594 3758 3901 3830 ὁμονοήσειν

2300 3842 2598 3905 ὑπονοήσας
2626 3847 2746 3906 τούς
2771 3847 3109 3912 ἐπισκόπους,
3132 3844 3193 3897 ἶν’
3226 3842 3459 3899 ἐκποδὼν
3500 3851 3702 3920 γένοιτο
3748 3850 3906 3905 Ἀθα-

2298 3932 2492 4002 νάσιος,
2529 3938 2842 4007 προσέταττε
2897 3935 3259 4007 ἀπηνεχθῆναι
3314 3944 3497 3990 τοῦτον
3544 3938 3616 4001 εἰς
3660 3938 3902 4014 Τρίϐεριν

2299 4029 2398 4072 τῶν
2446 4024 2575 4095 πρὸς
2628 4019 2783 4076 δύσιν
2830 4024 3091 4094 Γαλατῶν,
3146 4029 3238 4078 καὶ
3268 4026 3293 4078 ὁ
3320 4028 3410 4100 μὲν
3448 4025 3687 4101 ἀπήχθη,
3719 4034 3807 4083 καὶ
3838 4027 3899 4090 ἦν

2300 4112 2403 4163 ἐκεῖ
2430 4111 2525 4173 ἕως
2544 4120 2639 4174 τῆς
2678 4119 3068 4167 Κωνσταντίνου
3098 4114 3359 4180 τελευτῆς.

2371 4199 2425 4259 ε’.
2489 4201 2548 4254 Ὀ
2599 4197 2660 4255 δέ
2705 4201 2910 4276 ’Ἄρειος
2967 4207 3097 4277 μετά
3154 4210 3241 4265 τὴν
3303 4207 3350 4259 ἐν
3397 4205 3767 4282 Ἱεροσολύμοις
3810 4212 3902 4263 σύο

2299 4285 2470 4358 νοδον,
2504 4291 2623 4349 ἧκεν
2655 4292 2721 4353 εἰς
2769 4296 3052 4365 Αἴγυπτον
3112 4298 3185 4368 μὴ
3245 4300 3593 4361 κοινωνούσης
3646 4295 3706 4351 δε
3758 4299 3900 4372 αύτῷ

2297 4388 2393 4442 τῆς
2413 4376 2788 4457 Ἀλεξανδρέων
2824 4382 3157 4451 Ἐκκλησίας,
3185 4386 3340 4439 πὰλιν
3370 4385 3584 4446 ἁνηλθεν
3637 4388 3708 4452 εἰς
3761 4395 3902 4443 Κων-

2302 4471 2742 4525 σταντινούπολιν·
2803 4477 2892 4527 καὶ
2944 4476 3110 4537 οὕτως
3164 4478 3313 4551 ἔργον
3369 4476 3560 4552 ἐγένετο
3606 4488 3699 4542 τῆς
3762 4480 3903 4534 Ἀλει

2300 4558 2525 4637 ξάνδρου
2554 4568 2645 4615 τοῦ
2678 4564 2815 4636 ἱεροῦ
2844 4573 3121 4637 προσευχῆ
3134 4586 3175 4628 ς.
3216 4570 3362 4620 Μετὰ
3417 4564 3477 4621 δὲ
3524 4588 3690 4623 ταυτα
3717 4588 3904 4623 νεωτε-

2300 4651 2462 4725 ρίζειν
2515 4660 2741 4726 φανερῶς
2789 4655 2838 4705 οἱ
2888 4657 3007 4730 περί
3058 4654 3309 4709 Εύσέϐιον
3357 4656 3581 4731 ἤρξαντο
3637 4663 3755 4734 περὶ
3808 4663 3904 4719 τὴν

2302 4742 2501 4793 ἔκθεσιν
2532 4749 2630 4793 τῶν
2676 4741 2723 4794 ἐν
2752 4747 2952 4817 Νικαὶᾳ
3005 4744 3445 4818 συνεληλυθότων,
3506 4754 3596 4801 καὶ
3645 4748 3904 4801 εκϐαλλειν

2302 4829 2566 4906 ἐγγράφως
2648 4835 2705 4885 τὸ
2749 4833 3042 4906 όμοούσιον·
3106 4831 3325 4888 σύνοδον
3384 4834 3471 4889 οὖν
3558 4836 3902 4908 ἀθροισθῆναι

2300 4921 2796 4994 παρασκευάσαντες
2896 4922 2945 4974 ἐν
3038 4923 3577 4978 Κωνσταντινουπόλει
3664 4925 3900 4976 καθείλον

2300 5028 2389 5061 και
2440 5012 2739 5083 πεμφθῆναι
2778 5014 2910 5085 πρὸς
2963 5014 3242 5089 ὑπερορίαν
3315 5017 3571 5067 ἔσπευσαν
3629 5015 3749 5075 τοὺς
3806 5021 3900 5067 τοῦ

2299 5100 2581 5172 ὁμοουσίου
2652 5106 2906 5177 κήρυκας,
2978 5104 3279 5162 Ἀσκληπᾶν
3351 5103 3624 5156 ἐπίοκοπον
3706 5102 3899 5173 Γάζης,

2297 5192 2387 5241 καὶ
2443 5189 2723 5263 Κλιμάτιον
2798 5190 3141 5268 Ἀνταράδου,
3198 5193 3364 5265 ἕτερον
3440 5191 3719 5265 Κλιμάτιον
3773 5192 3903 5245 Πολ-

2295 5298 2409 5349 του,
2461 5279 2783 5354 Ἐφρατίωνα
2857 5282 3134 5344 Βαλανέων,
3206 5287 3373 5355 Κῦρον
3427 5278 3709 5356 ΑΒεῤῥοίας,
3759 5286 3902 5355 Δομ-

2294 5373 2451 5422 νίωνα
2510 5375 2745 5443 Σίρμίου,
2786 5371 3039 5426 Ἑλλάνεον
3082 5368 3396 5445 Τριπόλεως,
3451 5369 3651 5445 Ἀρειον
3694 5378 3901 5447 Πετρῶν

2294 5467 2391 5522 τῆς
2443 5459 2748 5532 Παλαιόνης,
2824 5464 2912 5513 καὶ
2974 5458 3241 5533 Ἀστέριον
3318 5466 3523 5536 Πετρῶν
3600 5469 3696 5523 τῆς
3751 5462 3903 5536 Ἀραο

2296 5547 2433 5618 ϐίας,
2476 5549 2759 5624 Ὀλύμπιον
2817 5552 2991 5616 Αἴνου,
3062 5544 3355 5603 Θεόδουλον
3421 5551 3901 5627 Τραῑανουπόλεως,

2295 5642 2579 5695 Βινκέντιον
2675 5639 2909 5706 Καπύης,
2999 5636 3261 5715 Ἐφράταν
3356 5639 3727 5719 Ἀγριππίνης,
3804 5642 3903 5697 Εὑ-
