4126 6228
217 382 262 436 l3
1533 366 1882 426 THESAURI
1920 366 2050 421 LIB.
2092 369 2180 423 Vl.
3473 369 3540 424 14

213 507 377 577 τρόπεον
415 493 932 570 Α’δριανουπόλεως,
977 495 1039 548 οὗ
1079 491 1364 567 διάδοχος,
1398 499 1643 563 Λουκιος,
1686 496 1778 546 καὶ

1906 494 1947 548 at
2009 491 2308 564 imprimis
2367 492 2706 553 Marcellum
2784 494 3038 564 Ancyrae
3107 491 3538 565 deposuerunt.

215 592 276 644 ἔτί
331 593 447 641 πᾶσι
505 587 595 638 τόν
661 584 939 658 εἰρημένον
997 583 1294 659 Μάρκελλον
1357 592 1455 648 τῆς
1518 583 1778 657 ’Δγκύρας

214 681 468 750 ηθῄρεσαν
493 695 506 707 ο
567 674 864 746 ὑπερφυῶς
909 675 1010 748 γὰρ
1068 671 1408 745 ἐχαλέπαινον
1464 671 1643 744 αὐτῷ,
1697 671 1784 724 οἷα

216 775 312 842 μέτε
357 764 398 818 ἰν
440 771 502 837 τῇ
551 765 706 816 κατὰ
759 768 1008 822 Φοινίκην
1052 758 1258 834 συνόδῳ
1301 769 1411 826 τοῖς
1459 762 1550 816 ὑπ’
1613 760 1781 814 αὐτῶν

217 860 424 930 ὁρισθεῐσι
471 856 616 906 κατὰ
669 852 998 907 Ἀθανασίου
1052 855 1360 926 συνθεμένῳ,
1412 858 1544 926 μήτε
1591 858 1696 912 τοῖς
1734 848 1782 903 ἓν

213 937 530 1022 Ἱεροσολύμοις
571 942 670 996 ἰπὶ
727 943 933 1016 Ἀρείῳ,
961 949 1093 1016 μήτε
1141 950 1235 1005 τῆς
1283 943 1640 1018 καθιερώσεως
1692 947 1783 994 τοῦ

218 1037 391 1112 aer/ﬂow
447 1037 760 1109 μαρτυρίου
827 1037 1149 1106 μετασχόντι
1217 1029 1253 1086 δ
1259 1032 1292 1085 ι’
1358 1031 1628 1106 ἀποφυγὴν
1692 1039 1786 1093 τῆς

219 1130 314 1202 πρὸς
367 1124 546 1184 αὐτοὺς
613 1126 900 1186 κοινωνίας
931 1143 946 1156 ο
1013 1125 1102 1174 καὶ
1163 1129 1334 1176 ταῦτα
1405 1124 1495 1195 μεν
1559 1122 1636 1174 ἔτι
1693 1127 1784 1174 τοῦ

219 1213 395 1288 μεγάλου
422 1214 708 1286 περιόντος
743 1215 1154 1266 Κωνσταντίνου.

273 1303 323 1368 ς’.
355 1301 785 1363 Τελευτήσαντος
842 1296 900 1353 δι
968 1299 1201 1364 ἐκείνου,
1259 1303 1350 1354 καὶ
1401 1307 1492 1360 τῆς
1541 1297 1639 1352 ἆνὰ
1692 1302 1786 1357 τὴν

229 1397 272 1448 ἔω
323 1389 586 1466 βασιλείας
661 1389 742 1451 εἰς
807 1391 1160 1442 Κωνστάντιον
1225 1391 1590 1465 περιστάσης,
1659 1390 1788 1461 ἔσχε

239 1482 364 1555 pillea
405 1476 658 1534 ἐπίδοσιν
698 1481 769 1533 τὰ
811 1485 914 1531 τῶν
961 1477 1272 1554 ’Δρειανῶνο
1325 1479 1350 1531 6
1397 1479 1498 1551 γὰρ
1537 1497 1617 1532 τοι
1659 1495 1787 1550 πρε-

245 1570 424 1645 dirigo;
487 1567 687 1629 ἐκεῖνος
757 1566 812 1620 ὃν
883 1565 1253 1642 ἂρειανόφρονα
1318 1570 1442 1619 ὅντα
1509 1573 1788 1620 Κωνσταν-

235 1667 314 1730 to?
347 1663 658 1716 συνέστησεν
707 1659 742 1716 ἠ
789 1655 950 1709 αύτού
1008 1653 1229 1730 ἀδελφὴ,
1269 1660 1445 1730 γέγονε
1502 1676 1593 1708 και
1642 1662 1788 1709 Κων-

231 1753 412 1820 ετωτίῳ
467 1750 866 1820 κεχαρισμένος
941 1744 1026 1798 οἶα
1084 1748 1179 1807 τὰς
1241 1753 1332 1798 τοῦ
1399 1747 1789 1799 Κωνσταντίνου

1889 580 2071 637 Valde
2100 582 2260 638 enim
2297 581 2374 639 illi
2410 581 2907 655 indignabantur,
2947 583 3153 654 utpote
3197 580 3304 654 qui
3343 597 3543 655 neque

1887 670 1950 726 in
1980 671 2218 742 synodo
2260 672 2425 745 apud
2453 671 2760 729 Phoenices
2802 670 3013 728 habita
3049 670 3122 726 iis
3153 686 3290 744 quae
3333 676 3545 729 contra

1889 760 2287 818 Athanasium
2338 762 2585 818 decretae
2633 764 2774 819 sunt
2829 759 3166 830 adhaeserit,
3215 775 3414 832 neque
3467 759 3542 816 iis

1889 863 2028 922 quae
2059 850 2484 923 Hierosolymis
2513 851 2588 907 de
2618 849 2776 918 Ario,
2803 863 3002 921 neque
3032 849 3240 920 magni
3280 849 3548 907 testimo-

1891 938 1974 995 nii
2038 939 2476 996 consecrationi
2538 955 2600 995 se
2643 937 2997 1005 admoverit,
3043 943 3289 1011 propter
3331 953 3544 996 eorum

1892 1029 2339 1085 communionis
2383 1027 2868 1086 detestationem.
2899 1030 2966 1085 Et
3009 1027 3139 1084 haec
3182 1027 3431 1102 quidem
3459 1028 3548 1086 vi-

1891 1121 2068 1175 vente
2097 1118 2297 1176 adhuc
2328 1118 2714 1177 Constantino
2742 1121 2979 1190 Magno.

1967 1300 2020 1354 6.
2061 1296 2164 1354 lllo
2207 1301 2407 1354 autem
2456 1301 2732 1368 mortuo,
2781 1300 2838 1354 et
2884 1295 3105 1354 Orienti
3155 1295 3412 1370 imperio
3467 1295 3548 1355 ad

1895 1386 2311 1443 Constantium
2359 1387 2745 1458 deveniente,
2793 1403 2890 1444 res
2941 1387 3301 1444 Arianorum
3354 1388 3548 1444 incre-

1896 1479 2166 1532 mentum
2193 1492 2498 1550 accepere.
2527 1477 2626 1534 Ille
2655 1477 2818 1534 enim
2859 1475 3176 1549 presbyter
3222 1492 3406 1549 quem
3429 1475 3551 1533 Arii

1896 1569 2096 1638 partes
2137 1569 2439 1622 tenentem
2470 1567 2861 1625 Constantino
2899 1565 3093 1638 ipsius
3139 1581 3311 1623 soror
3354 1565 3552 1624 conci-

1895 1654 2165 1722 liaverat,
2197 1655 2306 1712 fuit
2343 1660 2400 1712 et
2430 1656 2772 1713 Constantio
2820 1657 3062 1724 charus,
3096 1659 3299 1729 utpote
3324 1655 3430 1730 qui
3465 1654 3552 1712 illi

1899 1745 2270 1802 Constantini
2329 1750 2764 1804 testamentum
2823 1745 3116 1803 detulerit.
3181 1745 3322 1802 Inde
3374 1746 3556 1817 igitur

227 1835 446 1899 διαθήκας
503 1833 801 1896 ἀποδώσας
862 1836 1044 1908 αύτῳ·
1115 1836 1349 1898 συνήθης
1410 1830 1498 1887 οὗν
1563 1833 1791 1887 ἐντεῦθεν

1906 1833 2263 1907 imperatrici
2293 1835 2605 1892 familiaris
2637 1836 2829 1892 factus
2860 1839 2916 1891 et
2945 1834 3240 1891 eunuchis
3268 1834 3414 1906 regii
3445 1851 3554 1892 cu-

227 1932 298 1980 εαὶ
332 1935 384 1999 τῇ
434 1921 686 2000 βασιλίδι
737 1929 1000 1998 γενόμενος
1043 1924 1133 1976 καί
1179 1932 1290 1986 τοῖς
1336 1922 1385 1976 ἓν
1434 1920 1656 1996 δυνάμει
1705 1924 1793 1976 θα·

229 2017 501 2089 λαμεπόλοις
572 2015 856 2087 εὐνούχοις
879 2058 894 2082 ,
968 2013 1036 2065 ὧν
1110 2012 1360 2076 Εὐσέϐιος
1427 2014 1454 2065 6
1527 2011 1794 2074 ίπαινέτης

231 2107 397 2182 ’Δρείον
439 2109 798 2180 προειστήκει,
837 2099 1044 2177 σφόδρα
1089 2109 1385 2178 συνεκρότει
1435 2103 1559 2166 τούς
1587 2103 1792 2179 Ἀρεία-

230 2197 445 2259 νούς.Ἐν
487 2199 649 2267 τούτῳ
693 2190 757 2247 δὲ
789 2194 1099 2256 Ἀθανάσιος
1147 2192 1202 2246 ἐκ
1240 2202 1341 2246 τῶν
1390 2193 1615 2246 Γαλλιῶν
1667 2193 1794 2246 ἐπα-

232 2286 388 2343 νῆλθεν
447 2285 509 2346 εἰς
563 2279 962 2358 ’Δλεξάνδρειαν
989 2321 1002 2345 ,
1059 2281 1431 2358 ἐπιτρέψαντος
1496 2281 1636 2354 αὐτῷ
1700 2285 1793 2341 τὴν

239 2370 462 2441 κάθοδον,
503 2377 588 2426 καὶ
627 2374 920 2447 γράμματα
975 2368 1153 2434 δόντος
1201 2376 1332 2447 πρὸς
1377 2375 1494 2432 τούς
1549 2369 1792 2434 Ἀλεξαν-

1897 1923 2080 1981 biculi
2103 1925 2556 1996 potentissimis,
2582 1924 2798 1998 quibus
2823 1929 3080 1997 praeerat
3103 1923 3413 1992 Eusebius,
3437 1923 3558 1982 Arii

1899 2012 2114 2084 fautor,
2150 2014 2400 2070 Arianos
2443 2014 2704 2070 fovebat.
2746 2016 2976 2070 Interea
3012 2029 3155 2070 vero
3188 2013 3555 2072 Athanasius

1901 2117 1968 2158 ex
1997 2101 2198 2158 Galliis
2235 2102 2664 2158 Alexandriam
2711 2101 2995 2166 redierat,
3028 2101 3287 2157 reditum
3315 2101 3398 2157 illi
3425 2117 3559 2175 per-

1901 2191 2166 2246 mittente
2212 2189 2553 2264 litterasque
2601 2189 2679 2248 ad
2707 2189 3143 2246 Alexandrinos
3183 2188 3366 2246 dante
3412 2193 3561 2247 Con-

1901 2279 2164 2335 stantino
2187 2279 2556 2336 Constantini
2576 2279 2772 2350 Magni
2791 2278 2934 2348 ﬁlio,
2953 2278 3059 2352 qui
3083 2277 3164 2336 ad
3185 2279 3560 2338 occidentem

1902 2367 2102 2425 Gallia:
2128 2367 2488 2440 imperabat.

254 2459 380 2534 δριῖς
432 2467 792 2516 Κονισταντίνου
859 2469 953 2516 τοῦ
1010 2463 1285 2536 ὁμωνύμου
1334 2470 1407 2534 τῷ
1471 2461 1678 2536 μεγάλῳ
1738 2463 2111 2532 Κωνσταντίνῳ
2160 2454 2358 2522 παιδὸς
2409 2457 2570 2512 αὐτοῦ
2595 2499 2610 2526 ,
2663 2457 2718 2522 ὃς
2777 2477 2918 2532 ηρχε
2988 2466 3088 2512 τῶν
3152 2461 3284 2533 πρὸς
3349 2457 3563 2533 ἑσπέρον

259 2550 483 2606 Γαλατῶν.

309 2640 366 2701 ζ.
403 2643 531 2694 Κατὰ
567 2638 624 2695 δ⁴ε
665 2648 847 2695 τοῦτον
885 2644 973 2694 τόν
1001 2645 1192 2715 χρόνον
1231 2639 1479 2696 Εύσεϐίου
1517 2647 1611 2695 τοῦ
1651 2647 1797 2712 Παμ-

247 2728 373 2802 φίλου
406 2734 480 2782 τόν
529 2730 642 2803 βίον
693 2729 954 2800 λιπόντος,
1002 2727 1271 2794 διεδέξατο
1318 2735 1412 2789 τὴν
1455 2729 1504 2783 ίν
1550 2738 1610 2803 τῇ
1674 2737 1798 2784 Και-

245 2823 405 2893 σαρείᾳ
457 2827 540 2881 τῆς
597 2819 951 2880 Παλαιστίνης
1006 2817 1297 2879 ἕπισκόπήν
1353 2819 1636 2880 Ἀκάκιος’
1702 2820 1796 2872 οὐκ

245 2908 302 2970 εἰς
343 2911 524 2983 μακρὰν
574 2907 634 2964 δε
685 2914 777 2963 καὶ
828 2916 1214 2973 Κωνσταντίνος
1258 2912 1284 2962 ὁ
1329 2909 1600 2983 βασιλεὺς,
1645 2909 1794 2963 πόλε·

1979 2643 2034 2694 7.
2076 2641 2196 2694 Hoc
2223 2641 2426 2695 autem
2462 2642 2731 2712 tempore
2774 2637 3034 2696 Eusebio
3064 2637 3358 2710 Pamphili
3381 2653 3414 2695 e
3443 2637 3567 2697 vita

1905 2726 2194 2800 profecto,
2211 2730 2494 2785 Cmsareae
2515 2728 2575 2784 in
2593 2727 2906 2784 Palaestina
2922 2728 3344 2802 episcopatum
3363 2744 3568 2786 susce-

1905 2816 1994 2889 pit
2021 2817 2292 2873 Acacius.
2326 2821 2441 2874 Nec
2469 2817 2654 2887 longo
2676 2821 2811 2890 post
2839 2822 3111 2890 tempore
3138 2817 3566 2876 Constantinus

1905 2905 2234 2978 imperator
2257 2906 2364 2978 qui
2409 2906 2654 2979 proprio
2685 2906 2850 2962 fratri
2881 2908 3186 2963 Constanti
3225 2906 3454 2963 bellum
3479 2907 3566 2963 in-

242 3018 322 3070 μον
368 3006 617 3073 επαγαγὼν
667 3009 742 3071 τῷ
795 2996 915 3072 ἰδίῳ
971 2997 1175 3073 ἀδελφῷ
1231 3007 1551 3072 Κώνσταντι,
1611 3005 1793 3055 κτείνε·

1906 2995 2166 3062 dixerat,
2218 2995 2504 3068 Aquileiae
2558 2995 2636 3052 ab
2693 2996 2824 3067 ejus
2880 2995 3138 3052 ducibus
3189 2996 3560 3054 interﬁcitur.

241 3108 317 3141 ται
363 3093 490 3164 παρὰ
534 3100 628 3143 τῶν
678 3090 874 3143 ἐκείνου
927 3098 1236 3164 στρατηγῶν
1280 3089 1328 3142 ἕν
1381 3090 1618 3163 Ἀκυλίᾳ.
1668 3095 1795 3144 Τότε

241 3175 291 3231 δε
327 3184 405 3231 καὶ
452 3177 782 3253 Ἀλεξάνδρου
843 3187 936 3232 τοῦ
989 3179 1578 3242 Κωνσταντινουπόλεως
1628 3179 1794 3233 τελευ-

241 3271 502 3338 τήσαντος,
547 3267 944 3344 προεϐλήθησαν
996 3270 1144 3341 παρὰ
1202 3271 1292 3340 μὲν
1353 3277 1452 3320 τῶν
1521 3268 1793 3342 Ἀρειανῶν

245 3353 549 3424 Μακεδόνως,
584 3361 725 3431 παρά
768 3354 828 3410 δε
880 3366 980 3410 τῶν
1025 3354 1321 3432 ὀρθοδόξων
1381 3357 1602 3422 Παῦλος,
1652 3361 1797 3432 παρά

250 3449 436 3516 γνώμην
477 3453 559 3498 τοῦ
605 3443 959 3518 Νικομηδείας
1011 3446 1298 3500 ἐπισκόπου
1361 3445 1646 3508 Εὐσεϐίου,
1705 3452 1795 3500 καὶ

262 3529 508 3608 Θεοδώρου
577 3544 661 3588 τοῦ
707 3541 792 3595 τήν
850 3537 902 3589 ἰν
969 3537 1151 3610 Θρᾴκῄ
1209 3534 1548 3610 Ἡρακλείας,
1601 3537 1675 3598 οἷς
1725 3538 1796 3598 ὡς

258 3625 458 3690 ⁶γείτοσιν
507 3625 534 3681 ἡ
582 3631 872 3699 χειροτονία
937 3622 1190 3701 διέφερεν.
1256 3626 1374 3680 Ἐπὶ
1435 3628 1644 3688 τούτοις
1706 3621 1794 3678 οὖν

251 3708 484 3784 ὀργισθεὶς
526 3715 912 3784 Κωνστάντιος,
964 3719 1312 3789 παραγέγονεν
1356 3715 1430 3778 εἰς
1477 3715 1794 3780 Βυζάντιον,

241 3797 296 3856 ἦν
337 3803 426 3874 γὰρ
473 3799 741 3876 ἀπόδημος
791 3800 1072 3875 τηνικάδε,
1120 3809 1211 3856 καὶ
1269 3801 1488 3857 σύνοδον
1542 3807 1791 3869 καθίσας,

239 3885 498 3962 παρέδωκεν
550 3892 784 3966 Εύσεϐίῳ
845 3901 918 3966 τῷ
968 3890 1332 3966 Νικομηδείας
1383 3896 1471 3946 τόν
1521 3899 1794 3948 Κωνσταν-

237 3979 532 4042 τινουπόλεως
601 3984 780 4058 θρόνον
807 4024 820 4050 ,
891 3978 1134 4059 δευτέραν
1195 3985 1391 4042 ταύτην
1467 3985 1796 4056 μετατεθέντι

233 4068 510 4137 μετάθεσιν·
568 4069 654 4124 ἐπὶ
699 4073 887 4124 τούτου
953 4073 1415 4148 συνηθροίσθησαν
1474 4072 1540 4133 εἰς
1591 4071 1795 4126 Ἀντιό-

231 4173 364 4224 χειαν
407 4161 498 4216 τήν
549 4157 781 4231 μεγάλην
834 4161 1134 4218 ἐνενήκοντα
1179 4164 1270 4213 καὶ
1313 4159 1442 4213 ἐπτὰ
1497 4159 1791 4228 ἐπίσκοποι,

1903 3087 2066 3142 Tunc
2129 3089 2332 3141 autem
2398 3089 2457 3141 et
2509 3084 2850 3141 Alexandro
2902 3085 3562 3158 Constantinopolitano

1903 3179 2162 3244 mortuo,
2196 3173 2363 3230 electi
2394 3179 2532 3231 sunt
2560 3175 2638 3230 ab
2666 3174 2900 3230 Arianis
2928 3173 3331 3243 Macedonius,
3364 3175 3441 3231 ab
3471 3192 3565 3233 or-

1903 3262 2187 3319 thodoxis
2213 3278 2356 3318 vero
2385 3262 2624 3330 Paulus,
2653 3267 2863 3318 contra
2907 3268 3170 3318 mentem
3200 3263 3561 3321 Nicomediae

1904 3351 2176 3425 episcopi
2207 3350 2462 3416 Eusebii,
2495 3355 2552 3407 et
2579 3351 2873 3406 Theodori
2897 3350 3190 3407 Heracleae
3223 3351 3282 3407 in
3310 3352 3564 3410 Thracia

1903 3441 2191 3514 episcopi,
2223 3440 2301 3497 ad
2326 3455 2481 3514 quos
2507 3445 2569 3496 ut
2611 3439 2842 3496 vicinos
2872 3439 3207 3514 pertinebat
3237 3441 3560 3500 ordinatio.

1905 3530 2045 3586 ldeo
2099 3530 2286 3586 iratus
2335 3529 2718 3586 Constantius
2772 3529 3119 3603 Byzantium
3175 3530 3341 3586 venit
3394 3534 3560 3600 (tunc

1905 3621 2066 3676 enim
2093 3619 2321 3691 aberat)
2348 3637 2362 3689 ;
2394 3624 2453 3676 et
2482 3619 2718 3691 synodo
2749 3623 3081 3676 convocata
3113 3619 3368 3675 Eusebio
3395 3620 3562 3678 Nico-

1904 3710 2175 3766 medensi
2215 3709 2946 3782 Constantinopolitanum
2987 3708 3273 3766 thronum
3313 3709 3562 3768 tradidit

1903 3799 2007 3872 qui
2031 3791 2190 3856 hanc
2221 3798 2551 3854 secundam
2579 3798 3032 3855 translationem
3056 3799 3304 3872 accepit.
3330 3800 3561 3858 Interea

1903 3889 2280 3945 Antiochiam
2306 3903 2598 3958 magnam
2623 3904 2958 3946 convenere
2978 3888 3308 3959 nonaginta
3329 3894 3560 3962 septem

1903 3978 2192 4052 episcopi,
2228 3983 2640 4034 convenerunt
2671 3983 2878 4034 autem
2908 3982 2974 4032 ut
3000 3984 3269 4034 recenter
3295 3978 3556 4036 aediﬁca-

1903 4072 2031 4124 tam
2060 4066 2376 4124 ecclesiam
2405 4065 2834 4136 consecraturi,
2857 4081 3044 4138 quam
3071 4066 3372 4123 mdiﬁcare
3402 4067 3560 4124 ince-

1903 4162 2076 4230 perat
2113 4155 2572 4221 Constantinus;
2605 4155 2802 4228 reipsa
2831 4169 2995 4221 vero,
3029 4160 3093 4212 ut
3140 4159 3384 4213 eventus
3423 4171 3560 4230 pro-

229 4243 286 4294 ὧν
333 4244 425 4298 εἱσι
464 4252 552 4301 καὶ
598 4250 647 4301 οἱ
696 4253 964 4322 φερόμενοι
1015 4253 1258 4312 κανόνεςο
1311 4250 1674 4322 ἠθροίσθησαν
1733 4246 1792 4302 δε

1906 4245 2094 4314 bavit,
2120 4246 2360 4301 Nicaena
2384 4243 2624 4300 decreta
2655 4243 2960 4300 mutaturi.

227 4337 456 4407 προφάσει
505 4339 595 4409 μὶν
643 4335 729 4390 ἐπὶ
781 4339 1093 4412 καθιερώσει
1148 4345 1240 4400 τῆς
1293 4336 1398 4391 ἐκεῖ
1449 4341 1852 4412 νεουργηθείσης
1899 4333 2180 4396 ἐκκλησίας
2229 4333 2290 4392 ἣν
2343 4333 2538 4406 ἤρξατο
2628 4335 2720 4406 μὲν
2782 4329 3077 4406 οἰκοδομεῖν
3133 4340 3559 4405 Κωνσταντίνος,

227 4419 534 4496 ἐξειργάσατο
573 4422 634 4480 δε
674 4429 1068 4490 Κωνστάντιοςο
1110 4429 1181 4492 ὡς
1218 4425 1278 4482 δὲ
1314 4431 1370 4482 τὸ
1411 4427 1608 4482 ἀποϐὰν
1649 4425 1837 4492 ἔδειξεν
1876 4425 1962 4480 ἐπὶ
2000 4427 2345 4498 μεταποιήσει
2383 4431 2484 4474 τῶν
2514 4421 2563 4474 ἐν
2601 4427 2801 4495 Νικαίᾳ
2839 4419 3120 4486 δοξάντων.

287 4509 346 4569 η’.
399 4512 633 4589 Ἡγοῦντο
706 4512 767 4570 δε
831 4525 922 4579 τῆς
992 4513 1218 4571 συνόδου
1291 4519 1486 4580 ταύτης
1551 4516 1800 4580 Εὐσέϐιος

228 4604 788 4669 Κωνσταντινόυπόλεως
839 4607 868 4659 ὁ
925 4604 1026 4660 ἀπὸ
1073 4603 1430 4681 Νικομηδείας
1480 4610 1797 4682 μετατεθεὶς,

228 4687 437 4758 Ἀκακιος
505 4700 822 4770 Καισαρείας
884 4704 982 4758 τῆς
1036 4699 1173 4750 κατὰ
1240 4696 1613 4768 Παλαιστίνην,
1683 4705 1799 4750 Πα-

222 4780 426 4854 τρὸγιλος
489 4782 892 4851 Σκυθοπόλεως,
945 4781 1216 4860 Θεόδωρος
1269 4787 1578 4858 Πειρίνοου,
1636 4779 1801 4838 Εὐδό-

224 4868 312 4932 ξιος
359 4877 765 4950 Γερμανικείας,
824 4876 1074 4936 Διαύσιος
1131 4879 1449 4950 Καισαρείας
1504 4869 1798 4928 Καππαδο-

220 4963 337 5026 κίας,
385 4968 480 5016 καὶ
541 4967 796 5039 Γεώργιος
852 4959 1168 5026 Λαοδικείας
1220 4973 1315 5028 τῆς
1372 4965 1517 5039 παρά
1571 4965 1796 5038 Σύρους·

220 5050 434 5124 Μάξιμος
497 5049 557 5106 δι
605 5054 632 5104 6
686 5055 816 5126 μετὰ
858 5054 1130 5128 Μακάριον
1173 5052 1540 5130 Ἰεροσολύμων
1592 5051 1800 5106 ἐπίσκο-

220 5159 296 5204 πος
337 5147 568 5216 γεγονὼς
595 5139 843 5206 ἐπίτηδες
885 5143 1142 5218 iuro-707:
1183 5148 1378 5204 ταύτην
1415 5149 1510 5204 τὴν
1557 5141 1798 5214 σύνοδον,

220 5232 607 5306 μεταμελόμενος
661 5234 848 5287 καθότι
904 5232 1194 5299 ἀπατηθεὶς
1253 5233 1448 5307 ἐγίνετο
1518 5233 1801 5307 σύμψηφος

220 5327 305 5382 τοῖς
353 5322 673 5377 ’Δθανάσιον
737 5323 1045 5378 καθελοῦσιν
1097 5325 1146 5378 ἓν
1200 5327 1372 5401 Τύρῳ.
1432 5323 1554 5377 ’Υπό
1606 5325 1801 5376 τούτων

219 5404 291 5461 οὖν
331 5420 432 5465 τῶν
482 5410 532 5465 ἐν
583 5412 884 5487 ’Δντιοχείᾳ
923 5413 1340 5473 συνεληλυθότων
1387 5415 1518 5488 πρὸς
1563 5421 1626 5486 τῇ
1680 5409 1801 5466 δια-

224 5510 396 5576 στροφῇ
445 5509 540 5557 τοῦ
595 5499 861 5576 δόγματος
903 5501 1219 5560 Ἀθανασίου
1267 5501 1802 5575 καταψηφισαμένων,

221 5590 498 5664 προεϐλήθη
552 5589 948 5670 ’Δλιξανδρειας
1003 5596 1282 5658 ἐπίσκοπος
1346 5590 1596 5656 Εὐσέϐιος
1660 5591 1686 5644 6
1751 5589 1805 5655 ἐξ

1981 4517 2034 4570 8.
2077 4512 2387 4569 Ducebant
2437 4516 2640 4568 autem
2694 4511 2852 4568 hanc
2915 4511 3222 4584 synodum
3271 4512 3561 4570 Eusebius

1909 4601 2610 4674 Constantinopolitanus
2661 4601 2769 4674 qui
2832 4600 3179 4658 Nicomedia
3235 4602 3563 4660 translatus

1907 4692 2123 4757 fuerat,
2150 4690 2400 4747 Acacius
2427 4692 2710 4747 Caesareae
2747 4690 2808 4746 in
2839 4689 3156 4758 Palestina,
3187 4691 3562 4764 Patrophilus

1912 4780 2312 4855 Scythopolis,
2356 4779 2698 4836 Theodorus
2742 4779 3020 4850 Perinthi,
3068 4779 3374 4836 Eudoxius
3426 4783 3564 4838 Ger-

1907 4870 2208 4940 manicim,
2270 4869 2544 4925 Diausius
2599 4871 2886 4926 Caesareae
2937 4868 2998 4923 in
3051 4867 3455 4942 Cappadocia,
3505 4874 3564 4929 et

1909 4959 2198 5030 Georgius
2224 4957 2533 5015 Laodiceae
2559 4957 2722 5030 apud
2749 4959 2953 5030 Syros.
2982 4957 3274 5014 Maximus
3294 4959 3401 5031 qui
3424 4963 3566 5032 post

1908 5049 2229 5110 Macarium
2260 5047 2689 5119 Hierosolyma:
2721 5047 3043 5120 episcopus
3092 5047 3285 5104 factus
3314 5052 3462 5122 erat,
3488 5049 3565 5107 de

1908 5139 2205 5197 industria
2237 5137 2542 5210 synodum
2581 5136 2908 5202 vitaverat;
2939 5152 3079 5193 eum
3106 5137 3268 5194 enim
3308 5139 3566 5211 poenite-

1909 5231 2015 5287 bat
2045 5229 2209 5303 quod
2240 5227 2526 5300 deceptus
2557 5225 2914 5296 suffragium
2946 5225 3177 5283 tulisset
3205 5243 3343 5284 cum
3369 5228 3440 5284 iis
3461 5227 3567 5301 qui

1907 5319 2043 5393 Tyri
2083 5316 2478 5375 Anathasium
2521 5314 2956 5386 deposuerant.
2987 5315 3076 5370 Ab
3120 5315 3192 5370 iis
3235 5317 3341 5389 qui
3387 5317 3570 5388 igitur

1911 5409 2238 5466 Antiochiae
2259 5405 2775 5464 conversabantur
2799 5411 2852 5463 et
2876 5409 3092 5480 praeter
3116 5405 3418 5475 dogmatis
3438 5423 3569 5480 per-

1908 5499 2248 5558 versionem
2297 5495 2688 5554 Athanasium
2730 5496 3309 5565 condemnaverant,
3347 5495 3568 5553 electus

1911 5593 2004 5646 est
2067 5585 2444 5646 Alexandriae
2513 5586 2834 5659 episcopus
2902 5583 3232 5653 Eusebius,
3301 5583 3565 5652 Edessa,

4009 3653 4043 3748 ,4'

4001 3733 4043 3878 .5;

3599 5 3604 8 '
3873 0 3982 32 Ν).

3595 157 3600 164 ,
3671 135 3790 168 ,ξιξ
3873 157 3880 166 ,
3939 135 4000 168 έμι

3609 177 3616 184 ‘
3727 167 3902 210 ”ῖ·³,.,ο

3617 219 3626 228 ι
3681 229 3684 232 .
3937 209 4000 256 0-“

3899 263 3906 268 φ
3959 257 4000 270 ⁴⁴

3799 305 3812 312 -
3889 289 3898 294 '
3957 279 4000 314 ’ἦ

3903 337 3934 348 ,α
3991 351 4000 360 ς

3955 437 3998 478 ί.-

3983 543 4002 560 ’δ

3923 589 3936 596 ’
3975 589 4002 630 ἦ

3983 685 4016 772 3

3977 797 4006 832 ..ξ

3973 1023 4012 1060 4.

3915 1087 3920 1092 ο
3981 1063 4012 1104 ".

3951 1209 3960 1218 .
3995 1183 4012 1208 II

3987 1299 4012 1320 δ

3905 1391 3918 1398 -
3961 1377 4014 1424 ⁸..;

4005 1519 4016 1536 ε

3983 1549 4016 1588 ’ἒ

3979 1625 4012 1658 ἢ..

3987 1669 4018 1728 ἰ

4002 2293 4010 2308 ε

4002 2313 4024 2334 ἡ

4015 2523 4024 2552 ἰ

4007 2563 4024 2576 δ

4021 2625 4028 2634 ο

4019 2675 4034 2686 ν

4002 2961 4024 2978 ι,

4005 3079 4020 3088 .
4029 3071 4034 3074 .

4013 3321 4038 3366 εἰ

4017 3893 4043 3986 ἓ

4017 3997 4043 4146 ἓ

4019 4161 4043 4274 Ῑ

4027 4471 4043 4502 ὲ

4019 4517 4043 4562 Ἴ

4029 4581 4032 4590 ι
4041 4579 4043 4592 l

4021 4667 4043 4694 ἦ
