4126 6228
277 303 348 355 i7
1672 294 2022 355 THESAUBI
2051 295 2188 354 LIB.
2218 297 2288 352 VI
3594 298 3658 356 18

359 421 455 478 ια’.
527 421 606 476 Ἐν
647 421 814 492 τούτῳ
873 415 932 474 δὲ
969 423 1064 480 τὴν
1117 420 1338 496 Ῥώμην,
1397 425 1467 487 ὡς
1527 425 1734 498 ἔφαμεν,
1801 441 1902 475 κα-
1934 424 1982 478 Α

272 512 503 566 τέλαϐον
553 511 868 571 ’Δθανάσιος
927 516 1019 564 καὶ
1074 512 1293 580 Παῦλος,
1343 512 1473 566 ἀλλὰ
1523 520 1616 567 καὶ
1666 512 1886 586 Μάρκελ-

273 603 374 666 λος
433 605 462 656 ὁ
523 603 800 674 Ἀγκύρας,
862 605 954 654 καὶ
1022 601 1324 666 Ἀοκληπᾰς
1381 605 1410 656 ό
1488 603 1685 671 Γάζης,
1743 606 1797 656 ὃν
1851 603 1900 656 οἱ

279 694 574 767 ’Δρειανοὶ,
639 688 982 754 διαϐαλόντες
1037 693 1108 752 ὦς
1167 695 1547 768 θυσιαστήριον
1601 695 1898 767 καταστρέ-

273 782 486 854 ψαντα,
534 779 790 847 καθεῖλον,
844 785 938 832 καὶ
979 778 1084 833 ἀντ’
1141 781 1302 835 αὐτοῦ
1358 786 1630 836 Κεντιανόν
1687 782 1900 854 ἐχειρο-

275 876 518 930 τόνησαν
550 886 564 901 ⁸
631 873 766 944 πρὸς
819 866 880 922 δὲ
935 875 1025 923 καὶ
1071 872 1300 934 Λούκιος
1346 872 1372 924 ό
1423 868 1898 946 Ἀδριανουπόλεως

274 959 368 1014 ἐπ’
413 959 552 1032 ἄλλῳ
613 963 716 1013 τινὶ
767 960 1172 1032 κατηγορηθείς.
1203 959 1263 1011 Ὀ
1314 956 1373 1013 δὲ
1429 959 1628 1033 Ῥώμης
1688 958 1898 1012 ἐπίσκο-

271 1069 382 1111 πος
423 1048 658 1117 Ἰούλιος,
709 1048 1055 1120 ὁμονοοῦντας
1104 1051 1319 1110 τούτους
1376 1050 1536 1124 εὑρὼν
1587 1056 1650 1122 τῇ
1703 1046 1750 1100 ἐν
1794 1055 1897 1101 Νι-

271 1145 412 1211 xeris}
471 1135 706 1209 σ-υνόδῷ,
776 1137 846 1198 εἰς
908 1140 1174 1189 κοινωνίαν
1239 1143 1566 1214 προσήκατο,
1638 1142 1728 1190 καὶ
1789 1144 1899 1199 τοῖς

271 1227 378 1279 ἐκνὰ
423 1233 524 1285 τὴν
561 1227 666 1281 Ἐω
712 1231 876 1279 πᾶσιν
945 1224 1252 1288 ἐπισκόποις
1318 1226 1540 1300 ἔγραψεν
1604 1222 1896 1280 ἀποδοῦναι

271 1321 366 1389 μέν
420 1321 611 1376 αὐτοῖς
676 1319 794 1376 τοὺς
862 1310 1027 1376 ἰδίους
1092 1316 1328 1388 θρόνους,
1397 1313 1602 1388 πέμψαι
1661 1311 1721 1368 δέ
1755 1334 1896 1376 τινας

279 1406 348 1468 εἰς
391 1407 573 1480 ῥητὴν
641 1406 838 1479 ἡμέραν
893 1407 1010 1465 τοὺς
1071 1402 1366 1476 ἐλέγξοντας
1425 1405 1616 1467 αύτούς
1670 1401 1895 1467 δικαίως

289 1487 716 1568 ἐκϐεϐλημένους.
782 1495 996 1554 Τούτοις
1057 1493 1410 1569 θαῤῥήσάντες
1473 1501 1582 1556 τοῖς
1643 1495 1890 1568 γράμμα-

293 1603 361 1636 στν
421 1587 475 1637 οἱ
543 1583 680 1657 ἀμφὶ
735 1587 823 1636 τὸν
873 1582 1203 1652 Ἀθανάσιον,
1270 1585 1490 1646 ἕκαστος
1549 1586 1637 1636 τὸν
1705 1583 1890 1635 ἑαυτοῦ

278 1672 534 1726 κατέλαϐε
592 1675 793 1746 θρόνον.
855 1673 922 1728 Οἱ
989 1668 1046 1725 δὲ
1101 1675 1192 1733 τὰς
1249 1671 1526 1735 ἐπιστολὰς
1597 1668 1886 1744 δεξάμενοι,

269 1761 530 1833 χαλεπῶς
571 1765 798 1833 ἤνεγκαν
829 1776 843 1789 ⁸

275 1850 483 1922 Ἰουλίῳ
551 1855 644 1923 μὲν
719 1849 1050 1925 ἀντέγραψαν
1117 1854 1182 1912 ὡς
1249 1851 1308 1904 ού
1374 1848 1458 1904 δεῖ
1517 1852 1888 1912 κανονίζεσθαι

270 1940 406 2014 παρ’
435 1939 603 1992 αύτοῦ
652 1943 775 2001 τούς
813 1949 906 2001 τῆς
953 1939 1225 2003 ’Δνοτολῆς
1280 1939 1617 2008 ἐπισκόπους,
1661 1940 1706 1993 εἰ
1756 1939 1890 2013 βού-

271 2029 450 2083 λοιντὸ
515 2049 662 2092 τινας
725 2027 1005 2092 ἐξελαύνειν
1079 2038 1179 2082 τῶν
1235 2028 1556 2100 ἐκκλησιῶν,
1611 2031 1692 2083 ὅτι
1748 2026 1889 2103 μηδέ

272 2123 323 2173 οἱ
369 2129 470 2183 τῆς
511 2119 794 2182 Ἀνατολῆς
819 2119 1072 2191 ἀντεῖπον,
1107 2121 1190 2174 ὅτε
1240 2123 1481 2173 Ναυάτον
1541 2120 1798 2184 ἐξήλασαν
1839 2121 1888 2172 οἱ

273 2217 373 2272 τῆς

273 2300 607 2353 Ἀθανασίου
645 2303 733 2352 καὶ
799 2297 1009 2352 Παύλου
1042 2319 1055 2332 ·

467 2212 694 2272 Δύσεως.
783 2210 1143 2262 Κωνστάντιον
1219 2205 1280 2262 δὲ
1339 2215 1680 2286 παρώτρυναν
1752 2210 1890 2262 κατὰ

1111 2303 1200 2351 καὶ⁵
1253 2298 1308 2362 ὃς
1362 2298 1584 2373 ἔγραψεν
1625 2298 1712 2352 ἀπ’
1777 2297 1886 2352 Ἀν-

277 2393 531 2460 τιοχείας
583 2396 656 2459 τῷ
715 2387 930 2461 ἐπάρχῳ
991 2390 1581 2452 Κωνσταντινουπόλεως
1647 2387 1886 2459 Φιλίππῳ

289 2477 510 2530 Παῦλον
575 2479 666 2549 μὲν
733 2476 959 2541 ἐξελάσαι
1015 2486 1112 2540 τῆς
1179 2477 1372 2540 πόλεως
1444 2475 1751 2549 Μακεδονίῳ
1829 2473 1888 2529 δέ

289 2562 631 2636 παραδοῦναι
666 2571 755 2624 τὴν
818 2565 1102 2626 ἐκκλησίαν
1128 2584 1141 2597 ⁶
1183 2569 1209 2620 ό
1267 2570 1358 2640 μὲν
1423 2563 1510 2621 οὖν
1560 2566 1758 2628 Παῦλος
1808 2565 1886 2619 εύ-

279 2657 378 2717 θύς
418 2654 685 2718 ἐξηλάθηο
739 2656 991 2719 Φίλιππος
1023 2653 1072 2709 δ’
1131 2655 1214 2710 ἐπὶ
1260 2661 1354 2716 τὴν
1407 2655 1689 2715 ἐκκλησίαν
1741 2659 1889 2714 ἠπεί-

271 2764 418 2817 γετο,
482 2747 764 2820 σύνθρονον
802 2746 888 2799 ἐπὶ
940 2753 1032 2798 τοῦ
1083 2745 1355 2819 ὀχήματος
1421 2749 1556 2818 ἔχων
1602 2748 1688 2798 τὸν
1718 2751 1888 2798 Μακε-

275 2830 452 2888 δόνιον
483 2855 498 2867 ν
531 2839 818 2907 παρείπετο
850 2831 911 2888 δὲ
955 2837 1156 2896 τούτοῖς
1206 2840 1295 2888 καὶ
1353 2841 1472 2909 χεὶρ
1532 2837 1882 2909 στρατιωτικὴ

275 2923 508 2996 ξιφήρης
564 2941 578 2955 ·
649 2922 882 2984 πλήθους
941 2920 1000 2977 δε
1065 2923 1251 2978 πολλοῦ
1307 2929 1576 2998 παρόντος,
1650 2927 1740 2975 καὶ
1816 2929 1887 2994 τῷ

273 3011 500 3087 ἐπάρχῳ
532 3017 627 3066 καὶ
684 3021 757 3084 τῷ
814 3009 1125 3086 Μακεδονίῳ
1180 3011 1420 3089 παρόδου
1458 3017 1530 3086 μή
1587 3015 1884 3085 γινομένης,

2085 426 2169 477 11.
2204 423 2430 479 Interea
2461 425 2662 480 autem
2715 424 2990 490 Romam,
3038 423 3102 477 ut
3156 419 3438 488 diximus,
3483 434 3660 476 vene-

2009 515 2147 568 rant
2161 512 2528 568 Athanasius
2545 517 2602 569 et
2616 511 2974 584 Paulus,sed
2992 515 3049 568 et
3063 510 3368 568 Marcellus
3385 513 3658 584 Ancyrae,

2009 606 2067 656 et
2092 601 2400 674 Asclepius
2428 603 2596 658 Gazae
2623 618 2808 675 quem
2833 601 3036 657 Ariani
3065 601 3492 673 deposuerant,
3510 599 3660 657 falso

2007 706 2148 746 eum
2188 691 2576 748 criminantes
2617 691 2784 765 quod
2813 707 2983 748 aram
3014 690 3334 760 evertisset,
3381 695 3438 745 et
3485 690 3660 760 cujus

2005 779 2138 836 loco
2171 780 2521 837 Centianum
2551 781 3009 849 ordinaverant;
3048 795 3117 836 ac
3147 784 3362 852 praeter
3393 778 3524 834 illos
3553 781 3662 835 Lu-

2006 870 2135 927 cius
2162 871 2583 944 Adrianopolis
2627 872 2746 928 alio
2789 872 3036 928 crimine
3072 875 3413 928 accusatus.
3455 872 3657 925 Romae

2004 973 2146 1015 vero
2187 959 2506 1032 episcopus
2535 960 2726 1016 Julius
2769 975 2873 1016 eos
2915 958 3057 1014 ﬁdei
3101 959 3355 1014 Nicaeum
3403 957 3658 1013 consen-

2005 1049 2218 1105 tientes
2244 1048 2556 1104 inveniens
2581 1049 2640 1104 in
2665 1065 2840 1105 suam
2871 1049 3365 1105 communionem
3388 1046 3652 1117 admisit,

2004 1141 2187 1209 atque
2224 1137 2509 1193 omnibus
2565 1138 2818 1194 Orientis
2857 1137 3156 1210 episcopis
3195 1135 3434 1208 scripsit
3469 1140 3534 1192 ut
3579 1137 3654 1192 iis

2002 1226 2279 1299 proprias
2309 1226 2482 1283 sedes
2509 1227 2844 1297 redderent,
2877 1227 3298 1298 mitterentquc
3346 1225 3509 1282 dicta
3555 1226 3654 1284 die

2001 1315 2226 1388 quieos
2251 1315 2581 1387 probarent
2600 1317 2758 1386 juste
2791 1317 3099 1389 depositos
3131 1332 3283 1372 esse.
3320 1316 3418 1371 His
3443 1315 3652 1372 litteris

2002 1403 2374 1459 conﬁdentes
2406 1405 2716 1461 Athanasii
2748 1405 3013 1462 fautores
3048 1408 3403 1478 receperunt
3431 1403 3652 1475 singuli

1999 1493 2278 1566 proprias
2309 1492 2504 1549 sedes.
2547 1494 2656 1554 Qui
2680 1498 2885 1550 autem
2923 1494 3032 1549 has
3074 1494 3298 1550 litteras
3341 1507 3650 1565 accepere,

1999 1597 2156 1653 {egre
2182 1583 2470 1650 tulerunt;
2501 1584 3044 1656 convenientesque
3065 1582 3465 1650 Antiochiam,
3495 1582 3647 1650 Iulio

1996 1671 2442 1744 responderunt
2483 1687 2608 1728 non
2661 1677 2936 1745 oportere
2977 1671 3056 1729 ab
3087 1673 3186 1729 illo
3226 1672 3350 1742 regi
3398 1670 3647 1728 Orientis

900 1765 991 1814 καὶ
1046 1760 1389 1834 συλλεγέντες,
1432 1762 1499 1824 εὶς
1538 1762 1883 1833 Ἀντιόχειαν,

2001 1761 2339 1834 episcopos,
2373 1761 2421 1816 si
2453 1777 2610 1834 quos
2642 1777 2715 1818 ex
2753 1762 3015 1818 ecclesiis
3059 1761 3278 1818 vellent
3305 1760 3599 1833 expellere
3628 1778 3642 1828 ;

1997 1851 2140 1923 quia
2169 1867 2367 1924 neque
2432 1853 2682 1908 Orientis
2719 1853 2986 1926 episcopi
3022 1853 3361 1921 restiterint,
3397 1849 3645 1924 quando

1995 1943 2289 1997 Novatum
2302 1941 2580 2012 expulere
2598 1942 2934 1998 Occidentis
2944 1939 3647 2014 episcopi.Constantium

1996 2034 2196 2087 autem
2253 2031 2663 2087 excitaverunt
2702 2032 2764 2086 in
2804 2031 3205 2091 Athanasium
3253 2035 3312 2086 et
3345 2029 3639 2096 Paulum;

1995 2121 2168 2192 isque
2209 2120 2528 2177 Antiochia
2555 2121 2794 2193 scripsit
2818 2123 2897 2176 ad
2928 2120 3479 2191 Constantinopolis
3499 2134 3642 2190 prie-

1996 2208 2216 2264 fectum
2247 2209 2611 2282 Philippum,
2661 2213 2727 2265 ut
2759 2208 3013 2266 Paulum
3068 2209 3316 2282 quidem
3373 2224 3444 2264 ex
3490 2207 3642 2263 urbe

1993 2298 2258 2372 pelleret,
2316 2298 2671 2357 Macedonio
2727 2303 2930 2356 autem
2985 2299 3243 2356 traderet
3297 2297 3641 2354 ecclesiam.

1998 2388 2214 2444 Paulus
2255 2387 2436 2459 igitur
2461 2390 2663 2446 statim
2692 2389 2981 2462 expulsus
3011 2393 3114 2444 est.
3147 2387 3457 2460 Philippus
3499 2401 3642 2444 vero

1995 2477 2074 2533 ad
2104 2476 2418 2533 ecclesiam
2446 2485 2685 2538 evectus
2723 2483 2832 2542 est,
2884 2477 3311 2534 consedentem
3355 2476 3418 2532 in
3463 2491 3645 2533 curru

1994 2566 2407 2624 Macedonium
2454 2568 2724 2633 habens;
2775 2584 2929 2640 quos
2961 2567 3324 2640 sequebatur
3364 2565 3639 2622 militaris

1995 2671 2215 2712 manus
2244 2656 2458 2726 gladiis
2476 2662 2730 2714 armata.
2763 2659 2910 2714 Cum
2941 2662 3146 2713 autem
3167 2656 3381 2726 ingens
3401 2655 3643 2712 adesset

1995 2745 2316 2801 multitudo
2344 2761 2542 2820 neque
2573 2747 2855 2820 praefecto
2887 2752 2944 2802 et
2971 2746 3323 2802 Macedonio
3349 2746 3458 2802 iter
3493 2760 3643 2818 prae-

1993 2834 2226 2896 berent.
2250 2835 2632 2892 crediderunt
2654 2835 2872 2891 milites
2884 2834 3036 2890 velle
3063 2834 3306 2891 turbam
3335 2833 3641 2904 resistere;

1993 2922 2342 2996 multosque
2368 2923 2586 2994 gladiis
2616 2925 3059 2991 interfecerunt,
3103 2923 3274 2980 multi
3304 2927 3507 2980 autem
3547 2922 3648 2979 alii

1994 3013 2073 3070 ab
2105 3012 2234 3069 aliis
2278 3014 2614 3071 conculcati
2653 3019 2811 3070 sunt.
2842 3013 3050 3072 Mortui
3101 3017 3262 3080 sunt,
3294 3018 3360 3068 ut
3405 3012 3646 3079 dicitur,

274 3101 536 3154 ὑπέλαϐον
586 3104 637 3154 οἱ
689 3110 1010 3175 στρατιῶται
1065 3106 1188 3164 τοὺς
1235 3103 1429 3175 ὄχλους
1485 3101 1838 3155 ἀνθίστασθαι
1869 3116 1882 3130 ·

2001 3102 2173 3175 quasi
2216 3103 2330 3159 tria
2380 3103 2567 3160 millia
2606 3108 2848 3160 centum
2897 3109 2956 3160 et
3003 3101 3467 3175 quinquaginta.
3525 3103 3650 3158 Tali

273 3196 368 3244 καὶ
415 3190 601 3244 λοιπὸν
654 3190 877 3254 πολλοὺς
913 3194 1003 3265 μὲν
1059 3192 1205 3245 αὐτοὶ
1258 3199 1362 3253 τοῖς
1415 3191 1613 3264 ξίφεσιν
1672 3188 1885 3256 ἀνεῖλον,

275 3279 460 3333 πολλοὶ
517 3277 580 3334 δὲ
648 3285 740 3334 καὶ
811 3282 899 3334 ὑπ’
963 3280 1190 3341 ἀλλήλων
1245 3283 1681 3340 συνεπατήθησαν
1731 3299 1744 3313 ⁸
1798 3281 1890 3330 καὶ

1997 3191 2175 3261 igitur
2205 3207 2496 3246 successu
2525 3191 2908 3248 Macedonius
2946 3207 2983 3246 a
3023 3189 3306 3263 praefecto
3335 3189 3397 3245 in
3422 3188 3650 3262 episco-

1997 3279 2118 3350 pali
2147 3280 2288 3336 sede
2318 3281 2676 3336 constitutus
2705 3284 2809 3335 est.

281 3370 563 3440 ἀπέθανον,
609 3374 681 3434 ὡς
724 3371 948 3444 λέγεται,
1000 3377 1119 3446 περὶ
1175 3377 1298 3435 τούς
1359 3371 1538 3425 ἑκατὸν
1593 3376 1684 3424 καὶ
1735 3372 2053 3428 πεντήκοντα
2107 3373 2196 3421 καὶ
2251 3369 2608 3442 τρισχιλίους,
2662 3368 2778 3420 Ἐπὶ
2845 3370 3100 3429 τοιούτοις
3162 3369 3253 3441 μὲν
3297 3367 3396 3440 ὀὖν
3462 3386 3649 3440 κατορ-

298 3460 512 3530 Erinyas:
535 3457 853 3522 Μακεδόνως
873 3463 1018 3536 παρὰ
1040 3469 1136 3514 τοῦ
1158 3459 1396 3535 ἐπάρχου
1429 3460 1780 3533 ἑνιθρονίσθη.

382 3545 489 3618 ιβ’.
558 3547 846 3610 Ἀθανάσιος
913 3545 972 3601 δὲ
1025 3554 1118 3609 τὴν
1187 3549 1462 3608 ἐπιϐουλὴν
1525 3551 1888 3602 Κωνσταντίου

305 3631 508 3701 δείσας,
551 3639 739 3710 θανάτῳ
777 3640 880 3713 γὰρ
951 3642 1171 3712 ζημιοῦν
1235 3639 1388 3691 αὐτόν
1445 3637 1745 3703 ἠπείλησεν,
1818 3636 1891 3700 εἰς

292 3728 388 3781 τήν
439 3724 630 3798 Ῥώμην
677 3725 922 3800 ἀφίκετοο
987 3733 1078 3782 καὶ
1137 3728 1334 3789 Παῦλος
1391 3729 1461 3791 εἰς
1519 3732 1612 3788 τὴν
1680 3735 1890 3781 Θεσσα-

280 3812 494 3872 λονίκην
548 3817 877 3887 ἀπενεχθεὶς,
946 3819 1058 3872 ὅθεν
1109 3821 1199 3870 καὶ
1248 3821 1368 3880 τοὺς
1425 3820 1704 3891 προγόνους
1747 3818 1889 3888 ἔχειν

279 3901 507 3974 δέκετο,
561 3909 653 3956 καὶ
691 3910 780 3964 τὴν
823 3911 912 3979 μέν
955 3905 1057 3960 Ἕω
1115 3909 1317 3980 φεύγειν
1365 3905 1678 3979 ἐπιτραπεὶς,
1724 3905 1888 3957 Ἰλλυ-

273 4000 435 4067 ρικῆς
494 3989 558 4046 δὲ
598 4000 690 4047 καὶ
727 4002 823 4058 τῆς
871 3995 1103 4048 ἐπέκεινα
1146 4005 1248 4068 γῆς
1290 3995 1566 4049 ἐπιϐαίνειν
1619 3995 1678 4047 ού
1727 3993 1889 4046 κωλυ-

279 4083 410 4147 θεὶς,
476 4085 716 4156 ἀπαίρειν
758 4085 826 4148 εἰς
878 4087 1126 4160 Κόρινθον
1175 4090 1592 4160 προεφασίσατο,
1641 4088 1731 4136 καὶ
1795 4087 1888 4142 τὴν

273 4169 486 4242 Ῥώμην
548 4173 822 4246 κατείληφε
887 4179 978 4226 καὶ
1043 4175 1236 4235 αύτός.
1292 4170 1737 4236 Ἀναδιδάξαντος
1799 4167 1887 4224 οὖν

279 4259 510 4312 Ἰουλίου
579 4264 664 4313 τὸν
733 4260 960 4334 βασιλέα
1016 4269 1328 4317 Κώνσταντα
1396 4265 1462 4315 τὰ
1521 4267 1642 4336 περὶ
1698 4260 1886 4330 αὐτῶν,

273 4348 514 4420 ἔγραψεν
582 4349 772 4412 ἐκεῖνος
842 4359 915 4422 τῷ
982 4350 1195 4424 βασιλεί
1272 4355 1615 4424 Κωνσταντίῳ
1683 4350 1889 4423 πέμψαι

273 4441 434 4499 τινας
501 4447 600 4490 τῶν
675 4437 974 4493 ἐπισκόπων
1051 4439 1538 4514 ἀπολογησομένους
1607 4446 1724 4516 περὶ
1797 4447 1889 4500 τῆς

273 4532 490 4581 τούτων
555 4531 922 4603 καθαιρέσεως.
985 4532 1356 4605 Ἐπέμφθησαν
1432 4529 1519 4585 οὖν
1580 4535 1889 4606 Νάρκισσος

275 4618 739 4689 Εἰρηδουπόλεως,
802 4617 1070 4694 Θεόδωρος
1149 4624 1175 4673 ό
1249 4621 1572 4696 Ἡρακλείας,
1633 4626 1804 4695 Μάρις
1860 4625 1887 4673 ό

279 4704 652 4778 Χαλκηδόνος,
705 4713 795 4761 καὶ
839 4712 1100 4784 Μάρκοςό
1146 4709 1510 4786 Ἀρεθούσηςο
1565 4712 1614 4763 οἰ
1657 4716 1750 4769 τήν
1797 4714 1886 4783 μὲν

271 4795 327 4849 ἐν
392 4797 700 4870 Ἀντιοχείᾳ
769 4799 894 4873 παρ’
969 4802 1138 4851 αὐτῶν
1216 4798 1508 4852 ἐκτεθεῐσαν
1585 4798 1888 4874 ἀπέκρυψαν

271 4891 489 4954 πίστιν,
536 4885 711 4960 ἑτέραν
752 4884 798 4939 δ’
836 4886 1125 4941 ἐκάττυσαν
1171 4885 1484 4960 ἁπάδουσαν
1539 4887 1668 4952 ὅλως
1720 4897 1779 4962 τῇ
1837 4889 1888 4941 ἐν

265 4981 486 5048 Natale:
515 4990 531 5006 '
577 4980 668 5028 καὶ
716 4979 912 5036 ταύτην
954 4986 1026 5048 τῷ
1080 4975 1295 5050 βασιλεῖ
1347 4982 1620 5032 Κὼσταντι
1663 4974 1890 5032 δεδωκό-

263 5084 377 5132 τες,
427 5068 527 5116 καὶ
592 5069 711 5140 περὶ
763 5065 830 5117 ὧν
875 5064 1142 5120 ἐϐούλοντο
1205 5064 1372 5140 μηδὲν
1423 5064 1721 5139 ἀνύσαντες,
1770 5071 1891 5121 ὑπέ-

264 5154 518 5229 στρεψαν
548 5154 828 5228 ἄπρακτοι.
877 5159 1023 5209 Μετὰ
1070 5153 1129 5209 δὲ
1181 5164 1353 5229 τριετῆ
1405 5161 1595 5230 χρόνον
1643 5157 1815 5232 ἑτέραν
1841 5159 1890 5210 οἰ

263 5255 369 5307 τῆς
422 5243 535 5298 Ἐω
587 5243 929 5307 συντάξαντες
999 5249 1200 5314 πίστιν,
1257 5248 1318 5305 ἦν
1383 5249 1475 5298 καὶ
1526 5250 1890 5320 μακρόστιχον

263 5335 486 5386 ἔκθεσιν
539 5330 838 5404 ὠνόμασαν,
888 5332 1122 5406 ἔπεμψαν
1163 5341 1272 5396 τοῖς
1317 5332 1414 5385 ἀνὰ
1461 5335 1553 5392 τήν
1606 5337 1764 5388 Δύσιν
1814 5332 1889 5388 δι’

264 5419 547 5486 Εὔδοξίου
615 5429 706 5474 τοῦ
791 5428 1156 5498 Γερμανικείας
1225 5429 1316 5477 καὶ
1394 5421 1721 5478 Μακεδονίῶ
1795 5432 1890 5478 τοῦ

265 5513 682 5584 Μοερουεστίας,
729 5510 778 5564 ἐν
927 5518 1136 5588 μνήμην
1192 5517 1280 5586 μὲν
1339 5513 1523 5576 οὐσίας
1569 5514 1664 5567 ούκ
1710 5514 1888 5575 ἐποιή-

273 5623 438 5658 ante
483 5609 646 5674 Θεοῦ,
694 5600 1024 5677 ἀπεκήρυξαν
1074 5600 1133 5657 δε
1181 5607 1303 5666 τούς
1355 5601 1408 5668 ἐξ
1455 5604 1550 5658 ούκ
1611 5609 1768 5659 ὄντων
1806 5605 1892 5658 λέ-

2069 3547 2156 3601 t2.
2191 3546 2552 3603 Athanasius
2577 3550 2781 3604 autem
2815 3547 3144 3604 Constantii
3176 3545 3426 3604 insidias
3448 3545 3652 3602 formi-

1999 3636 2152 3692 dans
2167 3635 2242 3707 (ei
2254 3637 2413 3692 enim
2428 3641 2685 3692 mortem
2699 3637 2965 3693 minatus
2979 3640 3127 3704 erat)
3145 3639 3398 3694 Romam
3413 3634 3652 3693 abiit.Et

2000 3726 2216 3782 Paulus
2243 3726 2738 3784 Thessalonicam
2787 3727 3041 3797 delatus,
3083 3726 3246 3782 unde
3277 3727 3486 3798 proavi
3535 3725 3649 3782 orti

1998 3815 2372 3886 dicebantur,
2396 3832 2535 3871 cum
2563 3816 2860 3872 Orientem
2900 3814 3280 3888 relinquendi
3301 3813 3648 3887 permissio-

1996 3920 2137 3960 nem
2163 3905 2513 3977 accepisset,
2552 3921 2750 3978 neque
2791 3905 3091 3978 Illyricum
3121 3909 3179 3961 et
3207 3921 3343 3978 quas
3379 3903 3534 3961 ultra
3563 3909 3651 3961 est

1997 3996 2305 4066 regionem
2340 3999 2540 4067 petere
2569 3995 3007 4068 prohiberetur,
3035 3995 3384 4053 Corinthum
3418 4010 3480 4050 se
3510 4010 3647 4067 pro-

1996 4085 2182 4141 ﬁcisci
2222 4086 2558 4153 praetexuit,
2591 4089 2970 4158 Romamque
3022 4089 3079 4140 et
3119 4086 3248 4157 ipse
3281 4085 3466 4141 venit.
3499 4086 3648 4140 Cum

1999 4179 2200 4230 autem
2222 4175 2408 4230 Julius
2445 4175 2777 4230 monuisset
2798 4175 3223 4246 imperatorem
3255 4176 3646 4230 Constantem

1996 4264 2071 4320 de
2101 4279 2308 4320 eorum
2338 4264 2701 4335 conditione,
2728 4265 2964 4338 scripsit
2989 4264 3084 4320 ille
3115 4264 3195 4321 ad
3217 4264 3645 4337 imperatorem

1998 4352 2416 4410 Constantium
2447 4357 2513 4409 ut
2537 4353 2860 4428 episcopos
2893 4354 3148 4410 mitteret
3176 4355 3282 4426 qui
3307 4369 3519 4410 eorum
3543 4352 3644 4409 de-

1996 4441 2360 4514 positionem
2389 4442 2794 4500 defenderent.
2825 4444 2986 4500 Missi
3031 4448 3171 4499 sunt
3197 4441 3377 4513 igitur
3404 4442 3644 4498 Narcis-

1999 4548 2103 4586 sus
2125 4531 2477 4603 lrenopolis,
2493 4532 2840 4588 Theodorus
2869 4532 3182 4598 Heracleae,
3207 4531 3376 4588 Maris
3400 4531 3640 4588 Chalce-

1995 4622 2172 4679 donis
2203 4626 2260 4677 et
2287 4625 2514 4678 Marcus
2554 4624 2898 4691 Arethusae;
2929 4623 3034 4696 qui
3065 4623 3313 4695 quidem
3358 4639 3394 4678 a
3429 4622 3642 4694 seipsis

1999 4711 2321 4768 Antiochiae
2343 4711 2678 4783 expositam
2691 4712 2874 4768 ﬁdem
2887 4711 3233 4780 celavere,al
3242 4715 3426 4768 teram
3439 4717 3643 4768 autem

1997 4801 2607 4857 struxeruntomnino
2634 4801 2887 4858 Nicaenae
2903 4805 3642 4873 repugnantem.Eamque

1996 4895 2322 4962 postquam
2367 4890 2714 4962 imperatori
2757 4890 3062 4947 Constanti
3113 4889 3410 4947 tradidere
3443 4905 3643 4962 neque

1997 4978 2334 5052 quidquam
2352 4994 2561 5035 eorum
2575 4995 2709 5052 quae
2722 4979 3646 5052 volebantperfecissent,reversi

1999 5074 2140 5125 sunt
2169 5068 2316 5124 nihil
2337 5069 2586 5140 operati.
2611 5070 2752 5126 Post
2787 5073 2990 5127 autem
3019 5074 3136 5126 tres
3166 5069 3644 5141 annos,0rientis

1999 5157 2269 5230 episcopi
2306 5157 2555 5214 alteram
2585 5164 3058 5232 composuerunt
3090 5158 3275 5214 ﬁdem
3319 5174 3507 5231 quam
3547 5180 3645 5231 μα-

1999 5252 2287 5321 κρόστιχον
2319 5249 2516 5301 ἔκθεσιν
2561 5247 2749 5320 (longi
2778 5249 3006 5305 ordinis
3035 5249 3498 5323 expositionem)
3539 5265 3646 5306 no-

1999 5337 2327 5404 minavere,
2355 5353 2612 5410 eamque
2630 5338 2709 5394 ad
2732 5339 3066 5396 Occidentis
3091 5340 3412 5412 episcopos
3431 5338 3646 5396 misere

2000 5443 2106 5500 per
2136 5425 2472 5484 Eudoxium
2503 5428 2890 5485 Germaniciaa
2943 5433 2998 5485 et
3039 5430 3450 5486 Macedonium
3492 5431 3648 5501 Mop-

2001 5516 2254 5584 suestiaa;
2270 5517 2332 5572 in
2349 5532 2472 5589 qua
2490 5517 2736 5590 quidem
2750 5519 2979 5576 nullam
2995 5518 3070 5574 de
3083 5519 3184 5574 Dei
3201 5519 3462 5575 essentia
3475 5532 3646 5574 men-

2002 5607 2230 5664 tionem
2261 5606 2583 5675 faciebant,
2628 5607 3236 5665 excommunicabant
3279 5614 3483 5665 autem
3539 5619 3644 5661 eos
