2063 3114
259 131 293 161 i9
934 128 1074 159 NICETJE

1139 128 1262 160 10mm
1478 121 1484 127 ’
1907 137 1943 166 20

260 194 313 232 qui
327 194 469 224 dicebant
479 194 584 224 Filium
606 194 658 224 Dei
675 203 742 224 esse
758 195 796 225 de
815 195 921 228 nihilo,
941 201 977 223 ac
997 193 1085 221 fuisse

1142 203 1239 229 γοντας
1262 195 1308 222 τὸν
1335 196 1394 223 Υίὸν
1413 198 1460 223 τοῦ
1479 197 1553 230 θεοῦ,
1569 197 1614 223 καὶ
1630 196 1671 223 ὅτι
1695 196 1726 226 ἧν
1749 198 1790 225 ὅτε
1802 198 1849 226 οὐκ
1877 198 1909 230 ἧν
1935 210 1942 218 ’

259 243 381 277 tempus
391 240 516 277 quando
528 248 590 269 non
599 242 679 276 erat;
691 243 836 278 prmterea
849 243 878 270 et
889 239 1087 273 Sabellianos,

261 294 339 322 quos
369 286 529 314 nominant
558 286 685 314 Romani
714 286 965 323 Patropassimos,
985 285 1089 321 utpote

262 332 380 359 Patrem
394 339 460 358 cum
479 331 549 358 Filio
563 333 591 359 et
610 331 720 367 Spiritu
736 333 841 359 sancto
858 329 1087 363 confundentes,

263 378 291 404 et
305 384 386 403 nunc
397 375 520 412 quidem
536 383 604 403 eum
621 377 744 412 Patrem,
767 384 848 405 nunc
866 375 982 411 Filium,
1007 381 1089 402 nunc

264 420 405 457 Spiritum
423 423 561 448 sanctum
577 421 775 456 appellantes.
792 420 963 449 Promiscue
972 419 1053 448 enim
1061 420 1089 447 et

263 465 422 494 indiscrete
444 467 578 493 Romana
606 465 709 500 lingua
733 466 842 494 dicitur
862 465 987 502 passim.
1015 466 1089 493 Cum

264 513 365 538 autem
389 510 467 538 hanc
500 510 591 537 ﬁdem
625 518 686 538 non
727 511 911 547 recepissent
949 509 1090 538 Occiden-

263 555 348 591 tales,
363 555 415 582 sed
431 555 562 582 dicerent
577 554 633 582 sibi
650 555 785 583 sufﬁcere
802 555 921 584 Nicmna
933 555 1089 590 dogmata,

265 600 432 636 scripsitad
452 600 572 627 fratrem
591 601 736 628 Constans
753 601 808 628 sibi
821 600 937 636 justum
950 599 1042 628 videri
1058 601 1091 628 ut

263 644 418 674 Athanasii
440 645 608 673 fautoribus
634 646 775 681 propriae"
789 645 876 674 sedes
899 644 1090 674 restitueren-

264 692 324 720 tur.

301 736 345 763 13.
381 734 529 767 Quoniam
557 736 658 763 autem
687 735 760 762 nihil
787 734 953 771 perfectum
981 734 1088 770 fuerat,

264 780 384 808 duobus
402 779 635 815 imperatoribus
645 780 757 815 placuit
765 780 925 808 concilium
933 779 1088 808 Serdicam

264 825 474 853 convocari.Et
489 827 694 852 convenerunt
714 833 750 852 ex
770 825 955 854 Theodoreto
967 824 1089 853 ducenti

264 873 292 898 et
318 869 539 906 quinquaginta
564 870 713 906 episcopi;
737 878 773 897 cx
796 871 915 899 Socrate
940 872 1041 898 autem
1061 860 1124 898 etB

265 916 440 948 Sozomeno,
469 922 503 941 ex
533 914 769 942 occidentalibus
794 914 931 950 partibus
951 914 1011 942 fere
1030 916 1088 942 tre-

264 959 350 994 centi,
373 968 407 986 ex
423 959 618 986 orientalibus
636 961 735 986 autem
753 967 804 987 sex
826 961 855 987 et
873 959 1086 996 septuaginta;

262 1012 394 1040 quorum
423 1005 451 1031 in
471 1012 596 1031 numero
612 1006 697 1031 erant
716 1004 856 1037 Sabinus,
884 1003 1031 1032 Heracleae
1057 1003 1087 1032 in

261 1049 385 1077 Thracia
410 1048 694 1076 Macedonianorum
714 1049 886 1085 episcopus,
905 1050 934 1077 et
951 1048 1088 1085 Ischyras

261 1094 313 1130 qui
320 1094 465 1122 Mareotite
473 1094 682 1129 episcopatum
697 1094 735 1121 al)
747 1093 902 1122 Athanasii
909 1093 1088 1122 adversariis

262 1138 559 1174 acceperat.0cciden
566 1138 636 1166 tales
645 1139 767 1174 quidem
777 1138 931 1167 Sardicam
941 1146 1088 1167 convene-

261 1185 341 1217 runt,
354 1183 512 1210 orientales
530 1191 610 1214 vero,
629 1191 698 1209 cum
728 1183 958 1219 Philippopolim
986 1190 1088 1219 perve-

261 1229 386 1258 nissent.
402 1227 436 1254 iis
452 1230 556 1254 notum
582 1227 714 1255 fecerunt
739 1236 769 1255 se
785 1235 854 1255 cum
880 1227 916 1255 iis
938 1235 1000 1256 non
1012 1227 1087 1256 velle

263 1272 407 1308 colloqui,
423 1272 479 1299 nisi
496 1280 513 1299 a
529 1272 664 1299 sessione
683 1275 711 1300 et
733 1272 948 1301 communione
968 1272 1087 1308 expule-

258 1317 318 1344 rint
333 1316 487 1344 Athanasii
501 1316 632 1343 fautores
649 1319 680 1343 ut
694 1316 856 1352 depositos.
868 1316 926 1344 lllis
939 1318 1040 1345 autem
1055 1316 1087 1344 id

259 1370 320 1390 non
338 1361 513 1395 ferentibus,
532 1361 550 1388 ii
565 1361 723 1388 concilium
740 1361 873 1389 habuere
887 1361 918 1389 in
931 1361 998 1398 ipsa
1011 1361 1086 1390 urbe

259 1406 471 1442 Philippopoli,
498 1407 525 1434 ct
549 1406 762 1442 dapesuerunt,
780 1413 834 1441 pro
854 1405 949 1439 libito,
973 1406 1086 1434 Iulium

258 1452 439 1482 Romanum,
453 1458 487 1478 eo
498 1451 581 1487 quod
595 1451 709 1486 primus
726 1459 794 1478 cum
805 1450 967 1480 Athanasio
983 1453 1011 1479 et
1020 1451 1085 1487 ejus

258 1495 426 1523 fautoribus
443 1495 705 1529 communicasset,
723 1496 845 1523 Ilosium
859 1495 1085 1524 Cordubensem

1142 240 1207 275 πρὸς
1221 237 1252 266 δὲ
1265 242 1310 266 καὶ
1328 242 1390 271 τοὺς
1410 240 1605 275 Σαϐελλιανοὺς,
1630 241 1672 272 οὓς
1694 241 1855 279 ὀνομάζουσι
1877 244 1944 272 Ῥω-

1142 287 1216 321 μαῖοι
1239 287 1486 323 πατροπασσίμους,
1517 287 1552 317 ὡς
1579 286 1624 312 τὸν
1650 289 1752 324 Πατέρα
1779 291 1946 325 συγχέοντας

1143 328 1177 359 εἰς
1195 330 1256 356 Υἱὸν
1274 332 1320 357 καὶ
1340 331 1371 357 τὸ
1389 334 1503 367 Πνεῦμα,
1519 332 1565 358 καὶ
1585 332 1645 358 ποτε
1666 333 1711 368 μέν
1733 332 1811 359 αὐτὸν
1827 335 1942 372 Πατέρα,

1143 374 1205 400 ποτε
1228 372 1258 402 δὲ
1270 376 1340 410 Υίόν,
1360 376 1422 402 ποτε
1438 374 1468 402 δὲ
1497 379 1603 412 Πνεῦμα
1629 375 1823 414 ὀνομαζονταςι
1844 380 1874 405 τὸ
1889 379 1943 416 γὰρ

1142 417 1233 455 χύδην
1257 421 1302 446 καὶ
1329 419 1491 458 ἁδιακρίτως
1514 421 1650 458 πάσσιμον
1675 422 1690 451 ἡ
1713 425 1843 459 Ῥωμαῖκὴ
1872 423 1944 460 λέγει

1143 466 1224 500 φωνή.
1254 465 1357 494 Ταύτην
1385 463 1415 492 δί
1448 467 1495 495 τὴν
1523 467 1615 492 πίστιν
1647 467 1683 502 μὴ
1722 465 1944 505 παραδεξαμένων

1143 512 1193 535 τῶν
1221 512 1345 542 Δυτικῶν,
1369 509 1422 536 ἀλλ’
1445 509 1568 536 εἰπόντων
1592 509 1731 548 ἀρκεῖσθαι
1757 514 1812 543 τοῖς
1841 513 1866 539 ἓν
1893 516 1945 539 Νι-

1143 555 1208 589 καίᾳ
1231 552 1350 587 δόξασιν,
1376 554 1474 592 ἔγραψε
1498 555 1563 592 πρὸς
1585 557 1629 582 τὸν
1653 554 1763 593 ἀδιλφὸν
1787 557 1800 583 ὁ
1820 560 1946 589 Κώνστόις

1144 597 1222 630 ἀξιῶν
1244 597 1408 631 ἀποδοθῆναι
1426 603 1479 631 τοῖς
1501 601 1561 637 περὶ
1576 599 1732 627 Ἀθανάσιον
1751 602 1812 633 τοὺς
1830 602 1946 635 οἰκείους

1145 643 1259 681 θρόνους.

1180 732 1225 769 ιγ’.
1239 732 1281 764 Ὦς
1303 731 1333 760 δι
1355 731 1432 760 οὐδὶν
1457 733 1548 764 ἣνῦετο
1568 733 1652 769 πλέον,
1680 732 1755 768 ἔδοξε
1782 736 1871 773 γνὼμη
1890 740 1945 764 τῶν

1143 775 1193 805 δύο
1222 777 1350 815 βασιλέων
1370 778 1544 815 ἀθροισθῆναι
1573 778 1684 806 σύνοδον
1708 781 1732 807 ἓν
1762 779 1877 817 Σαρδικῆ
1906 785 1942 819 τῇ

1141 822 1233 849 πόλεν
1254 826 1300 850 καὶ
1323 824 1505 861 ἠθροίσθησαν
1528 825 1597 851 κατὰ
1623 826 1669 861 μεν
1694 823 1863 863 Θεοδὼρητον
1880 836 1942 853 πεν-

1142 870 1255 897 τήκοντα
1266 870 1311 895 καὶ
1333 866 1467 895 διακόσιοι
1488 869 1638 903 ἄπίσκοποι,
1654 871 1722 896 κατὰ
1750 868 1780 897 δέ
1801 871 1941 908 Σωκράτην

1141 915 1186 939 καὶ
1214 913 1360 950 Σωζόμενον
1386 912 1413 939 ὲκ
1437 915 1483 950 μὶν
1518 917 1567 940 τῶν
1600 914 1724 951 ἑσπερίων
1760 919 1843 952 μερῶν
1878 918 1944 954 περὶ

1140 959 1202 989 τοὺς
1226 959 1403 995 τριακοσίους,
1421 957 1448 984 ἐκ
1480 956 1510 985 δὶ
1538 962 1588 984 τῶν
1609 958 1677 994 ἑῴων
1700 958 1727 991 ἓξ
1754 961 1797 985 καὶ
1825 958 1943 997 ἐϐδομή-

1141 1010 1235 1029 κοντα·
1260 1001 1299 1034 οἷς
1322 1004 1506 1040 συνηριθμεῖτο
1525 1006 1570 1030 και
1586 1002 1719 1035 Σαϐῖνοςό
1738 1008 1787 1030 τῶν
1811 1004 1837 1031 ἓν
1856 1004 1942 1043 Ἦρα-

1141 1046 1214 1084 κλείᾳ
1243 1051 1291 1078 τῆς
1328 1049 1435 1085 Θρᾴκης
1468 1046 1667 1075 Μακεδονιανῶν
1706 1047 1856 1084 intum-reg,
1893 1053 1943 1077 καὶ

1142 1092 1270 1129 ’ἰσχύρας
1296 1092 1444 1130 ἐπιτραπεὶς
1473 1095 1520 1122 τὴν
1548 1096 1594 1119 τοῦ
1620 1095 1761 1131 Μαρεώτου
1791 1093 1941 1125 ἔπισκοπὴν

1141 1138 1213 1175 παρὰ
1235 1140 1285 1163 τῶν
1321 1135 1537 1173 ἀπεχθανομένων
1569 1141 1606 1173 τῷ
1640 1138 1798 1175 ’Δθανασίῳ.
1835 1141 1886 1166 Καὶ
1914 1141 1942 1167 οἰ

1141 1183 1186 1218 μὲν
1201 1184 1306 1208 Δυτικοὶ
1325 1182 1383 1208 κατ’
1406 1181 1486 1211 αὐτὴν
1514 1184 1561 1212 τὴν
1583 1180 1715 1220 Σαρδίκὼα
1739 1183 1884 1213 συνῆλθον’
1915 1185 1941 1211 οἱ

1142 1224 1172 1253 δὲ
1207 1226 1377 1263 Ἀνατολικοὶ,
1411 1226 1599 1259 καταλαϐόντες
1635 1229 1683 1257 τήν
1723 1227 1938 1265 Φιλιππούπολιν,

1141 1269 1277 1300 ἕδή)ωσαν
1308 1271 1399 1303 αὐτοῖς
1424 1272 1459 1303 ὡς
1487 1271 1534 1298 οὐκ
1566 1271 1647 1303 ἄλλως
1675 1272 1711 1303 εὶς
1739 1272 1830 1308 λόγους
1858 1273 1937 1300 ελθεῖν

1141 1315 1230 1347 αὐτοῖς
1255 1314 1397 1349 ἐθέλουσιν,
1429 1316 1451 1343 εἰ
1474 1319 1510 1353 μὴ
1535 1318 1592 1347 τοὺς
1621 1319 1680 1354 περὶ
1695 1317 1849 1344 ’Δθανοῐσιον
1877 1316 1938 1344 ἄπες

1139 1360 1253 1387 λάσουσι
1276 1364 1322 1387 τοῦ
1345 1358 1482 1399 συνεδρίου
1503 1363 1549 1388 καὶ
1577 1365 1625 1392 τῆς
1648 1363 1778 1392 κοινωνίας
1797 1362 1831 1393 ὡς
1856 1363 1937 1392 καθη-

1139 1407 1276 1442 ρημένους.
1300 1409 1356 1432 Τῶν
1372 1404 1402 1432 δὲ
1417 1408 1453 1442 μὴ
1479 1405 1651 1443 ἀνεχομένων,
1672 1407 1763 1433 ἃκεῖνοι
1787 1405 1938 1444 συνήδρευ-

1141 1460 1189 1476 σαν
1205 1449 1324 1481 ἁλληλοις
1347 1450 1372 1477 ἐν
1386 1450 1451 1488 αὕτη
1481 1454 1512 1487 τῇ
1538 1450 1751 1485 Φιλιππουπόλει,
1780 1454 1826 1478 καὶ
1852 1453 1939 1479 καθεῑο

1138 1494 1192 1529 λον,
1228 1496 1261 1526 ὡς
1299 1494 1433 1531 ἐνόμισαν,
1471 1495 1578 1523 Ἰούλιον
1605 1497 1651 1532 μὶν
1683 1500 1731 1528 τῆς
1759 1496 1869 1533 Ῥώμης,
1904 1498 1939 1529 ὡς

259 1543 381 1577 propter
397 1541 536 1568 eamdem
550 1549 688 1573 causam,
705 1543 734 1568 et
756 1541 827 1576 quia
850 1540 966 1569 amicus
988 1540 1085 1570 fuerat

1139 1539 1255 1576 ἄρξαντα
1275 1543 1323 1570 τῆς
1349 1540 1413 1577 πρὸς
1439 1539 1595 1567 ’Δθανοξσιον
1618 1542 1663 1567 καὶ
1686 1541 1748 1571 τοὺς
1774 1539 1837 1577 ἀμφ’
1861 1541 1938 1568 αὐτόν

259 1585 375 1614 Paulini
396 1588 423 1613 et
437 1585 581 1612 Eustathii
598 1585 649 1621 qui
665 1585 852 1614 Antiochiam
863 1587 1012 1620 rexerant,
1028 1586 1086 1614 Ma-

258 1630 407 1658 ximinum
429 1630 643 1665 Trevirensem,
673 1632 775 1666 utpote
800 1630 852 1667 qui
875 1630 994 1667 primus
1015 1638 1084 1659 cum

258 1675 349 1703 Paulo
374 1675 636 1707 communicasset,
664 1676 859 1709 Protogenen]
888 1674 1017 1704 Sardicm
1049 1682 1085 1704 eo

258 1719 341 1756 quod
358 1719 526 1747 Marcellum
544 1719 716 1746 defenderet
735 1727 827 1755 quem
842 1719 927 1756 prius
940 1719 1086 1748 condem-

259 1765 394 1795 naverat,
411 1763 611 1791 Gaudentium
631 1766 662 1790 ut
677 1764 760 1790 aliter
776 1765 916 1799 agentem
938 1771 972 1792 ac
989 1764 1086 1800 Cyria-

260 1816 313 1835 cus
329 1808 376 1835 cui
390 1810 585 1842 successerat,
603 1810 631 1835 et
654 1810 686 1835 ut
708 1808 828 1844 plurimi
852 1807 1011 1836 facientem
1035 1816 1087 1837 eos

261 1860 338 1889 quos
353 1852 563 1889 deposuerant.

299 1986 342 2014 14.
357 1986 434 2015 Hosii
444 1987 544 2014 autem
555 1985 687 2014 fautores
698 1988 861 2022 postquam
872 1988 1087 2021 convenerant,

262 2032 435 2060 innocentes
449 2031 679 2059 declaravcrunt
702 2031 898 2060 Athanasium
916 2031 1040 2068 quidem
1055 2033 1087 2060 ut

261 2077 369 2113 injuste
387 2077 425 2104 ab
441 2077 475 2104 iis
491 2077 542 2113 qui
553 2078 662 2112 Tyrum
676 2076 830 2110 congressi
842 2078 1084 2112 erantvexatum,

262 2122 432 2150 Marcellum
445 2130 516 2149 vero
533 2124 563 2149 ut
579 2122 701 2149 minime
714 2123 896 2150 annuentem
908 2130 940 2150 se
956 2122 1085 2157 cogitare

261 2175 329 2203 quae
337 2167 412 2194 falso
421 2167 795 2201 arguobanturManifestm
806 2167 1087 2204 enimerant,inquit

1138 1586 1282 1620 κοινωνίας,
1297 1583 1390 1611 ὀσιον
1412 1582 1442 1611 δε
1465 1585 1509 1611 τὸν
1538 1583 1691 1622 Κορδούϐης
1714 1583 1761 1611 διά
1783 1594 1809 1611 τε
1828 1587 1873 1615 τὴν
1892 1585 1938 1612 αὖ·

1139 1630 1186 1658 τὴν
1202 1628 1299 1663 αἰτίαν,
1319 1631 1364 1656 καὶ
1389 1629 1430 1656 ὅτι
1454 1628 1526 1666 φίλος
1553 1628 1651 1666 ἐγένετο
1673 1629 1791 1665 Παυλίνῳ
1814 1632 1860 1656 καὶ
1884 1630 1936 1656 Εὗ-

1141 1675 1240 1711 σταθίῳ
1266 1678 1321 1706 τοῖς
1349 1675 1527 1712 ἣγησαμένοις
1549 1679 1596 1707 τῆς
1622 1675 1796 1712 Ἀντιοχείας,
1822 1674 1938 1711 Μαξιμῖ-

1138 1729 1181 1746 νον
1211 1717 1240 1746 δι
1263 1719 1404 1757 Τριϐέρεως
1432 1721 1466 1751 ὡς
1490 1723 1591 1758 πρῶτον
1614 1719 1708 1756 Παύλῳ
1730 1722 1938 1754 κοινωνήσαντα,

1140 1766 1308 1801 Πρωτογένην
1347 1762 1376 1791 δὲ
1408 1768 1457 1796 τῆς
1492 1763 1627 1802 Σαρδικῆς
1660 1766 1696 1796 ὡς
1733 1764 1940 1803 ὑπερμαχοῦντα

1139 1808 1290 1845 Μαρκέλλου
1316 1812 1363 1835 τοῦ
1395 1811 1520 1846 πρότερον
1552 1809 1596 1835 ὑπ’
1619 1808 1699 1835 αὐτοῦ
1721 1809 1938 1845 καταψηφισθέν-

1139 1863 1192 1889 τος,
1223 1851 1377 1881 Γαυδὲντιον
1401 1852 1431 1881 δι
1458 1855 1494 1885 ὡς
1519 1854 1658 1881 ὑπεναντία
1678 1852 1864 1883 σπουδάζοντα
1886 1856 1937 1879 Κυ-

1139 1902 1224 1935 ριακῷ
1249 1899 1276 1926 ὅν
1302 1898 1446 1933 διεδέξατο,
1471 1901 1516 1926 καὶ
1543 1900 1603 1930 τοὺς
1627 1898 1688 1937 παρ’
1712 1897 1797 1924 αὐτῶν
1818 1898 1938 1935 καθῃρη-

1140 1945 1230 1980 μένους
1242 1946 1302 1981 περὶ
1316 1943 1410 1971 πολλοῦ
1423 1944 1584 1981 ποιούμενον.

1177 1987 1224 2016 ιδ’.
1239 1990 1271 2015 Οἱ
1287 1987 1318 2016 δί
1329 1999 1358 2026 γε
1377 1988 1444 2026 ἀμφὶ
1464 1990 1508 2016 τὸν
1525 1988 1628 2023 ⁸οσιον,
1651 1987 1822 2023 συνελθόντες,
1837 1987 1939 2019 ἁθώους

1140 2032 1272 2070 ἀπέφηναν
1305 2034 1458 2061 Ἀθανάσιον
1495 2035 1540 2071 μὲν
1575 2035 1610 2066 ὥς
1647 2031 1747 2065 ἀδίκως
1788 2032 1937 2059 ἐπιϐουλευ-

1141 2078 1217 2105 θέντα
1243 2079 1316 2115 παρὰ
1343 2083 1394 2105 τῶν
1423 2079 1447 2105 ἐν
1474 2080 1551 2117 Τύρῴ
1581 2078 1761 2111 συνελθόντων,
1789 2077 1938 2114 Μάρκελλον

1141 2121 1170 2149 δε
1201 2121 1244 2149 οἶα
1271 2125 1306 2160 μὴ
1341 2123 1409 2150 οὕτω
1434 2123 1542 2160 λέγοντα
1567 2128 1666 2162 φρονεῖν
1698 2124 1732 2154 ὡς
1756 2120 1905 2148 διεϐάλλετο
1928 2129 1937 2138 ·

1140 2166 1259 2205 ἐφωράθη
1279 2169 1341 2205 γὰρ,
1371 2169 1451 2205 φησὶν
1472 2169 1485 2194 ὁ
1516 2166 1698 2205 Θεοδὼρήτος,
1731 2170 1779 2192 τῶν
1805 2169 1865 2204 περὶ
1894 2168 1938 2193 τὸν

261 2212 474 2243 Theodoretus,
503 2211 589 2239 malae
620 2212 857 2240 liusebianorum
890 2214 980 2240 artes.
1013 2213 1084 2245 Quae

1140 2211 1290 2242 Εὐσέϐιονή
1321 2214 1480 2250 κακοτεχνὶα
1496 2221 1503 2228 ·
1528 2213 1567 2238 ὁτι
1596 2212 1614 2238 ἂ
1639 2212 1724 2242 ζητῶν
1747 2212 1760 2238 ὀ
1789 2211 1939 2249 Μάρκελλος

261 2257 353 2285 emim
369 2256 521 2284 Marcellus
535 2259 567 2283 ut
582 2257 706 2293 quzPsita
722 2257 847 2291 dixerat,
864 2265 899 2285 ea
914 2259 946 2285 ut
959 2256 998 2285 ab
1019 2257 1084 2293 ipso

260 2305 344 2330 extra
360 2302 593 2330 controversiam
604 2302 701 2338 posita
714 2301 987 2330 calumniabantur.
1009 2303 1083 2331 Cum

260 2350 361 2375 autem
375 2355 409 2374 ea
422 2347 450 2374 in
472 2347 590 2382 synodo
616 2347 743 2374 Sardicre
764 2346 866 2375 habita
879 2346 954 2375 lectu
973 2349 1082 2382 essent,

259 2394 339 2420 recta
353 2392 474 2420 inventa
490 2394 534 2419 est
560 2392 651 2427 hujus
673 2392 804 2419 hominis
832 2391 918 2421 ﬁdes.
948 2392 1083 2421 Socrates

259 2441 360 2467 autem
385 2437 454 2465 dicit
477 2438 648 2465 Marcellum
676 2439 707 2464 ut
735 2437 1019 2466 condemnationem
1040 2445 1084 2466 re-

259 2483 391 2519 pelleret,
406 2483 594 2518 persuasisse
609 2482 758 2518 episcopis
775 2481 904 2511 Sardicaa
920 2490 1083 2518 congrega-

257 2529 295 2557 tis
310 2535 360 2556 eos
374 2528 424 2563 qui
434 2527 533 2563 ipsum
547 2527 751 2563 deposuerant
766 2534 826 2555 non
837 2526 1000 2563 intelligere
1013 2535 1081 2564 quae

257 2572 428 2609 scripserat,
446 2575 535 2608 atque
550 2572 618 2600 ideo
644 2581 673 2599 se
700 2571 920 2600 Samosatensis
948 2572 1081 2609 episcopi

257 2618 444 2655 suspiciones
466 2617 638 2645 incurrisse.
665 2617 836 2645 Patriarcha
859 2625 931 2646 vero
958 2617 1079 2646 Photius

254 2663 442 2692 narrationes
455 2663 612 2691 conferens
623 2662 750 2690 Socratis
762 2670 797 2690 ac
809 2662 996 2697 Theodoreti,
1009 2662 1080 2692 dicit

255 2708 449 2738 Sardicenses
463 2708 621 2743 episcopos
642 2715 711 2735 vere
727 2707 868 2743 deceptos
883 2715 969 2742 esse;
993 2715 1078 2735 cum-

253 2762 312 2791 que
326 2761 388 2781 non
403 2754 478 2781 bene
493 2752 706 2780 intellexissent
725 2752 850 2780 Marcelli
866 2752 985 2789 scripta,
998 2752 1077 2781 male

251 2807 321 2828 eum
333 2798 530 2835 justiﬁcasse;
547 2797 615 2825 inde
631 2797 783 2825 neminem
806 2796 957 2833 accepisse
971 2803 1076 2825 eorum

1141 2257 1236 2295 εἴρηκε,
1284 2261 1367 2285 ταῦτα
1416 2259 1449 2288 ὡς
1497 2257 1684 2294 ὡμολογημένα
1735 2254 1937 2285 διαϐεϐλήκασι.

1139 2304 1242 2329 Τούτων
1270 2301 1295 2329 δ’
1328 2302 1371 2329 ἐπὶ
1403 2306 1448 2333 τῆς
1477 2300 1590 2328 συνόδου
1622 2305 1669 2333 τῆς
1705 2301 1772 2327 κατά
1804 2299 1938 2338 Σαρδικὴν

1140 2346 1364 2384 ἀναγνωσθέντων,
1387 2347 1451 2385 ὀρθὴ
1479 2350 1525 2373 τοῦ
1550 2344 1644 2384 ἀνδρὸς
1672 2347 1687 2376 ἡ
1717 2348 1809 2378 πίστις
1833 2346 1935 2383 εὑρέθη.

1139 2395 1277 2430 Σωκρατης
1311 2390 1342 2419 δέ
1371 2402 1450 2429 φησιν
1485 2392 1526 2419 ὅτι
1551 2391 1717 2418 ἀναπαλαίων
1744 2391 1757 2418 ὃ
1789 2389 1937 2428 Μάρκελλος

1139 2438 1186 2466 τήν
1204 2435 1352 2466 καταδίκην
1380 2437 1467 2464 ἔπεισε
1495 2438 1556 2468 τόὺς
1584 2435 1608 2463 ἓν
1635 2434 1751 2474 Σαρδικῇ
1779 2437 1816 2471 μὴ
1841 2433 1934 2462 νοῆσαι

1137 2482 1198 2513 τοὺς
1216 2481 1371 2512 καθελόντας
1391 2481 1479 2515 αὐτὸν,
1513 2481 1530 2507 ἃ
1552 2483 1666 2518 γέγραφε
1683 2489 1689 2495 ·
1714 2482 1759 2506 καὶ
1784 2477 1830 2505 διὰ
1857 2480 1934 2503 τοῦτο

1137 2528 1185 2555 τὴν
1206 2527 1328 2552 ὑπόνοιαν
1355 2529 1401 2552 τοῦ
1429 2527 1599 2563 Σαμοσατέως
1615 2523 1754 2552 λαϐεῖν.’0
1783 2521 1813 2548 δὲ
1839 2531 1933 2558 πατρι-

1137 2572 1226 2608 άρχης
1254 2573 1360 2605 Φὼτιος,
1382 2570 1482 2607 σχόλια
1499 2571 1625 2608 παραθεὶς
1657 2572 1703 2595 τοῦ
1732 2575 1759 2593 τε
1784 2566 1935 2602 Σωκράτους

1135 2618 1181 2642 καὶ
1200 2618 1246 2642 τοῦ
1263 2614 1446 2654 Θεοδωρήτου,
1468 2617 1548 2652 φησὶν
1577 2614 1617 2640 ὃτι
1647 2613 1673 2639 ἔν
1698 2609 1813 2648 Σαρδικῇ
1838 2609 1934 2646 μᾶλλον

1135 2661 1311 2697 ἠπατήθησαν
1329 2668 1335 2674 “
1367 2662 1412 2687 καὶ
1441 2662 1477 2697 μὴ
1503 2661 1643 2688 νοήσαντες
1671 2655 1783 2693 ἀκριϐῶς
1807 2656 1837 2681 τὸ
1860 2658 1933 2692 Μαρ-

1134 2705 1223 2732 κέλλου
1239 2692 1422 2743 «σύγγραμμα,
1451 2708 1538 2735 κακῶς
1567 2702 1646 2729 αὐτὸν
1669 2699 1848 2728 ἐδικαίωσαν*
1876 2700 1932 2726 ὃθεν

1133 2749 1220 2783 οὐδεὶς
1241 2749 1401 2789 παρεδέξατο
1424 2751 1472 2778 τὴν
1499 2749 1560 2786 περὶ
1583 2748 1677 2774 τούτου
1703 2747 1791 2783 κρίσιν
1822 2744 1906 2772 αὐτῶν
1922 2754 1929 2763 ⁸

1132 2796 1187 2823 ἀλλ’
1217 2797 1287 2824 ἔστιν
1303 2795 1349 2827 ἔξω
1360 2798 1406 2826 τῆς
1431 2793 1616 2825 Ἐκκλησίαςό
1636 2790 1795 2830 Μάρκελλος.
1822 2790 1930 2818 Ἠθὼω-
