4126 6228
162 214 216 270 .2,
1563 201 1912 262 THESAURI
1950 203 2082 262 LIB.
2122 207 2214 264 VI.
3500 210 3574 267 22

169 359 254 392 σαν
302 331 366 390 δε
397 334 455 388 οἱ
509 332 568 388 έν
603 328 839 406 Σαρδικῇ
873 333 964 384 καὶ
1013 329 1314 389 ’Δσκληπᾶν
1355 331 1441 384 τόν
1478 331 1672 400 Γάζης,
1731 331 1791 393 ὡς

1910 328 1985 386 de
2013 328 2116 387 illo
2146 332 2544 403 sententiam;
2577 331 2682 390 sed
2711 333 2880 390 extra
2905 329 3235 390 Ecclesium
3261 345 3400 390 esse
3427 335 3575 392 Mar-

166 425 420 481 Εὑσεϐίου
473 431 582 477 τοῦ
634 421 907 497 Παμφίλου
959 424 1050 473 καὶ
1095 420 1291 474 πολλῶν
1339 420 1504 474 ἄλλων
1554 422 1800 494 ύπομνὼ-

168 537 299 594 ματα
356 514 751 591 ἐπιφερόμενον
809 508 1120 566 δικαιοῦντα
1174 511 1330 565 αὐτόν
1372 533 1384 546 ·
1445 513 1522 564 ἔτι
1584 507 1644 564 δὲ
1707 514 1800 564 καὶ

169 611 386 662 Λούκιον
458 608 559 657 τόν
638 600 1134 678 Ἀδριανουπόλεως,
1201 603 1271 664 ὡς
1329 608 1430 654 τῶν
1494 604 1800 676 κατηγόρων

171 697 322 750 αὐτοῦ
375 701 527 768 φυγῇ
577 695 943 767 χρησαμένων
971 708 983 722 ⁸
1020 690 1255 744 καθεῖλον
1305 688 1365 744 δὲ
1421 697 1458 744 Γ
1460 697 1673 765 εὼργιον
1712 692 1798 742 τόν

173 782 604 860 Ἀλεξανδρείας,
678 783 942 836 Βασίλειον
1008 782 1268 855 Ἀγκύρας
1326 785 1413 834 τὸν
1481 780 1595 834 ἀντὶ
1647 787 1799 855 Μαρ-

171 877 360 944 κέλλου,
426 876 728 928 Κεντιαδόν
787 873 962 935 Γάζης
1011 875 1099 924 τὸν
1152 870 1269 924 ἀντὶ
1318 870 1615 938 Ἀσκληπᾶ,
1665 873 1799 924 Θεό-

175 964 330 1042 δωρον
360 963 714 1038 Ἡρακλείας,
743 965 1047 1040 Νάρκισσον
1085 961 1522 1035 Εἰρηνουπόλεως,
1557 961 1798 1014 Ἀκάκιον

173 1059 488 1131 Καισαρείας
518 1062 591 1113 τῆ
610 1075 634 1116 ς
663 1053 984 1110 Παλαιστίνη
996 1073 1039 1121 ς,
1061 1056 1397 1125 Μηνόφαντον
1421 1051 1799 1126 Ἐφέσου,ούρο

175 1147 341 1198 σάκιον
372 1141 748 1216 Σιῃηδόνος,
781 1142 1044 1196 Οὐάλεντα
1066 1145 1335 1217 Μούρσης,
1368 1147 1620 1215 Γεώργιον
1651 1147 1797 1196 Λαο-

173 1230 379 1296 δικείας,
409 1237 614 1286 καίτοι
642 1237 715 1305 μὴ
772 1236 1004 1308 παρόντα
1041 1230 1090 1284 ἐν
1119 1238 1181 1304 τῇ
1219 1227 1424 1303 συνόδῳ
1449 1234 1614 1304 ταύτῃ
1649 1251 1661 1264 ·
1706 1234 1796 1284 καὶ

175 1326 312 1386 οὗτος
335 1326 482 1377 κατὰ
522 1326 630 1376 τὸν
660 1327 826 1396 μέγαν
845 1324 1152 1375 Ἀθανάσιον
1190 1326 1280 1374 καὶ
1309 1329 1401 1374 τοῦ
1427 1320 1794 1396 πρεσϐυτερίου

173 1415 491 1488 καθαιρεθεὶς
523 1414 641 1466 ὑπό
662 1419 754 1466 τοῦ
775 1417 1036 1486 μακαρίου
1068 1407 1408 1484 Ἀλεξάνδρου
1437 1408 1471 1465 ὃ
1477 1411 1508 1464 ι’
1542 1410 1792 1468 ἀσωτίαν.

179 1509 270 1558 Καὶ
291 1511 461 1558 ταῦτα
483 1505 585 1576 μὲν
616 1507 856 1555 τοιοῦτον
885 1504 1013 1574 ἔσχε
1041 1503 1130 1554 τόν
1148 1505 1357 1576 τρόπον.

250 1773 322 1828 ιε’.
376 1773 444 1826 Οἱ
483 1768 547 1824 δέ
577 1774 701 1846 περὶ
741 1769 1052 1824 Ἀθανάσιον
1104 1769 1259 1823 πάλιν
1298 1773 1391 1829 τὴν
1427 1769 1626 1844 Ῥώμην
1664 1789 1796 1823 κατ-

189 1867 340 1935 έσχον
368 1881 383 1896 ο
441 1865 536 1913 καὶ
597 1862 623 1913 6
667 1869 770 1913 τῶν
827 1859 1076 1934 ἐσπερίων
1119 1859 1368 1934 βασιλεὺς
1424 1865 1692 1929 Κώνστας,
1729 1863 1796 1913 τὰ

195 1951 237 2004 ἐν
292 1948 522 2025 Σαρδικῇ
603 1954 856 2024 γενόμενα
928 1951 1128 2023 μαθὼν,
1191 1949 1385 2023 ἔγραψε
1449 1959 1518 2021 τῷ
1585 1948 1798 2023 βασιλεῖ

199 2045 530 2112 Κωνσταντίῳ
601 2048 711 2102 τοῖς
783 2044 902 2115 περὶ
957 2042 1264 2093 Ἀθανάσιον
1338 2037 1628 2094 ἀποδοῦναι
1701 2046 1796 2108 τὰς

202 2127 336 2190 ἰδίας
378 2129 676 2192 ἐκκλησίας.
734 2128 825 2193 Ὠς
881 2126 932 2181 δ’
989 2127 1306 2195 ἀνεϐάλλετο,
1361 2129 1513 2183 πάλιν
1571 2132 1791 2207 ἔγραψεν

200 2218 227 2275 ἦ
286 2215 541 2289 δέχεσθαι
587 2220 825 2285 τούτους,
858 2218 887 2278 ἦ
935 2221 1064 2291 πρὸς
1113 2216 1332 2290 πόλεμον
1381 2223 1791 2293 παρασκευάσα-

209 2308 348 2360 σθαι.
410 2313 532 2368 Τοῖς
583 2306 676 2359 ἀνὰ
721 2311 814 2366 τὴν
890 2308 954 2359 ἔω
1019 2310 1190 2359 τοίνυν
1255 2305 1565 2370 ἐπισκόποις
1638 2317 1789 2364 τοῦτο

211 2397 562 2458 Κικινστάντιος
616 2397 1000 2468 κοινωσάμενος,
1057 2399 1148 2448 καὶ
1211 2400 1430 2468 νομίσας
1481 2399 1662 2460 εὔηθες
1720 2395 1790 2452 εἷ-

220 2503 301 2535 ναι
353 2479 444 2536 διὰ
505 2488 686 2544 ταύτην
739 2485 909 2539 αἰτίαν
965 2485 1206 2558 ἐμφύλιον
1265 2488 1529 2560 αἱρεῖσθαι
1581 2487 1787 2560 μάχην,

210 2577 349 2646 τρισί
392 2576 686 2648 γράμμασιν
741 2575 1050 2628 Ἀθανάσιον
1106 2575 1482 2648 μετεκαλέσατο
1538 2581 1625 2630 καὶ
1669 2581 1791 2640 τοὺς

616 2664 896 2718 κατέλαϐον
970 2662 1057 2718 οὖν
1122 2669 1240 2726 τοὺς
1313 2665 1504 2718 ἑαυτῶν
1580 2668 1792 2742 θρόνους

211 2751 395 2814 Παῦλος
451 2755 476 2806 ό
549 2755 1155 2826 Κωνσταντινουπόλεως,
1224 2755 1516 2830 Μάρκελλος
1589 2758 1614 2808 ό
1673 2757 1790 2829 Ἀγ-

209 2843 378 2913 κύρας,
437 2843 732 2906 Ἀσκληπᾶς
779 2846 804 2897 ό
845 2846 1040 2912 Γάζης,
1081 2849 1171 2898 καὶ
1222 2848 1442 2908 Λούκιος
1489 2846 1514 2898 6
1568 2842 1788 2922 Ἀδρια-

211 2665 302 2715 σὺν
356 2664 488 2735 αὐτῷ
529 2682 541 2696 ’

214 2935 468 2998 νουκόλςως
494 2954 506 2968 ⁸
541 2938 860 3000 Ἀθανάσιος
885 2935 936 2991 δ’
963 2939 1036 3001 εἰς
1075 2938 1401 3010 Ἀντιόχειαν
1457 2946 1552 3013 τῇν
1600 2944 1790 3015 Συρίας

1911 417 2148 476 cellum.
2181 425 2534 480 Innocentes
2558 423 2760 481 autem
2783 419 3163 478 declaravere
3189 421 3574 481 Sardicenses

1910 508 2174 581 episcOpi
2219 511 2562 586 Asclepium
2617 514 2804 582 Gazae,
2840 513 2907 567 ut
2958 509 3036 567 ab
3090 509 3348 568 Eusebio
3402 514 3573 570 Pam-

1910 599 2056 672 phili
2076 601 2402 676 multisque
2415 603 2545 660 aliis
2558 601 2900 660 testimonia
2913 600 3261 659 efferentem
3278 616 3416 676 quas
3430 617 3572 660 eum

1908 687 2350 762 defendebant;
2398 693 2598 750 adhuc
2627 697 2686 749 et
2733 691 2979 748 Lucium
3002 691 3443 765 Adrianopolis,
3471 707 3572 749 cu-

1904 779 2006 851 jus
2059 786 2440 839 accusatores
2473 783 2870 853 aufugerant;
2904 781 3318 855 deposuerunt
3367 784 3571 840 autem

1911 872 2193 942 Gorgium
2222 872 2616 943 Alexandriae,
2672 872 2962 929 Basilium
3012 877 3284 946 Ancyrae,
3315 871 3571 930 Marcelli

1909 960 2341 1032 adversarium,
2374 964 2728 1020 Centianum
2757 964 2928 1021 Gaza
2963 961 3069 1036 qui
3099 961 3438 1035 Asclepium
3467 977 3569 1018 ur-

1908 1050 2107 1120 gebat,
2175 1051 2553 1109 Theodorum
2601 1052 2926 1121 Heracleas,
2968 1051 3312 1109 Narcissum
3371 1052 3572 1110 lreno-

1906 1139 2086 1213 polis,
2109 1141 2393 1198 Acacium
2429 1145 2712 1200 Caesareae
2743 1142 2807 1199 in
2831 1142 3169 1210 Palaestina,
3199 1141 3568 1215 Menophan-

1908 1234 2037 1285 tum
2068 1230 2305 1303 Ephesi,
2349 1231 2658 1289 Ursacium
2690 1231 3056 1303 Singidonis,
3079 1230 3388 1288 Valentem
3414 1233 3567 1288 Mur-

1907 1336 2009 1388 sm,
2043 1321 2362 1389 Georgium
2409 1320 2738 1389 Laodicea,
2770 1335 3128 1394 quanquam
3156 1319 3285 1394 ipse
3319 1319 3399 1377 ab
3449 1320 3567 1376 hac

1906 1409 2142 1482 synodo
2173 1410 2383 1467 aberat
2398 1428 2418 1483 ς
2441 1415 2499 1468 et
2525 1410 2597 1479 is,
2615 1410 2790 1482 juxta
2829 1425 3124 1480 maguum
3143 1409 3562 1482 Athanasium,

1906 1516 1980 1556 ex
2002 1500 2340 1557 sacerdotio
2361 1504 2606 1574 propter
2633 1499 2935 1558 luxuriam
2967 1515 3004 1556 a
3025 1499 3204 1557 beato
3224 1499 3564 1558 Alexandro

1905 1589 2218 1662 depositus
2247 1589 2460 1647 fuerat.
2485 1592 2551 1647 Et
2590 1589 2721 1648 haec
2748 1589 2994 1663 quidem
3015 1589 3134 1647 hoc
3161 1587 3346 1648 modo
3377 1603 3440 1646 se
3458 1587 3566 1647 ha-

1825 1687 1872 1743 B
1903 1679 2112 1736 buere.

1985 1775 2064 1826 I5.
2105 1767 2418 1827 Athanasii
2448 1771 2651 1826 autem
2679 1767 2944 1826 fautores
2971 1770 3176 1827 Romae
3206 1767 3478 1840 aderant,
3506 1771 3565 1827 et

1906 1859 2241 1916 Occidentis
2271 1858 2600 1934 imperator
2631 1862 2945 1927 Constans,
2988 1875 3128 1916 cum
3156 1874 3229 1916 ea
3255 1874 3394 1933 quas
3424 1861 3563 1918 Sar-

1903 1949 2052 2006 (Ιίοω
2073 1949 2230 2006 facta
2253 1949 2490 2006 fuerant
2510 1949 2832 2022 didicisset,
2861 1950 2940 2008 ad
2959 1949 3387 2023 imperatorem
3407 1949 3560 2006 Con-

1902 2038 2188 2096 stantium
2251 2039 2488 2112 scripsit
2535 2043 2600 2096 ut
2655 2038 2963 2096 Athanasii
3022 2037 3363 2095 fautoribus
3419 2054 3562 2095 suas

1901 2127 2181 2184 ecclesias
2204 2127 2500 2185 redderet.
2525 2129 2673 2184 Cum
2703 2132 2906 2184 autem
2935 2127 3032 2184 hic
3067 2127 3556 2201 procrastinaret,

1899 2234 2140 2274 rursum
2162 2217 2216 2274 ei
2245 2217 2480 2290 scripsit
2505 2221 2570 2273 ut
2588 2221 2692 2274 aut
2718 2215 2852 2274 illos
2871 2217 3314 2274 restitueretaut
3331 2215 3412 2272 ad
3435 2215 3562 2272 bel-

1897 2307 2023 2363 lum
2077 2322 2144 2364 se
2195 2310 2533 2380 appararet.
2590 2305 2765 2374 Quod
2817 2304 3210 2363 orientalibus
3261 2304 3561 2378 episcopis

1899 2400 2110 2453 notum
2160 2396 2388 2454 faciens
2453 2395 2837 2454 Constantius
2880 2393 3254 2468 credensque
3305 2393 3559 2452 stultum

1898 2501 2031 2542 esse
2084 2485 2165 2542 ob
2216 2486 2376 2542 hanc
2432 2501 2686 2542 causam
2732 2484 3064 2542 fraternum
3105 2483 3333 2542 bellum
3371 2484 3562 2541 susci-

1899 2578 2044 2645 tare,
2083 2575 2275 2632 tribus
2325 2574 2535 2632 litteris
2593 2574 2991 2632 Athanasium
3031 2572 3285 2646 ejusque
3328 2572 3559 2630 amicos

1897 2665 2222 2721 revocavit.
2276 2667 2648 2737 Receperunt
2689 2663 2870 2735 igitur
2922 2679 3070 2720 suas
3121 2662 3294 2719 sedes
3339 2662 3562 2720 Paulus

1900 2753 2471 2826 Constantinopolis,
2494 2753 2805 2811 Marcellus
2831 2757 3107 2826 Ancyrae,
3137 2751 3424 2826 Asclepas
3453 2752 3562 2810 Ga-

1899 2860 2001 2914 zae,
2015 2847 2073 2900 et
2095 2843 2307 2900 Lucius
2327 2843 2769 2918 Adrianopolis.
2804 2843 2952 2900 Cum
2971 2846 3176 2900 autem
3195 2842 3560 2899 Athanasius

1899 2933 2278 2990 Antiochiam
2329 2933 2512 3006 Syrias
2550 2931 2827 2990 rediisset
2869 2932 2977 2990 ubi
3024 2931 3382 2990 versabatur
3411 2931 3563 2989 Con-

215 3022 503 3098 ἀφικόμενος,
562 3028 685 3080 ἔνθα
733 3023 959 3100 διέτριϐε
1014 3030 1394 3090 Κωνστάντιος,
1442 3031 1588 3081 εὔνου
1632 3025 1790 3088 δῆθπ

1903 3023 2174 3091 stantius,
2215 3021 2581 3080 benevolum
2632 3037 2774 3080 eum
2817 3025 3098 3097 expertus
3125 3025 3256 3079 est:
3285 3037 3360 3079 ex
3397 3022 3563 3080 Aria-

217 3113 357 3166 αὑτοῦ
391 3113 625 3190 ἐπειράθη
656 3132 670 3148 ⁸
732 3125 832 3170 τῶν
865 3117 1137 3191 Ἀρειανῶν
1192 3113 1252 3170 δὲ
1303 3118 1648 3190 ὑποθεμένων,
1695 3121 1786 3192 ἔφη

215 3206 326 3277 πρὸς
365 3204 508 3258 αὐτόν
555 3207 581 3258 6
641 3208 998 3269 Κωνστάντιος
1029 3223 1043 3236 ·
1108 3206 1263 3270 Ἀξιῶ
1326 3204 1382 3258 ἐκ
1429 3206 1626 3260 πολλῶν
1683 3216 1784 3260 τῶν

217 3292 304 3342 ύπό
355 3293 745 3354 σὶἘκκλησιῶν
800 3299 924 3368 μίαν
972 3297 1114 3366 ἔχειν
1171 3295 1222 3348 ἐν
1251 3292 1617 3370 Ἀλεξανδρείᾳ
1668 3315 1786 3358 τους

223 3389 447 3434 κοινωνεῖν
517 3404 597 3437 σοι
667 3389 1133 3460 παραιτουμένους.
1198 3383 1256 3436 Ὀ
1332 3381 1409 3449 δὲ,
1488 3383 1782 3454 ὑπολαϐὼν,

232 3470 451 3540 Παραπλη
461 3475 566 3524 clm
577 3515 590 3538 ,
664 3476 754 3546 ἔφη
765 3515 780 3538 ,

228 3557 349 3609 ὥστε
390 3563 502 3630 μίαν
554 3563 688 3633 ἔχειν
741 3561 1025 3620 ἐκκλησίαν
1081 3560 1130 3613 ἐν
1185 3560 1481 3636 Ἀντιοχείᾳ
1520 3566 1640 3625 τοὺς
1687 3571 1788 3615 τῶν

223 3638 604 3719 ἕτεροδοξούντων
695 3656 790 3709 τὴν
883 3653 1151 3703 κοιιωνίαν
1239 3652 1519 3722 φεύγοντας
1561 3665 1575 3681 ”
1663 3652 1784 3727 ὅπερ

211 3730 488 3801 ἀκούσαντες
555 3743 605 3792 οἱ
665 3740 922 3814 Ἀρειανοὶ
977 3741 1124 3814 παρὰ
1167 3746 1260 3792 τοῦ
1324 3739 1605 3813 βασιλέως,
1663 3739 1786 3802 ἑξή-

209 3840 350 3879 τπσαν
405 3827 552 3882 πλέον
600 3825 775 3886 οὐδέν.
837 3830 1056 3884 Ἐκεῖθεν
1127 3833 1293 3882 τοίνυν
1344 3831 1658 3893 Ἀθανάσιος
1706 3829 1786 3894 ἐξ-

207 3920 434 3985 ορμήσας,
490 3921 561 3972 τὰ
611 3919 948 3995 Ἱεροσόλυμα
997 3918 1273 3974 κατέλαϐεν
1308 3937 1320 3950 ο
1377 3920 1444 3972 ὧν
1498 3921 1524 3972 ό
1569 3919 1786 3974 ἐπίσκο-

203 4020 283 4062 πος
325 4007 576 4081 Μάξιμος,
631 4005 852 4062 σύνοδον
915 4015 1137 4069 τοπικὴν
1202 4008 1520 4076 ἐπιτελέσας,
1580 4008 1784 4064 ἐκοινώ-

857 3475 1020 3547 χάριν
1095 3473 1223 3525 αἰτῶ
1295 3471 1464 3545 κάγὼ,
1539 3471 1783 3546 βασιλεῦ,

199 4110 330 4180 ἵησιν
356 4095 486 4169 αὐτῷ
519 4112 536 4128 ⁸
578 4103 671 4152 καὶ
721 4100 884 4161 οὕτως
927 4098 999 4161 εἰς
1029 4095 1424 4171 Ἀλεξάνδρειαν
1481 4097 1788 4173 ἀφικόμενος

217 4185 505 4256 Αθωδάσιος,
538 4193 656 4250 τοὺς
703 4191 769 4242 τὰ
797 4191 1001 4264 ’Δρείου
1055 4196 1360 4262 φρονοῦντας
1415 4189 1649 4252 ἅπαντας
1687 4209 1784 4243 κα-

203 4271 360 4328 θεῐλεθ.

265 4382 336 4427 ις’.
387 4365 466 4420 Ἐν
517 4371 682 4440 τούτῷ
723 4366 782 4423 δὲ
834 4374 1080 4432 Κώνστας
1129 4369 1154 4420 ό
1199 4376 1296 4430 τῆς
1325 4367 1586 4446 Ἐσπέρας
1630 4369 1788 4445 βασι·
1817 4393 1862 4451 D

199 4448 337 4504 λεύων
382 4456 478 4509 ὑπὸ
533 4463 856 4531 Μαγνεντίου
912 4461 1049 4511 κατὰ
1091 4463 1352 4517 συσκευήν
1397 4458 1644 4534 ἀνῃρέθη,
1698 4465 1789 4514 καὶ

205 4546 539 4609 Κωνστάντιος
607 4549 941 4623 αὐτοκράτωρ
1013 4553 1186 4620 γέγονε
1258 4556 1347 4608 τῆς
1413 4547 1590 4622 ἀρχῆς
1656 4549 1787 4602 ἁπά-

208 4647 324 4690 σις’
379 4637 428 4698 ὃς
487 4642 602 4709 καὶ,
672 4646 778 4699 τοῖς
829 4637 1114 4712 Ἀρειανοῖς
1163 4640 1481 4711 πειθόμενος,
1542 4641 1610 4692 τὰ
1663 4659 1788 4714 προ-

201 4713 468 4796 ὅιὸογμίνα
561 4729 732 4780 πάντα
819 4727 1160 4801 μετέστρεψεν
1243 4728 1316 4790 εἰς
1404 4731 1464 4780 τό
1540 4731 1786 4781 ἐναντίον·

202 4811 370 4875 Παῦλος
423 4820 602 4869 τοίνυν
655 4819 680 4868 ό
731 4817 1318 4878 Κωνσταντινουπόλεως
1371 4818 1438 4879 εἰς
1489 4823 1788 4872 Κουκουσόν

198 4904 272 4960 τῆς
315 4902 584 4979 ’Δρμενίας
628 4905 907 4982 ἐξορισθεὶς
961 4906 1183 4983 ἀνῃρέθη
1234 4907 1442 4982 βρόχῳ,
1500 4913 1589 4961 καὶ
1634 4909 1786 4962 πάλιν

197 4991 274 5045 τήν
342 4992 628 5052 ἐκκλησίαν
703 5000 936 5068 κατέσχε
1024 4993 1350 5060 Μακεδόνιος
1391 5014 1404 5028 ⁸
1483 4998 1784 5072 Μαρκέλλου

200 5072 240 5126 δ’
299 5081 650 5156 ἑκϐληθέντος,
730 5083 980 5158 ἐγκρατὴς
1047 5082 1195 5147 αὖθις
1260 5085 1457 5158 ἐγένετο
1513 5097 1609 5150 τῆς
1673 5087 1784 5141 ἐπι-

200 5179 378 5234 σκοπῆς
405 5178 680 5236 Βασίλειος
710 5190 724 5204 °
760 5177 986 5235 Λούκιος
1035 5169 1095 5228 δὲ
1129 5171 1334 5249 σιδήρῳ
1385 5172 1598 5248 δέσμιος
1641 5175 1688 5229 ἐν
1719 5185 1780 5251 τῇ

199 5257 352 5332 εἱρκτῇ
410 5260 669 5339 διεφθάρη
707 5285 720 5298 ·
777 5263 1089 5325 Ἀθανάσιος
1139 5261 1198 5318 δὲ
1243 5264 1536 5326 κελευσθεὶς
1583 5264 1783 5342 ἀναιρε-

200 5346 353 5418 θῆναι,
420 5352 572 5426 μόλις
639 5348 898 5425 διέφυγεν.
963 5353 1375 5428 Ἐκστρατεύσας
1445 5351 1502 5408 δε
1553 5353 1636 5408 ἐπὶ
1691 5361 1786 5415 τὴν

201 5431 445 5513 Ἰλλυρίδα
525 5445 880 5504 Κωνστάντιος
951 5445 1088 5496 κατὰ
1163 5448 1533 5519 Βρεττανίωνος
1599 5465 1788 5520 τυραν-

200 5530 454 5602 νήσαντος,
501 5533 624 5591 ἧκεν
682 5532 754 5596 εἰς
800 5535 858 5584 τὸ
916 5537 1148 5608 Σίρμιον,
1205 5535 1327 5587 ἔνθα
1381 5530 1449 5593 δὴ
1508 5542 1604 5598 τῆς
1655 5537 1791 5589 κατὰ

1897 3129 2117 3170 norum
2163 3117 2366 3170 autem
2393 3112 2663 3184 consilio,
2706 3111 2789 3168 illi
2831 3111 3086 3184 subjecit
3122 3111 3507 3168 Constantius
3541 3128 3556 3168 :

1896 3206 2130 3260 Iustum
2168 3216 2384 3258 censeo
2430 3218 2501 3258 ex
2544 3201 2749 3260 multis
2777 3217 2913 3275 quas
2944 3201 3058 3257 sub
3097 3203 3154 3256 te
3183 3202 3326 3256 sunt
3376 3199 3563 3259 eccleo

1899 3292 2000 3348 siis
2027 3298 2089 3348 ut
2127 3307 2312 3348 unam
2350 3290 2618 3348 habeant
2645 3289 3024 3347 Alexandriae
3052 3289 3160 3363 qui
3179 3292 3378 3346 tecum
3398 3305 3562 3347 com-

1896 3382 2205 3438 municare
2230 3379 2511 3437 nolunt.E
2529 3384 2739 3437 contra
2764 3384 2966 3436 autem
2990 3377 3087 3436 ille
3111 3393 3126 3433 :
3160 3376 3448 3448 Similem,
3472 3378 3561 3435 in-

1896 3471 2046 3544 quit,
2076 3487 2113 3528 a
2140 3474 2218 3535 te,
2249 3471 2599 3544 imperator,
2627 3469 2891 3542 efﬂagito
2921 3469 3201 3542 gratiam,
3242 3483 3464 3543 nempe
3493 3473 3561 3528 ut

1897 3575 2084 3618 unam
2131 3559 2458 3617 Antiochiae
2514 3560 2784 3618 habeant
2838 3558 3161 3617 ecclesiam
3189 3557 3296 3632 qui
3324 3558 3559 3616 hetero-

1894 3649 2196 3706 doxorum
2229 3651 2722 3708 communionem
2751 3649 3011 3722 fugiunt.
3040 3648 3215 3716 Quod
3247 3647 3559 3707 audientes

1895 3739 2116 3810 Ariani,
2153 3740 2302 3798 nihil
2330 3741 2594 3814 amplius
2626 3741 3013 3814 quaesierunt.
3046 3738 3190 3796 Inde
3213 3737 3394 3810 igitur
3419 3752 3561 3810 pro-

1894 3831 2084 3888 fectus
2112 3831 2475 3888 Athanasius
2501 3831 2985 3905 Hierolosymam
3030 3829 3338 3904 pervenit;
3385 3828 3559 3900 cujus

1894 3920 2058 3978 urbis
2089 3921 2408 3996 episcopus
2425 3920 2918 3995 Maximus,locali
2943 3919 3180 3994 synodo
3201 3920 3556 3986 convocata,

1895 4025 2036 4068 cum
2085 4011 2186 4069 illo
2239 4011 2732 4068 communicavit.
2766 4013 2962 4084 Atque
2993 4009 3079 4067 ita
3127 4023 3268 4066 cum
3302 4005 3557 4064 Alexan-

1894 4099 2087 4157 driam
2118 4100 2390 4158 rediisset
2421 4100 2804 4173 Athanasius,
2839 4113 3056 4157 omnes
3076 4113 3182 4156 eos
3201 4096 3308 4172 qui
3327 4097 3553 4158 Ariana

1895 4189 2184 4262 dogmata
2214 4189 2667 4264 proﬁtebantur,
2694 4189 2999 4265 deposuit.

1970 4373 2054 4428 i6.
2096 4372 2324 4427 Interea
2353 4384 2498 4428 vero
2527 4370 2822 4428 Constans
2851 4368 2958 4443 qui
2995 4367 3060 4426 in
3101 4366 3421 4430 Occidente
3458 4383 3548 4426 re-

1897 4461 2142 4532 gnabat,
2183 4475 2220 4516 a
2263 4460 2602 4532 Magnentio
2636 4475 2742 4534 per
2779 4458 3028 4516 insidias
3052 4457 3398 4516 interfectus
3436 4461 3545 4529 est,

1891 4545 1955 4606 'et
1983 4553 2174 4606 factus
2207 4553 2299 4606 est
2327 4548 2712 4608 Constantius
2731 4548 2895 4606 orbis
2916 4547 3172 4606 universi
3197 4548 3544 4621 imperator.

1899 4640 2010 4706 Qui
2049 4639 2126 4696 ab
2151 4639 2382 4696 Arianis
2407 4639 2690 4696 seductus
2717 4653 3118 4712 quaecumque
3146 4640 3286 4694 ante
3305 4635 3547 4694 decreta

1898 4733 2068 4786 crant
2095 4729 2156 4785 in
2185 4729 2551 4786 contrarium
2599 4727 2872 4786 mutavit.
2926 4725 3145 4784 Paulus
3173 4726 3353 4798 igitur
3393 4726 3544 4784 Con-

1897 4818 2317 4891 stantinopolis
2365 4819 2426 4875 in
2458 4817 2672 4875 urbem
2716 4816 3011 4874 Armenia
3042 4817 3344 4874 Cucusum
3371 4831 3545 4873 exsu-

1895 4907 2051 4964 latus
2077 4907 2296 4980 laqueo
2337 4907 2680 4965 interfectus
2710 4909 2819 4976 est,
2862 4910 2918 4964 et
2936 4922 3145 4964 rursus
3172 4907 3331 4964 hanc
3362 4906 3547 4964 eccle-

1896 4997 2047 5055 siam
2076 4996 2289 5054 habuit
2316 4996 2716 5070 Macedonius,
2744 4995 3015 5056 Marcello
3036 4999 3242 5056 autem
3265 4996 3541 5070 expulso,

1896 5087 2249 5160 episcopatu
2305 5102 2546 5144 rursum
2600 5087 2801 5161 potius
2857 5091 2948 5144 est
3005 5086 3278 5145 Basilius.
3334 5086 3548 5145 Lucius

1896 5177 2050 5234 ferro
2077 5176 2314 5233 vinctus
2341 5175 2404 5233 in
2433 5191 2669 5234 carcere
2697 5177 2888 5250 periit.
2928 5176 3290 5234 Athanasius
3317 5181 3545 5248 autem,

1895 5282 2076 5338 quem
2098 5265 2347 5322 interfici
2371 5265 2766 5340 jusserat,vix
2797 5264 3048 5338 aufugit.
3070 5265 3374 5324 Profectus
3401 5281 3546 5325 vero

1895 5356 1957 5413 in
2009 5355 2266 5430 Illyriam
2301 5356 2682 5414 Constantius
2713 5359 2924 5414 contra
2975 5357 3416 5416 Brettanionem
3458 5373 3548 5414 re-

1899 5461 2089 5516 gnum
2119 5446 2520 5516 affectautem,
2555 5447 2840 5505 Sirmium
2869 5445 3032 5504 venit
3068 5445 3174 5502 ubi
3222 5445 3434 5504 habita
3460 5449 3551 5504 est

1900 5540 2110 5594 contra
2138 5537 2456 5596 Photinum
2507 5537 2802 5612 synodus.
2854 5536 3085 5595 Interea
3113 5552 3150 5594 a
3187 5535 3309 5593 suis
3337 5533 3548 5607 legatis
