4126 6228
262 286 327 340 2‘5
1596 274 1873 333 THESAU

1984 275 2114 332 LIB.
2155 279 2245 335 VI.
3573 281 3641 338 26

269 411 486 468 σθείσης
520 401 588 458 δε
638 410 728 467 τῆς
773 397 1003 456 συνόδου
1047 403 1172 478 ῥᾷον
1200 406 1442 457 πείσουσι
1503 403 1626 464 τοὺς
1651 401 1873 471 ὀλίγους,

1993 401 2158 458 nodo
2186 408 2386 461 autem
2411 404 2735 462 dissociata
2764 403 2996 462 facilius
3021 405 3145 462 fore
3175 409 3239 462 ut
3263 404 3473 478 paucis
3501 419 3640 478 per-

263 498 697 571 παρεσκεύασαν,
733 496 1175 569 συμπραττόντων
1227 493 1404 556 αὐτοῖς
1453 500 1549 545 τῶν
1597 491 1880 562 εὐνούχων,

271 583 364 640 δύο
383 586 642 657 γενέσθαι
673 585 770 645 τὰς
811 578 1090 652 συνόδους,
1119 590 1218 634 τῶν
1258 584 1349 655 μὲν
1379 581 1628 651 ἑσπερίων
1675 579 1885 632 ἐπισκό-

271 695 373 728 ετων
412 673 465 726 ἐν
507 673 773 746 Ἀριμίνῳ
812 679 911 734 τῆς
953 671 1198 741 Ἰταλίας,
1228 679 1329 724 τῶν
1360 667 1420 724 δὲ
1451 670 1584 741 ἑῴων
1624 667 1672 722 ἐν
1701 667 1881 722 Σελευ-

274 769 380 837 κείᾳ
407 771 505 823 τῆς
537 761 826 836 Ἰσσωρίας
848 783 861 796 ·
909 766 999 815 και
1044 763 1126 813 ἶνα
1165 763 1232 813 τὰ
1265 759 1431 813 πολλὰ
1474 763 1759 832 συντέμνω,
1789 763 1882 811 τοῦ

275 861 362 916 τῆς
380 856 661 926 μακαρίας
688 851 886 916 λήξεως
912 850 1116 904 Παύλου
1142 853 1228 903 τὸν
1257 858 1348 911 τῆς
1387 849 1660 922 ὁμολογίας
1690 851 1880 920 στέφα-

274 962 350 995 νον
388 939 684 1013 εἰληφότος,
756 940 1117 1012 ἀντεισάγεται
1165 936 1511 1006 Μακεδόνιος,
1553 941 1618 1000 ὡς
1679 939 1740 990 ἄν
1800 957 1883 999 τις

278 1034 381 1103 εἴπῃ
409 1034 604 1093 σκότος
642 1032 845 1104 ἡμέρας
892 1025 1174 1101 διάδοχον·
1215 1028 1312 1082 Ἦν
1363 1025 1423 1082 δὲ
1459 1030 1525 1081 τὰ
1571 1030 1661 1101 μεν
1699 1035 1881 1103 πρῶτα

278 1123 664 1193 συμφερόμενος
691 1127 800 1182 τοῖς
839 1123 966 1194 ,περὶ
998 1117 1242 1172 Ἀκάκιον
1290 1123 1377 1171 τόν
1435 1121 1749 1192 Καισαρείας
1785 1125 1881 1178 τῆς

277 1209 597 1267 Παλαιστίνη
612 1231 659 1272 ς,
687 1213 778 1261 καὶ
809 1212 926 1262 οὔτε
974 1209 1275 1280 όμοιούσιον
1315 1216 1389 1280 τῷ
1416 1212 1583 1281 Πατρὶ
1630 1206 1766 1278 ἔλεγε
1792 1210 1878 1258 τὸν

269 1302 390 1368 Υἱόν,
460 1297 592 1350 ἀλλ’
625 1298 840 1372 ὅμοιον·
900 1301 1030 1370 μετὰ
1089 1294 1148 1350 δὲ
1207 1300 1267 1350 τό
1329 1298 1704 1372 καθαιρεθῆναι
1748 1298 1878 1370 πρός

273 1389 450 1442 ἐκείνων
476 1386 965 1460 ἁττοχρησαμένων
991 1395 1051 1460 τῇ
1083 1387 1202 1439 κατ’
1235 1386 1397 1439 αὐτοῦ
1428 1385 1554 1460 ὀργῇ
1589 1393 1680 1438 τοῦ
1710 1384 1876 1458 βασι-

277 1480 373 1540 λευς
417 1483 832 1544 Κωψσταντίου,
880 1479 952 1538 οἷς
999 1481 1086 1530 τὸν
1132 1480 1309 1550 νεκρόν
1351 1484 1442 1528 τοῦ
1493 1480 1688 1551 πατρὸς
1716 1475 1876 1528 αὐτοῦ

289 1573 672 1622 Κωνσταντίνου
734 1574 826 1620 τοῦ
891 1566 1132 1638 Μεγάλου
1205 1570 1518 1642 παρεκίνησε
1550 1607 1564 1633 ,
1623 1570 1712 1618 καὶ
1776 1573 1876 1618 τῶν

280 1658 480 1710 ἐντεῦθεν
529 1665 753 1730 σφαγῶν
779 1656 998 1729 ἀνεφάνη
1042 1658 1222 1727 αἴτιος,
1255 1660 1372 1728 περὶ
1408 1653 1467 1708 δὲ
1496 1657 1686 1708 τούτων
1716 1654 1875 1707 εἰπεῖν

1996 491 2338 561 suaderent,
2366 499 2728 551 curaverunt
2755 511 2825 551 ex
2853 495 3268 552 cunuchorum
3290 494 3640 553 auctoritate

1991 584 2058 636 ut
2085 580 2220 637 dua
2251 583 2467 654 synodi
2481 583 2710 654 ﬁerent,
2729 584 3193 642 occidentalium
3209 585 3639 658 episcoporum

1989 669 2258 727 Ariminii
2287 673 2346 729 in
2375 673 2559 741 Italia,
2591 674 2968 732 orientalium
3010 679 3212 732 autem
3266 674 3546 732 Seleucia
3577 675 3638 731 in

1989 761 2236 818 Isauria.
2266 767 2456 836 Atque
2495 768 2562 820 ut
2588 764 2940 821 brevissime
2962 764 3177 831 dicam,
3211 763 3402 821 beata
3433 763 3639 820 condi-

1989 849 2166 906 tionis
2198 851 2383 909 Paulo
2411 853 2810 910 confessionis
2853 869 3140 911 coronam
3171 853 3391 926 adepto
3422 853 3639 912 sufﬁci-

1987 943 2086 994 tur
2116 941 2520 1011 Macedonius,
2547 947 2614 1000 ut
2657 943 2738 999 ita
2787 943 3003 1011 dicam,
3045 943 3220 1016 quasi
3257 947 3394 1016 post
3439 943 3637 1000 lucem

1988 1028 2265 1084 tenebrae.
2299 1032 2435 1086 Erat
2463 1036 2665 1087 autem
2716 1033 2979 1104 primum
3030 1030 3229 1088 Acacii
3266 1033 3547 1089 Casarea
3574 1032 3636 1088 in

1989 1117 2309 1175 Palastina
2337 1120 2580 1176 asseclis
2611 1121 2986 1180 consentiens
3011 1136 3208 1193 neque
3245 1121 3454 1177 Filium
3485 1120 3638 1177 Patri

1985 1207 2048 1263 in
2079 1207 2414 1265 substantia
2445 1209 2699 1266 similem
2731 1227 2866 1267 esse
2897 1209 3152 1278 dicebat,
3177 1209 3282 1266 sed
3305 1214 3541 1266 tantum
3563 1209 3636 1265 si-

1987 1296 2224 1364 milem;
2269 1304 2596 1371 postquam
2640 1305 2842 1356 autem
2876 1299 3184 1372 depositus
3203 1303 3294 1355 est
3322 1299 3400 1354 ab
3429 1299 3502 1354 iis
3533 1299 3638 1371 qui

1988 1388 2327 1443 Constantis
2379 1388 2756 1461 imperatoris
2811 1389 2901 1444 ira
2952 1389 3357 1444 abluebantur
3403 1388 3464 1444 in
3495 1404 3636 1444 eum

1985 1475 2355 1546 indignantis
2403 1493 2476 1532 eo
2523 1477 2691 1551 quod
2735 1479 3102 1534 Constantini
3156 1478 3340 1550 patris
3379 1476 3637 1534 cadaver

1983 1563 2116 1621 loco
2145 1571 2417 1623 moverat
2441 1573 2498 1624 et
2516 1568 2770 1624 recentis
2800 1567 2981 1624 cadis
2997 1584 3183 1624 causa
3212 1567 3404 1623 fuerat
3423 1567 3519 1638 (de
3543 1567 3636 1623 his

1984 1654 2246 1712 diximus
2275 1661 2490 1728 antea),
2521 1657 2874 1729 aliquandiu
2907 1673 3091 1730 prope
3136 1656 3316 1730 Pylas
3339 1655 3634 1728 Bithynia

279 1749 501 1820 ἓφθημεν,
550 1743 781 1820 διέτριϐε
809 1749 900 1818 μεν
940 1749 1013 1808 εἷς
1044 1766 1096 1798 τι
1127 1749 1246 1818 περὶ
1289 1745 1464 1806 Πύλας
1503 1753 1600 1807 τῆς
1640 1746 1873 1805 Βιθυνίας

1984 1743 2184 1801 locum
2226 1751 2638 1802 commoratus
2693 1751 2805 1817 est,
2856 1746 2959 1802 ubi
2991 1751 3048 1802 et
3093 1750 3370 1802 mortuus
3396 1751 3504 1801 est.
3544 1744 3635 1800 Ad

280 1841 480 1910 χωρίον,
515 1837 648 1889 ἔνθα
669 1842 762 1888 καὶ
801 1834 1126 1893 ἐτελεύτησεο
1155 1838 1284 1908 πρὸς
1323 1831 1383 1887 δὲ
1418 1839 1540 1896 τοὺς
1568 1842 1661 1887 τοῦ
1701 1833 1872 1908 ἐτέρου

280 1929 449 1999 μέρους
504 1930 631 1984 ἦτοι
686 1929 807 1986 τοὺς
865 1923 1211 1998 Ἡμιαρείους,
1271 1930 1406 1997 φημὶ
1472 1921 1531 1977 δὲ
1581 1927 1702 1986 τοὺς
1743 1922 1875 1997 ἀμφὶ

281 2021 526 2090 Γεὼργιον
575 2018 663 2068 τὸν
713 2010 1032 2077 Λαοδικείας
1088 2019 1177 2067 καὶ
1231 2013 1491 2067 Βασίλειον
1547 2017 1632 2066 τόν
1689 2014 1875 2086 Ἀγκύ-

281 2125 387 2179 ρας,
429 2103 689 2169 ἀπέκλινε,
737 2109 830 2157 καὶ
875 2107 964 2156 τόν
997 2105 1116 2158 Υἱὸν
1154 2103 1266 2156 κατ’
1297 2103 1485 2166 αύτούς
1531 2099 1875 2176 ἐδογμάτιζεν

282 2197 600 2267 ὁμοιούσιον.

358 2389 426 2448 εἰ,
461 2390 808 2464 Αἱρεσιάρχης
847 2385 904 2441 δέ
945 2387 1298 2462 φιλοτιμηθεὶς
1341 2387 1715 2464 ἀναρρηθῆναι,
1760 2409 1874 2442 και-

299 2483 498 2552 νοτερὸν
538 2499 588 2530 τι
631 2481 1016 2552 προσεπενόησε,
1077 2484 1167 2532 καὶ
1222 2476 1569 2553 σφοδρότερον
1626 2478 1874 2537 ἐλύττησε

297 2571 424 2620 κατὰ
479 2575 572 2620 τοῦ
633 2568 776 2639 ἁγίου
830 2570 1158 2640 Πνεύματος·
1222 2576 1375 2622 τοῦτο
1426 2571 1525 2644 γὰρ
1573 2574 1664 2621 καὶ
1718 2571 1766 2620 οἱ
1813 2572 1870 2622 τό

285 2659 580 2728 ὁμοιούσιον
605 2657 911 2730 εἰσάγοντες,
955 2662 1046 2711 καὶ
1088 2660 1138 2711 οἱ
1175 2661 1234 2710 τὸ
1267 2660 1440 2732 ὅμοιον
1477 2658 1746 2734 ληροῦντες
1781 2667 1872 2720 τῆς

280 2745 455 2807 οὐσίας
505 2750 704 2819 χωρὶς,
756 2751 848 2800 καὶ
899 2746 1067 2809 ἁπλῶς
1113 2749 1162 2800 οἱ
1209 2745 1310 2800 ἀπὸ
1356 2747 1629 2823 Ἀρειανῶν
1691 2751 1871 2810 πάντες

277 2841 472 2907 κτίσμα
508 2840 600 2908 μὲν
629 2835 803 2908 ἔλεγον
841 2841 930 2889 καὶ
957 2844 1047 2889 τοῦ
1075 2839 1199 2890 Υἱοῡ
1245 2834 1672 2910 καταδεέστερον,
1708 2838 1866 2910 ὅμως,

277 2921 327 2978 δ’
355 2921 438 2978 οὖν
564 2925 694 2998 ἁγίᾳ
720 2921 920 3000 Τριάδι
957 2929 1340 3000 συνηρίθμουνο
1389 2926 1538 2988 οὗτος
1568 2923 1628 2979 δὲ
1656 2927 1682 2978 6
1710 2928 1870 2979 κατά-

275 3034 422 3090 ρατος
451 3015 525 3078 εἰς
549 3019 644 3073 τὴν
682 3013 916 3090 Τριάδος
944 3015 1069 3068 αὐτό
1102 3015 1364 3088 θεολογίαν
1397 3015 1867 3089 συναναλαμϐάνειν

1983 1850 2086 1890 eos
2115 1850 2252 1890 vero
2275 1835 2376 1907 qui
2396 1835 2641 1891 alteram
2667 1841 2896 1908 partem
2917 1835 3382 1902 constituebant,
3408 1833 3638 1892 Semia"

1983 1923 2184 1980 rianos
2214 1940 2454 1998 nempe,
2501 1925 2739 1994 Georgii
2799 1925 3130 1995 Laodicea,
3159 1923 3354 1981 Basilii
3383 1926 3635 1995 Ancyrae

1982 2015 2244 2071 fautores
2269 2015 2606 2083 declinavit,
2639 2021 2693 2070 et
2727 2014 2959 2082 Filium,
2990 2015 3144 2070 sicut
3166 2019 3222 2071 et
3245 2013 3382 2087 ipsi,
3404 2014 3466 2070 in
3495 2011 3635 2068 sub-

1985 2104 2204 2160 stantia
2231 2103 2384 2160 Patri
2409 2103 2665 2160 similem
2692 2119 2822 2159 esse
2848 2102 3075 2162 docuit.

2051 2392 2146 2445 20.
2205 2390 2608 2446 Haresiarcha
2664 2393 2863 2446 autem
2919 2389 3247 2447 renuntiari
3305 2391 3633 2462 peroptans

1980 2494 2206 2534 novum
2229 2479 2458 2552 aliquid
2485 2480 2860 2551 excogitavit,
2886 2485 2941 2536 et
2968 2480 3028 2536 in
3049 2477 3381 2554 quamdam
3412 2477 3634 2534 violen-

1978 2568 2189 2624 tiorem
2222 2568 2452 2624 rabiem
2484 2575 2696 2626 contra
2751 2569 3034 2642 Spiritum
3085 2575 3362 2625 sanctum
3402 2567 3629 2624 incidit.

1981 2655 2151 2712 Illum
2178 2659 2339 2714 enim
2369 2663 2426 2714 et
2454 2659 2558 2732 qui
2583 2659 2788 2715 Filium
2812 2658 3150 2714 substantia
3171 2657 3428 2714 similem
3447 2656 3632 2712 finxe-

1976 2752 2116 2803 rant
2151 2753 2208 2804 et
2261 2749 2366 2821 qui
2423 2749 2677 2806 similem
2720 2765 2849 2806 esse
2905 2749 3162 2806 dicendo
3211 2749 3632 2818 deliraverant,

1977 2841 2220 2910 excepta
2247 2838 2605 2906 substantia,
2640 2845 2826 2912 utque
2853 2855 2976 2896 uno
3006 2839 3192 2896 verbo
3213 2837 3434 2904 dicam,
3455 2840 3631 2910 quot-

1977 2933 2125 3000 quot
2152 2928 2405 2984 Arianas
2421 2934 2620 3002 partes
2651 2929 2955 2998 tenebant,
2981 2935 3318 2986 creaturam
3343 2928 3630 3001 Spiritum

1978 3015 2279 3087 dicebant,
2348 3018 2610 3092 Filioque
2671 3019 3007 3086 minorem,
3074 3019 3244 3074 illum
3302 3023 3504 3074 tamen
3567 3015 3631 3072 in

276 3102 531 3172 ἐξέκλινεν,
566 3106 786 3178 ἇμοιρον
811 3102 939 3157 εἶναι
967 3104 1126 3177 λέγων
1155 3114 1256 3157 τῶν
1280 3107 1524 3158 τοιούτων
1556 3105 1866 3178 πρεσϐείων,

1984 3117 2189 3163 sancta
2217 3107 2494 3166 Triuitate
2547 3109 3091 3176 connumerabant,
3122 3108 3217 3164 ille
3265 3113 3468 3163 autem
3507 3121 3630 3162 sce-

278 3189 513 3246 διάκονόν
544 3212 599 3246 τε
616 3199 710 3247 καὶ
737 3195 1002 3268 ὑπηρέτην
1021 3193 1210 3264 καλῶν,
1237 3199 1328 3247 καὶ
1369 3197 1470 3248 ὅσα
1497 3199 1616 3270 περὶ
1646 3193 1868 3268 ἀγγέλων

280 3302 352 3343 τις
370 3282 658 3354 λέγωνόύκ
695 3283 757 3334 ἄν
786 3283 1011 3358 ἁμάρτοι
1036 3304 1048 3317 ο
1078 3285 1189 3336 ὃθεν
1226 3284 1382 3347 αὐτός
1427 3303 1482 3337 τε
1509 3289 1600 3336 καὶ
1643 3286 1676 3343 ἡ
1708 3285 1869 3338 αὐτοῦ

285 3376 540 3448 συμμορία
591 3375 1030 3445 πνευματομάχοι
1068 3376 1212 3448 παρὰ
1250 3382 1350 3426 τῶν
1391 3370 1690 3448 όρθοδόξων.
1722 3373 1870 3433 ἐκλή-

297 3461 472 3516 θησαν.
533 3461 780 3525 Ηῦξησαν
841 3458 903 3515 δε
966 3462 1198 3535 μάλιστα
1259 3467 1354 3522 τὴν
1417 3465 1617 3535 αἰρεσιν
1677 3465 1868 3522 ταύτην

300 3552 609 3622 Μαραθώνιος
653 3552 680 3603 6
735 3547 1120 3624 Νικομηδείας,
1177 3550 1260 3624 ἀφ’
1311 3552 1398 3604 οὖν
1455 3555 1544 3604 καὶ
1603 3555 1870 3627 Μαραθω-

298 3644 446 3690 νιανοὶ
472 3643 592 3713 τοός
618 3659 770 3693 τινων
822 3643 872 3693 οἱ
926 3637 1307 3694 Μακεδονίανοὶ
1345 3642 1748 3714 ὠνομάσθησαν,
1780 3647 1871 3695 καὶ

291 3726 531 3789 ἐλεύσιος
577 3731 603 3782 6
649 3729 904 3790 Κυζίκου.
962 3729 1246 3783 Ἰουλιανοῦ
1314 3726 1374 3784 δέ
1439 3729 1868 3804 βασιλεύσαντος,

276 3814 452 3881 ἀδείας
491 3827 555 3892 τῇ
615 3824 976 3874 Κωνσταντίου
1029 3819 1237 3894 τελευτῇ
1297 3820 1570 3894 λαϐόμενοι
1625 3825 1675 3882 οἱ
1712 3842 1869 3876 πνευ-

270 3910 582 3981 ματομάχοι
615 3952 629 3979 ,
687 3909 758 3960 ὧν
813 3907 873 3968 ἦν
923 3909 1189 3973 Βασίλειος
1235 3912 1260 3962 6
1308 3909 1582 3987 ’Δγκύρας,
1634 3911 1872 3972 Σιλϐανὸς

269 3997 295 4048 6
348 4003 608 4072 Ταρσοῦ,
666 3998 959 4062 Εὗστάθιος
1021 4001 1048 4052 6
1115 3999 1461 4067 Σεϐαστείας,
1525 4000 1785 4062 Ἐλεύσιος
1844 4002 1870 4053 6

270 4086 534 4156 Κυζίκου,
596 4093 914 4150 Παυσίνικος
963 4090 990 4140 ὁ
1043 4088 1242 4156 Ζὴλων,
1313 4095 1554 4152 Λεόντιος
1598 4093 1624 4144 ὀ
1675 4092 1872 4164 Κωμά-

263 4197 387 4242 νων,
417 4175 816 4250 Καλλίστρατος
841 4180 866 4229 6
913 4177 1354 4247 Καλλιουπόλεως,
1384 4179 1630 4252 Θεόφιλος
1669 4181 1695 4231 6
1733 4186 1871 4234 Κασ-

262 4264 526 4332 ταϐάλων,
589 4272 872 4344 Σωφρόνιος
908 4270 932 4319 6
989 4269 1482 4342 Πομπηίουπόλεως,
1523 4274 1612 4322 καὶ
1651 4272 1698 4322 οἱ
1745 4273 1870 4323 τού-

261 4374 367 4406 των
417 4356 712 4429 ὁμόφρονες,
759 4357 832 4419 εἰς
873 4354 1009 4409 ἴδιον
1057 4360 1310 4431 σύστημα
1359 4354 1724 4433 διεκρίθησαν,
1780 4365 1871 4412 καὶ

261 4440 654 4498 Μακεδονίανοὶ
739 4446 1012 4499 καλεῖσθαι
1090 4457 1315 4521 φανερῶς
1399 4447 1618 4522 ἤρξαντο
1653 4492 1666 4516 ,

263 4531 433 4597 ὁδους
490 4540 542 4587 τέ
604 4555 744 4597 τινας
803 4539 1174 4610 ποιησάμενοι,
1233 4542 1357 4600 τοὺς
1433 4536 1563 4610 ἀμφὶ
1631 4537 1874 4591 ’Δκάκιον

271 4623 624 4700 ἀπεκήρυξαν.

341 4799 442 4858 κα’.
491 4801 748 4856 ’Ῑοϐιανοῦ
815 4800 876 4857 δὲ
939 4811 1031 4865 τῆς
1092 4802 1367 4877 βασιλείας
1417 4803 1871 4877 ἐπιϐατεύσαντος,

270 4889 478 4964 βιϐλίον
517 4891 658 4964 αύτῷ
705 4889 931 4955 δεήσεως
978 4889 1200 4960 ἔδωκαν,
1258 4892 1510 4958 ἀξιοῦντες
1565 4894 1873 4958 ἐξωθεῖσθαι

267 4989 369 5032 τῶν
432 4980 719 5040 ἐκκλησιῶν
779 4985 902 5045 τοὺς
964 4985 1023 5034 τό
1091 4981 1331 5055 ἀνόμοιον
1407 4980 1820 5056 δογματίζοντας
1854 5029 1871 5054 ,

266 5067 672 5142 ἆντεισάγεσθαι
731 5069 791 5125 δε
845 5072 1061 5133 ἑαυτούς
1101 5075 1166 5134 ὡς
1214 5076 1273 5126 τὸ
1339 5075 1617 5148 όμοούσιον
1681 5078 1873 5148 κηρύτ-

263 5179 466 5222 τοντας.
526 5160 586 5213 '0
648 5157 710 5213 δὲ
775 5159 1022 5234 βασιλεὺς
1089 5159 1468 5238 ἁναποκρίτους
1527 5164 1709 5224 αὐτούς
1775 5161 1872 5216 ἀπ-

263 5249 466 5322 έπεμψε
500 5289 514 5314 ,
573 5254 725 5322 μόνον
791 5258 944 5303 τοῦτο
1002 5249 1430 5326 ἐπιφθεγξάμενος
1471 5295 1486 5322 ,
1543 5259 1716 5325 μισεῖν
1779 5255 1872 5324 μὲν

261 5338 600 5412 ριλονεικίαν,
667 5338 876 5412 ἀγαπᾷν
939 5336 998 5394 δὲ
1063 5346 1184 5404 τοὺς
1227 5349 1290 5414 τῇ
1351 5342 1564 5414 ὁμονοίᾳ
1619 5346 1869 5416 προστρέ-

255 5447 480 5498 χοντας.
521 5435 824 5487 Τηνικαῦτα
870 5426 930 5483 δὲ
976 5431 1002 5482 6
1050 5429 1328 5502 φιλόνεικος
1378 5435 1568 5504 τρόπος
1613 5439 1712 5483 τῶν
1752 5436 1869 5504 περὶ

259 5517 510 5570 Ἀκάκιον
561 5515 892 5590 ἑξηλέγχετο,
935 5524 1025 5572 καὶ
1071 5521 1136 5580 ὡς
1203 5523 1384 5578 εἴησαν
1444 5521 1522 5572 ἀεὶ
1567 5523 1697 5594 πρὸς
1753 5525 1868 5582 τοὺς

253 5614 581 5684 κρατοῦντας
641 5605 1020 5672 ἀποκλίνοντες.
1087 5608 1409 5674 Συνελθόντες
1472 5613 1574 5688 γὰρ
1643 5609 1691 5664 ἐν
1755 5609 1868 5665 ’Δν-

1976 3196 2160 3252 lestus
2209 3196 2271 3251 in
2301 3197 2528 3253 Triadis
2571 3197 2872 3270 theologia
2921 3213 3062 3254 eum
3120 3194 3631 3268 comprehendere

1977 3285 2192 3346 renuit.
2228 3285 2358 3341 talis
2385 3286 2691 3356 dignitatis
2719 3303 2842 3343 non
2864 3286 3216 3359 participem
3238 3301 3370 3341 esse
3400 3285 3625 3353 dicens,

1977 3374 2444 3446 ministrumque
2469 3379 2527 3430 et
2548 3390 2788 3430 servum
2813 3389 2952 3430 eum
2974 3390 3224 3442 vocans,
3245 3373 3437 3445 iisque
3457 3377 3629 3428 utens

1977 3462 2328 3519 nominibus
2347 3463 2570 3535 quibus
2597 3479 2673 3519 ne
2703 3463 2900 3534 angeli
2930 3462 3178 3537 quidem
3207 3475 3632 3533 nuncuparen-

1978 3555 2089 3608 tur.
2107 3551 2274 3608 Unde
2290 3552 2416 3624 ipse
2442 3559 2500 3608 et
2521 3553 2650 3623 ejus
2670 3553 2936 3609 consocii
2950 3553 3198 3626 Spiritus
3211 3551 3404 3608 sancti
3424 3550 3629 3606 adver-

1981 3641 2121 3698 sarii
2141 3640 2218 3697 ab
2240 3641 2591 3698 orthodoxis
2619 3641 2904 3714 appellati
2924 3646 3080 3698 sunt.
3107 3645 3404 3698 Auxerunt
3429 3643 3630 3696 autem

1978 3729 2135 3786 hanc
2179 3730 2455 3786 haresim
2505 3731 2911 3788 Marathonius
2951 3731 3329 3799 Nicomedia,
3361 3746 3396 3786 a
3427 3744 3550 3800 quo
3575 3731 3633 3784 et

1979 3820 2407 3878 Marathoniani
2439 3837 2475 3876 a
2527 3821 2834 3877 nonnullis
2875 3820 3284 3878 Macedoniani
3340 3819 3634 3875 nominati

1980 3915 2211 3978 sunt,et
2233 3909 2501 3965 Eleusius
2546 3911 2758 3983 Cyzici.
2788 3910 3026 3966 Juliano
3049 3915 3251 3966 autem
3276 3911 3632 3982 imperante,

1980 3998 2357 4054 securitatem
2387 4015 2460 4054 ex
2489 4000 2818 4056 Constantii
2837 4004 3030 4055 morte
3056 3999 3256 4070 adepti
3277 4002 3631 4069 pneumato-

1979 4086 2199 4157 machi,
2225 4103 2296 4142 ex
2319 4103 2583 4159 quorum
2600 4103 2858 4166 numero
2879 4092 3051 4144 erant
3082 4086 3332 4143 Basilius
3359 4091 3630 4157 Ancyra,

1983 4176 2258 4233 Silvanus
2285 4177 2468 4246 Tarsi,
2501 4177 2844 4234 Eustathius
2874 4177 3179 4246 Sebastia,
3228 4174 3495 4232 Eleusius
3523 4177 3636 4247 Cy-

1982 4264 2110 4334 zici,
2153 4265 2502 4321 Pausinicus
2535 4266 2827 4334 Zelarum,
2864 4267 3140 4323 Leontius
3170 4267 3472 4332 Comana,
3503 4263 3633 4320 Cal-

1979 4353 2248 4410 listratus
2300 4355 2665 4427 Calliopolis,
2723 4355 3085 4428 Theophilus
3147 4354 3467 4422 Castabali,
3528 4356 3633 4411 So-

1751 4468 1870 4500 συν·
1905 4464 1951 4519 ι)
1984 4443 2274 4516 phronius
2338 4445 2798 4517 PompeiOpolis,
2857 4461 3190 4518 eorumque
3256 4443 3516 4514 assecla,
3572 4443 3634 4499 in

1981 4531 2296 4604 quoddam
2327 4535 2640 4606 proprium
2665 4535 2983 4604 collegium
3003 4534 3242 4591 discreti
3268 4536 3424 4602 sunt,
3445 4538 3501 4588 et
3521 4535 3635 4591 Ma-

1983 4621 2301 4678 cedoniani
2324 4623 2527 4679 vocari
2556 4623 2876 4680 manifeste
2898 4629 3224 4697 caperunt,
3249 4622 3637 4695 synodosque

1981 4711 2286 4780 facientes,
2314 4713 2511 4768 Acacii
2537 4713 2798 4770 fautores
2829 4713 3446 4770 excommunicavere.

2050 4805 2137 4856 2t.
2162 4802 2418 4858 Joviano
2445 4802 2523 4859 ad
2546 4803 2775 4874 regiam
2797 4803 3150 4873 dignitatem
3171 4807 3394 4870 evecto,
3413 4800 3636 4857 librum

1979 4890 2060 4947 illi
2088 4892 2460 4962 rogatorium
2491 4891 2806 4960 dederunt,
2839 4892 3216 4966 postulantes
3246 4897 3312 4948 ut
3339 4891 3418 4948 ab
3455 4890 3639 4948 eccle-

1981 4982 2084 5038 siis
2124 4987 2469 5038 arcerentur
2499 4982 2602 5054 qui
2627 4981 2841 5038 Filium
2867 4998 2989 5040 non
3013 4982 3268 5040 similem
3307 4997 3436 5039 esse
3462 4981 3639 5038 doce-

1981 5070 2150 5142 bant,
2184 5070 2299 5143 ipsi
2327 5086 2471 5127 vero
2501 5071 3044 5138 introducerentur,
3069 5077 3134 5128 ut
3153 5071 3638 5129 consubstantia-

1977 5160 2097 5216 lem
2125 5159 2591 5233 proclamantes.
2625 5164 2958 5233 lmperator
3004 5165 3206 5218 autem
3243 5161 3377 5218 illos
3405 5160 3638 5233 absque

1979 5249 2275 5305 sententia
2312 5248 2563 5319 dimisit,
2616 5249 2767 5307 illud
2815 5255 3052 5307 tanlum
3085 5250 3340 5318 addens,
3392 5267 3454 5307 se
3483 5250 3640 5308 rixa-

1977 5353 2113 5393 rum
2138 5337 2391 5411 cupidos
2422 5338 2646 5406 odisse,
2678 5339 2923 5412 diligere
2947 5356 3088 5398 vero
3109 5356 3211 5398 eos
3241 5340 3346 5414 qui
3383 5339 3461 5396 ad
3500 5355 3638 5396 con-

1979 5426 2247 5484 cordiam
2278 5434 2690 5501 properarent.
2711 5432 2860 5487 Tum
2882 5430 3150 5488 rixarum
3178 5430 3445 5488 studium
3467 5429 3634 5501 apud

1976 5517 2181 5575 Acacii
2230 5518 2492 5576 fautores
2547 5521 3121 5593 reprehendebatur,
3190 5519 3489 5593 simulque
3545 5517 3632 5572 eis

1975 5607 2420 5679 objurgabatur
2447 5609 2613 5684 quod
2635 5625 2876 5684 semper
2896 5611 2974 5670 ad
2993 5609 3354 5684 potentiores
3376 5605 3634 5665 declina-
