2063 3114
252 111 287 138 27
905 108 1040 138 ΝῘΟΕΤΕ
1059 107 1244 137 ΟΗΟΝῘΛἸῈ
1910 111 1946 139 28

251 173 328 201 rent.
342 172 559 201 Convenientes
569 171 649 201 enim
664 172 843 202 Antochiam
855 172 959 209 Syriae,
971 172 1002 200 in
1017 171 1076 200 col-

1137 172 1236 207 τιοχείᾳ
1263 174 1312 202 τῆς
1339 172 1450 208 Συρίας,
1475 170 1511 202 είς
1544 169 1636 207 λόγους
1669 172 1796 209 ἔρχονται
1823 171 1944 210 Μελετίῳ

251 216 389 254 loquium
404 225 474 246 cum
486 217 599 246 Meletio
613 224 733 252 venere,
750 218 803 255 qui
822 216 1077 246 consubstantiale

253 262 392 290 docebat.
408 264 503 299 Atque
519 262 559 291 ita
578 264 714 299 egerunt,
726 265 889 300 postquam
903 270 973 291 eum
984 262 1078 291 hono~

252 309 352 335 ratum
364 307 465 335 videre
477 307 516 335 ab
530 308 709 343 imperatore
730 307 772 336 ibi
787 310 858 336 tunc
871 307 1013 344 temporis
1028 307 1078 336 de-

253 353 351 387 gente.
368 352 526 380 Communi
535 352 622 387 igitur
632 353 778 381 sententia
791 352 951 381 concilium
962 354 1079 389 septem

254 398 282 424 et
303 396 406 431 viginti
433 396 644 433 episcoporum
675 404 888 432 convocavere,
918 396 1079 433 libelloque

254 441 432 477 composito,
456 441 712 470 consubstantiale
731 441 859 470 confessi
874 444 962 475 sunt;
984 443 1013 470 et
1031 441 1078 470 Ni-

254 494 370 514 caenam
383 486 473 513 ﬁdem
489 487 702 515 coniirmantes
722 486 806 515 illum
825 486 998 523 imperatori
1017 489 1079 515 tra-

254 531 365 559 didere.
384 533 530 558 Praeerant
541 531 611 559 huic
630 531 748 568 synodo
762 531 891 560 Meletius
905 531 1078 565 Antiochiae,

254 575 398 603 Eusebius
415 577 590 611 Samosataa,
616 576 742 605 Aeacius
771 577 923 610 Cmsareze,
942 576 1079 612 Pelagius

256 621 408 649 Laodicea:
420 622 449 648 in
465 622 556 657 Syria,
574 621 755 650 Athanasius
768 622 908 658 Ancyrae.

290 668 334 693 22.
353 666 407 693 Ubi
422 669 523 694 autem
541 665 761 694 Valentinianus
774 668 803 694 et
816 666 1080 703 Valensimperare

256 713 421 746 coeperunt,
438 719 543 738 omnes
557 710 761 739 Macedoniani
771 711 956 747 deputarunt
969 719 1025 747 pro
1047 718 1080 739 se

254 755 387 790 legatum
401 755 439 782 ad
461 755 701 783 Valentinianum
712 757 864 792 Hypatum
882 755 1011 784 Perinthi
1021 755 1080 792 epi-

256 808 395 836 scopum,
421 803 562 834 rogantes
588 801 622 829 ut
650 800 708 828 sibi
732 800 833 829 liceret
865 800 1023 828 convenire
1041 800 1082 828 ad

1131 215 1300 253 πρεσϐεύοντι
1312 217 1342 243 τὸ
1357 216 1513 253 ὀμοούσιον·
1534 218 1611 242 τοῦτο
1636 214 1667 242 δὲ
1686 215 1829 252 ἐποίησαν,
1847 215 1940 247 ἐπειδὴ

1131 262 1274 297 τιμώμενον
1298 261 1348 287 ὑπὸ
1377 264 1423 288 τοῦ
1445 259 1575 297 βασιλέως
1599 260 1683 297 ἐώρων
1707 260 1761 288 ἐκεῖ
1788 263 1850 289 τότε
1881 260 1942 289 διά·

1131 314 1220 340 γοντος
1233 315 1239 322 -
1255 309 1327 342 κοινῇ
1344 304 1388 332 οὖν
1402 308 1492 343 γνώμῃ
1510 303 1620 332 σύνοδον
1636 305 1807 343 ἀθροίσαντες
1832 306 1942 334 ἐπισκόη

1132 359 1186 376 πων
1201 349 1267 376 ἑπτὰ
1280 352 1324 376 καὶ
1347 352 1441 385 εἴκοσι,
1462 349 1564 387 βιϐλίον
1589 351 1775 385 συντάττουσι,
1792 351 1942 388 καθομολο-

1131 397 1212 430 γοῡσι
1225 404 1252 421 τε
1263 396 1292 421 τὸ
1307 395 1446 432 ὁμοούσιον
1457 405 1463 412 ·
1484 397 1530 422 καὶ
1547 397 1591 425 τὴν
1611 395 1635 422 ἐν
1653 398 1751 432 Νικαὶα
1769 406 1942 433 κυρωσαντες

1132 441 1232 474 πίστιν,
1253 443 1289 476 τῷ
1310 439 1417 477 βασιλεῖ
1436 444 1513 467 τοῦτο
1538 438 1689 468 δεδώκασι·
1708 442 1824 478 ἡγοῦντο
1846 439 1877 468 δε
1893 445 1942 472 τῆς

1134 482 1247 511 συνόδου
1267 486 1362 517 τούτης
1377 485 1499 516 Μελὲτιος
1517 485 1691 522 ’Δντιοχείας,
1707 485 1838 517 Εὐσέϐιος
1854 489 1942 523 Σαμο-

1134 530 1230 563 σάτων,
1243 529 1364 561 Ἀκάκιος
1386 532 1556 567 Καισαρείας,
1574 530 1701 567 Πελάγιος
1713 528 1883 562 Λαοδικείας
1894 534 1944 562 τῆς

1133 574 1201 601 κατὰ
1215 576 1319 612 Συρίαν,
1336 574 1489 606 ’Δθανάσιος
1499 575 1639 612 Ἀγκύρας.

1168 663 1223 700 κβ“.
1247 663 1319 701 Ἅμα
1347 662 1377 691 δὶ
1410 668 1446 700 τῷ
1479 663 1638 701 βασιλεῦσαι
1670 664 1865 691 Οὐαλεντιανόν
1898 667 1945 692 καὶ

1135 708 1274 743 Οὐάλεντα,
1297 710 1388 740 πάντες
1416 710 1440 735 οἱ
1468 707 1658 736 Μακεδονιανοὶ
1673 709 1854 746 προεϐάλοντο
1879 710 1944 748 ὑπὲρ

1135 752 1232 780 ἑαυτῶν
1246 753 1361 791 πρέσϐυν
1386 755 1450 791 πρὸς
1471 753 1656 781 Οὐαλεντιανόν
1671 755 1796 781 ’Υπάτιον
1817 756 1863 781 τὸν
1885 758 1945 782 llu-

1134 799 1223 836 ρίνθου
1239 797 1390 833 ἐπίσκοπον,
1405 798 1536 830 ἀξιοῦντες
1554 797 1729 835 ἕπιτραπῆναι
1753 799 1889 826 συνελθεῖν
1900 799 1942 826 ἐπὶ

255 845 463 879 corrigendam
480 845 659 873 doctrinam.
685 845 849 882 Respondit
862 848 962 874 autem
977 845 1081 874 Valen-

1137 841 1277 881 διορθώσει
1301 846 1347 870 τοῦ
1376 841 1517 879 δόγματος.
1541 842 1570 869 ⁸0
1596 841 1626 870 δε
1653 843 1848 875 οὐαλεντιωσός
1873 845 1940 880 ἔφη·

255 890 386 917 tinianus
403 902 416 914 ‹‹
434 890 499 917 Mihi
514 898 574 917 non
590 889 657 918 licet
683 890 714 918 in
739 890 844 927 populi
865 890 971 919 ordine
983 890 1081 927 posito

255 934 327 962 talia
337 935 447 969 agitare
461 943 467 967 ;
487 934 657 962 sacerdotes
672 942 741 963 vero
754 935 865 971 quibus
879 935 917 963 de
931 934 979 963 his
989 936 1081 963 rebus

255 987 327 1006 cura
341 981 394 1011 est,
412 987 464 1014 per
480 980 595 1014 seipsos
609 987 793 1016 quocunque
803 980 963 1014 voluerint,
976 987 1083 1008 conve-

255 1024 350 1050 niant.
372 1024 475 1051 Statim
496 1024 584 1058 igitur
609 1023 651 1052 illi
678 1025 878 1060 Lampsacum
902 1032 1081 1061 convenere,

255 1068 392 1103 duosque
419 1076 539 1095 menses
560 1068 804 1096 deliberationem
830 1068 974 1099 habuere.
990 1071 1019 1097 et
1032 1068 1083 1097 de-

255 1115 412 1140 creverunt
429 1113 508 1140 irrita
524 1120 590 1140 OSSe
605 1121 673 1149 quae
686 1113 849 1142 Antiochia:
863 1113 901 1141 ab
915 1113 988 1150 ipsis
1003 1113 1082 1142 facta

255 1158 374 1185 fuerant
389 1160 416 1184 ct
432 1158 537 1185 melius
564 1166 628 1186 esse
646 1157 749 1186 Filium
765 1158 843 1186 Patri
863 1158 1032 1186 substantia
1044 1158 1083 1186 si-

255 1202 356 1229 milem
380 1210 443 1229 esse
472 1202 599 1237 opinari.
629 1202 679 1230 His
706 1202 848 1236 deﬁnitis,
881 1202 1019 1231 redeunti
1046 1211 1083 1232 ex

254 1246 379 1274 Thracia
402 1246 513 1274 Valenti
540 1247 621 1281 (cum
649 1246 739 1275 fratre
765 1247 846 1275 enim
869 1248 996 1275 Romam
1015 1254 1083 1283 pro-

254 1290 404 1318 ﬁciscente
428 1291 617 1326 aliquantum
641 1291 755 1319 itineris
776 1291 908 1327 fecerat),
933 1291 1082 1320 Heracleae

255 1338 461 1363 occurrerunt.
483 1335 536 1367 Qui
551 1334 674 1371 quidem
689 1335 724 1363 iis
739 1335 834 1364 suasit
844 1343 881 1363 ne
894 1335 934 1364 ab
948 1335 1082 1365 Eudoxio

255 1380 458 1407 dissentirent.
486 1380 534 1407 Hic
558 1381 659 1408 autem
685 1380 858 1408 Macedonio
884 1382 1081 1415 successerat,

255 1425 461 1460 Eunomioque
478 1427 505 1452 et
519 1424 583 1460 ejus
598 1424 765 1453 fautoribus
780 1424 997 1453 consentiebat.
1008 1426 1082 1454 Cum

255 1471 355 1496 autem
368 1470 547 1502 renuissent,
560 1477 612 1497 eos
627 1469 658 1497 in
669 1469 807 1498 exsilium
819 1469 860 1497 ire
870 1469 966 1504 jussit.
978 1471 1083 1498 Postea

255 1521 326 1541 vero
343 1514 494 1541 Eleusium
509 1513 636 1549 reduxit,
649 1513 808 1551 coegitque
820 1516 852 1542 ut
862 1522 932 1542 eum
949 1513 1081 1542 Eudoxio

255 1558 285 1585 in
315 1558 373 1586 ﬁde
407 1559 596 1586 consentiret.
628 1560 669 1586 Ac
695 1558 843 1595 principio
877 1558 925 1587 ille
955 1558 1082 1593 restitit;

255 1602 363 1630 deinde
375 1610 445 1630 vero
459 1603 596 1630 exsilium
608 1604 636 1630 et
649 1602 859 1639 expulsionem
871 1602 1082 1638 reformidans,

255 1648 453 1683 quodjussus
468 1650 539 1683 erat,
557 1647 642 1682 fecit;
663 1651 693 1676 at
712 1648 812 1676 statim
839 1656 909 1677 eum
933 1648 1082 1685 paenituit.

255 1693 393 1728 Cyzicum
407 1692 486 1720 enim
500 1693 620 1720 rediens
634 1695 792 1729 peccatum
806 1700 895 1721 suum
911 1693 941 1721 in
955 1692 1084 1721 ecclesia

256 1738 409 1765 confessus
425 1739 478 1770 est,
497 1745 627 1774 suosque
650 1737 787 1766 hortatus
801 1739 848 1766 est
870 1739 904 1766 ut
919 1737 976 1765 sibi
990 1737 1084 1766 alium

256 1782 432 1817 episcopum
453 1782 604 1817 eligerent,
633 1790 668 1810 eo
694 1782 778 1818 quod
806 1782 871 1818 ipse
904 1782 1083 1811 necessitate

256 1826 430 1861 compulsus
456 1826 608 1862 propriam
623 1826 793 1854 doctrinam
822 1826 987 1855 abnuisset.
1001 1826 1082 1863 Cyzi-

256 1871 319 1898 ceni
339 1873 439 1898 autem
456 1879 510 1898 suo
526 1878 598 1906 erga
612 1878 683 1899 eum
698 1878 802 1898 amore
817 1870 887 1898 victi
902 1870 981 1898 illius
994 1870 1084 1899 haere-

256 1915 311 1943 sim
327 1923 388 1943 non
404 1915 561 1949 admisere,
579 1923 720 1944 mansere
735 1923 806 1943 vero
820 1916 925 1951 postea
938 1914 996 1943 sub
1006 1915 1084 1944 illius

256 1960 492 1995 gubernatione;
509 1968 570 1996 quo
594 1959 709 1995 audito,
728 1959 881 1988 Eudoxius
901 1960 1084 1988 Eunomium

256 2005 285 2033 in
297 2005 392 2042 Cyzici
408 2005 617 2041 episcopatum
630 2004 789 2041 proposuit

290 2053 333 2079 23.
349 2050 470 2086 Expulsi
500 2053 569 2078 sunt
593 2049 632 2078 ab
648 2048 784 2078 Eudoxio
810 2048 1084 2086 Constantinopolis

255 2095 397 2131 episcOpo
410 2097 438 2122 et
453 2094 572 2122 Valente
585 2094 768 2131 imperatore
782 2100 843 2121 non
854 2093 947 2121 modo
954 2093 1006 2130 qui
1015 2101 1086 2122 con-

256 2139 485 2167 substantialem
511 2139 615 2166 Filium
639 2137 869 2174 proﬁtebantur,
891 2137 945 2166 sed
971 2138 1036 2174 jam
1056 2139 1085 2167 et

256 2184 315 2220 ipsi
327 2183 549 2215 Macedoniam;
567 2182 618 2219 qui
633 2182 775 2219 injuriam
796 2190 857 2210 non
875 2182 1014 2216 ferentes,
1028 2184 1085 2211 sta-

254 2231 373 2257 tuerunt
390 2228 427 2256 ad
444 2228 634 2264 imperatoris
647 2228 768 2256 fratrem
781 2230 810 2256 et
822 2227 860 2256 ad
873 2227 1022 2256 Liberium
1031 2229 1085 2256 Ro-

255 2281 312 2301 mae
323 2273 498 2308 episcopum
520 2271 693 2307 confugere,
709 2279 816 2300 eorum
836 2271 929 2299 ﬁdem
944 2271 1084 2308 amplecti

254 2326 347 2354 quam
355 2326 423 2344 cum
432 2317 565 2344 Eudoxio
574 2316 799 2345 communicare
809 2315 1013 2352 praeferentes.
1024 2316 1084 2345 Mit-

254 2362 413 2397 tuntigitur
421 2362 606 2389 Eustathium
615 2361 756 2390 Sebastiai
762 2362 791 2390 et
797 2360 1047 2397 Silvanum'l‘arsi,
1056 2363 1085 2390 et

253 2406 450 2443 Theophilum
462 2405 612 2434 Castabali
628 2406 658 2433 in
669 2405 785 2440 Cilicia;
802 2405 854 2442 qui
866 2407 1028 2442 postquam
1040 2405 1083 2434 Li-

254 2452 370 2479 berium
382 2451 492 2486 adiere,
508 2451 611 2478 Arium
629 2450 872 2479 condemnantet
884 2449 1018 2478 similiter
1032 2458 1085 2478 eos

255 2496 306 2533 qui
324 2495 389 2523 Ario
406 2495 634 2523 consentiebant
654 2494 780 2531 ejusque
802 2494 971 2523 doctrinam
994 2494 1085 2523 doce-

254 2542 337 2574 bant,
351 2540 489 2576 rejiciunt
504 2542 605 2568 autem
619 2547 743 2568 omnem
761 2539 892 2567 hasresin
912 2539 981 2567 ﬁdei
997 2539 1086 2568 Niem-

254 2593 300 2613 ηδε
329 2586 531 2619 contrariam;
554 2587 582 2612 et
605 2583 862 2612 consubstantiale
892 2583 1086 2613 solummodo

253 2630 414 2666 recipiunt,
432 2630 460 2657 in
478 2637 512 2657 eo
537 2637 629 2657 sensu
643 2628 726 2665 quod
752 2628 818 2656 haec
840 2635 899 2657 vox
915 2628 1087 2657 substantia

255 2674 383 2703 similem
404 2674 597 2709 signiﬁcaret.
622 2673 706 2702 Hanc
734 2681 839 2702 eorum
864 2673 1086 2702 confessionem

254 2719 396 2755 scriptam
427 2719 575 2755 accipiens
602 2718 737 2747 Liberius
754 2740 761 2752 ,
786 2726 858 2747 cum
883 2718 940 2746 illis
960 2726 1085 2747 causam

254 2765 314 2801 egit
319 2774 329 2801 ;
340 2764 502 2801 litterisque
521 2764 560 2792 ab
578 2763 628 2793 illo
645 2763 790 2801 acceptis,
810 2763 841 2793 in
859 2762 989 2794 Siciliam
1004 2763 1087 2793 navi-

1137 889 1209 925 Ὲμοὶ
1222 888 1251 915 οὐ
1268 889 1341 925 θέμις
1359 889 1425 925 μετά
1439 888 1502 915 λαοῦ
1514 890 1661 925 τεταγμένῳ
1683 890 1716 915 τὰ
1732 893 1852 915 τοιαῦτα
1865 889 1943 915 πολυ-

1135 937 1292 971 πραγμονεῖν
1302 944 1308 950 ·
1323 934 1348 959 οἱ
1365 931 1394 960 δε
1410 934 1482 971 ἱερεῖς
1497 934 1535 965 οἷς
1548 934 1645 960 τούτων
1655 933 1735 970 με’λει,
1751 935 1823 967 καθη,
1838 933 1948 965 ἑαυτοὺς

1135 979 1185 1008 ὅπη
1203 977 1342 1015 βούλονται
1358 980 1514 1005 συνίτωσαν.
1530 978 1612 1009 Εὐθὺς
1626 976 1670 1004 οὖν
1693 978 1784 1005 ἐκεῖνοι
1807 978 1947 1009 -συνῆλθον

1136 1023 1172 1054 εἰς
1186 1022 1344 1060 Λαμψακὸν,
1358 1024 1404 1049 καὶ
1426 1021 1475 1050 δύο
1501 1022 1704 1060 βουλευσάμενοι
1728 1027 1831 1060 μῆνας,
1851 1023 1946 1061 ἐψηφί-

1136 1077 1214 1094 σαντο
1232 1068 1318 1105 ἄκυρα
1330 1066 1394 1095 εἶναι
1406 1069 1439 1094 τὰ
1449 1068 1474 1094 ἓν
1488 1068 1637 1104 Ἀντιοχείᾳ
1646 1078 1710 1106 παρ,
1721 1068 1806 1095 αὐτῶν
1826 1077 1944 1106 πεπραγ-

1135 1115 1208 1150 μένα,
1223 1115 1268 1139 καὶ
1278 1116 1379 1151 κρατεῖν
1394 1114 1423 1139 τὸ
1437 1114 1524 1149 ὅμοιον
1538 1111 1658 1144 δοξάζειν
1672 1117 1708 1149 τῷ
1721 1116 1806 1151 Πατρὶ
1825 1116 1871 1141 τὸν
1882 1115 1943 1141 Υίόν

1135 1158 1193 1184 κατ’
1204 1158 1295 1184 οὐσίαν
1309 1168 1315 1175 ·
1336 1161 1419 1184 ταῦτα
1429 1158 1564 1195 ὁρίσαντες
1579 1157 1706 1184 ὖπανιόντι
1722 1162 1758 1194 τῷ
1769 1158 1901 1186 Οὖοέλεντι
1911 1159 1939 1185 ἐκ

1135 1207 1183 1234 τῆς
1209 1204 1315 1240 Θρᾴκης
1346 1201 1388 1238 (ἦν
1408 1203 1459 1240 γὰρ
1489 1200 1672 1239 ἆποδημοῦντι
1697 1207 1734 1239 τῷ
1763 1201 1870 1241 ἀδελφῷ
1903 1204 1939 1235 εἰς

1134 1247 1234 1284 Ῥώμην
1249 1250 1332 1284 μὶχρι
1345 1248 1415 1278 τινὸς
1440 1246 1630 1283 συναπελθών),
1644 1247 1669 1274 ἕν
1682 1247 1820 1285 Ἡρακλείᾳ
1848 1250 1939 1286 περιέ-

1135 1302 1227 1328 τυχον.
1243 1291 1272 1319 ’0
1302 1291 1331 1318 δε
1352 1291 1487 1328 ἐπέτρεψεν
1509 1291 1599 1323 αὐτοῖς
1618 1294 1652 1321 μὴ
1678 1290 1849 1330 διαφέρεσθαι
1871 1293 1936 1329 πρὸς

1135 1335 1275 1368 Εὑδόξιον·
1304 1335 1336 1366 ἧν
1358 1334 1387 1363 δε
1412 1336 1485 1367 οὗτος
1506 1334 1692 1373 διαδεξάμενος
1710 1334 1869 1363 Μακεδόνων
1889 1338 1935 1362 καὶ

1137 1383 1260 1418 σύμφρων
1272 1381 1389 1418 Εὖνομίῳ
1401 1383 1447 1407 καὶ
1461 1385 1516 1413 τοῖς
1528 1382 1596 1408 κατὰ
1609 1385 1709 1409 τοῦτον.
1721 1380 1791 1408 Ἐπεὶ
1804 1380 1833 1408 δὲ
1847 1380 1935 1407 ἀντει-

1135 1436 1193 1460 πον,
1214 1426 1342 1453 ἐκέλευσεν
1370 1426 1463 1457 αὐτοὺς
1490 1427 1710 1464 ὑπερορισθῆναι·
1740 1428 1876 1463 μετέπειτα
1906 1424 1936 1452 δὲ

1137 1471 1242 1508 ἀγαγὼν
1267 1471 1396 1498 Ἐλεύο-ιον
1432 1470 1551 1502 ἂϐιοίξετο
1580 1475 1708 1498 κοινωνεῖν
1743 1470 1860 1508 Εὗδοξίῳ
1889 1475 1935 1502 τῆς

1136 1518 1260 1547 πίστεως.
1273 1515 1302 1542 Ὀ
1326 1514 1355 1543 δὲ
1376 1517 1405 1542 τὸ
1428 1518 1474 1553 μέν
1494 1519 1595 1553 πρῶτον
1610 1517 1761 1543 ἀντίτεινινο
1776 1515 1831 1543 εἶτα
1845 1517 1937 1552 ὑπερο-

1136 1563 1196 1599 ρίας
1215 1563 1297 1597 φυγὴν
1320 1562 1365 1587 καὶ
1385 1559 1515 1597 δήμευσιν
1540 1559 1682 1596 δειλεοὲσας,
1709 1562 1738 1587 τό
1765 1561 1937 1598 προσταχθὲν

1137 1605 1227 1632 ἐποίει·
1241 1608 1286 1632 καὶ
1299 1605 1373 1636 εὐθὺς
1380 1605 1540 1642 μετεμέλετο,
1553 1604 1693 1632 ἐπανελθὼν
1703 1606 1752 1642 γὰρ
1763 1605 1799 1636 είς
1811 1605 1935 1641 Κύζικον,

1137 1653 1184 1680 τὴν
1207 1649 1334 1687 ἁμαρτίαν
1350 1650 1390 1677 ἐπὶ
1408 1654 1454 1681 τῆς
1478 1650 1618 1682 ἕκκλησίας
1637 1649 1776 1687 ἐξήγγειλε,
1790 1652 1835 1676 καὶ
1851 1651 1936 1682 ζητεῖν

1138 1695 1238 1727 ἑαυτοῖς
1250 1696 1333 1733 ἕτερον
1348 1696 1489 1722 ἐπίσκοπον
1505 1696 1635 1733 ἰπέτρεπε,
1651 1693 1722 1722 διότι
1737 1694 1815 1726 αὐτὸς
1835 1694 1935 1731 ἀνάγκῃ

1138 1742 1167 1767 τὸ
1183 1740 1276 1767 οἰκεῖον
1298 1740 1432 1777 ἠρνήσατο
1460 1738 1559 1777 δόγμα,
1587 1740 1731 1771 Κυζικηνοὶ
1752 1738 1792 1774 δε,
1822 1744 1852 1777 τῇ
1879 1741 1939 1776 περὶ

1138 1788 1228 1812 τοῦτον
1258 1784 1429 1823 φιλοστοργίᾳ
1462 1786 1651 1822 κρατούμενοι,
1685 1790 1734 1816 τῆς
1768 1786 1814 1821 μεν
1841 1784 1938 1814 οἰκείας

1139 1831 1262 1867 αἱρέσεως
1288 1829 1317 1856 οὔ
1345 1831 1515 1867 μετετίθεντο,
1545 1831 1629 1866 ἥμενον
1655 1829 1684 1856 δὲ
1707 1831 1777 1866 ὅμως
1807 1828 1850 1855 ὑπ’
1865 1828 1936 1862 αὐτῷ

1137 1877 1289 1911 ταττόμενοι
1299 1884 1305 1891 ⁸
1322 1875 1382 1913 ὅπερ
1398 1875 1486 1911 μαθὼν
1502 1872 1629 1906 Εὗδόξιος
1647 1873 1798 1911 προεϐάλετο
1811 1872 1935 1908 Εὐνόμιον

1138 1919 1172 1950 εἰς
1190 1922 1236 1950 τὴν
1253 1920 1368 1951 Κυζίκου
1384 1919 1540 1949 ἐπισκοπὴν.

1174 2044 1224 2081 κγ’,
1240 2044 1394 2071 Ἠλαὺνοντο
1420 2042 1450 2071 δὲ
1468 2045 1539 2081 παρὰ
1572 2042 1699 2077 Εὖδοξίου
1728 2046 1774 2070 τοῦ
1801 2046 1938 2070 Κωνσταν-

1138 2100 1209 2117 τινου
1228 2089 1323 2121 πόλεως
1338 2089 1481 2116 ὶπισκόπου
1504 2091 1549 2115 καὶ
1574 2088 1715 2119 Οὐάλεντος
1742 2092 1787 2115 τοῦ
1810 2087 1941 2125 βασιλέως

1139 2135 1191 2171 οὐχ
1213 2136 1237 2161 οἱ
1262 2136 1305 2161 τὸν
1328 2135 1466 2171 ὁμοούσιον
1486 2133 1667 2172 πρεσϐεύοντες
1692 2135 1780 2170 μόνον,
1811 2132 1864 2159 ἀλλ’
1884 2130 1938 2162 ἤδη

1139 2182 1184 2206 καὶ
1198 2181 1273 2206 adrui
1300 2181 1324 2206 οἱ
1350 2177 1558 2207 Μακεδονιανοί·
1576 2179 1600 2206 οἳ
1624 2181 1678 2214 καὶ,
1695 2181 1731 2216 μὴ
1757 2180 1872 2215 φέροντες
1892 2180 1940 2207 τὴν

1138 2224 1271 2262 ἐπήρειαν,
1288 2223 1342 2251 δεῖν
1362 2226 1476 2261 ἔγνωσαν
1505 2227 1662 2261 καταφυγεῖν
1678 2223 1720 2250 ἰπὶ
1745 2225 1788 2249 τὸν
1812 2226 1858 2248 τοῦ
1887 2221 1941 2258 βα-

1140 2269 1230 2300 σιλέως
1258 2267 1377 2305 ἀδελφὸν,
1406 2272 1451 2296 καὶ
1479 2269 1521 2296 ἐπὶ
1551 2268 1669 2306 Λιϐἐριον
1697 2269 1741 2294 τὸν
1756 2267 1856 2303 Ῥώμης
1882 2266 1928 2293 ἐπί

1143 2323 1249 2347 σκοπον,
1279 2313 1447 2346 ἀσπάζεσθαι
1482 2313 1576 2350 μᾶλλον
1611 2312 1724 2348 ἑλόμενοι
1755 2314 1801 2340 τὴν
1837 2310 1942 2338 ἐκείνων

1140 2361 1228 2386 πίστιν
1254 2359 1269 2388 ἢ
1300 2362 1428 2385 κοινωνεῖν
1451 2361 1507 2388 τοῖς
1538 2359 1597 2394 περὶ
1623 2354 1765 2388 Εὗδόξιον·
1790 2358 1939 2392 πίμπουσιν

1139 2404 1183 2430 οὖν
1216 2403 1360 2431 Εὔστάθιον
1388 2404 1432 2429 τόν
1459 2401 1630 2433 Σεϐαστείοις,
1660 2403 1706 2427 καὶ
1741 2400 1862 2427 Σιλϐανόν
1894 2403 1940 2427 τὸν

1139 2450 1255 2487 Ταρσοῦ,
1273 2450 1318 2474 καὶ
1333 2446 1457 2483 Θεόφιλον
1472 2448 1515 2472 τὸν
1540 2444 1716 2472 Κασταϐοἱλων
1740 2449 1788 2476 τῆς
1804 2445 1924 2477 Κιλικίας
1934 2455 1941 2463 ·

1139 2492 1164 2520 οἳ
1192 2495 1261 2526 καὶ,
1289 2493 1354 2529 πρὸς
1385 2491 1502 2529 Διϐέριον
1534 2492 1761 2528 παραγεγονότες,
1793 2492 1939 2526 καταγινώ-

1141 2547 1238 2564 σκουσι
1265 2538 1310 2574 μὶν
1333 2537 1434 2574 ’Δρείου
1459 2537 1504 2562 καὶ
1523 2539 1573 2562 τῶν
1598 2536 1692 2572 ὁμοίως
1722 2534 1790 2570 αὐτῷ
1819 2536 1944 2572 φρονούν-

1140 2592 1190 2609 των
1227 2584 1272 2609 καὶ
1305 2579 1505 2609 διδασκόντων·
1542 2579 1756 2618 ἁποκηρύττουσι
1789 2577 1818 2606 δὲ
1854 2581 1942 2605 πᾶσαν

1141 2628 1241 2665 αἰρεσιν
1278 2627 1473 2664 ἐναντιουμένην
1510 2629 1542 2662 τῇ
1576 2627 1664 2652 πίστει
1698 2628 1746 2656 τῆς
1779 2623 1803 2650 ἐν
1844 2625 1942 2659 Νικαίᾳ

1142 2671 1272 2699 συνόδου·
1300 2673 1393 2699 καὶτὸ
1414 2671 1554 2709 ὀμοούσιον
1582 2672 1658 2707 μόνον
1687 2667 1823 2706 δέχονται,
1846 2668 1880 2698 ὡς
1905 2671 1942 2703 τῷ

1141 2718 1222 2753 ὁμοίῳ
1246 2717 1302 2744 κατ’
1323 2716 1414 2744 οὐσίαν
1436 2717 1532 2743 ταυτὸν
1566 2718 1704 2752 σημαῖνον.
1733 2715 1835 2743 Ταύτην
1859 2712 1943 2739 αὐτῶν

1141 2764 1188 2791 τήν
1222 2761 1359 2798 ὁμολογίαν
1391 2763 1519 2798 ἔγγραφον
1546 2759 1631 2787 λαϐὼν
1662 2760 1675 2785 ὁ
1706 2757 1826 2795 Λιϐἑριος
1843 2779 1850 2792 ,
1873 2756 1943 2784 ἐκοι-
