4126 6228
1619 37 1632 60 Ὺ

1141 69 1332 104 F—V
1385 69 1506 89 ~IM‘.

131 305 202 360 29
1519 304 1866 364 THESAURI
1916 304 2047 362 LIB.
2086 303 2176 360 VI.

129 434 386 487 νὼνησεν
443 429 640 494 αὐτοῖς·
699 433 792 484 καὶ
845 432 1134 508 γράμματα
1167 433 1294 508 παρ’
1317 431 1480 486 αὐτοῦ
1509 427 1770 498 λαϐόντες,

1889 430 2211 499 gaverunt;
2239 426 2600 500 synodoque
2640 422 2726 481 ibi
2761 423 3148 494 congregata,
3179 418 3394 478 eadem
3429 417 3532 508 def

131 516 416 571 ἕπλευσαν
471 519 542 583 εἰς
579 519 830 574 Σικελίαν·
892 518 1118 576 συνόδου
1176 519 1236 576 δὲ
1285 521 1434 577 κάκεῖ
1482 521 1772 592 συναχθεί-

134 626 264 676 σης,
317 613 420 662 καὶ
474 613 538 663 τὰ
592 609 730 664 αύτὰ
773 609 1148 686 ψηφισαμένων
1173 620 1273 666 τῶν
1295 619 1356 686 τῇ
1366 608 1400 665 δ
1404 631 1426 666 ε
1451 611 1771 681 ἐπισκόπων,

137 695 475 756 ἐπανῆλθον.

209 801 330 861 κδ’.
363 805 506 860 Κατ’
533 804 695 860 ἐκεῖνο
736 803 796 860 δε
823 814 1008 881 καιροῦ
1048 803 1267 862 σύνοδον
1298 806 1527 880 ἀγόντων
1552 806 1601 861 ἕν
1629 808 1774 861 Τυά-

136 911 248 955 νοις
273 892 553 949 Εύσεϐίου
574 903 670 949 τοῦ
694 902 1006 972 Καισαρείας
1028 894 1432 966 Καππαδοκίας,
1459 897 1773 952 ’Δθανασίου

139 983 454 1057 ’Δγκύρας,
493 985 756 1060 Πελαγίου
794 983 1114 1050 Λαοδικείας
1156 995 1254 1051 τῆς
1300 992 1510 1064 Συρίας,
1540 992 1777 1050 Ζήνωνος

138 1075 343 1144 Τύρου,
365 1074 592 1128 Παύλου
610 1073 803 1148 Ἐμση
813 1096 856 1140 ς,
878 1076 1126 1152 Ὀτρηίου
1147 1077 1405 1136 Μελιτηνῆ
1417 1098 1458 1148 ς,
1484 1079 1774 1152 Γρηγορίου

139 1162 500 1235 Ναζεανζοῦ,
531 1169 621 1218 καὶ
661 1164 857 1218 πολλῶν
887 1165 1072 1234 ἄλλων,
1112 1167 1279 1237 οἶξκαὶ
1308 1165 1357 1220 ἓν
1387 1167 1686 1239 ’Δντιοχείᾳ
1715 1169 1774 1218 τὸ

141 1253 450 1324 ὁμοούσιον
513 1253 836 1330 ἐψηφίσαντο
881 1254 966 1309 ἐπὶ
1024 1263 1119 1319 τῆς
1157 1255 1413 1311 Ἰοϐιανοῦ
1475 1255 1769 1330 βασιλείας,

140 1339 470 1414 ἆνεγνώσθη
523 1346 590 1397 τὰ
618 1343 859 1420 Διϐερίου
897 1350 988 1398 καὶ
1015 1354 1116 1398 τῶν
1145 1345 1243 1400 ἆνὰ
1277 1350 1372 1405 τὴν
1412 1342 1568 1400 δύσιν
1595 1365 1774 1419 ’γραμ-

143 1448 308 1504 ματα·
345 1437 450 1485 καὶ
483 1441 798 1509 περιχαρεῖς
834 1433 919 1488 ἐπὶ
958 1437 1163 1499 τούτοις
1203 1440 1485 1509 γενόμενοι,
1543 1435 1773 1508 ἔγραψαν

144 1523 351 1584 πάσαις
387 1528 514 1585 ταῖς
542 1525 678 1576 κατὰ
706 1528 801 1584 τὴν
835 1525 1016 1578 Ἀσίαν
1037 1524 1379 1589 Ἐκκλησίαις
1404 1524 1633 1598 ἐντυχεῖν
1663 1533 1774 1588 τοῖς

147 1614 421 1674 τοιούτοις
469 1615 774 1686 γράμμασι,
831 1619 922 1668 καὶ
971 1617 1048 1667 ἔτι
1099 1611 1226 1690 ἦρος
1269 1619 1425 1686 ὄντος,
1468 1615 1540 1680 εἰς
1567 1619 1774 1692 Ταρσὸν

151 1701 458 1761 συνελθεῖν.
525 1700 669 1762 Ἤδη
725 1699 787 1756 δε
841 1707 1196 1758 συνίστασθαι
1247 1704 1537 1778 μελλούσης
1582 1713 1674 1766 τῆς
1725 1704 1773 1758 ἕν

1881 522 2198 575 creverunt
2244 533 2316 574 ac
2357 517 2540 589 hujus
2585 512 2799 571 insulae
2851 510 3154 586 episcopi,
3205 515 3262 568 et
3309 507 3531 568 reversi

1882 611 2042 664 sunt.

1952 807 2044 863 24.
2089 807 2209 862 Hoc
2235 806 2434 862 autem
2468 807 2738 878 tempore
2767 801 2953 876 Tyani
2975 800 3280 876 synodum
3307 798 3534 872 agenti-

1880 893 1996 951 bus
2027 894 2282 951 Eusebio
2313 894 2592 951 Caesareas
2639 892 2701 949 in
2746 891 3147 966 Cappadocia,
3201 887 3530 946 Athanasio

1882 989 2157 1058 Ancyrae,
2181 983 2416 1054 Pelagio
2449 983 2751 1041 Laodiceae
2784 983 2846 1038 in
2897 982 3085 1054 Syria,
3119 984 3350 1038 Zenone
3373 978 3527 1051 Tyri,

1882 1075 2066 1133 Paulo
2118 1077 2368 1140 Emesae,
2410 1074 2572 1131 Otrio
2601 1072 2901 1140 Meletinaa,
2933 1071 3216 1143 Gregorio
3256 1068 3532 1127 Nazianzi

1883 1171 1938 1222 et
1964 1164 2165 1222 multis
2195 1164 2348 1233 aliis,
2373 1165 2476 1238 qui
2503 1168 2560 1221 et
2595 1162 2919 1220 Antiochiae
2951 1157 3531 1218 consubstantialem

1883 1256 2093 1314 Filium
2123 1256 2532 1322 decreverant,
2551 1254 2804 1311 Joviano
2824 1254 3180 1326 imperante,
3200 1250 3367 1307 lectae
3391 1253 3532 1306 sunt

1881 1346 2095 1404 Liberii
2112 1350 2168 1402 et
2183 1344 2643 1402 occidentalium
2662 1342 3122 1408 litteras.Quibus
3141 1340 3429 1408 laetantes,
3450 1337 3531 1395 ad

1879 1451 2094 1496 omnes
2118 1435 2270 1492 Asiae
2289 1434 2582 1492 Ecclesias
2599 1433 2967 1507 scripserunt
2988 1439 3049 1488 ut
3065 1430 3156 1487 his
3173 1429 3376 1486 litteris
3393 1442 3532 1484 con-

1881 1527 2222 1593 cordarent,
2246 1532 2322 1596 et,
2355 1526 2503 1583 dum
2540 1526 2744 1583 adhuc
2772 1541 2874 1581 ver
2906 1529 3081 1589 esset,
3115 1525 3358 1578 Tarsum
3389 1533 3531 1576 con-

1880 1617 2330 1674 venirent.Cum
2364 1621 2566 1674 autem
2584 1616 2707 1688 jam
2741 1615 2801 1671 in
2827 1630 2900 1671 eo
2916 1616 3112 1670 essent
3132 1615 3196 1667 ut
3226 1608 3531 1683 synodum

1880 1706 2043 1763 Tarsi
2073 1706 2368 1764 haberent
2397 1705 2687 1779 episcopi,
2718 1707 2982 1778 quatuor
3021 1707 3079 1759 et
3105 1699 3348 1771 triginta
3374 1697 3532 1754 asia-

150 1797 348 1867 Ταρσῷ
440 1788 688 1856 συνόδου,
765 1796 1042 1866 τριάκοντα
1090 1798 1181 1848 καὶ
1225 1799 1476 1871 τέσσαρες
1539 1795 1777 1849 ’Δσιανοὶ

1889 1799 1982 1856 tici
2039 1797 2310 1871 episcopi
2367 1795 2694 1853 Antiochiae
2731 1795 2793 1850 in
2833 1793 3006 1852 Caria
3054 1787 3404 1860 congregati
3450 1785 3531 1844 ad

157 1880 473 1954 ἐπίσκοποι,
545 1881 869 1945 συνελθόντες
925 1882 973 1936 ἓν
1033 1883 1335 1958 Ἀντιοχείᾳ
1397 1893 1495 1948 τῆς
1552 1891 1774 1960 Καρίας,

161 1975 254 2030 τήν
476 1971 561 2026 ἐπὶ
625 1980 689 2046 τῇ
750 1975 964 2048 ὁμονοίᾳ
1017 1982 1117 2027 τῶν
1175 1975 1496 2034 Ἐκκλησιῶν
1534 1973 1774 2034 σπουδὴν

165 2059 413 2130 ἐπήνουν,
435 2070 767 2136 παρῃτοῦντο
795 2061 841 2116 δ’
833 2084 854 2117 ε
873 2067 932 2117 τὸ
970 2072 1063 2117 τοῦ
1084 2066 1388 2138 όμοουσίου’
1425 2064 1631 2126 Ούάλης
1664 2061 1722 2118 δὲ
1747 2064 1773 2116 6

171 2150 421 2214 Βασιλεύς
462 2149 721 2217 Εύδοξίου
762 2150 971 2227 σπουδῇ
999 2159 1093 2213 τὴν
1124 2154 1175 2208 ἓν
1215 2155 1428 2228 Κιλικίᾳ
1457 2151 1774 2230 προσδοκω-

171 2247 328 2315 μένην
373 2241 592 2297 σύνοδον
638 2243 838 2298 ἔλυσενο
890 2245 938 2297 οἰ
983 2241 1042 2298 δε
1078 2242 1462 2300 Μακεδονιανοὶ
1489 2242 1773 2321 ἀδιάφορον

177 2335 432 2396 Ξωςτινὸς
451 2338 641 2406 χρόνου
659 2339 764 2392 ’την
793 2340 1062 2387 κοινωνίαν
1083 2333 1348 2388 ἐποιοῦντο
1373 2334 1469 2388 ἀνά
1497 2333 1648 2394 ἔκκλη
1659 2341 1774 2397 σίας

180 2424 282 2482 τὰς
311 2421 362 2474 ἰν
399 2422 592 2495 ἑκάστῃ
621 2423 773 2491 πόλει,
803 2423 1045 2487 ἀλλήλοις
1073 2445 1128 2478 τε
1149 2423 1537 2499 ἐπιμιγνύμενοι
1557 2431 1772 2488 καὶτοῖς

196 2509 250 2573 ἑξ
281 2508 453 2586 ἆρχῆς
479 2511 808 2586 πρεσϐεύουσι
835 2518 894 2568 τὸ
924 2517 1224 2588 ὁμοούσιον.

257 2619 348 2676 κε’.
399 2620 537 2673 Ἑπεὶ
587 2615 644 2673 δὲ
707 2621 992 2686 Οὐάλεντος
1045 2622 1251 2682 τελευτὴ
1263 2642 1443 2686 σαντος
1467 2625 1776 2698 Τρατιανὸς

185 2705 522 2782 ἐνομοθέτησε
581 2711 713 2783 μετὰ
766 2709 947 2776 ἁδείας
1020 2712 1269 2776 ἑκάστους
1345 2715 1647 2786 θρησκεύειν
1713 2715 1778 2775 ὡς

188 2796 458 2870 βούλονται
513 2799 604 2852 καί
670 2799 1050 2870 ἐκκλησιάζειν,
1118 2801 1251 2862 πλὴν
1315 2807 1630 2876 Μανιχαίων
1689 2805 1779 2855 καὶ

188 2897 282 2940 τῶν
326 2893 389 2948 τη
458 2896 712 2945 Φωτεινοῡ
769 2896 860 2945 καὶ
916 2891 1171 2966 Εύνομίου
1227 2894 1564 2968 φρονούντων,
1627 2889 1779 2945 πάλιν

191 2979 237 3030 οἱ
286 2977 483 3040 πλείους
539 2975 897 3054 ἕδογμάτισαν
945 2980 1281 3056 ἔκτρέξεσθαι
1309 2985 1404 3041 τὴν
1451 2989 1542 3034 τοῦ
1590 2981 1780 3054 ὀμοου-

194 3073 305 3121 σίου
352 3075 540 3142 φωνην,
596 3067 657 3122 '0
699 3066 758 3124 6":
796 3069 1043 3134 Βασιλεύς
1091 3067 1374 3132 Θεοδόσιος
1412 3071 1438 3123 6
1480 3074 1654 3144 Μέγας
1690 3077 1784 3123 τοῦ

1885 1888 2284 1945 Ecclesiarum
2312 1885 2705 1942 concordiam
2745 1883 3028 1940 ardorem
3047 1879 3391 1947 laudavere,
3426 1875 3532 1932 sed

1884 1979 2140 2050 rejecere
2163 1973 2697 2034 consubstantiale.
2730 1976 3063 2044 Imperator
3083 1973 3284 2026 autem
3315 1965 3531 2022 Valens

1885 2067 2132 2124 Eudoxii
2165 2063 2712 2122 machinationibus
2739 2059 3044 2134 synodum
3077 2073 3213 2130 quin
3241 2056 3303 2112 in
3335 2053 3533 2110 Cilicia

1881 2156 2008 2214 ﬁeri
2037 2155 2317 2220 debebat,
2357 2151 2646 2209 dissolvit.
2675 2147 3084 2208 Macedoniani
3122 2160 3265 2201 vero
3304 2141 3530 2198 indiﬂ'e~

1881 2253 2082 2303 renter
2113 2262 2253 2301 cum
2287 2243 2417 2300 aliis
2462 2243 2524 2298 in
2564 2239 2941 2311 singularum
2973 2235 3215 2292 urbium
3268 2229 3533 2289 ecclesiis

1883 2337 2262 2410 aliquantum
2313 2331 2604 2405 temporis
2654 2325 3211 2388 communicabant,
3244 2322 3344 2380 alii
3396 2321 3531 2378 aliis

1881 2409 2131 2482 immisti
2163 2426 2356 2498 iisque
2395 2423 2502 2496 qui
2547 2420 2625 2478 ab
2654 2419 2823 2476 initio
2854 2409 3368 2474 consubstantiale
3399 2424 3534 2484 pro-

1882 2518 2028 2576 fessi
2071 2519 2260 2575 erant.

1957 2631 2048 2684 25.
2072 2625 2408 2696 Postquam
2431 2623 2655 2689 autem,
2679 2616 2920 2675 Valente
2943 2616 3205 2681 mortuo,
3221 2609 3537 2668 Gratianus

1885 2716 2083 2785 legem
2113 2713 2246 2771 tulit
2273 2727 2346 2768 ex
2371 2725 2495 2784 qua
2521 2723 2726 2766 secure
2756 2706 3014 2779 quisque
3033 2706 3098 2759 ut
3126 2700 3314 2771 vellet,
3351 2701 3538 2755 Deum

1889 2805 2108 2864 coleret
2125 2808 2182 2860 et
2203 2801 2679 2872 concionaretur,
2705 2795 2967 2869 exceptis
2987 2789 3326 2852 Manichaeis
3343 2789 3540 2861 iisque

1888 2893 1996 2970 qui
2043 2893 2290 2950 Photino
2331 2897 2388 2948 et
2426 2887 2719 2947 Eunomio
2768 2882 3250 2947 consentiebant,
3296 2893 3542 2934 rursum

1889 2984 2162 3059 plerique
2230 2982 2567 3039 docuerunt
2623 2973 3081 3049 exstirpandam
3142 2983 3273 3027 esse
3327 2981 3542 3024 vocem

1895 3055 2476 3131 Consubstantialis.
2524 3070 2854 3142 Imperator
2909 3067 3113 3120 autem
3167 3055 3540 3116 Theodosius

193 3160 460 3233 ὁμοουσίου
492 3158 843 3224 πουδαστής
889 3162 976 3224 ὢν,
1042 3158 1263 3216 σύνοδον
1313 3160 1608 3215 ἐπισκόπων
1655 3160 1777 3234 ὁμοῆ

1894 3166 2167 3235 Magnus,
2213 3156 2753 3220 Consubstantialis
2798 3155 3016 3223 fautor,
3051 3143 3542 3235 synodumiepis-

199 3247 342 3314 δόξων
413 3251 586 3322 ἑαυτῷ
659 3251 967 3305 συνεκάλεσε
1020 3251 1353 3325 βεϐαιώσεως
1391 3252 1537 3305 ἕνεκα
1592 3258 1692 3303 τῶν
1733 3248 1782 3302 ἐν

199 3347 375 3415 Νικαίᾳ
423 3337 706 3404 δοξάντων·
757 3340 1029 3394 ὑπολαϐὼν
1083 3338 1142 3395 δε
1210 3337 1472 3394 δύνασθαι
1531 3339 1782 3402 συντάξαι

207 3434 259 3496 τῇ
292 3428 504 3482 καθόλου
554 3429 842 3500 Ἐκκλησία
905 3433 1022 3492 τοὺς
1067 3430 1413 3504 καλουμένους
1457 3424 1783 3482 Μακεδονια-

214 3519 330 3576 νοὺς.
404 3519 695 3573 σονεκάλεσε
768 3525 859 3574 καὶ
939 3523 1170 3583 τούτους·
1249 3517 1502 3579 συνῆλθον
1569 3511 1657 3571 οὖν
1732 3515 1780 3569 ἐν

213 3609 721 3663 Κωνσταντινουπόλει
793 3609 848 3662 ἐκ
903 3619 1003 3664 τῶν
1075 3612 1353 3684 ὁμοούσιον
1413 3613 1508 3669 τὴν
1573 3603 1783 3682 Τρίάδα

206 3690 500 3759 δοξαζόντων
561 3699 693 3773 ἀμφὶ
731 3699 910 3754 ἑκατὸν
956 3704 1046 3755 καὶ
1102 3704 1438 3768 πεντήκοντα,
1497 3697 1546 3751 ἓν
1600 3693 1672 3759 οἷς
1718 3699 1780 3757 ἦν

197 3791 468 3863 Γρηγόριος
525 3791 552 3843 6
616 3790 890 3865 Θεολόγος,
950 3793 977 3845 ό
1051 3795 1271 3855 Νύσσης
1327 3792 1616 3867 Γρηγὸριος
1679 3790 1776 3860 (ί),

197 3873 524 3952 ’Δμφιλόχιός
573 3899 626 3933 τε
688 3885 779 3933 καὶ
832 3883 994 3958 ἕτεροι
1054 3890 1153 3934 τῶν
1209 3880 1480 3953 ἐπισήμων
1524 3883 1640 3932 τότε
1679 3885 1784 3932 Πα-

195 3971 350 4039 τέρων,
417 3969 469 4022 οἱ
539 3966 606 4029 δὴ
681 3972 870 4034 πάντες
942 3969 1144 4025 ἐδέοντο
1218 3979 1318 4024 τῶν
1383 3965 1782 4023 Μακεδονιανῶν

193 4053 456 4128 ἐπιγνῶναι
526 4062 585 4112 τὸ
649 4058 948 4133 ὀμοούσιον,
1026 4059 1504 4135 ἀναμιμνήσκοντες
1595 4057 1786 4119 αὐτούς

192 4155 266 4209 τῆς
301 4147 590 4220 πρεσϐείας
629 4155 719 4202 καὶ
759 4149 1036 4224 ὁμολογίας
1078 4150 1138 4209 ἢν
1179 4151 1347 4203 ἔθεντο
1384 4152 1515 4221 πρὸς
1544 4146 1784 4219 Λιϐέριον

188 4241 258 4286 τόν
298 4238 515 4309 Ῥώμης
576 4234 671 4291 διὰ
701 4239 996 4292 Εὖσταθίου
1036 4244 1125 4292 καὶ
1173 4237 1418 4291 Σιλϐανοῦ
1477 4240 1566 4289 καὶ
1595 4240 1788 4308 Θεοφίδ·
1827 4229 1831 4232 ’

188 4323 280 4381 λου.
345 4329 417 4380 Οἱ
482 4323 540 4380 δε
577 4324 843 4401 μηδέποτε
881 4331 1159 4402 όμοούσιον
1208 4336 1280 4399 τῷ
1338 4330 1504 4401 Πατρὶ
1541 4328 1626 4377 τόν
1665 4328 1784 4378 Υἱον

191 4414 474 4489 ﬁrmem-’36»
541 4415 783 4482 δοξάζειν
854 4419 1092 4485 εἰπόντες,
1159 4417 1204 4472 εἰ
1263 4421 1352 4470 καὶ
1409 4415 1613 4468 ἐναντία
1673 4422 1785 4477 ταῖς

1891 3234 2184 3327 coporum
2217 3250 2331 3307 sibi
2359 3246 2862 3306 consentientium
2889 3236 3263 3306 convocavit,
3296 3234 3376 3291 ad
3397 3245 3537 3289 con-

1891 3319 2196 3401 firmanda
2225 3357 2297 3398 ea
2331 3355 2465 3412 quae
2504 3337 2713 3394 Nicaeae
2756 3333 2996 3390 decreta
3023 3332 3222 3396 erant;
3251 3319 3541 3412 possibile

1890 3441 2093 3494 autem
2125 3433 2249 3490 fore
2279 3410 2504 3505 putans
2529 3424 2838 3484 catholicae
2864 3419 3136 3478 Ecclesia:
3162 3410 3541 3473 Macedonia-

1889 3543 2002 3584 nos
2040 3537 2369 3598 apponere,
2401 3535 2507 3577 eos
2545 3530 2791 3591 quoque
2835 3507 3208 3570 convocavit.
3239 3508 3543 3564 Convene-
3615 3569 3628 3596 ζ

1887 3620 2028 3674 runt
2057 3590 2236 3685 igitur
2280 3590 2859 3679 Constantinopolim
2903 3617 2977 3658 ex
3028 3599 3097 3654 iis
3133 3595 3240 3670 qui
3281 3590 3542 3685 consubf

1891 3683 2230 3764 stantialem
2273 3699 2618 3758 Trinitatem
2680 3691 3124 3752 confitebantur
3171 3688 3416 3742 centum
3485 3683 3544 3738 et

1889 3792 2334 3870 quinquaginta
2371 3788 2636 3853 circiter,
2687 3785 2748 3842 in
2793 3782 3016 3856 quibus
3059 3779 3187 3835 erat
3226 3770 3542 3870 Gregorius

1890 3857 2252 3954 Theologus,
2297 3883 2356 3936 et
2403 3875 2721 3948 Gregorius
2761 3875 3085 3946 Nyssenus,
3126 3857 3542 3954 Amphilochi:

1890 3989 2082 4048 usque
2112 3946 2170 4028 et
2201 3946 2300 4028 alii
2320 3985 2392 4026 ex
2423 3946 2801 4024 celeberimis
2830 3960 3014 4032 hujus
3042 3946 3539 4048 temporisPatri:

1891 4040 2148 4135 bus,qui
2169 4058 2418 4134 quidem
2453 4070 2666 4114 omnes
2696 4069 2732 4110 a
2772 4044 3212 4110 Macedonianis
3236 4040 3458 4115 petiere
3479 4040 3545 4135 ut

1894 4127 2406 4209 consubstantiale
2451 4146 2885 4216 agnoscerent,
2949 4139 3010 4196 in
3056 4131 3415 4192 memoriam
3467 4127 3543 4216 iis

1891 4244 2243 4298 revocantes
2291 4215 2654 4308 legationem
2697 4235 2755 4289 et
2796 4225 3239 4288 confessionem
3279 4235 3434 4294 quas
3462 4215 3544 4274 ad

1895 4331 2191 4388 Liberium
2225 4331 2426 4384 Romae
2465 4340 2574 4399 per
2616 4320 2995 4378 Eustathium
3044 4317 3101 4373 et
3149 4311 3456 4371 Silvanum
3486 4309 3545 4365 et

1891 4417 2286 4491 Theophilum
2335 4415 2644 4471 miserant.
2712 4409 2798 4467 111i
2843 4411 3046 4464 autem
3103 4419 3166 4460 se
3221 4411 3539 4491 nunquam

191 4511 295 4579 πρὸς
347 4506 597 4581 Λιϐέριον
654 4507 952 4581 ὁμολογίαις
1016 4508 1242 4582 ἐροῦσιν,
1285 4505 1683 4578 ἀπηλλάγησαν
1735 4507 1777 4558 οἱ

1896 4485 2074 4566 Patri-
2100 4500 2680 4563 consubstantialem
2734 4513 2867 4554 esse
2920 4494 3130 4552 Filium
3176 4491 3380 4582 aperte
3425 4485 3540 4582 ⁸(ξο-

200 4589 224 4608 ὶ-

191 4595 238 4646 ὄε
277 4604 374 4650 τοῦ
431 4595 607 4672 ἑτέρου
669 4602 856 4672 μέρους
929 4597 1272 4672 ἐπιμείναντες
1328 4600 1418 4648 καὶ
1474 4598 1531 4647 τὸ
1576 4601 1786 4667 Πνεῦμα

191 4703 239 4736 το
296 4687 470 4759 ἅγιον,
532 4689 722 4762 Κύριον
769 4692 861 4741 καὶ
912 4688 1166 4750 ζωοποιὸν
1204 4691 1294 4740 καὶ
1345 4687 1402 4739 ἐκ
1444 4693 1538 4740 τοῦ
1578 4690 1787 4761 Πατρός

190 4779 576 4849 ἐκπορευόμενον
659 4781 748 4830 καὶ
839 4785 913 4850 τῷ
988 4781 1156 4852 Πατρὶ
1224 4779 1782 4850 συμπροσκυνούμενον

191 4871 256 4918 καὶ
295 4863 754 4941 συνδοξαζόμενον
803 4863 1237 4941 δογματίσαντες,
1303 4869 1368 4928 ὡς
1432 4871 1523 4919 καὶ
1588 4865 1636 4919 ἓν
1709 4875 1780 4940 τῷ

192 4955 285 5027 οείῳ
350 4955 601 5029 συμϐόλῳ
667 4959 912 5029 ἔγκειται,
967 4962 1059 5010 καὶ
1105 4960 1192 5009 τόν
1243 4952 1566 5010 Μακεδόνιον
1621 4959 1780 5011 καθυ-

189 5045 486 5108 ποεαλόντες
528 5044 834 5120 ἀναθέματι,
888 5049 1139 5108 ὡσαύτως
1194 5051 1283 5099 καὶ
1324 5050 1447 5108 τούς
1483 5050 1542 5100 τὸ
1573 5047 1780 5120 ὁμοιούε-

158 5151 278 5248 ὶσιον
332 5138 429 5188 καὶ
479 5135 657 5208 ὅμοιον
715 5135 799 5190 ἐπὶ
839 5144 932 5190 τοῦ
981 5141 1105 5189 Υίοῦ
1137 5131 1478 5204 δοξάζοντας,
1519 5140 1610 5188 καὶ
1645 5137 1778 5208 μετὰ

190 5229 243 5248 .2
333 5224 377 5248 ιν
442 5227 639 5248 thum!“
686 5221 882 5248 _,',,_§_,
999 5223 1237 5248 )_,_:__4,,
1318 5228 1507 5248 __,,I,_--i_
1590 5224 1770 5248 -,’__p,s

190 5229 257 5281 τὴν
328 5224 380 5278 ὶν
441 5227 640 5299 Νικαίᾳ
679 5221 922 5295 σύνοδον,
992 5223 1239 5298 δευτέραν
1315 5228 1508 5283 ταύτην
1587 5224 1770 5286 εὐσεϐῆ

193 5316 592 5388 τδοτησάμενοι,
660 5313 790 5368 ἀλλὰ
852 5320 944 5368 καὶ
1031 5319 1250 5378 κανόνας
1323 5313 1585 5388 ἔκθέμενοι
1654 5331 1743 5366 περ

166 5491 206 5595 Ι,
240 5513 316 5582 (ί)
357 5509 484 5595 Ηᾳο
510 5509 765 5595 ξριζςᾳεεο
793 5508 1112 5595 occasione
1125 5511 1180 5594 S:
1202 5509 1519 5595 Gregprius
1548 5512 1770 5593 Nysae-

175 5581 556 5658 ;nusscripsit
595 5581 730 5642 illos
760 5586 1052 5644 adversus
1075 5584 1282 5642 Arium
1322 5581 1761 5641 Macedon'ium-

1893 4598 2087 4655 cuisse
2117 4595 2403 4662 dicentes,
2453 4590 2560 4647 etsi
2608 4585 2975 4644 contrarium
3028 4582 3089 4638 in
3129 4595 3240 4637 sua
3269 4577 3347 4635 ad
3382 4575 3542 4632 Libe-

1890 4687 2046 4744 rium
2087 4682 2468 4741 confessione
2523 4677 2802 4743 dixerint,
2841 4671 3074 4730 dimissi
3126 4673 3285 4725 sunt.
3337 4663 3540 4722 Crateri

1890 4792 2031 4832 vero
2061 4772 2324 4848 partium
2358 4769 2614 4827 aliarum
2657 4764 3100 4829 remanserunt,
3124 4763 3182 4816 et
3214 4759 3539 4830 postquam

1888 4841 2275 4922 decreverunt
2308 4859 2591 4934 Spiritum
2617 4859 2894 4912 sanctum
2930 4848 3250 4909 Dominum
3297 4858 3429 4902 esse
3457 4841 3539 4898 vi-

1891 4954 2234 5011 viﬁcantem
2255 4955 2310 5006 et
2335 4930 2408 5006 ex
2430 4951 2599 5004 Patre
2624 4942 2950 5018 procedere
2972 4945 3028 4996 et
3052 4953 3192 4994 cum
3208 4937 3377 4990 Patre
3397 4930 3542 4988 ado-

1886 5043 2008 5101 rari
2037 5047 2094 5098 et
2123 5037 2444 5112 gloriﬁcari
2473 5041 2540 5093 ut
2575 5035 2637 5092 in
2675 5033 2880 5090 divino
2935 5025 3214 5102 symbolo
3253 5021 3544 5112 scriptum

1886 5136 2000 5201 est,
2027 5111 2565 5200 Macedoniumque
2587 5138 2812 5196 eosque
2837 5120 2942 5195 qui
2964 5118 3175 5177 Filium
3205 5111 3544 5171 substantia

1883 5220 2145 5279 similem
2185 5218 2278 5275 vel
2308 5215 2658 5290 simpliciter
2687 5211 2941 5269 similem
2968 5207 3270 5265 docebant
3297 5201 3542 5260 anathe-

1883 5317 2047 5369 mate
2083 5310 2533 5384 percusserunt,
2575 5317 2833 5376 eamque
2877 5297 3210 5357 secundam
3249 5293 3416 5368 piam
3447 5305 3544 5362 sy-

1882 5521 2002 5581 que
2043 5507 2542 5581 tractatus,_quos
2567 5514 2796 5581 ego‘ex
2831 5496 3118 5581 Vaticano
3146 5490 3352 5552 codice
3377 5484 3540 5546 edidi

1881 5568 1944 5638 iii
1967 5568 2348 5637 Collectionis
2365 5568 2664 5631 Vaticanis
2689 5575 2855 5631 tomo
2882 5568 3023 5630 VIII.

3771 0 3943 112 _

3409 151 3418 160 .
3445 87 3574 166 -φέοετ
3595 81 3882 170 ·
3917 91 3945 178 ’ᾖ

3459 295 3530 354 30
3913 285 3924 330 ί
3947 292 3949 338 Ι

3941 48 3943 112 Ι

3941 115 3945 198 Ι

3941 210 3947 272 Ι

3947 292 3949 338 Ι

3945 374 3951 448 Ι

3945 454 3953 504 Ι

3941 536 3955 596 γι

3941 698 3959 738 [Ι

3959 780 3961 822 Ι

3959 827 3963 912 Ι

3963 944 3965 992 Ι

3965 1024 3967 1060 Ι

3969 1270 3973 1318 ι

3947 1385 3977 1484 ’ςΙ

3961 1514 3979 1598 Ι

3963 1596 3983 1758 Ι

3971 1815 3987 1914 ΪΙ

3987 1920 3989 1972 ε

3985 1999 3991 2038 Ι

3963 2084 3995 2236 ίΙ

3991 2246 3997 2298 Ι

3981 3368 4017 3410 έὲ

3975 3637 4017 3688 ³2

3995 3697 4017 3742 Ξ

3977 3763 3984 3770 .
4005 3749 4017 3772 ε
