4126 6228
487 307 550 361 31
1776 324 1781 331 ·
1817 295 2080 355 ΝΙΟΕΤᾹΞ
2121 292 2156 349 C

2268 290 2489 351 NIA'I‘E

3798 306 3874 364 32

486 429 719 488 nodum
757 443 892 486 esse
938 429 1078 500 post
1115 425 1420 483 Nicaenam
1470 425 1931 490 constituerunt,
1966 434 2147 477 cano-

2268 412 2525 493 διαφόρων
2568 420 3020 482 ἓκκλησιαστικῶν
3079 423 3419 497 ζητημάτων,
3487 425 3867 484 ἐϐουλεύσαντο

487 533 717 591 nesque
733 518 808 574 de
820 515 1073 573 diversis
1094 513 1512 571 ecclesiasticis
1530 512 1967 588 quaestionibus
1983 525 2146 566 com-

486 624 767 681 posuere,
795 605 1292 663 deliberationem
1321 603 1685 671 habuerunt,
1708 618 1890 676 quem
1910 600 1974 657 in
2004 598 2145 655 sede

491 696 1156 770 Constantinopolitana
1194 698 1539 751 statuerent.
1585 694 1915 766 imperator
1942 696 2140 747 autem

491 786 596 864 qui
627 788 979 859 Gregorium
1004 784 1379 855 Theologum
1396 784 1797 841 admiratione
1821 795 2146 855 proseque-

491 879 692 941 batur,
724 878 841 933 hoc
871 876 1228 949 episcopatu
1250 890 1386 931 eum
1413 873 1670 945 dignum
1689 888 1819 929 esse
1841 868 2139 927 decrevit;

494 970 933 1024 consenserunt
970 964 1153 1035 hujus
1182 962 1400 1036 synodi
1438 962 1726 1035 plerique.
1770 965 1900 1034 Ipse
1941 964 2145 1016 autem

492 1055 831 1126 intelligens
854 1053 1180 1111 nonnullos
1194 1052 1487 1110 obsistere
1510 1050 2147 1125 prtesertimqueAigy-

492 1144 672 1218 ptios,
730 1142 1038 1216 aliquanto
1088 1146 1228 1214 post
1274 1139 1592 1198 recusavit.
1656 1138 1912 1196 Diodoro
1966 1137 2146 1207 igitur

493 1239 657 1300 teste,
683 1232 986 1290 Nectarius
1006 1231 1328 1302 Tarsensis,
1352 1230 1626 1286 nondum
1660 1228 2025 1301 baptizatus,
2047 1225 2147 1281 cli-

492 1325 648 1396 gitur
679 1328 736 1380 et
764 1324 1122 1396 baptizatur,
1146 1319 1620 1394 baptismalique
1645 1318 1844 1375 adhuc
1876 1321 2035 1373 veste
2062 1315 2148 1372 in-

491 1415 674 1471 dutus
699 1412 1397 1485 Constantinopolitanus
1428 1411 1749 1482 episcopus
1775 1406 2109 1466 ordinatur.

564 1508 653 1561 26.
696 1506 834 1559 Post
880 1503 1010 1558 hac
1058 1506 1261 1557 autem
1297 1500 1723 1558 convenientes
1758 1496 2066 1554 Nectarius
2090 1498 2148 1550 et

495 1592 595 1651 alii
617 1593 921 1649 Nicaanam
948 1590 1132 1647 ﬁdem
1154 1590 1590 1648 conﬁrmarunt
1611 1592 1669 1645 et
1687 1602 1932 1644 omnem
1962 1585 2150 1642 haere-

496 1685 609 1741 sim
630 1684 1327 1749 excommunicaverunt,
1369 1679 1883 1751 decreveruntque
1938 1690 2150 1732 omnes

2259 511 2360 559 τίνι
2408 506 2520 563 δέοι
2571 516 2665 571 τὴν
2731 513 3022 573 ἐπισκοπὴν
3092 517 3697 581 Κωνσταντινουπόλεως
3758 519 3870 572 ἐπι-

2258 596 2469 669 τρέψαι.
2521 599 2578 652 Ὀ
2628 599 2688 655 δὲ
2734 600 3007 676 βασιλεὺς,
3069 604 3350 677 θαυμάζων
3414 610 3503 659 τόν
3577 614 3869 685 Γρηγόριον

2258 690 2345 739 τὸν
2399 688 2671 762 Θεολόγον,
2731 700 2827 755 τῆς
2879 692 3166 755 ἐπισκοπῆς
3205 692 3347 757 ἄξιον
3405 694 3687 769 ἐψηφίζετο
3744 702 3869 751 ταύ-

2258 796 2373 840 της·
2417 784 2669 853 συνῄνουν
2716 777 2776 835 δε
2831 787 2919 835 καὶ
2964 787 3062 845 τὴς
3091 780 3319 836 συνόδου
3367 786 3419 837 οἱ
3447 784 3696 850 πλείονες.
3727 788 3866 841 Ἀλλ’

2260 865 2432 935 αὐτὸς,
2509 868 2812 944 αἰσθόμενός
2875 892 3020 935 τινας
3090 871 3371 945 ἀνταίρειν,

2259 975 2380 1019 τους

3460 880 3549 928 καὶ
3630 878 3870 947 μάλιστα

2482 956 2570 1010 ἀπ’
2647 959 2943 1031 Αἰγύπτου,
3015 968 3360 1036 παρῃτήσατο
3441 967 3574 1037 μετὰ
3657 966 3863 1043 καιρόν·

2262 1043 2525 1121 Διοδώρου
2607 1054 2778 1103 τοίνυν
2834 1058 3099 1127 μαρτυρίᾳ
3162 1056 3447 1128 Νεκτάριος
3514 1055 3871 1127 συγκλητικὸς

2262 1137 2288 1187 ό
2351 1141 2585 1213 Ταρσεύς
2643 1138 2878 1212 ἀμύητος
2939 1142 3005 1193 ὡν
3034 1141 3324 1214 ψηφίζεται
3372 1147 3460 1196 καὶ
3514 1152 3744 1217 μυεῖται,
3774 1152 3872 1200 καὶ

2260 1230 2355 1284 τὴν
2409 1232 2673 1300 μυστικὴν
2726 1232 2801 1282 ἔτι
2849 1229 3046 1289 ἐσθῆτα
3092 1232 3436 1305 ἠμφιεσμένος
3487 1242 3871 1309 χειροτονεῖται

2265 1318 2854 1382 Κωνσταντινουπόλεως
2882 1320 3183 1383 ἐπίσκοπος.

2332 1406 2434 1472 κς·’.
2495 1411 2641 1462 Μετὰ
2691 1406 2751 1464 δὲ
2796 1418 2965 1463 ταῦτα
3009 1410 3337 1475 συνελθόντες
3366 1415 3655 1488 Νεκτάριος
3683 1419 3774 1469 καὶ
3816 1418 3869 1470 οἱ

2262 1495 2426 1563 ἄλλοι,
2480 1500 2571 1556 τὴν
2639 1499 2687 1551 ἐν
2748 1505 2947 1573 Νικαίᾳ
2981 1504 3160 1553 πίστιν
3214 1500 3503 1576 ἐκύρωσαν,
3545 1503 3635 1555 καὶ
3690 1510 3867 1558 πᾶσαν

2262 1588 2462 1661 αἰρεσιν
2518 1586 2862 1663 ἀπεκήρυξαν,
2914 1595 3003 1642 καὶ
3052 1586 3371 1644 διοικεῖσθαι
3440 1594 3531 1653 τὰς
3586 1602 3863 1667 πανταχοῦ

2264 1672 2506 1739 διέταξαν
2554 1676 2861 1739 Ἐκκλησίας
2914 1681 3051 1731 κατὰ
3106 1683 3223 1741 τοὺς
3278 1681 3441 1733 πάλαι
3486 1687 3723 1748 κανόνας,
3767 1688 3858 1737 καὶ

498 1773 780 1829 ecclesias
811 1771 1330 1828 administrandas
1356 1786 1488 1826 esse
1512 1770 1686 1841 juxta
1714 1773 1940 1824 veteres
1966 1779 2144 1822 cano-

2268 1764 2382 1827 τούς
2436 1765 2754 1829 ἐπισκόπους
2811 1767 2895 1820 ἐπὶ
2958 1775 3057 1819 τῶν
3117 1765 3266 1821 ἰδίων
3308 1774 3472 1842 μένειν
3519 1770 3859 1841 Ἐκκλησιῶν,

497 1879 626 1930 nes,
656 1867 713 1919 et
738 1863 1058 1934 episcopos
1087 1861 1149 1917 in
1179 1860 1435 1933 propriis
1474 1858 1740 1915 ecclesiis
1772 1872 2017 1913 manere
2052 1854 2149 1910 de-

496 1952 674 2009 bere:
715 1967 913 2024 neque
957 1951 1035 2007 ad
1089 1955 1365 2007 externas
1419 1949 1741 2022 procedere
1785 1962 1980 2018 neque
2024 1959 2149 2001 non

495 2046 742 2098 vocatos
781 2057 845 2096 se
889 2040 1219 2113 peregrinis
1269 2037 1754 2096 ordinationibus
1795 2035 2055 2106 injicere,
2084 2038 2150 2089 ut

496 2131 663 2204 prius
717 2129 923 2195 ﬁebat,
967 2134 1025 2186 et
1071 2128 1292 2201 saepius
1351 2127 1685 2193 accidebat,
1734 2124 1890 2182 male
1941 2123 2149 2180 habita

497 2217 792 2277 catholica
822 2217 1121 2284 Ecclesia;
1141 2234 1215 2274 ea
1235 2221 1438 2274 autem
1459 2233 1593 2289 quae
1616 2214 1956 2272 acciderent
1983 2211 2149 2285 apud

496 2308 976 2380 uniuscujusque
997 2307 1259 2364 nationis
1290 2306 1614 2363 concilium
1645 2302 2145 2367 administranda,

496 2402 563 2455 ut
614 2397 839 2470 optime
876 2396 1007 2452 ﬁeri
1062 2400 1290 2468 posset.
1340 2397 1480 2452 Post
1518 2399 1722 2452 Romae
1770 2394 2144 2466 episcopum,

497 2485 944 2560 praesidentiam
964 2485 1189 2541 habere
1204 2484 1750 2557 Constantinopolis
1769 2483 2144 2556 episcopum,

500 2575 727 2648 quippe
757 2573 862 2647 qui
884 2589 1058 2631 novae
1087 2578 1291 2631 Romae
1317 2574 1601 2631 thronum
1633 2576 1976 2645 occuparet.
2007 2569 2157 2626 Con-

503 2664 1013 2736 ﬁrmaveruntque
1036 2679 1282 2720 rursum
1311 2666 1610 2720 Nicaenam
1637 2662 1844 2729 ﬁdem,
1878 2666 1936 2717 et
1980 2658 2160 2733 patri-

511 2753 726 2810 archas
768 2754 1203 2810 constituerunt
1231 2755 1652 2811 distribuentes
1689 2751 2049 2826 provincias,
2080 2750 2163 2805 ita

516 2846 581 2899 ut
636 2842 956 2915 episcopos
1015 2843 1171 2899 ultra
1224 2860 1399 2899 suam
1429 2843 1735 2899 dicecesim
1769 2841 1847 2898 ad
1887 2847 2163 2897 externas

518 2930 803 2989 ecclesias
832 2948 956 2988 non
987 2933 1358 2990 accederent.
1393 2933 1643 2989 Sortitur
1670 2948 1810 2989 vero
1837 2932 2165 3004 imperato-

516 3021 669 3079 riam
701 3021 915 3078 urbem
945 3027 1002 3080 et
1049 3022 1362 3079 Thraciam
1408 3022 1749 3087 Nectarius;
1799 3020 2163 3095 patriarcha-

2261 1860 2350 1906 καὶ
2398 1859 2470 1927 μὴ
2539 1863 2656 1918 ταῖς
2694 1857 2983 1930 ὑπερορίοις
3030 1856 3347 1932 προϐαίνειν,
3414 1865 3547 1932 μήτε
3606 1860 3865 1924 ἀκλήτους

2260 1948 2609 2019 χειροτονίαις
2685 1944 2979 2019 ἀλλοτρίαις
3054 1946 3263 2008 ἑαυτούς
3337 1948 3643 2018 ἐπιϐάλλειν,
3728 1954 3865 2003 καθὰ

2261 2037 2527 2109 πρότερον,
2584 2037 2649 2094 ὡς
2700 2036 2859 2107 ἔτυχε
2922 2034 3168 2098 πολλάκις
3232 2041 3322 2089 καὶ
3389 2038 3597 2109 συνέϐη,
3667 2037 3863 2093 διωκο-

2261 2126 2421 2195 μένης
2466 2130 2557 2182 ri;
2605 2123 2829 2176 καθόλου
2872 2123 3200 2186 Ἐκκλησίας·
3242 2128 3309 2178 τὰ
3360 2123 3421 2179 δε
3464 2128 3585 2202 παρ’
3640 2128 3865 2187 ἑκάστην

2265 2210 2620 2283 συμϐαίνοντα
2665 2216 2759 2271 τὴν
2811 2219 2901 2265 τοῦ
2940 2214 3117 2275 ἔθνους
3170 2211 3411 2285 σύνοδον,
3470 2218 3536 2277 ὡς
3573 2216 3635 2269 ἂν
3674 2219 3869 2293 ἄριστα

2263 2305 2465 2374 φανείη,
2544 2297 2785 2354 διοικεῖν·
2869 2304 3002 2375 μετὰ
3069 2299 3128 2356 δὲ
3180 2308 3266 2357 τόν
3320 2303 3542 2378 Ῥώμης,
3591 2310 3676 2360 τὸν
3732 2314 3867 2360 Κων-

2266 2391 2735 2454 στᾱντινουπόλέως
2811 2391 3092 2446 ἐπίσκοπον
3144 2396 3211 2446 τὰ
3265 2395 3516 2470 πρεσϐεῖα
3579 2400 3741 2470 ἔχειν,
3803 2401 3870 2460 ὡς

2263 2485 2351 2534 τόν
2399 2483 2573 2555 θρόνον
2640 2481 3053 2537 ἐπισκοπεύοντα
3116 2492 3204 2545 τῆς
3278 2490 3393 2549 νέας
3456 2486 3675 2560 Ῥώμης·
3763 2488 3871 2544 £6;-

2267 2571 2502 2624 ϐαίωσάν
2562 2590 2615 2624 τε
2671 2567 2818 2633 αὖθις
2871 2578 2965 2631 τὴν
3024 2573 3073 2626 ἐν
3138 2579 3338 2644 Νικαίᾳ
3373 2580 3572 2640 πίστιν,
3613 2580 3702 2629 καὶ
3759 2598 3868 2631 πα·-

2268 2663 2527 2737 τριάρχας
2581 2666 2913 2721 κατέστησαν
2981 2660 3372 2737 διανειμάμενοι
3438 2667 3531 2728 τὰς
3585 2665 3865 2739 ἐπαρχίας·

2269 2753 2400 2803 ὥστε
2455 2754 2577 2814 τοὺς
2641 2752 2767 2825 ὑπὲρ
2827 2747 3092 2812 διοίκησιν
3145 2753 3455 2816 ἐπισκόπους
3517 2762 3630 2817 ταῖς
3678 2758 3870 2833 ὑπερο-

2269 2844 2402 2914 ρίοις
2468 2839 2805 2904 Ἐκκλησίαις
2868 2846 2940 2915 μὴ
2999 2842 3312 2916 προϐαίνειν.
3348 2843 3643 2920 Κληροῦται
3682 2842 3742 2898 δε
3777 2851 3871 2905 τὴν

2270 2934 2360 3003 μὲν
2413 2926 2676 3003 βασιλίδα
2714 2930 2862 2983 πόλιν
2914 2936 3004 2984 καὶ
3055 2936 3147 2992 τὴν
3179 2935 3392 3008 Θρᾴκην
3434 2936 3740 3009 Νεκτάριοςο
3776 2940 3871 2996 τὴν

2273 3016 2333 3072 δὲ
2388 3027 2483 3081 τῆς
2531 3026 2784 3083 Ποντικῆς
2834 3016 3144 3084 διοικήσεως
3188 3030 3550 3097 πατριαρχίαν
3605 3021 3872 3089 Ἐλλάδιος

518 3114 646 3167 tum
676 3117 881 3170 autem
901 3111 1160 3168 Ponticis
1182 3112 1508 3168 dioeceseos
1533 3111 1839 3168 Helladius
1858 3112 2156 3178 Caesareae,

2273 3110 2306 3193 ti
2344 3114 2680 3183 Καισαρείας,
2732 3114 2820 3162 καὶ
2852 3115 3135 3185 Γρηγόριος
3174 3114 3199 3164 ό
3246 3115 3484 3183 Νύσσης,
3514 3119 3606 3166 καὶ
3634 3114 3873 3189 Ὀτρήῐος

517 3205 576 3256 et
602 3201 920 3271 Gregorius
941 3204 983 3257 Ν
987 3218 1167 3273 yssae,
1191 3208 1248 3257 et
1269 3202 1498 3258 Otreius
1519 3201 1818 3267 Melitente,
1844 3198 2164 3255 Asiaticam

516 3289 847 3346 sortiuntur
870 3290 1325 3364 Amphilochius
1356 3292 1536 3348 lconii
1562 3297 1619 3347 et
1658 3291 1929 3363 Optimus
1968 3287 2166 3344 Antio-

518 3377 669 3435 chia:
722 3379 784 3435 in
823 3380 1061 3448 Pisidia,
1113 3382 1349 3454 Egypti
1387 3396 1529 3438 vero
1560 3382 1835 3451 regiones
1860 3378 2167 3435 Timotheo

518 3466 895 3523 Alexandria
929 3468 1271 3524 commissa:
1325 3474 1479 3525 sunt.
1538 3468 1926 3526 Orientalium
1967 3472 2169 3523 autem

520 3555 909 3612 ecclesiarum
968 3557 1548 3613 administrationem
1578 3557 1813 3627 Pelagio
1842 3556 2169 3621 Laodiceae,

521 3650 579 3701 et
612 3643 867 3700 Diodoro
896 3646 1059 3701 Tarsi
1108 3645 1431 3716 tradidere,
1468 3646 1634 3703 salva
1667 3645 2051 3702 Antiocheam
2084 3660 2176 3699 ec-

522 3732 719 3790 clesiae
758 3732 1068 3803 dignitate,
1099 3750 1286 3807 quam
1335 3736 1575 3808 Meletio,
1606 3735 1709 3808 qui
1740 3735 1966 3801 aderat,
1996 3733 2177 3790 dede-

523 3838 607 3879 re.
639 3822 916 3879 Detinivit
945 3829 1147 3880 autem
1189 3827 1460 3897 synodus
1489 3825 1809 3897 provinciae
1840 3824 2097 3896 synodo,
2125 3815 2176 3875 si

526 3926 678 3983 opus
710 3916 890 3982 esset,
919 3928 992 3970 ea
1030 3929 1166 3986 qua:
1192 3931 1300 3985 per
1340 3914 1605 3985 singulas
1638 3914 1980 3986 provincias
2030 3927 2173 3968 con-

526 4000 841 4073 tingerent,
868 4003 1136 4059 curanda
1163 4019 1311 4060 esse.
1338 4004 1611 4060 Examini
1630 4019 1875 4076 quoque
1903 4001 2175 4073 subjecta

525 4095 664 4147 sunt
690 4106 828 4163 qum
859 4092 939 4148 ad
966 4093 1286 4150 Maximum
1319 4093 1693 4166 spectabant,
1715 4108 1898 4166 quem
1927 4092 2174 4149 Alexan-

524 4179 769 4236 drinum
802 4196 1040 4251 genere,
1069 4184 1472 4255 cynicumque
1509 4183 1739 4239 ratione
1772 4182 2009 4239 vivendi
2038 4182 2168 4254 phi-

523 4267 874 4342 losophum,
899 4272 1208 4329 ardentem
1232 4289 1373 4329 vero
1394 4274 1644 4330 Nicena
1667 4273 1953 4329 doctrinae
1979 4274 2173 4330 fauto-

524 4372 653 4413 rem
685 4357 842 4415 clam
870 4361 1128 4433 Egyptii
1166 4366 1293 4417 tum
1341 4362 1689 4431 congregati
1722 4362 2168 4429 ordinaverant,

2273 3199 2298 3249 ό
2360 3196 2667 3260 Μελιτηνῆς’
2723 3204 2816 3257 τὴν
2869 3199 3118 3260 Ἀσιανὴν
3158 3198 3218 3255 δε
3272 3200 3630 3274 λαγχάνουσιν
3686 3203 3872 3276 Ἀμφι-

2270 3288 2456 3359 λόγιος
2517 3289 2541 3339 ό
2596 3289 2834 3357 Ἰκονίου,
2889 3289 2980 3342 καὶ
3028 3290 3290 3365 Ὀπτιμος
3346 3293 3371 3343 ό
3409 3291 3737 3363 Ἀντιοχείας
3772 3300 3871 3355 τῆς

2270 3378 2408 3429 κατὰ
2472 3373 2743 3429 Πισιδιαν’
2801 3380 2867 3431 τὰ
2932 3375 2991 3432 δὲ
3031 3384 3168 3433 κατὰ
3209 3384 3302 3439 τὴν
3340 3382 3600 3452 Αἴγυπτον
3639 3382 3870 3455 Γιμοθέῳ

2273 3475 2345 3539 τῷ
2395 3464 2812 3540 ’Λλεξαιοδρείας,
2866 3472 3252 3543 προσενεμήθη”
3313 3479 3413 3524 τῶν
3470 3467 3528 3524 δὲ
3592 3473 3728 3525 κατὰ
3776 3476 3873 3530 τὴν

2273 3555 2526 3614 ἀνατολήν
2587 3556 2911 3615 Ἐκκλησιῶν
2966 3554 3233 3617 διοίκησιν
3290 3558 3571 3634 ἐπέτρεψαν
3642 3559 3877 3632 Πελαγίῳ

2274 3653 2347 3715 τῷ
2404 3641 2741 3711 Λαοδικείας,
2800 3651 2890 3699 καὶ
2930 3644 3170 3722 Διοδώρῳ
3207 3654 3278 3717 τῷ
3326 3653 3557 3719 Ταρσοῦ,
3622 3648 3876 3720 φυλάξαν-

2275 3754 2357 3797 τες
2430 3737 2498 3787 τά
2558 3735 2809 3809 πρεσϐεῖα
2872 3744 2966 3798 τῆς
3028 3736 3336 3796 Ἐκκλησίας
3380 3744 3477 3788 τῶν
3529 3736 3869 3807 Ἀντιοχέων,

2279 3823 2407 3897 άπερ
2453 3822 2642 3877 ἔδοσαν
2680 3834 2752 3898 τῷ
2799 3825 3024 3898 Μελετίῳ
3067 3829 3304 3901 παρόντι.
3340 3823 3527 3900 Ὠρισε
3588 3820 3647 3877 δὲ
3713 3826 3871 3895 ὥστε,

2278 3912 2323 3966 εἰ
2360 3919 2521 3989 χρεία
2584 3913 2813 3983 καλέσοι,
2878 3918 2946 3968 τὰ
2997 3915 3113 3969 καθ’
3164 3914 3385 3974 ἑκάστην
3443 3913 3705 3989 ἐπαρχίαν
3778 3920 3873 3974 την

2277 4012 2371 4067 τῆς
2418 4003 2682 4078 ἐπαρχίας
2734 4002 2953 4058 σύνοδον
3007 4001 3247 4061 διοικεῖν.
3291 4004 3552 4068 Ἐζητήθη
3596 4000 3654 4058 δε
3692 4006 3877 4059 καὶτὰ

2278 4096 2413 4146 κατὰ
2469 4093 2728 4167 Μάξιμον,
2775 4094 2827 4147 ὃν
2862 4091 3205 4169 Ἀλεξανδρέα
3250 4098 3309 4148 τὸ
3347 4099 3488 4167 γένος
3533 4096 3676 4160 ὄντα,
3724 4114 3873 4146 κυνι-

2278 4203 2367 4259 ξον
2416 4202 2469 4236 τε
2511 4183 2786 4256 φιλόσοφον
2839 4186 2897 4235 τὸ
2948 4180 3295 4256 ἐπιτήδευμα,
3341 4179 3630 4237 σπουδαῖον
3671 4181 3730 4236 δὲ
3758 4188 3876 4258 περὶ

2277 4274 2335 4324 τὸ
2390 4267 2566 4343 δόγμα
2620 4280 2716 4335 τῆς
2772 4272 2821 4325 ἐν
2878 4277 3073 4345 Νικαίᾳ
3132 4269 3379 4339 συνόδου,
3447 4270 3721 4343 κλέψαντες
3780 4274 3875 4329 τὴν

2278 4366 2606 4435 χειροτονίαν
2680 4364 2730 4414 οἱ
2801 4366 2916 4414 τότε
3000 4362 3054 4425 ἐξ
3124 4362 3389 4434 Αἰγύπτου
3457 4359 3871 4425 συνεληλυθότες,

528 4445 1001 4519 episcopumque
1080 4449 1626 4522 Constantinopolis
1696 4450 2156 4514 constituerant,

2281 4451 2559 4503 ἐπίσκοπον
2594 4450 3180 4512 Κωνσταντινουπόλεως
3200 4455 3555 4518 κατέστησαν,
3577 4452 3651 4502 ἔτι
3682 4455 3875 4524 Γρηγο-

530 4535 813 4604 Gregorio
838 4535 1139 4606 Theologo
1168 4538 1325 4595 hanc
1358 4539 1563 4594 sedem
1595 4538 1793 4595 adhuc
1815 4545 2072 4597 tenente.
2107 4541 2174 4594 Et

530 4621 840 4679 decretum
879 4628 967 4680 est
1004 4640 1321 4697 nunquam
1363 4628 1533 4684 illum
1571 4628 1757 4685 fuisse
1796 4629 2169 4701 episcopum,

531 4727 729 4785 neque
752 4729 880 4770 esse
902 4754 914 4779 ,
936 4729 1132 4787 neque
1164 4715 1409 4774 clericos
1439 4718 1517 4775 ab
1540 4718 1673 4792 ipso
1702 4719 2034 4789 ordinatos,
2070 4718 2176 4777 sed

530 4817 777 4860 manere
800 4803 965 4861 irrita
992 4819 1128 4878 quae
1159 4805 1234 4862 de
1260 4806 1362 4864 illo
1386 4814 1443 4865 et
1462 4809 1540 4865 ab
1570 4808 1669 4866 illo
1696 4809 1854 4867 facta
1882 4810 2136 4867 fuerant.

2278 4544 2396 4614 ρίου
2439 4548 2528 4592 τού
2576 4540 2834 4612 Θεολόγου
2875 4543 2961 4593 τὸν
3004 4542 3179 4613 θρόνον
3222 4548 3403 4593 τοῦτον
3456 4536 3742 4601 διέποντος
3786 4542 3878 4591 καὶ

2281 4631 2485 4721 φρίσθη
2534 4635 2666 4703 μήτε
2710 4632 3017 4702 γεγενῆσθαι
3055 4637 3236 4682 τουτον
3266 4636 3391 4703 μήτε
3434 4630 3562 4681 εἶναι
3594 4628 3876 4681 ἐπίσκοπον

2282 4715 2413 4794 μήτε
2442 4719 2726 4795 κληρικούς
2752 4724 2870 4781 τοὺς
2902 4720 3025 4795 παρ’
3057 4719 3218 4773 αύτού
3239 4720 3713 4793 χειροτονηθέντας,
3746 4715 3876 4768 ἀλλὰ

2282 4814 2447 4883 μένειν
2467 4810 2639 4883 ἄκυρα
2676 4813 2741 4862 τὰ
2770 4809 2848 4863 ἐπ’
2880 4809 3019 4882 αύτῷ
3050 4813 3140 4862 καὶ
3175 4809 3297 4883 παρ’
3329 4808 3489 4862 αὐτοῦ
3519 4808 3871 4880 πεπραγμένα.
