4126 6228
809 1627 936 1702 Περὶ
958 1629 1270 1702 Νεστορίου.

298 1751 365 1811 α’.
397 1755 698 1828 Νεστὸριος
725 1753 940 1826 ὥρμητο
965 1753 1056 1824 μὲν
1099 1750 1150 1804 ἐν
1182 1755 1537 1826 Γερμανικίων
1575 1749 1848 1822 πολίχνης,

237 1843 324 1895 όύκ
362 1840 496 1896 οἶδα
531 1849 789 1903 ποταποῖς
829 1844 889 1894 τό
943 1840 996 1904 ἐξ
1026 1839 1198 1917 ἀρχῆς
1236 1840 1644 1916 ἐκτεθραμμένος
1672 1841 1850 1900 ἐπιτη-

241 1929 519 2005 δεύμασιν,
555 1930 718 1991 ἄλλην
757 1927 817 1984 δε
851 1930 906 1994 ἐξ
933 1930 1094 1994 ἄλλης
1121 1929 1347 2004 ἀμείϐων
1377 1938 1580 2006 χώραν,
1612 1931 1846 2003 καθάπερ

240 2026 571 2093 Αἰγυπτιακὴ
613 2040 696 2084 τις
743 2019 963 2094 μάστιξ,
1005 2021 1068 2093 τῇ
1124 2021 1324 2094 μεγάλῃ
1377 2029 1476 2075 τῶν
1535 2021 1852 2096 Ἀντιοχέων.

241 2107 492 2183 ἐνέσκηψε
547 2110 716 2166 πόλει.
765 2109 852 2164 Ἐν
897 2112 1062 2183 ταύτῃ
1104 2109 1270 2182 λόγων
1301 2109 1594 2184 ἕλευθερίων
1623 2113 1846 2182 μετρίως

243 2203 603 2271 μετεσχηκώς,
663 2201 854 2272 φωνην,
888 2216 943 2251 τε
979 2199 1059 2251 ὅτι
1109 2197 1392 2258 καλλίστην
1443 2202 1534 2252 καὶ
1588 2202 1844 2270 μεγίστην

246 2285 512 2358 ἀσκήσας,
546 2289 610 2360 τῇ
642 2285 927 2364 Ἐκκλησία
961 2294 1055 2340 τοῦ
1108 2295 1244 2341 Θεοῦ
1276 2297 1509 2364 προσιῶν
1539 2287 1840 2362 εἰσεφθάρη,

248 2381 343 2430 καὶ
370 2386 446 2449 τῷ
471 2377 735 2449 καταλόγῳ
759 2384 856 2428 τῶν
881 2375 1247 2452 πρεσϐυτέρων
1275 2376 1569 2452 ἐναρίθμιος
1595 2381 1841 2449 γεγονὼς,

259 2469 351 2518 τόν
381 2484 437 2518 τε
477 2472 570 2518 τοῦ
597 2472 725 2518 Θεοῦ
750 2463 865 2517 λαὸν
893 2461 1174 2518 διδάσκειν
1199 2468 1622 2539 πεπιστευμένος,
1654 2462 1844 2528 ἔδειξεν

263 2553 414 2615 εὐθὺς
441 2551 490 2605 ἓν
519 2557 798 2627 προοιμίοις
815 2554 917 2614 οἶος
935 2552 1081 2628 παρὰ
1097 2555 1270 2607 πάντα
1288 2557 1375 2607 τόν
1399 2552 1516 2627 βίον
1545 2558 1662 2626 γενή
1675 2570 1841 2607 σεταυ

249 2640 310 2694 οὗ
338 2645 438 2716 γὰρ
463 2645 552 2694 τόν
580 2641 752 2713 εὐγενῆ
797 2646 888 2695 καὶ
929 2647 1163 2715 γόνιμον,
1207 2647 1298 2696 καὶ
1326 2651 1630 2718 γεωργῆσαι
1658 2641 1844 2714 ψυχὰς

246 2727 524 2805 ἀνθρώπων
562 2727 847 2803 δυνάμενον
894 2728 1125 2792 ἰςήλωσε
1165 2740 1489 2807 χαρακτῆρα
1524 2740 1626 2784 τῶν
1655 2732 1840 2805 λόγων,

252 2818 376 2873 αλλὰ
399 2823 531 2894 πρὸς
560 2822 620 2872 τὸ
655 2816 976 2896 δημοτερπὶς
1014 2818 1314 2888 ἀποκλίνας,
1355 2825 1446 2874 καὶ
1477 2829 1578 2874 τῶν
1617 2821 1688 2884 εἰς
1719 2820 1846 2896 ἀέρα

242 2909 494 2983 λυομένων
520 2915 719 2984 κρότων
751 2913 1008 2986 θηρευτὴς
1037 2911 1081 2964 εἰ
1100 2916 1190 2964 καὶ
1212 2931 1290 2974 τις
1309 2911 1461 2973 ἄλλος
1483 2915 1764 2984 γενόμενος,
1786 2915 1845 2964 τὸ

247 2996 567 3075 συρφπῶδες
602 2999 695 3053 καί
747 2998 1084 3074 ἀστάθμητον
1111 3000 1310 3064 πλῆθος
1351 3005 1479 3075 πρὸς
1526 3005 1614 3054 τὸν
1659 3000 1847 3055 οἰκεῖον

247 3074 577 3154 ἔξεκαλέσατο
645 3091 830 3158 πόθον,
903 3094 1052 3164 φαιόν
1137 3074 1564 3166 περιϐεϐλημένος
1619 3092 1846 3164 ἱμάτιον,

247 3178 570 3252 ἕστυγνακὼς
590 3175 857 3253 βαδίζων,
875 3184 998 3242 τοὺς
1017 3177 1294 3255 ἀγοραίους
1310 3179 1552 3233 ἐκκλίνων
1575 3180 1797 3254 θορύϐου
1807 3201 1846 3254 ς,

251 3267 523 3344 ὠχρότητι
555 3274 801 3342 σώματος
838 3271 896 3322 τό
927 3266 1100 3323 δοκεῖν
1138 3269 1486 3346 ἐγκρατευτης
1515 3269 1644 3323 εἶναι
1685 3271 1854 3346 θηρώ-

255 3377 418 3431 μενος,
457 3361 594 3411 οἶκοι
641 3360 710 3412 τὰ
745 3357 911 3412 πολλὰ
949 3356 1175 3432 βιϐλίοις
1203 3362 1567 3433 προσανέχων,
1606 3363 1697 3411 καὶ
1734 3361 1854 3412 καθ’

262 3447 492 3518 ἡσυχίαν
550 3446 718 3520 ἑαυτῷ
769 3451 1155 3522 συγγινόμενος,
1200 3451 1456 3512 τοιούτοις
1489 3453 1736 3521 σχήμασι
1764 3452 1854 3500 καὶ

269 3533 536 3608 πλάσμασι
603 3540 730 3599 τοὺς
788 3535 1011 3599 πολλοὺς
1092 3533 1370 3605 δελεάζων,
1445 3541 1608 3612 μέχρι
1679 3536 1857 3614 πόῤῥω

268 3623 485 3697 προῆλθε
528 3634 624 3690 τῆς
674 3625 910 3697 ἡλικίας,
967 3631 1026 3680 τὸ
1059 3623 1231 3681 δοκεῖν
1256 3631 1572 3704 Χριστιανὸς
1595 3625 1726 3681 εἶναι
1754 3629 1856 3704 πρὸ

263 3721 348 3767 τοῦ
369 3722 498 3768 εῖναι
517 3712 749 3789 διώκων,
771 3719 861 3770 καὶ
878 3724 975 3780 τῆς
997 3724 1090 3770 τοῦ
1115 3724 1352 3794 Χριστοῦ
1375 3715 1535 3781 δόξης
1553 3721 1646 3777 τὴν
1671 3716 1856 3770 ἑαυτοῦ

249 3813 519 3878 προτιμῶν
529 3846 543 3861 .

320 3927 393 4002 β’.
423 3929 569 3984 Ἐπεὶ
615 3925 675 3983 δέ
703 3931 842 3984 κατὰ
889 3931 950 3983 τὸ
1005 3928 1271 4005 εἰρημένον
1311 3938 1384 4002 τῷ
1415 3933 1674 4004 Δεσπότῃ,
1707 3925 1858 3984 οὐδὲν

245 4021 480 4093 κρυπτὸν
525 4017 552 4070 ὃ
595 4017 655 4071 οὗ
683 4019 1073 4091 γνωσθήσεται,
1119 4015 1244 4071 οὐδὲ
1291 4021 1589 4095 ἀπόκρυφον
1641 4019 1668 4072 ὃ
1695 4019 1754 4072 ού
1784 4023 1856 4092 μή

1881 1625 1930 1679 Α

229 329 294 385 33
1453 319 1456 322 '
1564 324 1909 381 THESAURI
1965 339 2129 406 LL13.
2176 335 2330 406 ιχ
2371 289 2384 304 ³
3534 336 3605 390 ει

1459 1011 1646 1106 EX
1709 1008 2091 1106 LIBRO
2158 968 2439 1106 VIII.

782 1238 1505 1354 THESAURI
1635 1209 2566 1353 ORTHODOXAE
2689 1245 3076 1354 FIDEI

2589 1625 2672 1682 De
2697 1625 2988 1683 Nestorio.

2033 1752 2083 1803 1.
2123 1746 2431 1805 Nestorius
2470 1751 2636 1805 ortus
2673 1753 2800 1806 erat
2850 1765 2922 1806 ex
2971 1751 3303 1808 Germaniae
3355 1752 3604 1826 oppido,

1957 1837 2159 1894 nescio
2189 1837 2412 1911 quibus
2456 1837 2535 1894 ab
2591 1838 2760 1896 initio
2811 1838 3147 1912 disciplinis
3202 1841 3608 1911 eruditus;de

1953 1924 2089 1984 loco
2111 1932 2312 1983 autem
2336 1926 2398 1982 in
2422 1926 2623 1983 locum
2651 1928 2939 1998 migrans,
2976 1935 3268 2002 tanquam
3296 1931 3611 2003 quoddam

1952 2016 2370 2089 Egyptiacum
2401 2015 2732 2086 ﬂagellum,
2780 2016 2842 2072 in
2890 2035 3180 2089 magnam
3215 2021 3613 2078 Antiocheno-

1952 2119 2090 2160 rum
2108 2104 2323 2161 urbem
2352 2104 2539 2160 irruit.
2563 2105 2647 2160 lbi
2674 2105 3056 2162 mediocriter
3073 2106 3376 2164 bonarum
3392 2109 3610 2166 artium

1951 2192 2256 2265 particeps
2313 2191 2578 2262 effectus,
2624 2209 2962 2267 vocemque
3011 2193 3480 2266 pulcherrimam
3537 2213 3608 2253 ac

1951 2280 2247 2354 optimam
2290 2281 2571 2338 exercitio
2615 2281 2893 2353 adeptus,
2925 2283 2986 2338 in
3028 2283 3130 2339 Dei
3178 2285 3501 2342 Ecclesiam
3532 2286 3608 2342 ir-

1948 2370 2136 2443 repsit
2171 2374 2228 2426 et
2266 2369 2544 2442 catalogo
2580 2370 3074 2444 presbyterorum
3097 2372 3460 2447 adscriptas,
3484 2374 3614 2431 Dei-

1951 2474 2072 2534 que
2098 2459 2396 2532 populum
2440 2459 2699 2516 docendi
2736 2475 2948 2518 curam
2993 2463 3272 2532 sortitus,
3316 2463 3396 2520 ab
3441 2463 3610 2522 initio

1955 2547 2227 2605 exhibuit
2272 2547 2470 2621 qualis
2516 2564 2624 2621 per
2676 2553 2866 2606 totam
2918 2549 3106 2607 vitam
3162 2551 3400 2608 futurus
3426 2557 3604 2609 esset.

1955 2635 2086 2693 Non
2113 2636 2274 2693 enim
2302 2637 2686 2707 ingeniosum
2717 2643 2772 2694 et
2801 2638 3068 2694 nobilem
3102 2644 3158 2696 et
3188 2640 3404 2696 animis
3434 2657 3605 2698 exco-

1956 2725 2149 2782 lendis
2179 2731 2393 2798 aptum
2434 2731 2694 2782 sectatus
2723 2731 2812 2783 est
2848 2728 3189 2785 orationum
3217 2735 3606 2797 caracterem,

1957 2814 2064 2872 sed
2091 2814 2170 2872 ad
2195 2815 2405 2888 populi
2425 2814 2836 2872 adulationem
2868 2817 3150 2889 proclivis
3167 2818 3615 2890 plausuumque

1879 2894 1922 2949 Β
1952 2903 2016 2960 in
2055 2919 2259 2960 aerem
2307 2904 2740 2975 dissipatorum
2786 2909 2852 2961 ut
2895 2905 3001 2978 qui
3039 2907 3305 2963 maxime
3360 2914 3615 2978 amator,

1952 2992 2132 3049 vilem
2161 2998 2218 3050 et
2237 2992 2579 3050 instabilem
2617 2993 2997 3066 plebeculam
3029 3011 3140 3052 suo
3177 2996 3476 3053 desiderio
3501 2995 3620 3052 im-

1956 3071 2204 3150 buebat,
2230 3080 2407 3138 fusco
2436 3081 2688 3138 indutus
2721 3082 2928 3155 pallio,
2954 3084 3137 3140 tristis
3167 3084 3478 3149 incedens,
3510 3085 3622 3142 fori

1959 3171 2284 3232 tumultum
2309 3172 2564 3241 evitans,
2595 3173 2866 3244 corporis
2903 3172 3136 3246 pallore
3173 3177 3518 3247 temperans
3544 3175 3628 3230 vi-

1961 3261 2090 3319 deri
2115 3261 2387 3334 cupiens,
2434 3261 2600 3316 domi
2643 3261 3003 3334 plerumque
3046 3262 3214 3319 libris
3262 3263 3623 3320 incumbens

1961 3355 2019 3408 et
2041 3365 2150 3424 per
2176 3349 2367 3406 otium
2389 3365 2595 3405 secum
2627 3365 3020 3415 conversans,
3052 3351 3154 3408 tali
3182 3351 3395 3409 habitu
3426 3356 3482 3409 et
3505 3352 3621 3409 for-

1964 3455 2067 3497 ma
2117 3437 2568 3496 multitudinem
2617 3445 2894 3513 captans,
2947 3439 3029 3497 ad
3079 3440 3332 3498 multam
3385 3445 3623 3500 aetatem

1963 3526 2283 3601 processit,
2333 3525 2702 3584 Christianus
2757 3527 2947 3584 videri
2987 3529 3189 3601 potius
3240 3545 3427 3603 quam
3489 3545 3625 3586 esse

1964 3609 2315 3692 perOptans,
2337 3620 2397 3674 et
2422 3615 2635 3675 Christi
2661 3615 2868 3689 gloria:
2897 3617 3210 3691 propriam
3235 3617 3491 3691 gloriam
3512 3633 3620 3678 an-

1967 3711 2280 3780 teponens.

2039 3941 2096 3996 2.
2138 3939 2285 3994 Cum
2315 3941 2540 4006 autem,
2581 3941 2649 3994 ut
2689 3953 2728 3995 a
2765 3938 3021 3996 Domino
3063 3937 3293 3996 dictum
3328 3942 3437 4010 est,
3475 3939 3628 3997 nihil

1971 4027 2046 4082 sit
2075 4031 2374 4082 secretum
2413 4025 2580 4098 quod
2632 4041 2757 4082 non
2814 4027 3056 4099 sciatur,
3098 4025 3247 4084 nihil
3297 4027 3625 4084 obscurum

247 4107 325 4169 εἰς
381 4111 598 4183 φανερόν
646 4108 792 4182 ἔλθη,
831 4112 920 4161 καὶ
976 4109 1044 4160 τὰ
1105 4107 1239 4162 καλὰ
1285 4109 1411 4180 ἔργα
1451 4106 1697 4183 πρόδηλοί
1725 4107 1856 4178 ἐστι,

1971 4115 2140 4190 quod
2169 4131 2292 4172 non
2323 4114 2638 4184 reveletur,
2662 4119 2719 4172 et
2741 4113 2908 4172 bona
2936 4131 3124 4189 opera
3146 4116 3471 4174 manifesta
3506 4119 3626 4174 sint

243 4201 344 4250 καὶ
413 4199 483 4250 τὰ
554 4197 714 4259 ἄλλως
777 4200 971 4271 ἔχοντα
1012 4196 1270 4270 κρυϐῆναι
1321 4197 1380 4250 ού
1443 4195 1684 4264 δύναται,
1728 4199 1863 4251 κατά

242 4292 349 4345 τήν
385 4283 783 4359 ἀνεξιχνίαστον
832 4295 933 4340 τῶν
968 4294 1062 4340 τοῦ
1110 4291 1238 4341 Θεοῦ
1294 4306 1559 4364 κριματων
1603 4287 1861 4359 ἄϐυσσον,

245 4380 350 4430 καὶ
405 4381 693 4451 Νεστόριος
748 4375 910 4449 ψήφῳ
954 4383 1058 4428 τῶν
1099 4379 1220 4451 περὶ
1248 4377 1314 4429 τὰ
1357 4375 1604 4450 βασῡεια
1627 4382 1717 4432 καὶ
1743 4381 1864 4440 τοὺς

249 4469 502 4542 θρόνους,
568 4471 654 4520 καὶ
719 4466 880 4519 αὐτοῦ
937 4473 1228 4525 τηνικαῦτα
1279 4474 1374 4530 τῆς
1437 4466 1738 4541 οἰκουμένης
1799 4469 1867 4521 τὰ

255 4564 510 4630 σκῆπτρα
597 4553 885 4623 διέποντος,
973 4564 1065 4618 τῆς
1123 4559 1260 4610 κατὰ
1325 4555 1866 4611 Κωνσταντινούπολιν

259 4653 365 4700 τῶν
419 4642 712 4722 ὀρθοδόξων
768 4645 1055 4708 καθολικῆς
1117 4645 1426 4708 Ἐκκλησίας
1461 4636 1577 4706 ’τὴν
1632 4667 1866 4720 προστα-

266 4740 386 4789 σίαν
437 4739 762 4804 πιστεύεται,
815 4732 968 4790 ουδεν
1016 4731 1076 4790 δε
1128 4736 1282 4810 ᾔττον
1312 4740 1403 4789 καὶ
1441 4743 1533 4809 τῇς
1562 4735 1865 4811 οἰκουμένης

261 4824 494 4889 ἁπάσης.
560 4825 648 4889 Ὠς
706 4821 766 4879 δέ
823 4829 911 4879 τὸν
1003 4828 1252 4898 μέγιστον
1346 4823 1532 4879 ἐκεῖνον
1620 4825 1868 4880 κατέλαϐε

263 4916 464 4991 θρόνον,
505 4917 742 4988 καθάπερ
791 4917 909 4968 τινὰ
957 4910 1246 4990 τυραννίδα
1309 4922 1401 4976 τῆς
1468 4914 1871 4990 ἀρχιερωσύνης

259 5009 356 5062 την
385 5008 718 5078 προστασίαν
746 5003 1010 5079 ἀρπάσας,
1043 5002 1216 5057 ούκέτι
1240 5007 1482 5078 κατέχειν
1513 5006 1561 5056 ἓν
1583 5003 1745 5077 ἑαυτῷ
1774 5009 1869 5064 τὴν

260 5090 430 5147 ὠδῖνα
453 5102 549 5156 τῆς
589 5091 837 5158 ἀσεϐείας
887 5092 992 5155 οἶός
1029 5093 1076 5146 τ’
1112 5089 1193 5163 ἧν,
1225 5091 1334 5146 ἀλλ’
1374 5091 1475 5146 ἀπὸ
1505 5103 1601 5158 τῆς
1629 5092 1872 5158 ἐξουσίας

257 5182 572 5259 προσλαϐὼν
598 5181 776 5257 ἀμαθῆ
809 5181 1137 5259 παρρησίαν,
1169 5182 1241 5246 εἰς
1259 5185 1416 5256 μέσον
1437 5184 1554 5256 οἷγει
1583 5187 1672 5236 καὶ
1693 5188 1873 5260 προτί·

261 5277 417 5332 θησιν
446 5274 668 5342 ἅπασιν,
702 5272 762 5331 ἣν
801 5271 963 5325 πάλαι
1004 5269 1248 5325 συνέλαϐε
1276 5274 1412 5326 κατὰ
1435 5280 1526 5326 τοῦ
1555 5279 1872 5346 Μονογενοῦς

1974 4209 2031 4262 et
2057 4204 2217 4262 mala
2260 4209 2565 4278 nequeant
2591 4203 2904 4271 occultari,
2928 4204 3103 4275 juxta
3143 4204 3630 4277 investigabilem

1967 4291 2338 4366 judiciorum
2379 4291 2482 4348 Dei
2507 4291 2822 4366 abyssum,
2849 4295 2907 4349 et
2934 4291 3240 4349 Nestorius
3268 4309 3481 4352 eorum
3507 4294 3627 4350 suf-

1972 4379 2167 4453 fragio
2190 4380 2296 4454 qui
2315 4379 2493 4452 regiis
2522 4385 2581 4438 et
2608 4380 2839 4438 thronis
2870 4379 3141 4438 assident
3181 4385 3238 4439 et
3279 4381 3470 4455 ipsius
3526 4381 3633 4455 qui

1973 4474 2103 4528 tum
2134 4469 2420 4543 temporis
2450 4469 2617 4527 orbis
2659 4469 2924 4545 universi
2964 4474 3202 4543 sceptra
3240 4469 3500 4538 tenebat,
3535 4487 3627 4528 or-

1973 4559 2380 4619 thodoxorum
2403 4559 2711 4616 catholicas
2726 4559 3403 4632 Constantinopolitanae
3430 4560 3624 4617 Eccle-

1978 4650 2084 4706 siae
2108 4649 2448 4722 praeﬁcitur,
2477 4663 2590 4706 nec
2633 4648 2834 4706 minus
2888 4663 3076 4721 quam
3117 4648 3400 4706 universo
3447 4653 3626 4706 terra-

1975 4755 2113 4797 rum
2143 4737 2296 4796 orbi.
2340 4737 2451 4794 Ubi
2489 4741 2692 4796 autem
2729 4737 2792 4793 in
2841 4737 3178 4794 maximam
3206 4738 3374 4796 illam
3423 4739 3630 4796 sedem

1977 4827 2252 4886 ascendit
2270 4825 2591 4900 rapuitque
2617 4825 3069 4899 praesidentiam
3099 4831 3394 4900 tanquam
3421 4831 3628 4900 tyran-

1977 4916 2184 4974 nidem
2213 4914 2548 4989 quamdam
2570 4915 2978 4988 episcopatus,
2999 4930 3122 4972 non
3137 4915 3270 4988 jam
3296 4918 3360 4973 in
3387 4931 3453 4972 se
3474 4916 3636 4973 cohi-

1976 5006 2120 5065 bere
2153 5005 2339 5062 valuit
2366 5005 2691 5079 impietatis
2712 5009 2976 5078 partum,
3005 5005 3110 5062 sed
3133 5021 3208 5062 ex
3237 5022 3350 5062 sua
3367 5007 3636 5079 potentia

1977 5094 2317 5152 inauditam
2346 5093 2696 5168 concipiens
2724 5093 3070 5165 audaciam,
3100 5095 3164 5152 in
3211 5095 3484 5152 medium
3527 5097 3636 5152 ad-

1979 5181 2145 5242 ducit
2166 5183 2524 5256 praafertque
2546 5183 2778 5240 cunctis
2799 5198 2987 5255 quam
3005 5184 3138 5256 jam
3163 5184 3397 5242 dudum
3420 5184 3638 5256 imagi-

1979 5278 2160 5331 natus
2185 5271 2424 5330 essetin
2446 5273 2826 5345 unigenitum
2839 5271 3307 5346 blasphemiam,
3325 5277 3382 5332 et
3407 5273 3638 5331 bellum

259 5363 632 5439 βλασφημίαν,
665 5367 757 5414 καὶ
781 5361 1002 5435 πόλεμον
1032 5363 1276 5438 ἄντικρυς
1304 5363 1441 5415 κατὰ
1463 5370 1566 5415 τῶν
1597 5360 1856 5416 ἀποστολιι

1983 5362 2188 5438 palam
2231 5361 2522 5420 adversus
2565 5361 2900 5435 apostolica
2925 5360 3217 5434 dogmata
3247 5361 3493 5420 suscitat
3521 5380 3537 5433 ;
3581 5364 3638 5417 et

257 5462 361 5506 κῶν
401 5453 630 5530 αἱρεῖται
673 5447 984 5525 δογματωνο
1030 5455 1120 5504 καὶ
1149 5458 1250 5504 τῶν
1298 5449 1458 5524 ἁγίων
1491 5453 1752 5526 Πατέρων,
1785 5449 1872 5526 ἀφ’

257 5545 318 5599 οὗ
349 5541 656 5616 κατηγγέλη
697 5545 754 5594 τό
795 5540 1110 5614 Εύαγγιλιον
1138 5548 1231 5604 τῆς
1261 5548 1361 5594 τῶν
1388 5538 1681 5616 ὀρθοδόξων
1711 5543 1876 5601 καθη-

253 5635 576 5710 γησαμένων
614 5635 858 5701 πίστεως,
909 5627 1166 5686 ἐκϐάλλειν
1210 5635 1456 5709 πειρᾶται
1496 5633 1622 5698 τοὺς
1660 5629 1870 5708 λόγους,

1983 5456 2330 5510 sanctorum
2357 5451 2624 5520 Patrum,
2647 5465 2719 5508 ex
2747 5467 2870 5525 quo
2897 5452 3321 5509 annuntiatum
3342 5456 3430 5508 est
3455 5453 3637 5506 Evan-

1983 5541 2206 5616 gelium
2227 5541 2708 5600 orthodoxorum
2724 5541 2951 5598 ducum
2977 5539 3440 5614 ﬁdei,expellere
3458 5551 3631 5594 cona-

1981 5635 2081 5693 tur
2115 5647 2310 5704 voces,
2340 5631 2592 5695 turbans
2615 5629 2866 5706 quidem
2911 5630 3094 5705 regiae
3141 5629 3396 5687 civitatis
3439 5623 3633 5682 Eccle-
