2063 3114
833 0 841 15 ὁ

823 34 833 62 δ

823 65 837 93 κ

1064 131 1081 150 /

1064 135 1077 150 κ

244 180 279 207 35
850 135 1256 220 ⁸ὟΙΕΙΞΞῈᾸ(ιιιοΝιΑΤλΕ
1888 178 1924 206 36

245 248 332 273 siam,
345 239 469 267 turbans
481 240 510 267 et
518 238 624 266 orbem
643 237 829 266 universum.
845 238 946 273 Neque
962 244 980 264 a
995 235 1068 263 divi-

1127 236 1257 272 ταράττων
1284 237 1329 272 μὲν
1347 239 1396 266 τῆς
1414 234 1551 266 Βασιλίδος
1568 236 1666 268 ⁴πόλεως
1684 238 1732 266 τὴν
1755 238 1925 275 Ἐκκλησίαν⁷

243 292 284 313 no
296 283 388 313 Paulo
404 283 555 312 clamante
565 290 729 311 conversus
742 291 748 310 :
766 283 823 317 Qui
838 289 887 310 vos
900 281 1012 312 turbat,
1022 281 1070 316 ju-

244 329 357 356 dicium
378 329 466 362 feret,
483 328 652 363 quicunque
662 328 701 355 sit
715 334 726 363 ,'
741 326 795 355 sed
816 334 907 363 super
931 324 1070 354 candela-

245 373 334 402 brum
345 373 451 401 divimc
467 373 679 409 episcoporum
694 372 843 400 cathedra:
865 379 926 400 non
939 370 1069 399 veritatis

243 419 358 450 lumen,
375 419 427 446 sed
444 417 604 453 impietatis
618 417 758 446 tenebras
772 416 867 453 ponit.

283 554 308 579 3.
321 552 364 579 Fit
379 554 479 580 autem
496 551 534 579 illi
558 551 690 588 primum
703 550 905 579 innovationis
919 552 1072 579 tentamen

251 604 313 625 non
337 599 475 632 oportere
501 595 723 624 sanctissimam
746 595 896 630 Virginem
912 594 963 623 Dei
985 594 1072 623 Verbi

247 641 416 669 secundum
432 649 554 669 carnem
570 643 699 669 matrem
715 640 767 668 Dei
782 642 910 669 matrem
925 638 1071 673 conﬁteri,

248 686 300 713 sed
322 688 437 713 tantum
458 685 571 720 Christi,
593 685 667 713 dum
686 686 791 713 contra
812 683 1004 713 vetustissimi
1023 684 1072 711 Ec-

247 730 344 757 clesiae
360 737 526 765 praecones,
544 729 712 757 secundum
727 728 926 765 apostolicam
938 728 1072 757 traditio-

247 783 328 806 nem,
344 775 393 801 Dei
410 776 532 802 Matrem
548 782 613 802 eam
623 773 843 802 nominandum
854 781 918 802 esse
933 773 1074 802 docerent

254 821 280 847 et
295 819 413 846 Domini
434 821 555 847 Matrem
570 818 766 847 credendam.
784 819 846 854 Age
861 826 941 852 vero,
957 820 986 846 et
998 817 1075 846 blas-

251 863 394 899 phemam
410 863 488 891 hanc
508 862 670 891 verborum
686 865 781 891 artem
800 862 913 891 nemini
929 863 1013 899 prius
1023 871 1074 891 no-

247 910 309 935 tam
325 907 464 935 observa:
483 919 495 931 ‹‹
509 908 616 936 Christi
630 907 801 943 appellatio,
816 907 925 944 inquit,
935 908 1011 936 duas
1022 915 1075 936 na:

248 954 329 980 turus
354 953 514 987 signiﬁcat,
536 952 684 988 Unigeniti
703 960 813 989 nempe
837 953 1023 981 divinitatem
1047 955 1076 982 et

248 997 468 1024 humanitatem
482 1007 487 1031 ;
505 998 562 1027 Dei
574 999 673 1025 autem
686 997 821 1033 sejuncta
833 1005 892 1026 vox
906 997 1075 1034 simplicem

248 1044 277 1069 et
293 1042 515 1077 incorporalem
532 1042 583 1069 Dei
604 1041 692 1070 Verbi
715 1041 915 1070 substantiam
940 1042 1073 1079 praebet;

247 1093 307 1113 vox
322 1089 423 1114 autem
440 1086 525 1114 homo
541 1085 638 1114 solam
661 1086 829 1114 humanam
848 1087 978 1115 ostendit
987 1089 1075 1115 natu-

248 1138 313 1158 ram
332 1139 337 1157 :
353 1130 420 1157 ideo
436 1130 544 1158 Christi
565 1130 750 1166 genitricem,
771 1130 879 1167 inquit.
897 1139 958 1160 non
974 1131 1075 1160 autem

250 1175 310 1206 Dei,
332 1176 481 1209 Virginem
498 1175 634 1203 conﬁteri
648 1183 772 1204 necesse
788 1178 843 1209 est,
865 1183 903 1204 ne
927 1176 1001 1205 forte
1024 1184 1075 1205 no-

247 1219 293 1246 bis
308 1219 426 1247 accidat
444 1223 475 1247 ut
492 1219 541 1247 Dei
565 1219 693 1247 Verbum
713 1220 894 1256 principium
914 1221 1076 1249 exsistendi

256 1271 292 1291 ex
305 1267 408 1291 sancta
424 1264 541 1299 Virgine
560 1264 723 1301 acceperit;
739 1267 829 1301 atque
841 1265 883 1293 ita
896 1265 980 1302 prius
992 1265 1075 1301 geni-

253 1310 314 1336 tam
332 1316 398 1336 esse
418 1312 547 1336 matrem
559 1317 654 1345 quam
676 1309 724 1337 ille
739 1309 791 1346 qui
813 1317 850 1338 ex
866 1317 902 1338 ea
915 1312 1005 1339 natus
1020 1313 1074 1344 est,

251 1353 386 1381 conﬁteri
400 1360 555 1388 cogamur.
575 1364 585 1379 ι

286 1488 312 1514 Ir.
334 1489 373 1515 Ne
391 1490 489 1515 autem
507 1487 663 1516 videamur
680 1488 769 1517 vanis
792 1489 909 1525 injuriis
922 1490 965 1518 sic
980 1490 1075 1519 homi-

251 1540 320 1560 nem
334 1533 483 1568 persequi,
499 1541 568 1561 eum
583 1533 684 1569 ipsum
703 1541 757 1570 per
771 1541 807 1563 ea
820 1542 888 1571 quin
903 1535 988 1571 dixit,
1009 1544 1077 1573 pro-

248 1577 320 1613 priae
337 1577 497 1613 impietatis
511 1580 614 1606 testem
624 1578 780 1607 faciemus.
792 1579 857 1608 Suis
868 1580 946 1608 enim
963 1581 1076 1616 cogita-

1123 282 1257 316 ταράττων
1273 278 1290 306 δ
1292 282 1303 306 ξ
1318 282 1363 307 καὶ
1381 282 1428 310 τὴν
1439 280 1591 317 οἰκουμένην
1601 281 1717 308 ἅπασαν
1730 281 1780 309 οῦδ
1782 284 1792 309 's
1810 286 1855 310 τοῦ
1867 285 1927 311 Θεσ-

1123 326 1217 351 πεσίου
1256 325 1360 352 Παύλου
1394 327 1551 362 κεκραγότος
1584 326 1807 364 επιστρεφόμενος.
1836 328 1865 355 Ὁ
1895 328 1927 356 δὲ

1124 370 1265 406 ταράσσων
1296 370 1364 406 ὑμᾶς
1392 369 1525 406 βαστάσει
1553 371 1584 397 τὸ
1612 374 1704 408 κρῖμα,
1733 372 1805 404 ὅστις
1833 383 1863 400 αν

1124 412 1178 439 ἀλλ’
1198 412 1240 440 ἰπὶ
1253 416 1299 443 τὴν
1310 413 1421 450 λυχνίαν
1438 418 1484 441 τοῦ
1501 415 1569 441 θείου
1584 419 1634 442 τῶν
1650 415 1792 454 ἀρχιερέων
1807 417 1926 455 βήματος

1124 456 1154 483 οὐ
1173 459 1217 483 τὸν
1240 457 1337 494 λύχνον
1365 463 1412 489 τῆς
1440 458 1572 494 ἀληθείας,
1589 458 1654 486 ἀλλὰ
1672 460 1749 497 ζόφον
1769 462 1862 491 τίθησι
1880 468 1927 494 τῆς

1125 500 1255 533 ἀσεϐείας.

1160 546 1196 582 γ’.
1235 549 1336 574 Γίνεται
1374 545 1404 575 δὶ
1436 547 1507 584 αὐτῷ
1544 553 1645 585 πρῶτον
1682 554 1730 581 τῆς
1759 555 1928 590 καινοτομίας

1126 589 1274 628 ἐγχείρημα
1298 593 1326 618 τὸ
1354 594 1390 629 μὴ
1415 591 1469 619 δεῖν
1488 595 1536 622 τὴν
1555 592 1633 629 ἁγίαν
1653 595 1782 632 Παρθένον
1805 599 1852 626 τὴν
1880 601 1928 624 τοῦ

1127 638 1195 662 Θεοῦ
1215 637 1302 672 Λόγου
1332 638 1401 663 κατὰ
1430 638 1517 675 σάρκα
1548 640 1649 675 μητέρα
1674 642 1801 667 Θεοτόκον
1831 641 1928 678 ὁμολο-

1125 683 1180 716 γεῖν
1199 683 1378 718 Χριποτόκον
1403 679 1432 708 δε
1464 684 1552 719 μόνον,
1572 687 1622 709 τῶν
1640 683 1722 710 ποίλαι
1740 687 1786 711 καὶ
1803 690 1854 712 τῶν
1877 697 1929 725 προ

1126 724 1206 751 πάλαι
1233 729 1278 756 τῆς
1299 725 1453 757 Ἐκκλησίας
1481 728 1612 765 κηρύκων,
1637 730 1704 754 κατὰ
1728 731 1775 759 τὴν
1812 724 1928 759 ἀποστο-

1126 768 1202 798 λικὴν
1216 768 1377 806 παράδοσιν,
1397 773 1523 798 Θεοτόκον
1544 770 1707 804 δοξαζόντων
1729 773 1864 811 ὀνομάζειν
1882 779 1929 804 καὶ

1127 823 1259 840 πιστευειν
1281 817 1328 844 τὴν
1348 818 1394 841 τοῦ
1421 818 1518 853 Κυρίου
1547 818 1664 853 Μητέρα.
1687 820 1748 856 Φέρε
1774 829 1820 855 μοι
1839 820 1927 848 λοιπόν

1128 860 1174 884 καὶ
1201 861 1248 888 τὴν
1275 858 1431 896 βλάσφημον
1461 860 1630 897 τεχνολογίαν
1657 865 1855 901 παρατήρησον,
1879 865 1927 892 οὐ-

1095 916 1114 944 Β
1130 900 1185 928 δενὶ
1209 905 1332 941 πρότερον
1360 903 1531 941 ﬁrma-phum
1558 905 1587 932 'H
1610 910 1655 932 τοῦ
1683 911 1801 945 Χριστοῦ
1827 919 1930 946 προση-

1128 949 1214 984 γορία,
1243 950 1319 984 φησὶ,
1343 953 1393 975 τῶν
1425 947 1473 976 δύο
1507 951 1608 986 φύσεων
1640 955 1800 988 σημαντικὴ,
1826 958 1872 985 τῆς
1900 964 1930 982 τε

1130 992 1251 1023 θεότητος
1283 996 1329 1020 τοῦ
1364 997 1522 1030 Μονογενοῡς
1556 997 1601 1021 καὶ
1637 999 1685 1027 τῆς
1718 996 1928 1034 ἀνθρωπότητος·

1123 1036 1144 1065 ’ἠ
1166 1034 1196 1063 δέ
1214 1041 1259 1063 τοῦ
1288 1041 1356 1065 Θεοῦ
1382 1037 1517 1070 ἀπολύτως
1540 1038 1663 1076 λεγομένη
1696 1044 1765 1077 φωνή
1785 1044 1831 1073 τὴν
1847 1043 1930 1074 ἁπλῆν

1129 1082 1175 1106 καὶ
1208 1080 1347 1118 ἀσώματον
1377 1087 1424 1109 τοῦ
1450 1087 1518 1110 Θεοῦ
1541 1086 1628 1120 Λόγου
1647 1088 1811 1123 παρίστησιν
1826 1088 1928 1115 οὐσίαν·

1129 1126 1144 1154 ἠ
1175 1123 1205 1152 δε
1229 1130 1274 1152 τοῦ
1301 1126 1435 1162 ἄνθρωπος
1462 1130 1543 1164 μόνην
1571 1131 1618 1158 τὴν
1638 1128 1799 1167 ἀνθρωπείαν
1826 1131 1932 1160 ὑποδεί-

1129 1179 1207 1196 κνυσι
1234 1171 1322 1206 φύσιν·
1356 1170 1403 1198 διὰ
1428 1176 1505 1199 τοῦτο
1537 1176 1723 1211 Χριστοτόκον,
1752 1179 1842 1212 φησὶν,
1876 1177 1929 1204 ἀλλ’

1129 1213 1159 1240 οὐ
1197 1217 1322 1242 Θεοτόκον
1348 1218 1396 1246 τὴν
1437 1218 1566 1254 Παρθένον
1607 1218 1739 1255 ὁμολογεῖν
1778 1220 1930 1258 ἀναγκαῖον,

1129 1261 1230 1295 μήποτε
1255 1259 1371 1298 λάθωμεν
1399 1261 1487 1299 ἁρχην
1516 1266 1563 1289 τοῦ
1589 1262 1655 1290 εἶναι
1671 1264 1784 1300 λέγοντες
1800 1268 1844 1292 τὸν
1863 1268 1930 1293 Θεὸν

1130 1305 1215 1340 Λόγον
1243 1303 1270 1330 ἐκ
1294 1309 1339 1336 τῆς
1366 1305 1442 1342 ἁγίας
1472 1306 1594 1343 εἰληφότα
1609 1309 1749 1346 Παρθένου·
1782 1313 1826 1336 καὶ
1858 1311 1927 1337 οὕτω

1128 1351 1330 1387 προγενεστίραν
1379 1353 1423 1380 τὴν
1460 1354 1562 1389 μητέρα
1597 1356 1643 1379 τοῦ
1689 1355 1850 1389 γέννηθέντος
1900 1354 1928 1387 ἐξ

1129 1393 1226 1429 αὐτῆς,
1277 1395 1345 1421 κατὰ
1381 1396 1410 1421 τὸ
1449 1395 1603 1433 ἀκόλουθον,
1642 1397 1773 1434 ὁμολογεῖν
1811 1398 1927 1436 βιασθῶ-

1128 1447 1184 1474 μεν.

1165 1481 1198 1510 δ’.
1223 1482 1280 1510 Ὶνα
1305 1482 1335 1510 δε
1365 1487 1402 1521 μὴ
1435 1483 1550 1522 δόξωμεν
1577 1485 1723 1524 λοιδορίαις
1742 1492 1826 1519 κεναῖς
1848 1493 1932 1516 ταῦτα

1128 1531 1174 1553 τοῦ
1196 1526 1292 1565 ἀνδρὸς
1316 1533 1481 1567 κατηγορεῖν,
1507 1530 1584 1557 αὐτὸν
1617 1530 1711 1558 ἓκεῖνον
1737 1533 1778 1564 οἷς
1802 1531 1856 1560 εἶπε
1885 1538 1932 1565 τῆς

1129 1571 1225 1604 οἰκείας
1263 1571 1416 1605 δυσσεϐείας
1444 1577 1591 1611 ποιήσομαι
1619 1577 1749 1614 μάρτυρα.
1787 1581 1843 1604 Τῶν
1882 1580 1932 1617 γὰρ

248 1622 379 1649 tionibus
395 1630 518 1650 omnem
542 1622 778 1659 apostolicarum
793 1623 997 1653 doctrinarum
1014 1633 1073 1654 me-

1129 1616 1308 1644 ἀποστολικῶν
1328 1616 1501 1656 διδαγμάτων
1530 1622 1576 1646 καί
1603 1622 1698 1652 παντὸς
1722 1620 1798 1658 ἁγίου
1825 1616 1931 1659 μνήμην

247 1666 376 1693 moriam
404 1669 609 1701 transgressus
631 1669 660 1695 et
682 1667 843 1703 cujuslibet
860 1669 965 1703 sancti,
986 1670 1017 1698 in
1029 1678 1075 1699 or-

247 1710 450 1738 thodoxorum
466 1711 593 1739 ecclesia
606 1712 715 1741 multas
723 1712 892 1741 istiusmodi
906 1714 1074 1750 proclama-

248 1755 289 1782 vit
305 1763 393 1782 voces
410 1764 416 1782 :
431 1767 443 1780 ‹‹
457 1757 520 1782 Non
533 1756 657 1791 peperit,
679 1764 698 1784 o
720 1757 843 1792 optime,
865 1759 958 1786 Deum
973 1759 1073 1794 Maria,

248 1799 302 1825 sed
329 1799 483 1826 hominem
511 1800 626 1836 peperit
648 1799 811 1829 divinitatis
829 1801 1073 1834 instrumentum.

248 1844 280 1870 Et
302 1844 331 1870 in
359 1843 424 1870 aliis
450 1852 571 1871 rursum
591 1845 758 1879 nugatoriis
782 1846 1074 1882 irreprehensibilem

249 1889 367 1916 Matrem
392 1889 527 1922 gentium
542 1888 599 1916 diis
629 1889 789 1919 assimilat.
816 1891 977 1920 Judaicam
993 1893 1074 1921 enim

250 1933 426 1960 sententiam
443 1933 611 1969 amplexus,
624 1940 686 1962 non
704 1934 799 1963 Verbo
816 1943 938 1964 carnem
961 1936 1072 1966 factum

249 1985 314 2005 esse
328 1977 463 2005 absolute
480 1977 608 2012 (licebat,
623 1978 677 2007 sed
691 1978 723 2007 in
737 1978 874 2016 quodam
892 1980 1015 2009 homine
1029 1981 1075 2010 in-

249 2022 412 2056 habitasse,
427 2025 458 2050 ut
473 2022 503 2050 in
518 2023 620 2060 aliquo
639 2023 857 2061 prophetarum
873 2027 901 2053 et
924 2025 980 2054 sibi
994 2026 1075 2055 hunc

250 2069 405 2104 proprium
422 2068 565 2103 peculiari
579 2076 682 2097 amore
693 2068 812 2103 fecisse;
828 2072 857 2098 et
869 2078 937 2099 esse
952 2071 1076 2108 quidem

246 2113 338 2141 alium
365 2112 482 2144 Filium,
501 2113 592 2140 alium
610 2121 682 2142 vero
696 2113 767 2148 dici,
778 2122 877 2151 neque
891 2122 955 2144 esse
971 2116 1074 2151 genui-

248 2165 321 2185 num
336 2157 452 2190 Filium,
477 2157 530 2184 sed
554 2157 729 2194 adoptivum
751 2159 804 2195 qui
825 2159 883 2187 hoc
898 2160 1021 2189 nomine
1033 2161 1076 2189 di-

248 2200 377 2234 cebatur,
395 2202 497 2229 Jesum
512 2201 672 2230 Christum.
695 2202 767 2231 Inde
780 2202 895 2232 dictum
916 2212 983 2234 esse
998 2204 1076 2234 duos

248 2255 314 2275 esse
331 2246 427 2281 Filios,
444 2254 543 2282 neque
554 2254 649 2275 unum
664 2249 793 2276 tantum.
806 2250 909 2285 Itaque
934 2250 1075 2286 synodali

1128 1671 1177 1698 τῆς
1200 1665 1294 1694 ἑαυτοῦ
1314 1665 1434 1699 διανοίας
1461 1669 1629 1706 ύπερορίσας,
1658 1669 1683 1696 ἐν
1702 1674 1732 1707 τῇ
1749 1674 1800 1697 τῶν
1816 1670 1929 1708 ὄρθοδό-

1129 1710 1178 1742 ξων
1224 1710 1352 1749 ἐκκλησίᾳ
1388 1713 1481 1744 πολλὰς
1517 1715 1641 1746 τοιαύτας
1680 1715 1799 1747 ἐξεϐόησε
1834 1717 1927 1753 φωνάς’

1130 1766 1145 1781 ι(
1171 1755 1227 1782 Οὐκ
1255 1758 1347 1793 ἔτεκεν,
1371 1756 1390 1783 ὦ
1411 1757 1541 1794 βέλτιστε,
1572 1761 1663 1796 Μαρία
1682 1762 1753 1796 Θεὸν,
1780 1760 1833 1787 ἀλλ’
1848 1762 1929 1788 ἔτεκεν

1128 1800 1262 1838 ἄνθρωπον
1291 1802 1410 1833 θεότητος
1433 1805 1552 1841 ὄργανον.
1572 1813 1587 1830 ν
1609 1806 1659 1831 Καὶ
1691 1804 1717 1831 ἕν
1741 1805 1839 1842 ἑτέροις
1852 1805 1929 1832 πάλιν

1129 1844 1270 1882 φληνάγοις
1301 1845 1456 1883 ἀνέγκλητον
1481 1849 1582 1885 μητίρα
1612 1848 1738 1878 Ἑλλήνων
1764 1850 1829 1879 θεοῖς
1859 1849 1928 1876 ἕπει-

1129 1890 1227 1925 σάγων.
1269 1889 1414 1918 Ἰουδαϊκὸν
1439 1893 1490 1930 γὰρ
1525 1891 1712 1929 ἆναδεξοίμενος
1738 1895 1867 1929 φρόνημα,
1896 1894 1926 1921 οὐ

1127 1935 1171 1960 τὸν
1199 1936 1285 1971 Λόγον
1310 1945 1397 1973 σαρκα
1420 1936 1552 1975 ἀτρέπτως
1581 1938 1739 1974 γεγενῆσθαι
1758 1937 1850 1973 ἔλεγεν,
1874 1936 1931 1963 ἀλλ’

1129 1980 1160 2013 εἴ,
1192 1989 1251 2006 τινα
1269 1981 1404 2018 ἄνθρωπον
1431 1981 1574 2016 ἐνοικῆσαι,
1607 1983 1640 2013 ὡς
1668 1982 1701 2012 εἰς
1721 1983 1764 2009 ἵνα
1792 1986 1842 2008 τῶν
1861 1991 1930 2019 προ-

1129 2029 1226 2061 θνητῶν⁷
1253 2027 1298 2051 καὶ
1323 2023 1511 2053 ἰδιοποιεὶσθαι
1535 2030 1625 2053 τοῦτον
1648 2026 1769 2065 ἐξαιρέτῳ
1785 2025 1928 2063 ἀγαπήσει·

1129 2070 1174 2095 καὶ
1197 2070 1261 2096 εἶναι
1282 2070 1328 2106 μὶν
1348 2070 1424 2097 ἄλλον
1452 2073 1518 2104 υἱὸν,
1542 2071 1617 2097 ἄλλον
1637 2069 1666 2098 δι
1684 2071 1805 2108 λέγεσθαι
1819 2073 1876 2108 μεν,
1895 2073 1930 2108 μὴ

1130 2112 1195 2140 εἶναι
1223 2112 1254 2141 δε
1280 2117 1400 2151 γνήσιον,
1426 2116 1497 2142 θετόν
1522 2114 1552 2142 δε
1582 2116 1638 2142 υἱὸν
1657 2118 1701 2142 τὸν
1727 2116 1860 2153 λεγόμενον
1880 2116 1931 2146 ἰη’

1131 2162 1193 2186 σοῡν
1233 2161 1358 2196 Χριστόν·
1394 2160 1507 2187 ἕντεῡθεν
1536 2158 1585 2187 δύο
1622 2162 1706 2196 Υίοὺς,
1733 2163 1779 2187 καὶ
1811 2163 1847 2198 μὴ
1876 2161 1930 2196 ἕνα,

1129 2203 1251 2240 λέγεσθαι
1278 2208 1355 2234 εἶναι.
1375 2204 1451 2232 Ὀθεν
1479 2209 1525 2236 τῆς
1555 2204 1755 2244 ἀρχιερωσύνης
1781 2205 1931 2233 ἐκϐάλλεται

1128 2248 1208 2286 ψηφῳ
1235 2248 1389 2286 [σννοδικῇ]
1412 2252 1457 2276 καὶ
1491 2249 1623 2287 βασιλικῷ
1656 2251 1775 2287 νεύμοίτυ
1806 2252 1852 2277 καὶ
1883 2252 1931 2280 τὴν

250 2291 392 2327 suffragio
404 2293 431 2318 et
443 2292 525 2326 regia
541 2291 692 2320 voluntate
708 2292 884 2329 episcopatu
897 2294 1072 2330 expellitur;

1128 2293 1225 2320 Ὄασιν
1262 2292 1469 2326 καταδικασθεὶς
1509 2295 1588 2321 οἰκεῖν
1616 2299 1662 2326 τῆς
1699 2294 1844 2331 μελλούσης
1881 2299 1932 2322 τῶν

250 2339 277 2364 et
293 2336 393 2364 Oasim
404 2336 573 2364 inhabitare
581 2336 694 2372 jussus,
715 2336 820 2366 futurae
836 2338 998 2375 impiorum
1012 2348 1074 2377 pce-

249 2389 295 2409 nae
305 2380 484 2417 praeludium
500 2381 625 2418 accepit,
643 2389 698 2410 sua
717 2382 841 2419 propria
855 2382 1007 2413 dementia
1023 2385 1074 2413 ab-

251 2428 390 2461 sumptus
397 2428 424 2452 et
434 2425 462 2452 in
475 2434 504 2453 se
512 2425 682 2461 adimplens
688 2425 762 2454 illud
767 2427 900 2463 Apostoli
906 2428 1072 2458 oraculum:

251 2470 452 2504 Quorumdam
466 2470 618 2498 hominum
634 2471 732 2506 culpa
741 2472 897 2508 manifeste
908 2474 1023 2502 ducunt
1033 2474 1075 2503 ad

250 2515 482 2543 damnationem.
493 2515 650 2543 Suscitavit
662 2515 742 2544 enim
755 2515 785 2544 in
797 2516 884 2546 illum
900 2518 978 2546 Deus
991 2519 1074 2555 spiri-

250 2561 313 2587 tum
328 2559 426 2595 Cyrilli
442 2559 628 2588 Alexandriae
644 2561 821 2596 patriarcha:
834 2570 841 2596 ;
857 2562 909 2598 qui
922 2562 962 2591 ad
973 2563 1074 2600 ipsum

250 2605 417 2632 Nestorium
437 2604 563 2640 scripsit,
580 2612 650 2633 eum
672 2605 703 2633 in
724 2606 962 2636 orthodoxorum
981 2608 1074 2638 ﬁdem

248 2650 404 2686 impellens
418 2653 445 2677 et
459 2650 582 2678 hortans
597 2652 629 2679 ut
642 2651 693 2679 Dei
713 2652 833 2680 Matrem
849 2653 1074 2683 sanctissimam

248 2695 371 2723 Mariam
385 2696 557 2723 nominaret
570 2703 605 2723 ac
620 2695 765 2725 crederet.
777 2698 850 2725 Cum
863 2700 964 2726 autem
977 2700 1073 2735 preci-

248 2740 306 2767 bus
325 2747 385 2767 non
398 2740 525 2771 cederet,
540 2739 666 2769 alteram
681 2749 785 2770 rursus
802 2742 883 2771 misit
897 2742 1072 2780 epistolam;

248 2785 469 2815 conrtadicente
485 2787 587 2815 autem
596 2785 658 2823 illo,
667 2789 850 2818 convocatur
863 2790 969 2825 postea
979 2789 1073 2826 Ephe-

1133 2337 1140 2345 ς

1129 2337 1228 2366 ἀσεϐῶν
1259 2338 1390 2370 κολάσεως
1427 2337 1532 2372 ἐδέξατο
1560 2341 1594 2366 τὰ
1636 2342 1773 2378 προοίμια,
1816 2341 1932 2377 παρανοί-

1126 2383 1201 2420 λωμα
1227 2388 1276 2416 τῆς
1317 2384 1414 2415 οἰκείας
1461 2383 1656 2422 φρενοϐλαϐείας
1695 2387 1840 2422 γενόμενος,
1885 2385 1931 2410 καὶ

1128 2428 1166 2465 ἐφ’
1190 2428 1273 2465 ἑαυτῷ
1302 2428 1446 2466 πληρώσας
1474 2430 1503 2456 τὸ
1525 2428 1699 2456 ἀποστολικὸν
1724 2429 1802 2456 ἐκεῖνο
1830 2430 1928 2464 λόγιον,

1128 2474 1169 2500 ὅτι
1196 2477 1277 2501 Τινῶν
1302 2473 1442 2512 ἀνθρώπων
1480 2475 1508 2501 αἱ
1537 2475 1665 2511 ἁμαρτίαι
1694 2472 1824 2510 πρόδηλοί
1867 2472 1929 2506 εἰσι,

1127 2520 1294 2557 προάγουσαι
1327 2519 1363 2550 εἰς
1389 2521 1490 2556 κρίσιν.
1522 2519 1653 2557 Ἐξήγιιρε
1674 2520 1724 2555 γὰρ
1746 2519 1759 2544 ὁ
1785 2519 1850 2549 Θεὸς
1873 2518 1931 2545 κατ’

1129 2565 1209 2592 αὐτοῦ
1236 2566 1266 2592 τὸ
1294 2568 1397 2601 πνεῦμα
1432 2564 1559 2603 Κυρίλλου
1597 2564 1766 2601 πατριάρχου
1810 2562 1930 2594 Ἀλεξαν-

1130 2608 1228 2647 δρείας,
1254 2612 1297 2636 καὶ
1320 2610 1414 2648 γράφει
1439 2611 1504 2647 πρὸς
1530 2608 1609 2635 αὐτὸν
1640 2607 1791 2644 Νεοτόριον,
1816 2606 1852 2638 εἰς
1884 2609 1931 2637 τὴν

1128 2653 1269 2692 ὀρθόδοξον
1289 2653 1437 2691 ἱμϐιϐάζων
1455 2656 1555 2687 πίστιν,
1575 2655 1620 2679 καὶ
1649 2654 1774 2679 Θεοτόκον
1790 2653 1837 2681 τὴν
1853 2651 1930 2687 ἁγίαν

1127 2702 1233 2737 Μαρίαν
1261 2699 1417 2736 παρακαλῶν
1447 2698 1581 2735 ὀνομάζειν
1613 2707 1641 2724 τι
1673 2699 1719 2723 καὶ
1747 2699 1857 2733 φρονεῖν.
1886 2696 1931 2728 Ὠς

1129 2742 1159 2772 δε
1181 2744 1228 2771 οὐκ
1262 2742 1392 2778 ἐνεδίδου,
1419 2744 1493 2782 ἕτερα
1526 2742 1601 2769 πάλιν
1635 2741 1732 2778 ἓπεμψε
1772 2742 1929 2779 γράμματου

1128 2788 1301 2826 ἀντιλέγοντος
1327 2787 1357 2817 δί
1384 2788 1475 2824 αὐτοῦ,
1504 2789 1550 2814 καὶ
1574 2788 1641 2826 πρὸς
1666 2786 1751 2814 ταῦτά
1778 2784 1929 2819 σύνοδοςὲν
