4126 6228
94 4844 111 5121 ᾗ

235 347 286 399 37

234 471 405 539 Ἐφέσῳ
500 468 896 537 συγκροτεῖται,

239 826 355 885 λείας
409 821 744 896 ἑνεχείριστο
789 836 803 849 ⁸

237 919 364 988 τρίτη
434 908 652 983 συνόδῳ
735 909 975 985 Κύριλλος
1039 908 1452 985 Ἀλεξανδρείας,
1523 911 1823 973 Κελεστῖνος

238 1004 409 1075 Ῥώμης
495 1001 600 1072 (1),

239 644 434 701 πολλῶν,

294 733 340 789 ε’.
372 727 668 793 Θεοδόσιος
717 727 778 784 δὲ
829 732 856 783 ό
901 734 1011 793 νέος
1038 734 1128 794 τὰς
1175 733 1325 794 ἡνίας
1362 736 1475 786 τότε
1525 738 1617 793 τῆς
1656 729 1820 804 βασι-

872 825 963 873 καὶ
1026 817 1346 897 προήδρευεν
1417 820 1466 874 ἐν
1526 823 1690 893 ταύτῃ
1754 828 1817 894 τῇ

696 998 1032 1062 Ἰουϐενάλιος
1121 1000 1512 1077 Ἰεροσολύμων,
1585 1000 1823 1063 Ἀκάκιος

240 1092 525 1152 Μελιτηνῆς.
610 1093 713 1143 Καὶ
794 1090 1120 1163 καθαιρεῖται
1173 1092 1263 1163 μεν
1348 1095 1650 1163 Νεστόριος,
1727 1111 1823 1143 xu-

238 1188 422 1258 ροῡνται
452 1175 513 1232 δί
558 1183 653 1232 καὶ
700 1179 756 1231 αἱ
793 1182 1190 1254 προγενέστεραι
1230 1176 1328 1232 δύο
1368 1176 1602 1251 σύνοδοι,
1636 1178 1824 1232 τέλειόν

237 1291 279 1325 τε
334 1270 485 1323 αὐτόν
548 1272 646 1321 καὶ
708 1269 796 1321 ἕνα
844 1270 964 1321 Υἱὸν
1028 1267 1077 1321 ἓν
1144 1270 1373 1336 θεότητι,
1422 1273 1513 1321 καὶ
1549 1268 1735 1322 τέλειον
1776 1267 1824 1322 ἐν

243 1359 588 1433 ἁνθρωπότητι
647 1356 983 1429 ὁμολογοῦσι,
1033 1362 1125 1410 καὶ
1162 1358 1250 1411 ἕνα
1276 1362 1367 1410 καὶ
1395 1357 1453 1410 οὐ
1503 1353 1599 1411 δύο
1650 1360 1823 1426 Υίοὺς,

240 1451 298 1512 ὡς
322 1446 471 1507 δηλοῖ
518 1449 547 1501 ό
602 1446 726 1520 παρ’
771 1446 937 1500 αὐτῶν
985 1445 1292 1520 ἐκφωνηθεὶς
1342 1449 1498 1522 ὅρος·
1548 1452 1638 1501 καὶ
1666 1447 1827 1509 οὕτως

242 1534 511 1599 ἠσύνοδος
571 1535 873 1608 ἀπολύεται,
935 1532 1171 1589 Ἰωάννου
1227 1532 1288 1589 δὲ
1344 1543 1439 1590 ’τοῦ
1487 1545 1582 1601 τῆς
1626 1536 1826 1591 Ἀντιο-

243 1632 391 1699 χείας,
454 1632 547 1680 καὶ
637 1622 985 1699 Θεοδωρήτου
1064 1628 1236 1701 Κύρου
1304 1623 1689 1699 ἀνθισταμένων
1754 1635 1827 1699 τῷ

246 1721 464 1791 μακαρίῳ
520 1714 782 1790 Κυριλλῳ,
835 1715 971 1767 κατὰ
1007 1718 1268 1789 πρόφασιν
1307 1722 1399 1768 τοῦ
1444 1711 1616 1768 δοκεῖν
1661 1721 1828 1790 χωρὶς

2052 70 2135 87 Ἢ

1567 336 1837 394 ΤΗΕ8ΔΙ]

1958 336 2091 395 LIB.
2138 338 2225 394 IX.
3509 342 3580 400 38

996 467 1086 515 καὶ
1167 465 1569 538 παραπέμπεται
1657 460 1821 516 ἐκεῖσε

1948 478 2069 518 sum
2099 462 2371 535 synodus
2428 466 2484 519 et
2519 462 2599 520 ad
2646 463 3013 520 veniendum
3061 463 3349 522 invitatur
3372 468 3579 524 Nesto-

234 560 491 629 Νεστόριος
518 554 670 625 παρὰ
710 546 800 605 τοῦ
851 549 1092 625 ἐπάρχου
1121 560 1215 615 τῆς
1268 551 1457 615 πόλεως
1508 557 1599 606 καὶ
1637 552 1821 625 ἑτέρων

1927 552 2053 609 rius
2083 552 2160 609 ab
2191 552 2448 610 civitatis
2479 552 2902 630 achiepiscopo
2945 557 3003 610 et
3030 553 3233 611 multis
3262 554 3417 612 aliis.

2002 735 2053 786 5.
2086 730 2454 787 Theodosius
2480 747 2621 789 vero
2638 732 2843 803 junior
2888 736 3030 790 tunc
3059 732 3349 805 temporis
3395 734 3582 808 impe-

1928 820 1999 877 rii
2035 820 2302 877 habenas
2329 820 2610 885 tenebat;
2664 826 2719 877 et
2747 822 2885 878 huic
2936 821 3168 894 synodo
3213 822 3584 895 praefuerunt

1932 909 2188 983 Cyrillus
2220 910 2612 981 Alexandriae,
2649 910 2998 968 C(elestinus
3026 914 3250 985 Romae,
3273 913 3582 971 Juvenalis

1931 999 2380 1072 Hierosolymae,
2404 1000 2654 1057 Acacius
2679 1000 2978 1057 Melitenae.
3006 1004 3073 1058 Et
3100 1000 3425 1074 deponitur
3451 1003 3585 1076 qui-

1930 1088 2068 1145 dem
2102 1089 2425 1159 Nestorius,
2459 1089 2895 1146 conﬁrmantur
2924 1089 3060 1145 duas
3082 1090 3311 1163 priores
3342 1092 3584 1164 synodi,

1930 1178 2385 1252 perfectumque
2412 1178 2614 1251 ipsum
2645 1182 2703 1234 et
2732 1193 2921 1234 unum
2950 1178 3156 1235 Filium
3188 1180 3251 1236 in
3280 1180 3585 1241 divinitate

1932 1274 1990 1326 et
2020 1268 2349 1342 perfectum
2370 1268 2431 1325 in
2458 1268 2833 1324 humanitate
2885 1268 3263 1341 conﬁtentur,
3298 1276 3355 1327 et
3393 1288 3585 1331 unum

1932 1373 2130 1431 neque
2156 1372 2298 1413 vero
2328 1356 2485 1413 duos
2509 1356 2682 1414 Filios
2709 1372 2865 1425 esse,
2894 1361 2959 1414 ut
2982 1359 3326 1418 manifestat
3354 1361 3586 1434 procla-

1932 1450 2100 1503 mata
2127 1444 2206 1501 ab
2236 1444 2349 1500 illis
2379 1444 2668 1503 deﬁnitio.
2688 1448 2880 1518 Atque
2906 1446 2988 1503 ita
3017 1446 3261 1505 solvitur
3291 1449 3583 1522 synodus.

1933 1536 2194 1592 Joannes
2250 1549 2394 1591 vero
2450 1533 2801 1602 Antiochiae,
2856 1539 2913 1591 et
2982 1535 3387 1595 Theodoretus
3453 1540 3591 1612 Cyri

1933 1624 2113 1682 beato
2155 1622 2369 1696 Cyrillo
2422 1623 2767 1679 resistentes
2816 1623 2929 1679 sub
2973 1640 3045 1681 eo
3097 1631 3386 1697 praetextu
3422 1628 3591 1701 quod

1937 1713 2064 1769 sine
2094 1712 2240 1785 ipsis
2281 1711 2659 1784 proclamata
2704 1716 2860 1768 esset
2888 1711 3174 1782 deﬁnitio,
3206 1716 3355 1772 dum
3386 1721 3591 1774 tamen

248 1807 395 1859 αὐτῶν
447 1804 809 1878 ἐκφωνηθῆναι
850 1807 938 1855 τόν
985 1805 1123 1877 ὅρον,
1166 1807 1341 1856 καίτοι
1376 1824 1436 1876 γε
1474 1812 1566 1857 τοῦ
1601 1803 1823 1878 μεγάλου

1948 1817 2200 1872 magnus
2252 1801 2502 1874 Cyrillus
2540 1816 2643 1857 eos
2684 1816 2792 1874 per
2830 1801 3051 1859 multos
3092 1803 3221 1861 dies
3253 1811 3593 1879 exspectas-

252 1894 483 1971 Κνρᾶλου
542 1893 626 1947 ἐπὶ
671 1891 867 1953 πολλὰς
929 1894 1127 1968 ἡμέρας
1195 1889 1534 1965 ἐκδεξαμένου
1614 1893 1822 1965 αὐτοὺς,

250 1991 304 2058 τῇ
343 1980 399 2038 δὲ
434 1983 650 2057 ἀληθείᾳ
692 1981 972 2059 ἐριστικῶς
998 1985 1125 2055 πρὸς
1178 1981 1333 2037 αὐτὸν
1385 1988 1474 2036 καὶ
1525 1983 1619 2035 οὐκ
1663 1983 1826 2056 ὀρθῶς

254 2070 593 2148 διαειμένων,
651 2071 951 2147 μετέϐαινον
1007 2077 1098 2124 καὶ
1148 2071 1298 2126 αὐτοὶ
1344 2070 1647 2146 ἀσύμφωνοι
1697 2077 1827 2149 πρὸς

255 2166 315 2217 τὰ
354 2161 486 2232 ἶδια,
522 2163 684 2218 πολλὰ
728 2163 920 2237 μεταξὺ
976 2160 1373 2238 θορυϐήσαντες·
1427 2165 1492 2224 ὡς
1547 2169 1638 2216 καὶ
1694 2171 1828 2217 Θεο-

260 2250 478 2326 δώρήτον
513 2255 641 2307 κατὰ
681 2261 780 2305 τῶν
826 2248 1042 2305 δώδεκα
1068 2251 1353 2325 κεφαλαίων
1404 2252 1652 2326 Κυρῦιλου
1684 2253 1830 2325 ἕτερα

264 2339 463 2396 δωδεκα
507 2343 742 2406 συντάξαι
785 2341 1067 2414 κεφάλαια⁸
1108 2345 1199 2394 καὶ
1235 2340 1388 2395 πάλιν
1438 2341 1592 2394 αὐτὸν
1646 2341 1831 2416 Κύριλο

267 2431 352 2483 λον
407 2434 531 2505 πρὸς
593 2438 756 2484 ταῦτα
812 2431 1267 2503 ἀπολογήσασθαι,
1324 2434 1415 2484 καὶ
1477 2427 1691 2493 δεόντως
1765 2433 1831 2484 τὰ

277 2515 387 2572 ἴδια
438 2527 685 2579 συστῆσαι
744 2520 1011 2593 κεφάλαια.
1090 2516 1379 2573 Θεοδοσίου
1452 2517 1512 2574 δὲ
1572 2518 1832 2594 βασιλέως

270 2615 423 2661 ταῦτα
459 2607 803 2679 ἔπηνωκὸτος,
856 2614 947 2662 καὶ
1006 2610 1301 2671 κινηθέντος
1352 2613 1442 2662 καὶ
1493 2608 1611 2662 καθ’
1651 2607 1831 2663 ἕκατέ-

263 2700 477 2771 ρωνμὲν,
513 2696 743 2771 μάλιστα
796 2694 856 2751 δε
910 2700 1047 2751 κατὰ
1095 2698 1347 2772 Κυρίλλου
1387 2705 1478 2751 τοῦ
1533 2697 1581 2751 ἕν
1638 2697 1831 2770 ἁγίοις,

261 2788 493 2857 πέμπεται
541 2786 766 2840 ἐνταῦθα
812 2785 1058 2848 Ἀκείκιος
1102 2787 1127 2839 ό
1193 2785 1483 2849 Μελιτηνῆς
1536 2784 1664 2860 ἀνὴρ
1721 2788 1832 2840 θεο-

266 2874 406 2938 σεϐὴς
459 2880 544 2929 καὶ
606 2875 804 2948 λόγιος,
873 2875 946 2938 εἰς
1007 2877 1167 2951 ἄκρον
1225 2875 1484 2939 ἐληλακὼς
1550 2875 1831 2945 εὐλαϐείας,

263 2968 343 3016 καὶ
375 2967 436 3017 τὰ
478 2972 571 3027 τῆς
628 2961 856 3018 συνόδου
911 2963 1180 3038 ἐμφανίζει
1236 2973 1309 3036 τῷ
1340 2964 1568 3038 βασιλεῖ,
1620 2970 1711 3018 καὶ
1748 2968 1833 3018 τόν

265 3054 429 3106 τούτου
482 3054 815 3108 καταστελλει
873 3056 1052 3127 Θυμόν·
1102 3058 1192 3107 καὶ
1248 3056 1313 3107 τὰ
1363 3053 1717 3128 ἕκφωνηθέντα
1774 3057 1834 3108 τό

263 3149 403 3216 κῦρος
439 3143 765 3217 λαμϐάνουσι
802 3158 817 3173 '
872 3148 962 3196 καὶ
994 3142 1244 3219 Κύριλλος
1268 3162 1341 3205 εις
1368 3149 1462 3203 τὴν
1495 3142 1636 3198 ἰδίαν
1674 3143 1837 3198 ἀπαί-

268 3250 333 3285 οει
356 3232 510 3286 πόλινο
539 3238 629 3287 καὶ
649 3234 837 3287 ἕνωσιν
860 3235 908 3287 οἱ
939 3229 1213 3296 διεστῶτες
1242 3230 1512 3307 δέχονται.

337 3413 407 3486 (l)
442 3416 753 3471 Perversus
785 3413 959 3471 ordo.

1938 1896 2046 1959 set,
2078 1892 2280 1964 reipsa
2308 1906 2450 1947 vero
2493 1891 2859 1947 contentiose
2907 1907 3019 1948 nec
3048 1897 3205 1950 recte
3233 1909 3379 1965 erga
3422 1895 3593 1955 illum

1938 1996 2003 2036 se
2032 1980 2346 2051 habentes,
2391 1978 2667 2036 abierunt
2695 1984 2754 2035 et
2808 1979 2925 2052 ipsi
2954 1980 3262 2038 discordes
3319 1983 3397 2040 ad
3456 2000 3593 2056 pro-

1936 2070 2101 2144 prios
2134 2082 2371 2134 sensus,
2404 2069 2663 2125 multum
2704 2068 2935 2125 interea
2970 2070 3297 2127 tumultum
3327 2073 3593 2129 excitan-

1936 2162 2056 2231 tes;
2107 2159 2189 2216 ita
2218 2162 2284 2215 ut
2327 2158 2731 2215 Theodoretus
2770 2164 2980 2216 contra
3023 2157 3346 2217 duodecim
3398 2162 3594 2235 Cyrilli

1939 2248 2137 2321 capita
2157 2246 2277 2304 alia
2304 2246 2631 2303 duodecim
2670 2247 2868 2322 capita
2900 2250 3326 2320 composuerit,
3360 2255 3417 2308 et
3461 2267 3595 2307 rur-

1939 2355 2043 2395 sus
2089 2337 2217 2411 ipse
2263 2336 2515 2409 Cyrillus
2546 2336 2625 2394 ad
2653 2352 2724 2395 ea
2770 2354 2835 2395 se
2869 2337 3220 2407 defenderit,
3255 2340 3598 2397 commode-

1938 2443 2057 2501 que
2086 2427 2333 2500 propria
2379 2426 2687 2484 stabilierit
2733 2427 2949 2500 capita.
3012 2428 3337 2502 Postquam
3391 2435 3596 2488 autem

1937 2518 2268 2592 imperator
2291 2517 2365 2574 de
2403 2517 2500 2574 his
2553 2518 2818 2574 monitus
2847 2522 2958 2587 est,
2989 2518 3051 2575 in
3095 2534 3221 2587 eos,
3261 2521 3596 2593 praesertim

1938 2623 2083 2666 vero
2112 2608 2175 2664 in
2206 2611 2484 2665 sanctum
2524 2606 2807 2681 Cyrillum
2854 2608 3041 2664 iratus
3070 2613 3180 2667 est.
3222 2610 3599 2683 Quapropter

1942 2697 2021 2754 ad
2046 2713 2186 2753 eum
2228 2696 2449 2753 missus
2473 2700 2580 2767 est,
2611 2697 2861 2754 Acacius
2892 2696 3195 2764 Melitente,
3228 2698 3319 2754 vir
3347 2700 3481 2772 pius
3525 2715 3598 2756 ac

1943 2786 2177 2856 doctus,
2222 2786 2281 2842 in
2328 2801 2633 2842 summam
2684 2790 3001 2859 provectus
3040 2786 3447 2860 prudentiam,
3494 2788 3601 2861 qui

1946 2879 2080 2931 acta
2110 2873 2327 2947 synodi
2354 2874 2479 2945 regi
2506 2873 2835 2930 declaravit
2864 2874 3116 2947 ejusque
3138 2873 3410 2931 animum
3440 2892 3603 2932 com-

1944 2963 2189 3037 posuit;
2247 2967 2305 3020 et
2355 2980 2494 3036 quas
2537 2962 2912 3035 proclamata
2954 2963 3208 3031 fuerant,
3260 2964 3382 3022 vim
3436 2980 3605 3022 acce-

1945 3069 2107 3128 pere.
2136 3054 2388 3127 Cyrillus
2417 3070 2559 3110 vero
2584 3055 2646 3110 in
2692 3054 3005 3127 propriam
3035 3054 3209 3110 rediit
3256 3054 3599 3126 civitatem;

1948 3149 2007 3202 et
2032 3144 2139 3217 qui
2167 3143 2599 3202 discordabant
2626 3144 2917 3201 unitatem
2946 3158 3245 3216 recepere.

798 3749 1695 3916 NIGETXE
1810 3746 3047 3913 CHONIATZE

840 4062 843 4065 »
1514 4004 1703 4102 EX
1758 4005 2141 4101 LIBRO
2202 4006 2350 4101 IX
2896 4050 2899 4053 ·

655 4189 1520 4320 THESAURI
1611 4187 2710 4313 ORTHODOX/E
2795 4188 3218 4314 FIDEI

820 4551 947 4624 Περὶ
992 4545 1280 4619 Εὐτυχοῠς.

336 4653 503 4710 α’.Ἐν
555 4660 630 4725 τῷ
675 4658 851 4728 χρόνῳ
920 4657 1019 4716 τὴς
1075 4650 1353 4725 βασιλείας
1418 4645 1710 4703 Θεοδοσίου
1760 4654 1854 4701 τοῦ

264 4744 371 4795 νέου
401 4738 461 4803 ἦν
491 4762 575 4805 τις
613 4745 748 4796 κατά
795 4746 888 4802 τὴν
920 4736 1182 4815 βασιλίδα
1209 4738 1357 4793 πόλιν
1400 4734 1679 4812 ἁρχιμανδ
1680 4741 1854 4813 ρίτης,

262 4828 638 4904 ὀνομαζόμενος
688 4834 776 4905 μὶν
833 4830 1101 4903 Εὖτυχὴς,
1160 4830 1445 4902 ἡγούμενος
1501 4822 1561 4879 δὲ
1597 4844 1856 4899 μοναστη-

260 4925 393 4994 ρίου,
434 4922 464 4974 ὃ
508 4926 688 4996 πρώην
752 4923 841 4993 μὶν
894 4920 994 4973 ὑπό
1048 4922 1133 4971 τὸν
1189 4920 1305 4993 ὅρον
1351 4920 1443 4970 τοῦ
1494 4912 1721 4989 ἑϐδόμου
1772 4912 1858 4987 ἦν,

260 5014 345 5063 καὶ
388 5019 493 5073 τῆς
549 5007 1133 5070 Κωνσταντινουπόλεως
1176 5006 1269 5071 ἔξω
1322 5002 1356 5059 δ
1363 5009 1563 5075 ιίκειτο,
1613 5005 1727 5075 καὶι
1766 5010 1858 5057 τοῦ

261 5098 375 5152 Ἰὼϐ
423 5098 707 5172 ἐπελέγετο,
755 5105 843 5151 νῦν
901 5095 961 5152 δε
1001 5097 1144 5160 ἐντός
1194 5096 1353 5157 αὐτῆς
1406 5096 1612 5169 ὁρᾶται,
1645 5097 1735 5146 καὶ
1787 5099 1860 5164 τῷ

260 5196 348 5241 τοῦ
401 5189 562 5260 ἁγίου
614 5192 830 5242 Μωκίου
881 5206 975 5259 νεῳ
1031 5193 1326 5260 συνομορεῦ
1370 5188 1460 5237 καὶ
1511 5191 1765 5257 τιμῶνται
1812 5180 1861 5235 ἐν

262 5278 401 5350 αὐτῷ
471 5284 711 5341 Φαῦστος
781 5283 872 5331 καὶ
950 5276 1240 5350 Δαλμάτιος
1290 5277 1384 5328 σὺν
1454 5273 1722 5345 Ἰσαακίῳ,
1793 5274 1862 5335 ὡς

263 5363 547 5442 δεξαμένης
603 5366 653 5431 ἐς
709 5368 926 5443 ὕστερον
998 5366 1304 5438 πλατυσμόν
1368 5372 1465 5426 τῆς
1527 5369 1863 5417 Κωνσταντι-

262 5458 547 5520 νονπόλεως
575 5460 721 5535 παρὰ
747 5466 837 5511 τοῦ
900 5457 1061 5511 αὐτοῦ
1101 5452 1415 5526 Θεοδοσίου,
1441 5453 1524 5527 ὑφ’
1558 5449 1617 5507 οὗ
1664 5457 1755 5507 καὶ
1800 5454 1868 5507 τὰ

263 5555 505 5626 χερσαῖα
528 5552 684 5624 τείχη
742 5555 836 5613 τῆς
872 5547 1034 5611 αὐτῆς
1085 5565 1242 5622 φασιν
1288 5544 1483 5609 πόλεως
1532 5540 1607 5599 δι’
1663 5545 1866 5619 ἡμερῶν

2556 4541 2644 4600 De
2674 4541 3028 4614 Eutychete.

2034 4652 2082 4704 1.
2125 4650 2431 4719 Regnante
2468 4647 2803 4706 Theodosio
2845 4649 3104 4721 juniore,
3137 4650 3199 4708 in
3248 4649 3399 4709 urbe
3447 4652 3617 4723 regia

1959 4736 2313 4794 versabatur
2341 4736 2595 4810 quidam
2647 4738 3142 4806 archimandrita.
3172 4740 3468 4813 Eutyches
3513 4758 3622 4798 no-

1961 4827 2144 4897 mine,
2168 4825 2534 4882 monasterio
2566 4830 2766 4883 autem
2798 4826 3138 4900 praefectus,
3170 4827 3338 4901 quod
3366 4830 3616 4902 quidem

1961 4916 2129 4991 prius
2157 4915 2221 4971 in
2251 4915 2486 4987 septimi
2512 4914 2735 4972 ﬁnibus
2765 4921 2894 4973 erat
2918 4921 2975 4972 et
3004 4920 3172 4973 extra
3200 4918 3621 4977 Constantino-

1963 5005 2151 5080 polim
2166 5005 2407 5077 jacebat
2428 5009 2483 5062 et
2511 5005 2585 5061 de
2613 5005 2746 5063 Jobi
2782 5006 3027 5063 nomine
3057 5005 3404 5065 dicebatur:
3456 5025 3621 5067 nunc

1964 5099 2167 5153 autem
2196 5094 2353 5152 intra
2411 5094 2627 5152 urbem
2682 5094 2917 5152 videtur
2944 5098 3003 5152 et
3032 5097 3224 5153 sancti
3261 5099 3429 5155 Mocii
3462 5104 3621 5157 tem-

1966 5184 2069 5258 plo
2099 5183 2336 5241 conﬁne
2362 5187 2490 5250 est;
2545 5187 2603 5241 et
2646 5184 3022 5241 honorantur
3050 5184 3113 5241 in
3161 5201 3233 5244 eo
3279 5187 3536 5245 Faustus
3565 5191 3624 5245 et

1966 5272 2299 5330 Dalmatius
2354 5289 2495 5330 cum
2550 5273 2781 5330 Isaaco.
2838 5274 3079 5348 Recepit
3106 5274 3265 5332 enim
3295 5282 3510 5349 postea
3542 5278 3622 5336 ab

1966 5364 2102 5436 ipso
2147 5362 2481 5420 Theodosio
2509 5362 2921 5421 extensionem
2975 5364 3541 5438 Constantinopolis,
3586 5381 3625 5423 a

1973 5467 2118 5525 quo,
2152 5456 2219 5509 ut
2246 5452 2431 5520 aiunt,
2462 5452 2764 5509 terrestria
2790 5451 2957 5510 urbis
3003 5451 3186 5526 hujus
3215 5454 3441 5511 moenia
3468 5454 3623 5511 intra

1974 5541 2103 5601 dies
2132 5540 2447 5615 sexaginta
2470 5545 2668 5602 erecta
2698 5543 2855 5600 sunt.
2886 5544 2977 5600 An
3019 5557 3165 5601 vera
3190 5541 3264 5600 sit
3297 5541 3429 5600 haec
3457 5540 3623 5599 fama

3544 0 3755 19 mm“’
3772 4 3797 15 »α

3584 20 3945 79 πιθα

3556 70 3725 99 rgbgp.‘
3772 70 3795 89 Α

3570 90 3653 99 μ.-
3740 96 3747 99 .
