4126 6228
2132 0 2367 27 κήκ

500 332 568 385 39
1828 322 2101 378 manu;
2146 318 2521 375 caenum:
3791 328 3867 382 4ο

499 468 624 509 non
650 453 925 509 accurate
951 450 1095 506 scio.
1121 447 1438 521 Improbus
1468 447 1645 520 igitur
1674 446 1971 520 Eutyches
1995 443 2138 501 blas-

2264 440 2601 518 ἀνεγερθῆναι
2657 441 2927 506 ἐξήκοντα·
2987 443 3031 495 ii
3106 441 3164 497 δὲ
3220 448 3312 497 καὶ
3364 443 3565 507 ἀληθὴς
3621 446 3648 499 ὁ
3720 446 3870 520 λόγος

499 543 797 616 phemans
845 540 1084 596 dicebat
1131 555 1195 595 se
1220 539 1371 595 scire
1403 538 1725 595 Dominum
1754 540 2028 594 nostrum
2059 537 2151 593 Je-

501 650 637 690 sum
678 632 973 689 Christum
1004 647 1074 687 ex
1106 629 1349 686 duabus
1377 629 1713 686 constitisse
1755 629 1986 685 naturis
2016 630 2154 683 ante

497 724 811 790 unionem,
844 737 915 778 ex
947 721 1127 777 unica
1173 736 1318 777 vero
1355 724 1491 792 post
1519 720 1840 787 unionem;
1885 722 1943 774 et
1979 733 2153 773 sanc-

500 813 799 870 tissimam
828 809 1078 884 quidem
1102 810 1403 880 Virginem
1446 807 2018 866 consubstantialem
2044 822 2152 864 no«

496 902 590 958 bis
611 917 772 971 esse;
795 900 901 975 qui
927 904 1131 957 autem
1152 915 1224 955 ex
1245 914 1319 955 ea
1347 913 1591 956 carnem
1618 902 1944 971 receperat,
1965 900 2153 954 Deum

498 990 765 1047 Verbum
789 1004 913 1046 non
942 987 1119 1044 nobis
1137 1003 1272 1044 esse
1305 986 1899 1047 consubstantialem.
1927 986 2154 1058 Corpus

499 1080 681 1147 enim,
736 1078 950 1151 inquit,
1002 1077 1216 1134 Christi
1269 1093 1492 1150 corpus
1539 1075 1697 1144 dico,
1726 1091 1850 1133 non
1896 1075 2026 1147 jam
2063 1078 2156 1133 est

496 1185 719 1243 corpus
758 1168 1047 1225 hominis.
1073 1167 1237 1223 Illius
1283 1167 1516 1224 amicus
1545 1172 1603 1224 et
1620 1166 1942 1224 familiaris
1970 1168 2152 1222 Euse-

493 1258 634 1316 bius
665 1258 934 1331 Dorylea
961 1258 1281 1330 episcopus
1322 1256 1545 1329 sapius
1572 1256 1741 1313 illum
1765 1254 2041 1312 hortatus
2066 1259 2157 1310 est

495 1352 563 1405 ut
590 1348 732 1406 talia
751 1347 1041 1417 dogmata
1059 1350 1237 1403 recta
1259 1345 1404 1402 ﬁdei
1424 1345 1726 1404 contraria
1750 1360 1873 1401 non
1896 1343 2149 1401 diceret;

494 1453 635 1495 cum
687 1441 889 1493 autem
947 1435 1117 1492 illum
1168 1433 1613 1491 immutabilem
1673 1437 1961 1499 cerneret,
2029 1432 2153 1490 Fla-

492 1527 676 1583 viano
732 1530 877 1582 tunc
906 1524 1193 1597 temporis
1224 1522 1775 1596 Constantinopolis
1798 1522 2151 1596 patriarcha

494 1615 892 1673 denuntiavit.

564 1710 620 1761 2.
650 1705 757 1770 Qui
790 1720 927 1760 cum
950 1702 1256 1776 Eutychen
1286 1702 1364 1758 ad
1387 1718 1449 1758 se
1477 1706 1773 1772 vocasset,
1796 1706 1997 1758 etrem
2029 1718 2151 1759 una

2262 531 2434 602 οὗτος,
2492 530 2719 605 ἀκριϐῶς
2775 533 2868 587 ούκ
2923 535 3102 606 ἵσημι.
3166 534 3329 595 Οὗτος
3393 530 3481 587 οὖν
3545 537 3571 589 ὁ
3644 531 3873 603 δείλαιος

2262 620 2509 694 Εύτυχὴς
2586 620 2913 696 βλασφημῶν
3000 622 3166 695 ἔλεγεν
3246 620 3438 677 εἰδέναι
3516 627 3602 678 τόν
3682 629 3870 702 Κύριον

2262 710 2409 783 ἡμῶν
2440 709 2647 770 Ἰησοῦν
2694 716 2924 787 Χριστὸν
2971 709 3027 765 ἐκ
3078 707 3175 766 δύο
3213 715 3304 785 μὲν
3362 716 3562 786 φύσεων
3621 716 3723 788 πρὸ
3770 725 3869 780 τῆς

2263 798 2510 869 ἑνώσεως,
2566 806 2694 873 μιᾶς
2756 797 2816 854 δὲ
2879 806 3163 875 μεταγτην
3202 803 3429 863 ἕνωσιν·
3481 807 3572 856 καὶ
3623 808 3717 864 τὴν
3776 808 3867 878 μὲν

2263 887 2419 959 ἀγίαν
2472 894 2725 943 Θεοτόκον
2781 891 3058 963 όμοούσιον
3101 892 3226 964 ἡμῖν
3276 892 3648 968 ὑπάρχουσαν,
3679 897 3766 946 τόν
3805 891 3869 948 δέ

2263 976 2319 1042 ἐξ
2376 979 2540 1043 αὐτῆς
2598 982 2932 1054 σαρκωθέντα
2989 984 3118 1035 Θεόν
3180 984 3350 1053 Λόγον
3419 981 3525 1054 οὐχ
3587 984 3867 1056 όμοούσιον

2264 1069 2410 1141 ἡμῖν.
2456 1077 2612 1143 Σῶμα
2647 1071 2769 1144 γὰρ,
2822 1075 2975 1144 φησὶ,
3004 1070 3136 1143 λέγω
3173 1074 3233 1123 τὸ
3262 1079 3356 1125 τοῦ
3404 1079 3639 1145 Χριστοῦ
3689 1083 3865 1147 σῶμα,

2264 1158 2439 1213 οὐκέτι
2478 1155 2537 1213 δε
2588 1164 2677 1212 καὶ
2755 1168 2910 1233 σῶμα
2976 1159 3272 1235 ἀνθρώπου.
3321 1160 3496 1233 Τούτῳ
3555 1162 3697 1235 φίλος
3771 1169 3866 1218 καὶ

2262 1255 2521 1323 γνώριμος
2579 1252 2646 1301 ὧν
2678 1249 2925 1313 Εὐσέϐιος
2981 1252 3007 1303 ό
3051 1250 3335 1327 Δορυλαίου
3393 1250 3695 1320 ἐπίσκοπος,
3731 1255 3865 1308 πολ-

2261 1338 2410 1402 λάκις
2474 1344 2735 1414 παρῄνεσε
2794 1346 2867 1413 μὴ
2945 1348 3165 1394 τοιαῦτα
3241 1340 3400 1413 λέγειν
3463 1340 3707 1417 ἀλλότρια
3768 1352 3863 1408 τῆς

2263 1430 2423 1502 ὀρθῆς
2451 1425 2697 1503 δόγματα
2724 1432 2969 1491 πίστεως
3003 1431 3136 1506 ὀρῶν
3179 1426 3238 1483 δε
3275 1429 3603 1504 ἀμεταθέτως
3644 1435 3862 1507 ἔχοντα,

2263 1517 2530 1591 Φλαϐιανῷ
2618 1518 2969 1592 προσήγγειλε
3061 1523 3120 1574 τό
3185 1528 3476 1580 τηνικαῦτα
3550 1526 3860 1600 πατριάρχῃ

2263 1613 2376 1661 Κων
2384 1608 2854 1671 σταντινουπόλεως
2867 1651 2880 1664 .

2332 1696 2402 1770 β’.
2458 1698 2534 1750 Οὗ
2585 1698 3070 1772 μετακαλεσαμένου
3123 1701 3210 1751 τόν
3262 1698 3525 1771 Εὐτυχέα,
3586 1705 3675 1753 καὶ
3724 1704 3856 1773 μετὰ

494 1811 635 1852 cum
666 1794 748 1851 ibi
774 1797 1049 1849 versante
1075 1794 1498 1865 episcoporum
1531 1792 1768 1864 synodo
1811 1792 2138 1849 examinas-

2261 1795 2356 1848 τῆς
2407 1784 2737 1859 ἑνδημούσης
2788 1796 2887 1840 τῶν
2930 1787 3226 1840 ἐπισκόπων
3260 1785 3485 1841 συνόδου
3536 1792 3595 1841 τό
3638 1796 3858 1863 πρᾶγμα

495 1887 606 1949 set,
661 1880 954 1953 Eutyches
1006 1895 1069 1936 se
1126 1879 1597 1936 condemnatum
1648 1879 1880 1949 videns,
1908 1881 2150 1937 cuidam

493 1975 683 2028 Nomo
703 1970 971 2039 nomine,
990 1974 1049 2026 et
1066 1974 1210 2026 tunc
1240 1969 1526 2040 temporis
1552 1969 1786 2026 consuli
1809 1974 1868 2026 et
1897 1970 2148 2042 Chrysa-

491 2061 615 2133 pho
648 2058 1015 2117 cubiculario
1045 2062 1450 2127 cognomento
1477 2057 1715 2130 Zymba
1745 2058 1861 2131 ipsi
1885 2074 2145 2115 consen-

492 2149 777 2208 tientibus
807 2148 1108 2222 persuasit
1135 2153 1199 2204 ut
1226 2148 1655 2220 imperatorem
1687 2148 1761 2205 de
1790 2149 1861 2204 iis
1901 2165 2038 2222 qua
2069 2148 2149 2206 ad

488 2240 693 2314 ipsum
747 2238 1123 2311 spectabant,
1156 2238 1468 2294 certiorem
1510 2237 1792 2305 facerent,
1839 2255 1875 2294 a
1904 2239 2152 2311 patriar-

491 2330 606 2385 cha
630 2327 789 2384 male
812 2327 1022 2384 haberi
1051 2327 1250 2382 virum
1272 2328 1441 2399 pium
1472 2332 1529 2382 et
1538 2327 1794 2397 justum.
1813 2328 1942 2392 Quo
1970 2328 2146 2401 facto,

493 2417 821 2475 Florentius
840 2415 1126 2488 patricius
1155 2431 1191 2471 a
1220 2415 1573 2472 consulibus
1604 2420 1659 2471 et
1684 2415 2148 2487 proconsulibus

488 2506 709 2563 missus
738 2509 826 2560 est
845 2520 1118 2560 sessurus
1150 2504 1211 2560 in
1246 2503 1505 2561 Flaviani
1534 2504 1769 2578 synodo
1797 2506 2148 2577 Eutychem-

488 2610 607 2667 que
657 2592 879 2664 injuria
934 2592 1140 2649 vexari
1198 2608 1322 2647 non
1383 2594 1808 2665 permissurus.
1871 2595 2147 2652 Secundo

485 2683 667 2755 igitur
691 2686 915 2738 statuto
944 2681 1243 2751 examine,
1276 2683 1473 2752 magis
1524 2682 1703 2739 etiam
1752 2699 1938 2755 quam
1981 2686 2146 2757 prius

487 2772 663 2829 mala
693 2771 981 2828 doctrina
1012 2772 1323 2827 convictus
1373 2775 1460 2827 est
1501 2773 1796 2844 Eutyches
1844 2777 1901 2828 et
1948 2789 2144 2830 sacer-

486 2861 651 2918 dotio
691 2860 1006 2933 depositus
1031 2864 1138 2916 est.
1202 2860 1318 2916 Sed
1361 2862 1585 2916 Nomus
1611 2865 1667 2917 et
1710 2862 2139 2934 Chrysaphius,

485 2949 601 3007 levi
634 2949 1014 3022 imperatoris
1045 2948 1251 3005 animo
1297 2948 1521 3017 abusis,
1563 2965 1700 3005 eum
1744 2951 2047 3007 adduxere
2077 2957 2143 3009 ut

485 3038 791 3111 synodum
816 3037 1056 3108 juberet
1084 3035 1211 3093 ﬁeri
1258 3037 1467 3109 Ephesi
1502 3042 1558 3093 et
1594 3038 1854 3108 judicari
1896 3041 2141 3096 sanctis-

485 3128 717 3221 simum
740 3128 1103 3221 Flavianum
1163 3143 1322 3221 cum
1356 3128 1629 3221 Eutyche,
1658 3128 1950 3221 deposito,
1971 3130 2138 3201 judi-
2179 3166 2219 3221 Ο

482 3222 656 3273 cante
690 3216 971 3272 Dioscoro
1006 3215 1379 3273 Alexandria
1410 3232 1549 3273 cum
1596 3217 1859 3290 Eutyche
1893 3235 2140 3276 consen-

480 3306 679 3373 tiente,
710 3309 1003 3378 prasente
1043 3308 1100 3361 et
1150 3308 1436 3361 Barsumo
1480 3305 1834 3380 presbytero
1864 3312 1921 3365 et
1949 3309 2139 3365 archi-

482 3395 788 3451 mandrita
821 3394 1142 3466 cujusdam
1173 3395 1231 3450 in
1265 3396 1500 3452 Oriente
1546 3397 1910 3465 monasterii,
1934 3399 2036 3471 qui
2076 3402 2140 3457 ut

480 3484 849 3542 orthodoxus
906 3483 1244 3540 habebatur
1283 3485 1520 3557 vitaque
1578 3486 2137 3558 irreprehensibilis,

483 3588 622 3628 cum
649 3577 853 3629 tamen
883 3571 1036 3627 alius
1062 3577 1216 3627 esset
1247 3572 1538 3643 Eutyches
1584 3574 1789 3646 quoad
1814 3575 2087 3633 haresim
2120 3595 2134 3646 ;

479 3677 745 3735 praeesse
771 3664 972 3717 autem
997 3659 1232 3731 synodo
1256 3662 1609 3718 Dioscorum
1636 3661 2138 3734 Alexandria,Ju-

477 3750 751 3807 venalem
778 3748 1223 3821 Hierosolyma,
1256 3749 1631 3807 Thalassium
1661 3754 1927 3824 Casara,
1953 3757 2135 3813 Euse-

474 3839 647 3896 bium
704 3844 955 3911 Ancyra
1006 3838 1069 3894 in
1126 3836 1372 3908 Galatia,
1426 3839 1713 3897 Basiliam
1764 3840 2043 3901 Seleucia
2072 3846 2133 3903 in

478 3928 728 3989 Isauria.
765 3927 1137 3984 Eustathium
1168 3929 1402 3999 Beryti:
1455 3945 1822 4003 omnemque
1875 3936 2134 3991 auctori-

474 4021 659 4074 tatem
680 4021 738 4074 et
758 4016 1235 4073 dominationem
1258 4016 1609 4074 Dioscorum
1642 4018 1894 4091 habere;
1919 4025 2131 4082 adesse

474 4110 532 4163 et
571 4106 921 4163 Flavianum
971 4105 1537 4179 Constantinopolis,
1569 4112 1623 4164 et
1651 4110 1973 4169 Eusebium
2023 4116 2130 4171 Do-

470 4195 675 4268 rylea,
709 4195 858 4251 nihil
901 4210 1004 4250 eos
1052 4210 1230 4264 agere
1276 4200 1481 4251 tamen
1513 4202 1616 4253 aut
1663 4197 1879 4267 dicere,
1913 4206 1977 4257 ut
2004 4219 2128 4260 non

469 4285 764 4343 habentes
801 4285 1208 4356 judicantium
1254 4286 1528 4343 ordinem
1570 4288 1674 4345 sed
1714 4289 1969 4348 aliorum
2001 4310 2129 4350 exs-

468 4379 775 4450 pectantes
816 4374 1121 4445 suffragia,
1164 4375 1477 4449 quoniam,
1518 4377 1732 4452 inquit,
1773 4396 1845 4437 ea
1881 4398 2017 4455 qua
2047 4385 2125 4441 ab

469 4466 541 4522 iis
571 4465 779 4521 decisa
808 4468 966 4532 sunt,
998 4478 1160 4520 nunc
1184 4464 1552 4536 judicantur.

2262 1876 2601 1943 ζητήσαντος,
2658 1874 2785 1930 ἰδὼν
2858 1876 3103 1949 Εύτυχης
3156 1883 3588 1953 κατακρινόμενον
3653 1878 3854 1946 ἑαυτόν,

2258 1969 2430 2037 Νόμου
2482 1968 2598 2018 τινά
2649 1964 2959 2037 καλούμενον
3007 1970 3096 2017 καὶ
3150 1966 3344 2019 ὕπατον
3387 1970 3510 2020 ὄντα
3551 1966 3663 2019 κατ’
3694 1967 3854 2023 ἐκεῖνο

2258 2062 2465 2129 καιροῦ,
2496 2057 2626 2128 πρὸς
2684 2052 2744 2108 δὲ
2798 2059 2887 2107 καὶ
2946 2057 3251 2129 Χρυσάφιον
3303 2054 3731 2131 κουϐικουλάριον
3769 2062 3857 2111 τόν

2259 2141 2470 2202 ἐπίκλην
2509 2143 2785 2216 Τζούμϐαν
2824 2146 2890 2204 ὡς
2947 2143 3252 2219 ὁμόφρονας,
3284 2146 3454 2198 ἔπεισε
3514 2153 3587 2216 τῷ
3646 2145 3862 2220 βασιλεί

2257 2238 2514 2307 γνωρίσαι
2560 2236 2623 2287 τὰ
2673 2232 2786 2287 κατ’
2844 2234 3024 2305 αὐτόν,
3068 2231 3371 2288 ἀδικεῖσθαι
3422 2238 3566 2309 παρὰ
3614 2245 3706 2290 τοῦ
3750 2259 3857 2291 πα-

2258 2326 2519 2399 τριάρχου
2566 2324 2807 2397 λέγοντας
2860 2320 3031 2400 ἄνδρα
3075 2324 3284 2385 θεοσεϐῆ
3346 2331 3437 2379 καὶ
3494 2323 3733 2380 δίκαιον·
3794 2329 3855 2381 οὗ

2256 2419 2546 2486 γεγονότος,
2644 2413 2903 2488 ἐπετράπη
3001 2413 3310 2488 ψλωρέντιος
3403 2420 3678 2491 πατρίκιος
3752 2416 3854 2471 ἀπὸ

2257 2505 2462 2557 ὑπάτων
2519 2523 2574 2556 τε
2624 2508 2714 2556 καὶ
2771 2502 3017 2578 έπάρχων
3073 2500 3421 2579 συνεδρεῦσαι
3466 2514 3525 2564 τῆ
3564 2508 3699 2559 κατά
3728 2508 3857 2562 Φλαο

2257 2592 2430 2646 ϐιανόν
2471 2589 2698 2664 συνόδῳ,
2748 2597 2838 2645 καὶ
2891 2598 2962 2665 μὴ
3019 2588 3273 2665 περιιδεῖν
3315 2590 3651 2667 ἀδικούμενον
3692 2598 3852 2647 Euru-

2251 2687 2377 2754 χέο..
2428 2686 2706 2743 Ζητήσεως
2764 2690 3041 2757 τοιγαροῦν
3088 2680 3358 2755 προϐάσης
3408 2680 3669 2757 δευτέρας,
3709 2683 3845 2756 μᾶλ-

2251 2771 2335 2824 λον
2391 2772 2419 2830 ἣ
2475 2777 2721 2847 πρότερον
2784 2771 3028 2843 Εύτυχης
3088 2771 3323 2843 ἠλέγχθη
3376 2767 3694 2839 κακοδοξῶν,
3751 2777 3844 2825 καὶ

2252 2861 2408 2913 αὐτόν
2494 2861 2801 2936 Φλωρέντιον
2876 2859 3123 2931 ἐσχηκὼς
3187 2860 3693 2934 καταψηφιζόμενον,
3759 2860 3844 2925 ἐξ-

2250 2954 2399 3004 έπεσε
2445 2959 2539 3012 τῆς
2589 2953 2890 3024 ἱερωσύνης.
2942 2949 3075 3001 Ἀλλ’
3133 2952 3181 3002 οἱ
3226 2954 3345 3023 περὶ
3382 2953 3469 3003 τόν
3524 2956 3696 3024 Νόμον
3754 2956 3846 3004 καὶ

2250 3043 2336 3092 τόν
2418 3042 2743 3113 Χρυσάφιον,
2805 3038 3238 3113 ἀποχρησάμενοι
3304 3047 3367 3113 τῇ
3436 3048 3527 3094 τοῦ
3591 3039 3848 3114 βασιλέως

2249 3134 2554 3203 κουφότητι,
2594 3128 2833 3182 κελεῦσαι
2878 3132 3275 3203 παρεσκεύασαν
3315 3129 3470 3181 αύτόν
3546 3129 3594 3181 ἐν
3648 3130 3846 3203 Ἐφέσῳ

2246 3221 2483 3292 γενέσθαι
2534 3214 2771 3281 σύνοδον,
2820 3223 2911 3270 καὶ
2940 3220 3184 3291 κριθῆναι
3234 3221 3320 3270 τόν
3372 3217 3660 3290 ἁγιώτατον
3715 3219 3846 3272 Φλα-

2249 3307 2422 3361 ϐιανόν
2467 3308 2576 3381 μετ’
2631 3307 2907 3380 Εύτυχοῦς
2962 3315 3051 3360 τοῦ
3099 3309 3481 3382 καθῃρημένου,
3536 3303 3844 3370 δικάζοντος

2248 3403 2534 3474 Διοσκόρου
2580 3405 2671 3450 τοῦ
2718 3393 3108 3473 Ἀλεξανδρείας
3173 3392 3430 3470 όμοδόξου
3478 3406 3549 3469 τῷ
3586 3397 3840 3469 Εύτυχεῖ,

2246 3492 2496 3563 παρόντος
2554 3483 2613 3540 δὲ
2663 3492 2751 3539 καὶ
2796 3492 3080 3561 Βαρσουμᾶ
3132 3486 3485 3559 πρεσϐυτέρου
3539 3490 3629 3540 καὶ
3674 3486 3845 3560 ἀρχι-

2245 3574 2535 3651 μανδρίτου
2584 3580 2724 3639 τινός
2784 3584 2885 3629 τῶν
2942 3578 3079 3628 κοιτά
3132 3581 3221 3634 την
3290 3576 3392 3629 Ἐω
3462 3582 3841 3649 μοναστηρίου,

2246 3663 2528 3739 όρθοδόξου
2585 3667 2674 3738 μὲν
2742 3667 3117 3737 ὑπονοουμένου
3190 3670 3279 3717 καὶ
3342 3664 3685 3723 ἀνεπιλήπτου
3753 3669 3842 3717 τόν

2245 3756 2385 3830 βίον,
2435 3753 2589 3808 ἀλλου
2646 3752 2703 3807 δε
2741 3758 2833 3813 τὴν
2892 3756 3089 3827 αἰρεσιν
3156 3753 3424 3824 Εύτυχοϋς
3480 3754 3833 3824 ὑπάρχοντος

2241 3842 2644 3921 προεδρεύοντας
2675 3846 2765 3918 μὲν
2794 3842 2923 3896 εἶναι
2972 3851 3065 3904 τῆς
3128 3837 3350 3894 συνόδου
3418 3843 3698 3914 Διόσκορον
3745 3860 3835 3893 τον

2243 3930 2649 4010 Ἀλεξανδρειας,
2708 3930 3041 3985 Ἰουϐενάλιον
3114 3932 3200 3981 τὸν
3277 3926 3664 4001 Ἱεροσολύμων,
3725 3936 3837 3981 Θα-

2239 4024 2456 4077 λάσσιον
2499 4025 2586 4076 τόν
2641 4025 2975 4095 Καισαρείας,
3021 4017 3267 4072 Εύσέϐιον
3321 4021 3407 4070 τόν
3442 4016 3697 4093 Ἀγκύρας
3740 4026 3840 4081 τῆς

2239 4113 2513 4184 Γαλατίας,
2568 4111 2831 4165 Βασίλειον
2887 4114 2972 4163 τόν
3030 4108 3324 4170 Σελευκείας
3372 4115 3467 4168 τῆς
3547 4106 3835 4181 Ἰσαυρίας,

2238 4204 2526 4258 Εὐστάθιον
2585 4205 2673 4254 τόν
2724 4206 3000 4273 Βηρυτοῦ·
3068 4203 3164 4258 τὴν
3222 4194 3281 4251 δε
3334 4203 3508 4250 πᾶσαν
3564 4196 3835 4249 αύθεντίαν

2236 4299 2325 4348 καὶ
2379 4297 2666 4368 κυριότητα
2708 4293 2795 4343 τόν
2834 4294 3113 4362 Διόσκορον
3154 4290 3313 4359 ἔχειν·
3368 4292 3607 4359 παρεῖναι
3651 4282 3711 4338 δὲ
3744 4290 3838 4339 καὶ

2235 4383 2517 4438 Φλαϐίανόν
2600 4384 2687 4434 τὸν
2764 4375 3370 4440 Κωνσταντινουπόλεως,
3424 4380 3517 4428 καὶ
3587 4373 3837 4428 Εύσέϐιον

2154 4476 2200 4531 D
2234 4479 2320 4528 τόν
2374 4472 2675 4547 Δορυλαίου,
2733 4469 3032 4542 ἡσυχάζειν
3087 4472 3262 4541 μέντοι
3309 4470 3398 4518 καὶ
3438 4464 3600 4536 λέγειν
3641 4461 3832 4537 μηδὲν,

468 4557 532 4616 ὡς
582 4558 653 4627 μὴ
710 4550 975 4605 δικαστῶν
1029 4552 1310 4626 ἐπέχοντας
1355 4554 1524 4624 τάξιν,
1568 4554 1694 4609 ἀλλά
1738 4562 1831 4616 τὴν
1874 4569 1973 4613 τῶν
2032 4565 2194 4619 me.»
2241 4562 2620 4638 ἐκδεχομένους
2675 4560 2869 4634 ψῆφον,
2919 4554 3099 4616 ἐπειδὴ
3167 4558 3233 4609 τὰ
3285 4553 3405 4629 παρ’
3458 4554 3627 4607 αὐτῶν
3678 4572 3834 4627 φησι,

465 4646 741 4719 κεκριμένα
767 4650 854 4695 νῦν
888 4638 922 4695 δ
925 4642 1251 4714 οκιμοίξεται.

538 4736 589 4788 3.
638 4730 884 4805 Synodo
904 4731 1086 4802 igitur
1109 4737 1496 4805 congregata,
1538 4734 1843 4806 ingressus
1871 4744 1962 4798 est
1999 4741 2122 4801 Fla-

463 4821 681 4879 vianus
742 4825 1035 4894 tanquam
1096 4836 1254 4893 reus,
1289 4827 1345 4878 et
1393 4824 1545 4879 sedit
1585 4826 1872 4898 quintus;
1916 4831 2124 4889 vicarii

466 4915 670 4968 autem
711 4911 943 4967 Leonlis
1010 4912 1377 4969 sanctissimi
1424 4915 1626 4970 Roma
1697 4916 1896 4990 Papa,
1930 4921 2122 4978 Julius

464 5001 790 5074 episcopus
830 5003 887 5057 et
940 4999 1196 5057 Hilarius
1249 5001 1562 5071 diaconus,
1617 5005 1934 5078 epistolam
1988 5012 2120 5084 ejus

463 5089 873 5160 dogmaticam
905 5090 984 5146 ad
1004 5089 1311 5162 synodum
1332 5091 1622 5149 directam
1646 5095 2033 5169 proferentcs,
2058 5105 2124 5159 ut

464 5196 535 5236 ea
549 5178 843 5249 legeretur
863 5178 1105 5251 petiere;
1128 5178 1445 5239 Dioscorus
1466 5180 1527 5237 id
1551 5182 1742 5242 noluit
1770 5189 2117 5247 concedere.

461 5268 723 5341 Eutyche
753 5283 934 5341 porro
962 5268 1324 5339 introducto,
1351 5285 1492 5327 eum
1525 5271 1840 5332 Dioscorus
1869 5277 2119 5337 interro-

462 5358 624 5430 gavit
668 5374 817 5414 num
862 5357 1099 5429 synodo
1131 5357 1383 5414 Nicana
1424 5363 1480 5415 et
1515 5362 1754 5434 synodo
1804 5368 2116 5439 Ephesina

459 5448 793 5507 adhaereret
820 5465 832 5515 ;
864 5447 969 5520 qui
1002 5446 1104 5503 ubi
1150 5448 1463 5520 respondit
1502 5466 1564 5507 se
1610 5452 1937 5525 adhaerere,
1967 5458 2117 5516 nihil

461 5537 723 5611 amplius
755 5537 873 5607 egit
896 5536 971 5593 de
1004 5535 1238 5604 haresi,
1268 5538 1369 5594 sed
1400 5538 1483 5596 ita
1512 5539 1747 5598 locutus
1798 5549 1922 5602 est:
1957 5549 2115 5612 Quo-

458 5626 627 5688 niam
645 5626 942 5699 Eutyches
965 5625 1107 5686 dicit
1127 5642 1190 5685 se
1211 5626 1460 5687 Nicana
1478 5630 1855 5704 etEphesina
1874 5636 2113 5708 synodo

2298 4741 2365 4815 γ’.
2431 4746 2534 4803 Τῆς
2620 4735 2845 4793 συνόδου
2921 4738 3091 4789 τοίνυν
3155 4732 3552 4808 ἀθροισθείσης,
3628 4730 3835 4789 εἰσῆλθε

2231 4831 2515 4893 suam;
2577 4832 2645 4893 ὡς
2701 4830 3038 4901 κατάκριτος,
3102 4829 3192 4877 καὶ
3264 4821 3520 4879 ἐκαθέσθη
3580 4825 3826 4891 πέμπτος.

2230 4924 2297 4975 Οἱ
2346 4919 2405 4975 δὲ
2433 4922 2788 4995 τοποτηρηταὶ
2833 4921 3047 4976 Λέοντος
3076 4921 3168 4967 τοῦ
3212 4913 3507 4986 ἀγιωτάτου
3538 4910 3689 4963 πάπα
3715 4912 3827 4959 Pd)-

2228 5031 2355 5085 μης,
2403 5011 2616 5072 Ἰούλιος
2675 5008 2961 5069 ἐπίσκοπος
3003 5008 3094 5057 καὶ
3140 5001 3357 5076 Ἰλοὲριος
3405 4998 3660 5067 διάκονος,
3717 4994 3829 5047 ἑπι-

2231 5100 2416 5159 στολὴν
2490 5100 2650 5153 αὐτοῦ
2704 5095 3036 5171 δογματικην
3111 5101 3173 5166 τῇ
3232 5086 3436 5161 συνόδῳ
3506 5087 3828 5160 πεμφθεῖσαν

2226 5195 2588 5267 προφέροντες,
2635 5188 2816 5252 ἠξίουν
2877 5184 3276 5257 ἀναγνωσθῆναι
3319 5180 3513 5234 ταύτην
3542 5193 3555 5206 ⁸
3617 5173 3725 5227 ἄλλ’
3779 5174 3829 5225 οἱ

2228 5287 2344 5356 περὶ
2392 5285 2672 5353 Διόσκορον
2721 5277 2781 5329 ού
2836 5279 3237 5347 συνεχώρησαν.
3280 5267 3555 5356 Εύτυχοῦς
3594 5260 3647 5316 δ’
3692 5262 3833 5356 εἱσα-

2225 5354 2465 5443 χθέντος,
2516 5369 2542 5421 ό
2605 5371 2886 5441 Διόσκορος
2952 5367 3103 5436 ἤρετο
3169 5364 3351 5411 τοῦτον
3419 5354 3461 5406 εἰ
3532 5354 3829 5405 συντίθεται

2224 5467 2287 5533 τῇ
2335 5459 2384 5513 ἓν
2412 5463 2610 5531 Νικαίᾳ
2650 5452 2856 5526 συνόδῳ
2894 5457 2984 5504 καὶ
3018 5457 3079 5523 τῇ
3132 5447 3179 5500 ἓν
3236 5446 3431 5519 Ἐφέσῳ
3482 5446 3575 5496 σύν
3623 5444 3819 5514 ταύτῃ.

2223 5556 2325 5603 Τοῦ
2389 5547 2447 5603 δὲ
2505 5549 2735 5610 εἰπόντος
2810 5541 3168 5606 συντίθεσθαι,
3235 5539 3353 5609 περὶ
3417 5541 3513 5595 τῆς
3583 5534 3830 5607 αἱρέσεως

2223 5633 2373 5694 οὐδὲν
2448 5637 2947 5715 ίπολυπραγμόνησε
3042 5628 3214 5697 πλέον,
3321 5623 3449 5678 ἀλλὰ
3548 5619 3829 5682 διελὰλησε
