4126 6228
3517 53 3632 98 σίζ’·
3711 65 3798 108 κξ’
3861 87 3870 96 ι
3973 55 4049 102 ὀἳ

3445 121 3450 124 .
3513 111 3530 136 ,ο
3611 137 3620 144 .
3645 139 3654 150 Ἰ
3679 123 3684 130 Ι
3707 131 3712 136 ι
3777 125 3786 132 1
3905 119 3932 140 ⁵,.
3975 119 4008 150 ..⁸
4033 113 4049 146 Ἴ

178 305 251 361 41
1545 294 1894 356 THESAURI
1933 295 2059 354 LIB.
2100 299 2192 356 IX.
3488 305 3563 367 42

182 433 374 492 οὕτως·
447 420 659 485 Ἐπειδή
724 423 979 498 Εὖτυχής
1039 422 1335 478 ἀκολουθεῖν
1398 443 1530 498 φησι
1585 432 1714 487 τοῖς·
1747 422 1790 476 ἕν

1904 422 2183 498 obsequi,
2212 425 2622 486 orthodoxam
2641 442 2782 486 eum
2820 425 3118 489 habemus
3143 433 3204 490 et
3226 430 3564 492 sacerdotio

184 523 392 590 Νικαία
443 522 532 570 καὶ
562 523 622 588 τῇ
679 513 727 566 ἐν
781 513 976 587 Ἐφέσῳ
1035 510 1263 586 συνόδῳ,
1304 510 1583 588 ὀρθὸδοξον
1638 514 1794 567 αὑτὸν

187 609 483 682 ἡγούμεθα,
535 609 622 658 καὶ
662 611 753 666 τῆς
805 606 1090 674 ἱερωσύνης
1135 603 1279 666 ἄξιον
1331 608 1421 656 καὶ
1477 612 1568 665 τῆς
1618 601 1796 676 ἀρχῆς

192 699 292 752 καί
333 703 427 751 τοῦ
472 693 608 749 ἰδίου
653 698 1033 770 μοναστηρίου.
1079 699 1256 746 Ταῦτα
1293 689 1615 755 διαλαλησας
1652 713 1794 768 παρ-

197 791 471 842 εσκεύασεν
520 783 833 858 ὑπογράψαι
884 783 1265 857 τῇἘῦτυχοῦς
1312 785 1551 837 άθωώσιι
1596 785 1794 845 πάντας

191 883 283 930 καὶ
360 876 516 928 αὐτόν
609 879 942 948 Βαρσουμᾶν·
1030 875 1140 926 εἶτα
1216 871 1371 926 πάλιν
1461 872 1804 946 ἕξεγὼνησενο·

189 962 404 1025 Ἐπειδὴ
471 969 502 1025 η
553 985 609 1018 τε
684 963 734 1016 ἕν
807 968 1001 1036 Νικαία
1057 959 1279 1025 σὺνοδος
1334 967 1423 1016 καὶ
1482 965 1514 1022 ἡ
1570 962 1794 1016 ἐνταῦθα

183 1063 366 1132 πρώτη
424 1055 700 1110 ἕτύπωσαν
751 1050 940 1127 μηδενὶ
978 1053 1164 1116 ἐξεῖναι
1212 1057 1394 1106 πίστιν
1447 1051 1619 1127 ἑτέραν
1662 1052 1790 1106 ἐκτι-

181 1148 392 1214 θεσθαι,
447 1147 477 1205 ἦ
533 1145 731 1213 ζητεῖν,
788 1142 816 1202 ἣ
858 1150 1180 1218 καινουργεῖν
1220 1162 1290 1214 τι,
1336 1144 1366 1203 ἣ
1435 1142 1558 1205 ὅλως
1615 1140 1791 1195 ἀνακι-

179 1245 284 1290 νεῖν
342 1240 465 1310 περὶ
531 1242 625 1297 τῆς
682 1235 896 1306 εὖαγοῡς
951 1234 1098 1306 ἡμῶν
1155 1235 1460 1304 θρησκείας,
1524 1237 1790 1306 φαίνονται

182 1325 243 1380 δέ
305 1325 595 1387 Φλαϐιανός
649 1325 675 1377 6
743 1323 1348 1396 Κωνσταντινουπόλεως,
1403 1328 1494 1377 καὶ
1543 1322 1790 1386 Εὐσέϐιος

187 1419 214 1469 ὁ
288 1415 572 1491 Δορυλαίου
650 1409 946 1467 σκανδάλου
1020 1418 1112 1466 καὶ
1175 1421 1443 1486 ταραχῆς,
1519 1417 1789 1486 γεγονότος

195 1510 444 1579 πρόφασις
538 1500 654 1564 ταῖς
744 1501 1114 1569 Ἐκκλησίαις,
1212 1500 1509 1575 ἀλλοτρίους
1600 1502 1790 1564 αὐτοὺς

187 1600 370 1657 παντός
425 1593 690 1669 ἱερατικοῦ
735 1597 825 1646 καὶ
864 1590 1209 1645 ὶπισκοπικοῡ
1265 1591 1561 1665 άξιὼματος
1615 1613 1790 1667 κεκρι-

186 1706 342 1759 καμεν
425 1682 583 1740 εἶναι.
667 1689 846 1735 Ταῦτα
919 1679 1242 1754 ἐκφωνησας,
1325 1683 1592 1754 ἠνάγκασε
1673 1686 1793 1744 τοὺς

1903 512 2252 586 propriique
2285 517 2636 575 monasterii
2680 517 3118 589 gubernatione
3146 519 3400 594 dignum
3428 537 3561 580 esse

1886 616 2236 682 censemus.
2275 607 2407 662 Haec
2449 606 2688 664 locutus
2733 608 2963 666 curavit
3000 614 3065 666 ut
3094 624 3306 668 omnes
3343 614 3402 668 et
3425 610 3560 684 ipse

1904 693 2223 750 Barsumas
2265 694 2396 766 ejus
2433 696 2793 754 innocentiae
2834 697 3299 758 subscriberent.
3334 699 3560 762 Deinde

1901 797 2109 839 rursus
2123 783 2378 842 verbum
2407 785 2576 845 fecit:
2611 788 2909 854 Quoniam
2940 789 3179 850 Nicmna
3201 791 3478 864 synodus
3500 798 3561 852 et

1900 887 2038 945 quae
2066 873 2234 945 prius
2276 875 2488 946 Ephesi
2521 875 2728 934 habita
2758 882 2883 934 erat
2926 877 3287 939 deﬁnierunt
3326 882 3559 946 nemini

1899 961 2074 1019 licere
2100 963 2282 1020 aliam
2321 965 2506 1023 ﬁdem
2536 983 2838 1040 exponere
2878 974 2982 1026 aut
3009 985 3277 1043 quaerere
3302 976 3360 1030 et
3384 971 3557 1032 inno-

1899 1067 2038 1108 vare
2081 1052 2419 1127 quidquam
2462 1055 2648 1123 aliud,
2697 1062 2802 1114 aut
2845 1059 3096 1117 omnino
3141 1061 3434 1120 suscitare
3479 1062 3556 1122 de

1897 1147 2107 1199 nostra
2136 1149 2344 1201 sancta
2372 1143 2689 1216 religione;
2718 1146 2998 1204 videntur
3016 1153 3216 1207 autem
3239 1149 3557 1210 Flavianus

1899 1232 2442 1306 Constantinopolis
2462 1238 2518 1292 et
2549 1235 2839 1310 Eusebius
2860 1236 3127 1310 Dorylece
3149 1239 3418 1298 scandali
3441 1245 3556 1300 tur-

1897 1318 2238 1395 harumque
2267 1322 2535 1380 ecclesiis
2564 1340 2751 1382 causa
2777 1325 2981 1392 fuisse,
3013 1342 3117 1384 eos
3164 1329 3331 1387 omni
3359 1346 3558 1390 acer-

1898 1409 2082 1466 dotali
2111 1417 2169 1468 et
2189 1411 2514 1486 episcopali
2544 1413 2832 1486 dignitate
2875 1413 3139 1487 dejectos
3161 1431 3291 1476 esse
3319 1419 3558 1492 judicas

1898 1515 2056 1558 mus.
2085 1503 2409 1574 Postquam
2437 1502 2520 1558 sic
2547 1501 2787 1560 locutus
2811 1508 2904 1562 est
2923 1504 3120 1576 coegit
3148 1507 3466 1583 episcopos
3492 1509 3557 1568 in

1897 1603 2022 1644 non
2054 1589 2278 1662 scripta
2301 1591 2508 1648 charta
2533 1590 2944 1664 subscribere;
2977 1610 3049 1652 ac
3073 1595 3292 1654 deinde
3311 1598 3558 1671 qualem

1899 1677 2087 1734 voluit
2128 1678 2390 1736 Flaviani
2421 1687 2477 1737 et
2527 1681 2761 1738 Eusebii
2808 1683 3249 1757 depositionem
3296 1687 3555 1762 scripsit.

184 1777 505 1836 ἐπισκόπους
567 1773 642 1834 εἰς
712 1774 944 1844 άγραρον
1010 1771 1314 1846 ὑπογράψαι
1379 1773 1626 1844 χάρτην·
1703 1788 1790 1836 καὶ

1902 1765 1998 1820 cui
2023 1770 2080 1820 et
2100 1766 2459 1841 subscripsit
2476 1771 2818 1827 Barsumas.
2843 1773 2988 1828 Cum
3014 1777 3216 1830 autem
3240 1773 3559 1834 Flavianus

184 1868 402 1940 ὕστερον
469 1866 581 1917 οἷαν
661 1861 896 1914 ὶϐουλετο
978 1862 1284 1936 καθαίρεσιν
1352 1861 1640 1916 Φλαϐιανοῡ
1705 1864 1794 1914 καὶ

187 1954 441 2009 Εὗσεϐἰου
489 1951 716 2027 γράψας,
764 1951 1060 2026 ὑπέγραψεν
1105 1951 1267 2009 αὐτήν
1315 1970 1368 2004 τε
1416 1957 1506 2004 καὶ
1567 1959 1794 2025 Βαρσου-

184 2054 307 2118 μᾶς·
376 2042 666 2098 Φλαϐιανοῦ
731 2037 790 2093 δὲ
851 2040 1084 2102 εἰπόντος
1163 2043 1293 2115 πρός
1368 2045 1647 2115 Διόσκορον
1713 2043 1794 2094 ὅτι

189 2135 558 2210 Παραιτοῦμαί
631 2149 710 2200 σε,
769 2129 863 2192 λάξ
919 2127 1106 2190 ἐκεῖνος
1159 2131 1364 2182 ἐνέτεινε
1428 2131 1542 2183 κατ’
1609 2131 1789 2203 αὐτοῦ,

186 2229 396 2298 καιρίαν
446 2240 500 2274 τι
549 2225 765 2282 παίσας,
820 2216 996 2292 ἀρχὴν
1047 2237 1118 2288 τῳ
1179 2219 1382 2290 θανάτῳ
1432 2223 1791 2294 παρέσχηκεν.

187 2312 394 2384 Ἐτεροι
439 2305 496 2362 δέ
542 2327 700 2380 γασιν
747 2308 823 2359 ὃτι
877 2312 1210 2381 Βαρσουμᾱς,
1263 2306 1417 2359 αὐτόν
1461 2306 1793 2382 παρειληφὼς

196 2401 282 2454 ἐπὶ
337 2408 409 2469 τῷ
463 2400 769 2470 ὑπερορίσαι
817 2399 944 2468 πρὸς
1003 2398 1070 2448 τά
1124 2405 1218 2458 τῆς
1279 2395 1379 2449 Ἒω
1445 2401 1597 2471 μέρη,
1657 2398 1794 2449 κατά

201 2495 296 2548 τὴν
365 2484 488 2540 ὁδὸν
564 2485 919 2558 ἀποσφαγῆναι
989 2489 1370 2560 παρεσκεύασε.
1444 2485 1659 2539 Καῡεῐλε
1733 2482 1792 2540 δὲ

193 2581 476 2640 Διόσκορος
538 2581 624 2628 καὶ
679 2571 1032 2651 Θεωνῖὡρητον
1095 2577 1288 2649 Κύρου,
1344 2575 1435 2627 καί
1495 2574 1639 2629 ’Ίϐαν
1696 2583 1793 2639 τῆς

190 2663 464 2734 Ἰ-Σδέσσης,
515 2670 603 2718 καὶ
646 2669 836 2738 Δόμνον
904 2672 996 2726 τῆς
1052 2663 1398 2738 Ἀντιοχείας,
1449 2670 1540 2718 καὶ
1589 2665 1790 2740 ἐτέρους

1901 1854 2150 1911 dixisset
2179 1857 2480 1928 Dioscoro,
2523 1861 2754 1916 Recuso
2791 1865 2866 1930 te,
2893 1860 3053 1918 calce
3081 1879 3219 1920 eum
3250 1864 3347 1922 ille
3384 1865 3557 1936 feriit,

1901 1960 2026 2018 quo
2045 1944 2244 2002 lethali
2268 1945 2510 2005 vulnere
2531 1949 2896 2022 principium
2914 1951 3044 2023 ejus
3061 1953 3237 2010 morti
3255 1955 3555 2026 praestitit;

1904 2033 2003 2091 alii
2023 2051 2164 2092 vero
2185 2036 2394 2094 dicunt
2416 2041 2788 2106 Barsumam,
2813 2056 2952 2096 cum
2974 2057 3112 2098 eum
3135 2045 3562 2117 assumpsisset

1900 2123 1963 2180 in
1988 2124 2260 2180 exsilium
2289 2125 2368 2182 ad
2401 2127 2720 2184 orientales
2764 2129 3038 2200 regiones
3063 2130 3459 2198 abducturus,
3494 2134 3560 2190 in

1900 2213 2107 2271 itinere
2154 2231 2293 2272 eum
2337 2216 2622 2273 trucidari
2658 2217 2943 2289 jussisse.
2985 2221 3270 2294 Deposuit
3309 2238 3558 2297 quoque

1905 2303 2224 2376 Dioscorus
2267 2305 2709 2363 Theodoretum
2753 2307 2890 2381 Cyri
2927 2313 2987 2365 et
3021 2309 3190 2368 lbam
3232 2310 3473 2369 Edessa:
3501 2317 3560 2371 et

1902 2396 2203 2450 Domuum
2234 2394 2560 2451 Antiochiae
2591 2401 2648 2454 et
2678 2396 2828 2453 alios
2853 2397 3173 2456 orientales
3213 2399 3318 2473 qui
3345 2416 3560 2459 omnes

1903 2484 2174 2540 aberant.
2219 2483 2524 2541 Ordinavit
2553 2489 2757 2543 autem
2794 2502 2904 2560 pro
2936 2489 3169 2545 Domno
3198 2489 3551 2548 Maximum.

1902 2573 2193 2630 Eusebius
2223 2578 2425 2630 autem
2457 2574 2748 2648 Doryleaa,
2776 2575 2917 2632 inde
2942 2576 3178 2648 fugiens
3201 2581 3434 2637 Roman
3461 2597 3563 2638 ve-

1901 2665 1986 2720 nit
2013 2663 2092 2719 ad
2125 2666 2381 2719 Leonem
2412 2662 2473 2720 in
2497 2664 2714 2721 Italicis
2740 2664 3087 2737 regionibus
3118 2668 3476 2726 maximum.

185 2766 280 2810 τῶν
321 2755 656 2823 ἀνατολικῶν,
703 2757 897 2815 πάντας
949 2753 1193 2817 ἀπόντας·
1244 2754 1608 2828 ἐχειροτόνησε
1647 2751 1707 2808 δὲ
1751 2753 1864 2808 ἀντὶ
1895 2755 2102 2828 Λόμνου
2142 2752 2400 2826 Μάξιμον.
2454 2753 2702 2817 Εὐσέϐιος
2748 2751 2807 2808 δι
2871 2760 2897 2808 ό
2941 2756 3242 2832 Δορυλαίον,
3287 2754 3558 2833 διαφυγὼν

187 2845 391 2913 ἐκεῖθεν,
433 2851 503 2907 εὶς
532 2845 736 2918 Ῥώμην
761 2845 854 2903 ἧκε
890 2847 1016 2919 πρὸς
1043 2847 1237 2897 Λέοντα
1264 2848 1350 2896 τόν
1404 2848 1580 2918 Μέγαν
1618 2843 1667 2897 ἐν
1705 2851 1814 2908 τοῖς
1843 2848 2024 2920 μίρεσι
2050 2852 2146 2906 τῆς
2178 2842 2417 2904 Ἰταλίας.

257 2933 327 2992 δ’.
367 2935 506 2988 Ἀλλ’
547 2937 596 2987 ἐν
643 2937 875 3007 τοσούτῴ
921 2934 1156 2996 λιπόντος
1187 2931 1478 2988 Θεοδοσιου
1518 2938 1606 2988 τὸν
1645 2933 1784 3008 βίον,

187 3033 489 3101 Μαρκιανος
537 3043 591 3076 τε
633 3029 724 3076 καὶ
769 3023 1062 3099 Πουλχιρία
1098 3028 1224 3098 πρὸς
1266 3028 1461 3078 Λέοντα
1504 3028 1590 3078 τόν
1638 3025 1788 3101 ἱερώ-

186 3133 339 3170 τατον
378 3113 638 3189 ἔγραψαν·
680 3118 772 3166 καὶ
819 3117 995 3186 ἤρεσεν
1036 3112 1384 3190 ἀθροισθῆναι
1438 3120 1532 3174 τὴν
1565 3112 1787 3170 σύνοδον

189 3205 234 3259 ἐν
301 3202 859 3258 Κωνσταντινουπόλει.
926 3207 1110 3257 Τοίνυν
1174 3208 1266 3256 καί
1333 3205 1584 3265 συνῆλθον
1643 3205 1690 3260 ἐν
1716 3216 1788 3281 τῷ

189 3297 323 3348 κατά
365 3299 459 3355 τὴν
513 3289 834 3352 Χαλκηδόνα
891 3301 1062 3365 σεπτῷ
1109 3299 1212 3364 ναῷ
1250 3301 1346 3357 τῆς
1399 3294 1548 3368 ἁγίας
1593 3299 1789 3372 μάρτυ-

187 3403 279 3456 ρος
336 3386 598 3458 Εὑφημίας
664 3381 719 3435 ἐκ
779 3386 870 3455 μὲν
936 3391 1035 3436 τῶν
1098 3377 1443 3447 ἐνδοξοτάτων
1517 3384 1788 3462 ἀρχόντων

195 3473 488 3535 Ἀνατόλιος
535 3478 803 3548 πατρίκιος
857 3471 958 3525 ἀπὸ
1017 3473 1223 3525 ὐπάτων
1273 3479 1363 3527 καὶ
1409 3477 1785 3552 στρατηλάτης,

201 3558 486 3622 numam;
537 3566 762 3638 ἔπαρχος
823 3567 1174 3638 πραιτωρίων,
1242 3569 1488 3627 Τατιανός
1553 3570 1789 3644 ἔπαρχος

203 3650 400 3720 πόλεως,
479 3652 822 3724 liv/7.651.111»;
895 3653 1191 3729 μάγιστρος
1255 3663 1354 3706 τῶν
1420 3657 1566 3708 θείων
1643 3657 1787 3732 6795“-

193 3747 334 3812 κίων,
394 3742 710 3816 Μαρτιάλιος
759 3745 1068 3819 μάγιστρος,
1125 3739 1414 3818 Σποράὸιος
1469 3750 1634 3819 κόμης
1688 3758 1787 3801 τῶν

191 3827 534 3903 δομεστίκων,
587 3837 678 3883 καὶ
727 3831 982 3895 Γενέθλιος
1049 3837 1216 3905 κόμης
1281 3834 1573 3908 πριϐάτωνο
1621 3836 1674 3890 ἐκ
1730 3835 1788 3892 δὲ

185 3929 283 3971 τῶν
369 3916 590 3983 ἐνδόξων
679 3920 1040 3992 συγκλητικῶν
1126 3922 1431 3998 Φλωρέντιος
1513 3943 1788 4002 πατρικιος

185 4010 288 4064 ἀπὸ
317 4010 586 4086 ἐπάρχου,
617 4019 705 4066 καὶ
748 4015 976 4082 ὑπάτῶν,
1022 4018 1246 4088 σενάτωρ
1299 4014 1400 4070 ἀπό
1453 4018 1661 4072 ὑπάτων
1699 4027 1788 4075 καὶ

179 4106 502 4173 πατρικίων,
601 4107 929 4175 Πρωτογένης
1026 4101 1126 4156 ἀπό
1231 4107 1477 4180 ἓπάρχων
1571 4109 1782 4182 πόλεως,

183 4187 526 4250 Ἀπολλωνιος
585 4187 686 4242 ἀπό
752 4189 1019 4265 ἐπάρχων,
1082 4191 1333 4264 Ῥωμανός
1399 4198 1500 4248 άπό
1566 4215 1786 4272 πραιπο-

183 4282 366 4346 σίτων,
440 4279 530 4331 καὶ
619 4278 857 4351 Ὠλύγιος
947 4279 1048 4332 ἀπὸ
1143 4280 1387 4357 ἐπάρχων
1477 4284 1782 4363 Ἰλλυρικοῦ.

181 4370 394 4419 Τούτων
461 4365 550 4418 οὖν
610 4375 709 4420 τῶν
776 4365 1045 4441 ἀρχόντων
1107 4374 1196 4422 καὶ
1256 4381 1356 4424 τῶν
1425 4374 1786 4446 συγκλητικῶν

1967 2937 2021 2991 4.
2071 2936 2189 2990 Hoc
2216 2937 2420 2990 autem
2464 2936 2734 3008 tempore
2780 2949 2919 2992 cum
2949 2935 3318 2995 Theodosius
3342 2953 3418 2996 ex
3443 2938 3562 2999 hac

1897 3024 2020 3081 vita
2052 3024 2388 3095 migrasset,
2415 3024 2750 3081 Marcianus
2781 3030 2838 3082 et
2869 3024 3178 3084 Pulcheria
3206 3027 3285 3085 ad
3308 3029 3562 3086 sanctis—

1821 3097 1859 3152 (ἶ
1900 3111 2123 3168 simum
2159 3113 2408 3168 Leonem
2447 3111 2736 3184 scripsere
2761 3129 2774 3182 ;
2801 3117 2858 3170 et
2882 3113 3060 3184 jussit
3085 3114 3391 3187 synodum
3413 3118 3560 3175 Con-

1839 3203 1852 3240 θ
1897 3201 2348 3274 stantinopolim
2373 3201 2713 3258 convocari.
2738 3204 2900 3258 Tunc
2917 3202 3098 3274 igitur
3117 3202 3557 3264 Chalcedonam

1896 3291 1959 3348 in
1991 3289 2400 3348 venerandum
2435 3295 2660 3347 sanctae
2701 3291 2983 3364 martyris
3015 3293 3360 3366 Euphemiat
3398 3300 3555 3352 tem-

1896 3380 2066 3453 plum
2091 3394 2425 3437 convenere
2451 3395 2523 3436 ex
2545 3378 2966 3437 illustrissimis
2989 3381 3238 3454 quidem
3257 3383 3552 3456 prmfectis

1896 3467 2206 3527 Anatolius
2237 3468 2526 3542 patricius
2549 3484 2581 3525 e
2612 3468 2962 3527 consulibus
2987 3476 3045 3528 et
3074 3471 3366 3529 exercitus
3403 3472 3550 3548 dux,

1897 3558 2193 3616 Palladius
2218 3557 2480 3632 praetorii
2509 3558 2846 3632 praefectus,
2879 3560 3162 3617 Tatianus
3191 3560 3359 3619 urbis
3400 3577 3553 3636 prter-

1895 3648 2106 3715 fectus,
2125 3647 2486 3704 Vicomallus
2512 3647 2857 3705 divinorum
2878 3649 3218 3708 ofﬁciorum
3243 3653 3551 3725 magister,

1896 3738 2174 3795 Martialis
2193 3737 2830 3810 magister,Sporadius
2843 3737 3312 3798 domesticorum
3325 3758 3549 3815 comes,

1896 3829 1953 3881 et
1980 3825 2320 3881 Genethlius
2347 3825 2720 3898 privatorum
2743 3841 2975 3893 comes;
2999 3841 3073 3884 ex
3097 3827 3426 3888 illustribus
3449 3848 3554 3889 au-

1896 3920 2015 3972 tem
2056 3914 2434 3972 senatoribus
2468 3914 2799 3972 Florentius
2832 3916 3120 3988 patricius
3159 3933 3233 3975 ex
3261 3919 3553 3992 praefectis

1897 4008 1953 4060 et
1983 4004 2356 4073 consulibus,
2399 4007 2641 4060 senator
2673 4020 2746 4060 ex
2785 4005 3137 4062 consulibus
3181 4011 3238 4064 et
3266 4009 3550 4081 patriciis,

1896 4097 2260 4164 Protogenes
2287 4109 2362 4150 ex
2391 4093 2559 4150 urbis
2593 4094 2914 4167 praefectis,
2955 4093 3307 4168 Apollonius
3336 4114 3369 4154 e
3399 4114 3553 4172 prte-

1895 4181 2080 4249 fectis,
2115 4185 2421 4238 Romanus
2443 4197 2474 4239 e
2500 4181 2859 4256 praepositis,
2877 4186 2935 4238 et
2953 4182 3202 4256 Olygius
3239 4199 3314 4240 ex
3335 4183 3556 4259 Illyrici

1893 4270 2212 4344 praefectis.
2257 4271 2356 4327 His
2387 4271 2569 4342 igitur
2614 4271 2908 4344 praefectis
2952 4276 3010 4328 et
3057 4273 3442 4332 senatoribus
3489 4275 3554 4333 in

1895 4360 2097 4417 medio
2114 4365 2251 4416 ante
2271 4360 2424 4416 sacri
2440 4360 2644 4417 altaris
2657 4360 2977 4429 cancellos,
2991 4376 3028 4418 a
3043 4361 3296 4419 sinistris
3305 4363 3554 4437 quidem

181 4455 540 4507 καθεσθέντων
597 4453 645 4506 ἓν
699 4463 770 4526 τῷ
824 4461 963 4530 μέσῳ
1029 4461 1129 4534 πρὸ
1181 4467 1281 4511 τῶν
1343 4463 1630 4533 καγκέλλων
1694 4473 1784 4519 τοῦ

1900 4449 2182 4506 sederunt
2207 4449 2461 4506 Romani
2487 4465 2665 4523 papae
2703 4449 2931 4520 vicarii,
2968 4456 3026 4506 et
3059 4451 3369 4508 Anatolius
3409 4454 3558 4510 Con-

182 4542 339 4614 ἀγίον
405 4546 786 4619 θυσιαστηρίου
845 4545 898 4598 ἐκ
962 4551 1053 4620 μὲν
1120 4557 1212 4602 τοῦ
1281 4550 1540 4626 εὐωνύμου
1597 4559 1786 4628 μέρους

184 4632 442 4684 ἐκάθισαν
489 4636 535 4685 οἱ
580 4641 936 4709 τοποτηρηταὶ
994 4645 1084 4690 τοῦ
1145 4637 1382 4712 Ῥώμης,
1433 4648 1522 4696 καὶ
1571 4643 1786 4699 Ἀνατό·

181 4720 299 4784 λιος
354 4722 380 4773 6
435 4725 1033 4798 Κωνσταντινουπόλεως,
1081 4733 1173 4781 καὶ
1223 4730 1458 4804 Μάξιμος
1509 4733 1536 4784 6
1591 4733 1788 4789 Ἀντιο-

183 4815 358 4883 χείας,
421 4817 512 4864 καὶ
573 4813 870 4877 Θαλάσσιος
939 4817 964 4868 6
1016 4822 1354 4893 Καισαρείας,
1401 4826 1489 4875 καὶ
1541 4826 1790 4897 Στέφανος

183 4901 209 4952 6
261 4900 502 4974 Ἐρέσου,
558 4907 648 4955 καὶ
695 4905 743 4956 οἱ
778 4903 950 4959 λοιποὶ
1005 4914 1100 4970 τῆς
1153 4909 1464 4974 ἀνατολικῆς
1514 4918 1602 4966 καὶ
1660 4920 1789 4968 Πον-

182 4997 335 5052 τικῆς
390 4995 478 5043 καὶ
534 4991 777 5054 Ἀσιανῆς
832 4999 922 5049 καὶ
981 5004 1254 5072 Θρᾳκικῆς
1316 4995 1628 5066 διοικήσεως
1671 5003 1790 5058 ἄνευ

179 5086 285 5131 τῶν
343 5079 722 5134 Παλαιστίνων·
793 5085 848 5136 ἑκ
907 5081 968 5138 δὲ
1021 5095 1121 5138 τῶν
1182 5083 1366 5151 δεξιῶν
1426 5095 1702 5168 Διόσκορος
1765 5095 1792 5146 6

181 5166 601 5245 ’Δγιξα-νδρείας,
648 5177 740 5225 καὶ
782 5171 1114 5236 Ἰουϐενάλιος
1157 5177 1182 5228 6
1221 5175 1603 5254 Ἱεροσολύμων,
1658 5183 1793 5237 κυν-

181 5255 364 5320 τυ).λος
432 5260 458 5311 6
520 5271 824 5335 τοποτηρῶν
885 5261 1215 5338 ’Δναστασίῳ
1271 5284 1343 5338 τῳ
1404 5270 1794 5336 Θεσσαλονίκης

185 5350 375 5419 Πέτρος
426 5348 453 5400 6
501 5352 778 5424 Κόρινθον,
831 5356 922 5405 καὶ
974 5355 1023 5405 οἱ
1064 5352 1236 5408 λοιποὶ
1292 5363 1384 5418 τῆς
1433 5359 1794 5431 Αἰγυπτιακῆς

179 5432 270 5479 καὶ
323 5435 417 5480 τοῦ
471 5427 760 5505 Ἰλλυρικοῦ
815 5438 904 5485 καὶ
949 5441 1046 5496 τῆς
1085 5435 1463 5501 Παλαιστίνης.
1517 5440 1685 5494 Ἦσαν
1735 5440 1794 5497 δὲ

181 5515 545 5581 τοποτηρηταὶ
589 5519 681 5563 τοῦ
710 5511 912 5585 Ῥώμης
959 5520 1304 5588 Πασχασῖνος
1350 5523 1438 5572 καὶ
1480 5527 1794 5586 Λουκινσιος

179 5595 490 5670 ἐπίσκοποι,
522 5604 612 5652 καὶ
639 5603 943 5674 Βονιφάτιος
969 5603 1342 5681 πρεσϐύτερος.
1397 5616 1577 5689 Παρῆν
1609 5609 1668 5668 δὲ
1705 5618 1796 5670 καὶ

583 5708 824 5768 Paraon.
868 5711 969 5770 Ga.
996 5712 1149 5774 CXL.

1897 4539 2316 4613 stantinopolis
2347 4541 2405 4596 et
2433 4542 2728 4596 Maximus
2755 4539 3085 4597 Antiochiae
3122 4546 3179 4598 et
3212 4541 3558 4600 Thalassius

1899 4633 2182 4688 Caesareae
2205 4634 2261 4687 et
2291 4629 2631 4702 Stephanus
2649 4628 2884 4702 Ephesi,
2909 4631 3229 4702 ceterique
3251 4631 3558 4690 orientalis

1899 4726 1955 4778 et
1971 4719 2224 4778 Pontium
2239 4724 2294 4776 et
2316 4719 2586 4776 Asiatica
2610 4724 2664 4775 et
2683 4718 2980 4777 Thracios:
3000 4719 3301 4788 dioecesis,
3321 4721 3558 4796 absque

1899 4809 2264 4866 Palaestinis:
2295 4825 2332 4865 ει
2359 4807 2581 4865 dextris
2619 4824 2760 4865 vero
2804 4809 3125 4865 Dioscorus
3164 4809 3559 4882 Alexandria,

1899 4897 2206 4956 Juvenalis
2221 4897 2670 4970 lliemsolymae,
2696 4895 2984 4970 Cyntillus
2996 4897 3303 4955 Anastasii
3315 4899 3562 4959 Thessa-

1899 4987 2112 5045 lonicae
2140 4987 2421 5057 vicarius,
2437 4989 2640 5043 Petrus
2664 4985 2929 5044 Corinthi
2949 4987 3268 5062 creterique
3291 5004 3362 5046 ex
3383 4990 3565 5065 Egy-

1901 5083 2004 5151 pto
2031 5081 2088 5134 et
2117 5076 2349 5150 Illyrico
2378 5080 2436 5133 et
2457 5075 2787 5132 Palaestina.
2820 5075 3032 5133 Vicarii
3077 5082 3280 5136 autem
3309 5081 3566 5138 Romani

1902 5182 2078 5241 papa
2109 5170 2283 5223 erant
2316 5165 2715 5222 Paschasinus
2763 5169 2820 5221 et
2866 5165 3150 5223 Lucinius
3193 5168 3482 5243 episcopi,
3510 5175 3570 5228 et

1905 5255 2244 5313 Bonifacius
2270 5255 2608 5328 presbyter.
2640 5254 2858 5311 Aderat
2883 5259 2940 5312 et
2971 5253 3380 5316 Theodoretus
3408 5259 3565 5332 Cyri.

1904 5346 2004 5402 llic
2034 5345 2193 5402 enim
2236 5349 2301 5402 ut
2347 5343 2731 5400 Nestorianus
2769 5343 3012 5400 habitus
3050 5362 3123 5403 eo
3162 5347 3329 5422 quod
3359 5353 3569 5406 contra

1903 5434 2224 5493 duodecim
2273 5433 2433 5490 beati
2483 5431 2681 5506 Cyrilli
2728 5433 2928 5507 capita
2967 5435 3319 5508 scripsisset,
3362 5451 3397 5493 a
3438 5433 3582 5492 Πίσα.

1905 5541 2080 5583 scoro
2119 5524 2426 5598 depositus
2464 5528 2592 5590 est;
2643 5538 2782 5580 cum
2823 5528 3025 5582 autem
3058 5527 3314 5583 Leonem
3364 5528 3568 5581 Roma:

1908 5630 2135 5692 papam
2162 5613 2411 5674 adiisset
2435 5618 2493 5672 et
2518 5612 2832 5688 prapriam
2860 5612 3048 5673 fidem
3073 5615 3456 5680 enuntiasset,
3477 5623 3571 5669 or-

3217 5726 3256 5784 2

4047 4965 4057 5002 η

4047 5023 4057 5130 ξ

4037 5131 4057 5228 l

4049 5449 4056 5470 l.

4049 5483 4057 5560 ἒ
