4126 6228
2480 0 2805 103 μέλ

2462 80 2529 115 fx

531 300 597 359 ιε
1871 286 2137 345 Nisam
2176 282 2550 346 CHOMA'MC
3826 294 3899 358 ιι

529 424 830 482 thodoxus
850 420 1091 491 agnitus
1112 420 1225 485 est;
1250 431 1511 488 cumque
1532 415 1610 472 ab
1627 432 1698 471 eo
1716 414 1942 470 litteras
1963 410 2041 467 ad
2062 411 2173 465 im-

2290 409 2628 483 Θεοδώρητος
2678 418 2706 467 6
2764 420 2969 489 Κύρου*
3033 419 3182 479 οὗτος
3236 420 3358 491 γάρ,
3421 421 3489 481 ὡς
3546 427 3900 495 Νεστοριανός

526 517 868 587 peratorem
919 506 1321 564 Theodosium
1387 504 1703 566 retulisset,
1766 503 2180 587 episcopatum

529 586 788 673 recepit:
834 599 1041 669 jussus
1079 599 1165 650 est
1196 598 1399 648 autem
1446 592 1586 646 huic
1617 591 1725 647 soli
1774 604 2015 645 vacare.
2059 586 2181 641 Sub

528 690 826 749 Marciano
868 700 1011 741 vero
1058 698 1266 755 preces
1314 680 1532 736 obtulit
1573 696 1676 736 eos
1721 692 2018 735 accusans
2076 675 2182 745 qui

530 795 654 836 non
682 782 840 834 recte
868 790 1007 831 eum
1045 776 1113 829 ut
1151 770 1586 827 heteredoxum
1616 766 2178 825 excommunicave-

531 873 685 926 rant.

2290 499 2617 574 λογιζόμενος
2685 502 2777 558 διὰ
2840 511 2898 557 τό
2954 506 3159 579 γράψαι
3211 511 3348 559 κατὰ
3413 517 3512 561 τῶν
3584 514 3675 561 τοῦ
3740 512 3901 583 ἁγίου

2292 590 2545 661 Κυρίλλου
2598 593 2667 666 ιβ’
2724 595 3028 667 κεφαλαίων,
3079 598 3342 669 καθῃρέθη
3389 601 3534 672 παρά
3586 606 3898 675 Διοσκόρου-

2290 680 2586 751 προσελθὼν
2635 680 2695 735 δὲ
2740 689 2928 759 ,Λέοντι
2959 694 3031 755 τῷ
3060 688 3211 756 πάπα
3233 686 3453 757 Ῥώμης,
3497 692 3587 740 καὶ
3616 695 3710 746 τὴν
3753 688 3902 743 ἰδίαν

2290 764 2608 839 ἀπαγγείλας
2654 778 2856 841 πίστιν,
2906 773 3203 845 ἐπεγνώσθη
3253 772 3553 847 ὀρθόδοξος·
3601 784 3689 830 καὶ
3718 783 3901 853 γράμ-

2291 874 2435 925 ματα
2462 862 2809 932 κομισάμενος
2838 861 3030 914 ἐκείνου
3062 867 3193 935 πρὸς
3216 866 3300 915 τὸν
3329 864 3552 916 Βασιλέα
3578 864 3894 935 Θεοδόσιον,

530 958 755 1033 βασιλέα
801 950 1105 1022 Θεοδόσιον,
1158 950 1380 1004 ἀπέλαϐε
1417 954 1511 1008 τὴν
1555 948 1849 1005 ἐτισιοπὴν·
1912 943 2175 997 ἐκελεύσθε
2221 937 2278 994 δὲ
2334 946 2463 1018 μόνη
2528 953 2693 1021 ταύτῃ
2741 951 3044 1023 σχολάζειν.
3105 951 3188 1004 ἐπὶ
3239 948 3297 1004 δὲ
3340 960 3644 1026 Μαρκιανοῦ
3686 953 3900 1019 δεήσεις

531 1031 819 1103 ἐπιδέδωκε
846 1050 1151 1117 κατηγορῶν
1181 1050 1281 1092 τῶν
1303 1040 1396 1092 οὐκ
1426 1039 1647 1110 εὐλόγως
1680 1037 1834 1089 αὐτὸν
1861 1031 2299 1105 ἁποκηρυξάντων
2330 1036 2395 1094 ὡς
2425 1032 2743 1110 ἑτερόδοξον,

603 1143 656 1194 5.
690 1132 982 1192 Omnibus
1025 1131 1220 1200 igitur,
1266 1135 1331 1186 ut
1372 1130 1594 1184 dictum
1629 1132 1737 1191 est,
1780 1121 2173 1194 congregatis,

533 1223 787 1284 Romani
836 1236 1008 1294 papae
1054 1218 1280 1286 vicarii,
1315 1217 1778 1289 praeloquentes,
1817 1213 2182 1269 censuerunt

531 1313 768 1388 synodo
819 1326 943 1366 non
992 1306 1299 1363 considere
1342 1306 1563 1361 debere
1614 1305 1983 1359 Dioscorum.
2033 1301 2180 1355 Cum

531 1411 733 1462 autem
764 1398 1024 1474 praefecti
1053 1396 1341 1453 dixissent
1364 1411 1485 1450 non
1512 1399 1786 1466 oportere
1808 1392 1999 1457 illum,
2021 1395 2182 1443 ante-

530 1507 717 1566 quam
743 1487 1268 1553 condemnaretur,
1292 1501 1327 1540 a
1349 1484 1612 1539 sessione
1635 1481 1869 1553 expelli,
1892 1478 2183 1535 Eusebius

534 1580 796 1651 Doryleae
824 1577 993 1632 illum
1020 1580 1410 1630 accusaturus
1430 1572 1714 1641 assurgit;
1735 1577 1914 1641 atque
1936 1569 2014 1623 ita
2036 1582 2183 1639 prae-
2222 1570 2248 1577 "

531 1672 696 1729 fectis
705 1670 723 1740 j
734 1664 1056 1724 ubentibus
1067 1706 1080 1729 ,
1093 1664 1151 1718 in
1166 1662 1366 1717 medio
1380 1660 1731 1717 constitutus
1744 1665 1831 1713 est
1847 1659 2176 1712 Dioscorus.

535 1764 602 1817 Et
646 1757 952 1826 ﬂagitante
1001 1751 1258 1808 Eusebio
1304 1756 1372 1805 ut
1419 1766 1529 1805 sua
1574 1755 1783 1803 contra
1834 1746 2181 1801 Dioscorum

532 1849 735 1925 petitio
758 1845 881 1916 regi
902 1843 1117 1900 tradita
1136 1842 1449 1912 legeretur,
1470 1838 1731 1913 praefecti
1744 1841 2108 1893 censuerunt
2123 1834 2185 1889 il-
2216 1826 2256 1879 Β

531 1924 659 1997 lum
699 1938 760 1992 in
798 1933 997 1990 medio
1036 1929 1444 1993 statuendum,
1478 1928 1946 2001 petitionemque
1984 1924 2183 1992 legen-

531 2029 713 2092 dam;
745 2039 881 2096 qute
903 2020 1244 2093 exponebat
1272 2017 1578 2090 quomodo
1617 2031 1739 2070 non
1770 2014 2057 2069 canonice
2084 2014 2182 2066 de-

530 2115 833 2191 posuisset
864 2110 1213 2167 Flavianum
1258 2107 1577 2163 Dioscorus
1616 2110 1674 2160 et
1701 2108 1949 2159 caeteros
1979 2101 2182 2191 ortho-

530 2189 744 2268 doxos,
769 2201 1148 2255 innocentem
1170 2200 1370 2251 autem
1394 2193 1818 2249 declaravisset
1839 2189 2183 2245 haereticum

533 2291 883 2363 Eutychem.
899 2285 1122 2342 Deinde
1138 2285 1399 2340 recitatae
1412 2289 1550 2337 sunt
1569 2298 1706 2354 quia
1729 2281 1806 2336 ab
1826 2282 2183 2351 imperatore

531 2376 867 2437 Theodosio
893 2374 972 2431 ad
1016 2373 1372 2427 Dioscorum
1415 2370 1614 2425 missae
1658 2369 1911 2431 fuerant,
1955 2368 2178 2422 litterae.

535 2472 602 2525 Et
630 2482 770 2523 cum
802 2462 1169 2519 mentionem
1207 2460 1489 2529 facerent,
1530 2458 1605 2513 de
1647 2456 2037 2523 Theodoreto,
2071 2461 2185 2509 sta-
2218 2494 2225 2499 .

534 2560 770 2614 tuentes
799 2550 913 2623 ipsi
933 2566 1055 2606 non
1086 2548 1167 2605 ad
1198 2549 1532 2604 secundam
1562 2545 1777 2618 Ephesi
1799 2544 2066 2600 habitam
2090 2559 2184 2614 sy-

536 2643 768 2701 nodum
793 2637 1062 2695 eundum
1082 2653 1235 2702 esse,
1250 2636 1365 2693 nisi
1385 2635 1669 2691 omnibus
1690 2630 2185 2689 convenientibus

526 2730 832 2807 episcopis
866 2728 1139 2799 plaseret,
1168 2727 1447 2782 dixerunt
1471 2723 1769 2797 praefecti:
1813 2721 2189 2791 Ingrediatur

538 2829 597 2879 et
617 2818 1022 2877 Theodoretus
1042 2831 1432 2871 consessurus
1453 2830 1591 2870 cum
1616 2815 1870 2885 synodo,
1893 2811 2187 2883 quoniam

538 2908 793 2968 restituit
818 2906 899 2962 illi
921 2905 1341 2977 episcopatum
1369 2902 1782 2958 sanctissimus
1816 2903 1949 2956 l.eo.

614 3093 667 3145 6.
701 3082 1197 3159 Repugnantibus
1240 3085 1440 3137 autem
1476 3082 1756 3137 Dioscoro
1803 3084 1860 3135 et
1906 3082 2034 3151 ejus
2066 3078 2189 3133 fau-

2360 1124 2417 1180 ε’.
2471 1129 2681 1178 Πάντων
2728 1125 2835 1192 οὖν,
2887 1131 2952 1189 ὡς
3005 1132 3229 1203 εἰρηται,
3288 1134 3787 1206 συναθροισθέντων,
3847 1140 3901 1190 οἱ

2290 1222 2645 1288 τοποτηρηταὶ
2682 1216 2901 1289 Ῥώμης,
2948 1219 3371 1293 προλογίσαντες,
3419 1221 3597 1284 ἠξίουν
3644 1229 3716 1295 μὴ
3751 1245 3899 1278 συνεο

2294 1298 2515 1377 δριάσαι
2579 1313 2640 1377 τῇ
2704 1303 2910 1378 συνόδῳ
2973 1314 3269 1383 Διόσκορον.
3328 1316 3439 1361 Τῶν
3502 1307 3561 1363 δὲ
3623 1311 3894 1386 ἀρχόντων

2292 1392 2534 1443 εἰπόντων
2580 1396 2645 1453 ὡς
2676 1394 2734 1445 οὐ
2784 1392 2867 1447 δεῖ
2910 1395 3061 1447 αὐτόν
3101 1401 3198 1471 πρὸ
3248 1394 3545 1459 καταδίκης
3590 1399 3896 1462 ἐξωθεῖσθαι

2292 1487 2384 1531 τοῦ
2444 1478 2741 1556 συνεδρίου,
2796 1484 3038 1545 Εὐσέϐιος
3090 1488 3115 1536 6
3174 1486 3456 1559 Δορυλαίου
3516 1495 3897 1564 κατηγορήσων

2294 1570 2453 1621 αὐτοῦ
2513 1570 2723 1629 ἀνέστη·
2790 1578 2881 1625 καὶ
2938 1574 3072 1625 οὕτω
3135 1574 3482 1628 κελευσάντων
3537 1586 3634 1628 τῶν
3699 1577 3894 1652 ἀρχόν-

2296 1677 2411 1725 των,
2465 1658 2719 1718 ἐκαθέσθη
2768 1667 3042 1737 Διόσκορος
3095 1663 3144 1715 ἐν
3197 1674 3268 1736 τῷ
3318 1668 3480 1737 μέσῳ.
3515 1672 3601 1718 καὶ
3647 1675 3736 1719 τοῦ
3792 1669 3888 1721 Εὐ-

2296 1746 2469 1799 σεϐίου
2545 1749 2854 1813 αἰτήσαντος
2921 1750 3319 1825 ἀναγνωσθῇναι
3392 1759 3485 1812 τὴν
3546 1756 3667 1827 παρ’
3730 1756 3893 1809 αὐτοῦ

2294 1833 2537 1890 δοθεῖσαν
2586 1848 2656 1910 τῷ
2696 1839 2909 1912 βασιλεῖ
2962 1845 3096 1894 κατά
3125 1848 3408 1917 Διοσκόρου
3453 1840 3658 1911 δέησιν,
3702 1848 3750 1897 οἱ
3801 1850 3896 1918 ἀρ-

2292 1945 2476 1996 χοντες
2518 1928 2839 1999 προσέταξαν
2883 1931 3049 1982 αυΤόν
3091 1935 3181 2002 μεν
3221 1932 3269 1984 ἐν
3311 1940 3382 2002 τῷ
3428 1937 3570 2003 μέσῳ
3629 1936 3894 2006 καθεσθῇ-

2292 2035 2397 2083 ναι,
2440 2021 2532 2074 τὴν
2578 2014 2761 2075 δὲησιν
2812 2015 2869 2070 δε
2921 2018 3336 2092 ἀναγνωσθῇναι·
3387 2022 3450 2081 ἧς
3503 2018 3895 2095 διαλαμϐανούο

2296 2124 2393 2166 σης
2455 2108 2519 2166 ὡς
2573 2107 2635 2158 οὐ
2687 2117 2968 2170 κανονικὼς
3020 2109 3219 2162 καθεῖλε
3273 2115 3555 2183 Διόσκορος
3609 2111 3892 2165 Φλαϐιανόν

2292 2202 2381 2247 καὶ
2428 2198 2549 2255 τούς
2585 2196 2793 2257 λοιποὺς
2836 2194 3168 2269 ὀρθοδόξους,
3219 2201 3437 2257 ὴθώωσε
3474 2197 3534 2253 δε
3576 2205 3662 2252 τὸν
3693 2202 3890 2275 αἱρετι-

2291 2287 2381 2335 κὸν
2437 2284 2697 2356 Εὐτυχέα,
2757 2286 2974 2349 καθεξῆς
3026 2287 3321 2359 ἀνεγνώσθη
3369 2295 3457 2341 καὶ
3510 2295 3566 2341 τό
3604 2294 3742 2363 παρά
3791 2300 3885 2342 τοῦ

2294 2370 2551 2443 βασιλέως
2582 2370 2872 2427 ϐεοὸοσιου
2902 2378 3125 2448 πεμφθὲν
3155 2380 3286 2450 πρὸς
3316 2382 3594 2450 Διόσκορον
3631 2382 3872 2453 γράμμα·

2292 2467 2381 2513 καὶ
2421 2462 2527 2515 ἐπεὶ
2558 2468 2682 2538 πρὸς
2730 2472 2835 2525 τοῖς
2865 2464 3035 2525 ἄλλοις
3080 2464 3331 2537 ἐμέμνητο
3374 2470 3461 2519 καὶ
3517 2465 3884 2543 Θεοδωρητου,

2295 2545 2647 2621 διαλαμϐάνον
2676 2557 2748 2623 μὴ
2795 2551 2953 2605 ἐλθεῖν
2994 2553 3148 2605 αὐτὸν
3179 2554 3251 2614 εἰς
3277 2559 3367 2612 τὴν
3409 2554 3456 2605 ἐν
3489 2556 3681 2627 Ἐφέσω
3711 2552 3885 2608 δευτέ-

2292 2657 2386 2711 ραν
2419 2636 2658 2708 σύνοδον,
2707 2639 2790 2693 ἐὰν
2820 2646 2891 2713 μὴ
2944 2648 3080 2694 πᾶσι
3110 2639 3237 2715 δοξῃ
3283 2652 3391 2703 τοῖς
3429 2644 3780 2708 συνελθοῦσιν,
3836 2646 3886 2696 οἱ

2296 2731 2549 2800 ἄρχοντες
2576 2726 2737 2798 εἷπον,
2771 2729 2962 2783 Εἰσίτω
2989 2737 3077 2784 καὶ
3100 2729 3436 2806 Θεοδωρητος
3465 2738 3792 2790 κοινωνήσων
3821 2742 3883 2806 τῇ

2298 2812 2523 2887 συνόδῳ,
2576 2816 2682 2869 ἐπεὶ
2722 2822 2805 2869 καὶ
2847 2816 3268 2877 ἀποκατέστησεν
3297 2820 3435 2872 αὐτῶ
3467 2825 3554 2878 τὴν
3599 2819 3889 2880 ἐπισκοπὴν

2297 2906 2321 2956 6
2354 2905 2641 2975 ἁγιωτατος
2682 2911 2842 2963 Δίων’
2892 2914 2982 2960 καὶ
3019 2910 3045 2960 6
3098 2911 3351 2971 θειότατος
3383 2908 3632 2982 βασιλεὺς
3655 2918 3895 2985 παρεῖναι

2295 3002 2475 3046 τοῦτον
2504 2993 2608 3046 ﬁxe?
2619 3014 2785 3053 ευσεν.

2376 3082 2438 3144 ς’.
2473 3084 2839 3156 Ἐνισταμένου
2894 3083 2953 3139 δὲ
3002 3092 3283 3160 Διός-κόρου
3331 3094 3420 3141 καὶ
3458 3098 3556 3141 τῶν
3599 3093 3691 3141 σὺν
3732 3089 3892 3159 αὐτῷ,

544 3177 798 3242 toribus,
827 3172 1113 3247 praesides
1144 3172 1297 3227 inter
1326 3187 1387 3227 se
1417 3171 1692 3227 collocuti
1732 3176 1870 3226 sunt
1914 3168 2180 3241 permise-

2302 3174 2351 3223 οἰ
2380 3173 2634 3244 ἄρχοντες
2674 3170 2985 3233 διελάλησαν
3025 3176 3266 3235 εἰσελθεῖν
3295 3181 3417 3237 τέως
3459 3178 3613 3229 αὐτὸν
3656 3176 3704 3229 ἐν
3750 3178 3895 3239 τάξει

540 3271 800 3339 runtque
849 3268 915 3319 ut
959 3260 1373 3331 ingrederetur
1407 3264 1640 3316 tantum
1675 3266 1738 3317 ut
1783 3264 2099 3315 accusator
2137 3261 2195 3312 et

538 3359 900 3414 statueretur
926 3354 988 3408 in
1017 3351 1239 3409 medio.
1282 3356 1611 3407 Accusatus
1635 3351 1812 3419 igitur
1836 3354 1925 3405 est
1954 3350 2191 3403 Diosco-

540 3464 644 3504 rus
672 3462 709 3501 a
736 3442 988 3500 Romani
1030 3456 1208 3514 papae
1239 3441 1498 3507 vicariis,
1530 3446 1587 3494 et
1625 3439 1879 3494 Eusebio
1927 3438 2190 3509 Dorylere

537 3535 849 3608 episcopo.
867 3529 1036 3603 quod
1061 3528 1426 3585 sanctissimi
1450 3543 1620 3600 papae
1648 3527 1854 3583 Leonis
1876 3527 2191 3598 epistolam

539 3638 665 3680 non
683 3619 946 3690 legisset,
960 3634 1100 3673 cum
1125 3617 1343 3688 septies
1362 3633 1495 3672 eam
1515 3632 1576 3671 se
1590 3616 1881 3672 lecturum
1900 3616 2188 3685 jurasset.

541 3714 609 3767 Et
636 3707 777 3765 inde
807 3707 1151 3774 damnatur,
1185 3710 1250 3761 ut
1277 3705 1400 3776 perj
1413 3722 1591 3771 urus;
1633 3711 1689 3760 et
1715 3704 1880 3777 quod
1912 3710 2187 3759 sanctum

541 3796 896 3855 Flavianum
922 3795 1121 3850 statim
1153 3798 1215 3849 ut
1242 3794 1601 3851 damnatum
1639 3793 1953 3861 retulisset,
1993 3807 2189 3865 neque

541 3895 607 3945 ut
634 3903 698 3944 se
739 3884 1088 3942 defenderet
1113 3884 1497 3955 permisisset,
1531 3884 1638 3939 sed
1668 3900 1787 3940 non
1818 3883 1979 3939 dicta
2007 3897 2192 3937 causa

540 3993 682 4035 eum
702 3974 1104 4048 deposuisset.
1132 3973 1449 4029 Dioscorus
1468 3988 1610 4029 vero
1628 3972 1705 4028 de
1726 3972 1819 4028 his
1842 3971 2189 4044 apologiam

537 4071 848 4139 praestans,
871 4062 1050 4121 dixit:
1078 4065 1208 4119 Non
1228 4062 1378 4118 mihi
1395 4061 1501 4118 soli
1517 4061 1812 4133 judicium
1832 4062 2067 4133 reliquit
2083 4063 2189 4117 im-

537 4158 796 4227 perator,
849 4152 955 4208 sed
992 4157 1050 4208 et
1087 4151 1354 4209 iuvenali
1384 4157 1442 4208 et
1485 4151 1790 4207 Thalassio
1839 4156 1897 4208 et
1938 4155 2185 4221 caneris,

534 4248 877 4315 nostraeque
906 4242 1209 4297 sententias
1233 4241 1515 4297 universa
1551 4241 1823 4313 synodus
1848 4244 2176 4301 consensit.

536 4329 865 4389 Orientales
894 4345 1037 4386 vero
1063 4330 1329 4402 episcopi
1351 4329 1766 4386 exclamavere
1793 4348 1805 4385 :
1830 4334 2015 4388 Nemo
2044 4348 2186 4388 con-

534 4420 740 4491 sensit,
771 4418 864 4475 vis
890 4416 1161 4475 adhibita
1180 4422 1289 4487 est,
1313 4416 1751 4490 depositionem
1778 4419 1952 4475 nobis
1973 4421 2183 4478 minati

2302 3267 2616 3335 κατηγόρου,
2652 3268 2742 3314 καὶ
2786 3266 3106 3323 καθεσθῆναι
3145 3266 3215 3327 εἰς
3243 3269 3301 3318 τὸ
3332 3270 3505 3337 μέσον.
3544 3272 3891 3335 Κατηγορεῐτο

2302 3356 2472 3402 τοίνυν
2499 3354 2523 3403 ὃ
2554 3358 2834 3424 Διόσκορος
2870 3357 3011 3427 παρά
3044 3373 3099 3407 τε
3124 3364 3221 3406 των
3252 3363 3341 3407 τοῦ
3370 3354 3569 3427 Ῥώμης
3596 3373 3889 3427 τοποτηρη-

2300 3449 2418 3511 τῶν,
2453 3448 2541 3492 καὶ
2566 3440 2813 3494 Εὐσεϐίου
2838 3452 2930 3495 τοι)
2970 3443 3256 3496 ἐπίσκοπον
3301 3444 3603 3519 Δορυλαίου,
3648 3445 3747 3508 ὅτι,
3796 3448 3891 3501 τὴν

2299 3529 2577 3588 ἐπιστολήν
2621 3538 2712 3582 τοῦ
2760 3532 3048 3602 ἁγιωτάτου
3090 3536 3240 3585 πάπα
3287 3538 3506 3595 Λέοντος
3546 3534 3753 3593 ἑπτάκις
3809 3532 3893 3584 ἐπί

2298 3622 2500 3672 πάντων
2551 3621 2752 3692 ὀμόσας
2775 3619 3163 3693 ἀναγινώσκειν,
3202 3621 3296 3673 οὐκ
3326 3620 3516 3692 ἀνέγνω
3537 3644 3551 3655 -
3599 3627 3688 3674 καὶ
3717 3626 3893 3674 ἐντευ-

2300 3711 2380 3761 θεν
2411 3715 2633 3783 κρίνεται
2656 3712 2725 3771 ως
2754 3708 3006 3783 ἕπιορκος·
3039 3715 3126 3762 καὶ
3150 3714 3231 3761 ὅτι
3261 3715 3347 3761 τόν
3378 3709 3426 3761 ἐν
3454 3710 3618 3780 ἁγίοις
3657 3707 3886 3762 Φλαϐία-

2296 3802 2402 3863 νόν,
2452 3802 2522 3859 ὡς
2563 3802 2875 3873 κατάκριτον
2915 3801 3064 3858 εὐθὺς
3106 3799 3375 3867 εἰσήγαγε,
3416 3804 3503 3849 καὶ
3542 3795 3658 3849 οὐδ’
3696 3797 3888 3851 ἀπολο-

2296 3891 2420 3958 γίας
2472 3888 2692 3951 ἠξίωσεν
2740 3888 2845 3941 άλλ⁹
2897 3886 3108 3961 ἀκρίτως
3154 3890 3287 3939 οὕτω
3325 3887 3554 3940 καθεῖλεν
3595 3886 3769 3943 αὐτόν.
3825 3887 3888 3939 Ὀ

2300 3972 2359 4028 δὲ
2398 3982 2677 4052 Δίόσκορος
2726 3978 3133 4049 ἀπολογούμενος
3170 3975 3253 4029 ἐπὶ
3291 3979 3496 4038 τούτοις
3538 3975 3720 4048 ἔλεγεν·
3779 3976 3891 4029 Οὐκ

2297 4065 2410 4140 ἐμοὶ
2439 4073 2578 4141 μόνῳ
2608 4075 2698 4127 τὴν
2744 4076 2915 4142 κρίσιν
2959 4074 2985 4121 6
3026 4066 3270 4142 βασιλεὺς
3313 4066 3604 4143 ἐπέτρεψεν,
3645 4066 3773 4119 ἀλλὰ
3800 4072 3892 4121 καὶ

2296 4153 2616 4229 Ἰουϐεναλίῳ
2654 4163 2745 4210 καὶ
2797 4158 3085 4229 Θαλασσιῳ
3131 4162 3221 4209 καὶ
3267 4164 3376 4217 τοῖς
3418 4155 3639 4220 λοιποῖς,
3680 4162 3768 4209 καὶ
3806 4155 3891 4208 ἐπὶ

2294 4252 2398 4305 τοῖς
2428 4251 2747 4321 κεκριμένοις
2776 4253 2922 4299 πᾶσα
2954 4251 3228 4318 συνῄνεσεν
3258 4247 3287 4304 ἡ
3324 4242 3566 4306 συνοδοςθ
3602 4247 3650 4297 οἱ
3680 4242 3739 4297 δὲ
3770 4243 3889 4296 ἀνα-

2290 4333 2484 4387 τολικοὶ
2532 4334 2808 4389 ἐπίσκοποι
2856 4334 3154 4399 ἐξϐόεησαν·
3211 4334 3286 4387 Οὐ
3339 4339 3421 4395 τὶς
3474 4342 3742 4407 συνῇνεσε,
3792 4333 3890 4406 βια

2291 4422 2500 4493 ἐγένετο,
2554 4422 2856 4497 καθαίρεσις
2902 4428 3025 4497 ἡμῖν
3073 4423 3352 4488 ἠπειλήθη,
3396 4432 3711 4497 στρατιῶται
3758 4426 3889 4496 μετὰ

530 4512 691 4571 sunt.
723 4507 903 4564 nobis
924 4506 1233 4563 instabant
1259 4524 1399 4563 cum
1444 4506 1675 4563 baculis
1703 4513 1761 4565 et
1790 4508 2004 4579 gladiis
2034 4511 2180 4568 mili-

2291 4512 2496 4586 βάκλων
2551 4518 2639 4566 καὶ
2700 4517 2853 4585 ξιφῶν
2902 4511 3193 4584 ἇφίσταντο,
3252 4515 3342 4562 καὶ
3379 4512 3507 4582 μετὰ
3552 4510 3763 4582 πληγῶν
3818 4514 3888 4574 εὶς

528 4600 638 4667 tes,
678 4600 735 4654 et
761 4594 980 4653 ictibus
1024 4595 1215 4667 pressi
1255 4595 1319 4651 in
1353 4595 1561 4652 charta
1605 4611 1731 4653 non
1772 4598 1995 4670 scripta
2041 4600 2182 4658 sub-

528 4685 903 4759 scripsimus.

594 4775 651 4831 7.
672 4775 819 4832 Cum
840 4772 1089 4830 Basilius
1112 4772 1390 4830 Seleucia:
1403 4773 1814 4832 vehementius
1829 4776 2177 4837 Dioscorum

521 4864 1008 4937 reprehenderet,
1038 4868 1096 4921 et
1123 4868 1279 4919 recte
1305 4868 1516 4920 contra
1545 4865 1871 4937 Eutychem
1902 4869 2175 4940 opinare-

517 4963 631 5024 tur,
665 4953 835 5010 illum
873 4952 1399 5023 interrogaverunt
1426 4954 1747 5025 praesides:
1781 4972 1971 5028 quare
2010 4974 2172 5015 nunc

512 5048 672 5100 recte
701 5042 983 5115 opinans,
1010 5041 1371 5114 depositioni
1414 5042 1674 5100 Flaviani
1717 5044 2170 5118 subscripsisti?

511 5131 611 5188 ille
640 5137 844 5188 autem
879 5131 1001 5187 vim
1045 5146 1080 5187 a
1128 5131 1408 5189 Dioscoro
1448 5132 1781 5190 adhibitam
1826 5137 2163 5206 praetendit.

509 5224 659 5278 Cum
690 5224 892 5278 autem
907 5220 1007 5277 hic
1020 5219 1295 5276 dixisset:
1322 5223 1451 5277 Non
1473 5222 1791 5294 oportebat
1813 5230 1868 5280 te
1884 5224 2162 5282 homines

502 5308 896 5367 reformidare
943 5308 1026 5365 ita
1066 5313 1134 5364 ut
1170 5309 1702 5381 reprehensionem
1731 5311 2066 5371 incurreres
2103 5320 2161 5373 et

500 5397 788 5468 caderes;
837 5398 1187 5471 respondit:
1241 5398 1299 5456 Si
1344 5404 1484 5455 ante
1523 5401 1809 5472 praesides
1837 5402 2150 5473 stetissem,

493 5491 861 5561 protestatus
890 5503 1085 5544 essem
1112 5504 1125 5554 ;
1157 5504 1195 5545 a
1218 5492 1273 5546 te
1303 5493 1505 5545 autem
1526 5489 1851 5562 judicatus,
1883 5498 1949 5549 ut
1976 5509 2012 5550 a
2042 5509 2149 5566 pa-

488 5582 577 5636 tre
587 5578 908 5650 justo,non
935 5593 1127 5635 ausus
1157 5594 1314 5647 sum,
1338 5579 1533 5637 Filius
1549 5581 1728 5645 enim,
1751 5581 1966 5654 inquit,
1987 5600 2026 5643 α
2038 5601 2148 5655 pa-

2288 4605 2517 4676 ἄγραφον
2561 4605 2769 4677 χάρτην
2810 4601 3205 4676 ὑπεγράψαμεν.

2363 4781 2420 4843 ς’.
2483 4781 2752 4834 Βασίλείου
2785 4776 2844 4834 δε
2894 4787 2987 4832 τοῦ
3026 4778 3319 4840 Σελευκειας
3350 4775 3696 4853 σφοδρότερον
3735 4775 3881 4847 ἐλέγ-

2282 4891 2468 4943 χοντος
2514 4875 2813 4945 Διόσκορον,
2860 4874 2951 4922 καὶ
2998 4868 3159 4943 ὀρθῶς
3201 4871 3334 4920 κατὰ
3371 4869 3638 4940 Εὑτυχοῠς
3682 4861 3879 4936 δόγμα»

2281 4963 2527 5032 τίζοντος,
2585 4963 2864 5036 ἠρώτησαν
2913 4958 3068 5012 αὐτόν
3117 4959 3166 5009 οἱ
3212 4959 3481 5032 ἄρχοντες
3524 4957 3619 5008 Διά
3666 4958 3736 5023 τί,
3790 4961 3879 5004 νῦν

2281 5052 2447 5128 ὀρθῶς
2521 5047 2777 5121 δοξάζων,
2856 5046 3161 5124 ὑπέγραψας
3233 5052 3350 5101 τότε
3424 5053 3486 5118 τῇ
3564 5045 3880 5118 καθαιρέσάι

2276 5142 2613 5209 Φλαϐιανοῡ;
2684 5140 2741 5193 Ὀ
2801 5135 2860 5192 δὲ
2924 5143 3020 5197 τὴν
3087 5136 3143 5189 ἑκ
3218 5142 3504 5209 Διοσκόρου
3569 5132 3877 5207 προεϐάλετο

2276 5233 2418 5307 βίαν.
2477 5232 2699 5286 Ἐκείνου
2751 5224 2811 5281 δὲ
2853 5227 3105 5294 εἰπόντος,
3159 5224 3271 5276 Οὐκ
3319 5221 3427 5277 ἔδει
3475 5242 3533 5275 σε
3577 5222 3877 5295 ἀνθρώπους

2271 5304 2585 5389 ἓντραπῆναι
2651 5310 2722 5373 εἰς
2795 5310 3124 5380 κατάγνωσιν
3186 5310 3277 5357 καὶ
3352 5304 3423 5366 εἰς
3488 5307 3688 5356 πτώσίν
3754 5321 3873 5371 σου,

2269 5402 2589 5479 ἀπεκρίνετοο
2656 5399 2718 5452 Εἰ
2781 5402 2912 5473 πρὸς
2966 5396 3231 5468 ἄρχοντας
3307 5394 3475 5464 εἶχον,
3532 5394 3878 5467 ἐμαρτύρησα

2265 5495 2346 5548 ἄν.
2407 5493 2552 5568 παρὰ
2610 5498 2705 5542 σοῦ
2753 5486 2832 5553 δὲ,
2873 5503 3188 5563 κρινόμενος,
3238 5486 3299 5547 ὡ,
3346 5484 3489 5555 παρά
3536 5487 3737 5558 πατρὸς
3785 5480 3876 5535 δι·-

2262 5586 2438 5651 καίου,
2488 5580 2583 5634 οὐκ
2612 5582 2881 5651 ἐχρώμην·
2924 5582 3057 5637 Παῖς
3095 5592 3221 5648 γαρ,
3268 5577 3423 5645 φησί,
3480 5578 3646 5646 πατρὶ
3693 5569 3881 5628 δικαια

4103 330 4105 411 ι

4104 414 4105 473 ι
