4126 6228
558 292 628 349 47
1874 283 2144 344 NICETAS
2191 291 2200 334 4

2310 285 2607 344 ΚΟΝΙΑΤᾸΕ

561 419 774 473 cantur
803 413 1077 487 acephali
1107 427 1231 470 non
1259 416 1614 486 receperunt
1639 412 1940 470 enoticum
1961 409 2200 468 Zenonis

2325 409 2513 472 αὐτοὺς
2571 411 2835 473 σώζεσθαι
2882 410 2930 464 ἕν
2995 417 3211 488 Χριστῷ
3266 416 3359 471 τὴν
3411 411 3651 473 ἀλήθειαν
3697 421 3789 476 τῆς
3829 415 3922 468 ἀν-

561 504 959 577 imperatoris,
1018 503 1164 577 quia
1209 503 1270 559 in
1322 502 1423 559 illo
1487 518 1611 560 non
1679 501 2217 559 anathematizatur

566 594 1066 650 Chalcedonensis
1115 591 1408 665 synodus.
1447 591 1730 666 Acephali
1776 596 1978 648 autem
2021 589 2212 646 vocati

564 688 722 749 sunt,
756 699 826 739 eo
856 681 1020 755 quod
1044 697 1168 739 non
1191 681 1482 738 haberent
1510 682 1849 754 episcopos.
1867 678 2029 735 Unde
2051 677 2217 751 apud

565 774 729 844 ipsos
779 770 1196 827 deﬁcientibus
1241 769 1558 843 episcopis,
1601 785 1725 826 non
1765 768 1993 825 faciunt
2019 765 2216 838 bapti-

568 878 703 917 sma
727 861 903 932 juxta
944 859 1418 916 ecclesiasticum
1462 875 1780 926 canonem,
1831 857 1933 913 sed
1989 860 2214 912 sancta:

568 951 918 1024 Epiphaniae
948 950 1095 1006 festo
1121 966 1313 1022 aquas
1337 949 1644 1018 hauriunt,
1670 963 1890 1021 easque
1907 961 2214 1003 reservan-

567 1044 654 1096 tes
686 1041 745 1095 in
773 1040 842 1095 iis
861 1039 1194 1111 baptizant;
1220 1038 1323 1094 sed
1355 1054 1551 1111 neque
1572 1037 1948 1094 collationem
1967 1035 2210 1091 faciunt:

566 1129 1057 1186 communionem
1095 1144 1238 1185 vero
1267 1128 1558 1184 habentes
1589 1144 1661 1184 ex
1691 1127 1957 1200 pristinis
1986 1129 2214 1197 tempo-

563 1219 732 1275 ribus
753 1218 1132 1282 eustoditam,
1153 1233 1225 1273 ex
1253 1232 1328 1273 ea
1350 1233 1457 1290 per
1481 1217 1697 1272 festum
1724 1215 1965 1272 Paschae
1997 1214 2213 1272 tenuis-

564 1309 750 1366 simas
778 1312 976 1382 partes
1006 1306 1501 1365 convenientibus
1539 1305 1881 1379 porrigunt.

634 1592 718 1650 lo.
759 1586 872 1648 Alii
916 1589 1260 1661 Julianistaa,
1320 1593 1422 1648 aut
1481 1589 1723 1648 Cainitm
1775 1587 2058 1645 dicuntur
2103 1586 2210 1660 qui

559 1678 792 1738 Domini
821 1680 1033 1738 Christi
1060 1695 1282 1753 corpus
1314 1683 1580 1736 creatum
1606 1677 1854 1752 quidem
1877 1676 2086 1732 dicunt
2109 1676 2204 1731 in-

2327 501 2584 573 θρωπίνης
2641 504 2861 572 φύσεως·
2921 503 2969 554 οἱ
3025 498 3083 554 δὲ
3147 501 3452 576 καλούμενοι
3510 504 3784 576 Ἀκέφαλοι
3828 506 3922 558 οὐκ

2325 586 2565 654 ἐδέξαντο
2631 595 2689 644 τὸ
2755 592 2991 644 ἑνωτικὸν
3042 599 3132 645 τοῦ
3191 591 3450 665 βασιλέως
3505 600 3757 666 Ζήνωνος,
3829 592 3924 649 διὰ

2325 683 2384 732 τὸ
2422 686 2495 754 μὴ
2565 679 3043 754 ἀναθεματισθῆναι
3099 681 3148 734 ἐν
3196 683 3335 753 αὑτῷ
3374 688 3467 742 τήν
3511 683 3558 736 ἐν
3617 682 3923 744 Χαλκηδόνι

2328 766 2566 824 σύνοδον.
2619 770 2890 842 Ἀκέφαλοι
2948 767 3006 824 δὲ
3048 770 3345 829 ἐκλήθησαν
3401 771 3456 824 ἐκ
3512 773 3604 825 τοῦ
3665 779 3736 846 μὴ
3779 777 3923 847 ἔχειν

2325 857 2656 920 ἐπισκόπους
2702 862 2833 932 ὅθεν,
2881 859 3212 913 ἐκλειπόντων
3242 869 3341 913 τῶν
3373 861 3492 936 παρ’
3529 863 3704 924 αὐτοῖς
3749 865 3920 938 ἱερέων

2324 945 2448 1001 οὐδε
2513 947 2796 1022 βάπτισμα
2858 959 3072 1003 ποιοῦσι
3136 953 3272 1004 κατὰ
3331 954 3417 1004 τὸν
3483 951 3921 1010 ἐκκλησιαστικὸν

2321 1043 2530 1104 κανόνα,
2564 1037 2669 1090 ἀλλ’
2711 1038 2758 1091 ἐν
2920 1039 3066 1113 ἑορτῇ
3096 1047 3194 1092 τῶν
3220 1041 3382 1112 ὑφίων
3413 1047 3706 1115 Θεοφανίων
3740 1043 3922 1119 ἀρύον-

2321 1147 2409 1180 ται
2469 1125 2662 1193 ὕδατα,
2717 1132 2805 1180 καὶ
2860 1136 3028 1182 ταῦτα
3082 1128 3438 1202 φυλάττοντες,
3474 1129 3831 1204 βαπτίζουσι-ιν
3871 1133 3920 1187 ἕν

2323 1218 2518 1281 αὐτοῖς·
2562 1217 2672 1270 ἀλλ’
2729 1215 2852 1270 οὐδε
2893 1215 3260 1293 προσκομιδὴν
3302 1227 3562 1273 ποιοῦσιν·
3621 1223 3830 1294 ἔχοντες
3860 1219 3920 1278 δὲ

2321 1313 2588 1361 κοινωνίαν
2645 1307 2700 1360 ἐκ
2757 1307 3075 1382 παλαιτέρων
3127 1311 3330 1383 χρόνων
3387 1309 3798 1383 πεφυλαγμένην,
3861 1314 3919 1377 ἐξ

2321 1397 2486 1458 αὐτῆς
2510 1399 2643 1450 κατὰ
2687 1402 2779 1456 τήν
2823 1396 3006 1470 ἑορτὴν
3036 1404 3128 1450 τοῦ
3160 1399 3362 1471 Πάσχα
3392 1402 3746 1473 σμικροτάτας
3771 1407 3913 1476 μερί-

2321 1483 2415 1548 δας
2445 1495 2553 1548 τοῖς
2577 1494 2818 1540 συνιοῦσι
2847 1482 3115 1540 διδόασιν.

2392 1593 2446 1649 ι’.
2481 1593 2659 1647 Ἀλλοι
2715 1592 3108 1663 Ἰουλιανισταὶ,
3157 1597 3316 1667 ἤγουν
3378 1599 3683 1668 Γαῖανίται,
3745 1596 3916 1672 λέγον-

2316 1702 2424 1753 ται,
2457 1683 2639 1746 οἵτινες
2669 1686 2728 1735 τό
2781 1691 2931 1756 σῶμα
2982 1690 3075 1736 τοῦ
3131 1689 3393 1738 Δεσπότου
3432 1693 3663 1762 Χριστοῦ
3700 1686 3915 1760 λέγουσι

555 1770 916 1844 corruptible
955 1774 1155 1826 autem
1203 1786 1274 1825 ex
1324 1769 1458 1842 ipsa
1500 1767 1933 1840 incorruptibili
1973 1782 2200 1823 assum-

2314 1777 2526 1826 κτιστόν
2574 1777 2684 1846 μὲν,
2743 1771 3002 1848 ἄφθαρτον
3078 1769 3137 1826 δὲ
3192 1772 3246 1837 ἐξ
3305 1773 3468 1838 αὐτῆς
3527 1785 3622 1839 τῆς
3685 1774 3914 1852 ἀφθόρου

554 1859 778 1932 ptione.
831 1858 939 1915 Alii
988 1863 1188 1915 autem
1238 1857 1447 1914 dicunt
1501 1875 1573 1915 ex
1629 1857 1731 1914 illa
1786 1855 2204 1928 assumptione

549 1963 673 2005 iion
695 1949 880 2006 modo
927 1947 1374 2021 incorruptibile
1418 1963 1566 2014 esse,
1601 1947 1707 2002 sed
1737 1951 1794 2003 et
1830 1946 2202 2013 increatum;

547 2039 785 2110 utrique
835 2037 1165 2093 Julianisttn
1241 2036 1526 2110 appellati
1603 2040 1744 2092 sunt
1816 2051 1890 2091 ex
1962 2034 2203 2090 Juliano

545 2128 816 2202 quodam
870 2128 1326 2184 Halicarnasseo
1373 2127 1555 2199 hujus
1594 2125 1881 2183 doctrinae
1908 2131 2151 2182 auctore
2184 2141 2199 2193 ;

546 2219 784 2274 Cainitaa
811 2234 846 2274 a
871 2217 1056 2275 Caino
1098 2233 1309 2273 eorum
1346 2231 1510 2290 papa
1541 2215 1910 2272 Alexandriae
1939 2214 2117 2284 facto,
2147 2217 2204 2271 et

541 2307 757 2363 Juliani
805 2321 1158 2363 successore
1205 2306 1458 2378 ejusque
1511 2305 1870 2375 dogmatum
1919 2304 2197 2372 fautore;

541 2411 696 2468 quos
753 2395 846 2451 sui
891 2393 1220 2452 adversarii
1258 2393 1715 2451 Phantasiastas
1762 2399 1819 2450 et
1843 2393 2200 2450 Manichaeos

538 2488 777 2542 vocant.
835 2484 899 2540 Hi
950 2499 1091 2541 vero
1148 2474 1526 2540 adversarios
1573 2498 1717 2539 suos
1773 2481 2198 2538 Phtartolatras

539 2573 964 2646 (corruptionis
1018 2571 1300 2642 cultores)
1353 2576 1409 2629 et
1469 2571 1834 2628 Ctenolatras
1884 2568 2194 2640 (interfecti

540 2662 821 2733 cultores)
853 2662 1207 2730 nominant;
1234 2660 1538 2719 Severiani
1562 2665 1619 2717 et
1646 2665 1950 2731 Agnoetm,
1977 2659 2082 2732 qui
2112 2659 2198 2716 di-

540 2757 686 2808 cunt
723 2754 912 2809 Deum
957 2750 1216 2808 Verbum
1248 2751 1455 2807 omnia
1483 2765 1753 2818 noscere,
1783 2750 2012 2806 unitam
2056 2765 2195 2807 vero

540 2840 653 2915 ipsi
713 2840 1109 2915 personaliter
1163 2840 1602 2897 humanitatem
1640 2839 1831 2896 multa
1874 2839 2193 2910 ignorare;

539 2930 910 3004 quiquidem
941 2946 1015 2986 ex
1046 2945 1158 2987 sua
1195 2929 1469 2986 doctrina
1492 2932 1774 3000 Agnoetre
1807 2928 1884 2985 ab
1911 2929 2192 2986 adversa-
2306 2952 2493 2988 στασιν
2561 2935 2939 3004 ἀνθρωπότπτα
3012 2933 3176 2987 πολλὰ
3260 2933 3476 3004 ἀγνοεῖν·
3555 2938 3739 2996 οἵτινες
3801 2933 3903 2987 ἀπὸ

539 3021 640 3077 riis
665 3019 960 3078 nominati
979 3024 1148 3088 sunt;
1177 3023 1317 3076 sunt
1336 3024 1538 3076 autem
1564 3024 1620 3076 et
1643 3018 1960 3085 Severiani,
1985 3019 2194 3075 Conto-

2310 3031 2395 3076 τοῦ
2462 3020 2722 3097 δόγματος
2820 3023 3097 3096 Ἀγνοῆται
3182 3024 3566 3096 ὠνομάσθησαν
3641 3025 3741 3077 ὑπὸ
3805 3031 3903 3077 τῶν

538 3107 828 3178 babditm,
878 3107 984 3184 qui
1025 3108 1234 3166 dicunt
1280 3124 1471 3165 unum
1529 3111 1715 3164 Deum
1747 3124 2000 3165 numero
2040 3123 2190 3175 esse,

2310 3112 2541 3166 ἐναντίων
2608 3113 2805 3174 αὐτοῖς·
2873 3112 3033 3186 ἕτεροι
3109 3108 3168 3166 δὲ
3229 3112 3522 3188 Σεϐηρίται,
3564 3114 3612 3167 οἱ
3651 3118 3740 3167 καὶ
3781 3120 3905 3168 Κον·

541 3217 663 3256 non
693 3205 898 3256 autem
917 3214 1023 3272 per
1047 3198 1254 3256 omnia
1275 3197 1453 3254 simili
1473 3197 1812 3271 aequalitate
1833 3202 1891 3255 et
1910 3197 2194 3254 eumdem

541 3287 780 3346 Putrem
807 3291 866 3345 et
897 3287 1107 3344 Filium
1151 3291 1210 3344 et
1251 3286 1542 3360 Spiritum
1581 3290 1857 3343 sanctum
1904 3287 2192 3356 dicentes,

539 3378 645 3451 qui
683 3375 1140 3434 Contobabditie
1168 3376 1464 3432 nominati
1493 3381 1633 3432 sunt
1671 3392 1707 3432 a
1737 3375 1862 3432 suis
1907 3375 2196 3433 adversa-

541 3465 667 3535 riis,
683 3465 828 3538 quia
847 3465 910 3522 in
935 3465 1005 3520 iis
1025 3463 1570 3536 Constantinopolis
1591 3464 1864 3538 partibus
1886 3480 2024 3536 quae
2050 3468 2196 3522 Con-

543 3553 857 3611 tobabdon
897 3551 1212 3610 dicebatur
1259 3552 1682 3609 detestandum
1715 3551 2028 3625 quoddam
2061 3569 2198 3610 con-

544 3642 710 3700 clave
732 3641 1040 3699 habebant
1063 3657 1257 3714 eoque
1295 3640 1334 3696 ii
1363 3641 1467 3713 qui
1495 3639 1632 3696 talia
1661 3641 2016 3705 sentiebant,
2050 3642 2198 3698 sole-

542 3733 692 3789 bant
711 3730 1048 3790 convenire.
1074 3729 1185 3796 Qui
1205 3744 1346 3786 vero
1367 3729 1722 3786 dicebantur
1745 3730 2198 3788 Contobabditae

547 3825 601 3878 et
632 3819 736 3894 qui
776 3819 1152 3876 vocabantur
1194 3823 1495 3888 Agnoetae,
1544 3818 1716 3890 prius
1752 3819 1996 3892 quidem
2023 3836 2200 3877 voea-

546 3911 768 3967 bantur
816 3907 1217 3966 Theodosiani
1263 3911 1328 3964 ut
1375 3907 1773 3964 Theodosium
1824 3907 2197 3964 Alexandriae

548 4001 901 4074 episcopum
930 3997 1304 4070 recipientes.
1342 3996 1738 4053 Anathemate
1769 4004 1967 4054 autem
1993 3998 2070 4054 ab
2096 3997 2196 4054 illo

547 4091 841 4164 percussi,
857 4092 1140 4160 Agnoetie
1165 4086 1410 4160 quidem
1427 4093 1668 4159 propter
1686 4088 2038 4156 ignorantiae
2060 4089 2199 4144 doc-

547 4182 788 4246 trinam,
823 4177 1400 4249 Contobabditteque
1430 4192 1501 4233 eo
1531 4176 1694 4250 quod
1722 4192 1842 4232 non
1868 4177 2202 4249 reciperent

539 4269 623 4344 de
649 4271 851 4324 sancta
895 4266 1173 4324 Trinitate
1203 4266 1538 4322 doctrinam
1570 4265 1648 4321 ab
1687 4265 1817 4337 ipso
1848 4267 2194 4338 repositam,

2310 4270 2368 4327 δε
2415 4270 2828 4327 Κοντοϐαϐδὶται
2878 4270 2971 4327 διὰ
3023 4276 3082 4325 τὸ
3130 4275 3201 4345 μὴ
3251 4268 3508 4334 δέξασθαι
3555 4277 3642 4325 τόν
3672 4277 3788 4346 περὶ
3813 4277 3907 4334 τὴς

548 4359 832 4429 deinceps
850 4372 974 4412 non
999 4357 1127 4426 jam
1151 4355 1547 4412 Theodosiani
1577 4360 1869 4412 vocantur
1891 4373 1926 4412 a
1950 4356 2074 4412 suis
2095 4356 2198 4413 ad-

2310 4363 2461 4435 αγίκς
2512 4359 2739 4437 Τριάδος
2787 4368 2955 4434 Λόγον
3007 4366 3094 4414 τὸν
3142 4360 3229 4414 ὑπ’
3287 4361 3446 4414 αὐτὸν
3479 4362 3762 4430 ἐκτεθέντα,
3802 4361 3909 4414 λοιο

547 4445 850 4515 versariis,
881 4461 955 4502 ex
1004 4461 1128 4518 quo
1175 4460 1299 4500 non
1344 4443 1638 4516 recipiunt
1680 4444 2102 4514 Theodosium,
2135 4450 2200 4503 ut

2310 4457 2403 4505 πὸν
2455 4452 2627 4505 οὐκέτι
2672 4449 3015 4519 Θεοδοσιανοι
3071 4450 3347 4505 καλοῦνται
3405 4453 3506 4503 ὑπὸ
3527 4460 3626 4504 τῶν
3671 4449 3906 4502 ἕναντίων

547 4537 773 4592 dictum
805 4539 910 4590 est.
957 4532 1071 4590 Sed
1101 4533 1198 4590 alii
1223 4548 1294 4588 ex
1325 4532 1598 4588 doctrina
1629 4549 1739 4588 sua
1769 4539 2070 4604 Agnoetae,
2099 4535 2196 4590 alii

547 4642 618 4682 eo
647 4624 781 4680 loco
822 4622 1292 4680 Contobabditm.
1327 4624 1394 4678 Et
1431 4622 1802 4678 concordant
1849 4623 2095 4695 quidem
2136 4624 2198 4680 in

549 4715 673 4770 suis
705 4714 778 4770 de
810 4717 976 4770 Patre
1003 4718 1059 4768 et
1088 4712 1226 4768 Filio
1248 4717 1303 4768 et
1343 4711 1561 4784 Spiritu
1592 4717 1800 4768 saneto
1827 4729 2102 4770 sermone
2135 4719 2200 4772 ut

549 4820 734 4859 unam
774 4802 1109 4860 doctrinam
1153 4805 1443 4870 tenentes,
1487 4801 1831 4873 discrepant
1883 4820 2046 4874 vero,
2089 4819 2197 4877 per

545 4894 899 4965 ignorantia;
930 4892 1290 4948 doctrinam.
1315 4893 1721 4963 Severumque
1743 4892 2037 4964 recipiunt
2056 4895 2194 4950 utri-

544 4999 684 5056 que,
716 4981 1043 5040 Antiochia:
1068 4981 1294 5040 factum
1322 4981 1700 5054 episcopum,
1736 4987 2108 5057 quapropter
2136 4989 2194 5043 et

545 5073 815 5132 Severitaa
841 5072 1134 5130 nominati
1161 5076 1320 5129 sunt.

2315 1861 2637 1934 συλλήψεως·
2690 1864 2853 1936 ἕτεροι
2905 1865 2954 1914 οί
3019 1861 3242 1934 λέγοντες
3301 1867 3360 1916 τό
3429 1873 3582 1938 σῶμα
3619 1873 3710 1918 τοῦ
3738 1872 3914 1940 Χρισ-

2312 1959 2403 2004 τοῦ
2453 1953 2510 2004 οὗ
2563 1956 2716 2024 μόνον
2768 1952 3027 2025 ἄφθαρτον
3075 1949 3128 2014 ἐξ
3173 1951 3337 2014 αὐτῆς
3396 1952 3714 2025 συλλήψεως.
3785 1952 3915 2008 ἀλλὰ

2311 2047 2401 2094 καὶ
2457 2043 2723 2094 ἄκτιστον·
2785 2042 3018 2114 ἕκάτεροι
3070 2036 3129 2093 δε
3190 2040 3559 2096 Ἰουλιανισταὶ
3616 2042 3910 2102 ἐκληθησαν

2313 2129 2413 2184 ἀπὸ
2489 2130 2772 2185 Ἰουλιανοῦ
2851 2149 2989 2192 τινος
3071 2128 3476 2206 ’Δλικαρνασέως
3565 2133 3910 2206 κατάρξαντος

2310 2228 2402 2273 τοῦ
2438 2217 2706 2293 δόγματος
2734 2220 2926 2273 αὐτῶν·
2976 2226 3244 2272 Γαῖανίται
3296 2217 3356 2273 δὲ
3399 2220 3500 2274 ἀπὸ
3551 2228 3770 2276 Γαῖανοῦ
3818 2231 3910 2277 τοῦ

2309 2315 2582 2385 γενομένου
2642 2312 2808 2363 αὑτῶν
2866 2312 3016 2363 πάπα
3058 2309 3106 2363 ἐν
3155 2307 3538 2386 Ἀλεξανδρείᾳ,
3582 2319 3671 2366 καὶ
3719 2310 3905 2367 διαδε-

2311 2398 2529 2472 ξαμένου
2600 2398 2896 2465 Ἰουλιανόν,
2955 2401 3044 2451 καὶ
3086 2399 3153 2451 τὰ
3209 2395 3452 2472 δόγματα
3493 2401 3672 2454 αῦτόὺ·
3729 2401 3812 2463 οὓς
3858 2405 3908 2456 οἱ

2308 2488 2528 2540 ἐναντίοι
2585 2488 2752 2540 αὐτῶν
2810 2490 3210 2549 Φαντασιαστὰς
3275 2493 3364 2540 καὶ
3427 2493 3766 2560 Μανιχαίους
3818 2509 3910 2541 κα-

2306 2577 2475 2630 λοῦσι·
2536 2583 2626 2630 καὶ
2677 2576 2821 2630 οὗτοι
2874 2573 2934 2630 δὲ
2991 2581 3106 2639 τοὺς
3155 2576 3414 2639 ἐναντίους
3466 2577 3632 2630 αὐτῶν
3673 2578 3902 2652 φθαρτο-

2305 2665 2497 2742 λάτρας
2548 2672 2638 2719 καὶ
2698 2665 3049 2741 κτηνολάτρας
3106 2665 3456 2739 ὀνομάζουσιδ
3506 2665 3778 2740 Σεϐηρῐται
3842 2662 3901 2719 δε

2305 2758 2354 2809 οἱ
2400 2760 2490 2808 καὶ
2538 2754 2839 2827 Ἀγνοῆται,
2898 2758 2946 2808 οἱ
2991 2755 3219 2828 λέγοντες
3271 2759 3359 2829 μὲν
3414 2758 3498 2808 τὸν
3543 2759 3673 2808 Θεὸν
3730 2759 3901 2827 Λόγον

2303 2847 2474 2898 πάντα
2525 2852 2821 2918 γινώσκειν,
2875 2847 2969 2904 τὴν
3023 2840 3081 2898 δὲ
3138 2845 3398 2918 ἡνωμένην
3438 2843 3577 2916 αὐτῷ
3615 2843 3730 2897 καθ’
3773 2844 3902 2897 ὑπό-

2306 2952 2493 2988 στασιν
2561 2935 2939 3009 ἀνθρωπότητα
3012 2933 3176 2987 πολλὰ
3260 2933 3476 3007 ἀγνοεῖν·
3555 2938 3739 2996 οἵτινες

2304 3199 2637 3271 τοϐαϐδῐται,
2691 3205 2740 3255 οἱ
2793 3201 3021 3274 λέγοντες
3065 3201 3153 3256 ἕνα
3201 3207 3329 3258 Θεὸν
3381 3199 3511 3256 εἶναι
3553 3212 3626 3276 τῷ
3679 3201 3904 3276 ἀριθμῷ,

2305 3295 2394 3345 καὶ
2442 3292 2570 3364 οὐχὶ
2626 3299 2686 3365 τῇ
2735 3289 3116 3364 ἀπαραλλάκτῳ
3173 3292 3394 3365 ἰσότητι,
3459 3299 3548 3347 καὶ
3601 3296 3685 3346 τὸν
3751 3290 3904 3344 αὑτὸν

2306 3386 2514 3458 Πατέρα
2560 3381 2651 3433 καί
2702 3383 2820 3434 Υἰόν
2867 3386 2957 3434 καὶ
3014 3380 3162 3453 ἅγιον
3223 3389 3430 3456 Πνεῦμα
3483 3387 3782 3456 φάσκοντες,
3831 3381 3904 3433 ei-

2306 3489 2434 3533 τινες
2499 3466 2913 3524 Κοντοεαϐδῐται
2980 3469 3365 3543 ὠνομάσθησαν
3435 3473 3535 3525 ὐπό
3599 3480 3696 3525 τῶν
3759 3470 3904 3524 ἐναν-

2306 3566 2428 3612 τίων
2468 3560 2656 3629 αὐτῶν,
2699 3556 2792 3612 διὰ
2837 3563 2892 3612 τὸ
2935 3557 2984 3612 ἐν
3041 3568 3152 3622 τοῖς
3201 3559 3490 3634 λεγομένοις
3541 3557 3906 3615 Κοντοϐάϐδου

2308 3648 2355 3702 ἐν
2425 3648 2960 3702 Κωνσταντινουπόλει
3027 3651 3167 3722 ἔχειν
3231 3669 3284 3703 τι
3344 3654 3580 3724 μυσαρὸν
3644 3655 3907 3707 συνακτή-

2307 3757 2438 3813 ριον,
2505 3736 2654 3791 κάκεῖ
2721 3739 3042 3810 συνάγεσθαι
3106 3741 3222 3799 τοὺς
3285 3741 3348 3790 τὰ
3395 3745 3607 3790 τοιαῦτα
3655 3745 3902 3810 φρονοῦν-

2475 3825 2634 3880 Οὖτοι
2694 3823 2751 3880 δὲ

2309 3917 2614 3989 καλούμενόι
2673 3915 2970 3989 Ἀγνοῆται,
3043 3926 3242 3990 πρῶτον
3295 3918 3384 3986 μὲν
3436 3913 3710 3967 ἐκαλοῦντο
3769 3923 3904 3967 Θεο-

2308 3847 2416 3888 τας.
2475 3825 2634 3880 Οὗτοι
2694 3823 2751 3880 δὲ
2800 3827 2849 3881 οἰ
2901 3826 3162 3901 λεγόμενοι
3217 3821 3644 3893 Κοντοϐαϐδῐται,
3703 3827 3750 3878 οἱ
3815 3830 3906 3878 καὶ

2310 4003 2588 4075 δοσιανοὶ,
2653 4010 2722 4068 ὡς
2788 4003 3073 4060 Θεοδόσιον
3149 4001 3425 4076 δεχόμενοι
3489 4009 3574 4057 τὸν
3636 4009 3904 4078 γενόμενον

3636 4091 3669 4148 δ
3673 4099 3695 4148 ι
3786 4109 3907 4169 παρ’

2310 4185 2469 4237 αὐτοῦ
2499 4186 2548 4237 οἱ
2573 4187 2661 4256 μὲν
2722 4183 2999 4256 Ἀγνοῆται
3047 4178 3140 4235 δια
3190 4186 3248 4235 τὸ
3276 4178 3451 4254 δόγμα
3479 4191 3570 4244 τῆς
3599 4182 3824 4255 ἀγνοίας,
3857 4184 3906 4234 οἱ

2309 4098 2483 4148 πάπαν
2560 4092 2968 4170 ’Δλεξανδρείαςν
3064 4091 3550 4167 ἀναθεματισθέντες

2310 4543 2496 4610 αὐτῶν,
2553 4539 2733 4600 ἐπειδὴ
2793 4542 2851 4594 οῦ
2899 4537 3147 4614 δέχονται
3195 4544 3269 4592 ἔτι
3318 4536 3626 4606 Θεοδόσιον,
3669 4541 3735 4601 ὡς
3757 4541 3902 4614 εἴρη-

2308 4652 2417 4702 ται,
2463 4631 2567 4684 ἀλλ’
2617 4631 2667 4684 οἰ
2721 4635 2811 4704 μεν
2872 4630 2926 4683 ἑκ
2991 4639 3084 4684 τοῦ
3134 4627 3396 4703 δόγματος
3443 4629 3817 4701 Ἀγνοῆται,οἰ
3847 4625 3906 4682 δε

2307 4720 2362 4774 εκ
2409 4730 2500 4774 τοῦ
2548 4726 2730 4789 τόπου,
2784 4717 3216 4774 Κοντοϐαϐδῐται·
3275 4724 3364 4772 καὶ
3430 4726 3767 4792 συμφωνοῦσι
3813 4721 3904 4789 μὲν

2306 4810 2536 4880 ἀλλήλοι;
2607 4811 2838 4885 ἑκάτεροι
2903 4811 2974 4871 εἰς
3025 4813 3108 4862 τὸν
3162 4814 3279 4882 περὶ
3311 4812 3518 4884 Πατρός
3546 4813 3634 4860 καὶ
3661 4810 3782 4861 Υὶοῦ
3813 4811 3904 4859 καὶ

2307 4900 2458 4973 ἁγίου
2509 4905 2804 4974 Πνεῦματος
2846 4900 3018 4971 λόγον,
3061 4899 3128 4961 ὡς
3185 4897 3233 4951 ἓν
3291 4895 3465 4971 δόγμα
3509 4901 3732 4969 ἔχοντες,
3776 4892 3905 4948 δια-

2303 4997 2531 5061 φωνοῦσι
2566 4986 2625 5043 δὲ
2654 4994 2726 5052 εὶς
2755 4992 2811 5042 τό
2842 4992 2960 5062 περὶ
3002 4997 3097 5048 τῆς
3129 4985 3341 5059 ἀγνοίας
3373 4982 3568 5058 δόγμα·
3599 4983 3819 5060 Σεϐῆρον
3845 4980 3906 5037 δε

2302 5077 2551 5151 δέχονται
2639 5075 2698 5132 δὲ
2783 5078 3016 5151 ἑκάτεροι
3091 5080 3179 5130 τὸν
3249 5080 3516 5148 γενόμενον
3581 5076 3907 5148 ’Δντιοχείας

2300 5167 2601 5223 ἐπίσκοπον·
2636 5165 2723 5222 διὸ
2754 5173 2845 5221 καὶ
2876 5165 3150 5241 Σεϐηρὶται
3180 5167 3580 5239 ἁνομάσθησαν.

613 5271 696 5330 tl.
736 5269 848 5330 Alii
893 5270 1188 5343 Severitaa,
1229 5269 1626 5329 Theodosiani
1683 5277 1740 5331 et
1787 5274 2184 5346 Paulianistie,

2372 5277 2442 5329 ια’
2505 5275 2685 5330 Ἀλλοι
2740 5273 3040 5350 Σεϐηρῖται,
3115 5274 3166 5327 οἱ
3245 5277 3335 5326 καὶ
3396 5268 3739 5326 Θεοδοσιανοὶ
3812 5273 3904 5324 καὶ

534 5365 638 5437 qui
661 5363 980 5435 prtedictos
1000 5363 1278 5418 Severum
1299 5367 1356 5418 et
1379 5362 1866 5421 Theodosianum
1886 5366 2188 5438 accipiunt

537 5461 756 5510 etcum
800 5449 911 5508 illis
949 5449 1200 5508 Paulum
1250 5451 1541 5508 Melanum
1586 5455 1947 5523 cognomine
1983 5455 2085 5528 qui
2123 5456 2184 5512 in

533 5561 645 5600 sua
683 5544 756 5599 de
799 5546 964 5599 Patre
1012 5547 1068 5599 et
1121 5541 1256 5598 Filio
1289 5547 1345 5598 et
1394 5543 1612 5616 Spiritu
1657 5551 1864 5602 sancto
1910 5545 2183 5604 doctrina

528 5652 670 5693 cum
690 5632 1142 5694 Contobabditis
1163 5632 1590 5703 consentirent,
1615 5633 1956 5709 discrepant
1977 5642 2180 5696 autem

2298 5366 2699 5437 Παυλιανισταὶ,
2743 5368 2792 5419 οἱ
2850 5363 3130 5438 δεχόμενοι
3184 5361 3406 5438 Σεϐῆρον
3463 5366 3553 5413 καὶ
3612 5355 3902 5413 Θεοδόσιον

2293 5462 2413 5518 τοὺς
2442 5456 2760 5529 εἰρημένους,
2815 5461 2906 5508 καὶ
2958 5459 3050 5506 σὺν
3104 5453 3276 5516 αὐτοῖς
3333 5450 3532 5505 Παῦλον
3570 5453 3655 5502 τὸν
3687 5448 3902 5508 ἐπίκλην

2293 5548 2541 5615 Μελανὸν,
2613 5549 2796 5608 οῖτινες
2851 5544 2898 5597 ἐν
2951 5548 3041 5618 μὲν
3096 5553 3168 5616 τῷ
3225 5547 3342 5618 περὶ
3397 5544 3604 5616 Πατρός
3641 5546 3732 5592 καὶ
3773 5539 3898 5594 Υἰοῦ

2289 5641 2380 5693 καὶ
2453 5637 2611 5711 ἁγιου
2695 5638 2994 5710 Πνεῦματος
3076 5630 3307 5708 δόγματι
3382 5639 3725 5707 συμφωνοῦσι
3785 5635 3898 5693 τοῖς
