4126 6228
199 328 254 385 49
1575 324 1927 380 THESAURI
1970 325 2096 380 LIB.
2140 325 2225 381 IX.

201 447 672 517 Κοντοϐαϐδίταις,
734 447 1061 523 διαφωνοῦσι
1111 447 1169 503 δὲ
1213 453 1337 526 πρὸς
1394 449 1610 510 ἐκείνους
1646 448 1695 500 ἐν
1743 457 1804 518 τᾷ

1928 448 2006 504 ab
2029 447 2252 521 iis,ipsi
2279 450 2525 522 quidem
2552 451 2908 523 recipientes
2934 449 3334 510 Theodosium
3353 454 3409 508 et
3435 454 3580 508 Pau-

199 546 301 604 τοῦς
319 544 409 613 μὲν
435 537 725 612 δέχεσθαι
737 537 1026 594 Θεοδόσιον
1048 546 1139 592 καὶ
1159 539 1358 593 Παῦλον
1380 539 1451 601 ἐις
1473 539 1811 603 ἐπισκόπους,

197 638 301 693 τοὺς
331 628 389 683 δῖε
413 627 869 692 Κοντοϐαϐὃίτας
895 629 1210 704 ἀμφοτέρους
1227 628 1610 682 ἀποϐάλλεσθαι
1638 643 1650 658 ⁸
1669 628 1814 680 ἄλλοι

197 719 482 794 Σεϐηρῖται,
557 719 619 772 οἱ
680 726 774 772 καὶ
823 715 1166 772 Θεοδοσιανοῖ
1206 724 1293 770 καὶ
1359 718 1672 790 Ἀγγελίται,
1722 723 1812 770 καὶ

197 814 563 882 Σαμιανισταὶ,
601 811 660 862 οἱ
689 806 972 881 δεχόμενοι
997 807 1212 882 Σεϐῆρον
1243 813 1332 860 καί
1372 805 1654 861 Οεοδόσιον
1692 811 1813 868 τοὺς

197 901 672 973 μνημονευθέντας,
698 904 789 950 καὶ
819 901 1072 970 Δαμιανόν
1096 902 1189 950 σῦν
1212 898 1404 964 αῦτοὶς,
1430 899 1615 958 οἵτινες
1632 897 1809 969 λέγου-

198 1009 268 1042 σιν
295 989 447 1040 ἄλλον
480 992 580 1060 μὶν
611 985 748 1041 εἶναι
771 991 859 1040 τόν
893 992 1112 1061 Πατέρα,
1143 993 1234 1038 καὶ
1267 986 1416 1038 ὧλον
1446 991 1531 1039 τὸν
1565 990 1700 1051 Υἰόν,
1721 991 1810 1040 καὶ

194 1079 328 1132 ἄλλον
369 1082 430 1130 τὸ
483 1077 842 1152 Παράκλητον
883 1084 1090 1148 Πνεῦμα
1129 1081 1218 1128 καὶ
1257 1077 1424 1148 ἅγιον⁹
1468 1081 1537 1148 μὴ
1583 1075 1710 1129 εἶναι
1751 1073 1810 1128 δὲ

194 1172 372 1221 τούτων
409 1168 649 1220 ἕκαστον
691 1167 808 1218 καθ’
853 1166 1066 1227 ἑαυτοὺς
1103 1169 1280 1237 φύσιν,
1323 1166 1430 1217 αλλ’
1471 1169 1610 1236 ἔχειν
1639 1169 1808 1218 κοινόν

194 1262 329 1324 Θεὸν,
361 1262 539 1328 ἤγουν
575 1259 803 1314 θεότητα
833 1254 1165 1327 ένῦπαρκτον,
1196 1261 1286 1306 καὶ
1324 1258 1518 1316 ταύτης
1558 1260 1806 1327 μετέχον-

193 1368 269 1408 τας
307 1345 642 1420 ἀμερίστως,
691 1347 819 1398 εἶναι
868 1348 993 1395 Θεὸν
1051 1347 1267 1396 ἕκαστον
1307 1366 1318 1377 ·
1362 1344 1577 1396 καλοῦσι
1623 1341 1680 1396 δὲ
1721 1348 1806 1396 τόν

196 1441 276 1507 μεν
323 1440 539 1508 Πατέρα
588 1439 685 1486 καὶ
725 1437 812 1485 τόν
859 1434 974 1484 Υὶόν
1023 1437 1114 1483 καὶ
1159 1436 1216 1484 τό
1253 1433 1396 1502 ἅγιον
1440 1439 1646 1504 Πνεῦμα
1680 1438 1806 1504 μίαν

197 1527 482 1578 ὑπόστασιν
523 1527 618 1576 τόν
648 1519 710 1576 δὲ
739 1525 906 1573 κοινόν
939 1520 1104 1572 αὐτῶν
1136 1524 1258 1572 Θεὸν
1291 1521 1474 1573 οὐσίαν
1505 1528 1594 1574 καὶ
1626 1525 1800 1593 φῦσιν·

201 1613 482 1684 ’Δγγελῖται
527 1610 592 1665 δε
633 1611 930 1671 ἐκλήθησαν
969 1611 1068 1662 ὑπό
1113 1619 1211 1662 τῶν
1257 1609 1491 1662 ἐναντίων
1537 1611 1703 1662 αὐτῶν
1750 1614 1806 1662 ἔκ

204 1721 327 1763 τινος
374 1707 540 1754 τόπου
581 1702 722 1754 οὕτω
769 1701 1084 1772 καλουμένου
1125 1699 1172 1751 ἐν
1232 1696 1612 1774 Ἀλεξανδρείᾳ,
1660 1698 1706 1751 ἐν

1925 537 2050 593 lum
2080 544 2142 594 ut
2188 540 2528 612 episcopos,
2563 540 3017 597 Contobabditis
3051 556 3192 596 vero
3243 546 3570 614 utrumque

1924 627 2373 696 rejicientibus:
2409 628 2506 684 alii
2539 630 2832 697 Severitae,
2868 629 3267 685 Theodosiani
3297 635 3355 684 et
3381 634 3577 702 Ange-

1923 714 2038 772 Ιὶίιιε
2081 721 2137 773 et
2189 718 2610 785 Damianistze,
2653 719 2755 790 qui
2803 724 3173 774 memoratos
3206 720 3488 775 Severum
3519 725 3577 776 et

1923 806 2413 863 Tlieodosianum
2445 807 2762 879 accipiunt,
2791 824 2929 864 cum
2960 808 3028 863 iis
3058 809 3438 876 Damianum,
3471 797 3575 880 qui

1923 896 2132 951 dicunt
2151 897 2335 953 alium
2357 897 2603 969 quidem
2637 914 2771 953 esse
2805 901 3055 964 Patrem,
3081 902 3139 954 et
3159 898 3345 954 alium
3362 899 3574 954 Filium

1923 991 1980 1041 et
2029 985 2215 1042 alium
2265 986 2635 1042 Paracletum
2679 993 2954 1044 sanctum
3005 987 3288 1060 Spiritum
3316 1031 3330 1056 ,
3377 1002 3574 1060 neque

1923 1091 2052 1131 esse
2085 1091 2580 1148 unumquemque
2625 1092 2833 1132 eorum
2882 1093 2987 1149 per
3018 1092 3080 1132 se
3126 1082 3429 1147 naturam,
3462 1077 3571 1134 sed

1922 1165 2142 1222 habere
2198 1180 2584 1220 communem
2640 1167 2848 1231 Deum,
2899 1180 3118 1237 nempe
3173 1165 3457 1222 deitatem
3508 1166 3570 1221 in

1920 1253 2065 1326 ipsis
2101 1258 2465 1317 contentam,
2512 1254 2763 1326 ejusque
2798 1269 2922 1310 non
2957 1254 3282 1325 separatim
3328 1254 3568 1326 partici-

1920 1359 2058 1415 pem
2087 1342 2171 1397 sic
2201 1359 2328 1397 esse
2356 1358 2661 1414 quemque
2696 1345 2880 1396 Deum
2911 1359 2924 1397 :
2968 1346 3187 1398 vocant
3222 1349 3424 1399 autem
3461 1345 3565 1399 Pa-

1919 1437 2068 1488 trem
2099 1437 2157 1488 et
2187 1431 2392 1487 Filium
2431 1436 2487 1486 et.
2524 1432 2807 1503 Spiritum
2845 1436 3123 1488 sanctum
3169 1433 3410 1488 unicam
3437 1448 3568 1505 pcr-

1917 1537 2130 1577 sonam
2151 1535 2564 1586 ;communem
2590 1525 2791 1576 autem
2805 1535 3014 1576 eorum
3035 1523 3221 1577 Deum
3239 1522 3561 1577 essentiam

1919 1616 1974 1666 et
2003 1616 2301 1665 naturam.
2325 1608 2606 1679 Angelitaa
2635 1614 2837 1664 autem
2871 1610 3060 1665 vocati
3098 1615 3237 1665 sunt
3261 1625 3296 1666 a
3322 1609 3444 1664 suis
3465 1610 3567 1666 811·

1919 1699 2192 1754 versariis
2232 1715 2301 1754 ex
2329 1698 2598 1771 quodam
2619 1697 2752 1753 loco
2775 1697 3142 1753 Alexandriae
3184 1699 3268 1755 sic
3295 1698 3470 1768 dicto,
3503 1701 3564 1754 in

209 1797 544 1865 σδνακτήριον
595 1790 810 1862 ἔχοντες
851 1793 902 1842 οἱ
951 1793 1016 1842 τα
1056 1798 1238 1862 πρώτα
1277 1788 1324 1841 ἐν
1368 1789 1543 1850 αὐτοῖς
1576 1793 1804 1862 φέροντες

1916 1804 2038 1860 quo
2069 1787 2348 1843 conclave
2377 1786 2670 1842 habentes
2693 1787 2797 1860 qui
2831 1787 3023 1859 prima
3044 1787 3380 1861 interipsos
3408 1792 3565 1844 tene-

212 1884 534 1950 συνεέγονταισ
567 1881 792 1932 καλοῦσι
835 1877 894 1932 δὲ
937 1879 1120 1939 αὐτοὺς
1159 1881 1208 1930 οἱ
1247 1878 1464 1930 ἐναντίοι
1504 1879 1670 1930 αὐτῶν
1711 1885 1804 1929 Σα-

1915 1877 2078 1942 bant,
2115 1877 2434 1932 convenire
2465 1876 2759 1933 solebant.

215 1969 552 2031 ϐελλιανιστας
589 1974 680 2021 καὶ
711 1965 1030 2043 Τετραδίτας
1054 1985 1065 1998 '
1114 1970 1162 2020 οἱ
1201 1967 1349 2019 αῦτοὶ
1382 1964 1441 2020 δε
1478 1971 1564 2017 καὶ
1613 1971 1958 2038 Δαμιανισταὶ
2008 1967 2390 2038 ὠνομάσθησαν
2433 1964 2531 2018 ἀπὸ
2573 1974 2833 2039 Δαμιανοῦ
2862 1965 3150 2019 ἐπισκόπου
3178 1966 3365 2020 αῦτῶν.
3396 1963 3560 2022 Οὗτοι

217 2066 446 2135 πρότερον
489 2063 578 2133 μὲν
620 2057 868 2131 ἐδέχοντο
899 2062 984 2111 τόν
1014 2060 1430 2130 μνημονενοέντα
1459 2057 1657 2109 Παῦλον
1699 2057 1764 2118 εἰς
1796 2055 2096 2122 ἐπίσκοπον,
2127 2057 2342 2129 ὕστερον
2375 2052 2434 2108 δὲ
2463 2063 2640 2108 τοῦτον
2667 2055 3000 2121 ἀπεϐαλοντο,
3038 2053 3132 2108 διὰ
3157 2060 3216 2109 τὸ
3246 2066 3561 2118 κοινωνῆσαι

221 2149 364 2202 αὐτόν
393 2159 450 2223 τῇ
475 2150 598 2222 ἁγίᾳ
622 2148 873 2221 καθολικῇ
916 2154 1003 2200 καὶ
1037 2146 1356 2218 ἁποστολικῇ
1396 2145 1704 2218 Ἐκκλησία,
1738 2151 1824 2198 καὶ
1854 2143 1888 2198 ὃ

293 2256 382 2329 ιβ’.
427 2257 600 2312 Ἄλλοι
656 2255 953 2329 Σεϐηρῖται,
997 2259 1158 2327 ἤγουν
1203 2250 1570 2322 Θεοδοσιανοὶ,
1613 2256 1661 2306 οἱ
1716 2259 1806 2307 καὶ

233 2353 484 2420 Πετρῖται,
508 2350 553 2400 οἱ
581 2343 850 2419 δεχόμενοι
878 2348 966 2398 τόν
1006 2348 1233 2416 ἔσχατον
1264 2347 1452 2416 Πέτρον
1484 2343 1555 2405 εἰς
1583 2342 1804 2396 ἐπίσκο-

250 2453 352 2504 πον,
399 2438 587 2501 οἶτινες,
633 2432 892 2507 δεχόμενοι
941 2431 1228 2488 Θεοδόσιον
1286 2437 1375 2484 καὶ
1439 2431 1656 2505 Σεϐῆρον
1714 2436 1804 2484 καὶ

251 2528 443 2597 Πέτρον,
493 2529 727 2596 Δαμιανὸν
782 2523 841 2576 οῦ
917 2519 1332 2599 προσδέχονται,
1390 2518 1514 2574 οῦδὲ
1579 2521 1802 2592 Παῦλον⁹

236 2611 510 2684 αἰτιώμενοι
531 2616 590 2664 τὰ
614 2609 852 2685 δόγματα
879 2612 1130 2686 ἑκατέρων
1156 2629 1169 2642 ’
1203 2610 1518 2684 ὁμολογοῦσι
1543 2613 1643 2684 γὰρ
1673 2615 1802 2663 Θεὸν

227 2702 348 2752 κατὰ
384 2699 636 2770 ἀλήθειαν,
682 2706 772 2754 καὶ
817 2701 1021 2769 οὐσίαν,
1070 2705 1160 2754 καὶ
1208 2703 1380 2773 φῦσιν,
1435 2701 1651 2753 ἕκαστον
1684 2698 1800 2752 καθ’

226 2789 404 2854 ἑαυτὸν,
436 2794 519 2844 τόν
547 2795 756 2863 Πατέρα
795 2795 887 2843 καὶ
919 2794 1004 2844 τόν
1039 2789 1158 2843 Υἰόν
1188 2795 1277 2841 καὶ
1315 2793 1371 2842 τό
1412 2789 1560 2862 ἅγιον
1593 2795 1803 2862 Πνεῦμα

221 2877 443 2948 λέγοντες,
474 2880 570 2932 οῦκ
597 2879 826 2955 ἀριθμῷ,
855 2879 981 2944 ἀλλὰ
1002 2888 1062 2952 τῇ
1089 2878 1470 2953 ἁπαραλλάκτῳ
1500 2878 1797 2936 οῦσιότητι·

219 2967 290 3029 οῦς
319 2970 363 3020 οἱ
393 2968 776 3041 Ἀγγελιανῖται
815 2971 926 3039 (ita
965 2971 1130 3039 cod.)
1183 2972 1272 3021 καὶ
1319 2969 1368 3021 οἱ
1416 2967 1799 3022 Παυλιανισταὶ

212 3059 460 3129 Τριθείτας
511 3059 857 3132 ὀνομάζουσι·
907 3063 996 3113 καὶ
1051 3055 1194 3112 οὗτοι
1240 3057 1394 3112 πάλιν
1425 3056 1649 3120 ἐκείνους
1676 3061 1798 3111 ποτὲ

208 3150 286 3218 μὶν
315 3147 760 3216 Σαϐελλιανιστὰς,
784 3145 994 3217 ποτεζδὲ
1017 3145 1341 3224 Τιτραδίτας
1367 3164 1380 3177 ⁸
1413 3148 1559 3201 ἄλλοι
1591 3147 1798 3221 Σεϐηρῖ-

206 3256 298 3306 ται,
323 3242 484 3310 ἤγουν
507 3234 871 3309 Θιοδοσιανοὶ,
902 3241 952 3291 οἱ
981 3243 1071 3291 καὶ
1107 3245 1407 3306 Κονωνῖται,
1435 3240 1484 3291 οἰ
1519 3235 1798 3311 δεχόμενοι

204 3323 472 3380 Θεοδόσιον
502 3333 596 3380 καὶ
621 3327 864 3403 Σεϐῆρον,
891 3331 980 3381 καὶ
1013 3331 1104 3380 σὺν
1136 3327 1313 3389 αὐτοῖς
1353 3331 1562 3380 Κόνωνα
1589 3326 1798 3380 ἐπισκο-
1839 3303 1880 3359 C

201 3434 318 3468 πον·
369 3419 560 3478 οἵτινες
609 3422 700 3470 καὶ
763 3417 911 3470 αὐτοὶ
953 3417 1270 3491 ὁμολογοῦσι
1323 3421 1450 3472 Θεόν
1491 3418 1620 3470 εἶναι
1662 3421 1798 3470 κατὰ

201 3504 450 3576 ἀλήθειαν,
493 3511 585 3559 καὶ
635 3509 810 3578 φύσιν,
838 3511 926 3559 καὶ
956 3507 1139 3560 οὐσίαν
1174 3510 1410 3573 ἕκαστον,
1453 3510 1539 3558 τόν
1591 3511 1798 3581 Πατέρα

195 3594 410 3665 λέγοντες
440 3601 534 3648 καὶ
571 3599 657 3648 τὸν
688 3597 805 3649 Υἱόν
849 3602 937 3650 καὶ
967 3600 1024 3650 τὸ
1051 3598 1200 3668 οἶγιον
1232 3604 1462 3670 Πνεῦμα,
1503 3600 1580 3650 ἔτι
1609 3617 1668 3670 γι
1691 3603 1794 3670 μήν

197 3703 308 3754 φασι
335 3690 436 3736 καὶ
466 3691 606 3760 τρεῖς
634 3686 952 3748 ὑποστάσεις
987 3691 1080 3744 τὴν
1112 3684 1264 3756 ἁγίαν
1290 3682 1516 3760 Τριάὸα,
1543 3691 1634 3738 καὶ
1675 3691 1796 3760 τρία

194 3777 467 3847 πρόσωπα·
499 3782 632 3849 τρεῖς
660 3770 720 3827 δέ
757 3795 896 3836 τινας
924 3783 998 3846 τῷ
1028 3774 1233 3848 ἀριθμῷ
1275 3775 1455 3836 οὐσίας
1494 3775 1583 3827 καί
1614 3777 1794 3848 φύσεις

194 3864 300 3926 ἴσας
339 3863 782 3938 ἀπαραλλάκτους
819 3867 954 3916 κατὰ
1002 3869 1096 3922 τὴν
1141 3867 1361 3922 ϐιότητα
1409 3864 1633 3936 λέγοντες
1672 3869 1794 3937 μίαν

191 3971 234 4005 τι
265 3954 483 4020 οῦσίαν,
526 3958 685 4026 ἤγουν
716 3957 891 4027 φύσιν,
922 3958 1012 4008 καὶ
1040 3960 1164 4027 μίαν
1194 3956 1431 4021 Θεότητα,
1457 3959 1616 4026 ἤγουν
1638 3958 1788 4023 Θεὸν,

192 4046 272 4100 τὴν
307 4043 478 4115 ἁγίαν
511 4046 598 4094 καὶ
661 4044 942 4115 ὐμοοῦσιον
987 4039 1198 4118 Τριαδα
1248 4042 1636 4116 ὁμολογοῦντες,
1699 4043 1793 4096 οῦκ

192 4131 420 4206 ἀριθμῷ,
469 4130 598 4185 ἄλλα
623 4139 683 4205 τῇ
731 4130 1110 4208 ἀπαραλλάκτῳ
1157 4134 1384 4202 Θεότητι,
1423 4136 1550 4207 πρὸς
1581 4134 1728 4196 θεοὺς
1760 4132 1791 4192 ἣ

193 4223 442 4284 Θεότητας
459 4222 620 4294 λέγειν
644 4230 1038 4297 παραιτοῦνται.

252 4419 344 4491 ιγ’.
401 4421 504 4471 Καὶ
533 4412 679 4470 οὗτοι
718 4413 776 4471 δὲ
825 4416 1043 4492 Σεϐῆρον
1097 4421 1187 4471 καὶ
1229 4414 1509 4472 Θεοδόσιον
1569 4415 1790 4493 δεχόμεσ

190 4527 271 4574 νοι,
337 4511 460 4560 οῦτέ
497 4510 773 4579 Δαμιανόν,
815 4511 931 4560 οῦτε
978 4507 1200 4573 Παῦλον,
1243 4511 1361 4561 οῦτε
1418 4511 1504 4560 τόν
1561 4511 1791 4582 ἔσχατον

193 4602 381 4670 Πέτρον
425 4591 702 4668 δέχονται.
757 4596 988 4649 Καλοῦσι
1035 4593 1095 4651 δὲ
1137 4601 1228 4649 καὶ
1265 4600 1474 4658 τούτους
1516 4600 1565 4650 οἱ
1604 4597 1660 4650 ἔκ
1692 4605 1791 4650 Δα-

193 4694 375 4757 μιανοῦ
438 4691 528 4738 καὶ
587 4686 793 4740 Παύλου
849 4689 1139 4762 Τριθείτας,
1171 4692 1260 4740 καὶ
1304 4688 1444 4741 οὗτοι
1477 4684 1535 4741 δὲ
1575 4687 1792 4750 ἐκείνους
1825 4659 1867 4713 D

194 4775 513 4851 ὀνομάζουσι
564 4779 688 4828 ποτε
747 4779 837 4849 μὲν
895 4775 1261 4840 Σαϐελλιανοῦς
1326 4782 1416 4831 καὶ
1480 4777 1792 4851 Ἀρτεμωνι-

198 4868 336 4935 στας,
390 4867 516 4916 ποτε
581 4862 642 4918 δὲ
697 4861 1062 4940 Τιτραδίτας·
1110 4862 1413 4920 διίστανται
1459 4864 1518 4920 δὲ
1555 4871 1645 4920 καὶ
1689 4867 1791 4920 ἀπὸ

197 4961 388 5032 Πέτρου
428 4963 523 5008 τοῦ
573 4954 807 5028 ἐσχάτου
851 4960 940 5008 καί
970 4964 1068 5008 τῶν
1103 4959 1196 5009 σὺν
1227 4956 1366 5028 αῦτῷ
1390 4970 1404 4986 ⁸
1441 4952 1582 5009 διότι
1612 4954 1794 5009 ἐκεῖνοι

200 5048 277 5101 μεν
343 5047 752 5120 παραιτούμενοι
805 5052 944 5120 τρεῖς
991 5045 1154 5119 λέγειν
1212 5050 1395 5113 Θεοὺς,
1456 5047 1617 5118 ἤγουν
1685 5048 1793 5100 Θεό-

199 5153 350 5198 τητας
391 5141 549 5210 τρεῖς,
603 5138 689 5188 τὸν
736 5139 942 5210 Πατέρα
985 5139 1192 5188 καὶτὸν
1232 5138 1350 5188 Υἰὸν
1398 5140 1488 5188 καὶ
1536 5139 1594 5189 τὸ
1646 5137 1795 5208 ἅγιον

203 5230 420 5298 Πνεῦμα,
467 5229 848 5298 παραιτοῦνται
901 5229 992 5278 καὶ
1045 5228 1103 5278 τὸ
1141 5225 1304 5298 λέγειν
1345 5231 1480 5299 τρεῖς
1535 5233 1608 5296 τῷ
1675 5223 1798 5299 ἀρι-

204 5314 302 5384 θμῷ
362 5312 548 5374 οῦσίας
599 5315 718 5372 ἴσας
750 5318 839 5364 καὶ
895 5311 1325 5389 ἀπαραλλάκτους
1371 5328 1385 5342 ⁸
1445 5313 1588 5366 οὗτοι
1627 5309 1686 5366 δὲ
1739 5315 1798 5365 τὸ

202 5405 278 5472 μεν
329 5402 499 5474 λέγειν
555 5408 694 5476 τρεῖς
731 5405 908 5471 Θεοῦς,
951 5407 1113 5474 ἤγουν
1167 5405 1436 5468 θεότητας,
1477 5409 1798 5475 παραιτοῦν-

204 5511 296 5545 ται·
333 5499 474 5566 τρεῖς
513 5487 572 5544 δὲ
612 5499 684 5562 τῷ
725 5489 928 5566 ἀριθμῷ
967 5492 1172 5563 οῦσίας,
1222 5496 1384 5564 ἤγουν
1445 5494 1620 5565 φύσεις
1658 5495 1801 5554 τινὰς

203 5584 331 5650 ἴσας,
382 5579 732 5655 ὁμολογοῦσιν
760 5595 773 5614 ⁵
810 5583 858 5637 οἱ
907 5578 958 5637 δ’
999 5581 1100 5637 ἀπὸ
1164 5586 1396 5645 Κόνωνος
1431 5585 1677 5655 πρότερον
1719 5577 1802 5635 δε-

1892 2145 2108 2209 έξασοαι
2138 2149 2231 2203 τήν
2268 2145 2417 2216 ἁγίαν
2445 2143 2492 2196 ἐν
2523 2141 2827 2202 Χαλκηδόνι
2861 2142 3099 2198 σύνοδον.

1995 2257 2080 2309 1'2.
2119 2251 2226 2308 Alii
2247 2251 2542 2316 Severitze,
2577 2267 2794 2324 nempe
2825 2251 3222 2308 Tlieodosiani
3249 2253 3353 2326 qui
3383 2258 3440 2310 et
3467 2253 3566 2308 Pe-

1914 2342 2083 2407 tritze,
2117 2340 2475 2412 accipientes
2513 2339 2791 2396 ultimum
2820 2341 3058 2396 Petrum
3089 2347 3154 2398 ut
3185 2342 3564 2414 episcopum,

1914 2433 2018 2506 qui
2047 2430 2452 2488 Theodosium
2485 2434 2542 2486 et
2579 2429 2870 2486 Severum
2919 2434 2976 2486 et
3015 2433 3248 2488 Petrum
3274 2431 3569 2504 accipien-

1915 2525 2018 2589 tes,
2074 2519 2432 2576 Damianum
2491 2535 2614 2577 non
2677 2519 2980 2590 accipiunt
3026 2535 3224 2593 neque
3269 2519 3519 2577 Paulum
3551 2564 3567 2587 ,

1913 2608 2229 2682 utriusque
2254 2607 2545 2678 dogmata
2565 2607 2974 2667 criminantes.
3007 2608 3376 2667 Conﬁtentur
3405 2610 3566 2666 enim

1914 2699 2100 2754 Deum
2139 2698 2202 2754 in
2250 2698 2497 2755 veritate
2553 2703 2610 2755 et
2661 2698 2924 2755 essentia
2979 2703 3037 2755 et
3078 2703 3316 2766 natura,
3353 2715 3568 2756 unum—

1911 2801 2218 2858 quemque
2244 2801 2351 2859 per
2377 2786 2668 2859 seipsum,
2703 2789 2936 2843 Patrem
2967 2790 3024 2843 et
3055 2786 3265 2844 Filium
3293 2791 3352 2844 et
3381 2787 3566 2862 Spiri-

1911 2879 2040 2933 tum
2063 2881 2340 2932 sanctum
2362 2874 2786 2946 dicentes,non
2803 2891 3082 2940 numero,
3104 2875 3208 2932 sed
3231 2892 3339 2950 per
3363 2878 3568 2934 omnia

1912 2965 2093 3022 simili
2117 2969 2534 3038 natura;quos
2562 2965 2947 3037 Angelianitaa
2971 2971 3026 3022 et
3051 2965 3430 3022 Paulianistae
3451 2968 3571 3023 Tri-

1911 3054 2123 3111 theitas
2152 3055 2491 3122 nominant,
2525 3059 2704 3129 atque
2735 3055 2816 3112 illi
2854 3071 3098 3112 rursum
3133 3070 3238 3112 eos
3278 3071 3439 3111 nunc
3468 3057 3568 3112 Sa-

1906 3142 2298 3213 bellianistas,
2324 3159 2486 3200 nunc
2529 3144 2885 3201 Tetraditas.
2918 3143 3028 3200 Alii
3072 3143 3364 3210 Severitae,
3398 3159 3566 3200 nem-

1907 3250 1982 3306 pe
2011 3233 2412 3290 Theodosiani
2439 3233 2544 3306 qui
2577 3234 2976 3304 etCononitae,
2996 3233 3347 3306 recipientes
3376 3234 3564 3290 Theo-

1907 3323 2146 3380 dosium
2177 3327 2234 3378 et
2265 3324 2544 3379 Severum
2562 3326 2618 3380 et
2637 3337 2775 3377 cum
2791 3321 2862 3378 iis
2883 3324 3187 3378 Cononem
3209 3321 3561 3395 episcopum

1905 3413 2012 3489 qui
2057 3418 2116 3470 et
2165 3413 2282 3485 ipsi
2331 3412 2690 3469 conﬁtentur
2734 3415 2922 3468 Deum
2966 3427 3101 3469 esse
3131 3411 3193 3469 in
3221 3413 3468 3470 veritate
3505 3420 3564 3472 et

1906 3507 2125 3560 natura
2145 3508 2202 3560 et
2218 3502 2477 3559 essentia
2498 3517 3018 3575 unumquemque,
3038 3505 3269 3559 Patrem
3295 3503 3561 3559 dicentes

1907 3597 1964 3650 et
2009 3593 2221 3650 Filium
2260 3598 2317 3650 et
2356 3591 2639 3664 Spiritum
2681 3596 2988 3658 sanctum,
3019 3590 3221 3648 adhuc
3255 3591 3465 3650 dicunt
3505 3599 3563 3650 et

1905 3687 2024 3740 tres
2050 3684 2414 3758 hypostases
2446 3687 2721 3739 sanctam
2751 3681 3096 3738 Trinitatem
3127 3686 3185 3738 et
3209 3686 3327 3739 tres
3354 3698 3560 3756 perso-

1903 3788 2034 3844 nas,
2064 3778 2183 3829 tres
2208 3788 2352 3828 vero
2381 3787 2636 3828 numero
2673 3770 2963 3827 essentias
2995 3775 3052 3827 et
3081 3775 3333 3828 naturas
3358 3789 3560 3846 aequa-

1902 3861 1989 3919 les
2019 3869 2074 3918 et
2095 3862 2428 3919 secundum
2460 3861 2832 3916 divinitatem
2858 3875 2967 3934 per
2985 3861 3192 3918 omnia
3223 3861 3448 3918 similes
3473 3862 3559 3917 di-

1904 3956 2125 4008 centes.
2152 3954 2344 4007 Unam
2381 3955 2580 4006 autem
2611 3949 2936 4006 essentiam
2984 3965 3205 4024 nempe
3243 3955 3554 4019 naturam,

1903 4046 1961 4100 et
2006 4056 2194 4098 unam
2235 4041 2632 4111 divinitatem,
2667 4054 2886 4112 nempe
2932 4039 3150 4109 Deum,
3183 4043 3454 4097 sanctam
3497 4047 3557 4097 et

1901 4129 2478 4188 consubstantialem
2524 4129 2822 4184 Trinatem
2852 4128 3226 4197 conﬁtentes,
3275 4143 3399 4185 non
3445 4143 3554 4185 nu-

1901 4236 2091 4288 mero,
2119 4220 2224 4276 sed
2251 4218 2553 4276 simillima
2585 4217 2920 4289 Divinitate,
2945 4220 3065 4274 tres
3093 4217 3241 4276 deos
3270 4222 3375 4276 aut
3399 4217 3553 4276 divi-

1901 4312 2118 4369 nitates
2147 4310 2345 4367 dicere
2365 4312 2719 4380 arguuntur.

1972 4421 2055 4476 13.
2081 4420 2270 4490 Atque
2303 4417 2341 4472 ii
2365 4417 2651 4474 Severum
2673 4417 2730 4472 et
2747 4413 3152 4474 Theodosium
3175 4417 3550 4491 recipientes,

1901 4523 2098 4582 neque
2130 4506 2491 4563 Damianum
2532 4519 2729 4577 neque
2755 4504 3028 4574 Paulum,
3051 4521 3249 4578 neque
3271 4506 3552 4564 ultimum

1903 4600 2136 4654 Petrum
2169 4595 2486 4668 recipiunt.
2522 4597 2883 4666 Nuncupant
2917 4597 3119 4650 autem
3150 4610 3254 4651 eos
3281 4595 3554 4654 Damiani

1901 4689 1958 4743 et
1987 4684 2155 4742 Pauli
2185 4683 2447 4740 fautores
2489 4681 3048 4756 Tritheitas;atque
3086 4681 3170 4739 illi
3214 4699 3320 4740 eos
3364 4685 3556 4740 nomi-

1897 4780 2048 4833 nant
2075 4790 2238 4831 nunc
2280 4773 2528 4847 quidem
2574 4770 2945 4829 Sabellianos
2992 4776 3048 4829 et
3092 4773 3554 4842 Artemonistas,

1900 4880 2064 4922 nunc
2085 4868 2286 4920 autem
2314 4860 2664 4920 Tetraditas.
2696 4860 2762 4916 In
2793 4876 2864 4918 eo
2902 4867 3109 4918 autem
3152 4877 3190 4918 a
3222 4862 3394 4919 Petro
3421 4861 3557 4919 ulti-

1901 4972 2002 5014 mo
2047 4957 2102 5012 et
2146 4955 2278 5026 ejus
2310 4952 2647 5010 fautoribus
2693 4951 3076 5020 dissentiunt,
3109 4952 3276 5026 quod
3313 4952 3397 5010 illi
3433 4955 3564 5028 qui-

1902 5045 2042 5102 dem
2072 5047 2390 5100 renuentes
2421 5041 2618 5098 dicere
2643 5045 2762 5098 tres
2811 5041 2978 5111 deos,
3010 5056 3230 5114 nempe
3260 5045 3378 5099 tres
3417 5041 3564 5099 divi-

1902 5135 2142 5198 nitates,
2174 5133 2412 5189 Patrem
2457 5136 2514 5187 et
2566 5129 2776 5187 Filium
2821 5135 2877 5187 et
2915 5131 3198 5204 Spiritum
3246 5137 3560 5199 sanctum,

1904 5223 2187 5281 noluntet
2216 5221 2412 5278 dicere
2443 5225 2559 5277 tres
2587 5235 2842 5278 numero
2867 5222 3156 5278 essentias
3187 5221 3452 5295 aequales
3495 5239 3565 5279 ac

1905 5327 2013 5386 per
2061 5311 2269 5368 omnia
2316 5309 2580 5379 similes;
2628 5310 2667 5366 ii
2721 5316 2926 5368 autem
2967 5315 3083 5368 tres
3127 5311 3275 5368 deos
3325 5311 3562 5376 dicere;

1907 5417 2126 5474 nempe
2177 5400 2516 5456 divinitates
2572 5398 2847 5457 abnuunt
2890 5419 2904 5470 ;
2953 5405 3069 5458 tres
3123 5417 3264 5456 vero
3311 5415 3568 5456 numero

1909 5491 2223 5562 essentias,
2259 5504 2478 5562 nempe
2508 5494 2756 5547 naturas
2800 5489 3100 5564 quasdam
3131 5488 3396 5562 aequales
3434 5502 3572 5542 con-

1912 5582 2177 5641 ﬁtentur.
2206 5579 2319 5648 Qui
2367 5595 2404 5639 ο.
2451 5581 2691 5639 Conone
2740 5579 2886 5638 dicti
2923 5584 3085 5650 sunt,
3125 5579 3292 5652 prius
3327 5572 3571 5636 Joannis

3512 333 3580 388 50

3975 939 3988 952 ,ι

3995 1225 4002 1232 ο

4035 849 4054 866 ν.

4033 967 4044 976 υ

4055 731 4089 934 ii

4055 951 4089 1240 ἐ

3979 1349 4008 1358 ..-

4057 1309 4082 1328 ω

4055 1333 4082 1348 ul

4043 1371 4058 1394 ί

4053 1357 4089 1452 ‘l

4039 2024 4089 2136 il

4031 3303 4074 3334 ,ἰ

4053 3347 4064 3358 υ

4029 3465 4076 3498 11

4061 3571 4076 3600 ἶ

4043 3629 4054 3642 δ

4061 3913 4070 3926 ὖ

4041 4323 4050 4334 ι

4045 4393 4058 4410 t

4041 4453 4046 4462 ι

4037 5221 4050 5232 δ

4047 5945 4054 5954 ι
