4126 6228
517 325 578 380 51
1850 321 2120 377 NICETE
2169 320 2540 378 CHONIATE
3811 332 3878 384 52

517 443 902 503 Alexandrini
925 444 1301 515 grammatici
1331 459 1518 518 opera
1546 443 1922 518 recipientes,
1951 460 2172 514 cogno-

2289 449 2496 518 χὸμενοι
2525 450 2588 500 τὰ
2620 451 2978 521 συγγάμματα
3018 448 3254 501 Ἰωάννου
3286 445 3662 524 Ἀλεξανδρέως
3699 471 3878 526 γραμ-

518 535 679 592 mine
703 533 1033 607 Philoponi,
1066 537 1124 590 in
1153 535 1400 604 gentiles
1432 537 1652 608 scripta
1690 552 1826 591 cum
1857 535 1986 590 aliis
2019 536 2173 606 ejus-

518 627 656 684 dem
685 625 919 698 scriptis
940 625 1265 698 ipsumque
1295 625 1542 681 demum
1574 625 1926 696 rejecerunt,
1959 631 2015 680 et
2045 626 2173 694 ejus

519 731 725 788 Opera.
773 714 1098 769 Praedictus
1143 715 1302 770 enim
1345 715 1783 787 grammaticus
1825 717 2084 770 Joannes
2113 714 2174 768 in

522 805 646 860 suis
687 804 762 860 ad
792 806 1028 860 Graecos
1054 801 1220 858 libris
1251 807 1307 858 et
1327 803 1385 858 in
1419 803 1550 858 aliis
1579 803 1703 858 suis
1733 803 1968 874 scriptis
1995 803 2176 857 (loeu-

523 899 648 950 erat
673 893 800 949 haec
822 890 1024 948 omnia
1052 907 1308 964 corpora
1337 891 1644 946 sensibilia
1673 891 2010 947 secundum
2040 906 2175 946 ma-

522 982 735 1038 teriam
756 985 813 1038 et
845 981 1101 1036 formam
1129 996 1202 1035 ex
1234 977 1418 1035 nihilo
1444 979 1522 1035 ad
1552 979 1956 1036 exsistentiam
1992 996 2026 1034 a
2059 981 2177 1034 Deo

523 1070 742 1126 educta
791 1083 942 1134 esse,
991 1067 1523 1141 corruptibiiiaque
1574 1069 1704 1124 haec
1761 1084 1891 1124 esse
1938 1068 2094 1123 facta
2125 1073 2180 1124 et

522 1158 776 1216 materia
804 1162 860 1214 et
906 1157 1102 1214 forma
1139 1157 1466 1230 corrumpi,
1509 1173 1579 1213 ac
1613 1174 1722 1230 pro
1750 1157 1845 1213 his
1891 1157 2010 1214 alia
2053 1172 2178 1212 cor-

521 1263 676 1322 pora
712 1247 806 1304 his
853 1245 1192 1302 visibilibus
1228 1246 1476 1302 meliora
1513 1251 1570 1302 et
1614 1246 2088 1318 incorruptibilia
2126 1249 2182 1301 et

525 1342 748 1394 aeterna
769 1353 804 1393 a
829 1339 946 1393 Deo
973 1335 1233 1392 creanda
1267 1352 1396 1392 esse
1422 1355 1435 1404 ;
1467 1337 2181 1407 consummationemque

523 1427 766 1484 dicebat
812 1425 1063 1482 Visibilis
1117 1427 1327 1482 mundi
1377 1426 1692 1482 transitum
1751 1442 1883 1482 esse
1935 1431 1990 1482 et
2039 1427 2184 1484 novi

523 1516 740 1573 mundi
771 1515 1250 1586 generationem;
1275 1515 1773 1570 resurrectionem
1807 1519 2008 1570 autem
2032 1529 2183 1569 mor-

523 1611 767 1661 tuorum
824 1603 1153 1660 definiebat
1213 1620 1342 1660 esse
1397 1603 1783 1659 rationalium
1837 1603 2181 1659 animarum

527 1709 667 1750 cum
718 1692 1091 1766 corruptibili
1165 1707 1416 1766 corpore
1466 1693 1746 1748 unionem
1797 1691 2182 1747 indissolubi-

521 1784 663 1840 lem.

599 1911 684 1966 14.
727 1908 938 1964 Conon
987 1907 1163 1979 igitur
1205 1912 1260 1964 et
1310 1907 1439 1978 ejus
1470 1907 1758 1969 fautores,
1791 1911 1856 1962 ut
1893 1906 2178 1974 diximus,

524 1998 690 2070 prius
720 1997 1080 2066 accipientes
1116 1996 1334 2069 scripta
1377 1996 1438 2052 in
1488 1996 1710 2068 quibus
1753 1996 1880 2051 haec
1927 1994 2183 2051 docebat

523 2091 581 2142 et
605 2085 803 2157 ipsum
836 2085 1229 2158 Philoponum
1254 2085 1672 2156 viventemque
1687 2092 1742 2140 et
1772 2090 1907 2157 post
1927 2091 2181 2140 mortem

523 2173 958 2238 beatiﬁcantes,
990 2173 1232 2229 tandem
1267 2173 1465 2246 ipsum
1500 2173 1667 2230 illum
1704 2179 1760 2229 et
1798 2173 1929 2244 ejus
1962 2173 2183 2245 scripta

523 2265 857 2335 rejecerunt
903 2279 918 2330 ;
969 2275 1400 2335 sermonesque
1449 2264 1704 2336 scriptos
1751 2262 2067 2318 ediderunt
2122 2263 2181 2317 in

524 2353 748 2426 quibus
776 2353 985 2410 dicunt
1015 2368 1272 2428 corpora
1309 2353 1439 2408 haec
1482 2351 1792 2408 sensibilia
1821 2369 1891 2408 ac
1929 2351 2184 2408 visibilia

525 2441 728 2515 quoad
771 2443 1091 2497 materiam
1132 2455 1252 2496 non
1292 2441 1624 2513 corrumpi,
1659 2442 1759 2496 sed
1808 2457 2051 2497 manere
2089 2456 2184 2496 ea-

526 2529 664 2585 dem
689 2534 747 2585 et
769 2525 1024 2586 visibilia
1053 2523 1344 2603 perpetuo
1392 2546 1587 2603 neque
1641 2538 1942 2603 corrupta,
1980 2527 2180 2603 quoad

525 2617 786 2674 formam
828 2623 1029 2674 autem
1072 2619 1270 2675 solum
1311 2620 1617 2691 corrumpi
1651 2625 1707 2675 et
1749 2633 1960 2674 rursus
2003 2619 2182 2674 refor-

525 2707 699 2776 mari,
723 2707 937 2764 eadem
969 2709 1224 2764 materia
1251 2708 1555 2764 meliorem
1583 2709 1836 2764 formam
1867 2709 2182 2781 recipiente

523 2795 1034 2870 incorruptibilem
1053 2815 1066 2864 ;
1088 2797 1533 2868 generationem
1557 2798 1716 2853 enim
1745 2798 1993 2852 visibilis
2012 2814 2185 2852 mun-

521 2883 583 2941 di
631 2885 836 2958 quoad
889 2888 1200 2942 materiam
1241 2891 1297 2942 et
1346 2885 1601 2942 formam
1634 2887 1924 2941 exstitisse
1955 2886 2181 2942 dicunt,

521 2965 681 3030 illius
709 2978 907 3030 autem
931 2975 1713 3046 corruptionem,transitnm
1734 2975 2181 3047 nempe,quoad

525 3063 716 3120 solam
745 3064 1024 3120 formam.
1067 3065 1369 3121 Materiam
1396 3063 1576 3130 enim,
1623 3068 1684 3119 ut
1721 3063 2002 3126 diximus,
2031 3080 2182 3119 sem-

522 3167 630 3224 per
648 3167 1008 3226 permanere
1036 3153 1400 3208 eonﬁtentur
1430 3153 1706 3208 eamdem
1741 3171 1753 3222 ;
1794 3153 2182 3208 resurrectio-
2212 3151 2254 3198 G

522 3257 662 3297 nem
709 3247 912 3298 autem
967 3247 1344 3298 mortuorum
1392 3241 1685 3297 deﬁniunt
1740 3257 1868 3297 esse
1919 3242 2183 3314 corporis

522 3329 705 3402 hujus
734 3345 872 3386 cum
906 3329 1182 3387 rationali
1217 3331 1422 3386 anima
1442 3330 1764 3386 secundam
1792 3330 2075 3386 unionem
2106 3331 2185 3386 in'

523 3416 958 3474 dissolubilcm.

597 3563 686 3617 15.
723 3561 833 3618 Α]ὶί
883 3563 1186 3628 Severius,
1233 3578 1458 3633 nempe
1497 3561 1935 3627 Theodosiani,
1976 3563 2080 3634 qui
2131 3567 2188 3620 et

525 3649 960 3722 Philoponiaci,
987 3651 1088 3720 qui
1128 3650 1489 3722 accipientes
1524 3653 1806 3708 Severum
1839 3656 1897 3705 et
1923 3651 2187 3706 Theodo-

529 3741 686 3797 sium
719 3745 782 3796 ut
811 3739 1150 3811 episcopos,
1183 3738 1486 3810 accipiunt
1512 3740 1692 3794 etiam
1732 3745 1797 3794 ut
1829 3740 2184 3808 magistrum

526 3828 932 3900 Philoponum
999 3828 1291 3884 Joannem
1351 3832 1407 3884 et
1455 3829 1586 3898 ejus
1635 3829 1876 3899 scripta,
1925 3843 2186 3900 eumque

529 3924 866 3991 sequuntur
903 3933 1024 3974 non
1057 3917 1242 3972 modo
1300 3917 1359 3972 in
1397 3917 1586 3988 ipsius
1623 3917 1699 3972 de
1735 3918 2011 3973 Trinitate
2055 3933 2188 3974 scn-

526 4008 751 4075 tentiis,
804 4006 911 4062 sed
968 4007 1147 4063 etiarn
1201 4006 1261 4062 in
1310 4007 1440 4076 ejus
1490 4005 1764 4061 doctrina
1809 4006 1884 4062 de
1943 4007 2188 4062 visibilis

529 4095 742 4154 mundi
777 4095 1303 4152 consummatione
1334 4101 1390 4151 et
1422 4095 1672 4150 visibilis
1697 4111 1768 4150 ac
1799 4095 1972 4150 futuri
2008 4112 2186 4166 gene-

527 4187 760 4244 ratione
792 4189 848 4241 et
877 4189 1253 4242 mortuorum
1291 4184 1742 4240 resurrectione.
1769 4184 1810 4239 li
1831 4199 1972 4240 vero
1993 4201 2187 4256 neque

530 4274 915 4334 Damianum.
943 4288 1139 4344 neque
1161 4272 1412 4328 Paulum
1439 4287 1630 4344 neque
1649 4271 1922 4328 ultimum
1949 4275 2186 4330 Petrum

2230 3145 2390 3204 3vaw
2451 3151 2766 3223 ὁμολογοῦσι
2818 3157 2911 3209 τὴν
2971 3151 3131 3209 αῦτήν
3165 3170 3178 3182 ·

2281 543 2526 606 ματικοῦ,
2555 545 2645 588 τοῦ
2667 536 2882 594 ἐπίκλην
2909 537 3211 604 Φιλοπὸνου,
3235 540 3300 588 τὰ
3324 537 3442 588 καθ’
3467 537 3713 596 Ἑλλήνων
3741 541 3882 611 αὐτῷ

2280 629 2614 697 γεγραμμένα
2671 628 2799 698 μετὰ
2851 631 2941 678 καὶ
2996 625 3158 678 ἄλλων
3216 625 3376 678 αὐτοῦ
3430 631 3880 700 συγγραμμάτων,

2285 713 2438 765 αὐτόν
2474 734 2526 766 τε
2557 718 2782 786 ἔσχατον
2814 714 3144 784 ἁπεϐάλοντο,
3179 719 3265 765 καὶ
3296 717 3359 767 τὰ
3388 719 3574 768 τούτου
3609 722 3882 792 συγγράμ-

2285 821 2458 874 ματα-
2509 803 2534 854 ὁ
2576 806 2676 876 γὰρ
2709 803 2971 878 εἰρημένος
3010 806 3375 876 γραμματικός
3422 804 3661 866 Ἰωάννης
3692 805 3739 856 ἐν
3779 816 3885 868 τοίς

2283 894 2415 964 πρὸς
2452 895 2574 953 τοὺς
2614 891 2858 952 Ἓλληνας
2899 891 3122 964 βιϐλίοις
3163 897 3252 944 καὶ
3283 891 3330 944 ἐν
3369 900 3477 955 τοῖς
3519 893 3692 956 ἄλλοις
3721 895 3882 947 αὐτοῦ

2287 982 2700 1053 συγγράμμασιν
2732 979 2961 1051 ἐπήγαγε
2990 984 3054 1032 τὰ
3096 987 3314 1052 σώματα
3358 983 3420 1032 τὰ
3460 982 3688 1041 αἰσθητὰ
3717 993 3885 1036 ταῦτα

2286 1073 2456 1120 πάντα
2498 1075 2588 1121 καὶ
2635 1072 2697 1121 τὰ
2741 1072 2972 1143 ὁρώμενοι
3004 1071 3138 1121 κατά
3175 1089 3228 1122 τε
3257 1071 3383 1128 ὓλην
3410 1077 3499 1123 καὶ
3539 1069 3674 1134 εἶδος
3707 1072 3760 1124 ἐκ
3791 1081 3885 1126 τοῦ

2288 1162 2360 1229 μὴ
2391 1159 2536 1219 ὄντος
2565 1159 2633 1220 εἰς
2665 1162 2722 1210 τὸ
2754 1156 2880 1211 εἶναι
2908 1161 3252 1231 παραχθῆναι
3275 1161 3372 1210 ὑπὸ
3398 1169 3488 1211 τοῦ
3513 1164 3886 1234 Θεοῦῆνθαρτα

2289 1265 2344 1298 τε
2363 1255 2530 1298 ταῦτα
2548 1249 2788 1318 γενέσθαι
2810 1253 2898 1299 καὶ
2923 1250 3222 1320 φθείρεσθαι
3245 1251 3377 1300 κατά
3397 1266 3450 1300 τε
3471 1249 3596 1306 ὓλην
3617 1256 3706 1302 καὶ
3728 1247 3883 1316 εἶδος,

2289 1340 2380 1387 καὶ
2441 1333 2553 1387 ἂντὶ
2601 1339 2793 1387 τούτων
2847 1337 2994 1408 ἔτερα
3043 1343 3260 1408 σώματα
3299 1342 3516 1410 κρείττω
3555 1342 3747 1390 τούτων
3784 1348 3885 1391 τῶν

2292 1424 2558 1498 ὁρωμένων
2615 1425 2856 1496 ἄφθαρτα
2897 1430 2986 1476 καὶ
3015 1426 3198 1476 αἰώνια
3227 1427 3326 1476 ὑπὸ
3353 1434 3446 1477 τοῦ
3473 1434 3605 1478 Θεοῦ
3637 1424 3890 1502 δημιουρ-

2289 1515 2500 1584 γεῖσθαι
2542 1529 2555 1542 ·
2608 1513 2897 1565 συντέλειάν
2941 1533 2994 1566 τε
3051 1516 3142 1585 ἔφη
3200 1521 3291 1565 τοῦ
3345 1515 3602 1588 ὁρωμένου
3661 1522 3888 1588 κόσμου,

2291 1605 2452 1671 ἤγουν
2470 1602 2773 1676 παρέλευσιν
2794 1607 2884 1653 καὶ
2908 1609 3086 1653 καινοῦ
3117 1607 3317 1673 κόσμου
3337 1607 3536 1672 γένεο-ιν
3557 1625 3568 1636 ο
3602 1603 3889 1658 ἀνάστασιν

2292 1685 2350 1742 δὲ
2375 1710 2562 1765 νεκρων
2597 1694 2827 1765 ὡρίσατο
2859 1690 2988 1744 εἶναι
3033 1696 3124 1748 τήν
3159 1701 3258 1742 τῶν
3288 1692 3506 1763 λογικῶν
3543 1693 3732 1765 ψυχῶν
3763 1698 3891 1768 πρὸς

2211 1793 2254 1847 Β
2293 1789 2444 1852 σῶμα
2476 1783 2701 1853 φθαρτὸν
2733 1781 2912 1834 ἕνωσιν
2946 1778 3246 1835 ἀδιάλυτον.

2363 1902 2454 1958 ιδ’.
2499 1910 2670 1959 Κόνων
2723 1902 2780 1958 δὲ
2816 1911 2906 1958 καὶ
2959 1907 3007 1958 οὶ
3057 1910 3149 1958 σῦν
3184 1907 3344 1978 αὐτῷ,
3395 1910 3462 1970 ὡς
3502 1911 3726 1980 εἴπομεν,
3753 1912 3886 1984 πρὸ-

2289 2013 2432 2067 τερον
2487 1991 2765 2066 δεχόμενοι
2812 1998 2877 2046 τὰ
2918 1998 3310 2070 συγγράμματα
3340 1995 3386 2047 ἐν
3418 1997 3492 2058 οἷς
3533 2005 3698 2049 ταῦτα
3766 1995 3886 2050 ἐδο-

2289 2085 2533 2156 γμάτισε,
2590 2089 2679 2136 καὶ
2741 2083 2896 2136 αὑτὸν
2963 2089 3048 2136 τόν
3111 2085 3385 2138 Φιλόπονον
3446 2086 3616 2146 ζῶντά
3681 2107 3735 2139 τε
3799 2093 3886 2140 καὶ

2291 2175 2418 2244 μετὰ
2483 2173 2721 2230 τελευτὴν
2786 2173 3182 2244 μακαρίζοντες,
3269 2173 3554 2227 τελευταῖον
3618 2176 3770 2228 αὐτόν
3837 2197 3889 2230 τε

2291 2259 2478 2313 ἐκεῖνον
2532 2267 2622 2314 καὶ
2661 2265 2724 2314 τὰ
2781 2265 3170 2335 συγγράμματα
3209 2262 3366 2314 αὐτοῦ
3399 2262 3709 2317 ἁπεϐάλοντο
3741 2283 3754 2295 ⁸
3804 2265 3884 2318 λό-

2290 2369 2414 2422 γους
2457 2349 2741 2424 ἐγγράφους
2791 2348 3156 2411 ἐκδεδωκὸτες,
3213 2351 3260 2403 ἐν
3311 2349 3386 2414 οἷς
3415 2353 3658 2423 λεγουσίν
3703 2355 3782 2406 ὅτι
3824 2358 3886 2406 τὰ

2295 2445 2514 2504 σώματα
2579 2443 2642 2492 τὰ
2703 2439 2934 2497 αἰσθητὰ
2987 2449 3154 2491 ταῦτα
3204 2447 3293 2492 καὶ
3341 2443 3574 2515 ὁρώμενα
3620 2447 3755 2494 κατὰ
3802 2447 3888 2514 μεν

2290 2531 2384 2586 τὴν
2450 2528 2574 2585 ὕλην
2638 2529 2696 2580 οῦ
2747 2529 3027 2603 φθείρεται,
3069 2528 3196 2581 ἀλλὰ
3245 2535 3459 2602 μένουσι
3505 2535 3569 2583 τὰ
3623 2533 3752 2584 αῦτά
3800 2531 3890 2582 καὶ

2293 2618 2524 2689 ὁρώμενα
2564 2618 2729 2669 εἰσαεὶ
2773 2623 2862 2670 καὶ
2912 2623 2981 2690 μὴ
3027 2621 3350 2690 φθειρόμενα,
3393 2624 3524 2670 κατὰ
3563 2617 3619 2672 δὲ
3659 2625 3713 2671 τό
3745 2617 3886 2681 tilio;

2291 2711 2442 2778 μόνον
2507 2709 2783 2779 φθείρεται,
2841 2713 2928 2758 καὶ
2967 2710 3114 2758 πάλιν
3173 2706 3571 2781 ἁναιιορφοῦται,
3637 2718 3728 2770 τῆς
3784 2709 3884 2760 αὖ·-

2289 2804 2383 2858 τῆς
2409 2796 2533 2857 ὕλης
2573 2804 2802 2870 κρεῖττον
2853 2793 2991 2858 εἶδος
3033 2794 3325 2870 δεχομένης
3353 2800 3606 2871 ἄφθαρτον
3632 2817 3642 2827 ’
3684 2803 3886 2870 γένεσιν

2290 2889 2380 2957 μὲν
2409 2888 2510 2958 γὰρ
2554 2894 2641 2936 τοῦ
2697 2885 2950 2957 ὁρωμένου
2999 2891 3199 2957 κόσμου
3231 2886 3442 2958 λέγουσι
3488 2889 3621 2938 κατά
3659 2907 3712 2940 τε
3760 2887 3886 2946 ὕλην

2293 2977 2381 3026 καὶ
2432 2970 2587 3041 εἶδος,
2633 2976 2824 3048 φθορὰν
2870 2969 2928 3026 δὲ
2974 2973 3154 3036 αὐτοῦ,
3188 2979 3348 3045 ἤγουν
3386 2975 3708 3050 τιόιρέλευσιν³
3752 2973 3892 3028 κατᾶ

2291 3068 2442 3135 μόνον
2469 3066 2526 3114 τὸ
2559 3060 2697 3125 εἶδος
2736 3079 2750 3092 ⁸
2798 3067 2892 3121 τὴν
2921 3066 3020 3137 γὰρ
3054 3064 3196 3131 ὕλην,
3231 3065 3299 3124 di;
3331 3069 3550 3136 εἴπομεν,
3587 3064 3664 3118 ἀεὶ
3696 3062 3887 3132 διαμέ-

3240 3152 3526 3206 ἀνάστασιν
3583 3151 3642 3207 δὲ
3700 3163 3889 3225 νεκρῶν

2292 3242 2554 3314 ὁρίζονται
2595 3237 2723 3292 εἶναι
2787 3245 2880 3299 τὴν
2927 3248 3018 3293 τοῦ
3079 3249 3320 3315 σώματος
3372 3246 3557 3294 τούτου
3611 3247 3735 3317 πρὸς
3795 3249 3889 3300 τὴν

2291 3329 2504 3399 λογικὴν
2529 3328 2714 3401 ψύχὴν
2743 3326 2987 3402 δευτέραν
3018 3331 3197 3383 ἕνωσιν
3225 3328 3528 3385 ἀδιάλυτον.

2369 3559 2442 3616 ιε’.
2489 3559 2668 3614 ’Δλλοι
2729 3561 3022 3634 Σεϐηρίται,
3081 3566 3240 3633 ἤγουν
3293 3558 3656 3628 Θεοδοσιανοὶ,
3707 3565 3756 3614 οἱ
3798 3567 3888 3616 καὶ

2294 3649 2678 3716 Φιλοπονιοικοὶ,
2728 3653 2777 3703 οἱ
2823 3657 2910 3703 καὶ
2951 3648 3232 3723 δεχόμενοι
3260 3656 3344 3702 τόν
3377 3650 3592 3724 Σεϐῆρον
3633 3657 3718 3701 καὶ
3763 3659 3887 3703 Θεο-

2296 3735 2475 3790 δόσιον
2508 3737 2846 3803 ἐπισκόπους,
2888 3737 3165 3811 δεχόμενοι
3218 3737 3276 3792 δὲ
3329 3741 3394 3800 εἰς
3445 3737 3765 3791 διδάσκαλον
3797 3744 3884 3792 καὶ

2294 3832 2380 3880 τόν
2409 3827 2680 3880 Φιλοπονον
2712 3829 2952 3887 Ἰωάννην
3008 3834 3096 3882 καὶ
3139 3833 3204 3881 τὰ
3241 3831 3422 3880 τούτου
3469 3830 3883 3900 συγγράμματα,

2294 3921 2383 3968 καὶ
2449 3915 2839 3978 ἀκολουθοῦντες
2905 3918 3044 3989 αὐτῷ
3109 3918 3165 3969 οὐ
3247 3923 3398 3990 μόνον
3473 3915 3520 3967 ἐν
3586 3923 3697 3977 τοῖς
3770 3921 3888 3989 περὶ

2295 4001 2522 4077 Τριάδος
2559 4005 2750 4075 λόγοις,
2807 4005 2931 4058 ἀλλὰ
2971 4012 3059 4059 καὶ
3099 4005 3144 4057 ἐν
3176 4013 3280 4066 τοῖς
3321 4010 3437 4080 περὶ
3470 4004 3758 4064 συντελείας
3794 4013 3887 4057 τοῦ

2295 4096 2552 4166 ὁρωμένου
2595 4100 2795 4166 κόσμου
2837 4100 2925 4147 καὶ
2972 4100 3216 4166 γενέσεως
3260 4103 3352 4148 τοῦ
3397 4114 3449 4149 τε
3501 4097 3759 4168 ὁρωμένου
3799 4099 3889 4146 καὶ

2293 4190 2383 4235 τοῦ
2455 4183 2738 4254 μέλλοντος,
2795 4189 2883 4236 καὶ
2937 4194 3124 4257 νεκρῶν
3187 4183 3543 4244 ἀναστὼσεως.
3613 4183 3774 4235 Οὗτοι
3829 4179 3889 4236 δί

2295 4271 2410 4323 οὔτε
2459 4277 2734 4339 Δαμιανὸν,
2784 4277 2900 4324 οὔτε
2953 4273 3175 4329 Παῦλον.
3216 4277 3334 4326 οὔτε
3380 4292 3466 4324 τον
3525 4276 3754 4343 ἔσχατον
3797 4275 3890 4323 Πέ-

527 4361 850 4436 accipiunt.
893 4363 1162 4433 Cumque
1212 4361 1375 4432 prius
1434 4363 1736 4417 Cononem
1792 4362 2180 4434 accepissent.

2294 4379 2411 4434 τρον
2444 4357 2695 4432 δέχονται
2722 4379 2734 4391 ·
2778 4367 3020 4436 πρότερον
3059 4359 3118 4414 δὲ
3150 4358 3429 4434 δεχόμενοι
3471 4366 3698 4428 Κόνωνα,
3729 4361 3888 4412 ὕστε-

528 4451 747 4522 deipde
783 4465 922 4507 eum
971 4449 1321 4520 rejecerunt,
1360 4465 1431 4505 eo
1481 4449 1649 4522 quod
1700 4449 1829 4520 ipse
1885 4449 2180 4508 Joannem

527 4539 926 4612 Philoponum
961 4542 1018 4602 et
1056 4538 1187 4609 ejus
1233 4539 1453 4609 scripta
1495 4537 1826 4607 rejecisset;
1861 4544 1917 4594 et
1950 4539 2008 4594 in
2052 4541 2179 4596 suis

527 4629 602 4685 de
631 4629 911 4684 Trinitate
940 4627 1244 4682 sententiis
1275 4643 1410 4682 cum
1446 4627 1749 4682 Cononitis
1777 4629 2176 4695 consentiunt,

529 4724 586 4774 et
626 4717 925 4774 Tritheitua
968 4716 1360 4772 nominantur
1390 4713 1465 4769 ab
1493 4715 1916 4784 Angeiianistis
1953 4725 2009 4771 et
2041 4719 2181 4773 Pau-

531 4807 786 4864 lianistis
815 4825 825 4861 :
854 4821 1008 4874 quos
1036 4810 1089 4859 et
1123 4803 1235 4878 ipsi
1275 4803 1595 4859 nominant
1627 4821 1788 4859 nunc
1813 4805 2056 4875 quidem
2085 4810 2182 4862 Sa-

531 4895 924 4958 bellianistas,
971 4910 1134 4949 nunc
1195 4909 1340 4949 vero
1406 4893 1750 4949 Tetraditas.
1806 4896 1884 4949 De.
1938 4894 2182 4950 visibilis

530 4983 742 5042 mundi
755 4983 1275 5040 consummatione
1294 4985 1349 5038 et
1367 4987 1738 5038 mortuorum
1756 4985 2182 5040 resurrectione

527 5073 844 5130 manifeste
876 5073 944 5128 iis
989 5078 1398 5146 opponuntur.
1442 5071 1560 5144 lpsi
1601 5071 1849 5144 quidem
1883 5074 2182 5130 Cononitae

527 5161 991 5234 Philoponiacos
1038 5166 1259 5215 vocant
1298 5159 1664 5215 Sadducaaos
1710 5166 1763 5216 et
1795 5161 2179 5218 Simonianos

526 5255 583 5308 et
614 5255 846 5308 Graecos
877 5256 933 5308 et
962 5250 1405 5305 Valentinianos
1455 5254 1511 5304 et
1556 5249 1952 5310 Mareionitas.
1981 5257 2036 5306 et
2069 5255 2178 5305 Ma-

524 5341 790 5397 nichmos
839 5344 894 5396 et
944 5339 1446 5406 Hermogenistas.
1493 5342 1556 5394 Et
1601 5339 2003 5411 Pbiloponiaci
2051 5341 2177 5395 haec

518 5430 770 5487 nomina
795 5428 1101 5485 Cononitis
1124 5431 1352 5500 aptant,
1370 5443 1439 5482 eo
1459 5427 1624 5501 quod
1656 5429 1858 5484 dicunt.
1881 5429 2174 5484 sensibilis

519 5519 703 5592 hujus
715 5536 772 5574 m
783 5519 924 5575 undi
942 5517 1255 5574 materiam
1269 5517 1780 5590 incorruptibilem
1796 5535 2042 5591 perman
2053 5535 2171 5574 ere.

518 5608 823 5684 Cononitm
859 5621 1004 5664 vero
1052 5603 1268 5662 iisdem
1312 5605 1662 5671 nominibus
1699 5606 2164 5680 Philoponiacos

2290 4469 2379 4523 ρον
2425 4449 2578 4502 αὑτὸν
2628 4449 2958 4520 ἀπεϐάλοντο,
3026 4449 3120 4502 διὰ
3177 4454 3237 4502 τό
3281 4449 3665 4502 ἀποϐάλλεσθαι
3704 4449 3889 4500 ἐκεῖνον

2289 4542 2528 4596 Ἰωάννην
2569 4542 2654 4591 τόν
2698 4539 2973 4593 Φιλοπονον
3025 4543 3115 4592 καὶ
3146 4543 3211 4590 τὰ
3250 4541 3434 4590 τούτου
3479 4541 3885 4610 συγγράμματα·

2287 4634 2376 4680 καὶ
2430 4625 2476 4679 ἐν
2530 4631 2618 4697 μὲν
2658 4637 2767 4688 τοῖς
2806 4634 2922 4700 περὶ
2961 4624 3190 4698 Τριαδος
3235 4626 3407 4696 λόγοις
3453 4624 3745 4698 συνᾴδουσι
3787 4633 3889 4684 τοῖς

2292 4721 2602 4778 Κονωνὶταις
2651 4732 2665 4747 ·
2736 4723 2824 4768 καὶ
2885 4719 3148 4788 Τρώεῐται
3215 4715 3559 4787 ὀνομάζονται
3624 4717 3722 4765 ὑπό
3788 4724 3888 4763 των

2291 4805 2720 4877 Ἀγγελιανιστών
2779 4807 2888 4861 (ita
2943 4806 3098 4862 and.)
3144 4811 3231 4857 καὶ
3293 4804 3681 4856 Παυλιανιστών
3721 4819 3731 4830 ”
3775 4800 3885 4850 ὁνο-

2290 4895 2524 4966 μάζουσι
2573 4889 2630 4946 δὲ
2683 4901 2771 4946 καὶ
2819 4894 2967 4946 αὐτοὶ
3010 4895 3234 4954 ἐκείνους
3273 4897 3391 4946 ποτε
3437 4896 3524 4966 μὲν
3567 4889 3884 4944 Σαϐελλιανι-

2293 4986 2439 5051 στας,
2484 4987 2605 5035 ποτε
2637 4979 2694 5035 δὲ
2723 4981 3038 5056 Τετραδίτας
3068 5005 3078 5016 ·
3136 4983 3184 5034 ἐν
3226 4979 3284 5035 δὲ
3327 4991 3398 5052 τῷ
3446 4985 3556 5054 περὶ
3601 4980 3889 5040 συντελείας

2290 5079 2380 5123 τοῦ
2437 5073 2696 5144 ὁρωμένου
2739 5092 2940 5144 κοσμου
2987 5077 3074 5124 καὶ
3121 5081 3309 5145 νεκρὼν
3358 5069 3694 5129 ἀναστάσεως
3743 5068 3889 5120 ἐναν-

2289 5168 2521 5212 τιοῦνται
2576 5171 2798 5234 φανερῶς
2851 5161 3048 5222 αὐτοῖς.
3101 5165 3200 5213 Καὶ
3257 5156 3397 5212 οὗτοι
3444 5163 3534 5231 μὲν
3579 5161 3627 5210 οἱ
3676 5165 3889 5212 Κονωνῖ-

2288 5269 2374 5300 ται
2437 5255 2555 5312 τοὺς
2619 5249 3017 5311 Φιλοπονιακοῦς
3085 5250 3318 5308 ἅπαντας
3382 5249 3597 5299 καλοῦσι
3656 5243 3863 5298 Σαδὸου

2285 5346 2482 5408 καίους,
2533 5346 2621 5392 καὶ
2680 5343 3044 5411 Σιμωνιανους,
3077 5346 3166 5390 καὶ
3221 5338 3488 5406 Ἱζ).ληνας,
3545 5341 3632 5386 καὶ
3671 5334 3888 5385 Οὐαλεν-

2282 5433 2560 5496 τινιανοῦς,
2628 5435 2717 5481 καὶ
2761 5433 3185 5503 Μαρκιωνιστὰς,
3237 5433 3327 5478 καὶ
3383 5428 3737 5494 Μανιχαὼυς,
3797 5428 3888 5474 καὶ

2278 5521 2711 5590 Ἐρμογενιαστας
2779 5515 3154 5579 ἀποκαλοῦντες
3189 5534 3202 5545 ·
3255 5521 3343 5567 καὶ
3408 5515 3457 5565 οἱ
3519 5515 3608 5583 μὲν
3668 5511 3888 5565 Φιλοπο-

2275 5609 2447 5659 νιακοὶ
2485 5607 2550 5658 τὰ
2586 5605 2815 5678 ὀνόματα
2844 5613 3010 5658 ταῦτα
3048 5615 3156 5668 τοῖς
3199 5607 3512 5665 Κονωνὶταις
3549 5604 3888 5678 προσάπτοι»-
