4126 6228
1109 0 1592 154 TT“—

245 324 298 375 53

244 462 304 508 σι,
334 437 422 492 διὰ
454 442 512 491 τὸ
549 438 711 509 λέγειν
750 436 941 496 αὐτοὺς
971 440 1064 494 την
1101 435 1227 494 ὕλην
1258 443 1347 488 τοῦ
1377 436 1634 493 αἰσθητοῦ
1687 437 1805 487 τού-

1920 433 2228 506 appellant
2239 450 2311 490 eo
2324 438 2489 508 quod
2499 438 2719 494 horum
2732 453 3056 510 corporum
3076 440 3575 498 resurrectionem

239 551 316 584 του
345 534 539 599 κόσμου
568 523 828 596 διαμένειν
869 523 1202 582 ἀτελεύτητον
1246 539 1261 554 ⁸
1311 526 1360 577 οὶ
1409 519 1467 578 δε
1533 530 1812 577 Κονωνῖται

241 623 291 672 τὰ
360 617 490 670 αῦτὰ
557 615 786 686 ὀνόματα
846 621 946 665 τῶν
995 613 1376 667 Φιλοπονιακῶν
1429 622 1806 687 κατηγοροῦσι,

240 706 317 760 διὰ
340 710 396 759 τὸ
423 709 495 777 μὴ
541 704 704 775 λέγειν
751 703 940 762 αὐτοὺς
995 710 1095 754 τῶν
1149 704 1402 774 σωμάτων
1445 705 1640 754 τούτων
1683 703 1811 754 ανα-

241 815 422 850 στασιν.
477 797 610 869 Πρός
663 796 870 855 τούτοις
925 788 983 844 δὲ
1028 791 1278 865 ἑκάτεροι,
1323 793 1374 843 οἰ
1411 811 1465 844 τε
1503 791 1812 846 Φιλόπονια-

237 893 304 939 κοί
344 890 430 936 καὶ
495 883 546 935 οἱ
605 889 914 948 Κονωνῖται,
971 880 1364 953 Ὠριγενιαστας
1405 878 1656 942 ἀλλήλους
1695 881 1811 933 ὀνο-

235 979 502 1050 μάζουσιν·
552 973 831 1045 εὑρηκότες
880 973 980 1043 γὰρ
1023 971 1073 1020 οἱ
1126 967 1491 1023 Φιλοπονιακοὶ
1536 973 1622 1021 τόν
1673 969 1789 1044 Ὠρι

233 1070 362 1137 γίνην
389 1062 604 1132 λέγοντα
641 1063 723 1113 ὁτι
767 1061 898 1117 αῦτη
939 1060 968 1116 η
1019 1058 1114 1116 ῦλη
1162 1056 1212 1110 ἰν
1265 1066 1338 1129 τῷ
1380 1057 1615 1130 μέλλοντι
1663 1058 1812 1110 αἰῶνι

234 1152 622 1224 ἀναμορφοῦται,
679 1152 768 1200 καὶ
826 1143 918 1199 διὰ
967 1153 1122 1198 τοῦτο
1174 1154 1274 1197 τῶν
1326 1145 1497 1198 αὐτῶν
1556 1148 1810 1218 σωμάτων

229 1248 404 1312 γίνεται
482 1239 512 1295 ἠ
597 1235 922 1295 ἀνάστασις.
989 1234 1238 1287 ἐκάλεσαν
1322 1237 1440 1295 τοῦς
1524 1239 1810 1294 Κονωνίτας

231 1329 638 1402 Ὠριγενιαστάςο
690 1326 844 1379 πάλιν
883 1322 942 1380 δε
979 1327 1028 1378 οἰ
1083 1331 1388 1386 Κονωνίται,
1431 1326 1663 1399 εὑρόντες
1721 1328 1808 1377 τὸν

231 1423 475 1495 Ὠριγίνην
526 1417 738 1488 λέγοντα
802 1415 966 1467 ἄλλων
1021 1417 1278 1487 σωμάτων
1347 1413 1658 1481 ἀνάστασιν,
1711 1434 1810 1466 πα-

1597 305 1942 368 THESAURI
1973 303 2106 361 LIB.
2139 307 2206 368 IX

3506 322 3576 376 54

1917 537 2042 577 non
2087 523 2509 586 conﬁteantur.
2561 531 2852 584 Praeterea
2897 527 3134 599 utrique
3187 531 3244 584 et
3299 529 3574 604 Philopo~

1917 611 2077 668 niaci
2120 619 2176 668 et
2211 615 2504 672 Coconitte
2549 617 2912 686 Origenistas
2957 631 3019 672 se
3067 616 3325 674 invicem
3371 619 3576 692 appel-

1916 699 2062 756 lant.
2094 704 2240 758 Cum
2263 704 2424 760 enim
2447 706 2808 778 reperissent
2831 705 3236 778 Philoponiaci
3255 708 3572 777 Origenem

1918 788 2140 846 dixisse
2159 791 2359 864 ipsam
2375 795 2763 852 materiamin
2777 795 2977 852 futuro
2999 795 3214 852 saeculo
3235 796 3568 864 reformari,

1917 895 1989 936 ac
2011 887 2329 954 propterea
2354 884 2709 942 eorumdem
2750 900 3072 958 corporum
3115 883 3244 941 ﬁeri
3277 901 3566 944 resurrec-

1917 968 2164 1034 tionem,
2199 971 2520 1028 Cononitas
2549 989 2843 1030 vocavere
2881 972 3267 1044 Origenistas.
3305 976 3568 1034 Rursum

1918 1072 2058 1112 cum
2091 1059 2397 1115 Cononitae
2419 1062 2780 1132 reperissent
2809 1062 3124 1133 Origenem
3154 1061 3413 1120 aliorum
3438 1079 3565 1120 cor-

1915 1161 2132 1218 porum
2179 1151 2680 1206 resurrectionem
2730 1151 2953 1207 dixisse
2994 1152 3368 1217 (inconstans
3403 1153 3566 1210 enim

1916 1241 2048 1292 erat
2074 1237 2166 1292 vir
2188 1237 2329 1309 ille).
2359 1240 2831 1297 nominaverunt
2859 1240 3318 1313 Philoponiacos
3359 1241 3566 1312 Orige-

1915 1326 2126 1384 nistas.
2156 1328 2475 1400 Accipiunt
2510 1339 2714 1386 autem
2753 1337 2820 1386 ut
2856 1329 3208 1402 episcopum
3236 1331 3566 1402 quemdam

1915 1416 2161 1472 nomine
2183 1417 2498 1488 Origenem
2530 1434 2602 1474 ac
2622 1418 2807 1476 libros
2827 1418 2907 1475 ab
2933 1418 3034 1474 illo
3055 1419 3268 1476 editos.

230 1504 791 1581 λέμϐολοςγηρόάνηρ,
835 1504 1112 1575 ὠνόμασαν
1146 1506 1269 1565 τοῦς
1299 1503 1698 1564 Φιλοπονιακούς
1738 1503 2150 1575 Ὠριγενιαστὰς.
2202 1511 2458 1578 Δέχονται
2507 1504 2566 1560 δὲ
2609 1509 2659 1560 οἱ
2705 1508 3069 1562 Φιλοπονιακοὶ
3113 1507 3401 1562 ἐπίσκοπόν
3448 1529 3566 1564 τινα

232 1600 472 1670 Ὠριγένην
504 1595 721 1668 ὀνόματι
759 1598 849 1645 καὶ
872 1597 994 1655 τοῦς
1009 1592 1196 1663 λόγους
1222 1596 1338 1654 τοὺς
1363 1594 1453 1645 ὑπ’
1482 1593 1641 1644 αὐτοῦ
1673 1589 1996 1654 ἐκδοθέντας.

293 1687 373 1751 ις’.
403 1685 580 1740 ’Λλλοι
616 1681 913 1757 Σεϐηρῑται,
969 1686 1130 1752 ἤγουν
1186 1677 1552 1740 Θεοδοσιανοὶ,
1607 1683 1657 1734 οἱ
1711 1685 1802 1732 καὶ
1833 1682 1874 1736 Β

235 1775 466 1838 Νιοϐῖται,
533 1775 718 1834 οἶτινες
763 1769 983 1844 Σεϐῆρον
1040 1775 1128 1822 καὶ
1181 1767 1468 1822 Θεοδόσιον
1523 1766 1805 1841 δεχόμενοι

238 1872 311 1918 καὶ
360 1869 598 1936 Στίγανον
665 1865 754 1913 τόν
811 1865 1068 1932 σοφιστὴν
1140 1863 1226 1912 τόν
1296 1858 1508 1918 ἐπίκλην
1555 1857 1744 1911 Νίοϐον
1784 1872 1800 1888 ⁸

239 1955 359 2007 οὗτοι
389 1950 442 2006 δε
491 1950 541 2003 ἐν
588 1955 680 2024 μεν
736 1957 849 2010 τοῖς
884 1955 1001 2022 περί
1057 1955 1146 2000 τοῦ
1187 1952 1386 2021 Πατρός
1428 1953 1518 2000 καὶ
1556 1956 1647 2000 τοῦ
1679 1950 1803 2000 Υὶοῦ

240 2049 316 2095 καὶ
365 2049 448 2094 τοῦ
504 2041 659 2110 ἁγίου
718 2041 1018 2111 Πνεῦματος
1078 2038 1251 2108 λόγοις
1304 2044 1643 2110 συμφωνοῦσι
1692 2043 1802 2099 τοῖς

245 2127 648 2190 Κοντοεαϐὃίταις
695 2133 787 2179 καὶ
843 2134 954 2188 τοῖς
995 2127 1324 2196 Ἀγνοήταις,
1357 2124 1405 2177 ἐν
1451 2122 1510 2178 δε
1559 2134 1662 2186 τοῖς
1709 2124 1801 2177 λό-

246 2241 342 2292 γοις
370 2227 468 2279 τοῖς
518 2223 636 2289 περὶ
675 2226 770 2278 τῆς
809 2216 1104 2288 οἰκονομίας
1151 2212 1504 2287 διαφωνοῦσιν
1541 2215 1600 2266 οῦ
1649 2218 1800 2287 μόνον

251 2314 357 2383 πρὸς
388 2313 602 2369 τούτους,
643 2305 773 2357 ἀλλά
811 2310 900 2357 καὶ
953 2307 1084 2377 πρὸς
1125 2308 1247 2366 τοὺς
1293 2303 1476 2364 οῦλους
1519 2304 1752 2362 ἅπαντας
1784 2319 1797 2332 °

261 2401 413 2458 παντις
441 2401 529 2468 γὰρ
574 2393 668 2448 δύο
699 2398 882 2467 φύσεις
923 2392 1003 2446 ἐπὶ
1031 2399 1124 2446 τοῦ
1163 2396 1298 2446 κατά
1328 2397 1561 2464 Χριστόν
1598 2413 1802 2466 μυστη-

269 2490 366 2558 ρίου
391 2487 502 2556 μετὰ
533 2490 616 2541 τὴν
647 2486 824 2536 ἕνωσιν
862 2479 1036 2536 οὐδενὶ
1077 2481 1212 2552 λόγῳ
1251 2480 1529 2553 ἀνέχονται
1577 2481 1732 2534 εἰπεῖν
1777 2498 1790 2510 ·

263 2578 342 2630 τὴν
384 2579 538 2644 μέντοι
590 2569 833 2644 διαφορὰν
890 2579 990 2623 τῶν
1055 2572 1257 2642 φύσεων
1327 2569 1645 2642 ὁμολογοῦσι
1709 2575 1801 2622 καὶ

250 2665 362 2732 μετὰ
401 2667 482 2720 τήν
527 2663 744 2714 ἱνωσεν⁸
807 2660 954 2713 οῦτοι
1003 2656 1082 2724 δε,
1143 2656 1239 2712 δύο
1293 2663 1474 2731 φύσεις
1521 2662 1650 2732 μετὰ
1706 2664 1800 2718 τὴν

246 2751 397 2803 ἕνωσιν
435 2753 832 2823 παραιτούμενοι
881 2747 1167 2820 ὁμολογεῖν,
1228 2743 1351 2800 οὐδὲ
1401 2753 1494 2807 τήν
1545 2745 1800 2820 διαφορὰν

244 2847 326 2890 τῶν
381 2841 568 2910 suam?
613 2843 749 2912 μετὰ
802 2842 898 2896 την
964 2837 1144 2890 ἕνωσιν
1203 2836 1471 2897 σώζεσθαι
1520 2835 1802 2909 βούλονται

241 2926 392 2996 λέγειν,

296 3015 352 3076 ιζ
375 3021 493 3069 Τίνα
543 3020 638 3089 μὲν
685 3012 774 3069 οὖν
822 3018 1015 3068 τούτων
1053 3017 1120 3068 τὰ
1167 3019 1471 3088 σχίσματα,
1522 3020 1612 3068 καὶ
1657 3019 1801 3070 πόσα
1829 3031 1871 3087 C

232 3109 466 3176 τυγχάνει,
533 3110 628 3158 καὶ
689 3111 824 3166 τίνες
877 3108 1070 3156 τούτων
1119 3104 1418 3176 ὀνομασίαι,
1482 3109 1572 3156 καὶ
1629 3110 1680 3156 τί
1740 3108 1799 3156 τό

229 3195 418 3246 ἑκάστου
471 3199 788 3266 σχίσματος
857 3189 1033 3265 δόγμα
1091 3202 1191 3244 τῶν
1237 3192 1447 3254 ἑαυτοὺς
1507 3193 1799 3246 καλούντων

227 3278 648 3354 διακρινομένους,
702 3278 794 3334 διὰ
846 3289 947 3334 τῶν
1010 3280 1290 3355 εἰρημένων
1353 3286 1620 3353 συντόμως
1670 3279 1800 3340 ἐδη-

223 3370 460 3442 λώσαμεν·
519 3371 674 3423 οὗτοι
731 3367 790 3423 δε
830 3372 1012 3430 πάντες
1058 3372 1124 3422 τὰ
1162 3366 1558 3443 ἐπιτηδεύματα
1593 3370 1800 3444 Ἀρείου

222 3478 264 3511 τε
319 3466 401 3512 καὶ
451 3469 562 3513 τῶν
615 3463 811 3512 ἐκείνου
877 3461 1125 3530 μαθητῶν
1195 3459 1542 3526 ζηλώσαντες,
1609 3461 1802 3531 ὁμοίως

218 3547 400 3610 ἐκείνοις
454 3550 559 3612 ἔξω
610 3557 709 3600 τῶν
759 3546 1208 3606 ἓκκλησιαστικῶν
1249 3547 1461 3609 ἑαυτοὺς
1519 3548 1800 3622 περιϐόλων

564 3641 793 3690 κάκεῖνοι
849 3639 950 3710 γὰρ
1017 3641 1212 3710 μυρίας
1283 3640 1534 3708 μηχανὰς
1595 3633 1800 3690 ἐπεδεί-

215 3725 364 3788 ξαντο.
415 3727 693 3790 ἑξωθῆσαι
745 3733 840 3786 τῆς
901 3724 1214 3786 Ἐκκλησίας
1267 3721 1659 3785 σπουδάσαντες
1709 3729 1800 3784 την

217 3635 339 3694 mir.
349 3657 440 3689 σαν
483 3660 496 3670 ·

213 3815 344 3884 ἁγίαν
400 3822 492 3870 καὶ
569 3815 932 3887 οὶκουμενικὴν
1007 3813 1056 3866 ἐν
1123 3820 1322 3887 Νικαίᾳ
1398 3812 1656 3867 σύνοδονο
1712 3821 1802 3868 καὶ

212 3900 333 3957 οὗτοι
379 3902 438 3959 δὲ

211 4001 392 4064 μαχίας
441 3990 813 4050 ἐπετήδευσαν
871 3992 1108 4054 ἐξελάσαι
1163 3999 1258 4052 τῆς
1313 3991 1621 4052 Ἐκκλησίας
1666 4013 1799 4067 προ·-

507 3907 703 3977 ὁμοίως
756 3904 1114 3975 πολυτρόπους
1163 3909 1487 3976 μαγγανείας
1527 3907 1615 3956 καὶ
1652 3903 1800 3975 λογοο

212 4084 504 4156 θυμούμενοι
581 4087 674 4140 τὴν
725 4081 1085 4152 οἱκουμενικην
1141 4085 1231 4132 καὶ
1272 4080 1426 4151 ἁγίαν
1477 4079 1525 4132 ἓν
1593 4080 1798 4139 Χαλκη-

208 4167 305 4224 δόνι
345 4171 602 4225 σύνοδον.
637 4168 774 4223 Ἀλλ’
826 4171 948 4242 ὅπερ
1005 4172 1140 4221 κατὰ
1189 4178 1287 4221 τῶν
1335 4169 1497 4238 ἁγίων
1558 4174 1798 4244 Πατέρων

207 4258 593 4325 ἐϐουλεύσαντο,
647 4259 719 4320 εἰς
769 4257 959 4319 αὐτοὺς
1004 4259 1034 4316 ἡ
1094 4260 1205 4310 θεία
1245 4261 1558 4330 περιέστησε
1601 4257 1796 4330 ψῆφος,

205 4351 282 4409 ἔξω
323 4370 421 4402 που
477 4358 592 4402 τῶν
647 4345 1098 4403 ἕκκλησιαστικῶν
1155 4346 1346 4406 αὐτοὺς
1410 4352 1800 4404 καταστήσασα
1831 4381 1872 4434 D

205 4438 468 4512 περιϐόλων
536 4459 554 4471 ο
629 4437 894 4495 ἠκόνησαν
960 4438 1062 4508 γὰρ
1134 4439 1225 4492 τὴν
1307 4434 1540 4505 γλῶτταν
1607 4435 1798 4503 αὐτῶν,

205 4532 319 4578 κατὰ
373 4531 432 4578 τὸ
483 4529 876 4598 γεγραμμένον,
936 4525 1061 4575 ὡσεὶ
1100 4527 1256 4596 ὄφεως
1291 4543 1304 4556 ο
1361 4521 1604 4576 ἐνέτειναν
1651 4524 1797 4586 τόξον

205 4615 353 4666 αὐτῶν
404 4622 642 4689 πρᾶγμα
678 4616 865 4685 πικρόν
914 4619 1006 4664 τοῦ
1050 4611 1432 4674 κατατοξεῦσαι
1481 4611 1528 4662 ἐν
1560 4610 1796 4684 ἀποκρύ-

204 4725 296 4772 φοις
353 4708 608 4778 ἄμωμον,
679 4700 1034 4775 ἐκραταίωσαν
1089 4699 1268 4762 αὐτοῖς
1331 4699 1478 4771 λόγον
1549 4704 1794 4772 πονηρόν,

206 4788 525 4863 διηγήσαντο
585 4797 678 4842 τοῦ
735 4789 938 4863 κρύψαι
981 4785 1220 4859 παγίδα·
1267 4785 1431 4853 εἶπαν,
1472 4791 1560 4848 Τίς
1614 4788 1796 4858 ὄψεται

203 4882 405 4944 αὖτοῦς;
485 4881 845 4952 ἐξηρεύνησαν
905 4877 1137 4949 ἀνομίας,
1209 4876 1435 4939 ἓξελιπον
1501 4877 1796 4952 ἐξερευνῶν-

204 4989 268 5030 τες
294 4971 690 5044 ἐξερευνήσας⁸
735 4966 862 5019 ἀλλὰ
909 4970 1044 5019 κατά
1098 4969 1184 5018 τόν
1240 4968 1372 5018 θεῖον
1426 4965 1594 5037 λόγον,
1649 4966 1797 5028 Βίλος

204 5065 374 5116 νηπίων
418 5060 755 5131 ἐγενηθησαν
797 5059 852 5108 αὶ
893 5055 1093 5126 πληγαὶ
1137 5055 1324 5120 αὐτῶν,
1376 5059 1466 5107 καὶ
1519 5053 1797 5117 ἐξησθένη-

206 5166 282 5198 σαν
318 5149 398 5201 ἐπ’
454 5149 653 5206 αὐτοὺς
695 5147 750 5197 αἱ
795 5145 1038 5216 γλῶσσαι
1095 5143 1262 5195 αὐτῶν
1287 5165 1300 5176 ·
1333 5149 1423 5195 καὶ
1475 5139 1796 5214 διεσχίσθη·-

208 5254 300 5297 σαν,
337 5243 433 5290 καὶ
495 5237 561 5288 οὗ
613 5237 971 5304 κατενύγησαν
996 5251 1008 5263 ·
1044 5233 1316 5306 ηὐφράνθη
1352 5229 1411 5284 δὲ
1448 5234 1476 5289 η
1520 5241 1612 5284 τοῦ
1661 5241 1797 5286 Θεοῦ

209 5325 498 5393 ἰ’ὶκλησίοι9
559 5328 652 5381 την
703 5333 802 5374 τῶν
841 5322 1003 5392 ἁγίων
1051 5326 1296 5394 Πατέρωυ
1360 5317 1635 5378 ἐκδίκησιν
1677 5323 1796 5372 θεῶ·-

207 5418 401 5478 ρήσασα
447 5431 459 5443 ⁸
498 5419 593 5464 καὶ
621 5411 808 5482 ὑψώθη
841 5412 866 5462 ὁ
899 5414 1026 5470 Θεὸς
1052 5418 1145 5471 τῆς
1187 5408 1450 5476 ἀληθείας,
1491 5418 1588 5460 τῶν
1619 5409 1797 5466 ἐκκλη-

263 5610 279 5643 ¹
307 5607 473 5664 Psal.
518 5621 674 5669 mu,
709 5609 762 5673 8,
799 5609 851 5662 9.
965 5607 988 5640 ²
1011 5604 1166 5661 Psal.
1194 5618 1390 5671 xxxw,
1426 5605 1509 5657 t6.

1993 1686 2074 1737 16.
2124 1682 2233 1739 Alii
2287 1684 2584 1753 Severitaa,
2629 1701 2851 1758 nempe
2897 1685 3315 1752 Theodosiani,
3363 1684 3470 1759 qui
3508 1687 3566 1743 et

1913 1771 2183 1830 Niobitee.
2215 1772 2321 1844 qui
2349 1774 2636 1830 Severum
2665 1779 2724 1829 et
2747 1774 3150 1832 Theodosium
3183 1775 3558 1848 recipientes,

1911 1859 2207 1931 recipiunt
2244 1861 2424 1916 etiam
2466 1863 2839 1933 Stephanum
2891 1864 3254 1937 Sophistam,
3303 1863 3562 1920 Niobum

1912 1950 2271 2018 cognomine
2305 1969 2318 2006 ε
2372 1950 2412 2006 ii
2447 1967 2590 2007 vero
2626 1951 2690 2008 in
2739 1953 2864 2008 suis
2907 1952 2983 2008 de
3021 1955 3188 2009 Patre
3217 1957 3275 2009 et
3318 1952 3464 2008 Filio
3505 1956 3564 2008 et

1913 2037 2132 2109 Spiritu
2156 2043 2368 2094 sancto
2399 2040 2708 2097 sententiis
2740 2041 3112 2097 concordant
3157 2057 3299 2098 cum
3343 2043 3561 2098 Conto-

1909 2127 2176 2183 babditis
2207 2132 2263 2184 et
2289 2129 2595 2197 Agnoetis,
2625 2129 2687 2186 in
2719 2146 2834 2186 sua
2853 2134 3056 2187 autem
3085 2131 3161 2186 de
3183 2129 3561 2186 Providentia

1910 2216 2186 2272 doctrina
2213 2216 2572 2274 dissentiunt
2600 2233 2724 2275 non
2751 2218 2936 2275 modo
2964 2218 3044 2276 ab
3091 2219 3225 2290 illis,
3257 2218 3365 2276 sed
3391 2221 3452 2274 et
3479 2217 3558 2274 ab

1911 2303 2042 2360 aliis
2071 2304 2358 2362 omnibus
2380 2322 2393 2372 ;
2421 2321 2636 2364 omnes
2655 2307 2818 2364 enim
2839 2307 2993 2364 duas
3011 2313 3264 2366 naturas
3287 2307 3352 2366 in
3395 2305 3556 2364 Chri-

1910 2393 1984 2448 sti
2039 2393 2327 2466 mysterio
2358 2399 2498 2465 post
2535 2395 2824 2452 unionem
2886 2395 3054 2454 nulla
3093 2396 3329 2456 ratione
3360 2394 3560 2454 dicere

1907 2480 2157 2548 volunt;
2185 2481 2628 2540 distinctionem
2657 2489 2861 2540 tamen
2887 2489 3244 2543 naturarum
3273 2482 3559 2542 conﬁten-

1909 2574 2005 2625 tur
2035 2575 2257 2642 etpost
2286 2572 2604 2637 unionem;
2626 2571 2667 2628 ii
2691 2578 2895 2630 autem
2934 2572 3090 2630 duas
3131 2578 3382 2630 naturas
3418 2575 3559 2645 post

1909 2659 2197 2714 unionem
2250 2660 2520 2718 conﬁteri
2560 2661 2854 2730 nolentes,
2895 2676 3093 2734 neque
3157 2661 3557 2719 differentiam

1908 2753 2264 2805 naturarum
2289 2754 2427 2822 post
2457 2753 2746 2807 unionem
2777 2751 3001 2808 servari
3029 2750 3227 2808 dicere
3256 2751 3486 2810 volunt.

1986 3019 2068 3070 17.
2103 3015 2389 3077 Quaenam
2434 3017 2555 3074 sint
2603 3017 2785 3088 igitur
2826 3033 3038 3075 eorum
3091 3022 3270 3076 secta:
3314 3021 3374 3074 et
3411 3022 3562 3089 quot

1907 3105 2302 3177 reperiantur,
2332 3113 2389 3163 et
2423 3123 2561 3179 qua;
2601 3123 2815 3164 eorum
2853 3107 3220 3179 cognomina
3255 3111 3316 3164 et
3359 3105 3561 3179 quod-

1908 3210 2054 3250 nam
2101 3195 2580 3268 uniuscujusque
2621 3195 2850 3268 dogma
2895 3212 3107 3252 eorum
3159 3196 3266 3268 qui
3323 3194 3558 3267 seipsos

1908 3283 2326 3354 discrepantes
2367 3284 2704 3350 nominant,
2752 3284 2822 3339 iis
2847 3284 3109 3340 breviter
3131 3283 3306 3340 dictis
3332 3283 3560 3340 indica-

1908 3371 2128 3427 vimus.
2151 3371 2232 3426 llli
2254 3376 2456 3428 autem
2473 3387 2688 3428 omnes
2712 3371 2832 3428 Arii
2847 3372 3104 3444 ejusque
3123 3370 3559 3444 discipulorum

1909 3459 2180 3515 instituta
2208 3459 2584 3529 aemulantes,
2604 3460 3130 3532 quemadmodum
3157 3465 3218 3518 et
3238 3460 3299 3525 ii,
3326 3459 3559 3534 seipsos

1909 3554 2075 3604 extra
2103 3548 2577 3606 ecclesiasticum
2613 3549 2814 3606 sinum
2840 3549 3058 3606 fecere.
3092 3555 3282 3621 Atque
3315 3547 3398 3606 illi
3425 3563 3561 3606 sex-

1909 3643 2085 3693 centa
2107 3638 2432 3694 machinati
2449 3645 2588 3695 sunt
2614 3644 2679 3694 ut
2698 3655 2771 3696 ex
2797 3638 3048 3696 ecclesia
3072 3638 3357 3712 repellere
3382 3653 3562 3696 cona-

1908 3731 2116 3782 rentur
2149 3732 2424 3784 sauctam
2466 3731 2524 3783 et
2553 3727 2993 3784 mcumenicam
3028 3728 3329 3784 Nicaenam
3371 3743 3558 3800 syno-

1909 3815 2078 3880 dum;
2097 3816 2206 3872 etii
2225 3815 2490 3872 similiter
2504 3818 2672 3873 multi
2681 3817 2864 3890 plices
2880 3818 3210 3891 praestigias
3228 3817 3562 3886 etlogoma—

1909 3905 2077 3961 chias
2099 3907 2173 3960 ad
2183 3906 2429 3962 bibuere
2460 3912 2526 3963 ut
2539 3909 2616 3964 ab
2633 3908 2890 3964 ecclesia
2909 3908 3188 3965 ardenter
3207 3906 3564 3980 repellerent

1909 3995 2346 4050 cecumenicam
2382 4001 2437 4051 et
2471 4001 2747 4053 sanctam
2792 3995 3347 4054 Chalcedonensem
3379 4009 3562 4067 syno-

1909 4082 2197 4139 dum.Sed
2219 4084 2386 4155 quod
2403 4084 2465 4140 in
2486 4090 2728 4141 sanctos
2750 4086 2953 4142 Patres
2974 4083 3303 4141 machinati
3329 4083 3559 4150 sunt,in

1909 4171 2040 4227 illos
2062 4171 2268 4228 divina
2285 4172 2578 4228 convertit
2601 4173 2920 4238 sententia,
2939 4189 3044 4229 eos
3061 4177 3230 4228 extra
3247 4171 3559 4230 ecclesias-

1907 4260 2092 4315 ticum
2114 4277 2332 4332 gyrum
2362 4262 2752 4318 constituens.
2780 4265 3082 4318 Acuerunt
3101 4260 3262 4316 enim
3285 4260 3559 4328 linguam

1907 4363 2105 4412 suam,
2139 4354 2200 4403 ut
2221 4349 2449 4406 dictum
2475 4355 2582 4420 est,
2620 4351 2772 4407 sicut
2799 4349 3130 4423 serpentis;
3168 4347 3559 4406 intenderunt

1905 4451 2117 4492 arcum
2149 4453 2348 4506 suum,
2381 4453 2507 4493 rem
2535 4454 2833 4508 amaram,
2867 4443 2934 4494 ut
2957 4439 3306 4508 sagittarent
3331 4436 3393 4492 in
3422 4435 3558 4492 abso

1905 4524 2163 4582 conditis
2211 4525 2800 4598 irreprehensibilem
2854 4527 3398 4583 corroboraverunt
3440 4523 3554 4581 sibi

1903 4613 2156 4668 verbum
2181 4613 2429 4683 malum,
2445 4620 2844 4672 narraverunt
2862 4621 2927 4672 ut
2957 4614 3399 4673 absconderent
3420 4618 3556 4670 ten-

1904 4701 2194 4762 diculam.
2235 4702 2551 4759 dixerunt:
2605 4704 2747 4770 Quis
2794 4704 3044 4776 aspiciet
3091 4719 3238 4770 nos;
3289 4718 3557 4776 perscru-

1903 4791 2010 4848 tati
2063 4797 2201 4846 sunt
2274 4791 2635 4863 iniquitates,
2691 4792 3040 4868 defecerunt
3107 4795 3554 4865 perscrutantes

1905 4878 2446 4953 perscrutationes;
2482 4882 2586 4937 sed
2614 4882 2788 4952 juxta
2835 4881 3110 4937 divinum
3165 4895 3550 4937 sermonem:

1910 4991 1933 5019 ε
1976 4968 2179 5024 Telum
2231 4969 2548 5026 infantium
2599 4971 2773 5026 factae
2815 4976 2955 5026 sunt
3001 4971 3195 5042 plagae
3242 4985 3452 5026 eorum
3499 4975 3558 5026 et

1905 5059 2227 5116 infirmata:
2261 5066 2402 5115 sunt
2449 5065 2656 5116 contra
2691 5076 2795 5117 eos
2825 5060 3047 5130 linguae
3085 5061 3368 5124 eorum’;
3402 5081 3430 5109 κ
3472 5059 3558 5116 di-

1905 5148 2016 5204 visi
2077 5155 2216 5204 sunt
2263 5156 2321 5205 et
2362 5166 2482 5206 non
2536 5156 2674 5206 sunt
2731 5150 3146 5223 compuncti’.
3191 5151 3416 5206 Luatata
3466 5155 3560 5207 est

1908 5240 2110 5294 autem
2149 5239 2246 5292 Dei
2285 5239 2567 5305 Ecclesia,
2617 5240 2765 5295 dum
2811 5245 3160 5296 sanctorum
3198 5241 3441 5296 Patrum
3470 5238 3559 5294 ul-

1907 5325 2129 5380 tionem
2176 5327 2702 5398 contemplaretur.
2758 5329 2824 5384 Et
2863 5329 3227 5398 gloriﬁcatus
3267 5335 3356 5384 est
3404 5331 3558 5383 Deus

1907 5414 2170 5470 veritatis
2196 5458 2208 5484 ,
2234 5415 2382 5470 dum
2415 5416 2816 5474 ecclesiastica
2847 5418 3135 5488 dogmata
3163 5417 3557 5472 incommuta-

2969 8 3109 12 ______
3151 10 3363 18 Ἦ-ήῄ
3386 12 3680 20 __.____._,__,
