4126 6228
479 323 546 377 55

1825 309 2093 369 NICETE
2133 305 2502 366 CHONIATE

480 442 664 500 bilem
694 441 1032 514 acciperent
1059 437 1402 496 ﬁrmitatem
1446 453 1517 494 ac
1547 437 1929 495 soliditatem.
1976 436 2125 492 San-

2249 438 2531 485 σιαστικῶν
2566 427 2845 505 δογμάτων
2871 429 3071 505 ἀῤῥαγῆ
3135 427 3394 482 λαϐόντων
3453 425 3738 500 βεϐαίωσίν
3786 445 3842 480 τε

481 537 577 589 cta
597 531 776 601 igitur
807 533 865 586 et
894 529 1266 586 meumeniea
1293 527 1668 584 Chalcedone
1695 526 1907 584 habita
1951 539 2130 596 syno-

482 621 598 678 dus
619 619 876 676 breviter
896 635 1105 674 eorum
1137 616 1412 674 meminit
1439 633 1577 691 quae
1607 616 1767 672 dicta
1795 619 1936 671 sunt
1955 613 2032 670 ab
2061 613 2132 668 iis

482 709 588 782 qui
607 724 795 764 unam
817 708 876 763 in
909 708 1138 764 Christo
1161 712 1441 763 naturam
1467 705 1866 777 compositam
1891 703 2129 759 docent.

483 801 631 856 Eam
662 813 862 872 porro,
896 802 962 852 ut
1009 811 1081 852 ex
1125 795 1330 852 multis
1368 811 1564 869 pauca
1595 794 1817 853 dicam.
1869 797 2131 848 mentem

484 886 770 943 exhibent
809 901 944 958 quae
997 885 1055 940 in
1108 881 1335 958 proprii
1393 883 1693 954 dogmatis
1723 880 2133 938 defensionem

482 975 666 1049 impie
689 977 1058 1050 proponunt.

487 1118 798 1189 Expositio
823 1117 1260 1174 nonnullorum
1310 1116 1575 1185 capitum
1613 1130 1650 1172 a
1697 1112 2138 1184 Monophysitis

1083 1206 1549 1275 propositorum.

566 1317 650 1370 18.
693 1315 898 1370 Utrum
948 1328 1021 1368 ex
1069 1311 1329 1367 duarum
1383 1309 1443 1366 in
1500 1310 1729 1366 Christo
1784 1313 2140 1366 naturarum

490 1402 713 1459 unione
743 1401 967 1457 factum
993 1397 1326 1472 estaliquid
1358 1415 1572 1467 unum,
1599 1399 1848 1455 annon?
1875 1398 1930 1453 Si
1961 1398 2142 1466 igitur

491 1507 616 1548 non
648 1491 724 1546 sit
747 1491 970 1547 factum
995 1488 1224 1562 aliquid
1258 1504 1472 1557 unum,
1501 1487 1811 1561 quomodo
1843 1493 1901 1543 et
1938 1486 2141 1542 unitas

491 1580 674 1637 fuisse
715 1594 819 1635 eas
865 1579 1182 1634 dicemus?
1211 1575 1362 1643 Quid
1415 1577 1572 1633 enim
1627 1581 1717 1632 est
1775 1575 1938 1632 aliud
1987 1575 2141 1630 uniri

491 1683 684 1742 quam
713 1683 901 1723 unum
933 1666 1061 1722 ﬁeri
1081 1666 1110 1723 ?
1140 1669 1266 1723 Non
1289 1667 1450 1722 enim
1481 1681 1588 1738 per
1612 1665 2139 1729 iliuminationem,

493 1761 560 1813 ut
589 1755 663 1812 de
706 1756 1034 1830 prophetis,
1075 1755 1360 1811 unionem
1404 1753 1783 1811 confitemur.
1833 1753 1888 1810 Si
1942 1757 2142 1808 autem

493 1861 566 1902 ex
583 1845 840 1902 duarum
854 1849 1209 1901 naturarum
1223 1844 1444 1900 unione
1473 1859 1666 1899 unum
1681 1842 1906 1915 aliquid
1920 1841 2142 1896 factum

495 1939 606 2004 est,
637 1933 782 2002 quid
831 1933 1008 2004 igitur
1047 1938 1138 1990 est
1182 1932 1347 1989 aliud
1373 1934 1614 1990 unum?
1665 1934 1867 1989 Utrum
1917 1946 2141 1986 nomen

492 2037 827 2091 vanum,an
843 2039 937 2079 res
953 2021 980 2076 7
1001 2023 1057 2080 Si
1082 2022 1262 2092 igitur
1281 2037 1504 2079 nomen
1522 2020 1906 2078 solummodo
1919 2035 2144 2076 vanum

494 2117 649 2169 esset
668 2112 794 2168 sine
811 2127 896 2178 re,
910 2126 1032 2168 non
1046 2115 1248 2168 essent
1266 2111 1445 2167 unitaa
1459 2115 1718 2176 natum;
1748 2109 2146 2183 quemadmo-

493 2201 642 2258 dum
664 2205 722 2258 et
751 2199 1021 2258 sidereus
1051 2201 1222 2258 canis
1253 2204 1312 2257 et
1339 2199 1653 2269 terrestris,
1685 2215 1792 2272 per
1817 2198 2014 2255 solum
2043 2213 2146 2254 no-

495 2306 638 2348 men
658 2290 948 2348 unitatem
971 2289 1290 2358 habentes,
1334 2304 1460 2346 non
1491 2288 1639 2345 uniti
1670 2293 1808 2344 sunt
1838 2303 1944 2360 per
1974 2291 2146 2342 natu-

494 2395 617 2448 ras,
639 2394 838 2453 neque
868 2378 1046 2436 realis
1068 2378 1255 2434 homo
1267 2381 1325 2434 et
1351 2377 1454 2451 qui
1471 2375 1794 2450 inscriptus
1824 2381 1943 2432 est:
1969 2376 2018 2430 si
2042 2375 2147 2446 igi-

495 2473 592 2527 tur
611 2472 846 2525 naturae
869 2468 932 2524 tn
961 2470 1260 2541 quantum
1287 2471 1428 2522 sunt
1473 2466 1781 2537 uninntur,
1831 2471 1886 2522 et
1913 2464 2046 2521 ideo
2076 2479 2148 2520 ex

496 2571 709 2614 earum
727 2556 972 2621 unione,
988 2570 1208 2629 nempe
1226 2554 1682 2628 compositione,
1701 2569 1891 2610 unum
1921 2552 2149 2626 aliquid

492 2646 667 2704 facta!
687 2649 849 2715 sunt,
866 2661 989 2702 non
1013 2644 1073 2700 id
1099 2647 1187 2701 est
1214 2659 1442 2700 vanum
1469 2642 1828 2711 nomen,sed
1853 2642 2146 2699 res.Siau-

493 2740 614 2793 tem
645 2749 762 2803 res,
785 2739 988 2792 utrum
1013 2733 1075 2790 id
1106 2739 1323 2791 natura
1345 2737 1454 2805 est,
1484 2748 1705 2807 nempe
1733 2733 2150 2799 essentia,esse

492 2824 724 2898 aliquid
753 2840 827 2880 ex
859 2823 1207 2880 substantias
1251 2821 1705 2880 accidentibus?
1736 2822 1915 2893 lgitur
1953 2822 2002 2878 si
2043 2835 2152 2894 per

494 2914 696 2988 ipsum
725 2928 859 2970 esse
887 2917 1117 2970 natura
1146 2912 1326 2970 unitas
1363 2917 1524 2982 sunt,
1560 2917 1618 2968 et
1658 2913 1794 2968 ideo
1827 2928 2018 2968 unum
2050 2910 2152 2967 ali-

493 3002 644 3077 quid
686 3017 758 3060 ex
803 3017 1012 3059 earum
1050 3002 1275 3060 unione
1319 3001 1642 3076 perﬁcitur,
1695 3016 1892 3074 neque
1923 3017 2150 3060 vanum

494 3105 722 3150 nomen
753 3095 861 3158 est,
893 3107 1090 3166 neque
1129 3091 1478 3148 substantias
1521 3090 1838 3164 quoddam
1869 3091 2150 3149 accidens

498 3186 556 3240 et
583 3196 986 3254 consequens,
1017 3179 1510 3237 concludendum
1551 3185 1640 3236 est
1687 3179 1837 3236 illud
1884 3197 2014 3238 esse
2061 3198 2152 3237 es-

493 3271 748 3328 sentiam
802 3274 906 3328 aut
952 3273 1236 3328 naturam
1284 3287 1298 3326 :
1366 3270 1772 3342 supponimus
1832 3285 1994 3327 nunc
2045 3287 2153 3344 per

492 3366 813 3434 utramque
859 3375 1072 3417 vocem
1112 3359 1274 3416 idem
1305 3359 1652 3429 significari,
1686 3375 1793 3432 per
1822 3361 2149 3418 essentiam

491 3466 713 3524 nempe
732 3454 790 3507 et
806 3453 1106 3506 naturam.
1127 3449 1184 3506 Si
1204 3448 1386 3519 igitur
1413 3464 1599 3504 unum
1624 3449 1771 3504 illud
1796 3465 1869 3506 ex
1889 3450 2150 3508 duarum

491 3545 849 3598 naturarum
896 3539 1228 3611 perfectum
1280 3537 1503 3594 unione
1534 3542 1750 3595 natura
1781 3543 1887 3610 est,
1931 3541 2152 3598 scilicet

491 3628 774 3696 essentia,
823 3631 978 3684 recte
1019 3642 1163 3696 ergo
1202 3643 1392 3684 unam
1423 3641 1559 3684 esse
1589 3631 1867 3684 naturam
1915 3629 2148 3686 Domini

493 3717 712 3774 Christi
742 3721 879 3789 post
908 3716 1198 3772 unionem
1221 3717 1602 3785 confitemur,
1635 3731 1992 3790 quanquam
2023 3734 2148 3776 non

493 3806 854 3879 simplicem,
897 3805 1003 3861 sed
1033 3805 1439 3878 compositam
1489 3821 1626 3861 eam
1689 3821 1821 3862 esse
1865 3807 2145 3864 dicimus.

493 3899 722 3954 Nomen
743 3895 905 3951 enim
933 3895 1198 3951 Christus
1215 3909 1336 3950 non
1366 3900 1561 3968 potest
1585 3895 1897 3968 utriusque
1919 3901 2148 3953 natura;

492 3983 885 4040 indicativum
918 3999 1070 4042 esse.
1095 3983 1149 4041 Si
1171 3983 1331 4040 enim
1353 3998 1476 4040 non
1506 3988 1664 4040 esset
1693 3983 2146 4056 aliquidnnum,

491 4073 758 4146 quodex
809 4073 1071 4130 duarum
1123 4077 1480 4130 naturarum
1539 4071 1766 4128 unione
1818 4074 2142 4146 perficitur,

489 4162 866 4236 impossibile
897 4167 1051 4219 esset
1079 4164 1206 4219 sive
1239 4163 1315 4218 de
1344 4162 1550 4218 anima
1581 4166 1640 4218 et
1669 4178 1920 4236 corpore
1952 4179 2146 4223 unum

490 4251 755 4310 hominis
795 4267 1017 4309 nomen
1059 4251 1373 4326 appellari,
1406 4251 1529 4306 sive
1560 4250 1636 4307 de
1675 4252 1884 4310 Christi
1928 4253 2144 4312 divini-

489 4345 608 4400 tate
632 4345 690 4398 et
711 4341 1108 4411 humanitate,
1132 4341 1245 4398 nisi
1270 4357 1344 4398 ex
1382 4339 1453 4396 iis
1497 4356 1688 4400 unum
1718 4341 1868 4417 quid
1917 4342 2144 4404 factum

491 4431 588 4504 sit,
618 4431 832 4490 Christi
861 4446 1084 4490 nomen
1105 4430 1343 4505 utrique
1369 4429 1523 4488 dari.

755 4629 898 4687 Alia
927 4628 1495 4701 Monophysilarum
1524 4631 1871 4700 propositio.

562 4736 648 4793 19.
681 4736 738 4794 Si
763 4736 976 4794 Christi
1003 4741 1231 4796 natura:
1256 4735 1436 4793 unitas
1468 4735 1605 4792 duae
1653 4741 1795 4793 sunt
1823 4735 1938 4806 vel,
1974 4739 2142 4812 quod

487 4826 650 4884 idem
677 4831 869 4898 sonat,
888 4827 1164 4883 essentia:
1183 4826 1482 4899 (essentia?
1510 4825 1668 4882 enim
1689 4832 1828 4883 sunt
1848 4826 2056 4886 divina
2085 4835 2142 4887 et

485 4916 978 4990 humanaprocnl
993 4917 1278 4983 duliio,ex
1292 4915 1514 4988 quibus
1529 4921 1876 4972 naturarum
1892 4917 2140 4991 duplici-

485 5006 622 5062 tatis
635 5021 856 5062 nomen
875 5005 1388 5076 inferunt),utrum
1407 5003 1750 5078 alterquam
1765 5006 1893 5076 ejus
1911 5014 2136 5065 naturae

485 5095 750 5152 Christus
763 5101 874 5166 est,
895 5113 970 5152 an
993 5097 1149 5152 idem
1174 5113 1240 5152 ac
1264 5096 1393 5166 ejus
1421 5096 1688 5152 naturai?
1709 5096 1765 5152 Si
1787 5095 1967 5168 igitur
1988 5098 2138 5156 alter

481 5189 572 5241 est
598 5200 668 5241 ac
694 5186 824 5256 ejus
858 5191 1087 5242 natura:
1120 5184 1405 5247 Christus.
1441 5185 1576 5257 quis
1609 5189 1719 5250 est,
1753 5190 1814 5242 ut
1839 5185 1985 5242 alter
2006 5204 2134 5245 esse

479 5275 715 5346 possit?
743 5275 854 5331 Sed
907 5274 1053 5330 nihil
1093 5276 1343 5330 alterum
1379 5279 1467 5331 est
1497 5290 1569 5329 ac
1600 5279 1730 5345 ejus
1767 5282 1978 5332 natura
2031 5284 2134 5335 ant

478 5363 758 5420 essentia.
795 5364 849 5421 Si
873 5367 1022 5420 enim
1052 5365 1315 5421 hominis
1348 5369 1590 5429 natura,
1615 5366 1937 5420 essentiam
1972 5367 2131 5436 dico,

475 5453 534 5508 in
567 5469 637 5508 eo
669 5454 938 5508 consistit
972 5453 1137 5526 quod
1160 5459 1247 5509 est
1274 5453 1498 5509 animal
1543 5453 1837 5509 rationale
1878 5456 2128 5513 mortale

471 5541 871 5625 (deﬁnitiones
885 5544 1042 5599 enim
1060 5560 1257 5599 rerum
1276 5559 1482 5599 earnm
1503 5559 1677 5598 essen
1690 5544 1796 5598 tias
1815 5544 2124 5616 indicant),

469 5632 520 5688 si
548 5632 733 5690 homo
758 5633 906 5706 quid
929 5632 1322 5690 diversumsit
1353 5648 1389 5690 a
1413 5649 1523 5690 sua
1537 5635 1821 5702 essentia,
1846 5649 1964 5690 non
1988 5651 2122 5707 pro-

2239 525 2327 574 καὶ
2354 523 2674 592 παγιὰτητα.
2714 519 2769 574 Ἦ
2829 519 2955 592 ἁγία
2990 515 3037 571 δ’
3074 515 3160 572 οὖν
3210 523 3299 571 καὶ
3347 517 3675 575 οἰκονιιενική
3721 519 3841 569 σύν-

2241 606 2362 673 οδος
2387 612 2417 670 ἠ
2453 609 2500 662 ἐν
2546 605 2849 669 Χαλκηδόνι
2890 615 3137 662 συστᾶσα
3176 604 3270 661 διά
3319 606 3564 681 βραχέων
3605 604 3838 678 ἐμνήσθη

2241 707 2340 752 τῶν
2367 698 2646 772 λεγομένων
2711 699 2812 750 ὑπὸ
2859 706 2958 751 τῶν
2996 701 3119 770 μίαν
3162 695 3246 750 ἰπὶ
3301 701 3537 769 Χριστοῦ
3587 691 3841 758 δοξαζόν-

2242 808 2341 841 των
2407 792 2560 860 φύσίν
2612 789 2852 844 σύνθετον
2882 803 2896 819 ·
2958 787 3059 843 εἰσὶ
3110 783 3187 854 δὲ,
3227 789 3297 850 ὡς
3354 785 3407 838 ἐκ
3454 785 3648 838 πολλῶν
3689 783 3844 857 ὀλίγα

2247 877 2426 947 εἰπεῖν,
2482 881 2730 938 τοιαύτης
2779 876 2966 938 ἐννοίας
3015 875 3256 949 ἐχόμενα,
3307 875 3435 949 οἷπερ
3488 874 3557 936 εἰς
3609 893 3842 947 συνηγο-

2245 971 2362 1041 ρίαν
2401 973 2492 1019 τοῦ
2525 966 2716 1020 οἰκείου
2746 962 3008 1040 δόγματος
3040 963 3234 1026 ἀσεϐῶς
3261 965 3590 1040 προτιθέασι.

2248 1109 2492 1172 Ἐκθεσις
2541 1119 2691 1164 τινῶν
2745 1110 3030 1184 κεφαλαίων
3078 1109 3500 1184 προϐαλλομένων
3545 1111 3691 1184 ποιρά
3742 1117 3842 1163 τῶν

2845 1208 3051 1273 Moveng
3061 1208 3237 1256 σιτὼν.

2323 1307 2410 1368 ιη’.
2461 1313 2681 1383 Πότερον
2740 1308 2794 1361 ἔκ
2829 1318 2919 1370 τῆς
2969 1317 3069 1360 τῶν
3131 1307 3214 1361 ἐπὶ
3269 1315 3503 1383 Χριστού
3559 1307 3842 1381 λεγομένων

2251 1395 2349 1451 δύο
2381 1402 2581 1471 φύσεων
2623 1399 2845 1458 ἑνώσεως
2876 1402 3051 1469 γέγονε
3088 1418 3140 1450 τι
3180 1397 3248 1467 ἓν,
3295 1398 3323 1457 ἦ
3378 1402 3475 1461 o~3;
3519 1398 3576 1450 Εἰ
3617 1401 3705 1469 μεν
3752 1398 3840 1449 οὖν

2251 1492 2322 1560 μὴ
2373 1491 2551 1559 γεγονέ
2604 1507 2658 1540 τι
2708 1487 2763 1550 ἐξ

2253 1576 2410 1637 αύτάς
2450 1576 2688 1652 ἐροῦμεη
2729 1582 2792 1629 Τί
2843 1579 2943 1650 γὰρ
3004 1575 3125 1628 ἄλλο
3175 1575 3288 1628 εστὶ
3317 1580 3376 1628 το
3422 1577 3658 1634 ἡνῶσθαι
3707 1577 3734 1634 ἡ
3783 1579 3842 1628 τὸ

2817 1490 2982 1540 αὐτῶν
3036 1487 3105 1556 ἓν,
3159 1495 3267 1549 πῶς
3311 1492 3400 1539 καὶ
3443 1488 3676 1544 ἡνῶσθαι
3716 1485 3842 1549 ὅλως

2252 1664 2299 1718 ἓν
2324 1671 2622 1737 γεγονέναι;
2656 1663 2779 1718 οὐδὲ
2821 1668 2921 1740 γὰρ
2961 1666 3075 1717 κατ’
3138 1665 3412 1738 ἔλλαμψιν,
3467 1668 3532 1725 ὡς
3583 1663 3666 1717 ἰπὶ
3720 1684 3849 1737 προ·

2177 1791 2214 1844 Β
2253 1763 2441 1828 φητῶν,
2487 1754 2832 1827 ὁμολογοῦμεν
2890 1759 2983 1812 τὴν
3045 1756 3258 1807 ἕνωσιν·
3295 1754 3337 1806 εἰ
3385 1751 3434 1806 δ’
3491 1753 3545 1806 ἐκ
3591 1763 3680 1814 τῆς
3730 1753 3848 1807 ἑνώ-

2255 1863 2379 1904 σεως
2440 1852 2536 1894 τῶν
2593 1840 2688 1895 δύο
2755 1846 2954 1915 φύσεων
3011 1845 3060 1895 ἔν
3117 1863 3168 1895 τι
3217 1847 3414 1916 γέγονε,
3467 1843 3520 1896 τί
3559 1862 3682 1896 ποτε
3744 1845 3848 1916 ἄρα

2252 1938 2402 1986 τοῦτο
2461 1931 2571 1985 ἐστι
2633 1937 2690 1986 τὸ
2751 1933 2840 2001 ἓν;
2907 1937 3125 2009 Πότερον
3184 1937 3343 2006 ὄνομα
3401 1937 3553 2005 μόνον
3593 1932 3766 2004 ψιλὸν,
3811 1935 3841 1995 ἡ

2253 2029 2500 2096 “Pa-lea;
2543 2022 2602 2076 Εἰ
2642 2025 2730 2094 μὲν
2760 2018 2848 2074 οὖν
2879 2027 3039 2094 ὄνομα
3085 2041 3236 2095 μονον
3282 2022 3434 2093 ψιλόν
3475 2026 3550 2081 εἴη
3601 2026 3849 2098 πράγμα-

2254 2131 2338 2172 τος
2372 2117 2560 2185 χωρὶς,
2591 2112 2684 2164 οὐκ
2715 2114 2774 2164 ἄν
2813 2109 2908 2164 εἶεν
2954 2115 3008 2164 αἱ
3037 2115 3220 2185 φύσεις
3268 2114 3523 2185 ἡνωμέναι
3557 2129 3570 2143 ⁸
3614 2115 3682 2174 ὡς
3725 2109 3849 2166 οὖδὶ

2255 2204 2281 2255 ὁ
2314 2200 2545 2276 ἀστρῷος
2591 2205 2728 2254 κύων
2775 2207 2864 2256 καὶ
2904 2204 2929 2254 ὁ
2987 2209 3254 2276 χερσαῖος,
3295 2205 3431 2254 κατά
3493 2201 3645 2273 ψιλὸν
3696 2206 3848 2275 μόνον

2255 2299 2485 2364 τοῦνομα
2523 2295 2580 2343 τὸ
2637 2290 2684 2344 ἓν
2733 2294 2958 2363 ἔχοντες,
3012 2294 3261 2364 ἡνωμένοι
3325 2293 3460 2344 κατὰ
3523 2294 3617 2354 τὰς
3671 2295 3848 2364 φύσεις

2257 2383 2636 2454 τυγχάνουσιν,
2695 2378 2810 2434 οὐδ’
2861 2383 2886 2433 ὁ
2947 2380 3184 2444 ἀληθινὸς
3237 2383 3506 2455 ἅνθρωπος
3543 2387 3632 2434 καὶ
3683 2383 3708 2434 ὁ
3766 2401 3851 2454 γε·

2588 2487 2600 2501 ·
2636 2469 2821 2523 ούκούν
2862 2471 2904 2524 εἰ
2951 2473 3006 2523 αἱ
3045 2473 3225 2543 φύσεις
3270 2473 3401 2524 καθὸ
3440 2475 3499 2524 τὸ
3530 2468 3657 2524 εἶναι
3695 2474 3854 2543 ἔχου-

2261 2579 2344 2614 σιν
2369 2562 2664 2627 ἠνωθησαν,
2696 2565 2786 2612 καὶ
2826 2556 2919 2613 διὰ
2972 2560 3126 2613 τοῦτο
3162 2560 3216 2612 ίκ
3254 2569 3350 2623 τῆς
3389 2560 3614 2624 ἑνώσεως
3653 2560 3845 2629 αὐτῶν,

2259 2653 2420 2721 ἤγουν
2490 2651 2796 2716 συνθέσεως,
2868 2653 2917 2704 ἓν
2977 2670 3026 2702 τι
3089 2654 3324 2723 γέγονεν,
3375 2650 3470 2702 οὐκ
3529 2653 3631 2726 ἄρα
3693 2649 3846 2722 ψιλὸν

2260 2743 2419 2810 ὄνομα
2469 2746 2623 2792 τοῦτο
2685 2738 2844 2806 ἐστιν,
2894 2737 3022 2792 ἀλλά
3067 2745 3323 2814 πρᾶγμα·
3386 2739 3428 2793 εἰ
3492 2736 3549 2792 δὲ
3603 2745 3846 2815 πρᾶγμα,

2256 2474 2547 2544 γραμμένος

2263 2833 2471 2905 πότερον
2502 2833 2658 2902 φύσις
2689 2833 2801 2884 ἱστὶ
2856 2837 3030 2897 τοῦτο,
3082 2835 3240 2902 ἤγουν
3278 2830 3456 2896 οὐσία,
3515 2831 3544 2890 ἦ
3594 2839 3692 2884 τῶν
3730 2836 3852 2905 περὶ

2259 2924 2350 2978 τὴν
2405 2919 2587 2972 ούσίαν
2626 2939 2678 2971 τι
2727 2918 3172 2992 σνμϐεϐηκότων;
3233 2920 3434 2973 Ούκούν
3477 2919 3519 2973 εἰ
3559 2918 3671 2972 κατ’
3727 2920 3852 2973 αὐτὸ

2260 3012 2318 3062 τὸ
2346 3004 2472 3062 εἶναι
2513 3012 2692 3081 φύσεις
2741 3011 3039 3076 ἠνώθησαν,
3069 3014 3158 3062 καὶ
3209 3006 3303 3063 διά
3343 3017 3495 3064 τοῦτο
3525 3013 3585 3062 τὸ
3634 3009 3683 3062 ’ἐν
3712 3013 3768 3062 τὸ
3799 3009 3855 3063 ἐκ

2181 3142 2222 3198 c
2259 3105 2352 3160 τῆς
2415 3098 2639 3160 ἕνώσεως
2703 3097 2872 3152 ἀύτῶν
2923 3097 3256 3153 ἀποτελεσθεν
3323 3103 3440 3154 οὔτε
3505 3099 3658 3170 ψιλὸν
3715 3099 3854 3153 ἐστιν

2262 3192 2440 3260 ὄνομα,
2476 3191 2588 3242 οὔτε
2631 3187 2959 3260 συμϐεϐηκός
3015 3208 3065 3241 τι
3112 3193 3199 3241 καὶ
3252 3189 3703 3264 παρακολούθημα
3749 3192 3851 3262 φύ-

2265 3295 2408 3343 σεως,
2464 3276 2694 3332 λείπεται
2747 3275 2801 3341 ἐξ
2865 3275 3114 3350 ἀνάγκης,
3173 3277 3360 3331 ούσίαν
3406 3275 3536 3332 εἶναι
3575 3285 3745 3349 τοῦτο,
3816 3279 3846 3337 ἦ

2262 3369 2417 3440 φύσιν
2477 3387 2490 3401 ·

2260 3457 2460 3523 νεσθαι,
2505 3452 2598 3510 διὰ
2639 3464 2735 3519 τῆς
2764 3455 2970 3525 ούσίας,
3011 3461 3164 3529 φημὶ,
3205 3462 3420 3519 καὶτῆς
3446 3460 3675 3530 φύσεως·
3708 3455 3750 3508 εἰ
3789 3452 3849 3509 δὲ

2559 3369 2752 3420 κείσθω
2787 3368 2888 3441 γάρ
2939 3387 3026 3419 νυν
3075 3363 3130 3420 δὶ
3158 3367 3398 3442 ἐκατέρου
3430 3371 3616 3421 ταυτὸν
3654 3371 3849 3439 σημαί-

2260 3546 2318 3596 τὸ
2376 3544 2423 3598 ἓν
2471 3548 2530 3598 τὸ
2579 3545 2630 3598 ἐκ
2687 3553 2782 3608 τῆς
2827 3545 3051 3607 ἐνώσεως
3099 3553 3197 3597 τῶν
3244 3543 3341 3598 δύο
3388 3549 3585 3618 φύσεων
3616 3544 3853 3598 ἀποτετε-

2259 3632 2497 3706 λεσμένον
2537 3637 2690 3707 φύσις
2746 3637 2907 3701 ἐστὶν,
2948 3638 3109 3706 ἤγουν
3155 3635 3330 3706 ούσία,
3373 3641 3538 3697 καλῶς
3584 3636 3686 3708 ἄρα
3722 3638 3849 3706 μίαν

2260 3719 2389 3776 εἶναι
2443 3727 2536 3782 τὴν
2600 3726 2754 3796 φύσιν
2817 3731 2907 3776 τού
2966 3729 3224 3777 Δεσπότον
3281 3730 3512 3796 Χριστοῦ
3568 3724 3698 3794 μετά
3751 3726 3846 3779 τὴν

2259 3812 2442 3864 ἕνωσιν
2493 3813 2859 3886 ὁμολογοῦμεν,
2895 3813 2938 3866 εἰ
2975 3819 3064 3866 καὶ
3125 3818 3195 3888 μὴ
3246 3813 3427 3881 ἁπλῆν,
3495 3809 3621 3863 ἀλλά
3662 3811 3846 3864 σύνθε-

2257 3920 2342 3953 τον
2375 3900 2501 3954 εἶναι
2529 3905 2724 3962 ταύτην
2783 3907 2943 3976 φαμεν
2987 3921 2999 3935 ·
3031 3907 3088 3958 το
3145 3905 3244 3976 γὰρ
3291 3905 3514 3976 Χριστος
3557 3905 3718 3972 ὄνομα
3746 3907 3850 3952 τῶν

2259 3993 2456 4063 φύσεων
2515 3991 2812 4068 ἀμφοτέρων
2863 3989 2991 4048 εἶναι
3033 3989 3318 4053 θήλωτικον
3369 3991 3426 4043 ού
3486 3987 3750 4043 δύναται·
3811 3989 3855 4042 εἰ

2255 4099 2354 4153 γαρ
2403 4085 2473 4154 μὴ
2510 4085 2586 4139 εἰη
2633 4102 2683 4135 τι
2729 4083 2775 4138 ἓν
2807 4085 2861 4134 τὸ
2908 4081 2960 4134 ἐκ
3006 4089 3098 4142 τῆς
3138 4081 3359 4142 tudio-rm;
3391 4089 3488 4134 τῶν
3522 4077 3620 4133 δύο
3653 4082 3851 4154 φύσεων

2257 4168 2730 4244 ἀποτετελεσμένον,
2798 4167 3054 4224 ἀδύνατον
3103 4171 3131 4231 ἡ
3177 4170 3258 4224 ἐπὶ
3319 4169 3504 4242 ψυχῆς
3555 4175 3643 4222 καὶ
3676 4175 3851 4240 σώμα-

2255 4278 2342 4322 τος
2390 4260 2437 4314 ἓν
2482 4263 2657 4314 τὸτοῦ
2701 4259 2974 4333 ἀνθρώπου
3027 4261 3440 4346 κατηγορεῖσθαι
3479 4263 3658 4332 ὄνομα,
3693 4257 3722 4316 ἢ
3770 4257 3855 4310 επὶ

2255 4345 2368 4411 τῆς
2417 4356 2508 4403 τοῦ
2569 4357 2800 4424 Χριστοῦ
2879 4352 3121 4411 θεότητος
3182 4345 3372 4402 τεκαὶ
3431 4347 3848 4421 ἀνθρωπότητος,

2254 4436 2474 4511 μηδενὸς
2503 4439 2555 4503 ἐξ
2581 4439 2748 4492 αὐτῶν
2777 4442 2885 4502 iw};
2904 4443 3195 4512 γενομένου,
3227 4442 3318 4498 τήν
3349 4445 3585 4512 Χριστοῦ
3611 4437 3853 4511 λέγεσθαι

2179 4503 2220 4557 D
2253 4533 2610 4604 προσηγορίαν
2639 4529 2718 4581 ἐπ’
2747 4527 2958 4602 ἀμφοῖν.

2523 4636 2728 4712 Ἕτερον
2760 4636 3037 4710 πρόϐλημα
3057 4643 3154 4688 τῶν
3177 4642 3572 4708 Μονογνσιτῶν.

2325 4745 2409 4802 ιϐ’.
2449 4749 2602 4819 Εἴπερ
2655 4747 2709 4799 αἱ
2760 4752 2849 4798 τοῦ
2904 4751 3139 4817 Χριστοῦ
3186 4746 3365 4816 φύσεις
3420 4742 3689 4796 ἐνωθεῖσαι
3747 4738 3845 4794 δύο

2248 4836 2599 4906 τνθχάνουσι,
2663 4837 2847 4888 ταυτὸν
2905 4830 2964 4886 δὲ
3019 4834 3176 4886 εἰπεῖν
3242 4836 3440 4899 ούσίαι,
3495 4832 3673 4884 ούσίαι
3740 4832 3843 4902 γὰρ

2249 4920 2509 4982 δήπουθεν
2550 4927 2578 4984 ἡ
2630 4943 2683 4976 τε
2729 4926 2881 4977 θείοι²
2928 4928 3017 4975 καὶ
3075 4924 3104 4981 ἡ
3171 4920 3506 4996 ἀνθρώπειος,
3561 4920 3636 4993 ἐφ’
3677 4919 3744 4971 ὧν
3784 4923 3842 4972 τὸ

2247 5022 2341 5076 τῆς
2407 5010 2606 5076 δυάδος
2661 5022 2759 5066 τῶν
2824 5016 3024 5085 φύσεων
3088 5017 3330 5084 φέρουσιν
3380 5013 3563 5084 ὄνομα,
3630 5012 3846 5083 πότερον

2246 5105 2412 5178 ἔτερος
2470 5106 2724 5174 τυγχάνει
2775 5112 2874 5154 τῶν
2937 5102 3117 5154 ἑαυτοῦ
3179 5104 3378 5173 φύσεων
3446 5103 3471 5153 ὀ
3523 5103 3772 5174 Χριστὸς,
3816 5099 3846 5158 ἢ

2244 5197 2428 5245 ταυτὸν
2479 5193 2590 5246 ἐστι
2628 5200 2736 5253 ταῖς
2775 5191 2934 5244 αὑτοῦ
2980 5194 3237 5263 exierat»;
3275 5189 3334 5243 Εἰ
3383 5193 3476 5262 μὶν
3539 5186 3626 5242 οὖν
3682 5190 3852 5262 ἕτερος

2243 5278 2355 5333 ἔστι
2412 5291 2510 5333 τὼν
2563 5282 2723 5333 αὐτοῦ
2773 5284 2971 5353 φύσεων
3038 5281 3063 5331 ὁ
3105 5283 3363 5354 Χριστὸς,
3404 5283 3481 5342 τίς
3543 5279 3632 5346 ὢν,
3676 5277 3848 5349 ἔτερος

2242 5370 2408 5422 αὐτῶν
2471 5374 2762 5442 τνγχάνεη
2813 5369 2945 5422 Ἀλλ’
2993 5366 3145 5421 οὐδὲν
3197 5377 3298 5421 τῶν
3353 5370 3508 5420 ὄντων
3550 5376 3647 5428 τῆς
3683 5365 3848 5418 αύτοῦ

2241 5462 2437 5530 φύσεως
2493 5460 2521 5518 ἣ
2591 5459 2771 5519 οὐσίας
2820 5460 2984 5530 ἕτερον
3038 5457 3177 5510 ἐστιν
3215 5478 3225 5491 ·
3275 5457 3318 5509 εἰ
3368 5459 3470 5529 γάρ
3525 5458 3554 5514 ἡ
3605 5461 3694 5508 τοῦ
3762 5454 3851 5506 ἀν·

2242 5549 2448 5621 θρωπον
2512 5551 2686 5620 φύσις,
2747 5552 2863 5606 ἤτοι
2902 5547 3079 5612 οὐσία,
3140 5550 3196 5599 το
3238 5547 3369 5607 ζῶον
3409 5545 3616 5616 λογικὸν
3660 5547 3847 5602 θνητόν

2239 5636 2396 5708 ἐστιν,
2449 5640 2497 5690 οἱ
2544 5637 2644 5711 γάρ
2695 5639 2907 5712 ὁρισμοὶ
2965 5645 3065 5688 τὼν
3127 5637 3452 5712 πραγμάτων
3508 5643 3604 5696 τῆς
3652 5637 3846 5698 ούσίας
