4126 6228
459 283 524 337 63
1820 270 2098 330 meum;
2134 269 2512 328 CHONIATJE
3755 284 3824 341 δέ

452 402 707 460 modum
746 398 1043 472 Eutyches
1075 396 1452 472 supposititio
1470 397 1632 455 vultu
1664 400 1719 454 et
1756 397 2093 454 tictitioVer-

2212 393 2567 469 ὑποϐολιμαίῳ
2618 404 2909 471 προστὼπῳ
2957 404 3045 453 καὶ
3095 398 3435 474 φασματῶὃει
3493 407 3581 456 τὸν
3654 412 3821 480 Λόγον

455 494 606 550 bum
631 488 1105 548 incarnationem
1129 487 1444 544 simulasse
1466 487 1687 553 docuit,
1715 488 1797 544 sic
1822 492 1877 543 et
1901 486 1980 541 illi
1997 486 2093 541 alia

2220 485 2601 559 ὑποκρίνασθαι
2631 492 2723 546 τὴν
2758 491 3022 561 σάρκωσιν
3062 487 3421 562 ἐδογμάτιζεν,
3458 494 3591 546 οὑτω
3632 493 3698 555 δη
3734 506 3822 552 καὶ

457 582 557 638 via
584 580 996 655 procedentes,
1032 593 1216 633 unam
1247 582 1527 634 naturam
1559 576 1633 633 dc
1661 577 1894 633 Christo
1915 576 2111 632 dicere

458 669 590 726 ausi
623 672 779 724 sunt.
815 670 1004 721 Unam
1022 664 1265 738 quidem
1288 670 1495 737 etpost
1526 664 1806 721 unionem
1832 679 2111 737 perman-

458 760 607 814 sisse
632 772 955 830 personam
987 754 1214 823 dicunt,
1242 769 1363 809 non
1395 760 1597 811 autem
1622 755 1979 825 conjunctas
2009 768 2111 809 na-

456 853 621 905 turas
650 863 837 920 puras
874 851 930 902 et
958 844 1305 902 inconfusus
1360 843 1420 899 in
1482 845 1606 900 suis
1647 844 2111 917 proprietatibus

459 940 818 1002 servantem,
836 934 942 991 sed
966 938 1102 1007 post
1130 933 1416 990 unionem
1440 932 1653 989 ambas
1672 950 1860 989 unum
1884 931 2111 1004 aliquid

457 1026 646 1084 factas
690 1024 1145 1093 esse,confusas
1170 1023 1228 1078 in
1271 1039 1381 1079 sua
1432 1023 1814 1079 immistione.
1850 1025 1914 1078 Et
1946 1021 2111 1077 aliud

2221 570 2385 642 οὗτοι,
2419 580 2511 632 τήν
2570 574 2795 629 ἐναντίαν
2834 578 2973 649 αὑτῴ
3016 585 3346 652 τραπόμενοι,
3378 587 3503 654 μίαν
3544 588 3697 656 φύσιν
3737 586 3821 641 ἐπὶ

2220 671 2455 736 Χριστοῦ
2512 665 2861 738 τετολμήκασι
2923 667 3084 739 λέγειν
3118 684 3129 695 ·
3164 670 3211 721 ἓν
3254 672 3342 741 μὲν
3404 674 3504 746 γὰρ
3560 679 3650 726 καὶ
3688 696 3821 747 μετα

2218 757 2312 811 τὴν
2375 753 2553 806 ἕνωσιν
2618 761 2956 828 μεμενηκέναι
3014 763 3140 831 φασὶ
3197 766 3491 832 πρόσωπον,
3546 763 3603 814 ού
3653 770 3819 830 σῶζον

2222 838 2280 895 δὲ
2311 843 2403 904 τας
2453 843 2855 909 συνεληλυθυίας
2907 851 3083 919 φύσεις
3134 850 3369 924 καθαρὰς
3412 856 3501 903 καὶ
3565 850 3817 926 ἀσυγχύ-

2219 950 2339 994 τους
2377 930 2424 984 ἐν
2465 940 2574 996 τοῖς
2604 930 2760 997 ἰδίοις
2821 932 3124 1009 ἰδιώμασιν,
3160 936 3287 989 ἀλλὰ
3347 941 3479 1010 μετά
3514 946 3607 998 τὴν
3638 941 3818 995 ἕνωσιν

458 1132 781 1174 commune
797 1133 867 1181 ex
887 1115 1164 1171 mistione
1187 1113 1562 1187 apparuisse,
1585 1112 2108 1186 quemadmodum

458 1211 515 1263 et
538 1221 792 1277 corpora
844 1221 917 1259 ex
963 1208 1223 1275 quatuor
1270 1202 1576 1258 elementis
1623 1201 2109 1258 commistionem

460 1293 867 1361 sortita,aliud
893 1292 1188 1365 quiddam
1217 1296 1351 1363 post
1380 1291 1717 1347 mistionem
1746 1294 2105 1362 sunt.Neque

460 1384 651 1439 ferum
698 1398 891 1453 neque
942 1385 1213 1437 nostrum
1254 1396 1474 1452 corpus
1529 1386 1629 1436 aut
1679 1379 1830 1450 ignis
1878 1385 1981 1435 aut
2007 1396 2109 1435 aer

458 1478 561 1530 aut
589 1472 815 1545 aliquid
850 1487 921 1527 ex
952 1471 1256 1527 elementis
1285 1486 1436 1543 pura
1467 1476 1642 1539 sunt;
1685 1469 1788 1526 sed
1806 1486 1874 1525 ex
1898 1485 2106 1525 eorum

459 1560 732 1616 mistione
774 1559 1032 1615 formata
1076 1563 1234 1627 sunt,
1267 1564 1321 1614 et
1352 1564 1484 1631 post
1510 1559 1851 1615 mistioncm
1879 1557 2105 1631 aliquid

460 1650 622 1706 aliud
646 1649 855 1707 effecta
876 1653 1032 1707 sunt.
1067 1648 1167 1705 llic
1198 1652 1399 1705 autem
1424 1664 1542 1703 non
1576 1664 1669 1704 res
1694 1649 1775 1704 ita
1799 1664 1860 1702 se
1889 1647 2095 1703 habet.

459 1738 573 1796 Sed
607 1744 929 1811 postquam
950 1737 1155 1793 divina
1176 1738 1624 1810 forma,nempe
1646 1741 1863 1793 natura
1889 1736 1947 1791 in
1981 1752 2093 1792 una

2213 1736 2281 1785 Τὸ
2308 1729 2366 1784 δὲ
2404 1733 2509 1805 οὑχ
2533 1733 2695 1796 οὑτως
2747 1736 2869 1806 ἔχον
2914 1734 3054 1787 ἐστίν
3090 1753 3101 1766 ·

455 1843 523 1882 ex
565 1829 687 1882 suis
732 1825 1009 1899 personis
1055 1825 1331 1883 humanae
1385 1832 1614 1882 naturae
1662 1826 1904 1895 integrae
1958 1842 2105 1881 con-

448 1913 661 1982 juncta
682 1917 786 1981 est,
817 1926 940 1966 non
970 1909 1132 1967 aliud
1160 1910 1452 1984 quiddam
1484 1911 1642 1966 facta
1673 1916 1760 1966 est
1791 1926 1860 1966 ex
1891 1910 2103 1965 inefl‘a-

451 2001 556 2056 bili
582 2002 695 2056 hac
721 2000 996 2056 mistione
1027 2004 1082 2055 et
1112 1998 1354 2069 unione,
1387 1999 1493 2056 sed
1523 2005 1661 2076 post
1692 1999 1975 2057 unionem
1996 2015 2101 2056 na-

451 2092 597 2147 turae
626 2088 961 2147 inconfusus
991 2094 1367 2162 permanent.

521 2273 608 2325 29.
652 2271 721 2326 Ut
748 2273 950 2326 autem
983 2269 1060 2326 ad
1090 2269 1434 2342 exemplum
1460 2268 1773 2343 quoddam
1796 2273 2102 2326 vertamus

449 2358 1003 2427 oculos,hominem
1037 2358 1417 2413 individuum
1449 2359 1979 2431 supponamus;in
2007 2375 2103 2413 cu-

445 2446 693 2518 jusdam
715 2461 1039 2519 personam
1060 2461 1385 2519 pervenere
1407 2447 1534 2518 ejus
1556 2463 1776 2520 corpus
1800 2451 1856 2503 et
1875 2448 2098 2516 anima;

449 2536 555 2592 sed
580 2552 703 2594 non
716 2536 881 2593 aliud
902 2536 1194 2609 quiddam
1217 2536 1373 2592 ultra
1393 2541 1482 2593 est
1500 2536 1872 2609 particularis
1892 2537 2097 2594 homo.

446 2627 765 2699 llucusque
796 2626 979 2683 modo
1028 2630 1140 2681 stet
1167 2625 1533 2697 exemplum.
1562 2627 1619 2682 Si
1649 2626 1809 2681 enim
1855 2625 2100 2683 ulterius

444 2717 925 2793 progrediamur,
951 2717 1210 2773 multam
1250 2716 1627 2772 inveniemus
1657 2715 2085 2773 diﬁ‘erentiam.

444 2810 523 2864 De
576 2806 918 2879 particulari
976 2806 1135 2861 enim
1184 2805 1449 2876 homine,
1476 2806 1713 2878 proprie
1773 2822 1993 2879 corpus
2044 2813 2099 2863 et

437 2897 646 2954 anima
664 2896 1170 2967 dicuntur,neque
1191 2895 1397 2952 anima
1421 2912 1640 2969 corpus
1673 2896 2093 2969 appellaretur,

436 3002 633 3060 neque
664 3002 884 3057 corpus
929 2986 1131 3042 anima
1182 2986 1611 3042 nominaretur.
1647 2990 1725 3042 De
1766 2988 1865 3042 Dei
1894 2991 2095 3043 autem

2220 1017 2507 1095 ἀμφοτέρας
2554 1022 2601 1075 ἓν
2646 1043 2694 1075 τι
2745 1030 3023 1097 γεγονέναι,
3074 1027 3433 1097 συγχυθείσας
3479 1027 3525 1080 ἐν
3576 1039 3636 1102 τῇ
3694 1032 3817 1105 παρ’

2220 1107 2434 1171 ἀλλήλας
2506 1109 2786 1186 ἀνακράσει
2831 1127 2846 1143 ⁸
2906 1120 3078 1166 καίτοι
3144 1135 3311 1168 κοινον
3378 1115 3542 1189 ἓτερον
3610 1118 3664 1171 ἐκ
3726 1129 3818 1173 τοῦ

2216 1203 2480 1271 μίγματος
2533 1210 2772 1273 φανῆναι,
2838 1204 3009 1278 ὥσπερ
3067 1209 3158 1256 καί
3216 1207 3280 1257 τὰ
3335 1211 3553 1279 σώματα
3616 1208 3671 1261 ἐκ
3719 1216 3817 1261 τῶν

2216 1290 2482 1363 τεσσάρων
2552 1296 2829 1362 στοιχείων
2900 1291 3153 1364 εἰληχότα
3199 1299 3292 1352 τὴν
3352 1302 3539 1368 κρᾶσιν
3592 1296 3712 1350 οὖ.λο
3765 1318 3814 1351 τι

2216 1377 2339 1449 παρ’
2398 1376 2562 1429 ἐκεῖνα
2621 1381 2875 1450 τυγχάνει
2923 1398 2935 1410 ⁸
2987 1385 3103 1433 οὔτε
3155 1387 3257 1453 μην
3315 1385 3340 1434 ὁ
3401 1381 3641 1458 σίδηρος,
3701 1391 3814 1439 οὔτε

2215 1470 2274 1517 τὸ
2305 1468 2550 1540 ἡμέτερον
2601 1476 2792 1540 σῶμα,
2834 1472 2862 1527 ἦ
2907 1476 3007 1542 πῦρ
3067 1468 3179 1523 ἐστι
3218 1474 3446 1547 καθαρὸν
3479 1516 3493 1540 ,
3545 1479 3572 1532 ἦ
3634 1474 3810 1548 ἀὴρ,ἧ

2214 1560 2266 1607 τὶ
2341 1563 2438 1607 τῶν
2496 1554 2658 1607 ἄλλων
2738 1562 3016 1629 στοιχείων
3070 1601 3086 1623 ,
3154 1557 3261 1611 ἀλλ’
3322 1560 3374 1623 ἐξ
3450 1561 3652 1614 ἐκείνων
3723 1568 3815 1635 μὲν

2217 1646 2505 1718 συνεκράθη
2538 1685 2555 1708 ,
2598 1642 2717 1695 ἄλλο
2764 1641 2823 1698 δε
2873 1665 2924 1697 τι
2959 1649 3089 1719 μετὰ
3151 1651 3243 1707 τὴν
3286 1651 3577 1724 σύγκρασιν
3615 1656 3813 1723 γέγονε.

3146 1735 3271 1790 ἀλλὰ
3309 1747 3405 1800 τῆς
3433 1740 3566 1802 θείας
3613 1749 3814 1814 μορφῆς

2214 1825 2332 1880 ἤτοι
2363 1825 2558 1893 φύσεως
2613 1821 2660 1876 ἐν
2712 1830 2810 1896 μιᾷ
2852 1832 2951 1875 τῶν
3011 1825 3175 1888 αὐτῆς
3227 1828 3562 1881 ὑποστάσεων
3601 1838 3661 1901 τῇ
3727 1828 3812 1881 ἀν-

2217 1912 2443 1986 θρωπίνη
2498 1912 2656 1985 οὑσίᾳ
2717 1911 3041 1987 ατομωθείσῃ
3107 1914 3522 1983 συνεληλυθυίας,
3560 1918 3653 1971 οὑκ
3692 1919 3811 1973 ἄλλο

2214 2019 2262 2052 τι
2308 2005 2505 2072 γέγονεν
2567 1999 2667 2054 ἀπὸ
2713 2011 2805 2062 τῆν
2856 2002 3083 2078 ἀρρήτου
3139 2008 3336 2067 ταύτης
3389 2007 3570 2078 μίξεως
3622 2028 3676 2061 τε
3724 2013 3812 2064 καὶ

2210 2091 2484 2164 κράσεως,
2527 2088 2653 2143 ἀλλά
2690 2094 2821 2165 μετὰ
2868 2096 2960 2152 τὴν
3009 2094 3187 2147 ἕνωσιν
3246 2097 3300 2149 αἱ
3330 2098 3505 2169 φύσεις
3551 2101 3609 2150 τὸ
3650 2096 3810 2171 ἀσύγ-

2210 2199 2376 2252 χυτον
2405 2182 2641 2251 ἔχουσιν.

2281 2286 2375 2340 κθ’.
2415 2286 2525 2341 Ἰνα
2582 2283 2640 2342 δε
2705 2293 2794 2342 καὶ
2850 2293 2979 2365 πρὸς
3021 2294 3081 2345 τὸ
3132 2288 3473 2366 παράδειγμα
3514 2292 3807 2368 βλέψωμεν,

2213 2377 2239 2429 ὁ
2277 2378 2597 2430 καθέκαστον
2639 2379 2936 2433 ὑποκείσθω
3002 2382 3287 2454 ἄνθρωπος,
3321 2381 3388 2443 εἰς
3434 2381 3633 2446 οὗτινος
3681 2386 3808 2437 ὑπό-

2213 2485 2398 2519 στασιν
2440 2475 2592 2539 σῶμα
2636 2463 2906 2527 διελήλυθε
2935 2474 3023 2522 καὶ
3065 2468 3218 2541 ψυχή
3257 2487 3270 2501 ·
3315 2469 3420 2522 ἀλλ’
3461 2472 3557 2525 οὑκ
3599 2472 3721 2526 ἄλλο
3760 2493 3811 2526 τι

2208 2559 2353 2630 παρὰ
2380 2564 2542 2610 ταῦτα
2582 2559 2606 2610 ὀ
2637 2563 2848 2632 μερικός
2898 2560 3183 2623 ἄνθρωπος.
3219 2560 3357 2619 Πλὴν
3409 2566 3571 2637 μέχρι
3620 2566 3804 2616 τούτου

2212 2652 2386 2705 στήτω
2444 2649 2568 2720 ημῖν
2634 2651 2691 2700 τὸ
2753 2647 3094 2722 παράδειγμα
3130 2672 3142 2684 ·
3176 2655 3488 2727 προσωτέρω
3533 2655 3632 2728 γὰρ
3680 2675 3801 2725 χω-

2204 2741 2433 2809 ρούντες,
2478 2734 2668 2794 πολλὴν
2729 2741 2821 2795 τὴν
2882 2734 3137 2811 διαφορὰν
3204 2742 3482 2813 εὑρήσομεν
3523 2757 3536 2772 ·
3578 2739 3662 2793 ἐπὶ
3707 2744 3799 2814 μεν

2205 2827 2303 2899 γὰρ
2331 2832 2422 2877 τοῦ
2477 2834 2693 2898 μερικού
2733 2824 3027 2902 ἀνθρώπου,
3062 2824 3372 2891 ἰδιαζόντως
3417 2832 3474 2882 τὸ
3531 2837 3683 2903 σῶμα
3710 2835 3801 2884 καὶ

2206 2914 2235 2970 η
2268 2912 2422 2986 ψυχὴ
2454 2915 2707 2986 λέγονται,
2736 2921 2825 2969 καὶ
2874 2918 2983 2970 οὔθ’
3011 2919 3042 2976 ἡ
3084 2918 3237 2990 ψυχὴ
3289 2926 3443 2991 σῶμα
3478 2920 3538 2971 ἄν
3585 2919 3799 2979 κληθείη

2204 3006 2345 3069 ποτε,
2380 3006 2496 3056 οὔτε
2542 3007 2600 3056 τὸ
2657 3013 2810 3077 σῶμα
2873 3005 3027 3078 ψυχὴ
3087 3010 3533 3082 προσαγορευθείη
3569 3026 3582 3039 ’
3618 3009 3704 3063 ἐπὶ
3743 3006 3803 3064 δὲ

432 3076 585 3132 inter
634 3091 746 3131 nos
773 3079 1120 3147 persona,et
1144 3078 1331 3130 Deum
1374 3081 1582 3131 secure
1611 3075 1948 3131 diceremus
1978 3076 2090 3131 ho-

2204 3100 2296 3153 τῆς
2336 3100 2425 3144 τοῦ
2467 3100 2601 3145 Θεοῦ
2662 3095 2780 3148 καθ’
2824 3096 2957 3167 ἡμᾶς
3004 3097 3360 3164 ὑποστάσεως,
3399 3103 3490 3151 καὶ
3536 3101 3623 3152 τὸν
3674 3102 3802 3152 Θεὸν

434 3165 682 3232 minem,
708 3168 763 3220 et
790 3164 1101 3220 hominem
1146 3165 1603 3232 Deum,mutatis
1630 3165 1895 3220 vicissim
1924 3170 1977 3220 et
2010 3165 2092 3221 vi-

434 3253 634 3310 cissim
656 3253 810 3309 datis
846 3252 1211 3322 nominibus,
1237 3253 1571 3309 secundum
1601 3253 1967 3309 ineffabilem
1998 3270 2095 3310 eo-

432 3341 805 3399 haerentiam.
838 3345 901 3398 Et
925 3342 1374 3412 particularium
1407 3342 1723 3399 hominum
1751 3344 2091 3399 communis

434 3434 525 3487 est
547 3433 776 3499 species
789 3450 805 3501 _;
828 3432 986 3487 unde
1005 3431 1338 3487 secundum
1365 3431 1523 3487 hanc
1547 3430 2091 3487 individualitatem

432 3534 541 3591 per
570 3521 776 3576 omnia
821 3519 1047 3576 similes
1085 3520 1385 3575 dicuntur.
1413 3520 1768 3589 Singulatim
1790 3520 1950 3575 enim
1980 3519 2089 3575 bo-

434 3608 649 3677 mines,
683 3607 1086 3663 caracteribus
1111 3608 1470 3675 differentes,
1488 3608 1939 3664 similitudinem
1966 3624 2092 3664 om-

436 3695 751 3752 nimodam
766 3696 1098 3751 secundum
1113 3696 1374 3767 speciem
1396 3696 1638 3752 habent.
1658 3696 1874 3753 Divinas
1888 3702 2090 3753 autem

437 3785 593 3842 illius
623 3791 975 3843 naturarum
1011 3785 1376 3857 hypostasis,
1411 3801 1531 3841 non
1554 3791 1645 3841 est
1666 3786 1895 3859 aliquid
1922 3803 2087 3843 com-

431 3890 615 3931 mune
634 3889 850 3931 nomen
873 3874 1137 3929 Christus
1156 3873 1547 3947 appellatum,
1564 3875 2088 3947 quemadmodum

431 3963 510 4020 de
542 3963 720 4020 nobis
772 3961 1138 4019 vocabulum
1189 3962 1396 4032 homo,
1424 3963 1568 4036 quia
1597 3979 1719 4020 non
1752 3968 1888 4021 sunt
1918 3964 2090 4021 multi

433 4054 665 4119 Christi,
695 4052 799 4109 sed
828 4068 981 4109 unus
1012 4052 1197 4109 Patris
1234 4054 1531 4109 terminus
1554 4058 1610 4110 et
1641 4053 1897 4111 Verbum
1920 4053 2087 4128 quod

431 4142 739 4200 divinitate
774 4142 941 4199 unxit
961 4142 1421 4199 humanitatem.

508 4253 595 4306 30.
639 4250 699 4305 Si
725 4251 859 4322 quis
873 4254 1077 4306 autem
1103 4266 1242 4307 cum
1274 4250 1537 4323 Eutyche
1567 4250 1946 4308 consentiens
1980 4267 2086 4308 oc—

426 4338 680 4396 currerit
707 4342 766 4394 et
793 4336 1079 4408 objecerit
1106 4338 1417 4395 hominem
1439 4338 1681 4397 duabus
1709 4342 1936 4397 naturis
1948 4355 2083 4397 con-

2205 3179 2523 3255 θαρροὺντως
2579 3182 2639 3234 ἆν
2698 3187 2925 3256 εἰποιμεν
2973 3186 3260 3259 ἄνθρωπον,
3313 3191 3400 3239 καὶ
3459 3190 3545 3240 τὸν
3605 3189 3804 3262 ἄνθρωο

2201 3289 2295 3322 πον
2341 3274 2469 3323 Θεὸν
2513 3310 2526 3333 ,
2589 3276 3032 3349 μεταχωρούντων
3100 3273 3338 3338 ἀλληλοις
3384 3285 3484 3328 τῶν
3538 3276 3799 3350 ὀνομάτων

2200 3365 2289 3412 καὶ
2348 3357 2791 3434 ἀντιδιὸομένων,
2851 3366 2984 3415 κατὰ
3047 3367 3140 3422 τὴν
3206 3365 3427 3440 ἄρρητον
3501 3369 3787 3440 συμφυΐαν.

2204 3452 2303 3501 Καὶ
2359 3458 2457 3502 τῶν
2524 3453 2615 3522 μὲν
2675 3459 2896 3526 μερικῶν
2959 3451 3239 3525 ἀνθρώπων
3317 3454 3428 3508 ἐστὶ
3506 3459 3564 3509 τὸ
3631 3456 3796 3508 κοινὸν

2202 3535 2340 3598 εἶδος
2386 3556 2400 3571 ’
2460 3535 2546 3591 διὸ
2610 3538 2993 3613 ἀπαράλλακτοι
3058 3562 3193 3595 κατα
3247 3552 3394 3597 τοῦτο
3459 3549 3516 3597 τὸ
3587 3550 3797 3618 μερικὸν

2198 3625 2433 3697 λέγονται
2461 3644 2473 3656 ·
2500 3630 2547 3680 οἱ
2592 3631 2691 3703 γὰρ
2740 3632 2874 3682 κατὰ
2911 3636 3062 3703 μέρος
3116 3633 3410 3705 ἄνθρωποι,
3453 3641 3561 3695 τοῖς
3611 3653 3793 3708 χαρα-

2198 3724 2391 3791 κτῆρσι
2442 3714 2798 3784 διεστηκότες,
2854 3725 2946 3778 τὴν
2996 3720 3382 3794 ἀπαραλλαξίαν
3431 3725 3564 3774 κατὰ
3599 3725 3654 3774 τὸ
3718 3723 3788 3774 εἷ-

2202 3801 2287 3866 ὃος
2326 3808 2551 3876 ἔχουσι·
2581 3816 2673 3867 τῆς
2722 3804 2781 3861 δὲ
2821 3810 2958 3871 θείας
3021 3808 3211 3872 ἐκείνης
3254 3819 3348 3863 τῶν
3406 3813 3604 3881 φύσεων
3658 3811 3787 3863 ὑπο-

2200 3896 2433 3957 στάσεως
2472 3896 2565 3948 ούκ
2622 3899 2733 3949 ἔστι
2768 3917 2819 3950 τι
2861 3902 3027 3950 κοινὸν
3068 3904 3228 3973 ὄνομα
3274 3903 3502 3975 Χριστὸς
3533 3901 3789 3973 ὀνομαζοο

2195 4002 2363 4054 μενον,
2398 3988 2569 4057 ὥσπερ
2625 3984 2701 4057 ἐφ’
2756 3988 2901 4058 ἡμῶν
2941 3988 3226 4063 ἄνθρωπος,
3281 3991 3360 4042 ὅτι
3411 3986 3549 4062 μηὸε
3614 3989 3791 4042 πολλοὶ

2195 4072 2353 4134 ούτῶς
2405 4079 2650 4147 Χριστοὶ,
2680 4072 2786 4127 ἀλλ’
2825 4076 2895 4137 εἷς
2943 4077 2968 4129 ὁ
3021 4085 3112 4129 τοῦ
3160 4081 3357 4153 Ιιατρὸς
3399 4078 3513 4154 ὅρος
3550 4083 3641 4132 καὶ
3686 4083 3793 4133 Λό-

2193 4180 2280 4234 γος
2300 4170 2363 4235 τῇ
2401 4164 2603 4221 θεότητι
2641 4169 2841 4238 χρίσας
2870 4169 2960 4224 τὴν
2993 4164 3383 4239 ἁνθρωπὸτητα.

2262 4249 2325 4306 λ’.
2365 4252 2427 4304 Εἰ
2467 4248 2525 4306 δέ
2568 4272 2649 4315 τις
2699 4256 2762 4306 τὰ
2800 4254 3069 4326 Εύτυχοῦς
3113 4265 3307 4330 φρονῶν
3361 4256 3652 4317 ἀπαντήσει
3706 4262 3794 4311 καὶ

2192 4339 2529 4413 προϐαλεῖται
2610 4344 2674 4403 ὡς
2741 4344 2767 4394 ὁ
2846 4344 3117 4417 ἅνθρωπος
3186 4343 3241 4397 ἐκ
3313 4342 3411 4399 δύο
3483 4351 3796 4401 συνίσταται

431 4431 607 4495 stare,
632 4427 794 4483 hunc
824 4430 1026 4483 autem
1057 4443 1094 4484 a
1118 4429 1239 4484 Deo
1266 4433 1646 4501 assumptum
1677 4445 1827 4494 esse,
1854 4428 1958 4497 qui
1998 4429 2080 4485 al-

2204 4432 2414 4499 ρύσεων,
2445 4436 2625 4483 τοῦτον
2658 4427 2717 4484 δε
2762 4433 2788 4483 ὁ
2842 4436 2971 4494 Θεὸς
3014 4432 3383 4506 προσελάϐετο,
3435 4434 3583 4509 ἑτέρα
3639 4439 3794 4507 φύσις

429 4520 554 4572 tera
582 4514 739 4571 ultra
762 4515 1069 4572 hominem
1090 4520 1307 4573 natura
1331 4523 1445 4585 est,
1468 4518 1549 4574 ita
1570 4522 1632 4574 ut
1661 4533 1731 4573 ex
1758 4518 1946 4574 tribus
1977 4534 2083 4574 na-

428 4605 576 4661 turis
595 4603 975 4661 ell‘ormatum
1014 4621 1148 4661 esse
1174 4606 1471 4663 Christum
1515 4607 1756 4664 credere
1786 4612 2076 4679 oporteat,

428 4693 665 4749 duabus
687 4693 934 4766 quidem
950 4694 1447 4763 hominis,anima
1468 4711 1686 4769 nempe
1712 4712 1783 4752 ac
1804 4712 2077 4768 corpore,

425 4798 547 4839 una
576 4786 778 4840 autem
834 4783 1096 4855 propria,
1142 4784 1255 4840 hoc
1298 4784 1381 4840 illi
1422 4785 1885 4857 responderetur
1916 4786 2082 4843 unita

423 4888 556 4928 esse
570 4872 771 4945 aliqua
787 4887 858 4928 ex
880 4873 1178 4929 continuis
1202 4873 1450 4941 dici,sed
1464 4890 1585 4931 non
1601 4890 1670 4931 ex
1693 4874 2074 4933 distantibus.

424 4963 537 5017 Cur
565 4962 726 5017 enim
774 4962 902 5033 ipse
949 4978 1075 5018 non
1130 4962 1281 5018 dicis
1333 4964 1643 5020 hominem
1691 4981 1763 5020 ex
1810 4965 2077 5037 quinque

420 5051 725 5123 componi,
760 5051 849 5106 vel
898 5051 1064 5123 quod
1123 5052 1323 5109 verius
1352 5059 1526 5119 esset,
1550 5069 1622 5109 ex
1675 5058 1924 5126 septem,
1955 5071 2079 5113 una

418 5140 664 5213 quidem
689 5140 1180 5212 anima,quatuor
1210 5147 1413 5198 autem
1444 5144 1713 5215 corporis
1743 5142 2073 5213 elementis,

418 5233 475 5285 et
502 5228 704 5285 adhuc
731 5229 981 5285 materia
1015 5233 1074 5285 et
1120 5229 1335 5300 forma,
1358 5247 1495 5304 qum
1525 5231 1764 5301 longius
1798 5235 1977 5290 sunt?
2013 5236 2079 5289 Et

417 5333 530 5375 nos
582 5318 759 5387 igitur
797 5318 1093 5374 Christum
1145 5319 1386 5376 duabus
1426 5322 1656 5377 naturis
1687 5327 1960 5379 constare
1990 5321 2077 5377 di-

421 5411 641 5470 centes.
676 5412 971 5479 tanquam
993 5424 1178 5465 unam
1220 5414 1497 5467 naturam
1520 5411 1829 5468 hominem
1862 5410 2078 5484 accipi-

426 5515 583 5565 mus,
618 5497 697 5553 ad
727 5497 1082 5555 continuum
1109 5500 1483 5559 attendentes
1503 5517 1699 5575 neque
1722 5504 1799 5560 ad
1831 5508 2077 5561 naturas

432 5588 653 5661 quibus
680 5586 776 5645 ille
800 5591 1063 5647 constat.

2190 4521 2333 4589 παρὰ
2404 4527 2584 4573 τοῦτον
2660 4524 2938 4593 τυγχάνων
2973 4564 2988 4588 ,
3041 4523 3176 4576 ὣστε
3242 4523 3298 4576 ἐκ
3358 4533 3513 4598 τριῶν
3594 4528 3792 4598 φύσεων

2195 4604 2435 4671 δοξάζειν
2465 4615 2636 4682 χρεὼν
2694 4614 2780 4663 τὸν
2830 4615 3080 4687 Χριστὸν,
3132 4609 3229 4665 δύο
3294 4616 3385 4685 μεν
3442 4623 3544 4667 τῶν
3572 4622 3664 4666 τοὺ
3704 4612 3790 4665 ἀν-

2196 4699 2421 4770 θρώπου,
2474 4698 2660 4771 ψυχῆς
2734 4700 2862 4771 λέγω
2924 4707 3014 4753 καὶ
3080 4707 3344 4775 σώματος,
3397 4710 3519 4775 μιᾶς
3572 4699 3631 4756 δε
3699 4710 3792 4764 τῆς

2192 4787 2386 4850 οἰκείας
2428 4786 2586 4841 ἐκεῖνο
2635 4792 2763 4863 πρὸς
2821 4789 2971 4842 αὑτὸν
3021 4790 3242 4861 λέγοιτο,
3289 4794 3370 4844 ὁτι
3426 4794 3492 4845 τὰ
3551 4791 3791 4863 ἑνούμενα

2190 4875 2243 4928 ἐκ
2288 4885 2386 4928 τῶν
2442 4885 2719 4952 προσεχών
2783 4876 3025 4931 ὲνοὺσθαι
3083 4879 3328 4951 λέγεται,
3365 4879 3465 4933 ἁλλ’
3518 4880 3647 4950 οὐχὶ
3692 4887 3791 4931 τῶν

2191 4965 2365 5039 πόρρω
2398 4985 2411 4998 ⁶
2448 4963 2540 5018 διὰ
2582 4972 2631 5018 τί
2682 4970 2783 5040 γὰρ
2815 4969 2973 5029 αύτὸς
3014 4972 3085 5040 μὴ
3120 4972 3207 5021 τὸν
3255 4971 3523 5045 ἄνθρωπον
3555 4968 3609 5021 ἐκ
3646 4972 3791 5022 πέντε

2189 5053 2324 5125 λέγει
2357 5056 2740 5126 συγκεῖσθαι.ῆ
2784 5060 2841 5109 τό
2869 5076 2928 5128 γε
2973 5056 3313 5132 ἀληθέστερον
3365 5057 3415 5122 ἐξ,
3472 5058 3625 5121 ἑπτὰ,
3671 5064 3796 5132 μιᾶς

2190 5146 2282 5215 μὲν
2311 5150 2403 5206 τᾶς
2432 5143 2637 5216 ψυχῆς,
2671 5147 2938 5218 τεσσάρων
2987 5144 3046 5199 δὲ
3099 5156 3198 5199 τῶν
3251 5152 3531 5220 στοιχείων
3561 5156 3651 5201 τού
3694 5154 3796 5200 σὼ-

2190 5252 2373 5304 ματος,
2429 5237 2518 5285 καὶ
2582 5236 2656 5285 ἔτι
2711 5233 2835 5296 ὑλης
2883 5240 2973 5287 καὶ
3022 5233 3213 5303 εἰδούς,
3274 5245 3373 5288 τῶν
3440 5236 3793 5311 ποῤῥωτέρω;

2195 5328 2293 5376 Καὶ
2325 5324 2474 5394 ἡμεῖς
2503 5332 2627 5394 γοῦν
2683 5328 2769 5378 τὸν
2830 5329 3057 5399 Χριστὸν
3090 5326 3143 5379 ἐκ
3198 5324 3293 5380 δύο
3332 5329 3532 5398 φύσεων
3583 5321 3793 5395 δογμα-

2186 5415 2435 5478 τίζοντες,
2470 5415 2539 5474 ὡς
2605 5418 2728 5485 μίαν
2784 5417 2939 5484 φύσιν
2992 5419 3076 5468 τὸν
3126 5417 3393 5491 ἄνθρωπον
3447 5410 3795 5487 προσλαμϐά-

2185 5521 2352 5573 νομενν
2418 5506 2547 5577 πρὸς
2617 5506 2674 5555 τὸ
2722 5507 2983 5577 προσεχὲς
3040 5504 3344 5580 ἀφορῶντες,
3398 5508 3483 5558 καὶ
3548 5503 3610 5557 οὑ
3666 5504 3793 5577 πρῶ

2188 5595 2280 5653 τὰς
2320 5595 2518 5664 φύσεις,
2546 5591 2598 5658 ἐξ
2637 5594 2704 5647 ὧν
2739 5593 2928 5658 ἐκεῖνος
2957 5600 3298 5656 συνέστηκεν.
