4126 6228
470 283 539 350 6'7
1811 286 2081 350 NICETE
2123 289 2486 352 cuculus:
3757 299 3830 351 68

470 419 809 483 imminuta,
850 431 959 491 per
1007 419 1261 476 aliorum
1301 436 1438 476 cum
1487 419 1618 478 aliis
1670 434 2033 475 concursum
2064 423 2114 472 et

2227 419 2544 481 τελειότητος
2564 437 2576 449 ·
2607 424 2674 481 ὡς
2729 424 2870 474 ἔστιν
2917 415 3045 472 ἰδεῖν
3093 424 3181 472 xui.
3245 418 3331 472 ἐπὶ
3357 428 3446 479 τῆς
3478 419 3705 482 ἑνὼσεως
3732 429 3828 474 τοῦ

471 509 778 570 unionem.
823 524 1032 562 eorum
1077 509 1334 564 naturali
1380 509 1782 581 perfectione;
1825 515 1888 564 ut
1917 508 2119 562 videre

467 603 556 653 est
599 597 676 652 de
708 596 927 652 unione
976 597 1130 652 aeris
1177 603 1234 653 et
1285 598 1553 654 luminis.
1604 598 1909 654 Manifesta
1958 597 2117 650 enim

468 686 746 756 utrinque
778 687 1105 756 permansit
1145 687 1432 742 naturalis
1464 688 1816 758 proprietas,
1848 686 1991 740 nihil
2018 699 2121 754 per

470 775 753 830 unionem
786 775 954 831 laesa.
981 778 1181 846 Neque
1197 777 1357 831 enim
1380 775 1584 832 lumen
1611 775 1840 844 aliquid
1875 792 1996 830 suis
2019 790 2121 829 na-

469 872 615 921 turae
644 864 847 920 amisit
873 880 1011 918 cum
1038 879 1174 919 aere
1229 865 1606 936 permistum,
1655 881 1852 935 neque
1883 879 2122 918 rursum

470 968 572 1008 aer
599 955 659 1008 in
694 952 936 1024 propria
967 952 1316 1008 substantiae
1346 970 1470 1010 suae
1523 954 1752 1008 ratione
1783 953 2116 1025 quidquam

469 1058 688 1113 passus
721 1047 830 1106 est.
871 1058 942 1098 eo
969 1043 1134 1114 quod
1160 1042 1368 1098 lumen
1418 1043 1731 1114 acceperit.
1767 1043 1930 1099 Unde
1956 1048 2012 1096 et
2039 1041 2124 1096 di-

469 1131 660 1187 cimus
687 1147 933 1202 passum
952 1147 1082 1187 esse
1107 1130 1557 1187 Emmanuelem
1577 1132 1633 1186 in
1658 1148 1730 1187 ea
1747 1137 1962 1186 natura
1985 1145 2122 1201 quas

473 1219 595 1290 pati
628 1226 880 1291 poterat.
905 1224 962 1275 et
993 1221 1395 1290 permansisse
1435 1220 1864 1292 impassibilem
1907 1220 1967 1274 in
2017 1219 2121 1274 im-

466 1308 736 1380 passibili
775 1309 1106 1364 Divinitatis
1139 1309 1480 1365 substantia
1505 1328 1518 1375 ;
1542 1310 1688 1381 quia
1707 1309 1865 1364 aliud
1881 1314 1940 1364 et
1959 1307 2122 1363 aliud

465 1403 606 1452 sunt
633 1413 705 1451 ea
735 1414 807 1452 ex
837 1398 1056 1469 quibus
1083 1399 1382 1462 Christus;
1414 1405 1470 1454 et
1490 1399 1714 1469 patitur
1747 1398 1989 1469 quidem
2015 1398 2119 1453 hu—

465 1501 644 1542 mane
660 1492 898 1558 propter
912 1502 1179 1554 carnem,
1197 1488 1255 1541 in
1275 1493 1572 1558 quantum
1587 1495 1675 1542 est
1695 1487 1899 1552 homo;
1919 1486 2119 1542 divine

2229 508 2376 583 ἀέρος
2405 515 2492 562 καὶ
2519 518 2608 562 τοῦ
2641 515 2806 581 φωτός
2829 528 2840 540 ·
2874 509 3269 580 εἰλικρινηςγὰρ
3302 511 3330 566 η
3361 508 3598 580 ἐκατέρου
3627 515 3824 580 φυσικὴ

2228 603 2504 669 μεμένηκεν
2547 595 2769 667 ἰδιότης,
2812 594 2977 670 μηδὲν
3009 599 3107 648 ὑπὸ
3157 605 3251 657 τῆς
3299 597 3520 657 ἐνωσεως
3549 617 3827 671 παρατρω-

2231 690 2410 744 θεῑσα·
2459 691 2576 738 οὔτε
2632 692 2732 761 γαρ
2789 690 2844 738 τὸ
2904 697 3008 758 φὼς
3053 685 3352 756 ἀπήμϐλυνέ
3401 705 3452 736 τι
3506 695 3598 748 τῆς
3639 687 3830 738 ἑαυτοῦ

2230 779 2425 846 φύσεως
2451 784 2522 846 τῷ
2569 774 2680 848 ἀέρι
2705 777 2916 848 μιχθὲν.
2947 778 3059 826 οὔτε
3103 774 3254 826 πάλιν
3295 780 3319 825 ό
3350 778 3447 848 ιὴρ
3480 774 3545 834 εὶς
3575 779 3660 826 τὸν
3689 772 3830 827 ἰδιον

2229 873 2322 925 τῆς
2376 865 2564 924 οὐσίας
2633 867 2847 916 πέπονθε
2901 864 3070 934 λόγον,
3114 865 3243 914 καθὸ
3285 862 3385 936 αηρ
3453 861 3566 914 ἐστι
3604 867 3661 915 τὸ
3723 873 3830 936 φῶς

2232 949 2541 1023 6:51pm;-
2576 955 2686 1005 ὅθεν
2729 957 2818 1004 καὶ
2849 956 3008 1024 φαμεν
3038 953 3218 1004 παθεῖν
3257 954 3342 1003 τὸν
3383 951 3714 1024 Ἐμμανουήλ
3756 960 3832 1022 τῷ

2229 1060 2477 1112 πεφυκότι
2523 1043 2847 1100 πεπονθέναι,
2906 1045 2997 1092 καὶ
3034 1043 3372 1111 μεμενηκέναι
3403 1039 3576 1098 ἀπαθῆ
3610 1049 3682 1110 τῲ
3714 1048 3835 1093 κατ’

2230 1129 2413 1182 οὐσίαν
2429 1128 2614 1181 ἀπαθεῖ
2644 1137 2739 1192 τῆς
2759 1131 3017 1190 θεότητος·
3039 1130 3115 1180 ὅτι
3139 1128 3259 1180 ἄλλο
3277 1134 3366 1180 καὶ
3387 1127 3508 1180 ἀλλο
3530 1131 3594 1179 τὰ
3621 1127 3673 1192 ἐξ
3700 1127 3774 1181 ὧν
3807 1131 3833 1182 ὁ

2231 1222 2498 1291 Χριστὸς·
2564 1223 2653 1269 καὶ
2693 1220 2896 1288 πάσχει
2951 1220 3040 1289 μεν
3099 1216 3431 1290 ἀνθρωπίνως
3487 1221 3664 1291 σαρκὶ,
3695 1220 3833 1270 καθὸ

2229 1309 2524 1382 ἄνθρωπος·
2561 1305 2767 1368 ἀπαθὴς
2798 1303 2856 1358 δέ
2886 1305 2999 1358 ἐστι
3026 1307 3224 1368 θεῐκώς,
3259 1309 3327 1366 ως
3359 1311 3510 1367 Θεός.
3539 1306 3648 1358 Οὔκ
3679 1306 3833 1368 illo;

2230 1393 2288 1448 δέ
2333 1396 2446 1448 ἐστι
2474 1401 2563 1448 καὶ
2595 1396 2760 1456 ἄλλος.
2809 1399 2875 1457 ως
2925 1394 3169 1453 ηϐοᾶλετο
3212 1402 3512 1469 Νεστοριος,
3566 1397 3697 1447 οὕτω
3730 1397 3828 1453 λη-

2227 1495 2326 1557 ρων
2352 1503 2363 1513 ·
2399 1487 2424 1536 ό
2455 1491 2544 1557 μεν
2594 1487 2774 1536 παθεῖν
2823 1489 3055 1555 πεφυκὼς
3086 1486 3288 1552 ἔπαθεν,
3320 1485 3346 1535 ὁ
3397 1479 3454 1536 δὲ
3493 1481 3700 1544 ἀπαθὴς
3731 1485 3831 1537 οὐκ

464 1555 678 1630 autem,
694 1555 1474 1645 estimpassibilisutlleus.
1495 1578 1620 1630 Non
1638 1575 1792 1630 alius
1808 1581 2008 1629 autem
2033 1579 2114 1630 est

2227 1577 2409 1626 ἔπαθεν
2441 1577 2504 1634 ως
2532 1581 2630 1627 Θεό
2642 1595 2680 1635 ς.

466 1669 524 1718 et
549 1663 717 1733 alius,
749 1668 812 1718 ut
848 1662 1089 1718 volebat
1126 1665 1447 1728 Nestorius,
1473 1665 1785 1735 hucusque
1814 1663 2075 1718 delirans
2101 1679 2115 1718 :

463 1750 567 1824 qui
597 1752 676 1808 ad
705 1751 1056 1824 patiendum
1085 1756 1258 1808 natus
1287 1758 1432 1820 erat,
1461 1769 1678 1825 passus
1699 1759 1822 1818 est;
1865 1753 1966 1824 qui
1997 1750 2386 1823 impassibilis
2418 1756 2560 1821 erat,
2592 1765 2713 1805 non
2745 1765 2966 1821 passus
2989 1753 3094 1813 est,
3121 1754 3186 1804 ut
3211 1750 3384 1804 Deus.

1187 2125 1947 2270 NICETXE
2048 2123 3108 2270 CllONIAT/E

1959 2401 2040 2454 EX
2082 2399 2284 2454 LIBRO
2330 2400 2368 2452 Χ

1000 2574 1744 2696 THESAURI
1827 2575 2772 2698 OltTHODOX/E
2852 2575 3288 2696 FlDEl.

471 3044 558 3099 De
580 3044 791 3115 quinta
819 3043 1067 3114 synodo,
1101 3059 1232 3115 qua
1262 3053 1537 3114 quartam
1571 3046 1865 3115 synodum
1896 3048 2114 3116 conﬁr-

2227 3054 2350 3121 Περι
2376 3055 2470 3108 τῆς
2495 3051 2734 3119 πέμπτης
2767 3042 3012 3111 συνόδου,
3044 3048 3161 3106 ητις
3189 3049 3281 3103 τὴν
3317 3045 3568 3118 τετάρτην
3601 3039 3823 3095 σύνοδον

540 3133 726 3187 mavit
755 3138 809 3188 et
839 3133 1150 3203 stabilivit,
1180 3141 1504 3190 convocata
1525 3136 1634 3190 sub
1661 3137 1907 3204 imperio
1937 3137 2117 3191 Justi-

539 3223 730 3278 niani.

545 3352 594 3402 t.
637 3347 715 3402 De
737 3347 830 3403 his
850 3363 984 3420 qua
1016 3354 1344 3405 evenerunt
1372 3351 1571 3406 statim
1611 3357 1746 3423 post
1767 3353 2030 3409 Dioscori
2061 3356 2116 3409 et

469 3435 752 3506 Eutychis
783 3435 1224 3508 depositionem
1262 3444 1318 3494 et
1355 3445 1489 3510 post
1531 3440 1748 3495 lectam
1780 3441 1840 3496 in
1879 3442 2114 3513 synodo

467 3529 523 3580 et
553 3523 833 3578 traditam
855 3526 1213 3581 sanctissimi
1242 3543 1415 3598 papae
1445 3529 1695 3583 Romani
1743 3530 1948 3585 Leonis
1996 3533 2116 3603 epi-

467 3611 709 3667 stolam.
759 3611 1262 3668 Chalcedonensis
1310 3632 1480 3671 sacra
1537 3623 1594 3672 et
1647 3617 1853 3674 divina
1900 3627 2116 3690 quarta

467 3699 740 3771 synodus
789 3700 1039 3755 sancivit
1077 3717 1141 3756 se
1197 3702 1278 3758 ita
1316 3704 1555 3760 credere
1599 3711 1655 3760 et
1709 3706 1979 3762 conﬁteri
2008 3712 2114 3764 Do-

466 3787 696 3844 minum
751 3793 1022 3843 nostrum
1076 3791 1277 3845 Iesum
1319 3791 1621 3848 Christum
1679 3794 1740 3849 in
1806 3797 2114 3853 Divinitate

464 3877 796 3950 perlectum
823 3882 881 3932 et
908 3877 969 3931 in
1006 3878 1379 3935 humanitate
1410 3881 1761 3952 perfectum,
1781 3885 1844 3939 in
1875 3885 2114 3942 duabus

463 3965 692 4024 naturis
717 3966 1023 4036 cognitum
1059 3967 1371 4024 inconfuse
1426 3976 1483 4025 et
1536 3971 1810 4040 indivise,
1844 3979 1899 4029 et
1923 3991 2114 4030 unum

464 4053 747 4111 eumdem
798 4055 1008 4111 Filium
1055 4055 1323 4113 conﬁteri
1354 4063 1418 4113 ut
1447 4064 1585 4116 ante
1613 4060 2110 4129 incarnationem,

463 4145 546 4200 sic
599 4150 737 4217 post
794 4145 1289 4201 incarnationem.
1359 4150 1718 4204 Naturarum
1781 4151 2114 4210 ditIerentia

463 4233 708 4288 minime
739 4238 874 4303 post
903 4234 1189 4290 unionem
1213 4234 1471 4304 sublata,
1505 4243 1740 4294 servata
1780 4244 1982 4295 autem
2010 4258 2111 4313 po-

463 4319 578 4376 tius
604 4325 661 4375 et
705 4328 1094 4377 concurrente
1143 4322 1202 4378 in
1251 4339 1434 4380 unam
1477 4341 1798 4396 personam
1831 4335 1888 4384 et
1927 4346 2111 4386 unam

460 4407 868 4481 hypostasim;
925 4409 1085 4465 unde
1137 4414 1376 4468 Patrum
1435 4416 1857 4489 unusquisque
1924 4419 2112 4474 multa
2145 4400 2189 4453 Ῑ)

460 4495 685 4569 precati
706 4495 1050 4569 imperatori
1073 4501 1366 4557 Marciano
1390 4501 1452 4558 in
1469 4506 1744 4576 proprias
1765 4507 2108 4578 provincias

458 4583 710 4641 rediere.

531 4677 587 4730 2.
620 4672 833 4730 Classis
872 4677 1076 4731 autem
1121 4692 1258 4749 quos
1304 4677 1665 4738 Alexandria
1695 4685 2107 4742 Constantino-

462 4762 648 4836 polim
680 4761 1084 4820 descendebat
1114 4780 1253 4821 eum
1286 4767 1568 4825 Dioscoro
1589 4769 1770 4841 hujus
1797 4772 1960 4828 urbis
1979 4775 2108 4846 epi-

461 4867 646 4924 scopo
669 4857 724 4907 et
743 4851 1190 4925 chorepiscopis
1222 4856 1323 4927 qui
1347 4857 1460 4912 sub
1490 4858 1620 4928 ejus
1641 4864 1930 4931 potestate
1942 4868 2112 4920 erant

462 4939 750 4996 seditione
805 4941 1000 4998 excita
1053 4943 1274 5000 multas
1316 4953 1601 5017 operatur
1638 4949 1835 5005 caades
1899 4967 2109 5008 eorum

459 5029 565 5100 qui
616 5028 709 5084 sui
765 5029 1034 5102 episcopi
1089 5032 1352 5088 Dioscori
1385 5034 1745 5107 depositioni
1791 5043 1847 5094 et
1901 5041 2109 5097 exsilio

460 5121 909 5198 consenserant,
941 5119 1064 5174 suis
1120 5120 1354 5177 actibus
1385 5125 1755 5182 conﬁrmans
1796 5128 2108 5186 violentio-

459 5221 588 5262 rem
619 5207 755 5277 igne
782 5223 910 5263 esse
933 5209 1214 5264 navalem
1237 5211 1728 5272 inobedientiam.
1760 5217 1872 5274 Sed
1903 5223 1961 5275 et
2003 5219 2110 5276 Pa-

459 5295 761 5352 laestinteis
801 5297 1098 5370 episcopis
1137 5301 1647 5376 Constantinopoli
1687 5308 2109 5364 commoranti-

458 5385 600 5455 bus,
624 5386 904 5442 monachi
935 5385 1186 5458 quidam
1216 5389 1616 5449 Theodosium
1642 5397 1972 5467 quemdam
2005 5414 2108 5454 au-

460 5481 686 5532 ctorem
719 5476 925 5542 secuti,
951 5475 1222 5533 Ecclesiae
1243 5496 1460 5552 corpus
1482 5485 1752 5540 scindere
1775 5492 2103 5560 coeperunt,

461 5571 518 5622 et
545 5564 968 5621 indivisibilem
999 5566 1128 5636 ejus
1159 5569 1425 5626 tunicam
1472 5571 1836 5646 diﬂ'ringere,
1868 5581 1924 5632 et
1951 5577 2108 5649 epis-

2295 3134 2584 3209 ἐπεκυρωσε
2644 3141 2732 3187 καὶ
2789 3137 3050 3206 ἐκράτυνε,
3115 3135 3539 3206 συγκροτηθεῖσα
3589 3131 3671 3184 ἐπὶ
3727 3139 3824 3193 τῆς

2299 3223 2571 3299 βασιλείας
2607 3225 2998 3278 ’Ῑουστινιανοῦ.

2296 3350 2358 3403 α’.
2392 3356 2516 3424 Περὶ
2549 3358 2648 3402 τῶν
2683 3347 2987 3420 συμϐάντων
3018 3349 3148 3420 μετὰ
3184 3351 3275 3404 την
3301 3347 3607 3418 καθαίρεσιν
3635 3344 3822 3395 αὐτίκα

2223 3449 2314 3494 του
2348 3444 2628 3514 Διοσκόρου
2686 3443 2775 3490 καὶ
2835 3438 3108 3508 Εὐτυχοϋς
3155 3440 3243 3488 καὶ
3292 3439 3383 3492 τὴν
3451 3431 3535 3486 ἐπὶ
3594 3429 3817 3486 συνόδου

2226 3529 2516 3600 ἀνάγνωσιν
2538 3533 2626 3580 καὶ
2647 3523 2944 3602 παράδοσιν
2976 3533 3066 3585 τῆς
3106 3522 3382 3582 ἐπιστολῆς
3407 3531 3498 3574 τοῦ
3525 3523 3816 3593 ἁγιωτάτου

2223 3620 2372 3669 πάπα
2398 3617 2597 3688 Ῥωμης
2653 3620 2884 3675 Λέοντος.
2915 3614 2973 3665 Ἠ
3019 3617 3107 3686 μὲν
3146 3608 3232 3664 οὖν
3273 3610 3320 3662 ἐν
3373 3607 3674 3666 Χαλκηδόνι
3708 3611 3820 3683 ἰερὰ

2222 3711 2312 3758 καὶ
2344 3708 2456 3758 θεία
2507 3707 2725 3778 τετάρτη
2778 3699 2999 3764 σύνοδος
3049 3704 3334 3774 κεκυρωκεν
3390 3699 3522 3750 οὑτω
3575 3694 3813 3758 δοξάζειν

2221 3801 2312 3846 καὶ
2359 3794 2622 3866 ὁμολογεῖν
2679 3796 2765 3844 τόν
2825 3796 3012 3864 Κύριον
3061 3792 3206 3856 ἡμῶν
3253 3789 3454 3844 Ἰησοῦν
3496 3787 3720 3859 Χριστὸν
3761 3783 3811 3834 ἐν

2225 3885 2428 3940 θεότητι
2481 3883 2664 3935 τέλειον
2715 3887 2804 3934 καὶ
2856 3880 2903 3932 ἐν
2955 3879 3313 3951 ἀνθρωπότητι
3362 3874 3568 3939 τέλειον,
3598 3870 3648 3923 ἐν
3713 3867 3812 3923 δύο

2223 3975 2412 4044 φύσεσι
2432 3971 2807 4044 γνωριζόμενον
2850 3967 3170 4041 ἀσυγχυτως
3209 3971 3296 4016 καὶ
3350 3959 3678 4036 ἁδιαιρέτως,
3723 3964 3814 4012 καὶ

2223 4063 2415 4114 ἔνατόν
2443 4062 2596 4113 αὐτὸν
2637 4063 2747 4112 υἱόν
2788 4059 3052 4132 ὁμολογεῖν
3101 4060 3166 4117 ὡς
3214 4059 3312 4130 πρό
3350 4062 3443 4114 τῆς
3499 4053 3816 4123 ἓνανθρωπή-

2224 4171 2346 4212 σεως
2397 4156 2486 4202 καὶ
2524 4153 2651 4222 μετα
2694 4155 2787 4207 την
2837 4149 3224 4219 ἐνανθρωπησιν
3255 4165 3266 4176 ·
3319 4151 3410 4204 τῆς
3470 4150 3569 4193 τῶν
3619 4143 3818 4212 φύσεων

2223 4237 2473 4314 διαφοράς
2504 4236 2752 4311 οὐδαμῶς
2781 4237 3102 4310 ἀνῃρημένης
3134 4235 3266 4305 μετὰ
3291 4237 3382 4288 την
3413 4232 3613 4300 ἕνωσιν,
3649 4228 3820 4288 σωζο-

2219 4335 2376 4403 μένης
2408 4326 2465 4382 δε
2493 4327 2682 4401 μῶλον
2714 4331 2802 4378 καὶ
2835 4328 3228 4398 συντρεχούσης
3259 4321 3329 4381 εἰς
3355 4320 3402 4372 ἓν
3428 4325 3707 4390 πρόσωπον
3729 4321 3819 4369 καὶ

2219 4425 2342 4492 μίαν
2374 4421 2666 4471 ὑπόστασιν
2689 4439 2700 4449 ·
2735 4419 2844 4468 ὅθεν
2877 4421 2964 4466 καὶ
2996 4423 3094 4465 τῶν
3136 4416 3373 4484 Ματέρων
3408 4410 3626 4468 ἕκαστος
3655 4407 3818 4458 πολλὰ

2218 4518 2309 4561 τοὺ
2338 4507 2597 4580 βασιλέως
2627 4505 3024 4580 ὑπερευξάμενοι
3051 4507 3374 4575 Μαδοκιανοὺ,
3409 4498 3479 4558 εἰς
3508 4499 3597 4557 τας
3629 4496 3816 4556 οἰκείας

2218 4599 2476 4670 ἐπαρχίας
2510 4595 2816 4668 απετρεχον.

2289 4685 2360 4758 β’.
2393 4686 2464 4740 Τό
2512 4682 2570 4737 ὃε
2619 4685 2672 4737 ἐκ
2712 4693 2806 4744 τῆς
2846 4676 3231 4751 Ἀλεξανδρείας
3267 4677 3509 4728 ναυτικὸν
3540 4673 3565 4725 ὃ
3595 4680 3814 4748 κατῆρεν

2219 4775 2286 4836 εἰς
2356 4771 2897 4828 Κωνσταντιτούπολιν
2948 4771 3058 4842 ἅμα
3123 4771 3388 4837 Διοσκόρῷ
3446 4771 3518 4833 τῷ
3574 4770 3667 4822 τῆς
3720 4764 3811 4812 πό-

2217 4865 2339 4927 λεως
2396 4867 2592 4926 ταύτης
2657 4863 2926 4932 ἐπισκόπῳ
2987 4864 3075 4910 καὶ
3126 4864 3230 4917 τοῖς
3281 4857 3381 4907 ὑπὸ
3442 4857 3528 4910 τὴν
3594 4851 3812 4924 ἐπικρά-

2218 4974 2356 5006 τειαν
2416 4953 2576 5006 αὖτοῦ
2633 4954 3055 5024 χωρεπισκόποις
3113 4946 3408 4998 στασιάσαν
3461 4939 3674 4998 πολλοὺς
3739 4937 3816 5012 ἑρ-

2217 5044 2435 5114 γάζεται
2483 5048 2666 5114 φόνους
2711 5050 2809 5092 τῶν
2974 5039 3275 5109 καθαιρέσει
3331 5035 3418 5084 καὶ
3471 5028 3643 5103 ἑξορίᾳ
3693 5047 3817 5079 συν-

2219 5133 2527 5184 αινεσάντων
2571 5137 2663 5182 τοῦ
2723 5132 2892 5204 ἱερέως
2943 5133 3082 5198 σφῶν
3121 5131 3212 5176 τοῦ
3268 5123 3574 5194 Διοσκόρου,
3609 5117 3664 5169 ἑκ
3719 5123 3819 5168 τῶν

2219 5224 2378 5296 ἔργων
2447 5220 2604 5272 αὑτοῦ
2648 5221 2986 5289 πιστούμενοι
3045 5211 3466 5288 δραστικωτέραν
3534 5203 3663 5259 εἶναι
3727 5224 3824 5257 πυ·-

2217 5313 2303 5385 ρὸς
2346 5306 2694 5362 ἀπαιδευσίαν
2759 5311 2850 5365 τὴν
2907 5308 3176 5360 ναυτικήν.
3241 5298 3394 5353 Ἀ).λὰ
3465 5301 3556 5347 καὶ
3611 5302 3714 5346 τῶν
3761 5311 3820 5344 εκ

2220 5398 2569 5457 Παλαιστίνης
2645 5398 2812 5468 ἱερέων
2881 5389 3310 5465 ἑνὸιατρίϐόντων
3376 5388 3450 5438 ἔτι
3523 5389 3586 5454 τῇ
3669 5387 3816 5432 Κων-

2222 5486 2640 5540 σταντινουπο).ει
2674 5527 2686 5551 ,
2746 5488 2875 5544 τινες
2928 5491 3027 5532 τὼν
3083 5486 3330 5552 μοναχών
3361 5519 3374 5542 ,
3423 5475 3632 5544 ἔχοντές
3701 5487 3820 5521 τινα

2218 5574 2502 5630 Θεοδόσιον
2567 5575 2790 5648 ἔξαρχον
2857 5573 3045 5638 αὐτῶν,
3087 5568 3310 5642 ἤρξαντο
3350 5567 3407 5617 τὸ
3463 5570 3558 5623 τῆς
3598 5557 3820 5618 Ἐκκλη-
