4126 6228
247 240 298 293 ες

249 367 344 419 σίας
397 365 558 428 σῶμα
600 352 843 426 δωστᾲν,
911 363 1003 410 καὶ
1054 357 1240 410 ἄλυτον
1308 359 1470 417 αὐτῆς
1509 363 1714 427 χιτῶνα
1743 351 1825 408 δι·
1856 359 1902 409 A

246 447 548 520 appr/nutu,
595 447 682 494 καὶ
745 447 868 504 τοὺς
943 443 995 496 ἐν
1226 440 1432 514 συνόδῳ
1507 447 1824 502 ἐπισκόπους

247 533 635 604 ἀναθεματίζειν,
691 537 782 584 καὶ
840 532 1044 605 ἐτέρους
1093 542 1410 605 χειροτονεῖν
1467 531 1574 583 ἀντ’
1631 532 1818 582 αὐτῶνθ

245 623 528 696 γημίξοντες
585 624 653 681 ως
717 623 747 678 ἡ
830 618 1051 682 σύνοδος
1111 623 1341 697 ἐκύρωσε
1405 627 1496 674 καὶ
1535 621 1824 673 ἀνεκαίνισε

244 717 288 766 τὸ
327 715 607 778 Νεστορίου
665 706 864 781 δόγμα,
917 712 1175 784 προφάσει
1234 719 1330 771 τῆς
1405 706 1592 770 δυῐκῆς
1657 717 1822 781 φωνῆς

245 809 320 853 τῶν
355 803 555 871 φύσεων
618 807 773 850 τοῦτο
816 804 1233 873 ’τερατευόμενοι
1261 820 1273 832 ·
1349 802 1460 852 ὅθεν
1544 797 1823 850 κατῦαϐον

241 897 389 942 πᾶσαν
444 893 543 946 τὴν
609 886 960 946 Παλαιστίνην
1009 893 1096 940 καὶ
1149 892 1439 960 Αἴγυπτον,
1502 892 1593 939 καὶ
1660 890 1727 939 τὰ
1773 885 1821 938 ἐν

244 987 290 1049 τῇ
337 977 513 1050 ἐρήμῳ
559 981 906 1050 μοναστήρια·
961 982 1052 1029 καὶ
1091 981 1160 1030 τὰ
1209 977 1428 1030 πλεῖστα
1482 980 1676 1029 τούτων
1724 995 1822 1028 πα.

242 1072 459 1140 ρέπεισαν
489 1069 563 1138 μή
607 1061 865 1137 δέχεσθαι
905 1068 970 1118 τα
1010 1069 1308 1140 κυρωθέντα
1343 1068 1486 1140 παρὰ
1517 1071 1610 1126 της
1646 1067 1824 1136 τετάρ-

244 1177 318 1217 της
343 1151 594 1210 συνόδου.

296 1320 360 1370 γ.
415 1297 675 1368 Διέλαμπε
728 1292 784 1348 δὲ
841 1304 947 1358 τοῖς
996 1296 1160 1350 ἐκεῖσε
1224 1302 1336 1350 τότε
1393 1303 1600 1370 μέρεσιν
1665 1299 1690 1348 ό
1739 1296 1824 1348 έπ-

249 1391 414 1459 ὧνυμος
481 1385 562 1436 ἐπ’
619 1385 768 1458 αρετῇ
822 1392 1000 1460 Πατὴρ
1059 1389 1204 1458 ἡμῶν
1271 1386 1555 1458 Εὐθύμιος,
1612 1386 1663 1446 ὃς
1734 1390 1821 1438 καὶ

249 1485 321 1537 τῆς
370 1471 688 1536 κακοδοξίας
749 1482 848 1526 τῶν
922 1475 1174 1527 πλείστὼν
1253 1475 1451 1534 ἀπέστη
1529 1480 1658 1548 μετὰ
1731 1480 1822 1527 καὶ

253 1574 328 1616 τῶν
373 1568 461 1616 σὺν
506 1563 648 1633 αὐτῷ
712 1572 978 1634 μοναχιιίιν⁸
1033 1560 1308 1637 δεξάμενος
1355 1568 1454 1638 γὰρ
1509 1569 1597 1617 τὸν
1655 1564 1703 1616 ἐν
1756 1572 1817 1636 τῇ

1471 1654 1658 1714 αὐτοὺς
1731 1659 1822 1706 καὶ

258 1747 466 1802 παντοίως
525 1740 791 1815 ἐπεχείρει
845 1743 1036 1794 πείθειν
1112 1745 1176 1803 ὡς
1250 1745 1454 1816 ἔννομον
1509 1745 1538 1801 η
1607 1739 1822 1804 σύνοδος

259 1837 327 1882 καί
349 1831 490 1904 ὀρθὴν
531 1832 824 1886 ἐποιήσατο
879 1836 974 1888 τὴν
1031 1839 1128 1883 τῶν
1188 1828 1286 1884 δύο
1343 1836 1542 1904 φύσεων
1595 1831 1819 1905 ἐκφωνη-

265 1939 344 1988 σιν,
384 1926 459 1972 καὶ
511 1919 732 1980 πολλοὺς
790 1917 1037 1991 ἀπηλειφε
1100 1926 1190 1973 καὶ
1256 1923 1638 1996 παρεσκεύαζεν
1686 1923 1821 1974 οὕτω

267 2017 439 2080 φρονεῖν,
481 2007 562 2069 Ὠς
623 2004 682 2060 δε
761 2012 819 2059 τό
898 2013 1056 2061 κακόν
1115 2009 1264 2062 πλέον
1330 2010 1616 2083 ἐπενέμετο,
1677 2017 1822 2086 χειρὶ

271 2105 344 2157 τῆς
401 2095 710 2168 βασιλίσσης
785 2093 1038 2158 Εὖδοκίας

281 2185 405 2238 ἐκεῖσε
445 2191 550 2258 περὶ
609 2191 732 2247 τους
791 2183 975 2256 ἀγίους
1013 2192 1206 2248 τόπους
1260 2183 1662 2259 διατριϐούσης,
1706 2207 1826 2239 συν-

256 1649 426 1723 συνόδῳ
507 1650 864 1724 ἐκφωνηθέντα
937 1653 1076 1726 ὅρον,
1150 1660 1391 1725 συνεῖχεν

1134 2097 1368 2168 μάλιστα
1449 2104 1822 2173 κρατυνόμενον

287 2275 506 2344 ταξάμενος
552 2280 642 2326 καὶ
699 2275 1050 2347 παραγγείλας
1125 2283 1234 2336 τοῖς
1311 2277 1496 2329 ἑαυτοῦ
1573 2285 1824 2350 μοναχοῖς

309 2366 360 2430 μὴ
388 2372 645 2420 rarissima;
700 2372 764 2436 τῇ
824 2360 1116 2437 κακοδοξίᾳ
1191 2361 1498 2433 Θεοδοσίου,
1552 2363 1827 2438 ἀπεδήμη-

311 2448 436 2502 σινέν
471 2459 520 2523 τῇ
561 2450 738 2525 ἐρήμῳ.
801 2454 924 2507 Μετ’
981 2457 1038 2507 οὐ
1080 2455 1210 2507 πολὺ
1243 2451 1302 2506 δέ
1340 2460 1690 2530 γνωρίσαντος
1738 2457 1829 2508 αὐ-

215 2595 226 2597 _
302 2547 372 2589 τοῦ
415 2548 463 2611 τῇ
501 2537 725 2614 Eudoxio;
784 2547 879 2602 τὴν
927 2547 1306 2618 φανερωθεῖσαν
1378 2547 1519 2617 αὐτῷ
1577 2544 1633 2598 ἐκ
1693 2554 1828 2600 Θεοῦ

283 2632 542 2697 μεταστασιν
611 2632 776 2694 αὐτῆς
850 2631 904 2684 ἐκ
987 2643 1078 2686 τοῦ
1152 2643 1425 2709 σώματος,
1503 2638 1694 2700 ἐκείνης
1775 2657 1830 2691 τε

281 2714 502 2788 armum;
558 2713 658 2772 διὰ
720 2723 786 2772 τά
849 2720 1123 2793 συμϐάντα
1180 2723 1230 2777 ἐν
1284 2726 1453 2800 Ῥώμη
1525 2723 1670 2779 δεινὰ
1728 2736 1828 2779 τῶν

275 2805 396 2867 αἰτῇς
429 2817 689 2879 συγγενῶν
731 2807 898 2863 ἐκεῖσε
945 2811 1494 2885 αἰχμαλωτισθέντων,
1536 2821 1625 2868 καὶ
1664 2825 1831 2868 ταῦτα

270 2892 455 2963 λέγοντος
500 2898 670 2949 αὑτοῦ
729 2894 824 2950 διά
884 2905 978 2958 τὴν
1039 2905 1286 2977 αἱρέσεως
1355 2911 1619 2958 κοινωνίαν
1681 2905 1828 2958 ἐπεν-

265 2983 443 3051 ιχθῆναι
505 2985 644 3059 αὐτῇ
705 2990 841 3040 κατὰ
889 2991 1026 3042 Θείαν
1089 2999 1460 3066 συγχώρησιν,
1519 2996 1728 3052 κάκείνη
1777 3013 1832 3047 τε

264 3077 331 3131 ’ἐς
369 3078 609 3136 τοιαύτης
649 3074 847 3135 ἀπέστη
903 3080 1166 3151 αἱρέσεως,
1216 3087 1305 3134 καὶ
1361 3091 1470 3144 τοῖς
1521 3086 1832 3158 κυρωθεῖσιν

262 3159 338 3212 ὑπὸ
369 3171 452 3225 τῆς
510 3160 747 3217 συνοδου
799 3165 1108 3239 ἐστοίχησε,
1147 3175 1238 3223 καὶ
1289 3174 1356 3223 τά
1415 3179 1507 3224 τοῦ
1545 3169 1830 3225 Θεοδοσίου

262 3245 564 3324 ἐνεθεμιίτισε
607 3250 868 3326 δόγματα,
900 3262 1024 3328 μίαν
1055 3261 1211 3330 φύσιν
1240 3268 1332 3311 τοῦ
1377 3267 1551 3331 Λόγου
1599 3266 1688 3313 καὶ
1737 3270 1831 3322 τῆς

261 3347 420 3410 σαρκός
474 3338 910 3415 δογματίζοντος,
979 3351 1068 3398 καὶ
1127 3353 1220 3406 τὴν
1278 3348 1326 3400 ἐν
1373 3346 1674 3407 Χαλκηδόνι
1715 3353 1835 3402 σύν-

258 3423 353 3478 οδον
404 3429 891 3502 ἐξοστρακίζοντός·
935 3441 1026 3488 καὶ
1076 3435 1254 3490 πολλοὶ
1297 3447 1396 3490 τῶν
1453 3437 1834 3512 ἀποσχριστῶν

256 3517 360 3590 tiri
389 3518 762 3591 ἐκοινώνησαν,
810 3527 898 3576 καὶ
945 3528 1010 3577 τὰ
1059 3534 1150 3587 τῆς
1181 3524 1491 3600 ὀρθοδοξίας
1521 3529 1832 3588 ἠσπάσαντο

253 3600 490 3680 δόγματα.

308 3745 366 3800 δ’.
403 3755 664 3825 Ταράχου
709 3751 768 3808 δε
837 3756 984 3809 πάλιν
1041 3758 1101 3810 ου
1152 3767 1244 3811 τοῦ
1297 3765 1553 3833 τυχόντος
1592 3765 1684 3818 την
1721 3761 1836 3813 Ἐκ-

247 3835 442 3893 κλησίαν
480 3847 824 3913 κατέχοντος,
881 3850 1021 3898 Λέων
1177 3852 1235 3900 τό
1297 3848 1558 3922 ἐπώνυμον
1635 3848 1836 3903 Manta.-

245 3922 340 4013 λης,
370 3932 498 4001 μετὰ
549 3937 852 4006 Μαρκιανὸν
903 3933 1148 4008 βασιλεὺς
1214 3936 1624 4013 ἀνακηρυχθεὶς,
1692 3937 1836 3990 ἐϐού-

244 4011 338 4066 λετο
372 4021 458 4088 μὲν
495 4025 592 4071 καὶ
639 4022 792 4082 αὐτὸς
837 4021 1055 4078 σύνοδον
1120 4035 1484 4101 συγκροτῆσαι
1547 4031 1667 4099 περὶ
1719 4029 1837 4078 τού-

242 4121 344 4153 των·
382 4112 536 4176 γνούς
589 4104 647 4162 δε
686 4113 756 4173 ὡς
809 4112 868 4164 οὐ
920 4118 1020 4187 πρὸ
1077 4114 1265 4168 πολλοῦ
1321 4117 1351 4174 η
1413 4115 1462 4168 ἐν
1532 4112 1835 4173 Χαλκηδόνι

244 4196 599 4267 συνήθροιστο,
643 4204 734 4252 καὶ
791 4205 865 4273 μὴ
927 4202 1080 4255 Θίλων
1141 4201 1288 4264 αὖθις
1349 4209 1466 4266 τοὺς
1514 4204 1834 4268 ἐπισκόπους

241 4289 342 4342 ταῖς
387 4294 617 4356 συχναῖς
671 4286 998 4362 ἀποδημίαις
1069 4295 1160 4344 καὶ
1226 4291 1605 4366 μεταϐιϐάσεσι
1677 4313 1836 4346 κατα-

242 4372 560 4459 τρνχεσθαι,
599 4385 714 4438 ’τοῖς
769 4379 887 4431 καθ’
941 4380 1166 4440 ἑκάστην
1219 4381 1482 4454 ἐπαάχίαν
1530 4381 1838 4444 ἐπισκόποις
1872 4406 1913 4459 D

243 4456 483 4523 κελεύσεις
575 4461 840 4520 ἀπέστειλε
868 4510 882 4530 ,
975 4464 1218 4530 δηλώσας
1290 4467 1369 4523 δι’
1433 4471 1620 4540 αὐτῶν,
1688 4478 1836 4524 ποῖον

243 4545 418 4614 ἔχουσι
472 4553 718 4624 φρόνημα
769 4561 890 4630 περὶ
934 4565 1031 4620 τῆς
1081 4558 1140 4612 ἐκ
1197 4557 1504 4618 Χαλκηδόνι
1563 4561 1836 4620 συστάσης

242 4632 484 4704 συνόδου,
525 4649 870 4712 παραστῆσαί
923 4647 974 4698 οἱ
1007 4642 1103 4700 διὰ
1155 4651 1374 4720 τοίχους·
1421 4648 1480 4702 οὗ
1544 4653 1832 4720 γεγονότος,

239 4721 426 4810 πλείους
464 4727 497 4787 ᾖ
541 4727 711 4799 χίλιοι
749 4731 1026 4787 ἐπίσκοποι
1081 4737 1387 4810 ὑπέγραψαν
1431 4743 1520 4790 καὶ
1573 4741 1666 4796 τὴν
1715 4740 1837 4789 σύν-

240 4806 348 4864 οδον
397 4813 772 4890 ἐπεκύρωσαν.
827 4829 932 4875 Τοῦ
984 4820 1044 4876 δε
1095 4830 1317 4888 Λέοντος
1370 4830 1457 4878 τὸν
1525 4825 1643 4899 βίον
1715 4844 1836 4898 μετ,

240 4900 540 4988 illam;
581 4913 815 4971 Ζήνωνός
853 4931 907 4964 τε
957 4918 1049 4965 καὶ
1097 4913 1446 4968 Ἀναστασίου
1502 4915 1612 4988 μετ’
1661 4915 1833 4986 ὀλίγον

241 4985 681 5064 βασιλευσάντων,
737 4999 1034 5075 παρρησίαν
1099 5013 1192 5055 τοῦ
1257 5003 1422 5076 λέγειν
1480 5007 1631 5066 αὖθις
1699 5007 1835 5056 κατά

236 5085 318 5166 γῆς
365 5079 594 5138 συνόδου
643 5089 692 5139 οἱ
732 5083 807 5140 δι’
859 5088 1092 5153 ἐναντίας
1135 5090 1436 5166 ἐλάμϐανον,
1495 5097 1585 5146 καὶ
1634 5097 1691 5145 τό
1731 5101 1830 5146 τῶν

237 5161 544 5224 Ἰακωϐιτῶν
631 5193 720 5228 και
809 5175 1174 5233 Θεοδοσιανῶν
1263 5181 1499 5256 ἐκώμασε
1581 5181 1780 5244 πλῆθος
1812 5224 1828 5250 ,

236 5257 344 5321 μίαν
389 5263 546 5330 φύσιν
593 5271 686 5316 τοῦ
744 5269 920 5338 Λόγου
970 5273 1060 5321 καὶ
1109 5277 1201 5331 τῆς
1259 5275 1453 5346 σαρκὸς
1517 5269 1826 5345 πρεσϐευόν-

237 5350 342 5438 fit»,
380 5353 474 5401 καὶ
525 5356 620 5411 τὴν
659 5352 881 5409 σύνοδον
927 5356 1433 5431 ἀναθεματιζόντων.
1482 5361 1548 5412 Οὶ
1587 5357 1638 5413 δ’
1677 5360 1828 5412 αὐτοὶ

237 5447 496 5508 επειρὼντο
550 5449 641 5495 καὶ
697 5449 785 5498 τὸν
827 5453 983 5520 τόμον
1046 5448 1327 5523 ἀνατρέψαι
1386 5459 1477 5504 τοῦ
1544 5450 1592 5503 ἐν
1655 5449 1828 5521 ἀγίοις

238 5525 443 5590 Λέοντος
503 5536 651 5586 πάπα
707 5533 928 5610 Ῥώμης·
991 5538 1098 5592 ἀλλ’
1156 5541 1401 5614 Εὐλόγιος
1458 5543 1484 5594 ό
1550 5540 1598 5593 ἐν
1655 5541 1827 5612 ἁγίοις

1584 230 1671 286 ΤΒ
1680 221 1931 287 ESAURI
1971 229 2106 289 LIB.
2151 222 2217 288 Χ.

3515 238 3585 291 70

1931 369 2149 426 scopas
2178 353 2284 426 qui
2333 356 2571 426 synodo
2621 355 2944 412 adfuerant
2981 356 3483 414 anathematizare
3531 363 3590 416 et

1931 441 2080 498 alios
2129 459 2241 514 pro
2288 444 2400 498 illis
2455 444 2782 512 ordinare;
2845 446 3229 516 divulgantes
3278 448 3587 519 synodum

1931 531 2323 586 conﬁrmasse
2346 538 2403 588 et
2432 549 2752 589 renovasse
2784 535 3030 590 Nestorii
3069 534 3430 606 doctrinam,
3479 535 3586 592 du-

1933 619 2100 692 plicis
2151 625 2503 677 naturarum
2558 624 2723 677 vocis
2775 629 3063 693 prastextu
3119 624 3234 679 hoc
3282 623 3581 694 ﬁngente;

1933 709 2092 764 unde
2122 710 2445 765 astrinxere
2480 716 2667 766 totam
2695 711 3069 768 Palaestinam
3099 719 3157 768 et
3200 715 3498 784 Egyptum
3530 718 3588 770 et

1929 813 2066 869 quia
2095 799 2158 852 in
2187 797 2424 855 deserto
2439 807 2607 855 erant
2629 801 3022 867 monasteria;
3049 807 3106 857 et
3126 802 3426 874 plerisque
3453 818 3582 874 per-

1933 891 2249 942 suaserunt
2279 904 2352 943 ne
2385 891 2714 962 reciperent
2747 905 2818 946 ea
2857 907 2994 962 quia
3024 908 3060 948 a
3095 897 3310 962 quarta
3342 891 3584 963 synodo

1931 975 2163 1032 sancita
2193 984 2384 1033 erant.

2003 1304 2055 1356 3.
2097 1299 2284 1355 Illuxit
2330 1304 2532 1356 autem
2585 1301 2710 1355 suis
2764 1299 3035 1373 partibus
3092 1301 3179 1355 vir
3225 1301 3328 1372 qui
3372 1317 3440 1355 ex
3475 1316 3585 1355 sua

1932 1390 2145 1444 virtute
2185 1390 2646 1458 cognominatus
2695 1396 2782 1445 est
2834 1389 3209 1460 Euthymius,
3260 1390 3432 1445 Pater
3472 1406 3585 1444 no-

1932 1483 2065 1548 ster,
2097 1478 2200 1549 qui
2232 1483 2286 1532 et
2329 1494 2402 1533 ex
2449 1477 2561 1534 hac
2601 1477 2761 1534 mala
2807 1477 3079 1533 doctrina
3127 1494 3264 1534 cum
3309 1479 3434 1534 suis
3462 1493 3590 1533 mo-

1932 1567 2140 1622 nachis
2185 1566 2523 1622 declinavit.
2573 1569 2896 1640 Postquam
2944 1567 3104 1622 enim
3139 1568 3368 1639 accepit
3393 1565 3592 1622 decla-

1931 1663 2126 1712 ratam
2184 1672 2221 1711 a
2278 1656 2515 1726 synodo
2563 1655 2996 1721 deﬁnitionem,
3047 1672 3154 1710 eos
3203 1655 3592 1726 congregavit

1931 1753 1988 1800 et
2017 1745 2185 1799 omni
2215 1743 2400 1800 modo
2430 1744 2544 1799 illis
2584 1745 2946 1816 persuadere
2983 1747 3228 1801 tentavit
3280 1745 3591 1818 synodum

1930 1833 2261 1904 legitimam
2311 1838 2367 1890 et
2409 1839 2635 1890 rectam
2674 1835 2830 1890 hanc
2875 1834 3289 1892 deﬁnitionem
3323 1851 3591 1908 pronun-

1931 1925 2128 1991 tiasse,
2183 1928 2240 1978 et
2297 1922 2518 1979 multos
2577 1923 2956 1994 praemunivit
3007 1923 3362 1995 induxxtque
3391 1931 3457 1980 ut
3505 1926 3590 1983 sic

1931 2010 2262 2067 crederent.
2305 2012 2450 2065 Cum
2491 2017 2692 2066 autem
2729 2009 2875 2065 illud
2916 2011 3143 2066 malum
3171 2011 3587 2074 invalesceret.

1931 2100 2010 2156 ab
2031 2099 2407 2172 imperatrice
2431 2099 2698 2154 Eudoxia
2719 2099 3050 2170 pressertim
3069 2099 3424 2156 roboratum
3449 2105 3592 2158 tunc

1933 2189 2218 2261 temporis
2247 2187 2363 2244 illic
2393 2203 2579 2260 prope
2609 2187 2744 2243 loca
2786 2195 3000 2242 sancta
3049 2188 3327 2257 degente,
3361 2206 3592 2262 praece-

1933 2280 2019 2351 pit
2048 2279 2172 2334 suis
2199 2276 2514 2334 monachis
2543 2291 2768 2349 eosque
2817 2275 3089 2332 hortatus
3142 2282 3231 2333 est
3288 2294 3363 2334 ne
3417 2279 3594 2336 malm

1933 2367 2252 2424 Theodosii
2277 2365 2564 2422 doctrinm
2586 2366 3124 2433 communicarent,
3143 2368 3511 2441 recessitque
3533 2369 3593 2424 in

1935 2458 2264 2514 desertum.
2308 2455 2488 2512 Paulo
2518 2459 2654 2528 post
2681 2462 2883 2512 autem
2923 2468 3060 2511 cum
3100 2456 3382 2513 Eudoxiae
3413 2474 3483 2514 ex
3505 2458 3592 2513 di-

1936 2547 2080 2602 vina
2124 2545 2485 2602 revelatione
2537 2545 2726 2617 ipsius
2770 2545 3188 2615 migrationem
3220 2561 3292 2602 eo
3320 2563 3591 2619 corpore,

1938 2635 2105 2692 brevi
2126 2634 2390 2692 futuram
2421 2634 2804 2703 declarasset,
2834 2634 3056 2707 illaque
3075 2635 3307 2692 tristitia
3328 2636 3594 2692 afﬁcere-

1939 2729 2035 2779 tur
2056 2729 2300 2796 propter
2347 2723 2827 2796 propinquorum
2875 2723 3035 2780 mala
3065 2724 3169 2796 qui
3207 2727 3409 2781 Romae
3436 2723 3593 2781 bello

1939 2813 2095 2884 capti
2126 2818 2316 2881 erant,
2343 2812 2686 2883 diceretque
2715 2828 2788 2868 ea
2816 2816 3060 2884 propter
3089 2813 3222 2882 ejus
3249 2829 3388 2868 cum
3413 2813 3600 2870 haere-

1941 2903 2070 2960 ticis
2113 2901 2625 2967 communionem,
2668 2902 2788 2956 Deo
2835 2901 3232 2973 permittente.
3279 2901 3594 2970 accidisse,

1937 2992 2160 3064 illaque
2199 3008 2270 3046 ex
2307 2991 2420 3046 hac
2475 2990 2688 3046 haeresi
2743 2990 2992 3057 abstitit,
3049 2995 3106 3045 et
3135 2989 3215 3045 ad
3239 2989 3530 3060 dogmata
3559 3007 3597 3048 a

1942 3081 2178 3153 synodo
2208 3079 2567 3134 confirmata
2611 3079 2802 3143 rediit,
2843 3084 2901 3134 et
2949 3077 3265 3133 Theodosii
3308 3078 3597 3148 dogmata

1940 3167 2484 3230 anathematizavit,
2538 3167 2643 3238 qui
2682 3167 2918 3223 unicam
2963 3166 3134 3222 Verbi
3179 3170 3236 3222 et
3263 3167 3461 3222 carnis
3489 3183 3596 3224 na-

1942 3266 2136 3315 turam
2161 3255 2419 3312 docebat
2461 3262 2519 3312 et
2546 3255 3098 3312 Chalcedonensem
3131 3255 3435 3326 synodum
3458 3272 3597 3327 pro-

1941 3347 2279 3415 scribebat;
2317 3352 2374 3402 et
2403 3346 2571 3402 multi
2616 3361 2690 3400 ex
2729 3345 3126 3402 schismaticis
3168 3344 3285 3416 ipsi
3330 3345 3598 3402 adbmse-

1944 3443 2102 3505 runt,
2129 3441 2186 3493 et
2214 3435 2689 3493 orthodoxorum
2714 3433 3005 3504 dogmata
3033 3432 3297 3506 amplexi
3328 3438 3488 3490 sunt.

2015 3761 2068 3812 4.
2109 3756 2372 3812 Turbata
2396 3760 2598 3810 autem
2627 3752 2803 3810 valde
2821 3753 3080 3809 Ecclesia
3102 3769 3341 3809 rursum
3371 3755 3483 3809 Leo
3505 3754 3601 3808 cui

1945 3861 2284 3916 cognomen
2332 3843 2622 3908 Macelles,
2672 3847 2808 3914 post
2864 3841 3228 3897 Marcianum
3271 3843 3599 3912 imperator

1945 3933 2189 4002 electus,
2244 3931 2488 3988 volebat
2536 3931 2784 4002 quidem
2827 3929 2954 4001 ipse
3008 3929 3314 4000 synodum
3369 3929 3445 3984 de
3507 3929 3602 3984 bis

1945 4037 2300 4078 convocare.
2325 4022 2471 4076 Cum
2495 4024 2696 4074 autem
2722 4016 3030 4072 didicisset
3053 4015 3601 4073 Chalsedonensem

1943 4128 2069 4168 non
2097 4111 2290 4166 multo
2318 4115 2455 4166 ante
2496 4107 2767 4164 habitam
2816 4121 2967 4167 esse,
3013 4104 3317 4176 nolletque
3357 4121 3602 4162 rursum

1946 4201 2264 4274 episcopos
2319 4196 2619 4253 continuis
2669 4193 2981 4251 itineribus
3011 4197 3069 4250 et
3106 4193 3600 4251 translationibus

1943 4304 2183 4356 vexare,
2213 4285 2588 4356 singularum
2620 4282 3067 4357 provinciarum
3114 4282 3412 4354 episcopis
3441 4282 3603 4340 misit

1944 4375 2258 4442 mandata,
2301 4373 2523 4446 quibus
2553 4370 2896 4445 postulabat
2925 4373 2992 4425 ut
3018 4385 3194 4426 suam
3241 4369 3318 4426 de
3365 4369 3605 4426 Chalce-

1944 4464 2200 4522 donensi
2255 4471 2493 4535 synodo
2541 4460 2897 4517 sententiam
2948 4459 3064 4514 sibi
3100 4475 3286 4531 quam
3318 4459 3602 4516 citissime

1944 4559 2220 4614 notatum
2249 4551 2531 4607 facerent.
2565 4549 2790 4615 Quibus
2829 4547 3086 4620 acceptis
3117 4547 3442 4615 mandatis,
3473 4547 3602 4621 plu-

1943 4661 2040 4702 res
2069 4658 2256 4717 quam
2286 4640 2445 4696 mille
2474 4638 2740 4712 episcopi
2787 4636 3241 4708 rescripserunt,
3274 4637 3604 4708 synodum-

1943 4749 2062 4808 que
2101 4731 2554 4788 conﬁrmarunt.
2598 4730 2922 4799 Postquam
2964 4729 3167 4781 autem
3202 4729 3476 4782 mortuus
3515 4732 3606 4783 est

1947 4826 2080 4886 Leo,
2130 4824 2406 4891 Zenoque
2458 4822 2514 4873 et
2561 4814 2916 4871 Anastasius
2963 4813 3146 4885 paulo
3176 4819 3312 4885 post
3338 4829 3598 4886 regnum

1943 4911 2144 4982 adepti
2173 4913 2331 4974 sunt,
2359 4922 2570 4962 rursus
2591 4908 2798 4960 contra
2829 4901 3136 4974 synodum
3168 4902 3493 4961 adversarii
3519 4905 3604 4962 lo-

1942 4999 2048 5073 qui
2077 4998 2206 5054 ausi
2237 4999 2456 5051 suntet
2481 4991 2887 5049 Jacobitarum
2924 4991 3602 5067 Theodosianorumque

1942 5085 2334 5144 commissata
2362 5085 2451 5138 est
2479 5078 2818 5144 multitudo,
2850 5095 3162 5152 unamque
3188 5080 3361 5138 Verbi
3384 5087 3443 5137 et
3471 5098 3598 5138 car-

1939 5178 2034 5235 nis
2055 5182 2334 5233 naturam
2357 5169 2770 5244 praadicabant
2787 5169 3216 5242 synodumque
3247 5171 3599 5230 anathema-

1939 5267 2220 5324 tizabant.
2274 5262 2461 5318 Iidem
2507 5275 2690 5333 porro
2747 5258 3128 5315 conabantur
3176 5261 3367 5316 sancti
3420 5276 3596 5334 papae

1942 5354 2194 5413 Romani
2247 5350 2454 5408 Leonis
2513 5355 2746 5405 tomum
2799 5351 3077 5403 evertere.
3129 5349 3244 5405 Sed
3305 5350 3594 5420 Eulogius

1938 5451 2170 5502 tomum
2193 5442 2353 5497 hunc
2383 5437 2719 5511 explicavit,
2759 5435 3019 5492 ostendit
3050 5452 3188 5492 eum
3237 5444 3396 5494 recta
3434 5438 3590 5494 ince-

1937 5536 2078 5594 dere
2124 5531 2393 5604 nihilque
2439 5528 2756 5601 obliquum
2819 5531 2879 5584 et
2941 5525 3022 5582 ab
3078 5526 3416 5589 orthodoxa
3466 5536 3588 5594 ﬁde
