4126 6228
495 299 562 357 71
1843 291 2110 353 NICETE
2140 290 2515 353 CHONIATIE
3795 305 3870 365 72

497 424 761 483 alienum
789 423 889 482 illo
919 421 1124 480 inferri
1153 419 1438 478 omnibus
1477 420 1734 478 dilucide
1762 419 2139 479 monstravit.

2259 424 2343 472 τόν
2374 439 2428 473 τε
2455 423 2609 479 τόμον
2647 417 2944 494 ἐξηγήσατο
2972 420 3086 494 (1)),
3137 424 3226 476 καὶ
3277 422 3446 487 καλῶς
3491 425 3632 498 ἔχειν
3685 435 3865 484 τοῦτον

495 518 774 571 Attamen
801 519 856 572 ct
881 515 966 571 sic
994 511 1216 570 diutius
1240 511 1301 568 in
1339 510 1708 568 oblivionem
1737 511 1946 568 incidit
1973 525 2151 583 syno-

498 603 633 676 dus,
680 608 735 660 et
775 602 1194 676 unusquisque
1240 600 1408 673 quod
1461 600 1574 657 sibi
1617 601 1958 673 jucundum
1996 603 2153 656 esset

493 692 859 767 principium
911 691 1181 764 arripuit,
1239 694 1297 747 et
1337 690 1630 764 quoniam
1685 688 1906 761 singuli
1933 688 2012 746 ad
2036 687 2151 745 sibi

495 786 804 857 acceptam
826 781 1008 838 ﬁdem
1025 778 1473 849 confugiebant,
1490 793 1714 850 magna
1735 779 2149 835 haereticorum

494 878 552 929 et
576 872 1100 929 schismaticorum
1131 869 1452 926 multitudo
1483 868 1756 928 recrevit.
1793 867 2149 925 Anastasius

491 963 692 1034 igitur,
714 977 954 1032 magnae
1002 958 1328 1016 Antiochiae
1368 958 1615 1015 antistes
1643 973 1754 1032 pro
1785 957 2024 1031 synodo
2059 957 2149 1013 in-

494 1052 652 1124 stitit,
705 1057 762 1108 et
806 1049 1180 1121 dogmaticos
1223 1063 1490 1105 canones
1553 1047 1774 1120 scripto
1829 1045 2144 1120 deposuit;

489 1141 809 1216 ipsamque
851 1139 1156 1214 synodum
1190 1139 1346 1195 bene
1391 1137 1599 1195 omnia
1629 1137 1976 1193 deﬁnivisse
2005 1151 2146 1192 con-

490 1230 699 1300 tendit,
751 1236 810 1288 et
854 1229 1034 1304 plena
1088 1245 1218 1286 esse
1264 1227 1483 1302 pietate
1531 1227 1662 1300 ejus
1715 1225 2008 1296 dogmata
2047 1224 2146 1281 de-

489 1324 808 1378 monstrat.

491 1409 660 1487 π).ἠρη
723 1407 1008 1470 θεοσεϐείας
1060 1403 1190 1461 εἶναι
1239 1409 1303 1461 τὰ
1351 1408 1540 1470 ταύτης
1595 1409 1877 1465 συνίστησι
1925 1399 2188 1478 δόγματα.

561 1558 612 1609 ες.
655 1555 934 1610 Fautores
956 1555 1155 1609 autem
1184 1549 1327 1618 Caii,
1355 1553 1412 1606 et
1439 1548 1722 1613 Dioscori,
1753 1551 1811 1604 et
1835 1547 2041 1604 Jacobi
2071 1562 2142 1604 ac
2177 1551 2218 1606 Β

490 1646 706 1716 postea
737 1641 953 1712 Severi,
994 1646 1054 1697 et
1095 1638 1342 1697 Joannis
1374 1638 1682 1711 l’hiloponi
1708 1637 1814 1712 qui
1843 1642 1899 1694 et
1923 1637 2144 1710 scripta

489 1731 681 1788 multa
726 1730 801 1787 de
848 1731 964 1786 hac
1009 1730 1226 1786 haeresi
1275 1727 1463 1785 edidit
1512 1726 1910 1784 intolerabilia
1961 1742 2143 1798 aegre-

489 1838 608 1895 que
649 1820 1015 1891 reffellenda,
1068 1819 1311 1876 unicam
1351 1818 1614 1891 quidem.
1645 1825 1946 1883 naturam,
1987 1817 2144 1872 duas

487 1927 630 1968 vero
649 1911 1006 1983 hypostases
1035 1909 1390 1981 impiissime
1419 1908 1769 1964 docuerunt.
1800 1909 1866 1963 In
1896 1906 2143 1980 quibus-

487 2000 631 2056 dam
661 2005 865 2056 tamen
917 2013 1168 2055 suorum
1203 1997 1496 2054 librorum
1539 1996 1685 2053 locis
1731 2001 1788 2052 et
1828 1996 1942 2069 ipsi
1985 1996 2141 2052 duas

485 2094 732 2145 naturas
779 2087 1160 2153 confitentur,
1211 2085 1317 2142 sed
1359 2085 1713 2142 addendum
1765 2090 1873 2154 est,
1927 2102 2002 2142 ne
2043 2085 2144 2142 tali

485 2179 779 2234 sermonis
807 2176 1184 2251 oppositione
1209 2175 1587 2248 decipiamur
1623 2181 1681 2232 et
1719 2189 2007 2248 erremus,
2040 2191 2143 2232 eos

482 2267 702 2340 partim
732 2267 947 2324 eadem
977 2281 1048 2323 ac
1080 2281 1193 2322 nos
1232 2264 1488 2338 opinari,
1519 2265 1686 2338 quod
1716 2263 1990 2338 plerique
2019 2279 2143 2320 non

483 2359 759 2412 accurate
790 2354 1360 2421 animadverterunt,
1395 2358 1450 2410 et
1495 2352 1637 2410 inde
1683 2353 1744 2409 in
1792 2369 2002 2409 eorum
2034 2353 2144 2409 im-

484 2445 764 2518 pietatem
811 2443 1039 2500 inducti
1087 2447 1245 2499 sunt.
1293 2441 1593 2508 Quidnam
1639 2443 1822 2512 igitur
1878 2442 2141 2498 docent?

485 2531 740 2598 Quando
776 2533 839 2588 in
885 2531 1118 2589 Christo
1147 2532 1569 2588 convenientes
1592 2537 1860 2602 naturas,
1892 2531 2142 2588 alteram

482 2621 563 2677 ab
587 2620 771 2678 altera
788 2626 1088 2693 separant,
1121 2621 1276 2678 duas
1305 2637 1439 2676 esse
1483 2635 1586 2677 eas
1616 2621 1962 2676 necessario
2001 2635 2140 2677 con-

481 2710 758 2779 ﬁtentur;
787 2709 1034 2783 quando
1061 2715 1263 2766 autem
1289 2714 1610 2783 utramque
1631 2709 1690 2765 in
1715 2709 1923 2766 Christi
1949 2708 2141 2766 incar-

480 2799 722 2856 natione
750 2797 985 2871 uniunt,
1016 2804 1158 2856 tunc
1182 2814 1306 2856 non
1333 2798 1488 2856 duas
1531 2797 1877 2855 inconfusas
1925 2813 2138 2857 conve-

2257 505 2517 578 ἀπέδειξε,
2561 516 2651 564 καὶ
2692 508 2858 584 μηδὲν
2918 511 3124 565 σκολιὸν
3171 517 3260 566 καὶ
3313 521 3406 576 τῆς
3455 511 3742 591 ὀρθοδόξου
3781 524 3868 572 πί-

2261 617 2419 661 στεως
2452 597 2668 671 ἀπέχον,
2717 603 2884 672 τούτῳ
2931 599 3244 676 ἐμφέρεσθαι
3284 598 3628 676 διετροίνωσεν
3671 608 3862 665 ἅπασι.

2260 693 2398 747 Πλὴν
2423 693 2512 741 καὶ
2543 690 2700 751 οὕτως
2741 690 2770 748 η
2803 709 2858 743 τε
2907 687 3123 752 σύνοδος
3179 689 3263 744 ἐπὶ
3309 691 3436 745 πολὺ
3483 691 3866 768 ἀμνημόνευτος

2257 779 2438 850 ἔμεινε,
2470 782 2560 831 καὶ
2579 783 2677 840 πᾶς
2708 799 2787 842 τις
2810 784 2905 838 τὴν
2936 778 3109 852 ἐκείνῳ
3137 782 3344 854 ουμὴρη
3373 780 3632 836 ἐπεσπᾶτο
3665 786 3862 860 ἀρχὴν,

2255 870 2346 918 καὶ
2378 863 2413 919 δ
2418 868 2472 919 ιὰ
2499 870 2557 918 τό
2593 870 2663 930 ὡς
2692 867 2848 921 εἰπεῖν
2878 870 3096 923 ἕκαστον
3125 874 3256 943 πρὸς
3283 875 3376 930 την
3403 867 3666 926 δοκοῦσαν
3697 874 3864 948 ἐαυτῷ

2256 960 2435 1008 πίστιν
2476 954 2806 1032 ἀποτρέχειν,
2838 957 3037 1021 πλῆθος
3077 961 3158 1012 ὅτι
3197 959 3326 1012 πολὺ
3367 962 3638 1033 αἱρετικῶν
3669 962 3860 1038 ἀνεφύη

2257 1049 2346 1098 καὶ
2374 1043 2740 1118 ἀποσχιστῶν.
2787 1047 3131 1110 Ἀναστάσιος
3159 1052 3248 1122 μὲν
3289 1051 3376 1102 οὖν
3425 1052 3450 1103 ὁ
3489 1060 3586 1114 τῆς
3630 1054 3864 1128 μεγάλης

2258 1134 2582 1208 Ἀντιοχείας
2609 1132 2868 1212 πρόεδρος
2897 1137 3022 1213 ὑπερ
3055 1147 3148 1200 της
3185 1135 3409 1192 συνόδου
3455 1138 3743 1214 ἐνίσταται,
3773 1149 3863 1198 καὶ

2258 1219 2609 1298 δογματικοὺς
2665 1231 2878 1288 κανόνας
2939 1226 3209 1301 ἐγγράφως
3272 1227 3544 1283 ἐκτίθεται·
3606 1232 3771 1292 αὐτην
3809 1251 3864 1286 τε

2255 1317 2349 1374 τὴν
2400 1311 2620 1369 σύνοδον
2664 1315 2828 1378 καλῶς
2884 1316 2965 1371 ἐπὶ
3015 1325 3176 1372 πᾶσιν
3208 1321 3384 1395 ὁρίσαι
3422 1326 3736 1398 παρίστησι,
3773 1342 3857 1390 καὶ

2325 1547 2378 1607 ε’.
2419 1551 2485 1602 Oi
2543 1545 2603 1603 δὲ
2659 1555 2778 1624 περὶ
2834 1553 3006 1619 Γαῖον,
3063 1557 3153 1605 καὶ
3209 1558 3509 1630 Διόσκορον,
3550 1561 3639 1608 καὶ
3681 1557 3862 1611 Ἰάκω-

2252 1637 2358 1703 ϐον,
2413 1645 2504 1692 καὶ
2568 1639 2782 1716 ὕστερον
2853 1645 2942 1694 τὸν
2995 1640 3236 1714 Σεϐἠρον,
3283 1649 3374 1696 καὶ
3433 1649 3518 1697 τὸν
3585 1645 3860 1701 Φιλόπονον

2252 1727 2510 1800 Ἰωάννην,
2553 1733 2638 1781 τὸν
2699 1733 2788 1782 καὶ
2859 1733 3250 1805 συγγράμματα
3313 1731 3654 1806 ἐξενηνοχότα
3722 1735 3862 1790 πλεῖ-

2253 1835 2354 1870 στα
2399 1823 2516 1892 περὶ
2572 1826 2664 1880 τῆς
2734 1823 2984 1881 τοιαύτης
3037 1823 3279 1894 αἱρέσεως
3337 1819 3724 1896 δυσφορωτατα
3770 1831 3860 1879 καὶ

2253 1903 2692 1979 δυσῦεγκταῌ),
2731 1913 2856 1982 μίαν
2899 1913 2989 1982 μὲν
3049 1913 3224 1982 φύσιν,
3281 1907 3376 1963 δύο
3431 1909 3491 1965 δὲ
3543 1915 3860 1978 ὑποστάσεις

2253 1995 2578 2049 ἀσεϐέστατα
2626 1994 3002 2071 ἐδογμάτισαν·
3053 1999 3183 2058 πλὴν
3241 1999 3455 2072 ἐνιαχοῦ
3509 2011 3607 2056 τῶν
3656 2005 3856 2058 οἰκείων

2255 2085 2490 2159 βιϐλίων,
2551 2083 2648 2140 δύο
2683 2107 2771 2140 και
2819 2089 2968 2141 αὐτοὶ
3009 2092 3189 2160 φύσεις
3234 2086 3660 2163 ἀνομολογοῡσιν.
3706 2094 3857 2148 Ἀλλὰ

2250 2180 2558 2248 προσεκτέον
2626 2177 2759 2228 ὥστε
2815 2181 2886 2248 μὴ
2958 2176 3219 2236 κλαπῆναι
3288 2177 3388 2231 ἀπὸ
3453 2189 3544 2242 τῆς
3611 2185 3856 2246 τοιαύτης

2251 2263 2650 2337 ἐναντιολογίας.
2703 2261 2842 2338 μηδὲ
2900 2264 3256 2337 ἀπατηθῆναι,
3326 2270 3406 2321 ὃτι
3474 2268 3522 2321 ὲν
3575 2275 3714 2345 μέρει
3766 2278 3851 2324 καὶ

2252 2353 2400 2406 αὐτοὶ
2437 2355 2502 2406 τὰ
2563 2357 2684 2427 ημῖν
2732 2350 2989 2408 δοκοῦντα
3037 2351 3385 2427 δοξάζουσιν,
3437 2359 3563 2432 ὅπερ
3601 2363 3652 2412 οἱ
3679 2361 3853 2414 πολλοὶ

2249 2447 2320 2514 μὴ
2387 2441 2716 2516 ἀκριϐοῦντες
2780 2443 3030 2515 ᾠήθησαν
3097 2463 3152 2497 τε
3216 2450 3306 2498 καὶ
3363 2450 3552 2520 τρόπον
3609 2451 3728 2502 τινὰ
3787 2450 3858 2513 εἰς

2249 2537 2344 2590 τὴν
2419 2530 2657 2584 ἀσέϐειαν
2738 2531 2906 2584 αὐτῶν
2970 2532 3367 2606 ἀπηνέχθησαν.
3435 2539 3499 2589 Τί
3568 2538 3686 2590 ποτ’
3767 2535 3854 2591 οὖν

2249 2619 2362 2674 ἐστι
2415 2624 2471 2674 τό
2518 2621 2640 2695 παρ’
2697 2621 2863 2674 αὐτῶν
2925 2618 3271 2695 δοξαζόμενον
3315 2640 3329 2690 ;
3395 2623 3554 2677 Ὀταν
3605 2628 3696 2697 μὲν
3761 2629 3850 2686 τὰς

2251 2709 2597 2775 συνελθούσας
2659 2719 2729 2782 τῷ
2798 2718 2911 2782 Θεῷ
2974 2715 3155 2785 φύσεις
3219 2713 3336 2766 καθ’
3399 2712 3578 2774 ἑαυτὰς
3620 2713 3846 2773 ἑκάστην

2249 2797 2605 2867 διαστήσωσι,
2659 2797 2757 2854 δύο
2818 2803 3008 2862 ταύτας
3088 2801 3488 2876 ἁνομολογοῦσιν
3545 2799 3846 2874 ἀναγκαζό-

482 2887 716 2945 nientes
743 2893 1001 2961 ponunt,
1035 2888 1143 2944 sed
1175 2903 1362 2946 unam
1392 2892 1668 2945 naturam
1703 2889 2127 2962 compositam.

2248 2909 2407 2964 μενοι·
2467 2891 2588 2942 ὅταν
2655 2886 2716 2942 δε
2782 2887 3073 2965 ἀμφοτέρας
3138 2894 3398 2944 ἐνώσωσιν
3459 2892 3531 2955 εἰς
3594 2897 3689 2950 τὴν
3755 2901 3848 2946 τοῦ

481 2977 661 3035 Nobis
682 2992 869 3034 unam
896 2977 1280 3050 hypostasim
1328 2978 1728 3050 compositam
1771 2979 2136 3036 nominauti-

479 3065 616 3138 bus,
647 3065 728 3122 illi
758 3081 942 3122 unam
964 3067 1369 3140 compositam
1406 3071 1683 3124 naturam
1714 3074 2049 3140 opponunt,
2081 3073 2138 3126 et

481 3153 567 3212 sic
595 3154 849 3212 verbum
873 3154 1133 3212 ludibrio
1157 3155 1402 3213 habent.
1438 3156 1590 3222 Quia
1613 3156 2136 3229 quemadmodum

476 3243 663 3302 homo
701 3245 972 3301 animam
1002 3250 1060 3302 et
1088 3261 1307 3319 corpus
1347 3244 1550 3312 habet,
1584 3251 1640 3302 et
1673 3245 1859 3303 altera
1887 3247 2134 3320 quidem

477 3335 717 3400 animas,
732 3334 919 3391 altera
938 3337 1146 3395 autem
1173 3334 1441 3408 corporis
1461 3339 1698 3404 natura,
1714 3335 1903 3408 siquis
1923 3352 2136 3394 unam-

475 3438 782 3496 quamque
801 3439 909 3495 per
939 3440 1001 3480 se
1025 3423 1347 3494 intueatur,
1375 3429 1703 3498 postquam
1729 3431 1930 3482 autem
1955 3427 2133 3483 unitas

477 3516 639 3580 sunt,
665 3510 977 3568 hominem
1012 3513 1277 3570 efﬁciunt
1302 3513 1545 3569 unicam
1576 3519 1858 3568 naturam
1890 3529 2134 3586 compo-

477 3601 653 3656 sitam
683 3599 1050 3668 habentem‘;
1092 3601 1176 3657 sic
1201 3603 1380 3659 etiam
1409 3602 1706 3658 Christum
1735 3606 1950 3672 putant
1978 3602 2133 3661 dua-

475 3689 592 3746 bus
631 3689 859 3744 naturis
903 3693 1213 3758 constare;
1259 3696 1396 3763 post
1437 3690 1725 3747 unionem
1763 3707 1906 3747 vero
1945 3707 2132 3748 unam

475 3793 605 3834 esse
641 3779 923 3833 naturam
953 3779 1378 3850 compositam.

2245 2984 2418 3052 Λόγου
2451 2980 2737 3053 σάρκωσιν,
2778 2983 2892 3031 τότε
2930 2979 2988 3032 ού
3038 2976 3136 3034 δύο
3181 2978 3518 3054 ἀσυγχύτους
3563 2983 3657 3044 τας
3717 3001 3847 3035 συν-

2247 3069 2495 3130 ελθούσας
2534 3069 2785 3135 τιθέασιν,
2821 3066 2947 3121 ἀλλὰ
2993 3073 3116 3141 μίαν
3173 3072 3327 3143 φύσιν
3388 3072 3647 3124 σύνθετον·
3703 3073 3848 3145 ἡμῶν

2243 3161 2344 3232 γὰρ
2407 3162 2530 3230 μίαν
2572 3158 2864 3210 ὑπόστασιν
2932 3160 3172 3211 σύνθετον
3231 3159 3609 3232 ὀνομαζόντων,
3667 3160 3848 3216 ἐκεῖνοι

2244 3251 2368 3320 μίαν
2399 3249 2640 3300 σύνθετον
2679 3250 2833 3320 φύσιν
2879 3244 3218 3318 ἀντιτιθέασι,
3286 3253 3375 3302 καὶ
3431 3247 3850 3325 παραδειγματί-

2247 3337 2427 3398 ζουσιν
2493 3337 2628 3389 οὕτω
2695 3339 2780 3389 τὸν
2845 3335 3013 3408 λόγον’
3082 3339 3179 3405 ὃτι,
3256 3339 3431 3413 ὥσπερ
3495 3341 3521 3392 ό
3578 3341 3846 3414 ἅνθρωπος

2242 3426 2429 3498 ψυχὴν
2486 3429 2598 3499 ἔχει
2653 3431 2742 3478 καὶ
2801 3435 2973 3500 σῶμα,
3023 3433 3112 3480 καὶ
3157 3426 3284 3486 ἄλλη
3325 3431 3418 3500 μὲν
3449 3432 3606 3501 φύσις
3641 3428 3842 3502 ψυχῆς,

2243 3515 2369 3573 ἄλλη
2427 3512 2486 3567 δὲ
2553 3521 2831 3588 σώματος,
2909 3519 2953 3569 εἴ
3024 3535 3107 3578 τις
3165 3517 3284 3569 καθ’
3363 3516 3554 3576 ἑαυτὴν
3624 3517 3848 3586 ἑκάστην

2247 3605 2478 3680 θεωροίη·
2531 3601 2742 3658 ἐπειδὰν
2800 3602 2860 3658 δε
2914 3605 3248 3674 συνέλθωσιν,
3299 3607 3568 3680 ἄνθρωπον
3634 3615 3848 3661 ποιοῦσι

2244 3696 2399 3766 φύσιν
2431 3693 2621 3764 έχοντα
2649 3699 2771 3768 μίαν
2825 3697 3083 3748 σύνθετον·
3118 3691 3241 3748 οὐδὲ
3269 3698 3369 3771 γὰρ
3423 3692 3508 3749 δεῖ
3549 3696 3710 3767 λέγειν
3757 3701 3843 3748 τὸν

2244 3783 2534 3857 ἄνθρωπον,
2568 3788 2720 3855 φασὶ,
2753 3780 2849 3836 δύο
2890 3787 3093 3857 φύσεις,
3123 3783 3250 3838 ἀλλα
3277 3791 3396 3858 μίαν
3427 3787 3682 3837 σύνθετον’
3707 3785 3838 3837 οὕτω

477 3861 544 3926 δὴ
578 3869 667 3920 καὶ
696 3867 782 3918 τὸν
815 3870 1044 3942 Χριστόν
1084 3870 1280 3921 οἴονται
1309 3867 1365 3920 ἐκ
1396 3863 1493 3922 δύο
1531 3871 1621 3943 μεν
1655 3872 2024 3928 συνεστηκέναι
2055 3873 2275 3943 φύσεων,
2308 3874 2438 3944 μετὰ
2462 3868 2519 3924 δὲ
2549 3872 2726 3925 ἕνωσιν
2757 3877 2882 3946 μίαν
2909 3872 3038 3926 εἶναι
3065 3876 3217 3946 φύσιν
3247 3876 3502 3928 σύνθετον.

545 4013 598 4066 ϐ.
641 4009 864 4068 Idcirco
896 4015 952 4068 et
983 4027 1242 4082 magnus
1271 4011 1333 4068 in
1354 4011 1657 4082 theologia
1707 3996 2025 4084 Gregorius
2055 4028 2130 4070 ex

474 4100 708 4172 quibus,
741 4106 798 4158 et
829 4103 1127 4175 inquibus
1149 4102 1294 4159 dicit
1319 4107 1374 4159 et
1393 4102 1638 4175 quar,de
1653 4102 1874 4159 divinis
1903 4103 2130 4160 naturis

2311 4013 2384 4080 ς’.
2417 4017 2509 4069 Διὰ
2549 4023 2715 4068 ταῦτα
2759 4021 2850 4068 καί
2897 4017 2924 4068 ὀ
2979 4020 3135 4090 μέγας
3174 4015 3221 4070 ἐν
3271 4015 3502 4090 θεολογίᾳ
3555 4021 3840 4092 Γρηγόριος

2239 4103 2292 4168 ἐξ
2321 4102 2408 4172 ὧν,
2441 4109 2530 4157 καὶ
2561 4103 2608 4156 ἐν
2652 4105 2748 4172 οἷς,
2801 4111 2950 4178 φησι,
3009 4111 3098 4159 καὶ
3156 4106 3314 4180 ἅπερ,
3368 4112 3486 4182 περὶ
3538 4115 3635 4159 τῶν
3695 4109 3841 4160 θείων

476 4207 818 4248 sermonem
838 4191 1089 4250 habens.
1118 4193 1268 4250 Illud
1289 4193 1471 4262 enim,
1499 4209 1572 4250 ex
1587 4193 1802 4264 quibus
1821 4192 2132 4266 posuit,'ut

2248 4188 2577 4265 δογματίζων
2635 4197 2854 4266 φύσεων·
2918 4197 2976 4246 τὸ
3034 4197 3124 4264 μιν
3175 4197 3278 4270 γὰρ
3311 4193 3362 4258 ἐξ
3400 4195 3467 4246 ὧν
3506 4196 3720 4264 τέθεικε,
3762 4196 3848 4247 ἶνα

473 4294 548 4335 ex
576 4278 878 4337 divinitate
897 4282 1185 4339 unitatem
1208 4282 1482 4350 doceret;
1516 4281 1662 4338 illud
1693 4288 1894 4340 autem
1918 4285 1980 4341 in
2005 4285 2130 4356 qui-

477 4367 602 4436 bus,
637 4373 703 4424 ut
732 4374 980 4425 naturas
1023 4375 1303 4438 servaret,
1338 4371 1516 4427 etiam
1549 4377 1688 4444 post
1714 4372 2000 4429 unionem
2029 4394 2042 4438 ;
2077 4376 2133 4430 et

473 4470 550 4512 ne
580 4471 683 4514 eas
702 4472 810 4529 per
849 4473 984 4514 eam
1015 4459 1324 4532 utriusque
1353 4459 1640 4516 unionem
1687 4461 2080 4518 confunderet
2113 4479 2127 4529 ;

474 4543 620 4602 illud
641 4549 864 4614 autem,
895 4562 1043 4619 quae,
1073 4563 1150 4604 ne
1175 4548 1310 4621 quis
1343 4552 1510 4622 putet
1539 4549 1724 4606 alium
1749 4549 1973 4608 factum
2002 4567 2130 4608 esse

476 4634 776 4692 Christum
793 4640 1292 4707 postnaturarum
1306 4638 1612 4695 unionem.
1625 4641 1706 4695 Ex
1723 4640 2131 4697 examinanda

475 4728 562 4804 est
591 4723 873 4780 doctrinae
929 4731 1211 4784 accurata
1248 4727 1558 4800 expositio.
1610 4731 1690 4784 Ex
1731 4734 1992 4801 quatuor
2021 4730 2133 4786 ele-

475 4812 692 4870 mentis
713 4829 848 4870 esse
877 4819 1151 4872 nostrum
1176 4832 1396 4889 corpus
1433 4817 1494 4873 in
1539 4816 1833 4888 confesso,
1856 4823 1945 4874 est
1971 4819 2129 4891 igne,

475 4917 633 4975 aere,
662 4919 845 4976 aqua,
877 4908 1054 4976 terra,
1086 4910 1143 4963 et
1184 4905 1247 4963 in
1273 4906 1368 4963 his
1407 4906 1714 4965 elementis
1762 4908 2134 4967 constitutio-

581 5172 1276 5252 t)_l3ulogii__irag_menta
1318 5175 1508 5252 multa
1554 5175 1772 5252 legesis
1813 5176 1978 5252 apud
2020 5194 2134 5238 nos

477 5245 620 5330 Coll.
645 5245 846 5329 Vah}.
881 5247 1001 5330 ΥΠ,
1037 5245 1313 5330 itemque
1342 5245 1822 5330 aliqua_Classic,
1847 5245 1962 5330 ita.
1997 5256 2038 5308 t.
2069 5255 2130 5308 X.

473 5316 704 5389 Eulogii
751 5317 1025 5389 ejusdem
1075 5316 1389 5376 homiliam
1424 5316 1486 5378 in
1533 5322 1752 5378 Ramos
1784 5323 2133 5380 Palmarum

475 5381 700 5466 Habuit
725 5381 1082 5466 Holstenius,
1112 5395 1259 5466 teste
1286 5391 1422 5466 ipso
1447 5392 1510 5449 in
1534 5393 1818 5466 epistolis,
1843 5410 1902 5466 p.
1933 5399 2056 5450 209.

547 5459 622 5528 (2)
665 5462 744 5538 De
775 5457 1077 5538 his_Jo_an.
1112 5457 1425 5538 Philoponi
1455 5457 1760 5538 operibus,
1792 5457 1928 5538 quas
1972 5482 2122 5525 mss.

475 5530 536 5588 in
556 5531 841 5588 manibus
880 5531 1203 5602 habemus,
1254 5530 1396 5591 alibi
1440 5530 1551 5592 nos
1603 5530 1858 5593 locuturi
1897 5554 2131 5594 sumus.

473 5605 655 5664 Porro
683 5619 822 5679 quae
841 5604 903 5664 in
928 5605 1322 5680 sequentibus
1347 5608 1635 5682 (itemque
1656 5608 1876 5682 partim
1900 5609 1960 5667 in
1982 5625 2134 5684 prae-

2239 4287 2332 4341 την
2381 4281 2437 4334 ἐκ
2505 4285 2742 4346 θεότητος
2794 4279 3094 4356 δογματίση
3151 4286 3348 4336 ἕνωσιν·
3401 4286 3460 4336 τὸ
3519 4280 3579 4338 δὲ
3644 4281 3693 4336 ἓν
3746 4284 3844 4350 οἷς,

2243 4372 2326 4424 ἱνα
2370 4377 2578 4445 τηρήσῃ
2648 4375 2737 4433 τὰς
2787 4375 2961 4444 φύσεις
3023 4377 3113 4425 καὶ
3165 4375 3294 4445 μετὰ
3356 4375 3450 4430 την
3501 4373 3701 4425 ἕνωσιν·
3757 4375 3848 4424 καὶ

2240 4465 2311 4532 μὴ
2344 4466 2547 4535 συγχέῃ
2600 4464 2794 4523 ταύτας
2851 4457 2946 4514 διὰ
2995 4464 3053 4513 τὸ
3107 4461 3354 4521 amem.
3386 4460 3646 4522 ἀλλήλαις·
3687 4463 3746 4514 τὸ
3787 4457 3846 4514 δε

2240 4550 2390 4624 οἷπερ,
2447 4552 2528 4602 ἱνα
2556 4554 2627 4622 μη
2661 4549 2813 4623 οἰηθῇ
2861 4569 2940 4612 τις
2988 4553 3068 4602 ὃτι
3112 4550 3258 4613 ἁλὴς
3299 4553 3502 4622 γέγονεν
3549 4551 3574 4602 ὁ
3615 4551 3845 4626 Χριστὸς

2240 4643 2371 4712 μετὰ
2429 4644 2523 4698 τὴν
2571 4648 2672 4693 τῶν
2739 4643 2938 4712 φύσεων
2982 4641 3180 4694 ἕνωσιν.
3245 4647 3344 4694 Καὶ
3408 4645 3693 4698 σκοπητέον
3749 4643 3842 4697 τὴν

2240 4728 2500 4804 ἀκρίϐειαν
2553 4737 2644 4782 τοῦ
2698 4727 2979 4802 δόγματος·
3029 4734 3084 4784 ἐκ
3136 4733 3405 4806 τεσσάρων
3462 4729 3758 4803 στοιχείων]
3783 4731 3841 4780 τό

2242 4819 2486 4892 ἡμέτερον
2555 4827 2706 4888 σῶμα
2763 4819 3177 4892 ἁνωμο)όγηται,
3238 4823 3418 4895 πυρὸς,
3477 4818 3644 4894 ἆέρός,
3699 4812 3841 4869 ὕδα-

2241 4927 2348 4978 τος,
2401 4917 2522 4982 γῆς,
2572 4913 2663 4963 καὶ
2711 4907 2759 4961 ἐν
2798 4912 3003 4972 τούτοις
3043 4917 3149 4971 τοῖς
3189 4913 3474 4982 στοιχείοις
3521 4912 3613 4968 τὴν
3647 4909 3842 4961 σύστα-

2243 5175 2866 5257 cedentibus)_l_‘i_i_cetas
2893 5180 3099 5234 noster
3117 5176 3193 5257 de
3216 5180 3301 5257 to_t
3321 5176 3497 5234 sectis
3514 5173 3847 5257 Monpphx-

2243 5250 2490 5322 sitarum
2523 5244 2744 5322 scribit,
2777 5265 2848 5307 ea
2873 5264 3037 5322 stepe
3059 5249 3140 5305 ad
3165 5249 3418 5305 verbum
3447 5244 3730 5322 exscribit
3752 5244 3847 5322 Νί-

2243 5321 2540 5393 cephorus
2566 5321 2842 5393 Callistus
2870 5316 2983 5378 lib:
3005 5337 3168 5393 xviii,
3196 5323 3264 5393 45
3295 5324 3352 5376 et
3370 5335 3552 5393 seqq.
3580 5319 3686 5391 qui
3709 5316 3847 5393 p_l_us

2242 5386 2484 5448 centum
2506 5397 2642 5464 post
2670 5392 2933 5449 Nicetam
2967 5386 3488 5464 annis'historiani
3507 5386 3682 5446 suam
3707 5386 3846 5464 alie-

2239 5464 2334 5519 nis
2366 5458 2594 5538 exuv'iis
2615 5464 2780 5538 auxit
2810 5470 2988 5538 atque
3010 5463 3337 5524 exornavit.
3359 5467 3564 5536 Itaque
3584 5477 3696 5519 nos
3716 5458 3847 5532 ple-

2239 5551 2430 5609 raque
2461 5535 2803 5595 omisimus.
