4126 6228
234 327 283 380 73
1561 311 1914 372 THESAURI
1952 314 2085 371 LIB.
2124 321 2193 370 X.
3476 317 3548 372 74

235 450 297 500 σιν
321 447 413 517 ἔχει
439 441 669 502 σώζεται
697 446 823 512 γοῦν
850 437 898 491 ἐν
927 446 1002 509 τῷ
1029 442 1236 510 σώματι
1263 440 1352 490 καὶ
1379 440 1463 504 τὸ,
1495 435 1548 501 ἐξ
1576 437 1666 506 ὧν,
1696 438 1788 491 καὶ

1926 453 2041 496 tem
2072 437 2274 497 habet.
2303 438 2584 496 Servatur
2609 451 2755 509 ergo
2796 437 2860 495 in
2903 451 3154 512 corpore
3192 440 3251 496 et
3296 436 3446 495 illud
3473 453 3552 497 ea:

234 540 295 599 τὸ,
318 532 358 585 ἐν
382 530 477 595 οἷς,
501 529 560 582 ού
591 535 690 602 μὴν
716 532 799 596 τὸ,
824 527 955 603 οἷπερ
980 549 993 560 ι
1023 528 1152 599 μετὰ
1176 531 1267 584 τὴν
1286 524 1467 578 ἕνωσιν
1496 534 1598 578 τῶν
1643 545 1791 580 στοι-

1926 529 2134 599 mitius,
2166 532 2225 585 et
2249 528 2395 585 illud
2424 529 2490 586 in
2516 530 2753 602 quibus,
2781 542 2908 586 non
2945 532 3152 587 tamen
3189 528 3341 586 illud
3396 545 3550 602 qua".

1901 622 2042 674 Post
2069 618 2503 676 elementorum
2532 620 2821 676 unionem
2851 623 3131 676 nostrum
3162 635 3387 694 corpus
3425 635 3554 678 non

1903 724 2050 781 pure
2080 712 2168 765 est
2192 708 2371 782 ignis,
2440 725 2639 783 neque
2690 725 2829 767 vere
2883 725 3004 776 aer,
3068 726 3266 784 neque
3307 726 3454 769 vera
3496 712 3556 769 et

1902 796 2170 868 legitima
2193 803 2364 871 terra,
2395 799 2503 856 sed
2533 799 2763 874 aliquid
2811 799 2977 856 aliud
3033 799 3191 857 ultra
3234 798 3552 872 elementa,

1905 887 2071 960 quod
2100 888 2487 946 manifestum
2543 892 2635 947 est
2690 904 2764 945 ex
2817 889 3116 947 sensibus.
3164 890 3557 964 Unaquaeque

1905 977 2067 1034 enim
2092 978 2284 1035 nostri
2315 978 2586 1051 corporis
2610 993 2751 1052 pars
2771 978 2937 1045 aliud
2960 983 3051 1035 est
3072 995 3261 1052 quam
3292 980 3556 1038 elemen-

234 1070 339 1143 μετὰ
366 1071 453 1125 τὴν
490 1061 800 1138 συνδρομὴν
847 1070 947 1116 τῶν
992 1058 1089 1115 δύο
1140 1063 1339 1135 φύσεων
1387 1065 1591 1134 γέγονεν
1623 1082 1639 1095 ·
1691 1060 1798 1115 ἀλλ’

1926 1084 1969 1125 ,a
2001 1086 2015 1136 ;
2044 1068 2104 1124 in
2133 1068 2339 1126 divina
2367 1069 2589 1127 unione
2614 1068 2759 1125 nihil
2790 1069 2955 1126 aliud
2986 1070 3265 1128 effectum
3307 1075 3397 1129 est
3424 1074 3561 1147 post

236 1158 337 1212 αὐτὸ
380 1158 533 1209 τοῦτό
586 1152 697 1207 ἐστι
753 1153 780 1205 6
832 1154 1083 1228 Χριστὸς,
1136 1155 1228 1203 καὶ
1275 1153 1407 1213 Θεὸς
1458 1155 1550 1203 καὶ
1605 1151 1802 1226 ἅνθρω-

1926 1155 2169 1213 iuarum
2189 1162 2544 1214 naturarum
2573 1170 2973 1229 concursum;
3000 1158 3104 1216 sed
3123 1159 3238 1216 hoc
3255 1159 3564 1236 ipsumlest

236 1268 330 1309 πος.
1911 1244 2177 1302 Christus
2205 1249 2263 1302 et
2294 1246 2451 1303 Deus
2482 1249 2540 1303 et
2565 1245 2775 1305 homo.

231 629 357 699 χείων
379 622 429 673 τὸ
461 621 719 694 ἡμέτερον
753 626 908 689 σῶμα
934 619 1053 669 οὔτε
1080 616 1321 688 καθαρῶς
1368 612 1481 666 ἐστι
1511 623 1638 690 πῦρ,
1676 618 1793 668 οὔτε

234 714 474 784 εῦακρινῶς
507 707 631 783 ἀήρ,
659 710 781 760 οὔτε
811 705 1078 767 ἀνόθευτος
1105 712 1198 776 γῆ,
1247 703 1353 756 ἀλλ’
1388 703 1552 781 ἕτερόν
1572 723 1622 757 τι
1649 707 1796 779 παρὰ

234 804 283 856 τὰ
302 804 538 874 τέσσαρα.
574 801 674 851 Καὶ
706 793 869 857 δῆλον
899 794 1000 848 ἀπὸ
1049 803 1145 855 τῆς
1186 793 1488 856 αἰσθήσεως
1523 815 1535 828 ’
1578 796 1795 849 ἕκαστον

232 894 311 965 γάρ
332 896 417 941 τῶν
439 895 616 961 μερῶν
638 893 734 939 τοῦ
759 887 1009 961 ἡμετέρου
1045 888 1285 956 σώματος
1325 881 1448 935 ἄλλο
1478 903 1530 935 τι
1559 886 1704 960 παρὰ
1732 885 1798 942 τὰ

235 978 436 1050 στοιχεῖά
464 975 613 1030 ἐστιν
641 998 654 1009 ·
689 974 773 1029 ἐπὶ
801 971 860 1028 δὲ
884 982 980 1035 τῆς
1009 975 1147 1034 θείας
1175 972 1405 1035 ἐνὼσεως
1446 972 1540 1025 ούκ
1586 972 1708 1027 ἄλλο
1745 993 1799 1026 τι

296 1387 352 1451 ζ.
383 1386 437 1441 Ἦ
466 1382 532 1439 δι
577 1387 795 1443 τοιαύτη
854 1384 1057 1460 αἵρεσις
1082 1385 1257 1456 γέγονε
1305 1385 1448 1458 παρὰ
1504 1386 1599 1447 τὰς
1649 1382 1806 1446 ἆλλας

244 1482 388 1550 ὥσπερ
415 1473 779 1550 ἀκριϐεστέρα,
832 1469 926 1526 διὰ
970 1476 1029 1525 τὸ
1075 1480 1228 1544 σχεῖν
1275 1474 1567 1545 προστάτας
1610 1469 1809 1546 ἄνδρας

249 1569 406 1640 σοφούς
434 1587 447 1599 ·
476 1567 506 1617 ὁ
534 1566 638 1639 γάρ
664 1584 747 1616 τοι
783 1564 1024 1623 Ἰωάννης
1053 1562 1079 1613 6
1112 1561 1390 1624 Ψιλόπονος
1436 1562 1811 1635 ὀνομαζόμενος

245 1659 358 1709 κατὰ
486 1656 581 1713 τὴν
616 1649 759 1706 ἰδέαν
801 1659 893 1705 τοῦ
918 1650 1074 1723 λόγου
1107 1651 1165 1703 ού
1196 1659 1296 1702 τῶν
1326 1653 1460 1703 πάνυ
1510 1650 1813 1723 ἐπαινουμέ-

247 1767 328 1798 νων
350 1744 468 1811 ἐστὶ,
501 1742 775 1815 φιλόσοφος
803 1738 863 1794 6“:
894 1738 1254 1813 ἀκριϐέστερος
1281 1744 1373 1792 καὶ
1403 1745 1523 1814 περὶ
1564 1743 1658 1803 τὰς
1681 1739 1813 1792 ἀπο-

252 1832 410 1898 δείξεις
438 1835 870 1905 θαυμασιώτατος
903 1852 917 1865 ·
946 1830 1001 1892 ὃς
1031 1827 1098 1888 δὴ
1132 1832 1232 1883 ὑπὸ
1272 1834 1484 1903 Σεργίου
1531 1839 1621 1883 τοῦ
1672 1849 1813 1888 τηνιο

1983 1392 2037 1445 7.
2093 1387 2250 1445 Talis
2295 1392 2496 1447 autem
2547 1389 2796 1447 haeresis
2850 1389 3008 1448 facta
3052 1393 3140 1447 est
3191 1390 3323 1448 aliis
3383 1392 3566 1467 quasi

1915 1478 2248 1535 accuratior
2309 1494 2379 1535 eo
2443 1479 2610 1552 quod
2674 1479 2952 1537 homines
3015 1479 3315 1554 sapientes
3379 1481 3565 1539 duces

1913 1565 2144 1623 habuit.
2211 1567 2476 1622 Joannes
2527 1566 2689 1623 enim
2765 1567 3138 1640 Philoponus
3204 1569 3567 1639 cognomine

1916 1670 2042 1711 non
2061 1653 2305 1727 quidem
2339 1655 2418 1712 ob
2448 1655 2542 1711 sui
2573 1657 2871 1713 sermonis
2922 1657 3185 1729 speciem
3234 1658 3386 1715 inter
3410 1658 3568 1715 insi-

1921 1744 2240 1817 gnissimos
2294 1750 2671 1812 numeratus,
2734 1746 2841 1803 sed
2889 1746 3272 1804 doctissimus
3298 1748 3568 1821 philoso-

1843 1798 1884 1854 Β
1921 1798 2199 1908 Bilis;
2216 1798 2283 1891 in
2295 1798 2961 1892 Ῑίὲῶξιῖέᾶδέιίᾷιὶἷδυῖ
2979 1798 3570 1895 admirabilis—everte

250 1931 394 1977 καύτα
409 1925 733 1996 πατριάρχου
755 1919 1341 1981 Κωνσταντινουπόλεως
1358 1920 1595 1996 παρακλη
1606 1921 1704 1981 θεὶς
1719 1922 1814 1979 τὴν

252 2018 463 2071 τοιαυτήν
488 2012 536 2065 ἐν
553 2013 837 2086 γράμμασι
896 2011 1275 2068 συστήσασθαι
1306 2010 1528 2084 αἵρεσιν,
1557 2009 1814 2082 συνεγρά-

255 2102 373 2175 ψατο
395 2102 535 2173 λόγον
578 2098 898 2169 δεινότατον,
942 2098 1238 2172 ἐπιγράψας
1292 2098 1431 2170 αύτῷ
1462 2102 1743 2157 Διαιτητὴν
1784 2097 1811 2156 ὃ

260 2198 368 2267 Περὶ
390 2192 615 2257 ἑνώσεως,
634 2196 726 2244 καὶ
754 2190 803 2243 ἐν
828 2186 960 2243 δέκα
988 2189 1284 2262 κεφαλαίοις
1324 2193 1419 2247 τὴν
1446 2195 1622 2242 πᾶσαν
1652 2192 1817 2261 τομὴν

263 2290 345 2343 τῆς
363 2284 584 2356 αἱρέσεως
605 2281 905 2354 ἐξυφήνατο,
937 2285 1111 2332 πᾶσαν
1151 2284 1374 2341 κινήσας
1403 2281 1533 2354 πρὸς
1553 2285 1707 2331 τοῦτο
1729 2298 1817 2351 φι-

269 2370 511 2442 leucoia»,
534 2375 614 2423 καὶ
656 2377 826 2422 πᾶσαν
877 2366 1147 2432 ἀπόδειξιν
1195 2367 1700 2442 ἐξακριϐωσάμενος.
1742 2366 1817 2419 Ού

289 2463 445 2531 μέντοι
467 2463 548 2511 καὶ
573 2463 688 2520 τοὺς
713 2459 942 2531 ἐλέγχους
965 2452 1001 2511 δ
1006 2454 1087 2511 ιὲδ
1088 2477 1159 2533 ρα
1181 2459 1326 2533 παρὰ
1372 2465 1471 2509 τῶν
1504 2460 1636 2531 μετὰ
1653 2464 1821 2509 ταῦτα

281 2546 449 2618 λογίων
474 2552 553 2599 καὶ
582 2556 916 2620 πνευματικῶν
945 2556 1018 2620 τῷ
1047 2551 1155 2600 ὄντι
1200 2543 1401 2621 ἀνδρῶν
1433 2568 1447 2581 ο
1504 2546 1685 2600 πολλοὶ
1730 2548 1819 2620 μὲν

268 2639 359 2710 γὰρ
382 2636 516 2689 illo:
540 2644 634 2699 τοῖς
696 2635 1128 2710 δογματισθεῑσιν
1185 2635 1358 2708 ἐκείνῳ
1411 2635 1689 2703 ἀντέθεντο,
1721 2638 1821 2709 μά-

263 2724 401 2777 λιστα
424 2723 479 2778 δὲ
506 2732 734 2791 Λεόντιος
763 2748 845 2790 τις
865 2730 1096 2801 μοναχός
1122 2725 1171 2778 ἐν
1196 2728 1482 2800 τριάκοντα
1523 2724 1821 2797 κεφαλαίοις

260 2812 520 2887 ἀνατρέψας
548 2821 636 2875 τὴν
679 2818 904 2892 αἰρεσιν,
954 2816 1044 2869 καὶ
1072 2820 1165 2874 τὴν
1218 2813 1334 2868 καθ’
1366 2816 1505 2887 ἡμᾶς
1559 2814 1820 2867 εὐσέϐειαν

257 2905 602 2977 κρατυνάμνος
624 2927 637 2938 ·
669 2911 759 2959 καὶ
788 2908 817 2958 ὁ
847 2907 1283 2978 θαυμασιώτατος
1313 2900 1373 2956 δὲ
1396 2909 1642 2978 Γεώργιος
1667 2904 1693 2955 ὁ
1724 2910 1821 2955 Πι-

254 2987 393 3052 sidut
411 2991 687 3056 ἡλικιώτης
713 2994 783 3046 ὧν
810 3003 884 3066 τῷ
910 2992 1191 3065 Φιλοπόνῳ,
1229 2995 1319 3044 καὶ
1348 2992 1521 3066 ὧσπερ
1577 2991 1744 3044 εἰώθει
1773 2988 1822 3042 ἓν

247 3083 433 3154 μέτροις
465 3080 725 3155 ἰαμϐικοῖς
776 3086 905 3157 πρὸς
933 3088 1027 3142 τὴν
1065 3083 1265 3157 αἰρεσιν
1316 3078 1547 3147 ἀντιϐὰς,
1596 3078 1706 3133 εἶτα
1750 3074 1818 3138 δὴ

245 3173 323 3222 καὶ
347 3166 562 3225 παιδιὰν
596 3168 809 3247 σπουδῇ
843 3175 1106 3250 κεραννὺς,
1140 3173 1276 3223 οὕτω
1304 3174 1410 3232 πώς
1439 3187 1569 3243 φησι

360 3451 571 3524 Ψήφιζε
597 3452 785 3505 θᾶττον
812 3453 906 3511 τὴν
934 3454 1057 3525 μίαν
1083 3471 1138 3506 τε
1163 3456 1255 3507 καὶ
1282 3458 1425 3528 μίαν.

1924 1927 2050 1992 est;
2082 1923 2187 1996 qui
2216 1924 2465 1998 quidem
2492 1940 2529 1983 a
2559 1924 2761 1997 Sergio
2784 1929 2930 1980 tunc
2959 1926 3244 1998 temporis
3278 1926 3570 1983 Constan-

1924 2011 2205 2085 tinopolis
2233 2012 2580 2086 patriarcha
2607 2012 2891 2070 invitatus
2916 2018 2981 2070 ut
3028 2014 3243 2086 scripto
3293 2012 3572 2072 haeresim

1925 2106 2331 2173 componeret,
2412 2101 2635 2158 librum
2716 2102 3101 2159 solertissime
3185 2103 3563 2176 conscripsit,

1925 2208 2109 2265 quem
2134 2193 2437 2249 Diwtetem
2470 2208 2577 2247 seu
2602 2192 2676 2249 de
2696 2193 2916 2249 unione
2944 2192 3267 2265 inscripsit,
3300 2200 3357 2250 et
3380 2194 3444 2249 in
3474 2193 3574 2249 de-

1927 2297 2057 2338 cem
2083 2280 2381 2354 capitibus
2411 2298 2623 2338 omnes
2651 2282 2900 2338 haeresis
2927 2283 3220 2340 sectiones
3247 2283 3571 2347 contexuit,

1926 2384 2171 2426 omnem
2200 2369 2281 2426 ad
2308 2370 2425 2426 hoc
2454 2371 2687 2443 agitans
2716 2369 3190 2444 philosophiam,
3211 2386 3577 2445 omnemque

1928 2458 2226 2516 adhibens
2247 2458 2849 2516 demonstrationem.
2881 2462 3012 2517 Non
3042 2464 3245 2518 tamen
3292 2460 3577 2533 objectio-

1928 2564 2037 2604 nes
2068 2547 2276 2605 vitavit
2302 2548 2621 2605 hominum
2658 2548 2975 2606 doctorum
3018 2554 3075 2606 et
3122 2565 3261 2607 vere
3301 2550 3580 2623 spiritua-

1927 2637 2096 2693 lium.
2128 2636 2297 2693 Multi
2327 2638 2491 2694 enim
2529 2638 2628 2694 alii
2672 2638 2803 2710 ejus
2861 2638 3249 2710 dogmatibus
3302 2640 3581 2697 adversa-

1927 2726 2169 2799 bantur,
2203 2727 2536 2798 praesertim
2595 2741 2736 2785 vero
2790 2728 3071 2784 Leontius
3123 2728 3461 2785 monachus
3518 2728 3582 2785 in

1932 2816 2172 2888 triginta
2220 2816 2519 2889 capitibus
2546 2817 2828 2875 haeresim
2879 2818 3223 2889 confutavit,
3284 2823 3583 2877 nostram-

1930 2922 2048 2979 que
2079 2906 2239 2978 piam
2268 2904 2607 2963 doctrinam
2658 2906 2962 2979 defendit;
2995 2910 3050 2965 et
3107 2911 3276 2965 tanta
3325 2908 3586 2967 admira-

1931 2995 2091 3052 tione
2117 2995 2341 3067 dignus
2373 2995 2657 3066 Georgius
2695 2996 2941 3063 Pisides,
2973 2996 3081 3070 qui
3109 2998 3324 3054 eadem
3356 3012 3428 3054 ac
3456 2998 3587 3055 Phi-

1930 3084 2193 3159 loponus
2224 3089 2402 3142 aetate
2431 3087 2578 3158 erat,
2612 3088 2679 3142 ut
2734 3084 2981 3153 solebat,
3038 3085 3244 3142 metris
3300 3085 3584 3144 iambicis

1854 3155 1895 3212 (ἶ
1930 3155 2214 3231 haeresim
2242 3189 2525 3246 agressus
2562 3155 2685 3243 est,
2739 3190 2811 3231 ac
2855 3174 3073 3232 deinde
3111 3175 3321 3248 jocum
3366 3175 3587 3234 rationi

1932 3265 2306 3334 immiscens,
2340 3264 2426 3321 sic
2448 3263 2714 3337 loquitur
2746 3282 2759 3321 :

2069 3444 2301 3502 Saltem
2330 3458 2631 3515 unamque
2655 3448 2713 3501 et
2741 3457 2926 3500 unam
2954 3442 3119 3501 doce.

2071 3534 2135 3591 Si
2162 3533 2314 3590 enim
2348 3547 2650 3605 unamque
2673 3536 2728 3591 et
2755 3546 2933 3589 unam
2964 3531 3114 3589 dicis
3142 3546 3352 3598 unam,

2070 3624 2185 3680 Ηω
2214 3637 2381 3680 voces
2411 3622 2599 3679 risum
2627 3623 2725 3680 vel
2741 3622 2950 3693 pueris
2974 3620 3316 3694 movebunt,
3347 3624 3461 3681 etc.

1930 3738 1997 3790 ut
2026 3731 2194 3803 apud
2228 3729 2634 3801 Nicephorum
2661 3730 2766 3788 lib.
2792 3730 3030 3800 XVIII,
3060 3734 3152 3790 48.

2001 3843 2054 3897 8.
2084 3842 2217 3896 Haec
2246 3842 2448 3896 autem
2478 3837 2753 3895 confusio
2788 3841 2850 3895 et
2895 3837 3278 3899 conturbatio
3306 3837 3582 3898 Ecclesia:

1927 3946 2052 3988 non
2117 3929 2368 3987 omnino
2433 3928 2706 4000 cessavit,
2800 3927 3132 4000 populique
3205 3926 3285 3986 ad
3373 3926 3580 3987 valvas

1930 4018 2256 4077 sanctuarii
2310 4020 2535 4074 stantes
2580 4016 2734 4073 ictus
2792 4015 3206 4073 sacerdotibus
3251 4017 3584 4077 commina-

1927 4109 2150 4168 bantur
2177 4112 2236 4165 et
2262 4123 2296 4164 e
2320 4105 2619 4164 cathedris
2649 4105 3156 4174 deturbationem,
3188 4104 3240 4162 si
3258 4105 3581 4165 Chalcedo-

1927 4214 2180 4256 nensem
2205 4195 2510 4269 synodum
2540 4198 3110 4261 commemorarent,
3164 4198 3222 4252 et
3263 4194 3315 4251 si
3360 4194 3580 4253 inscri-

216 4286 501 4366 διπτύχοις
530 4296 633 4346 καὶ
660 4288 950 4361 ἓκφώνησιν
978 4300 1078 4345 τῶν
1118 4294 1397 4366 ἑκθεμένων
1441 4292 1604 4352 αὐτὴν
1650 4297 1813 4347 Πατέ-

1927 4290 2139 4346 herent
2192 4287 2256 4343 in
2304 4284 2609 4357 diptychis
2664 4289 2724 4341 et
2778 4284 3168 4342 nominarent
3219 4286 3422 4343 Patres
3474 4286 3584 4359 qui

213 4398 299 4452 ρων
328 4402 343 4417 ·
380 4386 694 4436 καὶταῦτα
735 4378 1047 4457 ἐπεκράτουν
1091 4386 1256 4456 μέχρι
1305 4389 1402 4444 τῆς
1450 4381 1813 4435 ’Ῑουστινιανοῦ

1927 4379 2112 4451 hujus
2144 4374 2364 4450 synodi
2409 4373 2596 4430 ﬁdem
2626 4378 3053 4447 exposuerunt.
3105 4377 3171 4431 Et
3226 4375 3355 4432 haec
3402 4375 3583 4433 inva-

214 4467 563 4547 ἒιναρρήσεως.
627 4469 804 4523 Λύτοῦ
851 4466 910 4524 δέ
939 4472 1007 4524 τὰ
1052 4477 1149 4534 τῆς
1178 4469 1450 4544 βασιλείας
1494 4468 1813 4544 ἀνειληφότος

1928 4468 2186 4534 luerunt,
2218 4479 2412 4537 usque
2440 4464 2521 4521 ad
2552 4463 2868 4520 Iustiniani
2894 4463 3227 4521 decretum.
3259 4464 3366 4521 Ubi
3421 4464 3583 4522 enim

212 4567 471 4638 σκῆπτρα,
503 4563 561 4614 οἱ
607 4568 717 4622 τῆς
752 4561 1000 4634 αἱρέσεως
1040 4562 1236 4622 ταύτης
1279 4563 1576 4634 προστάται
1605 4562 1706 4615 ὅσα
1733 4566 1813 4615 xul

1929 4558 2023 4615 ille
2051 4555 2222 4626 regni
2246 4556 2551 4627 sceptrum
2572 4552 2862 4626 suscepit,
2887 4552 3074 4626 hujus
3098 4552 3344 4610 hmresis
3371 4552 3579 4623 duces,

209 4647 461 4721 κνώδαλα,
496 4651 580 4714 εἰς
632 4652 921 4725 χηραμούς
970 4655 1060 4703 καὶ
1115 4646 1432 4712 καταδύσεις
1486 4654 1581 4713 τὰς
1632 4650 1813 4704 ἑαυτῶν

1930 4652 2223 4719 tanquam
2270 4642 2431 4713 ferae,
2460 4642 2524 4699 in
2573 4642 2850 4699 cavernis
2898 4646 2957 4698 et
2987 4641 3252 4701 latibulis
3280 4658 3459 4701 suam
3484 4658 3584 4701 se-

210 4740 361 4794 ἵθεντο
387 4737 696 4816 διατριϐάς
731 4759 745 4774 ο
779 4735 1002 4801 σύνοδος
1041 4741 1142 4816 ’γὰρ
1188 4738 1236 4792 ἐν
1286 4739 1813 4793 Κωνσταντινουπόλει

1932 4737 2073 4793 dem
2101 4737 2452 4792 statuerant.
2485 4730 2767 4805 Synodus
2796 4730 2959 4788 enim
2996 4732 3583 4805 Constantinopolim

213 4837 582 4903 συγκροτεῖται
613 4827 731 4902 ρξε’
762 4827 921 4901 ἁγίων
952 4833 1213 4905 Πατίρων,
1245 4828 1295 4883 ἓν
1338 4827 1416 4893 οἷς
1454 4826 1517 4890 ἦν
1563 4832 1813 4903 Εύτύχιος

1934 4827 2299 4883 convocatur
2360 4824 2607 4878 centum
2651 4820 2923 4894 quinque
2978 4824 3038 4878 et
3101 4821 3417 4891 sexaginta
3478 4824 3585 4880 Pa-

212 4916 839 4986 ιωνσταντινουπόλεως,
874 4918 1114 4991 Βιγύλιος
1149 4918 1318 4993 Ῥώμη
1331 4941 1371 4988 ς,
1408 4918 1813 4992 Ἀπολλινάριος

1933 4919 2115 4980 trum,
2142 4913 2207 4970 in
2227 4911 2449 4985 quibus
2477 4914 2605 4967 erat
2626 4909 2952 4983 Eutychius
3009 4909 3582 4984 Constantinopolis,

214 5004 635 5085 Ἀλεξανδρείας,
678 5011 771 5060 καὶ
812 5008 992 5082 ἕτεροι,
1040 5010 1131 5061 καὶ
1177 5016 1430 5083 κυροῦται
1459 5010 1489 5067 ἡ
1542 5007 1590 5061 ἄν
1615 5008 1813 5067 Χαλκη-

1934 5002 2216 5075 Virgilius
2244 5003 2469 5068 Romae,
2496 4998 2877 5072 Apollinariis
2925 4997 3305 5056 Alexandriae
3354 5003 3412 5057 et
3461 4999 3583 5066 alii,

212 5090 308 5151 δόνι
336 5094 604 5168 σύνοδος,
634 5104 738 5150 τῶν
760 5096 953 5149 αύτῶν⁴
980 5094 1260 5172 δογμάτων
1293 5103 1384 5151 καὶ
1412 5100 1462 5152 ἂν
1495 5098 1625 5172 αὐτῇ
1658 5100 1813 5171 ἐκφω-

1937 5097 1995 5151 et
2048 5091 2441 5149 conﬁrmatur
2492 5088 2993 5146 Chalcedonensis
3051 5088 3321 5163 synodus
3368 5089 3587 5147 iisdem

212 5188 475 5259 τυθέντων,
500 5191 613 5240 καὶ
642 5192 741 5239 τοῦ
780 5184 1044 5260 συμϐόλου
1085 5196 1185 5251 τῆς
1218 5192 1443 5250 πίστεως
1476 5189 1667 5261 ὁμοίως
1695 5188 1813 5241 ύπα¹

1934 5180 2324 5253 dogmatibus
2348 5194 2591 5236 rursum
2622 5176 3031 5251 proclamatis,
3062 5183 3123 5236 et
3139 5177 3277 5236 ﬁdei
3304 5178 3587 5252 symbolo

212 5280 563 5351 γορευθέντος.
600 5275 732 5330 Ἔτι
757 5294 818 5349 γε
837 5280 942 5349 μὴν
970 5278 1092 5330 καθ’
1119 5277 1363 5353 ἑκατέραν
1384 5280 1540 5350 φύσιν
1564 5275 1813 5335 θελητικότ

1937 5271 2204 5330 similiter
2227 5268 2519 5344 exposito.
2547 5267 2761 5325 Adhuc
2787 5271 2991 5325 tamen
3017 5283 3129 5342 pro
3177 5272 3434 5342 utraque
3479 5284 3586 5327 na-

212 5381 255 5416 τι
274 5372 361 5421 καὶ
390 5366 757 5444 ἐνεργητικὸν
802 5366 888 5418 τόν
937 5368 1122 5442 Κύριον
1164 5368 1313 5440 ἡμῶν
1361 5365 1567 5425 Ἰησοῦν
1595 5367 1813 5440 Χριστόπ

1936 5368 2071 5424 tura
2098 5362 2465 5420 voluntatem
2493 5363 2551 5417 et
2578 5359 2992 5433 operationem
3016 5358 3242 5418 habere
3264 5359 3589 5417 Dominum

212 5459 291 5516 τες
320 5456 474 5530 ἡμῶν
512 5454 686 5510 ἕνεκα
726 5458 992 5528 σωτηρίας
1028 5456 1288 5530 ὑπάρχειν
1321 5456 1609 5530 ὁρίσαντες,
1651 5453 1813 5508 ἀναθε-

1933 5458 2212 5512 nostrum
2261 5453 2465 5507 Jesum
2509 5449 2832 5520 Christum,
2891 5448 3098 5507 salutis
3145 5453 3365 5507 nostra;
3401 5463 3591 5507 causa

212 5545 487 5611 μτίξουσι
513 5548 593 5599 τὰ
624 5542 706 5618 ιβ’
728 5539 1058 5618 Θεοδωρίτου
1077 5545 1350 5619 κεφάλαια,
1368 5548 1459 5599 καὶ
1476 5548 1571 5605 τὴν
1590 5552 1683 5599 τοῦ
1712 5542 1813 5598 ’Ἰϐι

1937 5542 2317 5612 deﬁnierunt,
2400 5537 3178 5612 anathematizaveruntque
3262 5536 3589 5597 duodecim

210 5625 500 5706 επιστολὴν,
546 5638 663 5693 τὴν
691 5634 819 5709 πρὸς
855 5636 1028 5709 Μάριν
1067 5641 1459 5713 συγγραφεῖσαν
1483 5637 1571 5689 τὸν
1600 5638 1813 5712 Πέρσηνξ

1937 5630 2289 5693 Theodoreti
2344 5628 2563 5704 capita,
2602 5631 2659 5689 et
2714 5626 2830 5686 lbsa
2887 5625 3209 5702 epistolam
3257 5625 3339 5687 ad
3381 5623 3589 5686 Marim

408 5745 696 5803 PATROL.
735 5742 838 5800 Gn.
876 5743 1029 5802 CXL.
3129 5734 3159 5792 3

356 3541 417 3594 Εἰ
583 3546 714 3615 μίαν
742 3558 797 3593 τε
822 3544 914 3592 καὶ
940 3544 1064 3614 μίαν
1093 3540 1255 3614 λέγεις
1280 3546 1427 3616 μίαν.

357 3629 521 3694 Γέλως
548 3634 613 3683 τὸ
639 3629 827 3703 λεχθὲν
854 3634 1055 3702 γίνεται
1084 3636 1174 3685 καὶ
1197 3629 1452 3695 παιδίοις.

282 3844 346 3903 η’.
386 3846 534 3904 Αὕτη
569 3842 637 3898 δὲ
658 3845 689 3903 ἡ
724 3862 993 3917 σύγχυσις
1010 3847 1145 3904 καὶὴ
1177 3847 1366 3910 στάσις
1390 3855 1488 3909 τῆς
1509 3844 1823 3911 Ἐκκλησίας

218 3930 325 3987 οὐδ’
342 3934 475 3998 ὅλως
503 3934 765 4005 ἀπέληγε,
794 3938 887 3986 καὶ
924 3936 975 3988 οἱ
1002 3933 1118 3988 λαοὶ
1146 3939 1272 4012 πρὸς
1300 3941 1396 3995 τὴν
1447 3931 1700 4010 κιγκλίδα
1727 3943 1820 3989 τοῦ

219 4024 609 4100 θυσιαστῃρίου
642 4025 910 4096 ἱστάμενοι
939 4028 1111 4077 παίειν
1143 4024 1386 4084 ἠπείλουν
1405 4029 1524 4087 τοὺς
1554 4027 1702 4101 ἱερεῖς
1730 4030 1821 4079 καὶ

218 4110 404 4187 ἀτίμως
421 4112 726 4178 ἐξωθὴσειν
763 4118 856 4165 τοῦ
883 4111 1144 4186 βήματος,
1191 4113 1236 4166 εἰ
1282 4118 1458 4187 μνείαν
1508 4120 1822 4174 ποιήσαιντο

213 4211 296 4265 τῆς
327 4202 377 4255 ἐν
437 4198 762 4275 χαλκηὸἳνι
806 4198 1052 4271 συνόδου,
1111 4207 1201 4255 καὶ
1249 4207 1592 4280 καταγραφὴν
1629 4202 1679 4256 ἓν
1715 4211 1822 4266 τοῖς
