4126 6228
567 337 636 388 75
1905 334 2171 389 ΝΙΟΕΤᾹΞ
2215 333 2582 391 ΟΗΟΝΙΑΤΑΞ
3858 347 3928 401 76

567 457 810 517 Persam
854 461 1278 534 conscriptam,
1321 465 1379 515 et
1439 457 1710 527 Origenis
1762 472 1969 528 opera,
2017 458 2196 514 adhut

2328 465 2417 510 καὶ
2447 463 2512 511 τὰ
2543 459 2839 533 Ὠριγένους
2869 465 3282 537 συγγράμματα,
3317 468 3392 516 ἔτι
3423 462 3482 518 δὲ
3521 464 3794 542 Θεόδωρον
3825 477 3931 523 Mo-

563 563 706 606 vero
730 549 1109 606 Theodorum
1132 547 1528 622 Mopsuestiae,
1557 551 1614 603 et
1637 546 1722 602 sic
1752 545 1831 603 ad
1860 547 2103 619 propria
2133 563 2220 603 re-

567 636 824 695 dierunt.

639 751 690 803 9.
725 747 907 802 Paulo
936 751 1073 819 post
1095 751 1299 803 autem
1343 743 1683 817 Acephalus
1737 745 1988 800 Severus
2023 743 2218 798 Eccle-

569 835 722 892 siam
749 836 993 892 turbare
1033 836 1299 902 tentavit,
1325 851 1510 890 unam
1541 851 1668 889 esse
1706 837 1986 889 naturam
2048 832 2220 888 Verbi

568 929 625 981 et
645 925 840 981 carnis
871 925 1114 981 docens.
1150 929 1350 997 Neque
1378 924 1519 979 satis
1549 922 1630 978 illi
1660 922 1786 990 fuit,
1820 922 1924 977 sed
1948 926 2005 977 et
2033 921 2218 977 libros

566 1014 830 1086 protulit,
862 1019 919 1070 et
943 1015 1192 1086 scriptas
1225 1013 1742 1086 interpretationes
1775 1011 2137 1083 composuit,
2165 1015 2222 1065 et

567 1119 887 1176 perperam
954 1103 1291 1175 Scripturas
1357 1101 1652 1174 exposuit.
1727 1101 1858 1156 Fuit
1914 1105 2116 1155 autem
2185 1115 2216 1154 a

567 1195 778 1250 Menna
799 1191 1174 1247 sanctissimo
1206 1188 1714 1261 Constantinopoli
1763 1189 2052 1260 episcopo
2079 1203 2220 1242 con-

567 1282 906 1347 demnatus,
939 1281 1189 1351 ejusque
1221 1295 1406 1351 opera
1437 1277 1725 1334 oblivioni
1756 1276 1994 1342 tradita,
2051 1276 2217 1330 auxi-

562 1369 850 1427 liantibus
877 1375 1146 1441 Agapeto
1203 1371 1424 1436 Romae,
1475 1371 1642 1423 Petro
1692 1367 2110 1438 Hierosolyma:
2165 1370 2221 1422 et

563 1460 850 1532 Ephraim
875 1458 1220 1529 Antiochiae,
1254 1462 1310 1513 et
1354 1457 1534 1513 simul
1585 1456 1845 1513 Soterico
1897 1456 2216 1529 Cappado-

565 1551 694 1607 ciae.
725 1553 805 1605 Ac
833 1565 1039 1604 rursus
1063 1547 1336 1619 jucunda
1388 1552 1444 1603 et
1498 1545 1816 1618 splendida
1863 1550 1919 1602 et
1965 1544 2218 1618 paciﬁca

561 1638 811 1697 victoria
847 1636 1278 1695 ecclesiasticas
1308 1652 1402 1694 res
1431 1637 1740 1693 recreavit.

2327 549 2616 621 ψουεστίας
2644 572 2656 584 ι
2686 556 2773 604 καὶ
2804 553 2967 615 οὕτως
2997 552 3080 606 ἐπὶ
3109 557 3175 606 τὰ
3205 555 3368 607 οἰκεῖα
3395 555 3711 626 μετέϐαινον.

2401 745 2460 802 θ’.
2493 748 2613 800 Μετ’
2643 748 2702 800 οὐ
2728 748 2858 801 πολὺ
2909 746 2967 802 δὲ
2997 750 3148 802 πάλιν
3193 751 3218 802 ὁ
3266 750 3515 824 ἀκέφαλος
3569 753 3788 830 Σετῖῆρος
3835 762 3929 815 τήν

2328 835 2644 894 Ἐκκλησίαν
2675 844 2837 908 κυκᾲν
2867 837 3155 909 ἐπεϐάλετο,
3182 846 3305 912 μίαν
3337 845 3489 913 φύσιν
3517 851 3607 895 τοῦ
3634 848 3806 916 Λόγου
3839 852 3930 898 καὶ

2325 932 2419 986 τῆς
2453 928 2647 997 σαρκὸς
2674 922 3010 998 δογματίζων
3035 949 3046 961 ·
3078 935 3166 981 καὶ
3196 925 3327 1001 μηδ’
3359 929 3408 981 ἐν
3435 934 3601 1003 τούτῳ
3631 935 3926 1006 ἳστάμενος,

2326 1012 2455 1065 ἀλλὰ
2485 1020 2572 1066 καὶ
2622 1013 2837 1087 βίϐλους
2869 1021 3154 1091 προφέρων,
3210 1023 3299 1071 καὶ
3358 1019 3628 1094 ἑρμηνείας
3664 1027 3928 1097 γραφικὰς

2329 1103 2606 1170 συντιθεὶς,
2639 1109 2727 1155 καὶ
2785 1106 3228 1179 παιοεξηγούμενος
3275 1112 3367 1170 τας
3408 1112 3628 1184 Γραφοίς.
3667 1112 3806 1170 Πλην
3837 1119 3929 1166 καὶ

2327 1191 2476 1252 οὗτος
2510 1194 2609 1243 ὑπό
2642 1200 2793 1250 Μηνά
2823 1203 2912 1246 τοῦ
2945 1195 3238 1266 ἁγιωτάτου
3284 1200 3618 1272 πατριάρχου
3651 1207 3926 1254 Κωνσταν-

2326 1281 2659 1342 τινουπόλεως
2689 1289 3074 1358 κατακρίνεται,
3106 1291 3194 1338 καὶ
3223 1289 3288 1338 τὰ
3314 1290 3497 1339 τούτου
3530 1285 3769 1361 δόγματα
3796 1290 3919 1363 ἀφα-

2325 1380 2496 1442 νισμῷ
2587 1369 2995 1446 παραδίδονται,
3084 1382 3539 1448 συνεπαμυνόντων
3623 1379 3922 1450 Ἀγαπητοῡ

2324 1457 2541 1531 Ῥώμης,
2605 1465 2800 1535 Πέτρου
2857 1462 3243 1537 Ἰεροσολύμων,
3304 1470 3390 1517 καὶ
3447 1465 3670 1540 Ἐφραὶμ
3720 1469 3923 1521 Ἀντιο-

2324 1553 2498 1622 χείας,
2541 1555 2627 1602 καὶ
2677 1555 2808 1623 πρὸς
2860 1556 3060 1613 τούτοις
3113 1559 3421 1627 Σωτηρίχου
3484 1554 3866 1620 Καππαδοκίας
3910 1581 3922 1592 ⁸

2324 1643 2412 1689 καὶ
2439 1639 2573 1690 οὕτω
2602 1639 2754 1691 πάλιν
2785 1640 2938 1699 λευκή
2974 1662 3053 1704 τις
3081 1648 3195 1701 νίκη
3230 1649 3319 1696 καὶ
3352 1641 3552 1719 φαιδρά
3580 1652 3668 1698 καὶ
3695 1647 3928 1720 εἰρηναία

2324 1729 2648 1789 κατάστασις
2679 1737 2784 1792 τοῖς
2812 1729 2963 1788 ἐκκλη
2976 1739 3268 1793 σιαστικοῑς
3299 1730 3631 1806 ἐπεμειδίασε
3676 1741 3924 1812 πραγμα-

2242 1815 2286 1870 Β
2327 1833 2429 1872 σιν,

1795 1997 3905 2024 _____________________________

1637 2213 1707 2300 Ν
1717 2212 2060 2301 ICET/E
2224 2213 2516 2302 CHON
2530 2216 2839 2305 lAT/E.

1314 2449 1416 2516 EX
1463 2447 1701 2515 LIBRO
1751 2448 1859 2515 ΧΙΙ
1909 2447 2297 2516 THESAURI
2347 2449 2869 2520 ORTHODOX/E
2917 2453 3124 2522 FIDEI

558 2847 647 2904 De
672 2846 1245 2916 Aphtartocetarum
1281 2842 1509 2898 haeresi.
1538 2840 1616 2895 Et
1644 2840 1770 2896 haec
1795 2841 1951 2896 actio
1978 2839 2206 2910 quinae

1053 2933 1278 3004 synodo
1303 2931 1710 3000 conjungilur.

633 3055 681 3105 1.
709 3043 1075 3109 Theodatus,
1110 3039 1436 3096 Gothorum
1495 3036 1640 3104 dux,
1691 3052 1826 3092 cum
1879 3052 1915 3091 a
1961 3033 2204 3108 proprio

2315 2845 2438 2911 Περὶ
2468 2849 2562 2902 τῆς
2583 2847 2826 2915 αιρέσεως
2857 2853 2953 2896 τῶν
2979 2843 3496 2922 Ἀφθαρτοδοκητῶν.
3528 2856 3626 2904 Καὶ
3655 2854 3683 2910 ἠ
3717 2857 3910 2928 πρᾶξις

2597 2934 2726 2991 αὕτη
2762 2942 2822 3006 τῇ
2856 2939 3064 3008 πέμπτῃ
3102 2947 3363 2996 συνῆπται
3398 2937 3616 3012 συνόδῳ.

2385 3036 2452 3092 α’.
2484 3035 2748 3100 Θευὸατος
2777 3042 2802 3092 ό
2834 3051 2929 3092 τῶν
2959 3046 3158 3096 Γότοων
3191 3044 3446 3117 ἀρχηγὸς,
3473 3049 3570 3099 ὑπὸ
3605 3050 3908 3125 Βελισαρίου

554 3137 807 3212 imperio
838 3131 1126 3189 decedere
1151 3129 1342 3184 victus
1364 3142 1400 3182 a
1432 3125 1710 3180 Belisario
1748 3124 2196 3196 periclitaretur,

2312 3135 2401 3186 τῆς
2431 3127 2616 3189 οἰκείας
2642 3127 2816 3202 ἀρχῆς
2846 3131 3030 3184 τέλειον
3057 3137 3284 3186 ἐκπεσεῖν
3342 3134 3675 3205 κινδυτεὺων,
3714 3141 3909 3195 στέλλει

554 3230 634 3288 ad
659 3229 1084 3298 imperatorem
1109 3217 1518 3274 Iustinianum
1548 3214 1813 3284 legatum
1841 3213 2015 3269 mittit
2054 3217 2205 3280 Aga-

551 3324 759 3394 petum
790 3318 1131 3371 Romanum
1153 3308 1526 3380 episcopum.
1561 3303 1695 3370 Qui.
1736 3307 2060 3375 postquam
2092 3303 2201 3374 By-

552 3410 812 3468 zantium
846 3401 1118 3478 pervenit
1149 3398 1674 3466 Justinianumque
1722 3394 1888 3462 adiit,
1935 3394 2198 3465 primum

552 3500 627 3555 de
659 3501 777 3553 Deo
802 3498 859 3550 et
882 3493 957 3548 de
988 3495 1148 3545 recta
1169 3489 1229 3542 in
1259 3502 1397 3542 eum
1423 3484 1541 3538 ﬁde
1573 3483 1828 3549 disserit,
1851 3487 1908 3537 et
1936 3481 2202 3537 Anthiuii

551 3588 614 3644 in
643 3600 812 3641 novre
840 3585 1041 3636 Romze
1074 3577 1279 3632 sedem
1318 3573 1668 3630 electionem
1721 3571 1778 3626 in
1813 3586 2062 3627 causam
2093 3573 2202 3626 ad-

550 3661 738 3741 ducit,
795 3686 867 3727 eo
923 3665 1090 3740 quod
1126 3680 1250 3720 non
1277 3662 1562 3718 canonice
1607 3660 1995 3732 Trapezunte,
2063 3678 2200 3733 quae

549 3763 792 3821 urbium
816 3759 877 3815 in
908 3753 1326 3814 Polemoniaco
1353 3753 1536 3806 Ponto
1567 3749 1812 3804 sitarum
1851 3750 2198 3821 metropolis

549 3859 659 3920 est,
693 3841 1270 3916 Constantin0polim
1301 3839 1624 3897 translatus
1654 3843 1830 3903 esset,
1865 3843 1920 3893 et
1965 3854 2198 3909 perver-

549 3961 630 4000 ste
666 3939 861 4000 Severi
900 3933 1187 3992 doctrinae
1240 3930 1536 4003 particeps
1587 3928 1820 3984 fuisset.
1868 3930 2197 4000 Imperator

547 4039 746 4092 autem
783 4028 886 4103 qui
936 4021 1330 4097 imperatricis
1378 4018 1702 4075 Theodorae
1755 4017 1950 4074 studio
1994 4020 2195 4076 Anthi-

542 4140 715 4184 mum
747 4111 1340 4185 Constantinopolica
1371 4109 1514 4165 sede
1553 4109 1804 4178 dignum
1856 4115 2189 4179 censuerat,

540 4213 787 4288 prOprio
809 4208 964 4265 actui
991 4203 1244 4261 inhmsit.
1278 4203 1426 4258 Cum
1455 4203 1657 4254 autem
1695 4199 1942 4254 instaret
1989 4199 2188 4257 adhuc

540 4287 783 4360 divinus
813 4299 1137 4367 Agapetus,
1171 4290 1392 4362 smpius
1423 4288 1476 4343 ei
1497 4287 1760 4343 minatus
1789 4287 2099 4358 respondit
2123 4305 2186 4345 se

517 4401 720 4467 'posse
745 4389 910 4463 quod
936 4385 1132 4451 vellet,
1155 4383 1350 4437 dicere
1381 4384 1439 4436 et
1475 4379 1689 4434 facere.
1731 4378 2010 4434 Irridente
2041 4395 2184 4436 vero

2310 3217 2382 3285 τῲ
2411 3215 2622 3287 βασιλεῖ
2649 3219 2998 3291 Ἰουστινιανῲ
3029 3222 3347 3295 πρεσϐευτὴν
3378 3225 3674 3297 Ἀγαπητὸν
3701 3234 3787 3281 τὸν
3814 3241 3906 3294 τῆς

2308 3312 2507 3376 Ῥώμης
2533 3307 2801 3382 ἀρχιερέα.
2842 3309 2900 3362 Ὀ
2933 3307 3010 3378 δὲ,
3045 3312 3345 3364 καταλαϐὼν
3401 3318 3458 3366 τὸ
3493 3317 3792 3387 Βυζάντιον,
3817 3327 3905 3373 καὶ

2308 3405 2379 3465 τῷ
2412 3397 2760 3469 Ἰουστινιανῷ
2788 3397 3013 3471 ἐντυχὼν
3047 3409 3245 3474 πρῶτον
3279 3411 3394 3476 περὶ
3434 3412 3567 3457 Θεοῦ
3599 3414 3687 3459 καὶ
3717 3419 3807 3470 τῆς
3837 3411 3903 3470 εὶς

2310 3488 2463 3536 αυτὸν
2492 3485 2645 3557 ὀρθῆς
2674 3483 2965 3558 διαλέγεται
2996 3495 3238 3556 πίστεως,
3274 3497 3361 3544 καὶ
3393 3499 3485 3552 την
3519 3496 3590 3557 εἰς
3619 3500 3705 3548 τὸν
3729 3501 3901 3571 θρόνον

2308 3581 2402 3633 τῆς
2440 3579 2552 3636 νέας
2581 3574 2779 3647 Ῥώμης
2812 3575 3084 3648 ἀναγωγὴν
3107 3587 3196 3631 τοῦ
3223 3579 3465 3652 Ἀνθίμου
3489 3584 3572 3635 ὑπ’
3594 3585 3765 3638 αἰτίαν
3795 3586 3902 3640 ἐπε-

2308 3666 2511 3733 ποίητο,
2547 3665 2626 3715 ὅτι
2655 3683 2707 3716 τε
2731 3670 2802 3736 μὴ
2831 3677 3107 3728 κανονικώς
3130 3667 3182 3719 ἐκ
3206 3671 3612 3743 Τραπεζοῦντος,
3643 3675 3671 3731 ἢ
3700 3683 3798 3726 τῶν
3829 3677 3900 3738 εἰς

2307 3754 2392 3800 τὸν
2437 3751 2816 3824 πολεμωνιακόν
2872 3761 3054 3807 πόντον
3110 3763 3348 3830 κειμένων
3406 3760 3594 3812 πολεων
3643 3767 3896 3833 τυγχάνει

2305 3841 2642 3913 μητρόπολις,
2678 3843 2745 3905 εὶς
2768 3849 2853 3902 την
2884 3851 3270 3899 Κωνσταντίνου
3319 3855 3664 3920 μετενήνεκτο,
3693 3857 3781 3903 καὶ
3813 3853 3892 3904 ὅτι

2305 3933 2392 3980 καὶ
2422 3938 2515 3990 τῆς
2562 3931 2785 4004 Σεϐηρου
2834 3933 3147 3997 κακοδοξίας
3194 3942 3529 4008 μετέσχηκεν.
3558 3937 3614 3990 Ὀ
3647 3935 3705 3990 δὲ
3737 3938 3894 4012 βασι-

2301 4017 2434 4083 λεὺς,
2472 4017 2677 4094 σπουδῇ
2725 4031 2820 4084 τῆς
2863 4021 3140 4095 βασιλίδος
3181 4022 3448 4098 Θεοδώρας
3502 4031 3588 4078 τὸν
3640 4026 3892 4101 Ἀνθιμον

2299 4116 2392 4170 τῆς
2423 4108 2470 4160 ἐν
2520 4113 3056 4166 Κωνσταντινουπόλει
3104 4111 3363 4187 καθέδρας
3393 4116 3647 4186 ἠξιωκὼς»
3693 4126 3784 4178 τῆς
3811 4120 3892 4171 οἰ-

2296 4203 2432 4259 κείας
2461 4197 2722 4271 ἀντείχετο
2752 4202 3000 4274 πράξεως.
3036 4202 3398 4276 Ἐνισταμένου
3441 4202 3487 4257 δ’
3515 4208 3589 4257 ἔτι
3626 4213 3718 4258 τοῦ
3756 4210 3891 4262 θείου

2290 4286 2611 4359 Ἀγαπητοῡ,
2642 4290 2884 4352 πολλάκις
2906 4292 3044 4362 αὐτῷ
3073 4293 3324 4351 ἠπείλησε
3368 4298 3548 4368 κύριος
3573 4292 3702 4348 εἶναι
3730 4297 3892 4370 λέγειν

2291 4385 2381 4431 καὶ
2438 4382 2678 4454 πράττειν
2728 4383 2752 4432 ὃ
2803 4379 3059 4452 βούλοιτέ
3089 4385 3153 4443 ὡς
3211 4380 3260 4435 δ’
3307 4382 3518 4456 ἐπεγελα
3559 4393 3632 4455 τῷ
3683 4385 3894 4459 βασιλεί

536 4466 869 4539 minantem
885 4477 1312 4549 imperatorem
1335 4485 1519 4542 seque
1540 4467 1634 4524 vel
1655 4471 1908 4524 mortem
1931 4468 2185 4527 libenter

2304 4468 2585 4521 ῖιπειλουντι
2611 4475 2699 4522 καὶ
2741 4466 2911 4532 ἡδέως
2941 4470 3000 4522 ἆν
3051 4468 3304 4534 δέξασθαι
3351 4479 3441 4526 καὶ
3493 4480 3698 4546 σφαγὴν
3753 4475 3891 4530 αντε-

535 4571 874 4628 subiturum
920 4564 1245 4628 dictitante,
1278 4561 1645 4631 beatumque
1676 4558 1800 4614 fore
1833 4557 1883 4612 si
1921 4557 2018 4613 tali
2061 4559 2182 4616 ﬁne

513 4662 753 4734 ‘dignus
797 4657 1139 4723 haberetur,
1162 4652 1276 4709 hac
1318 4651 1499 4721 hujus
1537 4647 1648 4703 viri
1685 4647 1890 4704 divina
1911 4647 2181 4706 libertate

530 4748 1195 4822 obstupuitimperator,
1211 4744 1594 4810 mentemque
1615 4741 1857 4792 mutans
1875 4737 1948 4792 de
1970 4737 2183 4794 doctri-

528 4858 611 4898 na
642 4853 897 4896 examen
927 4833 1133 4892 haberi
1173 4830 1374 4903 jussit,
1404 4828 1875 4900 Anthimumque
1921 4843 1994 4883 ex
2038 4828 2178 4886 sede

526 4929 809 4999 destituit,
835 4941 974 4982 cum
1001 4939 1190 4979 unum
1219 4920 1403 4976 modo
1424 4934 1652 4974 annum
1674 4933 1746 4972 ea
1768 4917 1981 4972 fruitus
2002 4923 2175 4987 esset,

525 5019 778 5092 ejusque
807 5016 868 5071 in
894 5015 1092 5070 locum
1137 5008 1441 5066 substituit
1497 5010 1750 5074 Menam,
1813 5005 2175 5063 Alexandria

523 5107 769 5181 quidem
796 5105 858 5161 in
887 5105 1150 5174 Egypto
1189 5097 1534 5168 oriundum,
1582 5101 1815 5168 patrem
1873 5113 1946 5151 ex
1992 5095 2172 5166 hujus

520 5199 689 5266 urbis
719 5192 1138 5252 illustrissimis
1167 5190 1514 5258 habentem,
1537 5202 1775 5243 necnon
1815 5185 2171 5258 eloquentia:

505 5288 800 5363 'peritum,
824 5284 1161 5354 divinaeque
1185 5277 1537 5352 prasertim.

588 5403 642 5454 '2.
664 5400 994 5468 Postquam
1024 5391 1202 5464 igitur
1228 5389 1312 5444 sic
1333 5388 1751 5460 episcopatum
1790 5384 2049 5442 obtinuit
2077 5385 2168 5441 di-

512 5489 692 5546 vinus
716 5489 936 5555 Menas,
957 5487 1060 5538 aut
1089 5481 1287 5552 potius
1313 5482 1639 5551 postquam
1665 5477 1833 5532 illum
1855 5475 2169 5547 episcopa-

511 5583 609 5638 tus
633 5576 875 5635 sortitus
903 5579 1010 5639 est,
1042 5569 1464 5646 particularem
1526 5566 1829 5641 synodum
1875 5561 2168 5622 convocat

507 5676 637 5730 una
673 5682 814 5728 cum
859 5678 1025 5740 papa
1069 5648 1358 5736 Agapeto,
1403 5662 1463 5718 et
1500 5654 1872 5716 anathemati
1923 5654 2165 5726 subjicit

2290 4565 2444 4629 πῆγε,
2489 4563 2579 4612 καὶ
2625 4561 2883 4634 μακάριος
2938 4558 3067 4612 εἶναι
3113 4560 3300 4632 ἔλεγεν,
3346 4562 3388 4614 εἱ
3441 4567 3680 4616 τοιούτου
3720 4564 3890 4627 τέλους

2290 4647 2553 4713 ἀξιωθείη,
2587 4645 2789 4720 ᾐδέσθη
2819 4650 2844 4700 ό
2894 4649 3222 4723 αὐτοκράτωρ
3273 4655 3364 4708 τὴν
3408 4659 3499 4702 τοῦ
3532 4649 3723 4726 ἀνδρὸς
3751 4656 3889 4706 κατὰ

2289 4743 2419 4791 Θεὸν
2467 4738 2786 4813 παρρησίαν,
2841 4744 2930 4791 καὶ
2985 4738 3309 4811 μεταϐαλὼν,
3365 4742 3465 4792 ὑπὸ
3539 4745 3760 4803 ζήτησιν
3826 4745 3884 4794 τὸ

2289 4827 2463 4901 δόγμα
2483 4830 2794 4896 καθίστησι,
2827 4834 2916 4881 καὶ
2955 4833 3040 4881 τὸν
3071 4828 3322 4900 Ἀνθιμον
3377 4837 3466 4882 τοῦ
3515 4832 3692 4903 θρόνου
3739 4833 3886 4902 βᾶθί·

2288 4938 2477 4976 στησιν
2530 4917 2578 4970 ἓν
2629 4922 2735 4979 ἔτος
2786 4918 2945 4970 αὑτοῦ
2999 4916 3388 4984 ἀπολαύσαντα,
3449 4917 3791 4989 ἀντεισὴγαγε
3822 4916 3885 4972 δὲ

2285 5015 2484 5077 Μηνᾶν,
2517 5008 2786 5079 αὐχοῦντα
2815 5011 2904 5080 μὲν
2929 5005 3168 5081 πατρίδα
3191 5012 3284 5065 την
3315 5006 3424 5058 κατ’
3460 5011 3716 5078 Αἴγυπτον
3740 5006 3883 5061 Ἀλε-

2284 5094 2579 5170 ξάνδρειαν,
2608 5096 2827 5169 ἐκφύντα
2867 5093 2916 5148 δ’
2941 5096 3044 5156 ἑνὸς
3071 5105 3168 5148 τῶν
3200 5095 3247 5147 ἐν
3270 5099 3432 5169 ταύτῃ
3483 5095 3758 5169 ἐπιφανῶν,
3792 5103 3885 5152 καὶ

2280 5185 2440 5259 λόγων
2470 5187 2564 5240 οὐκ
2596 5185 2915 5259 ἀνομιλήτως
2941 5188 3156 5257 ἔχοντα,
3181 5185 3414 5259 μάλιστα
3445 5205 3504 5258 γε
3547 5195 3648 5239 τῶν
3696 5189 3882 5241 θειοτέ-

2279 5298 2376 5352 ρων
2388 5320 2399 5332 .

2351 5384 2422 5458 β’.
2459 5391 2565 5446 Τῆς
2595 5383 2995 5457 ἀρχιερωσύνης
3025 5389 3196 5437 τοίνυν
3228 5390 3409 5446 Μηνᾶς
3446 5385 3471 5436 ὁ
3519 5385 3651 5445 θεῖος
3671 5389 3879 5454 τυχὼν,

2275 5477 2304 5534 ἦ
2335 5475 2522 5547 μᾶλλον
2564 5475 2726 5536 αὐτῆς
2777 5475 3157 5546 εὐτυχησασης
3216 5483 3418 5541 τοῦτον,
3473 5477 3688 5547 μερικὴν
3749 5493 3882 5546 συγ-

2273 5573 2448 5638 κροτεί
2501 5561 2720 5618 σύνοδον
2779 5568 2874 5616 σὺν
2931 5573 3004 5634 τῷ
3059 5566 3212 5636 παπᾳ
3283 5572 3355 5634 τῷ
3413 5565 3715 5635 Ἀγαπητῷ,
3787 5569 3883 5617 καὶ

2273 5652 2556 5728 ἀναθέμσιτι
2623 5652 3004 5710 καθυποϐάλλει
3060 5652 3279 5730 Σιϐῆρον
3346 5657 3437 5706 καὶ
3481 5653 3726 5725 Εὐτυχῆ,
3783 5657 3884 5707 καί

3553 32 3774 90 εει-π-
3793 38 4110 118 η
