4126 6228
232 317 285 374 τι
1511 306 1806 365 THESAU]

1916 307 2038 366 ΑΒ.
2073 308 2189 364 XII.
3470 314 3544 371 η
3574 264 3589 281 ⁷·

233 443 404 512 Πέτρον,
451 437 532 487 τόν
584 430 963 507 Ἀλικαρνὰσέα
1026 431 1323 500 Ἰουλιανόν,
1389 434 1480 485 καὶ
1530 437 1779 507 Ζώπυρον

1916 433 2182 488 severum
2208 433 2264 487 et
2288 429 2638 503 Eutychem,
2666 435 2725 489 et
2751 435 3007 504 Petrum,
3033 434 3337 494 Iulianum
3369 435 3547 509 Haly-

234 522 465 603 [Ζωόραν],
535 526 626 575 καὶ
694 520 966 594 λΑνθιμον,
1043 524 1113 583 ὡς
1192 519 1397 581 ἐκείνοις
1457 521 1779 596 ὁμόφρονας.

232 622 289 671 ἔτι
323 612 373 668 δὲ
407 612 450 666 ἐν
490 619 562 682 τῷ
610 613 880 683 Βυζαντίῳ
920 604 1117 684 διάγων
1157 613 1183 664 6
1228 614 1499 686 ἱερώτατος
1551 611 1786 682 Ἀγαπη-

231 710 313 771 τός,
369 707 445 756 τόν
506 699 626 776 βιον
682 700 1019 775 μετήλλαξεν.
1084 698 1142 754 Ὀ
1197 704 1370 773 μέντοι
1426 705 1626 766 Μηνᾶς,
1688 699 1787 772 ίέπὶ

232 793 337 851 δέκα
388 797 468 846 καί
521 791 577 856 ἔξ
622 796 851 867 χρόνους
904 796 1000 850 τὴν
1060 790 1371 850 Ἐκκλησίαν
1438 792 1633 863 ἰθύνας³
1692 794 1787 850 τὴν

234 887 345 947 ζωὴν
386 881 648 949 κατέλυσε,
701 886 794 934 καὶ
851 879 1061 952 ἀνήχθη
1118 880 1187 942 εἰς
1248 885 1342 939 τὴν
1409 879 1789 957 ἀρχιερατικὴν

235 970 449 1047 καθέδραν
495 980 595 1034 τῆς
647 975 765 1033 νίας
804 971 1006 1042 Ῥώμης
1054 969 1331 1042 Εὐτυχιος,
1389 976 1482 1022 τοῦ
1530 974 1790 1045 μακαρίου

234 1069 358 1121 Μηνᾶ
404 1060 457 1114 ἔκ
507 1062 647 1121 θείας
712 1063 1048 1135 προειπόντος
1096 1057 1473 1132 ἀποκαλύψεως
1523 1062 1587 1120 ὡς
1634 1059 1794 1121 αὐτὸς

236 1156 295 1210 εἰη
336 1153 359 1203 6
394 1152 575 1203 τούτου
624 1145 917 1220 διάδοχος
960 1146 1035 1221 ἐφ’
1066 1148 1127 1201 οὗ
1165 1153 1254 1201 καὶ
1295 1151 1325 1208 η
1377 1153 1587 1222 πέμπτη
1637 1153 1794 1207 συνὴ-

236 1244 412 1318 θροιστο
448 1234 668 1300 σύνοδος
704 1246 806 1290 τῶν
852 1236 949 1313 ρξε’
996 1237 1158 1310 ἁγίων
1212 1242 1474 1314 Πατίρων,
1517 1240 1587 1301 ὡς
1626 1237 1793 1305 ,εἰπεῖν

237 1332 440 1403 ἔφθημεν,
490 1328 629 1379 κατά
677 1345 735 1379 τε
787 1332 878 1379 τοῦ
938 1326 1235 1399 Ὠριγένους
1290 1330 1381 1379 καὶ
1436 1335 1535 1378 τῶν
1589 1325 1796 1378 ἀλλοκό-

235 1439 316 1473 των
363 1415 539 1470 ἑκείνου
586 1412 753 1478 δοξῶν
799 1419 891 1469 καὶ
942 1423 1040 1467 τῶν
1092 1413 1478 1492 πρεσϐευόντων
1533 1418 1601 1468 τὰ
1663 1413 1794 1468 ἐκεί-

238 1529 326 1572 νου,
368 1502 586 1579 Διδύμου
617 1509 704 1557 καὶ
741 1503 1018 1578 Εὐαγρίου,
1062 1507 1249 1566 οἵτινες
1298 1513 1399 1557 τῶν
1439 1503 1631 1578 ψυχῶν
1671 1523 1795 1579 προ·-

239 1596 422 1670 ὖπαρξιν
469 1589 840 1667 ἐδογμάτιζον,
888 1598 977 1646 καὶ
1012 1593 1169 1655 ’τέλος
1232 1602 1329 1656 τῆς
1392 1592 1654 1654 κολάσεως
1699 1592 1799 1645 ἔλε-

241 1705 332 1756 γον,
368 1689 447 1736 καὶ
486 1691 584 1737 τῶν
627 1679 891 1755 δαιμόνων
936 1682 1003 1743 εἰς
1046 1685 1104 1734 τό
1150 1681 1376 1758 ἀρχαῖον
1423 1680 1799 1735 ἀποκατάστα-

244 1793 331 1840 σιν,
377 1777 456 1825 καὶ
498 1775 643 1845 ἔτερα
692 1771 923 1824 πλείονα·
973 1769 1100 1823 ἀλλὰ
1151 1776 1241 1824 καὶ
1284 1776 1372 1824 τόν
1429 1770 1802 1842 Μοψουεστίας

1916 1770 2156 1826 Nestorii
2177 1770 2514 1829 doctrinam
2537 1778 2888 1844 sectantem,
2917 1778 3212 1848 praesente
3239 1774 3302 1832 in
3327 1770 3565 1847 synodo
3608 1790 3611 1793 ·

246 1859 475 1938 Θεόδωρον
516 1864 579 1914 τὰ
626 1865 918 1936 Νεστορίου
976 1867 1295 1936 φρονοῦντα·
1353 1865 1603 1937 παρόντος
1649 1859 1696 1913 ἐν

250 1953 423 2029 συνόδῳ
475 1962 561 2009 τοῦ
625 1953 893 2029 βασιλέως
968 1955 1338 2009 Ἰουστινιανοῦ
1409 1959 1502 2008 καὶ
1556 1953 1803 2010 συνευδο-

250 2054 428 2108 κοῦντος
472 2046 542 2107 οἷς
580 2047 630 2097 οἱ
684 2046 815 2099 θεῖοι
871 2048 1089 2119 Πατέρες
1142 2043 1385 2116 θεοφιλῶς
1432 2041 1802 2117 ἕδογμάτιζον.

310 2134 368 2205 γ’.
419 2134 541 2188 Ἀλλ’
585 2135 1000 2206 οὔπω-συχνῶς
1053 2135 1405 2207 παριππεύκει
1453 2137 1655 2209 καιρὸς,
1714 2138 1805 2187 καὶ

256 2225 279 2275 6
331 2231 418 2277 τῶν
470 2223 699 2284 ζιζανίων
768 2225 989 2296 evropa);
1054 2218 1278 2295 δαίμων,
1347 2226 1442 2281 τὴν
1504 2222 1804 2276 εὐστάθειαν

261 2315 340 2363 καὶ
380 2314 674 2364 κατάστασιν
722 2320 815 2372 τῆς
863 2310 1175 2372 Ἐκκλησίας
1232 2307 1496 2384 μηδαμῶς
1529 2313 1653 2385 όρᾷν
1697 2311 1808 2365 ἆνε-

271 2404 482 2471 χόμινος,
512 2409 608 2461 τοῖς
643 2403 840 2475 σαθροῖς
883 2397 1149 2472 δόγμασιν
1176 2419 1191 2435 ο
1234 2402 1406 2476 ὥσπερ
1455 2405 1568 2454 τίσὶ
1627 2422 1806 2476 μηχαο

278 2495 373 2549 ναῖς
419 2485 730 2543 διασαλεῡσαι
786 2493 971 2549 ταύτην
1033 2494 1121 2543 καὶ
1185 2490 1492 2544 καταϐαλεῖν
1553 2498 1808 2566 πειρώμε-

270 2595 360 2643 νος,
405 2575 702 2651 βλασφημεῖν
748 2598 887 2641 τινας
937 2578 1199 2633 ἀνέπεισεν
1248 2581 1319 2642 ὡς
1366 2579 1416 2632 ἓν
1454 2585 1808 2655 προσχήματι

261 2664 504 2736 εὐσεϐείας,
546 2669 620 2720 ὅτι
664 2670 694 2726 ἡ
738 2668 797 2721 ἐκ
834 2677 931 2730 τῆς
980 2667 1131 2741 ἁγίας
1178 2670 1440 2743 Παρθένου
1480 2678 1553 2741 τῷ
1592 2677 1809 2744 Χριστῷ

254 2754 603 2829 προσληφθεῖσα
666 2757 799 2832 σὰρξ
845 2761 947 2833 πρὸ
993 2765 1086 2811 τοῦ
1137 2759 1339 2820 πάθους
1408 2760 1638 2835 άθαρτος
1704 2756 1803 2818 ἧν·

252 2849 326 2895 καὶ
368 2852 451 2896 τοῦ
495 2844 744 2919 βασιλέως
789 2854 853 2920 τῇ
907 2844 1120 2919 ἀσεϐείᾳ
1168 2854 1259 2900 τοῦ
1320 2843 1583 2921 δόγματος
1634 2848 1810 2920 ὑπαχ-

254 2931 408 3004 θέντος,
471 2935 790 3008 καθαιρειται
853 2953 946 2987 του
1006 2936 1188 3007 θρόνου
1244 2939 1333 2989 καὶ
1392 2933 1727 2988 ἀπελαύνεται
1783 2934 1809 2986 ὁ

245 3024 381 3091 μέγας
426 3022 704 3095 Εὗτύχιος,
760 3026 818 3076 τό
877 3019 1131 3084 δυσσεϐες
1181 3030 1274 3076 τοῦ
1312 3023 1682 3098 προϐλήματος
1724 3022 1809 3087 ἐξ·

244 3107 461 3182 ελέγχων,
522 3116 617 3166 Καὶ
671 3114 698 3164 6
911 3113 1180 3187 ὑπερόριος
1245 3116 1445 3183 γίνεται
1510 3113 1582 3176 εἰς
1645 3112 1809 3186 ’Δμά-

239 3217 380 3267 σειαν,
420 3202 537 3253 ἔνθα
564 3206 658 3255 καὶ
684 3210 779 3262 τῆς
818 3199 1054 3260 ἆσκητοῦ
1094 3199 1305 3275 ἀγωγῆς
1348 3204 1520 3274 εἴχετο
1544 3222 1559 3236 ο
1600 3200 1810 3255 ἀντεισ-

237 3287 393 3359 άγεται
436 3286 493 3342 δὲ
540 3292 890 3365 πατριάρχης
944 3292 970 3342 ό
1034 3288 1137 3343 ἀπό
1197 3289 1564 3363 σχολαστικῶν
1629 3291 1813 3345 Ἰωάν-

230 3396 326 3443 νης,
348 3377 672 3452 ’Δντιοχείας
696 3379 765 3431 ὧν
804 3377 1222 3455 ἆποκρισιάριος.

289 3462 350 3519 δ’.
397 3472 623 3541 Λέγεται
679 3465 739 3521 δὲ
806 3468 1177 3532 Ἰουστινιανός
1224 3470 1369 3543 παρὰ
1412 3476 1513 3523 τῶν
1568 3469 1636 3522 τὰ
1694 3485 1810 3522 κατ⁹

223 3552 361 3608 αὑτὸν
426 3561 873 3631 συγγεγραφότων
949 3565 1196 3611 τοσοῦτον
1266 3558 1471 3632 θεοφιλῆ
1554 3561 1667 3634 ἔρον
1743 3557 1812 3619 εἰς

222 3646 297 3695 τόν
340 3650 568 3720 Χριστόν
618 3650 839 3720 τρέφειν,
890 3648 1081 3710 ὁπόσος
1133 3644 1307 3701 οὐδενὶ
1352 3656 1454 3701 τῶν
1499 3651 1600 3723 πρό
1649 3647 1810 3701 αὐτοῦ

217 3751 264 3785 τε
304 3739 388 3787 καί
427 3736 541 3809 μετ’
585 3735 743 3789 αὐτόν
788 3733 999 3809 βασιλεί
1047 3739 1178 3810 μετὰ
1222 3755 1283 3809 γε
1314 3739 1402 3789 τόν
1442 3735 1490 3789 ἐν
1529 3735 1811 3811 βασιλεῦσι

214 3828 577 3897 τρισμέγιστον
676 3832 1061 3878 Κωνσταντίνον
1147 3824 1590 3902 ἐπιμαρτύρεται·
1679 3826 1812 3880 ὥστε

212 3918 289 3966 καὶ
328 3914 491 3968 πολλὰ
538 3922 650 3969 τῶν
696 3912 886 3988 βιαίων
935 3910 1008 3968 δι’
1054 3915 1208 3968 αὐτόν
1248 3915 1517 3989 εἰργάζετο
1542 3937 1556 3950 ο
1606 3918 1724 3977 τούς
1755 3934 1811 3968 τε

212 4004 300 4078 γὰρ
352 4008 690 4081 Σαμαρείτας
752 4011 844 4065 τῆς
910 4004 1099 4066 οἰκείας
1151 4006 1396 4081 αἱρέσεως
1451 4010 1523 4079 μὴ
1584 4004 1809 4077 ἀφιστα-

208 4094 377 4163 μένους
442 4098 709 4155 παντοίως
773 4091 1022 4161 ἐκάκωσε,
1084 4098 1175 4147 καὶ
1238 4098 1356 4158 τοὺς
1390 4093 1686 4171 ⁸Ἐϐραίους
1751 4092 1809 4147 οὔ

213 4182 480 4259 ξυνεχώρει
524 4187 591 4237 τὸ
636 4179 777 4236 ἴδιον
824 4186 1024 4257 Πάσχα
1065 4188 1166 4258 πρὸ
1218 4193 1317 4237 τῶν
1361 4192 1692 4260 Χριστιανῶν
1732 4184 1812 4237 ἐκ·

212 4270 371 4340 τελεῖν,
418 4277 511 4327 καὶ
551 4280 623 4346 τῇ
667 4280 765 4325 τῶν
808 4269 1311 4347 Ἀφθαρτοδοκητῶν
1352 4271 1479 4347 δόξῃ
1516 4277 1807 4348 προσέσχε,

208 4365 268 4431 μὴ
320 4360 635 4435 ἑμϐαθύνων
684 4368 759 4431 τῷ
804 4357 1055 4435 δόγματι,
1110 4371 1174 4437 τῇ
1220 4359 1280 4416 δὲ
1333 4367 1576 4436 σημασίᾳ
1612 4371 1702 4424 τῆς
1733 4362 1811 4415 λέ‹

1892 536 2279 578 carnasseum
2303 524 2359 576 et
2387 523 2686 593 Zopyrum
2716 527 2773 580 et
2789 524 3163 591 Anthimum,
3186 529 3407 582 uicum
3425 524 3545 583 illis

1893 610 2237 668 concordes.
2257 611 2515 682 Byzantii
2533 611 2732 669 adhuc
2750 629 3115 672 conversans
3128 613 3548 672 sanctissimus

1895 704 2194 772 Agapetus
2211 714 2563 772 supremum
2583 700 2742 758 diem
2765 702 2932 771 obiit,
2960 706 3161 761 Menas
3180 706 3384 761 tamen
3412 719 3552 761 sex-

1895 787 2092 844 decim
2108 804 2301 845 annos
2331 788 2481 846 rexit
2504 789 2847 858 Ecclesiam,
2881 797 2940 850 et
2958 797 3233 850 mortuus
3255 798 3363 850 est.
3390 795 3552 851 Tunc

1896 876 1960 933 in
1989 878 2399 951 episcopalem
2446 894 2619 935 novm
2660 882 2865 938 Romae
2901 882 3108 939 sedem
3138 882 3425 940 suffectus
3460 886 3555 939 est

1898 966 2250 1039 Eutychius,
2309 972 2373 1024 ut
2427 967 2633 1026 divina
2682 969 3038 1028 revelatione
3083 971 3301 1029 beatus
3350 973 3553 1029 Menas

1898 1055 2275 1128 praedixerat.
2307 1057 2435 1122 Quo
2466 1057 2888 1132 episcopatum
2928 1064 3191 1132 gerente,
3221 1063 3559 1121 convocata

1898 1150 1993 1203 est
2020 1146 2231 1220 quinta
2255 1146 2546 1218 synodus,
2575 1151 2640 1204 ut
2668 1149 2837 1222 prius
2867 1149 3155 1221 diximus,
3184 1155 3425 1208 centum
3457 1166 3561 1209 sex

1902 1239 1960 1292 et
1984 1235 2297 1305 sexaginta
2317 1238 2575 1303 Patrum,
2605 1242 2815 1295 contra
2841 1240 3154 1309 Origenem
3177 1245 3235 1297 et
3255 1239 3558 1298 absurdae

1904 1325 2033 1395 ejus
2064 1324 2383 1397 opiniones
2428 1330 2484 1382 et
2512 1342 2615 1382 eos
2645 1327 2753 1400 qui
2780 1328 2912 1400 ejus
2950 1328 3286 1386 doctrinam
3317 1329 3557 1400 docent,

1904 1412 2232 1485 Didymum
2278 1418 2334 1470 et
2372 1415 2713 1488 Evagrium,
2743 1416 2851 1489 qui
2891 1417 3235 1474 animarum
3275 1417 3559 1491 praeexsi-

1904 1503 2185 1559 stantiam
2215 1504 2649 1576 praedicabant,
2676 1510 2735 1562 et
2758 1520 3080 1579 poenarum
3116 1508 3325 1578 ﬁnem,
3356 1512 3414 1565 et
3436 1507 3562 1564 dae-

1904 1606 2157 1647 monum
2214 1591 2275 1647 in
2331 1593 2653 1666 pristinum
2709 1600 2933 1652 statum
2996 1596 3456 1668 restitutionem,
3506 1599 3566 1653 et

1906 1680 2098 1739 multa
2126 1682 2245 1738 alia
2276 1701 2289 1751 ;
2325 1683 2434 1739 sed
2466 1688 2521 1740 et
2550 1690 2758 1742 contra
2798 1685 3178 1743 Theodorum
3210 1690 3564 1760 Mopsuestm

1908 1858 2271 1931 imperatore
2307 1860 2645 1919 Justiniano
2686 1867 2744 1919 et
2776 1862 3065 1920 doctrinis
3096 1862 3360 1936 favente,
3409 1877 3569 1937 quas

1909 1947 2094 2005 divini
2125 1949 2327 2007 Patres
2358 1951 2696 2008 secundum
2729 1954 2916 2008 Deum
2938 1952 3259 2010 docebant.

1983 2130 2036 2182 3.
2089 2126 2205 2183 Sed
2241 2126 2518 2183 nondum
2560 2127 2821 2185 multum
2859 2127 3171 2186 efﬂuxerat
3207 2132 3465 2206 tempus,
3509 2136 3569 2188 et

1913 2215 2279 2272 zizaniarum
2323 2217 2656 2273 seminator
2710 2216 2971 2285 daemon,
3009 2216 3244 2275 felicem
3293 2219 3567 2279 Ecclesiae

1915 2308 2135 2361 statum
2165 2309 2224 2360 et
2260 2304 2753 2378 tranquillitatem
2800 2321 2961 2376 aegre
2999 2305 3219 2372 ferens,
3272 2308 3570 2381 corruptis
3610 2312 3613 2313 ⁷
3654 2392 3657 2393 ν

1915 2393 2302 2464 dogmatibus
2328 2400 2625 2467 tanquam
2654 2395 2955 2452 machinis
2975 2412 3110 2453 eam
3137 2396 3490 2469 perturbare
3515 2402 3573 2455 et

1915 2487 2179 2541 evertere
2200 2489 2474 2555 conatus,
2502 2484 2809 2541 nonnullis
2828 2485 3135 2557 persuasit
3150 2490 3214 2542 ut
3229 2486 3344 2544 sub
3371 2486 3570 2560 specie

1914 2572 2151 2645 pietatis
2171 2573 2667 2647 blasphemarent
2680 2574 2947 2632 dicentes
2968 2590 3106 2632 eam
3122 2591 3365 2633 carnem
3385 2592 3574 2649 quam

1917 2677 1990 2718 ex
2021 2662 2405 2719 sanctissima
2424 2664 2659 2735 Virgine
2688 2662 2952 2721 Christus
2974 2669 3411 2737 assumpserat,
3436 2670 3574 2722 ante

1916 2752 2265 2826 passionem
2306 2752 2824 2825 incorruptibilem
2860 2752 3066 2810 fuisse.
3120 2757 3184 2810 Et
3213 2754 3577 2828 imperatore

1918 2841 2192 2899 doctrina
2219 2842 2335 2899 hac
2364 2842 2551 2914 impia
2580 2842 2847 2914 seducto,
2882 2859 2920 2900 a
2944 2860 3057 2900 sua
3087 2844 3228 2903 sede
3255 2843 3579 2917 deponitur

1919 2936 1976 2987 et
2001 2929 2313 3004 expellitur
2340 2946 2602 3001 magnus
2630 2931 2981 3004 Eutychius,
3010 2933 3117 3006 qui
3144 2933 3327 3005 hujus
3354 2948 3578 3007 propo-

1921 3020 2151 3076 sitionis
2198 3019 2569 3091 impietatem
2610 3020 3107 3093 reprehendebat.
3160 3022 3472 3080 Amasiam
3512 3022 3578 3081 in

1838 3134 1881 3190 ο
1920 3109 2197 3166 exsilium
2226 3109 2497 3175 mittitur,
2529 3108 2634 3165 ubi
2663 3110 2984 3167 asceticam
3025 3111 3217 3168 vitam
3267 3110 3574 3182 transegit.

1919 3199 2059 3270 Ejus
2088 3198 2152 3253 in
2180 3197 2312 3254 loco
2342 3197 2633 3254 sutﬁcitur
2674 3198 3016 3272 patriarcha
3044 3200 3298 3273 quidam
3325 3199 3415 3257 vir
3441 3215 3578 3257 eru-

1918 3287 2269 3356 ditissimus,
2302 3289 2583 3355 Joannes,
2611 3287 2937 3345 Antiochiae
2961 3289 3410 3362 apocrisiarius.

1988 3466 2043 3521 4.
2085 3463 2308 3523 Dicitur
2353 3468 2556 3523 autem
2592 3464 2966 3524 Justinianus
3003 3465 3083 3524 ab
3127 3465 3199 3524 iis
3241 3466 3348 3542 qui
3385 3466 3462 3525 de
3505 3484 3578 3527 eo

1918 3556 2285 3630 scripserunt
2331 3571 2604 3613 amorem
2649 3557 2713 3614 in
2757 3557 3056 3615 Christum
3096 3558 3342 3626 aluisse,
3381 3558 3578 3632 qualis

1916 3645 2067 3704 nulli
2112 3652 2249 3702 ante
2296 3661 2436 3703 eum
2474 3649 2532 3703 et
2570 3649 2709 3719 post
2746 3661 2886 3703 eum
2925 3647 3294 3720 imperatori,
3326 3652 3578 3722 excepto

1917 3740 2121 3793 tamen
2148 3735 2419 3791 maximo
2446 3735 2601 3791 inter
2628 3735 3020 3807 imperatores
3049 3736 3456 3803 Constantino,
3480 3736 3578 3794 tri-

1915 3824 2157 3895 buitur;
2205 3825 2290 3882 ita
2333 3829 2397 3881 ut
2432 3824 2623 3881 multa
2658 3824 2802 3883 inde
2838 3825 3131 3883 violenter
3159 3831 3447 3899 operatus
3479 3825 3572 3884 sit.

1918 3913 2111 3971 Multis
2137 3912 2337 3970 modis
2367 3913 2782 3971 Samaritanos
2800 3929 2836 3971 a
2857 3915 3102 3988 propria
3116 3915 3335 3972 haeresi
3349 3930 3471 3973 non
3486 3929 3577 3971 re-

1917 4001 2197 4059 cedentes
2226 4001 2383 4059 male
2408 4002 2639 4071 hahuit,
2664 4002 3044 4076 Hebraeisque
3074 4003 3258 4059 vetuit
3284 4018 3361 4059 ne
3391 4016 3575 4060 suum

1917 4092 2148 4149 Pascha
2163 4096 2303 4149 ante
2323 4090 2690 4149 Christianos
2711 4090 3109 4162 celebrarent;
3136 4096 3318 4166 atque
3346 4090 3575 4164 Aphar-

1917 4178 2331 4237 todocetarum
2361 4180 2574 4236 haeresi
2609 4179 2879 4248 adhaesit,
2922 4195 3046 4249 non
3082 4179 3311 4252 dogma
3337 4178 3575 4254 procul-

1919 4286 2084 4338 cans,
2144 4268 2252 4326 sed
2308 4269 2473 4325 vocis
2528 4268 2965 4341 signiﬁcatione
3030 4268 3319 4339 offensus,
3376 4285 3577 4343 neque

1922 4358 2226 4415 sustinens
2272 4357 2630 4429 hujusmodi
2688 4357 2919 4431 aliquid
2964 4357 3040 4415 de
3079 4357 3310 4416 Christo
3344 4359 3575 4416 audire.

211 4447 313 4512 ξεως
417 4448 893 4526 δριμυσσόμενος,
982 4456 1072 4504 καὶ
1151 4448 1413 4524 μηδαμῶς
1499 4449 1806 4525 ἀνεχόμενος

1923 4447 2358 4504 Duodecimum
2368 4448 2497 4518 jam
2512 4463 2739 4504 annum
2757 4446 3073 4505 exsulabat
3087 4447 3579 4521 Eulychius,cum

206 4546 421 4593 τοιοῦτόν
480 4560 539 4593 τι
606 4545 724 4614 περί
780 4547 1017 4614 Χριστοῦ
1072 4538 1431 4602 ἐνωτίζεσθαι.
1487 4537 1808 4595 Δωδέκατον.

209 4623 258 4680 δε
308 4634 506 4703 χρόνον
561 4627 617 4681 ἓν
666 4636 729 4702 τῇ
780 4631 1030 4706 ὑπερορίᾳ
1069 4628 1368 4693 τελέσαντος
1401 4630 1693 4703 Εὗτυχίου,
1735 4634 1810 4703 γί-

204 4736 330 4769 νεται
542 4716 604 4781 ἐξ
670 4714 953 4791 ἀνθρώπων
1018 4718 1044 4770 6
1098 4717 1345 4792 βασιλεὺς
1411 4720 1811 4781 Ἰουστινιανόςι

206 4806 441 4861 καταλύει
484 4803 551 4861 δέ
613 4810 702 4859 τόν
756 4804 875 4881 βίον
928 4811 1018 4860 καὶ
1075 4807 1315 4871 Ἰωάννης
1373 4810 1399 4861 ὁ
1458 4812 1812 4885 πατριάρχης.

206 4892 482 4950 Ἰουϐτίνου
558 4891 624 4949 δέ
683 4899 775 4948 καὶ
833 4894 1074 4971 Τιϐερίου
1136 4896 1220 4952 ἐπὶ
1284 4899 1352 4951 τὰ
1414 4906 1660 4974 σκῆπτρα
1721 4906 1819 4963 τῆς

209 4981 475 5055 βασιλείας
545 4985 903 5058 ἀναχθέντων,
961 4986 1211 5061 λαμπρῶς
1258 4995 1353 5051 τῆς
1414 4985 1669 5042 ἐπανόδου
1726 4994 1817 5042 καὶ

208 5068 487 5138 δεξιώσεως
546 5076 697 5149 παρά
753 5092 809 5127 τε
867 5083 968 5127 τῶν
1028 5072 1287 5149 βασιλέων
1345 5075 1515 5129 αὐτῶν
1572 5081 1660 5130 καὶ
1717 5084 1818 5130 τῶν

208 5160 246 5212 ἐν
304 5165 439 5219 τέλει
505 5167 723 5219 πάντων
786 5169 968 5236 τυχὼν
1027 5164 1287 5238 Εὖτύχιος
1357 5163 1637 5239 ἀναθέματι
1694 5169 1821 5220 καθ-

206 5252 477 5309 ποεάλλει
529 5257 659 5317 τοὺς
703 5254 966 5328 ἄφθαρτον
1024 5257 1086 5308 τό
1138 5262 1232 5308 τοῦ
1284 5259 1480 5331 Κυρίου
1531 5263 1688 5328 σῶμα
1718 5258 1819 5330 πρὸ

205 5350 286 5405 τες
329 5343 689 5406 ἀναστάσεως
744 5342 1022 5417 λέγοντας·
1082 5349 1173 5398 καὶ
1240 5346 1404 5399 θανὼν
1468 5347 1715 5405 κατετέθη
1772 5344 1821 5398 ἐν

208 5439 270 5503 τῷ
328 5435 715 5507 θυσιαστηρίῳ
785 5441 887 5486 τῶν
950 5431 1135 5506 Ἀγίων
1194 5434 1523 5490 Ἀποστόλων
1578 5442 1680 5489 τῶν
1735 5454 1824 5509 με-

205 5521 361 5592 ῖςῦων
409 5525 565 5577 κατὰ
606 5528 701 5581 τὴν
740 5518 983 5597 κρηπῖδα
1028 5530 1125 5586 τῆς
1167 5523 1318 5598 ἁγίας
1356 5524 1642 5603 τραπέζης,
1706 5526 1828 5580 ἔνθα

204 5630 368 5684 κειται
392 5612 650 5686 λείψανα.
752 5674 767 5683 ι
1110 5656 1117 5663 .
1589 5612 1598 5619 ’

1922 4554 1997 4595 ex
2020 4536 2371 4594 hominibus
2402 4536 2685 4607 migravit
2703 4536 3033 4610 imperator
3054 4537 3442 4595 lustinianus.
3467 4535 3581 4593 Ex-

1923 4628 2099 4685 cessit
2113 4645 2142 4682 e
2163 4626 2285 4684 vita
2304 4628 2632 4684 etJoannes
2650 4627 3355 4700 patriarcha.Postquam
3376 4631 3581 4684 autem

1920 4717 2186 4775 Justinus
2232 4719 2290 4772 et
2330 4715 2600 4773 Tiberius
2635 4715 2716 4772 ad
2756 4716 2987 4788 regiam
3019 4716 3373 4787 dignitatem
3397 4715 3583 4772 evecti

1924 4812 2083 4871 sunt,
2121 4804 2432 4880 splendide
2472 4809 2609 4879 post
2640 4804 2900 4863 reditum
2947 4811 3230 4879 exceptus
3257 4810 3346 4862 est
3372 4804 3446 4862 ab
3472 4804 3580 4861 im-

1924 4895 2303 4970 peratoribus
2325 4894 2673 4968 Eutychius,
2702 4895 3191 4969 anathematique
3208 4893 3461 4967 subjecit
3479 4908 3584 4952 eos

1925 4985 2031 5059 qui
2081 4984 2535 5056 incorruptibile
2588 4984 2825 5041 Domini
2862 4996 3085 5058 corpus
3136 4987 3273 5042 ante
3327 4996 3589 5041 resurre-

1927 5075 2185 5133 ctionem
2229 5090 2360 5131 esse
2404 5073 2707 5143 dicebant,
2735 5079 3133 5149 mortuusque
3159 5074 3472 5148 depositus
3501 5077 3593 5132 est

1924 5165 1989 5223 in
2018 5163 2189 5222 altari
2220 5167 2566 5221 sanctorum
2606 5178 3097 5238 magnorumque
3134 5163 3591 5240 Apostolorum,

1928 5270 2117 5329 prope
2140 5253 2535 5312 sanctissimae
2564 5270 2791 5312 mensae
2820 5253 3306 5323 fundamentum,
3338 5253 3445 5313 ubi
3476 5254 3596 5310 An-

1930 5344 2091 5402 dreae
2140 5349 2197 5402 et
2236 5342 2527 5402 Timothei
2572 5350 2631 5402 et
2681 5346 2853 5402 Lucae
2905 5348 3126 5403 sancta
3177 5343 3444 5419 reliquim
3498 5341 3599 5415 ja-

1937 5438 2093 5491 cent.

1935 5518 2189 5599 Ἀνδρίου
2254 5528 2345 5578 καὶ
2406 5524 2661 5599 Τιμοθέου
2726 5527 2819 5579 καὶ
2883 5528 3053 5579 Δουκᾶ
3111 5525 3179 5577 τὰ
3236 5520 3368 5595 ἅγια
3429 5517 3600 5575 κατά-

3619 83 3628 94 ,
3833 83 3838 88 .

3552 123 3598 161 ³-
3619 123 3644 140 μ
3697 105 3840 168 δ’ἐξ-ιζ’

3763 163 3828 180 δ’...
3851 171 3856 176 .

3600 164 3727 209 εἶ’ΐςθμ
3761 193 3792 216 ,³
3825 189 3860 224 .-r_
3891 195 3894 198 .
3921 189 3926 194 -

3574 250 3587 265 Ι
3608 224 3647 253 ’ἶ
3720 228 3769 261 ..ι’
3839 225 3900 266 ᾗ...
3933 223 3936 226 Ι

3582 276 3589 281 .
3662 272 3737 303 δλή
3768 264 3888 312 ν.-,.ι

3642 314 3647 317 “
3692 338 3695 339 ν
3728 332 3731 337 -
3786 312 3841 353 ἴῃ.
3863 321 3874 352 Ἰ
3895 329 3904 340 ι

3668 372 3677 383 ρ
3722 356 3811 413 -..ἠὲ
3852 352 3877 397 ιη

3812 444 3865 471 ἵὶ,
3907 477 3914 484 Ι

3766 496 3769 497 ⁷
3810 493 3912 533 141'.

3732 638 3735 639 ,
3806 630 3875 671 νᾳ*

3832 688 3849 719 ξι
3909 697 3918 708 ο

3826 722 3841 745 ἶ
3907 745 3936 750 ..

3820 752 3922 802 ,εἰ-

3848 808 3883 823 Γν-

3834 842 3855 855 ιτ

3891 867 3894 870 ,
3949 861 3956 868 .

3913 929 3922 938 ι

3877 951 3952 994 τε·-

3846 996 3873 1009 ,_
3949 991 3956 998 ι.

3919 1015 3950 1042 τι

3864 1058 3879 1067 ε.
3905 1059 3912 1066 .

3858 1071 3918 1096 ιιι-³

3897 1099 3930 1110 υ.
3981 1119 3992 1128 ⁸

3848 1130 3871 1143 ,ν

3838 1144 3865 1175 ".7

3931 1185 3938 1194 ι

3846 1210 3877 1235 ιν
3949 1229 3956 1234 .

3832 1240 3837 1261 Ξ
3880 1258 3928 1276 ,
3953 1257 3960 1264 ,

3864 1290 3867 1291 ⁷
3925 1283 3938 1302 ι

3830 1310 3837 1321 ν
3917 1307 3926 1318 ³
3949 1311 3952 1314 ·
3975 1317 3980 1322 .

3864 1336 3908 1365 Ag
3971 1359 3978 1362 -

3850 1376 3885 1393 κη
3907 1365 3974 1390 ’.¹··

3860 1408 3883 1435 ³.
3931 1405 3940 1434 .'
3995 1411 4002 1420 '

3868 1436 3934 1471 fx

3929 1473 3976 1500 p.4-

3911 1505 3934 1512 .-

3830 1526 3897 1556 .δ”-⁷
3941 1535 3950 1542 ι
